4124 6430
370 391 376 396 .
415 347 571 426 issi

1546 336 1916 402 ANONYMI
1961 337 2547 410 ANTIOUITATES
2588 340 2709 403 ΟΡ.

3685 342 3843 402 1222

414 498 500 534 σεν
532 477 560 531 6
593 473 769 552 Μέγας
797 479 1211 538 Κωνσταντῖνος
1236 490 1249 505 ·
1303 469 1556 546 διήρκεσε
1584 466 1642 524 δὲ
1689 469 1922 544 χρόνους
1956 464 2066 544 λβ⁸,

2204 467 2480 525 ιιαιιῐίηυε
2530 469 2776 542 Magnus
2821 470 3135 528 mdiﬂeavit
3165 489 3178 528 :
3212 471 3442 546 integer
3487 475 3681 529 autem
3717 489 3845 544 per-

418 567 584 642 μέχρι
614 567 712 634 τῆς
760 563 1038 639 βασιλείας
1088 559 1378 618 Θεοδοσίου
1429 563 1526 615 τοῦ
1559 561 1794 636 Μικρορ,
1829 559 2064 630 ’Έξωθεν

417 655 475 712 δὶ
508 654 691 710 ἵστατο
721 653 854 708 κίων
911 649 1053 728 ἔχων
1112 650 1322 723 στήλην
1370 654 1468 705 τοῦ
1518 648 1704 719 αὐτοῦ,
1752 649 1842 702 καὶ
1871 646 2068 702 τούτου

416 746 579 822 χάριν
613 745 825 819 Λέγεται
877 741 1229 812 Ἐξωκιόνον,
1281 737 1370 795 διὰ
1415 742 1510 793 τοῦ
1556 735 1657 808 ἔξω
1702 741 1799 792 τοῦ
1847 737 2067 813 τείχους

419 832 687 889 ἵστασθαι.
745 836 916 887 *Ησαν
971 828 1027 884 δὲ
1066 828 1179 885 ἐκεῖ
1227 826 1426 898 στῆλαι
1472 824 1728 882 πολλαί·
1785 827 2070 900 συνέτριψε

415 920 473 978 δὲ
519 921 715 982 ταύτας
768 921 796 975 6
849 918 1102 994 βασιλεὺς
1153 915 1490 994 Μαυρίκιος,
1541 917 1664 973 Ὂτι
1717 914 1794 977 εἷς
1846 914 1941 979 τὰς
1971 918 2060 970 νῦν

418 1010 728 1085 σωζομένας
758 1009 941 1073 κίονας
983 1008 1223 1063 ἵστανται
1278 1008 1332 1062 αἱ
1387 1006 1494 1062 ἀπὸ
1546 1003 1782 1076 Κυζίκου
1815 1001 2070 1060 ἐλθοῦσαι

419 1099 640 1172 στῆλαι.

922 1276 1056 1351 Περῖ
1085 1281 1182 1333 τοῦ
1212 1273 1574 1353 Ξηρολόφου.

491 1371 578 1427 ’Ev
609 1373 690 1442 τῷ
747 1367 1091 1444 Ξηρολόφῳ,
1144 1365 1336 1444 πρώην
1393 1365 1580 1440 Θέαμά
1619 1365 1762 1428 τινές
1820 1363 2074 1436 ἐκάλουν,

422 1457 474 1515 ἐν
533 1457 678 1529 αὐτῷ
731 1454 961 1532 κοχλίαι
1023 1456 1118 1524 ις’,
1185 1454 1276 1510 καὶ
1334 1454 1588 1517 σύνθετος
1638 1461 1928 1529 ”Αρτεμις,
1986 1454 2076 1509 καὶ

421 1545 574 1624 ἔτερα
629 1543 776 1602 ἄλλα
835 1545 913 1610 εἰς
969 1546 1067 1608 τὰς
1138 1542 1340 1620 ἀψίδας
1373 1565 1385 1579 ·
1465 1541 1695 1621 ἔσχατον
1751 1541 1809 1600 δὲ
1865 1542 2074 1616 ἐκλήθη

422 1636 602 1711 Φάρος
629 1632 1006 1705 Θεοδοσιακὸς,
1057 1636 1146 1690 καὶ
1197 1637 1265 1704 ἦν
1319 1636 1488 1710 μέχρι
1537 1633 1946 1692 Κωνσταντίνου
1976 1639 2078 1691 τοῦ

427 1723 802 1803 Κοπρωνύμου
815 1768 827 1781 .

932 1903 1038 1981 Ιερὶ
1067 1907 1166 1960 τοῦ
1205 1901 1579 1979 Τετραπύλου.

500 1995 576 2053 Τὸ
607 1991 664 2050 δὲ
705 1992 1004 2070 λέγόμενον
1048 1991 1416 2070 Τέτράπυλον,
1469 1996 1691 2068 πρῶτον
1743 1988 2079 2069 Τετράϐιλον

429 2083 672 2161 ἐλέγετο,
731 2083 864 2159 ὅπερ
918 2080 1198 2160 διήρκεσεν
1273 2079 1364 2154 ἔτη
1427 2082 1519 2158 ρξ’,
1583 2083 1751 2159 μέχρι
1809 2086 2076 2154 Ζήνωνος.

427 2174 528 2231 Ἢν
589 2171 648 2228 δέ
702 2172 872 2228 ἐκεῖσε
930 2167 1304 2227 Κουϐούκλιον
1358 2170 1538 2227 ἐπάνω
1596 2169 1792 2228 κιόνων
1854 2173 1956 2228 ὑπὸ
1984 2176 2082 2227 τοῦ

429 2261 682 2340 Μεγάλου
737 2261 1143 2317 Κωνσταντίνου
1203 2262 1437 2330 κτισθὲν,
1501 2263 1621 2316 καθ’
1669 2261 1936 2336 αμοίωσιν
1979 2269 2079 2332 τῆς

422 2353 667 2426 Ῥώμης.
725 2352 823 2406 Καὶ
882 2350 971 2406 ὅτε
1029 2373 1105 2415 εις
1158 2351 1423 2426 συγγενὴς
1485 2349 1778 2426 βασιλέως,
1829 2348 1865 2421 ἤ
1920 2352 2082 2414 αὐτὸς

430 2443 685 2510 ἀπέθανε,
737 2435 1154 2517 παρελάμϐανεν
1224 2440 1258 2510 ἠ
1315 2440 1598 2517 Αὐγοῦστα
1642 2441 1732 2495 καὶ
1783 2441 1835 2495 οἱ
1885 2462 2078 2518 συγγε-

425 2535 534 2593 νεῖς
579 2534 677 2586 τοῦ
724 2534 1018 2593 τεθνεῶτος
1090 2528 1385 2605 βασιλέως,
1444 2549 1534 2583 και
1588 2527 1848 2604 ἐθρήνουν
1910 2529 2081 2585 έκεῖσε

424 2621 516 2676 τὸν
570 2619 939 2690 τελευήσαντα
988 2613 1186 2683 ἔσωθεν
1234 2622 1331 2673 τοῦ
1386 2612 1784 2691 Κουϐουκλίου,
1836 2618 1926 2673 καὶ
1977 2621 2080 2674 ἆπ-

427 2709 586 2765 έλυον
616 2709 685 2764 τὰ
718 2706 865 2785 βῆλα
893 2708 1031 2784 πρὸς
1073 2709 1136 2763 τὸ
1189 2709 1265 2780 μὴ
1305 2707 1642 2784 είσέρχεσθαι
1753 2706 2077 2764 κατωπτεύ-

428 2820 504 2854 ειν
557 2798 750 2861 αὐτούς
806 2818 947 2866 τινα,
1001 2797 1092 2854 καὶ
1162 2793 1404 2852 κατιδίαν
1476 2795 1770 2852 ἐκόπτοντο
1827 2797 2078 2874 οῗμωγάς

431 2885 668 2966 σφοδρὰς
699 2887 789 2942 καὶ
836 2888 1068 2962 θρήνους
1119 2885 1446 2960 ποιούμευοι
1496 2881 1600 2948 ἕως
1645 2886 1801 2964 ὡρῶν
1857 2886 1908 2958 ἐξ
1944 2908 1956 2922 ·
1991 2887 2080 2942 καὶ

434 2971 617 3032 ἔκτοτε
644 2970 950 3050 ἐλάμϐανον
986 2973 1078 3031 τὸν
1127 2975 1503 3052 ἀποιχόμενον
1541 2975 1706 3051 μέχρι
1737 2979 1845 3031 τῶν
1881 2976 2080 3052 Ἀγίων

437 3063 812 3137 ’Δποστόλων,
842 3067 930 3122 καὶ
964 3062 1220 3137 ἐκήδευον
1255 3065 1438 3122 αὐτόν.

502 3333 633 3409 Ηερὶ
662 3340 762 3405 τῆς
795 3332 1092 3408 ἱσταμένης
1129 3334 1336 3404 πήκης
1365 3331 1441 3395 είς
1469 3331 1531 3387 τὸ
1563 3331 1762 3406 Σίγμα.

500 3424 563 3480 Ἦ
604 3419 662 3478 δὲ
719 3423 984 3497 ἱσταμένη
1046 3420 1223 3494 στήλη
1281 3421 1356 3485 εἲς
1403 3423 1466 3478 τὸ
1526 3421 1709 3498 Σίγμα
1765 3421 1854 3478 ἰπὶ
1903 3419 2085 3486 κίονος

436 3513 669 3589 ὑπάρχει.
698 3509 989 3568 Θεοδοσίου
1037 3516 1134 3567 τοῦ
1179 3515 1415 3588 Μικροῦ,
1462 3515 1559 3567 τοῦ
1614 3513 1737 3567 υἱοῦ
1768 3509 2084 3589 Ἀρκαδίου,

430 3599 499 3670 ἥν
552 3601 802 3677 ἀνήγειρε
842 3597 1158 3679 Χρυσάφιος
1204 3599 1488 3678 εὐνοῦχος,
1541 3601 1568 3656 6
1617 3605 1865 3675 Τζουμᾶς
1907 3602 1935 3656 ὁ
1982 3622 2086 3656 πα-

434 3688 876 3766 ρακοιμώμενος.

856 3796 984 3872 Περὶ
1026 3800 1124 3851 τοῦ
1157 3796 1345 3873 Ἀγίου
1373 3794 1668 3875 Στεφάνου.

503 3886 604 3942 Τὸν
639 3883 696 3941 δὲ
749 3887 940 3964 ’Ἃγιον
1002 3886 1297 3964 Στέφανον,
1352 3886 1443 3940 τὸν
1507 3881 1636 3941 ὄντα
1692 3885 1929 3953 πλησίον
1986 3890 2088 3941 τοῦ

436 3976 710 4053 Σίγματος
769 3978 796 4031 6
854 3975 1023 4052 μέγας
1083 3980 1482 4038 Κωνσταντῖνος
1542 3974 1849 4050 ἀνήγειρεν.
1906 3977 1963 4030 Ὀ
2032 3973 2090 4030 δὶ

435 4067 585 4121 Λέων
637 4066 666 4121 6
731 4066 985 4142 βασιλεὺς
1062 4063 1284 4136 ἐποίησε
1353 4065 1568 4140 μικρὸν,
1640 4065 1731 4119 καὶ
1787 4066 1887 4134 τὴν
1947 4063 2086 4137 ὕλην

433 4162 604 4213 πᾶσαν
661 4159 769 4211 τῶν
824 4159 1044 4232 χρυσῶν
1123 4152 1356 4230 ἀψίδων,
1416 4152 1834 4212 πολυποικίλων
1898 4153 2088 4227 λίθων,

432 4246 522 4300 καὶ
580 4243 767 4308 κίονας
813 4243 1040 4309 ἀπέθετο
1100 4245 1177 4308 είς
1231 4243 1360 4308 τοὺς
1417 4244 1640 4320 Ἀγίους
1697 4245 2092 4315 Ἀποστόλους,

433 4335 522 4390 καὶ
580 4334 707 4389 ναὸν
769 4335 1018 4408 ἀνήγειρε
1095 4332 1224 4396 τοὺς
1308 4332 1519 4409 ’Δγίους
1591 4335 1822 4398 Πάντας.
1882 4335 2092 4393 Ἐκεῖσε

435 4421 494 4480 δὲ
513 4428 686 4481 κεῖται
716 4423 806 4479 καὶ
839 4425 867 4480 6
900 4421 1048 4485 ὅσιος
1081 4423 1283 4484 Ἰσαάκ.

978 4529 1108 4604 Περὶ
1137 4533 1233 4584 τοῦ
1261 4527 1549 4587 Στουδίου.

2180 558 2415 615 duravit
2447 576 2633 616 annos
2687 560 2930 632 triginta
2981 562 3155 630 duos,
3186 563 3258 618 ad
3292 561 3609 634 imperium
3657 579 3842 634 usque

2179 647 2496 704 Theodosii
2553 648 2839 706 Junioris.
2895 650 3070 706 Extra
3119 667 3256 707 eum
3315 652 3508 708 stabat
3563 651 3842 709 columna

2181 754 2315 793 cum
2339 738 2606 808 ejusdem
2624 737 2992 794 Constantini
3017 743 3249 808 statua;
3284 740 3532 812 ideoque
3564 741 3730 797 locus
3755 741 3841 814 ip-

2182 843 2244 881 se
2275 825 2654 882 Exocionium
2690 827 2802 883 fuit
2831 827 3184 900 appellatus,
3221 830 3362 901 quia
3400 834 3562 886 extra
3598 847 3838 887 murum

2182 919 2326 970 erat.
2362 919 2645 972 Praeterea
2675 915 2796 972 illic
2827 923 2884 974 et
2913 917 3038 974 alias
3074 921 3272 976 multae
3305 924 3516 976 statuae
3544 919 3837 976 collocatae

2182 1008 2370 1071 erant,
2404 1020 2554 1076 quas
2602 1021 2810 1062 omnes
2841 1006 3125 1079 confregit
3175 1008 3514 1066 Mauricius.
3549 1008 3836 1065 Caeterum

2183 1092 2498 1165 columnis,
2525 1111 2651 1166 quas
2675 1094 2963 1152 hactenus
2996 1101 3340 1169 supersunt,
3374 1097 3664 1170 imposita)
3699 1101 3840 1155 sunt

2184 1186 2388 1240 statues
2419 1200 2489 1240 ex
2517 1185 2663 1242 urbe
2693 1184 2897 1259 Cyzico
2930 1190 3269 1259 exportata.

2799 1276 2875 1332 De
2903 1277 3223 1349 ΧθνοιορΙιο.

2258 1363 2324 1419 In
2355 1362 2708 1436 Xerolopbo,
2738 1381 2918 1436 quem
2950 1365 3120 1437 prius
3165 1367 3452 1438 Theama,
3483 1382 3588 1424 seu
3619 1371 3848 1439 specta-

2187 1452 2386 1509 culum
2420 1453 2658 1526 quidam
2709 1454 3016 1525 vocabant,
3050 1456 3290 1512 stabant
3337 1455 3586 1512 cochleae
3634 1457 3846 1512 sexdeo

2187 1543 2323 1615 cim,
2354 1546 2411 1599 et
2458 1542 2654 1598 Dianas
2686 1547 2882 1601 statua
2927 1545 3250 1618 composita
3298 1562 3364 1602 ac
3412 1544 3528 1601 alia
3577 1547 3846 1618 quaedam

2190 1649 2370 1704 super
2399 1649 2588 1688 arcus.
2627 1633 2892 1690 Tandem
2941 1651 3077 1691 vero
3127 1633 3462 1707 appellatus
3512 1639 3602 1692 est
3631 1636 3848 1692 Forum

2190 1722 2684 1793 Theodosiacum,
2735 1723 3088 1797 duravitque
3131 1725 3205 1780 ad
3239 1725 3698 1782 Constantinum
3739 1729 3852 1782 C0-

2111 1843 2161 1912 B
2194 1829 2566 1886 pronymum.

2804 1903 2880 1958 De
2927 1904 3243 1975 Tetrapylo.

2263 1991 2325 2049 Id
2360 1991 2516 2064 quod
2549 2007 2707 2048 nunc
2736 1991 3112 2065 Tetrapylum
3145 1991 3534 2064 appellamus,
3553 1992 3720 2065 prius
3751 1994 3854 2050 Te-

2192 2080 2468 2136 travilum
2520 2080 2848 2151 dicebatur,
2881 2081 3232 2148 duravitque
3287 2098 3472 2137 annos
3522 2086 3761 2138 centum
3792 2087 3851 2139 et

2192 2170 2492 2240 sexaginta
2549 2186 2739 2242 usque
2796 2171 2867 2225 ad
2924 2169 3175 2226 Zenonis
3233 2170 3574 2243 imperium.
3625 2170 3852 2228 Ibidem

2193 2259 2537 2315 cubiculum
2594 2263 2720 2314 erat
2776 2258 3070 2315 columnis
3130 2258 3458 2330 suﬂ‘ultum,
3491 2267 3523 2316 a
3561 2259 3850 2317 Constan-

2191 2348 2315 2405 tino
2347 2349 2559 2421 Magno
2591 2351 2980 2417 exstructum,
3000 2348 3072 2405 ad
3105 2348 3355 2404 formam
3385 2347 3546 2405 illius
3578 2350 3734 2420 quod
3764 2351 3855 2407 est

2193 2438 2412 2494 Romae.
2441 2437 2512 2493 Et
2541 2437 2780 2510 quando
2813 2436 3030 2509 aliquis
3061 2453 3129 2494 ex
3160 2437 3616 2508 consanguineis
3664 2439 3854 2510 impe-

2191 2528 2426 2597 ratoris,
2455 2529 2547 2585 vel
2579 2528 2704 2600 ipse
2753 2528 3074 2602 imperator
3123 2529 3466 2599 decedebat,
3500 2529 3632 2602 ipsa
3659 2529 3854 2603 Augu-

2194 2624 2286 2674 sta
2315 2635 2434 2674 una
2478 2634 2614 2674 cum
2664 2615 3127 2690 consanguineis
3176 2617 3436 2674 defuncti
3476 2617 3853 2691 imperatoris

2194 2711 2508 2778 antequam
2552 2707 2732 2762 funus
2780 2706 3107 2772 efferretur,
3141 2706 3380 2780 lugebat
3427 2710 3731 2762 mortuum
3761 2705 3853 2761 in-

2191 2800 2282 2852 tra
2313 2795 2676 2863 cubiculum,
2710 2796 2984 2852 obductis
3014 2796 3183 2867 velis,
3217 2811 3288 2852 ne
3323 2795 3457 2868 quis
3487 2795 3715 2867 ingredi
3751 2799 3854 2852 aut

2193 2885 2346 2941 intro
2395 2885 2620 2958 spicere
2668 2890 2904 2957 posset;
2958 2885 3042 2941 ita
3089 2885 3364 2958 privatim
3410 2884 3492 2940 ibi
3547 2883 3850 2957 planctum

2194 2977 2467 3049 agebant,
2509 2993 2757 3048 magnos
2807 2975 3064 3049 gemitus
3113 2981 3290 3049 atque
3319 2977 3494 3032 ﬂetus
3545 2993 3732 3048 usque
3781 2977 3854 3033 ad

2195 3081 2296 3122 sex
2325 3065 2608 3121 horarum
2638 3065 2899 3137 spatium
2930 3066 3191 3134 edentes,
3224 3065 3433 3122 exinde
3461 3066 3641 3122 funus
3672 3065 3855 3123 comi-

2193 3154 2473 3210 tabantur
2503 3155 2574 3210 ad
2606 3155 2894 3226 templum
2947 3155 3042 3211 SS.
3076 3154 3520 3227 Apostolorum,
3552 3171 3618 3212 ac
3645 3155 3728 3212 ibi
3758 3171 3856 3210 ca-

2115 3223 2158 3290 C
2198 3245 2373 3300 daver
2393 3223 2777 3316 sepeliebant.

2516 3338 2590 3392 De
2615 3340 2829 3393 statuta
2860 3351 2984 3408 qua
3014 3338 3074 3392 in
3104 3337 3292 3408 Sigma
3325 3339 3529 3392 exstat.

2268 3424 2331 3478 In
2363 3422 2592 3494 porticu
2625 3423 2718 3478 cui
2774 3438 2986 3478 nomen
3034 3421 3238 3495 Sigma
3291 3421 3610 3478 Theodosii
3655 3424 3856 3480 statua

2194 3511 2476 3580 Junioris,
2533 3511 2634 3567 filii
2667 3511 2902 3568 Arcadii
2955 3511 3243 3569 columnae
3294 3511 3573 3585 imposita
3617 3511 3852 3582 visitur,

2197 3617 2376 3672 quam
2435 3600 2617 3658 erexit
2667 3600 3071 3675 Chrysaphius
3137 3601 3449 3659 eunuchus
3505 3600 3856 3674 cognomine

2199 3694 2434 3759 Zumas,
2469 3690 2790 3748 accubitor.

2724 3799 2798 3854 De
2825 3801 3013 3854 sancto
3039 3796 3338 3870 Stephano.

2270 3889 2469 3945 [ﬁdem
2522 3892 2578 3942 S.
2618 3887 2906 3960 Stephani
2956 3903 3136 3960 prope
3185 3887 3388 3960 Sigma
3434 3887 3858 3945 Constantinus

2199 3978 2450 4050 Magnus
2499 3976 2806 4034 exstruxit.
2860 3980 3185 4050 Imperator
3215 3993 3348 4032 vero
3397 3978 3510 4033 Leo
3541 3979 3615 4034 ad
3663 3977 3856 4034 mino-

2200 4085 2324 4126 rem
2358 4070 2602 4125 formam
2636 4068 2883 4142 redegit,
2914 4083 3271 4141 omnemque
3301 4068 3610 4125 materiam
3652 4084 3722 4124 ex
3751 4084 3857 4124 au-

2201 4157 2316 4216 reis
2349 4159 2606 4215 arcubus
2635 4163 2693 4214 et
2721 4158 2868 4214 varii
2900 4157 3111 4216 coloris
3141 4157 3529 4230 lapidibus,et
3553 4157 3860 4216 columnas
3974 4226 3975 4229 η

2200 4249 2273 4306 ad
2305 4249 2405 4306 SS.
2439 4247 2748 4321 Apostolos
2779 4247 3110 4318 transtulit,
3163 4251 3222 4304 et
3248 4248 3537 4322 templum
3579 4246 3860 4305 Omnium

2201 4340 2549 4396 Sanctorum
2596 4339 2876 4395 condidit.
2927 4339 3153 4395 Ibidem
3204 4356 3342 4397 vero
3391 4339 3673 4413 depositae
3719 4341 3863 4396 sunt

2202 4429 2465 4503 reliquiae
2498 4429 2555 4485 S.
2591 4429 2816 4486 Isaacii.

2868 4537 2944 4592 De
2969 4536 3182 4594 Studia.

505 4622 585 4676 Τὰ
615 4618 674 4676 δὲ
704 4617 970 4676 Στουδίου
1023 4585 1199 4674 ἔκτισε
1256 4616 1522 4682 Στούδιος
1565 4618 1852 4695 πατρίκιος
1890 4620 1942 4676 ἐν
1974 4629 2082 4687 τοῖς

2273 4627 2466 4684 Studii
2495 4626 2923 4683 monasterium
2955 4585 3202 4683 Studius
3235 4627 3520 4700 patricius
3551 4626 3862 4685 aedificavit

436 4709 664 4788 χρόνοις
710 4714 809 4766 τοῦ
864 4706 1250 4782 Λευμακὲλου,
1302 4706 1356 4763 ἐν
1415 4709 1462 4780 ᾧ
1519 4708 1905 4786 προσεκύρωσε
1959 4715 2096 4785 κτή-

443 4821 583 4876 ματα
612 4799 820 4871 πολλὰ,
849 4798 941 4854 καὶ
971 4802 1190 4876 πρῶτον
1226 4797 1501 4876 μοναχοὺς
1531 4798 1779 4870 ἐποίησε.

846 4978 977 5055 Περῖ
1003 4981 1101 5034 τοῦ
1125 4977 1312 5055 Ἀγίου
1339 4976 1675 5053 Διομήδους.

507 5072 604 5126 Τὸν
639 5068 698 5126 δὲ
724 5071 918 5146 νΛγιον
953 5064 1235 5141 Διομηὸήν
1286 5065 1494 5124 ἔκτισεν
1539 5069 1567 5123 6
1598 5069 1781 5146 Μέγας
1809 5076 2098 5128 Κωνσταν-

435 5166 586 5224 τῖνος
620 5177 634 5193 ⁶
670 5162 699 5216 6
757 5156 816 5215 δὲ
863 5154 1148 5219 Βασίλειος
1195 5158 1228 5212 ἀ
1282 5155 1546 5214 Μακεδὼν
1576 5158 1834 5235 ἀνήγειρε
1875 5164 2100 5234 τοῦτον,

436 5251 527 5306 καὶ
591 5247 960 5318 ἐκαλλώπισε,
1021 5247 1110 5301 καὶ
1158 5247 1528 5323 ἀπεχαρίσατο
1575 5250 1831 5323 κτήματα
1887 5249 2098 5322 πολλὰ,

442 5339 530 5398 διὰ
551 5353 617 5398 τό
642 5341 742 5412 τὴν
775 5337 1035 5397 ὀπτασίαν
1066 5343 1169 5408 τῆς
1200 5332 1481 5404 ϐασιλείας
1504 5338 1680 5396 ἐκεῖσε
1711 5338 1866 5399 ἰδεῖν.

441 5539 572 5615 Περὶ
660 5542 768 5595 τῶν
851 5535 1202 5615 Ἐλεφάντων
1256 5537 1420 5615 ῌτῶν
1495 5535 1799 5611 ἱσταμένων
1895 5536 2102 5596 ἄνωθεν

963 5607 1066 5679 τῆς
1092 5612 1316 5682 Χρυσῆς
1343 5607 1573 5685 πόρτης.

516 5701 588 5759 Δὶ
619 5697 678 5758 δέ
703 5698 900 5774 στῆλαι
928 5701 1036 5757 τῶν
1096 5695 1440 5778 Ἐλεφάντων
1491 5699 1591 5772 τῆς
1633 5703 1860 5778 Χρυσῆς
1891 5700 2104 5781 πόρτης

2202 4723 2467 4790 tempore
2552 4715 2761 4772 Leonis
2837 4716 3090 4786 Macelas,
3161 4716 3555 4790 plurimisque
3651 4715 3861 4773 ditavit

2205 4805 2707 4881 possessionibus,
2759 4821 2824 4862 ac
2883 4807 3114 4878 primus
3171 4806 3253 4863 ibi
3313 4805 3634 4863 monachos
3691 4806 3862 4863 insti-

2275 4915 2338 4952 ιι.

2204 4901 2338 4954 tuit.

2241 4999 2265 5018 ο
2730 4986 2804 5042 De
2830 4995 3022 5042 sancto
3053 4985 3343 5042 Diomede.

2275 5075 2693 5133 Monasterium
2727 5075 2913 5131 sancti
2959 5075 3254 5131 Diomedis
3286 5075 3550 5132 condidit
3577 5075 3866 5132 Constan-

2206 5166 2370 5224 tinus
2413 5166 2700 5240 Magnus;
2735 5163 2988 5220 Basilius
3018 5181 3152 5220 vero
3202 5166 3438 5222 Macedo
3492 5165 3867 5231 restauravit,

2209 5254 2554 5328 ornavitque
2600 5270 2666 5310 ac
2698 5252 2908 5310 multis
2940 5252 3422 5326 possessionibus
3469 5252 3872 5327 locupletavit,

2209 5361 2276 5402 eo
2309 5344 2465 5417 quod
2499 5343 2622 5399 illic
2651 5341 2960 5399 oraculum
3015 5342 3086 5398 de
3119 5343 3318 5398 futuro
3350 5343 3600 5416 imperio
3630 5359 3875 5416 accepe-

2212 5438 2322 5491 rat.

2213 5540 2288 5598 De
2318 5537 2753 5612 Elephantorum
2779 5539 2981 5595 statui:
3015 5554 3200 5666 ..ἷᾳρνα
3243 5545 3464 5613 portam
3504 5541 3745 5598 Auream
3769 5555 3872 5611 po-

2971 5627 3022 5666 ει
3050 5627 3121 5666 ιε.

2971 5627 3121 5668 um.

2289 5703 2507 5763 Statuas
2537 5699 2987 5777 elephantorum
3019 5704 3197 5778 porte
3227 5703 3428 5760 Aurea
3454 5702 3705 5761 advectas
3730 5703 3873 5759 sunt
