  <div class='ocr_page' id='page_1' title='image "/cluster/home/n/w/nwhite01/storage/ocr_20150623/122:no.2/coo.31924054870278/619.png"; bbox 0 0 4124 6394; ppageno 0'>
   <div class='ocr_carea' id='block_1_1' title="bbox 357 362 514 423">
    <p class='ocr_par' dir='ltr' id='par_1_1' title="bbox 357 362 514 423">
     <span class='ocr_line' id='line_1_1' title="bbox 357 362 514 423; baseline -0.013 0"><span class='ocrx_word' id='word_1_1' title='bbox 357 362 514 423; x_wconf 79' lang='grc'><strong>1223</strong></span> 
     </span>
    </p>
   </div>
   <div class='ocr_carea' id='block_1_2' title="bbox 1319 350 2826 417">
    <p class='ocr_par' dir='ltr' id='par_1_2' title="bbox 1319 350 2826 417">
     <span class='ocr_line' id='line_1_2' title="bbox 1319 350 2826 417; baseline -0.003 -1"><span class='ocrx_word' id='word_1_2' title='bbox 1319 355 1720 416; x_wconf 81' lang='lat' dir='ltr'><strong>APPENDIX</strong></span> <span class='ocrx_word' id='word_1_3' title='bbox 1767 353 1871 414; x_wconf 83' lang='lat' dir='ltr'><strong>AD</strong></span> <span class='ocrx_word' id='word_1_4' title='bbox 1917 353 2387 417; x_wconf 79' lang='lat' dir='ltr'><strong>MICHAELEM</strong></span> <span class='ocrx_word' id='word_1_5' title='bbox 2429 350 2826 413; x_wconf 84' lang='lat' dir='ltr'><strong>PSELLUM.</strong></span> 
     </span>
    </p>
   </div>
   <div class='ocr_carea' id='block_1_3' title="bbox 3630 353 3787 413">
    <p class='ocr_par' dir='ltr' id='par_1_3' title="bbox 3630 353 3787 413">
     <span class='ocr_line' id='line_1_3' title="bbox 3630 353 3787 413; baseline 0.013 -2"><span class='ocrx_word' id='word_1_6' title='bbox 3630 353 3787 413; x_wconf 75' lang='grc'><strong>1224</strong></span> 
     </span>
    </p>
   </div>
   <div class='ocr_carea' id='block_1_4' title="bbox 351 481 2004 563">
    <p class='ocr_par' dir='ltr' id='par_1_4' title="bbox 351 486 2003 563">
     <span class='ocr_line' id='line_1_4' title="bbox 351 486 2003 563; baseline -0.005 -13"><span class='ocrx_word' id='word_1_7' title='bbox 351 494 599 550; x_wconf 75' lang='lat' dir='ltr'><strong>Athenis</strong></span> <span class='ocrx_word' id='word_1_8' title='bbox 644 509 712 548; x_wconf 86' lang='lat' dir='ltr'><strong>ex</strong></span> <span class='ocrx_word' id='word_1_9' title='bbox 757 489 977 563; x_wconf 87' lang='lat' dir='ltr'><strong>templo</strong></span> <span class='ocrx_word' id='word_1_10' title='bbox 1023 489 1247 558; x_wconf 84' lang='lat' dir='ltr'><strong>Martis,</strong></span> <span class='ocrx_word' id='word_1_11' title='bbox 1281 505 1313 543; x_wconf 89' lang='lat' dir='ltr'><strong>a</strong></span> <span class='ocrx_word' id='word_1_12' title='bbox 1361 487 1692 544; x_wconf 88' lang='lat' dir='ltr'><strong>Theodosio</strong></span> <span class='ocrx_word' id='word_1_13' title='bbox 1739 486 2003 552; x_wconf 88' lang='lat' dir='ltr'><strong>Juniore,</strong></span> 
     </span>
    </p>
   </div>
   <div class='ocr_carea' id='block_1_5' title="bbox 2120 481 3788 563">
    <p class='ocr_par' dir='ltr' id='par_1_5' title="bbox 2120 481 3788 560">
     <span class='ocr_line' id='line_1_5' title="bbox 2120 481 3788 560; baseline 0 -22"><span class='ocrx_word' id='word_1_14' title='bbox 2120 481 2375 560; x_wconf 77' lang='grc' dir='ltr'><strong>ἤχθησαν</strong></span> <span class='ocrx_word' id='word_1_15' title='bbox 2410 482 2470 538; x_wconf 60' lang='lat' dir='ltr'><strong>ix</strong></span> <span class='ocrx_word' id='word_1_16' title='bbox 2497 486 2595 538; x_wconf 73' lang='grc' dir='ltr'>τοῦ</span> <span class='ocrx_word' id='word_1_17' title='bbox 2651 484 2781 537; x_wconf 73' lang='grc' dir='ltr'>ναοῦ</span> <span class='ocrx_word' id='word_1_18' title='bbox 2831 484 2930 537; x_wconf 76' lang='grc' dir='ltr'>τοῦ</span> <span class='ocrx_word' id='word_1_19' title='bbox 2980 484 3191 557; x_wconf 87' lang='grc' dir='ltr'><strong>’Άρεως</strong></span> <span class='ocrx_word' id='word_1_20' title='bbox 3223 481 3328 557; x_wconf 81' lang='grc' dir='ltr'><strong>ἀπὸ</strong></span> <span class='ocrx_word' id='word_1_21' title='bbox 3369 481 3608 552; x_wconf 77' lang='grc' dir='ltr'><strong>Ἀθηνῶν</strong></span> <span class='ocrx_word' id='word_1_22' title='bbox 3639 483 3788 558; x_wconf 85' lang='grc' dir='ltr'><strong>παρᾶ</strong></span> 
     </span>
    </p>
   </div>
   <div class='ocr_carea' id='block_1_6' title="bbox 351 578 2006 658">
    <p class='ocr_par' dir='ltr' id='par_1_6' title="bbox 351 578 2006 658">
     <span class='ocr_line' id='line_1_6' title="bbox 351 578 2006 658; baseline -0.007 -17"><span class='ocrx_word' id='word_1_23' title='bbox 351 586 453 658; x_wconf 87' lang='lat' dir='ltr'><strong>qui</strong></span> <span class='ocrx_word' id='word_1_24' title='bbox 505 598 743 639; x_wconf 90' lang='lat' dir='ltr'><strong>murum</strong></span> <span class='ocrx_word' id='word_1_25' title='bbox 801 584 1135 637; x_wconf 80' lang='lat' dir='ltr'><strong>terrestrem</strong></span> <span class='ocrx_word' id='word_1_26' title='bbox 1172 581 1242 634; x_wconf 91' lang='lat' dir='ltr'><strong>ad</strong></span> <span class='ocrx_word' id='word_1_27' title='bbox 1294 578 1650 634; x_wconf 86' lang='lat' dir='ltr'><strong>Blachernas</strong></span> <span class='ocrx_word' id='word_1_28' title='bbox 1695 593 1880 646; x_wconf 86' lang='lat' dir='ltr'><strong>usque</strong></span> <span class='ocrx_word' id='word_1_29' title='bbox 1909 593 2006 631; x_wconf 54' lang='lat' dir='ltr'><strong>ex-</strong></span> 
     </span>
    </p>
   </div>
   <div class='ocr_carea' id='block_1_7' title="bbox 349 667 2010 742">
    <p class='ocr_par' dir='ltr' id='par_1_7' title="bbox 349 667 2010 742">
     <span class='ocr_line' id='line_1_7' title="bbox 349 667 2010 742; baseline -0.007 -12"><span class='ocrx_word' id='word_1_30' title='bbox 349 673 581 742; x_wconf 80' lang='lat' dir='ltr'><strong>struxit,</strong></span> <span class='ocrx_word' id='word_1_31' title='bbox 641 672 796 726; x_wconf 88' lang='lat' dir='ltr'><strong>intra</strong></span> <span class='ocrx_word' id='word_1_32' title='bbox 856 670 1162 742; x_wconf 80' lang='lat' dir='ltr'><strong>sexaginta</strong></span> <span class='ocrx_word' id='word_1_33' title='bbox 1221 668 1449 724; x_wconf 88' lang='lat' dir='ltr'><strong>dierum</strong></span> <span class='ocrx_word' id='word_1_34' title='bbox 1511 667 1792 739; x_wconf 88' lang='lat' dir='ltr'><strong>spatium,</strong></span> <span class='ocrx_word' id='word_1_35' title='bbox 1835 683 2010 738; x_wconf 81' lang='lat' dir='ltr'><strong>opera</strong></span> 
     </span>
    </p>
   </div>
   <div class='ocr_carea' id='block_1_8' title="bbox 347 754 2010 830">
    <p class='ocr_par' dir='ltr' id='par_1_8' title="bbox 347 754 2010 830">
     <span class='ocr_line' id='line_1_8' title="bbox 347 754 2010 830; baseline -0.006 -10"><span class='ocrx_word' id='word_1_36' title='bbox 347 766 597 820; x_wconf 88' lang='lat' dir='ltr'><strong>duarum</strong></span> <span class='ocrx_word' id='word_1_37' title='bbox 634 760 951 816; x_wconf 77' lang='lat' dir='ltr'><strong>factionum</strong></span> <span class='ocrx_word' id='word_1_38' title='bbox 986 758 1211 830; x_wconf 80' lang='lat' dir='ltr'><strong>populi,</strong></span> <span class='ocrx_word' id='word_1_39' title='bbox 1245 774 1371 829; x_wconf 71' lang='lat' dir='ltr'><strong>quae</strong></span> <span class='ocrx_word' id='word_1_40' title='bbox 1415 755 1660 828; x_wconf 78' lang='lat' dir='ltr'><strong>singulae</strong></span> <span class='ocrx_word' id='word_1_41' title='bbox 1715 759 1844 810; x_wconf 91' lang='lat' dir='ltr'><strong>octo</strong></span> <span class='ocrx_word' id='word_1_42' title='bbox 1877 754 2010 810; x_wconf 89' lang='lat' dir='ltr'><strong>mil-</strong></span> 
     </span>
    </p>
   </div>
   <div class='ocr_carea' id='block_1_9' title="bbox 348 844 2008 917">
    <p class='ocr_par' dir='ltr' id='par_1_9' title="bbox 348 844 2008 917">
     <span class='ocr_line' id='line_1_9' title="bbox 348 844 2008 917; baseline -0.005 -9"><span class='ocrx_word' id='word_1_43' title='bbox 348 853 426 908; x_wconf 97' lang='lat' dir='ltr'><strong>lia</strong></span> <span class='ocrx_word' id='word_1_44' title='bbox 469 850 776 908; x_wconf 85' lang='lat' dir='ltr'><strong>hominum</strong></span> <span class='ocrx_word' id='word_1_45' title='bbox 810 850 1210 904; x_wconf 83' lang='lat' dir='ltr'><strong>continebant.</strong></span> <span class='ocrx_word' id='word_1_46' title='bbox 1261 847 1490 902; x_wconf 68' lang='lat' dir='ltr'><strong>Venetae</strong></span> <span class='ocrx_word' id='word_1_47' title='bbox 1521 845 1758 917; x_wconf 85' lang='lat' dir='ltr'><strong>quidem</strong></span> <span class='ocrx_word' id='word_1_48' title='bbox 1808 844 2008 899; x_wconf 86' lang='lat' dir='ltr'><strong>factio-</strong></span> 
     </span>
    </p>
   </div>
   <div class='ocr_carea' id='block_1_10' title="bbox 349 934 2007 1014">
    <p class='ocr_par' dir='ltr' id='par_1_10' title="bbox 349 934 2007 1014">
     <span class='ocr_line' id='line_1_10' title="bbox 349 934 2007 1014; baseline -0.007 -17"><span class='ocrx_word' id='word_1_49' title='bbox 349 942 444 998; x_wconf 85' lang='lat' dir='ltr'><strong>nis</strong></span> <span class='ocrx_word' id='word_1_50' title='bbox 475 941 787 1014; x_wconf 70' lang='lat' dir='ltr'><strong>praafectus</strong></span> <span class='ocrx_word' id='word_1_51' title='bbox 837 942 963 994; x_wconf 86' lang='lat' dir='ltr'><strong>erat</strong></span> <span class='ocrx_word' id='word_1_52' title='bbox 993 936 1319 1009; x_wconf 85' lang='lat' dir='ltr'><strong>Magdalas,</strong></span> <span class='ocrx_word' id='word_1_53' title='bbox 1376 935 1632 990; x_wconf 66' lang='lat' dir='ltr'><strong>Prasinae</strong></span> <span class='ocrx_word' id='word_1_54' title='bbox 1663 950 1797 989; x_wconf 87' lang='lat' dir='ltr'><strong>vero</strong></span> <span class='ocrx_word' id='word_1_55' title='bbox 1829 934 2007 988; x_wconf 81' lang='lat' dir='ltr'><strong>Char-</strong></span> 
     </span>
    </p>
   </div>
   <div class='ocr_carea' id='block_1_11' title="bbox 348 1022 2010 1102">
    <p class='ocr_par' dir='ltr' id='par_1_11' title="bbox 348 1022 2010 1102">
     <span class='ocr_line' id='line_1_11' title="bbox 348 1022 2010 1102; baseline -0.005 -16"><span class='ocrx_word' id='word_1_56' title='bbox 348 1031 468 1087; x_wconf 88' lang='lat' dir='ltr'><strong>sias</strong></span> <span class='ocrx_word' id='word_1_57' title='bbox 499 1031 628 1102; x_wconf 85' lang='lat' dir='ltr'><strong>ejus</strong></span> <span class='ocrx_word' id='word_1_58' title='bbox 660 1028 877 1096; x_wconf 82' lang='lat' dir='ltr'><strong>frater;</strong></span> <span class='ocrx_word' id='word_1_59' title='bbox 906 1026 1277 1098; x_wconf 83' lang='lat' dir='ltr'><strong>jungebatur</strong></span> <span class='ocrx_word' id='word_1_60' title='bbox 1327 1028 1520 1080; x_wconf 88' lang='lat' dir='ltr'><strong>autem</strong></span> <span class='ocrx_word' id='word_1_61' title='bbox 1555 1030 1807 1096; x_wconf 88' lang='lat' dir='ltr'><strong>utraque</strong></span> <span class='ocrx_word' id='word_1_62' title='bbox 1836 1022 2010 1078; x_wconf 88' lang='lat' dir='ltr'><strong>factio</strong></span> 
     </span>
    </p>
   </div>
   <div class='ocr_carea' id='block_1_12' title="bbox 347 1113 2011 1192">
    <p class='ocr_par' dir='ltr' id='par_1_12' title="bbox 347 1113 2011 1192">
     <span class='ocr_line' id='line_1_12' title="bbox 347 1113 2011 1192; baseline -0.005 -16"><span class='ocrx_word' id='word_1_63' title='bbox 347 1121 409 1176; x_wconf 89' lang='lat' dir='ltr'><strong>in</strong></span> <span class='ocrx_word' id='word_1_64' title='bbox 442 1123 608 1192; x_wconf 72' lang='lat' dir='ltr'><strong>porta</strong></span> <span class='ocrx_word' id='word_1_65' title='bbox 639 1117 798 1173; x_wconf 87' lang='lat' dir='ltr'><strong>dicta</strong></span> <span class='ocrx_word' id='word_1_66' title='bbox 830 1117 1189 1186; x_wconf 84' lang='lat' dir='ltr'><strong>Myriandra,</strong></span> <span class='ocrx_word' id='word_1_67' title='bbox 1217 1132 1343 1188; x_wconf 68' lang='lat' dir='ltr'><strong>quae</strong></span> <span class='ocrx_word' id='word_1_68' title='bbox 1375 1113 1522 1170; x_wconf 89' lang='lat' dir='ltr'><strong>alias</strong></span> <span class='ocrx_word' id='word_1_69' title='bbox 1553 1113 1880 1187; x_wconf 84' lang='lat' dir='ltr'><strong>Polyandra</strong></span> <span class='ocrx_word' id='word_1_70' title='bbox 1915 1129 2011 1186; x_wconf 81' lang='lat' dir='ltr'><strong>ap-</strong></span> 
     </span>
    </p>
   </div>
   <div class='ocr_carea' id='block_1_13' title="bbox 349 1201 2008 1282">
    <p class='ocr_par' dir='ltr' id='par_1_13' title="bbox 349 1201 2008 1282">
     <span class='ocr_line' id='line_1_13' title="bbox 349 1201 2008 1282; baseline -0.004 -17"><span class='ocrx_word' id='word_1_71' title='bbox 349 1208 702 1282; x_wconf 86' lang='lat' dir='ltr'><strong>pellabatur,</strong></span> <span class='ocrx_word' id='word_1_72' title='bbox 737 1207 896 1278; x_wconf 88' lang='lat' dir='ltr'><strong>quod</strong></span> <span class='ocrx_word' id='word_1_73' title='bbox 925 1206 1108 1261; x_wconf 72' lang='lat' dir='ltr'><strong>ambae</strong></span> <span class='ocrx_word' id='word_1_74' title='bbox 1143 1205 1421 1260; x_wconf 79' lang='lat' dir='ltr'><strong>factiones</strong></span> <span class='ocrx_word' id='word_1_75' title='bbox 1451 1203 1530 1258; x_wconf 91' lang='lat' dir='ltr'><strong>ibi</strong></span> <span class='ocrx_word' id='word_1_76' title='bbox 1572 1201 2008 1274; x_wconf 79' lang='lat' dir='ltr'><strong>copuiarentur.</strong></span> 
     </span>
    </p>
   </div>
   <div class='ocr_carea' id='block_1_14' title="bbox 349 1291 2010 1369">
    <p class='ocr_par' dir='ltr' id='par_1_14' title="bbox 349 1291 2010 1369">
     <span class='ocr_line' id='line_1_14' title="bbox 349 1291 2010 1369; baseline -0.005 -15"><span class='ocrx_word' id='word_1_77' title='bbox 349 1297 613 1369; x_wconf 72' lang='lat' dir='ltr'><strong>Reliquae</strong></span> <span class='ocrx_word' id='word_1_78' title='bbox 644 1312 778 1352; x_wconf 89' lang='lat' dir='ltr'><strong>vero</strong></span> <span class='ocrx_word' id='word_1_79' title='bbox 819 1298 1048 1363; x_wconf 68' lang='lat' dir='ltr'><strong>statuae,</strong></span> <span class='ocrx_word' id='word_1_80' title='bbox 1102 1311 1230 1366; x_wconf 63' lang='lat' dir='ltr'><strong>quae</strong></span> <span class='ocrx_word' id='word_1_81' title='bbox 1263 1294 1318 1349; x_wconf 93' lang='lat' dir='ltr'><strong>in</strong></span> <span class='ocrx_word' id='word_1_82' title='bbox 1372 1297 1539 1366; x_wconf 90' lang='lat' dir='ltr'><strong>porta</strong></span> <span class='ocrx_word' id='word_1_83' title='bbox 1586 1293 1775 1348; x_wconf 84' lang='lat' dir='ltr'><strong>Aurea</strong></span> <span class='ocrx_word' id='word_1_84' title='bbox 1804 1291 2010 1349; x_wconf 85' lang='lat' dir='ltr'><strong>visun-</strong></span> 
     </span>
    </p>
   </div>
   <div class='ocr_carea' id='block_1_15' title="bbox 347 1382 2011 1458">
    <p class='ocr_par' dir='ltr' id='par_1_15' title="bbox 347 1382 2011 1458">
     <span class='ocr_line' id='line_1_15' title="bbox 347 1382 2011 1458; baseline -0.004 -14"><span class='ocrx_word' id='word_1_85' title='bbox 347 1391 468 1458; x_wconf 88' lang='lat' dir='ltr'><strong>tur,</strong></span> <span class='ocrx_word' id='word_1_86' title='bbox 503 1389 706 1444; x_wconf 73' lang='lat' dir='ltr'><strong>erecta:</strong></span> <span class='ocrx_word' id='word_1_87' title='bbox 759 1385 919 1441; x_wconf 88' lang='lat' dir='ltr'><strong>fuere</strong></span> <span class='ocrx_word' id='word_1_88' title='bbox 953 1401 986 1440; x_wconf 92' lang='lat' dir='ltr'><strong>a</strong></span> <span class='ocrx_word' id='word_1_89' title='bbox 1014 1383 1224 1456; x_wconf 83' lang='lat' dir='ltr'><strong>Vigilio</strong></span> <span class='ocrx_word' id='word_1_90' title='bbox 1270 1383 1460 1455; x_wconf 88' lang='lat' dir='ltr'><strong>primo</strong></span> <span class='ocrx_word' id='word_1_91' title='bbox 1490 1400 1523 1438; x_wconf 91' lang='lat' dir='ltr'><strong>a</strong></span> <span class='ocrx_word' id='word_1_92' title='bbox 1555 1382 1795 1438; x_wconf 77' lang='lat' dir='ltr'><strong>secretis</strong></span> <span class='ocrx_word' id='word_1_93' title='bbox 1828 1385 1883 1437; x_wconf 90' lang='lat' dir='ltr'><strong>et</strong></span> <span class='ocrx_word' id='word_1_94' title='bbox 1913 1399 2011 1437; x_wconf 91' lang='lat' dir='ltr'><strong>as-</strong></span> 
     </span>
    </p>
   </div>
   <div class='ocr_carea' id='block_1_16' title="bbox 348 1471 2010 1545">
    <p class='ocr_par' dir='ltr' id='par_1_16' title="bbox 348 1471 2010 1545">
     <span class='ocr_line' id='line_1_16' title="bbox 348 1471 2010 1545; baseline -0.004 -12"><span class='ocrx_word' id='word_1_95' title='bbox 348 1481 621 1534; x_wconf 88' lang='lat' dir='ltr'><strong>tronomo</strong></span> <span class='ocrx_word' id='word_1_96' title='bbox 649 1495 662 1545; x_wconf 92' lang='lat'><strong>;</strong></span> <span class='ocrx_word' id='word_1_97' title='bbox 695 1492 811 1530; x_wconf 87' lang='lat' dir='ltr'><strong>una</strong></span> <span class='ocrx_word' id='word_1_98' title='bbox 858 1490 988 1530; x_wconf 89' lang='lat' dir='ltr'><strong>cum</strong></span> <span class='ocrx_word' id='word_1_99' title='bbox 1043 1477 1239 1529; x_wconf 85' lang='lat' dir='ltr'><strong>statua</strong></span> <span class='ocrx_word' id='word_1_100' title='bbox 1290 1474 1418 1544; x_wconf 85' lang='lat' dir='ltr'><strong>ejus</strong></span> <span class='ocrx_word' id='word_1_101' title='bbox 1466 1471 1663 1527; x_wconf 84' lang='lat' dir='ltr'><strong>uxoris</strong></span> <span class='ocrx_word' id='word_1_102' title='bbox 1713 1477 2010 1543; x_wconf 85' lang='lat' dir='ltr'><strong>coronata,</strong></span> 
     </span>
    </p>
   </div>
   <div class='ocr_carea' id='block_1_17' title="bbox 345 1562 2010 1635">
    <p class='ocr_par' dir='ltr' id='par_1_17' title="bbox 345 1562 2010 1635">
     <span class='ocr_line' id='line_1_17' title="bbox 345 1562 2010 1635; baseline -0.004 -12"><span class='ocrx_word' id='word_1_103' title='bbox 345 1566 711 1624; x_wconf 85' lang='lat' dir='ltr'><strong>extrinsecus</strong></span> <span class='ocrx_word' id='word_1_104' title='bbox 743 1568 956 1633; x_wconf 85' lang='lat' dir='ltr'><strong>stante,</strong></span> <span class='ocrx_word' id='word_1_105' title='bbox 991 1579 1122 1635; x_wconf 64' lang='lat' dir='ltr'><strong>quas</strong></span> <span class='ocrx_word' id='word_1_106' title='bbox 1156 1562 1320 1618; x_wconf 87' lang='lat' dir='ltr'><strong>urbis</strong></span> <span class='ocrx_word' id='word_1_107' title='bbox 1353 1562 1604 1634; x_wconf 81' lang='lat' dir='ltr'><strong>figuram</strong></span> <span class='ocrx_word' id='word_1_108' title='bbox 1637 1562 1835 1616; x_wconf 82' lang='lat' dir='ltr'><strong>refert.</strong></span> <span class='ocrx_word' id='word_1_109' title='bbox 1865 1562 2010 1617; x_wconf 69' lang='lat' dir='ltr'><strong>Prae-</strong></span> 
     </span>
    </p>
   </div>
   <div class='ocr_carea' id='block_1_18' title="bbox 346 1650 2007 1727">
    <p class='ocr_par' dir='ltr' id='par_1_18' title="bbox 346 1650 2007 1727">
     <span class='ocr_line' id='line_1_18' title="bbox 346 1650 2007 1727; baseline -0.004 -17"><span class='ocrx_word' id='word_1_110' title='bbox 346 1663 502 1712; x_wconf 84' lang='lat' dir='ltr'><strong>terea</strong></span> <span class='ocrx_word' id='word_1_111' title='bbox 534 1653 808 1727; x_wconf 88' lang='lat' dir='ltr'><strong>superius</strong></span> <span class='ocrx_word' id='word_1_112' title='bbox 861 1653 1229 1725; x_wconf 87' lang='lat' dir='ltr'><strong>inferiusque</strong></span> <span class='ocrx_word' id='word_1_113' title='bbox 1275 1657 1417 1706; x_wconf 89' lang='lat' dir='ltr'><strong>sunt</strong></span> <span class='ocrx_word' id='word_1_114' title='bbox 1467 1650 1582 1705; x_wconf 87' lang='lat' dir='ltr'><strong>alia</strong></span> <span class='ocrx_word' id='word_1_115' title='bbox 1627 1651 1896 1723; x_wconf 66' lang='lat' dir='ltr'><strong>quaedam</strong></span> <span class='ocrx_word' id='word_1_116' title='bbox 1933 1651 2007 1704; x_wconf 86' lang='lat' dir='ltr'><strong>si-</strong></span> 
     </span>
    </p>
   </div>
   <div class='ocr_carea' id='block_1_19' title="bbox 346 1738 2012 1816">
    <p class='ocr_par' dir='ltr' id='par_1_19' title="bbox 346 1738 2012 1816">
     <span class='ocr_line' id='line_1_19' title="bbox 346 1738 2012 1816; baseline -0.005 -15"><span class='ocrx_word' id='word_1_117' title='bbox 346 1744 608 1801; x_wconf 88' lang='lat' dir='ltr'><strong>mulacra</strong></span> <span class='ocrx_word' id='word_1_118' title='bbox 656 1759 785 1816; x_wconf 70' lang='lat' dir='ltr'><strong>qum</strong></span> <span class='ocrx_word' id='word_1_119' title='bbox 818 1742 1025 1815; x_wconf 83' lang='lat' dir='ltr'><strong>peritis</strong></span> <span class='ocrx_word' id='word_1_120' title='bbox 1081 1741 1501 1798; x_wconf 83' lang='lat' dir='ltr'><strong>accuratiorem</strong></span> <span class='ocrx_word' id='word_1_121' title='bbox 1551 1738 1822 1794; x_wconf 86' lang='lat' dir='ltr'><strong>notitiam</strong></span> <span class='ocrx_word' id='word_1_122' title='bbox 1873 1756 2012 1812; x_wconf 71' lang='lat' dir='ltr'><strong>prae-</strong></span> 
     </span>
    </p>
   </div>
   <div class='ocr_carea' id='block_1_20' title="bbox 343 1833 766 1906">
    <p class='ocr_par' dir='ltr' id='par_1_20' title="bbox 343 1833 766 1906">
     <span class='ocr_line' id='line_1_20' title="bbox 343 1833 766 1906; baseline 0 -16"><span class='ocrx_word' id='word_1_123' title='bbox 343 1835 482 1891; x_wconf 88' lang='lat' dir='ltr'><strong>bere</strong></span> <span class='ocrx_word' id='word_1_124' title='bbox 512 1833 766 1906; x_wconf 84' lang='lat' dir='ltr'><strong>possint.</strong></span> 
     </span>
    </p>
   </div>
   <div class='ocr_carea' id='block_1_21' title="bbox 2119 570 3778 648">
    <p class='ocr_par' dir='ltr' id='par_1_21' title="bbox 2119 570 3778 648">
     <span class='ocr_line' id='line_1_21' title="bbox 2119 570 3778 648; baseline -0.001 -21"><span class='ocrx_word' id='word_1_125' title='bbox 2119 570 2409 627; x_wconf 65' lang='grc' dir='ltr'>Θεοδοσίου</span> <span class='ocrx_word' id='word_1_126' title='bbox 2465 575 2561 626; x_wconf 68' lang='grc' dir='ltr'>τοῦ</span> <span class='ocrx_word' id='word_1_127' title='bbox 2620 575 2852 646; x_wconf 77' lang='grc' dir='ltr'><strong>Μικροῦ.</strong></span> <span class='ocrx_word' id='word_1_128' title='bbox 2913 574 3010 625; x_wconf 75' lang='grc' dir='ltr'>τοῦ</span> <span class='ocrx_word' id='word_1_129' title='bbox 3063 571 3349 632; x_wconf 83' lang='grc' dir='ltr'><strong>κτίσαντος</strong></span> <span class='ocrx_word' id='word_1_130' title='bbox 3399 572 3462 626; x_wconf 83' lang='grc' dir='ltr'><strong>τὸ</strong></span> <span class='ocrx_word' id='word_1_131' title='bbox 3517 578 3778 648; x_wconf 76' lang='grc' dir='ltr'><strong>χερσαῖον</strong></span> 
     </span>
    </p>
   </div>
   <div class='ocr_carea' id='block_1_22' title="bbox 2125 659 3782 737">
    <p class='ocr_par' dir='ltr' id='par_1_22' title="bbox 2125 659 3782 737">
     <span class='ocr_line' id='line_1_22' title="bbox 2125 659 3782 737; baseline -0.001 -20"><span class='ocrx_word' id='word_1_132' title='bbox 2125 662 2314 737; x_wconf 83' lang='grc' dir='ltr'><strong>τεῖχὸς</strong></span> <span class='ocrx_word' id='word_1_133' title='bbox 2379 659 2544 735; x_wconf 72' lang='grc' dir='ltr'>μέχρι</span> <span class='ocrx_word' id='word_1_134' title='bbox 2594 665 2702 715; x_wconf 81' lang='grc' dir='ltr'><strong>τῶν</strong></span> <span class='ocrx_word' id='word_1_135' title='bbox 2775 659 3099 734; x_wconf 84' lang='grc' dir='ltr'><strong>Βλαχερνῶν</strong></span> <span class='ocrx_word' id='word_1_136' title='bbox 3137 677 3150 691; x_wconf 77' lang='grc'><strong>⁸</strong></span> <span class='ocrx_word' id='word_1_137' title='bbox 3239 659 3370 732; x_wconf 79' lang='grc' dir='ltr'><strong>ὅπερ</strong></span> <span class='ocrx_word' id='word_1_138' title='bbox 3431 659 3634 715; x_wconf 81' lang='grc' dir='ltr'><strong>ἔκτισεν</strong></span> <span class='ocrx_word' id='word_1_139' title='bbox 3701 661 3782 724; x_wconf 73' lang='grc' dir='ltr'><strong>εἷς</strong></span> 
     </span>
    </p>
   </div>
   <div class='ocr_carea' id='block_1_23' title="bbox 2119 745 3784 824">
    <p class='ocr_par' dir='ltr' id='par_1_23' title="bbox 2119 745 3784 824">
     <span class='ocr_line' id='line_1_23' title="bbox 2119 745 3784 824; baseline 0 -20"><span class='ocrx_word' id='word_1_140' title='bbox 2119 751 2376 821; x_wconf 69' lang='grc' dir='ltr'>ἑξήκοντα</span> <span class='ocrx_word' id='word_1_141' title='bbox 2432 749 2664 822; x_wconf 73' lang='grc' dir='ltr'>ἡμέρας.</span> <span class='ocrx_word' id='word_1_142' title='bbox 2757 747 2996 824; x_wconf 78' lang='grc' dir='ltr'><strong>ἐχόντων</strong></span> <span class='ocrx_word' id='word_1_143' title='bbox 3081 751 3189 802; x_wconf 78' lang='grc' dir='ltr'><strong>τῶν</strong></span> <span class='ocrx_word' id='word_1_144' title='bbox 3272 745 3367 802; x_wconf 71' lang='grc' dir='ltr'><strong>δύο</strong></span> <span class='ocrx_word' id='word_1_145' title='bbox 3437 754 3618 823; x_wconf 80' lang='grc' dir='ltr'>μερῶν</span> <span class='ocrx_word' id='word_1_146' title='bbox 3671 755 3784 804; x_wconf 83' lang='grc' dir='ltr'><strong>τῶν</strong></span> 
     </span>
    </p>
   </div>
   <div class='ocr_carea' id='block_1_24' title="bbox 2121 834 3784 918">
    <p class='ocr_par' dir='ltr' id='par_1_24' title="bbox 2121 834 3784 918">
     <span class='ocr_line' id='line_1_24' title="bbox 2121 834 3784 918; baseline -0.001 -24"><span class='ocrx_word' id='word_1_147' title='bbox 2121 837 2186 910; x_wconf 73' lang='grc' dir='ltr'><strong>δή</strong></span> <span class='ocrx_word' id='word_1_148' title='bbox 2200 861 2314 912; x_wconf 91' lang='grc' dir='ltr'><strong>μων</strong></span> <span class='ocrx_word' id='word_1_149' title='bbox 2353 838 2451 893; x_wconf 77' lang='grc' dir='ltr'><strong>ἆνὰ</strong></span> <span class='ocrx_word' id='word_1_150' title='bbox 2480 834 2741 914; x_wconf 77' lang='grc' dir='ltr'>χιλιάδας</span> <span class='ocrx_word' id='word_1_151' title='bbox 2771 837 2939 906; x_wconf 80' lang='grc' dir='ltr'>ὀκτὼ,</span> <span class='ocrx_word' id='word_1_152' title='bbox 2971 834 3152 918; x_wconf 39' lang='grc' dir='ltr'><strong>,ὄντων</strong></span> <span class='ocrx_word' id='word_1_153' title='bbox 3188 834 3485 911; x_wconf 77' lang='grc' dir='ltr'><strong>δημάρχου</strong></span> <span class='ocrx_word' id='word_1_154' title='bbox 3516 836 3784 913; x_wconf 69' lang='grc' dir='ltr'><strong>Μαγδαλᾶ</strong></span> 
     </span>
    </p>
   </div>
   <div class='ocr_carea' id='block_1_25' title="bbox 2124 923 3785 1004">
    <p class='ocr_par' dir='ltr' id='par_1_25' title="bbox 2124 923 3785 1004">
     <span class='ocr_line' id='line_1_25' title="bbox 2124 923 3785 1004; baseline -0.001 -22"><span class='ocrx_word' id='word_1_155' title='bbox 2124 930 2323 1003; x_wconf 71' lang='grc' dir='ltr'>μέρους</span> <span class='ocrx_word' id='word_1_156' title='bbox 2389 932 2496 981; x_wconf 76' lang='grc' dir='ltr'><strong>τῶν</strong></span> <span class='ocrx_word' id='word_1_157' title='bbox 2555 930 2807 998; x_wconf 80' lang='grc' dir='ltr'><strong>Βενετῶν,</strong></span> <span class='ocrx_word' id='word_1_158' title='bbox 2865 927 2951 980; x_wconf 77' lang='grc' dir='ltr'>καὶ</span> <span class='ocrx_word' id='word_1_159' title='bbox 3018 927 3258 1000; x_wconf 85' lang='grc' dir='ltr'>Χαρσίου</span> <span class='ocrx_word' id='word_1_160' title='bbox 3315 923 3556 1004; x_wconf 66' lang='grc' dir='ltr'>ἀδελφοῦ</span> <span class='ocrx_word' id='word_1_161' title='bbox 3617 928 3785 981; x_wconf 69' lang='grc' dir='ltr'>αὐτοῦ</span> 
     </span>
    </p>
   </div>
   <div class='ocr_carea' id='block_1_26' title="bbox 2124 1013 3784 1092">
    <p class='ocr_par' dir='ltr' id='par_1_26' title="bbox 2124 1013 3784 1092">
     <span class='ocr_line' id='line_1_26' title="bbox 2124 1013 3784 1092; baseline -0.001 -19"><span class='ocrx_word' id='word_1_162' title='bbox 2124 1018 2320 1092; x_wconf 79' lang='grc' dir='ltr'>μὲρους</span> <span class='ocrx_word' id='word_1_163' title='bbox 2366 1021 2473 1072; x_wconf 81' lang='grc' dir='ltr'><strong>τῶν</strong></span> <span class='ocrx_word' id='word_1_164' title='bbox 2525 1017 2831 1090; x_wconf 73' lang='grc' dir='ltr'>Πρασίνωνο</span> <span class='ocrx_word' id='word_1_165' title='bbox 2877 1015 2965 1069; x_wconf 73' lang='grc' dir='ltr'>καὶ</span> <span class='ocrx_word' id='word_1_166' title='bbox 3012 1016 3199 1085; x_wconf 81' lang='grc' dir='ltr'>ἠνώθη</span> <span class='ocrx_word' id='word_1_167' title='bbox 3262 1013 3336 1076; x_wconf 73' lang='grc' dir='ltr'><strong>εἶ’ς</strong></span> <span class='ocrx_word' id='word_1_168' title='bbox 3376 1016 3476 1084; x_wconf 75' lang='grc' dir='ltr'><strong>τὴν</strong></span> <span class='ocrx_word' id='word_1_169' title='bbox 3538 1017 3784 1091; x_wconf 82' lang='grc' dir='ltr'>Μυρίαν-</span> 
     </span>
    </p>
   </div>
   <div class='ocr_carea' id='block_1_27' title="bbox 2120 1102 3783 1184">
    <p class='ocr_par' dir='ltr' id='par_1_27' title="bbox 2120 1102 3783 1184">
     <span class='ocr_line' id='line_1_27' title="bbox 2120 1102 3783 1184; baseline -0.002 -21"><span class='ocrx_word' id='word_1_170' title='bbox 2120 1106 2249 1184; x_wconf 82' lang='grc' dir='ltr'>δρον</span> <span class='ocrx_word' id='word_1_171' title='bbox 2301 1107 2510 1184; x_wconf 81' lang='grc' dir='ltr'><strong>πόρτήν</strong></span> <span class='ocrx_word' id='word_1_172' title='bbox 2577 1108 2677 1175; x_wconf 78' lang='grc' dir='ltr'><strong>τὴν</strong></span> <span class='ocrx_word' id='word_1_173' title='bbox 2737 1105 3082 1178; x_wconf 72' lang='grc' dir='ltr'><strong>καλουμένην</strong></span> <span class='ocrx_word' id='word_1_174' title='bbox 3143 1102 3494 1180; x_wconf 70' lang='grc' dir='ltr'>Πολῦανδρον</span> <span class='ocrx_word' id='word_1_175' title='bbox 3531 1126 3542 1137; x_wconf 90' lang='grc'><strong>·</strong></span> <span class='ocrx_word' id='word_1_176' title='bbox 3607 1104 3783 1170; x_wconf 72' lang='grc' dir='ltr'><strong>οὕτως</strong></span> 
     </span>
    </p>
   </div>
   <div class='ocr_carea' id='block_1_28' title="bbox 2120 1193 3779 1274">
    <p class='ocr_par' dir='ltr' id='par_1_28' title="bbox 2120 1193 3779 1274">
     <span class='ocr_line' id='line_1_28' title="bbox 2120 1193 3779 1274; baseline -0.002 -21"><span class='ocrx_word' id='word_1_177' title='bbox 2120 1198 2221 1274; x_wconf 78' lang='grc' dir='ltr'><strong>γὰρ</strong></span> <span class='ocrx_word' id='word_1_178' title='bbox 2255 1195 2462 1268; x_wconf 76' lang='grc' dir='ltr'>ἐκλήθη</span> <span class='ocrx_word' id='word_1_179' title='bbox 2499 1194 2587 1252; x_wconf 79' lang='grc' dir='ltr'><strong>διὰ</strong></span> <span class='ocrx_word' id='word_1_180' title='bbox 2613 1196 2675 1250; x_wconf 83' lang='grc' dir='ltr'><strong>τὸ</strong></span> <span class='ocrx_word' id='word_1_181' title='bbox 2725 1195 2792 1250; x_wconf 78' lang='grc' dir='ltr'><strong>τὰ</strong></span> <span class='ocrx_word' id='word_1_182' title='bbox 2838 1195 3120 1269; x_wconf 74' lang='grc' dir='ltr'>ἀμφότερα</span> <span class='ocrx_word' id='word_1_183' title='bbox 3183 1195 3322 1269; x_wconf 75' lang='grc' dir='ltr'>μέρη</span> <span class='ocrx_word' id='word_1_184' title='bbox 3369 1193 3541 1250; x_wconf 81' lang='grc' dir='ltr'>ἐκεῖσε</span> <span class='ocrx_word' id='word_1_185' title='bbox 3572 1193 3779 1265; x_wconf 81' lang='grc' dir='ltr'><strong>ἐνωθῆ-</strong></span> 
     </span>
    </p>
   </div>
   <div class='ocr_carea' id='block_1_29' title="bbox 2120 1285 3780 1358">
    <p class='ocr_par' dir='ltr' id='par_1_29' title="bbox 2120 1285 3780 1358">
     <span class='ocr_line' id='line_1_29' title="bbox 2120 1285 3780 1358; baseline -0.002 -16"><span class='ocrx_word' id='word_1_186' title='bbox 2120 1309 2224 1347; x_wconf 85' lang='grc' dir='ltr'>ναι.</span> <span class='ocrx_word' id='word_1_187' title='bbox 2315 1288 2384 1344; x_wconf 71' lang='grc' dir='ltr'><strong>Αἱ</strong></span> <span class='ocrx_word' id='word_1_188' title='bbox 2436 1285 2494 1343; x_wconf 76' lang='grc' dir='ltr'>δὲ</span> <span class='ocrx_word' id='word_1_189' title='bbox 2565 1285 2757 1342; x_wconf 85' lang='grc' dir='ltr'>λοιπαὶ</span> <span class='ocrx_word' id='word_1_190' title='bbox 2815 1286 3013 1356; x_wconf 81' lang='grc' dir='ltr'>στῆλαι</span> <span class='ocrx_word' id='word_1_191' title='bbox 3078 1287 3133 1340; x_wconf 68' lang='grc' dir='ltr'><strong>αἱ</strong></span> <span class='ocrx_word' id='word_1_192' title='bbox 3209 1286 3493 1358; x_wconf 71' lang='grc' dir='ltr'><strong>ἱστάμεναι</strong></span> <span class='ocrx_word' id='word_1_193' title='bbox 3543 1285 3619 1348; x_wconf 80' lang='grc' dir='ltr'><strong>εἷς</strong></span> <span class='ocrx_word' id='word_1_194' title='bbox 3677 1289 3780 1357; x_wconf 85' lang='grc' dir='ltr'>τήν</span> 
     </span>
    </p>
   </div>
   <div class='ocr_carea' id='block_1_30' title="bbox 2119 1373 3782 1454">
    <p class='ocr_par' dir='ltr' id='par_1_30' title="bbox 2119 1373 3782 1454">
     <span class='ocr_line' id='line_1_30' title="bbox 2119 1373 3782 1454; baseline 0 -23"><span class='ocrx_word' id='word_1_195' title='bbox 2119 1375 2357 1454; x_wconf 87' lang='grc' dir='ltr'>Χρυσίαν</span> <span class='ocrx_word' id='word_1_196' title='bbox 2418 1373 2583 1446; x_wconf 70' lang='grc' dir='ltr'>ἤκασι</span> <span class='ocrx_word' id='word_1_197' title='bbox 2680 1377 2825 1451; x_wconf 74' lang='grc' dir='ltr'><strong>παρὰ</strong></span> <span class='ocrx_word' id='word_1_198' title='bbox 2904 1373 3178 1450; x_wconf 87' lang='grc' dir='ltr'>Βιγηλίου</span> <span class='ocrx_word' id='word_1_199' title='bbox 3266 1378 3782 1451; x_wconf 79' lang='grc' dir='ltr'>πρωτοασηκρήτου</span> 
     </span>
    </p>
   </div>
   <div class='ocr_carea' id='block_1_31' title="bbox 2120 1465 3781 1543">
    <p class='ocr_par' dir='ltr' id='par_1_31' title="bbox 2120 1465 3781 1543">
     <span class='ocr_line' id='line_1_31' title="bbox 2120 1465 3781 1543; baseline -0.002 -20"><span class='ocrx_word' id='word_1_200' title='bbox 2120 1467 2208 1523; x_wconf 82' lang='grc' dir='ltr'>καὶ</span> <span class='ocrx_word' id='word_1_201' title='bbox 2258 1466 2624 1543; x_wconf 71' lang='grc' dir='ltr'>ἀστρονόμον),</span> <span class='ocrx_word' id='word_1_202' title='bbox 2662 1466 2795 1540; x_wconf 82' lang='grc' dir='ltr'><strong>μετᾶ</strong></span> <span class='ocrx_word' id='word_1_203' title='bbox 2850 1467 2939 1520; x_wconf 77' lang='grc' dir='ltr'><strong>καὶ</strong></span> <span class='ocrx_word' id='word_1_204' title='bbox 2987 1472 3087 1535; x_wconf 83' lang='grc' dir='ltr'><strong>τῆς</strong></span> <span class='ocrx_word' id='word_1_205' title='bbox 3138 1466 3392 1542; x_wconf 82' lang='grc' dir='ltr'>γυναικὸς</span> <span class='ocrx_word' id='word_1_206' title='bbox 3437 1465 3601 1520; x_wconf 73' lang='grc' dir='ltr'>αὐτοῦ</span> <span class='ocrx_word' id='word_1_207' title='bbox 3655 1468 3781 1536; x_wconf 79' lang='grc' dir='ltr'><strong>στή-</strong></span> 
     </span>
    </p>
   </div>
   <div class='ocr_carea' id='block_1_32' title="bbox 2121 1553 3778 1630">
    <p class='ocr_par' dir='ltr' id='par_1_32' title="bbox 2121 1553 3778 1630">
     <span class='ocr_line' id='line_1_32' title="bbox 2121 1553 3778 1630; baseline 0 -20"><span class='ocrx_word' id='word_1_208' title='bbox 2121 1556 2246 1628; x_wconf 72' lang='grc' dir='ltr'>λης,</span> <span class='ocrx_word' id='word_1_209' title='bbox 2278 1563 2379 1626; x_wconf 86' lang='grc' dir='ltr'><strong>τῆς</strong></span> <span class='ocrx_word' id='word_1_210' title='bbox 2409 1553 2599 1626; x_wconf 78' lang='grc' dir='ltr'><strong>ἔξωθεν</strong></span> <span class='ocrx_word' id='word_1_211' title='bbox 2629 1555 2953 1628; x_wconf 72' lang='grc' dir='ltr'><strong>ἱσταμένης,</strong></span> <span class='ocrx_word' id='word_1_212' title='bbox 3005 1554 3093 1608; x_wconf 77' lang='grc' dir='ltr'>καὶ</span> <span class='ocrx_word' id='word_1_213' title='bbox 3132 1553 3476 1630; x_wconf 71' lang='grc' dir='ltr'><strong>κατεχούσης</strong></span> <span class='ocrx_word' id='word_1_214' title='bbox 3523 1555 3616 1609; x_wconf 87' lang='grc' dir='ltr'><strong>τὸν</strong></span> <span class='ocrx_word' id='word_1_215' title='bbox 3658 1556 3778 1610; x_wconf 73' lang='grc' dir='ltr'><strong>στὲ-</strong></span> 
     </span>
    </p>
   </div>
   <div class='ocr_carea' id='block_1_33' title="bbox 2122 1641 3778 1723">
    <p class='ocr_par' dir='ltr' id='par_1_33' title="bbox 2122 1641 3778 1723">
     <span class='ocr_line' id='line_1_33' title="bbox 2122 1641 3778 1723; baseline -0.002 -22"><span class='ocrx_word' id='word_1_216' title='bbox 2122 1668 2282 1723; x_wconf 77' lang='grc' dir='ltr'>φανον</span> <span class='ocrx_word' id='word_1_217' title='bbox 2342 1645 2417 1700; x_wconf 81' lang='grc' dir='ltr'><strong>εἷς</strong></span> <span class='ocrx_word' id='word_1_218' title='bbox 2467 1644 2635 1700; x_wconf 70' lang='grc' dir='ltr'><strong>τύπον</strong></span> <span class='ocrx_word' id='word_1_219' title='bbox 2685 1649 2783 1710; x_wconf 77' lang='grc' dir='ltr'><strong>τῆς</strong></span> <span class='ocrx_word' id='word_1_220' title='bbox 2833 1642 3072 1706; x_wconf 88' lang='grc' dir='ltr'>πόλεως.</span> <span class='ocrx_word' id='word_1_221' title='bbox 3128 1646 3366 1700; x_wconf 76' lang='grc' dir='ltr'><strong>’Άνωθεν</strong></span> <span class='ocrx_word' id='word_1_222' title='bbox 3417 1641 3473 1698; x_wconf 76' lang='grc' dir='ltr'><strong>δὶ</strong></span> <span class='ocrx_word' id='word_1_223' title='bbox 3529 1645 3621 1698; x_wconf 81' lang='grc' dir='ltr'>καὶ</span> <span class='ocrx_word' id='word_1_224' title='bbox 3678 1643 3778 1698; x_wconf 73' lang='grc' dir='ltr'><strong>κᾶ-</strong></span> 
     </span>
    </p>
   </div>
   <div class='ocr_carea' id='block_1_34' title="bbox 2119 1732 3780 1807">
    <p class='ocr_par' dir='ltr' id='par_1_34' title="bbox 2119 1732 3780 1807">
     <span class='ocr_line' id='line_1_34' title="bbox 2119 1732 3780 1807; baseline -0.001 -17"><span class='ocrx_word' id='word_1_225' title='bbox 2119 1735 2288 1799; x_wconf 79' lang='grc' dir='ltr'><strong>τωθὲν</strong></span> <span class='ocrx_word' id='word_1_226' title='bbox 2350 1734 2452 1790; x_wconf 83' lang='grc' dir='ltr'><strong>εἶσι</strong></span> <span class='ocrx_word' id='word_1_227' title='bbox 2509 1734 2600 1802; x_wconf 78' lang='grc' dir='ltr'>καὶ</span> <span class='ocrx_word' id='word_1_228' title='bbox 2660 1732 2828 1788; x_wconf 78' lang='grc' dir='ltr'>λοιπᾶ</span> <span class='ocrx_word' id='word_1_229' title='bbox 2887 1733 3070 1803; x_wconf 80' lang='grc' dir='ltr'>ξόανα,</span> <span class='ocrx_word' id='word_1_230' title='bbox 3129 1734 3282 1788; x_wconf 77' lang='grc' dir='ltr'>ἅτινα</span> <span class='ocrx_word' id='word_1_231' title='bbox 3339 1734 3596 1807; x_wconf 79' lang='grc' dir='ltr'><strong>σημαίνει</strong></span> <span class='ocrx_word' id='word_1_232' title='bbox 3655 1739 3780 1796; x_wconf 86' lang='grc' dir='ltr'><strong>τοῖς</strong></span> 
     </span>
    </p>
   </div>
   <div class='ocr_carea' id='block_1_35' title="bbox 2121 1819 3019 1901">
    <p class='ocr_par' dir='ltr' id='par_1_35' title="bbox 2121 1819 3019 1901">
     <span class='ocr_line' id='line_1_35' title="bbox 2121 1819 3019 1901; baseline -0.004 -21"><span class='ocrx_word' id='word_1_233' title='bbox 2121 1826 2534 1901; x_wconf 67' lang='grc' dir='ltr'><strong>πεπειραμένοις</strong></span> <span class='ocrx_word' id='word_1_234' title='bbox 2568 1825 2666 1898; x_wconf 88' lang='grc' dir='ltr'><strong>ἆκρ</strong></span> <span class='ocrx_word' id='word_1_235' title='bbox 2678 1819 2766 1893; x_wconf 77' lang='grc' dir='ltr'>ιϐἦ</span> <span class='ocrx_word' id='word_1_236' title='bbox 2799 1824 2994 1898; x_wconf 82' lang='grc' dir='ltr'><strong>γνῶσιν</strong></span> <span class='ocrx_word' id='word_1_237' title='bbox 3007 1867 3019 1881; x_wconf 91' lang='grc'><em>,</em></span> 
     </span>
    </p>
   </div>
   <div class='ocr_carea' id='block_1_36' title="bbox 1514 2139 2614 2307">
    <p class='ocr_par' dir='ltr' id='par_1_36' title="bbox 1514 2139 2614 2307">
     <span class='ocr_line' id='line_1_36' title="bbox 1514 2139 2614 2307; baseline -0.002 -4"><span class='ocrx_word' id='word_1_238' title='bbox 1514 2139 2614 2307; x_wconf 84' lang='grc' dir='ltr'><strong>ΑΝΟΝῩΜΙ</strong></span> 
     </span>
    </p>
   </div>
   <div class='ocr_carea' id='block_1_37' title="bbox 968 2445 3151 2566">
    <p class='ocr_par' dir='ltr' id='par_1_37' title="bbox 968 2445 3151 2566">
     <span class='ocr_line' id='line_1_37' title="bbox 968 2445 3151 2566; baseline -0.004 -20"><span class='ocrx_word' id='word_1_239' title='bbox 968 2452 1134 2546; x_wconf 93' lang='lat' dir='ltr'><strong>DE</strong></span> <span class='ocrx_word' id='word_1_240' title='bbox 1223 2450 2314 2566; x_wconf 88' lang='lat' dir='ltr'><strong>ANTIQUITATIBUS</strong></span> <span class='ocrx_word' id='word_1_241' title='bbox 2395 2445 3151 2549; x_wconf 85' lang='lat' dir='ltr'><strong>CPOLITANIS</strong></span> 
     </span>
    </p>
   </div>
   <div class='ocr_carea' id='block_1_38' title="bbox 1723 2672 2398 2735">
    <p class='ocr_par' dir='ltr' id='par_1_38' title="bbox 1723 2672 2398 2735">
     <span class='ocr_line' id='line_1_38' title="bbox 1723 2672 2398 2735; baseline -0.001 0"><span class='ocrx_word' id='word_1_242' title='bbox 1723 2675 1954 2735; x_wconf 83' lang='lat' dir='ltr'><strong>LIBER</strong></span> <span class='ocrx_word' id='word_1_243' title='bbox 1994 2672 2398 2735; x_wconf 86' lang='lat' dir='ltr'><strong>SECUNDUS</strong></span> 
     </span>
    </p>
   </div>
   <div class='ocr_carea' id='block_1_39' title="bbox 508 2828 3604 2915">
    <p class='ocr_par' dir='ltr' id='par_1_39' title="bbox 508 2828 3604 2915">
     <span class='ocr_line' id='line_1_39' title="bbox 508 2828 3604 2915; baseline -0.002 -22"><span class='ocrx_word' id='word_1_244' title='bbox 508 2832 624 2906; x_wconf 86' lang='lat' dir='ltr'><strong>Qui</strong></span> <span class='ocrx_word' id='word_1_245' title='bbox 657 2833 876 2913; x_wconf 86' lang='lat' dir='ltr'><strong>incipit</strong></span> <span class='ocrx_word' id='word_1_246' title='bbox 906 2852 942 2894; x_wconf 91' lang='lat' dir='ltr'><strong>a</strong></span> <span class='ocrx_word' id='word_1_247' title='bbox 971 2835 1458 2912; x_wconf 82' lang='lat' dir='ltr'><strong>szcauisterio,</strong></span> <span class='ocrx_word' id='word_1_248' title='bbox 1489 2835 1889 2915; x_wconf 70' lang='lat' dir='ltr'><strong>Hodegetriae</strong></span> <span class='ocrx_word' id='word_1_249' title='bbox 1922 2833 2180 2895; x_wconf 77' lang='lat' dir='ltr'><strong>ecclesia</strong></span> <span class='ocrx_word' id='word_1_250' title='bbox 2210 2839 2270 2894; x_wconf 90' lang='lat' dir='ltr'><strong>et</strong></span> <span class='ocrx_word' id='word_1_251' title='bbox 2302 2831 2624 2912; x_wconf 76' lang='lat' dir='ltr'><strong>Mangauis</strong></span> <span class='ocrx_word' id='word_1_252' title='bbox 2655 2849 2727 2891; x_wconf 90' lang='lat' dir='ltr'><strong>ac</strong></span> <span class='ocrx_word' id='word_1_253' title='bbox 2762 2831 3061 2910; x_wconf 70' lang='lat' dir='ltr'><strong>pertingit</strong></span> <span class='ocrx_word' id='word_1_254' title='bbox 3094 2829 3169 2889; x_wconf 90' lang='lat' dir='ltr'><strong>ad</strong></span> <span class='ocrx_word' id='word_1_255' title='bbox 3204 2828 3604 2888; x_wconf 82' lang='lat' dir='ltr'><strong>Blacbernas.</strong></span> 
     </span>
    </p>
   </div>
   <div class='ocr_carea' id='block_1_40' title="bbox 341 3184 2084 3258">
    <p class='ocr_par' dir='ltr' id='par_1_40' title="bbox 341 3184 2084 3258">
     <span class='ocr_line' id='line_1_40' title="bbox 341 3184 2084 3258; baseline 0.002 -18"><span class='ocrx_word' id='word_1_256' title='bbox 341 3184 614 3243; x_wconf 75' lang='lat' dir='ltr'><strong><em>INITIUM</em></strong></span> <span class='ocrx_word' id='word_1_257' title='bbox 647 3185 990 3243; x_wconf 75' lang='lat' dir='ltr'><strong>SECUND/E</strong></span> <span class='ocrx_word' id='word_1_258' title='bbox 1027 3186 1287 3253; x_wconf 82' lang='lat' dir='ltr'><strong><em>PARTIS,</em></strong></span> <span class='ocrx_word' id='word_1_259' title='bbox 1327 3188 1461 3245; x_wconf 85' lang='lat' dir='ltr'><strong>SEU</strong></span> <span class='ocrx_word' id='word_1_260' title='bbox 1515 3188 1599 3243; x_wconf 89' lang='lat' dir='ltr'><strong>DE</strong></span> <span class='ocrx_word' id='word_1_261' title='bbox 1659 3187 2008 3244; x_wconf 84' lang='lat' dir='ltr'><strong>TZYCANIS-</strong></span> <span class='ocrx_word' id='word_1_262' title='bbox 2036 3193 2084 3258; x_wconf 86' lang='grc' dir='ltr'><strong>Β</strong></span> 
     </span>
    </p>
   </div>
   <div class='ocr_carea' id='block_1_41' title="bbox 810 3258 1526 3332">
    <p class='ocr_par' dir='ltr' id='par_1_41' title="bbox 810 3258 1526 3332">
     <span class='ocr_line' id='line_1_41' title="bbox 810 3258 1526 3332; baseline 0 -19"><span class='ocrx_word' id='word_1_263' title='bbox 810 3259 1018 3316; x_wconf 83' lang='lat' dir='ltr'><strong>TERIO</strong></span> <span class='ocrx_word' id='word_1_264' title='bbox 1059 3259 1144 3314; x_wconf 86' lang='lat' dir='ltr'><strong>AC</strong></span> <span class='ocrx_word' id='word_1_265' title='bbox 1183 3258 1526 3332; x_wconf 79' lang='lat' dir='ltr'><strong>RELIQUIS.</strong></span> 
     </span>
    </p>
   </div>
   <div class='ocr_carea' id='block_1_42' title="bbox 416 3363 1999 3441">
    <p class='ocr_par' dir='ltr' id='par_1_42' title="bbox 416 3363 1999 3441">
     <span class='ocr_line' id='line_1_42' title="bbox 416 3363 1999 3441; baseline 0.001 -23"><span class='ocrx_word' id='word_1_266' title='bbox 416 3363 594 3419; x_wconf 72' lang='lat' dir='ltr'><strong>Portas</strong></span> <span class='ocrx_word' id='word_1_267' title='bbox 653 3379 813 3420; x_wconf 68' lang='lat' dir='ltr'><strong>aareaa</strong></span> <span class='ocrx_word' id='word_1_268' title='bbox 863 3382 991 3438; x_wconf 67' lang='lat' dir='ltr'><strong>quae</strong></span> <span class='ocrx_word' id='word_1_269' title='bbox 1051 3365 1106 3420; x_wconf 74' lang='lat' dir='ltr'><strong>in</strong></span> <span class='ocrx_word' id='word_1_270' title='bbox 1167 3366 1538 3439; x_wconf 85' lang='lat' dir='ltr'><strong>Tricymbalo</strong></span> <span class='ocrx_word' id='word_1_271' title='bbox 1587 3365 1999 3441; x_wconf 81' lang='lat' dir='ltr'><strong>szcanislerii</strong></span> 
     </span>
    </p>
   </div>
   <div class='ocr_carea' id='block_1_43' title="bbox 343 3453 2001 3529">
    <p class='ocr_par' dir='ltr' id='par_1_43' title="bbox 343 3453 2001 3529">
     <span class='ocr_line' id='line_1_43' title="bbox 343 3453 2001 3529; baseline -0.001 -19"><span class='ocrx_word' id='word_1_272' title='bbox 343 3454 602 3524; x_wconf 84' lang='lat' dir='ltr'><strong>stabant,</strong></span> <span class='ocrx_word' id='word_1_273' title='bbox 635 3471 668 3509; x_wconf 89' lang='lat' dir='ltr'><strong>a</strong></span> <span class='ocrx_word' id='word_1_274' title='bbox 698 3453 917 3510; x_wconf 87' lang='lat' dir='ltr'><strong>Basilio</strong></span> <span class='ocrx_word' id='word_1_275' title='bbox 965 3455 1320 3527; x_wconf 85' lang='lat' dir='ltr'><strong>imperatore</strong></span> <span class='ocrx_word' id='word_1_276' title='bbox 1369 3472 1437 3512; x_wconf 86' lang='lat' dir='ltr'><strong>ex</strong></span> <span class='ocrx_word' id='word_1_277' title='bbox 1495 3457 1822 3529; x_wconf 86' lang='lat' dir='ltr'><strong>porticibus</strong></span> <span class='ocrx_word' id='word_1_278' title='bbox 1872 3455 2001 3510; x_wconf 85' lang='lat' dir='ltr'><strong>Fori</strong></span> 
     </span>
    </p>
   </div>
   <div class='ocr_carea' id='block_1_44' title="bbox 343 3541 1998 3620">
    <p class='ocr_par' dir='ltr' id='par_1_44' title="bbox 343 3541 1998 3620">
     <span class='ocr_line' id='line_1_44' title="bbox 343 3541 1998 3620; baseline 0.002 -23"><span class='ocrx_word' id='word_1_279' title='bbox 343 3542 668 3614; x_wconf 88' lang='lat' dir='ltr'><strong>nuncupati</strong></span> <span class='ocrx_word' id='word_1_280' title='bbox 725 3545 834 3598; x_wconf 81' lang='grc' dir='ltr'><strong>τῶν</strong></span> <span class='ocrx_word' id='word_1_281' title='bbox 888 3541 1252 3620; x_wconf 85' lang='grc' dir='ltr'>Χαλιναρίων,</span> <span class='ocrx_word' id='word_1_282' title='bbox 1299 3544 1358 3600; x_wconf 92' lang='lat' dir='ltr'><strong>in</strong></span> <span class='ocrx_word' id='word_1_283' title='bbox 1414 3545 1722 3602; x_wconf 84' lang='lat' dir='ltr'><strong>ecclesiam</strong></span> <span class='ocrx_word' id='word_1_284' title='bbox 1779 3545 1998 3601; x_wconf 84' lang='lat' dir='ltr'><strong>Novam</strong></span> 
     </span>
    </p>
   </div>
   <div class='ocr_carea' id='block_1_45' title="bbox 346 3631 2002 3707">
    <p class='ocr_par' dir='ltr' id='par_1_45' title="bbox 346 3631 2002 3707">
     <span class='ocr_line' id='line_1_45' title="bbox 346 3631 2002 3707; baseline 0.002 -21"><span class='ocrx_word' id='word_1_285' title='bbox 346 3631 613 3687; x_wconf 66' lang='lat' dir='ltr'><strong>deductas</strong></span> <span class='ocrx_word' id='word_1_286' title='bbox 667 3631 875 3687; x_wconf 89' lang='lat' dir='ltr'><strong>fuere:</strong></span> <span class='ocrx_word' id='word_1_287' title='bbox 938 3633 1142 3705; x_wconf 70' lang='lat' dir='ltr'><strong>positae</strong></span> <span class='ocrx_word' id='word_1_288' title='bbox 1200 3638 1396 3690; x_wconf 89' lang='lat' dir='ltr'><strong>autem</strong></span> <span class='ocrx_word' id='word_1_289' title='bbox 1457 3635 1622 3707; x_wconf 91' lang='lat' dir='ltr'><strong>prius</strong></span> <span class='ocrx_word' id='word_1_290' title='bbox 1681 3634 1911 3690; x_wconf 78' lang='lat' dir='ltr'><strong>fuerant</strong></span> <span class='ocrx_word' id='word_1_291' title='bbox 1968 3653 2002 3690; x_wconf 88' lang='lat' dir='ltr'><strong>a</strong></span> 
     </span>
    </p>
   </div>
   <div class='ocr_carea' id='block_1_46' title="bbox 342 3718 1998 3797">
    <p class='ocr_par' dir='ltr' id='par_1_46' title="bbox 342 3718 1998 3797">
     <span class='ocr_line' id='line_1_46' title="bbox 342 3718 1998 3797; baseline 0.003 -24"><span class='ocrx_word' id='word_1_292' title='bbox 342 3718 727 3777; x_wconf 84' lang='lat' dir='ltr'><strong>Constantino</strong></span> <span class='ocrx_word' id='word_1_293' title='bbox 787 3721 996 3794; x_wconf 85' lang='lat' dir='ltr'><strong>Magno</strong></span> <span class='ocrx_word' id='word_1_294' title='bbox 1047 3740 1077 3777; x_wconf 92' lang='lat' dir='ltr'><strong>e</strong></span> <span class='ocrx_word' id='word_1_295' title='bbox 1125 3724 1361 3797; x_wconf 81' lang='lat' dir='ltr'><strong>regione</strong></span> <span class='ocrx_word' id='word_1_296' title='bbox 1417 3730 1688 3780; x_wconf 84' lang='lat' dir='ltr'><strong>Senatus.</strong></span> <span class='ocrx_word' id='word_1_297' title='bbox 1728 3728 1858 3794; x_wconf 79' lang='lat' dir='ltr'><strong>Bas,</strong></span> <span class='ocrx_word' id='word_1_298' title='bbox 1910 3725 1998 3778; x_wconf 88' lang='lat' dir='ltr'><strong>in-</strong></span> 
     </span>
    </p>
   </div>
   <div class='ocr_carea' id='block_1_47' title="bbox 343 3810 1999 3886">
    <p class='ocr_par' dir='ltr' id='par_1_47' title="bbox 343 3810 1999 3886">
     <span class='ocr_line' id='line_1_47' title="bbox 343 3810 1999 3886; baseline 0.004 -22"><span class='ocrx_word' id='word_1_299' title='bbox 343 3825 544 3880; x_wconf 87' lang='lat' dir='ltr'><strong>quam,</strong></span> <span class='ocrx_word' id='word_1_300' title='bbox 580 3810 834 3866; x_wconf 90' lang='lat' dir='ltr'><strong>Basilius</strong></span> <span class='ocrx_word' id='word_1_301' title='bbox 864 3815 1159 3867; x_wconf 86' lang='lat' dir='ltr'><strong>exstructa</strong></span> <span class='ocrx_word' id='word_1_302' title='bbox 1188 3813 1344 3869; x_wconf 87' lang='lat' dir='ltr'><strong>Nova</strong></span> <span class='ocrx_word' id='word_1_303' title='bbox 1371 3814 1633 3884; x_wconf 85' lang='lat' dir='ltr'><strong>ecclesia,</strong></span> <span class='ocrx_word' id='word_1_304' title='bbox 1667 3819 1999 3886; x_wconf 86' lang='lat' dir='ltr'><strong>exportatas</strong></span> 
     </span>
    </p>
   </div>
   <div class='ocr_carea' id='block_1_48' title="bbox 340 3900 818 3958">
    <p class='ocr_par' dir='ltr' id='par_1_48' title="bbox 340 3900 818 3958">
     <span class='ocr_line' id='line_1_48' title="bbox 340 3900 818 3958; baseline 0.004 -2"><span class='ocrx_word' id='word_1_305' title='bbox 340 3900 536 3957; x_wconf 85' lang='lat' dir='ltr'><strong>isthuc</strong></span> <span class='ocrx_word' id='word_1_306' title='bbox 569 3903 818 3958; x_wconf 81' lang='lat' dir='ltr'><strong>advexit.</strong></span> 
     </span>
    </p>
   </div>
   <div class='ocr_carea' id='block_1_49' title="bbox 1022 3993 1312 4049">
    <p class='ocr_par' dir='ltr' id='par_1_49' title="bbox 1022 3993 1312 4049">
     <span class='ocr_line' id='line_1_49' title="bbox 1022 3993 1312 4049; baseline 0.003 -1"><span class='ocrx_word' id='word_1_307' title='bbox 1022 3995 1093 4049; x_wconf 68' lang='lat' dir='ltr'><strong>De</strong></span> <span class='ocrx_word' id='word_1_308' title='bbox 1124 3993 1312 4049; x_wconf 81' lang='lat' dir='ltr'><strong>eodem</strong></span> 
     </span>
    </p>
   </div>
   <div class='ocr_carea' id='block_1_50' title="bbox 409 4081 1998 4154">
    <p class='ocr_par' dir='ltr' id='par_1_50' title="bbox 409 4081 1998 4154">
     <span class='ocr_line' id='line_1_50' title="bbox 409 4081 1998 4154; baseline 0.002 -19"><span class='ocrx_word' id='word_1_309' title='bbox 409 4081 911 4154; x_wconf 78' lang='lat' dir='ltr'><strong>szcanisterium</strong></span> <span class='ocrx_word' id='word_1_310' title='bbox 973 4083 1238 4138; x_wconf 89' lang='lat' dir='ltr'><strong>condidit</strong></span> <span class='ocrx_word' id='word_1_311' title='bbox 1295 4083 1667 4139; x_wconf 79' lang='lat' dir='ltr'><strong>Theodosius</strong></span> <span class='ocrx_word' id='word_1_312' title='bbox 1723 4084 1934 4139; x_wconf 89' lang='lat' dir='ltr'><strong>Juuior</strong></span> <span class='ocrx_word' id='word_1_313' title='bbox 1984 4102 1998 4151; x_wconf 90' lang='lat'><strong>;</strong></span> 
     </span>
    </p>
   </div>
   <div class='ocr_carea' id='block_1_51' title="bbox 335 4168 1999 4243">
    <p class='ocr_par' dir='ltr' id='par_1_51' title="bbox 335 4168 1999 4243">
     <span class='ocr_line' id='line_1_51' title="bbox 335 4168 1999 4243; baseline 0.001 -19"><span class='ocrx_word' id='word_1_314' title='bbox 335 4168 668 4225; x_wconf 89' lang='lat' dir='ltr'><strong>Trullatum</strong></span> <span class='ocrx_word' id='word_1_315' title='bbox 701 4186 833 4226; x_wconf 88' lang='lat' dir='ltr'><strong>vero</strong></span> <span class='ocrx_word' id='word_1_316' title='bbox 865 4171 1164 4227; x_wconf 88' lang='lat' dir='ltr'><strong>stabulum</strong></span> <span class='ocrx_word' id='word_1_317' title='bbox 1219 4172 1473 4243; x_wconf 89' lang='lat' dir='ltr'><strong>pretioso</strong></span> <span class='ocrx_word' id='word_1_318' title='bbox 1506 4189 1799 4227; x_wconf 87' lang='lat' dir='ltr'><strong>marmore</strong></span> <span class='ocrx_word' id='word_1_319' title='bbox 1829 4188 1999 4227; x_wconf 86' lang='lat' dir='ltr'><strong>exor-</strong></span> 
     </span>
    </p>
   </div>
   <div class='ocr_carea' id='block_1_52' title="bbox 337 4259 2000 4333">
    <p class='ocr_par' dir='ltr' id='par_1_52' title="bbox 337 4259 2000 4333">
     <span class='ocr_line' id='line_1_52' title="bbox 337 4259 2000 4333; baseline 0.002 -20"><span class='ocrx_word' id='word_1_320' title='bbox 337 4263 544 4313; x_wconf 88' lang='lat' dir='ltr'><strong>natum</strong></span> <span class='ocrx_word' id='word_1_321' title='bbox 578 4259 803 4315; x_wconf 86' lang='lat' dir='ltr'><strong>addidit</strong></span> <span class='ocrx_word' id='word_1_322' title='bbox 849 4260 1096 4316; x_wconf 82' lang='lat' dir='ltr'><strong>Michael</strong></span> <span class='ocrx_word' id='word_1_323' title='bbox 1148 4261 1457 4333; x_wconf 87' lang='lat' dir='ltr'><strong>Theophili</strong></span> <span class='ocrx_word' id='word_1_324' title='bbox 1512 4261 1712 4329; x_wconf 79' lang='lat' dir='ltr'><strong>filius;</strong></span> <span class='ocrx_word' id='word_1_325' title='bbox 1748 4261 2000 4317; x_wconf 83' lang='lat' dir='ltr'><strong>Basilius</strong></span> 
     </span>
    </p>
   </div>
   <div class='ocr_carea' id='block_1_53' title="bbox 335 4347 1997 4422">
    <p class='ocr_par' dir='ltr' id='par_1_53' title="bbox 335 4347 1997 4422">
     <span class='ocr_line' id='line_1_53' title="bbox 335 4347 1997 4422; baseline 0.002 -20"><span class='ocrx_word' id='word_1_326' title='bbox 335 4363 473 4403; x_wconf 90' lang='lat' dir='ltr'><strong>vero</strong></span> <span class='ocrx_word' id='word_1_327' title='bbox 525 4347 759 4404; x_wconf 79' lang='lat' dir='ltr'><strong>Macede</strong></span> <span class='ocrx_word' id='word_1_328' title='bbox 815 4349 1318 4421; x_wconf 79' lang='lat' dir='ltr'><strong>szcanisterium</strong></span> <span class='ocrx_word' id='word_1_329' title='bbox 1377 4351 1702 4422; x_wconf 86' lang='lat' dir='ltr'><strong>ampliavit.</strong></span> <span class='ocrx_word' id='word_1_330' title='bbox 1749 4351 1997 4406; x_wconf 89' lang='lat' dir='ltr'><strong>Demum</strong></span> 
     </span>
    </p>
   </div>
   <div class='ocr_carea' id='block_1_54' title="bbox 335 4436 1998 4511">
    <p class='ocr_par' dir='ltr' id='par_1_54' title="bbox 335 4436 1998 4511">
     <span class='ocr_line' id='line_1_54' title="bbox 335 4436 1998 4511; baseline 0.002 -21"><span class='ocrx_word' id='word_1_331' title='bbox 335 4436 556 4491; x_wconf 87' lang='lat' dir='ltr'><strong>nostris</strong></span> <span class='ocrx_word' id='word_1_332' title='bbox 603 4438 968 4509; x_wconf 87' lang='lat' dir='ltr'><strong>temporibus</strong></span> <span class='ocrx_word' id='word_1_333' title='bbox 998 4439 1430 4495; x_wconf 89' lang='lat' dir='ltr'><strong>Constantinus</strong></span> <span class='ocrx_word' id='word_1_334' title='bbox 1483 4439 1676 4494; x_wconf 88' lang='lat' dir='ltr'><strong>Ducas</strong></span> <span class='ocrx_word' id='word_1_335' title='bbox 1721 4456 1836 4511; x_wconf 69' lang='lat' dir='ltr'><strong>prae</strong></span> <span class='ocrx_word' id='word_1_336' title='bbox 1868 4439 1998 4494; x_wconf 87' lang='lat' dir='ltr'><strong>aliis</strong></span> 
     </span>
    </p>
   </div>
   <div class='ocr_carea' id='block_1_55' title="bbox 336 4524 2066 4629">
    <p class='ocr_par' dir='ltr' id='par_1_55' title="bbox 336 4524 2066 4629">
     <span class='ocr_line' id='line_1_55' title="bbox 336 4524 2066 4629; baseline 0.002 -50"><span class='ocrx_word' id='word_1_337' title='bbox 336 4524 614 4580; x_wconf 87' lang='lat' dir='ltr'><strong>omnibus</strong></span> <span class='ocrx_word' id='word_1_338' title='bbox 673 4526 973 4596; x_wconf 86' lang='lat' dir='ltr'><strong>adauxit;</strong></span> <span class='ocrx_word' id='word_1_339' title='bbox 1035 4544 1172 4583; x_wconf 88' lang='lat' dir='ltr'><strong>nam</strong></span> <span class='ocrx_word' id='word_1_340' title='bbox 1253 4544 1535 4600; x_wconf 85' lang='lat' dir='ltr'><strong>magnum</strong></span> <span class='ocrx_word' id='word_1_341' title='bbox 1618 4527 2066 4629; x_wconf 74' lang='lat' dir='ltr'><strong>Triclinium,c</strong></span> 
     </span>
    </p>
   </div>
   <div class='ocr_carea' id='block_1_56' title="bbox 335 4613 1827 4686">
    <p class='ocr_par' dir='ltr' id='par_1_56' title="bbox 335 4613 1827 4686">
     <span class='ocr_line' id='line_1_56' title="bbox 335 4613 1827 4686; baseline 0.003 -18"><span class='ocrx_word' id='word_1_342' title='bbox 335 4613 802 4686; x_wconf 87' lang='lat' dir='ltr'><strong>Hippodromum</strong></span> <span class='ocrx_word' id='word_1_343' title='bbox 837 4631 900 4670; x_wconf 88' lang='lat' dir='ltr'><strong>ac</strong></span> <span class='ocrx_word' id='word_1_344' title='bbox 932 4615 1270 4672; x_wconf 88' lang='lat' dir='ltr'><strong>cubiculum</strong></span> <span class='ocrx_word' id='word_1_345' title='bbox 1305 4633 1491 4672; x_wconf 89' lang='lat' dir='ltr'><strong>unum</strong></span> <span class='ocrx_word' id='word_1_346' title='bbox 1523 4617 1827 4673; x_wconf 81' lang='lat' dir='ltr'><strong>exstruxit.</strong></span> 
     </span>
    </p>
   </div>
   <div class='ocr_carea' id='block_1_57' title="bbox 702 4793 1627 4866">
    <p class='ocr_par' dir='ltr' id='par_1_57' title="bbox 702 4793 1627 4866">
     <span class='ocr_line' id='line_1_57' title="bbox 702 4793 1627 4866; baseline -0.001 -18"><span class='ocrx_word' id='word_1_347' title='bbox 702 4798 782 4848; x_wconf 85' lang='lat' dir='ltr'><strong>De</strong></span> <span class='ocrx_word' id='word_1_348' title='bbox 808 4794 996 4850; x_wconf 78' lang='lat' dir='ltr'><strong>eodem</strong></span> <span class='ocrx_word' id='word_1_349' title='bbox 1024 4796 1320 4866; x_wconf 79' lang='lat' dir='ltr'><strong>peregrina</strong></span> <span class='ocrx_word' id='word_1_350' title='bbox 1348 4793 1627 4850; x_wconf 65' lang='lat' dir='ltr'><strong>narratio.</strong></span> 
     </span>
    </p>
   </div>
   <div class='ocr_carea' id='block_1_58' title="bbox 409 4881 2003 4954">
    <p class='ocr_par' dir='ltr' id='par_1_58' title="bbox 409 4881 2003 4954">
     <span class='ocr_line' id='line_1_58' title="bbox 409 4881 2003 4954; baseline -0.001 -16"><span class='ocrx_word' id='word_1_351' title='bbox 409 4883 608 4939; x_wconf 82' lang='lat' dir='ltr'><strong>Iconio</strong></span> <span class='ocrx_word' id='word_1_352' title='bbox 640 4882 834 4939; x_wconf 89' lang='lat' dir='ltr'><strong>Persei</strong></span> <span class='ocrx_word' id='word_1_353' title='bbox 867 4887 923 4938; x_wconf 86' lang='lat' dir='ltr'><strong>et</strong></span> <span class='ocrx_word' id='word_1_354' title='bbox 982 4884 1362 4939; x_wconf 62' lang='lat' dir='ltr'><strong>Andromede</strong></span> <span class='ocrx_word' id='word_1_355' title='bbox 1413 4883 1569 4954; x_wconf 84' lang='lat' dir='ltr'><strong>regis</strong></span> <span class='ocrx_word' id='word_1_356' title='bbox 1609 4881 1742 4938; x_wconf 64' lang='lat' dir='ltr'><strong>ﬁliae</strong></span> <span class='ocrx_word' id='word_1_357' title='bbox 1796 4886 2003 4937; x_wconf 65' lang='lat' dir='ltr'><strong>statua!</strong></span> 
     </span>
    </p>
   </div>
   <div class='ocr_carea' id='block_1_59' title="bbox 337 4971 2004 5045">
    <p class='ocr_par' dir='ltr' id='par_1_59' title="bbox 337 4971 2004 5045">
     <span class='ocr_line' id='line_1_59' title="bbox 337 4971 2004 5045; baseline -0.001 -18"><span class='ocrx_word' id='word_1_358' title='bbox 337 4972 607 5029; x_wconf 65' lang='lat' dir='ltr'><strong>deducta:</strong></span> <span class='ocrx_word' id='word_1_359' title='bbox 639 4976 799 5027; x_wconf 92' lang='lat' dir='ltr'><strong>sunt.</strong></span> <span class='ocrx_word' id='word_1_360' title='bbox 835 4971 981 5038; x_wconf 88' lang='lat' dir='ltr'><strong>Illic,</strong></span> <span class='ocrx_word' id='word_1_361' title='bbox 1017 4977 1081 5028; x_wconf 86' lang='lat' dir='ltr'><strong>ut</strong></span> <span class='ocrx_word' id='word_1_362' title='bbox 1132 4973 1341 5028; x_wconf 76' lang='lat' dir='ltr'><strong>fabulae</strong></span> <span class='ocrx_word' id='word_1_363' title='bbox 1394 4972 1728 5045; x_wconf 77' lang='lat' dir='ltr'><strong>perhibent,</strong></span> <span class='ocrx_word' id='word_1_364' title='bbox 1763 4971 2004 5026; x_wconf 78' lang='lat' dir='ltr'><strong>drac’oni</strong></span> 
     </span>
    </p>
   </div>
   <div class='ocr_carea' id='block_1_60' title="bbox 337 5059 2004 5134">
    <p class='ocr_par' dir='ltr' id='par_1_60' title="bbox 337 5059 2004 5134">
     <span class='ocr_line' id='line_1_60' title="bbox 337 5059 2004 5134; baseline 0 -18"><span class='ocrx_word' id='word_1_365' title='bbox 337 5062 398 5116; x_wconf 91' lang='lat' dir='ltr'><strong>in</strong></span> <span class='ocrx_word' id='word_1_366' title='bbox 435 5059 696 5117; x_wconf 89' lang='lat' dir='ltr'><strong>latibulis</strong></span> <span class='ocrx_word' id='word_1_367' title='bbox 733 5061 948 5132; x_wconf 80' lang='lat' dir='ltr'><strong>agenti,</strong></span> <span class='ocrx_word' id='word_1_368' title='bbox 983 5078 1088 5134; x_wconf 91' lang='lat' dir='ltr'><strong>pro</strong></span> <span class='ocrx_word' id='word_1_369' title='bbox 1136 5061 1372 5118; x_wconf 68' lang='lat' dir='ltr'><strong>victima</strong></span> <span class='ocrx_word' id='word_1_370' title='bbox 1422 5062 1582 5131; x_wconf 75' lang='lat' dir='ltr'><strong>virgo</strong></span> <span class='ocrx_word' id='word_1_371' title='bbox 1629 5062 1822 5116; x_wconf 77' lang='lat' dir='ltr'><strong>offerri</strong></span> <span class='ocrx_word' id='word_1_372' title='bbox 1866 5078 2004 5116; x_wconf 93' lang='lat' dir='ltr'><strong>con-</strong></span> 
     </span>
    </p>
   </div>
   <div class='ocr_carea' id='block_1_61' title="bbox 341 5150 2005 5207">
    <p class='ocr_par' dir='ltr' id='par_1_61' title="bbox 341 5150 2005 5207">
     <span class='ocr_line' id='line_1_61' title="bbox 341 5150 2005 5207; baseline 0 -1"><span class='ocrx_word' id='word_1_373' title='bbox 341 5154 636 5207; x_wconf 88' lang='lat' dir='ltr'><strong>sueverat.</strong></span> <span class='ocrx_word' id='word_1_374' title='bbox 670 5155 810 5204; x_wconf 88' lang='lat' dir='ltr'><strong>Cum</strong></span> <span class='ocrx_word' id='word_1_375' title='bbox 847 5154 1042 5205; x_wconf 85' lang='lat' dir='ltr'><strong>autem</strong></span> <span class='ocrx_word' id='word_1_376' title='bbox 1077 5151 1454 5206; x_wconf 86' lang='lat' dir='ltr'><strong>Andromeda</strong></span> <span class='ocrx_word' id='word_1_377' title='bbox 1482 5150 1734 5206; x_wconf 89' lang='lat' dir='ltr'><strong>vinculis</strong></span> <span class='ocrx_word' id='word_1_378' title='bbox 1763 5150 2005 5206; x_wconf 88' lang='lat' dir='ltr'><strong>astricta</strong></span> 
     </span>
    </p>
   </div>
   <div class='ocr_carea' id='block_1_62' title="bbox 345 5238 2004 5304">
    <p class='ocr_par' dir='ltr' id='par_1_62' title="bbox 345 5238 2004 5304">
     <span class='ocr_line' id='line_1_62' title="bbox 345 5238 2004 5304; baseline 0.003 -12"><span class='ocrx_word' id='word_1_379' title='bbox 345 5238 420 5292; x_wconf 91' lang='lat' dir='ltr'><strong>ab</strong></span> <span class='ocrx_word' id='word_1_380' title='bbox 451 5255 518 5296; x_wconf 92' lang='lat' dir='ltr'><strong>eo</strong></span> <span class='ocrx_word' id='word_1_381' title='bbox 547 5240 886 5295; x_wconf 81' lang='lat' dir='ltr'><strong>devoranda</strong></span> <span class='ocrx_word' id='word_1_382' title='bbox 920 5243 1098 5304; x_wconf 83' lang='lat' dir='ltr'><strong>esset,</strong></span> <span class='ocrx_word' id='word_1_383' title='bbox 1131 5239 1378 5296; x_wconf 87' lang='lat' dir='ltr'><strong>Perseus</strong></span> <span class='ocrx_word' id='word_1_384' title='bbox 1427 5240 1575 5295; x_wconf 87' lang='lat' dir='ltr'><strong>istac</strong></span> <span class='ocrx_word' id='word_1_385' title='bbox 1625 5239 1736 5295; x_wconf 87' lang='lat' dir='ltr'><strong>iter</strong></span> <span class='ocrx_word' id='word_1_386' title='bbox 1779 5239 2004 5297; x_wconf 86' lang='lat' dir='ltr'><strong>habens</strong></span> 
     </span>
    </p>
   </div>
   <div class='ocr_carea' id='block_1_63' title="bbox 343 5325 2002 5402">
    <p class='ocr_par' dir='ltr' id='par_1_63' title="bbox 343 5325 2002 5402">
     <span class='ocr_line' id='line_1_63' title="bbox 343 5325 2002 5402; baseline 0.003 -22"><span class='ocrx_word' id='word_1_387' title='bbox 343 5325 581 5384; x_wconf 79' lang='lat' dir='ltr'><strong>ﬂentem</strong></span> <span class='ocrx_word' id='word_1_388' title='bbox 641 5328 920 5385; x_wconf 88' lang='lat' dir='ltr'><strong>feminam</strong></span> <span class='ocrx_word' id='word_1_389' title='bbox 985 5329 1531 5402; x_wconf 86' lang='lat' dir='ltr'><strong>sciscitatur:ipsa</strong></span> <span class='ocrx_word' id='word_1_390' title='bbox 1588 5344 1706 5384; x_wconf 88' lang='lat' dir='ltr'><strong>rem</strong></span> <span class='ocrx_word' id='word_1_391' title='bbox 1768 5345 2002 5385; x_wconf 88' lang='lat' dir='ltr'><strong>omnem</strong></span> 
     </span>
    </p>
   </div>
   <div class='ocr_carea' id='block_1_64' title="bbox 343 5417 2004 5491">
    <p class='ocr_par' dir='ltr' id='par_1_64' title="bbox 343 5417 2004 5491">
     <span class='ocr_line' id='line_1_64' title="bbox 343 5417 2004 5491; baseline 0.002 -21"><span class='ocrx_word' id='word_1_392' title='bbox 343 5417 652 5472; x_wconf 83' lang='lat' dir='ltr'><strong>enarravit.</strong></span> <span class='ocrx_word' id='word_1_393' title='bbox 692 5418 795 5473; x_wconf 89' lang='lat' dir='ltr'><strong>Ille</strong></span> <span class='ocrx_word' id='word_1_394' title='bbox 855 5422 1050 5473; x_wconf 90' lang='lat' dir='ltr'><strong>autem</strong></span> <span class='ocrx_word' id='word_1_395' title='bbox 1111 5418 1465 5482; x_wconf 85' lang='lat' dir='ltr'><strong>consistens,</strong></span> <span class='ocrx_word' id='word_1_396' title='bbox 1527 5435 1660 5474; x_wconf 75' lang='lat' dir='ltr'><strong>cum</strong></span> <span class='ocrx_word' id='word_1_397' title='bbox 1720 5419 2004 5491; x_wconf 84' lang='lat' dir='ltr'><strong>Gorgonis</strong></span> 
     </span>
    </p>
   </div>
   <div class='ocr_carea' id='block_1_65' title="bbox 341 5503 2004 5581">
    <p class='ocr_par' dir='ltr' id='par_1_65' title="bbox 341 5503 2004 5581">
     <span class='ocr_line' id='line_1_65' title="bbox 341 5503 2004 5581; baseline 0.002 -21"><span class='ocrx_word' id='word_1_398' title='bbox 341 5503 553 5578; x_wconf 88' lang='lat' dir='ltr'><strong>capitis</strong></span> <span class='ocrx_word' id='word_1_399' title='bbox 593 5506 712 5562; x_wconf 88' lang='lat' dir='ltr'><strong>vim</strong></span> <span class='ocrx_word' id='word_1_400' title='bbox 740 5508 866 5577; x_wconf 89' lang='lat' dir='ltr'><strong>jam</strong></span> <span class='ocrx_word' id='word_1_401' title='bbox 916 5511 1191 5580; x_wconf 83' lang='lat' dir='ltr'><strong>expertus</strong></span> <span class='ocrx_word' id='word_1_402' title='bbox 1223 5514 1400 5581; x_wconf 82' lang='lat' dir='ltr'><strong>esset,</strong></span> <span class='ocrx_word' id='word_1_403' title='bbox 1434 5525 1604 5566; x_wconf 88' lang='lat' dir='ltr'><strong>versa</strong></span> <span class='ocrx_word' id='word_1_404' title='bbox 1653 5513 1806 5563; x_wconf 87' lang='lat' dir='ltr'><strong>retro</strong></span> <span class='ocrx_word' id='word_1_405' title='bbox 1859 5509 2004 5564; x_wconf 88' lang='lat' dir='ltr'><strong>facie</strong></span> 
     </span>
    </p>
   </div>
   <div class='ocr_carea' id='block_1_66' title="bbox 340 5593 2004 5671">
    <p class='ocr_par' dir='ltr' id='par_1_66' title="bbox 340 5593 2004 5671">
     <span class='ocr_line' id='line_1_66' title="bbox 340 5593 2004 5671; baseline 0.002 -22"><span class='ocrx_word' id='word_1_406' title='bbox 340 5593 678 5651; x_wconf 86' lang='lat' dir='ltr'><strong>letbiferum</strong></span> <span class='ocrx_word' id='word_1_407' title='bbox 707 5595 930 5651; x_wconf 87' lang='lat' dir='ltr'><strong>vultum</strong></span> <span class='ocrx_word' id='word_1_408' title='bbox 960 5596 1168 5652; x_wconf 66' lang='lat' dir='ltr'><strong>bellua:</strong></span> <span class='ocrx_word' id='word_1_409' title='bbox 1202 5599 1571 5654; x_wconf 90' lang='lat' dir='ltr'><strong>monstravit.</strong></span> <span class='ocrx_word' id='word_1_410' title='bbox 1605 5599 1728 5662; x_wconf 88' lang='lat' dir='ltr'><strong>Quo</strong></span> <span class='ocrx_word' id='word_1_411' title='bbox 1759 5614 2004 5671; x_wconf 88' lang='lat' dir='ltr'><strong>conspe-</strong></span> 
     </span>
    </p>
   </div>
   <div class='ocr_carea' id='block_1_67' title="bbox 339 5684 2007 5760">
    <p class='ocr_par' dir='ltr' id='par_1_67' title="bbox 339 5684 2007 5760">
     <span class='ocr_line' id='line_1_67' title="bbox 339 5684 2007 5760; baseline 0.001 -19"><span class='ocrx_word' id='word_1_412' title='bbox 339 5687 435 5742; x_wconf 87' lang='lat' dir='ltr'><strong>cto</strong></span> <span class='ocrx_word' id='word_1_413' title='bbox 462 5684 642 5741; x_wconf 87' lang='lat' dir='ltr'><strong>draco</strong></span> <span class='ocrx_word' id='word_1_414' title='bbox 692 5684 1017 5741; x_wconf 86' lang='lat' dir='ltr'><strong>exstinctus</strong></span> <span class='ocrx_word' id='word_1_415' title='bbox 1067 5690 1178 5742; x_wconf 90' lang='lat' dir='ltr'><strong>est.</strong></span> <span class='ocrx_word' id='word_1_416' title='bbox 1224 5687 1478 5760; x_wconf 88' lang='lat' dir='ltr'><strong>Ideoque</strong></span> <span class='ocrx_word' id='word_1_417' title='bbox 1508 5686 1675 5756; x_wconf 79' lang='lat' dir='ltr'><strong>urbs,</strong></span> <span class='ocrx_word' id='word_1_418' title='bbox 1708 5690 1773 5742; x_wconf 91' lang='lat' dir='ltr'><strong>ut</strong></span> <span class='ocrx_word' id='word_1_419' title='bbox 1803 5691 2007 5744; x_wconf 83' lang='lat' dir='ltr'><strong>narrat</strong></span> 
     </span>
    </p>
   </div>
   <div class='ocr_carea' id='block_1_68' title="bbox 2188 3181 3702 3245">
    <p class='ocr_par' dir='ltr' id='par_1_68' title="bbox 2188 3181 3702 3245">
     <span class='ocr_line' id='line_1_68' title="bbox 2188 3181 3702 3245; baseline -0.004 -5"><span class='ocrx_word' id='word_1_420' title='bbox 2188 3185 2379 3241; x_wconf 82' lang='lat' dir='ltr'><strong>APXH</strong></span> <span class='ocrx_word' id='word_1_421' title='bbox 2408 3187 2532 3236; x_wconf 82' lang='grc' dir='ltr'><strong>ΤΟΥ</strong></span> <span class='ocrx_word' id='word_1_422' title='bbox 2582 3182 2954 3245; x_wconf 79' lang='grc' dir='ltr'><strong>ΔΕΤΤΕΡΟΥ,</strong></span> <span class='ocrx_word' id='word_1_423' title='bbox 2987 3181 3157 3237; x_wconf 85' lang='grc' dir='ltr'><strong>ΗΤΟῐ</strong></span> <span class='ocrx_word' id='word_1_424' title='bbox 3186 3182 3342 3237; x_wconf 84' lang='grc' dir='ltr'><strong>ΠΕΡΙ</strong></span> <span class='ocrx_word' id='word_1_425' title='bbox 3383 3182 3516 3236; x_wconf 79' lang='grc' dir='ltr'><strong>ΤΟΥ</strong></span> <span class='ocrx_word' id='word_1_426' title='bbox 3544 3181 3702 3236; x_wconf 82' lang='grc' dir='ltr'><strong>ΤΖΥ-</strong></span> 
     </span>
    </p>
   </div>
   <div class='ocr_carea' id='block_1_69' title="bbox 2374 3253 3497 3311">
    <p class='ocr_par' dir='ltr' id='par_1_69' title="bbox 2374 3253 3497 3311">
     <span class='ocr_line' id='line_1_69' title="bbox 2374 3253 3497 3311; baseline -0.002 -3"><span class='ocrx_word' id='word_1_427' title='bbox 2374 3257 2851 3311; x_wconf 79' lang='grc' dir='ltr'><strong>ΚΑΝΙΣΤΗΡΙΟΥ</strong></span> <span class='ocrx_word' id='word_1_428' title='bbox 2887 3255 2994 3309; x_wconf 82' lang='grc' dir='ltr'><strong>ΚΑΙ</strong></span> <span class='ocrx_word' id='word_1_429' title='bbox 3026 3255 3165 3309; x_wconf 82' lang='grc' dir='ltr'><strong>ΤΩΝ</strong></span> <span class='ocrx_word' id='word_1_430' title='bbox 3207 3253 3497 3308; x_wconf 83' lang='grc' dir='ltr'><strong>ΚΟΙΠΩΝ.</strong></span> 
     </span>
    </p>
   </div>
   <div class='ocr_carea' id='block_1_70' title="bbox 2184 3357 3772 3437">
    <p class='ocr_par' dir='ltr' id='par_1_70' title="bbox 2184 3357 3772 3437">
     <span class='ocr_line' id='line_1_70' title="bbox 2184 3357 3772 3437; baseline -0.004 -20"><span class='ocrx_word' id='word_1_431' title='bbox 2184 3363 2245 3418; x_wconf 73' lang='grc' dir='ltr'>Αἱ</span> <span class='ocrx_word' id='word_1_432' title='bbox 2295 3360 2501 3437; x_wconf 73' lang='grc' dir='ltr'>χαλκαῖ</span> <span class='ocrx_word' id='word_1_433' title='bbox 2555 3357 2748 3432; x_wconf 69' lang='grc' dir='ltr'>πύλαι,</span> <span class='ocrx_word' id='word_1_434' title='bbox 2789 3360 2844 3414; x_wconf 67' lang='grc' dir='ltr'><strong>αἱ</strong></span> <span class='ocrx_word' id='word_1_435' title='bbox 2891 3358 3171 3430; x_wconf 72' lang='grc' dir='ltr'><strong>ῖστάμεναι</strong></span> <span class='ocrx_word' id='word_1_436' title='bbox 3225 3357 3300 3420; x_wconf 79' lang='grc' dir='ltr'><strong>εἷς</strong></span> <span class='ocrx_word' id='word_1_437' title='bbox 3369 3359 3466 3425; x_wconf 73' lang='grc' dir='ltr'>τήν</span> <span class='ocrx_word' id='word_1_438' title='bbox 3522 3357 3772 3434; x_wconf 78' lang='grc' dir='ltr'>Τρικύμ-</span> 
     </span>
    </p>
   </div>
   <div class='ocr_carea' id='block_1_71' title="bbox 2111 3444 3772 3523">
    <p class='ocr_par' dir='ltr' id='par_1_71' title="bbox 2111 3444 3772 3523">
     <span class='ocr_line' id='line_1_71' title="bbox 2111 3444 3772 3523; baseline -0.002 -19"><span class='ocrx_word' id='word_1_439' title='bbox 2111 3445 2281 3504; x_wconf 76' lang='grc' dir='ltr'>ϐαλον</span> <span class='ocrx_word' id='word_1_440' title='bbox 2353 3453 2450 3504; x_wconf 76' lang='grc' dir='ltr'>τοῦ</span> <span class='ocrx_word' id='word_1_441' title='bbox 2523 3446 3000 3523; x_wconf 84' lang='grc' dir='ltr'>Τζυκανιστηρίου,</span> <span class='ocrx_word' id='word_1_442' title='bbox 3081 3447 3226 3520; x_wconf 89' lang='grc' dir='ltr'><strong>παρὰ</strong></span> <span class='ocrx_word' id='word_1_443' title='bbox 3301 3444 3592 3503; x_wconf 83' lang='grc' dir='ltr'>Βασιλείου</span> <span class='ocrx_word' id='word_1_444' title='bbox 3670 3450 3772 3500; x_wconf 77' lang='grc' dir='ltr'>τοῦ</span> 
     </span>
    </p>
   </div>
   <div class='ocr_carea' id='block_1_72' title="bbox 2111 3530 3769 3610">
    <p class='ocr_par' dir='ltr' id='par_1_72' title="bbox 2111 3530 3769 3610">
     <span class='ocr_line' id='line_1_72' title="bbox 2111 3530 3769 3610; baseline -0.002 -19"><span class='ocrx_word' id='word_1_445' title='bbox 2111 3532 2381 3597; x_wconf 65' lang='grc' dir='ltr'>ϐασιλέως</span> <span class='ocrx_word' id='word_1_446' title='bbox 2429 3537 2742 3610; x_wconf 79' lang='grc' dir='ltr'>ἐπήρθησαν</span> <span class='ocrx_word' id='word_1_447' title='bbox 2800 3535 2906 3590; x_wconf 80' lang='grc' dir='ltr'><strong>ἀπὸ</strong></span> <span class='ocrx_word' id='word_1_448' title='bbox 2961 3540 3069 3591; x_wconf 85' lang='grc' dir='ltr'><strong>τῶν</strong></span> <span class='ocrx_word' id='word_1_449' title='bbox 3130 3530 3387 3608; x_wconf 77' lang='grc' dir='ltr'>ἐμϐόλων</span> <span class='ocrx_word' id='word_1_450' title='bbox 3441 3537 3537 3589; x_wconf 78' lang='grc' dir='ltr'><strong>τοῦ</strong></span> <span class='ocrx_word' id='word_1_451' title='bbox 3582 3535 3769 3609; x_wconf 83' lang='grc' dir='ltr'>Φόρου</span> 
     </span>
    </p>
   </div>
   <div class='ocr_carea' id='block_1_73' title="bbox 2107 3621 3769 3702">
    <p class='ocr_par' dir='ltr' id='par_1_73' title="bbox 2107 3621 3769 3702">
     <span class='ocr_line' id='line_1_73' title="bbox 2107 3621 3769 3702; baseline -0.003 -19"><span class='ocrx_word' id='word_1_452' title='bbox 2107 3631 2215 3683; x_wconf 78' lang='grc' dir='ltr'><strong>τῶν</strong></span> <span class='ocrx_word' id='word_1_453' title='bbox 2258 3624 2596 3702; x_wconf 88' lang='grc' dir='ltr'>Χαλιναρίων</span> <span class='ocrx_word' id='word_1_454' title='bbox 2633 3644 2645 3658; x_wconf 75' lang='grc' dir='ltr'><strong>ο</strong></span> <span class='ocrx_word' id='word_1_455' title='bbox 2705 3624 3003 3695; x_wconf 71' lang='grc' dir='ltr'><strong>ἰστᾶθησαν</strong></span> <span class='ocrx_word' id='word_1_456' title='bbox 3061 3622 3117 3680; x_wconf 71' lang='grc' dir='ltr'>δὲ</span> <span class='ocrx_word' id='word_1_457' title='bbox 3166 3626 3313 3698; x_wconf 85' lang='grc' dir='ltr'><strong>παρά</strong></span> <span class='ocrx_word' id='word_1_458' title='bbox 3359 3627 3454 3679; x_wconf 78' lang='grc' dir='ltr'><strong>τοῦ</strong></span> <span class='ocrx_word' id='word_1_459' title='bbox 3502 3621 3769 3699; x_wconf 84' lang='grc' dir='ltr'>Μεγάλου</span> 
     </span>
    </p>
   </div>
   <div class='ocr_carea' id='block_1_74' title="bbox 2111 3710 3762 3790">
    <p class='ocr_par' dir='ltr' id='par_1_74' title="bbox 2111 3710 3762 3790">
     <span class='ocr_line' id='line_1_74' title="bbox 2111 3710 3762 3790; baseline -0.002 -19"><span class='ocrx_word' id='word_1_460' title='bbox 2111 3715 2517 3772; x_wconf 78' lang='grc' dir='ltr'><strong>Κωνσταντίνου</strong></span> <span class='ocrx_word' id='word_1_461' title='bbox 2575 3714 2795 3790; x_wconf 75' lang='grc' dir='ltr'>ἀντικρὺ</span> <span class='ocrx_word' id='word_1_462' title='bbox 2844 3719 2940 3768; x_wconf 73' lang='grc' dir='ltr'>τοῦ</span> <span class='ocrx_word' id='word_1_463' title='bbox 2988 3714 3222 3768; x_wconf 82' lang='grc' dir='ltr'><strong>Σενάτου</strong></span> <span class='ocrx_word' id='word_1_464' title='bbox 3256 3734 3267 3746; x_wconf 72' lang='grc' dir='ltr'>υ</span> <span class='ocrx_word' id='word_1_465' title='bbox 3325 3713 3509 3775; x_wconf 81' lang='grc' dir='ltr'><strong>κτίσας</strong></span> <span class='ocrx_word' id='word_1_466' title='bbox 3557 3710 3612 3767; x_wconf 67' lang='grc' dir='ltr'>δὲ</span> <span class='ocrx_word' id='word_1_467' title='bbox 3661 3713 3762 3782; x_wconf 75' lang='grc' dir='ltr'><strong>τὴν</strong></span> 
     </span>
    </p>
   </div>
   <div class='ocr_carea' id='block_1_75' title="bbox 2109 3802 3281 3879">
    <p class='ocr_par' dir='ltr' id='par_1_75' title="bbox 2109 3802 3281 3879">
     <span class='ocr_line' id='line_1_75' title="bbox 2109 3802 3281 3879; baseline -0.003 -18"><span class='ocrx_word' id='word_1_468' title='bbox 2109 3807 2268 3879; x_wconf 72' lang='grc' dir='ltr'><strong>Νέαν,</strong></span> <span class='ocrx_word' id='word_1_469' title='bbox 2298 3804 2467 3879; x_wconf 80' lang='grc' dir='ltr'><strong>ἐπῆρε</strong></span> <span class='ocrx_word' id='word_1_470' title='bbox 2495 3803 2693 3867; x_wconf 74' lang='grc' dir='ltr'><strong>ταύτας</strong></span> <span class='ocrx_word' id='word_1_471' title='bbox 2725 3804 2814 3859; x_wconf 80' lang='grc' dir='ltr'><strong>καὶ</strong></span> <span class='ocrx_word' id='word_1_472' title='bbox 2848 3803 3056 3878; x_wconf 78' lang='grc' dir='ltr'><strong>ἀπῆγεν</strong></span> <span class='ocrx_word' id='word_1_473' title='bbox 3090 3802 3281 3858; x_wconf 77' lang='grc' dir='ltr'><strong>ἐκεῖσε.</strong></span> 
     </span>
    </p>
   </div>
   <div class='ocr_carea' id='block_1_76' title="bbox 2695 3980 3175 4057">
    <p class='ocr_par' dir='ltr' id='par_1_76' title="bbox 2695 3980 3175 4057">
     <span class='ocr_line' id='line_1_76' title="bbox 2695 3980 3175 4057; baseline 0 -19"><span class='ocrx_word' id='word_1_474' title='bbox 2695 3980 2828 4057; x_wconf 87' lang='grc' dir='ltr'><strong>Περὶ</strong></span> <span class='ocrx_word' id='word_1_475' title='bbox 2864 3985 2961 4036; x_wconf 79' lang='grc' dir='ltr'>τοῦ</span> <span class='ocrx_word' id='word_1_476' title='bbox 2992 3980 3175 4038; x_wconf 77' lang='grc' dir='ltr'><strong>αὐτοῦ.</strong></span> 
     </span>
    </p>
   </div>
   <div class='ocr_carea' id='block_1_77' title="bbox 2178 4069 3768 4147">
    <p class='ocr_par' dir='ltr' id='par_1_77' title="bbox 2178 4069 3768 4147">
     <span class='ocr_line' id='line_1_77' title="bbox 2178 4069 3768 4147; baseline -0.001 -18"><span class='ocrx_word' id='word_1_477' title='bbox 2178 4074 2252 4130; x_wconf 91' lang='grc' dir='ltr'><strong>Τὸ</strong></span> <span class='ocrx_word' id='word_1_478' title='bbox 2287 4071 2344 4127; x_wconf 69' lang='grc' dir='ltr'>δὲ</span> <span class='ocrx_word' id='word_1_479' title='bbox 2384 4073 2840 4147; x_wconf 83' lang='grc' dir='ltr'>Τζυκανιστήριον</span> <span class='ocrx_word' id='word_1_480' title='bbox 2899 4069 3074 4126; x_wconf 74' lang='grc' dir='ltr'><strong>ἔκτισε</strong></span> <span class='ocrx_word' id='word_1_481' title='bbox 3131 4069 3420 4134; x_wconf 82' lang='grc' dir='ltr'>Θεοδόσιος</span> <span class='ocrx_word' id='word_1_482' title='bbox 3475 4073 3502 4126; x_wconf 92' lang='grc' dir='ltr'><strong>ὁ</strong></span> <span class='ocrx_word' id='word_1_483' title='bbox 3536 4071 3768 4144; x_wconf 87' lang='grc' dir='ltr'>Μικρός.</span> 
     </span>
    </p>
   </div>
   <div class='ocr_carea' id='block_1_78' title="bbox 2109 4156 3770 4236">
    <p class='ocr_par' dir='ltr' id='par_1_78' title="bbox 2109 4156 3770 4236">
     <span class='ocr_line' id='line_1_78' title="bbox 2109 4156 3770 4236; baseline -0.002 -18"><span class='ocrx_word' id='word_1_484' title='bbox 2109 4161 2217 4218; x_wconf 87' lang='grc' dir='ltr'><strong>Τὸν</strong></span> <span class='ocrx_word' id='word_1_485' title='bbox 2252 4157 2310 4214; x_wconf 80' lang='grc' dir='ltr'>δὶ</span> <span class='ocrx_word' id='word_1_486' title='bbox 2327 4159 2655 4235; x_wconf 82' lang='grc' dir='ltr'>Τρουλωτὸν</span> <span class='ocrx_word' id='word_1_487' title='bbox 2686 4158 2916 4216; x_wconf 76' lang='grc' dir='ltr'>σταῦλον</span> <span class='ocrx_word' id='word_1_488' title='bbox 2967 4156 3141 4215; x_wconf 70' lang='grc' dir='ltr'><strong>ἔκτισε</strong></span> <span class='ocrx_word' id='word_1_489' title='bbox 3169 4158 3401 4236; x_wconf 74' lang='grc' dir='ltr'>Μιχαὴλ</span> <span class='ocrx_word' id='word_1_490' title='bbox 3437 4161 3464 4215; x_wconf 83' lang='grc' dir='ltr'>ὁ</span> <span class='ocrx_word' id='word_1_491' title='bbox 3495 4161 3613 4224; x_wconf 71' lang='grc' dir='ltr'><strong>υἱὸς</strong></span> <span class='ocrx_word' id='word_1_492' title='bbox 3643 4167 3770 4215; x_wconf 87' lang='grc' dir='ltr'><strong>Θεο-</strong></span> 
     </span>
    </p>
   </div>
   <div class='ocr_carea' id='block_1_79' title="bbox 2109 4247 3777 4327">
    <p class='ocr_par' dir='ltr' id='par_1_79' title="bbox 2109 4247 3777 4327">
     <span class='ocr_line' id='line_1_79' title="bbox 2109 4247 3777 4327; baseline 0 -24"><span class='ocrx_word' id='word_1_493' title='bbox 2109 4249 2295 4327; x_wconf 74' lang='grc' dir='ltr'>φίλου,</span> <span class='ocrx_word' id='word_1_494' title='bbox 2327 4247 2611 4322; x_wconf 73' lang='grc' dir='ltr'>κόσμήσας</span> <span class='ocrx_word' id='word_1_495' title='bbox 2653 4248 2839 4320; x_wconf 78' lang='grc' dir='ltr'><strong>αὐτὸν,</strong></span> <span class='ocrx_word' id='word_1_496' title='bbox 2889 4250 2977 4303; x_wconf 80' lang='grc' dir='ltr'><strong>καὶ</strong></span> <span class='ocrx_word' id='word_1_497' title='bbox 3033 4251 3406 4324; x_wconf 87' lang='grc' dir='ltr'>μαρμαρώσας</span> <span class='ocrx_word' id='word_1_498' title='bbox 3431 4247 3777 4310; x_wconf 76' lang='grc' dir='ltr'>πολυτελῶς.</span> 
     </span>
    </p>
   </div>
   <div class='ocr_carea' id='block_1_80' title="bbox 2108 4334 3771 4416">
    <p class='ocr_par' dir='ltr' id='par_1_80' title="bbox 2108 4334 3771 4416">
     <span class='ocr_line' id='line_1_80' title="bbox 2108 4334 3771 4416; baseline -0.003 -19"><span class='ocrx_word' id='word_1_499' title='bbox 2108 4342 2168 4397; x_wconf 93' lang='grc' dir='ltr'>Ὁ</span> <span class='ocrx_word' id='word_1_500' title='bbox 2219 4337 2276 4394; x_wconf 77' lang='grc' dir='ltr'><strong>δι</strong></span> <span class='ocrx_word' id='word_1_501' title='bbox 2315 4338 2605 4402; x_wconf 85' lang='grc' dir='ltr'>Βασίλειος</span> <span class='ocrx_word' id='word_1_502' title='bbox 2656 4339 2684 4393; x_wconf 80' lang='grc' dir='ltr'>ὁ</span> <span class='ocrx_word' id='word_1_503' title='bbox 2737 4337 3006 4394; x_wconf 82' lang='grc' dir='ltr'><strong>Μακεδὼν</strong></span> <span class='ocrx_word' id='word_1_504' title='bbox 3059 4334 3389 4416; x_wconf 73' lang='grc' dir='ltr'><strong>παρεξὲὄαλε</strong></span> <span class='ocrx_word' id='word_1_505' title='bbox 3447 4339 3509 4394; x_wconf 83' lang='grc' dir='ltr'><strong>τὸ</strong></span> <span class='ocrx_word' id='word_1_506' title='bbox 3562 4344 3771 4407; x_wconf 75' lang='grc' dir='ltr'>Τζυκα-</span> 
     </span>
    </p>
   </div>
   <div class='ocr_carea' id='block_1_81' title="bbox 2107 4425 3771 4504">
    <p class='ocr_par' dir='ltr' id='par_1_81' title="bbox 2107 4425 3771 4504">
     <span class='ocr_line' id='line_1_81' title="bbox 2107 4425 3771 4504; baseline -0.001 -22"><span class='ocrx_word' id='word_1_507' title='bbox 2107 4429 2384 4504; x_wconf 81' lang='grc' dir='ltr'>νιστήριον</span> <span class='ocrx_word' id='word_1_508' title='bbox 2443 4427 2533 4482; x_wconf 86' lang='grc' dir='ltr'><strong>καὶ</strong></span> <span class='ocrx_word' id='word_1_509' title='bbox 2614 4425 2932 4485; x_wconf 78' lang='grc' dir='ltr'><strong>ἐπλάτυνεν.</strong></span> <span class='ocrx_word' id='word_1_510' title='bbox 3011 4433 3098 4482; x_wconf 85' lang='grc' dir='ltr'><strong>Ἐν</strong></span> <span class='ocrx_word' id='word_1_511' title='bbox 3178 4425 3235 4483; x_wconf 72' lang='grc' dir='ltr'>δὲ</span> <span class='ocrx_word' id='word_1_512' title='bbox 3291 4433 3409 4492; x_wconf 87' lang='grc' dir='ltr'><strong>τοῖς</strong></span> <span class='ocrx_word' id='word_1_513' title='bbox 3474 4428 3771 4500; x_wconf 70' lang='grc' dir='ltr'>ἡμετέροις</span> 
     </span>
    </p>
   </div>
   <div class='ocr_carea' id='block_1_82' title="bbox 2109 4515 3771 4594">
    <p class='ocr_par' dir='ltr' id='par_1_82' title="bbox 2109 4515 3771 4594">
     <span class='ocr_line' id='line_1_82' title="bbox 2109 4515 3771 4594; baseline -0.001 -22"><span class='ocrx_word' id='word_1_514' title='bbox 2109 4515 2336 4594; x_wconf 83' lang='grc' dir='ltr'>χρόνοις</span> <span class='ocrx_word' id='word_1_515' title='bbox 2395 4516 2588 4572; x_wconf 87' lang='grc' dir='ltr'><strong>πλεῖον</strong></span> <span class='ocrx_word' id='word_1_516' title='bbox 2659 4515 2866 4572; x_wconf 76' lang='grc' dir='ltr'><strong>τούτων</strong></span> <span class='ocrx_word' id='word_1_517' title='bbox 2945 4515 3208 4573; x_wconf 70' lang='grc' dir='ltr'><strong>ὲπλάτυνε</strong></span> <span class='ocrx_word' id='word_1_518' title='bbox 3280 4522 3682 4578; x_wconf 84' lang='grc' dir='ltr'><strong>Κωνσναντῖνος</strong></span> <span class='ocrx_word' id='word_1_519' title='bbox 3742 4516 3771 4570; x_wconf 85' lang='grc' dir='ltr'><strong>ὁ</strong></span> 
     </span>
    </p>
   </div>
   <div class='ocr_carea' id='block_1_83' title="bbox 2107 4602 3765 4680">
    <p class='ocr_par' dir='ltr' id='par_1_83' title="bbox 2107 4602 3765 4680">
     <span class='ocr_line' id='line_1_83' title="bbox 2107 4602 3765 4680; baseline -0.001 -21"><span class='ocrx_word' id='word_1_520' title='bbox 2107 4609 2335 4673; x_wconf 79' lang='grc' dir='ltr'>Δοῦκας,</span> <span class='ocrx_word' id='word_1_521' title='bbox 2393 4603 2577 4664; x_wconf 80' lang='grc' dir='ltr'><strong>κτίσας</strong></span> <span class='ocrx_word' id='word_1_522' title='bbox 2631 4605 2720 4658; x_wconf 80' lang='grc' dir='ltr'>καὶ</span> <span class='ocrx_word' id='word_1_523' title='bbox 2782 4603 2873 4658; x_wconf 85' lang='grc' dir='ltr'><strong>τὸν</strong></span> <span class='ocrx_word' id='word_1_524' title='bbox 2938 4604 3101 4680; x_wconf 71' lang='grc' dir='ltr'><strong>μεγαν</strong></span> <span class='ocrx_word' id='word_1_525' title='bbox 3160 4602 3477 4680; x_wconf 87' lang='grc' dir='ltr'>Τρίκλινον,</span> <span class='ocrx_word' id='word_1_526' title='bbox 3506 4605 3601 4659; x_wconf 83' lang='grc' dir='ltr'><strong>τὸν</strong></span> <span class='ocrx_word' id='word_1_527' title='bbox 3650 4605 3765 4660; x_wconf 85' lang='grc' dir='ltr'><strong>Ἱπ-</strong></span> 
     </span>
    </p>
   </div>
   <div class='ocr_carea' id='block_1_84' title="bbox 2110 4688 3155 4769">
    <p class='ocr_par' dir='ltr' id='par_1_84' title="bbox 2110 4688 3155 4769">
     <span class='ocr_line' id='line_1_84' title="bbox 2110 4688 3155 4769; baseline -0.002 -19"><span class='ocrx_word' id='word_1_528' title='bbox 2110 4691 2415 4769; x_wconf 75' lang='grc' dir='ltr'>πόδρομον,</span> <span class='ocrx_word' id='word_1_529' title='bbox 2445 4693 2535 4748; x_wconf 82' lang='grc' dir='ltr'>καὶ</span> <span class='ocrx_word' id='word_1_530' title='bbox 2555 4693 2646 4748; x_wconf 90' lang='grc' dir='ltr'><strong>τὸν</strong></span> <span class='ocrx_word' id='word_1_531' title='bbox 2678 4689 2771 4748; x_wconf 63' lang='grc' dir='ltr'><strong>ἕνα</strong></span> <span class='ocrx_word' id='word_1_532' title='bbox 2796 4688 3155 4749; x_wconf 74' lang='grc' dir='ltr'>κούϐουκλον.</span> 
     </span>
    </p>
   </div>
   <div class='ocr_carea' id='block_1_85' title="bbox 2461 4780 3411 4861">
    <p class='ocr_par' dir='ltr' id='par_1_85' title="bbox 2461 4780 3411 4861">
     <span class='ocr_line' id='line_1_85' title="bbox 2461 4780 3411 4861; baseline 0.002 -23"><span class='ocrx_word' id='word_1_533' title='bbox 2461 4780 2592 4856; x_wconf 80' lang='grc' dir='ltr'><strong>Περὶ</strong></span> <span class='ocrx_word' id='word_1_534' title='bbox 2616 4786 2713 4838; x_wconf 81' lang='grc' dir='ltr'>τοῦ</span> <span class='ocrx_word' id='word_1_535' title='bbox 2744 4781 2910 4838; x_wconf 76' lang='grc' dir='ltr'>αὐτοῦ</span> <span class='ocrx_word' id='word_1_536' title='bbox 2958 4781 3238 4861; x_wconf 76' lang='grc' dir='ltr'>ἀφήλησις</span> <span class='ocrx_word' id='word_1_537' title='bbox 3269 4782 3411 4854; x_wconf 75' lang='grc' dir='ltr'>ξένη.</span> 
     </span>
    </p>
   </div>
   <div class='ocr_carea' id='block_1_86' title="bbox 2181 4870 3767 4948">
    <p class='ocr_par' dir='ltr' id='par_1_86' title="bbox 2181 4870 3767 4948">
     <span class='ocr_line' id='line_1_86' title="bbox 2181 4870 3767 4948; baseline -0.002 -19"><span class='ocrx_word' id='word_1_538' title='bbox 2181 4875 2277 4930; x_wconf 87' lang='grc' dir='ltr'><strong>Ἐκ</strong></span> <span class='ocrx_word' id='word_1_539' title='bbox 2325 4878 2424 4942; x_wconf 81' lang='grc' dir='ltr'><strong>τῆς</strong></span> <span class='ocrx_word' id='word_1_540' title='bbox 2485 4870 2724 4927; x_wconf 85' lang='grc' dir='ltr'>Ἰκονίων</span> <span class='ocrx_word' id='word_1_541' title='bbox 2804 4873 3021 4934; x_wconf 74' lang='grc' dir='ltr'>πόλεως</span> <span class='ocrx_word' id='word_1_542' title='bbox 3092 4872 3339 4948; x_wconf 70' lang='grc' dir='ltr'><strong>Περσέως</strong></span> <span class='ocrx_word' id='word_1_543' title='bbox 3400 4872 3618 4945; x_wconf 74' lang='grc' dir='ltr'><strong>στῆλαι,</strong></span> <span class='ocrx_word' id='word_1_544' title='bbox 3675 4873 3767 4928; x_wconf 81' lang='grc' dir='ltr'><strong>καὶ</strong></span> 
     </span>
    </p>
   </div>
   <div class='ocr_carea' id='block_1_87' title="bbox 2113 4958 3764 5038">
    <p class='ocr_par' dir='ltr' id='par_1_87' title="bbox 2113 4958 3764 5038">
     <span class='ocr_line' id='line_1_87' title="bbox 2113 4958 3764 5038; baseline -0.001 -22"><span class='ocrx_word' id='word_1_545' title='bbox 2113 4958 2504 5038; x_wconf 71' lang='grc' dir='ltr'><strong>Ἀνδρομέδης,</strong></span> <span class='ocrx_word' id='word_1_546' title='bbox 2564 4962 2826 5036; x_wconf 87' lang='grc' dir='ltr'>θυγατρὸς</span> <span class='ocrx_word' id='word_1_547' title='bbox 2905 4959 3217 5037; x_wconf 82' lang='grc' dir='ltr'><strong>βασιλικῆς,</strong></span> <span class='ocrx_word' id='word_1_548' title='bbox 3287 4961 3502 5031; x_wconf 69' lang='grc' dir='ltr'><strong>ἤκασιν.</strong></span> <span class='ocrx_word' id='word_1_549' title='bbox 3563 4964 3650 5024; x_wconf 80' lang='grc' dir='ltr'><strong>Ὠς</strong></span> <span class='ocrx_word' id='word_1_550' title='bbox 3713 4963 3764 5016; x_wconf 76' lang='grc' dir='ltr'>οἱ</span> 
     </span>
    </p>
   </div>
   <div class='ocr_carea' id='block_1_88' title="bbox 2118 5046 3766 5129">
    <p class='ocr_par' dir='ltr' id='par_1_88' title="bbox 2118 5046 3766 5129">
     <span class='ocr_line' id='line_1_88' title="bbox 2118 5046 3766 5129; baseline 0 -24"><span class='ocrx_word' id='word_1_551' title='bbox 2118 5049 2277 5124; x_wconf 77' lang='grc' dir='ltr'>μῦθοί</span> <span class='ocrx_word' id='word_1_552' title='bbox 2336 5070 2485 5124; x_wconf 80' lang='grc' dir='ltr'><strong>φασι,</strong></span> <span class='ocrx_word' id='word_1_553' title='bbox 2547 5046 2758 5103; x_wconf 75' lang='grc' dir='ltr'>ἐδίδουν</span> <span class='ocrx_word' id='word_1_554' title='bbox 2815 5050 2998 5113; x_wconf 85' lang='grc' dir='ltr'>θυσίαν</span> <span class='ocrx_word' id='word_1_555' title='bbox 3054 5055 3134 5121; x_wconf 83' lang='grc' dir='ltr'><strong>τῷ</strong></span> <span class='ocrx_word' id='word_1_556' title='bbox 3189 5049 3359 5106; x_wconf 80' lang='grc' dir='ltr'><strong>ἐκεῖσε</strong></span> <span class='ocrx_word' id='word_1_557' title='bbox 3407 5048 3766 5129; x_wconf 79' lang='grc' dir='ltr'>ἐμφολεύοντι</span> 
     </span>
    </p>
   </div>
   <div class='ocr_carea' id='block_1_89' title="bbox 2115 5138 3768 5216">
    <p class='ocr_par' dir='ltr' id='par_1_89' title="bbox 2115 5138 3768 5216">
     <span class='ocr_line' id='line_1_89' title="bbox 2115 5138 3768 5216; baseline -0.001 -20"><span class='ocrx_word' id='word_1_558' title='bbox 2115 5139 2583 5214; x_wconf 79' lang='grc' dir='ltr'>δράκοντι,κόρην</span> <span class='ocrx_word' id='word_1_559' title='bbox 2637 5139 2902 5214; x_wconf 72' lang='grc' dir='ltr'><strong>παρθὲνον</strong></span> <span class='ocrx_word' id='word_1_560' title='bbox 2937 5157 2950 5172; x_wconf 74' lang='grc'>⁸</span> <span class='ocrx_word' id='word_1_561' title='bbox 3002 5138 3138 5211; x_wconf 76' lang='grc' dir='ltr'>αὕτη</span> <span class='ocrx_word' id='word_1_562' title='bbox 3195 5140 3297 5216; x_wconf 78' lang='grc' dir='ltr'><strong>γὰρ</strong></span> <span class='ocrx_word' id='word_1_563' title='bbox 3348 5143 3412 5210; x_wconf 76' lang='grc' dir='ltr'>ἦν</span> <span class='ocrx_word' id='word_1_564' title='bbox 3446 5144 3480 5210; x_wconf 81' lang='grc' dir='ltr'><strong>ἡ</strong></span> <span class='ocrx_word' id='word_1_565' title='bbox 3514 5142 3768 5210; x_wconf 76' lang='grc' dir='ltr'>συνήθεια</span> 
     </span>
    </p>
   </div>
   <div class='ocr_carea' id='block_1_90' title="bbox 2110 5225 3768 5304">
    <p class='ocr_par' dir='ltr' id='par_1_90' title="bbox 2110 5225 3768 5304">
     <span class='ocr_line' id='line_1_90' title="bbox 2110 5225 3768 5304; baseline -0.001 -18"><span class='ocrx_word' id='word_1_566' title='bbox 2110 5235 2190 5302; x_wconf 81' lang='grc' dir='ltr'><strong>τῷ</strong></span> <span class='ocrx_word' id='word_1_567' title='bbox 2219 5227 2418 5302; x_wconf 79' lang='grc' dir='ltr'>θηρίῳ,</span> <span class='ocrx_word' id='word_1_568' title='bbox 2453 5227 2543 5282; x_wconf 78' lang='grc' dir='ltr'><strong>ὅτε</strong></span> <span class='ocrx_word' id='word_1_569' title='bbox 2571 5227 2661 5282; x_wconf 89' lang='grc' dir='ltr'><strong>καὶ</strong></span> <span class='ocrx_word' id='word_1_570' title='bbox 2704 5225 3046 5304; x_wconf 78' lang='grc' dir='ltr'>Ἀνδρομέδα</span> <span class='ocrx_word' id='word_1_571' title='bbox 3105 5227 3318 5284; x_wconf 81' lang='grc' dir='ltr'><strong>δεθεῖσα</strong></span> <span class='ocrx_word' id='word_1_572' title='bbox 3369 5228 3571 5303; x_wconf 78' lang='grc' dir='ltr'>ἔμελλε</span> <span class='ocrx_word' id='word_1_573' title='bbox 3624 5227 3768 5302; x_wconf 75' lang='grc' dir='ltr'><strong>τῷδε</strong></span> 
     </span>
    </p>
   </div>
   <div class='ocr_carea' id='block_1_91' title="bbox 2118 5316 3767 5396">
    <p class='ocr_par' dir='ltr' id='par_1_91' title="bbox 2118 5316 3767 5396">
     <span class='ocr_line' id='line_1_91' title="bbox 2118 5316 3767 5396; baseline -0.001 -22"><span class='ocrx_word' id='word_1_574' title='bbox 2118 5318 2253 5396; x_wconf 86' lang='grc' dir='ltr'><strong>βορᾶ</strong></span> <span class='ocrx_word' id='word_1_575' title='bbox 2291 5317 2562 5392; x_wconf 70' lang='grc' dir='ltr'><strong>γενὶσθαι.</strong></span> <span class='ocrx_word' id='word_1_576' title='bbox 2622 5317 2683 5373; x_wconf 91' lang='grc' dir='ltr'>Ὁ</span> <span class='ocrx_word' id='word_1_577' title='bbox 2739 5321 2871 5392; x_wconf 76' lang='grc' dir='ltr'>γοῦν</span> <span class='ocrx_word' id='word_1_578' title='bbox 2920 5317 3156 5393; x_wconf 79' lang='grc' dir='ltr'><strong>Περσεὺς</strong></span> <span class='ocrx_word' id='word_1_579' title='bbox 3215 5318 3388 5373; x_wconf 76' lang='grc' dir='ltr'><strong>ἐκεῖσε</strong></span> <span class='ocrx_word' id='word_1_580' title='bbox 3435 5316 3609 5383; x_wconf 73' lang='grc' dir='ltr'>ἐλθὼν</span> <span class='ocrx_word' id='word_1_581' title='bbox 3664 5319 3767 5373; x_wconf 73' lang='grc' dir='ltr'><strong>πύ-</strong></span> 
     </span>
    </p>
   </div>
   <div class='ocr_carea' id='block_1_92' title="bbox 2113 5403 3770 5482">
    <p class='ocr_par' dir='ltr' id='par_1_92' title="bbox 2113 5403 3770 5482">
     <span class='ocr_line' id='line_1_92' title="bbox 2113 5403 3770 5482; baseline 0 -19"><span class='ocrx_word' id='word_1_582' title='bbox 2113 5411 2259 5463; x_wconf 82' lang='grc' dir='ltr'><strong>θεται</strong></span> <span class='ocrx_word' id='word_1_583' title='bbox 2287 5404 2591 5476; x_wconf 79' lang='grc' dir='ltr'>κλαιούσης</span> <span class='ocrx_word' id='word_1_584' title='bbox 2638 5413 2741 5476; x_wconf 86' lang='grc' dir='ltr'><strong>τῆς</strong></span> <span class='ocrx_word' id='word_1_585' title='bbox 2788 5408 3046 5482; x_wconf 85' lang='grc' dir='ltr'>γυναικός</span> <span class='ocrx_word' id='word_1_586' title='bbox 3077 5428 3088 5439; x_wconf 91' lang='grc'><strong>·</strong></span> <span class='ocrx_word' id='word_1_587' title='bbox 3143 5410 3176 5476; x_wconf 77' lang='grc' dir='ltr'>ἡ</span> <span class='ocrx_word' id='word_1_588' title='bbox 3231 5406 3287 5463; x_wconf 69' lang='grc' dir='ltr'>δὲ</span> <span class='ocrx_word' id='word_1_589' title='bbox 3333 5409 3395 5463; x_wconf 90' lang='grc' dir='ltr'><strong>τὸ</strong></span> <span class='ocrx_word' id='word_1_590' title='bbox 3441 5403 3651 5480; x_wconf 74' lang='grc' dir='ltr'>συμϐὰν</span> <span class='ocrx_word' id='word_1_591' title='bbox 3685 5408 3770 5479; x_wconf 80' lang='grc' dir='ltr'><strong>ἐξ-</strong></span> 
     </span>
    </p>
   </div>
   <div class='ocr_carea' id='block_1_93' title="bbox 2114 5492 3766 5573">
    <p class='ocr_par' dir='ltr' id='par_1_93' title="bbox 2114 5492 3766 5573">
     <span class='ocr_line' id='line_1_93' title="bbox 2114 5492 3766 5573; baseline 0 -22"><span class='ocrx_word' id='word_1_592' title='bbox 2114 5500 2378 5573; x_wconf 76' lang='grc' dir='ltr'>ηγήσατο.</span> <span class='ocrx_word' id='word_1_593' title='bbox 2412 5497 2523 5551; x_wconf 75' lang='grc' dir='ltr'><strong>Τοῦ</strong></span> <span class='ocrx_word' id='word_1_594' title='bbox 2577 5492 2630 5551; x_wconf 70' lang='grc' dir='ltr'>δὲ</span> <span class='ocrx_word' id='word_1_595' title='bbox 2686 5497 3031 5568; x_wconf 83' lang='grc' dir='ltr'><strong>καθιστάτον,</strong></span> <span class='ocrx_word' id='word_1_596' title='bbox 3086 5497 3363 5571; x_wconf 87' lang='grc' dir='ltr'>Γοργόνης</span> <span class='ocrx_word' id='word_1_597' title='bbox 3411 5496 3656 5571; x_wconf 75' lang='grc' dir='ltr'>κεφαλὴν</span> <span class='ocrx_word' id='word_1_598' title='bbox 3713 5497 3766 5551; x_wconf 82' lang='grc' dir='ltr'><strong>ἐν</strong></span> 
     </span>
    </p>
   </div>
   <div class='ocr_carea' id='block_1_94' title="bbox 2112 5583 3767 5665">
    <p class='ocr_par' dir='ltr' id='par_1_94' title="bbox 2112 5583 3767 5665">
     <span class='ocr_line' id='line_1_94' title="bbox 2112 5583 3767 5665; baseline 0.001 -25"><span class='ocrx_word' id='word_1_599' title='bbox 2112 5589 2272 5663; x_wconf 80' lang='grc' dir='ltr'><strong>πείρᾳ</strong></span> <span class='ocrx_word' id='word_1_600' title='bbox 2320 5583 2673 5660; x_wconf 69' lang='grc' dir='ltr'>κατίχοντος,</span> <span class='ocrx_word' id='word_1_601' title='bbox 2750 5587 3132 5663; x_wconf 80' lang='grc' dir='ltr'><strong>ὀπισσοφανῶς</strong></span> <span class='ocrx_word' id='word_1_602' title='bbox 3199 5587 3472 5665; x_wconf 78' lang='grc' dir='ltr'><strong>στραφεὶς,</strong></span> <span class='ocrx_word' id='word_1_603' title='bbox 3533 5584 3767 5641; x_wconf 87' lang='grc' dir='ltr'>δείκνυσι</span> 
     </span>
    </p>
   </div>
   <div class='ocr_carea' id='block_1_95' title="bbox 2111 5672 3765 5754">
    <p class='ocr_par' dir='ltr' id='par_1_95' title="bbox 2111 5672 3765 5754">
     <span class='ocr_line' id='line_1_95' title="bbox 2111 5672 3765 5754; baseline -0.002 -19"><span class='ocrx_word' id='word_1_604' title='bbox 2111 5683 2191 5752; x_wconf 75' lang='grc' dir='ltr'><strong>τῷ</strong></span> <span class='ocrx_word' id='word_1_605' title='bbox 2222 5675 2402 5751; x_wconf 82' lang='grc' dir='ltr'>θηρίῳ</span> <span class='ocrx_word' id='word_1_606' title='bbox 2424 5675 2488 5730; x_wconf 83' lang='grc' dir='ltr'><strong>τὸ</strong></span> <span class='ocrx_word' id='word_1_607' title='bbox 2519 5672 2886 5751; x_wconf 77' lang='grc' dir='ltr'>δηλητήριον,</span> <span class='ocrx_word' id='word_1_608' title='bbox 2937 5674 3002 5746; x_wconf 76' lang='grc' dir='ltr'><strong>ἤν</strong></span> <span class='ocrx_word' id='word_1_609' title='bbox 3041 5673 3170 5731; x_wconf 81' lang='grc' dir='ltr'>ἰδὼν</span> <span class='ocrx_word' id='word_1_610' title='bbox 3193 5676 3256 5732; x_wconf 86' lang='grc' dir='ltr'><strong>τὸ</strong></span> <span class='ocrx_word' id='word_1_611' title='bbox 3288 5676 3474 5754; x_wconf 85' lang='grc' dir='ltr'>θηρίον</span> <span class='ocrx_word' id='word_1_612' title='bbox 3509 5676 3765 5750; x_wconf 73' lang='grc' dir='ltr'><strong>ἆπὲψυξε,</strong></span> 
     </span>
    </p>
   </div>
  </div>
