4124 6396
341 451 494 546 ηεξ

1472 451 1838 516 ANONYMI
1883 454 2468 527 ANTIQUITATES
2514 458 2632 519 GP.

3605 459 3766 521 1226

339 582 430 638 καὶ
464 579 554 637 διὰ
580 587 742 638 τοῦτο
772 581 984 655 ἐκλήθη
1043 587 1078 654 ἡ
1137 584 1302 647 πόλις
1335 585 1480 660 παρά
1510 582 1840 662 Φίλοδώρου
1895 600 1992 639 Λο-

2114 589 2462 646 Philodorus
2520 590 2786 662 Logista,
2846 590 3110 648 Iconium
3172 595 3374 648 vocata
3429 594 3547 662 cst,
3605 593 3763 664 quod

336 671 522 746 γίστου
574 670 824 740 Ἰκόνιον,
856 670 946 728 διὰ
971 673 1036 728 τὸ
1062 673 1153 728 τὸν
1187 674 1390 749 Περσίς
1442 671 1608 745 δεῖξαι
1660 675 1759 742 τήν
1818 671 2002 728 εἰκόνα

338 761 510 815 ἐκεῖσε
565 768 666 832 τῆς
728 761 1038 839 Γοργόνης.
1095 766 1194 819 Ἠν
1274 760 1333 818 δὶ
1385 767 1456 837 τῇ
1512 762 1673 818 πόλει
1731 761 1995 837 πρότερον

338 845 517 923 ὄνομα
552 856 804 906 Λαναεῖα·
857 849 1042 906 ἔπειτα
1083 850 1335 924 ἐπλήσθη
1387 850 1716 928 θρηνῳδίας,
1765 852 1856 907 καὶ
1915 848 2002 905 οὔ·

334 960 445 1002 τως
503 938 711 1011 ἐκλήθη
764 947 996 1014 Θρῆνος.
1040 942 1205 996 Ἔνθα
1259 942 1350 996 καὶ
1399 940 1693 1011 ἐτελειώθη
1747 942 1774 995 6
1833 940 2000 1002 αὐτὸς

338 1027 568 1104 Περσεὺς
619 1028 712 1083 σὺν
743 1031 814 1101 τῇ
843 1026 1202 1104 Ἀνδρομὲδῃο
1260 1027 1442 1085 ἐπάνω
1475 1027 1532 1085 δί
1559 1037 1662 1099 τῆς
1691 1027 1874 1100 πύλης
1903 1031 2002 1096 τῆς

337 1117 552 1174 πόλεως
585 1117 877 1190 ἐστηλώθη
911 1118 1213 1196 ἀμφότερα.
1263 1119 1334 1176 Δὶ
1381 1117 1439 1174 δὶ
1490 1123 1735 1175 τοιαῦται
1798 1117 1998 1188 στῆλαι

333 1205 524 1276 ἥκασιν
576 1205 665 1262 ἐπὶ
711 1207 1144 1276 Κωνσταντίνου,
1178 1209 1315 1281 μετὰ
1370 1208 1435 1262 τὸ
1469 1207 1837 1284 πληρωθῆναι
1895 1207 1999 1275 τὴν

333 1297 673 1370 ’Δντιοχὲων
708 1294 1028 1367 ἐκκλησίαν,
1077 1296 1168 1352 καὶ
1201 1296 1251 1352 ἐν
1299 1301 1378 1370 τῷ
1422 1296 1650 1373 μεγάλῳ
1709 1303 1999 1351 Κωνσταν-

329 1384 478 1440 τίνου
534 1384 752 1461 λουτρῷ
823 1380 1092 1459 ἔστησαν,
1169 1385 1408 1454 πλησίον
1471 1389 1573 1441 τοῦ
1629 1391 1998 1456 Τζυκανιστη-

333 1475 478 1550 ρίου.

929 1563 1061 1641 Περὶ
1090 1571 1190 1635 τῆς
1221 1566 1382 1627 Νέας.

399 1654 507 1722 Τὴν
533 1650 592 1708 δὲ
620 1652 762 1710 Νέαν
791 1650 988 1724 ἔκτισε,
1021 1654 1110 1708 καὶ
1142 1658 1241 1708 τοῦ
1294 1655 1478 1727 Φόρου
1529 1655 1629 1724 τήν
1679 1653 1998 1730 Ὑπεραγίαν

336 1741 626 1812 Θεοτόκον,
673 1742 764 1798 καὶ
793 1743 860 1798 τὰ
905 1745 1118 1817 Τζήρου
1174 1743 1264 1798 καὶ
1317 1743 1409 1799 τὸν
1468 1746 1658 1818 ’Ἀγιον
1707 1739 1996 1815 Διομήδην

335 1830 626 1895 Βασίλειος
656 1833 684 1888 6
717 1830 1000 1890 Μακεδών.

877 1939 1004 2014 Περὶ
1035 1941 1143 1994 τῶν
1190 1938 1460 2017 Ὁδηγῶν.

401 2030 524 2087 ’Ότι
579 2027 708 2091 τοὺς
758 2027 1026 2104 Ὁδηγοὺς
1087 2025 1264 2085 ἔκτισε
1318 2027 1557 2104 Μιχαὴλ
1614 2030 1642 2084 6
1697 2028 2000 2104 ἀναιρεθεὶς

332 2118 436 2174 ὑπὸ
485 2117 797 2187 Βασιλείου,
831 2118 1093 2194 πρότερον
1146 2119 1295 2173 οἶκον
1349 2117 1683 2194 ὑπάρχοντα.
1749 2117 1852 2174 Καὶ
1908 2137 1998 2171 τυ-

329 2206 484 2284 φλῶν
515 2206 744 2263 πολλῶν
803 2211 874 2281 τῇ
906 2206 1080 2262 ἐκεῖσε
1111 2204 1246 2282 οὔσῃ
1306 2211 1464 2282 πηγῇ
1521 2205 1860 2283 βλεψάντων,
1908 2219 1999 2272 καὶ

327 2297 523 2372 ἐτέρων
556 2295 791 2352 πολλῶν
835 2297 1125 2370 θαυμάτων
1175 2294 1503 2372 γεγονότων,
1563 2293 1774 2366 ἐκλήθη
1834 2292 1998 2365 Ὀδη-

328 2385 423 2460 γὸς
442 2429 455 2446 .

727 2565 857 2642 Περὶ
885 2569 982 2620 τοῦ
1013 2564 1315 2638 Ζευξίππου
1342 2563 1599 2641 λουτροῦ.

397 2657 460 2714 Ὀ
509 2653 567 2710 δὶ
639 2653 940 2728 Ζεύξιππος
986 2655 1050 2710 τὸ
1100 2653 1335 2730 λουτρὸν
1395 2654 1500 2709 ὑπὸ
1560 2649 1806 2730 Ζεϐήρου
1849 2674 2000 2710 κατε.

331 2745 622 2816 σκευάσθη,
673 2744 765 2798 καὶ
823 2742 1184 2820 ἐστοιχειώθη
1246 2744 1504 2808 ἅπτεσθαι
1543 2744 1678 2816 μετά
1723 2739 2001 2812 κανδήλας

335 2831 588 2903 ὑαλίνης,
618 2833 681 2887 τὸ
712 2829 770 2887 δὲ
799 2829 946 2909 ὕδωρ
973 2833 1107 2902 ζὲειν
1157 2829 1434 2910 σφοδρῶς,
1484 2833 1575 2887 καὶ
1603 2833 1694 2886 τὸν
1729 2830 1859 2908 ἀέρα
1902 2835 2000 2886 τοῦ

337 2922 594 2997 λουτροῦ.
646 2919 959 2998 ’Δλόγιστοι
1019 2918 1077 2976 δὲ
1129 2942 1274 2985 τινες
1332 2920 1579 2984 ἐλθόντες
1637 2921 2000 2998 κατέστρεψαν

342 3008 526 3064 τοῦτο’
562 3009 606 3064 ὦ
633 3017 733 3081 τῆς
767 3009 968 3084 ζημίας
996 3012 1009 3066 ί

443 3118 568 3192 Περὶ
602 3123 702 3187 τῆς
733 3118 1030 3191 ἱσταμένης
1061 3119 1272 3188 στήλης
1303 3119 1354 3172 ἓν
1386 3121 1465 3188 τῷ
1495 3115 1883 3192 ’Δρμαμὲντῳ.

404 3207 464 3264 ἹΙ
516 3203 572 3261 δὲ
619 3207 881 3279 ἰσταμένη
943 3205 1121 3277 στήλη
1183 3205 1236 3260 ἐν
1293 3210 1368 3279 τῷ
1428 3204 1792 3281 Ἀρμαμὲντῳ
1823 3210 1995 3260 Φωκᾶ

2029 1964 2076 2029 Β

2111 679 2358 735 Perseus
2389 680 2468 735 ibi
2502 679 2790 752 Gorgonis
2830 680 2999 736 icona
3031 680 3463 738 monstraverit.
3499 681 3763 738 Priscum

2109 784 2246 822 vero
2307 769 2470 824 urbis
2530 785 2744 824 nomen
2805 774 2929 824 erat
2991 771 3263 826 Danaeia.
3314 769 3575 841 Denique
3631 771 3770 841 quia

2111 857 2637 914 lamentationibus
2693 859 2913 930 repleta
2972 864 3114 929 erat,
3147 859 3420 915 Threnus
3465 859 3766 932 cognomi-

2112 952 2249 1002 nata
2310 947 2435 1003 fuit.
2481 947 2543 1002 In
2608 950 2716 1003 hac
2774 948 2920 1004 urbe
2980 952 3229 1004 Perseus
3283 953 3342 1004 et
3396 949 3766 1004 Andromeda

2109 1035 2286 1092 vitam
2343 1041 2694 1109 exegerunt,
2745 1037 2903 1091 unde
2960 1038 3266 1093 amborum
3317 1041 3524 1092 statuas
3583 1041 3762 1109 porta:

2111 1123 2272 1180 urbis
2333 1124 2623 1197 impositae
2681 1129 2844 1180 sunt.
2894 1125 2993 1180 Has
3048 1141 3182 1181 vero
3231 1129 3438 1181 statuae
3497 1131 3763 1198 tempore

2108 1213 2472 1269 Constantini
2541 1215 2794 1270 advectae
2862 1218 3038 1282 sunt,
3110 1219 3420 1286 postquam
3488 1214 3763 1271 absoluta

2109 1302 2220 1357 fuit
2266 1301 2512 1358 ecclesia
2567 1303 3089 1369 Antiochenorum,
3138 1319 3204 1358 ac
3257 1303 3318 1358 in
3369 1319 3584 1376 magno
3632 1303 3766 1360 bal-

2109 1408 2217 1446 neo
2271 1392 2638 1447 Constantini
2695 1408 2874 1464 prope
2921 1391 3421 1465 szcanisterium
3468 1391 3763 1450 collocatis

2107 1485 2268 1536 sunt.

2669 1573 2745 1626 De
2771 1571 3005 1627 ecclesia
3033 1571 3204 1627 Nova.

2178 1658 2499 1715 Ecclesiam
2550 1660 2790 1727 Novam,
2821 1659 3008 1716 aedem
3057 1659 3458 1716 Sanctissimae
3510 1659 3768 1734 Deiparai

2107 1749 2168 1806 in
2221 1750 2384 1818 Foro,
2417 1748 2722 1806 ecclesiam
2773 1750 2832 1806 S.
2866 1749 3171 1808 Michaelis
3217 1750 3384 1806 Tzeri
3430 1750 3650 1808 dictam
3701 1767 3770 1808 ac

2105 1845 2164 1897 S.
2199 1839 2535 1895 Diomedem
2567 1839 2835 1895 condidit
2862 1838 3118 1895 Basilius
3151 1839 3407 1896 Macedo.

2253 1948 2326 2003 De
2367 1947 2594 2003 ecclesia
2624 1947 2874 2018 Πείρεω-ω
2904 1947 3251 2016 Hodegorum
3281 1949 3622 2018 cognomine.

2180 2035 2486 2106 Templum
2547 2036 2606 2091 S.
2661 2035 2915 2107 Deiparaa
2967 2035 3336 2108 Hodegorum
3387 2036 3612 2092 dictum
3669 2053 3767 2092 ex-

2110 2126 2327 2182 struxit
2369 2124 2640 2194 Michael,
2678 2141 2850 2196 quem
2911 2124 3168 2180 Basilius
3217 2126 3528 2183 interfecit.
3579 2130 3770 2184 Antea

2107 2230 2242 2270 vero
2281 2213 2434 2269 mdes
2487 2213 2597 2268 fuit
2627 2213 3024 2284 complurium
3073 2229 3384 2281 caecorum,
3415 2215 3518 2288 qui
3548 2233 3582 2272 a
3611 2216 3769 2272 fonte

2109 2303 2237 2373 ejus
2271 2301 2380 2358 loci
2411 2301 2600 2358 visum
2635 2306 2993 2374 receperant,
3027 2307 3085 2358 et
3123 2302 3263 2374 quia
3293 2303 3408 2359 alia
3438 2303 3628 2360 multa
3657 2304 3768 2359 mi-

2110 2371 2308 2447 racula
2339 2391 2557 2446 ibidem
2598 2371 2960 2459 editaisunt',
2993 2371 3430 2465 ideo—Hodegus
3459 2409 3767 2466 nuncupa-

2107 2484 2233 2535 tum
2266 2480 2395 2535 fuit.

2620 2570 2692 2624 De
2722 2571 2925 2625 Balnea
2955 2571 3246 2641 Zeuxippi.

2179 2658 2456 2730 Zeuxippi
2518 2658 2795 2714 balneum
2850 2663 3098 2714 Severus
3155 2658 3490 2728 aedificavit,
3531 2662 3590 2715 et
3643 2663 3770 2716 arte

2109 2749 2363 2819 quadam
2399 2741 2807 2816 ita’instruxit,
2837 2751 2902 2802 ut
2931 2746 3133 2802 vitreis
3166 2747 3422 2803 lucernis
3453 2747 3770 2804 succende-

2108 2841 2270 2892 retur
2300 2855 2313 2894 :
2347 2853 2416 2892 ex
2445 2852 2630 2908 eoque
2663 2852 2818 2908 aqua
2859 2836 3284 2892 ferventissime
3313 2835 3607 2907 ebulliret,
3639 2851 3768 2892 aer-

2107 2941 2218 2993 que
2247 2923 2444 2980 balnei
2496 2923 2804 2980 caleﬁeret.
2839 2923 2901 2979 Id
2935 2927 3130 2980 autem
3182 2924 3384 2980 stolidi
3432 2926 3630 2982 nescio
3662 2924 3766 2998 qui

2107 3012 2406 3070 venientes
2435 3017 2804 3083 everterunt;
2838 3029 2871 3068 ο
2901 3013 3356 3069 detrimentum!

2270 3121 2344 3175 De
2371 3123 2553 3175 statua
2583 3133 2707 3189 quae
2738 3121 2796 3173 in
2827 3120 3178 3174 Armamento
3206 3120 3470 3176 collocata
3497 3125 3598 3177 est.

2175 3209 2382 3264 Statua
2425 3225 2552 3279 quae
2584 3209 2642 3262 in
2675 3209 3055 3263 Armamento
3094 3206 3305 3263 visitur
3335 3207 3541 3264 Phocea
3571 3212 3661 3264 est
3693 3224 3766 3265 ex

332 3300 430 3352 τοῦ
506 3296 842 3373 στρατιώτου
912 3295 1001 3351 ἐπὶ
1077 3299 1176 3350 τοῦ
1257 3293 1548 3372 βασιλέως,
1626 3295 1714 3349 καὶ
1794 3293 1845 3349 ἐν
1912 3298 1992 3366 τῷ

335 3379 458 3399 ηε..
616 3382 640 3399 ,ι
833 3391 860 3399 ..
974 3385 1002 3399 Α
1101 3382 1187 3399 ε.
1354 3383 1368 3399 .
1446 3387 1472 3398 ...
1641 3383 1655 3399 .
1747 3383 1762 3399 ε
1867 3381 1910 3399 ,ς

2114 3297 2296 3353 milite
2353 3295 2746 3368 imperatoris,
2797 3313 2976 3366 quam
3041 3296 3166 3368 ipse
3223 3296 3474 3369 septimo
3530 3295 3766 3369 imperii

333 3379 556 3458 ἑϐδόμῳ
615 3382 719 3439 ἔτει
794 3391 895 3454 τῆς
973 3382 1252 3459 βασιλείας
1309 3383 1477 3439 αὐτοῦ
1533 3383 1657 3458 περὶ
1709 3383 1771 3438 τὸ
1827 3381 1990 3445 τέλος

329 3471 646 3544 σπουδάζων
675 3473 965 3548 ἀναγαγεῖν
1000 3473 1168 3543 αὐτὴν
1197 3472 1250 3528 ἐν
1277 3478 1358 3546 τῷ
1385 3475 1650 3528 κτισθέντι
1680 3471 1846 3539 κίονι,
1897 3473 1987 3526 καὶ

333 3563 469 3637 μετὰ
495 3564 558 3618 16
587 3562 871 3640 ἀναγαγεῖν
925 3561 1093 3632 αὐτὴν
1159 3563 1229 3632 ιη’
1287 3561 1693 3639 περιελθουσῶν
1743 3564 1987 3637 ἡμερων,

327 3651 638 3729 κατηνέχθη
699 3656 798 3718 τῆς
852 3650 1154 3727 βασιλείας.
1205 3652 1345 3709 Τότε
1393 3649 1451 3706 δὶ
1480 3653 1548 3721 ἦν
1581 3653 1608 3706 ὁ
1646 3653 1928 3721 ἰἰυκεώτης
1959 3652 1988 3706 6

335 3739 453 3795 δσιο
465 3761 510 3802 ς.

708 3827 843 3904 Περὶ
872 3831 978 3882 τῶν
1010 3825 1366 3901 καλουμένων
1395 3829 1618 3884 Τόπων.

401 3919 470 3976 Οἱ
530 3916 588 3973 δὲ
647 3915 940 3992 λεγόμενοι
993 3917 1195 3986 Τόποι,
1252 3917 1306 3972 οἱ
1365 3915 1603 3986 πλησίον
1662 3920 1759 3970 τοῦ
1806 3915 1988 3990 Ἀγίου

329 4008 602 4083 Λαζάρου,
661 4003 750 4061 διὰ
795 4011 957 4062 τοῦτο
1014 4003 1323 4077 ἐκλήθησαν
1376 4004 1566 4068 οὕτως·
1634 4001 1798 4060 ὁπότε
1855 4004 1990 4060 ἐπα-

331 4097 490 4168 νέστη
545 4094 872 4158 Βασιλίσκος
935 4093 1292 4172 δρουγγάριος
1358 4094 1448 4149 καὶ
1507 4096 1818 4170 πατρίκιος,
1877 4095 1989 4164 Ζή-

332 4207 465 4240 νωνι
523 4188 604 4256 τῷ
673 4182 937 4260 βασιλεῖ,
990 4181 1227 4260 δευτέρῳ
1283 4182 1390 4239 ἔτει
1442 4185 1532 4238 καὶ
1591 4180 1800 4256 δεκάτῳ
1856 4183 1989 4257 μηνὶ

331 4281 433 4344 τῆς
491 4272 776 4350 βασιλείας
829 4271 1018 4345 αὐτοῦ,
1075 4273 1165 4328 καὶ
1209 4270 1421 4343 ἐδίωξεν
1455 4271 1638 4346 αὐτὸν,
1687 4273 1774 4328 καὶ
1831 4271 1990 4347 ἐκρά-

330 4384 464 4434 τησε
511 4361 841 4424 Βασιλίσκος
889 4368 988 4432 τῆς
1051 4360 1331 4437 βασιλείας
1383 4359 1476 4433 ἔτη
1527 4358 1643 4420 δύο.
1703 4359 1991 4436 Ὑποστρὲ-

333 4455 436 4526 ψας
493 4449 551 4507 δέ
586 4451 614 4506 6
673 4452 857 4522 Ζήνων
896 4451 1032 4524 μετὰ
1080 4449 1388 4512 δυναστείας
1448 4454 1676 4526 στρατοῦ
1733 4450 1840 4504 ἀπὸ
1891 4456 1994 4520 τῆς

337 4541 586 4618 μεγάλής
631 4540 980 4616 ’Δντιοχείας
1026 4538 1115 4594 καὶ
1148 4537 1321 4603 ἐλθὼν
1359 4539 1494 4612 μετᾶ
1533 4545 1784 4614 ταραχῆς
1815 4537 1866 4593 ἐν
1920 4541 1990 4612 τῇ

334 4629 517 4686 πόλειο
577 4627 815 4705 προδοὺς
872 4628 1174 4704 Ἀρμάτιος
1226 4628 1318 4682 τὸν
1379 4628 1732 4704 στρατὸντοῦ
1766 4625 1990 4684 Βασιλί-

2104 3387 2197 3441 sui
2231 3403 2385 3441 anno
2417 3385 2701 3442 columna:
2733 3384 2960 3456 imponi
2991 3383 3257 3452 curavit;
3291 3383 3765 3440 duodevicesimo

2101 3480 2297 3532 autem
2331 3475 2426 3530 die
2457 3474 2528 3529 ab
2557 3478 2750 3530 erecta
2785 3477 2987 3529 statua
3019 3473 3263 3545 imperio
3311 3472 3568 3545 pellitur.
3587 3471 3763 3528 Vive-

2098 3566 2198 3620 bat
2228 3569 2368 3620 tunc
2400 3563 2682 3635 temporis
2717 3562 2775 3618 S.
2809 3563 3154 3619 Theodorus
3190 3562 3455 3634 Syceota.

2624 3830 2700 3884 De
2734 3831 2891 3898 Topis
2919 3833 2982 3885 ut
3010 3835 3228 3885 vocant.

2170 3916 2314 3987 T0pi
2358 3916 2620 3987 proxime
2667 3918 2727 3973 S.
2763 3915 3074 3985 Lazarum,
3106 3923 3415 3990 propterea
3464 3918 3550 3975 ita
3598 3935 3757 3975 nun-

2099 4005 2294 4077 cupati
2347 4010 2507 4076 sunt,
2540 4007 2696 4076 quod
2751 4022 2887 4062 cum
2938 4005 3259 4062 Basiliscus
3305 4007 3667 4079 drungarius
3699 4013 3758 4065 et

2099 4093 2385 4165 patricius
2443 4094 2753 4150 defecisset
2807 4092 2907 4150 ab
2940 4094 3296 4167 imperatore
3352 4097 3604 4168 Zenone,
3664 4097 3759 4168 ip-

2100 4199 2351 4254 sumque
2403 4182 2630 4238 decimo
2687 4199 2890 4239 mense
2946 4187 3083 4256 post
3123 4185 3467 4240 secundum
3527 4183 3762 4256 imperii

2101 4288 2320 4327 annum
2380 4271 2526 4328 solio
2586 4272 2982 4339 deturbasset,
3039 4272 3166 4345 ipse
3224 4273 3546 4330 Basiliscus
3595 4273 3762 4330 bien-

2101 4360 2266 4416 nium
2299 4360 2548 4433 imperio
2591 4362 2814 4433 potitus
2862 4366 2971 4417 est.
3006 4362 3108 4417 His
3161 4362 3382 4420 exactis
3424 4365 3576 4419 Zeno
3628 4380 3764 4420 cum

2101 4449 2442 4522 ingentibus
2508 4449 2690 4522 copiis
2749 4468 2782 4506 a
2852 4467 3069 4524 magna
3136 4451 3444 4508 Antiochia
3509 4452 3765 4520 rediens,

2099 4537 2673 4612 ConstantinOpolim
2736 4555 2870 4595 cum
2954 4539 3116 4595 omni
3191 4539 3402 4596 bellico
3479 4546 3767 4614 apparatu

2102 4626 2282 4682 venit.
2317 4633 2460 4682 Cum
2497 4631 2694 4683 autem
2724 4629 3028 4684 Armatius
3059 4629 3276 4684 Zenoni
3305 4631 3572 4697 studens,
3607 4645 3769 4685 exer-

338 4740 489 4792 σκου,
523 4721 740 4794 φρονῶν
770 4719 839 4774 τὰ
887 4721 984 4774 τοῦ
1032 4720 1308 4789 Ζήνωνος,
1364 4714 1530 4792 ἔφυγε
1577 4718 1606 4772 6
1669 4715 1992 4778 Βασιλίσκος

2114 4716 2289 4772 eitum
2342 4715 2611 4772 Basilisci
2659 4716 3038 4788 prodidisset,
3085 4716 3408 4773 Basiliscus
3459 4733 3578 4773 una
3627 4733 3764 4773 cum

337 4809 432 4864 σὺν
480 4812 550 4883 τῇ
618 4807 834 4884 γυναικὶ
896 4807 985 4863 καὶ
1057 4812 1173 4870 τοῖς
1228 4805 1439 4869 τέκνοις
1511 4806 1677 4861 αὐτοῦ
1761 4805 1838 4868 εἷς
1895 4801 1994 4875 τήν

337 4897 523 4974 Ἀγίαν
581 4897 822 4973 Εἰρήνην
861 4898 961 4966 τήν
1020 4894 1298 4954 παλαιάν.
1355 4897 1416 4954 Ὁ
1474 4892 1532 4950 δὲ
1589 4896 1774 4966 Ζήνων
1833 4893 1998 4970 ὥρισε

336 4987 550 5062 γενέσθε
604 4987 773 5042 τόπον
852 4987 1136 5062 κριτηρίου
1171 5028 1185 5055 ,
1242 4985 1333 5041 καὶ
1405 4983 1630 5058 θρόνους
1695 4988 1792 5039 τοῦ
1847 4984 1998 5058 ἱεροῦ

331 5075 644 5152 καταλόγου
676 5121 690 5147 ,
749 5076 841 5131 καὶ
891 5081 991 5145 τῆς
1054 5073 1368 5150 συγκλήτου
1402 5116 1416 5143 ,
1483 5073 1574 5128 καὶ
1631 5074 1995 5138 καθεσθὲντων

331 5163 503 5220 ἐκεῖσε
588 5163 804 5219 πάντων
839 5207 854 5234 ,
932 5161 1248 5219 κατεδίκασε
1310 5163 1406 5219 τὸν
1483 5161 1830 5234 Βασιλίσκον,
1906 5178 1996 5233 καὶ

331 5251 583 5329 ἐξώρισεν
656 5252 816 5309 αὐτὸν
903 5252 980 5318 είς
1051 5251 1263 5327 Λίμνας
1345 5253 1510 5329 γώρά
1610 5248 1995 5315 Καππαδοκίας

330 5338 535 5398 ἓσωθεν
596 5339 924 5399 καστελλίου
961 5385 974 5400 .
1023 5347 1136 5411 Τῆς
1185 5339 1243 5396 δὶ
1289 5341 1453 5417 θύρας
1502 5342 1833 5418 σφραγείσης
1890 5341 1996 5396 ἀπὸ

337 5428 532 5505 λιμοῦ,
579 5433 668 5487 καὶ
703 5430 892 5505 δίψης,
933 5431 1024 5486 καὶ
1057 5429 1271 5506 ψύχους
1317 5427 1634 5502 παρέδωκαν
1665 5431 1761 5493 τὰς
1790 5429 1995 5485 ἑαυτῶν

334 5519 543 5596 ψυχάς.
598 5523 696 5576 Καὶ
774 5520 970 5576 τούτου
1048 5518 1207 5596 χάριν
1286 5517 1598 5590 ἐκλήθησαν
1651 5518 1849 5585 Τόποι,
1909 5516 1998 5573 διὰ

329 5609 462 5674 τοὺς
491 5610 845 5676 καθεσθέντας
868 5611 1058 5684 κριτὰς
1104 5609 1276 5665 ἐκεῖσε
1304 5609 1391 5664 καὶ
1425 5610 1611 5682 ἱερεῖς.
1644 5609 1910 5686 ’Έφθανον
1939 5605 1998 5663 δὲ

335 5698 537 5756 ἐκεῖθεν
569 5700 640 5755 τὰ
666 5700 937 5774 κτίσματα
966 5703 1074 5754 τῶν
1102 5697 1403 5774 Τρικλίνων
1434 5696 1582 5769 παρὰ
1607 5700 1705 5752 τοῦ
1735 5694 1995 5774 Μεγαλου

340 5793 466 5848 Κων
475 5789 756 5847 σταντίνου
785 5789 1085 5847 κτισθέντα.

666 5921 928 5981 Panos.
982 5919 1092 5981 Gs.
1141 5917 1379 5980 CXXII.

2104 4821 2282 4860 uxore
2311 4809 2369 4861 et
2399 4803 2603 4860 liberis
2650 4804 2710 4859 in
2761 4803 3069 4859 ecclesiam
3118 4804 3423 4876 antiquam
3474 4805 3532 4860 S.
3569 4807 3768 4861 Irenes

2107 4895 2244 4966 fuga
2275 4910 2338 4949 se
2370 4894 2608 4965 recepit.
2640 4895 2791 4949 Zeno
2841 4897 3036 4948 autem
3077 4893 3263 4964 jussit
3293 4893 3419 4949 tieri
3452 4893 3579 4950 loca
3602 4893 3766 4964 judi-

2105 4982 2308 5051 ciaria,
2339 4988 2396 5038 et
2445 4984 2613 5040 sedes
2665 4982 2819 5038 clero
2866 4987 2923 5038 et
2971 4982 3236 5050 senatui;
3282 4998 3349 5037 ac
3406 4981 3508 5038 ubi
3561 4999 3768 5039 omnes

2105 5071 2538 5139 consedissent,
2570 5073 2986 5128 condemnavit
3027 5071 3401 5141 Basiliscum,
3433 5075 3491 5127 et
3521 5071 3580 5128 in
3613 5072 3766 5129 Lim-

2106 5179 2214 5218 nas
2266 5160 2461 5218 locum
2511 5161 2896 5234 Cappadocia;
2949 5160 3230 5232 relegavit
3279 5165 3338 5216 et
3385 5159 3626 5217 castello
3675 5160 3766 5217 in-

2105 5249 2302 5321 clusit,
2335 5253 2512 5324 atque
2559 5250 2830 5306 obserato
2871 5249 3044 5319 ostio,
3077 5249 3162 5305 sic
3212 5248 3309 5305 ille
3360 5251 3535 5320 fame,
3569 5249 3667 5306 siti
3699 5267 3768 5307 ac

2105 5341 2322 5414 frigore
2352 5357 2473 5396 una
2501 5355 2638 5395 cum
2693 5356 2868 5396 uxore
2900 5355 2966 5395 ac
3006 5338 3209 5394 liberis
3257 5339 3584 5395 exstinctus
3616 5339 3768 5396 inte-

2105 5430 2222 5486 riit.
2257 5429 2341 5485 Ob
2375 5428 2532 5485 hunc
2580 5427 2764 5500 igitur
2793 5429 3068 5500 judicum
3099 5444 3164 5483 ac
3207 5429 3580 5485 sacerdotum
3627 5444 3767 5484 con-

2105 5535 2362 5587 sessum,
2415 5518 2578 5574 locus
2638 5517 2736 5574 ille
2780 5519 3079 5590 Toporum
3132 5533 3345 5574 nomen
3395 5523 3604 5574 nactus
3653 5522 3764 5574 est.

2104 5609 2183 5665 Eo
2215 5624 2402 5681 usque
2424 5625 2557 5664 vero
2588 5606 3000 5680 pertingebant
3031 5605 3287 5663 triclinia
3318 5623 3351 5662 a
3381 5606 3766 5664 Constantino

2102 5699 2313 5771 Magno
2344 5699 2666 5753 exstructa.

3359 5911 3440 5970 39
