4124 6440
418 513 571 576 1131

1045 643 1120 696 De
1145 642 1444 712 Strategio.

479 731 794 790 Alexandri
844 731 1183 788 Macedonis
1233 735 1431 786 statua
1459 729 1516 784 in
1549 727 1842 801 Strategio
1891 743 2074 798 supra

410 840 687 896 magnam
757 822 1094 878 columnam
1165 825 1360 876 erecta
1419 818 1649 886 visitur,
1710 835 1840 889 qua:
1908 817 2072 890 prius

410 910 754 984 Chrysopoli
804 911 1036 980 stabat;
1069 909 1227 982 quod
1259 909 1340 964 ibi
1390 906 1668 963 exercitui
1719 922 1825 961 suo
1855 905 2072 976 duplex

411 1000 777 1074 stipendium
807 1016 924 1055 uno
953 999 1160 1055 eodem
1208 1003 1473 1070 tempore
1503 994 1846 1068 erogavcrit.
1882 995 2072 1058 Quare

410 1089 556 1145 urbs
601 1088 704 1145 illa
733 1106 767 1144 a
799 1087 1217 1145 Macedonibus
1275 1090 1616 1158 nuncupata
1667 1083 1778 1139 fuit
1823 1083 2071 1156 Chryso-

409 1178 586 1251 polis,
618 1194 652 1233 a
683 1176 897 1250 populo
927 1193 1062 1233 vero
1095 1174 1466 1248 strategium.
1500 1173 1685 1229 Annis
1718 1177 1913 1228 autem
1950 1188 2074 1227 sex-

407 1267 596 1323 centis
646 1267 1040 1338 quadraginta
1071 1271 1129 1320 et
1159 1269 1311 1333 octo,
1358 1270 1669 1336 postquam
1721 1262 1844 1318 hare
1877 1266 2072 1317 statua

406 1355 753 1428 Chrysopoli
783 1365 979 1412 erecta
1027 1354 1141 1410 fuit
1195 1371 1226 1409 α
1274 1353 1465 1426 plebe,
1497 1351 2069 1423 Constantinopolim

404 1461 535 1502 eam
593 1443 981 1517 transportari
1039 1444 1264 1500 curavit
1304 1443 1731 1499 Constantinus
1788 1444 2069 1521 Magnus;

402 1534 727 1606 eodemque
757 1533 817 1588 in
848 1531 974 1588 loco
1019 1537 1258 1605 propter
1290 1530 1597 1604 planitiem
1655 1529 1874 1584 milites
1906 1545 2071 1584 excr-

401 1622 517 1678 ceri
542 1621 830 1679 solebant.
859 1620 1247 1678 Monolithum
1271 1620 1494 1676 ibidem
1520 1618 1896 1686 collocatum,
1923 1618 2070 1690 frag.

401 1716 670 1767 mentum
721 1715 848 1766 erat
900 1709 1085 1778 illius,
1115 1711 1272 1782 quod
1307 1708 1366 1763 in
1401 1707 1806 1780 Hippodromo
1857 1710 2068 1774 exstat,

402 1799 669 1855 Delatum
721 1805 922 1855 autem
973 1803 1064 1854 est
1112 1797 1387 1868 Athenis,
1435 1797 1546 1852 sub
1595 1795 1924 1852 Theodosio
1965 1795 2068 1852 Ju-

401 1890 585 1958 niore,
616 1907 649 1945 a
681 1888 882 1945 l'roclo
905 1887 1173 1960 patricio.
1198 1887 1412 1943 Eodem
1439 1885 1498 1941 in
1521 1885 1812 1958 Strategio
1840 1885 2067 1957 positus

1369 507 1766 569 APPENDIX
1813 507 1915 566 AD
1963 505 2426 566 MIGHAELEM
2474 507 2862 570 PSELLUM.

2103 636 2158 704 Α
2685 636 2814 710 Περὶ
2844 640 2940 691 τοῦ
2974 637 3340 712 Στρατηγίου.

3682 515 3707 572 1
3717 515 3822 576 232

2253 727 2373 778 Ὅτι
2427 724 2491 779 τὺ
2548 722 2889 799 καλούμενον
2953 728 3316 802 Στρατήγιον,
3369 730 3404 796 ἡ
3463 728 3635 801 στήλη
3695 730 3825 788 ἐστὶν

2183 811 2539 890 Ἀλεξάνδρου
2582 819 2682 869 τοῦ
2734 811 3073 884 Μακεδόνος,
3119 817 3153 884 ἡ
3200 815 3255 871 iv
3297 821 3376 888 τῷ
3425 817 3644 894 μεγάλῳ
3693 821 3824 877 κίονι

2180 901 2469 976 ἱσταμένη,
2529 903 2618 958 καὶ
2670 902 2863 959 ’ίστατο
2918 908 3141 979 πρῶτον
3201 903 3277 967 είς
3334 902 3696 982 Χρυσόπολιν,
3747 910 3822 966 ὅτι

2178 991 2272 1046 τὸν
2305 993 2532 1065 στρατὸν
2579 991 2743 1047 αὐτοῦ
2775 991 2947 1048 ἱκεῖσε
2996 992 3245 1069 ἐρόγευσε
3289 991 3494 1065 διπλῆν
3541 995 3702 1073 ρόγαν
3742 1000 3822 1054 τὸν

2179 1076 2273 1134 ἕνα
2303 1081 2525 1156 χρόνονο
2561 1078 2650 1136 διὰ
2677 1086 2838 1137 τοῦτο
2871 1080 3079 1154 ἐκλήθη
3138 1084 3203 1138 τὸ
3250 1079 3428 1158 ὄνομα
3473 1092 3572 1155 τῆς
3623 1087 3824 1152 πόλεως

2181 1170 2329 1245 παρὰ
2356 1175 2462 1225 τῶν
2494 1169 2819 1226 Μακεδόνων
2861 1171 3230 1248 Χρυσόπολις.
3265 1173 3344 1231 Τὸ
3395 1171 3454 1228 δὶ
3504 1179 3822 1254 Στρατήγιον

2181 1255 2478 1331 ὠνομάσθη
2527 1261 2675 1336 παρὰ
2719 1264 2816 1315 τοῦ
2860 1259 3018 1316 λαοῦ·
3053 1261 3359 1338 Ἀνηγέρθη
3393 1263 3427 1332 ἡ
3462 1263 3637 1335 στήλη
3694 1267 3826 1341 παρὰ

2180 1351 2276 1402 τοῦ
2336 1345 2581 1418 πλήθους
2639 1353 2739 1404 τοῦ
2795 1349 2933 1404 λαοῦ
2994 1349 3094 1404 ἁνὰ
3142 1355 3252 1405 τῶν
3308 1350 3628 1427 χμη¹ἐτῶν.
3673 1355 3732 1411 '0
3773 1351 3825 1410 6i

2181 1435 2362 1510 Μέγας
2420 1438 2824 1501 Κωνσταντῖνος
2883 1433 3067 1517 ἔφερεν
3129 1438 3296 1509 αὐτὴν
3359 1439 3436 1503 εἰς
3496 1442 3591 1510 τήν
3650 1442 3822 1500 πόλιν.

2182 1526 2389 1581 Ἐκεῖσε
2418 1523 2475 1581 δε
2521 1524 2993 1601 ἀπεδοκιμάζοντο
3040 1528 3091 1583 0i
3138 1533 3490 1605 στρατιῶται,
3524 1532 3605 1586 ὅτι
3649 1529 3822 1588 πεδίον

2181 1615 2246 1684 ἦν
2281 1614 2526 1678 ὁτόπος.
2559 1616 2638 1673 Τὸ
2697 1614 2756 1671 δὶ
2813 1617 3146 1686 Μονόλιθον,
3204 1618 3267 1672 τὸ
3323 1619 3613 1694 ἱστάμενον
3668 1618 3826 1676 ἐκεῖσε

2180 1703 2487 1778 ἁπόκομμα
2542 1709 2638 1760 τοῦ
2696 1707 2990 1780 ἱσταμένου
3047 1706 3126 1770 εἷς
3180 1707 3244 1762 τὸ
3299 1705 3686 1784 Ἱπποδρόμιον
3740 1711 3821 1779 ἦν.

2178 1793 2312 1849 Ἦκε
2369 1789 2427 1847 δὶ
2485 1793 2591 1848 ἀπὸ
2623 1795 2867 1865 Ἀθηνῶν
2921 1794 3071 1872 παρὰ
3133 1796 3388 1869 Ηρόκλου
3440 1799 3724 1874 πατρικίου
3774 1799 3822 1854 iv

2175 1886 2295 1943 τοῖς
2351 1883 2578 1956 χρόνοις
2633 1887 2730 1938 τοῦ
2789 1888 2988 1959 μικροῦ
3045 1882 3359 1944 Θεοδοσίου.
3390 1889 3605 1944 Ἵστατο
3655 1885 3710 1944 δὲ
3753 1888 3822 1952 είς

400 1983 526 2035 erat
572 1977 813 2051 Tripus,
848 1976 1302 2048 praeteritarum,
1338 1975 1716 2048 praesentium
1749 1980 1804 2030 et
1835 1975 2043 2030 futura

2175 1969 2266 2024 τὸν
2301 1969 2462 2025 αὐτὸν
2492 1970 2662 2026 τόπον
2693 1971 2756 2026 τὸ
2799 1975 3163 2049 Στρατήγιον,
3193 1973 3284 2030 καὶ
3329 1977 3359 2030 6
3402 1977 3641 2052 Τρίπους
3686 1974 3822 2053 ἔχων

401 2084 534 2122 rum
568 2082 764 2122 rerum
814 2065 1086 2121 notitiam
1119 2065 1432 2120 continens
1465 2081 1480 2121 :
1513 2065 1649 2120 item
1684 2063 1860 2120 Polus
1904 2071 2054 2119 Aus-

398 2154 589 2225 tralis,
646 2159 705 2210 et
755 2155 987 2211 catinus
1043 2153 1397 2221 Tricaccabi,
1442 2153 1544 2227 qui
1595 2155 1754 2226 jacet
1809 2153 1868 2208 in
1925 2153 2054 2209 loco

395 2245 559 2318 szri
591 2245 778 2312 dicto;
826 2245 880 2300 is
933 2243 1091 2299 enim
1144 2261 1248 2315 pro
1296 2241 1534 2300 oraculo
1582 2246 1755 2300 erat:
1790 2243 2052 2314 proxime

394 2340 616 2400 autem,
649 2333 814 2389 urbis
860 2333 1121 2389 Fortuna
1151 2333 1476 2404 visebatur;
1508 2349 1636 2405 quae
1681 2333 1881 2395 omnia
1911 2337 2048 2388 Bar-

391 2423 498 2480 das
526 2423 722 2479 Caesar
759 2421 1060 2478 Michaelis
1108 2420 1462 2488 avunculus,
1494 2421 1709 2494 partim
1753 2419 1935 2476 alium
1989 2421 2049 2477 in

389 2512 584 2568 locum
616 2513 1007 2583 transportari
1038 2511 1284 2582 curavit,
1318 2510 1533 2583 partim
1565 2510 1854 2581 confregit
1884 2527 2047 2566 com-

388 2601 741 2674 minuitque.

917 2691 992 2746 De
1016 2705 1190 2763 parvo
1221 2687 1518 2758 Strategio.

463 2781 526 2835 In
566 2794 742 2852 parvo
781 2779 1071 2850 Strategio
1122 2781 1314 2834 exstat
1363 2776 1572 2833 Leonis
1622 2775 1874 2832 Macella:
1923 2781 2046 2833 sla-

392 2872 521 2925 tua.

957 2957 1034 3013 De
1064 2955 1484 3028 Chalcopratiis.

463 3051 530 3103 In
575 3045 998 3118 Chalcopratiis
1047 3062 1081 3102 a
1127 3045 1515 3102 Constantino
1553 3044 1765 3117 Magno
1816 3044 2041 3102 habita-

391 3139 531 3193 runt
559 3135 770 3203 Judaei,
806 3151 993 3191 annos
1041 3139 1275 3190 centum
1327 3138 1386 3188 et
1434 3132 1676 3206 triginta
1703 3137 1873 3201 duos,
1905 3150 2039 3190 ven-

385 3225 718 3298 debantque
747 3223 828 3279 ibi
859 3228 1196 3279 aeramenta.
1227 3222 1596 3278 Theodosius
1627 3239 1760 3278 vero
1809 3223 2038 3290 Junior,

383 3315 468 3370 eis
509 3314 646 3370 inde
692 3311 974 3386 expulsis,
1004 3311 1197 3368 locum
1245 3311 1602 3384 repurgavit,
1636 3329 1702 3367 ac
1751 3313 2036 3384 templum

381 3364 1053 3478 ἐῗυᾶᾖὲτζτοξιέἀῖἔιίὶ
1067 3364 1087 3471 ξ
1105 3364 1267 3472 Emi
1285 3364 1497 3457 ’ἴοὲένέ
1516 3364 2036 3473 augeam;
2069 3364 2112 3432 C

379 3492 756 3550 reediﬁcavit
781 3490 1079 3560 Justinus,
1102 3489 1200 3560 qui
1234 3505 1302 3545 ex
1324 3488 1674 3559 CurOpalata
1701 3490 1920 3561 potitus
1949 3497 2038 3548 est

377 3580 648 3653 imperio,
689 3597 756 3637 ac
803 3579 1048 3651 insuper
1104 3577 1582 3650 possessionibus
1633 3577 2038 3636 immobilibus

379 3669 780 3744 locupletavit.

581 3853 658 3908 De
683 3865 839 3907 sacro
872 3846 1182 3904 Coudilorio
1212 3845 1353 3917 quod
1380 3845 1581 3902 ibidem
1610 3849 1832 3904 visitur.

454 3942 701 3999 Sacrum
723 3935 1128 3996 Conditorium
1153 3935 1212 3991 in
1235 3933 1658 4006 Chalcopratiis
1677 3937 1950 3995 Justinus
1974 3945 2034 3997 et

382 4029 603 4103 Sophia
657 4027 1071 4092 condiderunt,
1125 4022 1410 4096 templum
1461 4023 1904 4084 resediﬁcantes.
1947 4029 2030 4085 Ibi

378 4119 664 4176 lectorum
732 4115 924 4173 ofﬁcio
992 4113 1390 4186 fungebantur
1445 4111 1692 4168 Michael
1753 4115 2031 4188 Rangabc

375 4207 727 4279 CurOpalata
756 4209 1073 4276 antequam
1112 4201 1362 4273 imperio
1396 4201 1702 4273 potiretur,
1725 4209 1782 4259 et
1812 4205 2030 4263 Bardas

373 4298 584 4366 Caesar,
638 4293 937 4352 Michaelis
985 4290 1337 4357 avunculus,
1370 4295 1428 4345 et
1455 4290 1791 4364 complures
1839 4295 2026 4367 magi-

368 4385 478 4443 stri
526 4401 541 4442 :
593 4385 919 4455 eodemque
968 4381 1026 4436 in
1078 4379 1204 4436 loco
1254 4378 1520 4451 deposita
1567 4380 1728 4450 jacet
1774 4399 1917 4438 zona
1968 4388 2026 4439 et

363 4475 543 4532 vestis
601 4471 990 4531 sanctissimae
1036 4469 1318 4542 Deiparae.
1371 4468 1682 4525 Maforium
1734 4474 1929 4527 autem
1964 4472 2021 4528 in

363 4561 748 4621 Blanchernis
777 4561 1136 4617 asservatur.

905 4668 983 4723 De
1009 4665 1213 4722 Sancto
1240 4665 1470 4723 Jacobo.

2170 2059 2236 2112 τὰ
2283 2060 2684 2137 παρῳχηκότα,
2728 2062 2795 2117 τά
2845 2061 3114 2119 ἐνεστῶτα
3160 2065 3250 2120 καὶ
3299 2065 3365 2120 τὰ
3417 2065 3821 2140 μίλλοντα,καὶ

2165 2148 2193 2202 6
2224 2147 2404 2211 νότιος
2435 2148 2610 2212 πόλος
2635 2149 2726 2204 καὶ
2758 2151 2792 2219 ἡ
2835 2149 3036 2222 λεκάνη
3077 2150 3175 2207 τοῦ
3218 2150 3627 2229 Τρικακκάϐου,
3658 2159 3692 2226 ἡ
3739 2177 3816 2212 τε·

2162 2237 2313 2292 θεῖσα
2339 2238 2416 2300 εἷς
2437 2239 2504 2293 τὰ
2531 2238 2757 2315 Τζύρου.
2791 2239 2884 2302 Εἷς
2915 2246 3164 2314 μαντεῖον
3193 2243 3262 2311 ἦν
3295 2244 3322 2298 ὁ
3351 2243 3544 2310 τόπος.
3579 2243 3811 2316 Πλησίον

2162 2323 2220 2381 δὲ
2249 2325 2420 2382 ἰκεῖσε
2450 2328 2516 2396 ἦν
2558 2329 2648 2383 καὶ
2689 2331 2722 2398 ἡ
2772 2329 2933 2405 Τύχη
2977 2338 3077 2400 τῆς
3123 2330 3359 2394 πόλεως.
3394 2335 3458 2392 'O
3509 2331 3567 2390 δὲ
3612 2333 3814 2412 Βάρδας

2160 2415 2188 2469 ὁ
2222 2422 2451 2492 Καῖσαρ,
2483 2418 2512 2472 ὁ
2562 2423 2706 2482 θεῖος
2757 2419 3012 2495 Μιχαὴλ,
3067 2421 3348 2494 μετέθηκε,
3384 2423 3476 2478 καὶ
3523 2423 3814 2501 παρέλυσεν

2158 2502 2312 2574 αὐτὰ,
2346 2505 2434 2560 καὶ
2468 2505 2771 2582 συνέτριψε.

2544 2685 2674 2761 Περὶ
2703 2691 2799 2741 τοῦ
2833 2692 3032 2764 μικροῦ
3066 2690 3430 2767 Στρατηγίου.

2226 2772 2287 2829 '0
2317 2769 2374 2827 δὲ
2407 2774 2600 2850 μικρὸς
2631 2777 2975 2850 Στρατήγιος
3007 2777 3240 2854 ὑπάρχει
3289 2782 3472 2854 στήλη
3531 2788 3628 2839 τοῦ
3673 2790 3810 2840 Λεω-

2157 2859 2424 2934 μακὲλου.

2594 2955 2722 3030 Περὶ
2756 2959 2864 3009 τῶν
2896 2955 3082 3012 Χαλκο
3093 2957 3381 3034 πρατείων.

2221 3040 2341 3098 ’Ὁτι
2391 3041 2462 3096 τὰ
2502 3039 2817 3116 καλούμενα
2880 3043 3330 3121 Χαλκοπρατεῖα,
3390 3051 3663 3130 πρότερον
3708 3053 3807 3108 ἀπὸ

2149 3132 2251 3182 τοῦ
2327 3135 2734 3187 Κωνσταντινου
2797 3137 2895 3188 τοῦ
2961 3133 3218 3211 Μεγάλου
3281 3141 3537 3196 κατοικία
3593 3143 3660 3212 ἧν
3707 3146 3805 3197 τῶν

2151 3214 2454 3306 Ἰουδαίων.
2512 3221 2680 3277 Ἦσαν
2743 3219 2802 3276 δὶ
2859 3220 3031 3277 ἐκεῖσε
3089 3224 3327 3300 χρόνους
3385 3227 3514 3306 ρλβ’
3562 3231 3651 3285 καὶ
3699 3229 3804 3286 ἐπί-

2150 3325 2398 3395 πρασκον
2419 3304 2592 3362 ἐκεῖσε
2617 3309 2684 3363 τὰ
2730 3309 3101 3385 χαλκώματα.
3135 3314 3196 3369 '0
3243 3311 3302 3369 δὶ
3353 3304 3570 3395 Μικρὸς
3618 3316 3806 3375 Θεοδό-

2152 3414 2268 3456 σιος
2327 3393 2548 3466 ἰξίωσεν
2597 3395 2792 3461 αὐτοὺς
2849 3397 3075 3470 ἐκεῖθεν,
3125 3403 3216 3457 καὶ
3260 3393 3660 3482 ἀνακαθαρίσας
3719 3408 3803 3463 τὸν

2145 3480 2396 3538 τοιοῦτον
2449 3485 2641 3556 τόπον,
2675 3487 2803 3542 ναὸν
2858 3495 2958 3558 τῆς
3003 3493 3362 3566 Θεομήτορος
3393 3480 3673 3572 ἀνήγειρε,
3709 3497 3805 3553 ὑπὸ

2147 3577 2376 3646 σεισμοῦ
2404 3577 2798 3649 ωμπτωθέντα
2837 3577 3130 3643 Ἰουστῖνος
3190 3583 3218 3637 6
3276 3583 3382 3639 ἀπὸ
3442 3585 3803 3662 Κουροπαλά-

2143 3682 2251 3717 των
2306 3661 2466 3718 αὐτὸν
2527 3665 2800 3741 ἀνήγειρε,
2857 3667 2946 3722 καὶ
3001 3668 3234 3742 ἀκίνητα
3288 3661 3571 3747 κτήματα
3607 3675 3805 3733 ἁπεκό-

2143 3771 2305 3826 ρωσε.

2497 3843 2628 3920 Περὶ
2657 3848 2757 3911 τῆς
2790 3844 2843 3900 ἐν
2874 3845 3012 3921 αὐτῇ
3044 3848 3201 3924 ἁγίας
3245 3855 3446 3927 Σοροῧ.

2211 3931 2323 4000 Τήν
2361 3928 2418 3986 δὶ
2467 3931 2616 4009 ἁγίαν
2669 3932 2842 4008 Σορὸν
2886 3934 2964 3999 εἷς
3010 3936 3078 3992 τὰ
3122 3935 3552 4017 Χαλκοπρατεῖα
3580 3945 3802 4004 Ἰουστῖ-

2139 4039 2227 4081 νος
2272 4021 2362 4074 καὶ
2414 4020 2588 4099 Σοφία
2635 4018 2829 4094 ἔκτισε,
2861 4024 2949 4080 καὶ
2997 4026 3088 4081 τὸν
3139 4029 3266 4084 ναὸν
3327 4030 3800 4108 ἀνοικοδομήσαν-

2138 4129 2243 4201 τες.
2299 4111 2507 4167 Ἐκεῖσε
2541 4113 2629 4201 ,ἦν
2718 4114 3103 4190 ἀναγινώσκων
3163 4118 3396 4193 Μιχαὴλ
3451 4123 3480 4177 6
3539 4118 3798 4201 Ῥαγγαϐὶ

2136 4199 2226 4253 καὶ
2275 4199 2710 4273 Κουροπαλάτης
2760 4204 2866 4279 πρὸ
2914 4209 3010 4258 τοῦ
3053 4205 3391 4280 βασιλεῦσαι,
3436 4213 3528 4268 καὶ
3592 4199 3796 4289 Βάρδας

2138 4289 2166 4343 6
2220 4289 2366 4350 θεῖος
2425 4289 2678 4365 Μιχαὴλ,
2712 4291 2804 4346 καὶ
2851 4290 3058 4348 πολλοὶ
3113 4293 3222 4350 τῶν
3284 4299 3632 4375 μαγίστρωνο
3665 4298 3797 4356 ὅπου

2135 4376 2223 4432 καὶ
2284 4378 2632 4468 ἁπόκειταιὴ
2681 4381 2826 4452 ζώνη
2886 4383 2974 4436 καί
3035 4383 3071 4453 ἡ
3130 4382 3294 4454 ἐσθὴς
3342 4393 3445 4457 τῆς
3510 4390 3798 4468 ὑπεραγίας

2133 4465 2422 4527 Θεοτόκου.
2452 4471 2524 4524 Τὸ
2554 4465 2611 4524 δὶ
2644 4470 2796 4544 ἅγιον
2831 4470 3100 4550 μαφόριον
3133 4478 3306 4530 κεῖται
3337 4473 3388 4530 ἐν
3428 4465 3795 4557 Βλαχὲρναις.

2557 4664 2686 4740 Περὶ
2715 4670 2814 4722 τοῦ
2844 4667 3031 4744 Ἀγίου
3064 4665 3349 4730 Ἰακώϐου.

429 4759 742 4832 Templum
770 4762 829 4815 S.
862 4755 1064 4812 Jacobi
1116 4754 1272 4809 idem
1324 4754 1643 4825 imperator
1689 4753 2020 4838 aedificavit,

2203 4753 2487 4831 Ἀνήγειρε
2541 4751 2599 4810 δὲ
2633 4734 2746 4810 ’καὶ
2819 4734 2933 4811 τὸν,
2973 4760 3168 4833 ’Ἄγιον
3223 4756 3486 4818 Ἰάκωϐον
3545 4765 3575 4820 6
3635 4765 3790 4828 αὐτὸς

355 4865 424 4905 ac
463 4849 523 4905 in
572 4865 737 4905 sacro
805 4843 1133 4902 conditorio
1202 4845 1544 4898 sanctorum
1603 4843 2012 4900 Innocentium

349 4937 635 5012 reliquias
665 4934 950 5009 reposuit,
983 4932 1127 4988 item
1161 4929 1455 4987 Simeonis
1485 4930 1843 5001 Theodochi,
1878 4949 2011 5004 pro-

345 5027 541 5100 pheta
595 5025 908 5093 Zachariae,
961 5026 1020 5078 et
1065 5019 1269 5077 Jacobi
1322 5018 1521 5076 fratris
1567 5020 1809 5077 Christi.
1861 5022 2007 5078 Prae-

341 5119 505 5172 terea
535 5117 596 5172 in
626 5114 870 5172 sinistra
917 5115 1080 5182 parte
1123 5108 1276 5164 sacri
1312 5107 1625 5164 conditorii
1672 5115 2008 5167 asservatur

341 5219 511 5260 coma
563 5209 622 5262 8.
683 5201 927 5261 Joannis
992 5197 1412 5266 Przecursoris;
1483 5197 1544 5252 in
1601 5197 1806 5254 dextra
1867 5217 2001 5258 vero

337 5299 505 5364 parte
535 5297 874 5351 sanctarum
920 5288 1238 5346 mulierum
1289 5286 1839 5360 unguentiferarum
1872 5306 1995 5347 cor-

334 5395 502 5452 pora.

976 5487 1052 5542 L‘e
1094 5484 1346 5540 basilica.

2129 4841 2407 4918 βασιλεὺς,
2460 4844 2550 4898 καὶ
2607 4845 2899 4916 κατέθηκεν
2961 4844 3014 4901 iv
3065 4851 3136 4922 τῇ
3217 4854 3377 4926 Σορῷ
3444 4858 3558 4909 τῶν
3622 4854 3787 4931 ἁγίων

2118 4931 2350 5002 Νηπίων
2416 4933 2483 4988 τά
2551 4932 2799 5009 λείψανα,
2854 4934 2945 4990 καὶ
3003 4940 3099 4990 τοῦ
3174 4937 3328 5015 ἁγίου
3390 4943 3627 5016 Συμεὼν
3691 4948 3785 5000 τοῦ

2118 5017 2419 5097 Θεοδόχου,
2479 5021 2569 5078 καὶ
2624 5027 2723 5108 τοῦ
2781 5022 2936 5098 ἁγίου
2993 5028 3283 5105 προφήτου
3336 5033 3638 5108 Ζαχαρίου,
3697 5033 3783 5089 καὶ

2111 5112 2210 5162 τοῦ
2266 5111 2422 5185 ἁγίου
2456 5107 2724 5168 Ἰακώόου
2783 5117 2883 5168 τοῦ
2936 5110 3292 5193 ἆδελφοθέου·
3324 5117 3414 5174 καὶ
3450 5118 3507 5174 iv
3556 5126 3628 5198 τῇ
3659 5120 3784 5198 ἁγίᾳ

2112 5203 2296 5274 Σορῷ,
2355 5199 2407 5255 ἐν
2479 5199 2748 5275 εὐωνύμῳ
2840 5203 2940 5276 μὶν
3024 5207 3123 5258 τοῦ
3180 5205 3336 5280 ἁγίου
3369 5209 3630 5267 Ἰωάννου
3685 5216 3781 5267 τοῦ

2107 5285 2436 5380 Προδρόμου
2465 5289 2558 5352 τὰς
2585 5289 2804 5367 τρίχας,
2835 5289 2888 5346 iv
2923 5288 3071 5364 δεξιᾷ
3101 5290 3160 5349 δὲ
3200 5299 3308 5352 τῶν
3360 5295 3534 5372 ἁγίων
3601 5321 3776 5380 μυρο-

2106 5375 2286 5454 φόριυν
2320 5385 2619 5454 γυναικῶν.

2622 5488 2750 5566 Περὶ
2779 5495 2881 5561 τῆς
2905 5487 3231 5562 Βασιλικῆς.

2168 5573 2262 5662 Ei;
2318 5573 2376 5630 δὲ
2421 5578 2511 5634 τὸν
2555 5586 2658 5650 τῆς
2690 5576 2991 5651 Βασιλικῆς
3021 5581 3384 5662 χρυσόροφων
3430 5584 3613 5643 ὀπίσω
3670 5593 3771 5646 τοῦ

404 5575 469 5632 In
503 5592 570 5634 ea
597 5579 761 5650 parte
791 5575 983 5649 ipsius
1014 5573 1272 5631 basilicis
1302 5587 1451 5644 pone
1484 5571 1820 5644 Miliarium,
1858 5591 1985 5646 quae

327 5680 506 5722 aureo
536 5665 800 5739 laqueari
822 5671 1028 5738 operta
1056 5671 1162 5734 est,
1178 5662 1374 5718 stabat
1395 5665 1593 5717 statua
1611 5661 1798 5718 virilis
1818 5661 1984 5719 inau-

2161 5661 2323 5736 ιλίου,
2356 5666 2423 5736 ἧν
2471 5665 2848 5746 ἁνδροείκελον
2907 5665 3135 5746 ἄγαλμα
3181 5661 3606 5754 χρυσὲμὸαφον,
3641 5672 3767 5734 ἔνθα

322 5759 476 5826 rata,
499 5756 601 5812 ubi
631 5755 811 5812 etiam
841 5753 1141 5810 visebatur
1181 5751 1464 5807 Examum
1509 5749 1761 5809 Heraclii
1790 5751 1980 5826 impe-

2211 5755 2276 5811 τὸ
2306 5759 2545 5832 ’Ἑξαμον
2574 5760 2905 5838 Ἡρακλείου
2965 5765 3064 5818 τοῦ
3123 5762 3414 5839 βασιλέως,
3441 5749 3538 5823 καὶ
3593 5791 3764 5844 γονυ-

323 5842 560 5914 ιιειοτίε,
578 5859 645 5902 ac
665 5842 973 5914 genuﬂexa
990 5837 1314 5897 Justiniani
1344 5839 1582 5911 tyranni
1609 5843 1827 5899 statua.
1851 5842 1975 5902 Illic

2165 5845 2274 5909 ινὶς
2307 5837 2692 5906 Ἰουστινιανοὸ
2745 5855 2844 5908 τοῦ
2893 5852 3178 5930 τυράννου.
3209 5854 3358 5915 Ἐκεῖ
3400 5837 3440 5910 '6
3490 5837 3763 5933 Τερθέλις
