4124 6428
442 371 599 435 1233

1581 376 1942 438 ANONYMI
1985 377 2575 451 ANTIOUITATES
2622 379 2742 439 ΟΡ.

3709 379 3867 438 i234

433 497 849 577 ἐδημηγόρησεν
886 522 899 538 ο
943 501 995 559 ἐν
1047 506 1131 568 οἷς
1189 505 1383 585 ἐλέφας
1466 505 1656 563 ’ίστατο
1735 508 2083 583 παμμεγέθης

2205 514 2263 566 ct
2291 509 2554 568 Terbelis
2600 511 2988 569 oonoionatus
3036 516 3144 569 est.
3178 511 3323 568 Item
3372 511 3578 568 eodem
3626 509 3687 567 in
3736 510 3863 568 loco

439 591 543 646 ὑπὸ
618 587 868 669 Σεόήρου
924 595 1443 669 κατεσκευασμένος.
1493 598 1661 673 Ὅρος
1720 595 1778 651 δὲ
1829 598 1895 666 ἦν
1956 598 2092 672 πρὸς

432 684 530 735 τοῦ
594 681 794 757 μέρους
820 686 931 737 τῶν
962 678 1310 758 ἀναϐαθμῶν,
1343 681 1471 749 ἔνθα
1499 686 1566 755 ἧν
1602 686 1694 741 καὶ
1744 684 1926 762 σχολή
1990 709 2091 765 φυ-

434 766 743 825 λαττόντων
775 772 874 840 τὴν
906 771 1091 829 πόλιν.
1127 774 1326 846 Ἔμενε
1385 772 1442 829 δὲ
1491 773 1663 830 ἐκεῖσε
1719 775 2093 853 ἀργυροκόπος

434 857 698 923 ἐναντίοις
751 865 933 937 ζυγοῖς
987 862 1087 932 τὴν
1168 862 1363 936 πράσιν
1440 863 1796 938 ποιούμενος,
1847 866 1935 920 καὶ
1994 869 2091 920 τοῦ

434 948 742 1021 οἰκήματος
791 950 961 1005 αὐτοῦ
1009 951 1412 1028 πορθουμένου,
1444 953 1663 1024 ἠπείλει
1702 959 1782 1027 τῷ
1827 954 1917 1009 τὸν
1966 952 2090 1011 ἐλέ-

431 1058 603 1116 φαντα
634 1037 956 1117 φυλάττοντι
1007 1040 1259 1114 θάνατον,
1291 1042 1336 1097 εἱ
1383 1044 1460 1117 μὴ
1508 1048 1699 1099 τοῦτον
1749 1047 2088 1120 κρατήσειεν.

426 1124 575 1185 Ὁδέ
625 1128 943 1203 θηροκόμος
993 1131 1095 1186 οὐκ
1147 1128 1407 1199 ἐνεδίδου,
1442 1133 1499 1187 ’ὸν
1552 1133 1814 1199 φονεύσας
1865 1134 1893 1188 6
1934 1139 2088 1211 ζυγο-

429 1214 681 1288 πλάστης
742 1214 945 1274 δέδωκε
996 1220 1161 1295 βορὰν
1205 1219 1286 1294 τῷ
1339 1220 1617 1297 ἐλέφαντι.
1662 1224 1732 1278 Τὸ
1783 1221 1841 1278 δὲ
1898 1224 2085 1299 θηρίον

432 1305 718 1369 ἀτίθασσον
753 1305 836 1379 ὃν,
869 1308 959 1362 καὶ
987 1308 1147 1364 αὐτὸν
1180 1308 1382 1365 ἀνεῖλε
1416 1310 1504 1366 καὶ
1551 1312 1579 1366 6
1624 1308 1869 1389 Σεϐῆρος
1924 1311 2086 1368 ἀκού-

430 1415 523 1456 σας
552 1399 634 1468 τῷ
666 1396 845 1472 θηρίῳ
874 1397 1062 1461 θυσίας
1094 1396 1342 1474 ἤνεγκεν.
1377 1400 1464 1457 Ἐν
1494 1400 1641 1473 αὐτῷ
1696 1399 1754 1457 δὶ
1804 1406 1887 1475 τῷ
1931 1403 2087 1475 τόπῳ

427 1482 697 1558 παρευθὺς
761 1483 1076 1557 ἀνετυπώθη
1126 1488 1189 1541 τό
1239 1507 1299 1542 τε
1349 1488 1536 1564 θηρίον
1563 1490 1651 1545 καὶ
1686 1491 1714 1545 6
1745 1490 2086 1564 θηροκόμοςο

425 1573 592 1637 Ἔνθα
647 1574 739 1629 καὶ
788 1574 1071 1651 Ἡρακλῆς
1124 1574 1446 1653 ἐλατρεύθη,
1480 1577 1698 1642 πολλὰς
1757 1580 1941 1643 Θυσίας
1998 1577 2083 1635 δε-

426 1660 678 1735 ξάμενος,
720 1663 778 1725 ὃς
833 1662 887 1719 ἐν
940 1668 1022 1737 τῷ
1076 1663 1457 1742 Ἰπποδρομίῳ
1514 1667 1793 1741 μετετέθη.
1846 1670 1966 1725 Ἐπὶ
2029 1667 2086 1727 δῖε

422 1748 727 1807 ἰουλιανοῦ
789 1753 1054 1809 ὑπατικοῦ
1113 1756 1219 1810 άπὸ
1248 1756 1471 1829 Ῥώμης
1498 1755 1662 1827 ἦλθεν
1718 1758 1805 1813 ἐπὶ
1861 1759 1923 1815 16
1980 1762 2084 1817 Βυ-

429 1838 660 1911 ζάντιον·
698 1841 935 1918 εΐσήχθη
969 1840 1027 1899 δὲ
1059 1842 1193 1918 μετᾶ
1222 1844 1441 1916 στηλῶν
1486 1844 1633 1907 δέκα.

579 2110 708 2187 Περὶ
740 2109 809 2166 τὰ
841 2111 1146 2188 Πατρικίας
1174 2116 1275 2183 τῆς
1308 2114 1604 2191 ὑπεραγίας
1631 2114 1918 2175 Θεοτόκου.

489 2199 587 2263 Εἷς
623 2200 714 2255 τὸν
764 2201 891 2256 ναὸν
946 2208 1049 2272 τῆς
1093 2204 1362 2258 Θεοτόκου
1406 2205 1475 2259 τὰ
1516 2205 1831 2282 Ηατρικίας,
1859 2202 2077 2261 ὄπισθεν

417 2296 518 2360 τῆς
556 2289 711 2366 ἁγίας
744 2290 968 2364 Σοφίας,
1002 2292 1054 2345 οἱ
1089 2292 1335 2367 βασιλεῖς
1362 2290 1608 2370 ἤρχοντο
1640 2293 1727 2350 ἐπὶ
1766 2300 1885 2358 ταῖς
1914 2316 2080 2371 προε-

417 2376 628 2435 λεόσεσι
684 2379 820 2453 μετᾶ
866 2385 975 2435 τῶν
1028 2377 1350 2452 δεποινῶν,
1396 2384 1485 2437 ὅτε
1534 2379 1775 2457 ἔμελλον
1824 2384 2076 2450 ἀπελθεῖν

419 2467 494 2530 εἰς
524 2468 622 2536 τήν
684 2468 834 2543 ἁγίαν
886 2470 1114 2547 Σοφίαν·
1145 2470 1294 2534 οἶκος
1352 2470 1454 2547 γὰρ
1514 2473 1579 2541 ἦν
1631 2472 1804 2528 ἐκεῖσε
1840 2474 2078 2538 κτισθεὶς

416 2558 560 2633 παρᾶ
614 2562 712 2612 τοῦ
768 2555 1026 2633 Μεγάλου
1086 2563 1611 2618 Κωνσταντίνου.Αἱ
1668 2560 1725 2617 δὲ
1775 2562 2078 2639 πατρίκιαι,

415 2647 470 2700 αἱ
531 2646 761 2719 Ζωσταὶ,
819 2647 955 2721 [καὶ]
1010 2648 1061 2702 οἳ
1110 2648 1389 2723 πατρίκιοι
1440 2648 1611 2704 ἐκεῖσε
1666 2653 2076 2726 προσήρχοντο,

414 2737 504 2791 καὶ
539 2733 827 2805 ἤλλασσον
859 2737 953 2792 τὸν
990 2735 1216 2813 βασιλέα
1246 2740 1333 2793 καὶ
1366 2740 1466 2808 τήν
1493 2737 1779 2795 δέσποιναν
1811 2742 1945 2814 μετὰ
1989 2740 2077 2797 καὶ

421 2829 528 2880 τῶν
563 2824 961 2900 πραιποσίτων.

942 2915 1072 2989 Περὶ
1101 2918 1199 2971 τοῦ
1230 2917 1559 2990 Βοσπορίου.

485 3004 608 3059 Ὅτι
650 3004 713 3060 τὸ
771 3004 1102 3079 Βοσπόριον,
1154 3005 1334 3068 καθώς
1392 3028 1554 3080 φησιν
1606 3003 1864 3078 Ἰωάννης
1895 3008 1924 3062 6
1955 3010 2079 3064 ’Av-

415 3092 660 3167 τιοχεὺς,
693 3092 784 3148 ὅτε
814 3092 989 3162 Βύζας
1020 3091 1196 3149 ἔκτισε
1222 3096 1283 3149 τὸ
1316 3094 1632 3164 Βυζάντιον,
1670 3097 1800 3172 βοῦν
1832 3097 2077 3151 ἀπέστει-

417 3180 507 3236 λεν
541 3181 649 3236 ἀπὸ
674 3186 772 3237 τοῦ
814 3183 1186 3262 Προσφορίου,
1217 3184 1309 3239 καὶ
1358 3181 1603 3251 ἀπῆλθεν
1653 3184 1728 3247 εἰς
1787 3187 2076 3260 Χρυσόπο-

2204 604 2433 656 erectus
2465 605 2591 657 erat
2622 618 2656 656 a
2684 602 2893 657 Severo
2926 601 3165 675 elephas
3210 600 3468 673 ingentis
3500 601 3864 673 magnitudi-

2205 689 2316 744 dis.
2352 689 2487 745 Erat
2516 693 2712 745 autem
2745 689 2911 747 collis
2958 695 3093 746 ante
3139 694 3363 762 partem
3414 690 3729 762 graduum,
3762 690 3865 746 ubi

2202 781 2260 833 et
2311 778 2516 834 schola
2563 780 2880 835 custodum
2939 780 3105 835 urbis
3164 778 3507 835 excubabat.
3553 779 3867 835 Habitabat

2203 867 2378 923 etiam
2414 868 2491 922 ibi
2525 868 2897 940 argentarius
2928 869 3028 940 qui
3067 869 3339 925 lancibus
3377 868 3598 940 iniquis
3629 869 3688 923 in
3719 884 3862 924 ven-

2200 956 2395 1012 dendo
2430 958 2726 1023 utebatur,
2760 958 2931 1029 cujus
2960 957 3198 1013 ofﬁcina
3243 974 3378 1013 cum
3427 957 3501 1013 ab
3549 955 3863 1029 elephanto

2203 1046 2664 1117 subverteretur,
2700 1052 2946 1102 mortem
3003 1046 3097 1102 ille
3132 1046 3548 1102 interminatus
3595 1050 3685 1103 est
3732 1047 3861 1116 ejus

2201 1135 2454 1201 custodi,
2491 1135 2603 1190 nisi
2638 1134 2897 1191 bclluam
2931 1135 3249 1191 cohiberet.
3283 1135 3628 1207 Magistrum
3662 1139 3859 1190 autem

2198 1223 2519 1296 elephanti,
2540 1241 2673 1279 cum
2707 1224 2898 1280 minas
2923 1224 3111 1296 ipsius
3136 1223 3543 1290 floccifaceret,
3568 1224 3861 1281 interfecit

2198 1312 2385 1369 falsus
2418 1312 2517 1369 ille
2548 1313 2858 1385 libripens,
2892 1318 2948 1369 et
2978 1313 3292 1385 elephanto
3322 1314 3718 1369 devorandum
3751 1314 3858 1369 ob-

2189 1402 2353 1473 jecit.
2387 1402 2591 1459 Bellua
2614 1419 2746 1459 vero
2778 1404 3027 1460 necdum
3062 1404 3324 1459 cicurata
3353 1402 3551 1475 ipsum
3582 1418 3702 1458 una
3730 1419 3861 1458 sus-

2197 1490 2354 1547 tulit.
2389 1492 2550 1557 Quod
2585 1491 2686 1547 ubi
2718 1490 2953 1548 rescivit
2996 1492 3244 1548 Severus
3291 1490 3602 1563 elephanto
3632 1491 3856 1546 sacriﬁ-

2196 1580 2372 1647 cavit,
2403 1584 2460 1637 et
2489 1580 2548 1636 in
2582 1581 2785 1637 eodem
2826 1581 2951 1637 loco
2992 1580 3181 1653 ipsius
3214 1579 3421 1636 bellua:
3451 1581 3699 1651 ejusque
3729 1596 3855 1635 ma-

2195 1668 2365 1742 gistri
2434 1673 2663 1725 statuas
2721 1670 2922 1725 erexit.
2981 1669 3205 1725 lbidem
3273 1685 3511 1741 quoque
3576 1667 3857 1725 Hercules

2196 1757 2404 1815 multis
2435 1758 2743 1815 sacriﬁciis
2786 1758 3107 1826 colebatur,
3142 1757 3242 1830 qui
3275 1761 3481 1831 postea
3524 1756 3585 1812 in
3635 1755 3855 1830 Hippo-

2113 1848 2469 1950 Bdromum
2531 1848 2853 1904 translatus
2910 1851 3036 1916 est;
3094 1846 3329 1903 Juliano
3384 1846 3542 1903 enim
3610 1845 3855 1901 consule

2192 1936 2379 1993 Roma
2398 1936 2744 2009 Byzantium
2769 1938 3047 1993 advectus
3070 1935 3183 1991 fuit
3198 1953 3316 1992 una
3337 1952 3471 1992 cum
3491 1934 3623 1991 aliis
3648 1935 3849 1991 decem

2189 2025 2427 2082 statuis.

2330 2117 2404 2172 De
2436 2115 2639 2187 templo
2668 2114 2727 2173 S.
2766 2117 3029 2188 Πείραι’ιῖ
3073 2117 3337 2174 Patricia:
3362 2121 3707 2185 nuncupata.

2262 2205 2324 2260 In
2376 2204 2685 2261 ecclesiam
2735 2206 2795 2262 S.
2838 2205 3099 2279 Deiparas
3156 2204 3506 2278 cognomine
3562 2202 3846 2270 Patricia,

2189 2310 2316 2366 qua:
2350 2299 2441 2352 est
2470 2311 2621 2366 pone
2654 2294 2712 2351 S.
2745 2294 2976 2367 Sopbiae
3008 2293 3341 2361 ecclesiam,
3372 2294 3757 2366 imperatores
3787 2297 3846 2349 et

2189 2386 2452 2455 augustas
2482 2382 2650 2439 ibant
2694 2383 3142 2455 processionum
3192 2399 3373 2439 causa
3418 2398 3552 2437 cum
3583 2382 3655 2437 ad
3687 2381 3840 2437 San-

2187 2476 2339 2526 ctam
2369 2472 2649 2544 Sopbiam
2681 2471 2820 2527 ituri
2843 2478 3067 2541 essent;
3092 2472 3309 2528 etenim
3342 2472 3553 2527 domus
3578 2469 3661 2525 ibi
3692 2475 3837 2541 erat,

2188 2576 2364 2631 quam
2398 2562 2822 2617 Constantinus
2853 2566 3099 2634 Magnus
3129 2563 3515 2616 exstruxerat.
3537 2562 3662 2614 Huc
3688 2575 3848 2615 acce-

2188 2648 2408 2704 debant
2455 2651 2735 2722 patriciae,
2766 2652 2948 2706 Zostm
2979 2668 3046 2706 ac
3078 2649 3308 2722 patricii
3342 2666 3459 2704 una
3508 2664 3641 2703 cum
3693 2665 3844 2720 prae-

2188 2738 2421 2809 positis,
2454 2756 2521 2794 ac
2552 2739 2891 2812 imperatori
2925 2744 2981 2794 et
3020 2742 3283 2809 augustae
3317 2736 3631 2793 mutatoria
3662 2736 3849 2809 porri-

2188 2826 2425 2898 gebant.

2720 2919 2797 2973 De
2826 2918 3088 2988 Bosporio
3115 2920 3306 2988 portu.

2261 3006 2582 3077 Bosporius
2650 3010 2855 3078 portus
2921 3007 3005 3060 ita
3071 3008 3481 3078 nuncupatur,
3540 3008 3607 3060 ut
3660 3003 3861 3077 inquit

2188 3093 2447 3150 Joannes
2495 3095 2915 3165 Antiochenus,
2950 3095 3128 3167 quod,
3162 3095 3402 3168 quando
3434 3094 3617 3165 Byzas
3659 3093 3860 3150 condi-

2195 3184 2281 3239 dit
2327 3183 2693 3257 Byzantium,
2728 3184 2933 3240 bovem
2994 3183 3169 3239 solvit
3225 3201 3259 3237 a
3318 3183 3445 3238 loco
3502 3181 3861 3254 Prosphorio

416 3267 527 3339 λιν,
583 3270 674 3326 καὶ
731 3250 905 3334 οὕτως
1251 3273 1571 3348 Βοσπόριον.
1627 3276 1773 3329 Ἐκεῖ
1828 3250 1886 3329 6i:
1943 3274 2082 3330 ἐπω-

2205 3250 2517 3344 ἀίοῑο,ἰιυὶ
2575 3272 2832 3327 tranavit
2888 3270 3299 3344 Chrys0polim
3361 3286 3571 3342 usque,
3622 3250 3681 3326 et
3731 3269 3865 3327 ideo

416 3357 613 3415 λοῦντο
650 3361 703 3415 οἱ
737 3360 863 3436 βόες
891 3360 981 3416 καὶ
1034 3360 1112 3422 εἰς
1142 3362 1206 3416 τὸ
1258 3360 1642 3437 σιγματοειδές
1688 3369 1877 3438 τεῖχος
1924 3365 2087 3442 μέχρι

418 3452 515 3503 τοῦ
571 3447 974 3525 Κοπρωνύμου.
1039 3451 1277 3514 Ἐκεῖνος
1334 3451 1524 3526 ὥρισεν
1587 3453 1663 3516 εἷς
1730 3452 1821 3507 τὰν
1874 3455 2085 3531 Ταῦρον

420 3536 747 3597 πωλεῖσθαι.

546 3806 677 3882 Περὶ
708 3811 805 3863 τοῦ
835 3807 1027 3884 Ἀγίου
1061 3806 1284 3865 Παύλου
1313 3814 1410 3864 τοῦ
1444 3807 1959 3887 Ὀρφανοτροφείου.

495 3896 603 3952 Τὸν
639 3893 697 3952 δὲ
728 3902 921 3973 ’Ἀγιον
956 3894 1173 3952 Παῦλον
1203 3899 1266 3953 16
1287 3899 1778 3975 Ὀρφανοτροφεῖον
1807 3898 2084 3974 ἀνήγειρεν

418 3985 711 4050 Ἰουστίνος
785 3987 875 4041 καὶ
956 3985 1181 4065 Σοιρία⁸
1242 3986 1503 4051 ὡσαύτως
1574 3989 1667 4041 καὶ
1742 3987 1833 4041 τὸν
1897 3990 2084 4044 ’Ὁσιον

415 4074 674 4145 Ζωτικὸν,
733 4076 824 4130 καὶ
899 4075 1179 4131 ἐτόπιυσαν
1261 4075 1626 4131 ἀναπαύεσθαι
1681 4077 1809 4139 τοὺς
1871 4071 2090 4141 λωϐοὺς

414 4161 607 4233 ἐκεῖσε,
667 4163 757 4219 καὶ
821 4166 1107 4240 σιτηρέσια
1159 4160 1479 4237 λαμϐάνειν.
1514 4167 1821 4238 Παρίστατο
1862 4163 1920 4221 δὲ
1976 4171 2086 4222 Zm-

411 4252 564 4315 τικὸς
597 4253 625 4307 6
656 4247 1162 4327 πρωτοῦεστιάριος
1196 4251 1360 4309 αὐτοῦ
1389 4259 1507 4319 τοῖς
1535 4254 1849 4329 κτίσμασιν.

975 4343 1105 4419 Περὶ
1135 4347 1233 4399 τοῦ
1264 4343 1536 4419 Νεωρίου.

484 4432 675 4502 ’Ὀτιὴ
722 4431 996 4508 Αεγομένη
1058 4430 1230 4505 λίμνη
1289 4437 1387 4488 τοῦ
1446 4433 1691 4508 Νεωρίου
1747 4434 1877 4508 βοῦν
1936 4435 2081 4510 εἶχεν

410 4520 702 4593 ἱστάμενον
772 4519 1017 4597 χαλκοῦν
1076 4521 1433 4596 παμμεγέθη.
1488 4521 1711 4596 Κράζειν
1775 4518 1832 4576 δε
1892 4516 2077 4598 ἔλεγον

2200 3361 2486 3433 angustiae
2550 3361 2661 3416 illa:
2715 3361 2893 3417 maris
2942 3360 3290 3433 Bosporium
3332 3358 3725 3432 appellantur.
3776 3358 3865 3416 Ibi

2200 3450 2356 3505 enim
2388 3454 2445 3505 et
2476 3450 2533 3505 in
2567 3450 2668 3506 illa
2701 3449 2854 3505 muri
2888 3455 3051 3522 parte
3085 3467 3212 3521 quae
3244 3453 3338 3505 est
3381 3450 3453 3504 ad
3496 3449 3745 3521 ﬁguram
3777 3447 3862 3505 si-

2197 3555 2335 3611 gma
2386 3543 2749 3606 constructa,
2789 3539 2967 3595 boves
3017 3539 3440 3605 vendebantur,
3474 3537 3630 3610 quod
3680 3537 3858 3593 etiam

2197 3627 2382 3683 moris
2413 3627 2523 3683 fuit
2566 3644 2755 3699 usque
2794 3628 2865 3682 ad
2898 3626 3352 3684 Constantinum
3386 3626 3856 3698 Copronymum;

2199 3715 2297 3787 qui
2332 3717 2662 3784 constituit,
2698 3720 2762 3770 ut
2790 3716 2847 3770 in
2880 3716 3071 3772 Tauro
3102 3716 3515 3771 venderentur.

2520 3806 2598 3861 De
2626 3805 3098 3877 orphanotrophio
3128 3805 3317 3860 Sancti
3344 3803 3542 3860 Pauli.

2268 3892 2843 3965 Orphanotropbium
2894 3895 2953 3949 S.
2996 3893 3160 3949 Pauli
3216 3892 3491 3949 Justinus
3539 3897 3599 3948 et
3645 3893 3863 3966 Sopbia

2195 3983 2541 4051 condidere;
2578 3982 2856 4038 similiter
2899 3987 2956 4039 et
3002 3983 3285 4038 Sanctum
3336 3981 3624 4053 Zoticum,
3650 3985 3709 4036 et
3737 3986 3857 4038 sta-

2196 4075 2438 4127 tuerunt
2493 4071 2574 4126 ibi
2635 4070 2939 4126 mutilatos
2978 4072 3196 4142 quibus
3251 4070 3536 4127 alimenta
3591 4070 3858 4143 praebue-

2196 4166 2355 4217 runt.
2392 4162 2625 4217 Praefuit
2674 4165 2871 4216 autem
2907 4160 3152 4216 aediﬁcio
3205 4166 3263 4216 et
3309 4159 3540 4215 Zoticus
3592 4163 3859 4231 protove-

2194 4250 2460 4306 stiarius.

2766 4340 2840 4395 De
2861 4342 3026 4411 portu
3060 4339 3285 4395 Neorio.

2265 4432 2326 4485 In
2361 4432 2531 4500 portu
2583 4434 2926 4499 nuncupato
2975 4428 3186 4485 Neorio
3220 4427 3327 4483 bos
3358 4443 3553 4483 aeneus
3595 4426 3855 4499 ingentis

2194 4517 2366 4573 molis
2397 4518 2615 4586 stabat,
2646 4533 2821 4588 quem
2857 4516 3038 4573 semel
3071 4518 3130 4572 in
3162 4533 3318 4573 anno
3349 4515 3594 4572 solitum
3626 4515 3855 4587 mugire

417 4610 577 4663 αὐτὸν
612 4609 686 4671 ὡς
723 4610 852 4685 βοῦν
886 4608 1011 4682 μίαν
1050 4612 1143 4663 νοῦ
1176 4607 1450 4678 ἐνιαυτοῦ,
1482 4610 1571 4663 καὶ
1620 4608 1863 4683 γίνεσθαι
1908 4611 2080 4685 παρά-

2205 4606 2410 4671 l'erunt,
2444 4610 2502 4661 et
2550 4605 2756 4661 eodem
2808 4605 2901 4660 die
2961 4604 3098 4659 mali
3150 4604 3292 4677 quid
3351 4603 3484 4659 urbi
3546 4602 3852 4659 accidisse.

418 4698 623 4770 πτωμᾶ
666 4718 719 4751 τι
772 4695 824 4752 ἐν
892 4701 961 4771 τῇ
1027 4697 1210 4772 ἡμέρᾳ
1276 4695 1476 4771 ἐκείνῃ.
1518 4698 1907 4772 Ἐστοιχείωσε
1946 4695 2003 4752 δὲ
2052 4699 2080 4752 6

419 4785 582 4848 αὐτὸς
616 4786 827 4855 Κόνων,
862 4785 913 4841 ἐν
947 4787 993 4859 ᾧ
1023 4786 1113 4841 καὶ
1144 4784 1315 4862 ἄγορα
1342 4790 1450 4841 τῶν
1483 4784 1790 4841 θαλασσίων
1825 4785 2083 4860 ἐμπόριον

414 4875 479 4931 τὸ
527 4876 795 4952 πρότερον
842 4877 950 4945 ἦν·
988 4875 1076 4930 ἐπὶ
1127 4872 1184 4931 δὲ
1213 4876 1510 4932 Ἰουστίνου
1558 4875 1812 4948 μετετέθη
1860 4873 1937 4937 εἲς
1986 4875 2079 4930 τὸν

418 4962 724 5021 Ἰουλιανοῦ
756 4962 974 5038 λιμένα.

730 5071 861 5146 Περῖ
894 5070 962 5125 τὰ
989 5074 1086 5126 τοῦ
1117 5068 1408 5134 Βασιλίδος
1440 5070 1772 5145 καλούμενα.

495 5161 571 5215 Τὰ
618 5156 676 5216 δὲ
731 5156 1051 5229 Βασιλίδος,
1096 5159 1247 5223 οἶκος
1291 5160 1358 5230 ἦν
1408 5158 1735 5223 Βασιλίδους
1792 5160 2083 5237 πατρικίου

421 5249 510 5305 καὶ
540 5249 886 5324 κοιαίστορος
916 5251 1013 5303 τοῦ
1044 5247 1300 5324 Μεγάλου
1328 5250 1730 5305 Ἰουστινιανοῦ.

906 5354 1039 5429 Περὶ
1069 5359 1177 5410 τῶν
1211 5353 1606 5429 Ἀρκαδιανῶν.

486 5446 609 5503 Ὀτι
688 5445 717 5499 6
768 5446 959 5520 Ἄγιος
1028 5444 1291 5513 Ἰωάννης
1367 5445 1423 5498 αἱ
1486 5443 1873 5520 Ἀρκαδιαναῖ,
1940 5444 2087 5520 παρᾶ

432 5531 716 5608 Αρκαδίου
753 5533 995 5604 ἐκτίσθη,
1029 5531 1417 5606 ἐπιλεξαμένου
1456 5533 1544 5587 καὲ
1597 5532 1655 5588 ἐκ
1698 5538 1804 5589 τῶν
1838 5531 2085 5589 πολιτῶν

417 5621 682 5700 χιλιάδας
736 5622 792 5694 ’ἐξ
853 5622 931 5685 εἷς
984 5621 1201 5697 ὀψίκιον
1252 5620 1437 5691 αὐτοῦ,
1469 5619 1636 5698 ἤγουν
1698 5623 1773 5685 εἷς
1826 5623 1895 5678 τὰ
1950 5622 2083 5700 πρό-

406 5732 599 5783 κενσα,
632 5712 662 5767 ’ὀ
696 5711 813 5767 ἐστι
847 5711 983 5785 μετὰ
1012 5713 1317 5787 στασίματα
1347 5733 1359 5747 ·
1393 5709 1615 5767 ἐκάλεσε
1644 5709 1701 5767 δὲ
1730 5710 1926 5773 αὐτοὺς
1958 5713 2084 5786 Ἀρ-

2192 4695 2481 4750 Eumdem
2515 4699 2710 4749 autem
2759 4699 2992 4765 portum
3027 4692 3274 4765 magicis
3306 4691 3618 4764 praestigiis
3648 4707 3853 4747 conse-

2193 4785 2377 4839 cravit
2408 4784 2534 4856 ipse
2565 4783 2794 4848 Conon;
2828 4783 2887 4837 in
2921 4799 3036 4853 quo
3070 4787 3126 4837 et
3158 4780 3594 4836 maritimorum
3629 4795 3853 4835 merca-

2196 4878 2390 4928 torum
2426 4878 2595 4927 antea
2648 4873 2838 4926 l'orum
2873 4874 2999 4925 erat
3032 4888 3045 4926 :
3077 4868 3313 4925 Justino
3344 4884 3480 4925 vero
3528 4869 3857 4941 imperante

2196 4962 2254 5016 in
2286 4960 2507 5017 Juliani
2541 4965 2775 5033 portum
2809 4958 3161 5015 translatum
3196 4963 3307 5014 est.

2600 5060 2673 5115 De
2706 5057 2973 5114 Basilidis
3001 5067 3182 5115 tractu
3211 5074 3277 5113 ac
3304 5056 3438 5113 aede.

2265 5151 2515 5205 Tractus
2564 5148 2839 5204 Basilidis
2898 5147 3115 5223 dictus,
3148 5147 3362 5203 domus
3411 5149 3537 5202 erat
3583 5143 3861 5201 Basilidis

2194 5237 2427 5311 patricii
2462 5243 2519 5293 et
2551 5236 2863 5309 quaestoris
2894 5234 3221 5291 Justiniani
3253 5234 3470 5306 Magni.

2792 5354 2865 5407 De
2906 5351 3254 5407 Arcadia-nis.

2269 5441 2585 5498 Ecclesiam
2617 5442 2676 5497 S.
2707 5439 2957 5497 Joannis
3000 5439 3339 5496 Arcadianae
3377 5441 3643 5495 vocatam
3677 5437 3866 5492 aediﬁ-

2196 5531 2348 5587 cavit
2371 5530 2680 5599 Arcadius,
2697 5529 2797 5602 qui
2819 5547 2919 5586 sex
2940 5529 3126 5585 millia
3148 5529 3365 5584 civium
3390 5528 3460 5583 ad
3485 5526 3861 5600 obsequium,

2195 5622 2252 5677 id
2286 5626 2397 5689 est,
2432 5621 2503 5676 ad
2553 5621 2990 5692 processionem
3042 5622 3177 5690 post
3208 5618 3495 5674 stationes
3545 5616 3667 5672 ﬁeri
3718 5613 3858 5670 soli-

2198 5717 2347 5779 tam,
2381 5708 2493 5765 sibi
2542 5709 3023 5780 adlegit,eosque
3067 5707 3427 5763 Arcadianos
3475 5703 3856 5776 nuncupavit,
