  <div class='ocr_page' id='page_1' title='image "/cluster/home/n/w/nwhite01/storage/ocr_20150623/122:no.2/coo.31924054870278/627.png"; bbox 0 0 4124 6414; ppageno 0'>
   <div class='ocr_carea' id='block_1_1' title="bbox 343 359 506 424">
    <p class='ocr_par' dir='ltr' id='par_1_1' title="bbox 343 359 506 424">
     <span class='ocr_line' id='line_1_1' title="bbox 343 359 506 424; baseline -0.018 0"><span class='ocrx_word' id='word_1_1' title='bbox 343 359 506 424; x_wconf 73' lang='grc'><strong>1239</strong></span> 
     </span>
    </p>
   </div>
   <div class='ocr_carea' id='block_1_2' title="bbox 701 493 1644 566">
    <p class='ocr_par' dir='ltr' id='par_1_2' title="bbox 701 493 1644 566">
     <span class='ocr_line' id='line_1_2' title="bbox 701 493 1644 566; baseline 0 -18"><span class='ocrx_word' id='word_1_2' title='bbox 701 493 776 548; x_wconf 88' lang='lat' dir='ltr'><strong>De</strong></span> <span class='ocrx_word' id='word_1_3' title='bbox 801 493 1030 550; x_wconf 74' lang='lat' dir='ltr'><strong>ecclesia</strong></span> <span class='ocrx_word' id='word_1_4' title='bbox 1059 511 1180 566; x_wconf 58' lang='lat' dir='ltr'><strong>qua</strong></span> <span class='ocrx_word' id='word_1_5' title='bbox 1211 496 1370 551; x_wconf 79' lang='lat' dir='ltr'><strong>Bassi</strong></span> <span class='ocrx_word' id='word_1_6' title='bbox 1401 504 1644 551; x_wconf 81' lang='lat' dir='ltr'><strong>vocatur.</strong></span> 
     </span>
    </p>
   </div>
   <div class='ocr_carea' id='block_1_3' title="bbox 416 581 2005 656">
    <p class='ocr_par' dir='ltr' id='par_1_3' title="bbox 416 581 2005 656">
     <span class='ocr_line' id='line_1_3' title="bbox 416 581 2005 656; baseline -0.001 -18"><span class='ocrx_word' id='word_1_7' title='bbox 416 581 740 638; x_wconf 81' lang='lat' dir='ltr'><strong>Ecclesium</strong></span> <span class='ocrx_word' id='word_1_8' title='bbox 791 583 1142 653; x_wconf 86' lang='lat' dir='ltr'><strong>cognomine</strong></span> <span class='ocrx_word' id='word_1_9' title='bbox 1193 585 1378 652; x_wconf 82' lang='lat' dir='ltr'><strong>Bassi,</strong></span> <span class='ocrx_word' id='word_1_10' title='bbox 1430 585 1652 641; x_wconf 82' lang='lat' dir='ltr'><strong>Bassus</strong></span> <span class='ocrx_word' id='word_1_11' title='bbox 1701 583 2005 656; x_wconf 88' lang='lat' dir='ltr'><strong>patricius,</strong></span> 
     </span>
    </p>
   </div>
   <div class='ocr_carea' id='block_1_4' title="bbox 347 670 2007 744">
    <p class='ocr_par' dir='ltr' id='par_1_4' title="bbox 347 670 2007 744">
     <span class='ocr_line' id='line_1_4' title="bbox 347 670 2007 744; baseline -0.002 -15"><span class='ocrx_word' id='word_1_12' title='bbox 347 688 486 729; x_wconf 90' lang='lat' dir='ltr'><strong>cum</strong></span> <span class='ocrx_word' id='word_1_13' title='bbox 535 672 748 727; x_wconf 87' lang='lat' dir='ltr'><strong>domus</strong></span> <span class='ocrx_word' id='word_1_14' title='bbox 796 670 986 742; x_wconf 84' lang='lat' dir='ltr'><strong>ipsius</strong></span> <span class='ocrx_word' id='word_1_15' title='bbox 1047 672 1127 728; x_wconf 86' lang='lat' dir='ltr'><strong>ibi</strong></span> <span class='ocrx_word' id='word_1_16' title='bbox 1189 678 1366 744; x_wconf 80' lang='lat' dir='ltr'><strong>esset,</strong></span> <span class='ocrx_word' id='word_1_17' title='bbox 1428 674 1692 729; x_wconf 80' lang='lat' dir='ltr'><strong>condidit</strong></span> <span class='ocrx_word' id='word_1_18' title='bbox 1749 677 2007 743; x_wconf 84' lang='lat' dir='ltr'><strong>tempore</strong></span> 
     </span>
    </p>
   </div>
   <div class='ocr_carea' id='block_1_5' title="bbox 347 759 2007 834">
    <p class='ocr_par' dir='ltr' id='par_1_5' title="bbox 347 759 2007 834">
     <span class='ocr_line' id='line_1_5' title="bbox 347 759 2007 834; baseline -0.001 -16"><span class='ocrx_word' id='word_1_19' title='bbox 347 760 676 819; x_wconf 86' lang='lat' dir='ltr'><strong>Justiniani</strong></span> <span class='ocrx_word' id='word_1_20' title='bbox 715 759 931 831; x_wconf 82' lang='lat' dir='ltr'><strong>Magni.</strong></span> <span class='ocrx_word' id='word_1_21' title='bbox 966 761 1114 816; x_wconf 84' lang='lat' dir='ltr'><strong>Huic</strong></span> <span class='ocrx_word' id='word_1_22' title='bbox 1155 761 1460 834; x_wconf 86' lang='lat' dir='ltr'><strong>indignata</strong></span> <span class='ocrx_word' id='word_1_23' title='bbox 1491 763 1796 818; x_wconf 91' lang='lat' dir='ltr'><strong>Theodora</strong></span> <span class='ocrx_word' id='word_1_24' title='bbox 1825 762 2007 832; x_wconf 89' lang='lat' dir='ltr'><strong>impe-</strong></span> 
     </span>
    </p>
   </div>
   <div class='ocr_carea' id='block_1_6' title="bbox 349 848 2005 922">
    <p class='ocr_par' dir='ltr' id='par_1_6' title="bbox 349 848 2005 922">
     <span class='ocr_line' id='line_1_6' title="bbox 349 848 2005 922; baseline -0.001 -16"><span class='ocrx_word' id='word_1_25' title='bbox 349 849 562 906; x_wconf 85' lang='lat' dir='ltr'><strong>ratoris</strong></span> <span class='ocrx_word' id='word_1_26' title='bbox 598 866 744 906; x_wconf 85' lang='lat' dir='ltr'><strong>uxor</strong></span> <span class='ocrx_word' id='word_1_27' title='bbox 773 848 991 906; x_wconf 77' lang='lat' dir='ltr'><strong>chorda</strong></span> <span class='ocrx_word' id='word_1_28' title='bbox 1034 856 1214 922; x_wconf 90' lang='lat' dir='ltr'><strong>caput</strong></span> <span class='ocrx_word' id='word_1_29' title='bbox 1254 852 1382 922; x_wconf 86' lang='lat' dir='ltr'><strong>ejus</strong></span> <span class='ocrx_word' id='word_1_30' title='bbox 1431 852 1757 921; x_wconf 80' lang='lat' dir='ltr'><strong>constringi</strong></span> <span class='ocrx_word' id='word_1_31' title='bbox 1798 851 2005 922; x_wconf 84' lang='lat' dir='ltr'><strong>jussit,</strong></span> 
     </span>
    </p>
   </div>
   <div class='ocr_carea' id='block_1_7' title="bbox 347 939 1213 1011">
    <p class='ocr_par' dir='ltr' id='par_1_7' title="bbox 347 939 1213 1011">
     <span class='ocr_line' id='line_1_7' title="bbox 347 939 1213 1011; baseline 0.001 -16"><span class='ocrx_word' id='word_1_32' title='bbox 347 940 431 996; x_wconf 86' lang='lat' dir='ltr'><strong>ita</strong></span> <span class='ocrx_word' id='word_1_33' title='bbox 461 943 527 995; x_wconf 93' lang='lat' dir='ltr'><strong>ut</strong></span> <span class='ocrx_word' id='word_1_34' title='bbox 555 939 709 997; x_wconf 91' lang='lat' dir='ltr'><strong>oculi</strong></span> <span class='ocrx_word' id='word_1_35' title='bbox 741 941 872 1011; x_wconf 87' lang='lat' dir='ltr'><strong>ejus</strong></span> <span class='ocrx_word' id='word_1_36' title='bbox 901 939 1213 996; x_wconf 82' lang='lat' dir='ltr'><strong>exilicrint.</strong></span> 
     </span>
    </p>
   </div>
   <div class='ocr_carea' id='block_1_8' title="bbox 888 1118 1483 1176">
    <p class='ocr_par' dir='ltr' id='par_1_8' title="bbox 888 1118 1483 1176">
     <span class='ocr_line' id='line_1_8' title="bbox 888 1118 1483 1176; baseline 0.003 -4"><span class='ocrx_word' id='word_1_37' title='bbox 888 1119 962 1172; x_wconf 83' lang='lat' dir='ltr'><strong>De</strong></span> <span class='ocrx_word' id='word_1_38' title='bbox 992 1118 1194 1175; x_wconf 85' lang='lat' dir='ltr'><strong>Sancto</strong></span> <span class='ocrx_word' id='word_1_39' title='bbox 1223 1121 1483 1176; x_wconf 80' lang='lat' dir='ltr'><strong>Arlemio.</strong></span> 
     </span>
    </p>
   </div>
   <div class='ocr_carea' id='block_1_9' title="bbox 418 1207 2010 1278">
    <p class='ocr_par' dir='ltr' id='par_1_9' title="bbox 418 1207 2010 1278">
     <span class='ocr_line' id='line_1_9' title="bbox 418 1207 2010 1278; baseline 0.001 -17"><span class='ocrx_word' id='word_1_40' title='bbox 418 1207 732 1278; x_wconf 85' lang='lat' dir='ltr'><strong>Templum</strong></span> <span class='ocrx_word' id='word_1_41' title='bbox 765 1207 823 1261; x_wconf 94' lang='lat' dir='ltr'><strong>S.</strong></span> <span class='ocrx_word' id='word_1_42' title='bbox 857 1207 1100 1262; x_wconf 83' lang='lat' dir='ltr'><strong>Joannis</strong></span> <span class='ocrx_word' id='word_1_43' title='bbox 1132 1207 1514 1264; x_wconf 64' lang='lat' dir='ltr'><strong>Praecursoris</strong></span> <span class='ocrx_word' id='word_1_44' title='bbox 1551 1208 1834 1264; x_wconf 84' lang='lat' dir='ltr'><strong>condidit.</strong></span> <span class='ocrx_word' id='word_1_45' title='bbox 1871 1209 2010 1262; x_wconf 82' lang='lat' dir='ltr'><strong>Ana-</strong></span> 
     </span>
    </p>
   </div>
   <div class='ocr_carea' id='block_1_10' title="bbox 347 1295 2008 1369">
    <p class='ocr_par' dir='ltr' id='par_1_10' title="bbox 347 1295 2008 1369">
     <span class='ocr_line' id='line_1_10' title="bbox 347 1295 2008 1369; baseline -0.001 -16"><span class='ocrx_word' id='word_1_46' title='bbox 347 1297 571 1353; x_wconf 85' lang='lat' dir='ltr'><strong>stasius</strong></span> <span class='ocrx_word' id='word_1_47' title='bbox 641 1295 888 1351; x_wconf 87' lang='lat' dir='ltr'><strong>Dicorus</strong></span> <span class='ocrx_word' id='word_1_48' title='bbox 955 1295 1328 1353; x_wconf 86' lang='lat' dir='ltr'><strong>Silentiarius</strong></span> <span class='ocrx_word' id='word_1_49' title='bbox 1395 1297 1814 1369; x_wconf 81' lang='lat' dir='ltr'><strong>Dyrrachinos.</strong></span> <span class='ocrx_word' id='word_1_50' title='bbox 1885 1296 2008 1353; x_wconf 91' lang='lat' dir='ltr'><strong>Illic</strong></span> 
     </span>
    </p>
   </div>
   <div class='ocr_carea' id='block_1_11' title="bbox 347 1383 2008 1454">
    <p class='ocr_par' dir='ltr' id='par_1_11' title="bbox 347 1383 2008 1454">
     <span class='ocr_line' id='line_1_11' title="bbox 347 1383 2008 1454; baseline -0.001 -13"><span class='ocrx_word' id='word_1_51' title='bbox 347 1385 532 1453; x_wconf 90' lang='lat' dir='ltr'><strong>enim,</strong></span> <span class='ocrx_word' id='word_1_52' title='bbox 572 1400 706 1440; x_wconf 91' lang='lat' dir='ltr'><strong>cum</strong></span> <span class='ocrx_word' id='word_1_53' title='bbox 739 1383 964 1454; x_wconf 89' lang='lat' dir='ltr'><strong>primus</strong></span> <span class='ocrx_word' id='word_1_54' title='bbox 996 1402 1029 1438; x_wconf 90' lang='lat' dir='ltr'><strong>a</strong></span> <span class='ocrx_word' id='word_1_55' title='bbox 1059 1385 1298 1441; x_wconf 86' lang='lat' dir='ltr'><strong>secretis</strong></span> <span class='ocrx_word' id='word_1_56' title='bbox 1331 1386 1526 1442; x_wconf 90' lang='lat' dir='ltr'><strong>adhuc</strong></span> <span class='ocrx_word' id='word_1_57' title='bbox 1567 1391 1742 1450; x_wconf 83' lang='lat' dir='ltr'><strong>esset,</strong></span> <span class='ocrx_word' id='word_1_58' title='bbox 1776 1385 2008 1440; x_wconf 83' lang='lat' dir='ltr'><strong>habita-</strong></span> 
     </span>
    </p>
   </div>
   <div class='ocr_carea' id='block_1_12' title="bbox 347 1473 2006 1546">
    <p class='ocr_par' dir='ltr' id='par_1_12' title="bbox 347 1473 2006 1546">
     <span class='ocr_line' id='line_1_12' title="bbox 347 1473 2006 1546; baseline -0.001 -15"><span class='ocrx_word' id='word_1_59' title='bbox 347 1475 473 1531; x_wconf 86' lang='lat' dir='ltr'><strong>bat.</strong></span> <span class='ocrx_word' id='word_1_60' title='bbox 505 1473 828 1545; x_wconf 85' lang='lat' dir='ltr'><strong>Postquam</strong></span> <span class='ocrx_word' id='word_1_61' title='bbox 862 1488 996 1529; x_wconf 87' lang='lat' dir='ltr'><strong>vero</strong></span> <span class='ocrx_word' id='word_1_62' title='bbox 1039 1473 1297 1546; x_wconf 65' lang='lat' dir='ltr'><strong>reliquias</strong></span> <span class='ocrx_word' id='word_1_63' title='bbox 1348 1476 1405 1530; x_wconf 94' lang='lat' dir='ltr'><strong>S.</strong></span> <span class='ocrx_word' id='word_1_64' title='bbox 1441 1473 1684 1529; x_wconf 84' lang='lat' dir='ltr'><strong>Artemii</strong></span> <span class='ocrx_word' id='word_1_65' title='bbox 1717 1490 1783 1529; x_wconf 92' lang='lat' dir='ltr'><strong>eo</strong></span> <span class='ocrx_word' id='word_1_66' title='bbox 1814 1479 2006 1529; x_wconf 86' lang='lat' dir='ltr'><strong>trans-</strong></span> 
     </span>
    </p>
   </div>
   <div class='ocr_carea' id='block_1_13' title="bbox 351 1563 2005 1635">
    <p class='ocr_par' dir='ltr' id='par_1_13' title="bbox 351 1563 2005 1635">
     <span class='ocr_line' id='line_1_13' title="bbox 351 1563 2005 1635; baseline 0 -17"><span class='ocrx_word' id='word_1_67' title='bbox 351 1563 483 1618; x_wconf 65' lang='lat' dir='ltr'><strong>latae</strong></span> <span class='ocrx_word' id='word_1_68' title='bbox 543 1563 780 1619; x_wconf 80' lang='lat' dir='ltr'><strong>fuerunt</strong></span> <span class='ocrx_word' id='word_1_69' title='bbox 837 1578 1048 1618; x_wconf 89' lang='lat' dir='ltr'><strong>nomen</strong></span> <span class='ocrx_word' id='word_1_70' title='bbox 1103 1563 1162 1619; x_wconf 91' lang='lat' dir='ltr'><strong>S.</strong></span> <span class='ocrx_word' id='word_1_71' title='bbox 1213 1564 1460 1619; x_wconf 83' lang='lat' dir='ltr'><strong>Artemii</strong></span> <span class='ocrx_word' id='word_1_72' title='bbox 1513 1564 1802 1635; x_wconf 89' lang='lat' dir='ltr'><strong>templum</strong></span> <span class='ocrx_word' id='word_1_73' title='bbox 1862 1563 2005 1618; x_wconf 90' lang='lat' dir='ltr'><strong>illud</strong></span> 
     </span>
    </p>
   </div>
   <div class='ocr_carea' id='block_1_14' title="bbox 354 1651 630 1708">
    <p class='ocr_par' dir='ltr' id='par_1_14' title="bbox 354 1651 630 1708">
     <span class='ocr_line' id='line_1_14' title="bbox 354 1651 630 1708; baseline 0 0"><span class='ocrx_word' id='word_1_74' title='bbox 354 1651 630 1708; x_wconf 86' lang='lat' dir='ltr'><strong>obtinuit.</strong></span> 
     </span>
    </p>
   </div>
   <div class='ocr_carea' id='block_1_15' title="bbox 516 1759 1849 1832">
    <p class='ocr_par' dir='ltr' id='par_1_15' title="bbox 516 1759 1849 1832">
     <span class='ocr_line' id='line_1_15' title="bbox 516 1759 1849 1832; baseline 0 -16"><span class='ocrx_word' id='word_1_75' title='bbox 516 1763 593 1816; x_wconf 86' lang='lat' dir='ltr'><strong>De</strong></span> <span class='ocrx_word' id='word_1_76' title='bbox 620 1759 824 1832; x_wconf 83' lang='lat' dir='ltr'><strong>templo</strong></span> <span class='ocrx_word' id='word_1_77' title='bbox 853 1760 910 1816; x_wconf 91' lang='lat' dir='ltr'><strong>S.</strong></span> <span class='ocrx_word' id='word_1_78' title='bbox 943 1761 1198 1832; x_wconf 75' lang='lat' dir='ltr'><strong>Procopii</strong></span> <span class='ocrx_word' id='word_1_79' title='bbox 1229 1760 1484 1819; x_wconf 68' lang='lat' dir='ltr'><strong>Chelonze</strong></span> <span class='ocrx_word' id='word_1_80' title='bbox 1512 1763 1849 1831; x_wconf 83' lang='lat' dir='ltr'><strong>nuncupata.</strong></span> 
     </span>
    </p>
   </div>
   <div class='ocr_carea' id='block_1_16' title="bbox 422 1919 2001 1994">
    <p class='ocr_par' dir='ltr' id='par_1_16' title="bbox 422 1919 2001 1994">
     <span class='ocr_line' id='line_1_16' title="bbox 422 1919 2001 1994; baseline 0 -18"><span class='ocrx_word' id='word_1_81' title='bbox 422 1920 488 1976; x_wconf 83' lang='lat' dir='ltr'><strong>In</strong></span> <span class='ocrx_word' id='word_1_82' title='bbox 529 1920 735 1976; x_wconf 90' lang='lat' dir='ltr'><strong>eodem</strong></span> <span class='ocrx_word' id='word_1_83' title='bbox 785 1919 1008 1994; x_wconf 90' lang='lat' dir='ltr'><strong>templo</strong></span> <span class='ocrx_word' id='word_1_84' title='bbox 1055 1921 1256 1978; x_wconf 85' lang='lat' dir='ltr'><strong>Sancti</strong></span> <span class='ocrx_word' id='word_1_85' title='bbox 1310 1921 1573 1994; x_wconf 85' lang='lat' dir='ltr'><strong>Procopii</strong></span> <span class='ocrx_word' id='word_1_86' title='bbox 1603 1921 1873 1977; x_wconf 84' lang='lat' dir='ltr'><strong>Chelonae</strong></span> <span class='ocrx_word' id='word_1_87' title='bbox 1903 1936 2001 1976; x_wconf 88' lang='lat' dir='ltr'><strong>co-</strong></span> 
     </span>
    </p>
   </div>
   <div class='ocr_carea' id='block_1_17' title="bbox 348 2009 2002 2082">
    <p class='ocr_par' dir='ltr' id='par_1_17' title="bbox 348 2009 2002 2082">
     <span class='ocr_line' id='line_1_17' title="bbox 348 2009 2002 2082; baseline -0.001 -16"><span class='ocrx_word' id='word_1_88' title='bbox 348 2009 693 2082; x_wconf 83' lang='lat' dir='ltr'><strong>gnominato</strong></span> <span class='ocrx_word' id='word_1_89' title='bbox 733 2010 1045 2080; x_wconf 87' lang='lat' dir='ltr'><strong>cujusdam</strong></span> <span class='ocrx_word' id='word_1_90' title='bbox 1097 2010 1354 2067; x_wconf 87' lang='lat' dir='ltr'><strong>eunuchi</strong></span> <span class='ocrx_word' id='word_1_91' title='bbox 1388 2015 1585 2067; x_wconf 88' lang='lat' dir='ltr'><strong>statua</strong></span> <span class='ocrx_word' id='word_1_92' title='bbox 1631 2015 1825 2067; x_wconf 90' lang='lat' dir='ltr'><strong>erecta</strong></span> <span class='ocrx_word' id='word_1_93' title='bbox 1872 2009 2002 2077; x_wconf 75' lang='lat' dir='ltr'><strong>fuit,</strong></span> 
     </span>
    </p>
   </div>
   <div class='ocr_carea' id='block_1_18' title="bbox 1288 359 2777 424">
    <p class='ocr_par' dir='ltr' id='par_1_18' title="bbox 1288 359 2777 424">
     <span class='ocr_line' id='line_1_18' title="bbox 1288 359 2777 424; baseline -0.001 -2"><span class='ocrx_word' id='word_1_94' title='bbox 1288 363 1686 424; x_wconf 80' lang='lat' dir='ltr'><strong>APPENDIX</strong></span> <span class='ocrx_word' id='word_1_95' title='bbox 1729 365 1833 423; x_wconf 89' lang='lat' dir='ltr'><strong>AD</strong></span> <span class='ocrx_word' id='word_1_96' title='bbox 1881 360 2340 424; x_wconf 81' lang='lat' dir='ltr'><strong>MlCHAELEM</strong></span> <span class='ocrx_word' id='word_1_97' title='bbox 2388 359 2777 423; x_wconf 81' lang='lat' dir='ltr'><strong>PSELLUM.</strong></span> 
     </span>
    </p>
   </div>
   <div class='ocr_carea' id='block_1_19' title="bbox 2031 495 2084 560">
    <p class='ocr_par' dir='ltr' id='par_1_19' title="bbox 2031 495 2084 560">
     <span class='ocr_line' id='line_1_19' title="bbox 2031 495 2084 560; baseline 0 0"><span class='ocrx_word' id='word_1_98' title='bbox 2031 495 2084 560; x_wconf 83' lang='lat' dir='ltr'><strong>A</strong></span> 
     </span>
    </p>
   </div>
   <div class='ocr_carea' id='block_1_20' title="bbox 2037 1867 2085 1932">
    <p class='ocr_par' dir='ltr' id='par_1_20' title="bbox 2037 1867 2085 1932">
     <span class='ocr_line' id='line_1_20' title="bbox 2037 1867 2085 1932; baseline 0 0"><span class='ocrx_word' id='word_1_99' title='bbox 2037 1867 2085 1932; x_wconf 91' lang='grc' dir='ltr'><strong>Β</strong></span> 
     </span>
    </p>
   </div>
   <div class='ocr_carea' id='block_1_21' title="bbox 3636 358 3794 420">
    <p class='ocr_par' dir='ltr' id='par_1_21' title="bbox 3636 358 3794 420">
     <span class='ocr_line' id='line_1_21' title="bbox 3636 358 3794 420; baseline 0.013 -2"><span class='ocrx_word' id='word_1_100' title='bbox 3636 358 3794 420; x_wconf 71' lang='grc'><strong>1240</strong></span> 
     </span>
    </p>
   </div>
   <div class='ocr_carea' id='block_1_22' title="bbox 2671 487 3209 565">
    <p class='ocr_par' dir='ltr' id='par_1_22' title="bbox 2671 487 3209 565">
     <span class='ocr_line' id='line_1_22' title="bbox 2671 487 3209 565; baseline 0.002 -20"><span class='ocrx_word' id='word_1_101' title='bbox 2671 490 2803 565; x_wconf 86' lang='grc' dir='ltr'>Περὶ</span> <span class='ocrx_word' id='word_1_102' title='bbox 2832 493 2940 544; x_wconf 82' lang='grc' dir='ltr'><strong>τῶν</strong></span> <span class='ocrx_word' id='word_1_103' title='bbox 2974 487 3209 547; x_wconf 82' lang='grc' dir='ltr'><strong>Βάσσου.</strong></span> 
     </span>
    </p>
   </div>
   <div class='ocr_carea' id='block_1_23' title="bbox 2188 575 3798 655">
    <p class='ocr_par' dir='ltr' id='par_1_23' title="bbox 2188 575 3798 655">
     <span class='ocr_line' id='line_1_23' title="bbox 2188 575 3798 655; baseline -0.001 -21"><span class='ocrx_word' id='word_1_104' title='bbox 2188 580 2263 634; x_wconf 78' lang='grc' dir='ltr'><strong>Τὰ</strong></span> <span class='ocrx_word' id='word_1_105' title='bbox 2311 577 2367 634; x_wconf 76' lang='grc' dir='ltr'><strong>δὲ</strong></span> <span class='ocrx_word' id='word_1_106' title='bbox 2415 583 2627 636; x_wconf 65' lang='grc' dir='ltr'>Βάσσου</span> <span class='ocrx_word' id='word_1_107' title='bbox 2677 580 2927 655; x_wconf 78' lang='grc' dir='ltr'><strong>ἀνήγειρε</strong></span> <span class='ocrx_word' id='word_1_108' title='bbox 2975 577 3182 641; x_wconf 82' lang='grc' dir='ltr'><strong>Βάσσος</strong></span> <span class='ocrx_word' id='word_1_109' title='bbox 3240 577 3567 655; x_wconf 72' lang='grc' dir='ltr'><strong>πατρίκιος,</strong></span> <span class='ocrx_word' id='word_1_110' title='bbox 3607 575 3798 648; x_wconf 80' lang='grc' dir='ltr'>ἐπειδὴ</span> 
     </span>
    </p>
   </div>
   <div class='ocr_carea' id='block_1_24' title="bbox 2117 666 3798 743">
    <p class='ocr_par' dir='ltr' id='par_1_24' title="bbox 2117 666 3798 743">
     <span class='ocr_line' id='line_1_24' title="bbox 2117 666 3798 743; baseline -0.001 -21"><span class='ocrx_word' id='word_1_111' title='bbox 2117 669 2267 731; x_wconf 72' lang='grc' dir='ltr'>οἶκος</span> <span class='ocrx_word' id='word_1_112' title='bbox 2327 669 2492 724; x_wconf 80' lang='grc' dir='ltr'>αύτοῦ</span> <span class='ocrx_word' id='word_1_113' title='bbox 2543 669 2634 737; x_wconf 77' lang='grc' dir='ltr'><strong>ἦν,</strong></span> <span class='ocrx_word' id='word_1_114' title='bbox 2668 668 2719 723; x_wconf 83' lang='grc' dir='ltr'><strong>ἐν</strong></span> <span class='ocrx_word' id='word_1_115' title='bbox 2767 674 2889 730; x_wconf 82' lang='grc' dir='ltr'>τοῖς</span> <span class='ocrx_word' id='word_1_116' title='bbox 2934 667 3161 743; x_wconf 81' lang='grc' dir='ltr'>χρόνοις</span> <span class='ocrx_word' id='word_1_117' title='bbox 3200 671 3297 722; x_wconf 88' lang='lat' dir='ltr'><strong>toﬁ</strong></span> <span class='ocrx_word' id='word_1_118' title='bbox 3347 666 3625 741; x_wconf 66' lang='grc' dir='ltr'>Μεγάλου</span> <span class='ocrx_word' id='word_1_119' title='bbox 3659 669 3798 722; x_wconf 89' lang='grc' dir='ltr'>Ἰου-</span> 
     </span>
    </p>
   </div>
   <div class='ocr_carea' id='block_1_25' title="bbox 2118 755 3797 834">
    <p class='ocr_par' dir='ltr' id='par_1_25' title="bbox 2118 755 3797 834">
     <span class='ocr_line' id='line_1_25' title="bbox 2118 755 3797 834; baseline -0.001 -22"><span class='ocrx_word' id='word_1_120' title='bbox 2118 762 2406 814; x_wconf 82' lang='grc' dir='ltr'>στινιανοῦ.</span> <span class='ocrx_word' id='word_1_121' title='bbox 2437 757 2530 822; x_wconf 73' lang='grc' dir='ltr'>Εἷς</span> <span class='ocrx_word' id='word_1_122' title='bbox 2579 757 2778 834; x_wconf 83' lang='grc' dir='ltr'>ἔχθραν</span> <span class='ocrx_word' id='word_1_123' title='bbox 2829 756 3063 821; x_wconf 79' lang='grc' dir='ltr'>ἐλθοῦσα</span> <span class='ocrx_word' id='word_1_124' title='bbox 3115 758 3228 830; x_wconf 89' lang='grc' dir='ltr'>μετ’</span> <span class='ocrx_word' id='word_1_125' title='bbox 3275 757 3455 812; x_wconf 79' lang='grc' dir='ltr'>αὐτοῦ</span> <span class='ocrx_word' id='word_1_126' title='bbox 3504 759 3607 811; x_wconf 89' lang='lat' dir='ltr'><strong>toﬁ</strong></span> <span class='ocrx_word' id='word_1_127' title='bbox 3659 755 3797 813; x_wconf 76' lang='grc' dir='ltr'><strong>Βάσ-</strong></span> 
     </span>
    </p>
   </div>
   <div class='ocr_carea' id='block_1_26' title="bbox 2119 842 3796 923">
    <p class='ocr_par' dir='ltr' id='par_1_26' title="bbox 2119 842 3796 923">
     <span class='ocr_line' id='line_1_26' title="bbox 2119 842 3796 923; baseline -0.001 -23"><span class='ocrx_word' id='word_1_128' title='bbox 2119 866 2213 900; x_wconf 88' lang='grc' dir='ltr'>σου</span> <span class='ocrx_word' id='word_1_129' title='bbox 2241 843 2494 922; x_wconf 80' lang='grc' dir='ltr'>Θεοδώρα</span> <span class='ocrx_word' id='word_1_130' title='bbox 2523 848 2557 916; x_wconf 78' lang='grc' dir='ltr'>ἡ</span> <span class='ocrx_word' id='word_1_131' title='bbox 2587 846 2724 921; x_wconf 85' lang='grc' dir='ltr'><strong>γυνή</strong></span> <span class='ocrx_word' id='word_1_132' title='bbox 2787 845 3059 922; x_wconf 74' lang='grc' dir='ltr'>βασιλέως</span> <span class='ocrx_word' id='word_1_133' title='bbox 3106 843 3316 923; x_wconf 75' lang='grc' dir='ltr'><strong>ἔσφιγξε</strong></span> <span class='ocrx_word' id='word_1_134' title='bbox 3367 846 3476 914; x_wconf 86' lang='grc' dir='ltr'><strong>τήν</strong></span> <span class='ocrx_word' id='word_1_135' title='bbox 3543 842 3796 919; x_wconf 76' lang='grc' dir='ltr'>κεφαλήν</span> 
     </span>
    </p>
   </div>
   <div class='ocr_carea' id='block_1_27' title="bbox 2118 931 3796 1012">
    <p class='ocr_par' dir='ltr' id='par_1_27' title="bbox 2118 931 3796 1012">
     <span class='ocr_line' id='line_1_27' title="bbox 2118 931 3796 1012; baseline 0 -24"><span class='ocrx_word' id='word_1_136' title='bbox 2118 933 2282 989; x_wconf 78' lang='grc' dir='ltr'>αὐτοῦ</span> <span class='ocrx_word' id='word_1_137' title='bbox 2361 935 2492 1008; x_wconf 85' lang='grc' dir='ltr'>μετᾶ</span> <span class='ocrx_word' id='word_1_138' title='bbox 2569 932 2810 1012; x_wconf 80' lang='grc' dir='ltr'>κόρδας,</span> <span class='ocrx_word' id='word_1_139' title='bbox 2867 936 2956 990; x_wconf 84' lang='grc' dir='ltr'><strong>καὶ</strong></span> <span class='ocrx_word' id='word_1_140' title='bbox 3037 931 3378 1005; x_wconf 71' lang='grc' dir='ltr'><strong>ἐξεπήδησαν</strong></span> <span class='ocrx_word' id='word_1_141' title='bbox 3462 935 3518 988; x_wconf 75' lang='grc' dir='ltr'><strong>οἱ</strong></span> <span class='ocrx_word' id='word_1_142' title='bbox 3598 933 3796 989; x_wconf 86' lang='grc' dir='ltr'>τούτου</span> 
     </span>
    </p>
   </div>
   <div class='ocr_carea' id='block_1_28' title="bbox 2118 1022 2422 1101">
    <p class='ocr_par' dir='ltr' id='par_1_28' title="bbox 2118 1022 2422 1101">
     <span class='ocr_line' id='line_1_28' title="bbox 2118 1022 2422 1101; baseline 0.01 -24"><span class='ocrx_word' id='word_1_143' title='bbox 2118 1022 2422 1101; x_wconf 53' lang='grc' dir='ltr'>ὀτθαλμοί.</span> 
     </span>
    </p>
   </div>
   <div class='ocr_carea' id='block_1_29' title="bbox 2535 1110 3352 1188">
    <p class='ocr_par' dir='ltr' id='par_1_29' title="bbox 2535 1110 3352 1188">
     <span class='ocr_line' id='line_1_29' title="bbox 2535 1110 3352 1188; baseline 0.002 -20"><span class='ocrx_word' id='word_1_144' title='bbox 2535 1114 2664 1188; x_wconf 81' lang='grc' dir='ltr'>Περὶ</span> <span class='ocrx_word' id='word_1_145' title='bbox 2693 1117 2792 1168; x_wconf 78' lang='lat' dir='ltr'><strong>toﬁ</strong></span> <span class='ocrx_word' id='word_1_146' title='bbox 2821 1110 3008 1188; x_wconf 80' lang='grc' dir='ltr'>’Λγίου</span> <span class='ocrx_word' id='word_1_147' title='bbox 3041 1111 3352 1188; x_wconf 83' lang='grc' dir='ltr'>Ἀρτεμίου.</span> 
     </span>
    </p>
   </div>
   <div class='ocr_carea' id='block_1_30' title="bbox 2187 1198 3799 1277">
    <p class='ocr_par' dir='ltr' id='par_1_30' title="bbox 2187 1198 3799 1277">
     <span class='ocr_line' id='line_1_30' title="bbox 2187 1198 3799 1277; baseline 0 -21"><span class='ocrx_word' id='word_1_148' title='bbox 2187 1203 2286 1256; x_wconf 89' lang='grc' dir='ltr'><strong>Τὸν</strong></span> <span class='ocrx_word' id='word_1_149' title='bbox 2351 1199 2407 1256; x_wconf 76' lang='grc' dir='ltr'>δὲ</span> <span class='ocrx_word' id='word_1_150' title='bbox 2462 1202 2588 1256; x_wconf 86' lang='grc' dir='ltr'>ναὸν</span> <span class='ocrx_word' id='word_1_151' title='bbox 2645 1205 2742 1256; x_wconf 88' lang='lat' dir='ltr'><strong>toﬁ</strong></span> <span class='ocrx_word' id='word_1_152' title='bbox 2801 1198 3134 1277; x_wconf 82' lang='grc' dir='ltr'>Προδρόμου</span> <span class='ocrx_word' id='word_1_153' title='bbox 3191 1201 3483 1276; x_wconf 76' lang='grc' dir='ltr'><strong>ἀνήγειρεν</strong></span> <span class='ocrx_word' id='word_1_154' title='bbox 3536 1201 3799 1258; x_wconf 84' lang='grc' dir='ltr'>Ἀναστά-</span> 
     </span>
    </p>
   </div>
   <div class='ocr_carea' id='block_1_31' title="bbox 2119 1289 3796 1367">
    <p class='ocr_par' dir='ltr' id='par_1_31' title="bbox 2119 1289 3796 1367">
     <span class='ocr_line' id='line_1_31' title="bbox 2119 1289 3796 1367; baseline -0.001 -21"><span class='ocrx_word' id='word_1_155' title='bbox 2119 1312 2233 1353; x_wconf 90' lang='grc' dir='ltr'>σιος</span> <span class='ocrx_word' id='word_1_156' title='bbox 2285 1292 2313 1345; x_wconf 92' lang='lat'><strong>6</strong></span> <span class='ocrx_word' id='word_1_157' title='bbox 2363 1291 2613 1367; x_wconf 86' lang='grc' dir='ltr'>Δίκορος,</span> <span class='ocrx_word' id='word_1_158' title='bbox 2649 1291 2676 1346; x_wconf 97' lang='lat'><strong>6</strong></span> <span class='ocrx_word' id='word_1_159' title='bbox 2721 1290 2828 1346; x_wconf 88' lang='grc' dir='ltr'>ἀπὸ</span> <span class='ocrx_word' id='word_1_160' title='bbox 2861 1289 3242 1367; x_wconf 86' lang='grc' dir='ltr'>σελεντιαρίων</span> <span class='ocrx_word' id='word_1_161' title='bbox 3297 1291 3326 1344; x_wconf 97' lang='lat'><strong>6</strong></span> <span class='ocrx_word' id='word_1_162' title='bbox 3391 1289 3796 1366; x_wconf 69' lang='grc' dir='ltr'>Δυρῥαχίτης·</span> 
     </span>
    </p>
   </div>
   <div class='ocr_carea' id='block_1_32' title="bbox 2119 1376 3800 1456">
    <p class='ocr_par' dir='ltr' id='par_1_32' title="bbox 2119 1376 3800 1456">
     <span class='ocr_line' id='line_1_32' title="bbox 2119 1376 3800 1456; baseline 0 -22"><span class='ocrx_word' id='word_1_163' title='bbox 2119 1377 2272 1442; x_wconf 77' lang='grc' dir='ltr'>ὄντος</span> <span class='ocrx_word' id='word_1_164' title='bbox 2319 1380 2420 1456; x_wconf 71' lang='grc' dir='ltr'><strong>γὰρ</strong></span> <span class='ocrx_word' id='word_1_165' title='bbox 2465 1379 2629 1434; x_wconf 70' lang='grc' dir='ltr'>αὐτοῦ</span> <span class='ocrx_word' id='word_1_166' title='bbox 2685 1383 3164 1454; x_wconf 81' lang='grc' dir='ltr'>πρωτοασεκρῆτις</span> <span class='ocrx_word' id='word_1_167' title='bbox 3224 1378 3399 1434; x_wconf 90' lang='grc' dir='ltr'>ἐκεῖσε</span> <span class='ocrx_word' id='word_1_168' title='bbox 3451 1376 3614 1451; x_wconf 81' lang='grc' dir='ltr'>ᾤκει.</span> <span class='ocrx_word' id='word_1_169' title='bbox 3650 1379 3800 1436; x_wconf 83' lang='grc' dir='ltr'>Μετὰ</span> 
     </span>
    </p>
   </div>
   <div class='ocr_carea' id='block_1_33' title="bbox 2119 1467 3795 1544">
    <p class='ocr_par' dir='ltr' id='par_1_33' title="bbox 2119 1467 3795 1544">
     <span class='ocr_line' id='line_1_33' title="bbox 2119 1467 3795 1544; baseline -0.001 -20"><span class='ocrx_word' id='word_1_170' title='bbox 2119 1467 2176 1524; x_wconf 73' lang='grc' dir='ltr'><strong>δὲ</strong></span> <span class='ocrx_word' id='word_1_171' title='bbox 2205 1469 2267 1523; x_wconf 87' lang='grc' dir='ltr'>τὸ</span> <span class='ocrx_word' id='word_1_172' title='bbox 2309 1473 2642 1542; x_wconf 78' lang='grc' dir='ltr'>κομισθῆναι</span> <span class='ocrx_word' id='word_1_173' title='bbox 2698 1469 2761 1524; x_wconf 86' lang='grc' dir='ltr'>τὸ</span> <span class='ocrx_word' id='word_1_174' title='bbox 2819 1467 3075 1542; x_wconf 82' lang='grc' dir='ltr'>λείψανον</span> <span class='ocrx_word' id='word_1_175' title='bbox 3135 1473 3231 1524; x_wconf 93' lang='lat' dir='ltr'><strong>toﬁ</strong></span> <span class='ocrx_word' id='word_1_176' title='bbox 3272 1469 3442 1543; x_wconf 81' lang='grc' dir='ltr'>ἁγίου</span> <span class='ocrx_word' id='word_1_177' title='bbox 3477 1468 3795 1544; x_wconf 80' lang='grc' dir='ltr'>Ἀρτεμίου,</span> 
     </span>
    </p>
   </div>
   <div class='ocr_carea' id='block_1_34' title="bbox 2119 1558 3101 1634">
    <p class='ocr_par' dir='ltr' id='par_1_34' title="bbox 2119 1558 3101 1634">
     <span class='ocr_line' id='line_1_34' title="bbox 2119 1558 3101 1634; baseline 0.002 -22"><span class='ocrx_word' id='word_1_178' title='bbox 2119 1558 2412 1632; x_wconf 75' lang='grc' dir='ltr'>ὠνομάσθη</span> <span class='ocrx_word' id='word_1_179' title='bbox 2448 1559 2475 1612; x_wconf 89' lang='lat'><strong>6</strong></span> <span class='ocrx_word' id='word_1_180' title='bbox 2505 1559 2630 1619; x_wconf 84' lang='grc' dir='ltr'>ναὸς</span> <span class='ocrx_word' id='word_1_181' title='bbox 2657 1562 2754 1613; x_wconf 91' lang='lat' dir='ltr'><strong>toﬁ</strong></span> <span class='ocrx_word' id='word_1_182' title='bbox 2786 1558 3101 1634; x_wconf 87' lang='grc' dir='ltr'>Ἀρτεμίου.</span> 
     </span>
    </p>
   </div>
   <div class='ocr_carea' id='block_1_35' title="bbox 2117 1754 3794 1832">
    <p class='ocr_par' dir='ltr' id='par_1_35' title="bbox 2117 1754 3794 1832">
     <span class='ocr_line' id='line_1_35' title="bbox 2117 1754 3794 1832; baseline -0.002 -20"><span class='ocrx_word' id='word_1_183' title='bbox 2117 1755 2247 1832; x_wconf 79' lang='grc' dir='ltr'>Περὶ</span> <span class='ocrx_word' id='word_1_184' title='bbox 2331 1760 2429 1811; x_wconf 81' lang='grc' dir='ltr'><strong>τοῦ</strong></span> <span class='ocrx_word' id='word_1_185' title='bbox 2501 1759 2633 1811; x_wconf 69' lang='grc' dir='ltr'>ναοῦ</span> <span class='ocrx_word' id='word_1_186' title='bbox 2703 1755 3044 1832; x_wconf 33' lang='grc' dir='ltr'>τοῦ-Ἀγίου</span> <span class='ocrx_word' id='word_1_187' title='bbox 3127 1754 3447 1831; x_wconf 83' lang='grc' dir='ltr'>Ιῐροκοπίου</span> <span class='ocrx_word' id='word_1_188' title='bbox 3519 1761 3624 1825; x_wconf 80' lang='grc' dir='ltr'><strong>τῆς</strong></span> <span class='ocrx_word' id='word_1_189' title='bbox 3695 1760 3794 1809; x_wconf 82' lang='grc' dir='ltr'><strong>Χε-</strong></span> 
     </span>
    </p>
   </div>
   <div class='ocr_carea' id='block_1_36' title="bbox 2828 1828 3034 1899">
    <p class='ocr_par' dir='ltr' id='par_1_36' title="bbox 2828 1828 3034 1899">
     <span class='ocr_line' id='line_1_36' title="bbox 2828 1828 3034 1899; baseline 0.005 -15"><span class='ocrx_word' id='word_1_190' title='bbox 2828 1828 2980 1899; x_wconf 82' lang='grc' dir='ltr'>λώνη</span> <span class='ocrx_word' id='word_1_191' title='bbox 2990 1851 3034 1892; x_wconf 93' lang='grc' dir='ltr'><strong>ς.</strong></span> 
     </span>
    </p>
   </div>
   <div class='ocr_carea' id='block_1_37' title="bbox 2184 1914 3793 1990">
    <p class='ocr_par' dir='ltr' id='par_1_37' title="bbox 2184 1914 3793 1990">
     <span class='ocr_line' id='line_1_37' title="bbox 2184 1914 3793 1990; baseline -0.002 -15"><span class='ocrx_word' id='word_1_192' title='bbox 2184 1920 2307 1975; x_wconf 75' lang='lat' dir='ltr'><strong>&quot;Oti</strong></span> <span class='ocrx_word' id='word_1_193' title='bbox 2339 1916 2391 1972; x_wconf 90' lang='grc' dir='ltr'><strong>ἐν</strong></span> <span class='ocrx_word' id='word_1_194' title='bbox 2421 1922 2503 1990; x_wconf 84' lang='grc' dir='ltr'>τῷ</span> <span class='ocrx_word' id='word_1_195' title='bbox 2532 1917 2680 1990; x_wconf 84' lang='grc' dir='ltr'>αύτῷ</span> <span class='ocrx_word' id='word_1_196' title='bbox 2726 1923 2842 1990; x_wconf 79' lang='grc' dir='ltr'><strong>ναῷ</strong></span> <span class='ocrx_word' id='word_1_197' title='bbox 2885 1925 2986 1986; x_wconf 83' lang='grc' dir='ltr'><strong>τῆς</strong></span> <span class='ocrx_word' id='word_1_198' title='bbox 3036 1914 3326 1987; x_wconf 83' lang='grc' dir='ltr'>Χελώνης,</span> <span class='ocrx_word' id='word_1_199' title='bbox 3359 1919 3552 1988; x_wconf 76' lang='grc' dir='ltr'>στήλη</span> <span class='ocrx_word' id='word_1_200' title='bbox 3601 1915 3793 1972; x_wconf 72' lang='grc' dir='ltr'>’ἕστατο</span> 
     </span>
    </p>
   </div>
   <div class='ocr_carea' id='block_1_38' title="bbox 2115 2003 3787 2084">
    <p class='ocr_par' dir='ltr' id='par_1_38' title="bbox 2115 2003 3787 2084">
     <span class='ocr_line' id='line_1_38' title="bbox 2115 2003 3787 2084; baseline -0.001 -22"><span class='ocrx_word' id='word_1_201' title='bbox 2115 2007 2382 2082; x_wconf 81' lang='grc' dir='ltr'>εὐνούχου</span> <span class='ocrx_word' id='word_1_202' title='bbox 2432 2006 2606 2080; x_wconf 80' lang='grc' dir='ltr'>τινὸς,</span> <span class='ocrx_word' id='word_1_203' title='bbox 2742 2006 2794 2061; x_wconf 81' lang='grc' dir='ltr'><strong>ἐν</strong></span> <span class='ocrx_word' id='word_1_204' title='bbox 2852 2011 2932 2080; x_wconf 83' lang='grc' dir='ltr'>τῷ</span> <span class='ocrx_word' id='word_1_205' title='bbox 2983 2008 3167 2077; x_wconf 84' lang='grc' dir='ltr'>στήθει</span> <span class='ocrx_word' id='word_1_206' title='bbox 3226 2003 3462 2084; x_wconf 74' lang='grc' dir='ltr'>ἐγράφη·</span> <span class='ocrx_word' id='word_1_207' title='bbox 3498 2007 3558 2059; x_wconf 89' lang='grc' dir='ltr'><strong>Ὃ</strong></span> <span class='ocrx_word' id='word_1_208' title='bbox 3623 2026 3787 2080; x_wconf 88' lang='grc' dir='ltr'>μετα-</span> 
     </span>
    </p>
   </div>
   <div class='ocr_carea' id='block_1_39' title="bbox 346 2092 2011 2172">
    <p class='ocr_par' dir='ltr' id='par_1_39' title="bbox 346 2099 2005 2172">
     <span class='ocr_line' id='line_1_39' title="bbox 346 2099 2005 2172; baseline 0 -18"><span class='ocrx_word' id='word_1_209' title='bbox 346 2100 408 2155; x_wconf 88' lang='lat' dir='ltr'><strong>in</strong></span> <span class='ocrx_word' id='word_1_210' title='bbox 455 2099 630 2170; x_wconf 85' lang='lat' dir='ltr'><strong>cujus</strong></span> <span class='ocrx_word' id='word_1_211' title='bbox 677 2103 910 2171; x_wconf 89' lang='lat' dir='ltr'><strong>pectore</strong></span> <span class='ocrx_word' id='word_1_212' title='bbox 950 2099 1301 2172; x_wconf 90' lang='lat' dir='ltr'><strong>inscriptum</strong></span> <span class='ocrx_word' id='word_1_213' title='bbox 1333 2105 1461 2156; x_wconf 88' lang='lat' dir='ltr'><strong>erat</strong></span> <span class='ocrx_word' id='word_1_214' title='bbox 1494 2117 1508 2155; x_wconf 87' lang='lat'><strong>:</strong></span> <span class='ocrx_word' id='word_1_215' title='bbox 1543 2101 1800 2171; x_wconf 76' lang='lat' dir='ltr'><strong>Quisquis</strong></span> <span class='ocrx_word' id='word_1_216' title='bbox 1844 2101 2005 2168; x_wconf 75' lang='lat' dir='ltr'><strong>signa</strong></span> 
     </span>
    </p>
   </div>
   <div class='ocr_carea' id='block_1_40' title="bbox 2137 2092 3783 2172">
    <p class='ocr_par' dir='ltr' id='par_1_40' title="bbox 2137 2092 3783 2171">
     <span class='ocr_line' id='line_1_40' title="bbox 2137 2092 3783 2171; baseline 0.001 -23"><span class='ocrx_word' id='word_1_217' title='bbox 2137 2095 2280 2158; x_wconf 73' lang='lat' dir='ltr'><strong>:iBeic</strong></span> <span class='ocrx_word' id='word_1_218' title='bbox 2341 2095 2591 2168; x_wconf 79' lang='grc' dir='ltr'>θεμάτια,</span> <span class='ocrx_word' id='word_1_219' title='bbox 2648 2100 2726 2168; x_wconf 76' lang='grc' dir='ltr'><strong>τῷ</strong></span> <span class='ocrx_word' id='word_1_220' title='bbox 2779 2096 2974 2171; x_wconf 82' lang='grc' dir='ltr'><strong>βρόχῳ</strong></span> <span class='ocrx_word' id='word_1_221' title='bbox 3025 2092 3424 2166; x_wconf 82' lang='grc' dir='ltr'>παραδοθήτω.</span> <span class='ocrx_word' id='word_1_222' title='bbox 3473 2098 3575 2151; x_wconf 89' lang='grc' dir='ltr'>Ἦν</span> <span class='ocrx_word' id='word_1_223' title='bbox 3633 2092 3692 2150; x_wconf 74' lang='grc' dir='ltr'><strong>δὲ</strong></span> <span class='ocrx_word' id='word_1_224' title='bbox 3747 2096 3783 2164; x_wconf 81' lang='grc' dir='ltr'><strong>ἡ</strong></span> 
     </span>
    </p>
   </div>
   <div class='ocr_carea' id='block_1_41' title="bbox 344 2189 2002 2262">
    <p class='ocr_par' dir='ltr' id='par_1_41' title="bbox 344 2189 2002 2262">
     <span class='ocr_line' id='line_1_41' title="bbox 344 2189 2002 2262; baseline -0.001 -18"><span class='ocrx_word' id='word_1_225' title='bbox 344 2189 556 2260; x_wconf 69' lang='lat' dir='ltr'><strong>magica</strong></span> <span class='ocrx_word' id='word_1_226' title='bbox 600 2197 911 2244; x_wconf 71' lang='lat' dir='ltr'><strong>consecrata</strong></span> <span class='ocrx_word' id='word_1_227' title='bbox 961 2189 1081 2244; x_wconf 89' lang='lat' dir='ltr'><strong>loco</strong></span> <span class='ocrx_word' id='word_1_228' title='bbox 1122 2190 1373 2257; x_wconf 79' lang='lat' dir='ltr'><strong>moverit,</strong></span> <span class='ocrx_word' id='word_1_229' title='bbox 1409 2190 1604 2261; x_wconf 84' lang='lat' dir='ltr'><strong>laqueo</strong></span> <span class='ocrx_word' id='word_1_230' title='bbox 1647 2192 2002 2262; x_wconf 68' lang='lat' dir='ltr'><strong>prae/ocatur.</strong></span> 
     </span>
    </p>
   </div>
   <div class='ocr_carea' id='block_1_42' title="bbox 344 2276 2004 2347">
    <p class='ocr_par' dir='ltr' id='par_1_42' title="bbox 344 2276 2004 2347">
     <span class='ocr_line' id='line_1_42' title="bbox 344 2276 2004 2347; baseline -0.001 -14"><span class='ocrx_word' id='word_1_231' title='bbox 344 2278 483 2333; x_wconf 85' lang='lat' dir='ltr'><strong>Erat</strong></span> <span class='ocrx_word' id='word_1_232' title='bbox 511 2281 709 2332; x_wconf 90' lang='lat' dir='ltr'><strong>autem</strong></span> <span class='ocrx_word' id='word_1_233' title='bbox 757 2281 948 2333; x_wconf 89' lang='lat' dir='ltr'><strong>statua</strong></span> <span class='ocrx_word' id='word_1_234' title='bbox 979 2276 1240 2334; x_wconf 85' lang='lat' dir='ltr'><strong>Platonis</strong></span> <span class='ocrx_word' id='word_1_235' title='bbox 1289 2277 1660 2345; x_wconf 82' lang='lat' dir='ltr'><strong>cubicularii,</strong></span> <span class='ocrx_word' id='word_1_236' title='bbox 1694 2277 1795 2347; x_wconf 88' lang='lat' dir='ltr'><strong>qui</strong></span> <span class='ocrx_word' id='word_1_237' title='bbox 1843 2276 2004 2333; x_wconf 83' lang='lat' dir='ltr'><strong>Basi-</strong></span> 
     </span>
    </p>
   </div>
   <div class='ocr_carea' id='block_1_43' title="bbox 345 2364 2007 2439">
    <p class='ocr_par' dir='ltr' id='par_1_43' title="bbox 345 2364 2007 2439">
     <span class='ocr_line' id='line_1_43' title="bbox 345 2364 2007 2439; baseline -0.001 -18"><span class='ocrx_word' id='word_1_238' title='bbox 345 2365 475 2421; x_wconf 83' lang='lat' dir='ltr'><strong>lisci</strong></span> <span class='ocrx_word' id='word_1_239' title='bbox 524 2365 898 2438; x_wconf 89' lang='lat' dir='ltr'><strong>imperatoris</strong></span> <span class='ocrx_word' id='word_1_240' title='bbox 945 2366 1314 2439; x_wconf 88' lang='lat' dir='ltr'><strong>temporibus</strong></span> <span class='ocrx_word' id='word_1_241' title='bbox 1343 2366 1514 2422; x_wconf 86' lang='lat' dir='ltr'><strong>vivus</strong></span> <span class='ocrx_word' id='word_1_242' title='bbox 1563 2365 1728 2423; x_wconf 80' lang='lat' dir='ltr'><strong>arsit.</strong></span> <span class='ocrx_word' id='word_1_243' title='bbox 1762 2364 2007 2438; x_wconf 84' lang='lat' dir='ltr'><strong>Cognati</strong></span> 
     </span>
    </p>
   </div>
   <div class='ocr_carea' id='block_1_44' title="bbox 345 2455 2008 2528">
    <p class='ocr_par' dir='ltr' id='par_1_44' title="bbox 345 2455 2008 2528">
     <span class='ocr_line' id='line_1_44' title="bbox 345 2455 2008 2528; baseline 0.001 -17"><span class='ocrx_word' id='word_1_244' title='bbox 345 2471 482 2512; x_wconf 87' lang='lat' dir='ltr'><strong>vero</strong></span> <span class='ocrx_word' id='word_1_245' title='bbox 513 2455 642 2527; x_wconf 86' lang='lat' dir='ltr'><strong>ejus</strong></span> <span class='ocrx_word' id='word_1_246' title='bbox 675 2455 747 2511; x_wconf 87' lang='lat' dir='ltr'><strong>ab</strong></span> <span class='ocrx_word' id='word_1_247' title='bbox 797 2455 1149 2527; x_wconf 86' lang='lat' dir='ltr'><strong>imperatore</strong></span> <span class='ocrx_word' id='word_1_248' title='bbox 1180 2456 1499 2528; x_wconf 90' lang='lat' dir='ltr'><strong>petierunt,</strong></span> <span class='ocrx_word' id='word_1_249' title='bbox 1532 2461 1596 2512; x_wconf 90' lang='lat' dir='ltr'><strong>ut</strong></span> <span class='ocrx_word' id='word_1_250' title='bbox 1642 2456 1869 2512; x_wconf 88' lang='lat' dir='ltr'><strong>Platoni</strong></span> <span class='ocrx_word' id='word_1_251' title='bbox 1906 2473 2008 2512; x_wconf 87' lang='lat' dir='ltr'><strong>eu-</strong></span> 
     </span>
    </p>
   </div>
   <div class='ocr_carea' id='block_1_45' title="bbox 347 2543 2006 2616">
    <p class='ocr_par' dir='ltr' id='par_1_45' title="bbox 347 2543 2006 2616">
     <span class='ocr_line' id='line_1_45' title="bbox 347 2543 2006 2616; baseline 0 -17"><span class='ocrx_word' id='word_1_252' title='bbox 347 2543 544 2599; x_wconf 89' lang='lat' dir='ltr'><strong>nucho</strong></span> <span class='ocrx_word' id='word_1_253' title='bbox 575 2547 776 2599; x_wconf 81' lang='lat' dir='ltr'><strong>statua</strong></span> <span class='ocrx_word' id='word_1_254' title='bbox 808 2548 1142 2616; x_wconf 85' lang='lat' dir='ltr'><strong>poneretur.</strong></span> <span class='ocrx_word' id='word_1_255' title='bbox 1173 2543 1276 2600; x_wconf 88' lang='lat' dir='ltr'><strong>Illo</strong></span> <span class='ocrx_word' id='word_1_256' title='bbox 1312 2561 1449 2600; x_wconf 83' lang='lat' dir='ltr'><strong>vero</strong></span> <span class='ocrx_word' id='word_1_257' title='bbox 1493 2544 1650 2600; x_wconf 89' lang='lat' dir='ltr'><strong>haud</strong></span> <span class='ocrx_word' id='word_1_258' title='bbox 1684 2543 2006 2616; x_wconf 88' lang='lat' dir='ltr'><strong>prohibuit.</strong></span> 
     </span>
    </p>
   </div>
   <div class='ocr_carea' id='block_1_46' title="bbox 347 2631 2008 2705">
    <p class='ocr_par' dir='ltr' id='par_1_46' title="bbox 347 2631 2008 2705">
     <span class='ocr_line' id='line_1_46' title="bbox 347 2631 2008 2705; baseline -0.002 -16"><span class='ocrx_word' id='word_1_259' title='bbox 347 2631 636 2689; x_wconf 65' lang='lat' dir='ltr'><strong>Ceterum</strong></span> <span class='ocrx_word' id='word_1_260' title='bbox 659 2648 794 2688; x_wconf 86' lang='lat' dir='ltr'><strong>cum</strong></span> <span class='ocrx_word' id='word_1_261' title='bbox 824 2632 1113 2705; x_wconf 87' lang='lat' dir='ltr'><strong>templum</strong></span> <span class='ocrx_word' id='word_1_262' title='bbox 1145 2634 1206 2688; x_wconf 91' lang='lat' dir='ltr'><strong>S.</strong></span> <span class='ocrx_word' id='word_1_263' title='bbox 1241 2633 1502 2704; x_wconf 91' lang='lat' dir='ltr'><strong>Procopii</strong></span> <span class='ocrx_word' id='word_1_264' title='bbox 1537 2633 2008 2703; x_wconf 73' lang='lat' dir='ltr'><strong>resediﬁcaretur,</strong></span> 
     </span>
    </p>
   </div>
   <div class='ocr_carea' id='block_1_47' title="bbox 348 2720 2010 2794">
    <p class='ocr_par' dir='ltr' id='par_1_47' title="bbox 348 2720 2010 2794">
     <span class='ocr_line' id='line_1_47' title="bbox 348 2720 2010 2794; baseline -0.001 -16"><span class='ocrx_word' id='word_1_265' title='bbox 348 2722 410 2778; x_wconf 86' lang='lat' dir='ltr'><strong>in</strong></span> <span class='ocrx_word' id='word_1_266' title='bbox 451 2720 914 2794; x_wconf 86' lang='lat' dir='ltr'><strong>Hippodromum</strong></span> <span class='ocrx_word' id='word_1_267' title='bbox 971 2726 1169 2776; x_wconf 88' lang='lat' dir='ltr'><strong>statua</strong></span> <span class='ocrx_word' id='word_1_268' title='bbox 1218 2721 1321 2776; x_wconf 88' lang='lat' dir='ltr'><strong>illa</strong></span> <span class='ocrx_word' id='word_1_269' title='bbox 1367 2722 1654 2777; x_wconf 89' lang='lat' dir='ltr'><strong>translata</strong></span> <span class='ocrx_word' id='word_1_270' title='bbox 1701 2726 1808 2777; x_wconf 92' lang='lat' dir='ltr'><strong>est.</strong></span> <span class='ocrx_word' id='word_1_271' title='bbox 1843 2723 2010 2777; x_wconf 65' lang='lat' dir='ltr'><strong>lEdes</strong></span> 
     </span>
    </p>
   </div>
   <div class='ocr_carea' id='block_1_48' title="bbox 345 2809 2012 2882">
    <p class='ocr_par' dir='ltr' id='par_1_48' title="bbox 345 2809 2012 2882">
     <span class='ocr_line' id='line_1_48' title="bbox 345 2809 2012 2882; baseline 0 -17"><span class='ocrx_word' id='word_1_272' title='bbox 345 2826 482 2866; x_wconf 86' lang='lat' dir='ltr'><strong>vero</strong></span> <span class='ocrx_word' id='word_1_273' title='bbox 514 2809 708 2882; x_wconf 88' lang='lat' dir='ltr'><strong>ipsius</strong></span> <span class='ocrx_word' id='word_1_274' title='bbox 736 2809 991 2865; x_wconf 89' lang='lat' dir='ltr'><strong>eunuchi</strong></span> <span class='ocrx_word' id='word_1_275' title='bbox 1022 2811 1093 2866; x_wconf 88' lang='lat' dir='ltr'><strong>ad</strong></span> <span class='ocrx_word' id='word_1_276' title='bbox 1126 2809 1473 2866; x_wconf 89' lang='lat' dir='ltr'><strong>hodiernam</strong></span> <span class='ocrx_word' id='word_1_277' title='bbox 1508 2827 1697 2882; x_wconf 91' lang='lat' dir='ltr'><strong>usque</strong></span> <span class='ocrx_word' id='word_1_278' title='bbox 1729 2811 1883 2866; x_wconf 89' lang='lat' dir='ltr'><strong>diem</strong></span> <span class='ocrx_word' id='word_1_279' title='bbox 1918 2828 2012 2867; x_wconf 86' lang='lat' dir='ltr'><strong>su-</strong></span> 
     </span>
    </p>
   </div>
   <div class='ocr_carea' id='block_1_49' title="bbox 347 2897 990 2972">
    <p class='ocr_par' dir='ltr' id='par_1_49' title="bbox 347 2897 990 2972">
     <span class='ocr_line' id='line_1_49' title="bbox 347 2897 990 2972; baseline -0.006 -16"><span class='ocrx_word' id='word_1_280' title='bbox 347 2903 598 2972; x_wconf 86' lang='lat' dir='ltr'><strong>persunt</strong></span> <span class='ocrx_word' id='word_1_281' title='bbox 625 2898 686 2954; x_wconf 90' lang='lat' dir='ltr'><strong>in</strong></span> <span class='ocrx_word' id='word_1_282' title='bbox 717 2897 990 2954; x_wconf 89' lang='lat' dir='ltr'><strong>Chelone.</strong></span> 
     </span>
    </p>
   </div>
   <div class='ocr_carea' id='block_1_50' title="bbox 514 3006 1837 3080">
    <p class='ocr_par' dir='ltr' id='par_1_50' title="bbox 514 3006 1837 3080">
     <span class='ocr_line' id='line_1_50' title="bbox 514 3006 1837 3080; baseline 0.002 -19"><span class='ocrx_word' id='word_1_283' title='bbox 514 3007 589 3061; x_wconf 85' lang='lat' dir='ltr'><strong>De</strong></span> <span class='ocrx_word' id='word_1_284' title='bbox 621 3012 809 3061; x_wconf 77' lang='lat' dir='ltr'><strong>sancto</strong></span> <span class='ocrx_word' id='word_1_285' title='bbox 837 3007 1122 3076; x_wconf 83' lang='lat' dir='ltr'><strong>Procopio,</strong></span> <span class='ocrx_word' id='word_1_286' title='bbox 1154 3010 1204 3061; x_wconf 81' lang='lat' dir='ltr'><strong>cl</strong></span> <span class='ocrx_word' id='word_1_287' title='bbox 1237 3006 1433 3063; x_wconf 84' lang='lat' dir='ltr'><strong>Sancto</strong></span> <span class='ocrx_word' id='word_1_288' title='bbox 1472 3007 1837 3080; x_wconf 81' lang='lat' dir='ltr'><strong>Mclrophanc.</strong></span> 
     </span>
    </p>
   </div>
   <div class='ocr_carea' id='block_1_51' title="bbox 325 3164 2006 3238">
    <p class='ocr_par' dir='ltr' id='par_1_51' title="bbox 325 3164 2006 3238">
     <span class='ocr_line' id='line_1_51' title="bbox 325 3164 2006 3238; baseline 0.002 -18"><span class='ocrx_word' id='word_1_289' title='bbox 325 3165 330 3168; x_wconf 72' lang='grc'><strong><em>“</em></strong></span> <span class='ocrx_word' id='word_1_290' title='bbox 414 3164 734 3222; x_wconf 87' lang='lat' dir='ltr'><strong>Ecclesiam</strong></span> <span class='ocrx_word' id='word_1_291' title='bbox 776 3169 837 3221; x_wconf 77' lang='grc' dir='ltr'>Β.</span> <span class='ocrx_word' id='word_1_292' title='bbox 869 3167 1137 3238; x_wconf 88' lang='lat' dir='ltr'><strong>Procopii</strong></span> <span class='ocrx_word' id='word_1_293' title='bbox 1189 3167 1247 3222; x_wconf 90' lang='lat' dir='ltr'><strong>in</strong></span> <span class='ocrx_word' id='word_1_294' title='bbox 1297 3166 1572 3238; x_wconf 89' lang='lat' dir='ltr'><strong>Chelone,</strong></span> <span class='ocrx_word' id='word_1_295' title='bbox 1605 3172 1662 3223; x_wconf 90' lang='lat' dir='ltr'><strong>et</strong></span> <span class='ocrx_word' id='word_1_296' title='bbox 1708 3172 1764 3224; x_wconf 91' lang='lat' dir='ltr'><strong>S.</strong></span> <span class='ocrx_word' id='word_1_297' title='bbox 1797 3171 2006 3224; x_wconf 86' lang='lat' dir='ltr'><strong>Metro-</strong></span> 
     </span>
    </p>
   </div>
   <div class='ocr_carea' id='block_1_52' title="bbox 345 3253 2005 3329">
    <p class='ocr_par' dir='ltr' id='par_1_52' title="bbox 345 3253 2005 3329">
     <span class='ocr_line' id='line_1_52' title="bbox 345 3253 2005 3329; baseline 0.001 -18"><span class='ocrx_word' id='word_1_298' title='bbox 345 3255 561 3328; x_wconf 87' lang='lat' dir='ltr'><strong>phanis</strong></span> <span class='ocrx_word' id='word_1_299' title='bbox 608 3253 873 3310; x_wconf 90' lang='lat' dir='ltr'><strong>condidit</strong></span> <span class='ocrx_word' id='word_1_300' title='bbox 909 3257 1338 3312; x_wconf 79' lang='lat' dir='ltr'><strong>Constantinus</strong></span> <span class='ocrx_word' id='word_1_301' title='bbox 1384 3257 1669 3329; x_wconf 85' lang='lat' dir='ltr'><strong>Magnus;</strong></span> <span class='ocrx_word' id='word_1_302' title='bbox 1721 3258 2005 3313; x_wconf 83' lang='lat' dir='ltr'><strong>Sanctum</strong></span> 
     </span>
    </p>
   </div>
   <div class='ocr_carea' id='block_1_53' title="bbox 344 3343 2010 3418">
    <p class='ocr_par' dir='ltr' id='par_1_53' title="bbox 344 3343 2010 3418">
     <span class='ocr_line' id='line_1_53' title="bbox 344 3343 2010 3418; baseline 0 -16"><span class='ocrx_word' id='word_1_303' title='bbox 344 3360 483 3402; x_wconf 83' lang='lat' dir='ltr'><strong>vero</strong></span> <span class='ocrx_word' id='word_1_304' title='bbox 564 3343 839 3399; x_wconf 80' lang='lat' dir='ltr'><strong>Acacium</strong></span> <span class='ocrx_word' id='word_1_305' title='bbox 906 3346 1148 3400; x_wconf 88' lang='lat' dir='ltr'><strong>Carvam</strong></span> <span class='ocrx_word' id='word_1_306' title='bbox 1236 3354 1640 3418; x_wconf 86' lang='lat' dir='ltr'><strong>nuncupatam</strong></span> <span class='ocrx_word' id='word_1_307' title='bbox 1724 3347 2010 3402; x_wconf 82' lang='lat' dir='ltr'><strong>exstruxit</strong></span> 
     </span>
    </p>
   </div>
   <div class='ocr_carea' id='block_1_54' title="bbox 347 3431 2005 3506">
    <p class='ocr_par' dir='ltr' id='par_1_54' title="bbox 347 3431 2005 3506">
     <span class='ocr_line' id='line_1_54' title="bbox 347 3431 2005 3506; baseline 0 -16"><span class='ocrx_word' id='word_1_308' title='bbox 347 3434 532 3490; x_wconf 81' lang='lat' dir='ltr'><strong>frater</strong></span> <span class='ocrx_word' id='word_1_309' title='bbox 585 3431 836 3489; x_wconf 84' lang='lat' dir='ltr'><strong>Charisii</strong></span> <span class='ocrx_word' id='word_1_310' title='bbox 898 3435 1150 3505; x_wconf 83' lang='lat' dir='ltr'><strong>patricii,</strong></span> <span class='ocrx_word' id='word_1_311' title='bbox 1203 3440 1466 3506; x_wconf 88' lang='lat' dir='ltr'><strong>tempore</strong></span> <span class='ocrx_word' id='word_1_312' title='bbox 1522 3435 1742 3491; x_wconf 87' lang='lat' dir='ltr'><strong>Justini</strong></span> <span class='ocrx_word' id='word_1_313' title='bbox 1801 3442 1857 3491; x_wconf 83' lang='lat' dir='ltr'><strong>ct</strong></span> <span class='ocrx_word' id='word_1_314' title='bbox 1912 3437 2005 3492; x_wconf 87' lang='lat' dir='ltr'><strong>Ti-</strong></span> 
     </span>
    </p>
   </div>
   <div class='ocr_carea' id='block_1_55' title="bbox 349 3522 522 3578">
    <p class='ocr_par' dir='ltr' id='par_1_55' title="bbox 349 3522 522 3578">
     <span class='ocr_line' id='line_1_55' title="bbox 349 3522 522 3578; baseline 0 0"><span class='ocrx_word' id='word_1_315' title='bbox 349 3522 522 3578; x_wconf 89' lang='lat' dir='ltr'><strong>berii.</strong></span> 
     </span>
    </p>
   </div>
   <div class='ocr_carea' id='block_1_56' title="bbox 726 3611 1638 3684">
    <p class='ocr_par' dir='ltr' id='par_1_56' title="bbox 726 3611 1638 3684">
     <span class='ocr_line' id='line_1_56' title="bbox 726 3611 1638 3684; baseline 0.001 -17"><span class='ocrx_word' id='word_1_316' title='bbox 726 3617 806 3668; x_wconf 77' lang='lat' dir='ltr'><strong>De</strong></span> <span class='ocrx_word' id='word_1_317' title='bbox 837 3612 1032 3667; x_wconf 72' lang='lat' dir='ltr'><strong>Sancto</strong></span> <span class='ocrx_word' id='word_1_318' title='bbox 1062 3611 1324 3684; x_wconf 81' lang='lat' dir='ltr'><strong>Procopio</strong></span> <span class='ocrx_word' id='word_1_319' title='bbox 1357 3613 1638 3669; x_wconf 70' lang='lat' dir='ltr'><strong>Chelones.</strong></span> 
     </span>
    </p>
   </div>
   <div class='ocr_carea' id='block_1_57' title="bbox 423 3699 2009 3773">
    <p class='ocr_par' dir='ltr' id='par_1_57' title="bbox 423 3699 2009 3773">
     <span class='ocr_line' id='line_1_57' title="bbox 423 3699 2009 3773; baseline 0.001 -17"><span class='ocrx_word' id='word_1_320' title='bbox 423 3701 483 3756; x_wconf 92' lang='lat' dir='ltr'><strong>S.</strong></span> <span class='ocrx_word' id='word_1_321' title='bbox 516 3699 863 3773; x_wconf 88' lang='lat' dir='ltr'><strong>Procopium</strong></span> <span class='ocrx_word' id='word_1_322' title='bbox 893 3699 953 3754; x_wconf 92' lang='lat' dir='ltr'><strong>in</strong></span> <span class='ocrx_word' id='word_1_323' title='bbox 985 3699 1261 3769; x_wconf 87' lang='lat' dir='ltr'><strong>Chelone,</strong></span> <span class='ocrx_word' id='word_1_324' title='bbox 1293 3710 1347 3756; x_wconf 83' lang='lat' dir='ltr'><strong>et</strong></span> <span class='ocrx_word' id='word_1_325' title='bbox 1374 3701 1788 3772; x_wconf 85' lang='lat' dir='ltr'><strong>Heptascalum</strong></span> <span class='ocrx_word' id='word_1_326' title='bbox 1823 3704 2009 3758; x_wconf 66' lang='lat' dir='ltr'><strong>aediﬁ-</strong></span> 
     </span>
    </p>
   </div>
   <div class='ocr_carea' id='block_1_58' title="bbox 350 3789 2008 3862">
    <p class='ocr_par' dir='ltr' id='par_1_58' title="bbox 350 3789 2008 3862">
     <span class='ocr_line' id='line_1_58' title="bbox 350 3789 2008 3862; baseline 0.001 -16"><span class='ocrx_word' id='word_1_327' title='bbox 350 3789 504 3846; x_wconf 82' lang='lat' dir='ltr'><strong>cavit</strong></span> <span class='ocrx_word' id='word_1_328' title='bbox 517 3789 818 3846; x_wconf 71' lang='lat' dir='ltr'><strong>Constanti</strong></span> <span class='ocrx_word' id='word_1_329' title='bbox 831 3807 939 3846; x_wconf 88' lang='lat' dir='ltr'><strong>nus</strong></span> <span class='ocrx_word' id='word_1_330' title='bbox 962 3793 1229 3862; x_wconf 85' lang='lat' dir='ltr'><strong>Magnus.</strong></span> <span class='ocrx_word' id='word_1_331' title='bbox 1243 3789 1538 3846; x_wconf 83' lang='lat' dir='ltr'><strong>Justinian</strong></span> <span class='ocrx_word' id='word_1_332' title='bbox 1551 3809 1617 3846; x_wconf 89' lang='lat' dir='ltr'><strong>us</strong></span> <span class='ocrx_word' id='word_1_333' title='bbox 1639 3809 1770 3847; x_wconf 89' lang='lat' dir='ltr'><strong>vero</strong></span> <span class='ocrx_word' id='word_1_334' title='bbox 1787 3793 2008 3848; x_wconf 73' lang='lat' dir='ltr'><strong>Sancta:</strong></span> 
     </span>
    </p>
   </div>
   <div class='ocr_carea' id='block_1_59' title="bbox 349 3878 2010 3951">
    <p class='ocr_par' dir='ltr' id='par_1_59' title="bbox 349 3878 2010 3951">
     <span class='ocr_line' id='line_1_59' title="bbox 349 3878 2010 3951; baseline 0.001 -16"><span class='ocrx_word' id='word_1_335' title='bbox 349 3879 578 3951; x_wconf 61' lang='lat' dir='ltr'><strong>Sophia;</strong></span> <span class='ocrx_word' id='word_1_336' title='bbox 610 3879 880 3936; x_wconf 89' lang='lat' dir='ltr'><strong>conditor</strong></span> <span class='ocrx_word' id='word_1_337' title='bbox 920 3878 1208 3951; x_wconf 86' lang='lat' dir='ltr'><strong>templum</strong></span> <span class='ocrx_word' id='word_1_338' title='bbox 1260 3879 1405 3935; x_wconf 89' lang='lat' dir='ltr'><strong>illud</strong></span> <span class='ocrx_word' id='word_1_339' title='bbox 1459 3880 1693 3935; x_wconf 87' lang='lat' dir='ltr'><strong>nomine</strong></span> <span class='ocrx_word' id='word_1_340' title='bbox 1725 3887 1780 3936; x_wconf 89' lang='lat' dir='ltr'><strong>S.</strong></span> <span class='ocrx_word' id='word_1_341' title='bbox 1819 3883 2010 3938; x_wconf 82' lang='lat' dir='ltr'><strong>Acacii</strong></span> 
     </span>
    </p>
   </div>
   <div class='ocr_carea' id='block_1_60' title="bbox 346 3967 870 4043">
    <p class='ocr_par' dir='ltr' id='par_1_60' title="bbox 346 3967 870 4043">
     <span class='ocr_line' id='line_1_60' title="bbox 346 3967 870 4043; baseline 0 -19"><span class='ocrx_word' id='word_1_342' title='bbox 346 3968 634 4043; x_wconf 80' lang='lat' dir='ltr'><strong>appellari</strong></span> <span class='ocrx_word' id='word_1_343' title='bbox 662 3967 870 4025; x_wconf 91' lang='lat' dir='ltr'><strong>voluit.</strong></span> 
     </span>
    </p>
   </div>
   <div class='ocr_carea' id='block_1_61' title="bbox 933 4058 1426 4130">
    <p class='ocr_par' dir='ltr' id='par_1_61' title="bbox 933 4058 1426 4130">
     <span class='ocr_line' id='line_1_61' title="bbox 933 4058 1426 4130; baseline 0.002 -18"><span class='ocrx_word' id='word_1_344' title='bbox 933 4059 1007 4112; x_wconf 83' lang='lat' dir='ltr'><strong>De</strong></span> <span class='ocrx_word' id='word_1_345' title='bbox 1038 4058 1426 4130; x_wconf 80' lang='lat' dir='ltr'><strong>Mesomphalo.</strong></span> 
     </span>
    </p>
   </div>
   <div class='ocr_carea' id='block_1_62' title="bbox 420 4145 2010 4220">
    <p class='ocr_par' dir='ltr' id='par_1_62' title="bbox 420 4145 2010 4220">
     <span class='ocr_line' id='line_1_62' title="bbox 420 4145 2010 4220; baseline 0.002 -17"><span class='ocrx_word' id='word_1_346' title='bbox 420 4145 862 4219; x_wconf 89' lang='lat' dir='ltr'><strong>Mesomphalus</strong></span> <span class='ocrx_word' id='word_1_347' title='bbox 912 4146 970 4202; x_wconf 88' lang='lat' dir='ltr'><strong>in</strong></span> <span class='ocrx_word' id='word_1_348' title='bbox 1023 4148 1215 4204; x_wconf 90' lang='lat' dir='ltr'><strong>medio</strong></span> <span class='ocrx_word' id='word_1_349' title='bbox 1266 4153 1491 4220; x_wconf 86' lang='lat' dir='ltr'><strong>septem</strong></span> <span class='ocrx_word' id='word_1_350' title='bbox 1555 4149 1720 4204; x_wconf 86' lang='lat' dir='ltr'><strong>urbis</strong></span> <span class='ocrx_word' id='word_1_351' title='bbox 1771 4149 2010 4206; x_wconf 89' lang='lat' dir='ltr'><strong>collium</strong></span> 
     </span>
    </p>
   </div>
   <div class='ocr_carea' id='block_1_63' title="bbox 340 4235 2011 4309">
    <p class='ocr_par' dir='ltr' id='par_1_63' title="bbox 340 4235 2011 4309">
     <span class='ocr_line' id='line_1_63' title="bbox 340 4235 2011 4309; baseline 0.002 -17"><span class='ocrx_word' id='word_1_352' title='bbox 340 4237 503 4308; x_wconf 87' lang='lat' dir='ltr'><strong>jacet</strong></span> <span class='ocrx_word' id='word_1_353' title='bbox 550 4252 564 4291; x_wconf 89' lang='lat'><strong>:</strong></span> <span class='ocrx_word' id='word_1_354' title='bbox 617 4241 737 4292; x_wconf 89' lang='lat' dir='ltr'><strong>tres</strong></span> <span class='ocrx_word' id='word_1_355' title='bbox 795 4235 1021 4292; x_wconf 86' lang='lat' dir='ltr'><strong>scilicet</strong></span> <span class='ocrx_word' id='word_1_356' title='bbox 1074 4237 1147 4291; x_wconf 89' lang='lat' dir='ltr'><strong>ab</strong></span> <span class='ocrx_word' id='word_1_357' title='bbox 1209 4241 1455 4309; x_wconf 89' lang='lat' dir='ltr'><strong>utraque</strong></span> <span class='ocrx_word' id='word_1_358' title='bbox 1516 4243 1681 4308; x_wconf 82' lang='lat' dir='ltr'><strong>parte</strong></span> <span class='ocrx_word' id='word_1_359' title='bbox 1736 4243 1898 4304; x_wconf 89' lang='lat' dir='ltr'><strong>sunt,</strong></span> <span class='ocrx_word' id='word_1_360' title='bbox 1957 4244 2011 4295; x_wconf 87' lang='lat' dir='ltr'><strong>et</strong></span> 
     </span>
    </p>
   </div>
   <div class='ocr_carea' id='block_1_64' title="bbox 348 4324 2012 4398">
    <p class='ocr_par' dir='ltr' id='par_1_64' title="bbox 348 4324 2012 4398">
     <span class='ocr_line' id='line_1_64' title="bbox 348 4324 2012 4398; baseline 0.001 -17"><span class='ocrx_word' id='word_1_361' title='bbox 348 4325 505 4381; x_wconf 88' lang='lat' dir='ltr'><strong>inter</strong></span> <span class='ocrx_word' id='word_1_362' title='bbox 553 4329 835 4397; x_wconf 87' lang='lat' dir='ltr'><strong>utrosque</strong></span> <span class='ocrx_word' id='word_1_363' title='bbox 885 4324 1361 4398; x_wconf 89' lang='lat' dir='ltr'><strong>Mesomphalus,</strong></span> <span class='ocrx_word' id='word_1_364' title='bbox 1415 4326 1663 4398; x_wconf 74' lang='lat' dir='ltr'><strong>ideoque</strong></span> <span class='ocrx_word' id='word_1_365' title='bbox 1715 4327 1798 4382; x_wconf 86' lang='lat' dir='ltr'><strong>sic</strong></span> <span class='ocrx_word' id='word_1_366' title='bbox 1843 4345 2012 4383; x_wconf 82' lang='lat' dir='ltr'><strong>voca-</strong></span> 
     </span>
    </p>
   </div>
   <div class='ocr_carea' id='block_1_65' title="bbox 357 4418 478 4469">
    <p class='ocr_par' dir='ltr' id='par_1_65' title="bbox 357 4418 478 4469">
     <span class='ocr_line' id='line_1_65' title="bbox 357 4418 478 4469; baseline -0.017 0"><span class='ocrx_word' id='word_1_367' title='bbox 357 4418 478 4469; x_wconf 87' lang='lat' dir='ltr'><strong>tus.</strong></span> 
     </span>
    </p>
   </div>
   <div class='ocr_carea' id='block_1_66' title="bbox 530 4503 1832 4577">
    <p class='ocr_par' dir='ltr' id='par_1_66' title="bbox 530 4503 1832 4577">
     <span class='ocr_line' id='line_1_66' title="bbox 530 4503 1832 4577; baseline 0.001 -19"><span class='ocrx_word' id='word_1_368' title='bbox 530 4503 606 4559; x_wconf 81' lang='lat' dir='ltr'><strong>De</strong></span> <span class='ocrx_word' id='word_1_369' title='bbox 633 4506 818 4558; x_wconf 73' lang='lat' dir='ltr'><strong>sancto</strong></span> <span class='ocrx_word' id='word_1_370' title='bbox 849 4505 1107 4576; x_wconf 85' lang='lat' dir='ltr'><strong>Procopio</strong></span> <span class='ocrx_word' id='word_1_371' title='bbox 1139 4503 1472 4558; x_wconf 83' lang='lat' dir='ltr'><strong>Condalium</strong></span> <span class='ocrx_word' id='word_1_372' title='bbox 1500 4509 1832 4577; x_wconf 78' lang='lat' dir='ltr'><strong>nuncupata.</strong></span> 
     </span>
    </p>
   </div>
   <div class='ocr_carea' id='block_1_67' title="bbox 423 4590 2091 4666">
    <p class='ocr_par' dir='ltr' id='par_1_67' title="bbox 423 4590 2091 4666">
     <span class='ocr_line' id='line_1_67' title="bbox 423 4590 2091 4666; baseline 0.002 -20"><span class='ocrx_word' id='word_1_373' title='bbox 423 4590 733 4664; x_wconf 90' lang='lat' dir='ltr'><strong>Templum</strong></span> <span class='ocrx_word' id='word_1_374' title='bbox 795 4591 856 4648; x_wconf 90' lang='lat' dir='ltr'><strong>S.</strong></span> <span class='ocrx_word' id='word_1_375' title='bbox 920 4592 1184 4662; x_wconf 83' lang='lat' dir='ltr'><strong>Procopii</strong></span> <span class='ocrx_word' id='word_1_376' title='bbox 1233 4593 1590 4648; x_wconf 88' lang='lat' dir='ltr'><strong>Condulium</strong></span> <span class='ocrx_word' id='word_1_377' title='bbox 1652 4593 2010 4666; x_wconf 87' lang='lat' dir='ltr'><strong>appellatum</strong></span> <span class='ocrx_word' id='word_1_378' title='bbox 2046 4594 2091 4660; x_wconf 90' lang='lat' dir='ltr'><strong>D</strong></span> 
     </span>
    </p>
   </div>
   <div class='ocr_carea' id='block_1_68' title="bbox 350 4680 2007 4754">
    <p class='ocr_par' dir='ltr' id='par_1_68' title="bbox 350 4680 2007 4754">
     <span class='ocr_line' id='line_1_68' title="bbox 350 4680 2007 4754; baseline 0.001 -17"><span class='ocrx_word' id='word_1_379' title='bbox 350 4681 491 4737; x_wconf 91' lang='lat' dir='ltr'><strong>inde</strong></span> <span class='ocrx_word' id='word_1_380' title='bbox 521 4697 736 4737; x_wconf 90' lang='lat' dir='ltr'><strong>nomen</strong></span> <span class='ocrx_word' id='word_1_381' title='bbox 769 4680 1016 4754; x_wconf 89' lang='lat' dir='ltr'><strong>accepit,</strong></span> <span class='ocrx_word' id='word_1_382' title='bbox 1047 4681 1203 4752; x_wconf 93' lang='lat' dir='ltr'><strong>quod</strong></span> <span class='ocrx_word' id='word_1_383' title='bbox 1234 4680 1659 4738; x_wconf 77' lang='lat' dir='ltr'><strong>Constantinus</strong></span> <span class='ocrx_word' id='word_1_384' title='bbox 1687 4683 2007 4739; x_wconf 78' lang='lat' dir='ltr'><strong>Justiniani</strong></span> 
     </span>
    </p>
   </div>
   <div class='ocr_carea' id='block_1_69' title="bbox 351 4769 2013 4844">
    <p class='ocr_par' dir='ltr' id='par_1_69' title="bbox 351 4769 2013 4844">
     <span class='ocr_line' id='line_1_69' title="bbox 351 4769 2013 4844; baseline 0.001 -18"><span class='ocrx_word' id='word_1_385' title='bbox 351 4769 711 4826; x_wconf 84' lang='lat' dir='ltr'><strong>Rbinotmeti</strong></span> <span class='ocrx_word' id='word_1_386' title='bbox 755 4774 920 4842; x_wconf 89' lang='lat' dir='ltr'><strong>pater</strong></span> <span class='ocrx_word' id='word_1_387' title='bbox 961 4769 1111 4826; x_wconf 87' lang='lat' dir='ltr'><strong>istac</strong></span> <span class='ocrx_word' id='word_1_388' title='bbox 1144 4770 1440 4825; x_wconf 88' lang='lat' dir='ltr'><strong>transiens</strong></span> <span class='ocrx_word' id='word_1_389' title='bbox 1491 4773 1832 4843; x_wconf 83' lang='lat' dir='ltr'><strong>coespitante</strong></span> <span class='ocrx_word' id='word_1_390' title='bbox 1862 4788 2013 4844; x_wconf 91' lang='lat' dir='ltr'><strong>cquo</strong></span> 
     </span>
    </p>
   </div>
   <div class='ocr_carea' id='block_1_70' title="bbox 354 4858 781 4931">
    <p class='ocr_par' dir='ltr' id='par_1_70' title="bbox 354 4858 781 4931">
     <span class='ocr_line' id='line_1_70' title="bbox 354 4858 781 4931; baseline -0.009 -15"><span class='ocrx_word' id='word_1_391' title='bbox 354 4858 653 4931; x_wconf 85' lang='lat' dir='ltr'><strong>collapsus</strong></span> <span class='ocrx_word' id='word_1_392' title='bbox 683 4858 781 4914; x_wconf 88' lang='lat' dir='ltr'><strong>sit.</strong></span> 
     </span>
    </p>
   </div>
   <div class='ocr_carea' id='block_1_71' title="bbox 665 4946 1716 5004">
    <p class='ocr_par' dir='ltr' id='par_1_71' title="bbox 665 4946 1716 5004">
     <span class='ocr_line' id='line_1_71' title="bbox 665 4946 1716 5004; baseline 0.002 -2"><span class='ocrx_word' id='word_1_393' title='bbox 665 4947 738 5002; x_wconf 83' lang='lat' dir='ltr'><strong>De</strong></span> <span class='ocrx_word' id='word_1_394' title='bbox 767 4946 969 5002; x_wconf 78' lang='lat' dir='ltr'><strong>Sancto</strong></span> <span class='ocrx_word' id='word_1_395' title='bbox 997 4948 1212 5003; x_wconf 81' lang='lat' dir='ltr'><strong>Joanne</strong></span> <span class='ocrx_word' id='word_1_396' title='bbox 1243 4946 1521 5002; x_wconf 78' lang='lat' dir='ltr'><strong>Cinlhelia</strong></span> <span class='ocrx_word' id='word_1_397' title='bbox 1553 4949 1716 5004; x_wconf 76' lang='lat' dir='ltr'><strong>dicto.</strong></span> 
     </span>
    </p>
   </div>
   <div class='ocr_carea' id='block_1_72' title="bbox 425 5035 2016 5110">
    <p class='ocr_par' dir='ltr' id='par_1_72' title="bbox 425 5035 2016 5110">
     <span class='ocr_line' id='line_1_72' title="bbox 425 5035 2016 5110; baseline 0.001 -18"><span class='ocrx_word' id='word_1_398' title='bbox 425 5035 735 5110; x_wconf 90' lang='lat' dir='ltr'><strong>Templum</strong></span> <span class='ocrx_word' id='word_1_399' title='bbox 784 5036 843 5090; x_wconf 91' lang='lat' dir='ltr'><strong>S.</strong></span> <span class='ocrx_word' id='word_1_400' title='bbox 876 5035 1124 5091; x_wconf 86' lang='lat' dir='ltr'><strong>Joannis</strong></span> <span class='ocrx_word' id='word_1_401' title='bbox 1171 5035 1463 5092; x_wconf 83' lang='lat' dir='ltr'><strong>Cinthelia</strong></span> <span class='ocrx_word' id='word_1_402' title='bbox 1512 5037 2016 5109; x_wconf 87' lang='lat' dir='ltr'><strong>cognominatum,</strong></span> 
     </span>
    </p>
   </div>
   <div class='ocr_carea' id='block_1_73' title="bbox 351 5117 2016 5199">
    <p class='ocr_par' dir='ltr' id='par_1_73' title="bbox 351 5117 2016 5199">
     <span class='ocr_line' id='line_1_73' title="bbox 351 5117 2016 5199; baseline 0.001 -16"><span class='ocrx_word' id='word_1_403' title='bbox 351 5127 490 5183; x_wconf 87' lang='lat' dir='ltr'><strong>inde</strong></span> <span class='ocrx_word' id='word_1_404' title='bbox 525 5141 740 5182; x_wconf 87' lang='lat' dir='ltr'><strong>nomen</strong></span> <span class='ocrx_word' id='word_1_405' title='bbox 775 5124 1074 5196; x_wconf 86' lang='lat' dir='ltr'><strong>accepisse</strong></span> <span class='ocrx_word' id='word_1_406' title='bbox 1106 5126 1326 5190; x_wconf 84' lang='lat' dir='ltr'><strong>ferunt,</strong></span> <span class='ocrx_word' id='word_1_407' title='bbox 1358 5126 1512 5194; x_wconf 91' lang='lat' dir='ltr'><strong>quod</strong></span> <span class='ocrx_word' id='word_1_408' title='bbox 1558 5125 1637 5180; x_wconf 86' lang='lat' dir='ltr'><strong>ibi</strong></span> <span class='ocrx_word' id='word_1_409' title='bbox 1679 5127 1840 5199; x_wconf 88' lang='lat' dir='ltr'><strong>parvi</strong></span> <span class='ocrx_word' id='word_1_410' title='bbox 1871 5117 2016 5185; x_wconf 85' lang='lat' dir='ltr'><strong>clavi</strong></span> 
     </span>
    </p>
   </div>
   <div class='ocr_carea' id='block_1_74' title="bbox 2115 2180 3784 2258">
    <p class='ocr_par' dir='ltr' id='par_1_74' title="bbox 2115 2180 3784 2258">
     <span class='ocr_line' id='line_1_74' title="bbox 2115 2180 3784 2258; baseline -0.001 -18"><span class='ocrx_word' id='word_1_411' title='bbox 2115 2184 2292 2256; x_wconf 87' lang='grc' dir='ltr'>στήλη</span> <span class='ocrx_word' id='word_1_412' title='bbox 2362 2183 2656 2248; x_wconf 83' lang='grc' dir='ltr'>Πλάτωνος</span> <span class='ocrx_word' id='word_1_413' title='bbox 2697 2180 3188 2258; x_wconf 78' lang='grc' dir='ltr'>κουϐικουλαρίου,</span> <span class='ocrx_word' id='word_1_414' title='bbox 3241 2185 3300 2246; x_wconf 82' lang='grc' dir='ltr'><strong>’ὸς</strong></span> <span class='ocrx_word' id='word_1_415' title='bbox 3351 2184 3406 2238; x_wconf 90' lang='grc' dir='ltr'><strong>ἐν</strong></span> <span class='ocrx_word' id='word_1_416' title='bbox 3457 2190 3585 2247; x_wconf 83' lang='grc' dir='ltr'>ταῖς</span> <span class='ocrx_word' id='word_1_417' title='bbox 3645 2184 3784 2257; x_wconf 78' lang='grc' dir='ltr'><strong>ἡμέ-</strong></span> 
     </span>
    </p>
   </div>
   <div class='ocr_carea' id='block_1_75' title="bbox 2117 2271 3784 2350">
    <p class='ocr_par' dir='ltr' id='par_1_75' title="bbox 2117 2271 3784 2350">
     <span class='ocr_line' id='line_1_75' title="bbox 2117 2271 3784 2350; baseline -0.001 -21"><span class='ocrx_word' id='word_1_418' title='bbox 2117 2294 2235 2350; x_wconf 83' lang='grc' dir='ltr'>ραις</span> <span class='ocrx_word' id='word_1_419' title='bbox 2268 2271 2538 2350; x_wconf 79' lang='grc' dir='ltr'>βασιλέως</span> <span class='ocrx_word' id='word_1_420' title='bbox 2582 2279 2678 2329; x_wconf 86' lang='lat' dir='ltr'><strong>toﬁ</strong></span> <span class='ocrx_word' id='word_1_421' title='bbox 2727 2271 3060 2331; x_wconf 85' lang='grc' dir='ltr'>Βασιλίσκου</span> <span class='ocrx_word' id='word_1_422' title='bbox 3110 2273 3485 2349; x_wconf 73' lang='grc' dir='ltr'><strong>πυρίκαυστος</strong></span> <span class='ocrx_word' id='word_1_423' title='bbox 3536 2275 3784 2350; x_wconf 77' lang='grc' dir='ltr'>γέγονεν.</span> 
     </span>
    </p>
   </div>
   <div class='ocr_carea' id='block_1_76' title="bbox 2117 2361 3790 2440">
    <p class='ocr_par' dir='ltr' id='par_1_76' title="bbox 2117 2361 3790 2440">
     <span class='ocr_line' id='line_1_76' title="bbox 2117 2361 3790 2440; baseline 0.001 -23"><span class='ocrx_word' id='word_1_424' title='bbox 2117 2365 2178 2417; x_wconf 76' lang='grc' dir='ltr'><strong>Οἱ</strong></span> <span class='ocrx_word' id='word_1_425' title='bbox 2207 2361 2264 2418; x_wconf 75' lang='grc' dir='ltr'><strong>δὲ</strong></span> <span class='ocrx_word' id='word_1_426' title='bbox 2291 2371 2390 2432; x_wconf 84' lang='grc' dir='ltr'><strong>τῆς</strong></span> <span class='ocrx_word' id='word_1_427' title='bbox 2421 2369 2603 2440; x_wconf 82' lang='grc' dir='ltr'>γενεᾶς</span> <span class='ocrx_word' id='word_1_428' title='bbox 2658 2363 2823 2419; x_wconf 78' lang='grc' dir='ltr'>αὐτοῦ</span> <span class='ocrx_word' id='word_1_429' title='bbox 2877 2362 3148 2437; x_wconf 77' lang='grc' dir='ltr'>ᾐτήσαντο</span> <span class='ocrx_word' id='word_1_430' title='bbox 3203 2363 3294 2418; x_wconf 89' lang='grc' dir='ltr'>τὸν</span> <span class='ocrx_word' id='word_1_431' title='bbox 3361 2361 3600 2439; x_wconf 75' lang='grc' dir='ltr'>βασιλέα</span> <span class='ocrx_word' id='word_1_432' title='bbox 3658 2364 3790 2433; x_wconf 87' lang='grc' dir='ltr'>στή-</span> 
     </span>
    </p>
   </div>
   <div class='ocr_carea' id='block_1_77' title="bbox 2118 2449 3785 2527">
    <p class='ocr_par' dir='ltr' id='par_1_77' title="bbox 2118 2449 3785 2527">
     <span class='ocr_line' id='line_1_77' title="bbox 2118 2449 3785 2527; baseline -0.001 -19"><span class='ocrx_word' id='word_1_433' title='bbox 2118 2450 2224 2522; x_wconf 77' lang='grc' dir='ltr'><strong>λην</strong></span> <span class='ocrx_word' id='word_1_434' title='bbox 2255 2454 2420 2506; x_wconf 82' lang='grc' dir='ltr'>Θεῖναι</span> <span class='ocrx_word' id='word_1_435' title='bbox 2452 2457 2529 2524; x_wconf 84' lang='grc' dir='ltr'>τῷ</span> <span class='ocrx_word' id='word_1_436' title='bbox 2579 2452 2832 2527; x_wconf 80' lang='grc' dir='ltr'>εὐνούχῳ</span> <span class='ocrx_word' id='word_1_437' title='bbox 2878 2450 3154 2507; x_wconf 86' lang='grc' dir='ltr'>Πλάτωνι·</span> <span class='ocrx_word' id='word_1_438' title='bbox 3190 2452 3219 2506; x_wconf 91' lang='lat'><strong>6</strong></span> <span class='ocrx_word' id='word_1_439' title='bbox 3269 2449 3327 2506; x_wconf 75' lang='grc' dir='ltr'><strong>δὶ</strong></span> <span class='ocrx_word' id='word_1_440' title='bbox 3368 2451 3472 2507; x_wconf 89' lang='grc' dir='ltr'><strong>ούκ</strong></span> <span class='ocrx_word' id='word_1_441' title='bbox 3525 2450 3785 2507; x_wconf 87' lang='grc' dir='ltr'>ἐκώλυεν.</span> 
     </span>
    </p>
   </div>
   <div class='ocr_carea' id='block_1_78' title="bbox 2119 2538 3782 2616">
    <p class='ocr_par' dir='ltr' id='par_1_78' title="bbox 2119 2538 3782 2616">
     <span class='ocr_line' id='line_1_78' title="bbox 2119 2538 3782 2616; baseline -0.002 -18"><span class='ocrx_word' id='word_1_442' title='bbox 2119 2542 2207 2599; x_wconf 86' lang='grc' dir='ltr'>Ἐν</span> <span class='ocrx_word' id='word_1_443' title='bbox 2243 2538 2300 2596; x_wconf 74' lang='grc' dir='ltr'>δὲ</span> <span class='ocrx_word' id='word_1_444' title='bbox 2327 2546 2409 2613; x_wconf 78' lang='grc' dir='ltr'>τῷ</span> <span class='ocrx_word' id='word_1_445' title='bbox 2438 2540 2814 2611; x_wconf 81' lang='grc' dir='ltr'>ἀνακτίζεσθαι</span> <span class='ocrx_word' id='word_1_446' title='bbox 2845 2541 2936 2596; x_wconf 87' lang='grc' dir='ltr'>τὸν</span> <span class='ocrx_word' id='word_1_447' title='bbox 2969 2541 3096 2595; x_wconf 86' lang='grc' dir='ltr'>ναὸν</span> <span class='ocrx_word' id='word_1_448' title='bbox 3142 2544 3241 2595; x_wconf 89' lang='lat' dir='ltr'><strong>toﬁ</strong></span> <span class='ocrx_word' id='word_1_449' title='bbox 3273 2541 3490 2616; x_wconf 79' lang='grc' dir='ltr'>Ἁγίου,</span> <span class='ocrx_word' id='word_1_450' title='bbox 3529 2539 3782 2615; x_wconf 73' lang='grc' dir='ltr'>μετετέθη</span> 
     </span>
    </p>
   </div>
   <div class='ocr_carea' id='block_1_79' title="bbox 2121 2627 3785 2706">
    <p class='ocr_par' dir='ltr' id='par_1_79' title="bbox 2121 2627 3785 2706">
     <span class='ocr_line' id='line_1_79' title="bbox 2148 2629 3766 2666; baseline -0.001 -14"><span class='ocrx_word' id='word_1_451' title='bbox 2148 2631 2162 2652; x_wconf 68' lang='grc' dir='ltr'><strong>ν</strong></span> <span class='ocrx_word' id='word_1_452' title='bbox 2283 2630 2298 2650; x_wconf 60' lang='grc' dir='ltr'><strong>ς</strong></span> <span class='ocrx_word' id='word_1_453' title='bbox 2349 2636 2360 2654; x_wconf 74' lang='grc' dir='ltr'><strong>ι</strong></span> <span class='ocrx_word' id='word_1_454' title='bbox 2767 2651 2779 2664; x_wconf 56' lang='grc'><strong>⁸</strong></span> <span class='ocrx_word' id='word_1_455' title='bbox 3251 2634 3278 2645; x_wconf 87' lang='lat'><strong>~</strong></span> <span class='ocrx_word' id='word_1_456' title='bbox 3361 2631 3374 2652; x_wconf 66' lang='lat'><strong><em>9</em></strong></span> <span class='ocrx_word' id='word_1_457' title='bbox 3458 2634 3485 2645; x_wconf 64' lang='grc'><strong>«-</strong></span> <span class='ocrx_word' id='word_1_458' title='bbox 3558 2629 3572 2651; x_wconf 71' lang='grc' dir='ltr'><strong>ν</strong></span> <span class='ocrx_word' id='word_1_459' title='bbox 3653 2629 3698 2664; x_wconf 52' lang='grc'><strong>,1,</strong></span> <span class='ocrx_word' id='word_1_460' title='bbox 3759 2650 3766 2666; x_wconf 47' lang='grc' dir='ltr'><strong><em>η</em></strong></span> 
     </span>
     <span class='ocr_line' id='line_1_80' title="bbox 2121 2627 3785 2706; baseline -0.002 -20"><span class='ocrx_word' id='word_1_461' title='bbox 2121 2651 2197 2692; x_wconf 79' lang='grc' dir='ltr'><strong>εις</strong></span> <span class='ocrx_word' id='word_1_462' title='bbox 2244 2651 2307 2684; x_wconf 87' lang='grc' dir='ltr'>το</span> <span class='ocrx_word' id='word_1_463' title='bbox 2366 2627 2739 2705; x_wconf 85' lang='grc' dir='ltr'>Ιπποδρόμιον</span> <span class='ocrx_word' id='word_1_464' title='bbox 2809 2631 2861 2684; x_wconf 76' lang='grc' dir='ltr'>οἱ</span> <span class='ocrx_word' id='word_1_465' title='bbox 2909 2627 2967 2684; x_wconf 73' lang='grc' dir='ltr'><strong>δὲ</strong></span> <span class='ocrx_word' id='word_1_466' title='bbox 3014 2630 3154 2684; x_wconf 69' lang='grc' dir='ltr'>οἶκοι</span> <span class='ocrx_word' id='word_1_467' title='bbox 3184 2651 3282 2684; x_wconf 89' lang='grc' dir='ltr'><strong>του</strong></span> <span class='ocrx_word' id='word_1_468' title='bbox 3314 2651 3489 2685; x_wconf 89' lang='grc' dir='ltr'>αυτου</span> <span class='ocrx_word' id='word_1_469' title='bbox 3522 2649 3785 2706; x_wconf 63' lang='grc' dir='ltr'>ευνοδχο)</span> 
     </span>
    </p>
   </div>
   <div class='ocr_carea' id='block_1_80' title="bbox 2122 2716 3392 2794">
    <p class='ocr_par' dir='ltr' id='par_1_80' title="bbox 2122 2716 3392 2794">
     <span class='ocr_line' id='line_1_81' title="bbox 2122 2716 3392 2794; baseline 0.002 -20"><span class='ocrx_word' id='word_1_470' title='bbox 2122 2720 2386 2788; x_wconf 85' lang='grc' dir='ltr'>σώζονται</span> <span class='ocrx_word' id='word_1_471' title='bbox 2412 2717 2519 2780; x_wconf 74' lang='grc' dir='ltr'><strong>ἕως</strong></span> <span class='ocrx_word' id='word_1_472' title='bbox 2547 2725 2646 2789; x_wconf 82' lang='grc' dir='ltr'><strong>τῆς</strong></span> <span class='ocrx_word' id='word_1_473' title='bbox 2678 2720 2918 2794; x_wconf 84' lang='grc' dir='ltr'>σήμερον</span> <span class='ocrx_word' id='word_1_474' title='bbox 2955 2717 3006 2774; x_wconf 88' lang='grc' dir='ltr'><strong>ἐν</strong></span> <span class='ocrx_word' id='word_1_475' title='bbox 3035 2720 3106 2790; x_wconf 78' lang='grc' dir='ltr'>τῇ</span> <span class='ocrx_word' id='word_1_476' title='bbox 3137 2716 3392 2794; x_wconf 77' lang='grc' dir='ltr'>Χελώνῃ.</span> 
     </span>
    </p>
   </div>
   <div class='ocr_carea' id='block_1_81' title="bbox 2122 3003 3782 3082">
    <p class='ocr_par' dir='ltr' id='par_1_81' title="bbox 2122 3003 3782 3082">
     <span class='ocr_line' id='line_1_82' title="bbox 2122 3003 3782 3082; baseline -0.002 -22"><span class='ocrx_word' id='word_1_477' title='bbox 2122 3007 2249 3081; x_wconf 86' lang='grc' dir='ltr'>Περὶ</span> <span class='ocrx_word' id='word_1_478' title='bbox 2303 3010 2401 3060; x_wconf 80' lang='grc' dir='ltr'><strong>τοῦ</strong></span> <span class='ocrx_word' id='word_1_479' title='bbox 2459 3003 2646 3081; x_wconf 80' lang='grc' dir='ltr'>Ἀγίου</span> <span class='ocrx_word' id='word_1_480' title='bbox 2702 3005 3046 3082; x_wconf 72' lang='grc' dir='ltr'>Προκοπίου,</span> <span class='ocrx_word' id='word_1_481' title='bbox 3101 3006 3190 3060; x_wconf 83' lang='grc' dir='ltr'><strong>καὶ</strong></span> <span class='ocrx_word' id='word_1_482' title='bbox 3249 3009 3349 3060; x_wconf 80' lang='grc' dir='ltr'><strong>τοῦ</strong></span> <span class='ocrx_word' id='word_1_483' title='bbox 3416 3006 3613 3082; x_wconf 81' lang='grc' dir='ltr'>’Λγίου</span> <span class='ocrx_word' id='word_1_484' title='bbox 3670 3010 3782 3075; x_wconf 81' lang='grc' dir='ltr'>Μη-</span> 
     </span>
    </p>
   </div>
   <div class='ocr_carea' id='block_1_82' title="bbox 2784 3077 3107 3156">
    <p class='ocr_par' dir='ltr' id='par_1_82' title="bbox 2784 3077 3107 3156">
     <span class='ocr_line' id='line_1_83' title="bbox 2784 3077 3107 3156; baseline 0.006 -24"><span class='ocrx_word' id='word_1_485' title='bbox 2784 3077 3107 3156; x_wconf 79' lang='grc' dir='ltr'>τροφάνους.</span> 
     </span>
    </p>
   </div>
   <div class='ocr_carea' id='block_1_83' title="bbox 2193 3163 3782 3242">
    <p class='ocr_par' dir='ltr' id='par_1_83' title="bbox 2193 3163 3782 3242">
     <span class='ocr_line' id='line_1_84' title="bbox 2193 3163 3782 3242; baseline -0.004 -18"><span class='ocrx_word' id='word_1_486' title='bbox 2193 3167 2296 3224; x_wconf 86' lang='grc' dir='ltr'><strong>Τὸν</strong></span> <span class='ocrx_word' id='word_1_487' title='bbox 2351 3163 2408 3222; x_wconf 77' lang='grc' dir='ltr'><strong>δὲ</strong></span> <span class='ocrx_word' id='word_1_488' title='bbox 2453 3169 2641 3242; x_wconf 82' lang='grc' dir='ltr'>’Ἀγιον</span> <span class='ocrx_word' id='word_1_489' title='bbox 2701 3166 3012 3242; x_wconf 85' lang='grc' dir='ltr'>Προκόπιον</span> <span class='ocrx_word' id='word_1_490' title='bbox 3071 3167 3170 3234; x_wconf 74' lang='grc' dir='ltr'>τὴν</span> <span class='ocrx_word' id='word_1_491' title='bbox 3222 3165 3520 3238; x_wconf 69' lang='grc' dir='ltr'>Χελωνην,</span> <span class='ocrx_word' id='word_1_492' title='bbox 3551 3166 3643 3220; x_wconf 79' lang='grc' dir='ltr'><strong>καὶ</strong></span> <span class='ocrx_word' id='word_1_493' title='bbox 3694 3165 3782 3218; x_wconf 86' lang='grc' dir='ltr'><strong>τὸν</strong></span> 
     </span>
    </p>
   </div>
   <div class='ocr_carea' id='block_1_84' title="bbox 2121 3251 3779 3334">
    <p class='ocr_par' dir='ltr' id='par_1_84' title="bbox 2121 3251 3779 3334">
     <span class='ocr_line' id='line_1_85' title="bbox 2121 3251 3779 3334; baseline -0.002 -23"><span class='ocrx_word' id='word_1_494' title='bbox 2121 3258 2316 3332; x_wconf 77' lang='grc' dir='ltr'>’Ἃγιον</span> <span class='ocrx_word' id='word_1_495' title='bbox 2370 3257 2742 3334; x_wconf 61' lang='grc' dir='ltr'>Μητροφάνην</span> <span class='ocrx_word' id='word_1_496' title='bbox 2799 3251 3002 3312; x_wconf 75' lang='grc' dir='ltr'>ἔκτισεν</span> <span class='ocrx_word' id='word_1_497' title='bbox 3036 3257 3064 3310; x_wconf 88' lang='lat'><strong>6</strong></span> <span class='ocrx_word' id='word_1_498' title='bbox 3099 3255 3284 3331; x_wconf 74' lang='grc' dir='ltr'>Μέγας</span> <span class='ocrx_word' id='word_1_499' title='bbox 3334 3260 3779 3317; x_wconf 80' lang='grc' dir='ltr'>Κιυνσταντῖνος’</span> 
     </span>
    </p>
   </div>
   <div class='ocr_carea' id='block_1_85' title="bbox 2116 3342 3779 3421">
    <p class='ocr_par' dir='ltr' id='par_1_85' title="bbox 2116 3342 3779 3421">
     <span class='ocr_line' id='line_1_86' title="bbox 2116 3342 3779 3421; baseline 0.001 -20"><span class='ocrx_word' id='word_1_500' title='bbox 2116 3347 2208 3401; x_wconf 84' lang='grc' dir='ltr'>τὸν</span> <span class='ocrx_word' id='word_1_501' title='bbox 2263 3343 2319 3400; x_wconf 76' lang='grc' dir='ltr'><strong>δὲ</strong></span> <span class='ocrx_word' id='word_1_502' title='bbox 2369 3346 2520 3421; x_wconf 74' lang='grc' dir='ltr'>ἅγιον</span> <span class='ocrx_word' id='word_1_503' title='bbox 2554 3345 2802 3402; x_wconf 81' lang='grc' dir='ltr'>Ἀκάκιον</span> <span class='ocrx_word' id='word_1_504' title='bbox 2848 3347 2945 3415; x_wconf 71' lang='grc' dir='ltr'><strong>τήν</strong></span> <span class='ocrx_word' id='word_1_505' title='bbox 2999 3345 3216 3420; x_wconf 88' lang='grc' dir='ltr'>Καρύαν</span> <span class='ocrx_word' id='word_1_506' title='bbox 3251 3342 3458 3401; x_wconf 83' lang='grc' dir='ltr'>ἔκτισεν</span> <span class='ocrx_word' id='word_1_507' title='bbox 3491 3347 3520 3401; x_wconf 90' lang='lat'><strong>6</strong></span> <span class='ocrx_word' id='word_1_508' title='bbox 3551 3343 3779 3418; x_wconf 72' lang='grc' dir='ltr'>ἀδελφὸς</span> 
     </span>
    </p>
   </div>
   <div class='ocr_carea' id='block_1_86' title="bbox 2118 3430 3778 3510">
    <p class='ocr_par' dir='ltr' id='par_1_86' title="bbox 2118 3430 3778 3510">
     <span class='ocr_line' id='line_1_87' title="bbox 2118 3430 3778 3510; baseline -0.003 -21"><span class='ocrx_word' id='word_1_509' title='bbox 2118 3434 2385 3510; x_wconf 77' lang='grc' dir='ltr'>Χαρισίου</span> <span class='ocrx_word' id='word_1_510' title='bbox 2443 3433 2757 3508; x_wconf 79' lang='grc' dir='ltr'>πατρικίου,</span> <span class='ocrx_word' id='word_1_511' title='bbox 2791 3433 2844 3488; x_wconf 88' lang='grc' dir='ltr'><strong>ἐν</strong></span> <span class='ocrx_word' id='word_1_512' title='bbox 2900 3439 3016 3495; x_wconf 87' lang='grc' dir='ltr'>τοῖς</span> <span class='ocrx_word' id='word_1_513' title='bbox 3074 3434 3300 3509; x_wconf 82' lang='grc' dir='ltr'>χρόνοις</span> <span class='ocrx_word' id='word_1_514' title='bbox 3341 3434 3644 3492; x_wconf 79' lang='grc' dir='ltr'>Ἰουστίνου</span> <span class='ocrx_word' id='word_1_515' title='bbox 3695 3430 3778 3486; x_wconf 81' lang='grc' dir='ltr'><strong>καὶ</strong></span> 
     </span>
    </p>
   </div>
   <div class='ocr_carea' id='block_1_87' title="bbox 2117 3519 2398 3599">
    <p class='ocr_par' dir='ltr' id='par_1_87' title="bbox 2117 3519 2398 3599">
     <span class='ocr_line' id='line_1_88' title="bbox 2117 3519 2398 3599; baseline 0 -19"><span class='ocrx_word' id='word_1_516' title='bbox 2117 3519 2398 3599; x_wconf 79' lang='grc' dir='ltr'>Τιϐερίου.</span> 
     </span>
    </p>
   </div>
   <div class='ocr_carea' id='block_1_88' title="bbox 2320 3611 3584 3687">
    <p class='ocr_par' dir='ltr' id='par_1_88' title="bbox 2320 3611 3584 3687">
     <span class='ocr_line' id='line_1_89' title="bbox 2320 3611 3584 3687; baseline 0.001 -20"><span class='ocrx_word' id='word_1_517' title='bbox 2320 3611 2446 3686; x_wconf 80' lang='grc' dir='ltr'>Περὶ</span> <span class='ocrx_word' id='word_1_518' title='bbox 2478 3615 2575 3666; x_wconf 83' lang='lat' dir='ltr'><strong>toﬁ</strong></span> <span class='ocrx_word' id='word_1_519' title='bbox 2603 3611 2787 3687; x_wconf 82' lang='grc' dir='ltr'>Ἀγίου</span> <span class='ocrx_word' id='word_1_520' title='bbox 2818 3611 3131 3685; x_wconf 87' lang='grc' dir='ltr'>Προκοπίου</span> <span class='ocrx_word' id='word_1_521' title='bbox 3164 3618 3263 3682; x_wconf 81' lang='grc' dir='ltr'>τῆς</span> <span class='ocrx_word' id='word_1_522' title='bbox 3296 3611 3584 3683; x_wconf 77' lang='grc' dir='ltr'>Χελώνης.</span> 
     </span>
    </p>
   </div>
   <div class='ocr_carea' id='block_1_89' title="bbox 2190 3699 3776 3777">
    <p class='ocr_par' dir='ltr' id='par_1_89' title="bbox 2190 3699 3776 3777">
     <span class='ocr_line' id='line_1_90' title="bbox 2190 3699 3776 3777; baseline -0.006 -18"><span class='ocrx_word' id='word_1_523' title='bbox 2190 3705 2314 3759; x_wconf 76' lang='grc' dir='ltr'>Ὀτι</span> <span class='ocrx_word' id='word_1_524' title='bbox 2371 3702 2470 3770; x_wconf 69' lang='grc' dir='ltr'><strong>τὴν</strong></span> <span class='ocrx_word' id='word_1_525' title='bbox 2531 3702 2786 3770; x_wconf 76' lang='grc' dir='ltr'>Χελώνην</span> <span class='ocrx_word' id='word_1_526' title='bbox 2819 3701 2910 3756; x_wconf 81' lang='grc' dir='ltr'><strong>τὸν</strong></span> <span class='ocrx_word' id='word_1_527' title='bbox 2943 3704 3138 3776; x_wconf 79' lang='grc' dir='ltr'>’Άγιον</span> <span class='ocrx_word' id='word_1_528' title='bbox 3169 3702 3510 3777; x_wconf 85' lang='grc' dir='ltr'>Προκόπιον,</span> <span class='ocrx_word' id='word_1_529' title='bbox 3544 3701 3633 3756; x_wconf 76' lang='grc' dir='ltr'><strong>καὶ</strong></span> <span class='ocrx_word' id='word_1_530' title='bbox 3691 3699 3776 3753; x_wconf 82' lang='grc' dir='ltr'><strong>τὸν</strong></span> 
     </span>
    </p>
   </div>
   <div class='ocr_carea' id='block_1_90' title="bbox 2119 3789 3778 3866">
    <p class='ocr_par' dir='ltr' id='par_1_90' title="bbox 2119 3789 3778 3866">
     <span class='ocr_line' id='line_1_91' title="bbox 2119 3789 3778 3866; baseline -0.002 -17"><span class='ocrx_word' id='word_1_531' title='bbox 2119 3789 2489 3849; x_wconf 79' lang='grc' dir='ltr'>Ἑπτάσκαλον</span> <span class='ocrx_word' id='word_1_532' title='bbox 2550 3791 2578 3845; x_wconf 90' lang='lat'><strong>6</strong></span> <span class='ocrx_word' id='word_1_533' title='bbox 2635 3790 2820 3866; x_wconf 81' lang='grc' dir='ltr'>Μέγας</span> <span class='ocrx_word' id='word_1_534' title='bbox 2880 3795 3286 3853; x_wconf 85' lang='grc' dir='ltr'>Κωνσταντῖνος</span> <span class='ocrx_word' id='word_1_535' title='bbox 3356 3791 3670 3866; x_wconf 84' lang='grc' dir='ltr'>ἀνήγειρεν.</span> <span class='ocrx_word' id='word_1_536' title='bbox 3725 3789 3778 3839; x_wconf 80' lang='grc' dir='ltr'>Ὀ</span> 
     </span>
    </p>
   </div>
   <div class='ocr_carea' id='block_1_91' title="bbox 2121 3876 3777 3956">
    <p class='ocr_par' dir='ltr' id='par_1_91' title="bbox 2121 3876 3777 3956">
     <span class='ocr_line' id='line_1_92' title="bbox 2121 3876 3777 3956; baseline -0.004 -20"><span class='ocrx_word' id='word_1_537' title='bbox 2121 3879 2591 3943; x_wconf 76' lang='grc' dir='ltr'>δὶίουστινιανὸς</span> <span class='ocrx_word' id='word_1_538' title='bbox 2651 3881 2678 3935; x_wconf 94' lang='lat'><strong>6</strong></span> <span class='ocrx_word' id='word_1_539' title='bbox 2726 3879 2961 3955; x_wconf 84' lang='grc' dir='ltr'>κτίστωρ</span> <span class='ocrx_word' id='word_1_540' title='bbox 3016 3883 3115 3948; x_wconf 67' lang='grc' dir='ltr'><strong>τῆς</strong></span> <span class='ocrx_word' id='word_1_541' title='bbox 3171 3878 3432 3956; x_wconf 75' lang='grc' dir='ltr'>Μεγάλης</span> <span class='ocrx_word' id='word_1_542' title='bbox 3489 3876 3777 3949; x_wconf 77' lang='grc' dir='ltr'>ἐκκλησίας</span> 
     </span>
    </p>
   </div>
   <div class='ocr_carea' id='block_1_92' title="bbox 2121 3969 3150 4045">
    <p class='ocr_par' dir='ltr' id='par_1_92' title="bbox 2121 3969 3150 4045">
     <span class='ocr_line' id='line_1_93' title="bbox 2121 3969 3150 4045; baseline -0.001 -19"><span class='ocrx_word' id='word_1_543' title='bbox 2121 3969 2343 4026; x_wconf 79' lang='grc' dir='ltr'>ἐκάλεσε</span> <span class='ocrx_word' id='word_1_544' title='bbox 2371 3970 2462 4024; x_wconf 85' lang='grc' dir='ltr'><strong>τὸν</strong></span> <span class='ocrx_word' id='word_1_545' title='bbox 2495 3969 2646 4039; x_wconf 82' lang='grc' dir='ltr'>ναὸν,</span> <span class='ocrx_word' id='word_1_546' title='bbox 2679 3971 2832 4045; x_wconf 80' lang='grc' dir='ltr'>ἅγιον</span> <span class='ocrx_word' id='word_1_547' title='bbox 2868 3970 3150 4025; x_wconf 81' lang='grc' dir='ltr'>Ἀκάκιον.</span> 
     </span>
    </p>
   </div>
   <div class='ocr_carea' id='block_1_93' title="bbox 2607 4057 3293 4135">
    <p class='ocr_par' dir='ltr' id='par_1_93' title="bbox 2607 4057 3293 4135">
     <span class='ocr_line' id='line_1_94' title="bbox 2607 4057 3293 4135; baseline -0.003 -20"><span class='ocrx_word' id='word_1_548' title='bbox 2607 4058 2736 4133; x_wconf 83' lang='grc' dir='ltr'>Περὶ</span> <span class='ocrx_word' id='word_1_549' title='bbox 2765 4062 2862 4112; x_wconf 82' lang='grc' dir='ltr'>τοῦ</span> <span class='ocrx_word' id='word_1_550' title='bbox 2894 4057 3293 4135; x_wconf 82' lang='grc' dir='ltr'>Μεσομφάλου.</span> 
     </span>
    </p>
   </div>
   <div class='ocr_carea' id='block_1_94' title="bbox 2192 4144 3774 4224">
    <p class='ocr_par' dir='ltr' id='par_1_94' title="bbox 2192 4144 3774 4224">
     <span class='ocr_line' id='line_1_95' title="bbox 2192 4144 3774 4224; baseline -0.008 -20"><span class='ocrx_word' id='word_1_551' title='bbox 2192 4149 2316 4204; x_wconf 84' lang='grc' dir='ltr'>’Ότι</span> <span class='ocrx_word' id='word_1_552' title='bbox 2369 4146 2433 4201; x_wconf 87' lang='grc' dir='ltr'>τὸ</span> <span class='ocrx_word' id='word_1_553' title='bbox 2492 4144 2783 4222; x_wconf 86' lang='grc' dir='ltr'>λεγόμενον</span> <span class='ocrx_word' id='word_1_554' title='bbox 2837 4144 3206 4224; x_wconf 76' lang='grc' dir='ltr'>Μεσὸμφαλον</span> <span class='ocrx_word' id='word_1_555' title='bbox 3289 4147 3452 4218; x_wconf 76' lang='grc' dir='ltr'>μέσον</span> <span class='ocrx_word' id='word_1_556' title='bbox 3505 4144 3614 4200; x_wconf 80' lang='grc' dir='ltr'>ἐστῖ</span> <span class='ocrx_word' id='word_1_557' title='bbox 3673 4146 3774 4196; x_wconf 79' lang='grc' dir='ltr'><strong>τῶν</strong></span> 
     </span>
    </p>
   </div>
   <div class='ocr_carea' id='block_1_95' title="bbox 2124 4231 3775 4314">
    <p class='ocr_par' dir='ltr' id='par_1_95' title="bbox 2124 4231 3775 4314">
     <span class='ocr_line' id='line_1_96' title="bbox 2124 4231 3775 4314; baseline -0.005 -22"><span class='ocrx_word' id='word_1_558' title='bbox 2124 4237 2258 4292; x_wconf 73' lang='grc' dir='ltr'>ἑπτὰ</span> <span class='ocrx_word' id='word_1_559' title='bbox 2316 4234 2522 4314; x_wconf 69' lang='grc' dir='ltr'>λόφων,</span> <span class='ocrx_word' id='word_1_560' title='bbox 2555 4235 2721 4310; x_wconf 77' lang='grc' dir='ltr'>ἤγουν</span> <span class='ocrx_word' id='word_1_561' title='bbox 2781 4238 2816 4305; x_wconf 72' lang='grc' dir='ltr'><strong>η</strong></span> <span class='ocrx_word' id='word_1_562' title='bbox 2874 4235 2971 4309; x_wconf 87' lang='grc' dir='ltr'>μία</span> <span class='ocrx_word' id='word_1_563' title='bbox 3025 4240 3192 4312; x_wconf 84' lang='grc' dir='ltr'>μοῖρα</span> <span class='ocrx_word' id='word_1_564' title='bbox 3231 4242 3332 4304; x_wconf 85' lang='grc' dir='ltr'><strong>τῆς</strong></span> <span class='ocrx_word' id='word_1_565' title='bbox 3383 4235 3604 4295; x_wconf 84' lang='grc' dir='ltr'>πόλεως</span> <span class='ocrx_word' id='word_1_566' title='bbox 3667 4231 3775 4305; x_wconf 74' lang='grc' dir='ltr'>ἔχει</span> 
     </span>
    </p>
   </div>
   <div class='ocr_carea' id='block_1_96' title="bbox 2123 4316 3775 4402">
    <p class='ocr_par' dir='ltr' id='par_1_96' title="bbox 2123 4316 3775 4402">
     <span class='ocr_line' id='line_1_97' title="bbox 2123 4316 3775 4402; baseline -0.005 -22"><span class='ocrx_word' id='word_1_567' title='bbox 2123 4330 2268 4397; x_wconf 88' lang='grc' dir='ltr'>τρεῖς</span> <span class='ocrx_word' id='word_1_568' title='bbox 2325 4319 2554 4402; x_wconf 75' lang='grc' dir='ltr'>λόφους,</span> <span class='ocrx_word' id='word_1_569' title='bbox 2593 4325 2681 4380; x_wconf 72' lang='grc' dir='ltr'><strong>καὶ</strong></span> <span class='ocrx_word' id='word_1_570' title='bbox 2742 4327 2777 4393; x_wconf 77' lang='grc' dir='ltr'><strong>ἡ</strong></span> <span class='ocrx_word' id='word_1_571' title='bbox 2837 4325 3014 4396; x_wconf 70' lang='grc' dir='ltr'>ἑτέρα,</span> <span class='ocrx_word' id='word_1_572' title='bbox 3071 4329 3216 4399; x_wconf 84' lang='grc' dir='ltr'>τρεῖς</span> <span class='ocrx_word' id='word_1_573' title='bbox 3254 4342 3266 4355; x_wconf 89' lang='grc'><strong>·</strong></span> <span class='ocrx_word' id='word_1_574' title='bbox 3303 4324 3392 4379; x_wconf 85' lang='grc' dir='ltr'><strong>καὶ</strong></span> <span class='ocrx_word' id='word_1_575' title='bbox 3451 4323 3610 4398; x_wconf 65' lang='grc' dir='ltr'>μέσον</span> <span class='ocrx_word' id='word_1_576' title='bbox 3673 4316 3775 4374; x_wconf 79' lang='grc' dir='ltr'>ἐστὶ</span> 
     </span>
    </p>
   </div>
   <div class='ocr_carea' id='block_1_97' title="bbox 2121 4411 3317 4491">
    <p class='ocr_par' dir='ltr' id='par_1_97' title="bbox 2121 4411 3317 4491">
     <span class='ocr_line' id='line_1_98' title="bbox 2121 4411 3317 4491; baseline 0.002 -23"><span class='ocrx_word' id='word_1_577' title='bbox 2121 4418 2284 4469; x_wconf 79' lang='grc' dir='ltr'>τοῦτο</span> <span class='ocrx_word' id='word_1_578' title='bbox 2319 4433 2331 4445; x_wconf 86' lang='lat'><strong><em>°</em></strong></span> <span class='ocrx_word' id='word_1_579' title='bbox 2368 4411 2456 4468; x_wconf 73' lang='grc' dir='ltr'>διὰ</span> <span class='ocrx_word' id='word_1_580' title='bbox 2483 4412 2644 4469; x_wconf 85' lang='lat' dir='ltr'><strong>toﬁto</strong></span> <span class='ocrx_word' id='word_1_581' title='bbox 2677 4413 2884 4485; x_wconf 80' lang='grc' dir='ltr'>ἐκλήθη</span> <span class='ocrx_word' id='word_1_582' title='bbox 2920 4412 3317 4491; x_wconf 78' lang='grc' dir='ltr'>Μεσόμφαλον.</span> 
     </span>
    </p>
   </div>
   <div class='ocr_carea' id='block_1_98' title="bbox 2322 4501 3586 4578">
    <p class='ocr_par' dir='ltr' id='par_1_98' title="bbox 2322 4501 3586 4578">
     <span class='ocr_line' id='line_1_99' title="bbox 2322 4501 3586 4578; baseline -0.001 -18"><span class='ocrx_word' id='word_1_583' title='bbox 2322 4504 2453 4578; x_wconf 78' lang='grc' dir='ltr'>Περὶ</span> <span class='ocrx_word' id='word_1_584' title='bbox 2479 4507 2574 4557; x_wconf 88' lang='lat' dir='ltr'><strong>toﬁ</strong></span> <span class='ocrx_word' id='word_1_585' title='bbox 2603 4501 2788 4578; x_wconf 83' lang='grc' dir='ltr'>Ἃγίοο</span> <span class='ocrx_word' id='word_1_586' title='bbox 2820 4504 3133 4575; x_wconf 80' lang='grc' dir='ltr'>Προκοπίου</span> <span class='ocrx_word' id='word_1_587' title='bbox 3161 4503 3225 4558; x_wconf 82' lang='grc' dir='ltr'>τὸ</span> <span class='ocrx_word' id='word_1_588' title='bbox 3255 4501 3586 4560; x_wconf 86' lang='grc' dir='ltr'>Κονδύλιον.</span> 
     </span>
    </p>
   </div>
   <div class='ocr_carea' id='block_1_99' title="bbox 2191 4589 3774 4666">
    <p class='ocr_par' dir='ltr' id='par_1_99' title="bbox 2191 4589 3774 4666">
     <span class='ocr_line' id='line_1_100' title="bbox 2191 4589 3774 4666; baseline -0.007 -18"><span class='ocrx_word' id='word_1_589' title='bbox 2191 4596 2310 4648; x_wconf 84' lang='grc' dir='ltr'><strong>Ὅτι</strong></span> <span class='ocrx_word' id='word_1_590' title='bbox 2342 4593 2404 4646; x_wconf 84' lang='grc' dir='ltr'>τὸ</span> <span class='ocrx_word' id='word_1_591' title='bbox 2458 4589 2766 4647; x_wconf 88' lang='grc' dir='ltr'>Κονδύλιον</span> <span class='ocrx_word' id='word_1_592' title='bbox 2814 4593 2842 4646; x_wconf 90' lang='lat'><strong>6</strong></span> <span class='ocrx_word' id='word_1_593' title='bbox 2885 4594 3073 4666; x_wconf 76' lang='grc' dir='ltr'><strong>ηΑγιος</strong></span> <span class='ocrx_word' id='word_1_594' title='bbox 3112 4591 3443 4666; x_wconf 81' lang='grc' dir='ltr'>Προκόπιος,</span> <span class='ocrx_word' id='word_1_595' title='bbox 3479 4589 3570 4646; x_wconf 78' lang='grc' dir='ltr'><strong>διὰ</strong></span> <span class='ocrx_word' id='word_1_596' title='bbox 3621 4590 3774 4642; x_wconf 76' lang='grc' dir='ltr'>τοῦτο</span> 
     </span>
    </p>
   </div>
   <div class='ocr_carea' id='block_1_100' title="bbox 2127 4677 3772 4754">
    <p class='ocr_par' dir='ltr' id='par_1_100' title="bbox 2127 4677 3772 4754">
     <span class='ocr_line' id='line_1_101' title="bbox 2127 4677 3772 4754; baseline -0.004 -17"><span class='ocrx_word' id='word_1_597' title='bbox 2127 4679 2336 4752; x_wconf 81' lang='grc' dir='ltr'>ἐκλήθη</span> <span class='ocrx_word' id='word_1_598' title='bbox 2396 4680 2593 4748; x_wconf 75' lang='grc' dir='ltr'>οὕτως,</span> <span class='ocrx_word' id='word_1_599' title='bbox 2625 4679 2707 4735; x_wconf 78' lang='grc' dir='ltr'><strong>ὅτι</strong></span> <span class='ocrx_word' id='word_1_600' title='bbox 2761 4677 3120 4754; x_wconf 85' lang='grc' dir='ltr'>διερχόμενος</span> <span class='ocrx_word' id='word_1_601' title='bbox 3172 4683 3574 4741; x_wconf 87' lang='grc' dir='ltr'>Κωνσταντῖνος</span> <span class='ocrx_word' id='word_1_602' title='bbox 3621 4678 3649 4731; x_wconf 89' lang='lat'><strong>6</strong></span> <span class='ocrx_word' id='word_1_603' title='bbox 3678 4693 3772 4730; x_wconf 86' lang='grc' dir='ltr'>πα-</span> 
     </span>
    </p>
   </div>
   <div class='ocr_carea' id='block_1_101' title="bbox 2121 4761 3770 4845">
    <p class='ocr_par' dir='ltr' id='par_1_101' title="bbox 2121 4761 3770 4845">
     <span class='ocr_line' id='line_1_102' title="bbox 2121 4761 3770 4845; baseline -0.007 -19"><span class='ocrx_word' id='word_1_604' title='bbox 2121 4772 2226 4845; x_wconf 75' lang='grc' dir='ltr'>τὴρ</span> <span class='ocrx_word' id='word_1_605' title='bbox 2278 4772 2661 4824; x_wconf 85' lang='grc' dir='ltr'>Ἰουστινιανοῦ</span> <span class='ocrx_word' id='word_1_606' title='bbox 2706 4773 2803 4825; x_wconf 91' lang='lat' dir='ltr'><strong>toﬁ</strong></span> <span class='ocrx_word' id='word_1_607' title='bbox 2850 4770 3211 4842; x_wconf 83' lang='grc' dir='ltr'>Ῥινοτμήτου</span> <span class='ocrx_word' id='word_1_608' title='bbox 3270 4769 3443 4825; x_wconf 85' lang='grc' dir='ltr'>ἐκεῖσε</span> <span class='ocrx_word' id='word_1_609' title='bbox 3498 4761 3770 4824; x_wconf 82' lang='grc' dir='ltr'>ἐκονδύλι-</span> 
     </span>
    </p>
   </div>
   <div class='ocr_carea' id='block_1_102' title="bbox 2125 4857 3048 4928">
    <p class='ocr_par' dir='ltr' id='par_1_102' title="bbox 2125 4857 3048 4928">
     <span class='ocr_line' id='line_1_103' title="bbox 2125 4857 3048 4928; baseline -0.001 -13"><span class='ocrx_word' id='word_1_610' title='bbox 2125 4882 2212 4915; x_wconf 90' lang='grc' dir='ltr'><strong>σεν</strong></span> <span class='ocrx_word' id='word_1_611' title='bbox 2246 4861 2274 4914; x_wconf 85' lang='grc' dir='ltr'>ὁ</span> <span class='ocrx_word' id='word_1_612' title='bbox 2298 4857 2473 4921; x_wconf 69' lang='grc' dir='ltr'>’ἱππος</span> <span class='ocrx_word' id='word_1_613' title='bbox 2504 4858 2692 4928; x_wconf 81' lang='grc' dir='ltr'>αὐτοῦ,</span> <span class='ocrx_word' id='word_1_614' title='bbox 2718 4859 2809 4914; x_wconf 83' lang='grc' dir='ltr'><strong>καὶ</strong></span> <span class='ocrx_word' id='word_1_615' title='bbox 2841 4857 3048 4914; x_wconf 78' lang='grc' dir='ltr'>ἔπεσεν.</span> 
     </span>
    </p>
   </div>
   <div class='ocr_carea' id='block_1_103' title="bbox 2370 4945 3540 5023">
    <p class='ocr_par' dir='ltr' id='par_1_103' title="bbox 2370 4945 3540 5023">
     <span class='ocr_line' id='line_1_104' title="bbox 2370 4945 3540 5023; baseline 0 -21"><span class='ocrx_word' id='word_1_616' title='bbox 2370 4947 2500 5020; x_wconf 83' lang='grc' dir='ltr'>Περὶ</span> <span class='ocrx_word' id='word_1_617' title='bbox 2529 4952 2625 5002; x_wconf 83' lang='lat' dir='ltr'><strong>toﬁ</strong></span> <span class='ocrx_word' id='word_1_618' title='bbox 2657 4948 2847 5023; x_wconf 83' lang='grc' dir='ltr'>Ἀγίου</span> <span class='ocrx_word' id='word_1_619' title='bbox 2876 4945 3131 5002; x_wconf 72' lang='grc' dir='ltr'>Ἰωάννου</span> <span class='ocrx_word' id='word_1_620' title='bbox 3159 4947 3226 5002; x_wconf 77' lang='grc' dir='ltr'><strong>τὰ</strong></span> <span class='ocrx_word' id='word_1_621' title='bbox 3254 4945 3540 5019; x_wconf 82' lang='grc' dir='ltr'>Κινθήλια.</span> 
     </span>
    </p>
   </div>
   <div class='ocr_carea' id='block_1_104' title="bbox 2196 5029 3770 5112">
    <p class='ocr_par' dir='ltr' id='par_1_104' title="bbox 2196 5029 3770 5112">
     <span class='ocr_line' id='line_1_105' title="bbox 2196 5029 3770 5112; baseline -0.008 -18"><span class='ocrx_word' id='word_1_622' title='bbox 2196 5040 2322 5095; x_wconf 88' lang='grc' dir='ltr'>Ὅτι</span> <span class='ocrx_word' id='word_1_623' title='bbox 2375 5038 2444 5092; x_wconf 73' lang='grc' dir='ltr'><strong>τὰ</strong></span> <span class='ocrx_word' id='word_1_624' title='bbox 2496 5034 2769 5112; x_wconf 84' lang='grc' dir='ltr'>λεγόμενα</span> <span class='ocrx_word' id='word_1_625' title='bbox 2826 5035 3096 5108; x_wconf 85' lang='grc' dir='ltr'>Κινθήλια</span> <span class='ocrx_word' id='word_1_626' title='bbox 3150 5037 3244 5091; x_wconf 85' lang='grc' dir='ltr'>τὸν</span> <span class='ocrx_word' id='word_1_627' title='bbox 3293 5039 3481 5112; x_wconf 77' lang='grc' dir='ltr'>’Ἀγιον</span> <span class='ocrx_word' id='word_1_628' title='bbox 3530 5029 3770 5096; x_wconf 72' lang='grc' dir='ltr'>Ἰωάννην</span> 
     </span>
    </p>
   </div>
   <div class='ocr_carea' id='block_1_105' title="bbox 2129 5119 3772 5203">
    <p class='ocr_par' dir='ltr' id='par_1_105' title="bbox 2129 5119 3772 5203">
     <span class='ocr_line' id='line_1_106' title="bbox 2129 5119 3772 5203; baseline -0.01 -18"><span class='ocrx_word' id='word_1_629' title='bbox 2129 5127 2402 5203; x_wconf 69' lang='grc' dir='ltr'>λέγουσιν,</span> <span class='ocrx_word' id='word_1_630' title='bbox 2434 5127 2517 5180; x_wconf 80' lang='grc' dir='ltr'>δτι</span> <span class='ocrx_word' id='word_1_631' title='bbox 2577 5125 2749 5188; x_wconf 75' lang='grc' dir='ltr'>οὕτως</span> <span class='ocrx_word' id='word_1_632' title='bbox 2806 5125 3043 5196; x_wconf 79' lang='grc' dir='ltr'>ἐκλήθη,</span> <span class='ocrx_word' id='word_1_633' title='bbox 3076 5123 3165 5180; x_wconf 82' lang='grc' dir='ltr'>διὰ</span> <span class='ocrx_word' id='word_1_634' title='bbox 3212 5126 3275 5181; x_wconf 85' lang='grc' dir='ltr'>τὸ</span> <span class='ocrx_word' id='word_1_635' title='bbox 3331 5127 3551 5197; x_wconf 82' lang='grc' dir='ltr'>κάμνειν</span> <span class='ocrx_word' id='word_1_636' title='bbox 3611 5119 3772 5175; x_wconf 77' lang='grc' dir='ltr'>ἐκεῖσε</span> 
     </span>
    </p>
   </div>
   <div class='ocr_carea' id='block_1_106' title="bbox 354 5209 2011 5292">
    <p class='ocr_par' dir='ltr' id='par_1_106' title="bbox 354 5213 2011 5286">
     <span class='ocr_line' id='line_1_107' title="bbox 354 5213 2011 5286; baseline 0.002 -15"><span class='ocrx_word' id='word_1_637' title='bbox 354 5215 669 5286; x_wconf 82' lang='lat' dir='ltr'><strong>afﬂgendis</strong></span> <span class='ocrx_word' id='word_1_638' title='bbox 717 5229 1010 5285; x_wconf 90' lang='lat' dir='ltr'><strong>equorum</strong></span> <span class='ocrx_word' id='word_1_639' title='bbox 1064 5213 1242 5269; x_wconf 89' lang='lat' dir='ltr'><strong>soleis</strong></span> <span class='ocrx_word' id='word_1_640' title='bbox 1291 5213 1664 5268; x_wconf 89' lang='lat' dir='ltr'><strong>cuderentur.</strong></span> <span class='ocrx_word' id='word_1_641' title='bbox 1719 5215 2011 5285; x_wconf 85' lang='lat' dir='ltr'><strong>Ejusmodi</strong></span> 
     </span>
    </p>
   </div>
   <div class='ocr_carea' id='block_1_107' title="bbox 2137 5209 3771 5292">
    <p class='ocr_par' dir='ltr' id='par_1_107' title="bbox 2137 5209 3771 5292">
     <span class='ocr_line' id='line_1_108' title="bbox 2137 5209 3771 5292; baseline -0.007 -19"><span class='ocrx_word' id='word_1_642' title='bbox 2137 5219 2194 5273; x_wconf 76' lang='grc' dir='ltr'><strong>τὰ</strong></span> <span class='ocrx_word' id='word_1_643' title='bbox 2256 5215 2423 5292; x_wconf 85' lang='grc' dir='ltr'>μικρὰ</span> <span class='ocrx_word' id='word_1_644' title='bbox 2473 5213 2674 5292; x_wconf 77' lang='grc' dir='ltr'>καρφία</span> <span class='ocrx_word' id='word_1_645' title='bbox 2741 5214 2806 5268; x_wconf 82' lang='grc' dir='ltr'><strong>τὰ</strong></span> <span class='ocrx_word' id='word_1_646' title='bbox 2880 5209 3301 5289; x_wconf 77' lang='grc' dir='ltr'>καϐαλλαρικᾶ,</span> <span class='ocrx_word' id='word_1_647' title='bbox 3362 5217 3494 5290; x_wconf 82' lang='grc' dir='ltr'>ἅπερ</span> <span class='ocrx_word' id='word_1_648' title='bbox 3565 5209 3771 5284; x_wconf 65' lang='grc' dir='ltr'>λέγουσι</span> 
     </span>
    </p>
   </div>
   <div class='ocr_carea' id='block_1_108' title="bbox 357 5301 1350 5359">
    <p class='ocr_par' dir='ltr' id='par_1_108' title="bbox 357 5301 1350 5359">
     <span class='ocr_line' id='line_1_109' title="bbox 357 5301 1350 5359; baseline -0.002 -1"><span class='ocrx_word' id='word_1_649' title='bbox 357 5303 516 5358; x_wconf 83' lang='lat' dir='ltr'><strong>enim</strong></span> <span class='ocrx_word' id='word_1_650' title='bbox 549 5302 698 5359; x_wconf 88' lang='lat' dir='ltr'><strong>clavi</strong></span> <span class='ocrx_word' id='word_1_651' title='bbox 731 5301 1016 5358; x_wconf 88' lang='lat' dir='ltr'><strong>cinthelia</strong></span> <span class='ocrx_word' id='word_1_652' title='bbox 1044 5306 1350 5358; x_wconf 88' lang='lat' dir='ltr'><strong>vocantur.</strong></span> 
     </span>
    </p>
   </div>
   <div class='ocr_carea' id='block_1_109' title="bbox 2130 5303 2424 5376">
    <p class='ocr_par' dir='ltr' id='par_1_109' title="bbox 2130 5303 2424 5376">
     <span class='ocr_line' id='line_1_110' title="bbox 2130 5303 2424 5376; baseline -0.024 -10"><span class='ocrx_word' id='word_1_653' title='bbox 2130 5303 2424 5376; x_wconf 82' lang='grc' dir='ltr'>Κινθήλια.</span> 
     </span>
    </p>
   </div>
   <div class='ocr_carea' id='block_1_110' title="bbox 593 5418 3538 5494">
    <p class='ocr_par' dir='ltr' id='par_1_110' title="bbox 593 5418 3538 5494">
     <span class='ocr_line' id='line_1_111' title="bbox 593 5418 3538 5494; baseline 0.001 -22"><span class='ocrx_word' id='word_1_654' title='bbox 593 5419 667 5474; x_wconf 78' lang='lat' dir='ltr'><strong>De</strong></span> <span class='ocrx_word' id='word_1_655' title='bbox 697 5419 896 5491; x_wconf 83' lang='lat' dir='ltr'><strong>templo</strong></span> <span class='ocrx_word' id='word_1_656' title='bbox 927 5418 1022 5474; x_wconf 88' lang='lat' dir='ltr'><strong>SS.</strong></span> <span class='ocrx_word' id='word_1_657' title='bbox 1056 5419 1439 5488; x_wconf 82' lang='lat' dir='ltr'><strong>Quadraginta</strong></span> <span class='ocrx_word' id='word_1_658' title='bbox 1465 5419 1536 5474; x_wconf 89' lang='lat' dir='ltr'><strong>ad</strong></span> <span class='ocrx_word' id='word_1_659' title='bbox 1569 5419 1828 5476; x_wconf 75' lang='lat' dir='ltr'><strong>Thermas</strong></span> <span class='ocrx_word' id='word_1_660' title='bbox 1861 5424 2395 5489; x_wconf 75' lang='lat' dir='ltr'><strong>Constantinianas,</strong></span> <span class='ocrx_word' id='word_1_661' title='bbox 2427 5437 2637 5478; x_wconf 83' lang='lat' dir='ltr'><strong>necnon</strong></span> <span class='ocrx_word' id='word_1_662' title='bbox 2664 5421 2730 5478; x_wconf 83' lang='lat' dir='ltr'><strong>de</strong></span> <span class='ocrx_word' id='word_1_663' title='bbox 2757 5421 3008 5479; x_wconf 72' lang='lat' dir='ltr'><strong>Ecclesia</strong></span> <span class='ocrx_word' id='word_1_664' title='bbox 3037 5425 3229 5481; x_wconf 83' lang='lat' dir='ltr'><strong>Sancti</strong></span> <span class='ocrx_word' id='word_1_665' title='bbox 3257 5421 3538 5494; x_wconf 76' lang='lat' dir='ltr'><strong>Stephani.</strong></span> 
     </span>
    </p>
   </div>
   <div class='ocr_carea' id='block_1_111' title="bbox 433 5514 2018 5590">
    <p class='ocr_par' dir='ltr' id='par_1_111' title="bbox 433 5514 2018 5590">
     <span class='ocr_line' id='line_1_112' title="bbox 433 5514 2018 5590; baseline 0.006 -21"><span class='ocrx_word' id='word_1_666' title='bbox 433 5514 746 5585; x_wconf 89' lang='lat' dir='ltr'><strong>Templum</strong></span> <span class='ocrx_word' id='word_1_667' title='bbox 791 5519 1137 5572; x_wconf 85' lang='lat' dir='ltr'><strong>Sanctorum</strong></span> <span class='ocrx_word' id='word_1_668' title='bbox 1171 5518 1594 5590; x_wconf 85' lang='lat' dir='ltr'><strong>Quadraginta,</strong></span> <span class='ocrx_word' id='word_1_669' title='bbox 1629 5520 1786 5590; x_wconf 90' lang='lat' dir='ltr'><strong>quod</strong></span> <span class='ocrx_word' id='word_1_670' title='bbox 1819 5526 1908 5576; x_wconf 84' lang='lat' dir='ltr'><strong>est</strong></span> <span class='ocrx_word' id='word_1_671' title='bbox 1947 5523 2018 5578; x_wconf 88' lang='lat' dir='ltr'><strong>ad</strong></span> 
     </span>
    </p>
   </div>
   <div class='ocr_carea' id='block_1_112' title="bbox 359 5603 2022 5666">
    <p class='ocr_par' dir='ltr' id='par_1_112' title="bbox 359 5603 2022 5666">
     <span class='ocr_line' id='line_1_113' title="bbox 359 5603 2022 5666; baseline 0.004 -7"><span class='ocrx_word' id='word_1_672' title='bbox 359 5604 646 5660; x_wconf 86' lang='lat' dir='ltr'><strong>Thermas</strong></span> <span class='ocrx_word' id='word_1_673' title='bbox 688 5603 1205 5662; x_wconf 85' lang='lat' dir='ltr'><strong>Constantinianas</strong></span> <span class='ocrx_word' id='word_1_674' title='bbox 1252 5607 1606 5663; x_wconf 86' lang='lat' dir='ltr'><strong>Anastasius</strong></span> <span class='ocrx_word' id='word_1_675' title='bbox 1655 5611 1710 5663; x_wconf 92' lang='lat' dir='ltr'><strong>et</strong></span> <span class='ocrx_word' id='word_1_676' title='bbox 1762 5609 2022 5666; x_wconf 82' lang='lat' dir='ltr'><strong>Ariadna</strong></span> 
     </span>
    </p>
   </div>
   <div class='ocr_carea' id='block_1_113' title="bbox 362 5693 2017 5771">
    <p class='ocr_par' dir='ltr' id='par_1_113' title="bbox 362 5693 2017 5771">
     <span class='ocr_line' id='line_1_114' title="bbox 362 5693 2017 5771; baseline 0.004 -23"><span class='ocrx_word' id='word_1_677' title='bbox 362 5693 746 5750; x_wconf 61' lang='lat' dir='ltr'><strong>aediﬁcarunt.</strong></span> <span class='ocrx_word' id='word_1_678' title='bbox 769 5693 1083 5763; x_wconf 87' lang='lat' dir='ltr'><strong>Postquam</strong></span> <span class='ocrx_word' id='word_1_679' title='bbox 1117 5712 1250 5752; x_wconf 88' lang='lat' dir='ltr'><strong>vero</strong></span> <span class='ocrx_word' id='word_1_680' title='bbox 1292 5697 1546 5752; x_wconf 74' lang='lat' dir='ltr'><strong>advectae</strong></span> <span class='ocrx_word' id='word_1_681' title='bbox 1575 5701 1715 5752; x_wconf 87' lang='lat' dir='ltr'><strong>sunt</strong></span> <span class='ocrx_word' id='word_1_682' title='bbox 1759 5697 2017 5771; x_wconf 65' lang='lat' dir='ltr'><strong>reliquie</strong></span> 
     </span>
    </p>
   </div>
   <div class='ocr_carea' id='block_1_114' title="bbox 2201 5509 3767 5583">
    <p class='ocr_par' dir='ltr' id='par_1_114' title="bbox 2201 5509 3767 5583">
     <span class='ocr_line' id='line_1_115' title="bbox 2201 5509 3767 5583; baseline -0.005 -8"><span class='ocrx_word' id='word_1_683' title='bbox 2201 5523 2324 5578; x_wconf 81' lang='grc' dir='ltr'>’Ότι</span> <span class='ocrx_word' id='word_1_684' title='bbox 2355 5519 2448 5574; x_wconf 83' lang='grc' dir='ltr'><strong>τὸν</strong></span> <span class='ocrx_word' id='word_1_685' title='bbox 2505 5518 2630 5573; x_wconf 81' lang='grc' dir='ltr'>ναὸν</span> <span class='ocrx_word' id='word_1_686' title='bbox 2686 5519 2777 5574; x_wconf 84' lang='grc' dir='ltr'>τὸν</span> <span class='ocrx_word' id='word_1_687' title='bbox 2833 5515 2962 5574; x_wconf 69' lang='grc' dir='ltr'>ὄντα</span> <span class='ocrx_word' id='word_1_688' title='bbox 3011 5519 3088 5583; x_wconf 76' lang='grc' dir='ltr'><strong>εἰς</strong></span> <span class='ocrx_word' id='word_1_689' title='bbox 3131 5513 3622 5575; x_wconf 77' lang='grc' dir='ltr'>Κωνσταντινιανᾶς</span> <span class='ocrx_word' id='word_1_690' title='bbox 3667 5509 3767 5562; x_wconf 75' lang='grc' dir='ltr'><strong>τῶν</strong></span> 
     </span>
    </p>
   </div>
   <div class='ocr_carea' id='block_1_115' title="bbox 2129 5605 3764 5685">
    <p class='ocr_par' dir='ltr' id='par_1_115' title="bbox 2129 5605 3764 5685">
     <span class='ocr_line' id='line_1_116' title="bbox 2129 5605 3764 5685; baseline -0.007 -20"><span class='ocrx_word' id='word_1_691' title='bbox 2129 5609 2324 5685; x_wconf 81' lang='grc' dir='ltr'>Ἁγίων</span> <span class='ocrx_word' id='word_1_692' title='bbox 2401 5609 2492 5679; x_wconf 89' lang='grc' dir='ltr'><strong>Μ’,</strong></span> <span class='ocrx_word' id='word_1_693' title='bbox 2551 5608 2900 5670; x_wconf 80' lang='grc' dir='ltr'>Ἀναστάσιος</span> <span class='ocrx_word' id='word_1_694' title='bbox 2969 5608 3058 5662; x_wconf 87' lang='grc' dir='ltr'><strong>καὶ</strong></span> <span class='ocrx_word' id='word_1_695' title='bbox 3120 5605 3377 5682; x_wconf 80' lang='grc' dir='ltr'>Ἀριάδνη</span> <span class='ocrx_word' id='word_1_696' title='bbox 3443 5605 3717 5677; x_wconf 80' lang='grc' dir='ltr'>ἀνήγειραν</span> <span class='ocrx_word' id='word_1_697' title='bbox 3752 5631 3764 5646; x_wconf 80' lang='grc' dir='ltr'><strong><em>ο</em></strong></span> 
     </span>
    </p>
   </div>
   <div class='ocr_carea' id='block_1_116' title="bbox 2130 5694 3763 5773">
    <p class='ocr_par' dir='ltr' id='par_1_116' title="bbox 2130 5694 3763 5773">
     <span class='ocr_line' id='line_1_117' title="bbox 2130 5694 3763 5773; baseline -0.013 -17"><span class='ocrx_word' id='word_1_698' title='bbox 2130 5701 2282 5756; x_wconf 83' lang='grc' dir='ltr'>Μετὰ</span> <span class='ocrx_word' id='word_1_699' title='bbox 2339 5696 2395 5752; x_wconf 72' lang='grc' dir='ltr'><strong>δὲ</strong></span> <span class='ocrx_word' id='word_1_700' title='bbox 2451 5697 2514 5752; x_wconf 84' lang='grc' dir='ltr'>τὸ</span> <span class='ocrx_word' id='word_1_701' title='bbox 2563 5695 2740 5752; x_wconf 81' lang='grc' dir='ltr'>ἐλθεῖν</span> <span class='ocrx_word' id='word_1_702' title='bbox 2785 5699 2847 5753; x_wconf 87' lang='grc' dir='ltr'>τὸ</span> <span class='ocrx_word' id='word_1_703' title='bbox 2906 5697 3162 5772; x_wconf 80' lang='grc' dir='ltr'>λείψανον</span> <span class='ocrx_word' id='word_1_704' title='bbox 3219 5701 3316 5753; x_wconf 88' lang='lat' dir='ltr'><strong>toﬁ</strong></span> <span class='ocrx_word' id='word_1_705' title='bbox 3365 5694 3516 5773; x_wconf 83' lang='grc' dir='ltr'>ἁγίου</span> <span class='ocrx_word' id='word_1_706' title='bbox 3561 5701 3763 5763; x_wconf 81' lang='grc' dir='ltr'>πρωτο-</span> 
     </span>
    </p>
   </div>
  </div>
