4124 6390
333 396 486 456 1241

1465 401 1832 465 ANONYMI
1876 402 2462 475 ANTIQUITATES
2510 407 2630 464 ΟΡ.

3605 400 3762 462 1242

329 528 612 605 μάρτυρος
667 527 962 603 Στεφάνου,
997 531 1288 608 ἀνήγειραν
1343 529 1526 611 ἕτερον
1588 534 1782 611 μικρὸν
1836 536 1986 607 ναὸν,

2110 540 2155 592 3.
2189 537 2470 610 Stephani
2520 536 2983 610 protomartyris,
3020 535 3268 592 alterum
3319 551 3564 606 parvum
3609 538 3758 590 tem-

332 617 423 672 καὶ
455 616 743 691 ὠνόμασαν
773 618 957 689 αὐτὸν,
979 623 1168 696 ’Ἀγιον
1201 621 1498 700 Στέφανον.

808 799 942 876 Περὶ
972 804 1069 855 τοῦ
1099 801 1510 877 Δεειοκράτους.

405 888 481 941 Τὰ
538 887 924 962 Δεξιοκράτους
1003 891 1153 954 οἶκας
1208 892 1275 962 ἦν
1338 892 1721 970 Δεξιοκροὶτους
1794 914 1991 969 πατρι-

331 973 474 1043 κίου,
507 972 558 1028 ἰν
585 979 702 1036 τοῖς
733 975 958 1051 χρόνοις
983 975 1271 1034 Θεοδοσίου
1317 985 1414 1035 τοῦ
1449 979 1687 1058 Μικροῦ,
1717 980 1767 1036 ἐν
1815 983 1860 1054 ᾧ
1902 983 1991 1037 καὶ

333 1062 637 1137 Μαυρίκιος
667 1071 1039 1139 γηροκομεῖον
1095 1067 1344 1144 ἀνήγειρε
1391 1068 1484 1124 σὺν
1525 1076 1642 1133 τοῖς
1703 1066 1990 1144 ἐμϐόλοις.

329 1153 428 1208 Ἠν
487 1148 544 1206 δὲ
601 1151 711 1207 ἐκεῖ
757 1153 906 1216 οἶκος
943 1161 1257 1231 Καρπιανοῦ
1287 1160 1602 1235 πατρικίου,
1633 1159 1724 1214 καὶ
1784 1158 1834 1232 ἐξ
1897 1159 1991 1214 αὖ·

327 1246 424 1296 τοῦ
456 1239 682 1319 εἴληφεν
712 1243 740 1296 6
766 1243 936 1306 τόπος
964 1247 1063 1316 τὴν
1110 1248 1480 1325 προσηγορίαν
1514 1254 1846 1326 Καρπιανοῢ.

973 1426 1103 1502 Περὶ
1137 1426 1336 1504 Κύρου.

393 1508 473 1565 Τά
531 1506 590 1565 δὲ
665 1511 848 1588 Κύρου
923 1515 1024 1584 τὴν
1084 1516 1402 1594 Ὑπεραγίαν
1471 1519 1735 1574 Θεοτόκον
1815 1515 1990 1574 ἔκτισε

331 1596 507 1674 Κύρος
549 1597 818 1676 ἔπαρχος,
853 1603 880 1656 6
925 1604 1015 1658 καὶ
1054 1606 1456 1681 παριστάμενος
1499 1607 1575 1670 εἷς
1617 1608 1678 1662 τὸ
1728 1614 1986 1683 χερσαῖον

327 1692 542 1773 τεῖχος,
575 1687 662 1744 ἐπὶ
723 1687 1015 1747 Θεοδοσίου
1069 1697 1166 1748 τοῦ
1225 1696 1462 1770 Μικροῦ,
1515 1698 1824 1773 κραξάντων
1878 1701 1986 1752 τῶν

333 1772 551 1848 δήμων·
584 1777 667 1832 ὅτι
736 1777 910 1856 Κύρος
968 1781 1058 1836 καὶ
1112 1781 1191 1845 εἷς
1246 1783 1388 1840 ἄλλο
1443 1772 1654 1853 κινήσει
1702 1786 1791 1841 καὶ
1851 1806 1989 1862 προ-

330 1865 512 1940 κόψει.
566 1867 665 1979 Κχαιὶ
724 1870 1016 1979 φθονηθεὶς
1092 1870 1345 1944 ἐποίησεν
1421 1873 1579 1930 αὐτὸν
1640 1877 1669 1930 6
1733 1874 1985 1950 βασιλεὺς
2019 1914 2066 1979 Β

335 1955 756 2032 μητροπολίτην
788 1958 864 2022 εἰς
896 1959 1180 2035 Σμύρνην.

698 2222 702 2224 _
841 2155 976 2230 Ηερὶ
1007 2158 1069 2211 τὸ
1102 2157 1470 2230 Κοντοσκάλη.

403 2243 527 2300 ’Ὁτι
584 2242 648 2297 τὸ
719 2243 1072 2318 Κοντοσκάλη
1127 2250 1161 2318 ἡ
1221 2249 1398 2323 πόρτα
1453 2252 1560 2305 ἀπὸ
1619 2250 1990 2328 Ἀγαλλιανοῦ

329 2332 689 2409 τουρμάρχου
739 2334 1143 2410 παρισταμένου
1177 2379 1191 2405 ,
1244 2339 1332 2393 ὅτε
1407 2337 1644 2410 ἐκτίζετο
1710 2343 1738 2396 ὁ
1793 2342 1988 2415 λιμήν.

329 2420 613 2476 Ἐκαλεῖτο
674 2419 733 2476 δὲ
789 2421 996 2487 ἐκεῖνος
1052 2428 1435 2498 ΚοντοσκέΛη,
1494 2430 1584 2484 καὶ
1663 2428 1751 2485 διὰ
1827 2435 1990 2486 τοῦτο

328 2506 537 2582 ἐκλήθη
573 2510 770 2575 οὕτως.

686 2619 816 2693 Περὶ
842 2625 940 2675 τοῦ
966 2621 1194 2692 ξενῶνος
1223 2628 1322 2678 τοῦ
1353 2623 1624 2702 Θεοφίλου

399 2707 486 2761 Ἐν
541 2711 620 2778 τῷ
675 2707 1004 2784 καλουμένῳ
1063 2712 1332 2788 Ζεύγματι
1391 2712 1576 2770 ἐπάνω
1633 2721 1730 2771 τοῦ
1792 2715 1988 2792 λόφου,

333 2795 466 2868 ὅπερ
519 2799 708 2874 ὁρᾶται
769 2795 1006 2872 εὕμηκες
1061 2801 1294 2876 κτίσμας
1322 2810 1680 2878 νοσοκομεῖον
1733 2808 1824 2878 ἧν,
1858 2807 1988 2883 ὅπερ

336 2884 620 2962 ἀνήγειρεν
681 2888 709 2942 6
755 2887 936 2963 Μέγας
991 2896 1394 2955 Κωνσταντῖνος
1453 2893 1531 2955 εἷς
1585 2900 1859 2969 πορνεῖον.
1894 2897 1992 2951 Γὲ-

335 2994 462 3048 γονε
518 2971 576 3028 δὲ
623 2976 712 3030 καὶ
769 2977 916 3039 οἶκος
971 2976 1253 3054 Ἰσιδώρου
1307 2981 1618 3056 πατρικίου,
1650 2985 1760 3039 εἶτα
1823 3007 1990 3058 μονα-

343 3063 567 3136 στήριον
623 3071 959 3140 γυναικεῖονσ
992 3068 1079 3122 καὶ
1141 3068 1170 3122 6
1227 3068 1494 3144 Θεόφιλος
1553 3071 1806 3142 ἐποίησεν
1860 3073 1990 3130 αὐτὸ

339 3153 559 3222 ξενῶνα.
593 3154 807 3209 ’Ἰστατο
839 3151 894 3209 δὲ
941 3154 1120 3227 στήλη
1175 3156 1264 3212 ἐπὶ
1313 3157 1564 3214 κλωστοῦ
1608 3160 1793 3224 κίονος
1848 3160 1990 3228 λιθί-

331 3260 428 3349 νου
474 3247 574 3310 τῆς
604 3240 947 3349 ’βρροδίτηςσ
979 3249 1088 3299 τῶν
1137 3243 1195 3349 8t
1238 3244 1485 3349 πολιτῶν
1530 3249 1702 3304 ἐκεῖσε
1753 3252 1990 3328 ἁπερχο-
2019 3281 2062 3349 C

337 3329 512 3401 μὲνων
544 3331 635 3385 καὶ
668 3331 916 3406 ἐρώντων
962 3334 1214 3405 σονουσίᾳ
1271 3335 1488 3404 ζώντων
1537 3339 1634 3400 τὰς
1695 3337 1866 3394 ἐκεῖσε
1913 3341 1991 3395 οἶ-

332 3417 532 3483 κούσας
573 3419 886 3495 μαχλάδας.
917 3423 1151 3493 ’Έξωθεν
1199 3424 1297 3479 τοῦ
1346 3425 1511 3482 αὐτοῦ
1561 3427 1668 3504 οὐχ
1716 3428 1991 3503 εὑρίσκετο

329 3503 510 3582 ἕτερον
565 3515 851 3580 πορνεῖον.
887 3510 990 3566 Καὶ
1048 3513 1185 3581 ἦσαν
1242 3510 1513 3591 διάχωροι
1545 3503 1682 3591 πρὸς
1706 3516 1833 3580 τοὺς
1881 3519 1995 3574 κίοι

329 3616 421 3657 νας
481 3598 618 3669 μετά
672 3597 969 3674 κρικελίων
1025 3600 1115 3656 κκὶ
1172 3602 1460 3678 κουρτίων,
1511 3604 1600 3660 καὶ
1685 3606 1858 3672 οὕτως
1937 3611 1992 3663 οἳ

333 3685 508 3740 ἐκεῖσε
558 3686 610 3741 ἐν
661 3687 864 3760 ἀσωτίᾳ
914 3684 1064 3752 ὅντες
1119 3691 1209 3746 καὶ
1262 3692 1490 3768 ἐρῶντες
1549 3694 1858 3769 ἐτέρποντο.
1891 3699 1994 3754 Ἦν

334 3771 393 3830 δὲ
449 3773 629 3847 στήλη
689 3781 798 3832 τῶν
857 3777 910 3832 ἒν
975 3776 1253 3854 ὑπολήψει
1305 3779 1480 3836 οὐσῶν
1514 3785 1763 3860 καθαρῶν
1815 3807 1995 3860 γυναιο

333 3868 442 3920 κῶν
502 3869 609 3919 τῶν
667 3887 728 3921 τε
785 3868 1066 3938 παρθένων
1126 3869 1216 3922 καὶ
1279 3871 1378 3942 μή,
1411 3869 1694 3927 πλουσίων
1752 3894 1813 3928 τε
1851 3875 1994 3947 ὁμοῦ

333 3954 425 4008 καὶ
469 3955 738 4025 πενήτων.
771 3955 871 4010 Καὶ
922 3955 1008 4011 ἐάν
1055 3977 1142 4021 τις
1188 3955 1374 4013 ἔλυσεν
1421 3959 1600 4014 αὐτῶν
1646 3963 1745 4030 τήν
1796 3965 1994 4038 παρθε-

334 4041 475 4109 νίαν,
506 4041 596 4097 καὶ
657 4043 734 4116 μὴ
799 4042 1156 4118 βουλομένων
1208 4044 1536 4122 ὁμολογεῖν,
1567 4043 1754 4126 ἔλεγον
1813 4050 1998 4114 αὐταῖς

338 4133 390 4218 οἱ
420 4136 600 4218 γονεῖς
643 4131 734 4186 καὶ
771 4133 822 4187 οἱ
855 4132 1033 4210 φίλοιο
1063 4133 1427 4209 Ἀπὲλθωμεν
1459 4135 1536 4200 εἷς
1562 4136 1626 4192 τὸ
1669 4145 1768 4209 τῆς
1802 4140 1995 4218 Ἀφρο-

337 4217 489 4291 δίτης
559 4217 802 4295 ἄγαλμα,
861 4222 948 4277 καὶ
1007 4221 1058 4276 εἷ’
1111 4223 1320 4298 καθαρά
1376 4225 1441 4292 εἶ,
1499 4223 1811 4302 ἐλεγχθήσῃ
1878 4217 1999 4284 ἐκεῖ

334 4309 482 4384 παρὰ
525 4315 626 4378 τῆς
678 4307 912 4380 στήλης.
946 4310 1044 4366 Καὶ
1095 4310 1184 4367 ὅτε
1232 4311 1588 4384 ἐπλησίαζον,
1640 4314 1690 4369 εἰ
1740 4316 1834 4389 μὲν
1889 4314 1997 4391 ὂίμ-

337 4418 564 4471 εμπτος,
625 4395 890 4473 διήρχετο
951 4393 1246 4470 ἀϐλαϐής·
1279 4403 1314 4470 ἡ
1377 4398 1436 4456 δὲ
1490 4401 1825 4479 ἐφθαρμένη,
1878 4405 1995 4460 ἐπι-

336 4486 527 4558 στασίᾳ
584 4486 754 4563 ἀθρόᾳ
805 4487 1103 4557 ἐσηκοῦντο
1131 4490 1198 4542 τὰ
1244 4488 1439 4561 ἱμάτια
1489 4490 1679 4563 αὐτῆς,
1712 4493 1801 4547 καὶ
1860 4491 1995 4548 ἐδεί-

335 4596 462 4631 κνυε
488 4576 552 4630 τὸ
599 4575 792 4644 ἑαυτῆς
839 4572 1075 4632 αἰδοῖον.
1104 4576 1349 4650 Ὁμοίως
1403 4574 1461 4632 δὲ
1517 4579 1606 4634 καὶ
1659 4581 1714 4634 αἱ
1768 4575 1993 4657 ἔχουσαι

2100 626 2265 700 plum
2297 631 2729 695 exstruxerunt,
2757 643 2823 682 ac
2855 625 3244 699 appellatione
3275 623 3474 680 Sancti
3505 624 3757 696 Stepha-

2101 715 2161 771 ni
2192 717 2513 772 donarunt.

2600 808 2670 861 De
2699 807 3046 862 Dexiocratis
3077 809 3275 860 tractu.

2175 895 2234 949 In
2269 893 2394 950 loco
2424 894 2788 952 Dexiocratis
2833 895 3018 964 dicto,
3050 894 3262 950 domus
3295 896 3419 948 erat
3449 891 3764 948 Dcxiocra-

2102 983 2178 1039 tis
2226 983 2480 1055 patricii,
2532 988 2795 1056 tempore
2841 983 3158 1039 Theodosii
3201 981 3485 1037 Junioris.
3538 981 3756 1037 Ibidem

2101 1073 2510 1129 Gerocomium
2544 1091 2662 1129 una
2710 1089 2844 1129 cum
2897 1072 3222 1144 porticibus
3274 1069 3594 1126 Mauricius
3627 1087 3758 1126 exs-

2100 1162 2303 1218 truxit.
2354 1166 2639 1218 Praeterea
2687 1163 2892 1218 eodem
2942 1162 3001 1216 in
3034 1161 3159 1216 loco
3210 1163 3336 1216 erat
3379 1159 3590 1214 domus
3619 1161 3757 1215 Car-

2103 1251 2262 1324 piani
2295 1252 2548 1324 patricii,
2601 1269 2631 1306 a
2682 1268 2799 1323 quo
2849 1251 3011 1307 locus
3067 1249 3167 1305 ille
3225 1248 3495 1320 Carpiani
3541 1264 3756 1305 nomen

2101 1341 2341 1412 accepit.

2277 1432 2354 1485 De
2381 1431 2610 1486 ecclesia
2647 1430 2704 1486 S.
2729 1431 2979 1502 Deiparze
3012 1430 3144 1501 Cyri
3170 1427 3581 1502 cognominata.

2172 1519 2489 1575 Ecclesiam
2540 1517 2932 1575 Sanctissimae
2980 1519 3238 1590 Deiparae
3285 1517 3417 1590 Cyri
3451 1532 3762 1587 nuncupa-

2098 1610 2219 1663 tam
2249 1608 2560 1664 aedificavit
2589 1609 2771 1682 Cyrus
2801 1608 3249 1680 prafeclus,qui
3280 1623 3417 1662 cum
3450 1609 3762 1661 structuras

2097 1697 2252 1753 muri
2285 1697 2581 1753 terrestris
2629 1697 2742 1753 sub
2791 1696 3121 1752 Theodosio
3170 1695 3411 1751 Juniore
3460 1699 3759 1767 praeesset,

2098 1785 2300 1858 populi
2339 1785 2790 1842 acclamationes
2837 1784 3078 1852 meruit,
3127 1783 3398 1851 dicentis,
3433 1784 3555 1839 fore
3589 1787 3654 1838 ut
3684 1784 3759 1839 ad

2099 1875 2382 1946 majorem
2431 1875 2850 1948 proveheretur
2895 1873 3244 1946 dignitatem
3298 1873 3504 1945 Cyrus.
3537 1872 3664 1936 Qua
3692 1872 3765 1927 de

2101 1979 2163 2019 re
2193 1963 2415 2019 invidia
2465 1969 2664 2022 motus
2713 1964 3034 2036 imperator
3081 1963 3279 2036 ipsum
3327 1959 3763 2034 metropolitem

2101 2052 2364 2125 Smyrna:
2398 2054 2553 2110 fecit.

2436 2162 2510 2217 De
2532 2165 2695 2233 porta
2722 2161 3053 2231 cognomine
3086 2160 3417 2216 Contoscale.

2170 2250 2344 2306 Porta
2376 2267 2503 2322 qum
2553 2249 2890 2306 Coutoscale
2938 2249 3290 2321 appellatur,
3345 2248 3417 2303 ab
3453 2244 3758 2319 Agalliano

2099 2339 2453 2406 Tumarcha,
2496 2337 2594 2410 qui
2634 2343 2941 2395 structurae
2986 2342 3190 2410 portus
3241 2339 3507 2408 praeerat,
3540 2350 3758 2390 nomen

2101 2428 2358 2501 accepit;
2409 2429 2725 2484 vocabatur
2765 2428 2922 2484 enim
2976 2428 3102 2499 ipse
3145 2425 3506 2492 Contoscele,
3539 2423 3756 2479 idcirco

2099 2522 2154 2574 et
2188 2522 2356 2589 porta
2381 2517 2463 2572 ita
2492 2517 2907 2589 cognominata
2934 2516 3068 2572 fuit.

2539 2625 2612 2679 De
2638 2625 2977 2679 xenodochio
3009 2622 3310 2693 Theophili.

2173 2715 2234 2768 In
2266 2711 2392 2768 loco
2418 2717 2757 2784 nuncupato
2788 2717 3102 2783 Zeugmate
3125 2727 3303 2782 supra
3334 2709 3565 2776 collem,
3599 2708 3758 2780 quod

2099 2817 2258 2856 nunc
2300 2800 2653 2873 prolongum
2705 2801 2912 2856 visitur
2961 2800 3297 2866 aedificium,
3349 2797 3754 2854 nosocomium

2100 2895 2244 2957 erat,
2277 2895 2639 2946 exstructum
2693 2890 2832 2946 olim
2885 2909 2918 2946 a
2965 2889 3352 2945 Constantino
3401 2891 3610 2960 Magno
3650 2903 3755 2958 pro

2099 2977 2390 3051 lupanari.
2446 2979 2693 3050 Fuitquo
2741 2983 2944 3051 postea
2993 2979 3206 3034 domus
3256 2975 3462 3032 Isidori
3503 2975 3758 3048 patricii,

2100 3084 2168 3122 ac
2197 3067 2331 3122 dein
2356 3068 2778 3122 monasterium
2811 3067 3147 3123 mulierum.
3172 3063 3535 3136 Theophilus
3555 3067 3753 3119 autem

2099 3155 2273 3211 vertit
2302 3154 2445 3210 illud
2479 3156 2537 3210 in
2568 3155 3018 3210 xenodochium.
3053 3155 3372 3225 Stabatque
3401 3152 3619 3207 ibidem
3653 3168 3755 3207 su-

2101 3261 2206 3315 pra
2236 3242 2570 3299 columnam
2623 3245 2912 3316 lapideam
2967 3243 3218 3298 torlilem
3254 3241 3490 3299 Veneris
3523 3244 3754 3296 statua:

2101 3333 2254 3388 cives
2288 3337 2481 3388 autem
2525 3333 2662 3387 illuc
2695 3333 3106 3388 convenientes
3137 3347 3204 3386 ac
3231 3334 3542 3395 amatores,
3574 3344 3754 3384 mere-

2099 3422 2275 3478 trices
2324 3422 2499 3476 isthic
2546 3422 2879 3477 habitantes
2928 3423 2998 3477 ad
3048 3420 3425 3476 concubitum
3469 3419 3754 3485 adibant;

2103 3515 2311 3584 praeter
2341 3511 2448 3566 hoc
2498 3512 2712 3584 quippe
2761 3511 3011 3583 lupanar
3042 3510 3271 3566 nullum
3325 3507 3485 3564 aliud
3520 3507 3578 3562 in
3613 3507 3757 3562 urbe

2100 3600 2529 3656 inveniebatur.
2574 3601 2760 3671 Igitur
2809 3601 3013 3655 eodem
3063 3599 3123 3654 in
3173 3599 3298 3654 loco
3349 3597 3420 3652 ad
3453 3595 3760 3652 columnas

2103 3689 2412 3744 exstabant
2468 3689 2646 3758 cellae,
2703 3689 2976 3744 cancellis
3036 3693 3094 3744 et
3149 3687 3392 3744 cortinis
3444 3684 3761 3754 distincta),

2104 3777 2258 3832 intra
2291 3794 2440 3849 quas
2471 3785 2738 3834 amantes
2770 3777 2999 3833 libidini
3029 3795 3096 3834 ac
3135 3775 3421 3848 voluptati
3453 3773 3760 3830 vacabant.

2102 3869 2234 3920 Haec
2275 3865 2520 3937 insuper
2561 3871 2759 3921 statua
2791 3867 2921 3920 usui
2957 3871 3079 3920 erat
3110 3865 3179 3919 nd
3214 3863 3527 3919 mulierum
3558 3866 3617 3917 et
3648 3861 3760 3916 vir-

2104 3954 2332 4027 ginum,
2395 3955 2640 4009 divitum
2691 3956 3028 4026 inopumve,
3082 3971 3208 4025 qua:
3253 3953 3312 4007 in
3359 3950 3759 4022 suspicionem

2103 4048 2402 4110 venerant,
2462 4043 2806 4114 pudicitiam
2859 4043 3245 4114 probandam.
3296 4041 3356 4097 Si
3403 4039 3539 4112 quis
3601 4039 3759 4094 enim

2105 4133 2190 4189 eis
2217 4132 2612 4205 virginitatem
2650 4132 2985 4204 eripuisset,
3005 4131 3150 4203 ipsis
3178 4129 3508 4202 virginibus
3538 4129 3761 4184 factum

2106 4221 2482 4292 negantibus,
2519 4225 2792 4292 parentes
2823 4225 2880 4276 et
2910 4220 3083 4275 amici
3115 4219 3389 4275 dicebant
3422 4236 3435 4274 ε
3466 4219 3763 4273 Adeamus

2103 4310 2348 4365 Veneris
2392 4315 2674 4380 statuam,
2706 4314 2763 4365 et
2810 4309 2914 4364 illa
2943 4308 3234 4364 castitatis
3284 4313 3397 4363 tua:
3430 4305 3762 4379 periculum

2109 4400 2297 4455 faciet.
2336 4399 2453 4455 Ubi
2483 4415 2615 4455 vero
2659 4397 2798 4453 illuc
2841 4403 3230 4464 accesserant,
3265 4397 3310 4453 si
3341 4397 3526 4468 culpae
3555 4411 3762 4467 expers

2105 4495 2248 4554 erat,
2283 4488 2467 4544 illaesa
2512 4489 2946 4559 pertransibat;
2999 4488 3089 4543 sin
3141 4491 3337 4543 autem
3368 4485 3572 4541 vitiata
3616 4486 3763 4552 erat,

2105 4580 2300 4634 subito
2333 4579 2591 4649 quodam
2622 4577 3077 4647 impetu,vestes
3105 4577 3234 4646 ejus
3257 4573 3760 4646 discerpebantur,

251 4657 257 4663 ’
339 4661 555 4740 ἄνδρας,
613 4662 700 4719 ἰὰν
765 4660 1040 4739 λαθραίως
1101 4647 1488 4741 ἐμοιχεῦοντο,
1544 4671 1707 4723 τοῦτο
1764 4647 1855 4724 καὶ
1912 4669 1992 4725 ἐπ’

2110 4685 2170 4723 ac
2205 4647 2476 4738 pudenda
2505 4667 2872 4722 ostendebat.
2908 4667 3068 4720 Idem
3103 4665 3386 4720 uxoribus
3417 4661 3764 4717 adulteratia

340 4753 526 4816 αὐταῖς
587 4751 812 4828 ἐγίνετο,
847 4753 936 4808 καὶ
992 4751 1165 4816 οὕτως
1223 4753 1576 4832 ἀπηλέγχετο
1616 4759 1703 4812 καὶ
1754 4756 1992 4832 ἐθαύμα-

341 4848 431 4913 ζον
491 4843 707 4912 πάντες,
763 4841 853 4896 καὶ
925 4841 1203 4899 ἐπίστευον
1280 4847 1348 4917 τῇ
1423 4845 1690 4922 γενομένῃ
1770 4847 1996 4922 πορνείᾳ

340 4931 560 4988 ἐκείνων
617 4934 915 5002 τηνικαῦτα
972 4931 1394 5006 ὁμολογουσῶν.
1444 4934 1507 4990 Ἠ
1568 4931 1625 4988 δὲ
1674 4937 1810 5010 γυνή
1860 4937 1996 4991 Ἰνυ-

339 5020 521 5077 στίνου
571 5025 668 5075 τοῦ
723 5018 830 5074 ἀπὸ
877 5019 1307 5096 κουροπαλᾶτων
1368 5020 1652 5098 συνέτριψε
1719 5023 1815 5092 τὴν
1867 5027 1996 5094 στή-

339 5108 467 5181 λην,
497 5106 586 5164 διὰ
613 5110 675 5165 τὸ
717 5109 809 5163 καὶ
837 5115 940 5178 τῆς
983 5107 1154 5179 αὐτῆς
1205 5107 1414 5165 αἱδοῖον
1473 5117 1700 5189 φανῆναι
1764 5132 1996 5188 μοιχευ-

339 5201 530 5270 σάσης,
591 5195 960 5274 διερχομένης
1005 5196 1088 5273 ἐφ’
1138 5196 1298 5271 ’ίππῳ
1356 5199 1555 5270 ἑκεῖκε,
1602 5201 1692 5256 καὶ
1753 5199 1994 5276 ἀπερχο-

341 5289 504 5362 μένης
558 5287 608 5343 ἐν
659 5287 738 5358 τῷ
785 5285 1022 5359 λούματι
1053 5291 1160 5341 τῶν
1193 5284 1550 5363 Βλαχερνῶν,
1585 5283 1800 5364 ὄμϐρου
1857 5289 1995 5363 ἐξαι-

338 5379 458 5435 σίου
531 5376 852 5451 γενομένου,
909 5375 999 5430 καὶ
1076 5376 1152 5448 μὴ
1215 5372 1517 5450 δυναμένης
1575 5375 1664 5432 διὰ
1719 5377 1994 5450 θαλάσσης

334 5467 537 5534 ταύτης
569 5465 620 5522 ὲν
653 5469 768 5527 τοῖς
806 5463 1115 5542 βασιλικοῖς
1149 5461 1427 5540 δρόμωσιν
1461 5465 1574 5521 ἐκεῖ
1600 5465 1874 5531 ἀπελθεῖν.

858 5643 992 5715 Περὶ
1021 5646 1119 5698 τοῦ
1150 5641 1282 5717 Ζεύγ
1291 5664 1478 5716 ματος.

410 5737 482 5791 Τὸ
530 5732 588 5790 δὲ
625 5737 718 5789 νῦν
768 5731 1108 5807 καλούμενον
1147 5735 1366 5809 Ζεῦγμα
1415 5729 1624 5806 ἐκλήθη
1679 5732 1871 5805 οὕτως,
1905 5737 1996 5814 ἀφ’

2107 4757 2500 4828 contingebat,
2560 4755 2886 4825 eodemque
2947 4754 3164 4809 indicio
3232 4751 3758 4808 convincebantur.

2109 4845 2252 4899 Huic
2309 4843 2538 4899 violatas
2592 4843 2887 4914 pudicitiae
2964 4841 3305 4898 testimonio
3363 4855 3569 4896 omnes
3622 4855 3758 4894 cum

2107 4951 2342 4991 summa
2391 4931 2776 4988 admiratione
2826 4931 3000 4986 fidem
3053 4931 3372 4996 habebant,
3423 4928 3570 5000 ipsis
3618 4928 3756 4983 item

2106 5024 2329 5079 factum
2363 5039 2477 5078 non
2510 5021 2667 5075 ultra
2710 5020 3084 5090 negantibus.
3138 5019 3290 5074 Uxor
3318 5026 3513 5073 autem
3543 5015 3762 5072 Justini

2106 5112 2465 5182 Curopalatre
2495 5114 2757 5165 statuam
2803 5109 2953 5164 hanc
3005 5109 3314 5179 confregit,
3345 5124 3412 5164 eo
3444 5106 3600 5178 quod
3633 5105 3765 5177 ipsa

2106 5217 2360 5272 quoque,
2392 5199 2703 5255 denudatis
2741 5197 3034 5270 pudendis
3085 5197 3358 5253 adulterii
3389 5195 3765 5252 convincere-

2105 5293 2223 5359 tur,
2257 5306 2391 5344 cum
2423 5306 2574 5361 equo
2605 5287 2740 5343 illac
2771 5287 3053 5343 transiret
3075 5288 3143 5342 ad
3179 5287 3457 5342 balneum
3495 5283 3763 5341 Blacher-

2106 5395 2357 5447 narum;
2417 5381 2633 5434 etenim
2693 5377 2834 5432 adeo
2894 5377 3104 5446 ingens
3154 5376 3343 5432 fuerat
3388 5373 3645 5448 procella
3702 5381 3765 5431 ut

2107 5469 2256 5523 mari
2290 5467 2675 5524 dromonibus
2705 5465 3102 5536 imperatoriis
3151 5481 3216 5520 eo
3250 5469 3615 5520 transmeare
3646 5480 3762 5520 non

2108 5561 2322 5628 posset.

2723 5645 2798 5700 De
2827 5645 3142 5712 Zeugmate.

2180 5737 2366 5792 Locus
2397 5734 2497 5806 qui
2522 5749 2678 5788 nunc
2702 5733 2956 5804 Zeugma
2988 5736 3386 5804 nuncupatur,
3417 5748 3485 5787 ex
3515 5746 3581 5787 eo
3612 5734 3762 5786 tem-
