4124 6380
392 373 551 435 1243

1353 366 1755 430 APPENDIX
1802 366 1906 427 AD
1951 364 2418 429 MIGHAELEM
2461 366 2859 431 PSELLUM.

3658 372 3820 431 12M

390 523 533 582 pore
562 521 885 577 cognomen
918 504 1025 560 hoc
1071 502 1317 575 accepit,
1349 519 1465 573 quo
1496 502 1556 558 S.
1588 500 1872 573 Stephani
1904 516 2040 571 pro-

2165 494 2233 553 l't'
2264 495 2594 571 ἀνεκομίσθη
2624 500 2687 554 τὸ
2736 496 2990 574 λείψανον
3048 505 3147 557 τοῦ
3204 500 3361 577 ἁγίου
3412 504 3817 578 πρωτομάρτυ-

390 595 732 667 tomartyris
764 593 1023 664 reliquias
1056 591 1245 648 allatae
1298 595 1460 647 sunt.
1511 592 1589 646 Eo
1643 589 1802 645 enim
1833 588 1893 643 in
1922 587 2047 643 loco

396 684 567 741 multa
598 685 794 739 currui
820 684 1041 754 junctae
1073 685 1234 750 sunt,
1268 699 1397 754 quae
1429 698 1529 737 eas
1561 680 1634 735 ad
1665 679 1928 735 thermas
1952 694 2049 734 us-

393 790 507 848 que
538 772 1058 830 Constantinianas
1089 775 1390 827 vexerunt.

655 882 727 936 De
758 880 957 951 templo
988 879 1315 935 Sanctorum
1347 879 1789 949 Anargyrarum,

870 952 1013 1022 quod
1044 954 1129 1007 est
1160 953 1219 1005 in
1250 952 1563 1021 Zeugmate.

460 1040 773 1113 Templum
805 1042 1157 1097 Sanctorum
1183 1042 1613 1111 Anargyrorum
1646 1039 1794 1108 quod
1819 1037 1875 1093 in
1903 1038 2049 1093 Zeu-

385 1139 578 1205 gmale
610 1132 792 1185 situm
845 1130 1124 1196 cernitur,
1180 1129 1483 1184 conditum
1517 1133 1606 1183 est
1634 1144 1668 1182 a
1712 1126 1913 1183 Proclo
1940 1144 2047 1198 pa-

379 1220 638 1276 triarcha
685 1218 1360 1288 ConstantinOpolitano,
1394 1215 1683 1288 discipulo
1716 1214 1916 1288 magni
1944 1216 2045 1271 Jo-

380 1308 553 1366 annis
585 1308 1011 1380 Chrysostomi,
1040 1312 1099 1363 et
1130 1306 1473 1362 mcumenici
1504 1304 1871 1376 patriarchas,
1899 1308 2046 1360 tem-

384 1415 524 1471 pore
545 1397 863 1453 Theodosii
895 1397 1186 1453 Junioris.

868 1488 943 1541 De
967 1486 1166 1554 templa
1195 1487 1376 1540 sancti
1406 1485 1567 1541 Eliaz.

457 1575 763 1647 Templum
794 1580 851 1631 8.
901 1574 1054 1642 Elite,
1090 1575 1245 1645 quod
1295 1578 1487 1629 exstat
1532 1573 1592 1627 in
1635 1572 1759 1628 loco
1808 1574 2041 1628 Petrion

384 1669 744 1737 nuncupato,
777 1664 989 1719 schola:
1026 1663 1405 1735 legionesque
1432 1662 1679 1717 Zenonis
1710 1678 1776 1717 ex
1806 1662 2042 1718 Perside

381 1755 614 1811 reducis
646 1754 859 1810 collata
891 1768 1111 1825 magna
1161 1752 1290 1808 auri
1339 1768 1596 1822 summa,
1627 1751 1754 1824 ipso
1786 1752 2041 1823 impera-

2161 607 2256 663 ρος
2306 586 2602 665 Στεφάνου,
2648 587 2819 644 έκεῖσε
2866 588 3199 665 έζεύχθησαν
3258 589 3485 665 μοῦλαι,
3531 592 3619 646 καὶ
3675 591 3818 666 ἦραν

2157 676 2219 731 τὸ
2248 680 2408 750 σῶμα
2436 681 2533 731 τοῦ
2563 677 2720 754 ἁγίου
2750 676 2855 742 ἕως
2884 685 3417 738 Κωνσταντινιανῶν.

2408 873 2541 951 Περὶ
2568 878 2679 931 τῶν
2704 876 2756 932 έν
2783 875 2933 950 αὐτῷ
2960 877 3163 954 ’Δγίων
3189 876 3561 954 ’Δναργύρων.

2230 1035 2296 1093 Οἱ
2348 1033 2406 1091 δὶ
2452 1038 2634 1114 ⁰⁹Αγιοι
2668 1036 3009 1115 ’Δνᾶργυροι,
3038 1038 3091 1094 οἱ
3150 1035 3299 1102 ὄντες
3352 1028 3427 1101 είς
3469 1038 3532 1094 τὸ
3577 1041 3820 1111 Ζεῦγμα,

2159 1124 2474 1197 ἐκτίσθησαν
2533 1128 2679 1200 παρὰ
2741 1126 2997 1204 Πρόκλου
3063 1130 3411 1205 πατριάρχου
3473 1130 3819 1186 Κῶνσταντι-

2155 1210 2492 1287 νουπόλεως,
2526 1218 2773 1289 μαθητοῦ
2815 1221 2914 1273 τοῦ
2962 1215 3210 1293 μεγάλου
3242 1218 3494 1275 Ἰωάννου
3538 1221 3637 1271 τοῦ
3679 1217 3824 1290 Χρυ-

2155 1302 2450 1375 σοστόμου,
2482 1302 2575 1357 καὶ
2607 1303 2995 1377 οἷκουμενικοῦ
3026 1303 3393 1381 πατριάρχου,
3427 1303 3480 1359 ἐν
3510 1310 3627 1366 τοῖς
3674 1304 3817 1379 χρό-

2152 1414 2268 1454 νοις
2295 1390 2588 1447 Θεοδοσίου
2611 1398 2708 1448 τοῦ
2738 1396 2971 1467 Μικροῦ.

2618 1484 2750 1560 Περὶ
2779 1487 2876 1539 τοῦ
2904 1484 3089 1559 ’Δγίου
3120 1483 3335 1543 Ἠλίου.

2223 1572 2330 1629 Τὸν
2385 1568 2443 1627 δε
2494 1572 2645 1647 ἅγιον
2697 1572 2910 1642 Ἠλίαν,
2969 1574 3059 1629 τὸν
3116 1571 3245 1629 ὄντα
3297 1573 3373 1636 εἰς
3430 1572 3495 1628 τὸ
3558 1571 3814 1647 Πέτριον,

2152 1658 2455 1716 συνέδωκαν
2502 1663 2558 1716 αἱ
2607 1661 2809 1737 σχολαὶ
2868 1663 2957 1717 καὶ
3005 1664 3072 1719 τὰ
3100 1665 3349 1737 τάγματα
3385 1662 3612 1739 χρυσίον
3643 1660 3817 1729 πολὺ,

2155 1751 2593 1826 ὑποστρέψαντος
2644 1754 2897 1821 Ζήνωνος
2950 1752 3055 1807 ἀπὸ
3104 1752 3354 1827 Περσίας,
3393 1753 3484 1807 καὶ
3533 1749 3819 1822 δεηθέντος

375 1848 501 1901 tore
528 1844 808 1911 instante,
832 1859 898 1898 ac
930 1859 1050 1898 una
1076 1858 1212 1897 cum
1242 1842 1499 1897 Ariadne
1531 1844 1587 1896 in
1621 1845 1845 1913 partem
1871 1858 2038 1897 sum-

2165 1841 2363 1895 ιύτοῦ·
2430 1838 2659 1896 δέδωκεν
2722 1841 2909 1904 αὐτοῖς
2968 1839 3282 1916 συνδρομὴν
3346 1841 3482 1916 μετὰ
3553 1840 3646 1897 καὶ
3708 1848 3816 1910 τῆς

375 1937 588 2007 ptuum
620 1933 912 1997 veniente,
943 1935 1361 1987 exstruxerunt
1389 1930 1863 2002 amplissimum;
1898 1946 2042 2002 quo-

378 2022 538 2079 niam
570 2021 718 2094 ipsis
752 2022 811 2077 S.
844 2020 1002 2077 Elias
1034 2021 1092 2075 in
1126 2020 1339 2075 castris
1370 2024 1742 2092 apparuerat.

600 2131 674 2184 De
704 2129 903 2184 Sancta
932 2127 1257 2200 Euphcmia
1287 2130 1611 2197 cognomine
1638 2133 1829 2184 Petra.

452 2222 508 2273 Β.
542 2218 957 2290 Euphemiam,
989 2233 1118 2288 quas
1169 2218 1340 2273 Petra
1368 2223 1767 2289 nuncupatur,
1802 2221 2045 2273 Anasta-

376 2306 505 2365 sius
536 2307 782 2364 Dicorus
813 2312 869 2363 et
898 2306 1156 2362 Ariadna
1187 2306 1599 2362 condiderunt.

804 2418 889 2469 De
917 2415 1223 2483 gerocomio
1255 2413 1611 2484 Geragathae.

443 2502 852 2559 Gerocomium
877 2501 1218 2575 Geragatbaa
1238 2502 1548 2557 aediﬁcavit
1579 2502 1801 2573 Agatba
1823 2502 2038 2567 vetula,

368 2593 521 2650 Petri
558 2591 793 2663 patricii
826 2590 949 2646 ﬁlia
979 2591 1148 2662 longe
1178 2590 1601 2661 pulcherrima,
1635 2606 1699 2644 ac
1728 2590 1850 2644 illic
1881 2589 2044 2645 babi-

367 2683 553 2738 tabat.
583 2682 675 2736 Sic
706 2684 902 2735 autem
939 2679 1236 2751 appellata
1288 2680 1422 2749 fuit,
1454 2696 1521 2734 eo
1553 2680 1706 2749 quod
1737 2678 2041 2749 virginita-

370 2776 492 2827 tem
526 2786 692 2825 suam
722 2770 822 2825 diu
856 2768 1156 2839 illibatam
1209 2768 1563 2835 servaverit;
1619 2768 2040 2823 Constantinus

372 2876 510 2915 vero
542 2859 947 2929 Copronymus
995 2857 1145 2912 hanc
1194 2856 1432 2912 violavit
1482 2856 1801 2928 multisque
1833 2857 2042 2913 ditavit

376 2946 611 3018 opibus.
663 2949 849 3011 Quare
894 2962 1027 3001 cum
1067 2944 1504 3000 celebrarentur
1550 2945 1673 3000 ludi
1708 2946 2035 3018 (circenses,

373 3035 716 3091 acclamavit
765 3035 816 3090 ei
876 3033 1129 3106 populus
1168 3034 1487 3107 :Agatham
1523 3036 1646 3104 jam
1696 3037 1933 3091 vetulam
1979 3046 2039 3092 tu

366 3126 661 3181 rcncvasti.
725 3125 1014 3180 Caeterum
1074 3124 1205 3195 ipsa
1258 3124 1597 3180 clanculum
1654 3125 1749 3196 pie
1797 3130 2037 3183 sanctae

365 3215 656 3285 imagines
686 3213 934 3270 colebat.
982 3212 1272 3270 Absoluta
1305 3217 1503 3269 autem
1536 3215 1890 3286 gerocomio,
1924 3216 2036 3272 im-

370 3304 504 3376 pius
548 3302 647 3359 ille
693 3307 1099 3375 Gopronymus
1149 3303 1210 3357 in
1260 3318 1449 3358 unum
1497 3302 1776 3361 collectas
1828 3320 2035 3362 omnes

376 3398 615 3451 sanctas
646 3392 937 3465 imagines
966 3392 1183 3449 ibidem
1208 3392 1330 3465 igni
1361 3392 1624 3448 tradidit.

371 3591 449 3646 De
477 3590 680 3645 statui:
733 3600 862 3659 quae
908 3588 1162 3660 proxime
1211 3589 1449 3643 Taurum
1494 3596 1683 3644 erectae
1712 3594 2035 3645 cernuntur.

444 3750 628 3820 Prope
652 3748 970 3805 Theodosii
991 3748 1459 3821 Magnistatuam
1491 3748 1552 3803 in
1582 3750 1817 3822 regione
1838 3752 2035 3820 Tauri,

368 3840 428 3895 in
461 3838 725 3895 inferiori
759 3842 923 3909 parte
976 3838 1132 3893 infra
1176 3837 1538 3907 columnam,
1572 3838 1865 3895 collocatas
1897 3845 2038 3896 sunt

371 3930 677 4000 equestres
710 3931 919 3983 status:
950 3925 1183 3982 Arcadii
1215 3942 1282 3981 ac
1318 3926 1632 3982 Theodosii
1664 3926 1766 3981 ﬁlii
1799 3930 1949 3999 ejus,
1981 3932 2039 3984 et

373 4015 640 4072 Adriani.
695 4016 902 4071 Statua
951 4019 1150 4071 autem
1201 4013 1460 4071 colorata
1508 4032 1636 4088 quas
1668 4017 1727 4070 in
1760 4017 2036 4090 Zeuxippi

374 4106 623 4161 thermis
654 4105 767 4160 sita
795 4104 1034 4174 visitur,
1078 4103 1392 4176 Philippici
1422 4109 1511 4160 est
1561 4104 1841 4177 principis
1868 4121 2037 4161 man-

379 4194 729 4250 suetissimi.

766 4286 844 4338 De
876 4282 988 4338 loco
1018 4283 1295 4337 Harmatit
1324 4293 1660 4354 nuncupata.

447 4375 633 4427 Locus
658 4370 760 4442 qui
790 4370 1075 4426 Harmatii
1107 4369 1459 4442 appellatur,
1492 4371 1705 4427 domus
1736 4376 1859 4427 erat
1888 4375 2037 4426 Har-

377 4460 541 4516 matii
582 4459 895 4530 cujusdam
947 4459 1240 4531 magistri,
1290 4463 1555 4532 tempore
1603 4460 1899 4517 Zenonis:
1934 4460 2037 4532 qui

380 4566 513 4606 cum
546 4548 866 4604 exercitum
898 4548 1165 4604 Basilisci
1190 4548 1565 4621 prodidisset,
1588 4552 1758 4620 jussu
1788 4550 2038 4607 Zenonis

374 4638 725 4695 interfectus
756 4642 866 4707 est,
895 4638 954 4693 in
987 4638 1225 4695 cochlea
1247 4654 1365 4711 qua
1395 4639 1736 4694 ascenditur
1760 4641 1831 4694 ad
1861 4640 2039 4695 tribu-
2070 4626 2118 4691 D

379 4728 476 4784 nal
512 4728 915 4800 Hippodromi.

564 4836 641 4891 De
670 4836 869 4891 Sancto
905 4834 1332 4906 Thcopha'none,
1355 4849 1481 4905 quae
1508 4841 1693 4891 exstat
1715 4836 1863 4906 apud

930 4907 1154 4962 Sancto:
1183 4908 1483 4978 Αροειοίοε.

451 4995 771 5052 Ecclesiam
827 4997 885 5051 S.
935 4995 1407 5067 Theophanonis,
1450 5013 1576 5068 qua:
1628 4997 1834 5053 visitur
1880 5002 2042 5055 extra

373 5093 625 5140 veterem
660 5086 1030 5141 monumenti
1052 5086 1440 5153 testudinem,
1459 5087 1725 5144 condidit
1756 5090 2038 5145 Constan-

372 5173 536 5229 tinus
569 5173 1131 5245 Porphyrogenitus,
1164 5174 1321 5229 filius
1355 5175 1564 5231 Leonis
1596 5176 1915 5247 Sapientis.

651 5264 728 5317 De
758 5264 993 5318 ecclesia
1024 5264 1078 5319 S.
1112 5265 1285 5320 Marci
1309 5281 1477 5336 prope
1508 5266 1769 5321 Taurum.

452 5350 768 5406 Ecclesiam
801 5352 861 5407 S.
893 5352 1069 5407 Marci
1118 5369 1297 5425 prope
1344 5354 1606 5409 Taurum
1640 5354 1830 5425 primo
1861 5356 2040 5411 Theo-

382 5437 583 5493 dosius
616 5440 865 5511 Magnus
899 5457 1031 5497 cum
1060 5442 1235 5498 trullo
1267 5443 1461 5515 ligneo
1492 5444 1795 5500 exstruxit.
1831 5445 2041 5502 Postea

377 5531 549 5583 terras
579 5533 739 5582 motu
774 5528 1093 5601 collapsam
1118 5532 1489 5588 reaedificavrt
1511 5532 1813 5589 Romanus
1844 5535 2041 5590 senior

380 5615 727 5687 cognomine
758 5618 1018 5689 Lacapen
1031 5637 1122 5675 us.

2152 1928 2444 2004 Ἀριάδνης
2490 1930 2722 2003 ὁμοίως,
2752 1931 2841 1984 καὶ
2892 1932 3178 2007 ἀνήγειραν
3233 1931 3393 1987 αὐτὸν
3447 1932 3614 2005 μέγαν
3663 1930 3814 2004 ναὸν,

2154 2017 2295 2075 διότι
2326 2020 2650 2096 ἀνεφάνησεν
2685 2019 2846 2074 αὐτὸν
2878 2018 2928 2075 έν
2959 2026 3041 2092 τῷ
3068 2018 3344 2094 ταξειδίῳ.

2386 2125 2516 2199 Περὶ
2546 2132 2645 2195 τῆς
2675 2125 2859 2201 Ἀγίας
2892 2125 3181 2204 Εὐφημίας
3210 2130 3311 2193 τῆς
3342 2126 3572 2203 Πέτρας.

2225 2216 2341 2285 Τὴν
2394 2212 2453 2270 δὲ
2504 2213 2682 2291 Ἀγίαν
2758 2214 3051 2293 Εὐφημίαν
3107 2217 3207 2286 τὴν
3266 2217 3474 2293 Πέτραν
3533 2215 3819 2292 ἀνήγειρεν

2151 2304 2499 2366 Ἀναστάσιος
2530 2304 2559 2358 ὸ
2591 2302 2819 2379 Δίκορος
2850 2306 2940 2359 καὶ
2974 2302 3260 2380 ’Λριάδνη.

2410 2409 2541 2486 Περὶ
2572 2414 2669 2465 τοῦ
2697 2410 3070 2486 γηροκομείου
3099 2410 3167 2466 τὰ
3192 2406 3540 2488 Γηραγάθης.

2222 2502 2305 2557 Τὰ
2363 2498 2420 2555 δὲ
2467 2501 2790 2575 Γηραγάθης
2845 2500 2910 2556 τὸ
2959 2507 3333 2576 γηροκομεῖον
3381 2503 3587 2579 Πέτρου
3616 2508 3822 2576 πατριδ

2149 2589 2273 2644 κίου
2328 2591 2564 2666 θυγάτηρ
2613 2586 2854 2662 τοῦνομα
2888 2589 3314 2665 Ἀγάθη,γραῦς
3365 2590 3673 2665 ὡραιοτάτη
3730 2597 3816 2664 τῷ

2152 2677 2281 2734 εἷ’δει
2339 2676 2568 2757 σφόδρα,
2628 2677 2882 2754 ἀνήγειρε
2934 2682 3139 2734 τοῦτο·
3176 2680 3293 2754 εἶχε
3352 2676 3409 2734 δὲ
3464 2679 3598 2735 αὐτὸ
3636 2680 3812 2737 οἷκον.

2148 2769 2393 2839 Ἐκλήθη
2459 2765 2517 2822 δὶ
2575 2766 2769 2840 οὕτως,
2804 2764 2894 2823 διὰ
2938 2767 3001 2822 τὸ
3054 2765 3343 2846 φυλάσσειν
3395 2770 3493 2838 τὴν
3527 2770 3817 2846 παρθενίαν

2147 2855 2318 2927 αὐτῆς
2372 2858 2603 2932 χρόνους
2661 2855 2760 2911 οὐκ
2807 2855 3057 2932 ὀλίγους.
3085 2858 3147 2915 Ὀ
3200 2863 3608 2921 Κωνσταντῖνος
3638 2860 3665 2915 ὁ
3696 2861 3813 2917 Κοὸ

2147 2948 2444 3021 πρώνυμος
2495 2943 2713 3024 ἔφθειρε
2750 2946 2977 3019 ταύτην,
3031 2943 3158 3009 δοὺς
3215 2946 3353 3021 αὐτῇ
3409 2946 3649 3004 πλοῦτον
3705 2970 3811 3005 πο-

2149 3036 2267 3095 λύν.
2299 3036 2546 3094 Ἱππικοῦ
2605 3035 2662 3091 δὲ
2709 3037 3032 3112 γενομένου,
3082 3030 3295 3113 ἔκραξεν
3354 3038 3382 3091 ὁ
3440 3034 3636 3111 δῆμος·
3688 3041 3811 3113 Ὅτι

2144 3128 2350 3201 Ἀγάθη
2437 3124 2694 3201 έγήρασε,
2744 3125 2808 3181 σὺ
2894 3123 2951 3181 δὶ
3032 3126 3234 3198 ταύτην
3324 3127 3646 3189 ἆνενέωσας.
3705 3130 3811 3184 Ἦν

2146 3214 2205 3270 Si
2234 3213 2289 3270 έν
2319 3219 2399 3288 τῷ
2432 3219 2656 3290 κρυπτῷ
2709 3210 2980 3287 σεϐομένη
3040 3213 3136 3278 τὰς
3196 3214 3349 3291 ἁγίας
3396 3216 3606 3278 εῒκόνας
3650 3217 3812 3293 ὀρθο-

2147 3300 2341 3379 δόξως.
2396 3303 2797 3380 Πληρωθέντος
2856 3300 2915 3359 δὶ
2968 3307 3069 3359 τοῦ
3136 3305 3513 3381 γηροκομείου
3563 3306 3591 3361 ὁ
3652 3307 3811 3379 μισὸο

2148 3412 2373 3469 χριστος
2435 3393 2812 3468 Κοπρώνυμος
2868 3392 3123 3468 ἂθροίσας
3202 3394 3300 3450 τὰς
3378 3395 3532 3472 ἁγίας
3592 3395 3806 3459 είκόνας

2145 3480 2467 3561 κατέφλεξεν
2501 3474 2695 3539 έκεῖσε.

2255 3590 2386 3663 Περὶ
2439 3594 2549 3645 τῶν
2606 3588 2846 3668 στηλῶν,
2878 3594 2995 3668 τῶν.
3048 3587 3287 3662 πλησίον
3347 3596 3444 3647 τοῦ
3490 3592 3701 3668 Ταύρου

2807 3663 3136 3735 ἱσταμένων.

2218 3750 2462 3823 Πλησίον
2524 3748 2582 3805 δέ
2627 3756 2730 3820 τῆς
2780 3749 2993 3822 στήλης
3042 3748 3335 3807 Θεοδοσίου
3382 3758 3479 3808 τοῦ
3528 3754 3811 3831 Μεγάλου,

2146 3837 2436 3915 Ἀρκαδίου
2486 3838 2577 3894 καὶ
2631 3836 2926 3905 Θεοδοσίου
2954 3844 3053 3895 τοῦ
3094 3842 3214 3895 υἱοῦ
3247 3841 3433 3915 αὐτοῦ,
3463 3843 3554 3898 καὶ
3585 3843 3811 3922 Ἀδρια-

2145 3934 2263 4000 νοῦ,
2297 3928 2601 4006 ἀμφότεροι
2633 3924 2862 4007 ἔφιπποι
2906 3926 3153 3985 ἵστανται
3200 3929 3253 3985 ἐν
3296 3938 3414 3995 τοῖς
3459 3937 3556 3987 τοῦ
3599 3936 3812 4012 Ταύρου

2149 4019 2335 4093 μέρεσι
2390 4016 2629 4088 πλησίον
2686 4022 2783 4073 τοῦ
2840 4018 3022 4083 κίονος
3063 4020 3326 4084 κάτωθεν.
3377 4023 3443 4078 Ἦ
3504 4019 3561 4077 δὶ
3618 4022 3669 4078 έν
3728 4030 3812 4097 τῷ

2147 4106 2429 4178 Ζευξίππῳ
2488 4105 2708 4182 λουτρῷ
2783 4106 3047 4182 ἱσταμένη
3122 4107 3301 4180 στήλη
3360 4109 3421 4166 ἐκ
3472 4114 3813 4188 χρωμάτων,

2148 4193 2496 4251 Φιλιππικοῦ
2526 4194 2642 4250 ἐστι
2668 4200 2766 4251 τοῦ
2795 4196 3131 4272 πραοτάτού.

2670 4285 2804 4362 Περὶ
2838 4290 2937 4341 τοῦ
2961 4286 3280 4362 Ἀρματίου.

2215 4374 2290 4429 Τὰ
2348 4370 2406 4429 δὲ
2461 4372 2760 4450 ’Δρματίού
2822 4374 2974 4438 οἶκος
3032 4377 3098 4445 ἦν
3151 4376 3451 4452 Ἀρματίου
3502 4379 3650 4444 τινὸς
3710 4402 3818 4455 μα-

2146 4463 2371 4539 γίστρου
2415 4462 2467 4519 ἐν
2517 4468 2635 4527 τοῖς
2698 4463 2928 4539 χρόνοις
2978 4467 3251 4539 Ζήνωνος,
3284 4465 3379 4522 τοῦ
3440 4466 3813 4543 προδόσαντος

2147 4553 2238 4608 τὸν
2294 4552 2519 4628 στρατὸν
2573 4552 2664 4607 τὸν
2729 4553 2832 4609 ὑπὸ
2898 4552 3254 4627 Βασιλίσκου,
3312 4556 3696 4633 ἀναιρεθέντος
3754 4557 3816 4616 ἐκ

2150 4648 2471 4717 προτροπῆς
2504 4643 2758 4713 Ζήνωνος
2790 4641 2866 4704 είς
2906 4643 3001 4698 τὸν
3055 4642 3305 4719 Κοχλίαν
3362 4646 3452 4700 τὸν
3513 4644 3815 4723 έρχόμενον

2151 4730 2202 4786 έν
2234 4736 2315 4804 τῷ
2346 4729 2641 4805 καθίσματι
2669 4734 2768 4786 τοῦ
2798 4729 3217 4807 Ἱπποδρομίου.

2151 4830 2283 4914 Περὶ
2315 4842 2415 4904 τῆς
2445 4838 2628 4913 Ἀγίας
2660 4840 2939 4935 Θεοφανὼ,
2970 4847 3070 4908 τῆς
3113 4837 3281 4912 οὔσης
3322 4840 3402 4904 είς
3445 4842 3573 4906 τοὺς
3601 4844 3813 4920 Ἃγίους

2793 4912 3175 4969 Αποστόλους.

2841 4932 3175 4973 ποστοΑους.

2221 4999 2335 5067 Τὴν
2369 4995 2427 5053 δὶ
2460 5000 2638 5075 Ἀγίαν
2690 5003 2972 5079 Θεοφανώ,
3003 5002 3103 5071 τὴν
3160 4996 3357 5074 ἔξωθεν
3415 5011 3515 5074 τῆς
3575 5003 3816 5069 παλαιᾶς

2150 5089 2362 5162 κόγχης
2444 5092 2541 5144 τοῦ
2622 5089 3019 5163 μνημοθὲσίου,
3078 5090 3337 5167 ἀνήγειρε
3421 5094 3825 5159 Κωνστάντῖνος

2151 5176 2688 5253 Πορφορογέννγβος,
2723 5180 2751 5233 ὁ
2783 5179 2899 5241 υἱὸς
2928 5179 3168 5243 Λὲοντος
3200 5184 3297 5236 τοῦ
3337 5187 3543 5250 Σοφοῦ.

2353 5266 2489 5343 Περὶ
2520 5268 2619 5321 τοῦ
2650 5266 2833 5343 ’Δγίου
2863 5269 3092 5344 Μάρκου
3131 5274 3229 5326 τοῦ
3271 5269 3347 5333 εἰς
3379 5274 3608 5346 Ταῦρον.

2219 5357 2279 5411 '0
2333 5357 2531 5429 ’Ἄγιος
2584 5355 2827 5433 Μάρκος,
2887 5358 2916 5413 ὁ
2974 5356 3215 5429 πλησίον
3283 5364 3381 5415 τοῦ
3430 5361 3671 5437 Ταύρου,
3728 5362 3823 5420 ἐκ·

2148 5442 2351 5515 κλησία
2428 5445 2493 5514 ἦν
2587 5444 2803 5521 μεγάλη
2891 5444 3324 5523 ξυλότροολλος,
3382 5452 3661 5508 κτισθεῖσα
3720 5453 3824 5510 ὑπὸ

2149 5531 2442 5588 Θεοδοσίου
2514 5539 2609 5589 τοῦ
2678 5534 2957 5610 Μεγάλου.
3021 5537 3148 5592 Εἶτα
3226 5538 3331 5593 ὑπὸ
3396 5546 3624 5614 σεισμοῦ
3695 5565 3824 5599 κατ-

2149 5625 2463 5698 ενεχθεῖσαν
2540 5624 2822 5701 ἀνήγειρεν
2900 5625 3068 5697 eam
3140 5628 3417 5701 Ῥωμανὸς
3474 5630 3502 5685 ὁ
3552 5632 3727 5707 γέρων
3791 5636 3822 5690 ὁ

2148 5712 2474 5785 Λακαπηνός
2485 5756 2498 5773 .
