4124 6382
435 368 593 428 1247

504 678 761 735 Ecclesia
792 677 1180 734 S.Anastasiae
1213 676 1728 750 Pharmacolytriae
1750 676 1985 733 condita
2004 680 2094 732 est

436 768 508 824 ab
539 767 850 824 Anastasio
882 767 1089 823 Dicoro
1121 782 1188 822 eo
1221 767 1278 821 in
1311 765 1460 837 loco,
1494 765 1595 821 ubi
1643 770 1815 822 antea
1861 765 2090 838 patricii

434 857 741 927 cujusdam
775 857 1112 912 Pharmacaa
1147 855 1472 927 nuncupati
1503 855 1717 911 domus
1748 856 2036 911 exstabat.

718 965 793 1020 De
825 965 937 1020 loco
967 964 1354 1035 cognominata
1383 963 1805 1018 Leomacellum.

509 1057 694 1110 Locus
722 1057 965 1108 vocatus
1012 1051 1444 1108 Leomacellum
1497 1051 1632 1107 inde
1681 1066 1892 1107 nomen
1927 1067 2093 1107 acce-

437 1142 544 1216 pit,
580 1143 737 1214 quod
773 1141 850 1196 ibi
883 1141 1026 1198 olim
1080 1141 1193 1197 Leo
1226 1157 1476 1212 magnus
1529 1141 1849 1213 imperator
1893 1156 2096 1196 carnes

436 1231 786 1287 vendiderit.
820 1231 972 1286 Uxor
1001 1229 1174 1285 etiam
1208 1229 1336 1301 ejus
1367 1229 1616 1284 chordas
1645 1230 1977 1301 torquebat.

621 1411 694 1466 De
721 1410 953 1466 ecclesia
980 1410 1234 1480 Deipars
1265 1407 1547 1464 Curatori:
1575 1411 1913 1480 nuncupata.

518 1499 783 1555 Ecclesia
810 1498 1070 1570 Deiparaa
1101 1498 1400 1553 Curatoris
1423 1496 1771 1570 cognomine
1800 1500 2098 1553 exstructa

446 1589 558 1645 fuit
595 1588 704 1644 sub
734 1587 950 1643 Verina
976 1587 1185 1644 Leonis
1230 1586 1460 1643 Macelae
1504 1603 1729 1653 uxore;
1759 1591 1817 1642 et
1865 1591 2100 1642 curator

443 1676 681 1749 quidam
714 1676 1006 1746 ejusdem,
1040 1679 1351 1731 structurae
1384 1675 1635 1747 prefuit,
1661 1691 1776 1746 quo
1807 1675 1880 1730 ad
1915 1675 2101 1731 instar

442 1764 700 1838 sepulcri
730 1764 966 1820 Domini
999 1766 1186 1820 ﬁeret.

989 1859 1069 1910 De
1099 1853 1556 1909 Christocamera.

514 1944 598 2000 Ad
622 1943 1151 2000 Christocameram
1180 1943 1391 1999 domus
1421 1947 1546 1998 erat
1595 1941 1850 1999 Moselis.
1882 1942 2105 1999 Pariter

444 2037 504 2090 et
531 2033 748 2089 Christi
777 2031 974 2104 imago
1006 2031 1266 2104 proxime
1299 2035 1355 2087 Β.
1387 2031 1665 2088 Acacium
1693 2032 1926 2104 depicta
1955 2036 2101 2104 erat,

445 2125 503 2178 et
533 2122 666 2177 ideo
697 2120 784 2176 sic
815 2128 1216 2191 nuncupatur.

779 2229 852 2284 De
881 2236 1085 2284 sancta
1114 2228 1272 2282 Anna
1303 2227 1456 2284 dicta.
1487 2229 1770 2284 Deuteron.

517 2319 580 2374 ln
630 2319 755 2374 loco
816 2315 1228 2388 cognominato
1277 2320 1522 2372 Deuteru
1587 2317 1912 2372 Justiniani
1962 2317 2102 2372 Rhi-

448 2409 692 2464 notmeti
725 2411 922 2462 statua
953 2411 1100 2472 erat,
1152 2423 1329 2478 quam
1383 2410 1584 2478 postea
1627 2406 1848 2462 Bardas
1892 2407 2102 2476 Caesar,

446 2495 750 2551 Michaelis
779 2493 1111 2550 avunculus
1134 2494 1343 2566 dejecit
1368 2493 2107 2566 confregitque,Nuncupa-

449 2588 543 2639 tus
574 2587 769 2639 autem
801 2588 889 2638 est
914 2582 1078 2639 locus
1109 2583 1399 2638 Deuteron
1434 2583 1614 2653 hujus
1646 2583 1724 2638 rei
1756 2583 1965 2655 gratia.
1997 2583 2106 2638 Ju-

449 2672 744 2727 stinianus
774 2671 1188 2726 Rhinotmetus
1218 2688 1251 2725 a
1285 2671 1518 2726 Leontio
1559 2671 1806 2742 patricio
1838 2671 1894 2726 in
1927 2670 2104 2727 Cher-

450 2777 652 2816 sonem
686 2759 979 2832 relegatus
1022 2760 1152 2826 fuit,
1205 2760 1304 2814 ubi
1357 2777 1490 2815 cum
1540 2760 1740 2815 decem
1789 2760 2108 2816 mansisset

455 2865 662 2919 annos,
695 2849 1210 2921 prol'ugittandem
1263 2849 1333 2904 ad
1381 2847 1668 2904 Terbelim
1722 2849 2105 2920 Bulgarorum

452 2939 909 3013 principem,qui
945 2938 1125 2993 ﬁliam
1158 2954 1327 2994 suam
1349 2939 1715 2993 Theodoram
1750 2939 1860 3009 ipsi
1894 2939 1950 2993 in
1973 2955 2107 2995 uxo-

454 3048 575 3087 rem
622 3031 803 3100 dedit,
851 3035 909 3085 et
959 3031 1199 3101 insuper
1248 3029 1582 3102 quindecim
1633 3029 1819 3085 millia
1850 3030 2105 3086 militum

453 3119 946 3185 subministravit,
979 3136 1111 3174 cum
1143 3119 1358 3191 quibus
1399 3119 1968 3192 Constantinopolim
2003 3136 2105 3192 pe-

447 3211 580 3278 tiit;
615 3208 715 3264 sed
749 3224 881 3263 cum
915 3207 1068 3263 cives
1098 3225 1231 3264 eum
1267 3209 1521 3280 recipere
1554 3207 1796 3277 nollent,
1825 3208 2107 3264 simulata

2234 3214 2370 3291 (θεὶς
2430 3212 2578 3286 παρᾶ
2631 3215 2740 3266 τῶν
2799 3209 2944 3272 ἐντὸς
3005 3207 3306 3263 οἷκούντων
3339 3251 3355 3277 ,

452 3300 612 3372 fuga,
646 3299 715 3353 ad
766 3304 991 3369 portam
1043 3315 1171 3369 quas
1225 3298 1481 3368 Antiqua
1527 3298 1744 3353 dicitur
1772 3315 1834 3354 se
1865 3299 2105 3370 recepit,

451 3405 518 3444 ac
547 3387 684 3443 inde
716 3405 816 3460 per
845 3388 1257 3459 aquaeductum
1295 3388 1497 3442 urbem
1523 3386 1701 3442 subiit
1725 3389 1893 3458 juxta
1916 3387 2105 3442 basim

457 3475 764 3545 columnae,
799 3493 926 3547 quzc
973 3480 1063 3530 est
1089 3475 1244 3530 intra
1283 3477 1522 3544 urbem;
1552 3493 1619 3531 ac
1669 3476 1914 3547 imperio
1955 3476 2109 3548 poti-

457 3572 556 3620 tur
588 3585 601 3632 ;
635 3569 693 3618 et
721 3564 806 3619 sic
838 3565 1000 3619 locus
1031 3563 1126 3618 ille
1177 3565 1626 3635 cognominatus
1655 3563 1765 3619 fuit
1796 3563 2109 3620 Deuteron.

457 3655 653 3724 quue
683 3657 945 3724 tempore
977 3651 1267 3724 templum
1297 3653 1523 3708 Sancta;
1568 3659 1749 3708 Annae
1782 3653 2111 3722 aediﬁcavit,

458 3742 739 3814 quoniam
774 3740 937 3796 uxori
973 3741 1162 3813 ipsius
1193 3740 1441 3811 gravida:
1465 3747 1668 3798 sancta
1699 3741 1796 3797 illa
1817 3742 2112 3815 apparuit.

458 3831 740 3887 Caeterum
777 3830 1090 3884 matorium
1124 3846 1190 3885 ac
1218 3847 1430 3902 corpus
1454 3830 1718 3901 ejusdem
1752 3837 1967 3887 sanctas
1989 3832 2115 3904 ipso

461 3920 787 3992 imperante
814 3919 873 3974 in
906 3919 1111 3974 urbem
1146 3917 1339 3974 delata
1364 3924 1530 3977 sunt.

1011 4010 1081 4063 De
1111 4007 1570 4080 Chrysobalanlo.

534 4097 1069 4170 Chrysobalantum
1101 4097 1316 4152 domus
1347 4101 1473 4153 erat
1519 4097 1741 4153 Nicolai
1798 4099 2023 4170 patricii
2056 4114 2122 4153 ac

463 4186 836 4242 orientalium
886 4185 1223 4253 domestici,
1272 4203 1446 4256 quam
1485 4186 1582 4242 ille
1632 4188 1690 4242 in
1741 4188 1858 4244 duo
1900 4189 2124 4258 templa

465 4275 734 4340 mutavit,
767 4275 825 4330 S.
876 4273 1211 4345 archangeli
1265 4273 1564 4330 Michaelis
1615 4282 1674 4332 et
1722 4275 2125 4332 Panteleemo-

466 4366 582 4420 nis.
614 4365 760 4420 Nam
817 4365 944 4435 ipso
975 4365 1035 4418 in
1087 4363 1296 4419 castris
1347 4369 1769 4432 commorante,
1821 4381 1966 4420 uxor
1994 4367 2125 4435 ejus

468 4455 543 4509 ab
611 4451 726 4508 alio
795 4453 1055 4525 quodam
1126 4453 1592 4508 adulterabatur.
1681 4456 1807 4521 Qua
1888 4455 1960 4509 de
2042 4471 2125 4522 re,

1395 365 1794 428 APPENDIX
1835 365 1939 425 AD
1987 364 2452 427 MICHAELEM
2495 365 2892 430 PSELLUM.

685 501 760 555 De
785 501 975 555 sancta
1005 499 1297 555 Anastasio
1326 497 1834 571 Pharmacolytria.
2115 499 2171 566 Α

3711 367 3738 426 1
3752 365 3864 427 248

2290 495 2419 570 Περὶ
2476 503 2576 568 τῆς
2627 495 2815 573 Ἀγίας
2862 495 3215 614 Ἀνασῖασίας
3247 503 3348 567 τῆς
3400 493 3782 572 Φαρμακολυ-

2953 589 3131 644 τρ.ας.

2953 591 3131 632 τριας.

2275 675 2391 746 Τῆν
2452 673 2510 730 δὶ
2562 674 2742 752 Ἀγίαν
2803 676 3152 735 Ἀναστασίαν
3207 677 3308 745 τήν
3368 671 3864 751 Φαρμακολυτρίαν

2201 757 2406 819 ἔκτισεν
2435 765 2782 828 Ἀναστάσιος
2814 767 2842 821 6
2874 765 3122 838 Δίκορος·
3175 765 3441 842 πρότερον
3495 762 3556 819 δὲ
3608 762 3756 827 οἶκος
3801 765 3862 833 ἦν

2199 873 2347 916 τινος
2376 853 2666 929 πατρικίου
2698 859 2971 930 Φαρμακᾶ
3002 853 3324 931 λεγομένου.

2668 961 2799 1038 Περὶ
2845 966 2942 1018 τοῦ
2981 959 3415 1034 Λεωμακέλλου.

2274 1051 2344 1106 Τὸ
2378 1048 2436 1106 δὲ
2467 1049 2868 1125 Λεωμάκελλον
2898 1048 3146 1106 καλεῖται
3178 1049 3237 1106 έκ
3291 1053 3391 1105 τοῦ
3445 1046 3662 1104 πωλεῖν
3709 1047 3868 1106 έκεῖσε

2203 1140 2294 1195 τὸν
2338 1141 2514 1215 Μέγαν
2552 1141 2760 1196 Λέοντα
2810 1140 2905 1195 τὸν
2952 1137 3179 1215 βασιλέα
3223 1139 3445 1214 κρέατα·
3508 1139 3602 1193 καὶ
3653 1140 3690 1208 ἡ
3745 1137 3868 1192 τού-

2202 1249 2302 1284 του
2332 1230 2472 1305 γυνὴ
2502 1228 2696 1285 ἔπλεκε
2722 1229 2818 1294 τὰς
2848 1226 3078 1305 χορδάς.
3115 1229 3209 1283 Ἐκ
3237 1228 3438 1283 τούτου
3474 1225 3570 1282 οὖν
3599 1224 3808 1298 ἐκλήθη
3840 1228 3864 1282 6

2205 1318 2376 1382 τόπος
2408 1317 2608 1382 οὕτως.
2857 1336 2868 1346 ·

2706 1408 2836 1483 Περὶ
2884 1407 2952 1464 τὰ
2995 1407 3360 1483 Κουράτορος.

2276 1499 2353 1553 Τὰ
2395 1494 2735 1574 Κυυραὶτορος
2786 1496 3103 1567 ἐκτίσθησαν
3164 1494 3218 1551 έν
3271 1501 3388 1557 τοῖς
3445 1494 3680 1571 χρόνοις
3713 1494 3867 1571 Βηρίο

2206 1612 2323 1661 νης,
2352 1597 2452 1659 τῆς
2482 1590 2736 1666 γυναικὸς
2779 1593 2876 1644 τοῦ
2933 1585 3365 1660 Λεωμακέλλουο
3433 1586 3528 1640 καὶ
3581 1586 3610 1639 6
3666 1583 3866 1658 Κουρά-

2205 1699 2320 1754 τωρ
2350 1679 2519 1749 αὐτῆς
2548 1679 2873 1752 παρίσταται
2916 1676 2992 1740 εἷς
3047 1678 3110 1732 τὸ
3143 1677 3409 1751 ὁμοίωμα
3438 1679 3541 1730 τοῦ
3576 1674 3752 1752 τάφου
3777 1677 3865 1730 τοῦ

2209 1769 2431 1844 Κυρίου.

2658 1857 2787 1933 Περὶ
2815 1861 2913 1914 τοῦ
2945 1853 3421 1932 Χριστοκαμάρου.

2283 1947 2380 2010 Εἷς
2413 1944 2471 2002 δὲ
2500 1947 2561 2002 τὸ
2593 1945 3042 2022 Χριστοκάμαρον
3072 1946 3142 2015 ἦν
3167 1947 3196 2000 6
3246 1943 3398 2007 οίκος
3448 1947 3551 2000 τοῦ
3605 1939 3864 2012 Μωσηλέ.

2210 2039 2310 2093 Ἦν
2342 2037 2428 2092 καὶ
2485 2037 2513 2091 6
2558 2037 2791 2111 Χριστὸς
2838 2032 3218 2111 ἱστορισμένος
3264 2030 3514 2104 πλησίον
3562 2034 3662 2088 τοῦ
3690 2029 3865 2106 Ἀγίου

2213 2125 2491 2195 Ἀκακίου,
2519 2125 2609 2180 καὶ
2640 2121 2730 2180 διὰ
2757 2128 2919 2180 τοῦτο
2951 2121 3124 2185 οὕτως
3160 2120 3396 2193 ἐκλήθη.

2477 2232 2609 2308 Περὶ
2639 2239 2741 2301 τῆς
2771 2230 2956 2306 Ἀγίας
2990 2235 3192 2301 ’Ἀννης
3220 2231 3283 2284 τὸ
3329 2228 3620 2302 Δεύτερον.

2284 2326 2407 2381 ’Ότι
2437 2322 2512 2385 είς
2543 2323 2606 2377 τὸ
2659 2321 2954 2396 λεγόμενον
2987 2319 3243 2395 Δεύτερον
3292 2317 3345 2373 έν
3381 2319 3467 2390 τῷ
3517 2317 3661 2373 κίονι
3704 2313 3866 2385 στήλη

2208 2413 2399 2470 ’ίστατο
2448 2413 2833 2468 Ίουστινιανοῦ
2888 2407 2986 2464 τού
3029 2408 3436 2481 Ῥινοτμήτουο
3495 2408 3598 2476 τὴν
3647 2403 3705 2460 δὶ
3756 2405 3871 2472 στή-

2214 2501 2318 2573 λην
2375 2501 2645 2574 κατήγαγε
2711 2495 2924 2572 Βάρδας
2982 2499 3010 2552 6
3070 2501 3296 2572 Καῖσαρ,
3355 2496 3385 2550 6
3445 2501 3593 2560 θεῖος
3620 2489 3862 2570 Μιχαὴλ,

2212 2592 2303 2646 καὶ
2358 2590 2666 2662 συνέτριψεν
2725 2587 2916 2658 αὐτήν.
2977 2587 3223 2656 Ἐκλήθη
3285 2582 3344 2640 δὶ
3392 2585 3678 2656 Δεύτερον,
3737 2579 3864 2636 διότι

2215 2678 2490 2754 έξόριστος
2531 2677 2749 2752 γέγονεν
2782 2677 2810 2730 6
2839 2675 3004 2738 αὐτὸς
3051 2673 3435 2736 ’[ουστινιανὸς
3499 2673 3577 2736 εἷς
3625 2674 3865 2747 Χερσῶνι

2213 2769 2362 2844 παρᾶ
2417 2766 2677 2822 Λεοντίου
2726 2764 3035 2842 πατρικίου·
3099 2765 3334 2834 ποιήσαν
3365 2760 3429 2818 δὲ
3486 2762 3600 2818 ἐκεῖ
3645 2761 3867 2837 χρόνους

2216 2855 2364 2927 δέκα,
2417 2856 2508 2912 καὶ
2567 2857 2710 2932 φυγῇ
2752 2854 3127 2930 χρησάμενος,
3183 2851 3435 2918 ἀπῆλθεν
3495 2851 3571 2914 εἷς
3630 2851 3716 2906 τὸν
3747 2847 3862 2922 Tip-

2215 2943 2369 3003 ὄελιν
2409 2949 2516 3000 τῶν
2571 2943 2905 3018 Βουλγάρων
2957 2942 3232 3017 ἀρχηγὸν,
3290 2942 3380 2996 καὶ
3445 2941 3618 3016 ἤγαγέ
3667 2960 3724 2995 τε
3776 2937 3864 3004 τὴν

2213 3036 2378 3092 αύτοῦ
2436 3035 2701 3110 θυγατέρα
2759 3031 2989 3105 ὀνόματι
3046 3027 3354 3102 Θεοδώραν,
3417 3029 3511 3085 καὶ
3565 3026 3689 3088 δοὺς
3732 3025 3861 3094 αύτῷ

2213 3122 2475 3202 χιλιάδας
2535 3124 2594 3177 ιε’
2644 3121 2803 3190 λαὸν,
2834 3120 2925 3176 καὶ
2959 3118 3133 3183 nec»
3162 3117 3214 3173 έν
3266 3121 3336 3192 τῇ
3363 3116 3534 3173 πόλει
3563 3116 3652 3172 καὶ
3689 3116 3761 3189 μὴ
3791 3111 3859 3202 6c-

3424 3209 3748 3280 ὑπέστρεψεν
3799 3200 3866 3261 είς

2215 3305 2315 3373 τήν
2373 3299 2610 3358 παλαιὰν
2660 3300 2890 3375 πόρταν,
2937 3298 3028 3353 καὶ
3079 3296 3338 3360 εἰσελθὼν
3393 3296 3650 3352 ἆπεκεῖσε
3683 3293 3756 3356 εἷς
3782 3291 3860 3345 τὸν

2217 3392 2432 3469 ἀγωγὸν
2496 3389 2716 3460 ἐξῆλθεν
2767 3387 2844 3452 εἷς
2880 3388 2943 3442 τὸ
2994 3385 3248 3460 θεμέλιον
3304 3389 3401 3440 τοῦ
3460 3385 3644 3445 κίονος
3687 3378 3863 3469 ἔσωθεν

2216 3463 2318 3548 vii:
2351 3463 2616 3546 ⁷πόλεως,
2673 3477 2762 3533 καὶ
2820 3474 3084 3550 έκράτησο
3143 3475 3242 3543 τήν
3298 3473 3608 3550 βασιλείαν,
3651 3470 3738 3527 καὶ
3779 3463 3864 3522 οὗ·

2221 3592 2329 3635 τως
2357 3567 2564 3639 ἐκλήθη
2593 3568 2621 3622 ὁ
2677 3565 2843 3628 τόπος
2873 3564 2936 3620 τὸ
2969 3563 3245 3640 Δεύτερονο
3296 3563 3386 3618 καὶ
3438 3562 3564 3618 τότε
3607 3561 3697 3615 τὸν
3754 3555 3862 3610 ναὸν

2222 3663 2322 3726 τῆς
2354 3658 2507 3735 ἁγίας
2555 3656 2834 3732 ἀνήγειρεν
2877 3656 3103 3724 Ἀννης,
3155 3655 3237 3707 δτι
3290 3647 3489 3727 ἔγκυος
3533 3651 3599 3720 ἦν
3654 3650 3688 3717 ἡ
3743 3643 3865 3720 γυνὴ

2224 3746 2412 3817 αύτοῦ,
2461 3746 2552 3802 καὶ
2606 3745 2865 3815 ὠπτάνθη
2916 3744 3056 3817 αὐτῇ
3087 3746 3122 3812 ἠ
3175 3742 3322 3817 ἁγία⁹
3380 3741 3534 3798 ἀλλὰ
3571 3735 3746 3795 καὶτὸ
3773 3739 3871 3788 Μα-

2227 3839 2416 3917 φόριον
2443 3835 2534 3892 καὶ
2573 3835 2635 3890 τὸ
2667 3837 2828 3908 σῶμα
2858 3833 3028 3902 αὐτῆς
3060 3831 3143 3887 έπ⁹
3179 3830 3344 3886 αὐτοῦ
3397 3828 3652 3896 εἰσῆλθεν
3685 3823 3756 3885 εἷς
3784 3820 3868 3887 τήν

2227 3927 2417 3985 πόλιν.

2657 4013 2784 4086 Περὶ
2835 4014 2932 4067 τοῦ
2981 4004 3464 4085 Χρυσοϐαλάντου.

2300 4103 2380 4160 Τὸ
2411 4100 2468 4157 δὲ
2496 4085 2953 4178 Χρυσοϐἄλαντον
3009 4097 3162 4160 οἶκος
3219 4098 3285 4166 ἦν
3318 4095 3606 4154 Νικολάου
3638 4085 3873 4178 δομεστί-

2232 4211 2332 4245 κου
2360 4195 2463 4258 τῆς
2493 4185 2796 4256 ’Δνατολῆς
2845 4187 2936 4240 καὶ
2989 4183 3303 4259 πατρικίου,
3362 4185 3421 4238 ’ὸν
3474 4184 3754 4256 ἀνήγειρεν
3808 4170 3872 4229 εἷς

2235 4275 2395 4339 ναοὺς
2455 4273 2595 4348 δύο,
2655 4279 2753 4330 τοῦ
2818 4274 3299 4350 ’Δρχιστρατήγου
3376 4271 3467 4327 καὶ
3540 4273 3638 4326 τοῦ
3705 4259 3872 4350 Ἀγίου

2236 4347 2689 4438 Παντελεήμονος
2722 4407 2736 4421 .
2807 4347 3176 4436 Χρονίσαντος
3214 4347 3305 4416 γδὶ
3377 4360 3429 4416 ἐν
3483 4364 3564 4431 τῷ
3622 4347 3874 4438 ταξειδίφν

2234 4435 2540 4528 ’ἐμοιχεύθη
2591 4455 2626 4522 ἠ
2684 4453 2819 4526 γυνή
2860 4435 3072 4518 αὐτοῦ,
3108 4451 3196 4504 καὶ
3234 4448 3495 4513 εἰσελθὼν
3533 4446 3584 4503 έν
3616 4448 3682 4518 τῇ
3713 4435 3878 4528 πόλξιν

470 4559 604 4597 cum
657 4542 714 4596 in
769 4542 971 4598 urbem
1026 4542 1322 4610 rediisset,
1388 4543 1603 4597 certior
1668 4544 1856 4598 factus
1923 4542 2111 4598 ambo:

2239 4542 2328 4598 καὶ
2363 4543 2546 4614 μαθὼν
2596 4545 2758 4596 τοῦτο
2789 4538 3060 4595 έκοίτασεν
3115 4538 3480 4616 ἀμφοτέρους,
3513 4535 3602 4590 καὶ
3655 4520 3878 4621 μεληδὸζ

466 4631 526 4686 in
561 4629 712 4687 lecto
739 4629 1060 4686 collocatos
1093 4602 1454 4686 articulatim
1499 4631 1706 4686 secuit.
1738 4631 1996 4687 Tandem
2043 4648 2111 4688 re

2244 4631 2438 4694 αὐτοὺς
2465 4632 2783 4704 κατέκοψεν.
2837 4631 3112 4703 ’Έσχατον
3147 4602 3310 4688 δὲέίς
3355 4623 3564 4682 ἔννοιαν
3593 4617 3761 4683 ἐλθὼν
3798 4610 3882 4704 τξῖ)

473 4720 811 4776 cordatione
844 4725 900 4774 et
933 4725 1092 4774 metu
1126 4718 1740 4788 extremijudicii,duo
1766 4719 1885 4773 haec
1917 4721 2136 4791 templa

471 4809 780 4865 exstruxit.
816 4809 959 4864 Cum
993 4826 1150 4874 vero,
1186 4807 1459 4864 absoluta
1501 4810 1626 4878 jam
1670 4809 1786 4864 fere
1816 4813 2133 4878 structura,

469 4899 542 4954 ob
593 4898 853 4970 pecuniae
901 4914 1202 4953 summam
1253 4901 1590 4968 angeretur,
1647 4898 1924 4970 apparuit
1974 4897 2026 4952 ei
2076 4898 2134 4953 in

473 5004 687 5045 somno
719 4987 965 5060 angelus
1003 4987 1232 5042 Domini
1267 4986 1470 5041 dicens
1503 5002 1518 5041 :
1552 4985 1659 5041 Abi
1695 4987 1748 5042 in
1791 4986 1985 5042 locum
2035 4987 2136 5059 qui

474 5082 565 5134 est
597 5076 904 5149 proximus
933 5075 1177 5147 Asparis
1205 5075 1496 5140 cisterna,
1528 5080 1586 5130 et
1616 5075 1876 5132 invenies
1907 5093 2136 5132 crume-

478 5181 615 5220 nam
649 5169 885 5220 centum
920 5164 1049 5218 auri
1091 5162 1272 5218 libras
1320 5162 1744 5219 continentem.
1793 5163 1956 5227 Quod
2000 5181 2135 5220 cum

478 5252 820 5320 invenisset,
856 5252 1049 5308 locum
1083 5251 1248 5307 illum
1272 5253 1357 5307 sic
1389 5253 1770 5324 nuncupavit.

893 5343 1288 5397 Monasterium
1312 5342 1724 5397 Festinationis.

553 5431 999 5498 Monasterium,
1035 5433 1191 5501 quod
1217 5430 1667 5502 cognominatur
1699 5432 2132 5501 Festinationis,

482 5520 797 5575 aediﬁcavit
825 5521 1066 5576 domina
1097 5522 1260 5575 Anna
1300 5521 1507 5575 Leonis
1557 5521 1742 5575 Isauri
1794 5538 1956 5576 uxor.
1988 5522 2133 5578 Cum

482 5607 637 5664 enim
669 5614 1053 5665 reverteretur
1075 5626 1143 5665 ex
1173 5609 1516 5665 Blachernis
1545 5609 1867 5679 gravida,et
1899 5612 2136 5682 parien-

483 5699 539 5753 di
587 5698 838 5753 instaret
880 5701 1139 5768 tempus,
1195 5698 1464 5768 ingressa
1520 5698 1763 5754 domum
1819 5701 2134 5773 cujusdam

2246 4715 2480 4797 φοϐεροῦ
2529 4693 2836 4794 κριτηρίου,
2888 4693 3135 4792 ἀνήγειρε
3182 4714 3308 4777 τοὺς
3350 4714 3536 4774 ναούς.
3579 4705 3776 4767 Ἐλθὼν
3831 4693 3881 4797 ξέ

2245 4786 2321 4874 εἷς
2351 4786 2414 4865 “t6
2443 4786 2605 4871 τέλος
2631 4812 2730 4864 τοῦ
2776 4808 3079 4880 κτίσματος
3107 4805 3197 4861 καὶ
3245 4802 3540 4878 ἀδημονῶν
3592 4797 3680 4854 διὰ
3727 4786 3880 4848 ποσόο

2243 4920 2383 4970 τητα
2413 4897 2666 4975 χρυσίου,
2730 4897 2884 4973 ὤφθη
2939 4895 3090 4966 αύτῷ
3140 4894 3258 4948 κατ’
3310 4888 3440 4968 ὄναρ
3490 4885 3721 4975 ἄγγελος
3784 4881 3880 4975 Ῐξυ·

2249 4987 2392 5065 ρίου,
2422 4985 2512 5042 καί
2543 4988 2684 5042 εἶπεν
2715 4985 2887 5056 αὐτῷ’
2920 4981 3156 5040 Ἅπελθε
3195 4982 3274 5044 εἷς
3303 4985 3396 5036 τὸν
3444 4978 3612 5034 τόπον
3664 4963 3881 5065 πλησίον

2245 5057 2344 5143 τῆς
2404 5079 2680 5152 Ἀσπαρος
2753 5073 3071 5148 κινστέρνης
3117 5071 3207 5126 γαὶ
3276 5069 3522 5144 εὐρήσεις
3578 5057 3880 5154 βαλλάντιον

2248 5163 2380 5242 ἕχον
2409 5150 2640 5241 χρυσίου
2700 5162 2888 5238 λίτρας
2953 5164 3017 5238 ρ’.
3051 5161 3156 5218 Καὶ
3205 5159 3376 5235 εύρὼν
3411 5156 3541 5213 αὐτὸ
3585 5150 3757 5208 έκάλει
3805 5150 3883 5194 τον

2243 5257 2412 5312 τόπον
2445 5253 2642 5316 οὕτως.

2707 5343 2768 5398 Ἦ
2811 5341 2948 5414 μονή
2997 5343 3103 5394 τῶν
3156 5335 3434 5408 Σπουδῆς.

2315 5433 2392 5487 Τὰ
2422 5431 2691 5507 λεγόμενα
2753 5427 3005 5498 Σπουδῆς
3056 5431 3090 5498 ἠ
3130 5429 3290 5501 μονὴ,
3361 5421 3586 5490 ’Ἄνναή
3645 5413 3877 5507 δέσποινα

2245 5522 2448 5593 ταύτην
2502 5505 2817 5597 ἆνήγειρεν,
2865 5522 2900 5588 ἡ
2950 5519 3085 5595 γυνὴ
3144 5515 3372 5580 Λέοντος
3399 5517 3494 5570 τοῦ
3543 5505 3875 5597 Συρογενοῡς

2247 5589 2638 5690 στρειρομένηη
2666 5589 2772 5664 ἀπὸ
2802 5589 2810 5594 ⁷
2841 5589 3174 5682 Βλαγερνῶν
3243 5605 3376 5660 οὖσα
3437 5602 3648 5692 ἔγκυος.
3671 5589 3742 5652 εἷς
3766 5589 3871 5692 ττῗΪ

2256 5666 2266 5668 -
2296 5666 2322 5688 κ,
2453 5666 2462 5684 ,
2576 5666 2586 5680 ,
2965 5666 3004 5682 Α,
3034 5666 3043 5682 ,
3475 5666 3486 5676 ,

2244 5666 2433 5776 καιρόν
2479 5704 2576 5755 τοῦ
2627 5703 2801 5756 τεκεῖν
2855 5695 3044 5768 αὐτὴν,
3101 5695 3191 5750 καὶ
3245 5693 3558 5750 εἷ’σελθοῦσα
3607 5681 3679 5742 εἷς
3740 5666 3868 5729 οἶκόν
