4124 6388
335 435 494 498 1249

1465 431 1834 496 ΑΝΟΝΥΜΙ
1877 431 2463 504 ANTIQUITATES
2505 435 2626 497 CP.

3601 448 3625 504 1
3641 445 3764 505 250

332 585 481 627 τινος
555 562 1052 640 πρωτοσπαθαρίου
1129 557 1328 620 ἔτεκεν.
1389 562 1648 635 Ἑποίητε
1714 560 1772 618 δὶ
1825 561 2040 630 αὖτὸνλ

2142 563 2567 637 ιιιοιοεροῐὴιιιιὶἱ
2586 566 2968 638 peperit;dom
2979 585 3239 642 numque
3256 571 3316 626 in
3335 576 3763 633 monasterium

339 655 536 728 μονὴν,
567 651 659 708 καὶ
712 652 1062 727 ἐπωνόμασεν
1118 651 1285 723 αὐτὴν
1339 650 1619 722 Σπουδῆς,
1653 649 1744 706 διὰ
1788 652 1851 706 τὸ
1908 650 1998 706 ἒπ-

2109 669 2338 709 versam
2371 653 2787 710 Festinationis
2816 657 3111 729 appellare
3141 659 3344 728 voluit,
3369 663 3442 718 ob
3474 665 3766 722 accelera-

337 743 502 818 είγειν
545 741 713 812 αὐτὴν
758 741 927 798 ἐκεῖσε
975 742 1066 798 τὸν
1116 742 1362 814 τοκετὸν,
1391 741 1482 797 καὶ
1521 742 1598 814 μὴ
1649 743 1893 820 φθάσασα
1924 739 2000 805 είς

2142 758 2234 796 um
2267 744 2850 815 partum,antequam
2884 747 2954 800 ad
2988 746 3268 818 palatium
3303 753 3606 822 pervenire
3637 773 3773 828 pos-

337 833 400 888 τὸ
431 831 722 889 παλάτιον.
756 835 977 890 ’Έκτισε
1008 829 1064 888 δὶ
1093 831 1184 887 καὶ
1215 832 1279 886 τὰ
1308 837 1532 902 ’¹Δννης.

2107 835 2216 887 set.
2248 834 2532 887 Praeterea
2559 831 2849 905 templum
2879 839 2935 889 S.
2970 837 3147 892 Annae
3178 840 3454 900 concidit.

1196 967 1276 1019 De
1302 963 1610 1034 gerocomio
1646 961 1850 1028 Severi,
1885 976 1950 1015 ac
1977 959 2180 1032 templo
2209 959 2281 1015 ab
2307 959 2430 1029 ejus
2457 976 2631 1016 uxore
2659 960 2899 1018 condito.

409 1054 656 1134 Σέόηρος
735 1058 1019 1135 πατρίκιος
1103 1059 1132 1113 6
1207 1057 1646 1136 ἀδελφοποιητὸς
1731 1054 2001 1133 βασιλέως

339 1149 716 1219 Κώνσταντος,
775 1153 870 1203 τοῦ
952 1147 1183 1224 ἐγγόνου
1235 1145 1586 1224 Ἡρακλείου,
1633 1151 1732 1203 τοῦ
1797 1147 2002 1222 ἀναιρε-

342 1239 526 1304 θέντος
584 1237 635 1292 ἐν
704 1242 785 1310 τῷ
847 1236 1124 1312 βαλανείῳ
1177 1235 1430 1300 Σικελίας
1463 1257 1476 1270 ·
1538 1232 1713 1292 ἔκτισε
1761 1233 1818 1291 δὲ
1873 1234 2004 1290 αὐτὸ

339 1333 735 1402 γηροκομεῖον,
768 1323 906 1381 διότι
962 1326 1110 1388 οἶκος
1159 1327 1228 1396 ἦν
1277 1325 1442 1382 αὐτοῦ
1476 1345 1490 1359 ·
1531 1327 1619 1381 καὶ
1653 1327 1688 1396 ἡ
1727 1326 1864 1400 γυνὴ
1909 1324 2004 1379 αὖ·

344 1420 440 1471 τοῦ
494 1417 619 1471 ναὸν
678 1416 958 1492 ἀνήγειρε,
993 1413 1130 1471 διότι
1195 1415 1330 1490 μετά
1383 1417 1446 1470 τὸ
1497 1421 1767 1494 σφαγῆναι
1816 1413 1869 1470 ἐν
1923 1421 2009 1468 Σι·

339 1505 498 1577 κελίᾳ
550 1505 642 1561 τὸν
701 1502 948 1580 βασιλέα,
1004 1503 1209 1567 ἐκεῖνος
1261 1503 1463 1582 ἐπάρας
1541 1506 1630 1559 τὸν
1691 1503 2004 1577 Ῥωμαϊκὸν

344 1591 542 1650 στόλον
569 1593 800 1660 ἀνῆλθεν
824 1591 930 1657 ἕως
959 1599 1057 1649 τοῦ
1089 1593 1372 1654 Φοίνικος.

736 1701 799 1758 Ἥ
835 1701 972 1774 μονὴ
1003 1704 1102 1757 τοῦ
1131 1698 1590 1777 Μητροπολίτου.

414 1791 533 1844 ’Ὀτι
590 1789 659 1843 τὰ
714 1788 1154 1865 Μητροπολίτου
1219 1789 1318 1857 τήν
1400 1789 1569 1861 μονήν
1625 1787 2008 1850 Ἰουστινιανὸς

2184 1057 2435 1114 Severus
2482 1060 2786 1130 patricius,
2837 1063 3017 1116 frater
3063 1064 3369 1136 adoptivus
3423 1069 3764 1128 Constantis

2113 1147 2506 1220 imperatoris,
2541 1150 2638 1220 qui
2673 1166 2855 1221 nepos
2887 1150 3137 1207 Heraclii
3172 1154 3304 1225 luit,
3358 1160 3414 1211 et
3461 1159 3517 1212 in
3569 1159 3772 1217 Sicilia

2115 1237 2172 1292 in
2196 1236 2404 1292 balneo
2426 1239 2660 1294 occisus
2681 1243 2790 1306 est,
2824 1239 3090 1296 condidit
3121 1241 3318 1312 ipsum
3346 1248 3773 1320 gerocomium,

2114 1325 2250 1394 quia
2270 1325 2485 1382 ibidem
2504 1327 2716 1382 domus
2731 1327 2918 1399 ipsius
2934 1331 3370 1403 exstabatEjus
3389 1350 3618 1407 quoque
3632 1353 3778 1394 uxor

2113 1412 2401 1485 templum
2435 1415 2765 1471 aediﬁcavit.
2817 1418 3042 1473 Etenim
3090 1420 3525 1491 imperatorein
3575 1426 3777 1483 Sicilia

2115 1502 2444 1572 interfecto,
2461 1504 2710 1576 ipsemet
2730 1511 2963 1576 sumpta
2989 1507 3253 1566 Romana
3273 1510 3461 1569 classe
3483 1513 3554 1569 ad
3578 1513 3773 1571 locum

2117 1610 2304 1665 usque
2334 1594 2627 1651 Phcenicis
2659 1601 3067 1670 nuncupatum
3102 1601 3386 1671 pervenit.

2537 1703 2940 1758 Monasterium
2969 1705 3326 1778 MetrOpolitae
3341 1749 3354 1762 .

2190 1788 2608 1846 Monasterium
2644 1792 2993 1864 cognomine
3032 1796 3414 1868 Metropolitae
3471 1801 3775 1859 conditum

344 1873 576 1934 ἔκτισεν.
607 1875 854 1950 Ἐκλήθη
892 1875 949 1934 δὶ
997 1877 1191 1948 οὕτως,
1225 1876 1308 1933 ὅτι
1361 1878 1512 1940 οἶκος
1559 1879 1624 1946 ἦν
1675 1877 1846 1932 ἐκεῖσε
1894 1879 2010 1948 Mr,-

351 1988 364 1989 η
391 1987 401 1989 ,
477 1988 484 1989 κ
501 1988 506 1989 ,
525 1966 547 1989 Χ
570 1966 604 1989 1η
807 1962 829 1989 κ’
848 1988 856 1989 κ

2142 1882 2209 1934 :st
2254 1896 2288 1934 ο.
2334 1879 2691 1936 Justiniano.
2756 1881 2840 1936 Ita
2870 1899 3006 1939 vero
3040 1891 3446 1956 nuncupatum
3479 1893 3589 1958 est,
3622 1891 3776 1964 quod

2143 1968 2332 1989 ιαμ,
2381 1969 2585 1989 Lg“
2983 1973 2994 1984 .
3095 1973 3110 1989 .
3249 1974 3356 1989 ...

343 1966 681 2042 τροπολίτου
709 1962 881 2029 τινός.

595 2073 723 2148 Περὶ
759 2080 858 2143 τῆς
889 2072 1076 2149 Ἀγίας
1102 2074 1398 2152 Εὖφημίας
1428 2074 1490 2129 τὸ
1522 2072 1767 2148 Ιῐετρίον.

425 2164 534 2232 Τήν
567 2160 625 2218 δὲ
652 2162 828 2237 Ἃγίαν
889 2161 1177 2239 Εὗφημίαν
1222 2162 1286 2218 τὸ
1334 2160 1582 2238 Πετρίον,
1615 2163 1706 2216 καὶ
1754 2161 2008 2236 λουτρὸν,

353 2249 642 2314 Βασίλειος
702 2252 985 2328 ἀνήγειρεν
1041 2253 1069 2307 6
1124 2250 1396 2326 βασιλεὺς,
1426 2251 1517 2306 καὶ
1571 2253 1668 2313 τὰς
1721 2249 2013 2327 θυγατέρας

351 2338 515 2394 αὐτοῦ
545 2338 717 2395 ἐκεῖσε
750 2341 1020 2418 ἀπέκειρε.

891 2431 1020 2505 Περὶ
1049 2437 1152 2501 τῆς
1185 2428 1476 2492 ῐΙλατείας.

421 2521 542 2577 Ὅτι
591 2519 620 2572 6
675 2521 870 2595 ’Ἄγιος
917 2517 1136 2582 Ἠσαίας
1175 2519 1267 2575 καὶ
1313 2521 1640 2594 Λαυρέντιος
1688 2518 2010 2591 ἐκτίσθησαν

347 2609 496 2682 παρά
523 2612 838 2680 Μαρκιανοῦ
877 2607 967 2663 καὶ
1021 2607 1387 2684 Πουλχερίας.
1419 2608 1496 2665 Τὸ
1547 2605 1606 2663 δὶ
1650 2609 1804 2686 ἅγιον
1850 2613 2014 2682 σῶμα

345 2701 444 2753 τοῦ
473 2699 762 2776 προφήτου
791 2697 916 2764 ἧκεν
949 2697 1054 2752 ἀπὸ
1085 2695 1472 2772 Ἰερουσαλήμ.

881 2803 1011 2882 Περὶ
1042 2808 1140 2860 τοῦ
1161 2803 1483 2880 Ἀντιόχου.

421 2893 498 2948 Τὰ
549 2890 606 2949 δὶ
653 2894 949 2970 Ἀντιόχου
1027 2893 1174 2957 οἶκος
1241 2895 1310 2964 ἦν
1368 2892 1658 2969 Ἀντιόχου
1722 2913 2015 2970 πατρικιου

356 2981 447 3038 καὶ
504 2985 870 3060 πραιποσίτου
926 2982 1016 3038 καὶ
1065 2980 1332 3060 βαϊοόλου
1376 2979 1674 3039 Θεοδοσίου
1717 2987 1816 3039 τοῦ
1874 2984 2019 3058 βασι⁶

358 3070 520 3145 λὲως,
560 3071 775 3138 πολλὰς
805 3058 982 3149 ἀρχὰς
1028 3058 1377 3137 διανύσαντος
1425 3072 1478 3128 ἐν
1526 3076 1596 3146 τῇ
1647 3069 1777 3148 δόξῃ
1827 3073 2012 3129 αὐτοῦ.

360 3158 633 3226 Πλούσιός
681 3160 738 3217 δὲ
797 3160 1004 3242 σφόδρα
1077 3157 1395 3237 γενόμενος,
1455 3163 1681 3237 πτωχὸς
1767 3162 2012 3233 τέθνηκε,

2119 1968 2338 2024 ibidem
2375 1969 2588 2025 domus
2618 1974 2874 2026 exstaret
2901 1973 3214 2042 cujusdam
3249 1974 3650 2049 Metropolim.

2388 2081 2468 2132 De
2498 2075 2700 2133 Sancta
2728 2079 3036 2149 Euplwmia
3065 2081 3289 2138 Pem’on
3319 2081 3494 2141 dicta.

2192 2165 2468 2221 Sanctam
2502 2165 2888 2238 Euphemiam
2911 2170 3261 2239 cognomine
3292 2173 3620 2242 Petrion,et
3650 2177 3775 2232 bal-

2120 2270 2298 2309 neum
2329 2252 2612 2309 Basilium
2644 2254 2964 2327 imperatOr
2987 2259 3274 2330 condidit,
3326 2279 3392 2318 ac
3436 2263 3589 2322 ﬁlias
3634 2283 3776 2322 suas

2120 2341 2341 2400 ibidem
2373 2344 2651 2399 totondit.

2790 2439 2868 2491 De
2899 2437 3112 2493 Platea.

2193 2522 2474 2578 Sanctum
2510 2522 2818 2593 lsaiam,ac
2848 2525 3228 2582 Laurentium
3256 2528 3620 2589 aediﬁcarunt
3641 2539 3779 2590 Mar-

2122 2609 2328 2667 cianus
2357 2617 2415 2668 et
2444 2611 2769 2669 Pulcheria.
2797 2615 3018 2687 Corpus
3052 2620 3246 2672 autem
3282 2619 3447 2675 Isaiae
3478 2623 3776 2694 prophetae

2122 2700 2526 2774 Hierosolyma
2555 2700 2818 2757 delatum
2855 2703 2983 2759 fuit.

2609 2812 2689 2863 De
2719 2809 2830 2887 loco
2859 2809 3110 2866 Antiochi
3136 2811 3300 2869 dicto.

2195 2894 2257 2950 ln
2289 2894 2415 2951 loco
2445 2895 2721 2952 Antiochi
2753 2903 2981 2966 vocato,
3016 2900 3229 2958 domus
3258 2903 3559 2962 visebatur
3585 2908 3780 2964 Antio-

2125 2981 2219 3039 chi
2250 2983 2480 3056 patricii
2511 2987 2568 3041 et
2597 2986 2914 3058 prmpositi,
2939 2988 3036 3059 qui
3069 2989 3309 3060 bajulus
3340 2993 3450 3048 fuit
3477 2995 3784 3054 Theodosii

2124 3071 2521 3143 imperatoris,
2553 3078 2610 3128 et
2641 3073 2833 3130 multa
2861 3091 2996 3130 cum
3028 3075 3204 3133 laude
3236 3078 3520 3150 plurimos
3563 3086 3779 3157 magis-

2122 3163 2315 3216 tratus
2343 3162 2546 3233 gessit.
2580 3161 2684 3218 Hic
2728 3168 2925 3218 autem
2973 3164 3084 3220 etsi
3136 3168 3409 3225 maximis
3455 3172 3784 3231 abundaret

355 3245 447 3304 διὰ
511 3251 574 3306 τὸ
650 3247 836 3306 ἄδικον
907 3251 995 3306 καὶ
1073 3245 1336 3325 ἐπιϐαρὺν
1411 3256 1544 3306 πᾶσι
1598 3251 1843 3327 γενέσθαι
1919 3251 2010 3305 καὶ

359 3335 445 3360 θ’.

2142 3249 2364 3318 livitiis,
2398 3255 2654 3306 attamen
2686 3250 2861 3324 inops
2892 3253 3158 3322 decessit,
3192 3272 3260 3312 eo
3289 3259 3445 3328 quod
3492 3261 3780 3336 injustus,

2142 3340 2278 3360 .---ι
2338 3341 2388 3360 -L
2423 3337 2693 3360 -..ρ-ΣΙ.---
2728 3339 2916 3360 ....---3Α
2954 3357 3011 3360 __
3050 3342 3081 3360 0,
3110 3358 3165 3360 μη
3193 3343 3209 3360 'I
3259 3343 3272 3360 1
3362 3349 3372 3360 ι

355 3335 564 3396 δόλιον.

795 3430 928 3505 Περὶ
957 3430 1021 3485 τὸ
1053 3429 1292 3486 Παλαιὸν
1326 3429 1574 3506 Πετρίον.

424 3520 550 3576 ’Ὁτι
591 3518 654 3573 τὸ
702 3515 942 3574 Παλαιὸν
993 3518 1222 3594 Πετρίον
1259 3520 1406 3582 οἶκος
1456 3521 1524 3590 ἦν
1568 3520 1776 3596 Πέτρου
1827 3540 2018 3595 πατρι-

353 3607 468 3663 κίον
514 3606 566 3663 ἔν
605 3613 724 3672 τοῖς
770 3607 995 3684 χρόνοις
1037 3612 1134 3663 τοῦ
1187 3607 1450 3684 Μεγάλου
1481 3609 1890 3682 Ἰουστινιανοῢ,
1925 3608 2016 3664 καὶ

353 3691 540 3773 ἔλεγον
589 3695 750 3753 αὐτὸν
807 3697 1194 3774 Βαρσαμιανὸν
1246 3698 1339 3753 τὸν
1402 3695 1604 3773 Σύρον,
1650 3699 1744 3754 τὸν
1802 3695 2020 3761 πολλὰς

353 3784 531 3862 ἀρχὰς
563 3782 884 3842 διανύσαντα
910 3785 963 3842 ὲν
993 3790 1063 3862 τῇ
1092 3783 1220 3861 δόξῃ
1252 3785 1444 3844 αὐτοῦ.

856 3963 991 4040 Περὶ
1021 3968 1128 4020 τῶν
1162 3963 1509 4039 Βλαχερνῶν.

430 4053 530 4109 Τὸν
583 4053 711 4109 ναὸν
760 4055 851 4109 τὸν
903 4055 1068 4130 μεγαν
1135 4057 1243 4108 τῶν
1301 4051 1658 4128 Βλαχερνῶν,
1710 4053 2022 4130 Μαρκιανὸς

357 4144 445 4198 καὶ
505 4141 852 4219 Πουλχερία,
909 4145 944 4214 ἡ
1002 4142 1200 4198 τούτου
1275 4143 1435 4218 γυνὴ,
1495 4142 1774 4219 ἀνήγειρεν
1834 4141 2018 4214 αὐτόν,

355 4233 640 4305 κοσμήσας
685 4231 775 4288 διὰ
815 4231 1139 4288 πολυτελῶν
1177 4231 1502 4309 μαρμάρων.
1534 4231 1764 4308 Βλάχνα
1800 4232 1905 4310 γὰρ
1949 4234 2016 4302 ἧν

356 4318 410 4376 ἐν
465 4326 546 4394 τῷ
589 4321 738 4394 αὐτῷ
783 4321 963 4394 τόπῳ,
1011 4319 1104 4376 καὶ
1157 4320 1452 4393 ἐκόπησαν,
1503 4322 1598 4377 εἶθ’
1639 4320 1813 4386 οὕτως
1870 4320 2017 4377 ἐκτί-

356 4411 457 4481 σθη
491 4411 519 4465 6
567 4411 715 4474 ναός.
767 4410 802 4480 ἢ
849 4410 934 4466 ὅτι
989 4408 1192 4474 λάκκος
1233 4411 1300 4480 ἧν
1349 4411 1378 4464 6
1417 4411 1588 4474 τόπος
1632 4411 1722 4466 καί
1772 4430 1907 4466 ποτε
1944 4409 2021 4466 ἐν·

353 4499 735 4571 αποκληθὲντα
802 4498 1056 4555 λακὲντια
1122 4498 1487 4573 ἠγρεύθησαν,
1543 4498 1635 4554 καὶ
1712 4496 1803 4554 διὰ
1855 4503 2018 4556 τοῦτο

356 4585 567 4660 ἐκλήθη
601 4587 890 4665 Βλαχίρνα
917 4587 1009 4645 καὶ
1060 4593 1383 4665 Λακαῖρναι,
1416 4585 1506 4643 διὰ
1548 4589 1612 4644 τὸ
1661 4588 1791 4644 εἶναι
1831 4586 2022 4645 πολλά

359 4673 550 4735 ὕδατα.

851 4766 984 4844 Περὶ
1013 4768 1111 4836 τῆς
1139 4765 1294 4842 ἁγίας
1326 4770 1527 4844 Σοροῦ.

429 4855 543 4924 Τὴν
597 4852 656 4911 δὶ
699 4856 858 4931 ἁγίαν
895 4855 1066 4930 Σορὸν
1099 4854 1376 4930 ἀνήγειρεν
1403 4855 1432 4910 6
1462 4852 1843 4930 Λεομακέλης,
1877 4854 2017 4912 διότι

359 4940 413 4998 ἐν
469 4947 590 5008 τοῖς
661 4945 890 5023 χρόνοις
957 4943 1123 4999 αὐτοῦ
1179 4942 1347 5022 ἐφάνη
1402 4945 1438 5014 ἡ
1509 4947 1626 5010 θεία
1684 4944 1871 5015 ἐσθής,
1928 4945 2020 5002 καὶ

361 5029 518 5108 ἴχνη,
557 5034 650 5089 καὶ
679 5033 867 5092 πολλά
896 5035 1024 5110 ἅγια
1053 5033 1304 5108 θαύματα
1329 5034 1550 5110 γέγονεν
1585 5034 1663 5099 εἷς
1690 5032 1872 5097 τέλος.

789 5213 922 5290 Περὶ
947 5216 1044 5267 τοῦ
1075 5211 1234 5289 ἁγίου
1266 5213 1580 5288 Λούματος.

427 5303 645 5360 ’Έκτισε
697 5299 756 5358 δὲ
811 5302 904 5358 καὶ
979 5302 1044 5358 τὸ
1118 5304 1314 5374 Λοῢμα
1383 5300 1478 5357 καί
1543 5300 1854 5379 ἐπεκύρωσε
1926 5302 2018 5359 καὶ

356 5393 612 5466 κτήματα
666 5391 876 5463 πολλὰ,
905 5392 994 5447 καὶ
1047 5389 1238 5460 σκεύη,
1295 5391 1386 5447 καὶ
1435 5389 1722 5464 κειμήλια.
1755 5392 1901 5464 ’Ἐξω
1961 5390 2020 5447 δὲ

354 5483 459 5552 τῆς
516 5480 724 5558 πόρτας
794 5479 1104 5557 ἐτύγχανεν.
1159 5479 1286 5535 Ὑπὸ
1366 5477 1424 5535 δὲ
1478 5478 1804 5556 Ἡρακλείου
1861 5501 2017 5558 περι-

358 5567 637 5643 εκλείσθη,
681 5571 984 5648 γινομένων
1035 5572 1208 5627 ἐκεῖσε
1260 5568 1550 5644 θαυμάτων
1594 5569 1684 5625 καὶ
1738 5570 2013 5627 ὀπτασιῶν

359 5658 589 5717 πολλῶν
618 5667 721 5732 τῆς
749 5659 900 5737 ἁγίας
932 5659 1221 5719 Θεοτόκου.

2124 3340 2303 3408 esset,
2333 3341 2391 3393 et
2418 3337 2694 3393 omnibus
2724 3339 2919 3410 gravis
2949 3357 3014 3396 ac
3047 3342 3474 3402 fraudulentus.

2369 3428 2444 3480 De
2473 3427 2708 3497 artiﬁcio
2739 3433 3067 3500 nuncupata
3103 3433 3257 3488 Vetus
3288 3437 3536 3492 Parion.

2197 3514 2528 3570 Ediﬁcium
2553 3517 2709 3587 quod
2734 3517 3069 3589 appellatur
3090 3520 3271 3579 Vetus
3293 3525 3544 3593 Petrion,
3572 3528 3784 3586 domus

2127 3609 2254 3660 erat
2280 3605 2435 3660 Petri
2466 3605 2696 3677 patricii
2728 3611 2992 3679 tempore
3043 3609 3365 3668 Justiniani
3412 3615 3629 3688 Magni,
3681 3618 3784 3691 qui

2128 3693 2336 3748 Petrus
2381 3695 2916 3766 cognominabatur
2973 3698 3390 3758 Barsamianus
3440 3704 3647 3777 Syrus,
3697 3708 3787 3764 vir

2128 3797 2366 3924 :umma
2405 3798 2540 3838 cum
2599 3781 2773 3840 laude
2827 3783 3100 3856 plurimis
3151 3787 3601 3862 magistratibus
3653 3811 3786 3867 per-

2157 3873 2395 3924 unctus.

2157 3873 2395 3926 unctus.

2717 3963 2795 4017 De
2821 3962 3182 4022 Blachernis.

2198 4051 2406 4120 Magna
2463 4049 2712 4106 ecclesia
2765 4051 3227 4111 Blachernarnm
3286 4059 3528 4116 condita
3592 4063 3704 4119 fuit
3753 4081 3787 4120 a

2130 4137 2426 4193 Marciano
2456 4143 2513 4194 et
2540 4138 2849 4196 Pulcheria
2879 4143 3008 4212 ejus
3043 4159 3242 4215 uxore,
3261 4162 3328 4202 ac
3357 4147 3535 4204 variis
3567 4153 3626 4206 et
3653 4169 3785 4224 pre-

2130 4227 2299 4284 tiosis
2333 4228 2729 4285 marmoribus
2760 4235 3059 4288 exornata.
3097 4233 3283 4290 Locus
3315 4237 3472 4293 enim
3519 4238 3616 4295 ille
3658 4246 3788 4298 erat

2130 4315 2400 4372 silicibus
2431 4319 2952 4391 consitus,quibus
2981 4323 3223 4379 remotis
3254 4324 3464 4383 deinde
3495 4329 3784 4402 templum

2128 4405 2262 4463 istic
2293 4411 2695 4464 constructum
2726 4413 2848 4479 est;
2897 4409 2989 4466 vel
3041 4411 3181 4483 quia
3219 4429 3285 4470 eo
3334 4415 3393 4471 in
3443 4415 3572 4474 loco
3621 4417 3788 4476 lacus

2129 4500 2274 4567 erat,
2307 4513 2372 4552 ac
2401 4496 2593 4568 pisces
2644 4497 2898 4555 lacentia
2945 4499 3085 4556 dicti
3135 4503 3555 4575 capiebantur;
3600 4512 3658 4564 et
3704 4509 3790 4565 id-

2130 4585 2286 4642 circo
2316 4585 2391 4642 ob
2421 4586 2864 4644 multitudinem
2895 4605 3188 4660 aquarum
3223 4591 3540 4651 Blacherna
3569 4601 3627 4652 et
3676 4597 3785 4654 La-

2046 4665 2096 4732 D
2128 4691 2331 4730 cmrnae
2363 4674 2760 4748 appellantur.

2637 4765 2714 4821 De
2741 4781 2905 4821 sacro
2938 4764 3274 4825 Conditorz'o.

2207 4856 2455 4909 Sacrum
2506 4853 2916 4910 Conditorium
2977 4855 3290 4914 aediﬁcavit
3341 4859 3454 4916 Leo
3513 4861 3793 4936 Macelas,

2129 4942 2409 5013 quoniam
2439 4941 2568 5015 ipso
2599 4943 2924 5016 imperante
2954 4949 3185 5017 reperta
3213 4950 3304 5002 est
3332 4948 3530 5008 divina
3571 4954 3787 5026 vestis;

2129 5029 2469 5104 ibidemque
2500 5033 2690 5090 multa
2719 5033 2891 5107 signa
2922 5050 2988 5090 ac
3019 5035 3290 5109 prodigia
3319 5045 3600 5112 perpetuo
3651 5045 3787 5100 ede-

2129 5119 2366 5178 bantur.

2696 5215 2773 5269 De
2799 5230 2956 5271 sacro
2975 5214 3207 5272 Balnea.

2200 5300 2445 5356 Sacrum
2479 5301 2761 5358 Balneum
2792 5302 2865 5358 ab
2895 5302 3098 5359 eodem
3149 5303 3503 5377 imperatore
3552 5316 3786 5370 exstru-

2128 5391 2290 5444 ctum
2359 5389 2494 5458 fuit,
2554 5390 2877 5464 multisque
2945 5393 3447 5467 possessionibus,
3502 5401 3662 5457 vasis
3722 5421 3790 5461 ac

2127 5477 2375 5534 cimeliis
2407 5479 2972 5538 ditatum.Balneum
3003 5481 3114 5538 hoc
3144 5482 3287 5539 olim
3316 5490 3442 5542 erat
3469 5494 3635 5547 extra
3662 5509 3793 5565 por-

2127 5571 2482 5640 tamzpostea
2529 5585 2663 5626 vero
2713 5570 2786 5626 ab
2835 5569 3102 5627 Heraclio
3151 5587 3324 5629 muro
3375 5575 3632 5636 cinctum
3677 5587 3789 5651 est,

2127 5656 2283 5729 quod
2316 5656 2537 5714 ibidem
2563 5659 2751 5716 multa
2781 5658 3068 5717 miracula
3094 5660 3433 5739 ederentur,
3479 5671 3537 5724 et
3581 5675 3790 5728 sancta

2126 5745 2387 5820 Deipara
2415 5747 2755 5820 frequenter
2782 5751 3116 5822 appareret.
