4124 6386
423 400 577 460 1255

1378 392 1778 452 APPENDIX
1826 392 1930 452 AD
1977 391 2441 454 MIGHAELEM
2488 392 2876 455 PSELLUM.

3705 396 3856 456 1256

416 533 489 587 De
518 530 716 602 templo
745 529 954 584 Sanctae
995 525 1333 614 Bap/temur,
1365 540 1493 597 quae
1539 530 1721 580 exstat
1769 525 1829 578 in
1877 523 2067 595 Hippo-

2191 523 2320 598 Περὶ
2399 531 2502 594 τῆς
2565 522 2754 600 Ἁγίας
2835 521 3126 614 Eds-quiat:
3201 529 3300 592 τῆς
3377 521 3433 578 ἐν
3510 523 3594 594 τῷ
3681 525 3857 582 Ἱππο-

1139 598 1352 653 dromo.

488 707 800 780 Templum
840 708 901 762 S.
949 705 1304 778 Euphemize,
1357 704 1513 776 quod
1566 702 1626 757 in
1676 701 2074 774 Hippodromo

416 798 696 866 cernitur,
743 795 1164 852 Constantinus
1213 797 1458 866 Magnus
1507 792 1814 862 exstruxit,
1844 794 1903 847 et
1949 807 2078 863 pre-

416 889 569 945 tiosa
597 887 900 944 exornavit
931 885 1198 940 materia.
1230 883 1448 938 Verum
1499 886 1632 955 post
1679 880 2075 953 quadringen-

415 988 506 1038 tos
537 981 780 1053 triginta
809 983 867 1034 et
894 983 1022 1034 octo
1066 994 1254 1033 annos
1307 977 1725 1032 Constantinus
1781 975 2075 1045 Coprony-

419 1087 552 1127 mus
585 1071 921 1140 imperator,
955 1066 1169 1121 Christi
1202 1081 1268 1120 ac
1298 1065 1399 1121 Dci
1433 1065 1642 1132 hostis,
1679 1063 1821 1118 illud
1873 1063 1930 1116 in
1984 1079 2074 1116 ar-

418 1155 878 1214 mamentarium
911 1159 968 1210 et
999 1153 1440 1225 sterquilinium
1475 1151 1777 1224 publicum
1804 1150 2074 1216 mutavit,

417 1252 475 1302 et
504 1245 785 1316 reliquias
836 1242 982 1298 heu!
1039 1246 1255 1297 sanctas
1309 1241 1642 1312 Euphemiaa
1694 1257 1828 1295 cum
1881 1238 2073 1294 loculo

416 1337 478 1392 in
528 1333 888 1406 profundum
946 1332 1128 1386 maris
1191 1331 1448 1402 projecit.
1505 1331 1640 1386 Post
1700 1347 1886 1384 annos
1939 1345 2073 1384 vero

416 1423 661 1496 triginta
709 1439 809 1478 sex
858 1423 1019 1476 Irene
1067 1420 1335 1492 piissima
1385 1424 1654 1492 Augusta
1704 1418 2074 1473 Atheniensis

417 1512 528 1567 hoc
580 1508 868 1581 templum
920 1507 1310 1575 remdiﬁcavit,
1369 1512 1428 1563 et
1477 1506 1757 1578 reliquias
1818 1513 2075 1577 repertas

419 1617 486 1656 eo
518 1600 730 1656 iterum
763 1596 1084 1677 transtulit.

465 1721 545 1774 De
573 1716 775 1786 templo
804 1718 862 1770 δ.
896 1713 1134 1770 Joannis
1161 1713 1533 1768 Prwcursorz‘s
1565 1711 1662 1767 Illi
1689 1722 2029 1783 nuncupata.

489 1826 552 1879 In
583 1821 711 1878 loco
759 1820 1174 1893 cognominato
1226 1818 1337 1885 Illi,
1392 1819 1492 1873 ubi
1547 1822 1737 1874 exstat
1784 1818 2071 1891 templum

2901 591 3138 669 δ’ρομίῳ.

2257 702 2356 756 Τὸν
2430 699 2487 756 δὲ
2549 700 2674 757 ναὸν
2756 707 2858 771 τῆς
2935 700 3092 776 ἁγίας
3149 701 3450 779 Εὐφημίας
3505 709 3617 772 ,τῆς
3678 701 3728 756 ἦν
3784 708 3858 775 τῷ

2186 788 2565 867 Ἰπποδρομίῳ
2623 791 2652 844 6
2706 789 2888 866 Μέγας
2939 796 3336 852 Κωνσταντῖνος
3397 791 3684 866 ἀνήγειρε,
3737 813 3858 846 κοσ-

2191 883 2369 953 μήσης
2413 879 2571 936 αὐτὸν
2607 876 2698 934 διὰ
2755 876 3096 941 πολυτελοῦς
3130 878 3289 950 ὕλης,
3342 877 3472 945 υλη⁹
3522 877 3583 934 δε
3642 879 3854 954 χρόνων

2185 966 2592 1043 παρελθόντων,
2629 963 2884 1031 ἐλθόντος
2914 972 3010 1023 τοῦ
3053 968 3308 1041 μισοθὲου
3337 967 3433 1022 καὶ
3486 969 3855 1045 μισοχρίστου

2190 1055 2458 1135 βασιλέως
2510 1057 2888 1134 Κοπρωνῦμου
2941 1057 3394 1128 Κωνσταντίνου,
3451 1056 3721 1128 ἐποίησεν
3775 1059 3860 1113 αὖ-

2183 1149 2276 1203 τὸν
2331 1147 2680 1222 Ἀρμαμὲντα
2735 1147 2824 1202 καὶ
2883 1148 3264 1223 κοπροθὲσιον,
3325 1146 3418 1201 καὶ
3473 1147 3540 1202 τὸ
3603 1145 3854 1220 λείψανον

2183 1244 2282 1306 τῆς
2314 1236 2470 1311 ἁγίας
2531 1235 2850 1311 Εὐφημίας,
2901 1238 3034 1314 φεῦί
3091 1235 3184 1291 σὺν
3240 1240 3309 1310 τῇ
3357 1233 3602 1312 λάρνακι
3647 1236 3726 1300 είς
3770 1239 3854 1292 τὸν

2189 1327 2348 1404 βυθὸν
2407 1332 2507 1396 τῆς
2565 1324 2843 1397 Θαλάσσης
2904 1321 3122 1402 ἔρῥιψεν
3157 1367 3170 1380 .
3241 1325 3390 1380 Μετὰ
3454 1323 3514 1380 δὲ
3570 1327 3856 1402 τριάκοντα

2182 1413 2234 1489 ἕξ
2303 1415 2537 1492 χρόνους
2613 1414 2821 1490 Εἰρήνη
2901 1417 2936 1484 ἡ
3007 1409 3364 1486 εὐσεϐεστάτη
3449 1413 3746 1490 Αὐγούστα
3821 1417 3852 1484 ἡ

2185 1504 2461 1576 Ἀθηναία,
2491 1509 2682 1559 τοῦτον
2715 1503 2882 1559 πάλιν
2915 1501 3335 1577 ἀνῳκοδόμησε,
3365 1503 3463 1558 καὶ
3504 1504 3569 1559 τὸ
3602 1504 3852 1578 λείψανον

2185 1592 2414 1668 εὐροῦσα
2444 1589 2620 1672 ἔφερε.

2507 1709 2635 1784 Περὶ
2670 1713 2766 1764 τοῦ
2816 1708 3145 1785 Προδρόμου
3179 1713 3274 1764 τοῦ
3303 1708 3530 1766 ’Ίλλου.

2253 1820 2375 1874 Ὅτι
2444 1815 2510 1871 τὰ
2585 1815 2853 1892 λεγόμενα
2921 1813 3112 1871 Ἰλλου
3187 1817 3215 1871 δ
3276 1813 3636 1891 Πρόδρομοςν
3697 1817 3846 1892 πηγή

418 1913 477 1968 S.
510 1909 778 1982 {Joannis
829 1909 1237 1977 Praecursoris,
1289 1908 1430 1964 olim
1482 1908 1612 1963 fons
1660 1912 1803 1975 erat,
1854 1907 1912 1962 in
1964 1925 2067 1980 quc

2185 1905 2462 1983 Ξτόγχανε,
2549 1905 2638 1960 καὶ
2717 1904 3065 1980 ἐνεμφώλεοε
3151 1903 3364 1980 δράκων
3450 1907 3842 1980 παμμεγέθης.

415 2001 592 2057 draco
622 2000 833 2070 ingens
866 1997 1166 2063 latitabat;
1201 1995 1319 2051 illic
1351 2001 1476 2051 tum
1521 2001 1578 2052 et
1623 1997 1895 2052 ast-arium
1955 1998 2071 2054 im-

417 2089 635 2162 periale
664 2091 810 2153 erat,
846 2093 902 2141 et
933 2085 1152 2141 multos
1182 2084 1317 2140 illac
1350 2089 1723 2141 transeuntes
1755 2086 1930 2142 draco
1970 2088 2074 2143 de-

415 2179 676 2235 vorabat.
711 2177 964 2232 Sanctus
992 2191 1126 2230 vero
1163 2173 1441 2247 Hypatius
1493 2191 1624 2229 cum
1677 2191 1743 2230 eo
1790 2176 2071 2232 accessis-

414 2271 526 2338 set,
561 2284 668 2324 suo
713 2265 943 2331 baculo,
994 2265 1054 2319 in
1107 2265 1277 2335 cujus
1325 2264 1445 2319 ima
1493 2269 1656 2334 parte
1705 2263 1850 2320 clavi
1901 2265 2070 2321 ferrei

415 2357 572 2413 afﬁxi
606 2361 792 2424 erant,
822 2355 972 2410 facto
1004 2352 1191 2408 crucis
1224 2354 1415 2425 signo,
1466 2353 1778 2409 draconem
1831 2370 2071 2426 percus-

412 2447 490 2502 sit
533 2463 600 2502 ac
649 2443 962 2510 interfecit,
1018 2442 1152 2497 hinc
1203 2442 1639 2514 apprehensum
1691 2441 1752 2497 in
1806 2445 2068 2499 medium

409 2536 603 2593 forum
633 2550 767 2591 eum
801 2537 1104 2588 mortuum
1151 2531 1418 2604 projecit,
1471 2547 1537 2586 ac
1592 2530 1712 2602 igni
1761 2532 2006 2586 tradidit
2052 2549 2066 2587 :

409 2629 468 2680 et
498 2624 716 2680 idcirco
748 2621 914 2678 locus
959 2620 1056 2677 ille
1109 2620 1223 2676 tale
1273 2637 1486 2676 nomen
1537 2619 1818 2686 obtinuit,
1870 2621 1956 2676 vel
1998 2621 2068 2676 ab

411 2713 518 2770 Illo
551 2711 854 2783 magistro,
887 2709 990 2782 qui
1030 2709 1346 2780 imperium
1380 2709 1768 2780 affectaverat,
1820 2708 2071 2765 ibidem-

417 2817 532 2874 que
560 2799 886 2856 habitabat.

817 2913 893 2966 De
921 2910 1109 2966 eodem
1137 2909 1347 2981 templo
1374 2908 1474 2964 ιιιί
1501 2909 1665 2966 dicto.

482 3008 791 3081 Templum
825 3009 883 3064 S.
912 3007 1157 3064 Joannis
1189 3007 1593 3078 Prmcursoris,
1629 3005 1716 3062 llli
1761 3025 2066 3081 nuncupa-

412 3105 562 3170 tum,
613 3099 825 3154 domus
869 3097 1092 3152 exstitit
1138 3095 1224 3151 Illi
1278 3095 1567 3167 magistri,
1621 3097 1719 3168 qui
1773 3097 2065 3168 praeclaris

416 3187 738 3258 multisque
774 3188 1012 3242 functus
1043 3191 1130 3241 est
1157 3185 1548 3257 dignitatibus
1583 3187 1694 3241 sub
1727 3187 1910 3242 Leone
1943 3187 2062 3242 Ma-

2192 1997 2399 2051 Ἐκεῖσε
2457 1993 2514 2048 δὲ
2569 1995 2633 2066 ᾖν
2693 1993 2782 2049 καὶ
2811 2001 3036 2067 ταμεῖον
3102 1992 3413 2070 βασιλικὸν,
3471 1993 3565 2049 καὶ
3607 1992 3848 2056 πολλοὺς

2185 2087 2212 2140 ὁ
2272 2082 2484 2160 δράκων
2545 2083 2749 2153 ἤσθιεν.
2813 2085 2874 2141 Ὀ
2931 2081 2988 2138 δὲ
3048 2085 3198 2158 ἅγιος
3227 2083 3482 2146 Ὺπάτιος
3528 2083 3703 2139 ἐκεῖσε
3754 2103 3846 2138 πα-

2184 2174 2539 2252 ραγενόμενος
2601 2174 2736 2246 μετὰ
2795 2179 2893 2243 τῆς
2956 2168 3158 2247 ῥάϐδου
3189 2172 3355 2227 αὐτοῦ
3403 2172 3654 2248 ἰχοόσης
3681 2174 3846 2227 κάτω-

2183 2264 2266 2317 θεν
2323 2261 2496 2331 ἥλους
2557 2259 2839 2337 σιδηροῦς,
2899 2261 2988 2316 καὶ
3050 2262 3345 2338 σφραγίσας
3370 2261 3464 2316 καὶ
3492 2261 3730 2338 κρούσας
3753 2261 3838 2315 τὸν

2182 2349 2446 2427 δράκοντα
2481 2398 2495 2421 ,
2539 2351 2800 2425 ἀπὲψυξεν
2839 2394 2852 2419 ,
2912 2351 3000 2406 καὶ
3059 2346 3242 2407 λαϐὼν
3299 2351 3463 2406 αὐτὸν
3527 2352 3690 2426 μέσον
3747 2354 3838 2405 τοῦ

2181 2440 2364 2516 Φόρου
2394 2437 2671 2514 προῦθηκε
2700 2440 2910 2509 νεκρὸν,
2949 2439 3038 2494 καὶ
3087 2435 3308 2494 ἔκαυσεν
3353 2440 3549 2498 αὐτόν.
3609 2440 3708 2494 Καὶ
3757 2436 3837 2493 ἐπὶ

2177 2529 2356 2585 τούτω
2405 2530 2701 2603 ὠνομάσθη
2762 2530 2789 2583 6
2851 2529 3018 2591 τόπος
3074 2528 3269 2596 οὕτως,
3328 2529 3421 2584 καὶ
3493 2529 3602 2584 ἀπὸ
3656 2527 3837 2584 Ἵλλου

2183 2619 2488 2694 μαγίστρου
2534 2619 2988 2692 τυραννήσαντος,
3021 2617 3110 2673 καὶ
3143 2616 3312 2673 ἐκεῖσε
3348 2618 3660 2687 οἰκοῦντος,

2659 2911 2792 2981 Περῖ
2818 2909 2914 2961 τοῦ
2943 2904 3108 2962 αὐτοῦ
3132 2903 3345 2962 ’Ίλλου.

2243 3014 2365 3069 Ὃτι
2417 3012 2483 3067 τὰ
2527 3009 2844 3086 καλούμενα
2899 3011 3091 3068 Ἲλλου
3151 3013 3178 3068 ὁ
3237 3015 3434 3087 ’Ἄγιος
3489 3011 3748 3080 Ἰωάννης
3807 3010 3832 3064 6

2176 3099 2520 3177 Πρόδρομος,
2597 3101 2746 3164 οἶκος
2822 3102 2888 3171 ἧν
2960 3099 3154 3158 Ἵλλου
3228 3100 3554 3178 μαγίστρου,
3614 3097 3824 3160 πολλὰς

2173 3189 2348 3266 ἀρχὰς
2401 3188 2745 3253 διανόσαντος
2801 3190 2934 3264 μετᾶ
2992 3189 3210 3262 πολλῆς
3237 3188 3399 3261 δόξης
3461 3192 3514 3246 ἐν
3547 3195 3664 3253 τοῖς
3697 3187 3823 3264 χρό-

411 3278 535 3333 cela
591 3281 648 3332 et
695 3277 942 3331 Zenone.
993 3275 1154 3330 ldcm
1211 3273 1352 3329 Illus
1403 3274 1713 3344 imperium
1757 3277 2058 3342 affectans,

2185 3265 2290 3344 θοις
2342 3284 2438 3334 τοῦ
2497 3278 2852 3354 Λεομακὲλου
2901 3280 2990 3335 καὶ
3046 3283 3320 3351 Ζήνωνος.
3380 3283 3724 3356 Τυραννήσας
3779 3273 3831 3329 δὲ

415 3365 675 3421 collectis
707 3382 775 3420 ex
810 3363 1021 3436 populo
1055 3363 1430 3434 septuaginta
1462 3363 1621 3419 mille
1661 3364 1954 3420 militibus
2005 3365 2063 3418 in

409 3454 720 3511 Antiochia
774 3469 988 3526 magna
1044 3452 1104 3507 in
1161 3453 1451 3507 Zenonem
1504 3451 1859 3521 insurrexit;
1914 3454 2065 3508 Zeno

412 3561 548 3601 vero
584 3544 868 3599 adversus
897 3558 1031 3598 eum
1067 3543 1306 3596 fratrem
1341 3557 1516 3596 suum
1571 3541 1897 3614 Longinum
1941 3559 2064 3597 ma-

412 3633 667 3706 gistrum
719 3630 882 3686 misit
933 3647 1064 3685 cum
1119 3645 1332 3700 magna
1384 3629 1640 3686 militum
1671 3647 1866 3685 manu.
1901 3631 2066 3687 Com-

412 3721 598 3776 misso
646 3724 844 3775 autem
895 3718 1092 3790 prmlio
1142 3734 1322 3790 prope
1373 3733 1646 3789 magnam
1695 3719 2064 3776 Antiochiam

405 3811 595 3866 victus
625 3814 715 3865 est
747 3807 1064 3880 Longinus,
1097 3811 1155 3863 et
1182 3806 1275 3862 vix
1305 3806 1490 3874 solus,
1548 3808 1820 3864 universo
1874 3808 2065 3866 deleto

407 3899 689 3965 exercitu,
723 3897 1094 3953 Antiochiam
1128 3913 1190 3952 se
1222 3897 1456 3967 recepit,
1492 3895 1599 3952 Illo
1633 3897 1863 3953 viribus
1894 3897 2066 3972 longe

410 3987 714 4061 superiore
772 3986 1107 4042 exsistente.
1160 3985 1374 4040 Verum
1425 3986 1577 4042 Zeno
1626 3986 1914 4044 Joannem
1964 4006 2064 4060 pa-

406 4077 670 4147 tricium,
704 4075 1048 4148 cognomine
1082 4076 1360 4141 Curvum,
1394 4091 1524 4130 cum
1562 4093 1773 4148 magno
1823 4078 2066 4150 Scytha-

409 4183 539 4221 rum
572 4171 629 4221 et
675 4165 1059 4220 Macedonum
1114 4181 1288 4218 manu
1341 4163 1399 4218 in
1443 4163 1769 4220 Seleuciam
1824 4165 2062 4238 legavit,

409 4253 610 4325 ibique
666 4257 934 4309 conserto
986 4252 1203 4324 praelio,
1253 4251 1396 4307 Illus
1444 4268 1579 4307 cum
1630 4254 1754 4309 suis
1803 4255 2067 4311 devictus

408 4347 512 4398 est.
549 4342 660 4398 Sed
692 4341 825 4412 fuga
855 4341 914 4395 in
946 4341 1240 4412 quoddam
1271 4340 1577 4395 castellum
1609 4341 1847 4414 elapsus
1877 4361 1910 4398 a
1940 4344 2067 4399 suis

409 4431 748 4486 domesticis
776 4429 988 4485 Joanni
1018 4429 1304 4500 proditur,
1338 4447 1372 4484 a
1403 4446 1518 4500 quo
1566 4434 1624 4484 et
1671 4430 1882 4501 reliqui
1937 4432 2066 4502 ejus

409 4519 589 4575 duces
620 4518 1033 4591 comprehensi
1066 4517 1457 4590 decollatique
1509 4523 1666 4575 sunt.
1726 4524 2067 4591 Horumque

409 4609 703 4681 capitibus
736 4626 854 4664 una
882 4624 1016 4680 cum
1069 4608 1262 4679 capite
1312 4606 1398 4662 Illi
1451 4607 1628 4664 hastas
1673 4608 1869 4664 infixis
1916 4611 2064 4666 Con-

409 4697 861 4770 stantinopolim
895 4697 1226 4768 ingreditur
1254 4697 1529 4752 Joannes.
1566 4698 1846 4772 Caeterum
1879 4697 2066 4770 impe-

409 4788 556 4844 ravit
587 4787 731 4844 Illus
762 4803 997 4843 menses
1024 4785 1491 4857 quatuordccim.

721 4903 794 4958 De
825 4903 939 4958 loco
967 4910 1284 4973 nuncupata
1315 4901 1749 4958 Phocolisthum.

483 5011 696 5067 Locum
746 5009 1227 5082 cognominatum
1280 5008 1720 5065 Phocolisthum
1774 5010 1909 5066 inde
1958 5029 2065 5067 no-

413 5115 549 5157 men
619 5098 920 5170 accepisse
988 5097 1292 5154 contendit
1342 5097 1684 5154 Panodorus
1737 5099 2062 5172 rEgyptius,

408 5189 588 5260 quod,
625 5205 760 5244 cum
793 5187 1020 5243 Phocas
1051 5186 1376 5258 imperator
1425 5186 1557 5242 illac
1599 5203 1751 5259 equo
1797 5187 2064 5246 insidens

407 5277 814 5348 pertransiret,
846 5293 1036 5348 equus
1081 5276 1210 5346 ejus
1257 5276 1336 5330 ibi
1391 5275 1764 5347 cespitaverit
1809 5281 1867 5332 et
1915 5280 2062 5335 ceci-

408 5365 581 5435 derit,
613 5369 677 5421 ut
706 5365 788 5420 ait
817 5365 1161 5421 Panodorus
1186 5364 1523 5437 Egyptius;
1557 5365 1899 5423 Theodorus
1929 5384 2065 5425 vero

406 5452 718 5509 Thebanus
749 5453 1139 5526 philosophus
1172 5455 1307 5510 inde
1337 5471 1550 5510 nomen
1585 5455 1914 5513 obtinuisse
1957 5475 2064 5530 pu-

407 5541 512 5607 lat,
546 5542 698 5612 quod
731 5558 866 5596 cum
897 5546 1032 5598 ante
1070 5543 1520 5599 Constantinum
1571 5543 1849 5615 Magnum
1900 5545 2065 5604 locus

405 5629 505 5687 ille
535 5635 699 5686 extra
729 5631 937 5687 urbem
969 5636 1147 5701 esset,
1183 5632 1508 5705 multisque
1539 5633 1943 5704 frequentatus
1973 5635 2065 5692 la-

400 5720 696 5788 tronibus,
729 5719 830 5790 qui
859 5720 1150 5791 plurimos
1183 5721 1533 5794 Byzantinos
1565 5721 1722 5780 cives
1754 5723 2063 5783 interfece-

2175 3370 2203 3423 6
2253 3370 2414 3430 αὐτὸς
2470 3367 2680 3437 Ἵλλος,
2744 3369 2833 3423 καὶ
2885 3368 3022 3425 λαοῦ
3066 3368 3323 3444 ἀθροίσας
3372 3371 3417 3424 o'
3464 3365 3725 3444 χιλιάδας
3757 3363 3826 3425 εἷς

2178 3458 2525 3532 Ἀντιόχειαν
2564 3459 2662 3526 τὴν
2699 3456 2942 3534 μεγάλην
2993 3458 3129 3513 κατᾶ
3158 3463 3254 3512 τοῦ
3307 3461 3563 3530 Ζήνωνος
3593 3458 3828 3529 ἀντῇρεν,

2177 3547 2232 3599 Ὀ
2290 3542 2347 3600 δὲ
2405 3547 2592 3616 Ζήνων
2652 3545 2979 3610 ἀποστείλας
3041 3547 3308 3622 Λογγίνον
3380 3547 3680 3624 μάγιστρον
3737 3543 3819 3596 τὸν

2177 3632 2409 3712 ἀδελφὸν
2461 3635 2628 3689 αὐτοῦ
2679 3634 2815 3708 μετᾶ
2845 3632 3093 3706 πλήθους
3145 3641 3515 3712 στρατιωτῶν,
3564 3636 3654 3690 καὶ
3703 3651 3829 3704 συμο

2175 3719 2351 3793 ϐολῆς
2383 3723 2634 3796 πολέμου
2663 3725 2961 3799 γενομένης
3013 3726 3224 3795 ἡττήθη
3283 3725 3547 3802 Λογγίνος
3597 3719 3821 3792 πλησίον

2177 3811 2516 3888 Ἀντιοχείας
2560 3815 2660 3882 τῆς
2714 3811 2994 3886 μεγάλης,
3044 3813 3135 3866 καὶ
3193 3811 3357 3886 μόλις
3403 3815 3568 3887 μόνος
3600 3809 3821 3875 διεσώθη

2176 3903 2228 3958 ἒν
2282 3906 2352 3976 τῇ
2407 3903 2744 3976 ’Δντιοχείᾳ,
2777 3906 2872 3956 τοῦ
2905 3899 3042 3956 λαοῦ
3092 3901 3257 3957 αὐτοῦ
3313 3903 3514 3965 παντὸς
3571 3916 3828 3974 κατασφαο

2174 3992 2383 4065 γὲντος·
2435 3990 2526 4044 καὶ
2576 3987 3050 4046 κατεδυνάστεισεν
3110 3989 3301 4052 ’Ἱλλος
3360 3989 3592 4070 σφόδρα.
3652 3991 3710 4046 Ὁ
3773 3981 3824 4038 δὶ

2179 4082 2356 4150 Ζήνων
2389 4076 2702 4134 ἀπέστειλεν
2751 4080 3006 4150 Ἰωάννην
3060 4081 3373 4155 πατρίκιον,
3429 4083 3522 4136 τὸν
3584 4073 3823 4149 ἐπιλεγό-

2179 4189 2340 4241 μενον
2419 4167 2618 4244 Κυρτὸν
2655 4210 2668 4236 ,
2746 4168 2880 4242 μετὰ
2947 4170 3169 4223 Σκυθῶν
3242 4169 3330 4224 καὶ
3393 4167 3714 4228 Μακεδόνων
3771 4161 3816 4215 ἐν

2178 4254 2464 4328 Σελευκίᾳ.
2509 4258 2597 4312 καὶ
2658 4252 3034 4330 συμϐαλόντες
3092 4257 3366 4332 πόλεμον,
3415 4259 3724 4330 ἡττήθησαν
3773 4246 3819 4304 οἷ

2175 4349 2273 4399 τοῦ
2332 4344 2528 4420 μέρους
2579 4349 2676 4400 τοῦ
2733 4343 2949 4415 Ἴλλου,
3003 4347 3094 4402 καὶ
3158 4350 3341 4425 φυγὼν
3403 4346 3592 4408 ’Ἱλλος
3624 4340 3673 4399 ἓν
3721 4358 3817 4394 τινι

2177 4434 2422 4511 φρουρίῳ
2469 4431 2746 4509 παρεδόθη
2811 4435 2914 4490 ὑπὸ
2947 4439 3055 4490 σῶν
3089 4435 3306 4491 οἰκείων
3341 4437 3506 4492 αὐτοῦ
3539 4431 3820 4510 ἀνθρώπων

2175 4524 2312 4598 πρὸς
2346 4521 2724 4594 Ἰωάννην,καὶ
2757 4519 3173 4597 συλλαϐόμενος
3201 4525 3329 4590 τοὺς
3360 4524 3638 4602 ἄρχοντας
3670 4516 3819 4574 αὐτοῦ

2102 4630 2144 4696 D
2179 4612 2312 4686 μετᾶ
2338 4619 2438 4682 τῆς
2468 4612 2668 4667 τούτου
2697 4611 2864 4690 κάρας
2889 4612 3182 4689 εἰσήγαγεν
3217 4613 3292 4677 εἷς
3322 4607 3818 4670 Κωνσταντινούπο-

2176 4699 2288 4770 λιν,
2320 4699 2408 4756 ἐπὶ
2467 4698 2670 4776 δόρατα
2707 4689 2804 4766 τὰς
2849 4700 3088 4781 κεφαλὰς
3129 4705 3330 4780 φὲρων,
3363 4703 3715 4780 Ἐτυράννησε
3767 4689 3817 4745 δὲ

2172 4788 2357 4858 ’Ἱλλος
2393 4797 2570 4864 μῆνας
2604 4788 2690 4847 ιδ’.

2497 4908 2628 4983 Περὶ
2657 4907 2720 4962 τὸ
2749 4907 3088 4983 καλούμενον
3129 4907 3510 4973 Φωκόλισθον.

2243 5017 2363 5069 Ὅτι
2425 5014 2490 5070 τὸ
2521 5013 2820 5090 λεγόμενον
2867 5015 3238 5091 φωκόλισθον,
3270 5011 3504 5094 ἔφιππος
3536 5009 3757 5090 βαδίζων

2177 5109 2373 5165 Φωκᾶς
2436 5103 2714 5179 βασιλεὺς,
2790 5102 3096 5176 ὠλίσθησεν
3159 5107 3186 5159 6
3249 5103 3423 5168 ἵππος
3495 5104 3656 5159 αὐτοῦ
3730 5089 3808 5148 καῖ

2175 5189 2350 5248 ἔπεσε’
2401 5193 2494 5246 καὶ
2526 5189 2615 5247 διὰ
2638 5197 2800 5248 τοῦτο
2832 5193 3039 5266 ἐκλήθη
3075 5194 3459 5264 Φωκόλισθον,
3491 5187 3662 5250 καθώς
3693 5198 3812 5262 φησι

2174 5279 2555 5370 Πᾳνόδωροςρ
2613 5280 2936 5358 Αΐγόπτιος·
2975 5285 3003 5338 6
3065 5281 3123 5338 δὲ
3169 5281 3453 5361 Θεόδωρος
3502 5283 3530 5337 6
3585 5269 3812 5370 Θηϐαῖος

2177 5369 2481 5448 φιλόσοφος
2509 5368 2609 5437 ὢν,
2639 5371 2745 5447 πρὸ
2787 5376 2886 5427 τοῦ
2935 5373 3188 5448 Μεγάλου
3238 5369 3640 5429 Κωνσταντίνου
3693 5368 3811 5438 φησι

2179 5457 2371 5530 ἔξωθεν
2403 5466 2503 5530 τῆς
2534 5458 2752 5523 πόλεως
2799 5461 3090 5534 Βύζαντος,
3153 5461 3347 5536 λῃσταὶ
3401 5457 3600 5519 πολλοὶ
3659 5452 3810 5519 ὗπῆρ’

2175 5551 2419 5624 χοννκαὶ
2451 5547 2701 5613 πολλοὺς
2748 5550 3072 5620 Βυζαντίους
3127 5551 3364 5610 ἀνεῖλον.
3423 5551 3484 5608 Ὁ
3541 5544 3595 5601 δὲ
3648 5537 3810 5624 Μέγας

2175 5644 2580 5702 Κωνσταντῖνος
2655 5639 2790 5713 μετᾶ
2859 5641 2922 5695 τὸ
2987 5641 3258 5716 πορθῆσαι
3335 5641 3424 5696 καὶ
3494 5633 3660 5692 κτίσαι
3715 5623 3803 5689 τὴν

2174 5725 2361 5799 πόλιν,
2424 5729 2608 5801 μαθὼν
2659 5728 2784 5804 περὶ
2832 5733 2941 5784 τῶν
2999 5726 3213 5803 λῃστῶν
3272 5731 3362 5786 καὶ
3413 5717 3800 5792 συλλαϐόμενος
