4124 6454
329 479 486 540 1257

1469 471 1830 536 ΑΝΟΝΥΜΙ
1874 470 2464 544 ANTIQUITATES
2513 474 2632 536 GP.

3599 481 3757 543 1258

328 608 524 672 αὑτοὺς
569 607 739 664 ἐκεῖσε
785 603 1110 683 ἐφούλκισεν
1156 603 1374 666 αὐτούς.
1427 605 1524 666 Διὰ
1567 608 1730 660 τοῦτο
1781 599 1973 673 έκλήθτ

2103 607 2254 674 rant,
2333 607 2758 664 Constantinus
2808 607 3061 680 Magnus
3112 609 3431 668 destructis
3461 613 3758 674 veteribus

327 700 392 754 τὸ
423 695 603 772 ὄνομα
631 700 727 751 τοῦ
755 695 927 750 τόπου
961 693 1413 763 Φουλκόκηστον.

2103 693 2274 748 urbis
2305 695 2590 767 aediliciis,
2623 698 2908 769 novisque
2958 697 3243 767 excitatis,
3274 700 3373 756 ubi
3405 717 3526 758 rem
3574 705 3755 760 resci-

323 791 408 846 vit
465 789 728 845 latrones
787 787 951 859 ipsos
1009 785 1466 858 comprehensos
1527 785 1674 841 inibi
1733 783 1916 840 furcis
1962 781 2169 839 afﬂxit.
2221 785 2348 848 Qua
2396 785 2466 840 de
2515 802 2576 842 re
2625 785 2788 843 locus
2819 785 2917 843 ille
2947 793 3330 861 nuncupatus
3361 790 3472 847 fuit
3501 792 3754 850 Phulco-

321 881 564 937 lestum.

393 984 526 1057 Περὶ
611 983 680 1037 τά
756 978 1372 1107 λεγόμεναθιῐὶῖντάρια
1455 981 1530 1044 εἱς
1614 981 1715 1050 τὴν
1799 978 1982 1056 Ἀγίαν

1082 1074 1139 1107 εκ
1181 1074 1272 1107 ην.

1082 1074 1246 1124 εκΛην
1261 1096 1272 1111 .

394 1146 519 1204 ’Ότι
575 1144 643 1198 τὰ
699 1140 970 1217 λεγόμενα
1043 1143 1339 1216 Κοντάρια,
1391 1141 1418 1195 6
1477 1142 1630 1217 ἅγιος
1685 1142 1984 1216 Γεώργιος,

324 1233 414 1289 ὅτε
441 1233 609 1302 ἦλθεν
645 1232 673 1286 6
729 1228 984 1306 βασιλεὺς
1034 1229 1250 1304 Θρᾴκης
1301 1229 1440 1305 πρὸς
1485 1230 1750 1298 Βόζαντα,
1784 1225 1982 1301 ἔκοψαν

325 1325 377 1378 οἱ
405 1323 671 1393 Βόζαντες
703 1319 763 1376 έκ
791 1325 900 1376 τῶν
952 1319 1122 1374 ἐκεῖσε
1157 1319 1341 1375 τόπων
1380 1319 1658 1394 κοντάρια,
1690 1317 1780 1373 καὶ
1811 1317 1984 1380 οὕτως

325 1412 532 1484 ἐκλήθη
587 1413 614 1467 6
671 1409 842 1474 τόπος
891 1409 1182 1485 Κοντάρια.
1253 1410 1314 1467 Ὀ
1374 1405 1432 1463 δὲ
1484 1407 1648 1484 μέγας
1705 1414 1984 1465 Κωνσταν-

323 1508 468 1565 τῖνος
523 1501 804 1576 ἀνήγειρεν
861 1497 1032 1554 ἐκεῖσε
1107 1499 1234 1553 ναὸν
1297 1497 1400 1564 τῆς
1458 1496 1744 1552 Θεοτόκου.
1805 1497 1868 1553 Ὁ
1925 1491 1982 1550 δὶ

323 1593 614 1653 Ἰουστῖνος
674 1591 702 1644 ὁ
770 1587 1424 1666 Πρωτοκουροπαλάτης,
1485 1589 1512 1642 ὁ
1581 1587 1718 1658 ἀνὴρ
1778 1585 1979 1664 Σοφίας

318 1688 422 1751 τῆς
481 1675 692 1750 Λοϐῆς,
737 1678 813 1741 εἷς
870 1677 1080 1742 κάλλος
1129 1679 1220 1732 καὶ
1284 1676 1513 1753 μέγεθος
1571 1675 1837 1732 ἑπλάτυνε
1885 1675 1976 1731 τὸν

318 1774 568 1826 τοιοῦνον
624 1768 775 1841 ναὸν,
834 1768 923 1823 καὶ
993 1767 1316 1841 ἐπωνόμασε
1387 1771 1578 1823 τοῦτον
1636 1773 1736 1836 τῆς
1793 1765 1979 1842 Ἀγίας

323 1858 560 1931 Θέκλης.

319 1967 451 2045 Περὶ
511 1973 612 2038 τῆς
645 1973 820 2041 μονῆς
900 1969 998 2052 τοῖς)
1041 1963 1276 2052 navist)“
1313 1963 1543 2040 Σεργίου
1603 1965 1695 2019 καὶ
1755 1963 1980 2039 Βάκχου
2015 1987 2062 2052 Β

931 2037 999 2093 τά
1041 2034 1370 2113 Ὀρμίσδου.

391 2131 513 2188 ’Ὁτι
559 2127 626 2184 τά
673 2125 992 2200 καλούμενα
1039 2124 1360 2202 Ὁρμίσδου,
1419 2126 1592 2200 λιμὴν
1651 2128 1718 2194 ἦν
1769 2125 1985 2199 μικρὸς,

320 2218 374 2276 ἰν
432 2219 478 2292 ᾧ
535 2219 562 2272 6
635 2217 803 2294 μέγας
875 2216 1258 2278 Ἰουστινιανὸς
1322 2211 1662 2291 ἐχρημάτισε
1726 2217 1983 2287 κοιτῶνα,

319 2306 410 2364 καί
469 2305 723 2380 ὠνόμασε
777 2306 1002 2382 Σέργιον
1081 2305 1169 2360 καὶ
1250 2306 1492 2379 Βάκχον.
1561 2303 1836 2365 Ὡσαύτως
1893 2302 1983 2358 καὶ

308 2395 488 2472 ἓτερον
520 2397 646 2451 ναὸν
677 2400 784 2451 τῶν
821 2395 988 2470 άγίων
1022 2393 1397 2460 Ἀποττόλων,
1445 2391 1532 2448 ὅτε
1581 2394 1672 2448 τὸν
1736 2392 1981 2468 χρισμὸν

323 2482 512 2542 ἔλαϐεν
549 2486 808 2541 ὑποκάτω
841 2490 946 2540 τῶν
1003 2481 1310 2562 βαθμίδων,
1370 2483 1461 2539 ὅτε
1507 2483 1595 2538 καὶ
1625 2483 1724 2552 τὴν
1768 2484 1980 2560 σφαγὴν

320 2575 399 2640 εἷς
456 2575 700 2631 Ἱππικὸν
751 2573 946 2632 ἐποίει.
1001 2573 1246 2646 Ἐκλήθη
1311 2571 1368 2629 δὲ
1425 2572 1730 2630 Ἰουλιανοῦ
1788 2574 1981 2646 λιμὴν,

317 2665 402 2721 ὅτι
437 2667 465 2720 6
497 2665 686 2728 κτίσας
719 2661 892 2726 οὕτως
917 2661 1186 2721 ἰκαλεῖτο.

868 2771 1000 2845 Περὶ
1024 2775 1126 2826 τοῦ
1159 2777 1440 2826 Βουκινου.

393 2861 470 2917 Τὸ
529 2859 789 2916 Βοῦκινον
837 2861 898 2916 τὸ
940 2859 1198 2933 παλαιὸν,
1259 2858 1553 2938 σάλπιγγες
1607 2859 1742 2929 ἦσαν
1797 2857 1978 2914 ἐπάνω

317 2953 418 3004 τοῦ
449 2949 673 3024 τείχους
701 2969 716 2982 '
766 2949 828 3004 τὸ
882 2947 939 3004 δὶ
985 2954 1173 3024 τεῖχος
1231 2947 1485 3004 ὑποκάτω
1529 2951 1595 3018 ἦν
1649 2947 1979 3024 συριγγῶδές

327 3041 558 3111 κοῦφον.
607 3038 706 3092 Καὶ
767 3035 855 3093 ὅτε
909 3037 975 3106 ἦν
1036 3039 1192 3101 νότος
1246 3034 1281 3106 ἤ
1346 3036 1569 3113 βοῤῥὰς,
1630 3034 1880 3114 σφοδρῶς
1920 3036 1979 3092 ἐκ

320 3129 428 3180 τῶν
490 3127 742 3200 κυμάτων
795 3133 894 3195 τῆς
951 3123 1226 3198 θαλάσσης
1285 3125 1721 3200 ἁποκρουούσης,
1775 3125 1974 3181 ἐκεῖθεν

327 3215 604 3291 ἀνήρχετο
666 3214 840 3291 βίαιον
895 3220 1109 3290 πνεῦμα
1169 3215 1258 3270 καὶ
1302 3219 1410 3290 ἦχε
1463 3213 1762 3289 μελῳδίαν,
1817 3213 1973 3286 δίκην

323 3311 594 3379 σειρῆνος,
625 3305 715 3360 καὶ
761 3303 1044 3379 ἀντέλεγεν
1095 3305 1122 3360 ὁ
1170 3301 1350 3380 ἕτερος
1395 3303 1599 3379 πύργος
1641 3305 1670 3358 ὁ
1701 3301 1972 3376 ἄντικρυς.

318 3395 338 3413 (Ι
527 3395 544 3412 ‘
623 3391 650 3414 il
951 3401 976 3412 υ
1156 3396 1168 3412 ε
1341 3404 1366 3414 οι
1408 3395 1420 3411 \
1637 3393 1648 3412 Ι
1957 3399 1980 3410 υ

344 3398 444 3449 Οτε
497 3391 556 3449 δε
613 3392 780 3464 ηθελε
853 3415 1071 3464 κινησαι
1173 3401 1460 3468 Ρωμαικος
1557 3393 1774 3462 στολος,
1868 3393 1978 3448 έκει

319 3483 668 3558 ἡθροίζοντο,
699 3483 792 3538 καὶ
834 3483 968 3539 κατᾶ
1003 3484 1093 3540 τὸν
1143 3485 1290 3561 ἦχον
1334 3487 1441 3540 τῶν
1493 3483 1718 3560 πίιργων
1753 3483 1977 3538 ἐσάλπι-

315 3577 404 3642 ζον
432 3573 486 3628 αἱ
517 3581 668 3645 νῆες,
701 3575 788 3629 καὶ
819 3571 1045 3628 ἐκίνουν.

715 3771 843 3846 Περὶ
875 3776 975 3840 τῆς
1010 3769 1214 3849 Σοφίας
1241 3769 1336 3826 τὸν
1362 3767 1583 3842 λιμένα.

385 3861 484 3915 Τὸν
565 3857 764 3934 λιμένα
837 3867 938 3930 τῆς
1015 3859 1218 3939 Σοφίας
1281 3861 1572 3922 Ἰουστῖνος
1629 3857 1835 3916 ἔκτισεν
1903 3861 1978 3936 εἷς

315 3949 615 4026 πρόσωπον
663 3955 765 4019 τῆς
809 3951 1070 4026 γυναικὸς
1115 3950 1282 4004 αὐτοῦ
1331 3949 1560 4026 Σοφίας.
1621 3950 1734 4024 Πρὸ
1786 3947 1842 4004 δὲ
1879 3956 1976 4005 τοῖ’)

314 4039 599 4108 κτισθῆναι
657 4038 748 4093 τὸν
807 4037 1008 4112 λιμένα
1080 4037 1300 4113 ὑπῆρχε
1375 4037 1506 4093 στοὰ
1579 4036 1974 4115 καμαροειδὴς,

319 4125 386 4196 ἤν
449 4123 654 4182 ἔκτισεν
708 4129 736 4183 ὁ
795 4129 978 4204 Μέγας
1035 4130 1456 4195 Κωνσταντῖνος,
1515 4127 1605 4182 καὶ
1663 4128 1974 4204 ἆνήρχοντο

319 4217 373 4271 οἱ
431 4215 746 4294 φιλόσοφοι,
780 4215 832 4271 ο⁹ί
861 4237 918 4271 τε
947 4211 1179 4287 Θηϐαῖοι
1221 4216 1309 4271 καὶ
1341 4217 1647 4284 Ἀθηναῖοι,
1675 4218 1766 4272 καὶ
1798 4215 1973 4273 διελέ-

311 4326 475 4380 γοντο
519 4305 656 4379 μετὰ
699 4310 808 4360 τῶν
860 4304 1105 4361 πολιτῶν
1155 4304 1471 4384 φιλοσόφων
1509 4325 1521 4338 ·
1577 4305 1666 4361 καὶ
1723 4305 1976 4382 διήρκεσε

309 4399 476 4450 τοῦτο
538 4396 694 4471 μέκρι
753 4399 850 4451 τοῦ
928 4396 1244 4464 Ἰουστίνου,
1320 4395 1408 4450 καὶ
1483 4396 1714 4451 πάντοτε
1786 4396 1974 4452 ἐνίκων

309 4485 363 4540 οἱ
411 4481 638 4542 δυτικοί.
693 4485 818 4542 Ἐπὶ
869 4482 928 4539 δὲ
975 4483 1269 4541 Ἰουστίνου
1317 4485 1664 4555 ἡττηθέντες.
1715 4483 1973 4541 οὐδέποτε

308 4574 552 4644 ἀνῆλθον
608 4573 774 4651 μέχρι
840 4577 940 4640 τῆς
1018 4576 1282 4648 σήμερον.
1349 4576 1574 4630 "Eme-ce
1648 4571 1972 4638 διελθόντων

307 4664 554 4740 χρόνων,
600 4663 808 4739 ἐγένετο
859 4663 1062 4742 Σοφίαν
1105 4664 1205 4732 τὴν
1263 4663 1572 4740 Αὐγοόσταν
1612 4662 1861 4719 ’ίστασθαι
1893 4665 1968 4727 εἱς

2225 982 2299 1036 De
2328 981 2440 1037 loco
2471 983 2569 1053 qui
2597 983 2915 1055 appellatur
2937 985 3230 1055 Contaria
3260 986 3332 1041 ad
3359 995 3614 1045 sanctam

2779 1054 3066 1112 Theclam.

2165 1142 2352 1197 Locus
2401 1142 2675 1200 Contaria
2724 1145 2939 1212 dictus,
2996 1145 3116 1201 sive
3146 1146 3399 1202 Sanctus
3432 1149 3741 1222 Georgius,

2093 1228 2230 1284 inde
2257 1247 2470 1286 nomen
2494 1233 2740 1304 accepit,
2777 1235 2955 1304 quod,
2989 1249 3126 1289 cum
3150 1233 3412 1291 Thraciae
3445 1253 3544 1292 rex
3571 1255 3746 1311 expe-

2093 1317 2379 1375 ditionem
2411 1325 2616 1376 contra
2673 1326 2986 1394 Byzantem
3041 1325 3426 1396 suscepisset,
3485 1328 3750 1400 Byzantii

2091 1407 2226 1462 inde
2283 1409 2478 1465 hastas
2529 1411 2867 1466 exciderint.
2920 1412 3344 1470 Constantinus
3398 1420 3594 1472 autem
3630 1435 3749 1473 ma-

2091 1513 2245 1569 gnus
2277 1499 2563 1572 templum
2597 1499 2676 1554 ibi
2707 1499 2934 1572 Virgini
2967 1501 3226 1573 Deipare
3259 1505 3566 1573 exstruxit,
3593 1507 3748 1576 quod

2093 1593 2295 1659 postea
2323 1589 2596 1645 Justinus
2629 1589 3202 1661 Protocuropalates,
3251 1592 3466 1662 conjux
3520 1595 3750 1667 Sophia;

2093 1678 2274 1733 Lobes
2305 1678 2611 1750 ampliavit
2663 1680 3100 1752 exornavitque,
3135 1697 3200 1735 ac
3250 1681 3471 1737 Sanctae
3519 1683 3748 1740 Thecla:

2092 1766 2485 1839 appellatione
2515 1767 2773 1825 donavit.

2214 1965 2289 2020 De
2315 1967 2655 2022 monasterio
2687 1965 2742 2021 S.
2761 1965 2966 2092 gergii
2985 1974 3046 2092 ,ἵε
3075 1967 3278 2024 Bacchi
3306 1983 3626 2038 cognomine

2809 2055 2998 2092 ormzs.
3020 2055 3084 2092 ae.

2809 2055 3084 2093 armisaae.

2170 2127 2355 2182 Locus
2385 2127 2578 2183 dictus
2609 2127 2956 2198 Hormisdac,
2988 2145 3204 2200 parvus
3253 2133 3378 2184 erat
3425 2138 3649 2202 portus,
3683 2129 3744 2186 in

2097 2234 2212 2289 quo
2259 2217 2635 2273 Justinianus
2683 2234 2935 2290 magnus
2987 2217 3409 2274 monasterium
3460 2219 3747 2275 exstruxit

2096 2307 2333 2362 nomine
2365 2306 2552 2378 Sergii
2587 2315 2639 2361 et
2671 2307 2876 2362 Bacchi
2904 2327 2918 2372 ;
2954 2312 3011 2362 et
3039 2306 3329 2380 templum
3381 2308 3600 2380 pariter
3641 2309 3744 2364 SS.

2093 2397 2514 2470 apostolorum,
2547 2414 2612 2453 eo
2637 2397 2790 2468 quod
2824 2397 3039 2452 ibidem
3072 2397 3274 2453 subter
3303 2398 3523 2471 gradus
3569 2397 3744 2454 inun-

2092 2495 2224 2544 ctus
2257 2490 2385 2556 fuit,
2414 2506 2547 2544 cum
2581 2493 2831 2560 stragem
2883 2489 2944 2543 in
2997 2487 3388 2561 Hippodromo
3438 2487 3742 2544 edidisset.

2093 2578 2375 2634 Praeterea
2417 2577 2750 2650 appellatus
2797 2577 2908 2633 iuit
2943 2577 3166 2632 Juliani
3199 2582 3426 2650 portus,
3461 2579 3742 2650 quoniam

2091 2668 2176 2722 sic
2207 2668 2335 2738 ejus
2366 2668 2634 2723 conditor
2659 2671 3052 2740 nuncupatur.

2533 2775 2612 2830 De
2645 2775 2756 2830 loco
2793 2774 2942 2830 dicio
2976 2776 3292 2831 Buccinum.

2161 2867 2224 2920 In
2255 2863 2383 2919 loco
2414 2869 2754 2935 nuncupata
2787 2863 3129 2933 Buccinum,
3181 2863 3318 2920 olim
3378 2881 3560 2937 supra
3608 2881 3743 2921 mu-

2089 2971 2220 3010 rum
2253 2953 2521 3010 Buccinaa
2553 2953 2948 3022 exstabant,et
2979 2953 3134 3008 muri
3155 2953 3275 3008 ima
3307 2971 3442 3026 pars
3473 2955 3743 3011 adiustar

2088 3043 2294 3098 ﬁstulae
2327 3059 2580 3098 concava
2609 3047 2754 3098 erat.
2807 3046 2947 3096 Cum
2989 3059 3122 3098 vero
3173 3049 3371 3098 auster
3414 3043 3503 3099 vel
3534 3045 3744 3100 boreas

2086 3129 2492 3185 vehementius
2523 3128 2710 3195 ﬂaret,
2756 3146 2826 3184 ex
2875 3129 3156 3184 ﬂuctibus
3199 3133 3380 3186 maris
3437 3147 3503 3186 eo
3555 3131 3743 3189 aliisis

2089 3218 2333 3290 spiritus
2381 3219 2696 3273 vehemens
2754 3217 3130 3282 ascendebat,
3181 3235 3246 3273 ac
3299 3219 3512 3275 sirenis
3547 3221 3732 3276 inslar

2091 3308 2297 3364 edebat
2354 3311 2729 3376 concentum,
2790 3307 3221 3378 rescnabatque
3277 3307 3499 3378 pariter
3554 3308 3738 3364 altera

2091 3397 2272 3453 turris
2299 3397 2588 3468 opposita.
2624 3395 2766 3451 Cum
2797 3413 2931 3451 vero
2962 3395 3156 3465 aliquo
3209 3397 3539 3468 profectura
3587 3403 3743 3454 esset

2091 3488 2356 3542 Romana
2385 3486 2612 3554 classis,
2647 3485 2788 3540 illuc
2817 3486 3308 3557 congregabatur,
3337 3491 3394 3542 et
3416 3488 3588 3558 juxta
3617 3491 3741 3543 tur-

2091 3577 2244 3638 rium
2277 3593 2489 3632 sonum
2521 3575 2580 3630 in
2625 3575 2874 3631 navibus
2928 3591 3160 3647 quoque
3211 3575 3356 3630 tuba
3401 3576 3743 3644 cauebatur,

2090 3671 2267 3737 atque
2298 3666 2382 3721 ita
2423 3665 2856 3722 discedebatur.

2623 3773 2700 3828 De
2724 3780 2895 3843 portu
2922 3771 3221 3842 Sophiano.

2160 3863 2400 3918 Portum
2431 3860 2799 3933 Sepbianum
2835 3861 3100 3916 condidit
3143 3861 3422 3918 Justinus
3471 3863 3742 3936 conjugis

2085 3969 2203 4008 suae
2235 3951 2466 4022 Sophia:
2498 3950 2755 4007 nomine.
2786 3952 3118 4021 Antequam
3162 3967 3297 4006 vero
3339 3955 3578 4023 portum
3639 3969 3739 4009 ex-

2086 4031 2412 4110 str'uxisset,
2447 4042 2573 4094 erat
2629 4037 2710 4094 ibi
2769 4038 2990 4093 fornice
3047 4039 3332 4095 instructa
3403 4039 3664 4111 porticus
3715 4059 3749 4097 a

2086 4128 2471 4185 Constantino
2504 4143 2718 4198 magno
2769 4127 3076 4197 aediﬁcata,
3111 4127 3168 4182 in
3205 4145 3378 4200 quam
3413 4127 3748 4202 philosophi

2085 4219 2345 4276 Thebani
2381 4218 2604 4290 pariter
2655 4234 2722 4272 ac
2773 4217 3165 4273 Athenienses
3221 4218 3643 4276 conveniebant
3675 4221 3748 4275 ad

2084 4309 2498 4364 disserendum
2530 4323 2662 4361 cum
2721 4305 3094 4378 philosophis
3143 4308 3744 4380 Constantinopolita-

2085 4398 2212 4466 nis;
2248 4397 2402 4469 quod
2437 4411 2625 4466 usque
2657 4396 2729 4450 ad
2760 4394 2981 4450 Justini
3033 4399 3300 4467 tempora
3353 4397 3573 4453 factum
3631 4404 3742 4466 est,

2082 4503 2314 4558 semper
2367 4485 2669 4540 victoriam
2747 4485 3192 4555 reportantibus
3254 4485 3742 4558 occidentalibus,

2082 4579 2182 4649 qui
2241 4575 2425 4631 semel
2459 4575 2571 4630 sub
2601 4573 2838 4629 Justino
2867 4574 3032 4641 victi,
3087 4590 3392 4645 nunquam
3425 4582 3628 4648 postea
3667 4579 3738 4633 ad

2083 4668 2438 4724 hodiernum
2507 4679 2698 4735 usque
2750 4663 2907 4719 diem
2963 4664 3179 4718 reversi
3239 4669 3397 4721 sunt.
3456 4665 3737 4722 Caeterum

309 4753 406 4808 τὸν
436 4752 668 4824 ἡλιακὸν
702 4759 798 4808 τοῖ’)
829 4752 1120 4822 παλατίου,
1171 4753 1262 4809 καὶ
1311 4753 1493 4828 ὁρῶσα
1537 4753 1604 4808 τὰ
1633 4753 1803 4810 πλοῖα
1833 4754 1966 4809 κλυ⁹

2092 4755 2318 4827 aliquot
2377 4752 2736 4824 interjectisl
2762 4753 2934 4807 annis
2969 4753 3200 4819 accidit,
3235 4755 3301 4806 ut
3331 4757 3493 4808 stans
3527 4754 3747 4826 Sepbia

307 4839 649 4915 δωνιζόμενα
695 4845 747 4897 ἰν
798 4847 868 4915 τῇ
919 4841 1166 4918 θαλάσσῃ
1215 4844 1304 4897 καὶ
1356 4841 1828 4918 σπλαγχνισθεῖτα
1864 4840 1965 4919 ἤρ-

303 4933 434 5004 ξατο
491 4929 802 5009 ὀδύρεσθαι,
875 4936 966 4987 καί
1016 4937 1396 5009 προσελθοῦσα
1460 4933 1535 4996 εἰς
1588 4933 1680 4988 τὸν
1741 4933 1966 5009 βασιλέα

300 5021 398 5077 τὸν
433 5018 602 5096 ἄνδρα
631 5021 824 5092 αὐτῆς,
857 5021 947 5076 καὶ
996 5021 1259 5078 ἱκέτευσεν
1309 5021 1468 5077 αὐτὸν
1514 5020 1665 5084 ὅπως
1702 5023 1962 5098 παράσχῃ

305 5107 446 5183 αὐτῇ
497 5109 723 5185 χρυσίον
797 5111 978 5166 ἱκανὸν
1029 5110 1107 5174 εἴς
1175 5112 1240 5166 τὸ
1287 5117 1514 5182 ποιῆσαι
1576 5109 1768 5184 λιμένα
1803 5131 1814 5145 ·
1873 5113 1960 5166 καὶ

305 5198 744 5276 ἐπικαμφθέντος
769 5203 840 5276 τῇ
887 5199 1089 5270 ταύτης
1131 5199 1366 5271 αἶ’τήσει,
1413 5197 1706 5277 προσέταξε
1753 5205 1962 5276 Ναρσῇ³

296 5291 386 5361 τῷ
445 5289 721 5366 πατρικίῳ
767 5289 857 5346 καὶ
904 5289 1272 5366 πραιποσίτῳ,
1302 5290 1394 5344 καὶ
1439 5289 1694 5365 Τρωίλῳ,
1746 5311 1963 5366 πρωτο-

299 5371 607 5456 ϐεστιαρίῳ
637 5379 822 5449 αὐτοῦ,
871 5379 1050 5436 κτίσαὶ
1097 5380 1189 5435 τὸν
1235 5377 1434 5453 λιμένα
1466 5397 1478 5411 ⁸
1533 5379 1585 5436 ο⁹ί
1612 5380 1704 5436 καὶ
1738 5380 1966 5456 βόθυνον

306 5467 478 5544 μέγαν
507 5467 787 5545 ἆρόξαντες
839 5465 1272 5543 ἀνῳκοδόμησαν
1328 5473 1543 5527 τοῦτον.
1595 5470 1688 5525 Διὸ
1733 5469 1824 5525 καὶ
1861 5472 1962 5540 τήν

295 5557 680 5636 προσηγορίαν
732 5557 948 5634 εἷ’ληφε.
1005 5559 1182 5617 Μέσον
1231 5555 1290 5613 δὶ
1331 5562 1427 5613 τοῦ
1458 5555 1682 5632 λιμένος
1711 5559 1964 5636 ἀνήγειρε

297 5645 516 5720 στήλας
543 5645 612 5718 δ’,
663 5647 844 5704 ἐπάνω
891 5653 998 5704 τῶν
1043 5647 1088 5704 δ’
1141 5650 1362 5718 κιόνων,
1413 5648 1612 5726 Σοφίας
1661 5650 1748 5704 καὶ
1800 5650 1961 5719 ’Δρα-

290 5731 417 5800 ϐίας
463 5744 565 5809 τῆς
613 5739 838 5813 άνεῳιᾶς
884 5738 1069 5808 αὐτοῦ,
1121 5738 1412 5795 Ἰουστίνου
1471 5737 1561 5794 καὶ
1619 5739 1807 5814 Ναρσῆ
1864 5743 1962 5794 τοῦ

293 5825 478 5884 ὶκεῖσε
536 5827 940 5906 παρισταμένου
978 5849 992 5864 ·
1072 5827 1126 5900 ἐξ
1200 5831 1272 5883 ὧν
1347 5829 1401 5884 αἱ
1461 5827 1556 5884 δύο
1615 5829 1961 5908 ἀφῃρέθησαν

621 5959 884 6021 ΡΑτεοι,
936 5959 1047 6020 Gn.
1096 5955 1335 6020 CXXII.

2077 4848 2348 4917 Augusta
2381 4843 2440 4898 in
2474 4842 2690 4899 solario
2723 4840 2948 4913 palatii,
2983 4856 3160 4895 naves
3202 4840 3426 4896 videret
3478 4841 3538 4898 in
3589 4844 3737 4899 mari

2076 4934 2360 4990 ﬂuctibus
2391 4932 2623 5002 agitari.
2674 4934 2864 4996 Quare
2913 4929 3427 4986 commiseratione
3473 4938 3738 5003 permota

2077 5021 2392 5078 lamentari
2424 5021 2620 5094 cmpit,
2655 5019 3060 5090 accedensque
3089 5017 3163 5074 ad
3201 5019 3512 5091 conjugem
3554 5022 3734 5093 impe-

2075 5117 2372 5182 ratorem,
2429 5111 2692 5183 rogavit,
2753 5111 2920 5164 daret
2976 5108 3091 5163 sibi
3151 5109 3544 5165 necessariam
3603 5114 3732 5169 auri

2073 5201 2300 5274 copiam
2335 5202 2408 5256 ad
2447 5199 2908 5256 construendum
2954 5201 3212 5270 portum.
3249 5201 3572 5270 Imperator
3600 5202 3732 5272 ejus

2074 5291 2344 5364 petitioni
2379 5290 2612 5358 annuit,
2644 5293 2700 5344 et
2731 5289 2933 5344 Nersae
2965 5287 3209 5360 patricio
3246 5291 3303 5343 et
3323 5291 3634 5361 praeposito
3665 5309 3731 5348 ac

2072 5381 2268 5437 Troilo
2301 5377 2742 5452 protovestiario
2773 5394 2880 5434 suo
2913 5381 3118 5450 portus
3147 5377 3480 5433 exstruendi
3513 5395 3730 5436 munus

2073 5470 2350 5541 injunxit,
2376 5469 2470 5540 qui
2494 5469 2670 5524 ducta
2696 5468 2919 5540 ingenti
2953 5467 3115 5523 fossa
3134 5470 3368 5540 portum
3392 5469 3726 5529 condidere.

2073 5561 2298 5618 Idcirco
2331 5559 2448 5614 tale
2481 5573 2694 5614 nomen
2729 5557 2973 5629 accepit.
3008 5559 3068 5612 In
3104 5557 3298 5612 medio
3329 5561 3524 5614 autem
3557 5565 3726 5630 portu

2071 5653 2324 5722 quatuor
2361 5651 2589 5704 statuas
2611 5647 2855 5702 totidem
2877 5645 3172 5702 columnis
3189 5646 3497 5718 impositas
3519 5650 3724 5718 erexit,

2069 5739 2341 5796 videlicet
2365 5737 2596 5810 Sophim
2636 5741 2918 5802 statuam,
2951 5736 3175 5791 Arabiae
3201 5736 3334 5790 ﬁlia:
3357 5754 3496 5804 suae,
3529 5753 3720 5808 suam,

2073 5833 2128 5885 et
2178 5829 2373 5884 Nersae
2406 5825 2660 5900 praefecti
2693 5829 3024 5882 structurae.
3069 5823 3284 5879 Earum
3317 5825 3445 5880 duae
3477 5825 3721 5881 sublatae

3319 5951 3398 6010 40
