4124 6382
422 375 578 436 1259

421 509 563 564 sunt
593 522 625 560 a
654 501 978 576 Pbilippico
1013 517 1025 556 :
1059 499 1444 557 continebant
1475 489 1632 554 enim
1667 500 1837 553 notas
1873 511 2066 550 rerum

2186 488 2330 564 παρᾶ
2387 487 2735 544 Φιλιππικοῦ
2768 502 2782 517 ⁸

425 597 782 651 futurarum.

584 711 658 766 Da
685 708 884 764 Ε’ωηίιί
912 705 1054 778 quod
1082 715 1162 762 est
1192 707 1252 761 in
1283 705 1396 761 loco
1425 705 1728 760 Bucrinum
1753 701 1913 757 dicto.

495 816 732 882 anile,
766 815 915 886 quod
944 814 1160 868 visitur
1188 813 1248 867 in
1278 812 1405 866 loco
1455 809 1872 882 cognominato
1923 812 2071 862 Buc-

419 908 640 974 cinum,
677 904 816 960 olim
849 903 1096 959 ecclesia
1127 907 1251 958 erat
1278 901 1474 956 Sancti
1523 900 1767 954 Andreae
1799 897 2072 970 apostoli,

417 1012 594 1068 quam
654 1010 721 1048 eo
776 992 1020 1048 veniens
1073 990 1449 1046 Justinianus
1482 988 1887 1042 sadilicaverat.
1923 985 2072 1040 Con-

418 1082 719 1138 stantinus
774 1095 908 1135 vero
968 1077 1284 1133 Cebalinus
1343 1092 1470 1131 eam
1530 1076 1586 1130 in
1677 1075 1872 1130 foenile
1947 1091 2074 1128 mu-

417 1172 584 1227 tavit.

607 1287 678 1342 De
711 1285 991 1343 Contariis
1016 1299 1134 1354 quae
1162 1291 1292 1338 sunt
1323 1280 1475 1353 apud
1507 1281 1561 1337 S.
1599 1280 1882 1338 Theclam.

493 1449 629 1514 Quae
663 1445 833 1501 modo
863 1444 1134 1500 Conteris.
1165 1446 1604 1514 nuncupantur,
1629 1441 1796 1514 prius
1828 1439 2071 1511 vigilum

423 1542 592 1593 erant
622 1533 899 1600 excubiae,
933 1550 1062 1605 qua:
1095 1549 1284 1588 annos
1330 1537 1556 1602 septem
1591 1533 1901 1585 durarunt.
1940 1529 2074 1584 Post

421 1627 640 1683 bellum
673 1628 866 1680 autem
903 1623 1134 1686 bienne,
1157 1622 1357 1676 fanum
1381 1620 1498 1675 illic
1521 1619 1821 1675 Gallienus
1843 1623 2071 1673 exstru-

421 1716 524 1779 xit,
559 1731 672 1786 quo
721 1718 923 1784 postea
968 1712 1389 1767 Constantinus
1441 1711 1689 1781 Magnus
1750 1710 2070 1771 destructo,

420 1804 550 1874 ejus
608 1803 734 1858 loco
794 1803 1024 1857 Sancta;
1086 1800 1341 1871 Deiparaa
1371 1799 1661 1870 templum
1741 1797 2065 1865 aediﬁcavit,

1385 364 1782 428 APPENDIX
1823 363 1927 424 AD
1976 357 2436 422 MlCHAELEM
2480 353 2876 418 PSELLUM.

3679 350 3705 408 1
3717 348 3826 410 260

2856 484 3007 560 εἶχον
3068 479 3126 537 δὶ
3175 499 3476 558 γραμματα
3533 482 3643 535 τῶν
3700 475 3827 553 μελο

2189 578 2418 635 λόντων.

2404 695 2532 771 Περὶ
2561 697 2658 749 106
2691 692 2742 748 ἐν
2773 690 2852 764 τῷ
2891 689 3138 762 Βουκίνῳ
3168 681 3620 762 Χορτοὸολῶνος.

2256 807 2318 862 Ὀ
2373 799 2765 878 Χορτοῦολὼν,
2816 803 2844 856 6
2917 800 2991 861 εἷς
3038 799 3100 853 τὸ
3157 798 3434 864 Βοῦκινον,
3485 795 3709 866 ἐκκησία
3767 794 3825 866 ἤν

2183 903 2280 952 τοῦ
2320 897 2481 972 ἁγίου
2538 893 2850 951 ἀποστολου
2907 889 3190 967 Ἀνδρέου,
3241 887 3308 959 ἤν
3359 889 3642 965 ἀνήγειρεν
3701 890 3825 945 Ἰοο-

2183 987 2449 1048 στινιανὸς
2481 985 2652 1040 ἐκεῖσε
2695 983 2997 1060 ἐρχόμενος
3031 999 3044 1013 ·
3096 981 3157 1038 Ὀ
3198 975 3255 1034 δὲ
3286 973 3589 1040 Καϐαλῖνος
3620 977 3829 1049 ἐποίησε

2183 1071 2601 1152 χορτοϐολῶνα.

2185 1280 2314 1354 Περὶ
2398 1281 2465 1334 τὰ
2563 1277 2836 1354 λεγόμενα
2895 1276 3212 1419 Θξῖιτῖἑρια
3297 1274 3372 1336 εἰς
3459 1274 3559 1343 τὴν
3660 1271 3833 1348 Ἀγίαν

2253 1442 2335 1498 Τὰ
2365 1439 2635 1516 λεγόμενα
2694 1437 2985 1514 Κοντάρια,
3041 1435 3206 1513 βίγλα
3253 1436 3319 1505 ἦν
3373 1434 3548 1491 ἐκεῖσε
3605 1431 3830 1511 μεγάλη,

2183 1530 2270 1584 καὶ
2313 1527 2416 1592 ἕως
2452 1532 2491 1599 ζ’
2541 1528 2774 1604 χρόνους
2824 1527 3172 1605 ἐφυλάττετο.
3234 1524 3335 1583 Καὶ
3398 1522 3652 1596 πολέμου
3693 1545 3832 1599 γεγο-

2182 1620 2338 1681 νότος
2370 1619 2604 1694 χρόνους
2632 1615 2756 1687 δύο,
2782 1618 2908 1679 ναὸς
2939 1612 3308 1688 ᾠκοδομήθη,
3329 1611 3588 1668 εἷ’δώλιον
3624 1614 3830 1686 μικρὸν,

2184 1710 2287 1763 ὑπὸ
2347 1706 2618 1779 Γαληνοῦ,
2682 1708 2740 1762 ’ὀν
2785 1704 3034 1770 καθελὼν
3102 1706 3130 1760 6
3174 1703 3357 1780 Μέγας
3415 1708 3828 1784 Κωνσταντῖνος,

2180 1799 2303 1852 ναὸν
2347 1805 2446 1866 τῆς
2495 1797 2762 1852 Θεοτόκου
2808 1795 3079 1871 ἀνήγειρε,
3128 1793 3220 1848 καὶ
3277 1791 3507 1868 ἐχάραξε
3562 1793 3654 1847 τὸν
3706 1793 3829 1865 Χρι-

421 1907 785 1963 nummoque
809 1889 1125 1962 insculpsit
1163 1888 1480 1959 imaginem
1507 1888 1740 1954 Christi,
1766 1886 2066 1942 sanctissi-

2186 1889 2305 1942 στὸν
2369 1886 2456 1941 καὶ
2514 1887 2613 1954 τήν
2668 1885 2959 1959 ὑπεραγίαν
3032 1882 3319 1952 Θεοτόκον,
3379 1881 3470 1936 καὶ
3517 1882 3617 1950 τήν
3677 1879 3830 1935 αὑτοῦ

421 1999 532 2038 mae
563 1981 842 2052 Deipane,
877 1979 1085 2033 matris
1116 1995 1234 2032 sua:
1263 1976 1511 2041 Helenae,
1544 1983 1600 2031 et
1645 1993 1812 2030 suam
1849 1977 2070 2047 ipsius;

427 2072 762 2140 festumque
795 2066 1179 2122 dedicationis
1214 2065 1521 2120 duodecim
1565 2065 1688 2120 dies
1737 2064 2072 2120 celebravit.

426 2159 545 2215 Hoc
568 2157 850 2230 templum
867 2161 1069 2228 postea
1082 2157 1306 2211 Sancta:
1320 2154 1543 2210 Thecla;
1562 2153 1921 2226 appellatum
1943 2155 2071 2220 fuit,

424 2251 710 2305 Craterum
735 2252 861 2301 tum
890 2244 1147 2301 Milliarii
1186 2245 1374 2300 fornix
1394 2250 1560 2316 porta
1581 2250 1705 2299 erat
1754 2244 2072 2313 terrestris,

422 2344 474 2393 et
508 2337 566 2392 in
601 2337 726 2392 loco
751 2340 953 2391 vocato
985 2333 1194 2407 Dippio
1243 2334 1490 2389 mutatio
1541 2350 1827 2405 equorum
1861 2349 2073 2388 cursus

423 2426 664 2498 publici.
702 2426 836 2496 Ipsa
866 2441 1002 2479 vero
1031 2423 1303 2478 Contaria
1346 2439 1598 2494 magnus
1633 2440 1801 2477 mons
1834 2427 1977 2488 erat,
2013 2423 2071 2476 in

420 2531 536 2586 quo
569 2514 844 2570 excubias
876 2512 1126 2584 agebant
1178 2512 1460 2584 Byzantii,
1516 2513 1869 2585 populorum
1922 2511 2070 2567 occi-

421 2603 748 2660 dentalium
783 2603 1075 2674 impetum
1109 2606 1460 2657 metuentes.

528 2720 602 2774 De
629 2717 830 2790 templo
851 2717 906 2772 5.
943 2715 1226 2772 Michaelis
1253 2717 1576 2787 archangeli
1603 2715 1770 2772 Adda?
1799 2715 1962 2770 dicto.

495 2825 801 2898 Templum
835 2825 889 2879 S.
924 2823 1226 2878 Michaelis
1277 2822 1613 2894 archangeli
1643 2823 1818 2877 Addas
1855 2839 2076 2877 nuncu-

421 2921 626 2986 patum
672 2913 948 2970 Justinus
1005 2912 1333 2968 aedificvait.
1393 2912 1614 2967 Nomen
1658 2929 1792 2967 vero
1850 2912 2076 2983 accepit

421 3005 496 3059 ab
549 3004 719 3059 Addas
780 3001 1084 3074 magistro,
1119 3001 1221 3073 qui
1279 3001 1497 3056 ibidem
1550 3001 1790 3056 domum
1844 3006 2072 3056 exstru-

417 3097 602 3149 xerat.

943 3183 1016 3238 Do
1042 3180 1301 3236 columna
1334 3183 1550 3236 Ferrea.

2188 1976 2398 2052 μητὲρα
2452 1976 2540 2030 καὶ
2617 1975 2828 2040 ἑαυτὸν,
2901 1973 2989 2028 καὶ
3065 1970 3277 2027 ἐτέλεσε
3347 1973 3649 2047 πανήγυριν
3705 1970 3830 2040 ἡπέ-

2186 2088 2281 2142 ρας
2336 2068 2444 2141 ιβ’⁶
2505 2064 2652 2126 ὅστις
2718 2064 2847 2125 ναὸς
2935 2061 3336 2135 μετωνομάσθη
3421 2060 3578 2136 Ἀγία
3644 2058 3829 2116 Θέκλα.

2144 2143 2148 2146 ’
2183 2157 2318 2213 Τότε
2350 2154 2407 2210 δὲ
2437 2155 2528 2210 καὶ
2557 2159 2657 2209 106
2689 2151 2895 2211 Μιλίου
2941 2155 2975 2221 ἡ
3028 2152 3251 2225 καμάηα
3295 2150 3527 2226 χερσαία
3552 2151 3619 2220 ἦν
3646 2151 3830 2223 πόρτα,

2183 2247 2270 2300 καὶ
2306 2243 2382 2306 εἷς
2413 2244 2475 2298 τὸ
2509 2243 2762 2297 Διίππιον
2819 2242 2854 2308 ἡ
2917 2240 3160 2314 ἀλλαγή.
3219 2242 3404 2296 Ταῦτα
3469 2236 3527 2294 δὲ
3581 2239 3648 2292 τὰ
3684 2237 3832 2312 λεγόο

2188 2355 2318 2409 μενα
2369 2330 2660 2408 Κοντάρια,
2707 2332 2849 2406 μέγα
2911 2325 3036 2400 ὅρος
3084 2332 3170 2402 ἦν,
3219 2327 3308 2383 καὶ
3359 2327 3690 2406 ἐφυλάσσετο
3739 2326 3833 2383 ὑπὸ

2181 2432 2282 2494 τῆς
2317 2422 2513 2500 βίγλης
2545 2426 2652 2477 τῶν
2683 2419 2989 2490 Βυζαντίων
3025 2417 3378 2492 πτοουμὲνων
3407 2418 3538 2481 τοὺς
3572 2415 3830 2479 δυτικοῦς.

2457 2716 2584 2790 Περὶ
2613 2721 2711 2771 106
2752 2717 3226 2791 Ἀρχιστρατήγου
3255 2718 3353 2770 106
3386 2712 3575 2772 Ἀδδᾶ.

2255 2823 2377 2880 ’Ὁτι
2432 2823 2459 2877 6
2518 2825 2987 2899 Ἀρχιστράτηγος
3058 2826 3156 2876 106
3216 2818 3384 2877 Ἀδδᾶ
3462 2820 3677 2892 ἐκτίσθη
3739 2819 3828 2874 ὑπὸ

2185 2911 2504 2968 Ἰουστίνου.
2560 2914 2629 2967 Τὸ
2689 2910 2746 2966 δὲ
2803 2909 2980 2985 ὄνομα
3026 2909 3241 2982 ἐδέξατο
3293 2909 3353 2965 ἐκ
3394 2915 3496 2966 106
3549 2907 3709 2966 Ἀδδᾶ
3743 2912 3830 2964 106

2189 3000 2509 3077 μαγίστρου,
2543 3000 2602 3056 ἐκ
2623 3005 2720 3056 106
2751 3000 2922 3056 ἐκεῖσε
2951 3001 3234 3062 κτίσαντος
3267 3001 3441 3056 οἷκον.

2741 3182 2871 3256 Περὶ
2901 3183 2999 3250 τῆς
3035 3178 3295 3254 Σιδηρᾶς.

487 3273 629 3328 Cum
690 3270 985 3339 columna,
1044 3286 1172 3342 qua:
1231 3268 1439 3325 visitur
1497 3269 1556 3324 in
1619 3269 1742 3324 foro
1775 3268 2066 3340 appellato

2251 3275 2369 3327 Ὅτι
2429 3271 2516 3326 ἐπὶ
2564 3272 2660 3327 106
2739 3248 3001 3346 Μεγάλου
3080 3248 3494 3326 Κώνσταντίνου
3569 3272 3597 3326 6
3675 3271 3828 3342 μέγας

413 3360 637 3428 Anelio,
671 3363 855 3415 Roma
902 3361 1012 3416 sub
1053 3359 1436 3414 Constantino
1486 3362 1693 3430 Magno
1753 3358 2065 3414 advehere-

413 3453 531 3516 tur,
563 3451 635 3505 ob
669 3449 964 3521 ingentem
997 3449 1125 3519 ejus
1159 3447 1370 3502 molem
1401 3447 1721 3502 triennium
1772 3449 2065 3519 integrum

415 3537 732 3609 navigavit.
791 3539 1052 3593 Tandem
1103 3537 1367 3606 ingressa
1399 3535 1751 3607 Sophiarum
1811 3541 2068 3607 portum,

417 3643 550 3682 cum
585 3627 654 3681 ad
691 3631 920 3698 portam
954 3625 1256 3680 extrahere
1307 3627 1378 3680 de
1409 3625 1540 3679 navi
1573 3641 1701 3680 eam
1736 3625 1971 3691 vellent,
2007 3626 2065 3680 in

415 3715 610 3771 littore
640 3719 888 3784 quatuor
918 3715 1132 3769 cubitis
1163 3714 1434 3769 demersa
1456 3725 1512 3768 et
1533 3714 1744 3769 obruta
1765 3716 2065 3783 remansit,

418 3805 573 3876 quod
636 3803 967 3876 uliginosus
1021 3819 1086 3858 ac
1145 3802 1428 3875 palustris
1487 3803 1648 3858 locus
1699 3809 1897 3859 esset:
1931 3820 2066 3858 cum

416 3899 612 3950 autem
673 3909 803 3950 eam
862 3892 1075 3963 ligneis
1120 3893 1384 3949 vectibus
1433 3891 1738 3949 extrahere
1771 3910 1882 3948 non
1913 3893 2067 3949 vale-

415 3989 564 4052 rent,
601 3982 803 4039 ferreis
836 3981 1179 4055 ingentibus
1237 3987 1378 4038 sunt
1429 3983 1522 4038 usi
1551 4001 1567 4040 :
1598 3987 1773 4054 atque
1805 3984 1935 4038 ideo
1980 3983 2065 4038 sic

411 4077 613 4131 vocata
644 4077 753 4129 est.

922 4162 996 4216 De
1027 4166 1200 4233 partu
1228 4161 1560 4217 Eleuther-ii.

443 4252 654 4307 Portus
713 4250 1027 4305 Eleutherii
1087 4255 1418 4306 exstructus
1474 4256 1562 4306 est
1617 4251 2063 4307 aConstantino

407 4341 640 4413 Magno.
692 4340 758 4394 In
789 4356 855 4395 eo
911 4339 1103 4395 stabat
1162 4339 1477 4395 Eleutherii
1537 4340 1711 4412 primi
1758 4341 2064 4396 asecretis

409 4429 644 4502 lapidea
675 4433 893 4494 statua,
947 4429 1256 4499 scapulare
1287 4446 1466 4500 super
1495 4430 1772 4484 humeros
1816 4429 2061 4499 habens,

410 4526 468 4576 et
510 4517 902 4573 ventilabrum
963 4534 1141 4572 manu
1195 4523 1454 4590 gestans,
1502 4523 1821 4590 utrumque
1871 4518 2063 4589 lapid-

2178 3361 2312 3414 κίῶν
2361 3365 2458 3415 106
2507 3359 2680 3436 φόρου
2733 3364 2829 3414 106
2889 3356 3154 3428 Ἀνηλίου
3202 3364 3348 3432 τρεῖς
3390 3359 3631 3436 χρόνους
3677 3356 3829 3429 ἀπῄει

2178 3447 2549 3521 πλοϊζόμενος
2606 3449 2710 3503 ἀπὸ
2768 3449 2991 3521 Ῥώμης
3051 3445 3139 3502 διὰ
3195 3448 3295 3516 τὴν
3378 3443 3694 3523 ὑπερϐολὴν
3741 3447 3827 3499 106

2183 3536 2440 3611 μεγέθους
2526 3537 2712 3592 αὐτοῦ.
2793 3536 2895 3592 Καὶ
2974 3535 3235 3600 εἰσελθὼν
3323 3535 3398 3597 εἷς
3461 3536 3557 3600 τὰς
3613 3533 3824 3611 Σοφίας,

2178 3625 2229 3681 ἐν
2262 3631 2329 3699 τῇ
2371 3625 2546 3701 πόρτῃ
2599 3625 2870 3681 Θελόντων
2919 3619 3168 3680 ἐκϐαλεῖν
3222 3625 3313 3680 τὸν
3384 3626 3546 3681 κίονα
3593 3624 3696 3679 ἀπὸ
3725 3626 3822 3677 τῶν

2178 3713 2412 3790 σχεδίων
2447 3714 2667 3790 ἐχώσθη
2703 3713 2781 3776 εἷς
2831 3715 2922 3769 τὸν
2971 3713 3223 3788 αἰγιαλὸν
3274 3715 3497 3788 πήχεας
3543 3711 3610 3782 δ’,
3661 3709 3748 3766 διὰ
3769 3709 3824 3762 τὸ

2177 3808 2378 3880 χαῦνον
2423 3805 2512 3858 καὶ
2562 3801 2788 3872 ἀλσώδη
2841 3804 2974 3858 εἶναι
3017 3805 3108 3858 τὸν
3157 3802 3324 3858 τόπον
3357 3822 3369 3835 ·
3427 3801 3726 3875 μέλλοντες
3773 3795 3824 3852 δὶ

2175 3897 2365 3948 τοῦτον
2426 3895 2671 3964 ἀποσπᾷν
2737 3893 2871 3966 μετὰ
2933 3892 3131 3964 ξύλων,
3188 3891 3287 3947 οὐκ
3341 3889 3633 3963 ἠδύναντο,
3691 3886 3824 3944 ἀλλᾶ

2179 3983 2316 4055 μετὰ
2371 3980 2614 4058 σιδηρῶν
2699 3981 2956 4059 μοχλίων
3037 3981 3317 4058 μεγάλων.
3372 3982 3473 4037 Καὶ
3527 3979 3615 4037 διὰ
3669 3982 3820 4034 τοῦτο

2177 4069 2348 4132 οὕτως
2379 4070 2590 4142 ἐκλήθη
2605 4115 2616 4128 .

2479 4160 2606 4235 [Ιερὶ
2637 4165 2733 4216 106
2775 4157 3000 4233 λιμένος
3033 4165 3130 4216 106
3163 4159 3533 4235 Ἐλευθερίου.

2246 4247 2307 4304 Ὁ
2363 4245 2420 4303 δὲ
2472 4248 2642 4323 λιμὴν
2703 4254 2802 4304 106
2859 4249 3201 4326 Ἐλευθερίου
3257 4249 3479 4322 ἐκτίσθη
3537 4249 3683 4324 παρὰ
3736 4245 3820 4298 τοῦ

2175 4334 2435 4411 Μεγάλου
2495 4340 2926 4395 Κωνσταντίνου.
2974 4342 3186 4394 Ἵστατο
3256 4336 3313 4394 δὲ
3361 4339 3448 4394 καὶ
3512 4337 3685 4408 στήλη
3743 4333 3822 4390 λι·-

2173 4425 2294 4497 θίνη
2373 4426 2716 4503 Ἑλετθερίου
2818 4431 3321 4505 πρωτασηκρήτου,
3408 4430 3664 4506 φέροντος
3746 4420 3820 4476 ἐπ’

2173 4518 2340 4589 ὤμων
2423 4517 2730 4573 καπο·5>.ιοο
2805 4520 2895 4572 καὶ
2959 4518 3092 4574 πτύν
3168 4518 3219 4573 ἐν
3297 4522 3366 4584 τῇ
3428 4518 3576 4595 χειρὶ
3640 4514 3818 4574 αὐτοῦ,

413 4612 733 4664 eum.Cum
768 4613 962 4662 autem
996 4606 1312 4678 erigeretur
1343 4606 1658 4662 Theodosii
1692 4613 1911 4674 statua,
1936 4624 2064 4677 quae

2186 4608 2454 4686 ἰμφότερα
2511 4605 2706 4670 λίθινα.
2769 4607 3093 4678 κτισθείσης
3174 4605 3231 4662 δὶ
3307 4607 3397 4662 καὶ
3469 4615 3569 4678 τῆς
3623 4599 3818 4672 στήλης

415 4699 706 4754 columna:
755 4695 1024 4752 insidens
1072 4695 1130 4749 in
1180 4696 1371 4751 Tauro
1405 4696 1898 4770 conspiciebatur,
1949 4702 2064 4752 ter-

415 4805 482 4845 ra
513 4786 699 4842 fossili
729 4786 788 4841 in
822 4785 979 4840 hunc
1011 4789 1245 4857 portum
1287 4785 1535 4856 ingesta,
1585 4789 1744 4840 totus
1792 4785 2064 4856 oppletus

414 4881 526 4934 est.

553 4993 626 5048 De
648 4993 850 5047 statuis
878 5005 1008 5063 quae
1035 4996 1165 5046 sunt
1191 5005 1359 5060 prope
1389 4991 1444 5046 S.
1477 4989 1908 5062 Agat/conicum.

474 5172 612 5227 Duas
645 5174 785 5226 sunt
814 5173 1019 5224 statuae
1049 5167 1282 5238 veriuaa,
1315 5185 1434 5224 una
1455 5172 1586 5240 post
1608 5185 1923 5226 ascensum
1977 5171 2056 5226 ibi

401 5262 690 5334 graduum
716 5259 903 5330 magis
939 5257 1010 5313 ad
1044 5263 1313 5313 austrum
1345 5273 1592 5328 vergens
1623 5275 1800 5330 quam
1854 5259 2055 5316 Sancti

401 5349 746 5421 Agathonici
787 5346 1075 5418 templum
1134 5346 1342 5415 altera,
1401 5363 1431 5402 e
1507 5348 1743 5418 regione
1792 5349 2058 5419 proxime

403 5438 738 5496 S.Barbar:e
769 5437 1079 5508 templum,
1115 5438 1266 5507 quod
1297 5442 1387 5492 est
1424 5437 1482 5492 in
1523 5439 1898 5510 Artotyriano
1932 5438 2056 5494 loco

406 5544 510 5583 seu
542 5525 876 5595 Artopoliis.
913 5524 1018 5580 Illa
1047 5527 1306 5596 quidem,
1342 5543 1467 5598 qua:
1518 5528 1588 5581 ad
1625 5528 1682 5581 S.
1735 5528 2056 5599 Agathoni-

406 5632 540 5672 cum
563 5617 668 5677 est,
693 5613 1008 5683 superstite
1028 5614 1220 5670 adhuc
1247 5616 1436 5671 Leone
1456 5616 1585 5686 ejus
1611 5620 1841 5686 marito,
1868 5625 2058 5673 erecta

407 5705 554 5772 fuit;
589 5718 716 5772 quae
751 5717 883 5757 vero
915 5718 1093 5773 prope
1122 5703 1179 5758 S.
1215 5704 1555 5771 Barbaram,
1589 5709 1724 5775 post
1771 5707 1900 5777 ejus
1932 5706 2054 5762 obi-

2174 4696 2272 4752 106
2329 4694 2640 4764 Θεοδοσίου,
2701 4694 2736 4766 ἤ
2797 4695 2884 4751 ἐπὶ
2944 4697 3039 4751 106
3087 4697 3272 4759 κίονος
3330 4703 3428 4752 106
3481 4695 3688 4770 Ταύρου
3735 4692 3815 4758 ἦν,

2175 4790 2204 4844 6
2234 4792 2372 4864 χοῦς
2401 4786 2625 4862 ἐχύνετο
2659 4785 2738 4848 εἷς
2769 4787 2858 4842 τὸν
2889 4784 3108 4860 λιμένα,
3142 4785 3231 4842 καὶ
3265 4785 3555 4862 ἐγεμίσθη.

2361 4993 2494 5069 Περὶ
2525 4995 2633 5048 τῶν
2668 4990 2888 5069 στηλῶν
2913 4995 3020 5069 τῶν
3043 4991 3216 5047 οὔτῶν
3251 4991 3327 5056 είς
3354 4991 3446 5048 τὸν
3478 4993 3661 5067 ’Λγιον

2807 5064 3184 5138 Ἀγαθόνικον.

2242 5172 2310 5227 Ai
2338 5169 2536 5240 στῆλαι
2570 5167 2665 5225 δύο
2717 5169 2818 5224 εἶσὶ
2867 5177 2967 5239 τῆς
3023 5172 3283 5244 Βηρίνης,
3339 5172 3439 5244 μία
3486 5169 3582 5243 μὶν
3635 5180 3816 5219 νοτιω-

2167 5262 2297 5336 τὲρα
2351 5265 2447 5315 106
2511 5259 2668 5334 ἆγίου
2744 5260 3014 5334 μάρτυρος
3086 5261 3466 5336 Ἀγαθονίγου,
3550 5253 3680 5330 μετᾶ
3725 5249 3814 5316 τὴν

2169 5347 2364 5405 ἄνοδον
2419 5353 2530 5404 τῶν
2590 5348 2762 5404 ἐκεῖσε
2824 5345 3106 5424 βαθμίδων
3142 5370 3154 5384 ·
3241 5350 3394 5425 ἒτὲρα
3472 5344 3529 5402 δὲ
3581 5342 3816 5413 ἄντικρυς

2167 5439 2352 5509 αὐτοῦ,
2411 5437 2648 5508 πλησίον
2705 5445 2806 5507 τῆς
2876 5439 3025 5514 ἁγίας
3085 5435 3373 5517 Βαρῦἆρας
3429 5441 3524 5495 τοῢ
3573 5438 3816 5507 Ἀρτοτυ-

2169 5533 2356 5602 ριανοῦ
2419 5529 2614 5584 τόπου.
2677 5528 2773 5584 Καὶ
2833 5530 2868 5597 ἡ
2937 5529 3032 5600 μὲν
3095 5534 3191 5583 106
3268 5529 3422 5605 ἁγίου
3481 5518 3815 5598 Ἀγαθονίκου

2165 5617 2358 5692 γέγονε
2421 5622 2620 5686 ζῶντος
2677 5618 2908 5679 Λέοντος
2986 5623 3083 5672 106
3156 5617 3350 5695 ἀνδρὸς
3404 5619 3615 5683 αὑτῆς·
3672 5607 3704 5675 ἦ
3765 5599 3816 5654 δὲ

2164 5710 2266 5777 τῆς
2315 5707 2469 5784 ἁγίας
2547 5703 2858 5782 Βαρϐάρας,
2946 5708 3081 5781 μετᾶ
3149 5694 3265 5779 τήν
3323 5704 3582 5773 τελευτήν
3636 5694 3814 5759 αὐτοῦ,
