4124 6398
421 426 609 489 4961'-

1565 411 1932 477 ANONYMI
1977 409 2562 482 ANTIOUITATES
2609 420 2729 480 ΟΡ.

3712 426 3866 486 1262

418 557 582 629 ἡνίκα
613 553 938 613 Βασιλίσκον
965 554 1056 609 τὸν
1091 551 1324 631 ἀδελφὸν
1375 549 1544 620 αὐτῆς
1584 545 1828 623 ἔστρεψε,
1873 542 2074 623 φυγόν-

2207 563 2344 616 '.um,
2379 551 2617 621 quando
2648 553 2999 612 Basiliscum
3051 555 3290 613 fratrem
3323 575 3492 616 suum
3532 559 3852 630 coronavit,

423 668 516 710 τος
546 647 799 718 Ζήνωνος
823 649 919 700 τοῦ
949 638 1202 720 γαμϐροῦ
1230 641 1417 711 αὐτῆς.

820 733 950 809 ,[ιερὶ
977 737 1074 788 τοῦ
1103 731 1291 807 Ἀγίου
1315 727 1688 807 Ἀγαθονίκου.

493 829 550 881 '0
584 823 642 880 δὲ
671 828 865 900 ’Ἄγιος
899 821 1268 899 ’Δγαθόνικος,
1299 821 1362 875 τὸ
1405 819 1669 894 πρότερον
1705 815 1808 872 ὑπὸ
1851 819 2086 872 Αναστα-

423 917 567 982 σίου,
625 915 715 970 καὶ
773 915 1156 971 Ἰουστινιανοῦ
1229 915 1326 965 τοῦ
1396 907 1654 984 Μεγάλου
1709 905 1773 961 τὸ
1834 901 2080 977 δεύτερον

425 1005 794 1074 ἀνεκαινίσθη.
846 1009 932 1058 Ἐν
988 1003 1133 1057 αὺτῶ
1193 998 1249 1055 δξ
1302 1004 1383 1072 τῷ
1435 1003 1550 1070 ναῷ
1606 996 1696 1051 καὶ
1747 994 2080 1070 πατριάρχαι

424 1095 796 1164 ἐπισκόπησαν
824 1093 977 1160 ἑπτὰ,
1030 1091 1116 1146 ἐπὶ
1165 1089 1403 1165 χρόνους
1459 1088 1812 1157 πεντήκοντα,
1861 1083 1951 1138 καὶ
1986 1084 2083 1156 βα-

423 1185 597 1250 σιλεῖς
627 1181 1030 1261 ἐστεφηφόρουν
1065 1181 1236 1235 ἐκεῖσε
1276 1177 1318 1233 δ’
1353 1198 1364 1211 ’
1419 1175 1486 1231 δι’
1530 1174 1596 1245 ἤν
1648 1173 1705 1229 δῖε
1750 1172 1918 1228 αἰτίαν
1955 1192 2080 1245 μετ-

425 1273 656 1345 εποίηθη
717 1259 917 1335 ἰκεῖθεν
965 1270 1068 1326 ὑπὸ
1118 1263 1394 1345 Τιϐερίου,
1454 1266 1515 1320 οὗ
1572 1265 1915 1340 γινώσκεται.
1977 1259 2078 1316 Καὶ

423 1363 687 1419 παλάτιον
722 1359 779 1416 δὲ
826 1358 1063 1431 πλησίον
1113 1363 1209 1414 τοῦ
1256 1357 1420 1412 αὐτοϋ
1471 1359 1602 1410 ναοῦ
1658 1355 1725 1422 ἦν
1772 1353 2024 1427 μέγιστον
2063 1371 2076 1385 ·

427 1454 530 1510 ὑπὸ
562 1449 620 1507 δὲ
647 1445 898 1526 Τιϐεριου
928 1453 1026 1503 τοῦ
1075 1449 1297 1521 πρώτου
1333 1445 1666 1520 μετεποιήθη
1700 1439 1972 1505 διολισοὶν
2003 1438 2080 1501 εἷς

422 1543 488 1598 τὰ
524 1540 790 1618 βασίλεια.

839 1627 966 1705 Περὶ
1001 1632 1095 1682 τοῦ
1124 1625 1311 1701 Ἀγίου
1341 1622 1668 1679 Ἱουλιανοῦ.

496 1721 591 1784 Εἷς
631 1721 722 1776 τὸν
770 1721 958 1794 ’Άγιον
1015 1715 1314 1772 Ἰουλιανὸν
1371 1711 1648 1788 μοεαχοὺς
1698 1711 1881 1772 ὁσίους
1928 1707 2077 1763 κο.τὲ-

422 1832 614 1868 καυσεν
675 1811 704 1865 6
764 1803 1100 1873 Καϐαλῖνος,
1159 1803 1249 1860 διὰ
1305 1805 1365 1858 τὸ
1428 1804 1504 1875 μὴ
1555 1804 1831 1856 κοινωνεῖν
1881 1797 2076 1860 αὐτοὺς

420 1906 490 1976 τῇ
554 1904 766 1975 μυσαρᾷ
834 1897 998 1953 αὐτοῦ
1067 1895 1279 1966 ἐσθήσει
1350 1913 1408 1947 τε
1481 1892 1569 1946 καὶ
1643 1888 1920 1967 θρησκείᾳ,
1988 1888 2077 1942 καὶ

422 1974 580 2046 αὗτὸν
634 1974 725 2044 τὸν
813 1986 980 2043 ναόν”
1066 1985 1159 2040 καὶ
1229 1980 1500 2046 ἀναλύσας
1563 1982 1590 2036 6
1653 1974 1920 2053 μόλιϐδος
1976 1985 2078 2046 τῆς

422 2078 718 2150 ἐκκλησίας
793 2074 1058 2146 κατῆλθεν
1136 2070 1239 2134 ἕως
1319 2076 1426 2127 τῶν
1510 2073 1725 2147 Σοφιῶν
1797 2066 2074 2144 αἰγιαλοῦ.

419 2173 664 2228 Ἵσταντο
697 2165 755 2224 δὲ
785 2167 955 2223 ἐκεῖσε
985 2161 1239 2241 Πὲρδικες
1271 2159 1480 2239 χαλκαῖ
1510 2159 1560 2214 ἐν
1593 2157 1830 2234 καμάρᾳ.

595 2363 724 2438 Περὶ
753 2367 850 2420 τοῦ
879 2361 1348 2439 ἀρχιστρατήγου,
1377 2360 1474 2439 τοῐξ
1505 2351 1660 2418 ὄντος
1700 2354 1777 2419 εὶς
1806 2355 1896 2410 τὸν

972 2428 1160 2509 ὗΑγὶον
1204 2428 1501 2488 Ἰουλιανόν
1513 2472 1525 2485 .

493 2525 735 2601 Ὁμοίως
790 2525 880 2580 καὶ
930 2524 1021 2578 τὸν
1081 2520 1521 2597 ἀρχισνράτηγον
1568 2517 1658 2573 τὸν
1710 2513 1837 2572 ὄντα
1879 2514 1954 2578 εἷς
1988 2513 2079 2571 τὸν

423 2621 617 2694 1Ἀγιον
675 2613 972 2673 Ἰουλιανὸν
1031 2613 1058 2666 ὀ
1111 2609 1337 2685 Δίκορος
1391 2610 1699 2694 ἀνήγειρεν,
1755 2604 1844 2660 ὅτε
1909 2603 2076 2674 ἦλθεν

425 2693 531 2765 ἀπὸ
585 2709 684 2762 τοῖ’)
734 2701 1042 2782 Δυρραχίου
1077 2721 1088 2734 ·
1160 2705 1287 2762 παῖς
1360 2698 1460 2775 γὰρ
1547 2694 1620 2750 ὢν
1687 2693 1951 2769 ἐμάνθανε
2013 2695 2080 2748 τὰ

423 2798 722 2875 γράμματα
751 2793 923 2850 ἰκεῖσε
953 2791 1117 2848 οἰκῶν
1129 2834 1142 2847 .

481 2920 484 2922 τ
685 2883 814 2960 Περὶ
843 2888 952 2940 τῶν
983 2881 1266 2937 παλατίων
1298 2882 1406 2934 τῶν
1442 2875 1808 2951 Ἐλευθερίου.

495 2977 570 3031 Τὰ
615 2972 672 3030 δὲ
714 2959 955 3029 παΛάτια
999 2972 1068 3026 τὰ
1125 2966 1470 3041 Ἐλευθερίου
1530 2964 1617 3020 καὶ
1670 2965 1738 3019 τὰ
1794 2959 2081 3038 ἐργοδόσια

425 3062 628 3122 ἔκτισεν
681 3062 888 3137 Εἰρήνη
955 3061 1043 3116 καὶ
1104 3061 1529 3124 Κωνσταντῖνος,
1606 3055 1634 3109 6
1703 3053 1818 3115 υἱὸς
1890 3050 2078 3120 αὐτῆς.

425 3155 558 3212 Ἀπὸ
620 3150 693 3209 ηδὶ
757 3156 866 3207 τῶν
949 3149 1114 3224 μέχρι
1185 3148 1604 3220 ’Δμαστριανοῦ,
1684 3139 2076 3216 Ἰπποδρὸμιον

421 3245 612 3320 γέγονε
641 3241 788 3318 παρᾶ
822 3243 920 3296 τοῦ
973 3236 1228 3315 Μεγάλου
1279 3232 1616 3291 Θεοδοσίου·
1672 3234 1707 3302 ἡ
1756 3229 1812 3286 δε
1865 3231 2074 3305 Εἰρήνη

420 3331 713 3388 κατέλυσεν
743 3330 926 3385 αὐτόν.

426 3421 559 3496 Ηερὶ
647 3424 745 3475 τοῦ
829 3417 1017 3493 Ἃγίου
1101 3413 1554 3488 Παντελεήμονος
1623 3416 1719 3467 τοῦ
1799 3409 2079 3486 Μεγάλου.

493 3512 592 3565 Τὸν
649 3507 706 3564 δὶ
764 3509 950 3583 Ἀγιον
1010 3503 1430 3578 ΙΙαντελεήμονα
1493 3497 1668 3558 ἔκτισε
1725 3499 1978 3575 Θεοδώρα
2046 3503 2080 3570 ἡ

425 3601 564 3675 γυνή
621 3601 1008 3655 Ἰουστιτιανοῦ
1072 3599 1168 3650 τοῦ
1225 3592 1503 3670 Μεγάλου.
1565 3595 1694 3650 Ὅτε
1749 3590 1914 3661 ἦλθεν
1976 3589 2081 3644 ἀπὸ

428 3688 850 3764 Παφλαγωνίας,
937 3685 1110 3741 ἐκεῖσε
1190 3683 1241 3738 ἐν
1328 3687 1407 3755 τῷ
1476 3677 1702 3756 ἐμϐόλῳ
1765 3679 1938 3735 ἔκειτο
2006 3679 2080 3741 ὡς

421 3779 649 3853 πτωχὴ,
709 3774 798 3831 καὶ
866 3771 1055 3843 ἕνηθεν
1133 3771 1271 3849 ἔρια,
1355 3771 1445 3826 καὶ
1522 3769 1724 3824 ἐπώλει
1775 3769 1929 3836 αὐτὰ,
1991 3767 2080 3822 καὶ

423 3868 602 3930 οὕτως
663 3864 780 3936 ἔζη.
839 3866 985 3920 Μετᾶ
1059 3860 1116 3918 δὲ
1197 3864 1259 3918 τὸ
1339 3858 1678 3937 βασιλεῦσαι,
1754 3856 1930 3912 ἔκτισε
1987 3856 2077 3911 τὸν

419 3956 573 4015 ναόν.

977 4025 1108 4102 Περὶ
1143 4025 1210 4080 τὰ
1241 4021 1540 4080 Κλαυδίου.

493 4117 579 4175 Τὰ
633 4112 926 4187 Κλαυδίου,
959 4117 1110 4177 οἶκος
1181 4114 1247 4183 ἦν
1303 4111 1594 4184 πατρικίου
1645 4115 1742 4166 τοῦ
1801 4105 2081 4165 Κλαυδίου

427 4205 520 4262 καὶ
572 4203 938 4280 κοιαίστορος,
994 4202 1046 4259 ἂν
1101 4208 1217 4266 τοῖς
1261 4201 1485 4279 χρόνοις
1540 4198 1870 4259 Βασιλίσκου
1927 4200 2080 4276 βασι-

431 4293 592 4368 λέως,
623 4295 683 4359 ὃς
710 4293 800 4350 καὶ
831 4292 1098 4349 παλάτιον
1131 4293 1413 4368 ἀνήγειρεν
1447 4291 1637 4348 ἐκεῖσε.

1005 4381 1136 4458 Περὶ
1167 4382 1234 4437 τὰ
1264 4385 1494 4456 Ναρσοῦ.

493 4474 567 4528 Τὰ
622 4471 679 4528 δὲ
735 4475 974 4550 Ναρσοῦ,
1050 4472 1196 4533 οἶκος
1259 4473 1322 4538 ἦν
1377 4472 1590 4544 Napaei}
1647 4465 1934 4543 πατρικίου
1990 4469 2077 4522 καὶ

423 4563 812 4640 πραιποσίτου,
872 4560 1164 4637 εὐννύχου,
1227 4559 1280 4614 ἐν
1327 4563 1444 4620 τοῖς
1503 4557 1730 4634 χρόνοις
1787 4558 2079 4612 Ἰουστίνου

2193 637 2423 693 Zenone
2455 655 2669 710 genero
2704 643 2922 714 fugato.

2644 733 2720 787 De
2748 735 2950 806 templa
2979 736 3035 791 S.
3071 736 3414 806 Agat/ionici.

2266 819 2573 891 Templum
2629 827 2686 876 S.
2721 824 3069 894 Agathoniei
3122 828 3313 898 primo
3373 829 3444 884 ab
3505 831 3857 899 Anastasio;

2197 909 2454 963 secundo
2515 916 2734 982 autem,
2770 929 2802 966 a
2849 915 3182 971 Justiniano
3240 917 3450 989 Magno
3509 925 3853 975 renovatum

2195 1001 2300 1051 est.
2338 1001 2398 1052 ln
2435 999 2540 1054 hoe
2574 1017 2704 1056 vero
2733 1004 2953 1075 templo
2985 1005 3145 1060 intra
3177 1006 3611 1078 quinquaginta
3643 1026 3848 1077 annos,

2193 1095 2416 1160 septem
2452 1091 2799 1161 patriarcha:
2848 1095 3254 1168 episeOpatum
3303 1114 3560 1169 gessere,
3593 1116 3658 1154 ae
3712 1117 3854 1171 qua-

2192 1185 2325 1233 tuor
2355 1179 2575 1236 ibidem
2624 1182 3010 1255 imperatores
3061 1186 3326 1242 coronati
3377 1193 3538 1244 sunt.
3571 1191 3694 1254 Qua
3718 1205 3850 1245 vero

2191 1268 2263 1324 de
2294 1285 2474 1325 causa
2528 1275 2822 1328 mutatum
2850 1273 2927 1328 sit
2957 1291 2990 1329 a
3021 1274 3276 1345 Tiberio,
3319 1277 3601 1332 nescitur.
3648 1278 3846 1333 Proxi-

2191 1373 2284 1412 me
2316 1357 2424 1412 hoc
2456 1359 2745 1432 templum
2790 1365 2915 1416 erat
2951 1361 3233 1418 Palatium
3285 1365 3635 1431 maximum,
3668 1366 3846 1437 quod,

2190 1462 2319 1501 cum
2353 1446 2674 1518 collapsum
2706 1455 2884 1520 esset,
2917 1452 3191 1508 Tiberius
3225 1453 3422 1510 senior
3454 1453 3847 1526 imperatoriis

2191 1535 2408 1591 aedibus
2440 1537 2729 1607 adjunxit.

2796 1630 2868 1684 De
2901 1629 2953 1684 S.
2985 1631 3234 1685 Iuliano.

2259 1715 2575 1770 Monacbos
2607 1717 2663 1771 S.
2699 1717 2918 1773 Juliani
2953 1719 3080 1789 pios
3112 1736 3176 1774 ac
3209 1719 3514 1791 religiosos
3555 1720 3844 1778 Constan-

2189 1803 2350 1859 tinus
2380 1804 2782 1878 Copronymus
2832 1808 2951 1880 igni
3010 1807 3274 1878 tradidit,
3310 1826 3374 1864 eo
3406 1810 3562 1882 quod
3616 1811 3844 1882 profani

2189 1893 2318 1964 ejus
2373 1894 2714 1950 vestimenti
2771 1913 2836 1952 ac
2889 1898 3254 1953 detestabilis
3305 1903 3474 1954 secta:
3528 1899 3844 1971 participes

2187 1999 2317 2038 esse
2366 1982 2621 2052 nollent;
2657 1987 3157 2057 quemadmodum
3186 1991 3244 2042 et
3273 1987 3461 2059 ipsum
3507 1987 3840 2055 ecclesiam,

2189 2073 2361 2144 cujus
2392 2071 2704 2145 plumbum
2737 2075 2927 2131 calore
2959 2076 3316 2132 dissolutum
3350 2079 3422 2132 ad
3456 2076 3621 2133 littus
3653 2095 3844 2150 usque

2189 2161 2553 2233 Sophianum
2603 2165 2864 2221 deﬂuxit.
2914 2167 3196 2222 Cmterum
3240 2166 3458 2222 ibidem
3502 2167 3562 2222 in
3613 2168 3842 2239 porticu

2190 2250 2458 2308 Perdices
2489 2270 2646 2308 {crete
2674 2254 3036 2310 visebantur.

2298 2361 2371 2416 De
2401 2361 2457 2417 S.
2491 2361 2758 2418 Ith'chaele
2787 2364 3128 2433 archangelo
3155 2379 3322 2435 prope
3349 2365 3406 2419 S.
3430 2364 3734 2420 lulianum.

2260 2519 2544 2575 Similiter
2572 2524 2630 2576 et
2657 2521 2840 2578 aedem
2872 2526 2929 2577 S.
2964 2522 3266 2578 Michaelis
3313 2523 3682 2594 archangelo,
3718 2540 3848 2596 quae

2182 2614 2285 2673 ,ρει
2311 2611 2487 2680 juxta
2519 2612 2577 2665 S.
2607 2609 2934 2678 Julianum,
2967 2612 3314 2668 Anastasius
3337 2613 3578 2668 Dicorus
3618 2617 3850 2668 exstru-

2188 2699 2292 2767 xit,
2318 2715 2448 2753 cum
2471 2699 2786 2772 Dyrrachio
2810 2701 2867 2755 in
2894 2702 3100 2756 urbem
3130 2702 3408 2758 venisset.
3433 2702 3686 2770 Etenim,
3711 2719 3845 2756 eum

2191 2805 2336 2860 puer
2364 2794 2540 2857 esset,
2575 2790 2653 2843 ibi
2687 2790 2962 2846 habitans
2993 2789 3216 2846 litteras
3249 2791 3475 2847 didicit.

2611 2882 2686 2934 De
2711 2882 2945 2951 palatiis
2983 2880 3421 2936 Eleutheriam's.

2264 2967 2485 3023 Palatia
2517 2968 2932 3024 Eleutheriana
2962 2974 3018 3024 et
3061 2969 3296 3024 ofﬁcina
3343 2970 3507 3025 Irene
3539 2985 3659 3024 una
3706 2985 3842 3024 eum

2188 3059 2572 3113 Constantino
2632 3074 2738 3113 suo
2799 3058 2914 3112 tilio
2983 3057 3312 3112 aediﬁcavit.
3376 3059 3843 3130 Hippodromum

2190 3163 2345 3218 vero,
2375 3146 2471 3217 qui
2534 3147 2688 3202 inter
2733 3147 3049 3202 Eleutherii
3102 3146 3324 3218 palatia
3372 3152 3428 3201 et
3485 3147 3843 3202 Amastriani

2192 3242 2445 3292 tractum
2480 3254 2512 3291 a
2546 3237 2874 3292 Theodosio
2906 3237 3117 3308 Magno
3149 3240 3482 3292 exstructus
3515 3235 3646 3307 fuit,
3683 3236 3847 3291 lrene

2194 3332 2394 3400 postea
2425 3327 2647 3382 evertit.

2445 3421 2523 3471 De
2565 3417 2794 3472 Ecclesia
2827 3415 2882 3472 S.
2915 3415 3354 3471 Pa-ntcleemom's
3385 3416 3596 3486 Magni.

2263 3507 2522 3564 Ecclesia
2552 3507 2610 3562 S.
2658 3506 3127 3562 Panteleemonis
3177 3505 3415 3561 condita
3471 3509 3560 3561 est
3591 3522 3623 3560 a
3655 3503 3846 3560 Theo-

2192 3599 2351 3664 dora,
2385 3596 2699 3652 Justiniani
2751 3595 2945 3667 Magni
2979 3612 3195 3662 uxore;
3248 3594 3524 3666 quoniam
3556 3612 3623 3650 ex
3653 3594 3847 3666 Paph-

2191 3687 2421 3758 lagonia
2474 3703 2609 3741 cum
2657 3685 2934 3756 venisset,
2969 3685 3050 3740 ibi
3082 3685 3139 3739 in
3175 3686 3398 3756 porticu
3441 3685 3708 3757 degebat,
3742 3701 3844 3738 ceu

2193 3779 2548 3851 paupercula
2577 3779 2798 3834 vietum
2831 3779 2943 3834 sibi
2976 3796 3042 3834 ex
3073 3777 3329 3833 laniﬁcio
3361 3777 3700 3849 quaeritans.
3735 3777 3847 3832 Sed

2191 3870 2291 3925 ubi
2325 3869 2395 3922 ad
2444 3867 2761 3940 imperium
2811 3867 3096 3940 pervenit,
3129 3867 3346 3922 ibidem
3393 3866 3679 3940 templum
3712 3883 3846 3922 exs-

2189 3959 2396 4014 truxit.

2741 4029 2814 4084 De
2844 4027 3068 4084 Claudii
3092 4035 3291 4083 tractu.

2263 4118 2487 4175 Claudii
2524 4120 2766 4183 tractus,
2823 4118 3034 4173 domus
3078 4121 3204 4172 erat
3250 4115 3474 4170 Claudii
3527 4113 3757 4186 patricii
3790 4119 3850 4169 et

2192 4209 2520 4282 quaestoris,
2573 4211 2831 4278 tempore
2880 4205 3144 4262 Basilisci
3194 4204 3609 4276 imperatoris;
3660 4203 3762 4277 qui
3793 4209 3851 4259 et

2192 4298 2480 4372 palatium
2513 4295 2632 4353 illic
2662 4297 2990 4352 aediﬁcavit.

2729 4387 2805 4442 De
2833 4391 3014 4442 tractu
3042 4385 3308 4441 Narsetis.

2259 4476 2518 4532 Narsetis
2569 4479 2814 4544 tractus,
2844 4476 3056 4530 domus
3088 4479 3212 4530 erat
3242 4474 3504 4531 Narsetis
3535 4473 3763 4544 patricii
3794 4479 3851 4530 et

2190 4567 2508 4639 praepositi,
2543 4565 2824 4631 eunuchi,
2883 4571 3145 4636 tempore
3201 4561 3423 4621 Ju'stini
3481 4569 3539 4619 et
3593 4563 3845 4635 Sophim.

423 4651 512 4708 καὶ
570 4652 794 4731 Σοφίας.
849 4654 970 4708 Τῶν
1026 4647 1084 4705 δὲ
1156 4650 1377 4721 ξενῶνα,
1411 4649 1501 4703 καὶ
1559 4649 1620 4702 τὸ
1679 4652 2074 4722 γηροκομεῖον,

2207 4655 2633 4712 Kenodochium
2694 4658 2916 4724 autem,
2961 4653 3358 4726 gerocomium
3421 4657 3478 4708 et
3535 4651 3848 4707 ecclesiam

424 4742 518 4796 καὶ
567 4743 666 4811 τὴν
719 4741 1008 4811 ἐκκλησίαν
1063 4741 1347 4814 ἀνήγειρεν
1409 4740 1437 4792 6
1496 4737 1680 4805 αὐτὸς,
1710 4737 1800 4792 καὶ
1848 4736 1914 4791 τὰ
1948 4736 2080 4812 μέχι

425 4836 522 4887 τοῦ
553 4827 900 4910 Ὀξυϐαφίου,
932 4830 1023 4885 καὶ
1053 4851 1147 4884 τον
1178 4830 1371 4905 Ἀγιον
1404 4823 1639 4904 Πρόϐον.

907 4991 1039 5068 Περὶ
1067 4995 1165 5048 τοῦ
1193 4990 1373 5068 Ἀγίου
1404 4995 1594 5063 Θωμᾶ.

502 5084 623 5140 Ὀτι
665 5082 732 5138 τὰ
775 5079 1052 5156 Ἀμοὶντου
1097 5079 1428 5153 καλούμενα,
1473 5081 1622 5143 οἶκος
1669 5080 1737 5148 ἦν
1787 5079 2081 5154 μαγίστρου

425 5173 576 5236 τινὸς
653 5170 930 5246 Ἀμάντου
991 5172 1513 5246 παρακοιμωμὲνου,
1575 5169 1627 5224 ἐν
1685 5174 1805 5232 τοῖς
1861 5170 2082 5244 χρόνοις

425 5266 524 5318 τοῦ
583 5261 814 5336 Δικόρου
869 5263 1017 5322 ὅστις
1076 5256 1250 5315 ἔκτισε
1291 5261 1384 5314 τὸν
1434 5265 1622 5336 ’Άγιον
1672 5266 1869 5332 Θωμᾶν
1908 5279 1919 5291 ·
1983 5258 2080 5332 ἐμ-

428 5351 765 5423 πρησθέντος
805 5349 883 5416 δὲ,
918 5351 1067 5405 Λέων
1099 5349 1126 5404 ὁ
1158 5350 1272 5411 υἱὸς
1307 5347 1592 5406 Βασιλείου
1629 5353 1726 5404 τοῦ
1772 5346 2079 5411 Μακεδόνος

430 5441 491 5495 ἀν
501 5440 756 5496 εκαίνισεν
791 5440 974 5497 αὐτόν.

894 5529 1025 5606 Περὶ
1065 5531 1126 5584 τὸ
1165 5526 1613 5602 Χρυσοκάμαρον.

495 5619 570 5674 Τὸ
657 5616 715 5674 δὲ
771 5618 1222 5695 Χρυσοκάμοιρον,
1305 5613 1519 5672 ὄπισθεν
1599 5621 1698 5672 τοῦ
1768 5617 2081 5692 Μυρελαίου

432 5705 632 5779 ζώδιον
661 5706 849 5764 ’ίστατο
877 5713 1140 5784 χρυσοῦν,
1191 5705 1280 5762 διὰ
1317 5711 1480 5761 τοῦτο
1531 5703 1737 5777 ἐκλήθη
1794 5708 2081 5782 Χρυσοκά-

439 5819 632 5873 μαρον.
694 5800 848 5871 Παρά
904 5797 960 5853 δέ
1027 5819 1188 5853 τινων
1271 5795 1516 5854 κλεπτῶν
1574 5795 1624 5850 ἐν
1683 5801 1800 5859 τοῖς
1859 5797 2080 5873 χρόνοις

2191 4746 2343 4801 idem
2375 4745 2500 4816 ipse
2531 4745 2797 4800 condidit
2832 4748 2890 4798 et
2921 4760 3286 4815 quaecunque
3317 4744 3387 4798 ad
3435 4741 3626 4798 locum
3659 4759 3847 4814 usque

2191 4834 2516 4907 Oxybapbii
2568 4837 2971 4906 nuncupatum
3017 4833 3329 4901 visuntur;
3377 4832 3637 4902 itemque
3667 4832 3846 4887 Sanc-

2190 4929 2319 4980 tum
2355 4925 2626 4980 Probum.

2737 4996 2810 5050 De
2836 4994 3034 5050 Sancto
3066 4994 3286 5050 Thoma.

2266 5085 2494 5141 Amanti
2539 5089 2784 5152 tractus,
2819 5085 3032 5140 domus
3079 5087 3204 5139 erat
3255 5082 3488 5138 Amanti
3539 5082 3848 5153 cujusdam

2194 5174 2463 5246 magistri
2495 5179 2552 5229 et
2583 5173 2936 5229 accubitoris
2982 5173 3092 5228 sub
3125 5171 3435 5228 Anastasio
3468 5171 3714 5238 Dieoro;
3749 5173 3850 5243 qui

2192 5263 2500 5320 ecclesiam
2551 5265 2603 5319 S.
2639 5264 2874 5318 Thomas
2920 5262 3249 5331 aediﬁcavit,
3297 5279 3469 5332 quam
3524 5266 3728 5332 postea
3760 5264 3851 5317 in-

2193 5354 2400 5408 eendio
2452 5357 2866 5424 consumptam
2919 5352 3029 5408 Leo
3081 5351 3236 5408 [ilius
3268 5351 3468 5407 Basilii
3517 5351 3852 5407 Macedonis

2191 5444 2564 5498 restauravit.

2736 5537 2818 5587 De
2851 5533 2955 5588 Chr
2962 5547 3298 5604 ysocamcra.

2267 5625 2325 5678 In
2358 5623 2815 5694 Chrysocamera
2847 5639 2996 5692 pone
3029 5620 3387 5692 Myrelmum,
3421 5619 3559 5675 olim
3612 5618 3847 5690 signum

2194 5729 2436 5769 aureum
2479 5712 2820 5780 visebatur;
2855 5711 3071 5766 idcirco
3130 5711 3588 5780 Chrysocamera
3622 5723 3846 5761 nuncu-

2197 5809 2332 5875 pata
2363 5806 2468 5858 est.
2503 5801 2619 5856 Hoc
2651 5804 2847 5855 autem
2881 5800 3118 5872 signum
3151 5816 3184 5853 a
3216 5797 3569 5869 quibusdam
3601 5794 3845 5851 latroni-
