4124 6380
342 387 370 444 1
382 383 499 444 263

1289 372 1686 436 ΑΡΡΕΝΒΙΧ
1726 374 1832 432 AD
1877 370 2338 434 MICHAELEM
2385 371 2776 437 PSELLUM.

3621 383 3778 447 1264

334 516 446 569 bus
478 511 830 568 sulfuratum
867 513 958 564 est
986 513 1244 580 tempore
1275 507 1476 563 Bardie
1510 503 1776 572 Caesaris,
1810 519 1992 559 avun-

2116 497 2286 576 Βάρδα
2336 501 2620 578 Καίσαρος,
2652 500 2750 559 105
2799 503 2946 568 θείου
3000 507 3262 584 Μιχαὴλ,
3320 511 3446 566 υἱοῦ
3495 516 3599 568 τοῦ
3650 519 3784 570 6co-

334 603 450 659 culi
483 599 810 667 Michaelis,
841 597 944 654 ﬁlii
977 596 1311 668 Theophili.

970 715 1045 769 De
1075 711 1376 769 Psarclaeo.

410 807 764 863 Psarelaaum
799 802 1293 860 monasteriorum
1326 817 1460 856 cum
1513 804 1683 854 antea
1721 801 1878 853 esset
1906 813 2000 852 vo-

340 899 586 954 cabatur
644 892 1017 966 Myrelseum;
1052 893 1370 961 imperator
1425 890 1582 944 enim
1643 887 1738 943 cui
1792 891 1998 942 notum

341 991 466 1043 erat
496 1001 734 1053 nomen,
767 982 951 1038 voluit
976 986 1040 1036 ut
1071 980 1422 1035 Psarelzeum
1454 976 1996 1050 nppellaretur.Mo-

339 1075 512 1131 nacbi
585 1089 720 1128 vero
781 1090 815 1126 a
880 1069 1264 1126 Constantino
1339 1069 1700 1140 Capronymo
1779 1064 2000 1137 injuria

337 1163 525 1220 allecti
560 1162 698 1218 inde
727 1160 1138 1234 profugerunt.

515 1281 590 1335 De
615 1282 782 1350 porta
809 1293 908 1332 seu
930 1283 1112 1331 tractu
1144 1274 1465 1345 cognomine
1499 1273 1815 1328 Psamatha.

412 1387 474 1441 In
513 1390 680 1458 porta
710 1401 810 1440 seu
861 1387 1052 1438 tractu
1088 1380 1400 1436 Psamatha
1449 1380 1820 1451 cognomine,
1867 1379 1998 1433 ido-

340 1475 465 1530 lum
523 1474 737 1539 stabat,
799 1472 952 1543 quod
1001 1471 1238 1541 quidam
1297 1468 1538 1540 gentilis
1609 1467 1858 1536 colebat,
1905 1466 1996 1520 cui

337 1562 656 1619 Christiani
685 1561 977 1626 dicebant,
1015 1558 1242 1614 Idolum
1279 1559 1431 1630 quod
1467 1573 1573 1612 ceu
1614 1557 1796 1612 Deum
1830 1555 1997 1626 colis,

337 1653 484 1708 deus
520 1651 697 1706 falsus
745 1655 802 1704 et
849 1649 1170 1703 ementitus
1202 1653 1315 1713 est,
1365 1663 1428 1701 ac
1463 1663 1530 1700 ex
1562 1662 1627 1700 eo
1677 1646 1841 1700 locus
1890 1645 1998 1700 iste

335 1741 418 1795 ita
445 1739 896 1812 cognominatus
928 1741 1038 1793 est.
1071 1738 1354 1791 Caeterum
1384 1736 1502 1789 haec
1536 1740 1700 1805 porta
1731 1734 1887 1789 dicta
1909 1739 1999 1788 est

338 1831 572 1897 Quinta,
606 1847 672 1885 eo
703 1829 856 1898 quod
893 1841 1135 1882 numero
1166 1825 1373 1893 quinta
1403 1825 1502 1880 sit.

476 1949 551 2000 De
577 1945 811 2015 palatiis
844 1959 960 2014 quas
991 1942 1053 1996 in
1081 1945 1260 1996 tractu
1284 1941 1579 1996 Psamatha
1612 1943 1858 1996 exstant.

419 2051 637 2106 Palatia
685 2054 882 2106 autem
914 2053 971 2104 et
999 2047 1397 2120 gerocomium
1447 2047 1504 2102 in
1533 2051 1724 2102 tractu
1757 2048 1996 2102 Psama-

347 2140 452 2195 tha
508 2141 683 2206 dicto,
743 2138 1035 2194 exstruxit
1089 2141 1144 2192 S.
1206 2135 1424 2192 Helena
1477 2155 1492 2206 ;
1547 2137 1880 2208 pariterque
1933 2135 1992 2190 S.

340 2230 710 2284 Theodorum
769 2227 993 2283 Claudii
1053 2232 1482 2298 nuncupatum.
1544 2226 1812 2281 Urbicius
1863 2241 1996 2281 vero

339 2325 650 2376 structuras
696 2321 1008 2392 prafectus
1040 2317 1304 2372 condidit
1346 2317 1636 2389 templum
1687 2317 1746 2372 S.
1778 2315 1996 2371 Juliani

337 2409 591 2482 propriis
623 2409 982 2481 sumptibus.
1017 2406 1238 2462 Ibidem
1272 2413 1439 2462 erant
1475 2411 1668 2462 castra
1701 2406 1995 2461 Romano-

336 2516 494 2555 rum.

818 2589 891 2643 De
921 2593 1081 2657 porta
1111 2590 1168 2642 5.
1199 2586 1513 2642 ιιΕηιίίίαηί.

409 2680 576 2732 Porta
629 2677 688 2732 S.
742 2676 1033 2732 Bmiliani
1078 2693 1291 2732 nomen
1353 2675 1579 2746 accepit
1637 2689 1672 2728 ιι
1732 2673 1996 2745 proximo

331 2764 554 2836 templo
585 2765 644 2820 S.
678 2764 994 2829 Emiliani,
1024 2766 1180 2836 quod
1219 2765 1383 2836 prius
1433 2779 1680 2835 parvum
1715 2767 1840 2817 erat
1865 2778 1998 2816 ora-

331 2853 576 2909 torium.
606 2856 754 2910 Cum
807 2858 1004 2909 autem
1037 2854 1253 2925 Moysis
1297 2853 1464 2924 virga
1509 2852 1835 2920 all'erretur,
1867 2867 1996 2905 eam

335 2943 448 2998 hoc
480 2941 606 2998 loco
655 2943 882 3015 excepit
923 2943 1346 2998 Constantinus
1398 2942 1665 3009 Magnus,
1697 2947 1752 2996 et
1782 2942 1836 2995 S.
1871 2940 1999 2995 Dei-

335 3049 488 3102 parze
520 3031 828 3087 ecclesiam
870 3032 1159 3086 exstruxit
1183 3049 1196 3099 ;
1221 3037 1277 3087 et
1312 3031 1580 3086 siclocus
1602 3030 1699 3085 ille
1731 3028 1995 3102 appella-

335 3126 436 3175 tus
490 3119 600 3175 fuit
630 3119 905 3175 Rhabdos
957 3137 1058 3175 seu
1092 3121 1272 3192 virga.
1312 3121 1592 3174 Praeterea
1621 3123 1678 3174 et
1718 3134 1992 3190 magnam

335 3209 644 3265 ecclesiam
675 3210 732 3264 S.
770 3209 1065 3264 [Emiliani
1105 3207 1412 3264 aedificavit
1442 3224 1454 3261 :
1493 3209 1703 3263 deinde
1731 3223 1865 3264 vero
1896 3225 1992 3262 sa-

331 3315 490 3356 cram
520 3297 681 3354 illam
712 3298 936 3370 virgam
967 3298 1025 3353 in
1063 3298 1344 3370 palatium
1375 3297 1702 3352 transtulit.

717 3415 792 3469 Dc
817 3416 1074 3469 cisternis
1104 3422 1156 3470 et
1181 3415 1246 3469 de
1274 3413 1624 3484 aquaeductu.

402 3522 835 3593 Aquseductum
869 3521 1194 3593 ingentium
1230 3536 1498 3589 arcuum,
1532 3536 1632 3574 seu
1691 3519 1747 3573 in
1780 3517 1989 3574 cmlum

333 3627 524 3683 usque
556 3609 750 3666 educti
786 3608 1054 3674 fornices,
1093 3627 1126 3663 a
1155 3607 1415 3674 Valente,
1449 3607 1532 3662 uti
1567 3623 1722 3662 nunc
1754 3607 1992 3678 conspi-

332 3701 595 3764 ciuntur,
642 3696 926 3753 exstructi
971 3701 1130 3752 sunt.
1179 3698 1264 3752 Ad
1317 3697 1644 3752 Cisternam
1693 3695 1842 3752 Aetii
1891 3713 1991 3752 co-

335 3787 760 3858 gnominatam,
795 3803 972 3858 quam
1006 3786 1204 3842 Aetius
1235 3787 1539 3853 exstruxit,
1573 3790 1770 3842 statua
1802 3786 1991 3859 ipsius

332 3877 488 3932 Aetii
529 3881 723 3933 erecta
752 3879 898 3932 erat.

859 3994 933 4048 Dc
959 3992 1186 4064 Asparis
1214 3993 1470 4048 cisterna.

401 4081 644 4155 Asparis
694 4082 1011 4138 cisternam
1062 4087 1310 4154 Aspares
1340 4086 1398 4136 et
1447 4081 1816 4138 Ardaburius
1869 4101 1992 4139 exs-

330 4175 584 4234 truxere,
618 4176 883 4243 tempore
916 4171 1126 4228 Leonis
1158 4171 1374 4243 Magni.
1409 4171 1534 4234 Qua
1564 4172 1832 4228 absoluta
1863 4191 1990 4229 am-

330 4261 404 4315 bo
437 4259 582 4314 inibi
631 4259 922 4314 interfecti
957 4265 1095 4314 sunt
1145 4259 1217 4314 ab
1248 4260 1450 4314 eodem
1497 4259 1890 4330 imperatore;
1925 4278 1991 4316 eo

331 4349 487 4422 quod
519 4349 930 4418 conjuratione
979 4365 1112 4403 cum
1147 4347 1363 4420 populo
1417 4347 1585 4414 inita,
1639 4349 1885 4405 Leonem
1918 4351 1990 4405 ab

328 4438 574 4507 imperio
623 4437 830 4506 ejicere
882 4442 1237 4504 statuerant,
1270 4435 1383 4492 nisi
1433 4437 1504 4492 de
1548 4438 1843 4493 industria
1892 4456 1992 4494 eos

331 4525 464 4582 dolo
498 4525 841 4581 sustulisset
872 4525 1211 4596 imperator.
1243 4527 1529 4582 Caeterum
1563 4527 1774 4582 domus
1805 4531 1992 4600 Aspa-

2109 589 2294 668 ιρίλου,
2328 590 2563 663 ἐκλάπη.

2634 711 2764 785 ΙῙερι
2793 712 2862 766 τὰ
2891 711 3204 787 Ψαρελαίου
3217 757 3231 772 .

2180 796 2263 853 Τὰ
2293 796 2606 873 Φαρελαίου
2635 798 2898 874 πρότερον
2946 801 3195 858 ἐκαλεῖτο
3247 804 3598 879 Μυρέλαιον,
3637 811 3782 881 μονὴ

2109 891 2261 943 οὖσα,
2299 888 2398 942 Καὶ
2431 888 2700 963 γνωρίσας
2748 890 2882 945 αὑτὸ
2925 887 3100 964 ὄνομα
3149 894 3393 950 ἀντεῖπεν
3430 896 3460 952 6
3498 895 3786 972 βασιλεὺς,

2102 973 2192 1028 ἵνα
2224 975 2394 1050 ἀκούῃ
2425 975 2736 1053 Ψαρέλαιον
2772 997 2784 1010 ·
2837 980 2976 1034 ὅπου
3025 976 3272 1058 ἐνύϐριζε
3315 983 3449 1048 τοὺς
3503 987 3786 1063 μοναχούς

2108 1065 2136 1119 6
2170 1066 2564 1141 Κοπρώνυμος,
2594 1069 2682 1122 καὶ
2717 1064 2910 1145 ἔφυγον
2944 1069 3172 1133 ἐκεῖθεν.

2662 1301 2790 1377 Περὶ
2824 1307 2917 1357 τοῦ
2951 1307 3210 1378 Ψαμαθᾶ.

2177 1410 2393 1464 Ἵστατο
2427 1405 2483 1464 δὲ
2515 1408 2592 1471 είς
2637 1409 2730 1464 τὸν
2772 1412 3041 1484 Ψαμαθὰν
3102 1409 3360 1487 εἶ’δωλον,
3391 1415 3490 1470 καί
3551 1435 3639 1480 τις
3677 1419 3786 1471 τῶν

2108 1494 2533 1573 εῗδωλολατρῶν
2592 1492 2806 1552 ἐσέϐετο
2883 1499 3036 1556 αὐτό.
3121 1499 3350 1576 Ἔλεγον
3404 1500 3466 1558 δὶ
3538 1502 3692 1576 αὖτῷ
3736 1496 3787 1559 al

2109 1583 2414 1658 ὸρθόδοξοι,
2466 1585 2550 1641 ὅτι
2599 1589 2669 1642 Τὸ
2729 1585 2986 1658 εἴδωλον,
3019 1589 3047 1645 ὃ
3098 1585 3230 1666 σέϐῃ
3284 1592 3360 1654 ὡς
3413 1592 3563 1665 θεὸν,
3615 1595 3787 1666 ψεμα⁹

2105 1675 2253 1739 τινός
2280 1674 2391 1730 ἐστι
2425 1694 2436 1705 ·
2494 1676 2583 1731 καὶ
2632 1675 3027 1754 ἐτομολογήθη
3081 1679 3108 1735 6
3157 1680 3327 1745 τόπος
3376 1679 3584 1746 οὕτως.
3633 1683 3696 1739 Ἡ
3730 1677 3786 1737 δὶ

2108 1765 2339 1839 [ιέμπτη
2392 1765 2567 1840 πόρτα
2623 1765 2857 1837 ἐκλήθη,
2917 1764 3009 1822 διὰ
3064 1770 3125 1824 τὸ
3181 1769 3316 1824 εἶναι
3371 1772 3493 1827 κατ’
3546 1771 3784 1847 ἀριθμὸν

2024 1873 2072 1938 Β
2102 1868 2382 1939 πέμπτην.

2509 1955 2638 2030 Ηερὶ
2668 1959 2775 2010 τῶν
2819 1953 2873 2010 ἐν
2907 1955 3054 2028 αὐτῷ
3077 1956 3382 2016 παλατίων.

2178 2058 2357 2117 Ἀλλά
2393 2063 2480 2116 καὶ
2540 2059 2800 2132 παλάτια,
2848 2065 2936 2117 καὶ
2997 2063 3061 2118 τὸ
3122 2069 3544 2138 Γηροκομεῖον,
3598 2065 3666 2121 τὰ
3716 2063 3789 2127 εἷς

2103 2151 2171 2206 τὰ
2219 2152 2460 2224 Ψαμαθὰ
2507 2153 2542 2220 ἡ
2597 2151 2725 2227 ἀγία
2771 2150 2963 2222 Ἐλὲνη
3025 2153 3310 2228 ἀνήγειρεν
3345 2171 3360 2186 ⁸
3431 2153 3648 2227 ὁμοίως
3699 2144 3788 2209 καὶ

2104 2239 2196 2296 τὸν
2230 2243 2421 2314 Ἂγιον
2472 2237 2753 2316 Θεόδωρον
2803 2243 2894 2296 τὸν
2945 2239 3248 2298 Κλαυδίου.
3293 2244 3358 2301 Ἡ
3421 2239 3732 2320 Οὐρϐίκιος
3762 2242 3789 2296 6

2106 2331 2510 2403 παριστάμενος
2571 2331 2646 2392 είς
2719 2331 2785 2384 τὰ
2861 2330 3132 2403 κτίσματα
3197 2332 3455 2410 ἀνήγειρε
3544 2331 3639 2388 καὶ
3698 2331 3788 2386 τὸν

2105 2423 2295 2495 ’Ἁγιον
2329 2417 2626 2475 Ἰουλιανὸν
2673 2418 2724 2490 ἐξ
2769 2420 2982 2474 οἰκείων
3035 2417 3253 2493 ἐξόδων,
3307 2421 3358 2476 ἐν
3410 2423 3459 2494 ᾦ
3511 2420 3787 2498 ἐτύγχανε

2109 2507 2363 2580 ἄπληκτά
2391 2514 2498 2564 τῶν
2529 2509 2820 2582 Ῥωμαίων
2833 2553 2846 2568 .

2339 2600 2466 2672 Περὶ
2492 2604 2594 2667 τῆς
2625 2594 2834 2673 πόρτης
2860 2599 2958 2654 τοῦ
2989 2599 3148 2674 ἁγίου
3175 2597 3541 2672 Αἰμιλιανοῦ.

2177 2688 2239 2744 Ἦ
2271 2685 2584 2760 καλουμένη
2619 2691 2714 2741 τοῦ
2763 2686 2918 2762 ἁγίου
2971 2686 3307 2762 Αἰμιλιανοῦ
3355 2690 3539 2766 πόρτα
3595 2687 3778 2750 οῧτως

2109 2774 2342 2847 ἐκλήθη,
2399 2773 2486 2830 διὰ
2533 2779 2594 2830 τὸ
2643 2777 2776 2830 εἶναι
2840 2774 3074 2847 πλησίον
3125 2782 3224 2832 τοῦ
3282 2782 3413 2832 ναοῦ
3463 2783 3564 2834 τοῦ
3615 2778 3770 2854 ἁγίου

2107 2864 2459 2937 Αἰμιλιανοῦ,
2493 2865 2552 2926 ός
2601 2865 2866 2940 πρότερον
2923 2866 3017 2938 μὶν
3066 2867 3132 2935 ἦν
3184 2865 3472 2942 εὐκτήριον
3527 2887 3723 2942 μικρον
3759 2886 3772 2902 ·

2106 2953 2232 3008 ἀλλ’
2264 2953 2353 3008 ὅτε
2383 2949 2533 3030 ἤχθη
2565 2958 2662 3008 τοῦ
2713 2952 2954 3017 Μωσέως
3006 2957 3041 3024 ἡ
3093 2951 3316 3032 ῥάϐδος,
3350 2954 3571 3028 ἐδέξατο
3604 2955 3775 3024 αὐτὴν

2106 3041 2279 3097 ἐκεῖσε
2337 3043 2365 3096 6
2422 3043 2602 3119 Μέγας
2676 3049 3104 3114 Κωνσταντῖνος,
3169 3044 3259 3099 καὶ
3337 3044 3599 3122 ἀνήγειρε
3653 3044 3774 3100 ναὸν

2103 3139 2203 3201 τῆς
2249 3131 2538 3206 θεοτόκου,
2570 3132 2660 3187 καὶ
2715 3132 2890 3197 οὕτως
2946 3133 3240 3206 ὠνομάσθη
3306 3135 3335 3189 6
3387 3135 3562 3198 τόπος
3621 3128 3774 3188 Ῥάϐ-

2025 3241 2068 3310 C
2107 3217 2218 3283 δος.
2279 3222 2560 3310 ξᾼνήγειρε
2595 3219 2652 3276 δὶ
2681 3220 2770 3276 καὶ
2818 3222 2910 3276 τὸν
2956 3224 3144 3310 Ἅγιον
3187 3222 3522 3295 Αίμιλιανὸν
3557 3223 3720 3300 μέγαν
3756 3241 3768 3256 ·

2107 3309 2198 3364 εἶθ’
2243 3307 2416 3372 οὕτως
2460 3311 2613 3388 ἐφερε
2659 3313 2758 3380 τήν
2813 3310 2961 3387 ἁγίαν
3015 3307 3216 3387 ῥάϐδον
3261 3311 3313 3367 ἐν
3363 3317 3447 3385 τῷ
3491 3311 3764 3384 παλατίῳ.

2274 3434 2402 3511 Περὶ
2424 3441 2529 3490 τῶν
2565 3441 2908 3512 κινστερνῶν,
2941 3437 3029 3491 καὶ
3064 3435 3188 3510 περὶ
3218 3440 3316 3492 τοῦ
3348 3437 3593 3513 ἀγωγοῦ.

2172 3543 2296 3599 ιὈτι
2329 3543 2356 3597 ὁ
2397 3543 2611 3619 ἀγωγὸς
2641 3547 2749 3598 τῶν
2807 3543 3062 3619 μεγάλων
3093 3541 3323 3618 ἀψίδων,
3351 3541 3478 3614 ¹ίςτοι
3510 3544 3566 3598 αἱ
3601 3539 3757 3616 οὐρά-

2099 3653 2208 3686 νιαι
2266 3634 2509 3708 καμάραι
2564 3633 2666 3688 ὑπὸ
2730 3631 3033 3695 Οὖαλεντος
3091 3631 3438 3704 ἐκτίσθησαν,
3495 3633 3570 3695 ὡς
3626 3632 3755 3706 όρᾶ-

2100 3743 2214 3780 ται.
2283 3722 2438 3777 Καὶέν
2499 3721 2616 3778 ἐνδὶ
2673 3721 2982 3797 καλουμένῃ
3033 3727 3132 3778 τοῦ
3183 3721 3394 3780 Ἀετίου
3441 3722 3748 3797 κινστέρνῃ,

2101 3809 2224 3880 ἥτις
2281 3813 2370 3867 ὑπ’
2428 3811 2595 3868 αὐτοῦ
2673 3809 2910 3884 ἐκτίσθη,
2993 3813 3083 3868 καὶ
3154 3811 3334 3884 στήλη
3414 3809 3601 3868 ἵστατο
3656 3813 3750 3866 τοῦ

2104 3901 2291 3959 αὐτοῦ.

2571 3992 2700 4069 Περὶ
2732 3995 2835 4058 τῆς
2863 3996 2961 4048 τοῦ
2991 3992 3290 4067 Ἄσπαρος.

2173 4082 2232 4137 Ἣ
2269 4078 2326 4136 δὶ
2394 4079 2664 4156 λεγομένη
2726 4080 3000 4156 Ἀσπάρου
3067 4081 3347 4155 κινστὲρνα
3401 4081 3506 4136 ὑπὸ
3563 4074 3757 4139 Ἀσπά-

2103 4192 2204 4246 ρου
2262 4171 2349 4226 καὶ
2414 4167 2808 4246 Ἀρδαϐουρίου
2877 4169 3120 4241 ἐκτίσθη,
3199 4169 3286 4225 ἐπὶ
3352 4174 3450 4224 τοῦ
3510 4166 3756 4244 Μεγάλου

2106 4259 2374 4322 Λέοντος·
2434 4263 2550 4315 καθ’
2602 4260 2667 4330 ἤν
2733 4260 3057 4336 ἀμφότεροι,
3134 4258 3526 4334 πληρωθείσης
3569 4258 3754 4324 αὐτῆς,

2105 4351 2431 4426 ἀνῃρέθησαν
2526 4351 2673 4426 παρᾶ
2753 4355 2848 4405 τοῦ
2926 4349 3090 4404 αὐτοῦ
3177 4347 3471 4425 βασιλέως,
3566 4346 3755 4403 οἵτινες

2102 4435 2397 4495 ἐϐούλοντο
2433 4441 2568 4514 μετά
2611 4439 2708 4495 τοῦ
2765 4437 2947 4513 δήμου
2996 4433 3355 4494 καταϐιϐάσαι
3406 4439 3614 4494 Λέοντα
3657 4437 3754 4500 τῆς

2107 4529 2402 4602 βασιλείας,
2446 4530 2491 4585 εἷ
2543 4531 2619 4602 μή
2668 4529 2719 4601 ἐξ
2763 4529 3050 4605 ἀγχινοίας
3090 4526 3248 4590 οὗτος
3294 4527 3522 4590 τούτους
3582 4518 3754 4580 ἀνεῖλε

327 4616 409 4671 ris
469 4620 612 4684 erat,
675 4631 854 4688 quam
914 4615 1129 4671 deinde
1187 4614 1452 4686 possedit
1508 4615 1764 4673 Basilius
1821 4634 1991 4673 accu-

2116 4616 2268 4692 Ξόλῳ.
2303 4620 2364 4677 Ὀ
2398 4619 2454 4674 δέ
2505 4621 2651 4681 οἶκος
2700 4623 2795 4674 τοῦ
2847 4618 3119 4692 ’Δσπάρου
3167 4620 3256 4690 ἦν,
3302 4617 3464 4693 ὅνπερ
3515 4617 3630 4690 εἶχε
3658 4618 3755 4668 Βα-

326 4705 503 4761 bitor.

893 4795 967 4850 De
995 4797 1240 4850 cisterna
1272 4796 1428 4850 Bom’.

394 4883 725 4940 Cisternam
776 4882 921 4939 Boni
968 4883 1277 4939 aediﬁcavit
1303 4884 1498 4939 Bonus
1549 4885 1828 4955 patricius
1878 4887 1985 4944 Ro-

322 4991 419 5030 ma
442 4975 675 5030 rediens
701 4999 715 5041 ;
749 4988 999 5043 eamque
1029 4973 1280 5029 cameris
1311 4972 1652 5045 cylindricis
1685 4976 1844 5031 texit.
1879 4977 1984 5032 Do-

322 5081 456 5119 mus
489 5068 686 5120 autem
719 5064 848 5133 ejus
882 5061 1098 5118 ibidem
1146 5066 1272 5118 erat
1303 5079 1317 5118 :
1354 5063 1694 5136 vivebatque
1726 5065 1836 5122 sub
1868 5067 1982 5123 He-

320 5151 502 5209 raclio
535 5153 911 5226 imperatore.

850 5268 922 5322 Dc
949 5268 1192 5322 cisterna
1221 5267 1461 5323 Mocz'si‘a.

393 5353 718 5411 Cisternam
764 5354 1066 5410 Mocisiam
1118 5356 1465 5412 Anastasius
1498 5356 1744 5416 Dicorus
1775 5363 1981 5418 condi-

319 5444 578 5499 dit.Cum
611 5461 744 5498 vero
791 5460 919 5498 eam
970 5449 1313 5514 exstrueret,
1350 5445 1408 5500 in
1457 5448 1599 5503 urbe
1631 5451 1782 5507 cives
1829 5454 1981 5510 fame

317 5537 373 5589 et
403 5532 499 5588 siti
528 5531 893 5596 laborabant,
925 5538 989 5587 ut
1021 5550 1174 5587 unus
1204 5535 1439 5590 modius
1469 5535 1696 5608 integro
1730 5557 1977 5596 numero

316 5621 559 5678 veniret.
594 5620 818 5676 Nomen
851 5637 984 5676 vero
1032 5622 1151 5678 haec
1202 5622 1459 5679 cisterna
1508 5625 1681 5682 habet
1729 5629 1978 5689 avicino

319 5710 542 5784 templo
571 5715 631 5767 s.
666 5707 858 5765 Mocii.

2095 4707 2300 4772 σιλειος
2331 4710 2360 4764 ὁ
2390 4709 2920 4784 παρακοιμώμενος.

2595 4799 2725 4874 Περὶ
2766 4801 2866 4864 τῆς
2904 4801 3006 4852 τοῦ
3040 4797 3246 4856 Βώνου.

2164 4890 2279 4959 Τήν
2314 4887 2371 4945 δὲ
2402 4891 2592 4946 Βώνου
2639 4891 2951 4964 κινστὲρναν
3004 4884 3181 4944 ἔκτισε
3229 4891 3422 4951 Βῶνος
3452 4884 3748 4963 πατρίκιος,

2090 4978 2330 5043 ἀνελθὼν
2361 4981 2466 5036 ἀπὸ
2516 4980 2783 5053 Ῥώμης·
2838 4979 2928 5033 καὶ
2987 4978 3274 5034 ἐσκὲπασεν
3326 4977 3427 5033 αὐτ
3448 4979 3514 5048 ἢν
3568 4970 3751 5031 κυλιν-

2092 5065 2263 5145 δρικῷ
2290 5066 2465 5141 θόλῳ.
2511 5073 2570 5126 '0
2617 5067 2675 5123 δὶ
2724 5069 2874 5130 οἶκος
2933 5067 3099 5122 αὐτοῦ
3155 5065 3330 5122 ἐκεῖσε
3375 5067 3443 5136 ἦν
3479 5086 3491 5099 ο
3525 5067 3553 5122 6
3599 5059 3749 5118 αὐτὸς

2091 5157 2151 5213 δὲ
2179 5158 2246 5227 ἧν
2280 5157 2368 5214 ἐπὶ
2398 5156 2726 5234 Ἡρακλείου
2763 5155 3054 5234 βασιλέως.

2614 5273 2742 5347 [Ιερί
2787 5275 2886 5341 τῆς
2917 5271 3223 5334 Μωκισίας.

2160 5366 2267 5434 Τὴν
2319 5361 2376 5418 δὲ
2428 5362 2706 5420 Μωκισίαν
2760 5358 2964 5416 ἔκτισεν
3019 5362 3370 5424 Ἀναστάσιος
3420 5363 3448 5416 6
3507 5357 3743 5432 Δίκορος.

2089 5455 2220 5510 ’Ότε
2251 5451 2308 5508 δὲ
2356 5453 2523 5522 αὐτὴν
2576 5449 2773 5522 ἔκτισε,
2823 5451 3007 5525 λεῖψις
3057 5452 3123 5519 ἦν
3159 5449 3210 5506 ἐν
3257 5454 3327 5524 τῇ
3359 5450 3519 5508 πόλει
3563 5444 3746 5503 ὕδατος

2089 5543 2179 5598 καὶ
2211 5545 2384 5613 σίτου,
2421 5544 2495 5606 ὡς
2537 5543 2936 5618 πιπράσκεσθαι
2992 5544 3090 5595 τοῦ
3140 5539 3291 5596 σίτου
3343 5537 3533 5613 μόδιον
3578 5534 3629 5591 ἓν
3671 5531 3741 5590 εἷς

2083 5633 2146 5688 τὸ
2191 5633 2458 5707 νόμισμα.
2519 5629 2722 5690 Ἐλαϐε
2769 5631 2827 5688 8‘s
2889 5634 2986 5700 τήν
3052 5629 3310 5701 τοιαύτην
3381 5621 3742 5698 ἐπωνυμίαινῆ

2085 5724 2386 5800 κινστέρνα,
2425 5723 2515 5781 διὰ
2540 5726 2602 5781 τὸ
2642 5724 2876 5796 πλησίον
2935 5727 3072 5781 εἶναι
3121 5725 3218 5777 τοῦ
3265 5721 3448 5796 Ἀγίου
3511 5713 3738 5776 Μωκίοοο
