4124 6404
448 467 605 528 1365

898 596 1026 672 Περὶ
1059 602 1158 666 τῆς
1185 601 1282 652 τοῦ
1314 595 1632 667 Φιλοξένου.

513 686 610 749 Εἷς
637 685 728 741 τὸν
759 684 938 760 Φόρον
969 685 1207 756 πλησίον
1242 685 1352 740 ἐστὶ
1395 685 1696 762 κινστέρνα,
1745 689 1810 756 ἢν
1861 682 2097 741 ἕκστισεν

445 776 472 830 6
507 774 800 848 Φιλόξενος
831 776 858 830 ὁ
885 775 1181 849 Ῥωμαῖος,
1215 777 1242 831 6
1275 770 1348 830 ὤν
1377 774 1438 831 ἐκ
1464 781 1570 832 τῶν
1598 777 1690 854 ιβ’.

445 882 575 956 Περὶ
604 888 704 952 τῆς
733 886 1044 958 κινστέρνας
1093 889 1193 968 τῇς
1249 882 1540 968 βασιλικῆς
1577 891 1676 954 τῆς
1713 883 1976 959 μεγάλής,
2011 881 2100 937 καὶ

1085 975 1186 1024 της
1237 975 1456 1030 μικρας.

514 1045 574 1101 Ἦ
619 1041 886 1113 πλακωτὴ
925 1043 1184 1120 βασιλική
1233 1045 1536 1120 κινστὲρνα,
1588 1044 1952 1120 Μαλακταρέα
2007 1047 2096 1114 ἦν,

441 1133 532 1190 ὅτε
561 1132 800 1203 ἰκτίζετο
852 1135 887 1203 ἡ
918 1133 1076 1208 Ἀγία
1122 1133 1314 1212 Σοφία·
1373 1135 1634 1198 ὡσαύτως
1672 1135 1762 1190 καὶ
1811 1134 1845 1204 ἦ
1893 1131 2095 1189 ἄνωθεν

441 1222 610 1293 αὐτῆς
668 1223 853 1298 στέγη,
908 1225 942 1292 ἡ
995 1219 1367 1299 Βασιλισκάρα
1406 1224 1812 1298 ὀνομαζομὲνη,
1839 1224 1930 1278 καὶ
1960 1223 2098 1289 αὐτῇ

437 1309 799 1386 Μαλακταρὲα
867 1310 1133 1388 ἐτύγχανε
1201 1317 1299 1368 τοῦ
1375 1311 1678 1384 δηλικάτου
1749 1321 1852 1384 τῆς
1908 1311 2097 1388 Ἃγίας

441 1399 667 1480 Σοιρίας.

441 1506 572 1584 Περὶ
625 1511 734 1562 τῶν
819 1511 1038 1584 πορτῶν
1113 1515 1214 1586 τῆς
1284 1507 1528 1586 Χαρσίου
1606 1509 1695 1565 καὶ
1752 1516 1853 1580 τῆς
1912 1507 2096 1564 Ξυλο-

1160 1581 1380 1656 κὲρκουζ

511 1669 574 1725 Ἦ
607 1671 853 1744 Χαρσίου
907 1667 967 1724 lx
1012 1673 1110 1724 τοῦ
1153 1669 1396 1747 Χαρσίου
1437 1669 1841 1745 δευτερεύοντος
1899 1669 2096 1745 μὲρους

440 1755 670 1814 Βενὲτων
745 1759 956 1834 γέγονε.
1024 1759 1374 1832 Ξυλόκερκος
1432 1757 1520 1834 [δὶ
1578 1758 1834 1834 ἐκλήθη],
1891 1757 1980 1815 διὰ
2033 1760 2096 1814 τὸ

441 1846 724 1924 ιύρηκὲναι
798 1848 970 1904 ἐκεῖσε
1021 1847 1208 1905 πολλὰ
1263 1847 1431 1906 ὕδατα
1512 1849 1640 1914 τοὺς
1709 1847 1960 1925 τεχνίτας
2005 1848 2096 1903 καὶ

1574 465 1942 531 ΑΝΟΝΥΜΙ
1987 465 2571 539 ANTIOUITATES
2613 467 2732 529 ΟΡ.

2129 600 2184 665 Α

3708 467 3868 527 1266

2700 600 2772 654 De
2800 601 3036 654 cisterna
3069 597 3383 653 Philoxeni.

2287 687 2552 742 Proxime
2585 689 2776 743 forum
2808 687 3020 743 visitur
3048 687 3314 743 Cisterna
3345 688 3646 742 exstructa
3676 702 3709 743 a
3736 687 3869 742 Phi-

2208 775 2418 832 loxeno
2449 776 2734 847 Romano,
2769 778 2867 849 qui
2899 782 3025 833 erat
3059 793 3212 831 unus
3244 793 3311 831 ex
3342 775 3674 832 duodecim.

2436 885 2510 940 De
2542 884 2784 940 Basilica
2813 900 3018 967 magna
3047 885 3309 949 cisterna,
3343 887 3394 938 et
3424 883 3498 938 de
3534 881 3659 938 alia

2926 970 3161 1010 mmora.

2281 1043 2532 1100 Basilica
2561 1046 2819 1102 cisterna
2849 1043 3147 1116 lapidibus
3179 1047 3478 1099 constrata
3519 1041 3869 1100 Malactarea

2208 1137 2353 1201 erat,
2384 1150 2498 1204 quo
2528 1137 2791 1205 tempore
2822 1134 2880 1189 S.
2917 1133 3139 1204 Sophia
3168 1131 3623 1188 construebatur
3654 1149 3668 1187 :
3700 1131 3866 1187 lacu-

2209 1238 2318 1277 nar
2373 1221 2511 1278 item
2574 1223 2878 1294 superius,
2939 1220 3382 1277 Basiliscarium
3437 1226 3865 1293 nuncupatum,

2210 1310 2558 1367 Malaclarea
2588 1317 2708 1367 erat
2738 1311 2970 1367 delicati
3004 1311 3063 1367 S.
3097 1310 3348 1383 Sophia.

2547 1512 2624 1565 De
2649 1514 2808 1582 porta
2841 1509 3085 1564 Charsiae
3114 1513 3164 1564 et
3193 1509 3526 1580 Xylocercos.

2281 1604 2454 1656 Porta
2482 1600 2738 1656 Chareiaa
2786 1603 3082 1655 exstructa
3124 1599 3238 1654 fuit
3284 1615 3318 1653 a
3363 1597 3604 1654 Cbarsia
3649 1613 3867 1653 secun-

2209 1690 2371 1745 dario
2407 1689 2674 1745 factionis
2704 1688 2956 1744 Venetae.
2981 1687 3156 1744 Porta
3184 1703 3319 1743 vero
3349 1685 3700 1759 Xylocercos
3729 1686 3866 1742 inde

2207 1779 2386 1850 dicta,
2414 1779 2569 1850 quod
2606 1778 2684 1832 ibi
2717 1777 2975 1832 artiﬁces
3013 1792 3288 1849 magnam
3317 1793 3481 1847 aqua:
3513 1775 3738 1847 copiam
3772 1775 3862 1829 in-

2205 1867 2493 1933 venerint,
2527 1872 2584 1922 et
2613 1865 2836 1922 multos
2882 1865 3110 1938 lapides
3143 1863 3495 1936 projecerint
3541 1864 3601 1919 in
3651 1863 3862 1918 funda~

443 1934 718 2040 πέλλοὺς.
761 1932 983 2040 ἔῤῥιιψαν
1043 1936 1230 2040 λίθους
1303 1936 1392 1994 διὰ
1445 1939 1544 2008 τήν
1596 1936 1939 2015 πλημμύραν
1988 1942 2096 1992 τῶν

2235 1961 2474 2012 uentum
2524 1957 2597 2012 ob
2647 1971 2939 2027 aquarum
2995 1952 3465 2022 inundationem,
3516 1951 3863 2008 fulcimenta

441 2023 647 2081 ὑδάτων
677 2026 756 2088 εἰς
799 2024 862 2081 τὸ
913 2024 1196 2101 θεμέλιον,
1245 2027 1336 2084 καὶ
1381 2027 1637 2098 ἐποίησαν
1687 2027 2090 2103 παντουρώσεις

441 2113 619 2186 ξύλων
648 2113 901 2176 πολλων,

933 2205 1064 2280 Περὶ
1103 2206 1166 2261 τὸ
1217 2204 1584 2282 Πολόανδρον.

502 2299 567 2350 Ἦ
599 2290 657 2349 δὶ
687 2291 1036 2369 ΙΙολόανδρος
1067 2293 1314 2350 καλεῖται
1366 2295 1562 2367 οὕτως,
1615 2293 1754 2352 διότι
1796 2297 2086 2368 ἡνώθησαν

2207 2045 2412 2102 multis
2442 2062 2508 2102 ex
2540 2044 2719 2118 lignis
2753 2047 3178 2117 supponentes.

2710 2224 2786 2279 De
2812 2207 2974 2294 porta
3001 2221 3341 2293 Polyandri.

2271 2315 2444 2371 Porta
2476 2313 2786 2386 Polyandri
2828 2313 2914 2368 sic
2944 2310 3179 2377 dicitur,
3215 2309 3370 2382 quod
3403 2311 3651 2379 utraque
3680 2305 3856 2362 factio

435 2381 607 2439 ἐκεῖσε
637 2381 917 2461 ἀμφότερα
943 2383 1011 2439 τὰ
1044 2385 1182 2461 μέρη
1213 2389 1320 2441 τῶν
1352 2382 1569 2460 δήμων,
1603 2385 1693 2442 ὅτι
1719 2385 1994 2456 ἐκτίζοντο
2022 2386 2091 2441 τὰ

2235 2404 2280 2459 3i
2312 2403 2700 2471 convenisset,
2734 2418 2866 2457 cum
2900 2398 3056 2456 muri
3083 2381 3530 2455 aedificarentur.

435 2471 596 2550 τείχη
608 2517 620 2530 .

902 2563 1030 2639 Περὶ
1069 2567 1175 2618 τῶν
1224 2565 1624 2642 μοναστηρίων·

507 2661 617 2730 Τὴν
649 2662 821 2735 μονήν
847 2665 955 2716 τῶν
1001 2661 1173 2738 ἁγίων
1227 2665 1446 2739 Κάρπου
1473 2663 1563 2719 καί
1592 2662 1853 2720 Παπόλου
1897 2667 1932 2734 ἡ
1967 2665 2094 2740 ἁγία

439 2749 635 2819 Ἑλένη
685 2747 861 2806 ἔκτισε
890 2747 979 2806 διὰ
1016 2751 1291 2807 ποικίλων
1346 2753 1673 2830 μαρμάρων,
1725 2753 1804 2816 εἴς
1857 2753 2088 2827 μίμησιν

438 2843 536 2895 τοῦ
577 2839 752 2915 τάφου
807 2843 903 2896 τοῦ
959 2846 1214 2916 Χριστοῦ,
1277 2843 1367 2897 καὶ
1419 2845 1672 2916 κτήματα
1726 2841 1913 2899 πολλᾶ
1970 2841 2093 2898 ἐκό-

442 2949 604 3006 ρωσε.

965 3018 1092 3094 Περὶ
1123 3024 1227 3074 τῶν
1264 3021 1566 3098 Πρασίνων.

509 3117 582 3170 Τὰ
631 3119 722 3170 νῦν
765 3115 1082 3190 καλούμενα
1127 3119 1367 3194 Πράσινα
1424 3115 1514 3173 διὰ
1565 3123 1727 3174 τοῦτο
1786 3118 1959 3182 οὕτως
2002 3118 2094 3174 ἐκ-

442 3203 609 3276 λήθη,
653 3203 744 3260 διὰ
770 3205 834 3260 τὸ
865 3207 1000 3261 εἰναι
1029 3205 1201 3262 ἐκεῖσε
1257 3206 1490 3263 σταῦλον
1549 3213 1658 3263 τῶν
1688 3207 1994 3284 Πρασίνων.
2023 3209 2094 3263 Τὸ

443 3292 502 3350 δὲ
542 3300 914 3370 γηροκομεῖον
969 3295 1217 3370 ἀνήγειρε
1265 3299 1570 3372 Μαρκιανὸς
1611 3299 1699 3353 καὶ
1753 3297 2092 3374 Πουλχιρία.

441 3379 808 3459 Ἃρτάϐασδος
842 3381 900 3439 δὲ
929 3384 957 3439 6
985 3387 1322 3460 τυραννήσας
1373 3381 1702 3456 Καϐαλῖνον,
1753 3387 1842 3442 καὶ
1891 3389 2094 3464 κρατή-

447 3494 540 3536 σας
572 3471 809 3549 χρόνους
838 3478 1004 3548 τρεῖς,
1035 3474 1126 3529 καὶ
1163 3475 1489 3550 τυφλωθεὶς,
1540 3477 1770 3547 ἀκίνητα
1822 3479 2097 3549 κτήματα,

449 3560 539 3617 καὶ
569 3561 638 3615 τὰ
661 3561 780 3636 ἱερά
805 3559 975 3616 ἐκεῖσε
1022 3562 1312 3638 άφιὲρωσε,
1360 3560 1499 3618 διότι
1541 3563 1689 3626 οἶκος
1734 3564 1898 3619 αὐτοῦ
1929 3563 2100 3619 ἐκεῖσε

450 3653 542 3720 ἧν.
576 3651 728 3708 Μετὰ
760 3658 844 3706 σπ¹
876 3649 968 3723 ἔτη
998 3652 1064 3720 ἦν
1118 3653 1146 3706 6
1177 3647 1546 3726 ’Λρτάδασδος
1572 3656 1672 3722 τῆς
1727 3653 1956 3717 κτίσεως
2004 3657 2100 3708 τοῦ

445 3761 516 3815 γη
527 3741 840 3816 ροκομείου.

735 4009 864 4086 Περὶ
893 4013 991 4064 τοῦ
1036 4008 1386 4086 Φλωρεντίου
1422 4010 1815 4088 γηροκομιίου.

520 4107 596 4162 Τὰ
627 4107 996 4184 Φλωρεντίου,
1030 4110 1178 4173 οἶκος
1204 4110 1271 4179 ἧν
1315 4109 1666 4186 Φλωρεντίου
1703 4131 2018 4187 πατρικιου,
2049 4109 2100 4164 ἐν

448 4201 567 4260 τοῖς
593 4198 822 4273 χρόνοις
850 4197 1140 4273 ’Λρκαδίου
1175 4197 1469 4276 βασιλέως·
1493 4199 1580 4256 καί
1600 4199 1867 4257 τελευτῶν
1884 4199 2106 4272 ἐποίησε

449 4287 544 4341 τὸν
574 4287 722 4342 οἷκον
756 4287 921 4342 αὐτοῦ
950 4293 1344 4365 γηροκομεῖον.

829 4421 958 4495 Περὶ
989 4427 1088 4491 τῆς
1121 4428 1294 4495 μονῆς
1324 4422 1390 4478 τὰ
1418 4424 1726 4496 Ῥωμανοῦ.

525 4530 715 4598 ’Ὀτιή
753 4529 893 4601 μονή
942 4530 1009 4582 τὰ
1053 4530 1339 4602 Ῥωμανοῢ
1383 4530 1602 4602 ἐκτίσθη
1636 4530 1687 4586 ἦν
1719 4536 1839 4594 τοῖς
1881 4533 2106 4608 χρόνοις

455 4621 552 4671 τοῦ
582 4615 952 4690 Λεωμακὲλου
981 4619 1128 4695 παρὰ
1159 4615 1410 4691 Αἷ⁷μωνος
1464 4620 1753 4694 πατρικίου
1805 4621 2103 4694 Ῥωμαίου.

2785 2581 2860 2635 De
2888 2579 3266 2634 monasteriis.

2273 2679 2694 2736 Monasterium
2727 2678 2825 2734 SS.
2850 2676 3020 2750 Carpi
3045 2681 3104 2733 et
3123 2675 3322 2748 Papyli
3353 2672 3640 2730 exstruxit
3669 2672 3727 2728 S.
3755 2672 3858 2727 [le-

2203 2769 2337 2824 lena
2393 2769 2464 2823 ad
2524 2767 2915 2823 imitationem
2978 2765 3232 2837 sepulcri
3291 2763 3529 2833 Christi,
3570 2779 3639 2818 ex
3693 2760 3856 2816 vario

2203 2873 2519 2929 marmore,
2553 2855 2874 2928 multisque
2909 2853 3388 2928 possessionibus
3418 2851 3642 2907 ditavit.

2847 3029 2918 3083 De
2948 3025 3221 3081 Prasinis.

2277 3133 2465 3183 Locus
2497 3141 2649 3180 nunc
2673 3123 2913 3180 Prasina
2932 3122 3286 3195 appellatus,
3307 3120 3443 3175 inde
3467 3133 3681 3174 nomen
3704 3134 3864 3174 acce-

2206 3216 2484 3289 pit,quod
2515 3215 2734 3270 ibidem
2768 3213 3069 3268 stabulum
3102 3213 3259 3266 esset
3283 3207 3554 3263 factionis
3584 3205 3860 3262 Prasinze.

2207 3304 2616 3362 Gerocomium
2649 3319 2782 3358 vero
2814 3301 3148 3357 Marcianus
3171 3304 3227 3355 et
3248 3295 3555 3353 Pulcberia
3584 3295 3862 3351 condide-

2209 3402 2368 3453 runt.
2398 3400 2680 3451 Craterum
2714 3393 3095 3461 Artabasdus,
3125 3390 3226 3462 qui
3257 3386 3629 3460 tyrannidem
3661 3384 3865 3441 adver-

2209 3505 2312 3543 sus
2342 3484 2794 3542 Constantinum
2823 3481 3192 3538 Caballinum
3231 3477 3500 3550 arripuit,
3524 3479 3646 3531 tres
3676 3489 3864 3530 annos

2208 3575 2458 3649 imperio
2491 3575 2710 3648 potitus
2741 3578 2799 3629 et
2828 3580 3028 3644 postea
3057 3573 3380 3626 excaecatus
3410 3570 3522 3633 est,
3544 3562 3868 3637 possessio-

2211 3683 2316 3720 nes
2376 3661 2708 3718 immobiles
2767 3678 2834 3717 ac
2886 3677 3054 3716 sacra
3094 3675 3235 3714 vasa
3289 3656 3481 3712 eidem
3535 3650 3866 3726 gerocomio

2211 3754 2449 3822 dicavit,
2483 3768 2549 3808 eo
2581 3752 2734 3824 quod
2769 3753 2981 3806 domus
3013 3750 3143 3819 ejus
3174 3746 3254 3801 ibi
3287 3745 3400 3801 sita
3431 3746 3604 3799 esset.
3626 3740 3870 3797 Vivebat

2213 3847 2409 3898 autem
2441 3840 2806 3896 Artabasdus
2831 3837 3000 3894 annis
3031 3833 3300 3891 ducentis
3322 3837 3379 3888 et
3405 3828 3706 3902 octoginta
3735 3829 3870 3900 post

2213 3930 2516 3990 conditum
2550 3928 2973 4001 gerocomium.

2677 4023 2752 4074 De
2781 4015 3088 4088 gerocomio
3117 4011 3408 4070 Florentii.

2286 4117 2565 4176 Florentii
2614 4120 2859 4182 tractus,
2901 4115 3112 4169 domus
3159 4114 3285 4167 erat
3312 4105 3586 4165 Florentii
3637 4101 3870 4177 patricii

2213 4214 2477 4280 tempore
2533 4205 2765 4262 Arcadii
2825 4201 3222 4276 imperatoris,
3273 4213 3451 4271 quam
3500 4193 3761 4252 moriens
3806 4191 3868 4247 in

2216 4296 2615 4373 gerocomium
2647 4293 2917 4350 mutavit.

2681 4430 2755 4484 De
2783 4427 3120 4482 monasterio
3151 4421 3402 4481 Romani.

2289 4537 2718 4595 Monasterium
2763 4535 3010 4590 Romani
3042 4531 3347 4588 conditum
3383 4530 3474 4582 est
3501 4521 3873 4595 temporibus

2220 4627 2433 4684 Leonis
2465 4623 2690 4681 Macelli
2718 4625 2791 4679 ab
2824 4625 3094 4678 Haemone
3124 4617 3372 4692 patricio
3403 4615 3702 4670 Romano:
3733 4625 3872 4665 nam

457 4705 598 4763 Τότε
625 4707 728 4783 γάρ
761 4705 984 4777 εἰσῆλθε
1023 4707 1114 4762 καὶ
1144 4703 1354 4781 ᾤκησεν
1389 4707 1516 4764 ἐκεῖ.
1549 4712 1709 4786 Ἔχει
1743 4707 1800 4765 δὲ
1846 4709 1953 4765 ἀπὸ
2008 4713 2099 4765 τοῦ

2235 4733 2361 4772 '.unc
2389 4717 2695 4787 ingressus
2726 4713 2783 4767 in
2818 4713 3021 4767 urbem
3066 4709 3204 4764 istic
3234 4702 3542 4762 habitavit.
3571 4697 3878 4756 Exstruxit

454 4797 738 4866 κτισθῆναι
769 4797 1004 4873 ’χρόνους
1039 4797 1190 4876 φπβζ

837 4976 967 5051 Περὶ
995 4983 1096 5047 τῆς
1131 4983 1302 5050 μονῆς
1330 4977 1397 5034 τὰ
1421 4976 1734 5052 Δαλμάτου.

533 5076 599 5132 Ἦ
653 5076 794 5150 μονὴ
862 5076 929 5130 τὰ
993 5073 1287 5148 Δαλμάτου
1348 5074 1568 5146 ἐκτίσθη
1621 5077 1768 5149 παρὰ
1819 5075 2112 5149 Δαλμάτου

461 5165 775 5241 πατρικίου,
823 5165 1044 5239 ἀνεψιοῦ
1086 5168 1182 5219 τοῦ
1231 5163 1488 5240 Μεγάλου
1546 5165 1970 5222 Κωνσταντίνου.
2027 5164 2112 5234 Ἐξ

467 5252 529 5310 οὗ
580 5255 668 5312 καὶ
717 5255 1026 5330 Ἀψίμαρος
1072 5249 1378 5328 ὁΤιϐἑριος
1429 5253 1706 5331 βασιλεὺς,
1763 5253 1854 5310 ὅτε
1909 5253 2116 5324 ἀνῆλθε

471 5346 606 5419 μετᾶ
651 5341 959 5422 χελανδίων
1018 5341 1110 5398 καὶ
1171 5341 1434 5419 ἐκράτησε
1489 5346 1588 5414 τὴν
1645 5341 1919 5419 βασιλείαν
1951 5387 1965 5412 ,
2023 5341 2116 5399 τὸν

465 5433 717 5492 Λὲοντιον
754 5432 980 5511 βασιλέα
1009 5431 1259 5510 ἐφρούρει
1289 5431 1420 5492 ἐκεῖ,

799 5613 928 5689 Περὶ
958 5616 1058 5687 τῆς
1089 5619 1262 5686 μονῆς
1293 5611 1360 5667 τὰ
1387 5607 1781 5687 Κουκοροϐίου.

540 5714 616 5769 Τὰ
645 5707 1020 5787 Κουκοροϐίου
1056 5712 1155 5779 τήν
1208 5711 1380 5784 μονὴν
1438 5704 1644 5765 ἔκτισεν
1704 5709 1852 5774 ὅσιος
1908 5709 2119 5785 Εὐάρε-

473 5823 598 5866 στος
650 5802 702 5859 iv
747 5805 864 5864 τοῖς
913 5798 1139 5876 χρόνοις
1168 5803 1267 5855 τοῦ
1323 5797 1574 5873 Τραόλου
1600 5803 1698 5854 τοῦ
1754 5797 2118 5877 Ἀμορραίου.

2221 4811 2420 4861 autem
2466 4805 2663 4876 ipsum
2704 4801 2877 4858 annis
2927 4799 3140 4855 abhinc
3189 4791 3528 4867 quingentis
3575 4787 3876 4860 octoginta

2221 4896 2475 4950 duobus.

2673 4981 2748 5036 De
2775 4979 3108 5035 monasterio
3148 4972 3417 5030 Dalmati.

2295 5079 2715 5138 Monasterium
2747 5075 2996 5132 Dalmati
3021 5071 3330 5130 aedificavit
3354 5066 3661 5126 Dalmatas
3692 5061 3874 5135 patri-

2223 5171 2378 5240 cius,
2438 5167 2629 5241 Magni
2689 5164 3058 5222 Constantini
3126 5157 3539 5218 consobrinus.
3590 5156 3875 5241 Craterum

2223 5238 2494 5318 Tiberius
2538 5238 2907 5330 :Apsimarus,
2940 5258 3253 5328 postquam
3286 5264 3422 5306 cum
3474 5244 3601 5311 suis
3637 5238 3875 5330 chelan-

2223 5350 2339 5406 diis
2409 5328 2746 5422 Byzantium
2816 5344 3113 5417 pervenit,
3182 5345 3240 5397 et
3303 5336 3551 5408 imperio
3628 5328 3874 5422 potitus,

2227 5420 2532 5495 Leontium
2593 5437 3006 5509 imperatorem
3053 5431 3270 5487 ibidem
3329 5425 3625 5482 inclusum
3676 5420 3878 5477 custo-

2226 5528 2390 5584 divit.

2498 5617 2573 5672 Dc
2599 5614 2932 5671 monasterio
2963 5609 3246 5666 Cucorobii
3272 5611 3602 5676 nuncupata.

2302 5715 2732 5772 Monasterium
2775 5709 3080 5767 Cucorobii
3130 5704 3478 5779 cognomine
3526 5693 3791 5755 condidit
3820 5693 3882 5750 S.

2232 5805 2545 5861 Evareatus
2577 5804 2688 5860 sub
2718 5797 2998 5856 Michacle
3028 5796 3209 5852 Balbo
3239 5791 3587 5849 Amorrhmo.
