4124 6394
303 409 461 472 1Ξ67

408 542 485 597 De
511 542 845 597 monasteria
884 544 945 599 S.
976 541 1125 629 goes,
1159 542 1300 629 quod
1328 547 1413 600 est
1444 540 1522 599 ad
1549 541 1846 596 cisternam

989 612 1268 686 Mocisiam

379 718 698 775 Sciendum
749 723 840 776 est
890 721 1316 777 monasterium
1344 725 1401 776 S.
1437 721 1578 777 Zocs
1627 719 1698 775 ad
1756 715 1961 773 cister-

308 824 446 864 nam
475 808 778 865 Mocisiam
801 810 1105 866 conditum
1129 810 1314 867 fuisse
1345 828 1378 866 a
1408 809 1723 876 Marciano,
1749 806 1848 878 qui
1882 803 1963 858 ibi

309 896 579 969 sepultus
608 901 717 953 est.

882 988 963 1044 De
1001 987 1199 1044 Sancto
1227 991 1392 1044 Luca.

382 1075 795 1133 Cmmeterium
855 1077 913 1133 S.
969 1077 1156 1148 Lucas,
1215 1081 1273 1133 et
1321 1075 1601 1145 triclinia,
1659 1078 1710 1130 ei
1771 1073 1967 1144 ipsum

311 1164 601 1237 templum
635 1165 944 1221 aediﬁcavit
975 1166 1141 1221 lrene
1169 1166 1382 1238 Attica,
1407 1171 1473 1221 ut
1501 1165 1578 1220 ibi
1613 1162 1799 1237 gratis
1829 1178 1970 1234 pau-

312 1270 482 1325 peres
539 1254 953 1326 sepelirentur.
987 1254 1134 1311 Nam
1182 1272 1315 1311 cum
1366 1255 1685 1310 admodum
1734 1248 1971 1306 virtutis

313 1341 581 1397 studiosa
619 1348 678 1398 et
726 1342 822 1414 pia
853 1348 1031 1413 esset,
1064 1343 1397 1415 complures
1446 1345 1659 1399 domus
1705 1340 1970 1404 senibus,

316 1430 643 1503 peregrinis
692 1436 750 1485 et
795 1432 1157 1503 pauperibus
1208 1432 1613 1488 eustentandis
1662 1431 1969 1486 exstruxit.

314 1523 461 1574 Item
495 1520 853 1576 tributorum
887 1536 1064 1577 onera
1097 1520 1329 1578 minuit.
1362 1522 1647 1577 Caeterum
1683 1536 1785 1592 pro
1817 1535 1973 1574 mor-

317 1608 438 1662 tuis
489 1607 753 1664 condidit
808 1610 1108 1682 sepulcra;
1170 1628 1275 1683 pro
1324 1611 1490 1679 vivis,
1540 1608 1799 1665 triclinia
1855 1607 1973 1678 pis-

318 1696 484 1766 torii;
528 1714 631 1769 pro
682 1697 831 1754 bene
862 1698 1215 1767 valentibus,
1251 1698 1543 1772 hospitale
1593 1700 1769 1755 [rente
1821 1712 1974 1752 nun-

320 1791 622 1858 cupatum.

781 1878 856 1933 De
886 1880 1219 1934 monasterio
1250 1878 1305 1934 S.
1334 1878 1511 1935 Mocii.

391 1964 673 2022 Sanctum
715 1966 969 2022 Mocium
1012 1968 1203 2039 primo
1236 1967 1520 2023 exstruxit
1551 1965 1978 2023 Constantinus

320 2054 591 2127 Magnus,
623 2070 990 2129 paganorum
1032 2056 1418 2113 multitudine
1461 2055 1593 2112 istic
1624 2055 1925 2111 habitante
1960 2071 1974 2110 :

320 2147 565 2214 eratque
614 2144 902 2216 templum
931 2145 1112 2216 Jovis,
1144 2150 1202 2201 et
1232 2163 1300 2201 ex
1342 2146 1471 2217 ejus
1501 2144 1797 2216 lapidibus
1826 2144 1979 2200 sedes

322 2247 490 2287 sacra
519 2236 609 2287 est
639 2233 944 2289 aedificata.
968 2233 1284 2290 Venientes
1312 2250 1448 2290 vero
1481 2234 1539 2289 in
1565 2234 1747 2289 eadem
1780 2232 1979 2289 Sancti

322 2320 490 2375 Mocii
519 2320 792 2392 (Ariani),
816 2339 949 2378 cum
982 2322 1091 2379 loci
1124 2323 1415 2380 desiderio
1447 2323 1602 2395 capti
1635 2327 1854 2393 essent,
1879 2324 1977 2377 de-

328 2410 551 2480 precati
601 2417 743 2467 sunt
790 2411 1204 2484 imperatorem
1246 2413 1727 2477 Constantinum,
1777 2418 1841 2467 ut
1871 2410 1983 2466 sibi

323 2497 486 2554 illam
520 2501 591 2555 ad
625 2501 1017 2558 habitandum
1048 2504 1605 2575 concederet,quam
1640 2502 1983 2574 adepti,sta-

321 2587 429 2643 tim
470 2589 756 2661 templum
788 2592 1120 2646 excitarunt
1149 2591 1372 2662 Ariani,
1407 2597 1464 2647 et
1493 2590 1859 2647 celebrandis
1893 2589 1980 2644 di-

272 2700 275 2701 ν
330 2676 767 2734 vinislaudibus
798 2679 992 2751 ipsum
1026 2696 1212 2735 annos
1245 2684 1470 2751 septem
1503 2680 1977 2750 frequentarunt.

324 2764 545 2820 Cecidit
573 2783 708 2823 vero
736 2783 869 2822 cum
902 2769 961 2822 in
1003 2784 1069 2823 eo
1101 2784 1300 2824 sacras
1328 2767 1601 2840 liturgias
1623 2767 1983 2823 celebrarent

328 2871 484 2909 anno
518 2855 794 2927 septimo,
827 2856 928 2911 ubi
969 2860 1021 2912 et
1054 2856 1227 2913 multi
1261 2858 1454 2913 Ariani
1500 2857 1788 2913 interfecti
1820 2860 1978 2912 sunt.

321 2944 397 2998 At
427 2944 538 3000 sub
566 2943 902 3002 Justiniano
934 2946 1146 3018 Magno
1186 2964 1393 3004 rursus
1424 2947 1747 3003 aediﬁcatur
1774 2947 1979 3003 eadem

332 3034 509 3104 aedes,
540 3039 595 3090 et
623 3034 910 3093 hactenus
941 3041 1184 3109 perstat.

984 3129 1071 3181 De
1108 3125 1317 3182 eodem.

394 3213 474 3269 Ex
503 3213 725 3287 templo
755 3214 812 3271 S.
845 3215 1036 3287 Mocii,
1069 3220 1127 3271 et
1155 3216 1209 3270 S.
1246 3216 1427 3271 Menas
1457 3214 1661 3287 ejectis
1692 3216 1980 3272 duntaxat

1254 407 1669 472 APPENDlX.
1696 406 1799 468 AD
1845 400 2312 466 MICHAELEM
2355 402 2745 467 PSELLUM.

3575 401 3737 463 1368

1984 540 2037 604 Α
2071 530 2198 608 Περὶ
2249 537 2351 601 τῆς
2406 537 2579 606 μονῆς
2634 538 2737 602 τῆς
2779 529 2932 608 ἁγίας
2973 536 3153 602 Ζωῆς,
3210 534 3311 597 τῆς
3363 528 3415 587 ἐν
3473 533 3544 606 τῇ
3596 532 3734 589 Μω-

2810 603 2983 674 κισίᾳ.

2144 712 2256 781 Τὴν
2290 710 2340 766 ἰν
2373 715 2441 785 τῇ
2474 709 2729 783 Μωκισίᾳ
2772 711 2955 789 ’Δγίαν
2988 712 3169 782 Ζωήν,
3202 707 3286 767 δεῖ
3316 708 3533 783 εἷδέναι,
3586 708 3669 767 ὅτι
3702 711 3732 766 6

2074 798 2222 862 ὅσιος
2253 800 2565 877 Μαρκιανὸς
2594 793 2789 869 ἔκτισε,
2824 799 2914 856 καὶ
2945 799 3060 856 ἐκεῖ
3088 806 3286 858 κεῖται.

2538 978 2669 1054 Περὶ
2698 982 2797 1034 τοῦ
2833 979 3020 1055 Ἀγίου
3062 984 3267 1035 Λουκᾶ.

2148 1066 2249 1122 Τὸν
2297 1068 2449 1142 ἅγιον
2498 1073 2733 1140 Λουκᾶν,
2779 1066 2905 1133 ἔνθα
2953 1069 3005 1123 οἱ
3047 1069 3230 1144 νεκροὶ
3273 1068 3595 1138 θάπτονται,
3640 1070 3733 1125 καὶ

2079 1155 2206 1218 τοὺς
2258 1155 2604 1233 Τρικλίνους,
2652 1157 2744 1213 καὶ
2790 1157 2949 1213 αὐτὸν
3000 1159 3093 1214 τὸν
3122 1158 3244 1214 ναὸν
3279 1156 3484 1213 ἔκτισεν
3521 1157 3732 1234 Εἰρήνη

2081 1248 2116 1315 ἡ
2169 1246 2427 1316 Ἀθηναία
2475 1246 2552 1311 είς
2596 1246 2660 1301 τὸ
2705 1248 3000 1313 θάπτεσθαι
3051 1244 3256 1324 δωρεὰν
3296 1246 3426 1312 τοὺς
3478 1246 3735 1319 πένητας

2080 1335 2219 1389 πάνυ
2267 1336 2367 1411 γάρ
2415 1334 2708 1415 φιλάρετος
2760 1334 2891 1392 οὖσα
2937 1339 3025 1393 καὶ
3070 1333 3298 1407 εὐσεϐὴς
3327 1380 3342 1407 ,
3399 1339 3492 1393 καί
3548 1335 3741 1393 πολλὰ

2079 1430 2441 1500 γηροκομεῖα,
2472 1425 2561 1480 καὶ
2611 1423 2947 1503 ξενοδοχεῖα,
2997 1427 3089 1481 καὶ
3133 1432 3507 1503 γηροτροφεῖα
3563 1425 3737 1483 έποίει

2082 1513 2161 1575 εἷς
2217 1514 2512 1569 ἀνάπαυσιν
2566 1520 2674 1569 τῶν
2724 1517 2994 1587 πενήτων,
3039 1515 3129 1571 καὶ
3161 1517 3344 1593 φόρων
3395 1515 3738 1595 κουφισμοὺς

2085 1601 2320 1677 ἐξέκοψε.
2354 1609 2571 1659 ’Έκτισε
2626 1604 2716 1659 καὶ
2767 1605 2842 1667 εἰς
2886 1606 3062 1684 ταφὴν
3110 1607 3237 1669 τοὺς
3264 1605 3489 1681 τάφουςο
3523 1606 3613 1661 καὶ
3658 1603 3737 1669 εἷς

2087 1695 2258 1766 ζωὴν,
2287 1691 2414 1757 τοὺς
2437 1690 2752 1769 τρικλίνους
2777 1698 2875 1749 τοῦ
2898 1695 3245 1769 πιστωρείου·
3279 1694 3356 1759 εἷς
3388 1693 3609 1772 ὑγίειαν,
3638 1694 3733 1751 τὸν

2086 1781 2305 1851 ξενῶνα,
2336 1782 2405 1836 τά
2434 1782 2676 1859 Εἰρήνης
2704 1780 3068 1857 καλούμενον.

2371 1871 2501 1945 Περῖ
2532 1878 2631 1942 τῆς
2668 1879 2842 1947 μονῆς
2873 1870 2971 1928 τοῖ’»
2995 1872 3182 1943 Ἀγίου
3213 1873 3459 1931 Μωκίου.

2159 1960 2352 2017 Ἰστὲον
2387 1962 2469 2015 ὅτι
2503 1962 2531 2016 6
2561 1965 2761 2036 ’Ἄγιος
2792 1961 3035 2036 Μώκιος,
3087 1967 3305 2040 πρῶτον
3341 1964 3437 2037 μὶν
3485 1963 3588 2018 ὑπὸ
3636 1968 3738 2020 τοῦ

2088 2047 2345 2125 Μεγάλου
2446 2051 2852 2107 Κωνσταντίνου
2962 2050 3300 2127 ᾠκοδομήθη
3334 2097 3346 2112 .
3446 2050 3737 2125 Ἑλλήνων

2087 2138 2275 2209 πλήθη
2310 2138 2481 2196 ἐκεῖσε
2527 2140 2927 2197 κατοικούντων
2970 2140 3180 2200 πολλά.
3232 2141 3339 2199 Καὶ
3378 2143 3504 2205 ναὸς
3535 2141 3601 2212 ἧν
3641 2146 3741 2197 τοῦ

2090 2229 2237 2297 Διὸς,
2267 2228 2356 2284 καὶ
2390 2228 2449 2284 ἐκ
2471 2229 2581 2284 τῶν
2627 2230 2794 2286 αὐτοῦ
2841 2228 3011 2296 λίθων
3055 2232 3083 2286 ὁ
3142 2233 3293 2296 ναός.
3347 2230 3633 2296 Ἐλθόντες
3682 2228 3745 2287 δὶ

2088 2317 2140 2373 ἐν
2171 2322 2250 2390 τῷ
2281 2316 2427 2392 αὐτῷ
2474 2323 2585 2391 ναῷ
2624 2324 2720 2375 τοῦ
2770 2320 2932 2396 ἁγίου
2988 2320 3218 2378 Μωκίου
3250 2320 3567 2397 [Ἀρειανοὶ]
3598 2321 3744 2397 ἡρά-

2091 2419 2292 2478 σοησαν
2321 2452 2334 2477 ,
2385 2406 2477 2462 καὶ
2526 2407 2872 2484 παρεκάλουν
2911 2410 3003 2465 τὸν
3044 2408 3275 2486 βασιλέα
3336 2409 3742 2466 Κωνσταντίνον

2088 2503 2359 2551 κατοικεῖν
2421 2496 2616 2562 αὐτοὺς
2672 2498 2842 2554 ἐκεῖσε
2874 2518 2887 2532 ·
2939 2499 2969 2554 6'
3024 2499 3113 2555 καὶ
3168 2500 3356 2577 γέγονε
3391 2542 3404 2557 .
3463 2498 3743 2575 Παρευῦὺς

2091 2586 2183 2639 οὗν
2216 2584 2485 2661 ἐγείρουσι
2515 2587 2607 2642 τὸν
2640 2587 2762 2643 ναὸν
2798 2588 2849 2643 οἱ
2878 2589 3169 2664 Ἀρειανοὶ,
3215 2589 3306 2646 καὶ
3337 2586 3616 2661 έδοξάζετο
3648 2590 3740 2644 ὑπ’

2091 2673 2267 2729 αὐτῶν
2295 2670 2388 2746 ἔτη
2422 2676 2575 2733 έπτά.
2607 2678 2889 2732 Ἐκπίπτει
2941 2675 2997 2734 δὲ
3045 2676 3513 2755 λειτουργούντων
3560 2677 3736 2735 αὐτῶν

2088 2762 2168 2836 τῷ
2202 2765 2241 2833 ζ’
2289 2758 2417 2820 ἔτειο
2450 2765 2501 2820 έν
2533 2766 2580 2839 ᾧ
2608 2771 2699 2821 καί
2741 2766 2941 2844 πολγοὶ
2992 2769 3258 2845 Ἀρειανοὶ
3311 2769 3739 2839 ἀπεκτάνθησαν.

2091 2854 2180 2910 Ἐν
2212 2859 2332 2916 ταῖς
2362 2855 2597 2929 ἡμέραις
2629 2853 2686 2911 δὲ
2726 2858 3110 2915 Ἰουστινιανοῦ
3155 2862 3253 2915 τοῦ
3302 2856 3567 2935 Μεγάλου
3626 2858 3744 2913 ἀνε-

2090 2943 2328 3019 γείρεται
2360 2944 2388 2999 6
2415 2943 2595 3013 αὐτὸς,
2625 2946 2714 3001 καὶ
2744 2947 2953 3003 ἰσταται
2982 2945 3085 3011 ἕως
3118 2949 3260 3022 ἄρτι.

2676 3124 2805 3201 Περὶ
2835 3130 2933 3181 τοῦ
2962 3124 3149 3183 αὖτοῦ.

2159 3216 2254 3267 Ἐκ
2307 3216 2405 3267 τοῦ
2460 3211 2649 3289 Ἀγίου
2706 3212 2931 3269 Μωκίου
2966 3260 2979 3285 ,
3052 3214 3144 3269 καὶ
3204 3217 3303 3270 τοῦ
3362 3216 3519 3293 ἁγίου
3578 3218 3748 3288 Μηνᾶ

325 3284 681 3371 simulacris,
721 3304 805 3359 sic
851 3303 951 3360 illa
1009 3284 1461 3374 cognominavit.
1498 3304 1794 3376 lntegram
1844 3321 1975 3362 vero

2102 3298 2283 3370 ἑδίωξε
2310 3301 2377 3355 τὰ
2405 3284 2716 3378 ἀγάλ-ματα,
2748 3303 2837 3357 καὶ
2870 3284 3125 3375 ὡνὸμασε
3152 3302 3281 3369 τοὺς
3325 3284 3487 3368 ναοὺς
3538 3284 3741 3369 οὕτως.

327 3392 525 3448 Sancti
557 3395 735 3449 Mente
765 3394 972 3461 tndem,
1007 3393 1190 3449 sacris
1223 3394 1382 3449 vasis
1410 3409 1477 3449 ac
1504 3394 1740 3465 praediis
1770 3395 1982 3450 subur-

326 3482 500 3537 banis
531 3482 973 3554 locupletatam,
998 3500 1150 3538 anno
1179 3488 1312 3555 post
1334 3483 1653 3538 centesimo
1683 3484 1981 3540 tricesimo

331 3571 539 3642 quinto
569 3571 976 3627 aediﬁcandam
1003 3579 1287 3627 curarunt
1311 3571 1621 3627 Pulcheria
1647 3577 1706 3627 et
1733 3573 1979 3629 Marcia-

331 3677 467 3715 nus.
501 3663 785 3716 Caeterum
833 3660 1123 3733 templum
1168 3661 1362 3717 Sancti
1396 3661 1561 3716 Mocii
1613 3661 1789 3734 triplo
1838 3666 1980 3718 tunc

331 3751 547 3820 majus,
598 3766 772 3821 quam
825 3766 982 3807 nunc
1030 3755 1141 3817 est,
1193 3750 1424 3806 duabus
1471 3751 1663 3806 tertiis
1713 3752 1980 3823 partibus

328 3839 619 3895 contraxit
647 3840 1072 3896 Constantinus
1112 3844 1169 3895 et
1215 3846 1405 3896 mater
1432 3840 1589 3911 ejus;
1639 3840 1981 3912 ibidemque

324 3928 506 3986 altare
536 3930 842 3987 exstruxit.
875 3930 1164 3994 Quoniam
1214 3945 1347 3985 vero
1376 3929 1458 3985 ibi
1490 3930 1629 3986 olim
1661 3931 1720 3987 S.
1755 3931 1980 3989 Mocius

317 4018 666 4075 interfectus
715 4020 924 4089 fuerat,
974 4020 1105 4077 ideo
1150 4018 1438 4092 templum
1490 4019 1601 4076 hoc
1647 4022 1815 4092 quasi
1865 4022 1980 4093 ipsi

317 4106 621 4180 proprium
670 4108 981 4178 exstruxit,
1035 4110 1285 4181 ejusque
1335 4125 1551 4181 corpus
1610 4108 1752 4166 illuc
1809 4115 1977 4166 tran-

318 4196 507 4254 stolit.

826 4288 901 4343 De
928 4288 1261 4343 monasterio
1290 4289 1464 4344 Libis.

387 4374 812 4431 Monasterium
881 4376 1043 4431 Libis
1102 4376 1214 4432 sub
1276 4376 1539 4431 Romano
1598 4377 1859 4444 seniore,
1918 4383 1977 4435 et

2089 3390 2198 3457 Τὴν
2248 3387 2305 3444 δὲ
2346 3389 2555 3446 τελείαν
2600 3389 2765 3446 αὐτοῦ
2807 3390 3177 3466 ἀνοικοδομήν
3210 3391 3437 3465 έποίησε
3489 3394 3743 3472 Πουλχε-

2090 3478 2203 3551 ρία,
2251 3480 2339 3534 καὶ
2396 3480 2707 3555 Μαρκιανὸς
2767 3482 2902 3555 μετὰ
2962 3479 3074 3558 ρλε’
3103 3481 3363 3557 χρόνους,
3422 3482 3742 3558 προστεοὲν-

2086 3589 2174 3630 τες
2222 3568 2342 3643 ἱερᾶ
2399 3569 2586 3642 σκεύη,
2635 3569 2725 3625 καὶ
2759 3573 3075 3643 προάστεια.
3124 3575 3235 3630 Τοῦ
3266 3570 3325 3629 δὶ
3360 3572 3525 3629 αὑτοῦ
3582 3573 3739 3649 ἁγίου

2091 3657 2321 3713 Μωκίου
2369 3660 2715 3734 ὑπάρχοντος
2749 3655 2903 3737 ἔτερα
2935 3658 3029 3716 δύο
3081 3662 3257 3735 μήκη,
3308 3663 3436 3737 παρ’
3477 3663 3507 3719 ’ὀ
3566 3664 3736 3732 ἔστιν,

2088 3745 2307 3821 ἐξέκοψε
2334 3749 2397 3803 τὸ
2429 3745 2679 3825 δίμοιρον
2713 3748 2876 3825 μέρος
2911 3751 2950 3830 ,ὁ
2994 3751 3159 3829 μέγας
3195 3757 3600 3815 Κωνσταντῖνος
3647 3752 3744 3809 καὶ

2088 3839 2123 3906 ἡ
2150 3836 2347 3893 τούτου
2382 3842 2591 3912 μήτηρ,
2622 3838 2712 3894 καὶ
2743 3840 3002 3917 ἀνήγειρε
3027 3842 3090 3896 τὸ
3134 3842 3543 3919 θυσιαστήριον.
3590 3842 3742 3897 Διότι

2090 3923 2147 3981 δὲ
2178 3927 2413 4004 ἀνῃρέθη
2443 3928 2471 3982 ὁ
2504 3929 2655 4006 ἀγιος
2682 3930 2909 3992 Md)ch
2941 3928 3135 4000 ἐκεῖσε,
3176 3930 3374 3987 τούτου
3418 3932 3581 4009 χάριν
3612 3930 3745 4002 ἀνή-

2087 4035 2238 4092 γειρε
2267 4018 2357 4071 καὶ
2386 4017 2480 4073 τὸν
2510 4018 2657 4090 ναὸν,
2690 4018 2763 4081 ὡς
2794 4015 2932 4074 ἴδιον
2961 4020 3149 4090 αὐτοῦ,
3181 4020 3271 4075 καὶ
3301 4022 3362 4076 τὸ
3393 4024 3554 4095 σῶμα
3575 4019 3741 4076 αὐτοῦ

2087 4104 2261 4159 έκεῖσε
2300 4104 2502 4183 ἔφερεν.

2675 4286 2803 4359 Περὶ
2832 4291 2929 4343 τοῦ
2960 4282 3148 4351 Λιϐὀς.

2155 4375 2222 4430 Ἠ
2259 4376 2398 4444 μονή
2449 4374 2516 4430 τὰ
2564 4370 2735 4440 Λιϐὸς
2786 4375 2841 4432 έν
2888 4383 3007 4440 τοῖς
3047 4376 3276 4454 χρόνοις
3303 4378 3590 4453 Ῥωμανοῢ
3638 4379 3736 4435 τοῦ

313 4462 695 4519 Constantino
721 4463 1241 4536 Porphyrogenito,
1270 4464 1478 4521 Leonis
1504 4464 1643 4530 tilio,
1671 4467 1973 4524 conditum

2102 4462 2362 4539 γέροντος,
2391 4464 2482 4519 καὶ
2507 4469 2604 4520 τοῦ
2634 4467 3156 4543 Ηορφυρογεννήτου
3177 4468 3607 4538 Κωνσταντίνου,
3635 4473 3736 4525 τοῦ

312 4557 403 4609 est
434 4569 467 4608 a
496 4552 633 4607 Libe
664 4553 908 4625 patricio
942 4557 998 4609 et
1036 4553 1357 4625 drungario
1390 4553 1627 4624 classis;
1662 4555 1760 4627 qui
1794 4556 1971 4613 etiam

2102 4556 2204 4610 ήοῦ
2237 4555 2488 4622 Λέοντος,
2545 4554 2816 4632 ἀνηγέρθη
2866 4558 3013 4634 παρὰ
3060 4556 3348 4634 πατρικίου
3395 4562 3493 4615 τοῦ
3540 4552 3734 4633 Αιόὸς,

311 4641 529 4699 ibidem
564 4641 997 4698 xenodochium
1031 4643 1337 4698 exstruxit.

486 4822 561 4878 De
587 4822 815 4878 ecclesia
844 4824 1023 4878 veleri
1048 4821 1106 4879 S.
1138 4823 1370 4879 Joannis
1398 4826 1785 4894 praecursoria.

379 4910 702 4968 Ecclesium
753 4911 814 4967 S.
846 4912 1091 4968 Joannis
1140 4911 1520 4985 praecursoria
1558 4918 1828 4983 veterem,
1864 4933 1969 4971 cu-

2001 4642 2365 4719 Πγεγονότος
2424 4641 2784 4722 δρουγγαρίου
2839 4649 2947 4701 τῶν
3008 4644 3330 4722 πλωίμων,
3403 4650 3735 4721 ποιήσαντος

2081 4732 2253 4788 ἐκεῖσε
2281 4732 2372 4788 καὶ
2404 4732 2623 4803 ξενῶνα.

2383 4821 2513 4898 Περὶ
2542 4826 2640 4877 τοῦ
2671 4817 3002 4899 ΙΙροδρόμου
3031 4830 3132 4893 τῆς
3164 4823 3425 4889 παλαιᾶς.

2147 4912 2246 4967 Τὸν
2282 4909 2340 4967 δὲ
2367 4909 2691 4989 Πρόδρομον
2746 4912 2847 4983 τὴν
2879 4911 3141 4983 παλαιὰν,
3175 4913 3461 4992 ἀνήγειρεν
3491 4916 3519 4972 6
3552 4916 3737 4993 Μέγας

300 5000 399 5070 jus
430 4999 745 5056 editicium
775 5000 1039 5056 terrestri
1068 5016 1239 5056 muro
1270 5000 1670 5071 incumbebat,
1703 5004 1971 5061 condidit

2102 5006 2510 5063 (ωνσταντῖνος·
2544 5001 2606 5057 τὸ
2639 4998 2697 5056 δὲ
2739 5001 2942 5077 κτίσμα
2972 4997 3312 5077 ἡκούμϐιζεν
3369 5004 3448 5069 εἷς
3485 5006 3548 5063 τὸ
3595 5025 3735 5083 χερ-

308 5089 734 5146 Constantinus
765 5089 1039 5161 Magnus.

2080 5096 2230 5148 σαῖον
2252 5096 2459 5167 τεῖχος.

1152 5206 1229 5262 De
1252 5205 1453 5277 templo
1484 5206 1675 5264 Sancti
1702 5209 2017 5269 Eleutherii
2043 5229 2078 5269 α
2106 5210 2343 5284 quodam
2364 5211 2607 5283 patricia
2637 5209 2877 5269 condito.

379 5304 691 5377 Templum
747 5306 805 5359 8.
856 5302 1174 5360 Eloutherii
1222 5304 1512 5360 exstruxit
1563 5306 1672 5362 sub
1723 5308 1965 5367 Arcadio

307 5391 661 5463 imperatore
690 5392 933 5465 quidam
965 5392 1273 5464 patricius.

721 5480 795 5535 De
826 5478 880 5535 S.
913 5480 1174 5551 Philippi
1199 5483 1551 5537 monasterio.

379 5565 803 5622 Monasterium
857 5569 1047 5625 sancti
1096 5568 1353 5642 Philippi
1399 5570 1650 5642 apostoli
1699 5572 1965 5628 condidit

2146 5308 2244 5363 Τὸν
2306 5304 2365 5362 δὲ
2420 5309 2611 5382 ’Άγιον
2666 5303 3005 5384 Ἐλευθέριον
3058 5308 3340 5385 πατρίκιός
3398 5330 3481 5374 τις
3527 5308 3729 5369 ἔκτισε.

2074 5398 2128 5453 έν
2153 5402 2274 5460 τοῖς
2299 5397 2526 5474 χρόνοις
2555 5394 2843 5472 Ἀρκαδίου
2870 5402 2968 5454 τοῦ
3005 5397 3297 5473 βασιλέως.

2485 5485 2616 5562 Περὶ
2646 5491 2745 5541 τοῦ
2772 5488 2963 5563 Ἀγίου
2994 5486 3301 5547 Φιλίππου.

2144 5576 2250 5633 Τὸν
2307 5578 2502 5652 νΑγιον
2560 5574 2843 5632 Φίλιππον
2873 5577 2965 5633 τὸν
3027 5576 3334 5635 ἀπόστολον
3376 5580 3729 5644 Ἀναστάσιος

275 5653 660 5743 _Anastasius
698 5654 965 5724 Dicorus,
998 5656 1317 5730 multisque
1359 5658 1839 5731 possessionibus
1869 5661 1962 5717 di-

2161 5663 2387 5740 Δίκορος
2446 5664 2735 5743 ἀνήγειρε,
2794 5666 2886 5722 καὶ
2942 5668 3196 5741 κτήματα
3269 5667 3457 5726 πολλὰ
3528 5667 3725 5726 έπεκῦ-

312 5742 477 5799 tavit.

2071 5772 2237 5830 ρωσε.
