4124 6398
409 451 570 512 1269

834 583 965 660 Περὶ
1005 590 1103 640 106
1132 586 1318 661 Ἀγίου
1358 588 1648 659 Μανουήλ.

474 674 581 731 Τὸν
641 670 700 729 δὶ
729 677 919 750 ’Ἃγιον
971 675 1258 746 Μανουὴλ,
1295 672 1475 732 Σαϐὶλ
1523 679 1614 733 καὶ
1647 677 1903 754 Ἰσμαήλ,
1941 680 2076 754 μετᾶ

401 764 466 819 τὸ
523 766 787 834 καυθῆναι
835 763 1030 828 αὐτοὺς
1087 764 1173 820 ἐπὶ
1231 765 1533 822 Ἰουλιανοῦ
1588 773 1684 823 106
1747 765 2069 845 Παραϐάτου

405 853 492 908 ἐπὶ
541 858 638 908 106
695 853 956 929 χερσαίου
1012 855 1262 930 τείχους,
1298 857 1326 910 ὁ
1358 857 1541 931 Μέγας
1597 855 1884 923 Θεοδόσιος
1935 859 2064 930 ἀνή-

401 962 568 1019 γειρε,
600 943 693 998 καὶ
725 944 792 997 τὰ
820 941 1048 1016 σώματα
1079 943 1255 999 αὐτῶν
1290 943 1403 1000 ἐκεῖ
1431 940 1602 1002 ἔθετο.

815 1057 947 1134 Περί
973 1063 1082 1115 τῶν
1111 1058 1303 1136 Ἃγίων
1339 1061 1650 1137 Νοταρίων.

471 1148 607 1211 Τοὺς
668 1145 726 1204 δὶ
781 1148 1004 1225 Ἃγίους
1064 1149 1365 1227 Νοταρίους
1426 1153 1454 1206 ὁ
1516 1150 1700 1226 Μέγας
1775 1148 2062 1213 Θεοδόσιος

394 1237 667 1315 ἀνήγειρε,
705 1239 796 1295 καὶ
822 1239 888 1294 τὰ
920 1240 1148 1312 σώματα
1178 1239 1353 1296 αὐτῶν
1384 1239 1557 1296 ἐκεῖσε
1587 1237 1758 1298 ἔθετο.

1548 456 1913 518 ANONYMI
1958 457 2544 530 ANTIQUITATES
2589 460 2707 518 ΟΡ.

2100 594 2156 659 Α

3687 458 3845 519 12Ἱο

2711 594 2786 648 De
2817 592 3012 648 Sancto
3042 592 3312 648 Manuale.

2257 681 2565 753 Templum
2591 682 2690 736 SS.
2718 681 2970 752 Manuel,
2992 681 3162 737 Sabel
3187 686 3243 738 et
3263 678 3496 746 Ismael,
3521 685 3836 753 postquam

2180 771 2290 842 ipsi
2327 789 2360 826 a
2388 770 2625 826 Juliano
2665 774 2947 842 Apostata
2989 771 3123 842 igne
3154 769 3397 827 cremati
3432 774 3569 825 sunt
3597 771 3664 825 ad
3701 787 3837 826 mu-

2179 876 2310 913 rum
2366 864 2724 930 terrestrem,
2759 860 3022 914 condidit
3051 860 3256 914 eodem
3309 858 3434 914 loco
3467 857 3834 916 Theodosius

2176 949 2449 1020 Magnus,
2485 965 2810 1020 eorumque
2840 965 3084 1020 corpora
3115 948 3196 1004 ibi
3227 947 3519 1021 deposuit.

2566 1067 2643 1121 De
2671 1065 2900 1121 ecclesia
2935 1064 3030 1120 SS.
3061 1066 3437 1121 Notariorum.

2244 1153 2564 1210 Ecclesiam
2600 1155 2700 1211 SS.
2735 1154 3110 1210 Notariorum
3151 1152 3436 1210 exstruxit
3464 1152 3833 1209 Theodosius

2171 1247 2438 1315 Magnus,
2473 1243 2814 1316 ibidemque
2844 1260 3049 1298 eorum
3086 1259 3334 1314 corpora
3363 1243 3656 1314 deposuit.

1130 1361 1206 1414 De
1235 1361 1461 1416 ecclesia
1494 1361 1749 1432 Deiparaa
1791 1362 1849 1414 in
1882 1360 2130 1428 Sz'gmate
2161 1377 2195 1415 a
2227 1360 2587 1416 Constantino
2618 1361 2808 1432 Magno
2838 1360 3080 1415 condita.

463 1455 556 1511 Καὶ
614 1456 713 1524 τήν
775 1453 1061 1522 Θεοτόκον,
1113 1456 1214 1524 τήν
1278 1456 1355 1518 εἷς
1410 1457 1476 1512 τὸ
1530 1458 1740 1532 Σίγμα,
1795 1457 1821 1511 ό
1884 1456 2062 1531 Μέγας

395 1545 806 1608 Κωνσταντῖνος
851 1544 1137 1620 ἀνήγειρεν
1174 1563 1188 1578 ο
1249 1546 1363 1600 εἶτα
1421 1544 1479 1600 δὶ
1534 1547 1561 1600 ὁ
1620 1545 1802 1620 Μέγας
1831 1547 2061 1602 Ἰουστι-

391 1633 575 1696 νιανὸς
645 1632 910 1690 ἆνὲκτισε.
981 1634 1133 1691 Μετά
1209 1631 1266 1690 δὶ
1330 1637 1447 1705 τκη¹
1503 1630 1596 1706 ἔτη
1671 1640 1897 1709 σεισμοῦ
1971 1655 2058 1711 γε-

393 1726 626 1797 γονότος
701 1717 939 1800 φοϐεροῦ
974 1767 988 1792 ,
1051 1722 1142 1778 ἐπὶ
1214 1731 1314 1794 τῆς
1395 1723 1674 1795 βασιλείας
1748 1723 2059 1792 Βασιλείου,

402 1812 539 1884 μετᾶ
568 1812 630 1866 τὸ
682 1810 893 1867 ἀνελεῖν
944 1813 1035 1867 τὸν
1090 1812 1349 1889 Μιχαὴλ,
1384 1815 1699 1885 συνεπτώθη
1746 1815 1774 1868 ὁ
1821 1818 1950 1877 ναὸς
2004 1813 2056 1869 ἐν

391 1900 581 1974 ἡμέρᾳ
611 1901 883 1976 Κυριακῇ,
911 1905 1008 1956 106
1061 1903 1218 1978 ἁγίου
1270 1901 1637 1976 Πολυεύκτου,
1685 1903 1774 1958 καὶ
1817 1904 1945 1967 τοὺς
2000 1902 2053 1958 ἐν

2245 1458 2564 1515 Ecclesiam
2591 1459 2852 1530 Deiparaa
2884 1459 2944 1513 in
2976 1457 3233 1530 Sigmate
3255 1456 3679 1513 Constantinus
3707 1456 3831 1512 Ma-

2171 1563 2324 1620 gnus
2356 1548 2644 1616 condidit;
2669 1548 2881 1602 deinde
2903 1547 3278 1602 Justinianus
3303 1546 3551 1618 Magnus
3582 1545 3827 1600 reaedili-

2169 1637 2335 1692 cavit.
2375 1637 2506 1692 Post
2557 1653 2745 1691 annos
2783 1652 2917 1691 vero
2964 1638 3262 1690 trecentos
3292 1632 3499 1705 viginti
3527 1636 3677 1700 octo,
3710 1633 3825 1687 im-

2167 1731 2410 1797 perante
2435 1725 2671 1791 Basilio,
2699 1725 2892 1780 occiso
2909 1725 3036 1796 jam
3061 1723 3366 1789 Michaele,
3388 1721 3634 1778 terribili
3659 1727 3824 1777 terra;

2167 1821 2330 1870 motu
2363 1815 2472 1870 hoc
2515 1814 2803 1886 templum
2857 1813 3182 1884 collapsum
3216 1816 3325 1880 est,
3359 1811 3451 1867 die
3497 1811 3822 1882 Dominica,

2166 1921 2293 1976 quae
2339 1910 2482 1960 erat.
2517 1905 2574 1960 S.
2608 1903 2918 1975 Polyeucto
2967 1919 3162 1968 sacra;
3199 1918 3264 1956 ac
3297 1917 3504 1956 omnes
3535 1905 3823 1972 quotquot

387 1989 537 2062 αὖτῷ
623 1990 825 2054 πάντας
914 1989 1205 2070 διέφθειρε.
1271 1993 1368 2049 Καὶ
1445 1993 1551 2048 ἀπὸ
1634 1993 1759 2048 τότε
1846 1990 2052 2064 ἐκλήθη

2190 2011 2221 2048 n
2257 2011 2322 2049 eo
2353 1999 2541 2064 erant,
2565 1992 2832 2064 oppressi
2858 1992 3043 2047 fuere.
3066 1996 3139 2048 Et
3159 1989 3437 2060 deinceps
3464 1987 3823 2061 appellatum

389 2076 592 2134 Σίγμα.

541 2099 592 2134 α.

459 2099 538 2154 γμ
649 2169 784 2244 Περὶ
816 2172 923 2223 τῶν
954 2170 1021 2224 τὰ
1051 2169 1372 2226 Κανικλείου
1403 2170 1783 2245 καλουμένων.

453 2256 529 2310 Τὰ
597 2256 948 2327 Κανικλείου,
1009 2259 1158 2321 οἶκος
1215 2260 1282 2328 ἧν
1355 2261 1680 2315 Θεοκτίστου
1749 2259 2053 2336 μαγίστρου

383 2345 471 2399 καὶ
517 2344 606 2400 ἐπὶ
654 2350 752 2401 106
801 2345 1143 2416 Κανικλείου,
1173 2351 1270 2403 106
1329 2349 1625 2427 σφαγέντος
1677 2348 1824 2424 παρᾶ
1870 2346 2054 2423 Βάρδα

386 2433 680 2509 Καίσαρος,
713 2435 860 2500 θείου
890 2440 987 2491 106
1019 2436 1275 2512 Μιχαήλ.

2163 2082 2275 2138 fuit
2305 2083 2523 2155 Sigma.

2689 2172 2764 2226 Dc
2796 2174 2982 2226 tractu
3017 2166 3287 2226 Caniclez'.

2233 2262 2483 2316 Tractus
2515 2260 2786 2327 Caniclei,
2813 2261 3024 2316 domus
3054 2262 3180 2314 erat
3208 2255 3522 2312 Theoctisti
3553 2241 3821 2327 magistri

2163 2353 2219 2406 et
2276 2350 2529 2422 preteeti
2587 2349 2872 2420 Caniclei,
2923 2348 3025 2420 qui
3084 2346 3429 2402 interfectus
3485 2344 3597 2399 fuit
3643 2344 3824 2415 jussu

2164 2440 2362 2495 Bardae
2388 2439 2656 2510 Caesaris,
2686 2436 2989 2493 Michaelis
3018 2435 3310 2492 avunculi.

1311 2558 1385 2612 De
1413 2559 1752 2613 monasterio
1783 2559 2174 2630 Euphrosynae
2200 2559 2594 2629 cognominata
2638 2555 2888 2634 Libadz’a.

461 2653 584 2708 ’Ότι
617 2651 652 2720 ἠ
691 2652 828 2724 μονὴ
870 2652 906 2721 ἡ
949 2647 1227 2728 λεγομένη
1279 2659 1382 2722 τῆς
1442 2653 1797 2732 Εὐφροσύνης
1850 2653 1918 2709 τὰ
1964 2662 2057 2708 Λι-

386 2735 554 2795 ϐἀδια
605 2738 820 2809 ἐκτίσθη
882 2741 1029 2817 παρᾶ
1085 2740 1332 2815 Εἰρήνης
1387 2749 1488 2812 τῆς
1541 2743 1852 2814 Ἀθηναῖας,
1887 2743 2057 2820 μικρᾶ

385 2829 477 2884 καὶ
511 2830 768 2904 πενιχρά.
801 2829 862 2886 Ὁ
910 2826 968 2883 δὲ
1012 2828 1249 2904 Μιχαὴλ
1289 2831 1318 2885 ὁ
1364 2831 1479 2893 υἱὸς
1531 2831 1800 2910 Θεοφίλου
1850 2831 1926 2894 εἷς
1959 2830 2054 2908 ἔχ-

395 2919 523 2994 θραν
583 2917 756 2982 ἐλθὼν
840 2919 975 2991 μετὰ
1041 2926 1141 2987 τῆς
1222 2919 1430 2995 μητρὸς
1503 2920 1691 2990 αὐτοῦ,
1746 2923 2054 2997 κατήγαγεν

397 3007 568 3078 αὐτήν
604 3027 663 3062 τε
717 3007 811 3062 καὶ
863 3009 963 3076 τήν
1022 3005 1262 3086 ἀδελφὴν
1296 3007 1460 3064 αὐτοῦ
1519 3009 1578 3064 ἐκ
1631 3015 1728 3065 106
1759 3009 2050 3080 παλατίου,

400 3095 491 3150 καὶ
551 3096 828 3171 εἰσήγαγεν
873 3095 1063 3166 ἰκεῖσε,
1097 3098 1186 3152 καὶ
1233 3097 1484 3174 ἀπέκειρε
1538 3099 1760 3168 ταύτας,
1812 3097 2054 3171 πλουτή-

397 3205 491 3248 σας
542 3186 640 3254 τῆν
704 3187 873 3258 μονὴν
920 3185 1026 3241 ἀπό
1087 3207 1143 3241 τε
1199 3187 1492 3261 κτημάτων
1525 3189 1614 3242 καὶ
1647 3185 1881 3246 λοιπῶν.
1911 3190 2051 3246 Ἀπὸ

394 3271 451 3330 δὲ
497 3278 597 3374 τῆς
647 3272 890 3353 ἀδελφῆς
930 3275 1094 3331 αὐτοῦ
1145 3275 1498 3355 Εὐφροσύνης
1548 3276 1758 3349 ἐκλήθη
1808 3276 1979 3341 οὕτως
2010 3281 2045 3349 ἡ
2078 3307 2121 3374 C

394 3366 535 3437 μονή
547 3408 559 3421 .

905 3453 1037 3532 Περὶ
1069 3458 1166 3510 106
1197 3453 1318 3511 Ξυλ
1331 3477 1372 3509 ιν
1385 3454 1495 3511 ίτου
1510 3498 1521 3515 .

462 3549 567 3600 T06
625 3544 924 3601 Ξυλινίτου
978 3545 1080 3614 τήν
1137 3548 1308 3620 μονὴν
1367 3543 1544 3603 ἔκτισε
1600 3549 1840 3619 Νικήτας
1892 3550 2050 3625 μάγι-

394 3655 554 3709 στρος
612 3633 665 3689 ἐν
722 3639 838 3696 τοῖς
894 3634 1120 3711 ’χρόνοις
1171 3636 1403 3699 Λέοντος
1431 3641 1528 3692 106
1562 3642 2052 3712 Συρογενοῦς,τοῦ

396 3723 605 3799 πατρὸς
678 3718 986 3779 Καϐαλίνου
1072 3725 1499 3782 Κωνσταντίνου.
1559 3728 1617 3784 Ὀ
1693 3726 1853 3789 αὐτὸς
1909 3724 1966 3782 δὲ
2024 3728 2052 3781 ὁ

395 3811 699 3884 Ξυλινίτης
733 3812 1138 3890 ἀπεκεφαλίσθη
1191 3813 1266 3876 εἰς
1317 3816 1407 3870 τὸν
1462 3813 1738 3890 Σφενδόνα
1785 3816 2054 3894 παρᾶτοῦ

398 3903 566 3958 αὐτοῦ
600 3902 832 3967 Λέοντος
866 3901 934 3957 δι’
966 3898 1290 3973 ἐπιϐουλῆς.

971 3992 1099 4068 Περὶ
1130 3993 1198 4046 τὰ
1230 3991 1481 4057 Ἰκασίας.

465 4082 528 4138 Ἡ
589 4080 646 4136 δὲ
695 4083 835 4154 μονὴ
877 4081 945 4136 τὰ
993 4081 1228 4144 Ἰκασίας
1283 4082 1500 4154 ἐκτίσθη
1533 4084 1660 4156 παρ’
1691 4083 1858 4154 αὐτῆς
1891 4105 2056 4158 μονα-

399 4177 510 4246 χῆς
568 4169 882 4246 γεγονυίας,
933 4169 1023 4225 ὅτε
1067 4177 1166 4240 τῆς
1243 4170 1522 4246 βασιλείας
1599 4172 1837 4249 ἀπέτυχε
1911 4173 2058 4249 παρᾶ

396 4258 666 4340 Θεοφίλου
728 4258 1020 4335 βασιλέως,
1076 4254 1371 4334 σεϐασμίας
1443 4263 1533 4316 καὶ
1592 4261 1793 4336 ὡραίας
1847 4283 2053 4339 τυγχα-

394 4348 617 4420 νούσης.
671 4351 828 4412 "Hm;
883 4349 973 4404 καὶ
1034 4351 1281 4418 κανόνας,
1335 4350 1426 4405 καὶ
1485 4352 1726 4428 στιχηρὰ
1783 4355 2058 4424 ποιήσασα

392 4437 446 4493 ἒν
502 4443 619 4502 τοῖς
673 4438 897 4515 χρόνοις
953 4436 1188 4514 Μιχαὴλ
1246 4439 1335 4494 καὶ
1385 4439 1677 4519 Θεοφίλου,
1708 4446 1805 4496 τοῦ
1853 4443 2058 4520 πατρὸς

393 4527 583 4598 αὐτοῦ,
616 4526 711 4598 ἔζη
742 4527 794 4584 ἐν
827 4529 988 4602 αὐτῇ.

579 4635 708 4711 Περὶ
739 4643 839 4707 τῆς
866 4636 1061 4712 Ἀγίας
1091 4633 1358 4709 Δομνίνας
1390 4636 1458 4691 τὰ
1489 4634 1872 4712 Ἀλεξάνδρου.

465 4726 534 4783 Αἱ
567 4723 625 4780 δὲ
655 4725 751 4781 δύο
803 4726 959 4798 μοναί
1005 4731 1106 4796 τῆς
1138 4725 1322 4802 Ἀγίας
1378 4725 1661 4799 Δομνίνας,
1695 4730 1730 4797 ἡ
1785 4726 2054 4802 ἐπονομα-

392 4815 597 4889 ζομὲνη
628 4816 697 4871 τὰ
727 4812 1105 4889 Ἀλεξάνδρου,
1139 4814 1228 4870 καὶ
1273 4817 1307 4884 ἡ
1360 4814 1506 4886 ἄλλη
1570 4817 1734 4890 μονὴ,
1767 4817 1831 4872 τὰ
1891 4817 2046 4892 λεγό-

395 4926 529 4979 μενα
575 4905 644 4961 τὰ
702 4903 1028 4980 Γρηγορίας,
1082 4903 1132 4959 ἐν
1190 4909 1308 4968 τοῖς
1362 4904 1590 4981 χρόνοις
1643 4910 1739 4961 106
1796 4905 2047 4984 Μεγάλου

391 4991 682 5050 Θεοδοσίου
739 4992 1085 5065 ἐκτίσθησαν.
1143 4993 1435 5058 Ἑλουῦσαι
1501 4996 1604 5071 γὰρ
1664 4994 1771 5050 ἀπὸ
1827 4997 2046 5069 Ῥώμης

387 5083 542 5160 εὗρον
591 5085 776 5139 ἄοικον
836 5083 927 5138 τὸν
958 5081 1152 5152 τόπον,
1183 5082 1275 5138 καὶ
1333 5081 1688 5156 αἰτησάμενοι
1742 5085 1833 5140 τὸν
1887 5086 2044 5162 βασι-

392 5172 513 5242 λέα,
564 5171 796 5230 δέδωκεν
858 5171 1048 5234 αὐταῖς
1098 5172 1189 5227 τὸν
1234 5167 1428 5243 τὸπον,
1475 5173 1567 5229 καῖ’
1615 5174 1902 5252 ἀνήγειραν
1947 5175 2044 5240 τὰς

392 5264 562 5338 μονάς
572 5308 585 5322 .

993 5349 1122 5424 Περί
1152 5352 1249 5403 τοῦ
1281 5349 1432 5408 Δίου.

456 5443 518 5500 Ὀ
558 5441 705 5504 ὅσιος
754 5445 878 5504 Δῖος
932 5437 1295 5513 αἰτησάμενος
1343 5441 1430 5494 καὶ
1467 5440 1628 5503 αὐτὸς
1657 5442 1749 5497 τὸν
1788 5443 2036 5518 βασιλέα,

383 5527 614 5587 δέδωκεν
673 5530 820 5604 αὖτῷ
873 5529 1039 5585 τόπον
1078 5546 1090 5559 ·
1157 5525 1248 5581 καὶ
1302 5526 1554 5604 ἀνήγειρε
1609 5531 1708 5598 τὴν
1778 5530 2034 5602 τοιαύτην

384 5623 574 5695 μονήν.

860 5707 990 5787 Περὶ
1020 5710 1118 5763 106
1150 5704 1563 5782 Μυροκεράτου.

452 5800 531 5860 Τὸ
588 5799 646 5856 δὶ
700 5798 1042 5874 καλούμενον
1098 5792 1476 5872 Μυροκὲρατον
1537 5794 1753 5869 ἐκτίσθη
1807 5797 1860 5853 ἓν
1917 5803 2034 5863 τοῖς

2084 4677 2132 4740 D

2242 2656 2672 2712 Monasterium
2724 2651 3122 2726 Euphrosynaa
3161 2647 3506 2723 cognomine
3554 2646 3819 2714 Libadia,

2167 2745 2239 2802 ab
2272 2745 2432 2801 irene
2460 2744 2652 2800 Attica
2679 2743 2954 2815 exiguum
2978 2739 3146 2796 valde
3168 2744 3225 2795 et
3254 2737 3695 2810 pauperrimum
3728 2754 3822 2792 ex-

2166 2839 2458 2890 structum
2511 2833 2637 2888 fuit.
2675 2833 2882 2887 Postea
2912 2846 3046 2886 vero
3080 2827 3181 2883 ubi
3209 2824 3476 2893 Michael,
3510 2823 3822 2895 Theophili

2165 2924 2347 2994 ﬁlius,
2379 2941 2511 2979 cum
2559 2927 2744 2977 matre
2792 2937 2899 2976 sua
2948 2917 3308 2975 simultatem
3359 2915 3574 2970 habere
3621 2913 3820 2986 coepit,

2165 3018 2412 3068 matrem
2447 3018 2502 3068 et
2535 3027 2795 3068 sororem
2834 3024 3006 3064 suam
3039 3023 3068 3062 ο
3099 3005 3319 3078 palatio
3351 3005 3590 3075 ejectas,
3621 3004 3680 3057 in
3711 3003 3822 3058 hoc

2165 3099 2590 3156 monasterium
2633 3101 2910 3154 detonsae
2958 3094 3231 3162 inclusit;
3281 3091 3639 3148 monasterio
3686 3108 3822 3163 pos-

2163 3191 2532 3248 sessionibus
2571 3205 2637 3244 ac
2679 3186 2926 3259 reliquis
2977 3183 3256 3241 omnibus
3299 3183 3501 3238 ditato.
3536 3180 3821 3237 Caeterum

2164 3280 2236 3336 ab
2275 3281 2403 3350 ejus
2452 3295 2650 3334 sorore
2697 3275 3081 3350 Euphrosyna
3129 3270 3550 3328 monasterium
3601 3286 3819 3326 nomen

2163 3369 2404 3440 accepit.

2613 3459 2687 3514 De
2715 3455 3048 3512 monasterio
3077 3451 3361 3525 Xylinitw.

2235 3547 2654 3604 Monasterium
2714 3544 2990 3618 Xylinitze
3049 3544 3456 3613 nuncupatum
3507 3536 3815 3594 mdiﬁcavit

2162 3638 2398 3693 Nicetas
2430 3637 2708 3710 magister
2749 3635 2859 3691 sub
2895 3638 3081 3689 Leone
3127 3629 3408 3696 Isaurico,
3442 3627 3815 3684 Constantini

2163 3726 2446 3782 Caballini
2481 3732 2662 3798 patre.
2701 3727 2826 3798 lpse
2876 3729 3071 3779 autem
3115 3721 3350 3776 Nicetas
3381 3717 3670 3790 Xylinites
3720 3734 3825 3789 per

2164 3816 2409 3872 insidias
2449 3816 2775 3872 decollatus
2828 3814 2939 3870 fuit
2987 3813 3047 3866 in
3096 3809 3447 3882 Sphendone
3497 3807 3569 3862 ab
3615 3807 3823 3863 eodem

2167 3907 2377 3963 Leone.

2657 3995 2730 4049 De
2758 3990 3092 4048 monasterio
3124 3987 3338 4042 Icasias.

2237 4084 2657 4141 Monasterium
2708 4080 2904 4137 [casiae
2954 4077 3220 4135 condidit
3269 4073 3454 4129 Icasia
3502 4072 3829 4129 sanctimo-

2167 4174 2362 4244 nialis,
2406 4172 2642 4245 quando
2699 4169 2948 4242 imperio
2997 4164 3235 4238 repulsa
3284 4166 3374 4218 est
3423 4179 3456 4218 a
3503 4160 3827 4233 Theophilo

2167 4265 2540 4336 imperatore.
2562 4260 2672 4318 etsi
2704 4261 2914 4316 decora
2935 4261 2991 4313 et
3012 4257 3264 4326 augusta
3296 4251 3490 4324 specie
3523 4254 3664 4306 erat.
3689 4251 3824 4314 Quae

2167 4369 2300 4408 cum
2335 4352 2393 4406 in
2427 4353 2633 4407 eodem
2667 4346 3024 4404 monasterio
3073 4343 3184 4398 sub
3239 4339 3517 4397 Michaele
3548 4343 3605 4394 et
3632 4337 3825 4394 Theo-

2167 4441 2329 4514 pbilo
2361 4442 2491 4511 ejus
2541 4439 2658 4495 ﬁlio
2689 4438 2904 4494 viveret
2941 4435 3191 4507 hymnos
3221 4436 3278 4486 et
3307 4427 3626 4486 versiculos
3657 4444 3823 4484 com-

2166 4529 2382 4602 posuit.

2219 4639 2292 4693 De
2319 4637 2651 4693 monasterio
2681 4635 2735 4690 S.
2771 4633 3066 4689 Domm’na:
3093 4628 3415 4698 cognomine
3445 4622 3769 4679 Alexandri.

2235 4726 2360 4782 Duo
2402 4725 2522 4780 haec
2555 4722 2937 4786 monasteria,
2972 4733 3223 4791 quorum
3265 4715 3513 4771 alterum
3545 4713 3604 4768 S.
3640 4712 3815 4767 Dom-

2162 4816 2334 4882 ninaa,
2367 4813 2718 4886 cognomine
2760 4808 3106 4874 Alexandri;
3143 4805 3394 4861 alterum
3434 4818 3569 4857 vero
3599 4799 3818 4873 Grego-

2158 4907 2254 4960 rize
2296 4905 2537 4971 dicitur,
2562 4904 2673 4958 sub
2703 4897 3032 4956 Theodosio
3077 4896 3285 4967 Magno
3315 4892 3602 4948 aediﬁcata
3632 4889 3815 4947 fuere.

2157 4993 2389 5050 Etenim
2423 4999 2563 5049 tunc
2606 4987 2890 5062 temporis
2939 4989 3154 5041 sancta:
3203 4982 3316 5037 illa:
3366 4980 3596 5036 feminae
3630 4978 3815 5034 Roma

2153 5087 2462 5150 venerunt,
2505 5085 2563 5135 et
2622 5079 2774 5134 facta
2831 5075 2902 5130 ab
2957 5073 3314 5144 imperatore
3371 5067 3483 5124 loci
3539 5066 3813 5138 hujus,a

2156 5172 2391 5228 nemine
2447 5167 2729 5240 habitati,
2781 5164 2971 5237 copia,
3021 5159 3383 5217 monasteria
3437 5156 3520 5212 ibi
3577 5159 3812 5212 exstru-

2150 5277 2307 5318 xere.

2695 5347 2770 5402 De
2797 5360 2918 5400 mon
2928 5340 3138 5398 asterio
3170 5338 3278 5394 Dii.

2222 5440 2509 5497 Similiter
2538 5442 2596 5494 et
2625 5437 2684 5492 S.
2719 5435 2864 5491 Dius
2905 5432 3098 5488 locum
3135 5428 3207 5484 ab
3240 5427 3591 5497 imperatore
3621 5422 3807 5496 petiit,

2147 5548 2262 5602 quo
2295 5531 2609 5602 impetrato
2644 5522 3068 5580 monasterium
3102 5519 3212 5574 hoc
3244 5513 3526 5572 condidit.

2447 5709 2516 5764 Dc
2540 5705 2876 5762 monasterio
2907 5701 3303 5774 Myroceratum
3330 5695 3496 5751 dicto.

2215 5797 2631 5856 Monasterium
2659 5790 3007 5865 cognomine
3036 5787 3465 5860 Myroceratum
3496 5782 3606 5839 sub
3637 5780 3796 5836 Μαυ-
