  <div class='ocr_page' id='page_1' title='image "/cluster/home/n/w/nwhite01/storage/ocr_20150623/122:no.2/coo.31924054870278/643.png"; bbox 0 0 4124 6406; ppageno 0'>
   <div class='ocr_carea' id='block_1_1' title="bbox 315 386 466 446">
    <p class='ocr_par' dir='ltr' id='par_1_1' title="bbox 315 386 466 446">
     <span class='ocr_line' id='line_1_1' title="bbox 315 386 466 446; baseline -0.013 -1"><span class='ocrx_word' id='word_1_1' title='bbox 315 386 466 446; x_wconf 75' lang='grc'><strong>12³11</strong></span> 
     </span>
    </p>
   </div>
   <div class='ocr_carea' id='block_1_2' title="bbox 1276 376 2768 448">
    <p class='ocr_par' dir='ltr' id='par_1_2' title="bbox 1276 376 2768 448">
     <span class='ocr_line' id='line_1_2' title="bbox 1276 376 2768 448; baseline -0.002 -7"><span class='ocrx_word' id='word_1_2' title='bbox 1276 379 1678 441; x_wconf 81' lang='lat' dir='ltr'>APPENDIX</span> <span class='ocrx_word' id='word_1_3' title='bbox 1718 379 1821 438; x_wconf 86' lang='lat' dir='ltr'><strong>AD</strong></span> <span class='ocrx_word' id='word_1_4' title='bbox 1867 376 2331 437; x_wconf 84' lang='lat' dir='ltr'>MICHAELEM</span> <span class='ocrx_word' id='word_1_5' title='bbox 2379 376 2768 448; x_wconf 85' lang='lat' dir='ltr'>PSELLUM,</span> 
     </span>
    </p>
   </div>
   <div class='ocr_carea' id='block_1_3' title="bbox 3578 381 3748 441">
    <p class='ocr_par' dir='ltr' id='par_1_3' title="bbox 3578 381 3748 441">
     <span class='ocr_line' id='line_1_3' title="bbox 3578 381 3748 441; baseline 0 0"><span class='ocrx_word' id='word_1_6' title='bbox 3578 381 3748 441; x_wconf 64' lang='lat'>£272</span> 
     </span>
    </p>
   </div>
   <div class='ocr_carea' id='block_1_4' title="bbox 307 507 1992 588">
    <p class='ocr_par' dir='ltr' id='par_1_4' title="bbox 307 515 1992 588">
     <span class='ocr_line' id='line_1_4' title="bbox 307 515 1992 588; baseline -0.007 -12"><span class='ocrx_word' id='word_1_7' title='bbox 307 518 454 576; x_wconf 87' lang='lat' dir='ltr'>ricio</span> <span class='ocrx_word' id='word_1_8' title='bbox 512 518 868 588; x_wconf 80' lang='lat' dir='ltr'>imperatore</span> <span class='ocrx_word' id='word_1_9' title='bbox 924 515 1226 571; x_wconf 90' lang='lat' dir='ltr'>conditum</span> <span class='ocrx_word' id='word_1_10' title='bbox 1285 515 1414 570; x_wconf 84' lang='lat' dir='ltr'>fuit.</span> <span class='ocrx_word' id='word_1_11' title='bbox 1465 515 1718 571; x_wconf 78' lang='lat' dir='ltr'>Narrant</span> <span class='ocrx_word' id='word_1_12' title='bbox 1763 517 1992 578; x_wconf 13' lang='lat' dir='ltr'>autem,</span> 
     </span>
    </p>
   </div>
   <div class='ocr_carea' id='block_1_5' title="bbox 2114 507 3744 588">
    <p class='ocr_par' dir='ltr' id='par_1_5' title="bbox 2114 507 3744 585">
     <span class='ocr_line' id='line_1_5' title="bbox 2114 507 3744 585; baseline 0.002 -22"><span class='ocrx_word' id='word_1_13' title='bbox 2114 510 2304 584; x_wconf 8' lang='grc' dir='ltr'>χρόνοις</span> <span class='ocrx_word' id='word_1_14' title='bbox 2361 507 2664 584; x_wconf 83' lang='grc' dir='ltr'>Μαυρικίου</span> <span class='ocrx_word' id='word_1_15' title='bbox 2723 507 3018 585; x_wconf 78' lang='grc' dir='ltr'>βασιλέως.</span> <span class='ocrx_word' id='word_1_16' title='bbox 3061 508 3201 563; x_wconf 81' lang='grc' dir='ltr'>Φασὶ</span> <span class='ocrx_word' id='word_1_17' title='bbox 3265 507 3323 564; x_wconf 69' lang='grc' dir='ltr'>δὲ</span> <span class='ocrx_word' id='word_1_18' title='bbox 3371 509 3580 567; x_wconf 84' lang='grc' dir='ltr'>πολλοὶ</span> <span class='ocrx_word' id='word_1_19' title='bbox 3632 517 3744 567; x_wconf 83' lang='grc' dir='ltr'>τῶν</span> 
     </span>
    </p>
   </div>
   <div class='ocr_carea' id='block_1_6' title="bbox 314 602 1973 672">
    <p class='ocr_par' dir='ltr' id='par_1_6' title="bbox 314 602 1973 672">
     <span class='ocr_line' id='line_1_6' title="bbox 314 602 1973 672; baseline -0.004 -9"><span class='ocrx_word' id='word_1_20' title='bbox 314 607 488 663; x_wconf 89' lang='lat' dir='ltr'>multi</span> <span class='ocrx_word' id='word_1_21' title='bbox 520 622 587 662; x_wconf 86' lang='lat' dir='ltr'>ex</span> <span class='ocrx_word' id='word_1_22' title='bbox 618 605 935 672; x_wconf 80' lang='lat' dir='ltr'>historicis,</span> <span class='ocrx_word' id='word_1_23' title='bbox 971 605 1154 660; x_wconf 86' lang='lat' dir='ltr'>fuisse</span> <span class='ocrx_word' id='word_1_24' title='bbox 1200 605 1258 658; x_wconf 91' lang='lat' dir='ltr'>in</span> <span class='ocrx_word' id='word_1_25' title='bbox 1309 605 1418 660; x_wconf 91' lang='lat' dir='ltr'>hoc</span> <span class='ocrx_word' id='word_1_26' title='bbox 1452 602 1809 660; x_wconf 88' lang='lat' dir='ltr'>monasterio</span> <span class='ocrx_word' id='word_1_27' title='bbox 1841 619 1973 657; x_wconf 91' lang='lat' dir='ltr'>sus-</span> 
     </span>
    </p>
   </div>
   <div class='ocr_carea' id='block_1_7' title="bbox 314 692 1976 768">
    <p class='ocr_par' dir='ltr' id='par_1_7' title="bbox 314 692 1976 768">
     <span class='ocr_line' id='line_1_7' title="bbox 314 692 1976 768; baseline -0.004 -16"><span class='ocrx_word' id='word_1_28' title='bbox 314 711 566 768; x_wconf 88' lang='lat' dir='ltr'>pensum</span> <span class='ocrx_word' id='word_1_29' title='bbox 620 711 800 749; x_wconf 92' lang='lat' dir='ltr'>cornu</span> <span class='ocrx_word' id='word_1_30' title='bbox 853 693 987 759; x_wconf 86' lang='lat' dir='ltr'>olei,</span> <span class='ocrx_word' id='word_1_31' title='bbox 1023 710 1138 765; x_wconf 92' lang='lat' dir='ltr'>quo</span> <span class='ocrx_word' id='word_1_32' title='bbox 1190 693 1424 748; x_wconf 85' lang='lat' dir='ltr'>Samuel</span> <span class='ocrx_word' id='word_1_33' title='bbox 1476 692 1763 765; x_wconf 83' lang='lat' dir='ltr'>prOpheta</span> <span class='ocrx_word' id='word_1_34' title='bbox 1811 707 1976 762; x_wconf 81' lang='lat' dir='ltr'>reges</span> 
     </span>
    </p>
   </div>
   <div class='ocr_carea' id='block_1_8' title="bbox 311 780 1977 855">
    <p class='ocr_par' dir='ltr' id='par_1_8' title="bbox 311 780 1977 855">
     <span class='ocr_line' id='line_1_8' title="bbox 311 780 1977 855; baseline -0.004 -14"><span class='ocrx_word' id='word_1_35' title='bbox 311 785 652 841; x_wconf 72' lang='lat' dir='ltr'>Judaeorum</span> <span class='ocrx_word' id='word_1_36' title='bbox 716 783 1070 855; x_wconf 86' lang='lat' dir='ltr'>inungebat;</span> <span class='ocrx_word' id='word_1_37' title='bbox 1127 788 1306 854; x_wconf 87' lang='lat' dir='ltr'>atque</span> <span class='ocrx_word' id='word_1_38' title='bbox 1353 782 1493 838; x_wconf 86' lang='lat' dir='ltr'>inde</span> <span class='ocrx_word' id='word_1_39' title='bbox 1550 780 1977 837; x_wconf 81' lang='lat' dir='ltr'>monasterium</span> 
     </span>
    </p>
   </div>
   <div class='ocr_carea' id='block_1_9' title="bbox 315 873 889 944">
    <p class='ocr_par' dir='ltr' id='par_1_9' title="bbox 315 873 889 944">
     <span class='ocr_line' id='line_1_9' title="bbox 315 873 889 944; baseline -0.005 -15"><span class='ocrx_word' id='word_1_40' title='bbox 315 890 531 930; x_wconf 87' lang='lat' dir='ltr'>nomen</span> <span class='ocrx_word' id='word_1_41' title='bbox 567 873 889 944; x_wconf 83' lang='lat' dir='ltr'>accepisse.</span> 
     </span>
    </p>
   </div>
   <div class='ocr_carea' id='block_1_10' title="bbox 589 980 1703 1050">
    <p class='ocr_par' dir='ltr' id='par_1_10' title="bbox 589 980 1703 1050">
     <span class='ocr_line' id='line_1_10' title="bbox 589 980 1703 1050; baseline -0.004 -16"><span class='ocrx_word' id='word_1_42' title='bbox 589 981 664 1036; x_wconf 79' lang='lat' dir='ltr'>De</span> <span class='ocrx_word' id='word_1_43' title='bbox 693 981 1037 1035; x_wconf 74' lang='lat' dir='ltr'>monasterio</span> <span class='ocrx_word' id='word_1_44' title='bbox 1077 980 1337 1050; x_wconf 78' lang='lat' dir='ltr'>Procopii</span> <span class='ocrx_word' id='word_1_45' title='bbox 1364 987 1703 1050; x_wconf 81' lang='lat' dir='ltr'>nuncupata.</span> 
     </span>
    </p>
   </div>
   <div class='ocr_carea' id='block_1_11' title="bbox 387 1065 1969 1140">
    <p class='ocr_par' dir='ltr' id='par_1_11' title="bbox 387 1065 1969 1140">
     <span class='ocr_line' id='line_1_11' title="bbox 387 1065 1969 1140; baseline -0.005 -14"><span class='ocrx_word' id='word_1_46' title='bbox 387 1069 805 1126; x_wconf 88' lang='lat' dir='ltr'>Monasterium</span> <span class='ocrx_word' id='word_1_47' title='bbox 881 1068 1146 1140; x_wconf 85' lang='lat' dir='ltr'>Procopii</span> <span class='ocrx_word' id='word_1_48' title='bbox 1227 1067 1573 1140; x_wconf 86' lang='lat' dir='ltr'>cognomine</span> <span class='ocrx_word' id='word_1_49' title='bbox 1659 1065 1969 1121; x_wconf 74' lang='lat' dir='ltr'>zedificavit</span> 
     </span>
    </p>
   </div>
   <div class='ocr_carea' id='block_1_12' title="bbox 314 1153 1958 1231">
    <p class='ocr_par' dir='ltr' id='par_1_12' title="bbox 314 1153 1958 1231">
     <span class='ocr_line' id='line_1_12' title="bbox 314 1153 1958 1231; baseline -0.005 -15"><span class='ocrx_word' id='word_1_50' title='bbox 314 1157 596 1231; x_wconf 80' lang='lat' dir='ltr'>Pr000pia</span> <span class='ocrx_word' id='word_1_51' title='bbox 650 1161 954 1227; x_wconf 80' lang='lat' dir='ltr'>Augusta,</span> <span class='ocrx_word' id='word_1_52' title='bbox 1018 1157 1138 1211; x_wconf 80' lang='lat' dir='ltr'>lilia</span> <span class='ocrx_word' id='word_1_53' title='bbox 1194 1156 1512 1228; x_wconf 85' lang='lat' dir='ltr'>Nicephori</span> <span class='ocrx_word' id='word_1_54' title='bbox 1569 1153 1958 1211; x_wconf 82' lang='lat' dir='ltr'>Seleuciensis</span> 
     </span>
    </p>
   </div>
   <div class='ocr_carea' id='block_1_13' title="bbox 316 1243 1952 1317">
    <p class='ocr_par' dir='ltr' id='par_1_13' title="bbox 316 1243 1952 1317">
     <span class='ocr_line' id='line_1_13' title="bbox 316 1243 1952 1317; baseline -0.003 -14"><span class='ocrx_word' id='word_1_55' title='bbox 316 1265 461 1303; x_wconf 84' lang='lat' dir='ltr'>uxor</span> <span class='ocrx_word' id='word_1_56' title='bbox 515 1245 816 1303; x_wconf 82' lang='lat' dir='ltr'>Michaelis</span> <span class='ocrx_word' id='word_1_57' title='bbox 875 1246 1176 1317; x_wconf 81' lang='lat' dir='ltr'>Rhangale</span> <span class='ocrx_word' id='word_1_58' title='bbox 1242 1244 1666 1317; x_wconf 80' lang='lat' dir='ltr'>excuropalatae</span> <span class='ocrx_word' id='word_1_59' title='bbox 1726 1243 1952 1315; x_wconf 89' lang='lat' dir='ltr'>impera</span> 
     </span>
    </p>
   </div>
   <div class='ocr_carea' id='block_1_14' title="bbox 322 1339 488 1394">
    <p class='ocr_par' dir='ltr' id='par_1_14' title="bbox 322 1339 488 1394">
     <span class='ocr_line' id='line_1_14' title="bbox 322 1339 488 1394; baseline 0.006 -1"><span class='ocrx_word' id='word_1_60' title='bbox 322 1339 488 1394; x_wconf 91' lang='lat' dir='ltr'>toris.</span> 
     </span>
    </p>
   </div>
   <div class='ocr_carea' id='block_1_15' title="bbox 558 1427 1737 1498">
    <p class='ocr_par' dir='ltr' id='par_1_15' title="bbox 558 1427 1737 1498">
     <span class='ocr_line' id='line_1_15' title="bbox 558 1427 1737 1498; baseline -0.003 -15"><span class='ocrx_word' id='word_1_61' title='bbox 558 1429 634 1483; x_wconf 85' lang='lat' dir='ltr'>De</span> <span class='ocrx_word' id='word_1_62' title='bbox 664 1429 1006 1484; x_wconf 78' lang='lat' dir='ltr'>monasterio</span> <span class='ocrx_word' id='word_1_63' title='bbox 1039 1431 1304 1496; x_wconf 67' lang='lat' dir='ltr'>Augusta:</span> <span class='ocrx_word' id='word_1_64' title='bbox 1332 1427 1737 1498; x_wconf 75' lang='lat' dir='ltr'>coynominato.</span> 
     </span>
    </p>
   </div>
   <div class='ocr_carea' id='block_1_16' title="bbox 392 1516 1982 1587">
    <p class='ocr_par' dir='ltr' id='par_1_16' title="bbox 392 1516 1982 1587">
     <span class='ocr_line' id='line_1_16' title="bbox 392 1516 1982 1587; baseline 0 -17"><span class='ocrx_word' id='word_1_65' title='bbox 392 1517 810 1573; x_wconf 89' lang='lat' dir='ltr'>Monasterium</span> <span class='ocrx_word' id='word_1_66' title='bbox 868 1516 1238 1583; x_wconf 87' lang='lat' dir='ltr'>monialium,</span> <span class='ocrx_word' id='word_1_67' title='bbox 1286 1517 1442 1587; x_wconf 90' lang='lat' dir='ltr'>quod</span> <span class='ocrx_word' id='word_1_68' title='bbox 1491 1520 1769 1586; x_wconf 63' lang='lat' dir='ltr'>Augustae</span> <span class='ocrx_word' id='word_1_69' title='bbox 1811 1531 1982 1570; x_wconf 84' lang='lat' dir='ltr'>voca-</span> 
     </span>
    </p>
   </div>
   <div class='ocr_carea' id='block_1_17' title="bbox 329 1604 1982 1679">
    <p class='ocr_par' dir='ltr' id='par_1_17' title="bbox 329 1604 1982 1679">
     <span class='ocr_line' id='line_1_17' title="bbox 329 1604 1982 1679; baseline -0.002 -17"><span class='ocrx_word' id='word_1_70' title='bbox 329 1611 449 1670; x_wconf 85' lang='lat' dir='ltr'>tur,</span> <span class='ocrx_word' id='word_1_71' title='bbox 474 1606 750 1662; x_wconf 83' lang='lat' dir='ltr'>Justinus</span> <span class='ocrx_word' id='word_1_72' title='bbox 771 1607 965 1662; x_wconf 83' lang='lat' dir='ltr'>Thrax</span> <span class='ocrx_word' id='word_1_73' title='bbox 985 1607 1434 1679; x_wconf 89' lang='lat' dir='ltr'>potentissimus</span> <span class='ocrx_word' id='word_1_74' title='bbox 1470 1604 1781 1660; x_wconf 69' lang='lat' dir='ltr'>aediﬁcavit</span> <span class='ocrx_word' id='word_1_75' title='bbox 1819 1605 1982 1660; x_wconf 78' lang='lat' dir='ltr'>uxori</span> 
     </span>
    </p>
   </div>
   <div class='ocr_carea' id='block_1_18' title="bbox 325 1695 1976 1767">
    <p class='ocr_par' dir='ltr' id='par_1_18' title="bbox 325 1695 1976 1767">
     <span class='ocr_line' id='line_1_18' title="bbox 325 1695 1976 1767; baseline -0.002 -15"><span class='ocrx_word' id='word_1_76' title='bbox 325 1713 445 1752; x_wconf 70' lang='lat' dir='ltr'>sua:</span> <span class='ocrx_word' id='word_1_77' title='bbox 478 1696 836 1767; x_wconf 72' lang='lat' dir='ltr'>Euphemize,</span> <span class='ocrx_word' id='word_1_78' title='bbox 871 1713 1005 1753; x_wconf 91' lang='lat' dir='ltr'>cum</span> <span class='ocrx_word' id='word_1_79' title='bbox 1055 1697 1186 1767; x_wconf 84' lang='lat' dir='ltr'>ejus</span> <span class='ocrx_word' id='word_1_80' title='bbox 1229 1695 1350 1752; x_wconf 90' lang='lat' dir='ltr'>illic</span> <span class='ocrx_word' id='word_1_81' title='bbox 1379 1711 1593 1766; x_wconf 89' lang='lat' dir='ltr'>corpus</span> <span class='ocrx_word' id='word_1_82' title='bbox 1623 1697 1780 1750; x_wconf 82' lang='lat' dir='ltr'>esset</span> <span class='ocrx_word' id='word_1_83' title='bbox 1810 1710 1976 1766; x_wconf 87' lang='lat' dir='ltr'>repo-</span> 
     </span>
    </p>
   </div>
   <div class='ocr_carea' id='block_1_19' title="bbox 325 1784 535 1840">
    <p class='ocr_par' dir='ltr' id='par_1_19' title="bbox 325 1784 535 1840">
     <span class='ocr_line' id='line_1_19' title="bbox 325 1784 535 1840; baseline -0.01 0"><span class='ocrx_word' id='word_1_84' title='bbox 325 1784 535 1840; x_wconf 86' lang='lat' dir='ltr'>situm.</span> 
     </span>
    </p>
   </div>
   <div class='ocr_carea' id='block_1_20' title="bbox 393 1891 1907 1956">
    <p class='ocr_par' dir='ltr' id='par_1_20' title="bbox 393 1891 1907 1956">
     <span class='ocr_line' id='line_1_20' title="bbox 393 1891 1907 1956; baseline -0.001 -9"><span class='ocrx_word' id='word_1_85' title='bbox 393 1897 475 1948; x_wconf 84' lang='lat' dir='ltr'>De</span> <span class='ocrx_word' id='word_1_86' title='bbox 503 1893 844 1948; x_wconf 75' lang='lat' dir='ltr'>monasterio</span> <span class='ocrx_word' id='word_1_87' title='bbox 875 1893 1154 1947; x_wconf 79' lang='lat' dir='ltr'>Bethleem</span> <span class='ocrx_word' id='word_1_88' title='bbox 1187 1892 1353 1956; x_wconf 81' lang='lat' dir='ltr'>dicto,</span> <span class='ocrx_word' id='word_1_89' title='bbox 1385 1896 1442 1947; x_wconf 82' lang='lat' dir='ltr'>et</span> <span class='ocrx_word' id='word_1_90' title='bbox 1471 1891 1543 1947; x_wconf 82' lang='lat' dir='ltr'>de</span> <span class='ocrx_word' id='word_1_91' title='bbox 1571 1892 1907 1946; x_wconf 78' lang='lat' dir='ltr'>monasterio</span> 
     </span>
    </p>
   </div>
   <div class='ocr_carea' id='block_1_21' title="bbox 852 1963 1448 2032">
    <p class='ocr_par' dir='ltr' id='par_1_21' title="bbox 852 1963 1448 2032">
     <span class='ocr_line' id='line_1_21' title="bbox 852 1963 1448 2032; baseline 0 -14"><span class='ocrx_word' id='word_1_92' title='bbox 852 1965 1181 2032; x_wconf 80' lang='lat' dir='ltr'>cognomine</span> <span class='ocrx_word' id='word_1_93' title='bbox 1211 1963 1448 2019; x_wconf 73' lang='lat' dir='ltr'>Gastria.</span> 
     </span>
    </p>
   </div>
   <div class='ocr_carea' id='block_1_22' title="bbox 392 2051 1990 2125">
    <p class='ocr_par' dir='ltr' id='par_1_22' title="bbox 392 2051 1990 2125">
     <span class='ocr_line' id='line_1_22' title="bbox 392 2051 1990 2125; baseline -0.002 -18"><span class='ocrx_word' id='word_1_94' title='bbox 392 2052 820 2108; x_wconf 87' lang='lat' dir='ltr'>Monasterium</span> <span class='ocrx_word' id='word_1_95' title='bbox 888 2052 1185 2108; x_wconf 80' lang='lat' dir='ltr'>Bethleem</span> <span class='ocrx_word' id='word_1_96' title='bbox 1271 2052 1631 2125; x_wconf 88' lang='lat' dir='ltr'>appellatum</span> <span class='ocrx_word' id='word_1_97' title='bbox 1704 2051 1990 2107; x_wconf 81' lang='lat' dir='ltr'>exstruxit</span> 
     </span>
    </p>
   </div>
   <div class='ocr_carea' id='block_1_23' title="bbox 320 2141 1987 2198">
    <p class='ocr_par' dir='ltr' id='par_1_23' title="bbox 320 2141 1987 2198">
     <span class='ocr_line' id='line_1_23' title="bbox 320 2141 1987 2198; baseline -0.001 -1"><span class='ocrx_word' id='word_1_98' title='bbox 320 2142 561 2197; x_wconf 89' lang='lat' dir='ltr'>Helena.</span> <span class='ocrx_word' id='word_1_99' title='bbox 596 2141 1020 2196; x_wconf 87' lang='lat' dir='ltr'>Monasterium</span> <span class='ocrx_word' id='word_1_100' title='bbox 1075 2147 1272 2197; x_wconf 87' lang='lat' dir='ltr'>autem</span> <span class='ocrx_word' id='word_1_101' title='bbox 1305 2142 1538 2198; x_wconf 87' lang='lat' dir='ltr'>Gastria</span> <span class='ocrx_word' id='word_1_102' title='bbox 1587 2142 1722 2197; x_wconf 90' lang='lat' dir='ltr'>inde</span> <span class='ocrx_word' id='word_1_103' title='bbox 1772 2157 1987 2196; x_wconf 88' lang='lat' dir='ltr'>nomen</span> 
     </span>
    </p>
   </div>
   <div class='ocr_carea' id='block_1_24' title="bbox 321 2217 1988 2302">
    <p class='ocr_par' dir='ltr' id='par_1_24' title="bbox 321 2217 1988 2302">
     <span class='ocr_line' id='line_1_24' title="bbox 321 2217 1988 2302; baseline -0.002 -15"><span class='ocrx_word' id='word_1_104' title='bbox 321 2230 564 2302; x_wconf 86' lang='lat' dir='ltr'>accepit,</span> <span class='ocrx_word' id='word_1_105' title='bbox 597 2231 776 2301; x_wconf 90' lang='lat' dir='ltr'>quod,</span> <span class='ocrx_word' id='word_1_106' title='bbox 810 2247 945 2285; x_wconf 91' lang='lat' dir='ltr'>cum</span> <span class='ocrx_word' id='word_1_107' title='bbox 986 2232 1044 2286; x_wconf 92' lang='lat' dir='ltr'>S.</span> <span class='ocrx_word' id='word_1_108' title='bbox 1080 2231 1296 2286; x_wconf 85' lang='lat' dir='ltr'>Helena</span> <span class='ocrx_word' id='word_1_109' title='bbox 1344 2231 1738 2287; x_wconf 83' lang='lat' dir='ltr'>venerandam</span> <span class='ocrx_word' id='word_1_110' title='bbox 1772 2217 1988 2285; x_wconf 75' lang='lat' dir='ltr'>Christi</span> 
     </span>
    </p>
   </div>
   <div class='ocr_carea' id='block_1_25' title="bbox 321 2319 1987 2389">
    <p class='ocr_par' dir='ltr' id='par_1_25' title="bbox 321 2319 1987 2389">
     <span class='ocr_line' id='line_1_25' title="bbox 321 2319 1987 2389; baseline -0.001 -13"><span class='ocrx_word' id='word_1_111' title='bbox 321 2335 556 2376; x_wconf 87' lang='lat' dir='ltr'>crucem</span> <span class='ocrx_word' id='word_1_112' title='bbox 616 2319 1038 2389; x_wconf 88' lang='lat' dir='ltr'>Hierosolymis</span> <span class='ocrx_word' id='word_1_113' title='bbox 1091 2319 1345 2386; x_wconf 83' lang='lat' dir='ltr'>aﬂerret,</span> <span class='ocrx_word' id='word_1_114' title='bbox 1397 2338 1524 2376; x_wconf 88' lang='lat' dir='ltr'>eam</span> <span class='ocrx_word' id='word_1_115' title='bbox 1586 2319 1786 2375; x_wconf 91' lang='lat' dir='ltr'>intulit</span> <span class='ocrx_word' id='word_1_116' title='bbox 1835 2321 1987 2374; x_wconf 89' lang='lat' dir='ltr'>Con-</span> 
     </span>
    </p>
   </div>
   <div class='ocr_carea' id='block_1_26' title="bbox 324 2409 1986 2481">
    <p class='ocr_par' dir='ltr' id='par_1_26' title="bbox 324 2409 1986 2481">
     <span class='ocr_line' id='line_1_26' title="bbox 324 2409 1986 2481; baseline -0.001 -16"><span class='ocrx_word' id='word_1_117' title='bbox 324 2409 770 2481; x_wconf 83' lang='lat' dir='ltr'>stantinopolim</span> <span class='ocrx_word' id='word_1_118' title='bbox 824 2426 928 2481; x_wconf 91' lang='lat' dir='ltr'>per</span> <span class='ocrx_word' id='word_1_119' title='bbox 959 2414 1186 2480; x_wconf 84' lang='lat' dir='ltr'>portam</span> <span class='ocrx_word' id='word_1_120' title='bbox 1238 2411 1573 2476; x_wconf 87' lang='lat' dir='ltr'>Psamatha,</span> <span class='ocrx_word' id='word_1_121' title='bbox 1604 2415 1662 2465; x_wconf 89' lang='lat' dir='ltr'>et</span> <span class='ocrx_word' id='word_1_122' title='bbox 1709 2427 1836 2481; x_wconf 64' lang='lat' dir='ltr'>qua:</span> <span class='ocrx_word' id='word_1_123' title='bbox 1884 2425 1986 2464; x_wconf 84' lang='lat' dir='ltr'>su-</span> 
     </span>
    </p>
   </div>
   <div class='ocr_carea' id='block_1_27' title="bbox 325 2499 1986 2569">
    <p class='ocr_par' dir='ltr' id='par_1_27' title="bbox 325 2499 1986 2569">
     <span class='ocr_line' id='line_1_27' title="bbox 325 2499 1986 2569; baseline 0.001 -18"><span class='ocrx_word' id='word_1_124' title='bbox 325 2515 428 2569; x_wconf 90' lang='lat' dir='ltr'>pra</span> <span class='ocrx_word' id='word_1_125' title='bbox 480 2514 712 2553; x_wconf 88' lang='lat' dir='ltr'>crucem</span> <span class='ocrx_word' id='word_1_126' title='bbox 767 2503 998 2569; x_wconf 88' lang='lat' dir='ltr'>reperta</span> <span class='ocrx_word' id='word_1_127' title='bbox 1049 2505 1237 2566; x_wconf 85' lang='lat' dir='ltr'>erant,</span> <span class='ocrx_word' id='word_1_128' title='bbox 1289 2499 1432 2568; x_wconf 91' lang='lat' dir='ltr'>lilia,</span> <span class='ocrx_word' id='word_1_129' title='bbox 1485 2499 1751 2564; x_wconf 86' lang='lat' dir='ltr'>basilica,</span> <span class='ocrx_word' id='word_1_130' title='bbox 1801 2516 1986 2568; x_wconf 88' lang='lat' dir='ltr'>rosas,</span> 
     </span>
    </p>
   </div>
   <div class='ocr_carea' id='block_1_28' title="bbox 327 2587 1989 2659">
    <p class='ocr_par' dir='ltr' id='par_1_28' title="bbox 327 2587 1989 2659">
     <span class='ocr_line' id='line_1_28' title="bbox 327 2587 1989 2659; baseline 0 -17"><span class='ocrx_word' id='word_1_131' title='bbox 327 2587 710 2659; x_wconf 87' lang='lat' dir='ltr'>sampsucha,</span> <span class='ocrx_word' id='word_1_132' title='bbox 761 2594 975 2657; x_wconf 87' lang='lat' dir='ltr'>costos,</span> <span class='ocrx_word' id='word_1_133' title='bbox 1018 2587 1303 2653; x_wconf 89' lang='lat' dir='ltr'>balsama,</span> <span class='ocrx_word' id='word_1_134' title='bbox 1336 2605 1402 2643; x_wconf 89' lang='lat' dir='ltr'>ea</span> <span class='ocrx_word' id='word_1_135' title='bbox 1447 2589 1666 2654; x_wconf 82' lang='lat' dir='ltr'>omnia,</span> <span class='ocrx_word' id='word_1_136' title='bbox 1699 2605 1814 2658; x_wconf 88' lang='lat' dir='ltr'>quo</span> <span class='ocrx_word' id='word_1_137' title='bbox 1847 2605 1989 2642; x_wconf 87' lang='lat' dir='ltr'>con-</span> 
     </span>
    </p>
   </div>
   <div class='ocr_carea' id='block_1_29' title="bbox 326 2677 1987 2749">
    <p class='ocr_par' dir='ltr' id='par_1_29' title="bbox 326 2677 1987 2749">
     <span class='ocr_line' id='line_1_29' title="bbox 326 2677 1987 2749; baseline 0.001 -18"><span class='ocrx_word' id='word_1_138' title='bbox 326 2680 724 2745; x_wconf 85' lang='lat' dir='ltr'>servarentur,</span> <span class='ocrx_word' id='word_1_139' title='bbox 760 2677 817 2730; x_wconf 92' lang='lat' dir='ltr'>in</span> <span class='ocrx_word' id='word_1_140' title='bbox 868 2679 1027 2732; x_wconf 73' lang='lat' dir='ltr'>vasis</span> <span class='ocrx_word' id='word_1_141' title='bbox 1079 2678 1389 2749; x_wconf 89' lang='lat' dir='ltr'>plantavit.</span> <span class='ocrx_word' id='word_1_142' title='bbox 1421 2678 1491 2732; x_wconf 87' lang='lat' dir='ltr'>Et</span> <span class='ocrx_word' id='word_1_143' title='bbox 1529 2694 1661 2732; x_wconf 88' lang='lat' dir='ltr'>cum</span> <span class='ocrx_word' id='word_1_144' title='bbox 1713 2677 1987 2732; x_wconf 88' lang='lat' dir='ltr'>divertis-</span> 
     </span>
    </p>
   </div>
   <div class='ocr_carea' id='block_1_30' title="bbox 326 2764 1985 2839">
    <p class='ocr_par' dir='ltr' id='par_1_30' title="bbox 326 2764 1985 2839">
     <span class='ocr_line' id='line_1_30' title="bbox 326 2764 1985 2839; baseline 0.001 -19"><span class='ocrx_word' id='word_1_145' title='bbox 326 2770 420 2820; x_wconf 89' lang='lat' dir='ltr'>set</span> <span class='ocrx_word' id='word_1_146' title='bbox 449 2764 531 2820; x_wconf 90' lang='lat' dir='ltr'>ibi</span> <span class='ocrx_word' id='word_1_147' title='bbox 581 2765 641 2819; x_wconf 91' lang='lat' dir='ltr'>in</span> <span class='ocrx_word' id='word_1_148' title='bbox 694 2766 1144 2836; x_wconf 87' lang='lat' dir='ltr'>monasterium,</span> <span class='ocrx_word' id='word_1_149' title='bbox 1179 2766 1374 2822; x_wconf 90' lang='lat' dir='ltr'>locum</span> <span class='ocrx_word' id='word_1_150' title='bbox 1425 2766 1594 2821; x_wconf 89' lang='lat' dir='ltr'>illum</span> <span class='ocrx_word' id='word_1_151' title='bbox 1624 2767 1854 2821; x_wconf 86' lang='lat' dir='ltr'>Gastria</span> <span class='ocrx_word' id='word_1_152' title='bbox 1886 2783 1985 2839; x_wconf 83' lang='lat' dir='ltr'>ap-</span> 
     </span>
    </p>
   </div>
   <div class='ocr_carea' id='block_1_31' title="bbox 329 2851 590 2925">
    <p class='ocr_par' dir='ltr' id='par_1_31' title="bbox 329 2851 590 2925">
     <span class='ocr_line' id='line_1_31' title="bbox 329 2851 590 2925; baseline 0.008 -17"><span class='ocrx_word' id='word_1_153' title='bbox 329 2851 590 2925; x_wconf 83' lang='lat' dir='ltr'>pallavit.</span> 
     </span>
    </p>
   </div>
   <div class='ocr_carea' id='block_1_32' title="bbox 542 2962 1775 3036">
    <p class='ocr_par' dir='ltr' id='par_1_32' title="bbox 542 2962 1775 3036">
     <span class='ocr_line' id='line_1_32' title="bbox 542 2962 1775 3036; baseline 0.003 -20"><span class='ocrx_word' id='word_1_154' title='bbox 542 2962 616 3017; x_wconf 83' lang='lat' dir='ltr'>De</span> <span class='ocrx_word' id='word_1_155' title='bbox 659 2963 995 3018; x_wconf 72' lang='lat' dir='ltr'>monasterio</span> <span class='ocrx_word' id='word_1_156' title='bbox 1024 2967 1083 3019; x_wconf 89' lang='lat' dir='ltr'>S.</span> <span class='ocrx_word' id='word_1_157' title='bbox 1119 2963 1410 3019; x_wconf 76' lang='lat' dir='ltr'>Mamanlis</span> <span class='ocrx_word' id='word_1_158' title='bbox 1452 2963 1775 3036; x_wconf 76' lang='lat' dir='ltr'>cognomine</span> 
     </span>
    </p>
   </div>
   <div class='ocr_carea' id='block_1_33' title="bbox 1005 3036 1307 3106">
    <p class='ocr_par' dir='ltr' id='par_1_33' title="bbox 1005 3036 1307 3106">
     <span class='ocr_line' id='line_1_33' title="bbox 1005 3036 1307 3106; baseline 0.007 -17"><span class='ocrx_word' id='word_1_159' title='bbox 1005 3036 1307 3106; x_wconf 78' lang='lat' dir='ltr'>Xylocerci.</span> 
     </span>
    </p>
   </div>
   <div class='ocr_carea' id='block_1_34' title="bbox 401 3121 1986 3197">
    <p class='ocr_par' dir='ltr' id='par_1_34' title="bbox 401 3121 1986 3197">
     <span class='ocr_line' id='line_1_34' title="bbox 401 3121 1986 3197; baseline 0.001 -20"><span class='ocrx_word' id='word_1_160' title='bbox 401 3121 827 3178; x_wconf 87' lang='lat' dir='ltr'>Monasterium</span> <span class='ocrx_word' id='word_1_161' title='bbox 862 3124 919 3177; x_wconf 87' lang='lat' dir='ltr'>S.</span> <span class='ocrx_word' id='word_1_162' title='bbox 955 3123 1291 3193; x_wconf 88' lang='lat' dir='ltr'>Mamantis,</span> <span class='ocrx_word' id='word_1_163' title='bbox 1323 3125 1476 3196; x_wconf 89' lang='lat' dir='ltr'>quod</span> <span class='ocrx_word' id='word_1_164' title='bbox 1508 3124 1863 3197; x_wconf 81' lang='lat' dir='ltr'>Xylocercus</span> <span class='ocrx_word' id='word_1_165' title='bbox 1895 3126 1986 3180; x_wconf 89' lang='lat' dir='ltr'>di-</span> 
     </span>
    </p>
   </div>
   <div class='ocr_carea' id='block_1_35' title="bbox 323 3211 1986 3281">
    <p class='ocr_par' dir='ltr' id='par_1_35' title="bbox 323 3211 1986 3281">
     <span class='ocr_line' id='line_1_35' title="bbox 323 3211 1986 3281; baseline 0.002 -14"><span class='ocrx_word' id='word_1_166' title='bbox 323 3211 505 3279; x_wconf 88' lang='lat' dir='ltr'>citur,</span> <span class='ocrx_word' id='word_1_167' title='bbox 538 3211 840 3266; x_wconf 75' lang='lat' dir='ltr'>aediﬁcavit</span> <span class='ocrx_word' id='word_1_168' title='bbox 862 3213 1124 3267; x_wconf 86' lang='lat' dir='ltr'>Mauricii</span> <span class='ocrx_word' id='word_1_169' title='bbox 1157 3231 1342 3269; x_wconf 89' lang='lat' dir='ltr'>soror.</span> <span class='ocrx_word' id='word_1_170' title='bbox 1372 3213 1475 3269; x_wconf 84' lang='lat' dir='ltr'>illa</span> <span class='ocrx_word' id='word_1_171' title='bbox 1505 3215 1684 3281; x_wconf 89' lang='lat' dir='ltr'>enim,</span> <span class='ocrx_word' id='word_1_172' title='bbox 1710 3215 1986 3270; x_wconf 88' lang='lat' dir='ltr'>Mauricio</span> 
     </span>
    </p>
   </div>
   <div class='ocr_carea' id='block_1_36' title="bbox 339 3298 1995 3376">
    <p class='ocr_par' dir='ltr' id='par_1_36' title="bbox 339 3298 1995 3376">
     <span class='ocr_line' id='line_1_36' title="bbox 339 3298 1995 3376; baseline 0.001 -20"><span class='ocrx_word' id='word_1_173' title='bbox 339 3306 397 3356; x_wconf 89' lang='lat' dir='ltr'>et</span> <span class='ocrx_word' id='word_1_174' title='bbox 427 3301 628 3356; x_wconf 87' lang='lat' dir='ltr'>liberis</span> <span class='ocrx_word' id='word_1_175' title='bbox 661 3303 790 3373; x_wconf 85' lang='lat' dir='ltr'>ejus</span> <span class='ocrx_word' id='word_1_176' title='bbox 823 3303 876 3370; x_wconf 88' lang='lat' dir='ltr'>[a</span> <span class='ocrx_word' id='word_1_177' title='bbox 905 3301 1096 3357; x_wconf 86' lang='lat' dir='ltr'>Pboca</span> <span class='ocrx_word' id='word_1_178' title='bbox 1133 3305 1403 3375; x_wconf 83' lang='lat' dir='ltr'>tyranno]</span> <span class='ocrx_word' id='word_1_179' title='bbox 1437 3305 1492 3358; x_wconf 94' lang='lat' dir='ltr'>in</span> <span class='ocrx_word' id='word_1_180' title='bbox 1530 3310 1696 3376; x_wconf 91' lang='lat' dir='ltr'>portu</span> <span class='ocrx_word' id='word_1_181' title='bbox 1734 3298 1995 3376; x_wconf 75' lang='lat' dir='ltr'>Eutropii</span> 
     </span>
    </p>
   </div>
   <div class='ocr_carea' id='block_1_37' title="bbox 329 3390 1994 3466">
    <p class='ocr_par' dir='ltr' id='par_1_37' title="bbox 329 3390 1994 3466">
     <span class='ocr_line' id='line_1_37' title="bbox 329 3390 1994 3466; baseline 0.002 -20"><span class='ocrx_word' id='word_1_182' title='bbox 329 3390 679 3452; x_wconf 82' lang='lat' dir='ltr'>interfectis,</span> <span class='ocrx_word' id='word_1_183' title='bbox 723 3391 966 3446; x_wconf 86' lang='lat' dir='ltr'>collecta</span> <span class='ocrx_word' id='word_1_184' title='bbox 1016 3408 1220 3448; x_wconf 91' lang='lat' dir='ltr'>eorum</span> <span class='ocrx_word' id='word_1_185' title='bbox 1269 3410 1515 3464; x_wconf 89' lang='lat' dir='ltr'>corpora</span> <span class='ocrx_word' id='word_1_186' title='bbox 1563 3394 1643 3448; x_wconf 92' lang='lat' dir='ltr'>ibi</span> <span class='ocrx_word' id='word_1_187' title='bbox 1694 3395 1994 3466; x_wconf 85' lang='lat' dir='ltr'>deposuit-</span> 
     </span>
    </p>
   </div>
   <div class='ocr_carea' id='block_1_38' title="bbox 329 3480 1996 3540">
    <p class='ocr_par' dir='ltr' id='par_1_38' title="bbox 329 3480 1996 3540">
     <span class='ocr_line' id='line_1_38' title="bbox 329 3480 1996 3540; baseline 0.004 -6"><span class='ocrx_word' id='word_1_188' title='bbox 329 3480 618 3536; x_wconf 77' lang='lat' dir='ltr'>Czeterum</span> <span class='ocrx_word' id='word_1_189' title='bbox 644 3481 908 3535; x_wconf 87' lang='lat' dir='ltr'>Mauricii</span> <span class='ocrx_word' id='word_1_190' title='bbox 942 3499 1181 3536; x_wconf 86' lang='lat' dir='ltr'>uxorem</span> <span class='ocrx_word' id='word_1_191' title='bbox 1212 3500 1330 3536; x_wconf 91' lang='lat' dir='ltr'>una</span> <span class='ocrx_word' id='word_1_192' title='bbox 1351 3499 1484 3537; x_wconf 91' lang='lat' dir='ltr'>cum</span> <span class='ocrx_word' id='word_1_193' title='bbox 1513 3483 1748 3538; x_wconf 77' lang='lat' dir='ltr'>filiabus</span> <span class='ocrx_word' id='word_1_194' title='bbox 1780 3485 1996 3540; x_wconf 55' lang='lat' dir='ltr'>tribus,</span> 
     </span>
    </p>
   </div>
   <div class='ocr_carea' id='block_1_39' title="bbox 332 3569 1999 3643">
    <p class='ocr_par' dir='ltr' id='par_1_39' title="bbox 332 3569 1999 3643">
     <span class='ocr_line' id='line_1_39' title="bbox 332 3569 1999 3643; baseline 0.004 -21"><span class='ocrx_word' id='word_1_195' title='bbox 332 3569 594 3641; x_wconf 87' lang='lat' dir='ltr'>primum</span> <span class='ocrx_word' id='word_1_196' title='bbox 631 3570 868 3640; x_wconf 89' lang='lat' dir='ltr'>quidem</span> <span class='ocrx_word' id='word_1_197' title='bbox 893 3571 1116 3625; x_wconf 89' lang='lat' dir='ltr'>Phocas</span> <span class='ocrx_word' id='word_1_198' title='bbox 1142 3571 1578 3643; x_wconf 88' lang='lat' dir='ltr'>aliquantulum</span> <span class='ocrx_word' id='word_1_199' title='bbox 1612 3573 1668 3626; x_wconf 95' lang='lat' dir='ltr'>in</span> <span class='ocrx_word' id='word_1_200' title='bbox 1706 3579 1999 3630; x_wconf 88' lang='lat' dir='ltr'>monaste-</span> 
     </span>
    </p>
   </div>
   <div class='ocr_carea' id='block_1_40' title="bbox 333 3657 1999 3729">
    <p class='ocr_par' dir='ltr' id='par_1_40' title="bbox 333 3657 1999 3729">
     <span class='ocr_line' id='line_1_40' title="bbox 333 3657 1999 3729; baseline 0.004 -17"><span class='ocrx_word' id='word_1_201' title='bbox 333 3657 419 3712; x_wconf 88' lang='lat' dir='ltr'>rio</span> <span class='ocrx_word' id='word_1_202' title='bbox 451 3657 802 3729; x_wconf 84' lang='lat' dir='ltr'>cognomine</span> <span class='ocrx_word' id='word_1_203' title='bbox 852 3657 1030 3726; x_wconf 82' lang='lat' dir='ltr'>Nova,</span> <span class='ocrx_word' id='word_1_204' title='bbox 1067 3660 1331 3715; x_wconf 88' lang='lat' dir='ltr'>inclusas</span> <span class='ocrx_word' id='word_1_205' title='bbox 1386 3660 1666 3729; x_wconf 86' lang='lat' dir='ltr'>servavit;</span> <span class='ocrx_word' id='word_1_206' title='bbox 1703 3662 1833 3717; x_wconf 89' lang='lat' dir='ltr'>dein</span> <span class='ocrx_word' id='word_1_207' title='bbox 1866 3680 1999 3719; x_wconf 89' lang='lat' dir='ltr'>vero</span> 
     </span>
    </p>
   </div>
   <div class='ocr_carea' id='block_1_41' title="bbox 331 3745 2001 3823">
    <p class='ocr_par' dir='ltr' id='par_1_41' title="bbox 331 3745 2001 3823">
     <span class='ocr_line' id='line_1_41' title="bbox 331 3745 2001 3823; baseline 0.004 -22"><span class='ocrx_word' id='word_1_208' title='bbox 331 3763 430 3801; x_wconf 91' lang='lat' dir='ltr'>eas</span> <span class='ocrx_word' id='word_1_209' title='bbox 456 3745 767 3802; x_wconf 88' lang='lat' dir='ltr'>decollavit</span> <span class='ocrx_word' id='word_1_210' title='bbox 791 3765 803 3802; x_wconf 90' lang='lat'>:</span> <span class='ocrx_word' id='word_1_211' title='bbox 831 3763 1023 3820; x_wconf 87' lang='lat' dir='ltr'>neque</span> <span class='ocrx_word' id='word_1_212' title='bbox 1046 3749 1244 3804; x_wconf 85' lang='lat' dir='ltr'>uxoris</span> <span class='ocrx_word' id='word_1_213' title='bbox 1274 3749 1538 3805; x_wconf 85' lang='lat' dir='ltr'>Mauricii</span> <span class='ocrx_word' id='word_1_214' title='bbox 1561 3768 1775 3823; x_wconf 88' lang='lat' dir='ltr'>corpus</span> <span class='ocrx_word' id='word_1_215' title='bbox 1807 3759 2001 3807; x_wconf 87' lang='lat' dir='ltr'>tumu-</span> 
     </span>
    </p>
   </div>
   <div class='ocr_carea' id='block_1_42' title="bbox 332 3835 2000 3911">
    <p class='ocr_par' dir='ltr' id='par_1_42' title="bbox 332 3835 2000 3911">
     <span class='ocr_line' id='line_1_42' title="bbox 332 3835 2000 3911; baseline 0.004 -21"><span class='ocrx_word' id='word_1_216' title='bbox 332 3835 522 3891; x_wconf 88' lang='lat' dir='ltr'>latum</span> <span class='ocrx_word' id='word_1_217' title='bbox 558 3851 688 3892; x_wconf 90' lang='lat' dir='ltr'>esse</span> <span class='ocrx_word' id='word_1_218' title='bbox 740 3835 943 3904; x_wconf 85' lang='lat' dir='ltr'>voluit,</span> <span class='ocrx_word' id='word_1_219' title='bbox 977 3839 1077 3894; x_wconf 91' lang='lat' dir='ltr'>sed</span> <span class='ocrx_word' id='word_1_220' title='bbox 1112 3838 1170 3893; x_wconf 89' lang='lat' dir='ltr'>in</span> <span class='ocrx_word' id='word_1_221' title='bbox 1205 3855 1366 3895; x_wconf 88' lang='lat' dir='ltr'>mare</span> <span class='ocrx_word' id='word_1_222' title='bbox 1415 3841 1605 3911; x_wconf 87' lang='lat' dir='ltr'>capite</span> <span class='ocrx_word' id='word_1_223' title='bbox 1658 3845 2000 3898; x_wconf 85' lang='lat' dir='ltr'>truncatum</span> 
     </span>
    </p>
   </div>
   <div class='ocr_carea' id='block_1_43' title="bbox 333 3925 1999 4002">
    <p class='ocr_par' dir='ltr' id='par_1_43' title="bbox 333 3925 1999 4002">
     <span class='ocr_line' id='line_1_43' title="bbox 333 3925 1999 4002; baseline 0.004 -23"><span class='ocrx_word' id='word_1_224' title='bbox 333 3925 542 3997; x_wconf 89' lang='lat' dir='ltr'>projici</span> <span class='ocrx_word' id='word_1_225' title='bbox 568 3926 780 3996; x_wconf 89' lang='lat' dir='ltr'>jussit;</span> <span class='ocrx_word' id='word_1_226' title='bbox 808 3926 1264 3999; x_wconf 88' lang='lat' dir='ltr'>universamque</span> <span class='ocrx_word' id='word_1_227' title='bbox 1291 3929 1559 3984; x_wconf 89' lang='lat' dir='ltr'>Mauricii</span> <span class='ocrx_word' id='word_1_228' title='bbox 1593 3932 1999 4002; x_wconf 82' lang='lat' dir='ltr'>cognationem</span> 
     </span>
    </p>
   </div>
   <div class='ocr_carea' id='block_1_44' title="bbox 336 4013 962 4086">
    <p class='ocr_par' dir='ltr' id='par_1_44' title="bbox 336 4013 962 4086">
     <span class='ocr_line' id='line_1_44' title="bbox 336 4013 962 4086; baseline 0.002 -18"><span class='ocrx_word' id='word_1_229' title='bbox 336 4013 656 4068; x_wconf 89' lang='lat' dir='ltr'>crudeliter</span> <span class='ocrx_word' id='word_1_230' title='bbox 685 4014 962 4086; x_wconf 83' lang='lat' dir='ltr'>perdidit.</span> 
     </span>
    </p>
   </div>
   <div class='ocr_carea' id='block_1_45' title="bbox 821 4105 1511 4164">
    <p class='ocr_par' dir='ltr' id='par_1_45' title="bbox 821 4105 1511 4164">
     <span class='ocr_line' id='line_1_45' title="bbox 821 4105 1511 4164; baseline 0.01 -7"><span class='ocrx_word' id='word_1_231' title='bbox 821 4105 898 4158; x_wconf 84' lang='lat' dir='ltr'>De</span> <span class='ocrx_word' id='word_1_232' title='bbox 924 4107 1265 4162; x_wconf 72' lang='lat' dir='ltr'>monasterio</span> <span class='ocrx_word' id='word_1_233' title='bbox 1298 4106 1511 4164; x_wconf 67' lang='lat' dir='ltr'>Chorw.</span> 
     </span>
    </p>
   </div>
   <div class='ocr_carea' id='block_1_46' title="bbox 409 4190 2002 4267">
    <p class='ocr_par' dir='ltr' id='par_1_46' title="bbox 409 4190 2002 4267">
     <span class='ocr_line' id='line_1_46' title="bbox 409 4190 2002 4267; baseline 0.006 -23"><span class='ocrx_word' id='word_1_234' title='bbox 409 4190 834 4246; x_wconf 87' lang='lat' dir='ltr'>Monasterium</span> <span class='ocrx_word' id='word_1_235' title='bbox 852 4193 1052 4249; x_wconf 72' lang='lat' dir='ltr'>Choro&#39;e</span> <span class='ocrx_word' id='word_1_236' title='bbox 1071 4196 1235 4267; x_wconf 91' lang='lat' dir='ltr'>prius</span> <span class='ocrx_word' id='word_1_237' title='bbox 1255 4197 1492 4267; x_wconf 86' lang='lat' dir='ltr'>quidem</span> <span class='ocrx_word' id='word_1_238' title='bbox 1511 4197 1831 4253; x_wconf 88' lang='lat' dir='ltr'>oratorium</span> <span class='ocrx_word' id='word_1_239' title='bbox 1854 4203 2002 4256; x_wconf 88' lang='lat' dir='ltr'>erat.</span> 
     </span>
    </p>
   </div>
   <div class='ocr_carea' id='block_1_47' title="bbox 339 4279 2004 4357">
    <p class='ocr_par' dir='ltr' id='par_1_47' title="bbox 339 4279 2004 4357">
     <span class='ocr_line' id='line_1_47' title="bbox 339 4279 2004 4357; baseline 0.004 -23"><span class='ocrx_word' id='word_1_240' title='bbox 339 4279 582 4350; x_wconf 88' lang='lat' dir='ltr'>Crispus</span> <span class='ocrx_word' id='word_1_241' title='bbox 623 4285 819 4335; x_wconf 86' lang='lat' dir='ltr'>autem</span> <span class='ocrx_word' id='word_1_242' title='bbox 863 4284 1175 4353; x_wconf 69' lang='lat' dir='ltr'>praefectus</span> <span class='ocrx_word' id='word_1_243' title='bbox 1208 4290 1263 4340; x_wconf 88' lang='lat' dir='ltr'>et</span> <span class='ocrx_word' id='word_1_244' title='bbox 1292 4302 1474 4357; x_wconf 86' lang='lat' dir='ltr'>gener</span> <span class='ocrx_word' id='word_1_245' title='bbox 1507 4287 1768 4341; x_wconf 87' lang='lat' dir='ltr'>crudelis</span> <span class='ocrx_word' id='word_1_246' title='bbox 1802 4287 2004 4342; x_wconf 77' lang='lat' dir='ltr'>Phocas</span> 
     </span>
    </p>
   </div>
   <div class='ocr_carea' id='block_1_48' title="bbox 339 4367 2006 4446">
    <p class='ocr_par' dir='ltr' id='par_1_48' title="bbox 339 4367 2006 4446">
     <span class='ocr_line' id='line_1_48' title="bbox 339 4367 2006 4446; baseline 0.004 -24"><span class='ocrx_word' id='word_1_247' title='bbox 339 4367 702 4439; x_wconf 86' lang='lat' dir='ltr'>Cappadocis</span> <span class='ocrx_word' id='word_1_248' title='bbox 733 4387 801 4426; x_wconf 92' lang='lat' dir='ltr'>eo</span> <span class='ocrx_word' id='word_1_249' title='bbox 834 4371 1128 4444; x_wconf 75' lang='lat' dir='ltr'>relegatus</span> <span class='ocrx_word' id='word_1_250' title='bbox 1162 4375 1293 4440; x_wconf 86' lang='lat' dir='ltr'>fuit,</span> <span class='ocrx_word' id='word_1_251' title='bbox 1329 4376 1485 4445; x_wconf 91' lang='lat' dir='ltr'>quod</span> <span class='ocrx_word' id='word_1_252' title='bbox 1517 4376 1782 4430; x_wconf 85' lang='lat' dir='ltr'>Heraclio</span> <span class='ocrx_word' id='word_1_253' title='bbox 1817 4375 2006 4446; x_wconf 89' lang='lat' dir='ltr'>impe-</span> 
     </span>
    </p>
   </div>
   <div class='ocr_carea' id='block_1_49' title="bbox 342 4457 2005 4536">
    <p class='ocr_par' dir='ltr' id='par_1_49' title="bbox 342 4457 2005 4536">
     <span class='ocr_line' id='line_1_49' title="bbox 342 4457 2005 4536; baseline 0.005 -26"><span class='ocrx_word' id='word_1_254' title='bbox 342 4457 519 4511; x_wconf 90' lang='lat' dir='ltr'>ratori</span> <span class='ocrx_word' id='word_1_255' title='bbox 572 4465 885 4528; x_wconf 88' lang='lat' dir='ltr'>suspectus</span> <span class='ocrx_word' id='word_1_256' title='bbox 936 4468 1112 4517; x_wconf 90' lang='lat' dir='ltr'>esset.</span> <span class='ocrx_word' id='word_1_257' title='bbox 1148 4464 1379 4518; x_wconf 88' lang='lat' dir='ltr'>Etenim</span> <span class='ocrx_word' id='word_1_258' title='bbox 1433 4465 1558 4536; x_wconf 90' lang='lat' dir='ltr'>ipse</span> <span class='ocrx_word' id='word_1_259' title='bbox 1589 4466 1833 4536; x_wconf 89' lang='lat' dir='ltr'>Crispus</span> <span class='ocrx_word' id='word_1_260' title='bbox 1864 4481 2005 4519; x_wconf 91' lang='lat' dir='ltr'>con-</span> 
     </span>
    </p>
   </div>
   <div class='ocr_carea' id='block_1_50' title="bbox 343 4544 2006 4616">
    <p class='ocr_par' dir='ltr' id='par_1_50' title="bbox 343 4544 2006 4616">
     <span class='ocr_line' id='line_1_50' title="bbox 343 4544 2006 4616; baseline 0.006 -18"><span class='ocrx_word' id='word_1_261' title='bbox 343 4544 666 4616; x_wconf 89' lang='lat' dir='ltr'>spiratione</span> <span class='ocrx_word' id='word_1_262' title='bbox 691 4548 840 4603; x_wconf 74' lang='lat' dir='ltr'>tacta</span> <span class='ocrx_word' id='word_1_263' title='bbox 861 4565 995 4605; x_wconf 89' lang='lat' dir='ltr'>cum</span> <span class='ocrx_word' id='word_1_264' title='bbox 1019 4551 1282 4607; x_wconf 88' lang='lat' dir='ltr'>Heraclio</span> <span class='ocrx_word' id='word_1_265' title='bbox 1309 4553 1512 4608; x_wconf 89' lang='lat' dir='ltr'>urbem</span> <span class='ocrx_word' id='word_1_266' title='bbox 1538 4571 1674 4609; x_wconf 89' lang='lat' dir='ltr'>cum</span> <span class='ocrx_word' id='word_1_267' title='bbox 1696 4552 2006 4609; x_wconf 89' lang='lat' dir='ltr'>maritimis</span> 
     </span>
    </p>
   </div>
   <div class='ocr_carea' id='block_1_51' title="bbox 342 4633 1992 4713">
    <p class='ocr_par' dir='ltr' id='par_1_51' title="bbox 342 4635 1992 4713">
     <span class='ocr_line' id='line_1_51' title="bbox 342 4635 1992 4713; baseline 0.007 -26"><span class='ocrx_word' id='word_1_268' title='bbox 342 4635 528 4705; x_wconf 89' lang='lat' dir='ltr'>copiis</span> <span class='ocrx_word' id='word_1_269' title='bbox 569 4637 916 4708; x_wconf 88' lang='lat' dir='ltr'>occupavit:</span> <span class='ocrx_word' id='word_1_270' title='bbox 950 4641 1059 4694; x_wconf 86' lang='lat' dir='ltr'>etsi</span> <span class='ocrx_word' id='word_1_271' title='bbox 1108 4642 1308 4696; x_wconf 67' lang='lat' dir='ltr'>Phocea</span> <span class='ocrx_word' id='word_1_272' title='bbox 1358 4658 1539 4713; x_wconf 85' lang='lat' dir='ltr'>gener</span> <span class='ocrx_word' id='word_1_273' title='bbox 1587 4649 1765 4699; x_wconf 82' lang='lat' dir='ltr'>esset.</span> <span class='ocrx_word' id='word_1_274' title='bbox 1800 4643 1992 4698; x_wconf 80' lang='lat' dir='ltr'>Postea</span> 
     </span>
    </p>
   </div>
   <div class='ocr_carea' id='block_1_52' title="bbox 2114 4633 3070 4713">
    <p class='ocr_par' dir='ltr' id='par_1_52' title="bbox 2114 4640 3070 4712">
     <span class='ocr_line' id='line_1_52' title="bbox 2114 4640 3070 4712; baseline -0.004 -15"><span class='ocrx_word' id='word_1_275' title='bbox 2114 4645 2281 4712; x_wconf 73' lang='grc' dir='ltr'>τήσας</span> <span class='ocrx_word' id='word_1_276' title='bbox 2341 4640 2430 4696; x_wconf 80' lang='grc' dir='ltr'>διὰ</span> <span class='ocrx_word' id='word_1_277' title='bbox 2480 4649 2580 4710; x_wconf 83' lang='grc' dir='ltr'>τῆς</span> <span class='ocrx_word' id='word_1_278' title='bbox 2638 4640 2916 4710; x_wconf 86' lang='grc' dir='ltr'>θαλασσης</span> <span class='ocrx_word' id='word_1_279' title='bbox 2971 4641 3070 4708; x_wconf 78' lang='grc' dir='ltr'>τὴν</span> 
     </span>
    </p>
   </div>
   <div class='ocr_carea' id='block_1_53' title="bbox 339 4721 2011 4805">
    <p class='ocr_par' dir='ltr' id='par_1_53' title="bbox 339 4721 2011 4805">
     <span class='ocr_line' id='line_1_53' title="bbox 339 4721 2011 4805; baseline 0.006 -27"><span class='ocrx_word' id='word_1_280' title='bbox 339 4739 476 4779; x_wconf 88' lang='lat' dir='ltr'>vero</span> <span class='ocrx_word' id='word_1_281' title='bbox 521 4741 655 4780; x_wconf 91' lang='lat' dir='ltr'>cum</span> <span class='ocrx_word' id='word_1_282' title='bbox 706 4727 861 4798; x_wconf 87' lang='lat' dir='ltr'>regis</span> <span class='ocrx_word' id='word_1_283' title='bbox 913 4727 1138 4784; x_wconf 84' lang='lat' dir='ltr'>litteras</span> <span class='ocrx_word' id='word_1_284' title='bbox 1171 4736 1378 4785; x_wconf 88' lang='lat' dir='ltr'>contra</span> <span class='ocrx_word' id='word_1_285' title='bbox 1427 4733 1647 4803; x_wconf 32' lang='lat' dir='ltr'>ipsum.</span> <span class='ocrx_word' id='word_1_286' title='bbox 1676 4721 2011 4805; x_wconf 59' lang='lat' dir='ltr'>accepisset</span> 
     </span>
    </p>
   </div>
   <div class='ocr_carea' id='block_1_54' title="bbox 345 4813 2004 4895">
    <p class='ocr_par' dir='ltr' id='par_1_54' title="bbox 345 4813 2004 4895">
     <span class='ocr_line' id='line_1_54' title="bbox 345 4813 2004 4895; baseline 0.007 -28"><span class='ocrx_word' id='word_1_287' title='bbox 345 4813 677 4881; x_wconf 80' lang='lat' dir='ltr'>Heraclius,</span> <span class='ocrx_word' id='word_1_288' title='bbox 703 4816 789 4871; x_wconf 89' lang='lat' dir='ltr'>sic</span> <span class='ocrx_word' id='word_1_289' title='bbox 820 4817 1092 4888; x_wconf 88' lang='lat' dir='ltr'>Crispum</span> <span class='ocrx_word' id='word_1_290' title='bbox 1125 4819 1416 4876; x_wconf 86' lang='lat' dir='ltr'>allocutus</span> <span class='ocrx_word' id='word_1_291' title='bbox 1447 4826 1572 4876; x_wconf 89' lang='lat' dir='ltr'>est:</span> <span class='ocrx_word' id='word_1_292' title='bbox 1608 4822 1802 4892; x_wconf 86' lang='lat' dir='ltr'>Miser,</span> <span class='ocrx_word' id='word_1_293' title='bbox 1829 4840 2004 4895; x_wconf 87' lang='lat' dir='ltr'>gene-</span> 
     </span>
    </p>
   </div>
   <div class='ocr_carea' id='block_1_55' title="bbox 346 4907 2005 4980">
    <p class='ocr_par' dir='ltr' id='par_1_55' title="bbox 346 4907 2005 4980">
     <span class='ocr_line' id='line_1_55' title="bbox 346 4907 2005 4980; baseline 0.008 -24"><span class='ocrx_word' id='word_1_294' title='bbox 346 4919 479 4957; x_wconf 91' lang='lat' dir='ltr'>rum</span> <span class='ocrx_word' id='word_1_295' title='bbox 512 4909 565 4958; x_wconf 92' lang='lat' dir='ltr'>te</span> <span class='ocrx_word' id='word_1_296' title='bbox 599 4921 712 4960; x_wconf 93' lang='lat' dir='ltr'>non</span> <span class='ocrx_word' id='word_1_297' title='bbox 749 4907 1169 4977; x_wconf 51' lang='lat' dir='ltr'>praestitisti,et</span> <span class='ocrx_word' id='word_1_298' title='bbox 1190 4912 1482 4980; x_wconf 89' lang='lat' dir='ltr'>quomodo</span> <span class='ocrx_word' id='word_1_299' title='bbox 1513 4913 1769 4968; x_wconf 90' lang='lat' dir='ltr'>amicum</span> <span class='ocrx_word' id='word_1_300' title='bbox 1798 4918 1853 4969; x_wconf 86' lang='lat' dir='ltr'>te</span> <span class='ocrx_word' id='word_1_301' title='bbox 1875 4930 2005 4969; x_wconf 87' lang='lat' dir='ltr'>vere</span> 
     </span>
    </p>
   </div>
   <div class='ocr_carea' id='block_1_56' title="bbox 347 4993 2006 5073">
    <p class='ocr_par' dir='ltr' id='par_1_56' title="bbox 347 4993 2006 5073">
     <span class='ocr_line' id='line_1_56' title="bbox 347 4993 2006 5073; baseline 0.007 -27"><span class='ocrx_word' id='word_1_302' title='bbox 347 4993 705 5062; x_wconf 73' lang='lat' dir='ltr'>praestabis?</span> <span class='ocrx_word' id='word_1_303' title='bbox 736 4995 921 5067; x_wconf 87' lang='lat' dir='ltr'>lgitur</span> <span class='ocrx_word' id='word_1_304' title='bbox 951 4996 1059 5051; x_wconf 90' lang='lat' dir='ltr'>hac</span> <span class='ocrx_word' id='word_1_305' title='bbox 1089 4999 1160 5053; x_wconf 92' lang='lat' dir='ltr'>de</span> <span class='ocrx_word' id='word_1_306' title='bbox 1194 5015 1253 5053; x_wconf 89' lang='lat' dir='ltr'>re</span> <span class='ocrx_word' id='word_1_307' title='bbox 1282 4998 1436 5055; x_wconf 90' lang='lat' dir='ltr'>istuc</span> <span class='ocrx_word' id='word_1_308' title='bbox 1467 5000 1780 5073; x_wconf 88' lang='lat' dir='ltr'>relegatus,</span> <span class='ocrx_word' id='word_1_309' title='bbox 1806 5020 2006 5057; x_wconf 83' lang='lat' dir='ltr'>mona-</span> 
     </span>
    </p>
   </div>
   <div class='ocr_carea' id='block_1_57' title="bbox 349 5081 2004 5158">
    <p class='ocr_par' dir='ltr' id='par_1_57' title="bbox 349 5081 2004 5158">
     <span class='ocr_line' id='line_1_57' title="bbox 349 5081 2004 5158; baseline 0.008 -24"><span class='ocrx_word' id='word_1_310' title='bbox 349 5081 597 5135; x_wconf 83' lang='lat' dir='ltr'>sterium</span> <span class='ocrx_word' id='word_1_311' title='bbox 635 5081 738 5138; x_wconf 90' lang='lat' dir='ltr'>hoc</span> <span class='ocrx_word' id='word_1_312' title='bbox 771 5101 1052 5156; x_wconf 91' lang='lat' dir='ltr'>magnum</span> <span class='ocrx_word' id='word_1_313' title='bbox 1094 5103 1159 5141; x_wconf 90' lang='lat' dir='ltr'>ac</span> <span class='ocrx_word' id='word_1_314' title='bbox 1199 5086 1510 5158; x_wconf 89' lang='lat' dir='ltr'>pulchrum</span> <span class='ocrx_word' id='word_1_315' title='bbox 1545 5092 1848 5146; x_wconf 80' lang='lat' dir='ltr'>exstruxit.</span> <span class='ocrx_word' id='word_1_316' title='bbox 1883 5096 2004 5146; x_wconf 71' lang='lat' dir='ltr'>Ca3-</span> 
     </span>
    </p>
   </div>
   <div class='ocr_carea' id='block_1_58' title="bbox 349 5170 2003 5250">
    <p class='ocr_par' dir='ltr' id='par_1_58' title="bbox 349 5170 2003 5250">
     <span class='ocr_line' id='line_1_58' title="bbox 349 5170 2003 5250; baseline 0.009 -28"><span class='ocrx_word' id='word_1_317' title='bbox 349 5173 542 5224; x_wconf 86' lang='lat' dir='ltr'>terum</span> <span class='ocrx_word' id='word_1_318' title='bbox 578 5170 713 5225; x_wconf 88' lang='lat' dir='ltr'>inde</span> <span class='ocrx_word' id='word_1_319' title='bbox 743 5172 939 5228; x_wconf 81' lang='lat' dir='ltr'>Chorae</span> <span class='ocrx_word' id='word_1_320' title='bbox 963 5192 1175 5232; x_wconf 91' lang='lat' dir='ltr'>nomen</span> <span class='ocrx_word' id='word_1_321' title='bbox 1209 5179 1453 5250; x_wconf 87' lang='lat' dir='ltr'>accepit,</span> <span class='ocrx_word' id='word_1_322' title='bbox 1478 5180 1632 5250; x_wconf 88' lang='lat' dir='ltr'>quod</span> <span class='ocrx_word' id='word_1_323' title='bbox 1665 5181 1881 5237; x_wconf 81' lang='lat' dir='ltr'>ibidem</span> <span class='ocrx_word' id='word_1_324' title='bbox 1915 5199 2003 5237; x_wconf 89' lang='lat' dir='ltr'>es-</span> 
     </span>
    </p>
   </div>
   <div class='ocr_carea' id='block_1_59' title="bbox 351 5261 2004 5342">
    <p class='ocr_par' dir='ltr' id='par_1_59' title="bbox 351 5261 2004 5342">
     <span class='ocr_line' id='line_1_59' title="bbox 351 5261 2004 5342; baseline 0.009 -31"><span class='ocrx_word' id='word_1_325' title='bbox 351 5261 440 5312; x_wconf 86' lang='lat' dir='ltr'>set</span> <span class='ocrx_word' id='word_1_326' title='bbox 463 5263 628 5314; x_wconf 85' lang='lat' dir='ltr'>extra</span> <span class='ocrx_word' id='word_1_327' title='bbox 649 5261 993 5332; x_wconf 81' lang='lat' dir='ltr'>Byzantium</span> <span class='ocrx_word' id='word_1_328' title='bbox 1026 5263 1190 5320; x_wconf 89' lang='lat' dir='ltr'>locus</span> <span class='ocrx_word' id='word_1_329' title='bbox 1221 5267 1696 5338; x_wconf 83' lang='lat' dir='ltr'>Byzantinorum,</span> <span class='ocrx_word' id='word_1_330' title='bbox 1721 5272 2004 5342; x_wconf 89' lang='lat' dir='ltr'>quemad-</span> 
     </span>
    </p>
   </div>
   <div class='ocr_carea' id='block_1_60' title="bbox 353 5347 1717 5414">
    <p class='ocr_par' dir='ltr' id='par_1_60' title="bbox 353 5347 1717 5414">
     <span class='ocr_line' id='line_1_60' title="bbox 353 5347 1717 5414; baseline 0.011 -15"><span class='ocrx_word' id='word_1_331' title='bbox 353 5347 598 5403; x_wconf 90' lang='lat' dir='ltr'>modum</span> <span class='ocrx_word' id='word_1_332' title='bbox 630 5353 686 5404; x_wconf 87' lang='lat' dir='ltr'>et</span> <span class='ocrx_word' id='word_1_333' title='bbox 718 5351 909 5407; x_wconf 85' lang='lat' dir='ltr'>Studii</span> <span class='ocrx_word' id='word_1_334' title='bbox 944 5351 1109 5408; x_wconf 90' lang='lat' dir='ltr'>locus</span> <span class='ocrx_word' id='word_1_335' title='bbox 1141 5359 1302 5409; x_wconf 86' lang='lat' dir='ltr'>extra</span> <span class='ocrx_word' id='word_1_336' title='bbox 1335 5356 1539 5412; x_wconf 89' lang='lat' dir='ltr'>urbem</span> <span class='ocrx_word' id='word_1_337' title='bbox 1572 5363 1717 5414; x_wconf 89' lang='lat' dir='ltr'>erat.</span> 
     </span>
    </p>
   </div>
   <div class='ocr_carea' id='block_1_61' title="bbox 879 5459 1477 5519">
    <p class='ocr_par' dir='ltr' id='par_1_61' title="bbox 879 5459 1477 5519">
     <span class='ocr_line' id='line_1_61' title="bbox 879 5459 1477 5519; baseline 0.008 -5"><span class='ocrx_word' id='word_1_338' title='bbox 879 5460 954 5515; x_wconf 86' lang='lat' dir='ltr'>De</span> <span class='ocrx_word' id='word_1_339' title='bbox 982 5459 1179 5516; x_wconf 79' lang='lat' dir='ltr'>Sancto</span> <span class='ocrx_word' id='word_1_340' title='bbox 1219 5462 1477 5519; x_wconf 84' lang='lat' dir='ltr'>Romano.</span> 
     </span>
    </p>
   </div>
   <div class='ocr_carea' id='block_1_62' title="bbox 428 5540 2008 5626">
    <p class='ocr_par' dir='ltr' id='par_1_62' title="bbox 428 5540 2008 5626">
     <span class='ocr_line' id='line_1_62' title="bbox 428 5540 2008 5626; baseline 0.012 -33"><span class='ocrx_word' id='word_1_341' title='bbox 428 5540 631 5596; x_wconf 64' lang='lat' dir='ltr'>[Edam</span> <span class='ocrx_word' id='word_1_342' title='bbox 691 5545 748 5601; x_wconf 88' lang='lat' dir='ltr'>S.</span> <span class='ocrx_word' id='word_1_343' title='bbox 796 5547 1043 5605; x_wconf 82' lang='lat' dir='ltr'>Romani</span> <span class='ocrx_word' id='word_1_344' title='bbox 1101 5552 1367 5606; x_wconf 89' lang='lat' dir='ltr'>condidit</span> <span class='ocrx_word' id='word_1_345' title='bbox 1421 5559 1624 5610; x_wconf 90' lang='lat' dir='ltr'>sancta</span> <span class='ocrx_word' id='word_1_346' title='bbox 1681 5556 1917 5626; x_wconf 84' lang='lat' dir='ltr'>Helena,</span> <span class='ocrx_word' id='word_1_347' title='bbox 1949 5561 2008 5612; x_wconf 84' lang='lat' dir='ltr'>et</span> 
     </span>
    </p>
   </div>
   <div class='ocr_carea' id='block_1_63' title="bbox 359 5628 2007 5718">
    <p class='ocr_par' dir='ltr' id='par_1_63' title="bbox 359 5628 2007 5718">
     <span class='ocr_line' id='line_1_63' title="bbox 359 5628 2007 5718; baseline 0.011 -33"><span class='ocrx_word' id='word_1_348' title='bbox 359 5628 624 5718; x_wconf 83' lang='lat' dir='ltr'>proxime</span> <span class='ocrx_word' id='word_1_349' title='bbox 655 5648 780 5689; x_wconf 88' lang='lat' dir='ltr'>eam</span> <span class='ocrx_word' id='word_1_350' title='bbox 830 5654 1061 5694; x_wconf 87' lang='lat' dir='ltr'>sacrum</span> <span class='ocrx_word' id='word_1_351' title='bbox 1113 5639 1392 5708; x_wconf 90' lang='lat' dir='ltr'>loculum,</span> <span class='ocrx_word' id='word_1_352' title='bbox 1423 5644 1482 5698; x_wconf 90' lang='lat' dir='ltr'>in</span> <span class='ocrx_word' id='word_1_353' title='bbox 1515 5661 1692 5715; x_wconf 88' lang='lat' dir='ltr'>quem</span> <span class='ocrx_word' id='word_1_354' title='bbox 1727 5647 2007 5718; x_wconf 85' lang='lat' dir='ltr'>reliquias</span> 
     </span>
    </p>
   </div>
   <div class='ocr_carea' id='block_1_64' title="bbox 358 5717 2006 5808">
    <p class='ocr_par' dir='ltr' id='par_1_64' title="bbox 358 5717 2006 5808">
     <span class='ocr_line' id='line_1_64' title="bbox 358 5717 2006 5808; baseline 0.011 -35"><span class='ocrx_word' id='word_1_355' title='bbox 358 5717 662 5790; x_wconf 68' lang='lat' dir='ltr'>praphetae</span> <span class='ocrx_word' id='word_1_356' title='bbox 687 5723 960 5792; x_wconf 84' lang='lat' dir='ltr'>Danielis,</span> <span class='ocrx_word' id='word_1_357' title='bbox 985 5727 1042 5782; x_wconf 91' lang='lat' dir='ltr'>S.</span> <span class='ocrx_word' id='word_1_358' title='bbox 1066 5727 1312 5784; x_wconf 80' lang='lat' dir='ltr'>Romani</span> <span class='ocrx_word' id='word_1_359' title='bbox 1334 5717 2006 5808; x_wconf 79' lang='lat' dir='ltr'>martyris,aliorumque</span> 
     </span>
    </p>
   </div>
   <div class='ocr_carea' id='block_1_65' title="bbox 2086 597 3754 678">
    <p class='ocr_par' dir='ltr' id='par_1_65' title="bbox 2086 597 3754 678">
     <span class='ocr_line' id='line_1_65' title="bbox 2086 597 3754 678; baseline 0.004 -27"><span class='ocrx_word' id='word_1_360' title='bbox 2086 599 2396 674; x_wconf 77' lang='grc' dir='ltr'>ἱστορικῶν,</span> <span class='ocrx_word' id='word_1_361' title='bbox 2431 599 2513 653; x_wconf 81' lang='grc' dir='ltr'>ὅτι</span> <span class='ocrx_word' id='word_1_362' title='bbox 2571 599 2634 654; x_wconf 84' lang='grc' dir='ltr'>τὸ</span> <span class='ocrx_word' id='word_1_363' title='bbox 2693 598 2850 674; x_wconf 72' lang='grc' dir='ltr'>κέρας</span> <span class='ocrx_word' id='word_1_364' title='bbox 2906 601 3002 653; x_wconf 80' lang='grc' dir='ltr'>τοῦ</span> <span class='ocrx_word' id='word_1_365' title='bbox 3056 597 3266 666; x_wconf 68' lang='grc' dir='ltr'>ἐλαίου,</span> <span class='ocrx_word' id='word_1_366' title='bbox 3299 599 3435 677; x_wconf 72' lang='grc' dir='ltr'>ὅπερ</span> <span class='ocrx_word' id='word_1_367' title='bbox 3495 603 3611 678; x_wconf 74' lang='grc' dir='ltr'>εἶχε</span> <span class='ocrx_word' id='word_1_368' title='bbox 3643 609 3754 656; x_wconf 84' lang='grc' dir='ltr'>Σα-</span> 
     </span>
    </p>
   </div>
   <div class='ocr_carea' id='block_1_66' title="bbox 2093 684 3754 767">
    <p class='ocr_par' dir='ltr' id='par_1_66' title="bbox 2093 684 3754 767">
     <span class='ocr_line' id='line_1_66' title="bbox 2093 684 3754 767; baseline 0.002 -24"><span class='ocrx_word' id='word_1_369' title='bbox 2093 689 2276 763; x_wconf 72' lang='grc' dir='ltr'>μουὴλ</span> <span class='ocrx_word' id='word_1_370' title='bbox 2335 691 2362 744; x_wconf 99' lang='lat'>6</span> <span class='ocrx_word' id='word_1_371' title='bbox 2423 691 2732 767; x_wconf 71' lang='grc' dir='ltr'>προφήτης,</span> <span class='ocrx_word' id='word_1_372' title='bbox 2794 690 2884 743; x_wconf 83' lang='grc' dir='ltr'>καὶ</span> <span class='ocrx_word' id='word_1_373' title='bbox 2945 684 3099 764; x_wconf 80' lang='grc' dir='ltr'>ἕχριε</span> <span class='ocrx_word' id='word_1_374' title='bbox 3153 689 3284 753; x_wconf 77' lang='grc' dir='ltr'>τοὺς</span> <span class='ocrx_word' id='word_1_375' title='bbox 3350 691 3617 767; x_wconf 77' lang='grc' dir='ltr'>βασιλεῖς,</span> <span class='ocrx_word' id='word_1_376' title='bbox 3671 691 3754 753; x_wconf 71' lang='grc' dir='ltr'>εἲς</span> 
     </span>
    </p>
   </div>
   <div class='ocr_carea' id='block_1_67' title="bbox 2086 777 3754 855">
    <p class='ocr_par' dir='ltr' id='par_1_67' title="bbox 2086 777 3754 855">
     <span class='ocr_line' id='line_1_67' title="bbox 2086 777 3754 855; baseline 0.001 -21"><span class='ocrx_word' id='word_1_377' title='bbox 2086 781 2186 849; x_wconf 69' lang='grc' dir='ltr'>τὴν</span> <span class='ocrx_word' id='word_1_378' title='bbox 2242 779 2409 848; x_wconf 74' lang='grc' dir='ltr'>αὐτὴν</span> <span class='ocrx_word' id='word_1_379' title='bbox 2474 781 2648 853; x_wconf 67' lang='grc' dir='ltr'>μον-ἡν</span> <span class='ocrx_word' id='word_1_380' title='bbox 2708 778 2998 855; x_wconf 73' lang='grc' dir='ltr'>ἐκρὲματο,</span> <span class='ocrx_word' id='word_1_381' title='bbox 3057 780 3147 834; x_wconf 81' lang='grc' dir='ltr'>καὶ</span> <span class='ocrx_word' id='word_1_382' title='bbox 3207 777 3297 834; x_wconf 77' lang='grc' dir='ltr'>διὰ</span> <span class='ocrx_word' id='word_1_383' title='bbox 3362 786 3523 837; x_wconf 77' lang='grc' dir='ltr'>τοῦτο</span> <span class='ocrx_word' id='word_1_384' title='bbox 3574 780 3754 843; x_wconf 72' lang='grc' dir='ltr'>οὕτως</span> 
     </span>
    </p>
   </div>
   <div class='ocr_carea' id='block_1_68' title="bbox 2089 867 2325 939">
    <p class='ocr_par' dir='ltr' id='par_1_68' title="bbox 2089 867 2325 939">
     <span class='ocr_line' id='line_1_68' title="bbox 2089 867 2325 939; baseline 0.013 -17"><span class='ocrx_word' id='word_1_385' title='bbox 2089 867 2325 939; x_wconf 72' lang='grc' dir='ltr'>ἐκλήθη.</span> 
     </span>
    </p>
   </div>
   <div class='ocr_carea' id='block_1_69' title="bbox 2619 975 3220 1052">
    <p class='ocr_par' dir='ltr' id='par_1_69' title="bbox 2619 975 3220 1052">
     <span class='ocr_line' id='line_1_69' title="bbox 2619 975 3220 1052; baseline -0.003 -19"><span class='ocrx_word' id='word_1_386' title='bbox 2619 975 2750 1050; x_wconf 85' lang='grc' dir='ltr'>Περὶ</span> <span class='ocrx_word' id='word_1_387' title='bbox 2781 977 2848 1030; x_wconf 80' lang='grc' dir='ltr'>τὰ</span> <span class='ocrx_word' id='word_1_388' title='bbox 2886 976 3220 1052; x_wconf 87' lang='grc' dir='ltr'>Προκοπίου.</span> 
     </span>
    </p>
   </div>
   <div class='ocr_carea' id='block_1_70' title="bbox 2162 1063 3756 1143">
    <p class='ocr_par' dir='ltr' id='par_1_70' title="bbox 2162 1063 3756 1143">
     <span class='ocr_line' id='line_1_70' title="bbox 2162 1063 3756 1143; baseline 0 -23"><span class='ocrx_word' id='word_1_389' title='bbox 2162 1066 2225 1120; x_wconf 82' lang='grc' dir='ltr'>Ἣ</span> <span class='ocrx_word' id='word_1_390' title='bbox 2271 1063 2584 1136; x_wconf 66' lang='grc' dir='ltr'>καλουμένη</span> <span class='ocrx_word' id='word_1_391' title='bbox 2643 1065 2784 1136; x_wconf 83' lang='grc' dir='ltr'>μονὴ</span> <span class='ocrx_word' id='word_1_392' title='bbox 2843 1066 2910 1119; x_wconf 73' lang='grc' dir='ltr'>τὰ</span> <span class='ocrx_word' id='word_1_393' title='bbox 2955 1065 3273 1141; x_wconf 87' lang='grc' dir='ltr'>Προκοπίου</span> <span class='ocrx_word' id='word_1_394' title='bbox 3328 1064 3546 1138; x_wconf 78' lang='grc' dir='ltr'>ἐκτίσθη</span> <span class='ocrx_word' id='word_1_395' title='bbox 3606 1066 3756 1143; x_wconf 82' lang='grc' dir='ltr'>παρᾶ</span> 
     </span>
    </p>
   </div>
   <div class='ocr_carea' id='block_1_71' title="bbox 2092 1151 3754 1232">
    <p class='ocr_par' dir='ltr' id='par_1_71' title="bbox 2092 1151 3754 1232">
     <span class='ocr_line' id='line_1_71' title="bbox 2092 1151 3754 1232; baseline 0.001 -24"><span class='ocrx_word' id='word_1_396' title='bbox 2092 1154 2407 1228; x_wconf 83' lang='grc' dir='ltr'>Ηροκοπίας</span> <span class='ocrx_word' id='word_1_397' title='bbox 2466 1151 2778 1224; x_wconf 79' lang='grc' dir='ltr'>δεσποίνης,</span> <span class='ocrx_word' id='word_1_398' title='bbox 2818 1160 2918 1223; x_wconf 79' lang='grc' dir='ltr'>τῆς</span> <span class='ocrx_word' id='word_1_399' title='bbox 2967 1155 3232 1232; x_wconf 83' lang='grc' dir='ltr'>θυγατρὸς</span> <span class='ocrx_word' id='word_1_400' title='bbox 3282 1157 3601 1232; x_wconf 77' lang='grc' dir='ltr'>Νικηφόρου</span> <span class='ocrx_word' id='word_1_401' title='bbox 3653 1160 3754 1211; x_wconf 75' lang='grc' dir='ltr'>τοῦ</span> 
     </span>
    </p>
   </div>
   <div class='ocr_carea' id='block_1_72' title="bbox 2095 1240 3754 1322">
    <p class='ocr_par' dir='ltr' id='par_1_72' title="bbox 2095 1240 3754 1322">
     <span class='ocr_line' id='line_1_72' title="bbox 2095 1240 3754 1322; baseline 0.002 -26"><span class='ocrx_word' id='word_1_402' title='bbox 2095 1241 2411 1314; x_wconf 84' lang='grc' dir='ltr'>Σελευκίου,</span> <span class='ocrx_word' id='word_1_403' title='bbox 2460 1243 2547 1297; x_wconf 83' lang='grc' dir='ltr'>καὶ</span> <span class='ocrx_word' id='word_1_404' title='bbox 2590 1243 2844 1318; x_wconf 87' lang='grc' dir='ltr'>γυναικὸς</span> <span class='ocrx_word' id='word_1_405' title='bbox 2899 1243 3130 1319; x_wconf 76' lang='grc' dir='ltr'>Μιχαὴλ</span> <span class='ocrx_word' id='word_1_406' title='bbox 3179 1240 3458 1322; x_wconf 76' lang='grc' dir='ltr'>Ῥαγγαόὲ,</span> <span class='ocrx_word' id='word_1_407' title='bbox 3489 1249 3587 1300; x_wconf 75' lang='grc' dir='ltr'>τοῦ</span> <span class='ocrx_word' id='word_1_408' title='bbox 3645 1245 3754 1300; x_wconf 81' lang='grc' dir='ltr'>ἀπὸ</span> 
     </span>
    </p>
   </div>
   <div class='ocr_carea' id='block_1_73' title="bbox 2093 1331 2548 1408">
    <p class='ocr_par' dir='ltr' id='par_1_73' title="bbox 2093 1331 2548 1408">
     <span class='ocr_line' id='line_1_73' title="bbox 2093 1331 2548 1408; baseline 0.009 -22"><span class='ocrx_word' id='word_1_409' title='bbox 2093 1331 2523 1408; x_wconf 82' lang='grc' dir='ltr'>κουροπαλάτων</span> <span class='ocrx_word' id='word_1_410' title='bbox 2536 1377 2548 1390; x_wconf 95' lang='grc'>.</span> 
     </span>
    </p>
   </div>
   <div class='ocr_carea' id='block_1_74' title="bbox 2431 1421 3401 1498">
    <p class='ocr_par' dir='ltr' id='par_1_74' title="bbox 2431 1421 3401 1498">
     <span class='ocr_line' id='line_1_74' title="bbox 2431 1421 3401 1498; baseline 0.002 -20"><span class='ocrx_word' id='word_1_411' title='bbox 2431 1421 2563 1494; x_wconf 83' lang='grc' dir='ltr'>Περὶ</span> <span class='ocrx_word' id='word_1_412' title='bbox 2593 1427 2692 1490; x_wconf 84' lang='grc' dir='ltr'>τῆς</span> <span class='ocrx_word' id='word_1_413' title='bbox 2728 1429 2898 1494; x_wconf 76' lang='grc' dir='ltr'>μονῆς</span> <span class='ocrx_word' id='word_1_414' title='bbox 2927 1429 3027 1492; x_wconf 84' lang='grc' dir='ltr'>τῆς</span> <span class='ocrx_word' id='word_1_415' title='bbox 3058 1421 3401 1498; x_wconf 77' lang='grc' dir='ltr'>Αὐγούστης.</span> 
     </span>
    </p>
   </div>
   <div class='ocr_carea' id='block_1_75' title="bbox 2161 1507 3754 1588">
    <p class='ocr_par' dir='ltr' id='par_1_75' title="bbox 2161 1507 3754 1588">
     <span class='ocr_line' id='line_1_75' title="bbox 2161 1507 3754 1588; baseline 0.001 -24"><span class='ocrx_word' id='word_1_416' title='bbox 2161 1511 2267 1578; x_wconf 76' lang='grc' dir='ltr'>Τὴν</span> <span class='ocrx_word' id='word_1_417' title='bbox 2310 1507 2368 1565; x_wconf 73' lang='grc' dir='ltr'>δὲ</span> <span class='ocrx_word' id='word_1_418' title='bbox 2413 1511 2714 1586; x_wconf 74' lang='grc' dir='ltr'>γυναικείαν</span> <span class='ocrx_word' id='word_1_419' title='bbox 2775 1514 2948 1583; x_wconf 76' lang='grc' dir='ltr'>μονὴν</span> <span class='ocrx_word' id='word_1_420' title='bbox 2997 1514 3099 1582; x_wconf 82' lang='grc' dir='ltr'>τήν</span> <span class='ocrx_word' id='word_1_421' title='bbox 3149 1510 3498 1587; x_wconf 70' lang='grc' dir='ltr'>καλουμένην</span> <span class='ocrx_word' id='word_1_422' title='bbox 3532 1512 3754 1588; x_wconf 73' lang='grc' dir='ltr'>Αὐγού-</span> 
     </span>
    </p>
   </div>
   <div class='ocr_carea' id='block_1_76' title="bbox 2095 1596 3752 1676">
    <p class='ocr_par' dir='ltr' id='par_1_76' title="bbox 2095 1596 3752 1676">
     <span class='ocr_line' id='line_1_76' title="bbox 2095 1596 3752 1676; baseline 0 -22"><span class='ocrx_word' id='word_1_423' title='bbox 2095 1621 2246 1672; x_wconf 79' lang='grc' dir='ltr'>στης,</span> <span class='ocrx_word' id='word_1_424' title='bbox 2279 1601 2577 1661; x_wconf 87' lang='grc' dir='ltr'>Ἰουστῖνος</span> <span class='ocrx_word' id='word_1_425' title='bbox 2629 1600 2656 1653; x_wconf 88' lang='grc' dir='ltr'>ὁ</span> <span class='ocrx_word' id='word_1_426' title='bbox 2711 1600 2848 1676; x_wconf 78' lang='grc' dir='ltr'>Θρᾲξ</span> <span class='ocrx_word' id='word_1_427' title='bbox 2898 1601 2925 1654; x_wconf 90' lang='lat'>6</span> <span class='ocrx_word' id='word_1_428' title='bbox 2986 1600 3271 1676; x_wconf 76' lang='grc' dir='ltr'>κράτιστος</span> <span class='ocrx_word' id='word_1_429' title='bbox 3318 1596 3494 1657; x_wconf 70' lang='grc' dir='ltr'>ἔκτισε</span> <span class='ocrx_word' id='word_1_430' title='bbox 3550 1601 3752 1673; x_wconf 77' lang='grc' dir='ltr'>ταύτην</span> 
     </span>
    </p>
   </div>
   <div class='ocr_carea' id='block_1_77' title="bbox 2089 1687 3756 1767">
    <p class='ocr_par' dir='ltr' id='par_1_77' title="bbox 2089 1687 3756 1767">
     <span class='ocr_line' id='line_1_77' title="bbox 2089 1687 3756 1767; baseline 0.002 -24"><span class='ocrx_word' id='word_1_431' title='bbox 2089 1693 2157 1762; x_wconf 82' lang='grc' dir='ltr'>τῇ</span> <span class='ocrx_word' id='word_1_432' title='bbox 2189 1687 2401 1762; x_wconf 84' lang='grc' dir='ltr'>γυναικῖ</span> <span class='ocrx_word' id='word_1_433' title='bbox 2432 1689 2597 1744; x_wconf 75' lang='grc' dir='ltr'>αὐτοῦ</span> <span class='ocrx_word' id='word_1_434' title='bbox 2630 1689 2780 1767; x_wconf 78' lang='grc' dir='ltr'>Εὐφη</span> <span class='ocrx_word' id='word_1_435' title='bbox 2795 1689 2891 1762; x_wconf 80' lang='grc' dir='ltr'>μίᾳ</span> <span class='ocrx_word' id='word_1_436' title='bbox 2926 1711 2938 1724; x_wconf 87' lang='grc'><strong>·</strong></span> <span class='ocrx_word' id='word_1_437' title='bbox 2969 1690 3117 1745; x_wconf 73' lang='grc' dir='ltr'>τεθὲν</span> <span class='ocrx_word' id='word_1_438' title='bbox 3149 1691 3240 1746; x_wconf 88' lang='grc' dir='ltr'>καὶ</span> <span class='ocrx_word' id='word_1_439' title='bbox 3269 1691 3333 1746; x_wconf 89' lang='grc' dir='ltr'>τὸ</span> <span class='ocrx_word' id='word_1_440' title='bbox 3393 1695 3552 1764; x_wconf 76' lang='grc' dir='ltr'>σῶμα</span> <span class='ocrx_word' id='word_1_441' title='bbox 3582 1691 3756 1762; x_wconf 78' lang='grc' dir='ltr'>αὐτῆς</span> 
     </span>
    </p>
   </div>
   <div class='ocr_carea' id='block_1_78' title="bbox 2091 1776 2284 1835">
    <p class='ocr_par' dir='ltr' id='par_1_78' title="bbox 2091 1776 2284 1835">
     <span class='ocr_line' id='line_1_78' title="bbox 2091 1776 2284 1835; baseline 0.01 -3"><span class='ocrx_word' id='word_1_442' title='bbox 2091 1776 2284 1835; x_wconf 82' lang='grc' dir='ltr'>ἐκεῖσε.</span> 
     </span>
    </p>
   </div>
   <div class='ocr_carea' id='block_1_79' title="bbox 2009 1884 3767 1964">
    <p class='ocr_par' dir='ltr' id='par_1_79' title="bbox 2009 1884 3767 1964">
     <span class='ocr_line' id='line_1_79' title="bbox 2009 1884 3767 1964; baseline 0.001 -24"><span class='ocrx_word' id='word_1_443' title='bbox 2009 1885 2215 1962; x_wconf 73' lang='grc' dir='ltr'>ΒΠερὶ</span> <span class='ocrx_word' id='word_1_444' title='bbox 2272 1893 2374 1955; x_wconf 80' lang='grc' dir='ltr'>τῆς</span> <span class='ocrx_word' id='word_1_445' title='bbox 2431 1893 2604 1960; x_wconf 82' lang='grc' dir='ltr'>μονῆς</span> <span class='ocrx_word' id='word_1_446' title='bbox 2658 1893 2762 1956; x_wconf 84' lang='grc' dir='ltr'>τῆς</span> <span class='ocrx_word' id='word_1_447' title='bbox 2823 1884 3104 1964; x_wconf 65' lang='grc' dir='ltr'>Βηθλεὲμ,</span> <span class='ocrx_word' id='word_1_448' title='bbox 3162 1887 3253 1942; x_wconf 85' lang='grc' dir='ltr'>καὶ</span> <span class='ocrx_word' id='word_1_449' title='bbox 3312 1889 3438 1964; x_wconf 85' lang='grc' dir='ltr'>περὶ</span> <span class='ocrx_word' id='word_1_450' title='bbox 3493 1895 3594 1958; x_wconf 83' lang='grc' dir='ltr'>τῆς</span> <span class='ocrx_word' id='word_1_451' title='bbox 3660 1894 3767 1942; x_wconf 85' lang='grc' dir='ltr'>Γα-</span> 
     </span>
    </p>
   </div>
   <div class='ocr_carea' id='block_1_80' title="bbox 2806 1959 3030 2034">
    <p class='ocr_par' dir='ltr' id='par_1_80' title="bbox 2806 1959 3030 2034">
     <span class='ocr_line' id='line_1_80' title="bbox 2806 1959 3030 2034; baseline 0.004 -21"><span class='ocrx_word' id='word_1_452' title='bbox 2806 1959 3030 2034; x_wconf 87' lang='grc' dir='ltr'>στρίων.</span> 
     </span>
    </p>
   </div>
   <div class='ocr_carea' id='block_1_81' title="bbox 2163 2045 3764 2124">
    <p class='ocr_par' dir='ltr' id='par_1_81' title="bbox 2163 2045 3764 2124">
     <span class='ocr_line' id='line_1_81' title="bbox 2163 2045 3764 2124; baseline 0 -20"><span class='ocrx_word' id='word_1_453' title='bbox 2163 2051 2383 2104; x_wconf 63' lang='lat' dir='ltr'>&quot;Emme</span> <span class='ocrx_word' id='word_1_454' title='bbox 2431 2045 2489 2102; x_wconf 78' lang='grc' dir='ltr'>δὲ</span> <span class='ocrx_word' id='word_1_455' title='bbox 2544 2048 2632 2102; x_wconf 83' lang='grc' dir='ltr'>καὶ</span> <span class='ocrx_word' id='word_1_456' title='bbox 2693 2049 2792 2117; x_wconf 78' lang='grc' dir='ltr'>τὴν</span> <span class='ocrx_word' id='word_1_457' title='bbox 2858 2049 3028 2120; x_wconf 77' lang='grc' dir='ltr'>μονὴν</span> <span class='ocrx_word' id='word_1_458' title='bbox 3093 2051 3193 2118; x_wconf 78' lang='grc' dir='ltr'>τὴν</span> <span class='ocrx_word' id='word_1_459' title='bbox 3254 2047 3576 2124; x_wconf 78' lang='grc' dir='ltr'>Βηθλεὶμή</span> <span class='ocrx_word' id='word_1_460' title='bbox 3635 2049 3764 2124; x_wconf 87' lang='grc' dir='ltr'>ἁγία</span> 
     </span>
    </p>
   </div>
   <div class='ocr_carea' id='block_1_82' title="bbox 2108 2134 3766 2214">
    <p class='ocr_par' dir='ltr' id='par_1_82' title="bbox 2108 2134 3766 2214">
     <span class='ocr_line' id='line_1_82' title="bbox 2108 2134 3766 2214; baseline -0.001 -21"><span class='ocrx_word' id='word_1_461' title='bbox 2108 2135 2308 2207; x_wconf 81' lang='grc' dir='ltr'>Ελὲνη.</span> <span class='ocrx_word' id='word_1_462' title='bbox 2357 2136 2594 2212; x_wconf 84' lang='grc' dir='ltr'>Γαστρία</span> <span class='ocrx_word' id='word_1_463' title='bbox 2649 2134 2708 2192; x_wconf 74' lang='grc' dir='ltr'>δὲ</span> <span class='ocrx_word' id='word_1_464' title='bbox 2757 2135 3006 2192; x_wconf 88' lang='grc' dir='ltr'>καλεῖται</span> <span class='ocrx_word' id='word_1_465' title='bbox 3067 2137 3240 2200; x_wconf 73' lang='grc' dir='ltr'>οὕτως</span> <span class='ocrx_word' id='word_1_466' title='bbox 3273 2156 3288 2170; x_wconf 79' lang='grc'><strong>⁸</strong></span> <span class='ocrx_word' id='word_1_467' title='bbox 3344 2139 3478 2209; x_wconf 75' lang='grc' dir='ltr'>αὕτη</span> <span class='ocrx_word' id='word_1_468' title='bbox 3539 2141 3574 2209; x_wconf 73' lang='grc' dir='ltr'>ἡ</span> <span class='ocrx_word' id='word_1_469' title='bbox 3636 2140 3766 2214; x_wconf 83' lang='grc' dir='ltr'>ἁγία</span> 
     </span>
    </p>
   </div>
   <div class='ocr_carea' id='block_1_83' title="bbox 2093 2226 3768 2302">
    <p class='ocr_par' dir='ltr' id='par_1_83' title="bbox 2093 2226 3768 2302">
     <span class='ocr_line' id='line_1_83' title="bbox 2093 2226 3768 2302; baseline 0.001 -21"><span class='ocrx_word' id='word_1_470' title='bbox 2093 2226 2285 2294; x_wconf 74' lang='grc' dir='ltr'>ἘΛένη</span> <span class='ocrx_word' id='word_1_471' title='bbox 2330 2227 2605 2298; x_wconf 82' lang='grc' dir='ltr'>κομίσασα</span> <span class='ocrx_word' id='word_1_472' title='bbox 2655 2226 2764 2280; x_wconf 84' lang='grc' dir='ltr'>ἀπὸ</span> <span class='ocrx_word' id='word_1_473' title='bbox 2794 2226 3165 2302; x_wconf 81' lang='grc' dir='ltr'>Ἰερουσαλὴμ.</span> <span class='ocrx_word' id='word_1_474' title='bbox 3211 2229 3302 2282; x_wconf 87' lang='grc' dir='ltr'>τὸν</span> <span class='ocrx_word' id='word_1_475' title='bbox 3360 2229 3546 2300; x_wconf 86' lang='grc' dir='ltr'>τίμιον</span> <span class='ocrx_word' id='word_1_476' title='bbox 3601 2249 3768 2283; x_wconf 84' lang='grc' dir='ltr'>σταυ-</span> 
     </span>
    </p>
   </div>
   <div class='ocr_carea' id='block_1_84' title="bbox 2094 2312 3766 2390">
    <p class='ocr_par' dir='ltr' id='par_1_84' title="bbox 2094 2312 3766 2390">
     <span class='ocr_line' id='line_1_84' title="bbox 2094 2312 3766 2390; baseline 0.002 -22"><span class='ocrx_word' id='word_1_477' title='bbox 2094 2315 2211 2390; x_wconf 90' lang='grc' dir='ltr'>ρὸν,</span> <span class='ocrx_word' id='word_1_478' title='bbox 2247 2314 2500 2390; x_wconf 77' lang='grc' dir='ltr'>εἰσήγαγε</span> <span class='ocrx_word' id='word_1_479' title='bbox 2529 2319 2722 2369; x_wconf 76' lang='grc' dir='ltr'>τοῦτον</span> <span class='ocrx_word' id='word_1_480' title='bbox 2777 2312 2867 2370; x_wconf 73' lang='grc' dir='ltr'>διὰ</span> <span class='ocrx_word' id='word_1_481' title='bbox 2915 2320 3015 2380; x_wconf 81' lang='grc' dir='ltr'>τῆς</span> <span class='ocrx_word' id='word_1_482' title='bbox 3065 2316 3274 2388; x_wconf 82' lang='grc' dir='ltr'>πόρτης</span> <span class='ocrx_word' id='word_1_483' title='bbox 3326 2321 3422 2370; x_wconf 75' lang='grc' dir='ltr'>τοῦ</span> <span class='ocrx_word' id='word_1_484' title='bbox 3473 2317 3718 2390; x_wconf 77' lang='grc' dir='ltr'>Ψαμαθᾶ</span> <span class='ocrx_word' id='word_1_485' title='bbox 3753 2336 3766 2349; x_wconf 89' lang='grc'><strong>·</strong></span> 
     </span>
    </p>
   </div>
   <div class='ocr_carea' id='block_1_85' title="bbox 2092 2404 3768 2481">
    <p class='ocr_par' dir='ltr' id='par_1_85' title="bbox 2092 2404 3768 2481">
     <span class='ocr_line' id='line_1_85' title="bbox 2092 2404 3768 2481; baseline 0.002 -23"><span class='ocrx_word' id='word_1_486' title='bbox 2092 2404 2183 2458; x_wconf 88' lang='grc' dir='ltr'>καὶ</span> <span class='ocrx_word' id='word_1_487' title='bbox 2242 2405 2308 2457; x_wconf 73' lang='grc' dir='ltr'>τὰ</span> <span class='ocrx_word' id='word_1_488' title='bbox 2365 2405 2651 2478; x_wconf 62' lang='grc' dir='ltr'>εὑρεθέντα</span> <span class='ocrx_word' id='word_1_489' title='bbox 2709 2406 2910 2460; x_wconf 81' lang='grc' dir='ltr'>ἄνωθεν</span> <span class='ocrx_word' id='word_1_490' title='bbox 2960 2410 3056 2460; x_wconf 73' lang='grc' dir='ltr'>τοῦ</span> <span class='ocrx_word' id='word_1_491' title='bbox 3120 2409 3353 2481; x_wconf 78' lang='grc' dir='ltr'>σταυροῦ</span> <span class='ocrx_word' id='word_1_492' title='bbox 3405 2407 3565 2480; x_wconf 90' lang='grc' dir='ltr'>κρίνα</span> <span class='ocrx_word' id='word_1_493' title='bbox 3589 2428 3650 2461; x_wconf 88' lang='grc' dir='ltr'>τε</span> <span class='ocrx_word' id='word_1_494' title='bbox 3679 2407 3768 2461; x_wconf 80' lang='grc' dir='ltr'>καὶ</span> 
     </span>
    </p>
   </div>
   <div class='ocr_carea' id='block_1_86' title="bbox 2097 2493 3768 2571">
    <p class='ocr_par' dir='ltr' id='par_1_86' title="bbox 2097 2493 3768 2571">
     <span class='ocr_line' id='line_1_86' title="bbox 2097 2493 3768 2571; baseline 0.002 -25"><span class='ocrx_word' id='word_1_495' title='bbox 2097 2493 2377 2567; x_wconf 71' lang='grc' dir='ltr'>βασιλικὰ,</span> <span class='ocrx_word' id='word_1_496' title='bbox 2433 2493 2523 2547; x_wconf 84' lang='grc' dir='ltr'>καὶ</span> <span class='ocrx_word' id='word_1_497' title='bbox 2575 2493 3008 2571; x_wconf 70' lang='grc' dir='ltr'>τριαντάφυλλα,</span> <span class='ocrx_word' id='word_1_498' title='bbox 3060 2493 3150 2548; x_wconf 73' lang='grc' dir='ltr'>καί</span> <span class='ocrx_word' id='word_1_499' title='bbox 3208 2496 3495 2571; x_wconf 76' lang='grc' dir='ltr'>σάμψυχα,</span> <span class='ocrx_word' id='word_1_500' title='bbox 3539 2497 3768 2560; x_wconf 86' lang='grc' dir='ltr'>κόστους</span> 
     </span>
    </p>
   </div>
   <div class='ocr_carea' id='block_1_87' title="bbox 2098 2579 3767 2661">
    <p class='ocr_par' dir='ltr' id='par_1_87' title="bbox 2098 2579 3767 2661">
     <span class='ocr_line' id='line_1_87' title="bbox 2098 2579 3767 2661; baseline 0.004 -26"><span class='ocrx_word' id='word_1_501' title='bbox 2098 2582 2188 2636; x_wconf 67' lang='grc' dir='ltr'>καὶ</span> <span class='ocrx_word' id='word_1_502' title='bbox 2224 2579 2499 2656; x_wconf 77' lang='grc' dir='ltr'>βάλσαμα,</span> <span class='ocrx_word' id='word_1_503' title='bbox 2533 2580 2813 2659; x_wconf 78' lang='grc' dir='ltr'>ἐφύτευσεν</span> <span class='ocrx_word' id='word_1_504' title='bbox 2849 2583 2924 2648; x_wconf 82' lang='grc' dir='ltr'>εἷς</span> <span class='ocrx_word' id='word_1_505' title='bbox 2952 2583 3184 2661; x_wconf 81' lang='grc' dir='ltr'>γάστρας</span> <span class='ocrx_word' id='word_1_506' title='bbox 3215 2586 3350 2658; x_wconf 88' lang='grc' dir='ltr'>πρὸς</span> <span class='ocrx_word' id='word_1_507' title='bbox 3378 2585 3440 2639; x_wconf 87' lang='grc' dir='ltr'>τὸ</span> <span class='ocrx_word' id='word_1_508' title='bbox 3473 2582 3767 2642; x_wconf 79' lang='grc' dir='ltr'>διασῶσαι.</span> 
     </span>
    </p>
   </div>
   <div class='ocr_carea' id='block_1_88' title="bbox 2099 2669 3770 2748">
    <p class='ocr_par' dir='ltr' id='par_1_88' title="bbox 2099 2669 3770 2748">
     <span class='ocr_line' id='line_1_88' title="bbox 2099 2669 3770 2748; baseline 0.004 -24"><span class='ocrx_word' id='word_1_509' title='bbox 2099 2671 2197 2724; x_wconf 79' lang='grc' dir='ltr'>Καὶ</span> <span class='ocrx_word' id='word_1_510' title='bbox 2251 2669 2638 2740; x_wconf 71' lang='grc' dir='ltr'>ἀπληκεύσασα</span> <span class='ocrx_word' id='word_1_511' title='bbox 2685 2671 2855 2727; x_wconf 78' lang='grc' dir='ltr'>ἐκεῖσε</span> <span class='ocrx_word' id='word_1_512' title='bbox 2905 2671 2980 2736; x_wconf 82' lang='grc' dir='ltr'>είς</span> <span class='ocrx_word' id='word_1_513' title='bbox 3009 2674 3107 2742; x_wconf 73' lang='grc' dir='ltr'>τὴν</span> <span class='ocrx_word' id='word_1_514' title='bbox 3145 2675 3342 2747; x_wconf 72' lang='grc' dir='ltr'>μονὴν,</span> <span class='ocrx_word' id='word_1_515' title='bbox 3379 2672 3640 2748; x_wconf 75' lang='grc' dir='ltr'>ὠνόμασε</span> <span class='ocrx_word' id='word_1_516' title='bbox 3672 2674 3770 2730; x_wconf 87' lang='grc' dir='ltr'>τὸν</span> 
     </span>
    </p>
   </div>
   <div class='ocr_carea' id='block_1_89' title="bbox 2096 2759 2550 2836">
    <p class='ocr_par' dir='ltr' id='par_1_89' title="bbox 2096 2759 2550 2836">
     <span class='ocr_line' id='line_1_89' title="bbox 2096 2759 2550 2836; baseline 0.004 -22"><span class='ocrx_word' id='word_1_517' title='bbox 2096 2759 2264 2814; x_wconf 77' lang='grc' dir='ltr'>τόπον</span> <span class='ocrx_word' id='word_1_518' title='bbox 2297 2761 2550 2836; x_wconf 83' lang='grc' dir='ltr'>Γάστρια.</span> 
     </span>
    </p>
   </div>
   <div class='ocr_carea' id='block_1_90' title="bbox 2097 2955 3780 3036">
    <p class='ocr_par' dir='ltr' id='par_1_90' title="bbox 2097 2955 3780 3036">
     <span class='ocr_line' id='line_1_90' title="bbox 2097 2955 3780 3036; baseline 0.005 -27"><span class='ocrx_word' id='word_1_519' title='bbox 2097 2955 2228 3032; x_wconf 77' lang='grc' dir='ltr'>Περὶ</span> <span class='ocrx_word' id='word_1_520' title='bbox 2295 2960 2394 3022; x_wconf 76' lang='grc' dir='ltr'>τῆς</span> <span class='ocrx_word' id='word_1_521' title='bbox 2477 2959 2648 3030; x_wconf 74' lang='grc' dir='ltr'>μονῆς</span> <span class='ocrx_word' id='word_1_522' title='bbox 2723 2957 2789 3012; x_wconf 76' lang='grc' dir='ltr'>τὰ</span> <span class='ocrx_word' id='word_1_523' title='bbox 2865 2957 3242 3036; x_wconf 80' lang='grc' dir='ltr'>Ξυλοκέρκου,</span> <span class='ocrx_word' id='word_1_524' title='bbox 3303 2961 3332 3014; x_wconf 83' lang='grc' dir='ltr'><strong>ὁ</strong></span> <span class='ocrx_word' id='word_1_525' title='bbox 3385 2961 3592 3036; x_wconf 81' lang='grc' dir='ltr'>Ἀγιος</span> <span class='ocrx_word' id='word_1_526' title='bbox 3663 2960 3780 3018; x_wconf 77' lang='grc' dir='ltr'>Μά-</span> 
     </span>
    </p>
   </div>
   <div class='ocr_carea' id='block_1_91' title="bbox 2864 3051 2985 3103">
    <p class='ocr_par' dir='ltr' id='par_1_91' title="bbox 2864 3051 2985 3103">
     <span class='ocr_line' id='line_1_91' title="bbox 2864 3051 2985 3103; baseline 0.017 -19"><span class='ocrx_word' id='word_1_527' title='bbox 2864 3051 2985 3103; x_wconf 74' lang='grc' dir='ltr'>μοις.</span> 
     </span>
    </p>
   </div>
   <div class='ocr_carea' id='block_1_92' title="bbox 2165 3116 3756 3198">
    <p class='ocr_par' dir='ltr' id='par_1_92' title="bbox 2165 3116 3756 3198">
     <span class='ocr_line' id='line_1_92' title="bbox 2165 3116 3756 3198; baseline 0.001 -24"><span class='ocrx_word' id='word_1_528' title='bbox 2165 3120 2228 3175; x_wconf 88' lang='grc' dir='ltr'>Ἡ</span> <span class='ocrx_word' id='word_1_529' title='bbox 2263 3116 2319 3172; x_wconf 74' lang='grc' dir='ltr'>δὲ</span> <span class='ocrx_word' id='word_1_530' title='bbox 2353 3118 2492 3191; x_wconf 84' lang='grc' dir='ltr'>μονή</span> <span class='ocrx_word' id='word_1_531' title='bbox 2543 3120 2576 3187; x_wconf 84' lang='grc' dir='ltr'><strong>ἡ</strong></span> <span class='ocrx_word' id='word_1_532' title='bbox 2643 3117 3015 3190; x_wconf 79' lang='grc' dir='ltr'>Ξυλόκερκος,</span> <span class='ocrx_word' id='word_1_533' title='bbox 3051 3121 3078 3174; x_wconf 87' lang='lat'>6</span> <span class='ocrx_word' id='word_1_534' title='bbox 3109 3123 3300 3194; x_wconf 73' lang='grc' dir='ltr'>’Ἀγιος</span> <span class='ocrx_word' id='word_1_535' title='bbox 3349 3119 3553 3194; x_wconf 82' lang='grc' dir='ltr'>Μάμας</span> <span class='ocrx_word' id='word_1_536' title='bbox 3609 3121 3756 3198; x_wconf 76' lang='grc' dir='ltr'>παρὰ</span> 
     </span>
    </p>
   </div>
   <div class='ocr_carea' id='block_1_93' title="bbox 2105 3205 3770 3285">
    <p class='ocr_par' dir='ltr' id='par_1_93' title="bbox 2105 3205 3770 3285">
     <span class='ocr_line' id='line_1_93' title="bbox 2105 3205 3770 3285; baseline 0.002 -24"><span class='ocrx_word' id='word_1_537' title='bbox 2105 3215 2205 3276; x_wconf 79' lang='grc' dir='ltr'>τῆς</span> <span class='ocrx_word' id='word_1_538' title='bbox 2282 3205 2527 3282; x_wconf 76' lang='grc' dir='ltr'>ἀδελφῆς</span> <span class='ocrx_word' id='word_1_539' title='bbox 2614 3207 2921 3282; x_wconf 84' lang='grc' dir='ltr'>Μαυρικίου</span> <span class='ocrx_word' id='word_1_540' title='bbox 3005 3207 3244 3279; x_wconf 80' lang='grc' dir='ltr'>ἐκτίσθη.</span> <span class='ocrx_word' id='word_1_541' title='bbox 3303 3211 3455 3266; x_wconf 72' lang='grc' dir='ltr'>Μετὰ</span> <span class='ocrx_word' id='word_1_542' title='bbox 3538 3212 3643 3285; x_wconf 76' lang='grc' dir='ltr'>γὰρ</span> <span class='ocrx_word' id='word_1_543' title='bbox 3705 3211 3770 3265; x_wconf 85' lang='grc' dir='ltr'>τὸ</span> 
     </span>
    </p>
   </div>
   <div class='ocr_carea' id='block_1_94' title="bbox 2108 3297 3774 3375">
    <p class='ocr_par' dir='ltr' id='par_1_94' title="bbox 2108 3297 3774 3375">
     <span class='ocr_line' id='line_1_94' title="bbox 2108 3297 3774 3375; baseline 0.001 -23"><span class='ocrx_word' id='word_1_544' title='bbox 2108 3299 2457 3373; x_wconf 74' lang='grc' dir='ltr'>ἀναιρεθῆναι</span> <span class='ocrx_word' id='word_1_545' title='bbox 2514 3297 2605 3351; x_wconf 89' lang='grc' dir='ltr'>τὸν</span> <span class='ocrx_word' id='word_1_546' title='bbox 2667 3297 2964 3370; x_wconf 84' lang='grc' dir='ltr'>Μαυρίκιον</span> <span class='ocrx_word' id='word_1_547' title='bbox 3036 3297 3112 3360; x_wconf 69' lang='grc' dir='ltr'>εἲς</span> <span class='ocrx_word' id='word_1_548' title='bbox 3182 3299 3274 3354; x_wconf 86' lang='grc' dir='ltr'>τὸν</span> <span class='ocrx_word' id='word_1_549' title='bbox 3335 3298 3637 3375; x_wconf 83' lang='grc' dir='ltr'>Εὐτροπίου</span> <span class='ocrx_word' id='word_1_550' title='bbox 3686 3298 3774 3354; x_wconf 76' lang='grc' dir='ltr'>λιο</span> 
     </span>
    </p>
   </div>
   <div class='ocr_carea' id='block_1_95' title="bbox 2111 3384 3775 3460">
    <p class='ocr_par' dir='ltr' id='par_1_95' title="bbox 2111 3384 3775 3460">
     <span class='ocr_line' id='line_1_95' title="bbox 2111 3384 3775 3460; baseline 0.002 -19"><span class='ocrx_word' id='word_1_551' title='bbox 2111 3389 2240 3460; x_wconf 70' lang='grc' dir='ltr'>μένα</span> <span class='ocrx_word' id='word_1_552' title='bbox 2291 3386 2382 3440; x_wconf 75' lang='grc' dir='ltr'>σὺν</span> <span class='ocrx_word' id='word_1_553' title='bbox 2439 3389 2566 3440; x_wconf 74' lang='grc' dir='ltr'>πᾶσι</span> <span class='ocrx_word' id='word_1_554' title='bbox 2627 3392 2743 3447; x_wconf 86' lang='grc' dir='ltr'>τοῖς</span> <span class='ocrx_word' id='word_1_555' title='bbox 2791 3388 3007 3449; x_wconf 83' lang='grc' dir='ltr'>τέκνοις</span> <span class='ocrx_word' id='word_1_556' title='bbox 3057 3387 3244 3460; x_wconf 75' lang='grc' dir='ltr'>αὐτοῦ,</span> <span class='ocrx_word' id='word_1_557' title='bbox 3276 3389 3365 3443; x_wconf 82' lang='grc' dir='ltr'>καὶ</span> <span class='ocrx_word' id='word_1_558' title='bbox 3397 3384 3640 3444; x_wconf 76' lang='grc' dir='ltr'>λαϐοῦσα</span> <span class='ocrx_word' id='word_1_559' title='bbox 3704 3390 3775 3444; x_wconf 75' lang='grc' dir='ltr'>τὰ</span> 
     </span>
    </p>
   </div>
   <div class='ocr_carea' id='block_1_96' title="bbox 2108 3475 3773 3554">
    <p class='ocr_par' dir='ltr' id='par_1_96' title="bbox 2108 3475 3773 3554">
     <span class='ocr_line' id='line_1_96' title="bbox 2108 3475 3773 3554; baseline 0.002 -24"><span class='ocrx_word' id='word_1_560' title='bbox 2108 3476 2336 3548; x_wconf 82' lang='grc' dir='ltr'>σώματα</span> <span class='ocrx_word' id='word_1_561' title='bbox 2408 3475 2584 3530; x_wconf 69' lang='grc' dir='ltr'>αὐτῶν</span> <span class='ocrx_word' id='word_1_562' title='bbox 2663 3476 2916 3539; x_wconf 76' lang='grc' dir='ltr'>κατέθετο</span> <span class='ocrx_word' id='word_1_563' title='bbox 2986 3476 3176 3533; x_wconf 76' lang='grc' dir='ltr'>ἐκεῖσε.</span> <span class='ocrx_word' id='word_1_564' title='bbox 3237 3480 3352 3548; x_wconf 80' lang='grc' dir='ltr'>Τήν</span> <span class='ocrx_word' id='word_1_565' title='bbox 3430 3475 3488 3533; x_wconf 72' lang='grc' dir='ltr'>δὲ</span> <span class='ocrx_word' id='word_1_566' title='bbox 3539 3484 3773 3554; x_wconf 79' lang='grc' dir='ltr'>γυναῖκα</span> 
     </span>
    </p>
   </div>
   <div class='ocr_carea' id='block_1_97' title="bbox 2108 3565 3766 3640">
    <p class='ocr_par' dir='ltr' id='par_1_97' title="bbox 2108 3565 3766 3640">
     <span class='ocr_line' id='line_1_97' title="bbox 2108 3565 3766 3640; baseline 0.001 -20"><span class='ocrx_word' id='word_1_567' title='bbox 2108 3565 2273 3620; x_wconf 77' lang='grc' dir='ltr'>αὐτοῦ</span> <span class='ocrx_word' id='word_1_568' title='bbox 2325 3565 2414 3619; x_wconf 81' lang='grc' dir='ltr'>καὶ</span> <span class='ocrx_word' id='word_1_569' title='bbox 2470 3565 2566 3627; x_wconf 78' lang='grc' dir='ltr'>τὰς</span> <span class='ocrx_word' id='word_1_570' title='bbox 2624 3570 2770 3638; x_wconf 84' lang='grc' dir='ltr'>τρεῖς</span> <span class='ocrx_word' id='word_1_571' title='bbox 2834 3565 3128 3640; x_wconf 69' lang='grc' dir='ltr'>θυγατέρας</span> <span class='ocrx_word' id='word_1_572' title='bbox 3180 3565 3256 3628; x_wconf 86' lang='grc' dir='ltr'>είς</span> <span class='ocrx_word' id='word_1_573' title='bbox 3283 3569 3380 3636; x_wconf 72' lang='grc' dir='ltr'>τὴν</span> <span class='ocrx_word' id='word_1_574' title='bbox 3415 3570 3585 3640; x_wconf 67' lang='grc' dir='ltr'>μονὴν</span> <span class='ocrx_word' id='word_1_575' title='bbox 3641 3566 3766 3623; x_wconf 83' lang='grc' dir='ltr'>ἐκά-</span> 
     </span>
    </p>
   </div>
   <div class='ocr_carea' id='block_1_98' title="bbox 2107 3653 3770 3732">
    <p class='ocr_par' dir='ltr' id='par_1_98' title="bbox 2107 3653 3770 3732">
     <span class='ocr_line' id='line_1_98' title="bbox 2107 3653 3770 3732; baseline 0.001 -22"><span class='ocrx_word' id='word_1_576' title='bbox 2107 3657 2250 3711; x_wconf 87' lang='grc' dir='ltr'>θισεν</span> <span class='ocrx_word' id='word_1_577' title='bbox 2315 3655 2496 3724; x_wconf 74' lang='grc' dir='ltr'>αὐτὰς,</span> <span class='ocrx_word' id='word_1_578' title='bbox 2527 3656 2594 3708; x_wconf 75' lang='grc' dir='ltr'>τὰ</span> <span class='ocrx_word' id='word_1_579' title='bbox 2651 3655 2782 3722; x_wconf 78' lang='grc' dir='ltr'>Νὲα,</span> <span class='ocrx_word' id='word_1_580' title='bbox 2817 3655 2952 3728; x_wconf 87' lang='grc' dir='ltr'>πρὸς</span> <span class='ocrx_word' id='word_1_581' title='bbox 3011 3653 3196 3732; x_wconf 82' lang='grc' dir='ltr'>ὀλίγον</span> <span class='ocrx_word' id='word_1_582' title='bbox 3232 3675 3244 3688; x_wconf 91' lang='grc'><strong>·</strong></span> <span class='ocrx_word' id='word_1_583' title='bbox 3282 3656 3381 3721; x_wconf 81' lang='grc' dir='ltr'>εἶθ’</span> <span class='ocrx_word' id='word_1_584' title='bbox 3411 3655 3584 3719; x_wconf 80' lang='grc' dir='ltr'>οὕτως</span> <span class='ocrx_word' id='word_1_585' title='bbox 3640 3658 3770 3712; x_wconf 83' lang='grc' dir='ltr'>ἀπε-</span> 
     </span>
    </p>
   </div>
   <div class='ocr_carea' id='block_1_99' title="bbox 2107 3743 3771 3823">
    <p class='ocr_par' dir='ltr' id='par_1_99' title="bbox 2107 3743 3771 3823">
     <span class='ocr_line' id='line_1_99' title="bbox 2107 3743 3771 3823; baseline 0.001 -23"><span class='ocrx_word' id='word_1_586' title='bbox 2107 3744 2394 3823; x_wconf 78' lang='grc' dir='ltr'>κεφάλισεν</span> <span class='ocrx_word' id='word_1_587' title='bbox 2454 3743 2617 3806; x_wconf 80' lang='grc' dir='ltr'>αὐτὰς</span> <span class='ocrx_word' id='word_1_588' title='bbox 2668 3745 2864 3807; x_wconf 83' lang='grc' dir='ltr'>Φώκας</span> <span class='ocrx_word' id='word_1_589' title='bbox 2897 3766 2909 3778; x_wconf 91' lang='grc'><strong>·</strong></span> <span class='ocrx_word' id='word_1_590' title='bbox 2942 3745 3032 3800; x_wconf 85' lang='grc' dir='ltr'>καὶ</span> <span class='ocrx_word' id='word_1_591' title='bbox 3091 3745 3189 3801; x_wconf 80' lang='grc' dir='ltr'>οὐκ</span> <span class='ocrx_word' id='word_1_592' title='bbox 3233 3743 3353 3800; x_wconf 75' lang='grc' dir='ltr'>ἔασε</span> <span class='ocrx_word' id='word_1_593' title='bbox 3401 3747 3500 3814; x_wconf 71' lang='grc' dir='ltr'>τὴν</span> <span class='ocrx_word' id='word_1_594' title='bbox 3542 3752 3771 3821; x_wconf 83' lang='grc' dir='ltr'>γυναῖκα</span> 
     </span>
    </p>
   </div>
   <div class='ocr_carea' id='block_1_100' title="bbox 2110 3832 3767 3911">
    <p class='ocr_par' dir='ltr' id='par_1_100' title="bbox 2110 3832 3767 3911">
     <span class='ocr_line' id='line_1_100' title="bbox 2110 3832 3767 3911; baseline 0.001 -22"><span class='ocrx_word' id='word_1_595' title='bbox 2110 3833 2421 3910; x_wconf 86' lang='grc' dir='ltr'>Μαυρικίου</span> <span class='ocrx_word' id='word_1_596' title='bbox 2478 3841 2735 3910; x_wconf 67' lang='grc' dir='ltr'>ταφῆναι,</span> <span class='ocrx_word' id='word_1_597' title='bbox 2770 3832 2896 3890; x_wconf 87' lang='grc' dir='ltr'>ἀλλ’</span> <span class='ocrx_word' id='word_1_598' title='bbox 2942 3835 3018 3897; x_wconf 80' lang='grc' dir='ltr'>εἷς</span> <span class='ocrx_word' id='word_1_599' title='bbox 3067 3836 3166 3903; x_wconf 79' lang='grc' dir='ltr'>τήν</span> <span class='ocrx_word' id='word_1_600' title='bbox 3226 3833 3497 3890; x_wconf 74' lang='grc' dir='ltr'>θάλασσαν</span> <span class='ocrx_word' id='word_1_601' title='bbox 3551 3833 3767 3911; x_wconf 72' lang='grc' dir='ltr'>ἔρῥιψεν</span> 
     </span>
    </p>
   </div>
   <div class='ocr_carea' id='block_1_101' title="bbox 2111 3923 3776 4002">
    <p class='ocr_par' dir='ltr' id='par_1_101' title="bbox 2111 3923 3776 4002">
     <span class='ocr_line' id='line_1_101' title="bbox 2111 3923 3776 4002; baseline 0 -23"><span class='ocrx_word' id='word_1_602' title='bbox 2111 3923 2630 4002; x_wconf 69' lang='grc' dir='ltr'>ἀποκεφαλισθεῖσαν</span> <span class='ocrx_word' id='word_1_603' title='bbox 2667 3942 2678 3954; x_wconf 92' lang='grc'><strong>·</strong></span> <span class='ocrx_word' id='word_1_604' title='bbox 2740 3924 2828 3979; x_wconf 87' lang='grc' dir='ltr'>καὶ</span> <span class='ocrx_word' id='word_1_605' title='bbox 2906 3930 3081 3979; x_wconf 82' lang='grc' dir='ltr'>πᾶσαν</span> <span class='ocrx_word' id='word_1_606' title='bbox 3141 3925 3241 3993; x_wconf 78' lang='grc' dir='ltr'>τὴν</span> <span class='ocrx_word' id='word_1_607' title='bbox 3309 3926 3496 4000; x_wconf 72' lang='grc' dir='ltr'>γενεὰν</span> <span class='ocrx_word' id='word_1_608' title='bbox 3558 3927 3776 3998; x_wconf 85' lang='grc' dir='ltr'>Μαυρι-</span> 
     </span>
    </p>
   </div>
   <div class='ocr_carea' id='block_1_102' title="bbox 2109 4008 2931 4087">
    <p class='ocr_par' dir='ltr' id='par_1_102' title="bbox 2109 4008 2931 4087">
     <span class='ocr_line' id='line_1_102' title="bbox 2109 4008 2931 4087; baseline 0 -19"><span class='ocrx_word' id='word_1_609' title='bbox 2109 4015 2232 4069; x_wconf 85' lang='grc' dir='ltr'>κίου</span> <span class='ocrx_word' id='word_1_610' title='bbox 2265 4015 2463 4075; x_wconf 84' lang='grc' dir='ltr'>Φώκας</span> <span class='ocrx_word' id='word_1_611' title='bbox 2495 4008 2668 4068; x_wconf 81' lang='grc' dir='ltr'>ὤλεσε</span> <span class='ocrx_word' id='word_1_612' title='bbox 2696 4017 2931 4087; x_wconf 83' lang='grc' dir='ltr'>πικρῶς.</span> 
     </span>
    </p>
   </div>
   <div class='ocr_carea' id='block_1_103' title="bbox 2685 4103 3196 4176">
    <p class='ocr_par' dir='ltr' id='par_1_103' title="bbox 2685 4103 3196 4176">
     <span class='ocr_line' id='line_1_103' title="bbox 2685 4103 3196 4176; baseline -0.008 -17"><span class='ocrx_word' id='word_1_613' title='bbox 2685 4103 2814 4176; x_wconf 80' lang='grc' dir='ltr'>Περὶ</span> <span class='ocrx_word' id='word_1_614' title='bbox 2849 4109 2949 4172; x_wconf 81' lang='grc' dir='ltr'>τῆς</span> <span class='ocrx_word' id='word_1_615' title='bbox 2977 4103 3196 4175; x_wconf 78' lang='grc' dir='ltr'>Χώρας.</span> 
     </span>
    </p>
   </div>
   <div class='ocr_carea' id='block_1_104' title="bbox 2183 4191 3775 4267">
    <p class='ocr_par' dir='ltr' id='par_1_104' title="bbox 2183 4191 3775 4267">
     <span class='ocr_line' id='line_1_104' title="bbox 2183 4191 3775 4267; baseline -0.001 -18"><span class='ocrx_word' id='word_1_616' title='bbox 2183 4194 2244 4249; x_wconf 85' lang='grc' dir='ltr'>Ἣ</span> <span class='ocrx_word' id='word_1_617' title='bbox 2294 4192 2434 4265; x_wconf 86' lang='grc' dir='ltr'>μονὴ</span> <span class='ocrx_word' id='word_1_618' title='bbox 2495 4193 2529 4260; x_wconf 81' lang='grc' dir='ltr'>ἡ</span> <span class='ocrx_word' id='word_1_619' title='bbox 2588 4192 2753 4267; x_wconf 85' lang='grc' dir='ltr'>Χώρα</span> <span class='ocrx_word' id='word_1_620' title='bbox 2810 4196 3030 4267; x_wconf 82' lang='grc' dir='ltr'>πρῶτον</span> <span class='ocrx_word' id='word_1_621' title='bbox 3066 4193 3162 4264; x_wconf 78' lang='grc' dir='ltr'>μὶν</span> <span class='ocrx_word' id='word_1_622' title='bbox 3195 4191 3480 4267; x_wconf 70' lang='grc' dir='ltr'>εὐκτήριον</span> <span class='ocrx_word' id='word_1_623' title='bbox 3513 4192 3602 4262; x_wconf 77' lang='grc' dir='ltr'>ἦν.</span> <span class='ocrx_word' id='word_1_624' title='bbox 3637 4192 3775 4266; x_wconf 88' lang='grc' dir='ltr'>Κρί-</span> 
     </span>
    </p>
   </div>
   <div class='ocr_carea' id='block_1_105' title="bbox 2115 4276 3776 4356">
    <p class='ocr_par' dir='ltr' id='par_1_105' title="bbox 2115 4276 3776 4356">
     <span class='ocr_line' id='line_1_105' title="bbox 2115 4276 3776 4356; baseline 0 -20"><span class='ocrx_word' id='word_1_625' title='bbox 2115 4303 2247 4344; x_wconf 87' lang='grc' dir='ltr'>σπος</span> <span class='ocrx_word' id='word_1_626' title='bbox 2309 4279 2366 4336; x_wconf 79' lang='grc' dir='ltr'>δὶ</span> <span class='ocrx_word' id='word_1_627' title='bbox 2421 4283 2448 4336; x_wconf 87' lang='lat'>6</span> <span class='ocrx_word' id='word_1_628' title='bbox 2497 4278 2738 4356; x_wconf 68' lang='grc' dir='ltr'>ἔπαρχος</span> <span class='ocrx_word' id='word_1_629' title='bbox 2794 4281 2884 4335; x_wconf 83' lang='grc' dir='ltr'>καὶ</span> <span class='ocrx_word' id='word_1_630' title='bbox 2941 4276 3188 4356; x_wconf 75' lang='grc' dir='ltr'>γαμϐρὸς</span> <span class='ocrx_word' id='word_1_631' title='bbox 3259 4286 3357 4336; x_wconf 82' lang='grc' dir='ltr'>τοῦ</span> <span class='ocrx_word' id='word_1_632' title='bbox 3416 4279 3776 4344; x_wconf 81' lang='grc' dir='ltr'>Καππάδοκος</span> 
     </span>
    </p>
   </div>
   <div class='ocr_carea' id='block_1_106' title="bbox 2113 4370 3777 4444">
    <p class='ocr_par' dir='ltr' id='par_1_106' title="bbox 2113 4370 3777 4444">
     <span class='ocr_line' id='line_1_106' title="bbox 2113 4370 3777 4444; baseline -0.001 -17"><span class='ocrx_word' id='word_1_633' title='bbox 2113 4373 2203 4427; x_wconf 83' lang='grc' dir='ltr'>καὶ</span> <span class='ocrx_word' id='word_1_634' title='bbox 2264 4373 2502 4442; x_wconf 76' lang='grc' dir='ltr'>ἀπηνοῦς</span> <span class='ocrx_word' id='word_1_635' title='bbox 2564 4371 2732 4425; x_wconf 86' lang='grc' dir='ltr'>Φώκα</span> <span class='ocrx_word' id='word_1_636' title='bbox 2784 4371 3118 4444; x_wconf 78' lang='grc' dir='ltr'>περιωρίσθη</span> <span class='ocrx_word' id='word_1_637' title='bbox 3172 4370 3363 4442; x_wconf 72' lang='grc' dir='ltr'>ἐκεῖσε,</span> <span class='ocrx_word' id='word_1_638' title='bbox 3397 4371 3478 4427; x_wconf 73' lang='grc' dir='ltr'>ὅτι</span> <span class='ocrx_word' id='word_1_639' title='bbox 3538 4372 3588 4426; x_wconf 73' lang='grc' dir='ltr'>ἐν</span> <span class='ocrx_word' id='word_1_640' title='bbox 3647 4373 3777 4426; x_wconf 84' lang='grc' dir='ltr'>ὑπο-</span> 
     </span>
    </p>
   </div>
   <div class='ocr_carea' id='block_1_107' title="bbox 2117 4459 3773 4538">
    <p class='ocr_par' dir='ltr' id='par_1_107' title="bbox 2117 4459 3773 4538">
     <span class='ocr_line' id='line_1_107' title="bbox 2117 4459 3773 4538; baseline -0.002 -19"><span class='ocrx_word' id='word_1_641' title='bbox 2117 4463 2282 4536; x_wconf 71' lang='grc' dir='ltr'>λήψει</span> <span class='ocrx_word' id='word_1_642' title='bbox 2334 4464 2529 4538; x_wconf 79' lang='grc' dir='ltr'>γὲγονε</span> <span class='ocrx_word' id='word_1_643' title='bbox 2572 4465 2669 4516; x_wconf 77' lang='grc' dir='ltr'>τοῦ</span> <span class='ocrx_word' id='word_1_644' title='bbox 2700 4459 3026 4538; x_wconf 79' lang='grc' dir='ltr'>Ἡρακλείου</span> <span class='ocrx_word' id='word_1_645' title='bbox 3055 4466 3151 4516; x_wconf 75' lang='grc' dir='ltr'>τοῦ</span> <span class='ocrx_word' id='word_1_646' title='bbox 3187 4459 3458 4537; x_wconf 65' lang='grc' dir='ltr'>βασιλέως</span> <span class='ocrx_word' id='word_1_647' title='bbox 3518 4463 3612 4517; x_wconf 79' lang='grc' dir='ltr'>Καὶ</span> <span class='ocrx_word' id='word_1_648' title='bbox 3671 4462 3773 4537; x_wconf 79' lang='grc' dir='ltr'>γὰρ</span> 
     </span>
    </p>
   </div>
   <div class='ocr_carea' id='block_1_108' title="bbox 2115 4551 3778 4627">
    <p class='ocr_par' dir='ltr' id='par_1_108' title="bbox 2115 4551 3778 4627">
     <span class='ocr_line' id='line_1_108' title="bbox 2115 4551 3778 4627; baseline -0.002 -19"><span class='ocrx_word' id='word_1_649' title='bbox 2115 4553 2206 4608; x_wconf 83' lang='grc' dir='ltr'>καὶ</span> <span class='ocrx_word' id='word_1_650' title='bbox 2260 4554 2405 4624; x_wconf 83' lang='grc' dir='ltr'>αὐτῷ</span> <span class='ocrx_word' id='word_1_651' title='bbox 2463 4553 2837 4627; x_wconf 70' lang='grc' dir='ltr'>συγκροτήσας</span> <span class='ocrx_word' id='word_1_652' title='bbox 2893 4551 2921 4604; x_wconf 83' lang='grc' dir='ltr'>ὁ</span> <span class='ocrx_word' id='word_1_653' title='bbox 2978 4551 3138 4614; x_wconf 83' lang='grc' dir='ltr'>αὐτὸς</span> <span class='ocrx_word' id='word_1_654' title='bbox 3189 4551 3448 4627; x_wconf 82' lang='grc' dir='ltr'>Κρίσπος,</span> <span class='ocrx_word' id='word_1_655' title='bbox 3493 4553 3581 4606; x_wconf 79' lang='grc' dir='ltr'>καὶ</span> <span class='ocrx_word' id='word_1_656' title='bbox 3639 4572 3778 4625; x_wconf 81' lang='grc' dir='ltr'>κρα-</span> 
     </span>
    </p>
   </div>
   <div class='ocr_carea' id='block_1_109' title="bbox 3154 4635 3774 4715">
    <p class='ocr_par' dir='ltr' id='par_1_109' title="bbox 3154 4635 3774 4715">
     <span class='ocr_line' id='line_1_109' title="bbox 3154 4635 3774 4715; baseline 0 -21"><span class='ocrx_word' id='word_1_657' title='bbox 3154 4638 3458 4715; x_wconf 84' lang='grc' dir='ltr'>βασιλείαν,</span> <span class='ocrx_word' id='word_1_658' title='bbox 3525 4635 3774 4715; x_wconf 78' lang='grc' dir='ltr'>γαμϐρὸς</span> 
     </span>
    </p>
   </div>
   <div class='ocr_carea' id='block_1_110' title="bbox 2117 4729 3778 4808">
    <p class='ocr_par' dir='ltr' id='par_1_110' title="bbox 2117 4729 3778 4808">
     <span class='ocr_line' id='line_1_110' title="bbox 2117 4729 3778 4808; baseline -0.002 -21"><span class='ocrx_word' id='word_1_659' title='bbox 2117 4734 2405 4808; x_wconf 78' lang='grc' dir='ltr'>τυγχάνων</span> <span class='ocrx_word' id='word_1_660' title='bbox 2459 4733 2627 4785; x_wconf 80' lang='grc' dir='ltr'>Φώκα</span> <span class='ocrx_word' id='word_1_661' title='bbox 2661 4749 2674 4762; x_wconf 83' lang='grc'><strong>’</strong></span> <span class='ocrx_word' id='word_1_662' title='bbox 2725 4729 2815 4784; x_wconf 85' lang='grc' dir='ltr'>καὶ</span> <span class='ocrx_word' id='word_1_663' title='bbox 2870 4732 3005 4802; x_wconf 77' lang='grc' dir='ltr'>μετὰ</span> <span class='ocrx_word' id='word_1_664' title='bbox 3050 4734 3213 4785; x_wconf 81' lang='grc' dir='ltr'>τοῦτο</span> <span class='ocrx_word' id='word_1_665' title='bbox 3276 4729 3548 4806; x_wconf 68' lang='grc' dir='ltr'>βασιλέως</span> <span class='ocrx_word' id='word_1_666' title='bbox 3600 4731 3778 4805; x_wconf 82' lang='grc' dir='ltr'>γράμ-</span> 
     </span>
    </p>
   </div>
   <div class='ocr_carea' id='block_1_111' title="bbox 2121 4815 3776 4897">
    <p class='ocr_par' dir='ltr' id='par_1_111' title="bbox 2121 4815 3776 4897">
     <span class='ocr_line' id='line_1_111' title="bbox 2121 4815 3776 4897; baseline -0.002 -21"><span class='ocrx_word' id='word_1_667' title='bbox 2121 4843 2263 4896; x_wconf 80' lang='grc' dir='ltr'>ματα</span> <span class='ocrx_word' id='word_1_668' title='bbox 2308 4822 2424 4876; x_wconf 78' lang='grc' dir='ltr'>κατ’</span> <span class='ocrx_word' id='word_1_669' title='bbox 2472 4819 2636 4874; x_wconf 80' lang='grc' dir='ltr'>αὐτοῦ</span> <span class='ocrx_word' id='word_1_670' title='bbox 2696 4815 2984 4890; x_wconf 83' lang='grc' dir='ltr'>δεξάμενος</span> <span class='ocrx_word' id='word_1_671' title='bbox 3032 4820 3060 4872; x_wconf 90' lang='lat'>6</span> <span class='ocrx_word' id='word_1_672' title='bbox 3091 4816 3414 4893; x_wconf 79' lang='grc' dir='ltr'>Ἡράκλειος</span> <span class='ocrx_word' id='word_1_673' title='bbox 3474 4817 3574 4897; x_wconf 66' lang='grc' dir='ltr'>ἔφη</span> <span class='ocrx_word' id='word_1_674' title='bbox 3627 4817 3776 4892; x_wconf 80' lang='grc' dir='ltr'>αὐτῷ</span> 
     </span>
    </p>
   </div>
   <div class='ocr_carea' id='block_1_112' title="bbox 2117 4902 3772 4983">
    <p class='ocr_par' dir='ltr' id='par_1_112' title="bbox 2117 4902 3772 4983">
     <span class='ocr_line' id='line_1_112' title="bbox 2117 4902 3772 4983; baseline -0.002 -17"><span class='ocrx_word' id='word_1_675' title='bbox 2117 4910 2334 4974; x_wconf 76' lang='grc' dir='ltr'>οὕτως·</span> <span class='ocrx_word' id='word_1_676' title='bbox 2395 4908 2606 4982; x_wconf 82' lang='grc' dir='ltr'>Ἀθλιι,</span> <span class='ocrx_word' id='word_1_677' title='bbox 2666 4902 2917 4983; x_wconf 73' lang='grc' dir='ltr'>γαμϐρὸν</span> <span class='ocrx_word' id='word_1_678' title='bbox 2978 4907 3077 4962; x_wconf 83' lang='grc' dir='ltr'>οὐκ</span> <span class='ocrx_word' id='word_1_679' title='bbox 3148 4906 3432 4978; x_wconf 82' lang='grc' dir='ltr'>ἐποίησας,</span> <span class='ocrx_word' id='word_1_680' title='bbox 3491 4909 3582 4962; x_wconf 87' lang='grc' dir='ltr'>καὶ</span> <span class='ocrx_word' id='word_1_681' title='bbox 3653 4913 3772 4970; x_wconf 82' lang='grc' dir='ltr'>πῶς</span> 
     </span>
    </p>
   </div>
   <div class='ocr_carea' id='block_1_113' title="bbox 2115 4995 3775 5074">
    <p class='ocr_par' dir='ltr' id='par_1_113' title="bbox 2115 4995 3775 5074">
     <span class='ocr_line' id='line_1_113' title="bbox 2115 4995 3775 5074; baseline -0.002 -19"><span class='ocrx_word' id='word_1_682' title='bbox 2115 4999 2294 5071; x_wconf 82' lang='grc' dir='ltr'>ἀληθῆ</span> <span class='ocrx_word' id='word_1_683' title='bbox 2347 4998 2507 5074; x_wconf 79' lang='grc' dir='ltr'>φίλον</span> <span class='ocrx_word' id='word_1_684' title='bbox 2564 4999 2845 5067; x_wconf 74' lang='grc' dir='ltr'>ποιήσειςς</span> <span class='ocrx_word' id='word_1_685' title='bbox 2881 4997 2978 5050; x_wconf 86' lang='grc' dir='ltr'>Διά</span> <span class='ocrx_word' id='word_1_686' title='bbox 3030 5001 3198 5052; x_wconf 80' lang='grc' dir='ltr'>ταῦτα</span> <span class='ocrx_word' id='word_1_687' title='bbox 3246 4995 3337 5051; x_wconf 79' lang='grc' dir='ltr'>οὖν</span> <span class='ocrx_word' id='word_1_688' title='bbox 3390 4997 3562 5052; x_wconf 81' lang='grc' dir='ltr'>ἐκεῖσε</span> <span class='ocrx_word' id='word_1_689' title='bbox 3591 5017 3775 5072; x_wconf 75' lang='grc' dir='ltr'>περιοο</span> 
     </span>
    </p>
   </div>
   <div class='ocr_carea' id='block_1_114' title="bbox 2116 5081 3772 5164">
    <p class='ocr_par' dir='ltr' id='par_1_114' title="bbox 2116 5081 3772 5164">
     <span class='ocr_line' id='line_1_114' title="bbox 2116 5081 3772 5164; baseline 0 -24"><span class='ocrx_word' id='word_1_690' title='bbox 2116 5090 2318 5164; x_wconf 75' lang='grc' dir='ltr'>ρισθεῖς</span> <span class='ocrx_word' id='word_1_691' title='bbox 2374 5083 2551 5142; x_wconf 78' lang='grc' dir='ltr'>ἔκτισε</span> <span class='ocrx_word' id='word_1_692' title='bbox 2604 5084 2805 5154; x_wconf 83' lang='grc' dir='ltr'>ταύτην</span> <span class='ocrx_word' id='word_1_693' title='bbox 2894 5082 2969 5144; x_wconf 71' lang='grc' dir='ltr'>εἷς</span> <span class='ocrx_word' id='word_1_694' title='bbox 3054 5081 3266 5145; x_wconf 82' lang='grc' dir='ltr'>κάλλος</span> <span class='ocrx_word' id='word_1_695' title='bbox 3349 5083 3439 5138; x_wconf 82' lang='grc' dir='ltr'>καὶ</span> <span class='ocrx_word' id='word_1_696' title='bbox 3522 5082 3772 5158; x_wconf 67' lang='grc' dir='ltr'>μέγεθος.</span> 
     </span>
    </p>
   </div>
   <div class='ocr_carea' id='block_1_115' title="bbox 2111 5170 3774 5249">
    <p class='ocr_par' dir='ltr' id='par_1_115' title="bbox 2111 5170 3774 5249">
     <span class='ocr_line' id='line_1_115' title="bbox 2111 5170 3774 5249; baseline -0.003 -18"><span class='ocrx_word' id='word_1_697' title='bbox 2111 5175 2429 5247; x_wconf 74' lang='grc' dir='ltr'>Ἐπεκλτξθη</span> <span class='ocrx_word' id='word_1_698' title='bbox 2479 5173 2537 5229; x_wconf 72' lang='grc' dir='ltr'>δὲ</span> <span class='ocrx_word' id='word_1_699' title='bbox 2587 5173 2775 5248; x_wconf 81' lang='grc' dir='ltr'>Χώρα,</span> <span class='ocrx_word' id='word_1_700' title='bbox 2812 5170 2950 5226; x_wconf 85' lang='grc' dir='ltr'>διότι</span> <span class='ocrx_word' id='word_1_701' title='bbox 2981 5177 3088 5227; x_wconf 80' lang='grc' dir='ltr'>τῶν</span> <span class='ocrx_word' id='word_1_702' title='bbox 3122 5173 3430 5241; x_wconf 85' lang='grc' dir='ltr'>Βυζαντίων</span> <span class='ocrx_word' id='word_1_703' title='bbox 3465 5172 3672 5249; x_wconf 86' lang='grc' dir='ltr'>χωρίον</span> <span class='ocrx_word' id='word_1_704' title='bbox 3705 5173 3774 5242; x_wconf 78' lang='grc' dir='ltr'>ἧν</span> 
     </span>
    </p>
   </div>
   <div class='ocr_carea' id='block_1_116' title="bbox 2115 5259 3778 5336">
    <p class='ocr_par' dir='ltr' id='par_1_116' title="bbox 2115 5259 3778 5336">
     <span class='ocr_line' id='line_1_116' title="bbox 2115 5259 3778 5336; baseline -0.002 -16"><span class='ocrx_word' id='word_1_705' title='bbox 2115 5266 2286 5320; x_wconf 73' lang='grc' dir='ltr'>ἐκεῖσε</span> <span class='ocrx_word' id='word_1_706' title='bbox 2346 5265 2446 5336; x_wconf 81' lang='grc' dir='ltr'>ἔξω</span> <span class='ocrx_word' id='word_1_707' title='bbox 2501 5269 2598 5318; x_wconf 74' lang='grc' dir='ltr'>τοῦ</span> <span class='ocrx_word' id='word_1_708' title='bbox 2666 5261 2984 5331; x_wconf 84' lang='grc' dir='ltr'>Βυζαντίου,</span> <span class='ocrx_word' id='word_1_709' title='bbox 3043 5261 3179 5316; x_wconf 75' lang='grc' dir='ltr'>καθὰ</span> <span class='ocrx_word' id='word_1_710' title='bbox 3242 5262 3332 5316; x_wconf 84' lang='grc' dir='ltr'>καὶ</span> <span class='ocrx_word' id='word_1_711' title='bbox 3383 5262 3452 5318; x_wconf 73' lang='grc' dir='ltr'>τὰ</span> <span class='ocrx_word' id='word_1_712' title='bbox 3511 5259 3778 5317; x_wconf 83' lang='grc' dir='ltr'>Στουδίου</span> 
     </span>
    </p>
   </div>
   <div class='ocr_carea' id='block_1_117' title="bbox 2114 5353 2947 5432">
    <p class='ocr_par' dir='ltr' id='par_1_117' title="bbox 2114 5353 2947 5432">
     <span class='ocr_line' id='line_1_117' title="bbox 2114 5353 2947 5432; baseline -0.004 -22"><span class='ocrx_word' id='word_1_713' title='bbox 2114 5355 2348 5432; x_wconf 83' lang='grc' dir='ltr'>χωρίον,</span> <span class='ocrx_word' id='word_1_714' title='bbox 2380 5355 2470 5410; x_wconf 84' lang='grc' dir='ltr'>καὶ</span> <span class='ocrx_word' id='word_1_715' title='bbox 2502 5353 2634 5409; x_wconf 83' lang='grc' dir='ltr'>αὐτὸ</span> <span class='ocrx_word' id='word_1_716' title='bbox 2679 5353 2947 5426; x_wconf 83' lang='grc' dir='ltr'>ὑπῆρχεν.</span> 
     </span>
    </p>
   </div>
   <div class='ocr_carea' id='block_1_118' title="bbox 2535 5458 3347 5536">
    <p class='ocr_par' dir='ltr' id='par_1_118' title="bbox 2535 5458 3347 5536">
     <span class='ocr_line' id='line_1_118' title="bbox 2535 5458 3347 5536; baseline -0.002 -19"><span class='ocrx_word' id='word_1_717' title='bbox 2535 5461 2666 5536; x_wconf 83' lang='grc' dir='ltr'>Περὶ</span> <span class='ocrx_word' id='word_1_718' title='bbox 2694 5463 2794 5514; x_wconf 77' lang='grc' dir='ltr'>τοῦ</span> <span class='ocrx_word' id='word_1_719' title='bbox 2816 5459 3005 5534; x_wconf 81' lang='grc' dir='ltr'>Ἀγίου</span> <span class='ocrx_word' id='word_1_720' title='bbox 3037 5458 3347 5530; x_wconf 80' lang='grc' dir='ltr'>Ῥωμανοῢ.</span> 
     </span>
    </p>
   </div>
   <div class='ocr_carea' id='block_1_119' title="bbox 2183 5544 3771 5627">
    <p class='ocr_par' dir='ltr' id='par_1_119' title="bbox 2183 5544 3771 5627">
     <span class='ocr_line' id='line_1_119' title="bbox 2183 5544 3771 5627; baseline -0.003 -20"><span class='ocrx_word' id='word_1_721' title='bbox 2183 5553 2282 5606; x_wconf 85' lang='grc' dir='ltr'>Τὸν</span> <span class='ocrx_word' id='word_1_722' title='bbox 2337 5553 2492 5627; x_wconf 77' lang='grc' dir='ltr'>ἅγιον</span> <span class='ocrx_word' id='word_1_723' title='bbox 2552 5550 2828 5625; x_wconf 81' lang='grc' dir='ltr'>Ῥωμανὸν</span> <span class='ocrx_word' id='word_1_724' title='bbox 2890 5551 2925 5619; x_wconf 79' lang='grc' dir='ltr'>ἡ</span> <span class='ocrx_word' id='word_1_725' title='bbox 2986 5545 3111 5623; x_wconf 82' lang='grc' dir='ltr'>ἁγία</span> <span class='ocrx_word' id='word_1_726' title='bbox 3165 5547 3355 5620; x_wconf 71' lang='grc' dir='ltr'>Ἑλένη</span> <span class='ocrx_word' id='word_1_727' title='bbox 3414 5544 3609 5607; x_wconf 76' lang='grc' dir='ltr'>ἔκτισε.</span> <span class='ocrx_word' id='word_1_728' title='bbox 3651 5551 3771 5619; x_wconf 69' lang='grc' dir='ltr'>Τήν</span> 
     </span>
    </p>
   </div>
   <div class='ocr_carea' id='block_1_120' title="bbox 2115 5637 3770 5715">
    <p class='ocr_par' dir='ltr' id='par_1_120' title="bbox 2115 5637 3770 5715">
     <span class='ocr_line' id='line_1_120' title="bbox 2115 5637 3770 5715; baseline -0.002 -20"><span class='ocrx_word' id='word_1_729' title='bbox 2115 5639 2174 5696; x_wconf 71' lang='grc' dir='ltr'>δὲ</span> <span class='ocrx_word' id='word_1_730' title='bbox 2216 5641 2451 5713; x_wconf 84' lang='grc' dir='ltr'>πλησίον</span> <span class='ocrx_word' id='word_1_731' title='bbox 2501 5643 2670 5696; x_wconf 78' lang='grc' dir='ltr'>αὐτοῦ</span> <span class='ocrx_word' id='word_1_732' title='bbox 2728 5639 2883 5715; x_wconf 87' lang='grc' dir='ltr'>ἁγίαν</span> <span class='ocrx_word' id='word_1_733' title='bbox 2933 5637 3129 5712; x_wconf 86' lang='grc' dir='ltr'>Σορὸν,</span> <span class='ocrx_word' id='word_1_734' title='bbox 3161 5638 3251 5692; x_wconf 86' lang='grc' dir='ltr'>καὶ</span> <span class='ocrx_word' id='word_1_735' title='bbox 3291 5639 3354 5694; x_wconf 90' lang='grc' dir='ltr'>τὸ</span> <span class='ocrx_word' id='word_1_736' title='bbox 3386 5637 3639 5714; x_wconf 76' lang='grc' dir='ltr'>λείψανον</span> <span class='ocrx_word' id='word_1_737' title='bbox 3672 5643 3770 5693; x_wconf 80' lang='grc' dir='ltr'>τοῦ</span> 
     </span>
    </p>
   </div>
   <div class='ocr_carea' id='block_1_121' title="bbox 2116 5725 3768 5811">
    <p class='ocr_par' dir='ltr' id='par_1_121' title="bbox 2116 5725 3768 5811">
     <span class='ocr_line' id='line_1_121' title="bbox 2116 5725 3768 5811; baseline -0.001 -26"><span class='ocrx_word' id='word_1_738' title='bbox 2116 5731 2269 5805; x_wconf 79' lang='grc' dir='ltr'>ἁγίου</span> <span class='ocrx_word' id='word_1_739' title='bbox 2315 5733 2603 5811; x_wconf 69' lang='grc' dir='ltr'>προφήτου</span> <span class='ocrx_word' id='word_1_740' title='bbox 2661 5725 2889 5799; x_wconf 79' lang='grc' dir='ltr'>Δανιὴλ,</span> <span class='ocrx_word' id='word_1_741' title='bbox 2946 5726 3036 5783; x_wconf 83' lang='grc' dir='ltr'>καὶ</span> <span class='ocrx_word' id='word_1_742' title='bbox 3105 5730 3204 5782; x_wconf 78' lang='grc' dir='ltr'>τοῦ</span> <span class='ocrx_word' id='word_1_743' title='bbox 3267 5729 3425 5807; x_wconf 86' lang='grc' dir='ltr'>ἁγίου</span> <span class='ocrx_word' id='word_1_744' title='bbox 3482 5731 3768 5804; x_wconf 83' lang='grc' dir='ltr'>Ῥωμανοῦ</span> 
     </span>
    </p>
   </div>
  </div>
