4124 6380
344 413 499 474 1273

1473 406 1832 471 ΑΝΟΝΥΜΙ
1879 406 2463 480 ANTIQUITATES
2510 408 2628 468 ΟΡ.

3611 410 3767 470 12Ἶᾶ

341 549 439 600 τοῦ
474 545 769 620 μάρτυρος,
790 542 883 598 καὶ
915 546 1022 596 τῶν
1071 539 1285 596 λοιπῶν
1326 547 1652 620 προφητῶν,
1682 546 1792 596 τῶν
1825 539 1996 596 ἰκεῖσε

2126 539 2552 613 )rophetarum,
2576 540 2674 610 qui
2704 539 2924 596 ibidem
2951 541 3175 612 jaceat,
3199 540 3420 611 intulit,
3446 557 3512 596 ac
3540 558 3675 596 eum
3710 542 3770 597 in

343 635 606 707 κειμένων
639 636 674 704 ἡ
724 632 858 702 αὐτή
912 633 1036 708 ἁγία
1093 629 1290 701 Ἑλένη
1339 631 1602 708 ἀνήγαγε,
1633 630 1723 686 καὶ
1766 631 2000 694 τέθεικεν

349 723 540 781 ἐκεῖσε.
590 725 652 777 Οἱ
685 719 743 778 δὶ
790 723 961 798 ἅγιοι,
1007 720 1037 775 δ
1092 741 1150 776 τε
1217 722 1422 795 Ἰωσὴφ
1483 722 1511 776 6
1567 721 1804 791 ποιητὴς
1851 720 1939 775 καὶ
1972 721 2000 774 6

347 809 584 889 ἀδελφὰς
638 809 801 866 αὐτοῦ
854 806 1135 883 Θεόδωρος
1188 809 1215 863 6
1259 806 1555 879 Στουδίτης
1605 807 1777 862 ἐκεῖσε
1824 807 2002 872 ἐκαθέ-

349 905 534 970 ζοντο,
581 899 670 955 καὶ
729 898 946 956 ἐποίουν
1003 899 1133 963 τοὺς
1207 899 1433 960 κανόνας
1492 897 1544 953 ἐν
1606 903 1723 960 τοῖς
1773 897 2002 973 χρόνοις

345 989 576 1051 Λέοντος
623 993 719 1044 τοῦ
773 988 1086 1065 Ἀρμενίου,
1133 987 1266 1061 μετᾶ
1326 994 1376 1066 φ’
1423 985 1515 1056 ἔτη
1564 989 1661 1041 τοῦ
1718 992 2000 1056 κτισθῆναι

343 1078 435 1133 τὸν
468 1079 615 1148 ναὸν,
643 1076 733 1133 ὅτε
761 1081 896 1147 ἦσαν
921 1077 1073 1132 οὗτοι
1100 1077 1152 1130 οἱ
1183 1075 1428 1146 ποιηταί.

665 1184 795 1257 Περὶ
827 1191 927 1254 τῆς
973 1185 1140 1256 μονῆς
1183 1184 1250 1239 τὰ
1290 1182 1680 1256 Μαρτινακίου.

415 1274 529 1344 Τὴν
579 1276 752 1348 μονὴν
801 1274 866 1329 τὰ
916 1273 1281 1348 Μαρτινακίοο
1341 1273 1593 1350 ἀνήγειρε
1636 1273 2002 1348 Μαρτινάκιος

344 1363 654 1439 πατρίκιον,
716 1364 744 1418 6
802 1364 947 1424 θεῖος
1007 1365 1106 1432 τῆς
1186 1361 1336 1438 ἁγίας
1397 1366 1720 1441 Θεοφανοῦς,
1781 1360 1833 1416 ἐν
1889 1366 2005 1422 τοῖς

344 1452 572 1530 χρόνοις
606 1451 895 1510 Βασιλείου
921 1453 1009 1507 καὶ
1041 1451 1299 1528 Μιχαήλ.

2111 630 2302 684 locum
2350 629 2648 701 deposuit.
2680 632 2964 684 Craterum
2997 630 3058 684 S.
3091 630 3310 702 Joseph
3358 635 3526 702 poeta
3554 635 3611 686 et
3642 632 3771 702 ejus

2113 719 2291 773 frater
2322 715 2667 772 Theodorus
2698 718 2930 773 Studita
2980 719 3198 775 ibidem
3250 720 3774 775 commorabantur

2113 805 2368 862 canones
2427 811 2887 878 componentes,
2939 811 3196 879 tempore
3255 808 3464 862 Leonis
3515 810 3765 864 Armeni.

2111 895 2218 959 Qui
2253 899 2430 966 poeta:
2471 907 2606 966 post
2637 912 2825 950 annos
2857 895 3213 968 quingentos
3246 913 3278 952 a
3309 897 3540 953 condita
3585 897 3771 954 eccle-

2113 983 2201 1040 sia
2231 985 2520 1040 vivebant.

2361 1184 2432 1238 De
2465 1184 2795 1238 monasterio
2824 1184 3151 1251 cognomine
3182 1183 3516 1240 Martinacii.

2185 1271 2602 1328 Monasterium
2637 1271 2959 1327 lllartinacii
2984 1272 3207 1327 dictum
3231 1273 3538 1329 aedificavit
3573 1274 3772 1328 Marti-

2117 1361 2317 1417 nacius
2352 1360 2658 1432 patricius,
2683 1361 3010 1416 avunculus
3043 1368 3260 1418 sanctae
3295 1362 3774 1434 Theophanonis,

2115 1454 2378 1520 tempore
2409 1449 2606 1505 Basilii
2639 1455 2696 1505 et
2731 1450 3052 1508 Michaelis.

1139 1573 1214 1629 De
1243 1575 1573 1629 monasterio
1610 1574 1707 1630 SS.
1742 1576 1951 1630 Cosmw
1981 1579 2035 1627 et
2063 1571 2332 1626 Damiani
2361 1570 2620 1627 Paulinae
2652 1574 2986 1642 nuncupata.

415 1670 491 1724 Τὰ
534 1667 591 1724 δὲ
634 1667 910 1740 Παυλίνης
953 1669 1166 1740 ἰκλήθη
1216 1669 1322 1724 ἀπὸ
1372 1669 1646 1726 ΙῙαυλίνου
1701 1668 2000 1744 μαγίστρου

344 1757 432 1813 ἐπὶ
486 1763 584 1814 τοῦ
642 1757 932 1836 θεοφιλοῦς
981 1755 1274 1832 Θεοδοσίου
1329 1762 1427 1812 τοῦ
1486 1762 1704 1832 μικροῦ.
1757 1757 2000 1817 Γνωστὸς

2183 1669 2431 1723 Tractus
2461 1668 2720 1724 Paulinae
2743 1670 2938 1725 dictus
2965 1685 3176 1725 nomen
3212 1669 3432 1742 accepit
3467 1687 3500 1725 a
3531 1669 3775 1725 Paulino

2113 1757 2422 1829 magistro,
2437 1761 2553 1814 tem
2565 1775 2701 1830 pore
2719 1758 2973 1830 piissimi
2988 1759 3777 1830 TheodosiiJunioris,cujus

342 1847 447 1922 γὰρ
493 1847 658 1903 αὐτοῦ
717 1848 983 1922 ὑπῆρχεν,
1045 1849 1148 1904 Ἦν
1207 1845 1266 1900 δὲ
1313 1847 1450 1919 πρὸς
1503 1845 1667 1901 αὐτοῦ
1725 1847 1752 1901 6
1809 1845 1999 1914 τόπος,

2126 1853 2237 1902 arat
2267 1847 2599 1902 familiaris.
2637 1848 2830 1918 Ipsius
2876 1853 3072 1903 autem
3107 1855 3232 1904 erat
3261 1848 3428 1904 locus
3477 1849 3594 1915 ille,
3629 1853 3687 1903 et
3717 1849 3777 1903 in

343 1937 432 1991 καὶ
467 1936 714 2011 ἀνήγειρε
742 1936 834 1991 τὸν
881 1937 1007 1991 ναὸν
1052 1937 1161 1990 τῶν
1212 1934 1382 2010 ἁγίων
1429 1935 1800 2011 Ἀναργύρων.
1835 1934 2003 1992 Οῧπω

344 2023 404 2080 δε
442 2024 752 2081 ἐτελείωσεν
784 2024 963 2083 αὐτόν.
1026 2025 1150 2082 Ἐπὶ
1213 2021 1270 2078 δέ
1327 2023 1490 2080 αὐτοῦ
1551 2022 1755 2101 ηὑρέθη
1822 2023 2002 2097 μῆλον

347 2112 590 2189 ὀπῶρας,
645 2111 804 2183 δίκην
887 2111 1100 2189 ἐπέχων
1187 2111 1385 2186 μοδίου
1454 2113 1516 2167 τὸ
1593 2113 1837 2188 μέγεθος,
1898 2112 2004 2167 ἀπὸ

343 2202 581 2277 Φρυγίας
633 2202 1169 2275 κομίσαντος’τοῦτό
1217 2223 1365 2264 τινος
1400 2222 1414 2236 ο
1473 2203 1563 2257 καὶ
1623 2200 1754 2258 ἰδὼν
1805 2201 1935 2256 αὐτὸ
1975 2201 2003 2256 ὁ

346 2290 625 2368 βασιλεὺς,
684 2291 773 2347 ἐπὶ
829 2296 938 2346 τῶν
1009 2293 1234 2366 ἡμερῶν
1311 2291 1476 2346 αὐτοῦ
1525 2290 1736 2367 εὑρεθὲν
1785 2295 2004 2345 τοιοῦτο

343 2380 634 2454 έθαύμασε,
675 2382 766 2436 καὶ
827 2378 996 2435 ἔδωκε
1039 2385 1120 2452 τῷ
1165 2381 1526 2453 κομισαμένῳ
1571 2380 1884 2454 νομίσματα
1937 2380 2001 2453 ρ’,

343 2470 431 2524 καὶ
478 2469 791 2526 ἀπέστειλεν
826 2469 956 2524 αὐτὸ
1001 2466 1243 2541 Εὐδοκίᾳ
1282 2473 1350 2543 τῇ
1403 2470 1685 2541 Ἀθηναίᾳ,
1731 2473 1799 2543 τῇ
1839 2468 2004 2523 αὐτοῦ

344 2559 585 2635 γυναικί·
640 2559 853 2630 Ἐκείνη
917 2557 974 2614 ὃὶ
1013 2557 1300 2614 ἀπέσσειλε
1337 2560 1472 2634 πρὸς
1518 2555 1810 2615 Παυλῖνον.
1843 2559 1904 2616 Ὀ
1949 2555 2006 2612 δὶ

347 2645 602 2724 βασιλεὺς
667 2648 876 2720 μαθὼν,
922 2649 1010 2702 καὶ
1076 2642 1534 2722 ἀκριϐευσάμενος
1583 2647 1707 2724 περὶ
1748 2650 1846 2716 τῆς
1877 2645 2004 2701 τοῦ-

341 2758 440 2792 του
472 2735 810 2806 ἀποστολῆς,
843 2737 934 2792 καὶ
981 2736 1137 2811 γνοὺς
1185 2739 1285 2807 τὴν
1333 2737 1612 2807 ἀΑήθειαν,
1665 2735 1874 2806 ἐκείνην
1907 2737 2002 2810 μὶν

343 2826 594 2899 ἠμύνατο
653 2825 888 2902 ῥήμασιν
950 2825 1270 2902 αὐστηροῖς,
1321 2826 1413 2882 τὸν
1468 2823 1526 2880 δὲ
1574 2825 1844 2881 Παυλῖνον
1879 2827 2008 2902 ὥρια

349 2935 436 2969 σεν
492 2913 856 2992 ἀνερχόμενον
915 2913 966 2970 ἐν
1016 2919 1096 2987 τῷ
1151 2912 1426 2988 παλατίῳ,
1490 2914 1591 2969 ὑπὸ
1649 2913 1744 2969 δύο
1794 2912 2003 2989 ἀνδρῶν

355 3001 826 3076 μελοκοπηθῆναι.
883 3007 994 3063 Τοῦ
1054 3001 1114 3073 δὲ
1181 3004 1555 3079 ἀνερχομένου
1621 3003 1696 3066 εἷς
1754 3005 1816 3059 τὸ
1875 3025 2007 3058 σκο-

347 3094 543 3164 τεινὸν,
593 3093 692 3149 οὐκ
739 3092 1088 3165 ἠδυνήθησαν
1141 3093 1292 3148 αὗτοι
1353 3093 1543 3172 σφάξαι
1603 3090 1783 3149 αὒτόν.
1830 3092 2008 3150 Ἀλλὰ

341 3182 410 3238 τὰ
455 3183 566 3238 ὦτα
615 3183 779 3238 αὐτοῦ
827 3183 1079 3257 ἐξέκοψαν
1115 3202 1127 3216 ο
1163 3182 1253 3238 καὶ
1307 3182 1462 3246 εὐθὺς
1517 3181 1737 3252 ἐνόησεν
1779 3184 1807 3237 6
1859 3186 2007 3239 Παυ-

2117 1955 2182 1994 co
2212 1938 2520 1994 ecclesiam
2562 1939 2661 1994 SS.
2693 1942 3131 2012 Anargyrorum
3169 1945 3388 1995 Cosmaa
3421 1946 3478 1994 et
3507 1940 3778 1995 Damiani

2117 2028 2443 2084 aediﬁcavit.
2480 2029 2754 2084 Nondum
2799 2034 2996 2084 autem
3030 2029 3301 2085 absoluta
3331 2034 3650 2096 structura,
3687 2044 3781 2084 re-

2118 2121 2349 2186 pertum
2397 2115 2507 2170 fuit
2537 2132 2603 2171 eo
2634 2121 2899 2188 tempore
2931 2134 3176 2188 pomum
3225 2118 3568 2173 autumnale
3601 2117 3781 2172 modii

2119 2205 2716 2276 magnitudine,quod
2749 2222 2818 2261 ex
2847 2206 3098 2278 Phrygia
3129 2207 3371 2278 quidam
3421 2208 3492 2262 ad
3525 2208 3780 2278 impera-

2114 2301 2300 2350 torem
2340 2294 2563 2350 attulit.
2591 2295 2714 2359 Quo
2743 2294 2868 2350 viso
2922 2295 3242 2366 imperator
3271 2313 3383 2351 non
3419 2297 3643 2368 absque
3671 2296 3781 2350 ad-

2118 2384 2624 2453 miratione,quod
2653 2401 2760 2440 suo
2793 2389 3053 2456 tempore
3084 2384 3384 2440 inventum
3419 2391 3594 2451 esset,
3619 2401 3779 2452 eum,

2117 2474 2213 2544 qui
2273 2475 2572 2540 attulerat,
2625 2477 2861 2528 centum
2923 2475 3186 2530 nummis
3241 2474 3663 2540 remuneravit,
3715 2491 3781 2529 ac

2117 2563 2312 2634 ipsum
2361 2561 2624 2618 Eudociae
2675 2561 3018 2621 Atheniensi
3068 2563 3233 2618 uxori
3283 2581 3403 2619 suae
3455 2563 3650 2629 misit;
3685 2563 3787 2617 illa

2116 2669 2252 2708 vero
2285 2652 2552 2708 Paulino.
2588 2653 2750 2717 Quod
2797 2652 2897 2707 ubi
2954 2652 3274 2724 imperator
3323 2652 3581 2717 rescivit,
3617 2668 3682 2707 ac
3715 2654 3788 2707 de

2116 2740 2356 2796 veritate
2389 2742 2602 2795 certior
2647 2740 2837 2796 factus
2868 2749 2978 2807 est,
3013 2759 3252 2798 uxorem
3286 2759 3488 2798 severa
3519 2741 3787 2796 intermi-

2119 2831 2360 2884 natione
2413 2829 2756 2900 increpavit,
2787 2831 3104 2886 Paulinum
3137 2847 3272 2887 vero
3326 2831 3610 2903 palatium
3646 2831 3785 2884 sub-

2117 2923 2352 2974 euntem
2403 2937 2436 2974 a
2488 2919 2723 2975 duobus
2775 2918 3132 2976 satellitibus
3179 2919 3519 2975 obtruncari
3565 2918 3785 2989 jussit;

2119 3024 2294 3080 quem
2330 3014 2526 3062 tamen
2558 3007 2619 3062 in
2667 3007 2929 3063 tenebris
2974 3007 3256 3079 palatium
3290 3009 3650 3080 ingressum,
3685 3007 3787 3061 ab-

2119 3096 2324 3152 scissis
2353 3096 2544 3151 solum
2589 3095 2857 3162 auribus,
2891 3113 3006 3150 non
3055 3101 3375 3168 potuerunt
3425 3096 3785 3163 interficere;

2119 3189 2174 3241 et
2208 3184 2360 3240 illico
2411 3185 2535 3257 ipse
2589 3202 2651 3240 se
2701 3185 2940 3241 insidiis
2989 3185 3458 3241 circumventum
3512 3185 3690 3241 novit.
3725 3185 3787 3239 Id

349 3272 504 3335 λῖνος
530 3272 632 3340 τήν
664 3268 986 3341 ἐπιϐουλὴν.
1038 3276 1215 3330 Τοῦτο
1263 3272 1320 3326 ὁὶ
1371 3273 1551 3344 θαῦμα
1597 3272 1664 3340 ἦν
1706 3277 1812 3326 τῶν
1846 3272 2003 3347 ἁγίων

2126 3291 2294 3345 porro
2354 3256 2568 3330 accidit
2628 3275 2779 3330 mira
2831 3274 2934 3330 SS.
2965 3276 3404 3346 Anargyrorum
3453 3277 3672 3328 Cosmaa
3731 3278 3790 3327 et

345 3359 725 3437 Ἀναργῦρων,
757 3360 907 3424 ὅπως
952 3360 1218 3435 τελειώσῃ
1272 3362 1364 3416 τὸν
1419 3361 1544 3415 ναὸν
1578 3361 1776 3432 αὐτῶν,
1813 3361 2009 3420 Ἀκού-

347 3471 442 3513 σας
475 3447 534 3505 δε
561 3452 732 3506 ταῦτα
763 3452 790 3506 6
848 3448 1122 3527 βασιλεὺς,
1173 3451 1255 3506 ὅτι
1312 3450 1649 3526 ἡστόχησεν,
1697 3451 2007 3526 αἰσχυνθεὶς

342 3544 560 3609 τοῦτον,
611 3541 833 3614 ἄγνοιαν
891 3536 1296 3615 προυϐάλλετο.
1354 3537 1754 3602 Τελειώσαντος
1815 3538 1873 3595 δι
1919 3541 2011 3595 τὸν

349 3629 500 3700 ναὸν,
533 3628 897 3708 ἀπεκεφάλισε
923 3633 1116 3685 τοῦτον
1151 3633 1420 3706 φανερῶς.

2120 3363 2389 3419 Damiani
2426 3379 2555 3434 ope,
2592 3369 2656 3418 ut
2687 3379 2888 3419 eorum
2925 3363 3215 3434 templum
3250 3363 3573 3433 perliceret.
3610 3362 3789 3432 Impe-

2122 3459 2280 3508 rator
2313 3459 2509 3508 autem
2564 3451 2902 3520 intelligens
2933 3469 2965 3508 a
2998 3469 3174 3525 scopo
3208 3452 3543 3508 aberratum
3577 3451 3783 3517 fuisse,

2120 3559 2237 3614 prae
2280 3543 2523 3613 pudore,
2560 3541 2708 3596 nihil
2761 3542 2872 3596 sibi
2927 3541 3037 3597 bac
3071 3543 3142 3596 de
3172 3559 3235 3597 re
3265 3542 3566 3613 cognitum
3603 3540 3786 3595 fuisse

2120 3632 2443 3686 simulavit.
2478 3630 2696 3687 Verum
2747 3630 3017 3688 absoluto
3063 3631 3284 3702 templo
3316 3631 3418 3686 SS.
3452 3633 3782 3702 Anargyro-

2119 3737 2274 3791 rum,
2305 3719 2417 3791 ipsi
2452 3724 2629 3791 caput
2657 3719 2852 3792 palam
2886 3720 3181 3793 amputari
3207 3720 3414 3791 jussit.

778 3839 853 3894 De
880 3854 1040 3895 muro
1068 3839 1395 3895 occidentali
1421 3854 1768 3911 magnarum
1795 3847 2102 3910 portarum,
2135 3847 2376 3910 tempore
2411 3838 2603 3894 Leonis
2631 3839 2981 3909 imperatoris
3013 3840 3344 3894 instaurata.

411 3935 487 3989 Τὰ
541 3933 702 4009 τείχη
747 3942 847 4006 τῆς
899 3933 1118 3998 πόλεως
1165 3940 1274 3991 τῶν
1326 3935 1580 4010 μεγάλων
1630 3939 1874 4011 πορτῶν,
1904 3943 2006 4005 τῆς

343 4020 548 4087 δύσεως
587 4021 674 4078 ἰπὶ
727 4023 959 4086 Λέοντος
1007 4028 1103 4080 τοῦ
1151 4023 1396 4100 μεγάλου
1443 4023 1534 4078 καὶ
1584 4018 1840 4086 εὐσεϐοὖς
1880 4023 2004 4078 ἀνε-

340 4113 614 4183 καινίσθη,
649 4112 738 4167 ὅτε
767 4113 858 4168 καὶ
909 4111 1252 4168 ἓλιτάνευσαν
1291 4113 1382 4168 καὶ
1433 4113 1517 4182 τὸ,
1551 4112 1720 4189 Κύριε
1751 4111 2004 4184 ἐλέησον,

341 4203 746 4278 τεσσαράκοντα
776 4197 1089 4272 έξεϐόησαν,
1133 4201 1222 4257 καὶ
1270 4203 1298 4258 6
1356 4199 1534 4276 δῆμος
1583 4207 1691 4258 τῶν
1722 4201 2004 4278 ΙΙρασίνων

343 4286 568 4365 ἔκραξαν
655 4289 828 4354 οὕτως
864 4309 878 4325 ⁸
955 4289 1144 4362 Ἑλένη
1253 4291 1342 4346 καὶ
1427 4297 1830 4356 Κωνσταντῖνος
1911 4292 2001 4347 καὶ

341 4376 628 4442 Θεοδόσιος
691 4379 768 4442 εἷς
821 4381 1022 4456 κράτος
1083 4378 1434 4451 έδικήθησαν.
1485 4380 1658 4443 Οὗτος
1693 4379 1750 4436 δὶ
1807 4380 2001 4455 ἐνομο-

343 4467 536 4539 θέτησε
563 4470 662 4539 τήν
687 4469 840 4546 ἁγίαν
872 4471 1144 4546 Κυριακήν
1177 4469 1411 4546 ἀπραξίᾳ
1437 4476 1718 4542 τιμᾶσθαι.

596 4577 724 4651 Περὶ
755 4577 823 4632 τὰ
849 4576 1036 4653 τείχη,
1062 4579 1129 4632 τὰ
1158 4577 1294 4653 πρὸς
1323 4577 1421 4646 τήν
1457 4575 1747 4640 θάλασσαν.

414 4664 498 4722 T6.
534 4664 720 4741 τείχη,
774 4665 839 4721 τὰ
895 4666 1032 4743 πρὸς
1085 4667 1186 4736 τήν
1239 4664 1510 4728 θάλασσαν
1560 4661 1684 4720 ὄντα
1733 4665 1998 4721 ἀνεκαινίο

341 4757 542 4825 σθησαν
603 4756 867 4831 πρότερον
949 4756 1052 4810 ὑπὸ
1126 4751 1377 4831 Τιϐερίου
1459 4755 1820 4832 Ἀψιμάρου·
1897 4752 2000 4818 ἕως

337 4845 442 4919 γὰρ
501 4843 668 4898 αὐτοῦ
755 4843 1084 4918 ἠμελημένα
1168 4843 1464 4921 ἐτύγχανον
1537 4846 1699 4901 πάνυ.
1759 4844 1890 4901 Εἶτα
1942 4842 2002 4900 ἐκ

340 4931 594 5008 δευτέρου
624 4933 954 4990 ἀνεκαίνισεν
983 4934 1118 4990 αὐτᾶ
1156 4933 1442 5013 Θεόφιλος.

647 5040 774 5115 Περὶ
799 5043 896 5094 τοῦ
923 5039 1139 5114 nemo
1167 5044 1265 5095 τοῦ
1297 5039 1681 5115 Κεντηναρίου.

411 5126 505 5190 Εἷς
543 5124 601 5183 δὶ
644 5128 738 5184 τὸν
785 5128 990 5206 πύργον
1031 5129 1094 5184 τὸ
1140 5131 1499 5206 Κεντηνάριον
1554 5125 1738 5202 ἔξοδος
1787 5128 2002 5204 ἐγένετο

339 5215 554 5287 πολλὴ.
599 5223 839 5292 Σεισμοῦ
887 5215 945 5273 δὲ
997 5220 1291 5294 γενομένου
1345 5218 1435 5275 καὶ
1487 5220 1849 5296 χαλάσαντος,
1877 5218 2003 5290 ἀνή-

333 5326 512 5383 γειρεν
545 5306 704 5364 αὐτὸν
735 5307 1026 5385 Θεόφιλος,
1048 5307 1122 5370 ὡς
1155 5307 1341 5383 ὁρᾶται
1379 5305 1597 5384 μικρός.

871 5487 946 5541 Τὰ
972 5484 1072 5558 ἔξω
1108 5488 1468 5561 μοναστήρια.

409 5578 470 5634 Ἦ
517 5574 574 5632 δὶ
624 5577 1088 5654 Ἀχειροποιήτης
1137 5576 1355 5650 ἰκτίσθη
1407 5579 1552 5654 παρὰ
1599 5582 1696 5634 τοῦ
1748 5580 2003 5654 Μεγᾶλου

338 5667 747 5722 Κωνσταντίνου
803 5665 882 5730 εἷς
937 5669 1001 5723 τὸ
1058 5668 1372 5737 καθέζεσθαι
1428 5662 1724 5743 ’Δϐράμιον
1773 5668 1865 5723 τὸν
1902 5690 2002 5742 μο-

332 5757 505 5834 ναχὸν
536 5754 729 5814 ἐκεῖσε.
764 5756 859 5811 Διὸ
889 5757 978 5813 καὶ
1010 5755 1220 5830 ἐκλήθη
1259 5750 1583 5835 Ἀϐραμίου,

2189 3937 2337 3993 Muri
2397 3938 2562 3993 urbis
2619 3937 3014 3993 occidentales
3070 3953 3418 4008 magnarum
3473 3941 3776 4008 portarum

2115 4027 2228 4081 sub
2260 4027 2450 4081 Leone
2484 4027 2692 4098 Magno
2741 4043 2808 4082 ac
2859 4025 2955 4097 pio
2989 4027 3249 4082 renovati
3287 4029 3448 4092 sunt,
3479 4041 3595 4096 quo
3627 4031 3777 4080 tem-

2114 4131 2252 4186 pore
2303 4115 2658 4187 supplicatio
2717 4116 2943 4186 habita,
3005 4132 3072 4170 ac
3131 4113 3553 4187 quadragesies
3610 4115 3780 4186 Kyrie

2112 4205 2340 4274 eleison,
2403 4203 2837 4260 conclamatum
2892 4207 3000 4273 est,
3061 4203 3464 4259 succlamante
3523 4203 3776 4258 factione

2113 4293 2358 4349 Prasina
2385 4309 2398 4348 :
2434 4294 2658 4360 Helena,
2695 4295 3091 4350 Constantinus
3122 4303 3174 4348 et
3199 4293 3522 4349 Theodosius
3549 4309 3779 4366 prorsus

2111 4385 2242 4438 victi
2281 4388 2432 4438 sunt.
2466 4388 2747 4439 Caeterum
2798 4384 2895 4439 hic
2946 4383 3074 4456 lege
3107 4384 3378 4451 sancivit,
3413 4388 3480 4439 ut
3509 4383 3632 4440 dies
3663 4382 3780 4438 Do-

2112 4472 2328 4529 minica
2359 4473 2560 4528 feriata
2591 4472 2898 4529 coleretur.

2622 4581 2696 4636 De
2727 4584 2904 4636 muris
2934 4582 3256 4637 maritimis.

2183 4671 2379 4726 Muros
2411 4670 2744 4726 maritimos
2787 4676 2958 4726 antea
2991 4672 3225 4742 penitus
3279 4669 3577 4740 neglectos
3607 4669 3776 4724 Tibe-

2113 4759 2238 4815 rius
2268 4760 2613 4831 Apsimarus
2647 4760 3038 4815 reaediiicavit.
3070 4759 3292 4815 Deinde
3325 4759 3563 4815 eosdem
3595 4758 3781 4814 Theo-

2114 4847 2313 4921 philus
2345 4849 2604 4904 secuudo
2635 4847 3006 4904 restauravit.

2485 5049 2559 5104 De
2586 5057 2736 5104 turre
2764 5047 3161 5104 Centenarium
3197 5055 3401 5103 vocata.

2187 5137 2394 5192 'l'urris
2426 5139 2771 5210 cognomine
2801 5137 3212 5193 Centenarium
3256 5135 3492 5208 magnis
3524 5134 3782 5207 sumpti-

2115 5226 2226 5280 bus
2257 5231 2553 5282 exstructa
2584 5227 2694 5281 fuit
2723 5243 2737 5282 :
2770 5225 2872 5281 illa
2903 5232 3100 5282 autem
3133 5231 3468 5282 terraamotu
3498 5224 3778 5296 collapsa,

2117 5331 2351 5388 parvam
2400 5315 2572 5386 banc,
2606 5320 2671 5371 ut
2716 5315 2916 5372 videre
2965 5315 3120 5383 licet,
3169 5314 3540 5371 reaediﬁcavit
3587 5313 3780 5370 Theo-

2115 5403 2335 5477 philus.

2500 5497 2580 5549 De
2609 5494 2960 5551 monasteriis
2989 5502 3155 5550 emtra
3183 5495 3396 5550 urbem.

2187 5581 2608 5638 Monasterium
2636 5584 3056 5655 Achiropoetes
3087 5583 3306 5638 dictum
3342 5582 3608 5639 condidit
3630 5583 3779 5637 Con-

2116 5673 2414 5727 stantinus
2455 5671 2727 5744 Magnus,
2763 5677 2828 5728 ut
2870 5671 3217 5728 Abramium
3252 5672 3609 5728 monachum
3641 5669 3778 5726 istic

2115 5759 2455 5828 collocaret;
2489 5763 2644 5818 unde
2669 5762 2936 5820 Abramii
2969 5759 3426 5834 appellationem
3457 5757 3736 5832 sumpsit.
