4124 6388
406 463 565 524 1275

1002 592 1077 648 De
1106 591 1469 648 Hebdomodo.

475 681 778 754 Templum
836 680 1155 752 oblongum
1225 682 1593 737 llebdomum
1659 685 2059 752 nuncupatum

408 773 698 828 exstruxit
754 771 1180 826 Constantinus
1240 771 1490 842 Magnus
1549 772 1607 826 in
1670 773 1947 826 honorem
2005 770 2064 824 Β.

405 862 655 917 Joannis
686 860 986 933 Theologi.
1021 859 1330 930 Templum
1366 866 1581 923 autem,
1612 862 1860 917 rotundo
1896 864 2063 926 tecto,

409 951 652 1006 conchis
695 951 1054 1006 instructum
1108 950 1372 1004 condidit
1401 949 1766 1004 Theodosius
1797 950 2066 1019 Magnus,

407 1057 472 1096 ac
525 1039 878 1095 Przecursori
931 1039 1327 1110 nuncupavit;
1381 1055 1446 1093 eo
1502 1040 1656 1110 quod
1709 1038 1836 1110 ipso
1882 1038 2064 1110 impe-

409 1134 576 1184 rante
618 1133 796 1200 caput
837 1125 1086 1183 Joannis
1119 1127 1500 1182 Prmcursoris
1547 1127 1788 1182 allatum
1842 1127 2064 1194 fuisset,

412 1219 568 1290 quod
603 1217 663 1272 in
701 1217 998 1272 llebdomo
1029 1215 1314 1271 suburbio
1337 1221 1640 1287 exceptum
1673 1217 1732 1271 in
1760 1217 2068 1273 ecclesiam

412 1308 471 1362 S.
504 1307 750 1362 Joannis
781 1305 1037 1377 theologi
1090 1322 1206 1360 una
1255 1321 1388 1360 cum
1436 1305 1704 1360 Nectario
1737 1307 2069 1377 patriarcha

413 1397 707 1467 deposuit.
743 1395 963 1450 Deinde
1006 1411 1138 1449 vero
1173 1394 1420 1448 Ruﬁnus
1467 1396 1748 1466 magister
1777 1396 2070 1467 persuasit

413 1485 754 1558 imperatori
815 1490 879 1538 ut
936 1488 1222 1555 templum
1279 1485 1338 1538 S.
1379 1483 1626 1540 Joannis
1686 1485 2068 1542 Prae-cursoris

413 1578 800 1640 construeret,
834 1573 894 1629 in
943 1591 1058 1645 quo
1088 1573 1354 1644 eiusdem
1394 1591 1629 1630 sacrum
1679 1581 1856 1646 caput
1902 1592 2067 1648 repo-

412 1669 670 1720 neretur.

677 1754 749 1808 De
777 1754 1007 1808 ecclesia
1039 1753 1134 1807 SS.
1169 1756 1430 1825 Deiparae
1459 1755 1529 1809 ad
1558 1756 1802 1811 Famem.

480 1843 798 1898 Ecclesium
831 1843 929 1898 SS.
965 1842 1228 1914 Deiparae
1273 1845 1342 1899 ad
1391 1845 1655 1912 Fontem,
1689 1845 2064 1901 Justinianus

1371 459 1770 520 APPENDIX
1818 460 1922 519 AD
1972 457 2436 518 MICHAELEM
2483 454 2870 517 PSELLUM.

2094 591 2150 657 A

3681 451 3843 511 1276

2710 585 2843 660 Ηερί
2879 587 2976 638 τοῦ
3007 577 3303 655 Έὸδὸμου.

2256 677 2324 730 Τὸ
2360 672 2416 730 δὲ
2447 670 2724 748 ’Ἐϐδομον
2759 675 2785 728 6
2833 671 3097 749 δρομικὸς
3145 673 3265 734 ναὸς
3305 670 3520 742 ἐκτίσθη
3561 670 3706 746 παρὰ
3733 674 3834 725 τοῦ

2177 764 2434 840 Μεγάλου
2486 764 2894 820 Κωνσταντίνου
2945 762 3023 827 εἷς
3063 759 3234 836 ὄνομα
3292 766 3389 817 τοῦ
3447 761 3600 836 ἀγίου
3643 759 3830 816 Ἰωάν-

2178 877 2272 908 νου
2329 859 2428 909 τοῦ
2483 851 2783 928 Θεολόγου.
2840 855 2899 911 Ὀ
2957 850 3014 907 δὲ
3067 851 3567 928 στρογγυλόστεγος
3614 851 3742 911 ναὸς
3803 849 3832 903 6

2178 939 2322 1018 ἔχων
2355 944 2451 1006 τὰς
2492 944 2721 1018 κόγχας.
2775 942 3062 1015 ὠνομὲσθη
3113 940 3459 1017 Πρόδρομος,
3490 941 3580 995 καὶ
3608 939 3828 1008 ἐκτίσθη

2176 1034 2324 1107 παρὰ
2351 1037 2447 1088 τοῦ
2483 1031 2741 1107 Μεγάλου
2793 1029 3087 1088 Θεοδοσίου
3121 1051 3132 1062 ·
3187 1028 3327 1086 διότι
3371 1031 3422 1085 ἐν
3456 1036 3570 1092 τοῖς
3602 1029 3831 1105 χρόνοις

2177 1122 2344 1177 αὐτοῦ
2402 1126 2437 1191 ἡ
2500 1123 2628 1197 ἁγία
2695 1121 2907 1200 κεφαλὴ
2965 1124 3063 1175 τοῦ
3117 1117 3444 1196 Προδρόμου
3503 1116 3676 1193 ἤχθη,
3743 1116 3834 1170 καὶ

2180 1209 2426 1282 ἐδέξαντο
2475 1213 2646 1281 αὐτὴν
2699 1211 2776 1273 είς
2823 1212 2885 1266 τὸ
2945 1205 3246 1282 Ἐϐδομον,
3303 1209 3394 1263 καὶ
3446 1207 3702 1263 ἆπέθεντο
3759 1205 3838 1269 εἷς

2177 1303 2271 1356 τὸν
2299 1301 2424 1355 ναὸν
2476 1306 2574 1356 τοῦ
2620 1299 2895 1375 Θεολογοῦ
2952 1299 3086 1372 μετᾶ
3131 1299 3426 1374 Νεκταρίου
3459 1298 3831 1373 Πατριάρχου.

2178 1392 2240 1448 Ὀ
2297 1388 2354 1444 δὲ
2443 1389 2737 1466 μάγιστρος
2821 1389 3101 1465 Ῥουφῖνος
3185 1383 3364 1441 ἔπεισε
3445 1385 3534 1439 τὸν
3607 1381 3836 1458 βασιλέα

2176 1480 2353 1535 κτίσαι
2415 1480 2542 1534 ναὸν
2602 1476 2698 1533 τοῦ
2775 1474 3124 1553 Προδρόμου,
3203 1475 3280 1538 εἷς
3335 1475 3400 1530 16
3455 1480 3675 1543 τεθῆναι
3731 1473 3831 1540 τήν

2178 1569 2330 1643 ἁγίαν
2361 1569 2527 1624 αὐτοῦ
2557 1569 2746 1642 κάραν,

2749 1745 2878 1822 Περὶ
2907 1753 3008 1815 τῆς
3042 1750 3256 1820 Πηγῆς.

2250 1841 2366 1909 Τὴν
2429 1837 2487 1893 δὶ
2556 1839 2746 1913 Ιίηγήν
2804 1835 3009 1891 ἔκτισεν
3062 1832 3450 1896 Ἰουστινιανὸς
3505 1832 3534 1887 6
3592 1829 3780 1906 Μέγας
3815 1847 3832 1864 ο

411 1947 663 2004 magnus
705 1931 1033 1987 aedificavit.
1065 1931 1210 1987 Cum
1257 1933 1414 1988 enim
1445 1932 1764 2006 aliquando
1799 1936 1857 1990 in
1887 1935 2063 1990 Thra-

2188 1930 2257 1991 εἷς
2304 1930 2368 1984 τὸ
2417 1935 2725 2003 κυνηγῆσαι
2778 1924 3133 2002 ἐξερχόμενος
3179 1924 3255 1986 είς
3303 1922 3403 2017 την
3453 1921 3691 2017 Θρᾴκην,
3724 1918 3835 2017 εἶδε

408 2021 558 2078 ciam
587 2026 866 2077 venatum
918 2021 1052 2088 iret,
1085 2027 1142 2077 et
1170 2038 1239 2077 ex
1287 2022 1398 2078 hoc
1445 2023 1687 2096 templo,
1720 2025 1872 2093 quod
1924 2031 2065 2080 tunc

408 2127 655 2183 parvum
688 2111 1008 2166 oratorium
1060 2127 1126 2165 ac
1167 2111 1344 2167 unius
1394 2113 1665 2168 monachi
1697 2114 2064 2170 domicilium

407 2203 554 2266 erat,
576 2216 850 2272 magnam
873 2199 1093 2255 videret
1120 2200 1349 2270 prodire
1375 2202 1575 2272 populi
1602 2203 2063 2274 multitudinem,

406 2288 791 2359 interrogavit
813 2289 1096 2360 quidnam
1131 2288 1275 2344 illud
1309 2296 1482 2346 esset.
1510 2292 1834 2362 Respondit
1866 2300 2064 2350 autem

409 2377 738 2448 Strategius
790 2377 1071 2449 magister
1099 2384 1156 2432 et
1185 2384 1387 2435 custos
1418 2379 1740 2452 imperialis
1785 2384 2064 2454 pecunias,

409 2466 628 2521 fontem
665 2466 746 2520 ibi
774 2482 904 2521 esse
934 2466 1167 2522 morbos
1200 2473 1533 2524 sanantem.
1556 2469 1717 2524 Tunc
1751 2470 2068 2542 imperator

409 2554 802 2610 admiratione
831 2555 1077 2610 atl‘ectus
1109 2555 1260 2610 hanc
1289 2556 1594 2613 ecclesiam
1641 2575 1709 2613 ex
1753 2559 2066 2631 superﬂuis

410 2648 630 2715 Magnae
661 2643 922 2699 ecclesia:
961 2644 1250 2711 materiis,
1280 2647 1500 2701 exstrui
1532 2649 1780 2704 curavit.

517 2749 593 2803 De
620 2751 982 2805 monasteriis
1009 2749 1166 2805 ultra
1193 2753 1422 2820 fretum,
1455 2757 1505 2808 et
1535 2753 1600 2809 de
1628 2757 1960 2811 monasterio

1111 2822 1370 2878 Picridii.

483 2908 900 2964 Monasterium
947 2909 1180 2965 Picridii
1241 2912 1550 2967 aedificavit
1597 2914 1886 2972 Picridius
1934 2917 2066 2989 qui-

414 2999 549 3054 dam
581 2997 982 3053 cubicularius
1011 3005 1272 3070 tempore
1306 3001 1480 3056 [rente
1511 3003 1736 3059 Atticm.

687 3109 768 3158 Dc
800 3106 1132 3161 monasterio
1163 3107 1603 3165 Armamentarz’i
1629 3110 1790 3167 dicto.

482 3192 902 3248 Monasterium
957 3195 1016 3249 S.
1069 3194 1564 3267 Panteleemonis,
1614 3202 2067 3258 Armamentarii

2184 2019 2320 2076 λαοῦ
2370 2016 2584 2083 πλῆθος
2644 2017 2844 2080 ἐκεῖθεν
2896 2015 3274 2090 ἐξερχόμενον,
3335 2011 3490 2073 εντος
3541 2009 3834 2082 εὐκτηρίου

2179 2112 2401 2185 μικροῦ,
2435 2107 2528 2162 καὶ
2576 2105 2692 2168 ἑνὸς
2733 2105 3102 2177 καθεζομένου
3155 2105 3426 2177 μοναχοῦ,
3473 2100 3560 2156 καὶ
3608 2097 3835 2174 ἠρώτη-

2177 2219 2261 2253 σεν
2296 2197 2324 2251 6
2367 2194 2646 2268 βασιλεὺς,
2697 2194 2749 2249 τί
2799 2193 2937 2249 ἐστιν
2977 2213 2990 2262 ;
3041 2194 3069 2248 6
3119 2189 3178 2247 δὲ
3225 2192 3562 2265 Στρατήγιος
3610 2190 3638 2244 6
3671 2190 3837 2262 μάγι-

2177 2307 2336 2363 στρος
2377 2287 2404 2340 6
2437 2284 2609 2364 φύλαξ
2659 2289 2767 2339 τῶν
2821 2282 3119 2358 βασιλικῶν
3165 2283 3470 2358 χρημάτων
3508 2282 3652 2335 εἶπεν
3687 2277 3837 2349 αὐτῷ

2177 2377 2260 2430 ὅτι
2293 2379 2328 2445 ἡ
2361 2377 2513 2449 πηγή
2553 2378 2661 2428 τῶν
2715 2372 2963 2446 ἷαματων
3018 2371 3148 2428 ἐστί.
3197 2371 3328 2426 Τότε
3367 2368 3645 2442 θαυμάσας
3676 2369 3704 2422 6
3739 2368 3837 2443 βα-

2177 2465 2358 2528 σιλεὺς
2409 2459 2612 2520 ἔκτισεν
2696 2461 2865 2532 αὐτὴν
2938 2459 2996 2516 ἐκ
3067 2466 3176 2516 τῶν
3225 2460 3668 2536 περισσευμάτων
3726 2463 3833 2526 τῆς

2178 2552 2440 2630 Μεγάλης
2475 2553 2790 2624 ἐκκλησίας.

2179 2751 2309 2826 Περὶ
2367 2757 2475 2807 τῶν
2540 2749 2924 2825 μοναστηρίων
2992 2747 3100 2826 τῷν
3174 2747 3500 2819 περατικῶν,
3555 2743 3642 2799 καὶ
3703 2743 3834 2818 περὶ

2621 2825 2719 2891 τῆς
2755 2818 2822 2878 τὰ
2863 2818 3150 2893 Πικριδίου
3184 2818 3380 2892 μονῆς.

2249 2912 2329 2969 Τὰ
2382 2909 2672 2986 ΙΙικριδίου
2717 2915 2752 2982 ἡ
2830 2911 2971 2984 μονή
3046 2907 3262 2978 ἐκτίσθη
3345 2905 3491 2982 παρᾶ
3544 2900 3835 2980 Πικριδίου

2177 3001 2324 3064 τινὸς
2349 3001 2674 3057 κοιτωνίτου
2706 3000 2756 3056 ἐν
2804 3005 2922 3062 τοῖς
2975 2998 3201 3074 χρόνοις
3239 2997 3483 3069 Εἷρήνης
3516 2993 3829 3064 Ἀθηναίας.

2626 3107 2756 3182 Περί
2786 3107 2852 3161 τὰ
2884 3102 3382 3181 Ἀρμαμενταρίου.

2248 3200 2322 3252 Τὰ
2368 3197 2846 3273 Ἀρμαμενταρίου
2894 3198 2929 3265 ἡ
2986 3195 3150 3269 μονὴ,
3203 3195 3231 3248 ὀ
3279 3194 3477 3268 Ἀγιος
3526 3189 3837 3260 ΙῙαντελεή-

408 3282 780 3353 cognomine,
826 3283 1082 3354 primum
1138 3286 1250 3340 sub
1300 3287 1578 3343 Mauricio
1630 3299 2062 3348 armamentum

412 3375 529 3391 η-.
579 3371 711 3391 τι--.
749 3388 928 3391 ,μη
1141 3374 1160 3391 ,
1325 3380 1333 3391 .
1573 3378 1586 3391 .
1708 3379 1781 3391 ..
1888 3385 1895 3391 .
2010 3386 2018 3391 .

2188 3311 2324 3361 μων,
2374 3293 2592 3361 πρῶτον
2645 3286 2731 3342 ἐπὶ
2785 3285 3092 3360 Μαυρικίου
3141 3281 3486 3357 ἄρμαμέντον
3537 3280 3624 3350 ἦν.
3685 3281 3841 3337 Μετᾶ

2188 3374 2227 3391 λς
2387 3377 2396 3391 ο
2709 3383 2717 3391 .
2773 3381 2802 3391 Α
2875 3371 2898 3391 ἢ
2928 3374 2938 3391 Ι
3078 3373 3091 3391 ι
3268 3372 3284 3391 \
3344 3377 3378 3391 Λ
3495 3367 3531 3391 ΙἸ
3559 3390 3566 3391 ,
3711 3389 3723 3391 _
3755 3370 3792 3391 ,\
3828 3389 3832 3391 Α

406 3375 551 3426 erat.
579 3371 714 3426 Post
745 3388 932 3428 annos
961 3388 1096 3428 vero
1128 3374 1412 3430 ducentos
1435 3378 1826 3450 quadraginta
1847 3385 1904 3436 et
1936 3386 2062 3437 octo

407 3459 715 3515 Theodore.
735 3460 1044 3531 Theophili
1077 3479 1220 3518 uxor
1248 3464 1307 3518 in
1333 3467 1756 3523 monasterium
1790 3472 2059 3538 mutavit,

409 3547 734 3620 multisque
767 3549 1242 3620 possessionibus
1271 3553 1495 3609 ditavit.

1048 3641 1123 3695 De
1163 3643 1412 3698 castello.

479 3725 797 3782 Castellum
829 3727 938 3783 hoc
984 3731 1158 3785 modo
1210 3733 1512 3789 conditum
1547 3741 1604 3791 et
1633 3753 1844 3793 nomen
1879 3741 2062 3794 sorti-

407 3819 532 3870 tum
568 3819 674 3870 cst.
710 3816 979 3873 Tiberius
1011 3820 1272 3876 Mauricii
1304 3839 1469 3879 socer
1498 3826 1801 3882 castellum
1838 3845 1903 3883 ac
1933 3846 2063 3884 mu-

409 3903 742 3960 nimentum
805 3907 1055 3963 navibus
1114 3913 1420 3981 exstruxit,
1453 3931 1520 3972 eo
1569 3917 1723 3987 quod
1754 3917 2063 3991 Cbaganus

408 3992 798 4066 Bulgarorum
829 3995 1100 4070 princeps
1129 4000 1454 4073 irruptione
1477 4004 1532 4059 in
1559 4007 1862 4063 Thraciam
1888 4010 2058 4066 facta.

407 4083 607 4138 omnia
655 4085 725 4139 ad
785 4091 983 4155 portas
1034 4104 1216 4160 usque
1266 4092 1398 4163 igne
1456 4110 1522 4149 ac
1579 4095 1730 4151 ferro
1787 4101 2061 4168 vastaret,

407 4172 565 4226 unde
597 4173 869 4229 Tiberius
911 4192 1112 4233 muros
1156 4179 1395 4237 castello
1446 4183 1718 4252 munivit,
1754 4185 1850 4240 ubi
1886 4203 2064 4242 naves

408 4257 675 4314 inclusit.

841 4357 918 4408 De
948 4354 1064 4409 loco
1091 4357 1268 4412 Ilierz'z'
1295 4368 1633 4432 nuncupata.

483 4437 548 4492 In
582 4435 710 4494 loco
742 4445 1089 4513 cognomine
1137 4446 1313 4501 Hierii
1347 4453 1510 4505 trans
1543 4451 1758 4506 fretum
1789 4453 2064 4508 sacerdo-

408 4526 487 4581 tis
519 4527 830 4598 cujusdam
863 4531 1164 4589 colebatur
1193 4540 1409 4602 statua,
1447 4539 1683 4595 nomine
1714 4539 1862 4596 Irus.
1896 4540 2062 4597 Dice-

2181 3374 2239 3432 δὶ
2291 3377 2529 3452 χρόνους
2589 3383 2717 3448 σμη’
2767 3371 3021 3450 Θεοδώρα
3067 3373 3102 3442 ἡ
3152 3372 3291 3447 γυνὴ
3341 3367 3611 3446 Θεοφίλου
3661 3370 3833 3443 μονήν

2172 3467 2302 3521 αὐτὸ
2334 3465 2581 3536 ἐποίησε,
2614 3463 2702 3519 καὶ
2726 3465 2978 3536 κτήματα
3005 3459 3192 3518 πολλὰ
3214 3459 3541 3537 ἰπεκῦρωσε.

2662 3644 2791 3720 Περὶ
2835 3646 2933 3698 τοῦ
2966 3638 3330 3697 Καστελλίου.

2243 3735 2314 3789 Τὸ
2355 3731 2413 3789 δὲ
2460 3730 2803 3789 Καστὲλλιον
2859 3729 3074 3801 ἐκτίσθη
3128 3730 3218 3786 καὶ
3269 3727 3478 3798 ἐκλήθη
3512 3723 3832 3788 οὕτως.Τι-

2173 3819 2356 3900 ϐἐριος
2389 3824 2418 3879 6
2468 3823 2727 3896 πενθερὸς
2773 3821 3082 3897 Μαυρικίου
3109 3815 3486 3874 ἐκαστὲλλωσε
3541 3815 3631 3870 καὶ
3676 3812 3831 3889 ὠχύ-

2175 3934 2317 3991 ρωσε
2366 3913 2463 3974 τὰς
2521 3915 2670 3982 ναῦς,
2753 3908 2845 3966 διὰ
2923 3910 2985 3965 τὸ
3043 3907 3221 3974 ἐλθεῖν
3279 3903 3528 3982 Χᾶγανον
3585 3903 3678 3957 τὸν
3740 3902 3834 3975 ἄρ-

2173 4024 2348 4080 χοντα
2376 4007 2484 4058 τῶν
2542 4002 2876 4076 Βουλγόίρων
2928 4000 3017 4054 καὶ
3065 3997 3365 4073 ἐμπρῆσαι,
3425 3995 3514 4049 καὶ
3564 3997 3834 4048 κατακαῦ-

2175 4113 2285 4160 σαι,
2335 4092 2425 4145 καὶ
2483 4089 2812 4167 κατασφάξαι
2858 4086 3066 4143 ἅπαντα
3121 4087 3188 4140 τὰ
3244 4089 3476 4160 Θρᾳκῷα
3538 4081 3674 4158 μέρη
3729 4082 3832 4154 μὲ-

2173 4200 2270 4254 χρι
2301 4184 2518 4255 πορτῶν
2555 4199 2567 4212 ·
2603 4179 2723 4243 ὅθεν
2769 4177 2860 4232 καὶ
2909 4173 3286 4231 ἐκαστὲλλωσε
3331 4173 3397 4227 τὰ
3444 4171 3628 4247 τείχη,
3658 4169 3748 4224 καὶ
3774 4167 3829 4223 ἐν

2173 4269 2321 4342 αὐτῷ
2352 4266 2638 4325 ἀπέκλεισε
2657 4267 2751 4329 τὰς
2781 4270 2927 4328 ναῦς.

2743 4356 2871 4431 Περὶ
2912 4355 2979 4410 τὰ
3015 4352 3258 4428 Ἰερείου.

2241 4451 2365 4506 ’Ότι
2446 4448 2512 4503 τὰ
2566 4447 2782 4520 Ἰερείου
2857 4446 3026 4521 περαν
3105 4442 3296 4519 ἱερέως
3374 4441 3522 4503 τινὸς
3608 4433 3828 4494 ἐσέὅετο

2172 4534 2649 4610 στήλη,τοῦνομα
2705 4543 2871 4610 Ἶρος.
2933 4533 3158 4610 Λέγεται
3218 4529 3275 4586 δὲ
3328 4529 3418 4586 καὶ
3468 4527 3705 4604 Ἥρείου,
3740 4524 3833 4582 διὰ

409 4613 627 4670 bantur
673 4618 849 4674 etiam
881 4625 940 4676 et
972 4621 1147 4694 Herii,
1182 4627 1337 4696 quod
1371 4626 1588 4683 ibidem
1622 4634 1824 4684 essent
1877 4631 2063 4687 multa

2188 4629 2230 4682 :6
2259 4627 2327 4683 τὰ
2384 4629 2646 4702 μνήματα
2686 4622 2876 4682 πολλὰ
2930 4625 3065 4678 εἶναι
3097 4640 3109 4653 ·
3172 4620 3347 4676 ἐκεῖσε
3402 4620 3504 4696 γὰρ
3535 4616 3830 4673 ἐθάπτοντο

406 4704 711 4776 sepulcra;
739 4709 953 4765 etenim
979 4712 1193 4768 civium
1219 4732 1460 4788 corpora
1485 4717 1564 4771 ibi
1601 4717 2063 4775 tumulabantur.

2188 4719 2230 4774 at
2267 4696 2447 4790 νεκροῖ
2480 4696 2613 4770 -τῶν
2660 4715 2928 4771 πολιτῶν.
2974 4713 3074 4767 Τὸν
3127 4708 3185 4766 δὲ
3235 4711 3361 4764 ναὸν
3402 4710 3430 4764 6
3480 4707 3657 4783 Μέγας
3688 4713 3834 4761 Κων-

406 4791 631 4850 Ibidem
664 4813 796 4852 vero
839 4800 1145 4856 ecclesiam
1193 4804 1456 4860 condidit
1487 4805 1907 4865 Constantinus
1938 4809 2063 4865 Ma-

404 4897 582 4954 gnus.
636 4886 918 4943 Ceterum
973 4892 1228 4960 primum
1288 4894 1370 4948 ibi
1430 4893 1715 4952 habitavit
1761 4904 1819 4953 et
1866 4899 2066 4955 docuit

405 4971 465 5028 S.
502 4975 768 5031 Andreas
799 4978 1117 5049 apostolus,
1139 4982 1237 5054 qui
1267 4983 1477 5039 deinde
1506 4990 1776 5042 sanctum
1806 4987 2062 5062 Stacbyn

408 5063 702 5119 ordinavit
735 5065 1098 5139 episcopum.

757 5177 838 5228 De
865 5177 920 5231 8.
957 5177 1114 5233 [rene
1141 5182 1464 5248 cognomine
1489 5183 1716 5240 Galala.

479 5259 735 5316 Ecclesia
775 5262 834 5318 S.
872 5264 1069 5322 Irenes
1119 5267 1343 5340 Galate,
1378 5271 1463 5327 sic
1511 5279 1715 5329 vocata
1767 5279 1857 5331 est
1887 5293 1918 5331 a
1948 5276 2058 5333 Ga-

404 5347 622 5404 latione
671 5352 924 5423 quodam
984 5356 1065 5410 ibi
1123 5357 1452 5416 habitante.
1503 5363 1785 5419 Caeterum
1835 5366 1888 5419 S.
1940 5371 2057 5420 An-

408 5438 578 5493 dreas
607 5439 951 5511 Byzantium
997 5463 1126 5501 cum
1160 5449 1435 5517 venisset,
1468 5453 1783 5509 exstructis
1826 5453 1885 5510 in
1933 5453 2060 5512 loco

407 5528 693 5616 Harmatii
748 5531 903 5588 dicto
959 5535 1207 5607 aedibus,
1267 5537 1387 5594 illic
1442 5540 1745 5597 habitavit.
1803 5542 2063 5616 Sculpsit

405 5615 584 5672 etiam
643 5621 878 5691 propria
929 5641 1105 5680 manu
1159 5642 1391 5682 crucem
1442 5644 1510 5684 ex
1557 5628 1772 5702 lapide,
1815 5615 2060 5690 colloca-

404 5705 606 5777 vitque
667 5706 725 5761 in
785 5709 1032 5768 ecclesia
1086 5715 1265 5770 veteri
1321 5721 1377 5771 8.
1438 5719 1655 5775 Irenes.
1714 5720 1936 5779 Deinde
1999 5723 2059 5778 in

406 5791 684 5849 Neorium
730 5798 1160 5870 commigravit,
1209 5802 1319 5859 hoc
1367 5809 1457 5862 est
1501 5807 1560 5862 in
1607 5807 1900 5880 porticum
1931 5827 2060 5888 qua

2174 4811 2458 4868 σταντῖαος
2510 4806 2784 4880 ἀνήγειρε.
2839 4806 3062 4879 Ορῶτον
3117 4798 3173 4856 δὲ
3231 4801 3258 4854 6
3303 4796 3460 4874 ἅγιος
3509 4793 3766 4871 Ἀνδρέας
3801 4796 3830 4848 6

2175 4894 2484 4958 ἀπόστολος
2527 4895 2768 4958 ἐκάθισεν
2819 4893 2992 4949 ἐκεῖσε
3035 4891 3125 4947 καὶ
3172 4887 3446 4945 ἐδίδασκεν
3482 4903 3496 4919 ·
3541 4886 3638 4950 εἶθ’
3669 4885 3830 4947 οὗτος

2173 4983 2556 5062 ἐχειροτόνησε
2585 4985 2676 5039 τὸν
2707 4982 2941 5059 Στάχυν.
3320 4986 3334 4994 ’

2440 5181 2571 5258 Περὶ
2597 5188 2696 5251 τῆς
2727 5179 2917 5255 Ἀγίας
2947 5176 3192 5254 Εῗρήνης
3221 5175 3288 5230 τὰ
3319 5173 3551 5231 Γάλατα.

2242 5275 2306 5327 Ἠ
2351 5273 2509 5349 Ἀγία
2567 5269 2774 5345 Εἰρήνη
2832 5269 2900 5324 τὰ
2957 5264 3174 5324 Γάλατα
3222 5261 3431 5335 ὶκλήθη
3489 5262 3661 5325 οὕτως
3718 5262 3827 5317 ἀπὸ

2172 5360 2516 5424 Γαλατιῶνός
2560 5381 2708 5421 τινος
2768 5357 3049 5418 οἰκοῦντος
3107 5356 3298 5410 ἐκεῖσε.
3346 5351 3520 5409 Ἦλθε
3571 5349 3628 5407 δὲ
3675 5354 3764 5406 καὶ
3798 5353 3827 5406 6

2171 5448 2330 5524 ἅγιος
2362 5447 2618 5525 Ἀνδρέας
2677 5447 2765 5504 ἐπὶ
2821 5447 2883 5502 τὸ
2942 5443 3248 5515 Βυζάντιον,
3279 5443 3366 5497 καὶ
3409 5438 3610 5497 ἔκτισεν
3645 5439 3721 5502 είς
3759 5442 3828 5496 τὰ

2171 5539 2494 5615 Ἀρματίου,
2555 5539 2646 5593 καὶ
2695 5536 2971 5606 ἐκαθέζετο
3048 5533 3238 5588 ἐκεῖσε.
3306 5532 3564 5602 Ἐποίησε
3622 5528 3680 5584 δὲ
3734 5529 3825 5584 καὶ

2173 5627 2402 5703 σταυρὸν
2459 5625 2799 5703 ίδιοχείρως,
2848 5625 3172 5696 λατομήσας
3218 5625 3411 5675 τοῦτον
3459 5619 3550 5675 καὶ
3592 5618 3828 5695 γλύψας,

2171 5711 2391 5787 ἔστησεν
2426 5715 2586 5772 αὐτὸν
2632 5715 2708 5780 είς
2753 5717 2852 5785 τήν
2906 5710 3092 5787 Ἀγίαν
3149 5708 3392 5782 Εἰρήνην
3423 5709 3522 5778 τήν
3559 5705 3824 5780 παλαιάν,

2169 5808 2287 5871 Εἶθ’
2342 5805 2517 5868 οὕτως
2564 5804 2732 5874 ἦλθεν
2783 5803 2859 5870 εἷς
2899 5801 3160 5876 Νεώριον,
3208 5797 3271 5854 16
3323 5797 3621 5876 λεγόμενον
3667 5817 3829 5874 κερα-
