4124 6384
323 427 478 495 {2‘77

1450 439 1814 503 ANONYMl
1862 441 2448 514 ANTIQUITATES
2495 445 2614 506 ΟΡ.

3592 446 3748 508 1278

317 561 648 640 τοεμϐόλιον
686 584 700 600 ⁶
756 567 926 622 ἐκεῖσε
993 569 1096 646 γὰρ
1167 569 1386 647 καμάρα
1459 572 1646 646 χαλκῆ
1725 573 1828 641 ἦν,
1881 571 1971 628 καὶ

2109 574 2340 632 lornuta
2372 575 2696 634 dicebatur.
2732 579 2867 634 Erat
2898 577 3117 652 quippe
3157 579 3239 636 ibi
3269 577 3530 651 porticus
3562 595 3743 649 aenea,

315 655 510 711 'icr-ra'co
570 655 772 721 ἄνωθεν
833 656 1001 728 αὐτῆς
1059 659 1236 730 στήλη
1293 655 1498 734 ἔχουσα
1557 660 1608 715 ἐν
1667 664 1736 735 τῇ
1767 659 1981 736 κεφαλῇ

325 745 523 821 κέρατα
575 745 825 823 τέσσαρα.
860 746 1120 820 Θαύματα
1182 746 1240 803 δὲ
1296 749 1543 825 ἐγένοντο
1601 749 1652 804 ἐν
1705 749 1862 824 αὐτῇ.
1915 746 1990 806 Ei.’

318 857 405 897 τις
437 837 542 910 γὰρ
579 837 724 911 εἶχεν
759 834 810 889 ἐν
843 835 990 909 αύτῷ
1017 837 1294 912 ὑπόληψιν
1353 840 1483 894 εἶναι
1530 844 1779 916 κερατᾶς,
1812 840 1983 894 ἐκεῖσε

323 924 704 1001 ἀπερχόμενος
781 926 871 980 καὶ
945 930 1318 1004 προσεγγίζων
1385 932 1454 1002 τῇ
1513 929 1728 1003 στήλῃ,
1788 929 1985 993 εὐθέως

323 1014 596 1093 ἑγυρίζετο
656 1013 763 1078 ἕως
807 1016 995 1092 τρίτου
1037 1039 1050 1051 ·
1104 1017 1149 1072 εἰ
1205 1016 1261 1073 δὲ
1313 1018 1465 1083 ἐκτὸς
1514 1019 1846 1094 ὑπόλήψεως
1891 1021 1980 1088 ἦν,

317 1103 510 1159 ’ίστατο
541 1104 838 1168 ἀσάλευτος
869 1109 904 1177 ἡ
939 1104 1116 1178 στήλη
1153 1126 1167 1139 °
1217 1108 1308 1162 καὶ
1353 1107 1526 1174 οὕτως
1573 1107 1886 1185 ἠλέγχοντο
1931 1109 1982 1163 οἱ

323 1192 638 1271 κερατάδες.

746 1285 874 1361 Περὶ
910 1291 1008 1341 τοῦ
1031 1286 1218 1362 Ἃγίου
1246 1287 1561 1361 Μάμαντος.

395 1375 499 1430 Τὸν
550 1371 822 1450 δὲ”Αγιον
879 1377 1148 1447 Μάμαντα
1198 1377 1485 1451 ἀνήγειρεν
1539 1377 1567 1431 6
1607 1375 1978 1449 Λεομάκελος,

325 1464 417 1518 καὶ
468 1463 672 1518 ἔκτισεν
716 1462 1130 1535 ἓκεῖπαλάτια,
1172 1463 1313 1520 διότι
1362 1466 1683 1542 ἐνεπρήζετο
1731 1469 1764 1535 ἡ
1815 1465 1982 1528 πόλις

329 1560 506 1627 μῆνας
553 1561 620 1626 ς’,
668 1554 761 1608 καὶ
811 1552 1038 1624 ἐξελθὼν
1089 1556 1116 1609 ὁ
1167 1555 1537 1629 Λεομακελος,
1571 1554 1773 1612 ἔκτισεν
1825 1555 1980 1626 αὐτὰ,

324 1642 414 1698 καὶ
477 1641 650 1716 μόλον
711 1641 955 1714 ἐποίησε,
1015 1643 1104 1698 καὶ
1158 1645 1284 1699 ναὸν
1343 1643 1632 1707 ὡσαύτως·
1691 1643 1781 1699 καὶ
1839 1644 1984 1715 ἑώρα

329 1731 578 1785 ἀπεκεῖσε
606 1730 705 1799 τὴν
753 1729 916 1786 πόλιν
952 1730 1404 1807 ἐμπρηζομένην.
1441 1734 1552 1789 Εἶθ’
1585 1733 1757 1794 οὕτως
1801 1728 1982 1808 ἔϐρεξε

326 1816 558 1889 στάκτην
629 1817 713 1872 tn’
743 1819 880 1892 αὐτῇ
942 1820 1020 1881 ὡς
1078 1821 1357 1894 σπιθαμὴν
1411 1822 1475 1876 τὸ
1527 1821 1731 1898 πάχος.
1764 1823 1978 1877 Ἕκτισε

326 1904 385 1962 δὲ
433 1907 524 1962 καὶ
557 1904 974 1983 ’1,πποδρόμιον,
1005 1908 1056 1964 ἐν
1110 1911 1156 1982 ᾧ
1208 1909 1298 1964 καὶ
1350 1909 1590 1984 Μιχαὴλ
1641 1913 1669 1966 6
1723 1911 1979 1988 βασιλεὺς
2013 1951 2059 2016 Β

326 1997 556 2072 ἀνῃρέθη
594 1997 696 2053 ὑπὸ
723 1997 1036 2055 Βασιλείου.

493 2194 623 2272 Περὶ
652 2201 754 2266 τῆς
780 2195 1029 2276 γεφύρας.
1045 2201 1148 2276 τῇς
1179 2193 1346 2267 οὔσης
1379 2195 1452 2259 εἰς
1481 2198 1571 2253 τὸν
1606 2200 1792 2276 ’Ἀγιον

1009 2268 1302 2340 Μάμαντα.

397 2356 522 2413 ’Ότι
575 2354 656 2418 εἴς
703 2355 797 2411 τὸν
843 2359 1035 2430 Ἅγιον
1089 2357 1360 2429 Μάμαντα
1397 2356 1587 2414 ’ίστατο
1631 2359 1838 2436 γέφυρα
1884 2382 1982 2434 με·

327 2442 468 2520 γάλη
527 2446 698 2518 ὁμοία
744 2452 845 2515 τῆς
892 2443 1273 2518 Χαλκηδόνος,
1328 2444 1530 2523 ἔχουσα
1588 2451 1837 2525 καμάρας
1892 2452 1982 2525 ιβ’,

330 2534 579 2608 ποταμὸς
650 2532 709 2589 δὲ
783 2537 1094 2611 κατήρχετο
1165 2537 1548 2613 παμμεγέθης,
1597 2539 1687 2593 καὶ
1747 2538 1986 2612 μάλιστα

324 2628 408 2696 τῷ
479 2624 853 2700 Φευρουαρίου
936 2624 1090 2697 μηνί.
1151 2627 1316 2682 Ἔνθα
1389 2627 1478 2681 καὶ
1529 2626 1740 2702 δράκων
1794 2627 1982 2684 ’ίστατο

327 2717 576 2789 χαλκοῦς
607 2730 621 2744 '
677 2711 765 2768 διὰ
813 2711 869 2769 δὲ
921 2715 986 2769 τὸ
1041 2712 1216 2789 λέγειν
1265 2717 1434 2786 τινὰς,
1494 2713 1761 2793 δράκοντα
1817 2718 1982 2774 οἴκεῖν

327 2802 404 2864 εἷς
483 2803 582 2872 τήν
661 2803 913 2880 γέφυραν,
978 2802 1186 2859 πολλαὶ
1260 2804 1510 2880 παρθένοι
1598 2806 1841 2880 ἐθύοντο,
1893 2808 1983 2863 καὶ

333 2891 523 2962 πλήθη
583 2887 872 2967 προϐάτων
931 2893 1020 2947 καὶ
1084 2893 1227 2967 βοῶν
1257 2895 1347 2948 καὶ
1403 2890 1622 2971 ὅρνεων.
1659 2895 1986 2960 Βασιλίσκος

339 2977 395 3034 δὲ
446 3001 528 3042 τις
587 2979 816 3058 ἐραστής
869 2986 968 3038 τοῦ
1023 2981 1218 3054 τόπου,
1251 2983 1312 3045 ὃς
1351 2983 1417 3052 ἦν
1460 2989 1538 3046 εἷς
1566 2989 1675 3039 τῶν
1709 2985 1814 3040 ἀπὸ
1845 2993 1985 3040 Νου-

341 3074 596 3145 μεριανοῦ
653 3071 938 3147 Καίσαρος,
975 3071 1159 3133 στίσας
1207 3072 1522 3145 κατῴκησεν
1575 3072 1626 3128 ἐν
1674 3073 1819 3146 αὐτῷ
1852 3094 1865 3108 ·
1899 3073 1984 3129 ἕν-

328 3159 396 3212 θα
443 3157 535 3213 καὶ
588 3160 714 3214 ναὸν
760 3164 858 3215 τοῦ
904 3161 1030 3222 Διὸς
1077 3157 1268 3237 ἤγειρε
1313 3161 1664 3238 παμμεγέθη.
1699 3166 1881 3220 Ταῦτα
1929 3161 1988 3219 δὲ

327 3247 502 3302 πάντα
555 3250 742 3319 Ζήνων
798 3254 878 3322 τῷ
935 3247 1169 3325 δευτέρῳ
1221 3246 1326 3306 ἔτει
1379 3258 1480 3320 τῆς
1514 3251 1790 3328 βασιλείας
1823 3253 1986 3308 αὐτοῦ

327 3337 522 3392 κατὲστ
534 3340 714 3411 ρεψεν.

751 3516 884 3592 Περὶ
913 3522 1021 3572 τῶν
1055 3523 1290 3588 ζευκτῶν
1317 3518 1565 3576 κιονίων.

405 3606 490 3662 Τὰ
540 3605 730 3675 ζευκτᾶ
773 3606 954 3661 κιόνιά
1002 3608 1160 3679 εἰσιν,
1211 3607 1349 3664 ὅπου
1394 3609 1510 3684 εἶχε
1572 3609 1700 3672 τοὺς
1763 3611 1986 3684 τιμίους

331 3694 617 3768 σταυροὺς,
648 3695 738 3750 καὶ
767 3696 1046 3769 Ῥωμανὸς
1079 3698 1108 3753 6
1137 3697 1312 3774 γέρων
1349 3696 1549 3773 ἔγειρεν
1583 3697 1744 3758 αὐτά.

907 3875 1034 3948 Περὶ
1067 3879 1166 3929 τοῦ
1196 3874 1396 3931 Ὀσίου.

395 3963 499 4017 Τὸν
551 3960 609 4017 8‘s
655 3964 840 4020 ’Ὀσιον
891 3964 1177 4040 ἀνήγειρεν
1231 3966 1521 4026 Ἰουστῖνος
1580 3963 1671 4019 καὶ
1732 3971 1906 4043 Σοφια
1946 3969 1981 4037 ἡ

324 4046 493 4123 Λωϐή
525 4069 538 4083 ⁸
573 4051 830 4116 ὡσαύτως
875 4051 966 4107 καὶ
1013 4053 1074 4107 τὸ
1133 4053 1596 4132 ὀρφανοτροφεῖυν
1658 4058 1755 4108 τοῦ
1793 4055 1986 4132 Ἀγίου

327 4139 571 4198 Παύλου.

806 4231 934 4307 Περὶ
966 4235 1064 4285 τοῦ
1094 4229 1282 4305 Ἁγίου
1317 4231 1505 4287 Φώκα.

397 4319 504 4376 Τὸν
538 4316 595 4375 δὲ
623 4321 820 4395 ’Ἅγιον
877 4321 1075 4376 Φώκαν
1127 4321 1418 4384 Βασίλειος
1450 4322 1478 4376 6
1517 4320 1773 4396 βασιλεὺς
1816 4323 1982 4395 κτίζει

328 4409 464 4481 μετὰ
491 4407 582 4464 καὶ
610 4411 708 4464 τοῦ
740 4409 946 4486 Φόρου,
976 4409 1065 4464 καὶ
1097 4417 1199 4480 τῆς
1229 4412 1375 4482 νέας,
1405 4411 1494 4466 καὶ
1539 4415 1651 4467 τῶν
1699 4413 1979 4470 παλατίων

321 4500 433 4552 τῶν
463 4502 685 4575 Πηγῶν.

709 4589 842 4664 Περὶ
871 4595 972 4658 τῆς
1005 4596 1176 4662 μονῆς
1201 4589 1269 4644 τὰ
1299 4593 1598 4662 Δαμιανοῦ.

2093 680 2270 736 supra
2315 682 2493 736 quam
2540 666 2838 723 visebatur
2888 672 3086 723 statua
3131 674 3388 740 quatuor
3435 683 3656 724 cornua
3685 668 3744 724 in

2093 755 2281 824 capite
2329 770 2560 826 gerens,
2595 755 2932 827 ibidemque
2981 762 3038 812 et
3085 757 3352 830 prodigia
3396 757 3744 812 edebantur.

2092 842 2320 898 Etenim
2357 844 2406 899 si
2441 844 2572 915 quis
2625 851 2959 917 suspectam
2992 845 3218 902 habens
3269 847 3468 902 uxoris
3518 846 3747 917 pudici-

2091 930 2259 1002 tiam,
2292 933 2363 986 ad
2407 933 2558 988 hanc
2601 938 2859 990 statuam
2906 935 3224 1006 accederet,
3259 935 3536 990 continuo
3566 940 3656 990 ter
3686 935 3745 989 in

2090 1036 2297 1092 gyrum
2333 1038 2394 1076 se
2424 1023 2683 1078 vertebat
2714 1030 2936 1091 statua;
2986 1024 3077 1079 sin
3127 1031 3321 1079 autem
3349 1030 3515 1079 extra
3545 1023 3748 1094 suspi-

2092 1109 2320 1164 cionem
2366 1117 2512 1183 erat,
2543 1111 2869 1169 immobilis
2914 1114 3128 1169 stabat.
3163 1113 3232 1168 Et
3263 1114 3346 1169 sic
3379 1113 3609 1169 cornuti
3641 1114 3745 1167 de-

2091 1197 2488 1255 olarahantur.

2609 1292 2684 1346 De
2708 1294 2908 1347 Sancto
2939 1292 3230 1348 Mamante.

2165 1376 2445 1432 Sanctum
2505 1378 2857 1434 Mamantem
2907 1385 2965 1435 et
3013 1397 3139 1452 quae
3199 1380 3414 1435 ibidem
3473 1380 3748 1434 visuntur

2091 1463 2310 1536 palatia
2339 1468 2628 1522 exstruxit
2658 1473 2767 1524 Leo
2803 1469 3079 1524 Macelus.
3112 1469 3253 1525 Cum
3285 1469 3440 1524 enim
3475 1469 3614 1524 urbs
3648 1485 3749 1524 sex

2091 1557 2352 1628 integros
2421 1572 2652 1612 menses
2721 1558 2999 1614 continuo
3077 1557 3349 1615 incendio
3417 1558 3744 1630 ﬂagrasset,

2091 1661 2363 1716 egressus
2385 1643 2494 1699 Leo
2521 1643 2772 1700 Macelus
2797 1645 2876 1700 ibi
2911 1646 3144 1717 palatia,
3171 1653 3403 1718 portum
3436 1652 3492 1701 et
3521 1647 3747 1702 dictum

2090 1733 2382 1805 templum
2408 1733 2734 1803 aediﬁcavit,
2759 1751 2873 1806 quo
2897 1735 3070 1790 etiam
3097 1753 3127 1791 e
3158 1735 3283 1791 loco
3313 1736 3652 1792 incendium
3688 1737 3748 1790 in

2094 1824 2238 1879 urbe
2268 1839 2548 1894 grassans
2599 1825 2928 1896 spectabat;
2964 1825 3174 1880 deinde
3218 1825 3470 1880 cinerem
3506 1825 3656 1896 pluit
3687 1825 3746 1879 in

2092 1913 2238 1968 urbe
2268 1911 2550 1983 palmaris
2581 1913 3001 1984 spissitudinis.
3035 1918 3317 1969 Prazlerea
3347 1914 3501 1968 idem
3535 1913 3748 1985 Hippo-

2096 2004 2364 2057 dromum
2423 2003 2709 2070 condidit,
2761 2004 2818 2057 in
2876 2020 2990 2073 quo
3039 2003 3283 2058 Michael
3349 2005 3667 2075 imperator
3716 2021 3751 2059 a

2093 2090 2308 2146 Basilio
2341 2091 2684 2148 interfectus
2715 2092 3011 2147 occubuit.

2357 2182 2432 2235 De
2457 2185 2622 2253 ponte
2643 2197 2811 2253 prope
2836 2186 3104 2238 Sanctum
3133 2183 3480 2238 Illamantem.

2163 2363 2349 2429 Prope
2415 2359 2690 2413 Sanctum
2761 2359 3108 2415 Mamnntem
3179 2361 3529 2414 cernebatur
3598 2375 3749 2432 pons

2095 2449 2500 2520 magnitudine
2564 2447 2812 2519 aequalis
2871 2447 3368 2514 Chalcedonensi,
3435 2448 3746 2502 duodecim

2093 2540 2350 2592 arcubus
2382 2543 2681 2604 constans,
2714 2554 2927 2608 magno
2958 2538 3184 2593 ﬂumini
3225 2537 3565 2610 impositus,
3589 2539 3746 2608 quod

2094 2629 2414 2698 praesertim
2467 2643 2670 2681 mense
2717 2626 3030 2682 Februario
3079 2627 3434 2682 exundabat.
3488 2627 3748 2682 Ibidem-

2095 2731 2209 2786 que
2241 2717 2436 2770 stabat
2457 2716 2632 2770 draco
2663 2732 2875 2784 mrous;
2899 2720 2956 2770 et
2985 2717 3138 2786 quod
3162 2715 3404 2786 quidam
3429 2717 3745 2771 draconem

2095 2805 2154 2860 in
2198 2805 2312 2860 isto
2361 2810 2534 2875 ponte
2594 2805 2859 2860 habitare
2917 2809 3211 2876 putarent,
3241 2805 3444 2860 multa:
3489 2806 3749 2876 virgines

2095 2894 2176 2948 ibi
2233 2893 2546 2949 immolatae
2597 2898 2772 2961 sunt;
2825 2911 2892 2948 ac
2943 2910 3158 2965 magna
3205 2894 3422 2960 ovium,
3461 2895 3634 2948 boum
3687 2911 3753 2950 ac

2094 2983 2396 3037 volucrum
2449 2982 2636 3052 copia.
2671 2983 2956 3038 Caeterum
3009 2983 3252 3053 quidam
3302 2983 3624 3038 Basiliscus
3654 2983 3755 3053 qui

2095 3089 2128 3127 a
2160 3077 2324 3143 parte
2368 3070 2711 3127 Numeriani
2738 3071 2981 3127 Caesaris
3011 3073 3196 3136 stetit,
3229 3089 3427 3128 amore
3469 3071 3580 3128 loci
3614 3088 3753 3144 cap-

2096 3166 2212 3231 tus,
2246 3161 2399 3216 aedes
2449 3161 2528 3215 ibi
2577 3165 2906 3216 exstructas
2960 3161 3333 3228 inhabitavit,
3364 3167 3422 3216 et
3467 3160 3753 3232 templum

2099 3250 2422 3304 maximum
2455 3249 2579 3304 Jovi
2611 3250 2910 3320 excitavit;
2943 3251 3098 3319 quod
3142 3266 3276 3305 cum
3310 3250 3535 3305 caeteris
3567 3249 3756 3304 omni-

2016 3319 2060 3385 (ἶ
2099 3341 2210 3396 bus
2277 3338 2546 3395 aediﬁciis
2587 3339 2738 3394 Zeno
2803 3340 3061 3395 secundo
3141 3339 3374 3411 imperii
3440 3339 3531 3394 sui
3602 3354 3755 3394 anno

2098 3428 2326 3485 evertit.

2589 3519 2663 3573 De
2689 3517 2993 3574 columellis
3020 3517 3262 3587 junctis.

2168 3607 2500 3664 Columellas
2562 3608 2782 3678 junctae
2850 3606 2961 3661 illa;
3027 3607 3310 3662 dicuntur
3387 3605 3487 3661 ubi
3565 3609 3754 3662 exsta-

2096 3699 2239 3753 bant
2270 3697 2614 3754 veneraudse
2664 3713 2887 3753 cruces.
2925 3697 3039 3753 Has
3083 3697 3266 3752 erexit
3314 3696 3614 3752 Romanus
3664 3712 3756 3752 se-

2097 3785 2248 3840 nior.

2799 3877 2874 3930 L‘e
2903 3875 3047 3932 03in.

2166 3963 2370 4019 Osium
2426 3963 2701 4020 Justinus
2759 3970 2816 4020 et
2865 3963 3086 4035 Sophia
3143 3964 3294 4019 Lobe
3351 3963 3751 4032 aediﬁcarunt;

2097 4052 2597 4123 quemadmodum
2632 4057 2689 4108 et
2727 4051 3294 4124 orphanotrophium
3325 4050 3524 4108 Sancti
3566 4051 3750 4106 l'auli.

2583 4143 2659 4197 De
2688 4143 2929 4197 Ecclesia
2960 4141 3012 4196 S.
3045 4141 3261 4197 Phocae.

2166 4231 2488 4288 Ecelesiam
2521 4231 2581 4287 S.
2619 4231 2817 4288 Phocaa
2859 4231 3058 4287 condit
3095 4230 3350 4287 Basilius
3381 4230 3703 4302 imperator
3737 4247 3750 4284 :

2093 4323 2234 4376 item
2265 4321 2324 4376 S.
2359 4321 2616 4392 Deiparse
2666 4321 2727 4376 in
2777 4322 2944 4390 Foro,
2976 4325 3035 4376 et
3064 4319 3373 4377 ecclesiam
3425 4336 3659 4389 novam,
3693 4323 3754 4375 et

2093 4410 2314 4484 palatia
2342 4411 2576 4483 Pegana
2605 4428 2704 4468 seu
2734 4411 3030 4467 Fontium.

2535 4592 2612 4646 De
2641 4594 2976 4648 monasterio
3011 4591 3300 4647 Damiani.

400 4678 508 4747 Τὴν
545 4678 712 4751 μονὴν
744 4679 812 4732 τὰ
841 4683 1119 4752 Δαμιανοῦ
1169 4676 1346 4735 ἔκτισε
1392 4678 1667 4752 Δαμιανὸς
1714 4700 1981 4756 παρακοι-

2164 4680 2585 4736 Monasterium
2609 4680 2880 4736 Damiani
2905 4680 3257 4736 aediﬁcatum
3283 4677 3393 4733 fuit
3413 4677 3746 4733 aDamiano

327 4769 580 4841 μώμενος
633 4769 661 4822 6
707 4762 961 4833 Σθλάϐος
1009 4767 1064 4824 ἐν
1120 4773 1239 4832 τοῖς
1287 4768 1515 4845 χρόνοις
1565 4768 1836 4846 Θεοφίλου
1891 4771 1982 4828 καὶ

323 4855 580 4932 Μιχαήλ.

852 4945 982 5021 Περὶ
1018 4949 1116 5002 τοῦ
1150 4945 1447 5006 Ἀνάπλου.

394 5035 496 5092 Τὸν
543 5032 602 5092 δὶ
642 5034 1116 5112 ’Λρχιστράτηγον
1169 5038 1264 5092 τὸν
1318 5037 1395 5101 εἷς
1450 5038 1542 5094 τὸν
1600 5037 1907 5100 ’Δνάπλουν
1954 5039 1982 5094 6

323 5125 505 5201 Μέγας
541 5127 944 5187 Κωνσταντῖνος
975 5124 1250 5202 ἀνήγειρε.

741 5231 872 5305 Περὶ
911 5235 1010 5287 τοῦ
1038 5230 1230 5306 Ἁγίου
1259 5232 1556 5308 Ταρασίου.

393 5321 497 5377 Τὸν
563 5319 622 5376 δὲ
678 5323 870 5396 ’Ἀγιον
933 5321 1207 5397 Ταράσιον
1287 5320 1537 5396 λέγουσιν
1609 5323 1742 5379 εἶναι
1815 5324 1983 5399 προά-

319 5432 496 5467 στειον
557 5415 655 5466 τοῦ
711 5411 1060 5486 πατριάρχου
1116 5409 1406 5486 Ταρασίου,
1439 5413 1530 5467 καὶ
1585 5410 1872 5482 ἀνέστησεν
1927 5412 1978 5467 ἐν

321 5501 471 5574 αὐτῷ
505 5501 700 5574 μονήν.

831 5608 963 5682 Περῖ
990 5611 1091 5664 τοῦ
1123 5608 1455 5665 Σωσθενίου.

395 5699 508 5768 Τήν
563 5694 620 5753 δὲ
673 5698 846 5770 μονὴν
888 5703 985 5754 τοῦ
1031 5697 1362 5769 Σωσθενίου,
1392 5699 1487 5754 τὸν
1533 5697 1978 5776 ἀρχιστράτηγον

317 5788 531 5844 ἔκτισιν
561 5787 592 5845 ὁ
621 5786 807 5864 Μέγας
829 5788 1266 5852 Κωνσταντῖνος.

2094 4771 2405 4841 prsaposito
2431 4769 2713 4837 cubiculi,
2737 4770 2971 4825 natione
2999 4767 3260 4838 Sthlavo,
3281 4771 3544 4837 tempore
3567 4766 3748 4822 Theo-

2094 4857 2238 4930 phili
2267 4862 2325 4915 et
2352 4847 2674 4915 Michaelis.

2748 4949 2822 5004 De
2851 4947 3090 5019 Anaplo.

2163 5037 2474 5110 Templum
2506 5038 2704 5094 Sancti
2731 5037 3034 5094 Michaelis
3065 5034 3401 5108 archangeli
3430 5034 3490 5090 in
3521 5033 3746 5107 Anaplo

2092 5127 2516 5183 Constantinus
2547 5127 2797 5200 Magnus
2822 5125 3128 5183 exstruxit.

2625 5239 2700 5294 De
2730 5238 2932 5294 Sancto
2964 5237 3207 5292 Tarasio.

2162 5327 2445 5382 Sanctum
2477 5327 2788 5382 Tarasium
2835 5328 3029 5383 ferunt
3075 5325 3258 5381 fuisse
3289 5323 3515 5396 pridem
3546 5321 3745 5379 villam

2094 5416 2498 5472 suburbanam
2543 5415 2886 5488 patriarchae
2935 5415 3184 5483 Tarasii,
3219 5429 3398 5485 quam
3450 5417 3654 5486 postea
3684 5410 3744 5468 in

2092 5506 2518 5562 monasterium
2550 5507 2821 5561 mutavit.

2483 5613 2558 5667 De
2596 5614 2930 5668 monasterio
2969 5610 3351 5668 Soslhem'ano.

2161 5701 2478 5760 Monasteri
2488 5717 2588 5756 um
2612 5701 2948 5774 archangeli
2968 5699 3270 5756 Michaelis
3289 5697 3632 5756 Sosthenian
3643 5714 3742 5754 um

2087 5791 2512 5850 Constantinus
2539 5795 2788 5864 Magnus
2815 5789 3099 5848 condidit.
