4124 6394
492 404 652 465 1279

827 534 901 589 De
929 533 1159 589 ecclesia
1190 534 1404 588 auratis
1436 533 1636 602 tegulis
1667 534 1826 586 letta.

569 622 893 680 Ecclesium
956 623 1180 677 auratis
1239 621 1451 693 tegulis
1512 625 1725 676 tectam
1782 618 2057 674 Justinus
2105 621 2163 670 et

501 713 720 784 SOphia
787 713 936 768 Lobe
1007 711 1322 768 condidere
1381 729 1394 766 :
1456 711 1595 766 item
1663 713 1720 764 et
1777 708 1994 780 palatia
2051 705 2160 761 So-

499 804 736 878 phiana.

570 917 653 967 De
677 912 1034 966 monasteriis
1060 926 1180 980 quae
1209 917 1338 964 sunt
1367 913 1524 964 trans
1552 910 1758 978 fretum
1785 910 1914 973 sita,
1947 914 1996 960 et
2023 904 2091 959 de

928 979 1266 1037 monasterio
1305 981 1540 1037 Malctiaz
1568 979 1730 1035 dicto.

573 1070 1003 1128 Monnsterium
1027 1068 1269 1125 Maleliae
1301 1072 1704 1140 nuncupatum
1730 1065 2017 1122 exstruxit
2047 1065 2162 1120 Ma-

501 1160 678 1216 lelius
710 1160 940 1232 primus
973 1176 1007 1214 a
1038 1159 1298 1226 secretis,
1334 1158 1417 1212 ita
1446 1157 1801 1230 appellatus.

851 1268 922 1321 De
948 1267 1285 1321 monasterio
1316 1264 1618 1321 Pelamidw
1645 1263 1814 1319 dicto.

576 1355 1001 1413 Monasterium
1063 1353 1544 1427 cognominatum
1609 1351 1922 1409 Pelamidae
1979 1351 2158 1406 aedifi-

500 1447 653 1502 cavit
698 1450 807 1500 Leo
866 1444 1258 1516 philoSOphus
1313 1449 1574 1516 tempore
1624 1441 1996 1499 Constantini
2043 1444 2160 1496 Ma-

502 1536 624 1607 gni.

1041 1623 1118 1676 De
1146 1622 1342 1678 Sancto
1375 1622 1546 1694 Georg
1557 1623 1629 1676 io.

576 1713 777 1768 [ﬁdem
830 1712 1016 1767 sancti
1047 1711 1280 1783 Georgii
1310 1711 1844 1767 Cbalcedonensem
1898 1708 2163 1765 condidit

507 1801 745 1872 Sergius
793 1800 1148 1872 patriarcha,
1182 1801 1686 1872 quemadmodum
1719 1803 1776 1855 et
1806 1799 1988 1854 eadem
2029 1799 2161 1854 Dei-

1472 396 1879 460 APPENDIX
1924 396 2029 478 AD
2071 389 2538 455 MlGHAELEM
2579 391 2972 455 PSELLUM.

2191 527 2244 592 Α

3776 404 3920 466 1980

2736 524 2868 596 Περὶ
2898 529 2999 594 τῆς
3029 525 3477 602 Χρυσοκεράμου.

2345 613 2470 700 Tini
2523 610 2947 688 Χρυσοκὲραμον
3007 611 3214 670 ἔκτισεν
3261 617 3558 680 Ἰουστῖνος
3617 619 3708 674 καὶ
3767 623 3927 700 Σοφία

2271 703 2305 770 ἡ
2343 695 2534 770 Λωϐἡ,
2567 702 2658 756 καὶ
2690 703 2785 764 τὰς
2820 705 3115 780 Σοφιανάς.

2413 896 2545 970 Περὶ
2575 901 2682 951 τῶν
2711 903 3050 979 περατικιῖξν.
3070 901 3477 979 μοναστηρίων.
3514 905 3651 976 Περὶ
3697 913 3796 977 τῆς

2942 969 3247 1036 Μαλελίας.

2339 1061 2448 1126 Τῆς
2491 1053 2548 1112 δὲ
2596 1056 2875 1120 Μαλελὶας
2921 1061 3020 1129 τήν
3069 1065 3241 1134 μονὴν
3293 1065 3550 1142 ἀνήγειρε
3598 1064 3918 1129 Μαλὲλιοςὸ

2270 1154 2785 1223 πρωτοασηκρῆτις,
2818 1148 2994 1212 οὕτως
3023 1149 3388 1226 καλούμενος.

2769 1257 2898 1332 Περὶ
2928 1264 3029 1327 τῆς
3068 1257 3425 1334 Πηλαμίδας.

2344 1345 2459 1412 Τὴν
2512 1341 2570 1398 δὶ
2618 1343 2920 1418 Πηλαμίδα
2967 1347 3222 1425 ἀνήγειρε
3273 1352 3426 1406 Λὲων
3458 1353 3489 1407 ὁ
3529 1351 3832 1432 φιλόσοφος
3873 1352 3913 1407 ἐν

2270 1440 2389 1496 τοῖς
2422 1434 2651 1510 χρόνοις
2687 1435 3092 1492 Κωνσταντίνου
3118 1443 3215 1494 τοῦ
3247 1441 3536 1518 Μεγάλου.

2690 1614 2827 1691 Ηερὶ
2855 1635 2952 1670 του
2983 1616 3176 1692 Ἀγίου
3203 1619 3505 1696 Γεωργίου.

2345 1703 2450 1759 Τὸν
2479 1699 2537 1757 δί
2567 1705 2753 1778 ’Ἀγιον
2784 1705 3058 1780 Γεώργιον
3090 1706 3180 1761 τὸν
3235 1706 3288 1762 ἐν
3337 1707 3663 1781 Χαλκηδόνι
3714 1711 3920 1787 Σέργιος

2271 1793 2624 1868 πατριάρχης
2675 1789 2882 1848 ἔκτισιν
2911 1813 2924 1827 °
2973 1794 3184 1868 ὁμοίως
3258 1797 3348 1853 καὶ
3408 1801 3513 1870 τήν
3562 1801 3821 1856 Θεοτόκον
3862 1801 3918 1853 τὰ

507 1907 681 1964 parua,
716 1890 990 1946 Marnacii
1041 1897 1469 1962 nuncupatam,
1504 1889 1603 1944 ubi
1651 1889 1916 1960 ejusdem
1949 1904 2162 1960 corpus

2297 1882 2610 1956 ιίαρνακίου,
2641 1881 2692 1938 ἐν
2727 1884 2772 1955 ᾧ
2803 1884 2893 1938 καὶ
2923 1884 2986 1939 τὸ
3019 1889 3182 1958 σῶμα
3211 1885 3376 1943 αὐτοῦ
3407 1895 3610 1948 κεῖται.

501 1979 680 2051 jacet.

1036 2070 1110 2123 De
1137 2069 1367 2140 palatii:
1399 2073 1450 2124 Η
1457 2069 1639 2124 iereis.

583 2157 805 2214 Palatia
835 2158 1039 2214 Hierea
1061 2175 1092 2213 a
1113 2157 1450 2214 Justiniano
1473 2163 1677 2230 Magno
1701 2157 1936 2213 condita
1968 2156 2163 2223 fuere;

514 2264 643 2319 quae
701 2252 904 2320 postea
931 2245 1206 2303 Justinus
1264 2249 1391 2316 ejus
1439 2264 1505 2302 ex
1559 2263 1754 2303 sorore
1810 2262 1992 2317 nepos
2051 2261 2166 2300 una

515 2353 645 2392 cum
678 2335 896 2407 Sophia
935 2337 1256 2391 exornavit.
1292 2337 1479 2392 Locus
1528 2341 1725 2392 autem
1780 2335 1880 2391 ille
1926 2335 2010 2390 sic
2058 2351 2165 2406 ap-

514 2425 766 2498 pellatus
820 2430 928 2496 est,
962 2427 1115 2497 quod
1165 2426 1496 2498 antiquitus
1542 2427 1624 2482 ibi
1672 2425 1959 2498 templum
2008 2429 2166 2481 esset

509 2514 786 2571 Junonis.

1019 2605 1092 2659 De
1120 2605 1350 2673 palatiis
1385 2607 1662 2677 Bryantis.

583 2691 801 2748 Palatia
843 2693 1133 2765 Bryantis,
1167 2693 1439 2748 Tiberius
1489 2699 1548 2748 et;
1593 2692 1912 2748 Mauricius
1961 2691 2165 2747 condi-

505 2781 642 2836 dere
691 2797 704 2837 :
750 2781 915 2837 locus
973 2788 1172 2837 autem
1227 2782 1326 2837 ille
1382 2789 1760 2854 nuncupatus
1817 2787 1908 2838 est
1967 2786 2163 2854 Bryas,

511 2871 793 2940 quoniam
845 2871 1109 2926 futurum
1142 2876 1232 2926 est
1263 2877 1326 2925 ut
1359 2877 1693 2943 postremus
1743 2871 2163 2942 imperatorum

511 2974 896 3030 aggressurus
926 2976 991 3015 ex
1024 2962 1185 3025 urbe,
1209 2967 1382 3032 atque
1409 2960 1871 3033 Hierosolymam
1904 2961 1974 3016 ad
2009 2960 2167 3016 habi-

506 3049 756 3104 tandum
814 3050 1205 3119 profecturus,
1242 3049 1299 3104 in
1333 3049 1459 3122 ipso
1492 3049 1761 3123 Bryantis
1793 3049 1916 3107 loco
1967 3051 2165 3106 fremi-

512 3142 641 3192 tum
675 3142 732 3193 et
762 3137 1096 3209 plangentis
1123 3139 1285 3193 urbis
1313 3138 1628 3195 clamorem
1657 3139 1878 3197 audiat.

987 3229 1061 3282 De
1084 3229 1317 3300 palatiis
1349 3230 1696 3301 Damam/0:.

582 3315 800 3371 Palatia
847 3316 1192 3389 Damatryos
1237 3319 1307 3374 ab
1353 3318 1560 3374 iisdem
1614 3319 1831 3390 pariter
1875 3318 2161 3374 zedificata

505 3407 688 3461 fuere.
723 3405 854 3460 Erat
895 3410 1092 3461 autem
1140 3405 1217 3461 ibi
1270 3406 1456 3463 saltus
1487 3407 1855 3463 Constantini
1888 3407 2017 3462 caeci
2054 3406 2160 3461 tllii

507 3495 730 3548 Irenes.

1041 3585 1115 3640 De
1139 3591 1305 3656 portu
1335 3587 1628 3658 Eutropii.

581 3671 818 3727 Portum
851 3672 1136 3745 EutrOpii,
1170 3674 1227 3728 in
1261 3691 1376 3744 quo
1411 3674 1692 3730 Mauricio
1733 3678 1790 3730 et
1837 3673 2001 3730 uxori
2033 3675 2163 3745 ejus

511 3765 690 3831 atque
719 3761 920 3818 liberis
950 3763 1140 3834 capita
1170 3765 1414 3835 praecisa
1437 3765 1615 3831 fuere,
1649 3764 1936 3820 exstruxit
1962 3768 2164 3820 Eutro-

508 3849 642 3921 pius
674 3851 1179 3923 protospatharius
1201 3857 1258 3909 et
1286 3859 1560 3925 quaestor,
1584 3861 1845 3927 tempore
1875 3855 2163 3913 Constan-

505 3939 614 3994 tini
646 3940 1039 4013 imperatoris.

757 4066 832 4121 De
859 4067 1119 4138 stupenda
1150 4066 1466 4136 elephanti:
1495 4087 1557 4126 zu
1584 4070 1718 4126 urbe
1749 4080 1914 4142 gesto.

584 4226 706 4281 Sub
737 4227 1063 4284 Theodosio
1096 4229 1306 4301 Magno
1355 4231 1648 4286 adductus
1694 4232 1804 4286 fuit
1851 4231 1910 4286 in
1959 4233 2162 4287 urbem

516 4311 756 4385 elephas
795 4315 1050 4385 juvenis,
1080 4333 1252 4388 quem
1305 4317 1363 4372 in
1416 4318 1668 4387 quadam
1701 4319 1875 4373 domo
1906 4317 2164 4373 alebant.

517 4403 698 4458 Ludis
743 4409 937 4459 autem
990 4405 1354 4461 circensibus
1386 4423 1521 4461 cum
1581 4409 1640 4461 in
1700 4406 2166 4480 Hippodromum

513 4506 648 4546 eum
717 4493 1107 4560 deducerent,
1175 4499 1578 4551 transeuntem
1648 4511 1753 4567 per
1826 4495 2161 4552 Milliarium

512 4581 683 4637 hasta
712 4583 1004 4653 percussit
1051 4583 1258 4639 leniter
1311 4583 1682 4640 numularius
1731 4585 1994 4656 quidam.
2029 4589 2167 4642 Post

510 4687 698 4726 annos
727 4688 862 4727 vero
903 4673 1101 4728 decem
1152 4672 1416 4745 elephas,
1450 4673 1549 4745 qui
1597 4675 1726 4744 jam
1775 4678 2162 4745 succreverat,

508 4775 642 4813 cum
695 4761 767 4815 ad
817 4760 1281 4832 Hippodromum
1333 4767 1606 4834 ageretur
1653 4767 1711 4818 et
1757 4763 2036 4820 transiret
2065 4781 2167 4836 per

506 4847 869 4919 Milliarium,
893 4850 1283 4907 reminiscens
1313 4853 1464 4922 ejus,
1493 4869 1526 4906 a
1555 4868 1671 4922 quo
1696 4850 1836 4906 olim
1867 4851 1945 4907 ibi
1977 4852 2169 4908 fuerat

507 4952 848 5007 percussus,
898 4943 1076 5010 atque
1126 4939 1321 5009 ipsum
1373 4939 1652 5008 intuitus,
1695 4940 1892 4996 subito
1939 4939 2165 5013 impetu

511 5025 915 5082 numularium
948 5043 1082 5083 cum
1134 5028 1360 5084 barritu
1412 5029 1758 5092 adortus.in
1813 5031 2005 5086 medio
2037 5029 2169 5086 Mil-

506 5113 662 5170 liarii
695 5115 1028 5187 discerpsit.

560 5223 636 5278 De
664 5223 1010 5294 imaginibus
1038 5241 1211 5300 supra
1237 5243 1500 5298 magnam
1528 5227 1846 5300 columnam
1873 5228 2120 5300 porphy-

1103 5299 1333 5354 reticam
1365 5299 1580 5354 erectis.

586 5387 881 5460 Imagines
929 5387 1356 5461 Metrophanis,
1385 5387 1697 5444 Alexandri
1729 5394 1787 5445 et
1831 5388 1992 5446 Pauli
2021 5389 2171 5446 Con-

518 5477 817 5531 stantinus
846 5481 1090 5549 Magnus
1129 5478 1346 5534 tabulis
1379 5477 1590 5550 ligneis
1629 5478 1810 5535 incidi
1841 5478 2084 5546 curavit,
2116 5482 2175 5534 et

522 5579 703 5634 supra
748 5582 1024 5637 magnam
1057 5566 1392 5622 columnam
1447 5567 1934 5640 porphyreticam,
1967 5568 2173 5640 exiguo

521 5652 806 5710 discretas
857 5655 1186 5720 intervallo,
1216 5656 1288 5711 ad
1339 5657 1625 5712 orientem
1672 5656 1978 5725 collocari;
2031 5674 2176 5728 quas

520 5740 726 5796 Ariani
757 5759 955 5798 rerum
1004 5744 1178 5815 potiti
1208 5744 1270 5799 in
1301 5745 1572 5802 Milliario
1616 5762 1795 5803 aureo
1842 5745 1965 5818 igni
1994 5745 2178 5804 tradi-

2620 2061 2750 2135 Περὶ
2776 2066 2882 2116 τῶν
2912 2062 3192 2119 παλατίων
3223 2068 3322 2135 τῆς
3349 2067 3598 2144 Ἰερείας.

2345 2157 2455 2222 Τῆς
2510 2150 2730 2220 Ἱερείας
2777 2152 2844 2207 τὰ
2913 2151 3156 2209 παλάτια
3225 2153 3553 2226 ἐκτίσθησαν
3633 2155 3776 2226 παρὰ
3833 2157 3913 2210 τοῦ

2274 2240 2538 2317 Μεγάλου
2572 2241 3064 2300 Ἰουστινιανοῦ.’0
3114 2241 3172 2299 δε
3225 2243 3449 2318 ἀνεψιὸς
3500 2244 3668 2302 αὐτοῦ
3716 2247 3906 2302 Ἰουστῖ-

2273 2330 2658 2393 νοςκαὶνο’
2728 2329 2742 2350 ’
2825 2330 2935 2386 λλ¹
3205 2331 3288 2351 ’⁷
3399 2334 3424 2356 ”
3665 2335 3680 2353 “
3775 2333 3799 2354 ”

2521 2368 2560 2385 κ..
2601 2352 2694 2408 φια
2724 2351 2820 2385 εκα
2902 2352 3111 2387 ωπισαν
3161 2353 3314 2389 αυτα.
3348 2337 3587 2409 Ειρηται
3635 2332 3692 2390 δε
3738 2353 3910 2398 ουτως,

2275 2422 2358 2476 ὅτι
2389 2427 2487 2490 τῆς
2515 2422 2690 2492 ’Ἤρας
2720 2421 2785 2490 ἧν
2823 2419 2932 2475 ἐκεῖ
2963 2421 2992 2475 ὁ
3022 2422 3171 2485 ναός.

2803 2599 2936 2674 Περῖ
2966 2604 3063 2655 τοῦ
3096 2601 3389 2677 Βρύαντος.

2347 2687 2460 2745 Τοῦ
2505 2683 2563 2742 δὲ
2613 2686 2890 2761 Βρύαντος
2941 2689 3008 2744 τὰ
3061 2687 3305 2745 παλάτια
3336 2688 3519 2748 ἔκτισε
3547 2686 3784 2768 Τιϐέριος
3835 2685 3910 2742 καὶ

2277 2775 2604 2850 Μαυρίκιος.
2649 2775 2894 2847 Ἐκλήθη
2957 2775 3015 2832 δὲ
3067 2777 3268 2852 Βρύας,
3325 2781 3410 2835 δτι
3481 2779 3781 2854 μέλλοντος
3830 2779 3912 2830 τοῦ

2278 2865 2510 2940 ἐσχάτου
2541 2863 2776 2936 ἐξελθεῖν
2810 2864 3102 2941 βασιλέως,
3132 2868 3223 2922 καὶ
3274 2868 3586 2924 κατοικίσαι
3636 2869 3711 2932 είς
3739 2868 3908 2939 Ἰερου-

2277 2953 2491 3028 σαλήμ,
2544 2953 2595 3008 ἐν
2648 2955 2796 3027 αὐτῷ
2853 2954 3082 3030 Βρύαντι
3146 2955 3341 3029 μέλλει
3413 2959 3644 3014 ἀκοῦσαι
3694 2952 3909 3034 βρυγμὸν

2275 3047 2366 3099 καί
2397 3045 2495 3114 τὴν
2534 3044 2668 3120 βοὴν
2699 3048 2798 3100 τοῦ
2828 3043 3194 3118 κλαυθμῶνος
3230 3053 3324 3117 τῆς
3353 3047 3600 3110 πόλεως.

2783 3229 2821 3277 Π
2833 3223 2913 3298 ερῖ
2941 3227 3039 3278 τοῦ
3071 3223 3415 3301 Δαματρῦος.

2349 3311 2587 3385 Ὁμοίως
2645 3313 2735 3367 καὶ
2813 3317 2910 3367 τοῦ
2987 3313 3304 3388 Δαματρύος
3358 3314 3432 3370 τὰ
3489 3312 3730 3371 παλάτια
3782 3311 3906 3366 οὗτοι

2271 3400 2504 3459 ἔκτισαν.
2538 3403 2746 3458 Ἐκεῖσε
2783 3399 2840 3456 δὲ
2871 3402 2936 3469 ἦν
2989 3402 3050 3457 τὸ
3096 3401 3333 3477 πήδημα
3383 3401 3786 3460 Κωνσταντίνου
3827 3401 3905 3452 τοῦ

2267 3490 2478 3570 τυφλοῦ
2513 3492 2632 3546 υἱοῦ
2661 3497 2760 3560 τῆς
2795 3490 3057 3565 Εἰρήνης.

2655 3581 2785 3654 Περὶ
2814 3585 2912 3634 τοῦ
2942 3581 3250 3656 Εὐτροπίου
3290 3579 3547 3656 λιμὲνος.

2343 3669 2416 3723 Τὰ
2443 3666 2499 3724 δὲ
2550 3669 2857 3744 Εὗτροπίου
2905 3671 2933 3724 ὁ
2977 3668 3175 3745 λιμὴν,
3209 3670 3284 3734 εἷς
3333 3672 3392 3726 ’ὀν
3451 3673 3730 3746 ἐπετμήθη
3771 3673 3899 3723 Μαυ-

2273 3757 2448 3834 ρίκιος
2498 3757 2589 3812 σὺν
2641 3758 2858 3834 γυναικὶ
2919 3759 3009 3814 καὶ
3067 3761 3297 3834 τέκνοις,
3349 3760 3576 3832 ἐκτίσθη
3635 3757 3774 3834 παρᾶ
3813 3753 3901 3812 Εὐ-

2269 3847 2499 3928 τροπίου
2557 3849 3049 3924 πρωτοσπαθαρίου
3106 3850 3197 3904 καὶ
3254 3849 3604 3928 κοιαίστορος
3681 3848 3732 3903 ἐν
3801 3845 3901 3900 τοῖς

2272 3937 2498 4012 χρόνοις
2537 3937 2940 3995 Κωνσταντίνου
2965 3943 3063 3993 τοῦ
3098 3937 3388 4015 βασιλέως.

2274 4063 2403 4138 Περὶ
2459 4069 2556 4120 τοῦ
2612 4065 2904 4140 γενομένου
2959 4065 3237 4193 θαύμὲαὶος
3295 4066 3443 4143 παρᾶ
3517 4064 3797 4142 ἐλέφαντος
3858 4051 3902 4107 ἐν

2949 4157 3018 4193 τη
3049 4158 3089 4192 π
3165 4159 3232 4193 ει.

2949 4157 3018 4210 τῃ
3049 4157 3232 4194 «om.

2347 4225 2434 4281 ’Ev
2465 4230 2584 4285 τοῖς
2619 4226 2845 4300 χρόνοις
2873 4230 2971 4280 τοῦ
3002 4225 3262 4303 Μεγάλου
3293 4225 3589 4282 Θεοδοσίου
3619 4221 3766 4298 ἤχθη
3809 4210 3901 4303 ni-

2275 4335 2377 4392 φας
2439 4314 2632 4388 μικρὸς
2680 4313 2734 4368 ἐν
2781 4318 2851 4387 τῇ
2899 4313 3084 4385 πόλει,
3139 4317 3229 4370 καὶ
3300 4315 3590 4394 ἀνέτρεφον
3643 4309 3791 4366 αὐτὸν
3839 4299 3903 4394 εἷς

2273 4388 2393 4457 τινα
2442 4403 2740 4476 οἰκήματα.
2772 4405 3023 4461 Ἱππικοῦ
3078 4400 3136 4459 δὲ
3191 4388 3514 4479 γενομένου.
3541 4401 3724 4481 ἔφερον
3768 4388 3905 4449 αὐτὸν

2275 4491 2350 4554 εἷς
2399 4492 2461 4546 τὸ
2507 4488 2925 4566 Ἱπποδρόμιον.
2974 4494 3061 4550 Ἐν
3107 4491 3165 4548 δὶ
3210 4497 3288 4565 τῷ
3334 4492 3526 4566 Μιλίῳ
3577 4485 3902 4564 διερχόμενον

2275 4577 2500 4656 ἔκρουσε
2544 4579 2871 4654 τραπεζίτης
2913 4602 2996 4643 τις
3058 4581 3360 4658 μετριάζων
3431 4582 3566 4656 μετὰ
3623 4567 3900 4650 στυρακίου.

2276 4669 2425 4726 Μετὰ
2467 4667 2524 4724 δὲ
2570 4669 2802 4744 χρόνους
2849 4667 2978 4725 δίκα
3018 4668 3117 4726 τοῦ⁹
3167 4670 3460 4748 ἆλὲφαντος
3519 4659 3902 4743 ἀνατραφέντοςν

2275 4760 2366 4815 καὶ
2419 4758 2494 4821 εἷς
2553 4759 2614 4813 τὸ
2645 4755 3037 4833 Ἰπποδρόμιον
3097 4759 3387 4835 ἀγομένου,
3447 4761 3534 4816 καὶ
3591 4757 3641 4812 ἐν
3697 4755 3772 4822 τῷ
3818 4749 3904 4835 Ml:

2278 4849 2386 4923 λίῳ
2419 4848 2806 4925 διερχομένου,
2839 4829 3084 4924 ἐμνήσθη
3115 4829 3216 4906 του
3263 4851 3590 4927 κρούσαντος
3630 4841 3801 4910 αὐτὸν,
3825 4829 3904 4889 καὶ

2279 4936 2409 4993 ἰδὼν
2438 4937 2619 5008 αὐτὸν,
2655 4939 2854 5003 εὐθέως
2907 4941 3329 5017 βρυχησάμενος
3381 4940 3604 5018 ἔκρουσε
3647 4933 3733 4989 τὸν
3786 4941 3901 5020 τρας

2277 5027 2529 5098 πεζίτην,
2571 5028 2661 5083 καὶ
2737 5027 2954 5104 ἔσχισεν
3014 5028 3174 5084 αὐτὸν
3233 5031 3541 5104 παραυτίκα
3603 5026 3757 5099 μέσον
3821 5028 3900 5065 του

2281 5117 2508 5175 Μιλίου.

2280 5225 2412 5300 Περὶ
2467 5230 2578 5281 τῶν
2639 5225 2860 5282 εἰκόνων
2916 5233 3024 5284 τῶν
3087 5230 3392 5357 teterrimam
3453 5228 3506 5284 ἐν
3557 5229 3634 5297 τῷ
3708 5208 3897 5292 μεγάλφ

2879 5320 3144 5357 ﬂoccum»
3173 5323 3207 5356 κ
3234 5323 3336 5357 ονι.

2879 5306 3144 5379 πορφυρῷ
3173 5306 3336 5360 κίονι.

2356 5385 2760 5466 Μητροιρᾶνους
2803 5388 2892 5443 καὶ
2927 5369 3284 5466 Ἀλεξάνδρου
3333 5391 3421 5446 mi
3471 5384 3688 5446 Παύλου
3730 5369 3902 5466 εἰκόνες

2285 5477 2336 5532 ἰν
2381 5478 2558 5531 σανίσι
2589 5477 2872 5553 γεγόνασιν
2909 5479 3010 5533 ὑπὸ
3057 5484 3156 5534 τοῦ
3201 5479 3461 5556 Μεγάλου
3511 5458 3899 5556 Κωνσταντίνξυι

2285 5565 2373 5621 καὶ
2416 5543 2638 5622 ἵσταντο
2667 5543 2750 5622 ’ἐν
2800 5571 2884 5641 τῷ
2920 5569 3146 5644 μεγάλῳ
3194 5543 3462 5647 πορφυρῷ
3515 5563 3651 5620 κίονι
3693 5543 3899 5647 πλησίον

2287 5655 2422 5711 κατὰ
2477 5655 2746 5721 ἀνατολάς
2777 5675 2791 5688 ·
2840 5658 3054 5719 ἅστινας
3096 5659 3148 5712 οἱ
3180 5659 3451 5735 Ἀρειανοὶ
3515 5649 3644 5726 μετὰ
3694 5641 3762 5735 τὸ.

2285 5750 2470 5817 τῆσαι,
2525 5744 2656 5821 πυρὶ
2715 5719 3160 5820 παραδεδώκασιν
3223 5719 3270 5804 ii
3329 5752 3409 5821 τῷ
3483 5719 3899 5819 ὦρείῳλιιλίῳ-
