4124 6396
268 429 424 491 1281
1406 423 1771 485 ANONYMI
1819 423 1896 484 Al‘

2071 422 2406 487 UITATES
2449 426 2569 490 ΟΡ.
3545 429 3699 491 I282

268 559 406 635 μετὰ
433 555 652 613 καὶτοῦ
697 557 796 622 τῆς
853 548 1122 606 Θεοτόκου
1167 549 1645 626 ἀπεικονίσματος,
1695 552 1786 608 καὶ
1832 552 1896 607 αὖ

2067 554 2254 610 lerunt
2308 573 2425 612 una
2482 573 2616 614 cum
2677 557 2934 631 imagine
2989 562 3046 612 S.
3079 559 3364 631 Deiparze,
3396 564 3454 616 et
3509 559 3695 632 ipsius

263 652 364 705 τοῦ
417 644 485 716 δὴ
535 647 634 698 τοῦ
681 640 1046 712 νηπιάσαντος
1113 639 1274 716 σαρκῖ
1306 641 1490 712 Ἰησοῦ
1533 643 1796 717 Χριστοῦ,
1827 661 1891 696 κα

2074 660 2174 700 esu
2227 645 2444 702 Christi
2496 646 2762 716 infantis,
2807 653 2874 702 ut
2918 648 3290 720 Angyrianus
3340 648 3695 722 chronogra-

266 738 378 802 θὼς
407 732 765 811 Ἀγγυριανὸς
793 727 1177 807 χρονογράφος
1225 727 1276 785 ἐν
1307 734 1386 802 τῷ
1416 727 1702 807 ὃεκαλόγῳ
1734 731 1894 786 αὐτοῦ

2071 732 2194 788 ibus
2224 732 2374 790 libro
2407 735 2658 804 decimo,
2693 741 2749 791 et
2783 737 3138 792 Anastasius
3173 737 3468 793 memoriae
3503 739 3699 810 prodi-

266 826 359 883 καὶ
392 823 743 885 Ἀναστάσιος
772 821 907 893 ἡμῖν
941 815 1294 893 παρέδωκαν.
2039 823 2273 879 derunt.

814 924 942 1000 Περῖ
972 925 1036 980 τὸ
1071 925 1370 1000 Σμύρνιον.
1463 956 1473 966 -
1975 971 1978 974 .
2361 933 2432 989 De

1975 971 1978 974 .
2361 933 2432 989 De
2463 933 2576 989 loco
2605 935 2988 1004 cognominata
3017 933 3363 1008 Smyrm'um.

345 1022 420 1079 Τὸ
451 1017 794 1092 καλούμενον
829 1013 1102 1091 Σμύρνιον
1148 1013 1386 1086 πλησίον
1429 1019 1526 1071 τοῦ
1575 1015 1928 1094 Τετραδισίου

2111 1019 2298 1076 Locus
2345 1022 2676 1094 appellatus
2705 1023 3046 1097 Smyrnium
3096 1041 3272 1095 prope
3304 1026 3696 1082 Tetradisiam

276 1109 545 1188 ἐμϐόλου,
577 1109 834 1182 σύνεγγυς
878 1107 975 1159 τοῦ
1023 1103 1212 1180 Ἀγίου
1263 1102 1548 1180 Θεοδώρου
1615 1111 1713 1162 τοῦ
1769 1113 1899 1185 Σφω

2081 1110 2352 1181 ortieum,
2415 1128 2479 1167 ac
2541 1112 2803 1184 proxime
2841 1117 2897 1169 Β.
2938 1112 3305 1169 Theodorum
3369 1115 3702 1186 Spboracii,

276 1199 489 1280 ρακίου,
525 1197 642 1276 ἔχει
694 1195 949 1251 ὑποκάτω
994 1200 1095 1264 τῆς
1146 1200 1251 1269 γῆς
1278 1198 1376 1249 τοῦ
1408 1195 1544 1271 πρὸς
1581 1195 1780 1273 βοῤῥᾶν
1835 1195 1900 1270 μέ

2085 1199 2216 1254 abet
2259 1201 2722 1272 septentrionem
2756 1218 2963 1257 versus
2996 1204 3422 1258 concavitatem
3472 1204 3711 1260 subter-

277 1312 406 1370 ρους
452 1286 677 1364 ὀργυιὰς
729 1282 878 1353 δέκα,
912 1280 1117 1352 στήλας
1170 1281 1338 1356 ἐννέα,
1389 1282 1438 1356 ἐξ
1489 1285 1560 1338 ὧν
1605 1282 1648 1338 δ’
1681 1284 1774 1358 μέν
1825 1285 1905 1340 εἰσ

2081 1303 2278 1343 ansam
2337 1292 2537 1345 decem
2596 1290 2897 1358 ulnarum,
2946 1307 3012 1346 ac
3071 1307 3274 1347 novem
3333 1297 3585 1359 statuas,
3642 1310 3709 1349 ex

272 1377 684 1438 Κωνσταντίνου
711 1377 814 1429 τοῦ
849 1370 1104 1448 Μεγάλου
1153 1373 1244 1426 καὶ
1291 1379 1391 1444 τῆς
1447 1373 1705 1448 γυναικὸς
1765 1373 1895 1428 αὑτο

2084 1376 2260 1433 uibus
2293 1378 2530 1451 quidem
2565 1385 2685 1435 tres
2715 1385 2877 1451 sunt,
2901 1381 3274 1436 Constantini
3307 1381 3522 1454 Magni,
3558 1383 3709 1438 Fau-

277 1469 555 1539 Φαύστης,
605 1463 695 1521 καὶ
737 1462 1049 1537 Ἱλαρίωνος
1097 1461 1480 1536 πραιποσίτου,
1531 1463 1620 1518 καὶ
1667 1467 1764 1517 τοῦ
1811 1461 1900 1537 τρί

2082 1473 2146 1522 [ω
2186 1469 2312 1540 ejus
2363 1470 2583 1538 uxoris,
2637 1487 2703 1526 ae
2735 1470 3051 1526 Hilarionis
3113 1473 3442 1543 praepositi;
3497 1478 3710 1544 quarta

275 1579 377 1614 του
407 1554 602 1619 παιδὸς
631 1553 792 1608 αὐτοῦ
846 1551 1089 1628 Κρίσπου
1136 1550 1572 1624 ὀνομαζομένου,
1603 1553 1661 1607 ’ὃν
1703 1550 1902 1628 ἹΙρόδο

2079 1556 2232 1629 lrispi
2283 1560 2412 1629 ejus
2463 1559 2588 1627 filii,
2621 1576 2793 1629 quem
2853 1560 3186 1616 Herodotus
3244 1566 3300 1615 et
3357 1560 3707 1634 Hippolytus

269 1669 366 1710 τος
425 1646 514 1701 καὶ
559 1641 884 1704 Ἱππόλυτος
940 1640 1313 1718 χρονογράφοι
1365 1638 1614 1717 λέγουσιν
1661 1642 1897 1720 ἀποκειρα

2081 1646 2474 1720 hronographi
2519 1648 2810 1703 memoriae
2862 1649 3272 1720 prodiderunt,
3306 1651 3495 1722 capite
3528 1650 3709 1706 fuisse

276 1736 558 1807 λισθῆναι,
591 1730 680 1788 διὰ
725 1731 787 1786 τὸ
838 1728 912 1794 εἴς
960 1730 1192 1803 ὑποψίαν
1236 1728 1410 1784 έλθεῖν
1467 1729 1555 1784 ἆπὶ
1589 1730 1810 1806 Φαύστῃ
1863 1736 1904 1784 τί

2079 1735 2382 1804 multatum,
2416 1738 2572 1808 quod
2614 1737 2672 1792 in
2725 1737 3121 1810 suspicionem
3175 1739 3431 1796 venisset
3481 1740 3707 1796 Faustae

281 1828 525 1900 μητρυιᾷ
571 1823 757 1878 αὐτοῦ.
791 1820 885 1875 Διὸ
933 1818 1142 1890 ἐκείνην
1189 1819 1306 1892 μὲν,
1346 1817 1632 1895 βαλανείου
1683 1818 1902 1899 σφοδρῶ

2085 1841 2303 1880 overcze
2396 1826 2776 1882 concubitum
2865 1826 3238 1883 sollicitasse.
3317 1829 3704 1892 Quamobrem

273 1914 585 1980 ἐκκαέντος,
622 1908 896 1966 ἐκέλευσεν
950 1904 1147 1971 ἔσωθεν
1198 1905 1397 1962 τούτου
1428 1915 1763 1978 κατακαῆναι
1797 1927 1810 1941 ⁸
1841 1909 1901 1964 τὸ

2075 1914 2322 1969 'austam
2357 1914 2594 1986 quidem
2641 1914 2847 1971 balneo
2896 1920 3183 1971 aastuante
3237 1917 3551 1987 suffocari;
3583 1917 3703 1973 ﬁlio

275 2000 336 2058 δὲ
367 2003 482 2058 υἱὸν
512 1998 676 2056 αὐτοῦ
706 1998 1092 2071 ἀποτμηθῆναι
1123 1991 1340 2073 ἄκριτον
1392 1993 1481 2052 διὰ
1525 1999 1624 2068 τὴν
1671 1997 1903 2071 ὑποψίαν

2073 2007 2235 2057 .utem
2269 2002 2472 2074 Crispo
2504 2008 2682 2076 caput
2712 2004 2937 2060 indicta
2967 2021 3147 2061 causa
3179 2007 3475 2078 amputari
3499 2007 3701 2078 jussit.

271 2092 369 2149 Διὸ
413 2090 506 2146 καὶ
552 2096 653 2160 τῆς
704 2087 914 2162 μητρὸς
945 2084 1167 2156 Ἑλένης
1223 2086 1300 2158 μὴ
1351 2085 1622 2163 φερούσης
1651 2088 1750 2156 τὴν
1784 2087 1899 2142 ἀναί

2076 2090 2260 2147 [elena
2299 2108 2434 2147 vero
2484 2091 2854 2148 Constantini
2906 2097 3092 2150 mater
3143 2094 3381 2165 juvenis
3431 2100 3704 2161 mortem,

274 2202 421 2258 ρεσιν
482 2183 579 2235 τοῦ
628 2179 775 2247 νέου,
827 2173 931 2246 ἤδη
982 2183 1082 2242 τῆς
1139 2180 1235 2230 τοῦ
1294 2174 1560 2248 Καίσαρος
1614 2176 1902 2248 ἀξιωθέντο

2074 2182 2286 2236 lasseris
2327 2181 2452 2252 jam
2498 2182 2848 2254 dignitatem
2903 2182 3120 2254 adepti,
3174 2199 3323 2256 regre
3372 2185 3584 2253 ferens,
3621 2187 3702 2248 nil

267 2276 464 2344 τιμῆς,
496 2264 797 2342 ήδολέοχει
830 2264 915 2320 ἐπὶ
950 2269 1018 2337 τῇ
1051 2265 1260 2340 ἀκρίτῳ
1309 2265 1577 2343 ἀποφάσει
1610 2285 1622 2300 ·
1668 2266 1758 2320 καὶ
1801 2287 1895 2336 στη

2073 2270 2202 2325 liud
2233 2270 2320 2326 vel
2368 2269 2720 2342 loquebatur
2746 2270 2831 2326 vel
2875 2271 3293 2338 meditabatur,
3329 2289 3505 2344 quam
3555 2290 3701 2345 pras-

275 2359 460 2421 λώσας
489 2359 582 2413 τὸν
639 2359 886 2411 τοιοῦτον
938 2355 1054 2409 υἱὸν
1114 2355 1280 2409 αὑτοῦ
1311 2355 1339 2408 ὁ
1372 2354 1549 2428 Μέγας
1601 2362 1903 2411 Κωνσταντῑ

2071 2360 2280 2431 ipitem
2305 2361 2565 2428 juvenis,
2592 2360 2694 2432 qui
2726 2377 2962 2416 causam
3001 2378 3112 2416 non
3146 2361 3392 2416 dixisset
3423 2363 3699 2417 condem-

279 2469 391 2518 νος,
425 2445 514 2503 διὰ
567 2447 632 2502 τὸ
705 2451 1030 2519 μετανοῆσαι
1107 2443 1198 2498 καὶ
1277 2443 1614 2516 λυπηθῆναι,
1673 2442 1907 2501 ἔκλαυσεπ

2071 2449 2364 2504 lationem.
2408 2451 2596 2516 Quare
2645 2450 3068 2505 Constantinus
3128 2451 3377 2522 Magnus
3440 2455 3699 2507 statuam

277 2536 489 2612 ἡμέρας
548 2537 600 2610 μ’
625 2535 716 2591 καὶ
768 2533 966 2594 νύκτας
1008 2534 1081 2606 μ’,
1119 2535 1194 2606 μὴ
1257 2531 1591 2606 λουσάμενος
1627 2534 1690 2589 τὸ
1748 2539 1905 2608 σῶμα

2072 2538 2164 2594 ilio
2221 2555 2353 2606 suo,
2404 2538 2745 2610 poenitentia
2804 2544 3000 2594 motus
3053 2540 3256 2605 erexit,
3317 2556 3382 2595 ac
3441 2541 3700 2612 integros

278 2624 422 2701 μηδὲ
471 2623 796 2685 ἀνακλιθείς.
823 2623 1085 2692 Ἐποίησε
1135 2619 1191 2678 δὲ
1236 2623 1335 2690 τήν
1384 2621 1580 2678 τούτου
1624 2623 1832 2694 στήλην
1881 2624 1903 2678 έ

2069 2628 2438 2700 [uadraginta
2472 2627 2621 2694 dies,
2652 2618 3018 2699 totidemque
3064 2633 3268 2684 noctes
3298 2629 3493 2701 ipsum
3527 2629 3697 2696 luxit,

279 2716 526 2792 ἀργύρου
552 2717 814 2789 καθαροῦ,
850 2713 1024 2788 βάψας
1055 2711 1224 2780 αὐτὴν
1259 2711 1318 2766 ἐκ
1363 2711 1595 2788 χρυσίου
1645 2711 1907 2768 πλείστου

2073 2720 2208 2771 ante
2256 2716 2435 2771 animi
2491 2717 2858 2789 aegritudine,
2894 2722 2957 2771 ut
2989 2733 3294 2788 nunquam
3340 2717 3429 2773 vel
3478 2717 3701 2775 levaret

277 2804 512 2882 ἐγκύψας
571 2803 639 2858 τὰ
685 2803 986 2879 γράμματα
1037 2799 1364 2876 περιέχοντα
1399 2819 1413 2833 ο
1467 2803 1905 2862 ΗΔΙΚΗΜΕΝΟ]

2077 2821 2287 2877 orpus,
2346 2805 2435 2860 vel
2502 2806 2652 2861 lecto
2721 2807 3111 2861 recumberet.
3172 2807 3436 2862 Statuam
3503 2813 3701 2864 autem

275 2896 322 2951 Ο
380 2898 534 2948 ΥΙΟΣ
585 2895 743 2948 ΜΟΥ.
798 2889 1013 2960 Ταύτην
1083 2887 1172 2943 οὖν
1235 2892 1438 2960 στήσας
1493 2891 1580 2945 καὶ
1644 2895 1900 2964 μετάνοια

2075 2912 2194 2950 lane
2219 2896 2267 2949 ei
2293 2895 2492 2966 posuit
2513 2912 2580 2950 ex
2600 2901 2841 2967 argento
2869 2912 3015 2966 puro
3046 2897 3405 2964 inauratam,
3435 2913 3568 2952 cum
3592 2897 3703 2953 hac

283 2979 468 3056 βαλὼν
503 2979 748 3056 ὶλιπάρει
777 2979 870 3035 τὸν
904 2980 1034 3034 Θεὸν
1083 2978 1208 3054 περὶ
1249 2979 1322 3032 ὡν
1373 2977 1825 3052 ἐπλημμέλησεν.
1863 2989 1901 3034 Α

2071 2984 2467 3055 nscriptione:
2500 2985 2736 3040 FILIUS
2782 2985 2975 3040 MEUS
3017 2985 3312 3041 INJUSTE
3347 2986 3699 3042 NECATUS.

279 3067 338 3125 δὲ
395 3068 583 3125 λοιπαὶ
638 3068 836 3138 στῆλαί
895 3067 997 3123 εἰσι
1054 3062 1326 3140 Σεϐήρου,
1369 3067 1676 3143 Ᾱρματίου,
1710 3068 1907 3139 Ζευξίπη

2067 3073 2161 3127 Iac
2227 3073 2409 3145 igitur
2473 3078 2666 3129 erecta
2731 3078 2964 3139 statua,
3034 3074 3442 3144 paenitentiam
3514 3092 3695 3146 more,

272 3180 405 3227 που,
460 3157 778 3233 Βιγλεντίου
824 3162 921 3213 τοῦ
985 3157 1052 3212 τὰ
1120 3156 1403 3230 Βιγλέντια
1477 3157 1780 3227 κτίσαντος,
1839 3178 1900 3212 κα

2067 3178 2282 3232 :orpore
2311 3166 2370 3218 et
2401 3161 2590 3232 capite
2637 3161 2940 3227 inclinato,
2972 3161 3210 3217 sceleris
3253 3163 3480 3217 veniam
3514 3181 3548 3218 a
3579 3163 3695 3219 Deo

278 3246 623 3324 Ἐλευθερίου
677 3251 776 3302 τοῦ
825 3246 894 3302 τὰ
948 3244 1001 3300 ἐν
1063 3244 1278 3312 Σινάτῳ
1334 3244 1576 3300 παλάτια
1621 3245 1906 3311 κτίσαντος

2063 3250 2416 3321 :l'ﬂagitabat.
2455 3250 2737 3305 Caeterum
2784 3249 3022 3321 reliquae
3065 3255 3273 3305 statuae
3306 3256 3446 3306 sunt
3476 3251 3691 3324 Severi,

276 3339 444 3396 Οὗτοι
499 3335 593 3392 οὗν
650 3337 846 3398 πάντες
902 3335 1030 3411 παρ’
1078 3334 1242 3390 αὐτοῦ
1298 3335 1708 3404 έστηλώθησαν.
1753 3337 1822 3393 Ol.
1872 3336 1898 3390 ὀ

2066 3339 2351 3406 iarmatii,
2405 3338 2703 3410 Zeuxippi,
2738 3337 3056 3409 Vigilantii,
3108 3339 3209 3410 qui
3258 3339 3551 3410 Viglentia
3599 3358 3694 3396 ex-

276 3424 553 3502 Ἀρειανοὶ
604 3424 856 3501 εὑρόντες
903 3423 991 3479 ἐπὶ
1034 3423 1341 3489 Οὐάλεντος
1389 3423 1703 3500 κατέχωσαν
1746 3425 1904 3490 αὐτάς

2063 3429 2276 3498 struxit,
2317 3434 2376 3483 et
2423 3427 2743 3482 Eleutherii
2803 3427 3004 3498 palatii
3064 3433 3305 3484 senatus
3354 3430 3691 3486 conditoris.

279 3517 398 3574 Has
429 3531 632 3573 omnes
663 3520 891 3574 statuas
921 3517 1347 3574 Constantinus
1375 3520 1622 3590 Magnus
1653 3517 1798 3591 erigi
1829 3519 2074 3589 curavit,
2105 3534 2254 3590 quas
2284 3522 2486 3591 postea
2517 3518 2627 3573 sub
2660 3517 2899 3573 Valente
2932 3517 3126 3573 Ariani
3158 3534 3290 3574 cum
3322 3517 3694 3591 reperissent,

278 3614 439 3664 terra
474 3609 819 3664 obruerunt.

274 3717 403 3778 Πῶς
449 3713 515 3768 οὗ
562 3708 903 3768 δαπανῶνται
954 3710 1230 3839 τᾶλτείχη
1278 3719 1380 3783 τῆς
1423 3712 1663 3781 πόλεως,
1693 3714 1762 3768 τὰ
1790 3733 1896 3788 παρ

959 3795 1025 3847 θα
1068 3805 1255 3847 ασσης.

2154 3717 2333 3785 Quare
2361 3718 2514 3773 muri
2541 3716 2820 3772 maritimi
2847 3716 3006 3772 urbi:
3034 3732 3142 3772 non
3171 3723 3587 3773 consumantur.

994 3805 1255 3846 αΑασσης.

959 3807 1255 3856 θαλάσσης.

352 3873 559 3944 Κτίζων
638 3869 697 3928 δὶ
778 3873 878 3942 τὴν
952 3871 1119 3929 πόλιν
1176 3874 1204 3928 ὁ
1261 3873 1437 3949 Μέγας
1509 3877 1932 3943 Κωνσταντῖνος,

2115 3879 2257 3931 Cum
2289 3878 2705 3933 Constantinus
2755 3881 2999 3950 Magnus
3050 3877 3256 3932 urbem
3307 3875 3458 3935 hanc
3488 3877 3700 3934 conde-

276 3958 436 4025 ὄντος
492 3965 589 4017 τοῦ
640 3957 812 4017 τόπου
868 3959 1206 4038 πετρώδους,
1262 3962 1350 4016 καὶ
1417 3959 1723 4034 μέλλοντος
1770 3961 1904 4016 αὖτο

2077 3970 2153 4035 et,
2177 3973 2230 4020 et
2259 3965 2453 4022 locum
2486 3970 2687 4038 utpote
2709 3983 3008 4037 saxosum,
3033 3967 3104 4022 ad
3137 3966 3402 4038 porticus
3433 3967 3703 4039 atriaque

278 4049 489 4121 ἑξισοῦν
546 4051 686 4126 πρὸς
741 4050 803 4104 τὸ
859 4051 1057 4119 κτίζειν
1089 4051 1218 4113 τοὺς
1277 4045 1554 4124 ἐμϐόλους
1598 4049 1690 4105 καὶ
1726 4050 1906 4126 ἐξάερα

2079 4055 2442 4111 onstruenda
2491 4055 2866 4127 complanare
2898 4055 3090 4123 vellet,
3124 4055 3388 4127 lapicidas
3440 4073 3504 4112 ac
3554 4055 3702 4112 scal-

285 4139 584 4202 κόπτοντες
617 4141 668 4195 οἱ
697 4137 939 4210 λιθοξόοι
968 4141 1058 4195 καὶ
1116 4141 1350 4214 λατόμοι
1397 4141 1494 4201 τὰς
1545 4141 1784 4218 κορυφᾶς
1825 4145 1913 4196 τῶ·

2076 4150 2244 4202 iteres
2300 4145 2512 4202 excisis
2566 4151 2863 4218 petrarum
2932 4145 3202 4218 apicibus
3256 4145 3484 4218 lapides
3541 4150 3704 4202 extra

276 4229 868 4306 πετρῶν,κατεκύλιον
917 4229 1047 4294 τοὺς
1095 4227 1284 4294 λίθους
1315 4229 1441 4292 τοὺς
1498 4231 1783 4302 κειμένους
1832 4229 1904 4301 ἓξ(

2077 4253 2250 4291 curos
2309 4237 2572 4306 jacentes
2640 4235 3093 4306 convolvebant,
3157 4253 3190 4291 a
3248 4241 3415 4307 porta
3479 4239 3705 4292 Sanctae

272 4324 386 4376 τῶν
431 4324 635 4396 τειχῶν
689 4319 795 4375 ἀπὸ
835 4326 937 4390 τῆς
983 4316 1294 4394 Βαρϐάρας,
1331 4321 1498 4395 μέχρι
1529 4324 1626 4375 τοῦ
1657 4318 1900 4375 Παλατίο

2077 4325 2314 4380 Barbarae
2364 4325 2435 4380 ad
2488 4324 2768 4395 palatium
2822 4341 3030 4396 usque,
3060 4330 3116 4380 et
3166 4329 3400 4396 portum
3454 4325 3705 4398 Sophia-

272 4411 366 4466 καὶ
424 4413 531 4465 τῶν
586 4414 830 4487 Σοφιῶν·
861 4409 948 4464 καὶ
1010 4413 1119 4463 τῶν
1167 4408 1537 4486 Ἐλευθερίου,
1575 4408 1740 4484 μέχρι
1793 4429 1900 4485 χρυ

2074 4431 2212 4481 tum,
2236 4433 2268 4469 a
2288 4419 2456 4484 portu
2482 4420 2676 4469 autem
2700 4413 3042 4480 Eleutherii,
3071 4415 3138 4468 ad
3166 4420 3394 4487 portam
3421 4417 3702 4470 Auream:

278 4498 398 4561 σίας
427 4517 439 4530 ⁸
474 4497 566 4552 καὶ
625 4497 824 4563 ἔσωθεν
883 4501 992 4552 τῶν
1045 4496 1228 4552 αὐτῶν
1291 4496 1458 4552 λίθων
1489 4496 1653 4568 ἔπηξε
1679 4498 1746 4553 τὰ
1774 4498 1906 4574 τείχ·

2077 4519 2114 4558 .c
2172 4504 2326 4558 intra
2383 4503 2618 4558 eosdem
2687 4503 2916 4575 lapides
2975 4521 3182 4559 murus
3238 4505 3513 4560 conditus
3573 4503 3705 4573 fuit,

276 4587 356 4650 εἷς
411 4585 667 4657 διάστιξιι
723 4591 820 4643 τοῦ
878 4587 1102 4661 τείχους
1154 4587 1242 4641 καὶ
1295 4587 1454 4657 πῆξιν
1545 4586 1730 4657 αὐτοῦ,
1791 4585 1904 4642 ὅπω

2077 4609 2166 4665 [uo
2217 4592 2490 4648 remotior
2516 4609 2584 4647 ae
2615 4592 2858 4648 solidior
2887 4596 3062 4661 esset,
3097 4599 3162 4649 ut
3209 4595 3494 4665 agitatum
3544 4607 3705 4648 mare

277 4677 658 4750 κυμαινομὲνη
718 4679 752 4746 ἡ
818 4674 1060 4740 θάλασσα
1117 4673 1193 4738 εἷς
1247 4677 1342 4737 τὰς
1401 4675 1600 4752 πέτρας
1665 4675 1905 4753 κρούσασ

2077 4663 2261 4738 isdem
2307 4681 2604 4753 lapidibus
2655 4681 2906 4748 illisum,
2956 4683 3142 4738 muris
3191 4663 3568 4754 tranquillius
3617 4683 3705 4737 af-

278 4763 456 4843 γαλην
469 4769 544 4836 ιᾷ.

2053 4771 2277 4826 ﬂueret.

279 4881 580 4959 Ἀρσενίου¹
645 4885 892 4958 μοναχοῧ
977 4881 1047 4959 τά
1123 4881 1478 4959 Στρογγύλου
1561 4889 1662 4959 τῇς
1745 4889 1907 4959 μονῆς

2080 4887 2272 4944 lrscnii
2302 4887 2558 4942 monachi
2582 4888 2904 4942 monasterii
2949 4887 3254 4959 Strongyli,
3289 4887 3430 4959 quod
3456 4889 3516 4943 in
3549 4896 3708 4944 antro

357 4951 614 5034 Sutvjy'qe'is
646 4951 655 4956 ’
688 4951 827 5034 τις”
863 4956 1060 5030 μερική
1141 4951 1328 5031 οὗπερ
1363 4958 1397 5025 ἠ
1482 4951 1627 5028 μονῆ
1704 4951 1940 5034 πέφυκεν

1871 4951 1940 5010 ιεν
2250 4960 2364 5014 sive
2383 4967 2539 5031 petra
2566 4961 2738 5014 situm
2766 4963 2908 5030 erat,
2939 4951 3198 5015 narratio
3226 4951 3499 5032 q'u'c'edam.

360 5023 554 5100 ἄντρον
582 5025 618 5096 ἢ
648 5025 838 5102 πέτρα.

361 5124 476 5198 Πρὸ
503 5122 695 5199 ὀλίγου
725 5122 932 5200 χρόνου
965 5119 1032 5192 δὴ
1085 5122 1136 5179 ἰν
1184 5129 1302 5188 τοῖς
1348 5125 1632 5182 ἐνεστῶσιν
1675 5125 1941 5189 ἐνιαυτοῖς

2124 5128 2340 5200 Nuper,
2371 5134 2429 5185 et
2467 5129 2685 5185 recenti
2735 5129 3020 5186 memoria
3066 5146 3281 5187 novum
3313 5129 3617 5202 quidpiam
3650 5133 3709 5186 et

283 5211 476 5288 γέγονέ
530 5233 586 5268 τι
644 5212 791 5286 ξένον
844 5210 934 5267 καὶ
988 5211 1268 5286 θαύματος
1313 5211 1456 5284 ἄξιον
1486 5236 1498 5249 ·
1532 5214 1622 5270 καὶ
1667 5215 1768 5292 γὰρ
1799 5216 1910 5272 ἀπά

2081 5218 2446 5274 ιὰωἱιδαιίοηθ
2495 5219 2742 5292 dignum
2795 5219 3026 5276 accidit.
3060 5220 3308 5286 Quidam
3357 5219 3514 5276 enim
3541 5236 3574 5275 a
3612 5218 3709 5275 lit-

287 5301 477 5376 ραντές
534 5322 677 5365 τινες
733 5304 831 5357 τοῦ
887 5300 1164 5378 παραλίου
1216 5302 1415 5379 μέρους
1463 5308 1561 5360 τοῦ
1595 5310 1812 5374 Στενοῦ,
1853 5326 1915 5360 κα

2081 5324 2180 5363 ore
2227 5307 2386 5364 Steni
2437 5323 2571 5364 cum
2627 5309 2961 5379 solvissent,
2993 5315 3053 5366 et
3102 5311 3171 5365 ad
3224 5327 3461 5382 parvam
3495 5325 3709 5382 quam-

284 5387 424 5466 πρός
455 5409 504 5445 τι
538 5387 783 5461 νησίδιον
813 5389 907 5446 τὸν
953 5389 1237 5447 ἀπόπλουν
1291 5397 1576 5457 ποιοῦντες
1623 5393 1700 5457 εἷς
1743 5392 1910 5467 έξώνη

2077 5399 2188 5454 lam
2220 5397 2476 5454 insulam
2510 5398 2582 5454 ad
2615 5399 2948 5455 necessaria
2977 5400 3300 5457 coemenda
3330 5399 3705 5472 navigarent;

287 5500 370 5534 σιν
441 5483 551 5534 τῶν
619 5479 804 5541 αὐτοῖς
871 5477 1184 5556 χρειωδῶν,
1235 5483 1612 5544 καταστάσεως
1676 5480 1909 5553 εὐδιεινῆ

2081 5488 2198 5542 lum
2229 5487 2550 5558 tranquillo
2581 5488 2731 5543 mari
2771 5487 3053 5546 orientale
3083 5489 3254 5545 littus
3298 5488 3524 5562 placide
3554 5488 3709 5562 lege-

287 5568 696 5644 τυγχανούσης,
731 5567 822 5623 καὶ
871 5568 1018 5644 παρὰ
1062 5569 1154 5624 τὸν
1195 5568 1447 5645 αἰγιαλὸν
1489 5575 1588 5625 τοῦ
1617 5575 1718 5636 τῆς
1755 5572 1915 5627 ἀνατο

2080 5579 2232 5631 ent:
2267 5576 2370 5647 qui
2421 5575 2479 5631 in
2529 5575 2803 5632 navicula
2844 5581 3013 5632 erant
3069 5582 3258 5633 nautae
3307 5579 3708 5648 vectoresque,

292 5655 400 5728 λῆς
453 5659 652 5733 μέρους
694 5657 924 5732 ἡσύχως
975 5655 1256 5730 πλέοντες,
1315 5661 1367 5715 οἱ
1426 5658 1477 5716 ἐν
1534 5665 1614 5732 τῷ
1669 5659 1920 5736 πλοιαρίο

2083 5680 2255 5721 νοοθω
2303 5663 2513 5737 aquilae
2547 5681 2900 5738 magnopere
2942 5665 3257 5723 clamantis
3287 5670 3342 5722 et
3372 5667 3432 5720 in
3458 5667 3589 5720 vita
3621 5665 3711 5721 di-

290 5747 660 5824 τυγχάνοντες
703 5745 894 5802 ναῦταί
939 5767 1000 5804 τε
1052 5747 1144 5803 καὶ
1174 5743 1427 5806 ἐπιϐάται
1455 5748 1659 5822 ἤκουον
1707 5758 1912 5827 κραυγῆ

2079 5754 2338 5813 ιοιιὶωἰιιο
2389 5753 2644 5826 graviter
2698 5753 2976 5827 lugentis,
3027 5755 3263 5828 Deoque
3310 5754 3707 5827 permittente,
