4124 6380
440 382 599 443 1283

1399 381 1800 445 APPENDIX
1844 382 1952 444 AD
1998 378 2460 444 MIGHAELEM
2500 376 2897 445 PSELLUM.

3705 385 3859 446 1286

436 518 811 593 implorantis
833 516 1141 586 auxilium,
1161 521 1535 591 acceperunt.
1559 518 1725 584 Quod
1749 533 1881 574 cum
1911 516 2091 573 anim-

2208 514 2368 570 ἀετοῦ
2410 511 2786 590 σφοδροτάτης
2830 515 2932 584 τὴν
2982 515 3175 574 δαυτοῦ
3230 515 3375 586 ζωὴν
3420 512 3855 591 ἇποδυρομένους

440 609 850 677 advertissent,
883 609 956 664 ad
998 606 1168 665 littus
1196 625 1405 664 navem
1456 607 1786 680 appellunt,
1818 612 1877 663 et
1905 623 2095 664 rema-

438 698 820 755 manentibus
863 698 1111 764 caeteris,
1140 715 1241 754 sex
1287 702 1429 754 sunt
1473 698 1693 770 egressi
1746 698 1845 770 qui
1895 713 2093 753 vocem

441 790 566 845 avis
611 804 677 844 eo
728 803 940 859 usque,
971 787 1113 842 dum
1164 787 1743 860 appropinquassent
1773 786 1982 857 secuti,
2011 784 2095 841 vi-

437 879 648 933 derunt
679 876 938 948 aquilam
985 875 1133 931 heu!
1171 875 1460 947 serpentis
1492 875 1662 948 plexu
1712 875 1793 930 ita
1840 876 2092 930 circum-

436 968 655 1033 dalam,
693 971 751 1021 ut
786 965 1033 1036 pedibus
1074 965 1401 1037 pennisque
1432 964 1747 1021 constricta
1778 968 2094 1030 teneretur,

439 1055 895 1128 proximumque
924 1058 1102 1125 esset,
1134 1059 1199 1109 ut
1228 1055 1301 1110 ab
1354 1071 1419 1110 eo
1466 1054 1861 1110 devoraretur.
1895 1054 2095 1125 Itaque

440 1144 595 1201 anxii
629 1160 764 1199 cum
815 1144 1153 1214 ignorarent
1198 1160 1315 1214 quo
1362 1148 1530 1215 pacto
1576 1146 1876 1199 servarent
1924 1142 2094 1213 aqui-

439 1233 558 1290 lam
588 1237 1043 1306 serpentemque
1082 1233 1496 1301 interﬁcerent,
1530 1232 1800 1305 protinus
1847 1231 2097 1288 redeunt

438 1324 509 1379 ad
543 1340 748 1379 navem
782 1340 898 1378 non
929 1322 1011 1378 ita
1042 1321 1242 1394 procul
1265 1321 1559 1391 dissitam,
1585 1322 1953 1394 arreptisque
1988 1320 2097 1376 for-

438 1412 669 1485 cipibus
700 1429 765 1467 ac
795 1412 1006 1483 gladiis
1038 1410 1290 1485 aliisque
1330 1411 1463 1467 telis
1493 1411 1692 1477 aeneis,
1728 1427 1952 1468 necnon
2006 1411 2096 1466 fa—

436 1502 680 1558 brorum
715 1499 1050 1557 mrariorum
1079 1500 1516 1572 instrumentis,
1540 1516 1665 1573 quae
1697 1515 1896 1556 secum
1929 1500 2096 1555 vehe-

439 1589 606 1657 bant,
637 1605 771 1644 cum
822 1587 998 1644 sociis
1031 1587 1181 1657 aliis,
1218 1588 1320 1660 qui
1368 1587 1427 1642 in
1479 1585 1748 1643 navicula
1797 1602 2094 1642 remanse-

442 1684 593 1747 rant,
624 1695 741 1734 una
792 1679 1031 1746 abeunt,
1065 1682 1236 1749 atque
1266 1677 1361 1733 bis
1399 1677 1672 1732 instructi
1716 1676 1804 1732 avi
1853 1675 2095 1732 auxilia~

439 1772 565 1823 tum
594 1773 858 1824 currunt.
880 1769 1143 1839 Cumque
1166 1770 1494 1839 serpentem
1521 1766 1742 1835 eodem,
1770 1782 1885 1839 quo
1909 1766 2091 1838 prius,

439 1858 614 1914 modo
665 1856 872 1930 aquilae
929 1856 1359 1911 circumdatum
1407 1856 1786 1927 reperissent,
1837 1855 2093 1912 circum-

438 1952 765 2014 steterunt;
821 1951 879 2001 et
926 1962 1061 2001 cum
1114 1944 1428 2018 nequirent
1474 1946 1603 2016 ejus
1662 1946 1853 2018 spiras
1900 1944 2094 2017 gladio

436 2035 741 2104 impetere,
789 2035 956 2091 veriti
1007 2052 1079 2090 ne
1109 2034 1369 2106 aquilam
1419 2033 1770 2100 occiderent,
1804 2032 2097 2090 succurrit

436 2125 586 2197 ipsis
630 2126 954 2179 vertebram
1003 2124 1184 2196 spinae
1233 2124 1415 2194 dorsi,
1447 2140 1577 2195 quis
1626 2123 1999 2196 prominebat
2036 2127 2095 2179 et

437 2212 697 2285 aquilam
748 2214 976 2286 tegebat
1021 2212 1293 2283 exterior,
1339 2212 1661 2285 forcipibus
1711 2212 2092 2285 prehendere.

437 2302 599 2367 Quod
636 2301 732 2356 ubi
767 2301 1011 2357 solerter
1060 2306 1361 2375 peractum
1410 2305 1519 2367 est,
1551 2301 1652 2357 alii
1699 2318 1834 2357 cum
1885 2302 2093 2375 cpiﬁce

437 2395 773 2465 serpentem
829 2389 1019 2447 valide
1066 2390 1644 2463 comprehenderunt
1688 2390 2092 2446 strinxerunt-

438 2499 573 2555 que.
594 2480 695 2537 Ille
717 2485 912 2535 autem
938 2497 1065 2536 sese
1086 2479 1177 2535 vel
1201 2480 1421 2536 invitus
1443 2479 1743 2551 explicuit,
1759 2483 1815 2535 et
1840 2480 2089 2536 caudam

435 2574 654 2626 terram
686 2587 891 2626 versus
922 2575 1321 2642 exporrectam
1367 2569 1428 2624 in
1478 2568 1764 2625 auxilium
1816 2569 1928 2625 sibi
1964 2584 2090 2624 mo-

436 2660 608 2715 vebat
648 2660 831 2715 donec
874 2676 908 2714 a
955 2658 1480 2714 circumstantibus
1525 2663 1614 2714 est
1661 2659 1911 2715 occisus.
1945 2658 2094 2714 Tum

437 2748 633 2820 aquila
666 2747 973 2821 paululum
1020 2763 1082 2803 se
1123 2747 1424 2817 subduxit,
1459 2747 1701 2819 alasque
1732 2764 1966 2804 movere
1994 2764 2092 2802 vo-

433 2838 547 2894 luit
578 2854 682 2893 nec
715 2836 921 2908 potuit,
956 2836 1099 2892 adeo
1149 2837 1339 2891 fuerat
1384 2835 1532 2892 male
1564 2853 1598 2891 a
1628 2841 1898 2909 serpente
1929 2854 2093 2893 accc-

437 2931 554 2999 pta.
590 2929 791 2982 Nautes
836 2941 971 2981 vero
1000 2930 1381 2996 vectoresque
1424 2924 1627 2981 relicta
1656 2924 1855 2998 aquila
1886 2926 1956 2982 ad
1992 2943 2093 2982 na-

434 3033 565 3072 vem
600 3015 845 3082 rediere,
869 3013 985 3070 laeti
1018 3014 1337 3069 admodum
1368 3014 1508 3086 quia
1540 3031 1701 3071 avem
1735 3014 2091 3071 incolumem

436 3105 872 3179 praestitissent.
942 3104 1321 3176 Rursumque
1388 3104 1522 3160 inde
1587 3104 1915 3177 solverunt,
1986 3121 2092 3161 nec

2204 602 2319 676 καὶ,
2365 605 2481 659 κατ’
2532 603 2846 678 οἰκονομίαν
2903 610 3059 675 Θεοῦ,
3106 606 3198 661 τὸν
3263 604 3617 680 βοηθήσαντα
3668 604 3856 661 ἀνακα-

2206 689 2501 766 λουμένου.
2538 693 2608 751 O'l
2664 691 2757 750 οῦν
2817 690 3009 770 ἄνδρες
3077 695 3130 750 cl
3174 692 3227 750 ἐν
3287 697 3365 764 τῷ
3410 690 3690 768 πλοιαρίῳ
3733 712 3857 769 προ-

2204 782 2430 856 σχόντες
2480 780 2571 837 καὶ
2617 780 2800 855 τούτῳ
2850 783 2988 858 πρὸς
3044 782 3139 838 τὸν
3191 780 3444 856 αἰγιαλὸν
3491 779 3857 844 ἐποκείλαντες

2204 868 2432 942 ἐξῆλθον
2473 870 2568 925 τὸν
2621 870 2855 945 ἀριθμὸν
2892 870 2971 942 ἓξ,
3000 875 3108 927 τῶν
3155 869 3368 926 λοιπῶν
3420 871 3855 947 προσμεινάντων

2204 957 2256 1014 ἐν
2306 963 2377 1033 τῇ
2421 959 2536 1031 νηῒ,
2571 960 2659 1015 καὶ
2708 964 2776 1034 τῇ
2826 964 2982 1038 φωνῇ
3042 959 3587 1031 ἐπακολουθήσαντες
3636 959 3730 1014 τοῦ
3768 960 3855 1036 ὀρ-

2205 1047 2349 1122 νὲου,
2381 1049 2473 1105 καὶ
2525 1047 2929 1120 πλησιάσαντες
2976 1049 3148 1124 αὐτῷ,
3198 1047 3366 1121 εἶδον,
3413 1053 3535 1128 φεῦ,
3580 1048 3671 1105 τὸν
3718 1049 3856 1104 ἀετὸν

2207 1137 2311 1193 ὑπὸ
2340 1142 2437 1192 τοῦ
2492 1133 2668 1217 ὄφεως
2718 1136 3249 1213 περικυκλούμενον,
3279 1138 3410 1202 τούς
3453 1158 3512 1194 τε
3560 1134 3731 1200 πόδας
3776 1137 3857 1193 καὶ

2202 1227 2269 1282 τὰ
2313 1228 2503 1304 πτερὰ,
2538 1226 2677 1283 ὥστε
2727 1227 3007 1301 μὲλλοντα
3053 1228 3180 1284 ὅσον
3230 1224 3383 1284 οὔπω
3444 1228 3645 1304 βρῶμα
3672 1226 3751 1299 τῷ
3777 1226 3858 1301 ἐρ-

2204 1321 2351 1389 πετῷ
2406 1317 2497 1372 τὸν
2559 1316 2718 1373 αὑτὸν
2774 1313 2921 1393 ὄρνιν
2972 1316 3239 1394 γενέσθαι.
3274 1316 3366 1382 El;
3397 1316 3628 1393 ἀπορίαν
3657 1314 3744 1372 οὑν
3774 1314 3856 1370 ἄν·

2206 1404 2326 1482 δρες
2385 1404 2735 1479 ἐμπεσόντες,
2775 1408 2866 1463 καὶ
2926 1406 2977 1463 ἐν
3040 1405 3330 1482 ἀμηχανίᾳ
3386 1406 3694 1482 γενόμενοι,
3749 1409 3855 1468 πῶς

2208 1495 2302 1568 μὶν
2329 1496 2422 1552 τὸν
2450 1494 2603 1552 άετὸν
2628 1496 2753 1572 ὑγιῆ
2786 1494 3034 1569 ἐξελῶσι,
3064 1496 3157 1551 τὸν
3191 1492 3250 1552 δὶ
3306 1491 3429 1574 ὅφιν
3483 1493 3854 1564 ἀποκτείνωσι,

2203 1583 2703 1656 παλινοστήσαντες
2754 1585 2904 1648 αὖθις
2943 1587 3104 1662 τάχει
3153 1582 3377 1659 πολλῷ,
3407 1585 3547 1661 πρὸς
3594 1585 3693 1654 τὴν
3737 1587 3851 1638 ναῦν

2202 1673 2598 1749 παραγίνονται
2653 1674 2718 1729 υὺ
2775 1674 2967 1752 πόρῥω
3024 1674 3426 1751 τυγχάνουσαν,
3457 1672 3550 1731 καὶ
3600 1666 3853 1729 ἀναλαϐό-

2207 1784 2360 1836 μενοι
2409 1762 2443 1817 ἃ
2482 1761 2806 1842 ἐπεφέροντο
2868 1757 3097 1834 ξυλάϐια
3154 1762 3242 1819 καὶ
3302 1763 3427 1841 ξίφη
3483 1762 3575 1819 καὶ
3628 1760 3855 1837 ἑταίρους

2203 1851 2403 1924 αὐτῶν,
2433 1851 2559 1915 τοὺς
2610 1852 2660 1906 ἐν
2710 1857 2789 1926 τῷ
2837 1850 3042 1926 πλοίῳ,
3073 1852 3166 1908 καί
3214 1872 3335 1909 τινα
3384 1849 3597 1927 χαλκέα
3630 1850 3741 1925 μετ’
3768 1846 3854 1905 αύο

2202 1946 2337 2011 τῶν,
2372 1943 2508 2014 μετὰ
2535 1939 2642 1997 τῶν
2676 1941 2991 2017 προσόντων
3044 1941 3221 1998 αὑτῶν
3268 1938 3647 2019 χαλκευτικῶν
3704 1939 3853 2016 ἔργα·

2206 2028 2367 2103 λίιυν,
2427 2032 2864 2106 συναπαίρονται,
2925 2030 3015 2086 καὶ
3084 2024 3613 2108 συμπαραλαϐόντες
3681 2032 3851 2097 τοῦτο,

2205 2120 2469 2195 ὥρμησαν
2525 2117 2836 2183 σπουδαίως
2904 2120 2979 2183 εἷς
3048 2117 3254 2194 ἄμυναν
3323 2123 3422 2176 τοῦ
3498 2117 3725 2196 ὅρνέου·
3771 2116 3852 2171 καὶ

2205 2208 2452 2284 εὑρόντες
2490 2206 2656 2264 πάλιν
2705 2207 2798 2264 τὸν
2852 2204 2973 2289 ὅφιν
3013 2207 3187 2274 οὕτως
3231 2205 3459 2286 ἔχοντα,
3508 2208 3598 2265 καὶ
3647 2227 3852 2284 περικυ-

2203 2297 2512 2362 κλώσαντες
2541 2298 2725 2367 αὑτὸν,
2759 2297 2857 2355 οὐκ
2886 2299 3036 2376 εἶχον
3083 2299 3233 2362 ὅπως
3279 2305 3379 2369 τῆς
3416 2296 3618 2354 τούτου
3661 2293 3845 2358 διπλᾶς

2202 2387 2504 2465 ἐφάψασθαι
2549 2385 2640 2444 διὰ
2691 2386 3022 2466 ξίφους,’ίνα
3070 2389 3148 2463 μὴ
3198 2387 3293 2445 τὸν
3340 2387 3499 2445 ἀετὸν
3535 2386 3845 2466 ἀφανίσωσι.

2205 2475 2538 2533 Σκὲπτονται
2585 2476 2675 2533 οῦν
2720 2478 2813 2534 τὸν
2875 2475 3177 2535 σπόνδυλον
3246 2477 3720 2554 ὑπερανεστηκότα
3762 2469 3850 2530 τοῦ

2205 2567 2395 2644 ὀρνὶου
2442 2567 2577 2640 μετᾶ
2620 2565 2717 2622 τοῦ
2768 2566 3027 2644 ἐργαλίου
3076 2573 3346 2643 κρατῆσαι
3382 2585 3399 2604 ο
3431 2568 3463 2624 ὃ
3514 2564 3582 2636 δὴ
3632 2566 3718 2623 καὶ
3768 2565 3850 2640 γὲ-

2201 2677 2354 2733 γονεν
2404 2657 2637 2735 εὐφυῶς,
2685 2657 2776 2713 καὶ
2824 2652 3347 2734 συμπαραλαϐόντες
3394 2657 3490 2713 καὶ
3539 2654 3712 2732 ἕτεροι
3765 2651 3847 2708 σὺν

2201 2750 2283 2819 τῷ
2338 2746 2588 2822 τεχνίτῃ,
2639 2745 2850 2802 ἐπίεσαν
2901 2748 2995 2802 τὸν
3049 2743 3171 2826 ὅφιν
3232 2744 3467 2826 σφόδρα,
3525 2745 3615 2803 καὶ
3668 2744 3853 2807 εύθὲως

2204 2833 2348 2891 ἄκων
2401 2832 2783 2906 ἀνεδιπλοῦτο,
2815 2836 2906 2892 καὶ
2946 2835 3023 2900 εἲς
3071 2838 3173 2908 τήν
3221 2844 3323 2913 γῆν
3378 2835 3628 2909 ἐξήπλου
3672 2832 3732 2889 τὸ
3769 2830 3850 2887 οὐ·

2204 2929 2357 2999 ραῖον
2391 2924 2579 2995 αὑτοῦ,
2610 2929 2771 2982 κινῶν
2805 2925 2881 2989 είς
2932 2927 3190 3003 βοήθειαν
3238 2925 3427 2985 αὑτοῦ.
3460 2927 3531 2985 Οἱ
3579 2924 3636 2981 δὲ
3682 2918 3853 2993 ἄνδρες

2200 3018 2392 3069 τοῦτον
2452 3014 2768 3071 ἆπὲκτειναν
2815 3035 2831 3053 ·
2889 3016 2981 3071 καὶ
3033 3017 3062 3071 ὁ
3120 3015 3274 3079 ἀετὸς
3336 3016 3534 3092 μικρὸν
3600 3009 3845 3070 ὑπεκστὰς

2201 3102 2554 3181 ἐπτερύσσετο
2590 3104 2710 3179 μὶν,
2744 3103 2845 3161 οὑκ
2873 3102 3111 3176 ἠδύνατο
3139 3102 3218 3172 δὲ,
3249 3105 3387 3161 κατὰ
3413 3102 3563 3162 πολὺ
3612 3102 3713 3159 ὑπὸ
3756 3102 3839 3155 τοῦ

435 3196 628 3251 stadia
677 3195 793 3250 duo
856 3194 1086 3250 fuerant
1131 3193 1356 3249 emensi
1386 3195 1476 3267 (ut
1523 3211 1657 3250 cum
1700 3195 2092 3268 jurejurando

2208 3189 2379 3271 ὄφεως
2428 3193 2956 3269 τεταλαιπωρηκώς.
3007 3196 3111 3252 Καὶ
3157 3192 3407 3257 ἐάσαντες
3461 3193 3651 3265 αὐτὸν,
3700 3188 3844 3246 πάλιν

435 3284 774 3341 afﬁrmabat
822 3283 1170 3349 monachus)
1207 3299 1365 3351 cum,
1394 3266 1514 3339 non
1561 3282 1645 3339 ita
1692 3266 1880 3339 multo
1928 3289 2092 3356 post-

2208 3266 2641 3360 ἀνθυπέστρεψαν
2691 3266 2770 3350 εἷς
2805 3286 2905 3356 τὴν
2957 3289 3107 3359 ναῦν,
3162 3283 3455 3361 χαίροντες
3506 3282 3592 3340 ἐπὶ
3642 3284 3710 3357 τῇ
3763 3280 3849 3335 τοῦ

434 3390 610 3446 quam
666 3373 944 3445 navigare
1002 3372 1335 3444 ccepissent,
1386 3372 1775 3444 eamdemque
1829 3372 2090 3445 aquilam

432 3466 561 3517 tum
593 3466 784 3518 nautae
820 3467 944 3517 tum
966 3465 1228 3518 vectores
1257 3478 1438 3534 supra
1462 3477 1526 3517 se
1557 3461 1749 3518 volare
1780 3478 2094 3534 conspexe-

432 3556 596 3616 runt,
630 3554 688 3605 et
718 3567 748 3606 e
779 3549 921 3606 ccslo
951 3549 1011 3606 in
1044 3550 1230 3606 imum
1281 3566 1442 3606 mare
1488 3551 1845 3606 descendere
1892 3552 2092 3608 subla-

432 3644 676 3713 tamque
736 3641 1032 3695 lauracam
1094 3640 1395 3711 ingentem
1452 3640 1710 3711 piscem,
1764 3639 1824 3696 in
1883 3657 2091 3697 navem

431 3730 761 3785 demittere.
796 3731 918 3795 Quo
951 3727 1182 3784 attoniti
1227 3727 1583 3801 spectaculo,
1617 3729 1861 3801 gratias,
1895 3734 1959 3785 ut
1990 3748 2096 3803 par

433 3821 580 3888 erat,
613 3818 729 3874 Deo
759 3822 1028 3892 egerunt,
1062 3816 1165 3890 qui
1205 3816 1384 3873 talem
1427 3817 1803 3890 prudentiam
1837 3823 1895 3874 et
1924 3836 2095 3891 saga-

432 3909 674 3965 citatem
716 3907 804 3964 vel
854 3907 1061 3964 avibus
1111 3906 1442 3963 indidisset.
1480 3908 1596 3979 Ipsi
1646 3907 1832 3980 gloria
1880 3909 1939 3964 in
1988 3926 2095 3966 saa-

430 3997 585 4065 cula,
618 4002 826 4054 Amen.
855 3996 1129 4069 Aquilam
1171 4000 1368 4053 autem
1400 3996 1537 4052 dein
1571 3996 1828 4070 amplius
1861 4014 1975 4054 non
2012 3998 2097 4055 vi-

430 4088 667 4144 derunt.

2204 3374 2361 3430 ἀετοῦ
2410 3372 2711 3450 ἐλευθερίᾳ.
2744 3375 2848 3431 Καὶ
2897 3371 3065 3429 πᾶλιν
3110 3372 3579 3446 ἀποπλεύσαντες,
3617 3370 3706 3427 καὶ
3752 3367 3849 3442 μή·

2201 3484 2290 3518 πω
2338 3459 2589 3524 σταδίους
2637 3459 2734 3518 δύο
2784 3459 3230 3533 διαπλεύσαντες,
3277 3463 3353 3526 ὡς
3413 3454 3848 3539 ἀφηγούμενοςδ

2207 3552 2451 3627 μοναχὸς
2508 3550 2681 3622 ἐξεῖπε
2740 3552 2856 3625 μεθ’
2913 3551 3101 3627 ὅρκου,
3163 3552 3245 3607 δτι
3303 3551 3601 3629 ἀρξάμενοι
3658 3544 3851 3615 πλέειν,

2204 3638 2347 3696 εἶδον
2392 3641 2484 3695 τὸν
2533 3639 2694 3695 αὐτὸν
2741 3640 2894 3696 ἀετὸν
2949 3640 3082 3716 ὑπὶρ
3129 3637 3331 3705 ἄνωθεν
3371 3644 3483 3696 τῶν
3516 3641 3720 3696 ναυτῶν
3770 3631 3855 3689 καὶ

2207 3728 2421 3784 λοιπῶν
2468 3726 2678 3804 ἀνδρῶν
2736 3729 3200 3806 παραγενόμενον,
3246 3729 3336 3786 καὶ
3386 3730 3475 3808 ἀφ’
3524 3729 3689 3803 ὕψους
3729 3722 3854 3779 κατὰ

2203 3823 2300 3874 τοῦ
2337 3819 2534 3895 βάθους
2563 3826 2663 3890 τῆς
2705 3818 2981 3890 θαλάσσης
3035 3817 3393 3888 κατελθόντα,
3424 3819 3521 3876 καὶ
3570 3815 3856 3892 λαύρακαν,

2206 3907 2366 3985 ῗχθὺν
2408 3908 2761 3985 παμμεγέθη,
2795 3907 3153 3982 ἀνελόμενον,
3183 3909 3275 3965 καὶ
3327 3908 3404 3971 εἰς
3449 3910 3552 3977 τὴν
3600 3909 3725 3962 ναῦν
3772 3919 3858 3956 κε·

2207 3995 2516 4073 γαλακότα.
2558 3998 2625 4056 Ol
2680 3995 2738 4054 δὶ
2786 3994 2978 4076 ἄνδρες
3023 4001 3184 4055 τοῦτο
3237 3995 3467 4071 ἰδόντες,
3518 3997 3605 4054 καὶ
3660 3989 3856 4065 θαυμά-

2210 4106 2418 4155 σαντες,
2458 4087 2895 4164 ηύχαρίστησαν,
2948 4088 3026 4151 ὡς
3080 4086 3248 4157 εἰκὸς,
3292 4092 3372 4161 τῷ
3415 4092 3555 4160 Θεῷ,
3607 4088 3684 4156 τῷ
3723 4097 3857 4153 παρ·

428 4174 691 4252 εσχηκότι
736 4174 825 4230 καὶ
872 4180 987 4238 τοῖς
1034 4173 1245 4250 ὀρνέοις
1292 4194 1552 4245 τοιαυτην
1610 4173 1875 4251 φρόνησίν
1922 4195 1981 4231 τε
2010 4175 2100 4231 καὶ
2132 4175 2343 4231 σύνεσιν
2378 4195 2393 4210 ’
2429 4176 2474 4249 ᾧ
2505 4179 2541 4247 ἡ
2575 4173 2704 4250 δόξα
2736 4175 2813 4240 είς
2846 4176 2975 4240 τοὺς
3006 4176 3230 4241 αἰῶνας.
3265 4178 3468 4251 ’Δμήν.
3501 4177 3600 4233 Τὸν
3630 4171 3686 4229 δὶ
3713 4168 3854 4226 ἀετὸν

428 4258 615 4321 ἔκτοτε
647 4266 751 4321 οὐκ
781 4262 859 4320 ἔτι
892 4262 1201 4330 ἐθεάσαντο.

433 4385 644 4441 Tilulm
671 4401 904 4455 sequens
949 4399 1244 4456 perperam
1273 4385 1559 4455 appositus
1588 4384 1720 4455 fuit,
1754 4399 2037 4453 namque
2073 4391 2400 4455 sequuntur,
2432 4400 2547 4442 non
2571 4385 2852 4455 originem
2881 4400 2981 4441 seu
3009 4385 3311 4442 historiam
3364 4383 3503 4441 aedis
3549 4379 3853 4456 Sophianc't.

500 4456 595 4529 sed
624 4453 809 4512 varias
839 4453 1106 4527 res,'qu'w
1151 4456 1249 4529 sub
1278 4453 1857 4529 Anastasiopieoro,
1886 4456 2102 4511 Iustino
2142 4453 2361 4512 Thrace
2407 4474 2470 4513 ac
2515 4453 2834 4514 Iustiniano
2883 4457 3223 4529 acciderunt,
3270 4459 3561 4516 continent
3587 4453 3857 4519 {suntun

500 4526 686 4583 veluti
713 4530 975 4599 excerpta
988 4526 1260 4599 quaedam
1291 4544 1361 4582 ex
1390 4528 1565 4583 variis
1599 4526 1884 4583 Chronicis
1916 4529 1976 4582 in
2007 4544 2180 4583 unum
2208 4530 2451 4584 collecta.

433 4642 595 4716 Origo
622 4659 719 4701 seu
758 4644 992 4718 historic
1019 4644 1397 4718 sanctissimae
1422 4642 1643 4718 plagita?
1682 4643 1784 4698 Dei
1823 4642 2093 4712 eeclesix,

2208 4642 2282 4699 Τὰ
2314 4642 2516 4717 πάτρια
2542 4649 2643 4718 τῆς
2664 4641 2979 4718 ἁγιωτάτης
2992 4641 3088 4718 τοῦ
3109 4647 3244 4718 Θεοῦ
3267 4640 3528 4718 Μεγάλης
3552 4630 3853 4706 ἐκκλησίας,

885 4715 1135 4772 videlicet
1164 4718 1372 4771 sanctae
1399 4715 1644 4785 Sophiae.
1683 4779 1688 4782 _

506 4827 843 4898 Imperante
901 4824 1236 4895 Anastasio,
1285 4822 1598 4879 Deuterius
1655 4821 1917 4895 Byzantii
1975 4821 2097 4894 epi-

435 4931 653 4988 scopus
684 4915 962 4982 Arianus,
996 4930 1179 4970 ausus
1231 4917 1322 4968 est
1368 4913 1561 4969 dicere
1592 4928 1605 4968 :
1639 4911 1979 4983 Baptizatur
2010 4911 2102 4968 hic

434 5005 495 5061 in
531 5004 770 5061 nomine
821 5003 1036 5070 Patris,
1070 5019 1171 5075 per
1222 5001 1456 5070 Filium,
1490 5002 1550 5057 in
1600 5006 1804 5057 sancto
1855 5002 2100 5073 Spiritu,

432 5099 491 5151 et
521 5094 832 5151 confestim
882 5092 1113 5165 piscina
1141 5091 1391 5148 exaruit.
1426 5090 1720 5146 Barbarus
1750 5093 1943 5145 autem
1977 5091 2099 5161 [qui

431 5182 867 5256 baptizabatur]
900 5181 1113 5238 timore
1144 5184 1478 5253 correptus,
1513 5180 1711 5236 nudus
1743 5179 1996 5252 aufugit,
2021 5181 2104 5235 ita

434 5277 502 5327 ut
530 5272 666 5328 inde
698 5269 1055 5328 miraculum
1084 5268 1480 5343 evulgaretur.

510 5361 657 5416 Cum
693 5361 808 5416 duo
840 5358 1454 5433 episcopi,Anastasio
1484 5357 1834 5430 imperante,
1858 5357 1930 5413 de
1954 5358 2099 5431 dog-

440 5454 597 5504 mate
627 5450 1024 5521 disputarent,
1049 5464 1302 5520 quorum
1345 5465 1499 5504 unus
1540 5447 1921 5517 orthodoxus,
1953 5448 2103 5503 alter

436 5537 691 5593 Arianus
722 5542 872 5606 erat,
893 5538 1262 5610 Arianusque
1282 5537 1600 5594 dialectica
1624 5537 1879 5609 peritus;
1903 5536 2099 5592 ortho-

436 5627 627 5684 doxus
656 5642 793 5681 vero
822 5626 1138 5684 dialecticis
1172 5626 1411 5699 quidem
1454 5625 1795 5699 imperitus;
1830 5626 1931 5682 sed
1969 5626 2101 5698 pius

435 5713 751 5789 ﬂdelisque
789 5718 968 5772 esset.
999 5716 1311 5789 Proposuit
1353 5715 1740 5788 orthodoxus,
1770 5718 1838 5771 ut
1877 5715 2103 5773 omissa

2621 4712 2840 4787 δηλαδή
2873 4712 2973 4783 τῆς
3004 4716 3188 4792 Ἀγίας
3224 4712 3451 4794 Σοφίάς.

2279 4820 2401 4877 Ἐπὶ
2459 4825 2560 4887 τῆς
2641 4821 2919 4898 βασιλείας
2988 4827 3086 4879 τοῦ
3167 4821 3439 4900 βασιλέως
3490 4810 3851 4877 Ἀναστασίουι

2212 4911 2492 4986 Δευτὲριος
2540 4910 2839 4976 ἐπίσκοπος
2888 4912 3187 4983 Βυζαντίου
3231 4912 3511 4987 Ἀρειανὸς
3561 4902 3849 4976 ἐτόλμησεν

2212 4999 2383 5055 εἰπεῖν
2420 5019 2432 5033 ⁸
2482 5000 2807 5071 Βαπτίζεται
2856 4999 2948 5057 ὅδε
3004 5002 3081 5064 εἷς
3140 5002 3203 5057 τὸ
3262 4997 3436 5075 ὄνομα
3492 5001 3590 5055 τοῦ
3633 4987 3846 5064 Πατρὸςν

2212 5086 2282 5145 δι’
2326 5089 2477 5158 Υἱυῦ,
2527 5090 2579 5145 ἐν
2640 5090 2784 5166 ἁγίῳ
2843 5090 3117 5165 Πνεύματι
3149 5112 3161 5125 ·
3196 5091 3284 5148 καὶ
3343 5090 3543 5151 εὐθέως
3600 5078 3848 5157 ὶξηράνθη

2211 5180 2245 5248 ἦ
2279 5173 2668 5253 κολυμϐήθρα.
2701 5181 2763 5237 Ὀ
2826 5177 2883 5235 δὶ
2926 5174 3214 5256 Βάρϐαρος
3262 5173 3506 5258 ἔμφοϐος
3552 5170 3851 5252 γενόμενος,

2210 5268 2415 5343 γυμνὸς
2447 5264 2663 5345 ἔφυγεν,
2693 5270 2769 5334 ὡς
2801 5268 2852 5340 ἐξ
2885 5270 3054 5325 αὑτοῦ
3080 5270 3385 5346 γνωσθῆναι
3410 5269 3474 5324 τὸ
3506 5267 3703 5336 θαῦμα.

2284 5356 2389 5412 Δύο
2420 5355 2514 5412 οῦν
2564 5356 2874 5414 ἐπισκόπων
2929 5355 3427 5438 ἀμφισϐητούντων
3480 5354 3601 5430 περὶ
3652 5346 3849 5439 δόγμαῖ

2208 5466 2301 5510 τος
2359 5445 2448 5502 ἐπὶ
2498 5448 2870 5520 Ἀναστασίου,
2914 5445 3212 5525 ὀρθοδόεου
3266 5448 3359 5505 καὶ
3417 5441 3736 5525 Ἀριιανοῧ]
3766 5447 3850 5525 ξω

2208 5539 2306 5590 τοῦ
2363 5536 2460 5608 μὶν
2492 5538 2775 5611 ’Λρειανοῦ
2827 5534 3173 5593 διαλεκτικοῦ
3222 5534 3402 5604 ὄντος,
3446 5537 3541 5590 τοῦ
3595 5526 3653 5584 δὶ
3700 5519 3848 5620 ὀρθοῖ

2212 5621 2371 5695 δόξου
2427 5621 2774 5681 διαλεκτικοῦ
2833 5625 2931 5682 οὐκ
2988 5622 3168 5698 ὄντος,
3221 5625 3371 5684 ἀλλᾶ
3433 5613 3713 5690 θεοσεϐοῦς
3764 5613 3846 5662 καί

2210 5717 2446 5785 πιστοῦ,
2504 5716 2532 5770 ὁ
2593 5714 2886 5793 ὀρθόθοξος
2948 5714 3302 5792 προῦτεινεν,
3360 5714 3497 5772 ὥστε
3561 5698 3847 5783 ἀφεμένους
