4124 6398
340 369 498 432 1285

1471 361 1838 428 ΑΝΟΝΥΜΙ
1881 361 2465 436 ANTlQUlTATES
2512 365 2628 427 ΟΡ.

3606 376 3636 436 1
3650 376 3767 438 286

336 505 446 556 τῶν
505 499 691 574 λόγων
741 495 818 562 εἰς
864 501 971 572 πῦρ
1033 495 1318 568 εἰσελθεῖν,
1359 495 1450 551 καὶ
1511 494 1654 552 οὕτω
1705 491 1991 569 δειχθῆναι

2113 493 2509 567 disputatione
2549 497 2721 554 ambo
2761 497 3210 572 ingrederentur
3239 501 3298 558 in
3329 519 3533 577 pyram
3566 506 3769 580 sicque

338 592 432 646 τὸν
489 583 862 664 εὐσεϐέστερον
897 607 910 622 ·
975 590 1072 642 τοῦ
1123 584 1181 642 δὲ
1251 587 1534 661 Ἀρειανοῦ
1583 584 1997 660 παραιτησαμέ-

339 701 456 749 νου,
493 676 752 742 εἰσελθὼν
788 679 815 732 ὁ
867 671 1092 746 εὐσεϐὴς
1138 675 1230 730 καὶ
1278 674 1612 751 προσμείνας
1661 677 1729 747 τῇ
1770 671 1995 750 φλογίᾳ,

341 768 570 841 ἐξελθὼν
603 767 708 823 ἀπὸ
748 773 849 838 τῆς
900 771 1076 842 πυρᾶς
1128 763 1425 843 διελέγετο,
1472 765 1561 820 καὶ
1610 763 1822 834 ἀπαθής
1867 759 1997 840 ἐφυ-

343 857 589 914 λάττετο.

416 969 710 1028 Ἱουστῖνος
770 965 798 1020 6
854 963 992 1039 Θρᾲξ
1051 964 1079 1018 6
1149 962 1313 1040 μέγας
1357 957 1701 1018 ἐϐασίλευσεν
1745 955 1840 1032 ἔτη
1885 966 1996 1025 θ’...

342 1056 563 1132 ἄριστος
605 1053 658 1110 ἐν
706 1053 1076 1126 πολέμοις...,
1123 1052 1214 1108 καὶ
1260 1052 1595 1126 ᾠκειώσατο,
1627 1050 1718 1106 xui
1767 1071 1998 1126 στρατη-

343 1144 514 1216 λάτην
560 1142 808 1217 ἐτίμησε,
866 1142 958 1197 καὶ
1027 1140 1333 1218 παῤῥησίαν
1416 1138 1561 1216 ἔχειν
1640 1140 1777 1216 πρὸς
1837 1138 1995 1194 αὑτὸν

341 1233 615 1306 ἐποίησεν.
667 1231 1080 1310 Ἐδολοφονήθη
1127 1228 1185 1286 δὲ
1235 1232 1263 1285 6
1321 1230 1646 1292 Βιταλιανὸς
1696 1229 1843 1304 παρὰ
1887 1233 1993 1284 τῶν

341 1323 610 1392 πολιτῶν,
673 1321 982 1395 μηνιόντων
1054 1318 1201 1394 αὐτῷ
1276 1318 1363 1374 διὰ
1421 1319 1520 1388 τὴν
1587 1316 1994 1396 προειρημένην

342 1413 716 1469 ἐπανάστασιν.
768 1410 1058 1483 Ἀμάντιον
1118 1407 1176 1464 δὲ
1229 1409 1322 1465 τὸν
1379 1408 1756 1477 πραιπόσιτον,
1797 1408 1858 1469 ’ὸς
1901 1407 1994 1462 τὸν

340 1504 464 1559 ναὸν
497 1507 594 1558 τοῦ
614 1501 772 1577 ἁγίου
828 1505 999 1574 Θωμᾶ
1047 1504 1145 1555 τοῦ
1194 1499 1488 1574 Ἀμαντίου
1537 1495 1867 1572 ᾠκοδόμησε
1903 1496 1993 1552 xui

342 1591 615 1666 ἐκόσμησε
661 1591 896 1664 [λέγεται
961 1586 1018 1644 δὲ
1066 1591 1334 1665 χρήματα
1383 1587 1531 1661 αὐτῷ
1589 1584 1874 1643 δεδωκέναι
1916 1591 1996 1659 τῷ

340 1679 620 1752 ’ἐουστίνῳ
668 1675 782 1734 ὅντι
832 1679 1038 1752 κόμητι
1095 1682 1204 1732 τῶν
1255 1673 1666 1751 ἐξκουϐητόρων
1705 1675 1792 1731 ἐπὶ
1834 1676 1992 1732 Ἀνα-

341 1770 582 1838 στασίου,
643 1767 792 1832 ὅπως
842 1767 1128 1846 Θεόκριτον
1177 1767 1266 1822 τὸν
1318 1767 1536 1842 ἀνεψιὸν
1588 1767 1755 1822 αὐτοῦ
1799 1767 1993 1840 ἀναγο-

342 1860 508 1938 ρεύσῃ
551 1859 626 1921 εἷς
678 1856 948 1936 βασιλέα],
997 1861 1186 1912 τοῦτον
1239 1855 1444 1912 ἀνεῖλεν
1492 1857 1520 1912 6
1562 1859 1871 1924 Ἰουστῖνος,
1901 1854 1993 1908 καὶ
2028 1885 2072 1950 Β

337 1950 468 2014 τοὺς
500 1951 597 2020 τὴν
639 1947 927 2025 ἆνταρσίαν
979 1947 1071 2002 σὺν
1121 1947 1267 2003 αὗτῶ
1317 1946 1737 2020 μελετήσαντας,
1767 1947 1866 2016 τὴν
1905 1945 1997 2020 βα-

340 2038 548 2098 σιλείαν
581 2040 749 2095 αὐτοῦ
771 2041 1087 2112 κατασχεῖν.

408 2149 531 2207 Ἐπὶ
574 2146 760 2217 αὐτοῦ,
809 2148 877 2201 τά
924 2144 1060 2200 κατᾶ
1107 2145 1199 2200 τὸν
1239 2145 1389 2219 ἅγιον
1450 2142 1667 2218 ’Ᾱρέθαν
1716 2142 1766 2198 ἐν
1816 2145 1996 2218 Νεγρᾷ

333 2243 402 2314 τῇ
445 2237 609 2294 πόλει
655 2233 930 2311 ἰπράχθη,
975 2235 1065 2290 xui
1114 2235 1179 2289 τὰ
1230 2236 1364 2289 κατά
1410 2237 1516 2289 τῶν
1564 2236 1882 2309 Ὀμηριτῶν
1925 2229 1996 2286 δι’

338 2322 636 2388 Ἐλεσὸαὰν
668 2327 765 2381 τοῦ
817 2322 1087 2400 βασιλέως
1136 2329 1244 2379 τῶν
1276 2320 1580 2388 Αἰθιόπων.
1615 2323 1902 2393 Ἐτυπώθη
1937 2319 1995 2377 δὲ

340 2419 424 2473 ὑπ’
476 2417 642 2472 αὐτοῦ
697 2415 760 2470 τὸ
823 2415 1094 2489 ἑορτάζειν
1152 2413 1322 2486 ἡμὰς,
1373 2413 1461 2467 xui
1502 2413 1604 2481 τήν
1653 2409 1848 2484 ἑορτὴν
1892 2417 1992 2480 τῆς

333 2510 674 2577 Ὑπαπαντῆς
709 2526 723 2540 ·
777 2504 829 2575 ἐξ
889 2503 950 2558 οὗ
1035 2503 1206 2576 ἀστὴρ
1279 2501 1452 2572 ἐφάνη
1512 2501 1564 2556 ἐν
1617 2505 1698 2573 τῷ
1755 2501 1991 2576 οὐρανῷ,

331 2595 510 2653 ἐπάνω
540 2602 640 2666 τῆς
680 2591 906 2663 Χαλκῆς
933 2590 1138 2662 πύλης,
1173 2592 1250 2654 ὡς
1284 2589 1336 2646 ἐν
1369 2595 1450 2663 τῷ
1484 2589 1748 2662 Ηαλατὲῳ
1781 2589 1986 2668 φαίνων

331 2685 420 2743 ἐπὶ
458 2685 670 2760 ἡμέρας
723 2683 813 2739 καὶ
858 2681 1052 2744 νύκτας
1097 2682 1198 2745 κζ’.
1254 2681 1448 2756 Γέγονε
1495 2678 1552 2735 δὲ
1607 2680 1698 2734 καὶ
1763 2679 1988 2752 σεισμὸς

333 2772 716 2857 φοϐερώτατος
749 2793 762 2806 ⁸
813 2772 903 2827 καὶ
934 2775 970 2842 ἡ
1023 2771 1116 2844 μὶν
1172 2767 1760 2831 Κωνσταντινούπολις
1795 2767 1846 2824 ἐν
1882 2766 1996 2823 δια-

337 2855 526 2945 φόροις
563 2864 754 2924 τόποις
831 2855 1142 2916 ἀπέλαϐεν⁸
1209 2862 1244 2928 ἡ
1297 2856 1354 2914 δὲ
1416 2857 1627 2934 μεγάλη
1679 2857 1992 2934 Ἀντιόχεια

337 2956 534 3019 πάθοςν
568 2951 756 3008 ἔπαθεν
800 2947 1220 3026 ἀνεκδιῆγητον,
1261 2949 1336 3012 ὡς
1383 2954 1758 3018 καταποθῆναι
1819 2952 1994 3002 πᾶσαν

340 3040 534 3119 σχεδὸν
584 3044 684 3113 τὴν
732 3039 917 3110 πόλιν,
975 3039 1064 3094 xui
1125 3037 1294 3113 τάφον
1353 3037 1533 3092 κοινὸν
1583 3037 1825 3113 γενέσθαι
1882 3040 1992 3091 τῶν

337 3131 664 3208 οἰκητόρων.
723 3128 974 3200 Τοσαύτη
1016 3126 1074 3183 δὲ
1121 3131 1156 3198 ἡ
1215 3127 1351 3205 ὀργή
1409 3131 1506 3182 τοῦ
1565 3130 1699 3181 Θεοῦ
1731 3126 1990 3196 ὲπῆλϐεν,

334 3222 408 3285 ὡς
458 3221 546 3278 καὶ
600 3220 728 3284 τοὺς
803 3217 1227 3296 ὑπολειφθέντας
1297 3220 1404 3292 πῦρ
1452 3215 1668 3286 ἐξελθὸν
1723 3215 1830 3270 ἀπὸ
1887 3222 1987 3285 τῆς

332 3319 438 3388 γῆς
470 3311 704 3386 οἰκτρῶς
742 3305 1056 3384 κατέφλεξε.
1106 3305 1281 3364 Ἀλλᾶ
1327 3305 1418 3361 xui
1451 3308 1485 3375 ἡ
1519 3305 1986 3378 ΙΙομπηϊούποΛις

329 3409 431 3471 τῆς
477 3400 683 3462 Μυσίας
736 3397 1102 3476 διαρῥαγεῖσα,
1160 3396 1320 3469 μέσον
1371 3396 1645 3463 κατεπόθη
1707 3394 1842 3466 μετὰ
1881 3398 1988 3449 τῶν

335 3489 644 3565 οῗκητόρων
678 3505 689 3517 ·
723 3487 815 3542 καὶ
842 3486 1067 3564 ἔκραζον
1100 3485 1204 3541 ὑπὸ
1245 3486 1344 3555 τήν
1379 3491 1484 3560 γῆν
1515 3482 1663 3546 ὅντες
1699 3484 1750 3538 οἳ
1783 3481 1992 3558 ἄνθρω-

334 3597 452 3644 ποι,
488 3575 652 3646 Ἐλεή
664 3595 809 3631 σατε.

408 3668 543 3736 Γυνή
587 3686 672 3728 τις
722 3663 810 3719 ἐπὶ
868 3663 1032 3719 αὑτοῦ
1083 3663 1318 3741 ἀνεφάνη
1367 3659 1746 3739 γιγαντοειδής
1788 3660 1848 3715 ἐκ
1895 3667 1995 3715 Κι-

336 3755 517 3818 λικίας
551 3752 707 3826 οὖσα,
745 3753 1086 3830 ὑπερέχουσα
1125 3757 1194 3826 τῇ
1244 3750 1441 3824 ἡλικίᾳ
1473 3751 1671 3812 παντὸς
1703 3750 1994 3826 ἀνθρώπου

336 3849 547 3920 μακροῦ
604 3851 790 3919 πῆχυν
849 3841 966 3915 ἕνα,
1047 3842 1138 3896 καὶ
1197 3839 1432 3896 πλατεῖά
1489 3837 1720 3917 σφόδρα,
1780 3840 1854 3901 ὡς
1905 3839 1993 3893 ἐπὶ

333 3933 614 4008 θαύματος
662 3934 714 3988 οἱ
745 3934 978 4008 ὁρῶντες
1029 3931 1197 4000 αὑτὴν
1247 3929 1300 3985 ἐν
1332 3935 1450 3991 τοῖς
1481 3929 1870 4006 ἐργαστηρίοις
1901 3928 1993 3982 καὶ

334 4020 533 4092 οἴκοις,
555 4020 764 4079 ἐδίδουν
799 4023 939 4096 αὐτῇ
973 4015 1203 4078 ὀϐολόν.

405 4203 461 4256 Ὃ
492 4199 539 4257 δ’
587 4201 748 4264 αὐτὸς
800 4199 1057 4276 βασιλεὺς
1105 4197 1294 4254 πολλὰ
1337 4197 1810 4276 ἆφιλοφρονήσατο
1840 4201 1908 4273 τῇ
1939 4218 1998 4253 τε

331 4289 494 4347 πόλει
535 4290 847 4366 Ἀντιοχείᾳ
894 4289 1030 4362 πρὸς
1072 4287 1477 4361 ἀνοικοδομεῖν,
1525 4288 1614 4343 καὶ
1654 4286 1781 4350 τοὺς
1814 4289 1864 4341 ἐν
1899 4286 1993 4342 αὑ-

329 4385 399 4455 τῇ
457 4379 886 4459 ὑπολειφθέντας
948 4383 1220 4449 ζῶντας...
1275 4382 1534 4433 τοσοῦτον
1590 4374 1648 4432 δὲ
1689 4377 1777 4433 ἐπὶ
1827 4377 1994 4433 αὐτοῦ

331 4469 600 4546 ἤλγησεν,
630 4471 703 4532 ὡς
730 4469 819 4525 καὶ
861 4471 924 4524 τὸ
974 4465 1220 4541 διάδημα
1264 4466 1573 4523 ἀποτιθέναι
1599 4468 1688 4523 καὶ
1726 4469 1826 4537 τὴν
1858 4487 1994 4542 πορ-

333 4563 529 4640 φύραν,
587 4561 678 4616 καὶ
738 4562 935 4616 σάκκον
998 4559 1088 4614 xui
1141 4556 1343 4614 σποδὸν
1389 4553 1840 4633 περιϐάλλεσθαι,
1901 4558 1991 4612 xui

2108 585 2587 656 comprobaretur
2617 589 2807 643 utrius
2839 587 3042 661 religio
3079 596 3403 663 praestaret.
3440 593 3769 653 Recusante

2105 673 2342 740 Ariano,
2368 675 2674 747 ingressus
2702 677 2760 731 in
2791 695 2991 750 pyram
3019 679 3404 751 orthodoxus,
3427 687 3483 739 et
3513 683 3570 739 in
3604 685 3768 741 flam-

2110 763 2224 818 mis
2254 763 2624 836 aliquantum
2650 767 2928 837 temporis
2953 774 3249 838 versatus;
3286 776 3598 843 postquam
3629 774 3767 830 inde

2107 868 2380 922 egressus
2404 855 2534 924 fuit,
2558 856 2942 927 edisserebat,
2970 858 3402 933 incolumisque
3425 863 3766 931 permansit.

2176 960 2454 1018 Justinus
2502 963 2716 1034 Thrax,
2766 981 3015 1036 magnus
3066 965 3185 1036 ille,
3234 968 3546 1040 imperavit
3593 973 3768 1028 annis

2109 1065 2381 1107 novem...
2417 1051 2477 1106 in
2523 1051 2690 1109 bellis
2722 1053 3243 1111 strenuissimus...
3278 1061 3335 1112 et
3364 1059 3422 1113 in
3458 1059 3766 1115 familiari-

2107 1139 2220 1194 bus
2265 1140 2466 1196 habuit
2501 1141 2925 1214 [Vitalianum],
2950 1144 3279 1216 ducemque
3323 1148 3561 1216 creavit,
3595 1149 3765 1221 eique

2108 1245 2309 1285 secum
2353 1231 2584 1300 quidvis
2637 1231 2816 1288 libere
2867 1231 3145 1306 loquendi
3200 1234 3332 1292 fecit
3389 1241 3764 1308 potestatem.

2107 1317 2250 1373 Dolo
2298 1324 2492 1376 autem
2542 1320 2773 1376 occisus
2823 1326 2912 1376 est
2950 1322 3276 1378 Vitalianus
3327 1341 3358 1379 a
3409 1324 3658 1393 civibus,
3693 1327 3766 1382 ob

2105 1407 2414 1464 excitatam
2475 1410 2814 1482 praedictam
2875 1411 3224 1467 seditionem
3283 1413 3433 1486 ipsi,
3494 1414 3762 1472 infensis.

2105 1497 2440 1553 Amantium
2477 1517 2609 1555 vero
2657 1500 3060 1572 praepositum,
3093 1502 3194 1573 qui
3241 1503 3528 1575 templum
3565 1505 3764 1562 Sancti

2106 1585 2343 1642 Thomas
2407 1589 2664 1644 Amantii
2732 1590 3077 1661 cognomine
3146 1593 3453 1663 exstruxit,
3515 1593 3762 1662 occidit;

2105 1675 2366 1748 itemque
2396 1693 2494 1733 eos
2529 1678 2628 1750 qui
2662 1695 2794 1734 cum
2831 1679 2958 1751 ipso
3006 1680 3077 1735 ad
3120 1681 3435 1752 imperium
3471 1698 3764 1755 occupan-

2105 1764 2245 1819 dum
2279 1767 2776 1838 conspiraverant.
2813 1768 3038 1824 Dicitur
3084 1770 3237 1824 enim
3274 1769 3443 1824 illum
3476 1773 3766 1842 pecunias

2105 1853 2338 1910 dedisse
2379 1855 2638 1922 Justino,
2673 1857 2773 1928 qui
2832 1858 2942 1912 sub
2992 1859 3302 1914 Anastasio
3352 1860 3760 1916 excubitorum

2104 1958 2303 1999 comes
2323 1949 2468 2012 erat,
2494 1950 2558 2000 ut
2581 1945 2960 2002 Theocritum
2988 1947 3408 2026 consobrinum
3438 1966 3614 2005 suum
3638 1967 3768 2023 pro-

2106 2032 2388 2089 clamaret
2419 2033 2856 2108 imperatorem.

2176 2141 2393 2198 Eodem
2445 2143 2795 2215 imperante,
2830 2144 2887 2200 in
2924 2144 3069 2200 urbe
3099 2145 3290 2218 Negra
3333 2151 3498 2218 gesta
3531 2151 3670 2202 sunt
3698 2163 3764 2203 ea

2107 2248 2234 2301 quas
2265 2232 2337 2288 de
2359 2236 2560 2288 sancto
2581 2233 2797 2289 Aretha
2824 2239 3178 2290 narrantur:
3205 2251 3430 2290 necnon
3456 2235 3764 2292 Elesbaani

2103 2320 2435 2392 [EthiOpum
2470 2323 2625 2394 regis
2655 2322 2946 2395 expeditio
2978 2324 3264 2380 adversus
3297 2324 3648 2382 Homeritas.
3678 2327 3764 2382 Ab

2105 2409 2204 2465 illo
2239 2410 2375 2466 item
2407 2415 2696 2468 statutum
2747 2417 2856 2479 est,
2891 2417 2955 2468 ut
3003 2412 3345 2486 Hypapanto
3396 2415 3515 2471 sive
3545 2415 3765 2471 Occur-

2104 2515 2208 2555 sus
2257 2501 2475 2556 festum
2527 2501 2960 2557 eelobraremus
2994 2518 3007 2558 :
3043 2519 3110 2558 ex
3160 2519 3275 2575 quo
3326 2503 3495 2559 stella
3525 2504 3583 2559 in
3617 2505 3763 2560 coelo

2105 2604 2208 2660 per
2238 2589 2446 2662 viginti
2478 2607 2578 2661 sex
2621 2591 2751 2647 dies
2778 2591 3141 2663 totidemque
3185 2597 3384 2648 noctes
3419 2611 3600 2665 supra
3630 2611 3764 2666 por-

2105 2683 2226 2732 tam
2268 2695 2476 2734 aeream
2527 2680 2652 2735 visa
2701 2683 2812 2748 est,
2847 2681 3014 2752 quasi
3048 2698 3078 2736 e
3112 2681 3327 2753 palatio
3379 2681 3629 2750 luceret;
3682 2683 3764 2739 fa-

2105 2771 2353 2839 ctusque
2383 2773 2472 2823 est
2505 2768 2831 2825 horrendus
2865 2775 3254 2840 terrasmotus,
3289 2788 3464 2842 quem
3496 2772 3674 2828 variis
3705 2774 3765 2828 in

2104 2855 2248 2911 locis
2299 2857 2429 2928 ipsa
2458 2858 2997 2931 Constantinopolis
3045 2860 3250 2916 sensit.
3305 2860 3516 2933 Magna
3566 2865 3764 2918 autem

2104 2945 2411 3002 Antiochia
2464 2947 2859 3004 inenarrabile
2891 2949 3175 3004 damnum
3228 2966 3508 3022 perpessa
3539 2956 3650 3022 est,
3684 2952 3766 3007 ita
3815 2956 3832 2970 '

2106 3039 2170 3088 ut
2203 3035 2343 3091 urbs
2389 3053 2534 3108 pene
2565 3042 2686 3092 tota
2716 3039 3014 3109 absorpta,
3065 3056 3379 3096 commune
3432 3041 3762 3097 incolarum

2104 3124 2442 3196 sepulcrum
2475 3127 2743 3182 evaserit.
2770 3128 2960 3184 Tanta
2989 3133 3184 3184 autem
3218 3129 3425 3185 Deiira
3456 3131 3585 3198 fuit,
3620 3136 3679 3186 ut
3708 3136 3765 3187 et

2103 3215 2452 3284 superstites
2503 3215 2658 3287 ignis
2708 3233 2738 3272 e
2789 3221 2944 3272 terra
2984 3233 3302 3289 erumpens
3345 3218 3763 3276 miserabiliter

2102 3309 2520 3360 concremaret.
2546 3306 2694 3371 Quin
2719 3305 2893 3361 etiam
2929 3305 3362 3379 Pompeiopolis
3393 3308 3585 3377 Mysia:
3616 3310 3760 3366 urbs

2102 3392 2390 3465 disrupta,
2416 3396 2664 3465 ejusque
2695 3395 3010 3450 dimidium
3036 3413 3153 3452 uua
3175 3412 3306 3451 cum
3331 3396 3764 3455 habitatoribus

2103 3486 2259 3538 terra
2289 3483 2634 3556 absorptum
2667 3489 2756 3540 est
2783 3502 2796 3540 :
2826 3484 3216 3557 hominesque
3242 3490 3398 3542 terra
3429 3487 3622 3543 obruti
3654 3487 3765 3544 cla-

2105 3572 2350 3628 mabant
2375 3591 2388 3629 :
2423 3576 2800 3631 Miseremini.

2175 3663 2310 3733 Ipso
2341 3663 2478 3719 item
2529 3665 2854 3736 imperante
2903 3663 3117 3721 mulier
3164 3666 3434 3738 quaedam
3467 3683 3535 3722 ex
3565 3666 3768 3724 Cilicia

2104 3749 2379 3821 gigantea
2429 3757 2660 3808 statura
2687 3754 2816 3809 visa
2864 3759 3128 3826 est,qure
3179 3771 3451 3826 proceros
3505 3774 3772 3828 quosque

2103 3842 2258 3896 viros
2292 3857 2408 3896 uno
2459 3842 2658 3898 cubito
2709 3843 3046 3914 superabat,
3081 3848 3322 3915 eratque
3371 3861 3614 3918 corpore
3661 3847 3763 3902 ad-

2105 3931 2427 3986 admodum
2459 3947 2679 3987 erasso.
2714 3933 2798 3986 0b
2829 3931 3150 4003 spectaculi
3191 3942 3387 3988 autem
3421 3935 3767 4006 novitatem,

2105 4019 2205 4092 qui
2262 4036 2389 4075 eam
2448 4020 2504 4075 in
2568 4021 2819 4077 officinis
2865 4026 2921 4078 et
2968 4022 3247 4078 domibus
3305 4023 3767 4096 conspiciebant,

2103 4109 2272 4166 obolo
2305 4109 2530 4182 singuli
2561 4110 2884 4166 donabant.

2179 4199 2334 4254 Idem
2367 4201 2686 4272 imperator
2715 4199 2978 4256 humano
3020 4205 3216 4258 motus
3258 4202 3467 4258 aﬂ‘ectu
3501 4218 3639 4276 erga
3669 4221 3767 4260 ur-

2105 4288 2238 4344 bem
2268 4288 2660 4358 Antiochiam,
2695 4293 2752 4344 et
2795 4305 2892 4345 eos
2923 4289 3025 4361 qui
3057 4305 3127 4344 ex
3156 4294 3322 4346 tanta
3351 4289 3517 4347 clade
3548 4291 3772 4348 residui

2103 4383 2291 4446 erant,
2324 4379 2397 4433 de
2445 4395 2513 4433 ea
2563 4379 2946 4434 restauranda
2978 4379 3296 4451 cogitabat.
3320 4381 3575 4438 Tantum
3607 4381 3764 4438 enim

2103 4485 2282 4539 super
2329 4485 2396 4523 ea
2447 4467 2720 4536 indoluit,
2755 4476 2818 4523 ut
2857 4468 3189 4525 diademate
3240 4487 3618 4543 purpuraque
3667 4472 3768 4528 de-

2103 4556 2333 4628 positis,
2383 4573 2446 4611 se
2505 4573 2672 4612 sacco
2730 4562 2788 4612 et
2843 4559 3036 4614 cinere
3099 4558 3388 4626 indueret,
3447 4560 3768 4631 multisque

333 4638 546 4716 πενθεῖν
597 4650 685 4706 ἐπὶ
734 4648 948 4712 πολλὰς
1017 4647 1246 4723 ἡμέρας.
1324 4647 1676 4718 Ἐτελεύτησε
1731 4644 1788 4702 δὲ
1835 4667 1991 4702 κατα-

2113 4647 2310 4702 diebus
2367 4646 2616 4718 lugeret.
2655 4645 2814 4701 Obiit
2869 4652 3086 4714 autem,
3149 4647 3487 4706 Justiniano
3546 4651 3766 4705 sororis

333 4741 513 4799 λιπὼν
553 4739 781 4817 βασιλέα
826 4739 1203 4796 Ἰουστινιανὸν
1233 4737 1325 4793 τὸν
1362 4735 1498 4792 ἷδιον
1532 4736 1767 4811 ἀνεψιόν.
1801 4737 1990 4805 Ἐτέθη

335 4830 395 4888 δὲ
436 4832 498 4887 τὸ
544 4836 705 4905 σῶμα
750 4830 916 4886 αὐτοῦ
973 4828 1024 4885 ἐν
1079 4832 1148 4904 τῇ
1211 4827 1352 4903 μονῇ
1405 4835 1508 4898 τῆς
1562 4827 1884 4904 Αὐγούστης
1943 4828 1995 4882 ἰν

334 4921 564 4998 λάρνακι
621 4920 756 4995 μετᾶ
805 4927 905 4989 τῆς
955 4919 1214 4994 γυναικὸς
1263 4918 1431 4973 αὐτοῦ
1485 4915 1802 4994 Εὐφημίας,
1852 4914 1904 4971 ἐν
1955 4916 1992 4990 ᾖ

331 5011 421 5066 xui
475 5008 760 5066 ἐπιστολαὶ
811 5009 1125 5079 εὑρέθησαν.
1169 5008 1272 5063 Τὸν
1324 5004 1382 5062 δὲ
1429 5005 1824 5081 ἆρχιεροσόνης
1868 5005 1994 5078 θρό-

333 5121 424 5156 νον
459 5097 662 5156 διεῖπεν
691 5099 946 5168 Ἰωάννης
977 5099 1004 5152 6
1038 5095 1335 5174 λεγόμενος
1369 5090 1760 5157 Καππαδόκας.

413 5281 710 5340 Ἰουστῖνος
763 5274 822 5332 δὶ
886 5273 1252 5331 ἀνεκαλέσατο
1324 5273 1523 5338 πάντας
1611 5269 1851 5336 εὐσεϐεῖς
1907 5273 1996 5329 xui

334 5373 500 5444 ῖερεῖς
579 5364 924 5444 ὀρθοδόξους,
1023 5362 1114 5426 οὓς
1199 5364 1548 5425 Ἀναστάσιος
1633 5361 1834 5425 ἀδίκως
1911 5361 1998 5432 ἐξ-

339 5459 559 5533 ώρισεν.

410 5545 530 5603 Ἐπὶ
573 5551 673 5615 τῆς
730 5543 896 5598 αὐτοῦ
960 5541 1237 5618 βασιλείας
1295 5540 1348 5594 ἐν
1411 5537 1632 5615 Ἐδέσσῃ
1693 5545 1762 5615 τῇ
1813 5539 1996 5613 πόλει,

339 5638 574 5712 Σκιρτοῦ
629 5637 724 5688 τοῦ
786 5635 1039 5705 ποταμοῦ
1115 5631 1276 5705 μέσον
1357 5630 1527 5700 αὐτῆς
1608 5627 2000 5706 διερχομένου,

335 5725 878 5801 πλημμυρήσαντος,
935 5721 1140 5793 ταύτην
1213 5719 1306 5776 σὺν
1354 5723 1473 5783 τοῖς
1539 5719 1818 5784 κατοίκοις
1875 5741 2002 5776 κατ-

2106 4754 2224 4791 suae
2250 4736 2368 4792 tilio
2403 4736 2632 4808 imperii
2659 4752 2998 4792 successore
3024 4736 3245 4794 relicto.
3272 4738 3612 4810 Corpusque
3637 4741 3767 4810 ejus

2105 4824 2438 4896 depositum
2471 4829 2560 4879 est
2603 4823 2660 4878 in
2695 4823 3050 4879 monasterio
3079 4825 3380 4896 Augustas,
3414 4824 3473 4879 in
3507 4841 3641 4881 arca
3672 4826 3766 4881 in-

2105 4913 2338 4969 clusum
2389 4929 2524 4969 cum
2575 4929 2752 4968 uxore
2792 4912 3120 4984 Euphemia
3153 4929 3165 4968 :
3202 4929 3315 4984 qua
3367 4913 3427 4969 in
3477 4931 3612 4970 arca
3642 4915 3766 4988 epi-

2105 5003 2267 5059 stolas
2301 5007 2540 5074 reperta:
2590 5007 2746 5058 sunt.
2779 5002 3336 5075 Arehiepiscopatus
3386 5019 3556 5075 porro
3605 5005 3765 5060 thro-

2105 5110 2250 5149 num
2299 5097 2440 5149 tunc
2489 5091 2796 5147 obtinebat
2842 5091 3101 5148 Joannes
3151 5091 3497 5164 cognomine
3543 5096 3766 5167 Cappa-

2106 5185 2241 5239 dox.

2177 5271 2450 5326 Justinus
2498 5275 2696 5325 autem
2729 5270 2859 5342 pios
2891 5287 3096 5327 omnes
3144 5271 3620 5346 orthodoxosque
3669 5290 3765 5329 sa-

2108 5362 2392 5432 eerdotes,
2428 5376 2577 5432 quos
2621 5360 2842 5430 injuste
2885 5361 3231 5417 Anastasius
3267 5360 3642 5435 relegaverat,
3677 5380 3764 5420 re-

2107 5451 2353 5508 vocavit.

2182 5541 2286 5598 Illo
2345 5540 2704 5612 imperante,
2755 5555 2889 5595 eum
2951 5541 3176 5597 Scirtus
3238 5539 3452 5597 ﬂuvius
3510 5543 3606 5613 qui
3665 5559 3770 5614 per

2112 5632 2365 5687 mediam
2415 5629 2695 5683 Edessam
2741 5630 2892 5695 ﬂuit,
2925 5631 3306 5698 exundasset,
3339 5631 3528 5703 ipsam
3561 5632 3764 5687 urbem

2112 5736 2246 5778 cum
2276 5717 2486 5776 incolis
2517 5717 2839 5775 demersit:
2873 5719 3046 5792 aquis
3077 5735 3211 5777 vero
3241 5720 3507 5793 dilapsis,
3532 5721 3768 5778 inventa
