4124 6398
297 407 326 465 1
340 402 454 464 287

1267 388 1669 454 APPENDIX
1711 389 1816 451 AD
1866 383 2342 450 MICHAELEM
2386 385 2781 451 PSELLUM.

3568 392 3737 458 1288

292 540 383 593 est
411 536 468 591 in
500 534 628 606 ripa
659 528 927 588 fluminis
967 527 1202 601 lapidea
1244 525 1468 594 tabula,
1502 522 1604 595 qui
1637 520 1793 578 notis
1822 519 1947 577 hie-

2086 525 2301 588 ἰκλυσει
2334 522 2483 582 Μετὸ
2515 517 2572 576 δὲ
2599 520 2662 576 τὸ
2700 520 3000 606 παυσασθαι
3046 521 3115 577 τὰ
3157 518 3345 593 ὕδατα,
3368 522 3509 597 πλᾶξ
3539 524 3736 597 λιθίνη

291 623 647 698 roglyphicis
677 618 1011 692 insculptus
1036 623 1164 675 erat
1187 636 1200 674 :
1224 617 1440 674 Scirtus
1468 614 1672 685 ﬂuvius
1697 611 1947 681 saltabit,

290 716 558 787 noxiique
582 712 793 768 civibus
820 710 999 766 saltus
1028 712 1211 765 erunt.

360 892 623 951 Eulialus
665 890 911 964 quidam
943 905 1010 944 ex
1041 886 1222 943 divite
1261 900 1485 958 pauper
1514 882 1779 950 ell‘ectus,
1812 897 1949 937 cum

289 1000 321 1039 e
362 983 478 1038 vita
531 981 852 1049 excederet,
886 980 1242 1032 testamento
1298 973 1599 1029 Justinum
1656 970 1949 1027 hiet-edem

290 1071 553 1144 reliquit,
615 1068 720 1124 illa
778 1065 1136 1130 conditione,
1183 1068 1249 1119 ut
1304 1067 1424 1118 tres
1480 1060 1633 1116 ﬁlias
1689 1076 1831 1116 suas
1889 1059 1950 1113 in

286 1159 504 1217 tenella
552 1162 720 1214 aetate
777 1154 1013 1211 relictas
1072 1154 1367 1220 educarat,
1427 1150 1694 1223 ipsisque
1751 1149 1949 1203 dotem

289 1249 644 1321 assignaret;
694 1262 762 1300 ac
807 1242 1010 1300 omnia
1064 1242 1262 1298 debita
1318 1239 1707 1296 creditoribus
1764 1237 1950 1294 solve-

289 1343 399 1405 ret,
444 1346 499 1393 et
555 1336 627 1390 ab
686 1334 761 1390 iis
819 1331 1187 1405 syngraphas
1239 1347 1378 1386 suas
1436 1329 1771 1384 redimeret.
1813 1329 1950 1392 Quae

286 1427 487 1483 omnia
533 1424 811 1481 Justinus
859 1422 1021 1494 regia
1073 1419 1476 1476 muniﬁcentia
1525 1417 1788 1491 perfecit,
1822 1432 1948 1471 ma-

285 1532 407 1587 gna
437 1514 705 1571 omnium
755 1512 855 1584 qui
887 1513 970 1568 rei
1001 1511 1219 1567 famam
1272 1512 1659 1582 perceperunt
1690 1505 1947 1562 admira-

278 1606 402 1661 tion
415 1621 467 1660 e.

348 1692 724 1749 Justinianus
770 1691 951 1764 igitur
981 1688 1292 1763 imperavit
1339 1687 1512 1744 annis
1562 1685 1811 1759 triginta.
1841 1700 1948 1739 no-

282 1798 440 1850 vem;
473 1788 529 1839 et
560 1783 618 1836 in
652 1781 846 1836 media
880 1781 1022 1835 urbe
1066 1776 1440 1835 consulatum
1492 1775 1696 1848 gessit,
1731 1772 1948 1829 multas

2073 617 2264 695 ιύρὲθη
2299 615 2351 671 ἐν
2383 616 2452 688 τῇ
2482 614 2580 667 τοῦ
2630 613 2886 683 ποταμοῦ
2937 605 3080 687 ἔχθη
3121 610 3533 688 ἷερογλυφικοῖς
3562 615 3744 693 γράμ-

2079 728 2241 783 μασιν
2290 699 2788 781 ἐγκεκολαμμένοις
2839 699 3172 776 περίέχουσα
3214 706 3380 759 τοῦτο
3412 722 3426 735 ·
3488 705 3731 782 Σκιρτὸς

2066 795 2317 869 ποταμὸς
2373 791 2653 868 σκιρτήσει
2712 787 2850 844 κακᾶ
2907 791 3253 865 σκιρτήματα
3300 790 3581 867 πολίταις.

2130 882 2410 943 Εὐλαλίου
2439 880 2585 941 τινὸς
2619 879 2725 935 ἀπὸ
2772 875 3043 934 πλουσίου
3090 879 3322 952 πένητος
3366 882 3741 956 τελευτῆσαν-

2058 995 2174 1047 τος,
2223 972 2315 1028 καὶ
2361 969 2668 1045 γράψαντος
2717 967 3013 1024 Ἰουστῖνον
3066 968 3421 1045 κληρονόμον
3448 971 3500 1027 ἐν
3534 970 3736 1043 διαθή-

2060 1086 2202 1132 καις,
2254 1062 2345 1117 καὶ
2398 1056 2964 1134 παρακελευσαμένου,
3024 1057 3162 1114 ὥστε
3216 1060 3315 1122 τὰς
3371 1066 3520 1137 τρεῖς
3553 1063 3736 1118 αὖσοῦ

2063 1152 2359 1230 θυγατέρας
2437 1148 2635 1224 μικρὰς
2726 1147 3174 1225 καταλειφθείσας
3250 1148 3548 1227 ἀναθρέψαι
3637 1152 3735 1208 καὶ

2063 1242 2425 1317 ἐκπροικῆσαι
2472 1237 2563 1292 τὸν
2619 1234 2866 1311 βασιλέα,
2897 1236 2989 1290 καὶ
3038 1237 3212 1293 πάντα
3258 1238 3327 1293 τὰ
3372 1241 3511 1316 χρέη
3560 1239 3736 1296 αὐτοῦ

2062 1329 2248 1386 δοῦναι
2302 1332 2418 1390 τοῖς
2482 1324 2815 1400 ὀφειλέταις,
2869 1325 2959 1380 καὶ
3030 1326 3098 1381 τὰ
3156 1334 3507 1404 γραμματεῖα
3559 1330 3734 1386 αὑτοῦ

2060 1408 2234 1476 πάντα
2287 1414 2711 1494 ἀναρρύσασθαι,
2774 1415 2802 1469 ὁ
2885 1413 3141 1490 βασιλεὺς
3199 1418 3489 1481 Ἰουστῖνος
3558 1418 3739 1491 ἐπλήο

2063 1530 2227 1585 ρωσε,
2273 1503 2626 1577 καταπλήξας
2682 1502 2731 1560 ἐν
2810 1504 2992 1577 τούτῳ
3062 1504 3237 1561 πάντα
3288 1504 3576 1583 ἄνθρωπον
3633 1509 3737 1565 τὸν

2062 1598 2386 1654 ἀκούσαντα.

2128 1689 2189 1745 '0
2248 1685 2338 1741 οὗν
2395 1683 2778 1748 Ἰουστινιανὸς
2836 1677 3185 1740 ἐϐασίλευσεν
3238 1682 3332 1757 ἔτη
3394 1688 3476 1752 Αθ¹
3510 1704 3523 1719 ⁸
3585 1688 3736 1745 ὑπά-

2054 1798 2238 1832 τευσεν
2283 1775 2333 1831 ἐν
2381 1775 2517 1849 μὲσῃ
2572 1777 2642 1848 τῇ
2692 1771 2879 1844 πόλει,
2926 1772 3020 1829 καὶ
3067 1772 3193 1838 δοὺς
3252 1777 3520 1852 χρήματα
3571 1775 3735 1851 πάμ-

287 1871 571 1946 pecunias
639 1870 942 1942 elargitus.
1012 1871 1067 1925 Is
1140 1866 1412 1924 Novellas
1492 1863 1946 1921 constitutiones

2066 1863 2266 1923 πολλα.
2316 1865 2488 1925 Οὗτος
2536 1861 2760 1933 ἰποίησε
2812 1861 2910 1927 τὰς
2966 1864 3159 1940 νεαρὰς
3205 1861 3498 1938 διατάξεις,
3548 1864 3738 1944 ἐκφω-

295 1960 514 2029 edidit;
548 1960 855 2032 legemque
902 1957 1042 2014 tulit
1088 1958 1158 2012 de
1209 1954 1523 2028 episcopis,
1569 1951 1947 2019 xenodochis,

301 2049 620 2105 oeconomia
653 2053 710 2103 et
737 2045 1234 2119 orphanotrophis
1268 2062 1281 2101 :
1318 2051 1383 2100 ut
1427 2060 1540 2099 non
1592 2042 1726 2116 plus
1776 2044 1953 2096 testa-

303 2143 501 2194 mento
561 2138 982 2209 relinquerent,
1034 2152 1208 2206 quam
1269 2139 1404 2189 ante
1461 2132 1673 2188 initum
1736 2145 1955 2186 munus

303 2227 724 2299 possedissent.
757 2225 1021 2281 Absolvit
1067 2239 1301 2296 quoque
1333 2221 1637 2295 publicum
1678 2219 1952 2275 balneum

297 2316 356 2372 in
390 2316 659 2388 Dagislzei
699 2321 910 2385 tractu,
943 2315 1097 2387 quod
1156 2318 1454 2370 exstruere
1500 2314 1754 2383 coeperat
1800 2312 1951 2365 Ana-

300 2405 523 2462 stasius
574 2406 914 2479 imperator.
949 2403 1268 2459 Antiochia
1318 2419 1491 2474 porro
1540 2417 1656 2457 non
1705 2396 1954 2455 cessavit

296 2499 688 2564 terraemotus,
735 2495 920 2550 donec
979 2492 1250 2565 religioso
1298 2490 1532 2548 cuidam
1582 2490 1706 2545 viro
1755 2488 1949 2543 visum

296 2589 385 2641 est
441 2583 997 2655 superliminaribus
1054 2582 1315 2653 positum
1374 2579 1750 2637 inscribere:
1796 2576 1949 2633 Chri-

293 2680 412 2727 stus
460 2674 765 2740 nobiscum,
814 2674 974 2726 state.
1005 2673 1129 2733 Quo
1186 2670 1360 2735 facto,
1393 2666 1645 2723 cessavit
1690 2665 1779 2720 ira
1825 2664 1948 2720 Dei.

299 2760 515 2816 Exinde
558 2767 753 2815 autem
804 2760 949 2815 urbs
976 2757 1311 2829 Theopoiis,
1344 2756 1464 2812 sive
1511 2756 1654 2811 urbs
1707 2754 1803 2809 Dei
1852 2770 1948 2809 vo-

303 2853 428 2905 cata
463 2853 569 2905 est.

306 2942 320 2955 '
368 2938 586 2994 Eodem
626 2937 952 3009 imperante
999 2933 1302 3008 popularis
1351 2932 1559 2990 seditio
1590 2936 1716 2989 orta
1745 2934 1855 3002 est,
1888 2929 1946 2985 in

298 3043 417 3099 qua
443 3031 715 3082 Sanctam
767 3025 1064 3097 Sophiam,
1099 3024 1285 3080 sancti
1333 3022 1677 3095 Sampsonis
1707 3021 1946 3078 domum

294 3133 430 3172 cum
479 3115 756 3187 inﬁrmis,
813 3119 870 3170 et
924 3115 1143 3170 atrium
1211 3113 1433 3186 palatii,
1493 3111 1945 3183 chalcostegum,

2064 1956 2230 2025 νήσας
2259 1955 2345 2009 καὶ
2379 1953 2547 2008 τύπον
2602 1953 2724 2028 περὶ
2776 1951 3111 2021 ἐπισκόπων,
3142 1954 3229 2009 καὶ
3269 1952 3602 2030 ξενοδόχων,
3635 1955 3735 2011 καὶ

2065 2039 2396 2117 οἰκονόμων,
2439 2043 2530 2097 καὶ
2594 2042 3039 2121 ὀρφανοτρόφων,
3092 2041 3230 2099 ὥστε
3278 2045 3355 2118 μὴ
3389 2042 3734 2110 διατίθεσθαι

2064 2133 2211 2202 πλὴν
2245 2132 2320 2195 εἶς
2365 2131 2398 2187 ἃ
2445 2131 2551 2205 πρὸ
2603 2136 2700 2187 νοῦ
2758 2132 3006 2208 γενέσθαι
3049 2131 3363 2204 ἐκέκτηντο.
3394 2132 3736 2210 Ἐπλήρωσε

2066 2220 2241 2279 δὲκαὶ
2276 2224 2337 2277 τὸ
2383 2219 2649 2294 δημόσιον
2703 2220 2930 2299 λοέτρον
2977 2222 3039 2277 τὸ
3092 2221 3169 2285 είς
3201 2224 3268 2278 τᾶ
3294 2222 3660 2299 Διηγιστέως,
3701 2226 3733 2280 ’ὀ

2064 2311 2265 2389 ἤρξατο
2313 2312 2512 2380 κτίζειν
2560 2310 2912 2373 Ἀναστάσιος
2961 2312 2990 2366 ὁ
3045 2309 3320 2388 βασιλεὺς.
3380 2313 3444 2368 Ἦ
3495 2310 3554 2368 δὲ
3602 2315 3733 2371 Ἀν-

2061 2402 2279 2477 τιὸχεια
2309 2402 2411 2457 οὐκ
2457 2400 2729 2456 ἐπαύσατο
2767 2402 3001 2457 σείεσθαι
3054 2402 3254 2477 μέχρις
3294 2400 3357 2457 οὗ
3406 2401 3571 2481 ἰφάνη
3606 2404 3732 2459 θεο-

2065 2486 2213 2546 σεϐεῖ
2264 2491 2537 2563 ἀνθρώπῳ
2600 2488 2903 2567 ἆπιγράψαι
2979 2490 3058 2554 εἰς
3127 2492 3195 2546 τὰ
3280 2491 3551 2569 ὑπερθυρα
3612 2498 3730 2549 τῶν

2064 2578 2263 2658 φλιῶν,
2309 2579 2544 2655 Χριστὸς
2611 2580 2727 2652 μεθ’
2777 2582 2966 2652 ἡμῶν,
3020 2581 3182 2650 στῆτε
3215 2600 3229 2614 ·
3260 2581 3351 2637 καὶ
3388 2580 3584 2636 τούτου
3628 2602 3734 2658 γε-

2061 2669 2313 2742 νομένου,
2346 2664 2473 2738 ἔστη
2506 2670 2541 2737 ἢ
2576 2668 2717 2743 ὀργή
2749 2673 2847 2724 τοῦ
2894 2673 3029 2725 Θεοῦ
3065 2691 3078 2705 ·
3131 2669 3225 2725 καὶ
3272 2668 3460 2727 ἔκτοτε
3489 2672 3525 2741 ἠ
3556 2669 3731 2728 πόλιν

2062 2756 2355 2831 ὠνομάσθη
2388 2755 2709 2820 Θεοῦπολις.

2128 2935 2252 2993 Ἐπὶ
2310 2934 2475 2991 αὐτοῦ
2530 2934 2718 3012 γὲγονε
2783 2934 3061 3011 δημοτική
3141 2937 3421 3012 ἀνταρσία,
3474 2938 3566 2995 καὶ
3621 2941 3729 3010 τὴν

2057 3025 2240 3101 Ἀγίαν
2277 3024 2483 3102 Σοφίαν
2513 3023 2602 3079 καὶ
2636 3029 2733 3079 τοῦ
2780 3026 2932 3081 ὁσίου
2985 3028 3234 3102 Σαμψὼν
3269 3026 3416 3083 οἶκον
3453 3027 3729 3101 μετὰτῶν

2057 3114 2370 3192 ἀρῥώστων,
2401 3114 2491 3169 καὶ
2520 3114 2620 3183 τὴν
2671 3112 2883 3171 ε’ίσοδον
2931 3120 3028 3171 τοῦ
3079 3114 3356 3172 Παλατίου
3384 3118 3483 3187 τήν
3511 3118 3730 3194 χαλκό-

293 3206 447 3278 quod
483 3221 551 3261 ex
582 3222 648 3261 eo
678 3205 969 3277 hodieque
999 3203 1209 3260 Chalce
1256 3208 1514 3269 vocatur,
1545 3201 1685 3274 quia
1726 3199 1944 3273 tegulis

2066 3225 2262 3280 ττεγον,
2293 3206 2393 3274 τήν
2446 3199 2632 3259 ἔκτοτε
2682 3204 2773 3259 καὶ
2827 3209 2920 3261 νῦν
2959 3203 3183 3276 Χαλκῆν
3226 3205 3719 3282 ἔπονομαζομένην

295 3270 462 3351 aereis
492 3300 548 3350 et
577 3270 889 3350 ἱηαυεαιίέ
905 3298 1032 3350 erat
1062 3297 1210 3349 tecta
1242 3310 1255 3349 :
1290 3292 1461 3348 binas
1491 3270 1630 3349 item
1679 3270 1941 3362 porticus

2066 3270 2259 3349 Stal-rc
2306 3270 2365 3348 ἐκ
2407 3290 2633 3368 χαλκῶν
2687 3294 2943 3370 κεράμων
2996 3270 3430 3372 κεχρυσωμένων
3490 3270 3720 3374 ἐστεγά-

294 3400 485 3457 usque
515 3385 587 3440 ad
620 3384 831 3439 Forum
865 3384 1255 3439 incenderunt
1286 3399 1300 3437 :
1332 3381 1738 3438 Justinianum
1764 3379 1946 3451 impe-

293 3479 547 3530 ratorem
614 3471 989 3528 contumeliis
1046 3472 1389 3538 affecerunt,
1433 3469 1747 3542 Hypatium
1808 3484 1944 3523 vero

293 3561 607 3635 patricium
641 3561 1102 3633 proclamarunt,
1133 3577 1266 3615 cum
1308 3563 1687 3615 coronassent
1715 3574 1849 3614 eum
1884 3558 1943 3614 in

294 3650 442 3709 solio
478 3650 851 3723 imperatoris
884 3650 943 3704 in
975 3648 1374 3721 Hippodromo
1407 3663 1422 3704 :
1453 3647 1555 3720 qui
1587 3647 1881 3704 tumultus
1912 3665 1947 3705 a

292 3738 598 3811 Belisario,
654 3739 870 3796 Mundo
928 3742 986 3793 et
1039 3738 1282 3794 Narsete
1339 3737 1579 3793 sedatus
1637 3738 1945 3804 est,caesis

295 3827 561 3885 millibus
608 3828 855 3901 triginta
900 3826 1160 3900 quinque
1189 3826 1249 3882 in
1282 3825 1699 3899 Hippodromo,
1731 3832 1942 3884 etcum

289 3919 371 3976 iis
401 3917 667 3991 Hypatio.

364 4009 635 4080 Magnam
670 4023 803 4064 vero
834 4007 935 4063 Dei
977 4005 1285 4062 ecclesiam
1315 4005 1689 4064 Justinianus
1719 4011 1943 4063 restau-

292 4097 462 4164 ravit,
519 4100 576 4152 et
629 4095 803 4168 longe
859 4096 1141 4167 majorem
1204 4095 1719 4168 pulchrioremque
1764 4114 1943 4169 quam

286 4190 461 4242 antea
507 4186 716 4253 fuerat,
749 4185 1032 4253 reddidit;
1062 4190 1119 4240 ct
1147 4184 1407 4257 troparia
1456 4185 1576 4241 sive
1621 4185 1945 4243 versiculos

281 4274 394 4332 hos
453 4275 660 4344 edidit,
707 4276 809 4347 qui
867 4276 926 4330 in
987 4291 1055 4331 ea
1112 4275 1504 4347 psallerentur
1552 4290 1565 4330 ε
1621 4276 1948 4347 Unigcnilus

282 4363 465 4419 Filius
493 4373 552 4420 et
589 4364 814 4419 Verbum
865 4364 980 4431 Dei,
1015 4366 1114 4436 qui
1156 4368 1381 4435 prapier
1425 4364 1667 4419 salutem
1697 4374 1945 4421 nostram

288 4455 589 4509 incarnari
617 4453 810 4509 veluit.
845 4453 1176 4519 Quinetiam
1207 4453 1551 4525 Hypapante
1576 4453 1699 4510 sive
1730 4455 1944 4511 Occur-

290 4560 394 4599 sus
424 4542 658 4598 Domini
708 4542 833 4598 dies
884 4542 1050 4611 festa,
1078 4549 1219 4597 tunc
1250 4541 1531 4599 celebrari
1589 4555 1779 4616 empta
1833 4550 1944 4616 est,

282 4649 421 4688 cum
453 4636 629 4688 antea
676 4630 996 4688 Dominicis
1046 4632 1213 4689 festis
1264 4648 1378 4687 non
1430 4640 1939 4691 annumeraretur.

2066 4636 2315 4709 πρότερον
2363 4640 2483 4698 ταῖς

281 4722 428 4788 Quia
457 4738 590 4778 vero
638 4725 855 4795 Magna
905 4722 1176 4779 Ecclesiae
1231 4721 1937 4781 mentionem.fecimus:

281 4810 575 4883 quomodo
606 4811 680 4867 ab
709 4810 877 4868 initio
938 4816 1166 4868 structa
1197 4811 1291 4882 sit,
1325 4816 1381 4867 et
1411 4827 1441 4867 a
1474 4828 1754 4884 quonam,
1786 4814 1941 4889 sigil-

280 4899 444 4956 latim
476 4901 785 4958 enarrabo.
819 4902 930 4958 Res
960 4907 1157 4959 autem
1190 4901 1271 4959 ita
1304 4917 1365 4958 se
1398 4901 1592 4959 habet.

2054 3394 2175 3446 σθαι
2200 3382 2367 3453 αὐτήν
2399 3401 2412 3415 ·
2447 3382 2536 3437 καὶ
2583 3382 2712 3444 τοὺς
2760 3381 2856 3439 δύο
2902 3377 3178 3457 ἐμϐόλους
3220 3385 3388 3462 μέχρι
3418 3390 3516 3441 τοῦ
3539 3387 3721 3465 φόρου

2052 3472 2401 3543 κατέκαυσαν,
2479 3472 2567 3526 καὶ
2650 3472 3032 3529 Ἰουστιτιανὸν
3108 3472 3337 3551 βασιλὲα
3393 3469 3721 3554 ἐφύϐρισαν,

2053 3560 2303 3617 Ὑπάτιον
2352 3558 2411 3616 δὲ
2461 3561 2751 3635 πατρίκιον
2803 3562 3127 3641 εὐφήμησαν
3181 3563 3233 3620 ἐν
3288 3568 3368 3638 τῷ
3411 3566 3716 3639 καθίσματι

2055 3651 2343 3725 στέψαντες
2371 3669 2385 3683 ’
2413 3647 2544 3720 ἤτισ
2574 3649 2780 3722 ἐπαύθη
2816 3647 2905 3707 διὰ
2935 3650 3283 3730 Βελισαρίου,
3311 3655 3402 3709 καὶ
3426 3652 3712 3712 Μούνδου⁶

2052 3740 2144 3795 καὶ
2185 3743 2395 3815 Ναρσῆ,
2450 3738 2755 3796 ἀνελόντων
2805 3738 3067 3817 χιλιάδας
3097 3741 3192 3814 λε’,
3236 3742 3325 3798 καὶ
3358 3742 3518 3799 αὐτὸν
3548 3745 3714 3800 Ὑπά-

2052 3851 2167 3886 τιον
2200 3828 2253 3885 ἐν
2281 3834 2361 3903 τῷ
2391 3826 2790 3906 Ἱπποδρομίῳ.

2128 4009 2456 4066 Ἀνεκαίνισε
2510 4007 2569 4064 δί
2636 4010 3019 4073 Ἰουστινιανὸς
3074 4012 3176 4081 τήν
3220 4015 3319 4065 τοῦ
3368 4012 3503 4068 Θεοῦ
3545 4014 3727 4091 Μεγά-

2056 4098 2160 4170 λην
2194 4097 2483 4169 ἐκκλησίαν
2517 4098 2595 4161 εἷς
2644 4097 2854 4162 κάλλος
2902 4101 2991 4154 καὶ
3049 4100 3276 4175 μέγεθος
3328 4101 3460 4179 ὑπὲρ
3490 4102 3553 4158 τὸ
3583 4105 3730 4181 πρό-

2053 4209 2233 4263 τερον,
2286 4184 2564 4263 παραδοὺς
2612 4187 2704 4243 καὶ
2756 4188 3028 4265 τροπάρια
3081 4187 3135 4244 ἐν
3186 4188 3324 4264 αὐτῇ
3365 4190 3673 4265 ψάλλεσθαι
3712 4214 3728 4229 °

2052 4282 2112 4334 Ὀ
2174 4278 2468 4353 μονογενὴς
2549 4277 2675 4341 Υἱὸς
2756 4277 2847 4333 καὶ
2934 4279 3108 4354 Λόγος
3173 4284 3271 4334 τοῦ
3332 4284 3466 4335 Θεοῦ
3523 4280 3730 4346 ἀθάνα-

2051 4386 2145 4428 τος
2202 4366 2487 4442 ὑπάρχων,
2568 4367 2660 4421 καὶ
2748 4364 3178 4442 καταδεξάμενος
3264 4366 3354 4423 διὰ
3418 4371 3523 4440 τὴν
3580 4373 3727 4446 ἡμε-

2051 4456 2211 4528 τέραν
2292 4456 2563 4531 σωτηρίαν
2674 4464 3044 4533 σαρκωθῆναι.
3129 4455 3305 4515 Ἀλλά
3381 4460 3467 4514 καὶ
3558 4461 3725 4517 Ὑπα-

2053 4546 2229 4616 παντή
2262 4541 2657 4623 ἀρχήνὲλαϐεν
2707 4546 3076 4622 ἑορτάζεσθαι,
3116 4548 3193 4620 μὴ
3228 4552 3714 4625 συναριθμουμὲνη

2566 4635 2919 4699 Δεσποτικαὶς
3002 4636 3239 4713 ἑορταῖς.
3306 4640 3431 4696 ’Ότι
3498 4636 3557 4694 δὲ
3609 4647 3719 4712 τῆς

2054 4723 2319 4801 Μεγάλης
2378 4722 2670 4793 ἐκκλησίας
2737 4723 3038 4799 ἆμνήσθην,
3101 4725 3456 4802 λεπτομερῶς
3513 4725 3715 4804 διηγή-

2053 4835 2219 4888 σομαι
2251 4819 2368 4877 πῶς
2399 4814 2452 4887 ἐξ
2504 4815 2687 4891 ἀρχῆς
2735 4815 2979 4886 ἐκτίσθη,
3030 4816 3119 4871 καὶ
3173 4818 3320 4893 παρὰ
3348 4816 3514 4880 τίνος.
3546 4820 3710 4895 Ἔχει

2052 4903 2110 4961 δὲ
2141 4903 2335 4968 οὕτως.
