4124 6392
330 391 489 453 1289

1462 391 1800 455 ANONYM
1813 389 1832 453 1
1877 391 2464 465 ANTIQUITATES
2510 392 2627 455 CP.

3602 396 3757 458 1290

1585 681 2519 850 ΑΝΟΝΥΜΙ

871 949 1048 1042 DE
1157 949 2291 1062 ANTIQUITATIBUS

2409 950 3214 1050 CPOLITANIS

1749 1131 1962 1188 LIBER
2000 1131 2342 1196 QUARTUS

959 1281 1302 1344 Continens
1330 1283 1660 1348 historiam
1693 1292 1755 1349 et
1783 1286 2272 1366 descriptionem
2305 1286 2530 1368 templi
2558 1287 2804 1349 Sancta:
2839 1285 3121 1368 Sophim.

330 1602 733 1680 Constantinus
761 1603 988 1680 Magnus
1036 1604 1283 1680 primum
1335 1603 1588 1680 condidit
1628 1605 1888 1680 Sanctam
1941 1605 2230 1676 Sophiam,
2279 1607 2468 1680 ﬁgura
2518 1609 2776 1680 oblonga,
2827 1607 3029 1662 Ariani
3073 1608 3174 1662 sub
3219 1605 3509 1662 Theodosio
3554 1611 3753 1676 Magno

395 1675 641 1750 ejusdem
660 1675 918 1750 ecclesia
951 1680 1158 1732 tectum
1186 1676 1509 1750 incendunt.
1544 1677 1583 1730 A
1617 1679 1810 1750 Ruﬁno
1835 1675 2099 1748 magistro
2125 1686 2244 1750 post
2275 1675 2557 1735 biennium
2587 1675 2957 1736 restauratur.
2981 1679 3134 1734 Anno
3171 1681 3208 1733 V
3233 1679 3545 1735 Iustiniani
3574 1675 3755 1748 impe—

391 1749 613 1824 ratoris,
634 1749 704 1824 in
727 1747 998 1824 seditione
1033 1749 1226 1818 populi
1253 1747 1599 1804 comburitur
1645 1748 1786 1806 aedes
1833 1747 2141 1822 Sophiana,
2175 1754 2227 1806 et
2265 1751 2346 1807 ad
2382 1767 2505 1807 eam
2553 1770 2591 1809 a
2636 1752 3025 1824 fundamentis
3072 1751 3434 1806 excitandam
3487 1747 3749 1806 animum

395 1818 644 1891 applicat
670 1819 823 1875 idem
854 1825 1148 1890 Augustus.

395 1959 460 2016 Ἠ
491 1958 617 2034 ἁγία
673 1959 852 2037 Σοφία
897 1961 933 2028 ἡ
970 1957 1186 2034 μεγάλη
1221 1956 1488 2031 ἐκκλησία
1518 1957 1693 2023 οὕτως
1733 1959 1972 2031 ἐκτίσθη.

2164 1962 2386 2035 Magna
2416 1963 2668 2020 ecclesia
2699 1964 2914 2020 Sancta
2945 1963 3164 2035 Sophia
3195 1963 3433 2019 condita
3483 1962 3595 2018 fuit
3642 1961 3752 2018 hoc

325 2052 548 2123 Πρῶτον
603 2047 696 2121 μὲν
749 2049 1032 2123 ἀνήγειρεν
1085 2047 1253 2117 αὐτὴν
1301 2049 1329 2103 6
1360 2047 1545 2124 Μέγας
1573 2055 1976 2114 Κωνσταντῖνος

327 2135 620 2214 δρομικὴν,
681 2137 874 2210 ὁμοίαν
938 2141 1035 2192 τοῦ
1093 2137 1277 2213 Ἀγίου
1333 2137 1684 2213 Ἀγαθονίκου
1731 2138 1821 2194 καὶ
1877 2144 1974 2194 τοῦ

324 2227 517 2300 ’,ᾼγίου
550 2226 802 2283 ’[σακίου.
836 2225 924 2280 καὶ
958 2224 1258 2300 πληρώσας
1288 2227 1478 2297 αὐτὴν,
1531 2229 1735 2299 στήλας
1783 2225 1975 2300 ἔστησε

323 2313 562 2377 πολλάς.
615 2317 878 2390 Διηρκεσε
935 2313 992 2370 δὶ
1045 2316 1107 2370 τὸ
1165 2316 1366 2389 κτίσμα
1396 2315 1570 2372 ἐκεῖνο
1602 2317 1841 2393 χρόνους
1873 2315 1970 2375 οδ’.

323 2406 410 2462 Ἐν
445 2401 501 2460 δὶ
530 2409 648 2467 τοῖς
683 2404 908 2480 χρόνοις
952 2402 1244 2460 Θεοδοσίου
1286 2409 1382 2460 τοῖ’)
1419 2406 1700 2481 Μεγάλου,
1757 2406 1831 2470 εἴς
1873 2408 1972 2477 τὴν

324 2491 570 2570 δευτέραν
623 2491 847 2548 σύνοδον
900 2495 998 2564 τὴν
1060 2494 1111 2548 ἐν
1173 2494 1747 2550 Κωνσταντινοῦπόλει
1819 2517 1973 2572 γενο-

324 2584 515 2660 μένην,
572 2584 950 2648 στασιάσαντες
1007 2583 1058 2638 οἱ
1119 2584 1428 2658 Ἀρειανοὶ,
1487 2583 1812 2663 κατέφλεξαν
1868 2587 1967 2656 τὴν

321 2673 516 2748 στέγην
595 2679 695 2743 τῆς
763 2673 935 2742 αὐτῆς
1004 2670 1320 2743 ἐκκλησίας,
1395 2668 1550 2736 ὄντος
1627 2675 1970 2750 πατριάρχου

320 2761 621 2837 Νεκταρίου
656 2808 669 2828 ,
726 2761 814 2817 καὶ
871 2760 1186 2831 ἐξελθόντος
1232 2765 1328 2816 τοῦ
1384 2761 1731 2837 ἀγιωτάτου,
1791 2761 1841 2816 ἐν
1901 2766 1970 2836 τῇ

324 2851 484 2926 Ἀγίᾳ
537 2850 751 2927 Εἰρήνῃ
809 2853 878 2924 τῇ
935 2849 1145 2921 παλαιᾷ
1189 2850 1574 2923 καθεζομένουο
1635 2851 1696 2920 ἦν
1735 2850 1824 2905 καὶ
1873 2852 1970 2906 αὐ-

325 2942 423 3009 τὴν
483 2941 762 3016 ἀνήγειρεν
815 2940 842 2995 6
902 2940 1080 3016 Μέγας
1136 2945 1563 3000 Κωνσταντῖνος.
1614 2937 1852 3008 Διῆλθον
1915 2938 1972 2995 δὲ

329 3031 520 3105 χρόνοι
569 3027 686 3098 δύο,
713 3029 802 3084 καὶ
837 3027 1027 3084 ’ίστατο
1060 3028 1322 3098 ἀσκεπής.
1380 3029 1689 3104 ῙΙροστάξας
1725 3027 1780 3084 δὲ
1812 3030 1838 3084 6
1875 3031 1970 3105 βα-

327 3117 510 3181 σιλεὺς
567 3115 856 3180 Θεοδόσιος
921 3119 1206 3195 Ῥουφῖνον
1261 3117 1354 3172 τὸν
1425 3118 1723 3192 μάγιστρον
1785 3117 1970 3187 αὐτοῦ,

323 3206 607 3264 ἑσκὲπασεν
679 3208 846 3277 αὐτὴν
918 3205 1008 3262 διὰ
1064 3203 1426 3282 κυλινδρικῶν
1483 3209 1766 3279 καμάρων.
1830 3208 1975 3262 Μετὰ

2083 2052 2552 2108 modo.Primum
2587 2054 2828 2125 quidem
2863 2053 3158 2109 exstruxit
3179 2069 3304 2108 eam
3330 2053 3580 2124 Magnus
3610 2053 3754 2108 Con-

2079 2140 2403 2208 stantinus,
2427 2142 2678 2214 oblonga
2718 2143 2925 2214 ﬁgura,
2948 2141 3144 2198 Sancti
3165 2142 3507 2214 Agathonici
3531 2145 3587 2197 et
3607 2145 3751 2196 San-

2082 2231 2158 2286 cti
2193 2230 2398 2286 Isaacii
2432 2231 2691 2286 similem
2733 2252 2746 2300 ;
2779 2233 3163 2303 confectoque
3222 2247 3397 2303 opere
3432 2231 3649 2286 multas
3684 2231 3743 2286 in

2082 2334 2150 2374 ea
2179 2323 2406 2374 statuas
2437 2319 2639 2374 erexit.
2674 2319 2791 2374 Hoc
2818 2337 2987 2391 porro
3037 2319 3352 2375 aedificium
3384 2336 3570 2375 annos
3592 2335 3743 2390 qua-

2080 2413 2215 2463 tuor
2243 2413 2299 2463 et
2329 2409 2702 2480 septuaginta
2734 2409 3020 2464 intactum
3052 2409 3508 2480 mansiLMagno
3544 2413 3742 2464 autem

2082 2496 2410 2552 Theodosio
2444 2497 2790 2569 imperante,
2825 2514 2938 2569 quo
2971 2502 3232 2570 tempore
3271 2499 3531 2554 secunda
3562 2514 3734 2570 syno-

2082 2587 2195 2640 dus
2233 2585 2738 2657 Canstantinopoli
2789 2587 3079 2642 celebrata
3128 2591 3236 2653 est,
3289 2587 3512 2655 Ariani,
3567 2603 3733 2641 com-

2083 2679 2242 2729 mota
2274 2674 2770 2745 seditione,hujus
2801 2675 3058 2731 ecclesia;
3094 2679 3310 2730 tectum
3343 2676 3736 2732 incenderunt

2080 2761 2348 2818 Ncctario
2370 2768 2493 2818 tum
2521 2762 2852 2835 patriarcha
2885 2782 2897 2819 :
2924 2765 3023 2834 qui
3048 2764 3136 2818 vir
3155 2764 3573 2821 sanctissimus
3595 2765 3732 2820 inde

2080 2867 2352 2923 egressus
2383 2852 2443 2906 in
2475 2851 2722 2908 ecclesia
2752 2852 2976 2908 Sanctae
3006 2859 3185 2908 Ireuze
3215 2855 3394 2908 veteri
3443 2853 3729 2920 consedit,

2081 2955 2260 3010 quam
2296 2940 2434 2996 item
2467 2939 2772 2996 ecclesiam
2797 2959 3049 3014 magnus
3072 2942 3494 2999 Constantinus
3518 2943 3732 2998 excita-

2079 3033 2262 3084 verat.
2314 3029 2531 3084 Exinde
2579 3031 2751 3084 annis
2789 3031 3020 3085 duobus
3066 3037 3269 3086 sancta
3317 3032 3534 3103 Sophia
3582 3036 3734 3087 tecto

2083 3117 2290 3173 caruit.
2327 3117 2700 3189 Imperatoris
2731 3135 2864 3174 vero
2897 3119 3209 3176 Theodosii
3251 3121 3449 3190 jussu,
3485 3122 3737 3176 Rufinus

2085 3207 2368 3279 magister
2400 3223 2528 3262 eam
2559 3205 2902 3279 cylindricis
2936 3208 3256 3264 fornicibus
3306 3209 3556 3281 operuit.
3612 3209 3739 3264 Ela-

324 3295 382 3353 δὶ
441 3297 676 3373 χρόνους
722 3295 798 3352 λε’
849 3301 946 3353 τοῦ
977 3293 1288 3363 Θεοδοσίου,
1321 3297 1402 3350 πε’
1450 3295 1582 3351 ἐτῶν
1645 3294 1970 3352 διελθόντων

2086 3295 2208 3368 psis
2237 3301 2435 3351 autem
2469 3313 2502 3351 a
2531 3297 2858 3352 Theodosio
2895 3296 3134 3369 trigint:
3183 3298 3467 3370 quinque,
3522 3316 3554 3353 a
3587 3300 3737 3355 Con-

320 3386 427 3440 ἀπὸ
483 3390 581 3441 τοῦ
639 3385 896 3460 Μεγάλου
949 3385 1380 3453 Κωνσταντίνου,
1441 3384 1516 3447 εἷς
1575 3384 1665 3440 τὸν
1723 3386 1972 3459 πέμπτον

319 3475 520 3551 χρόνον
597 3476 694 3543 τῆς
775 3473 1055 3549 βασιλείας
1129 3476 1462 3530 Ἰουστιανοῦ
1527 3477 1624 3527 τοῦ
1693 3473 1971 3551 Μεγάλου,

324 3563 458 3637 μετά
508 3563 570 3618 τὸ
630 3569 899 3640 σφαγῆναι
960 3561 1010 3616 ἐν
1066 3566 1147 3634 τῷ
1202 3563 1434 3634 Ἱππικῷ
1484 3563 1778 3636 τριάκοντα
1816 3565 1974 3619 πέντε

319 3648 594 3728 χιλιάδων
651 3650 821 3706 ἐκεῖσε
876 3650 1292 3726 ἀναιρεθέντων,
1349 3650 1529 3715 καθὼς
1577 3651 1667 3705 καὶ
1718 3653 1972 3727 ἀνωτέρω

320 3738 650 3810 δεδήλωται,
684 3738 774 3795 διὰ
801 3739 863 3794 τὸ
893 3739 1319 3815 ἀναγορευθῆναι
1346 3739 1450 3793 ὑπὸ
1478 3743 1586 3792 τῶν
1617 3737 1712 3793 8-50
1745 3737 1974 3813 δημοτι-

321 3833 432 3884 κῶν
465 3833 663 3903 μερῶν,
695 3829 945 3884 Ὑπάτιον
978 3827 1262 3900 πατρίκιον
1302 3826 1501 3903 μέρους
1531 3827 1768 3882 Βενέτων
1797 3828 1848 3882 ἐν
1894 3827 1973 3901 τῷ

321 3919 361 3974 ε’
390 3914 494 3974 ἔτει
525 3919 624 3987 τῆς
662 3917 942 3993 βασιλείας
964 3915 1128 3971 αὐτοῦ
1157 3919 1253 3972 τοῦ
1286 3919 1692 3986 Ἰουστινιανοῦ,
1731 3915 1972 3971 ἐνέπνευ-

317 4027 404 4063 σεν
439 4007 466 4060 ὁ
497 4006 622 4069 Θεὸς
659 4007 733 4068 εἰς
774 4008 875 4075 τήν
936 4003 1176 4060 διάνοιαν
1231 4003 1394 4059 αὐτοῦ
1451 4008 1550 4059 τοῦ
1603 4003 1971 4079 οἰκοδομῆσαι

313 4097 464 4166 ναὸν,
494 4097 611 4158 οἶος
644 4095 744 4151 οὐκ
773 4094 987 4166 ἐκτίσθη
1021 4094 1126 4150 ἀπὸ
1156 4093 1257 4150 τού
1289 4091 1483 4168 Ἀδάμ.

2082 3385 2342 3441 stantino
2390 3384 2601 3456 Magno
2653 3387 2950 3455 octoginta
3000 3386 3262 3458 quinque
3309 3386 3503 3452 annis,
3552 3387 3736 3442 Justi-

2083 3473 2243 3528 niani
2277 3472 2649 3544 imperatoris
2680 3491 2833 3528 anno
2865 3474 3092 3544 quinto,
3125 3479 3253 3546 post
3305 3476 3520 3530 caedem
3570 3475 3735 3530 illam

2084 3562 2142 3618 in
2173 3563 2570 3634 Hippodromo
2606 3563 2842 3628 factam,
2897 3580 3013 3634 qua
3042 3563 3286 3636 triginta
3337 3565 3598 3636 quinque
3630 3566 3735 3620 bo-

2083 3652 2311 3706 minum
2347 3651 2533 3707 millia
2566 3652 2884 3724 perierunt,
2912 3660 2974 3706 ut
2997 3653 3271 3723 superius
3299 3659 3602 3710 narratum
3624 3658 3732 3720 est,

2084 3741 2238 3814 quod
2275 3739 2402 3794 duas
2436 3741 2754 3796 factionum
2805 3743 3000 3812 partes
3054 3742 3384 3814 Hypatium,
3420 3742 3732 3814 patricium

2083 3847 2148 3884 ac
2181 3828 2449 3884 factionis
2480 3833 2711 3885 Venetas
2745 3831 3076 3900 tribunum,
3127 3831 3537 3900 imperatorem
3570 3829 3733 3887 salu-

2081 3921 2346 3985 tassent;
2382 3918 2611 3988 quinto,
2646 3919 2912 3990 inquam,
2959 3919 3088 3989 ejus
3127 3919 3357 3991 imperii
3395 3937 3548 3975 anno
3580 3919 3735 3992 cepit

2083 4005 2418 4075 consilium,
2451 4006 2567 4062 Deo
2598 4006 2940 4078 instigante,
2971 4007 3308 4062 exstruendi
3333 4007 3735 4080 templi,quale

2085 4111 2390 4166 nunquam
2425 4110 2494 4150 ex
2524 4095 2734 4150 Adami
2765 4099 3029 4166 tempore
3061 4095 3380 4152 excitatum
3415 4098 3625 4153 fuerat.

313 4241 614 4304 Marmora,
643 4240 918 4296 columnae
945 4238 1246 4310 reliquave
1288 4241 1533 4295 materia
1575 4248 1887 4311 opportuna
1927 4239 1999 4295 ad
2046 4239 2237 4308 templi
2280 4240 2638 4306 structuram,
2690 4253 2761 4311 ex
2805 4239 2987 4293 variis
3028 4240 3181 4294 orbis
3231 4242 3555 4310 provinciis,
3577 4243 3740 4311 jussu

384 4314 737 4380 imperatoris
765 4311 1116 4368 advehuntur
1145 4310 1700 4379 ConstantinOpolim.
1749 4311 2082 4368 Plutarchus
2128 4311 2537 4383 Justinianoﬁab
2567 4310 2813 4380 epistolis
2864 4320 2916 4365 et
2964 4311 3460 4383 historiographus.
3513 4310 3734 4367 Colum-

383 4400 485 4439 nas
517 4387 786 4440 Romanas
814 4386 928 4438 octo
958 4383 1162 4438 Marcia
1194 4384 1437 4437 Romana
1464 4383 1633 4438 vidua
1659 4384 1738 4438 ad
1765 4385 2157 4453 imperatorem
2187 4383 2385 4437 mittit.
2420 4382 2544 4437 Octo
2574 4398 2700 4436 vero
2731 4383 2876 4437 alias
2913 4385 3135 4452 prasini
3180 4382 3386 4440 coloris
3420 4384 3731 4440 Constanti-

383 4473 490 4510 nus
516 4459 719 4527 praetor
746 4455 972 4510 advexit
999 4454 1481 4526 Epheso.Reliquae
1511 4470 1635 4509 vero
1664 4455 1937 4512 columnae
1964 4471 2034 4510 ex
2062 4456 2237 4509 variis
2260 4455 2390 4508 locis
2440 4456 2868 4524 trans/eruatur
2888 4471 2910 4516 ,ο
2941 4461 3109 4525 atque
3152 4456 3304 4511 intra
3333 4465 3537 4527 septem
3565 4474 3738 4513 annos

385 4544 511 4583 cum
540 4526 776 4583 dimidio
807 4528 1067 4582 universa
1095 4527 1335 4582 materia
1362 4529 1707 4598 congeritur.

389 4653 632 4728 Ἔγραψε
691 4649 750 4706 δὲ
805 4655 924 4713 τοῖς
985 4653 1333 4725 στρατηγοῖς,
1381 4651 1473 4704 καὶ
1530 4651 1847 4726 σατράπαις,
1880 4649 1970 4705 καὶ

2153 4651 2403 4722 Scripsit
2431 4651 2631 4722 itaque
2660 4652 2934 4722 ducibus,
2967 4655 3240 4725 satrapis,
3266 4653 3738 4725 judicibus,pro-

314 4747 548 4819 κριταῖς,
605 4739 696 4798 καί
727 4737 1082 4820 φορολόγοις,
1110 4745 1225 4802 τοῖς
1258 4739 1346 4795 ἐπὶ
1375 4745 1482 4795 τῶν
1518 4743 1766 4812 θεμάτων
1795 4740 1966 4796 ἄπαν-

315 4853 411 4895 τας
487 4830 703 4908 ἐρευνᾷν
761 4830 984 4903 αὐτοὺς,
1061 4829 1210 4892 ὅπως
1269 4829 1468 4905 εὕρωσι
1545 4829 1726 4892 κίονάς
1775 4851 1834 4884 τε
1885 4831 1975 4884 καὶ

318 4923 657 4995 συστήματα,
735 4919 934 4990 στήθεά
1003 4940 1061 4974 τε
1127 4918 1219 4973 καὶ
1289 4913 1509 4991 ἀϐάκια,
1583 4919 1673 4974 καὶ
1739 4917 1969 4994 καγκελο

316 5008 634 5086 λοθυρίδας,
685 5011 772 5065 καὶ
807 5011 906 5079 τὴν
955 5007 1158 5077 λοιπὴν
1208 5005 1345 5079 ὕλην
1404 5009 1504 5078 τὴν
1537 5009 1836 5079 ἀνήκουσαν
1892 5008 1969 5070 εἷς

275 5155 280 5164 ,
316 5101 381 5156 τὸ
413 5101 683 5176 ἀνεγεῖραι
741 5099 887 5154 ναόν.
934 5098 1135 5158 Πάντες
1167 5094 1224 5151 δὲ
1249 5097 1300 5151 οἱ
1355 5098 1482 5174 παρ’
1512 5097 1677 5152 αὐτοῦ
1725 5097 1970 5172 ὁρισθέν-

317 5211 410 5252 τες
438 5189 545 5245 ἀπὸ
577 5186 882 5245 εἶδωλικῶν
941 5190 1108 5258 ναῶν,
1159 5185 1250 5240 καὶ
1297 5185 1402 5241 ἀπὸ
1434 5183 1684 5242 παλαιῶν
1727 5183 1974 5261 λουτρῶν

319 5300 381 5335 τε
434 5279 523 5335 καὶ
583 5276 748 5334 οἷ’κων
804 5273 1050 5350 ἔπεμπον
1109 5275 1286 5329 πάντα
1334 5279 1414 5347 τῷ
1474 5275 1691 5351 βασιλεῖ
1746 5277 1974 5332 Ἰουστι-

321 5372 486 5441 νιανῶ
553 5367 658 5423 ἀπὸ
715 5365 934 5423 πάντων
986 5367 1094 5420 τῶν
1151 5361 1398 5436 θεμάτων
1459 5364 1733 5434 ἀνατολῆς
1789 5385 1846 5420 τε
1885 5364 1974 5418 καὶ

323 5455 554 5524 δύσεως,
590 5456 762 5534 βορρᾶ
787 5477 847 5512 τε
893 5454 984 5510 καὶ
1033 5451 1214 5520 νότου,
1266 5452 1356 5506 καὶ
1386 5454 1601 5508 πάντων
1633 5458 1739 5508 τῶν
1797 5455 1974 5524 νήσων

320 5548 412 5604 καὶ
466 5545 597 5608 τοὺς
650 5547 746 5620 μὲν
809 5545 953 5601 ὀκτὼ
996 5541 1182 5603 κίονας
1239 5539 1366 5604 τοὺς
1415 5541 1744 5616 Ῥωμαίους,
1796 5543 1977 5604 καθώς

324 5658 459 5716 φησι
492 5634 855 5712 Πλούταρχος
887 5635 916 5691 6
947 5636 1394 5709 πρωτοσεκρῆτις
1446 5632 1536 5686 καὶ
1585 5631 1977 5710 πιστογράφος,

323 5728 701 5800 Ἰουστινιανῷ
734 5726 868 5801 μετὰ
910 5719 1131 5803 σχεδίας
1172 5718 1458 5777 animus
1487 5723 1640 5799 χήρα
1679 5721 1819 5798 γυνὴ
1869 5719 1977 5776 ἀπὸ

656 5859 915 5919 ΡΑΤιιοι..
970 5857 1079 5918 Gn.
1128 5853 1367 5914 CXXII.

2088 4739 2414 4796 vinciarum
2445 4740 2860 4812 quaestoribus,
2885 4741 3106 4812 jubens
3150 4741 3418 4812 singulos
3467 4748 3735 4798 accurate

2086 4830 2338 4886 scrutari
2371 4847 2438 4886 ac
2469 4832 2828 4902 perquirere,
2862 4846 3002 4885 num
3031 4829 3360 4900 columnas,
3395 4831 3600 4900 fulcra,
3636 4849 3734 4903 pe-

2080 4918 2326 4991 ristylia,
2361 4917 2594 4974 tabulas
2619 4922 2677 4974 et
2704 4918 3022 4974 clathratas
3044 4920 3285 4990 januas,
3329 4936 3396 4976 ac
3448 4920 3736 4992 quidquid

2082 5007 2336 5064 materiae
2368 5007 2785 5064 construendis
2815 5006 3056 5078 templis
3093 5013 3520 5080 opportunum,
3572 5025 3737 5080 repe-

2082 5097 2198 5152 rire
2238 5101 2498 5168 possent.
2551 5098 2698 5154 Tum
2748 5097 2810 5166 ii,
2862 5097 3082 5169 quibus
3133 5098 3190 5152 id
3240 5098 3504 5154 muneris
3552 5100 3742 5156 fuerat

2083 5185 2825 5258 demandatum,quidquid
2859 5203 2929 5242 ex
2958 5186 3249 5246 idolorum
3283 5186 3617 5258 templis,ex
3633 5206 3743 5244 an-

2082 5275 2267 5346 tiquis
2293 5275 2520 5331 balneis
2542 5292 2609 5331 ac
2635 5276 2882 5342 aedibus,
2914 5292 2982 5331 ex
3016 5275 3283 5347 qualibet
3313 5276 3746 5344 orientis,occi-

2085 5364 2299 5431 dentis,
2349 5365 2772 5436 septentrionis
2833 5369 2890 5420 et
2958 5365 3142 5421 austri
3193 5365 3493 5437 provincia
3562 5384 3749 5440 exque

2086 5453 2368 5509 omnibus
2414 5453 2627 5510 insulis
2697 5452 2893 5526 colligi
2954 5453 3162 5526 potuit,
3216 5455 3287 5510 ad
3356 5454 3749 5525 imperaorem

2086 5541 2494 5600 Justinianum
2523 5542 3160 5600 miserunt.Columnas
3186 5542 3428 5614 quidem
3453 5544 3751 5603 Romanas

2089 5637 2242 5699 octo,
2276 5636 2338 5687 ut
2383 5636 2583 5688 narrat
2629 5632 2984 5688 Plutarchus
3034 5631 3262 5703 primus
3311 5650 3346 5690 a
3403 5635 3644 5689 secretis
3695 5641 3753 5690 et

2090 5720 2206 5777 fide
2234 5719 2452 5794 dignus
2483 5721 2754 5794 scriptor,
2789 5720 3006 5777 Marcia
3053 5721 3325 5792 quaedam
3382 5721 3646 5779 Romana
3665 5723 3750 5778 vi-

3351 5853 3420 5909 41
