4124 6384
407 399 559 458 1291

1356 394 1753 455 APPENDIX
1796 395 1900 454 AD
1947 391 2410 452 MICHAELEM
2455 393 2844 456 PSELLUM.

3670 395 3833 455 1292

403 527 543 594 dua,
595 543 746 598 quas
795 525 1021 582 dotales
1065 531 1390 598 acceperat,
1442 526 1667 580 ratibus
1717 523 2048 580 Justinianc

2170 521 2390 593 Ῥώμης
2443 519 2672 592 ὀνόματι
2733 521 2975 597 Μαρκία·
3032 521 3149 598 εἶχε
3181 519 3238 576 δὶ
3289 519 3484 584 αὐτοὺς
3519 521 3595 584 είς
3625 528 3832 598 προῖκα

401 615 646 688 perinde
679 614 859 670 misit.
895 619 982 669 Ea
1014 631 1148 670 vero
1175 619 1373 671 Romae
1424 619 1712 669 steterant
1756 614 1812 667 in
1847 610 2065 682 templo

400 704 576 771 Sotis,
609 706 763 776 quod
800 709 1094 759 struxerat
1123 705 1480 760 Aurelianus
1521 703 1914 758 Romanorum
1950 701 2059 755 im-

399 798 657 865 perator,
689 792 789 864 qui
823 809 952 848 sese
986 793 1178 849 Persis
1212 792 1636 864 prodidit.0cto
1677 796 1871 844 autem
1905 788 2061 854 illas,

399 882 725 953 stupendae
758 880 952 952 plane,
985 880 1198 937 coloris
1230 882 1475 952 prasini,
1527 897 1707 935 caesas
1753 884 1810 934 et
1848 877 2062 949 politas

397 969 822 1027 Constantinus
853 974 1061 1042 praetor
1095 971 1326 1040 Epheso
1369 969 1620 1024 advexit.
1671 967 1886 1022 Marcia
1925 983 2058 1020 vero

397 1058 675 1131 superius
706 1066 1055 1126 memorata,
1091 1058 1214 1112 hac
1256 1058 1601 1130 imperatori
1636 1057 1875 1128 scripsit
1907 1073 1918 1109 :
1953 1055 2058 1110 Co-

394 1145 635 1203 lumnas
664 1147 772 1201 tibi
805 1147 964 1218 paris
995 1146 1411 1219 longitudinis,
1471 1145 1749 1216 ponderis
1781 1149 1957 1215 atque
1984 1144 2061 1198 lu-

391 1237 691 1302 titudinis,
726 1253 830 1308 pro
863 1235 1056 1292 salute
1089 1235 1297 1290 animze
1332 1251 1468 1290 meae
1517 1235 1707 1289 mitto.
1742 1233 2057 1288 Columnas

393 1342 529 1382 vero
559 1324 864 1398 reliquias,
897 1324 1111 1396 partim
1146 1324 1370 1396 Cyzico,
1403 1323 1616 1395 partim
1645 1323 1894 1386 Troade,
1928 1338 2056 1392 par-

392 1414 500 1470 tim
551 1430 620 1470 ex
670 1413 1022 1486 Cycladibus
1074 1412 1288 1469 insulis
1355 1412 1609 1484 praefecti
1682 1410 2056 1483 imperatoris

391 1503 874 1560 transmiserunt.
923 1503 1177 1574 Jamque
1225 1503 1463 1557 demum
1513 1500 1780 1566 materia,
1834 1504 2057 1570 quanta

393 1607 544 1663 opus
573 1595 716 1660 erat,
750 1607 853 1663 per
879 1607 1066 1646 annos
1089 1595 1313 1662 septem
1339 1607 1474 1645 cum
1498 1589 1743 1645 dimidio
1775 1593 2058 1659 congesta

392 1683 616 1739 aderat.

2179 608 2364 678 αὐτῆς.
2424 612 2668 663 ’Ίσταντο
2723 606 2779 664 δὲ
2831 610 2908 672 εἷς
2961 611 3182 684 Ῥώμην
3245 610 3320 673 εἷς
3350 611 3444 665 τὸν
3474 611 3602 665 ναὸν
3633 609 3833 668 Ἡλίου

2171 699 2262 752 τὸν
2347 698 2628 752 κτισθέντα
2709 697 2855 772 παρᾶ
2937 697 3279 771 Αὺρελιανοῦ
3363 697 3631 773 βασιλέως
3691 700 3828 757 Ῥώ-

2177 807 2308 858 μης,
2361 790 2458 840 τοῦ
2514 783 2815 861 προδόντος
2879 787 3041 841 αὐτὸν
3099 786 3350 861 Πέρσαις.
3411 789 3551 848 Τοὺς
3597 785 3652 842 δὲ
3685 789 3831 843 ὀκτὼ

2171 875 2464 949 πρασίνους
2546 875 2730 939 κίονας
2806 875 2934 937 τοὺς
3031 877 3496 949 ἀξιοθαυμάστους
3602 875 3830 949 ἐκόμισε

2173 969 2571 1026 Κωνσταντῖνος
2628 964 2927 1038 στρατη-,σὸς
2988 964 3094 1018 ἀπὸ
3156 964 3381 1042 Ἐφέσου
3435 963 3829 1038 λελατομημέ-

2169 1074 2297 1115 νους
2328 1053 2692 1129 ἀμφοτέρους.
2725 1055 2788 1110 Ἡ
2825 1051 2881 1108 δὲ
2922 1055 3301 1129 προειρημένη
3354 1053 3575 1128 Μαρκία
3625 1050 3831 1130 ἔγραψε

2167 1147 2246 1213 τῷ
2300 1139 2515 1217 βασιλεῖ
2545 1142 2738 1213 οὕτως,
2787 1142 2870 1196 ὅτι
2904 1141 3257 1200 Ἀποστέλλω
3287 1143 3472 1204 κίονας
3505 1143 3823 1216 ἷσομήκεας,

2173 1230 2576 1302 ἰσοσταθμους,
2636 1231 2725 1284 καὶ
2782 1230 3157 1303 ἴσοπλάτους,
3225 1229 3358 1306 ὐπὶρ
3413 1235 3658 1307 ψυχικῆς
3720 1255 3825 1305 μου

2167 1319 2464 1394 σωτηρίας.
2516 1320 2658 1383 Τοὺς
2707 1318 2763 1374 δὲ
2820 1319 3050 1375 λοιποὺς
3101 1320 3320 1390 κίονας,
3378 1320 3504 1382 τοὺς
3570 1323 3663 1394 μέν
3718 1322 3822 1376 ἀπὸ

2166 1409 2426 1480 Κυζίκου,
2456 1407 2581 1470 τοὺς
2633 1406 2689 1463 δέ
2738 1409 2844 1464 ἀπὸ
2893 1407 3154 1483 Τροάδος,
3200 1407 3405 1471 ἄλλους
3437 1410 3542 1464 ἀπὸ
3569 1416 3675 1465 τῶν
3710 1418 3820 1468 Κυ-

2164 1495 2386 1552 κλάδων
2417 1499 2622 1568 νήσων,
2657 1499 2710 1552 οἱ
2766 1498 3030 1573 ἄρχοντες
3078 1503 3174 1552 τοῦ
3229 1498 3500 1574 βασιλέως
3535 1500 3822 1573 ἐκόμισαν.

2169 1585 2265 1640 Καὶ
2299 1587 2494 1641 λοιπὸν
2528 1587 2684 1654 ἱκανὴ
2718 1585 2824 1656 ὕλη
2859 1585 3116 1656 ἀπετέθη.
3152 1588 3530 1663 Ἀπεσωρεύθη
3565 1585 3623 1644 δὲ
3679 1596 3827 1644 πᾶσα

2166 1677 2200 1744 ἡ
2234 1674 2341 1745 ὕλη
2376 1672 2464 1728 διὰ
2496 1675 2713 1750 χρόνων
2747 1677 2882 1730 ἒπτὰ
2909 1675 3110 1750 ἥμισυ.

385 1841 751 1897 Justinianus
798 1839 897 1896 XII
943 1840 1171 1910 imperii
1197 1840 1291 1894 sui
1336 1853 1483 1894 anno
1530 1837 1700 1892 aedem
1732 1836 2079 1910 Sophianagn
2141 1851 2176 1889 a
2245 1833 2612 1910 constantius
2653 1835 2720 1890 Μ.
2765 1835 3043 1910 conditam
3090 1852 3124 1890 α
3171 1835 3558 1910 fundamenti:
3599 1841 3821 1905 evertit,

459 1921 510 1968 et
539 1911 721 1967 aliam
752 1913 906 1982 longe
935 1907 1260 1982 ampliorem
1290 1914 1610 1964 construere
1639 1907 1982 1977 aggreditur.
2001 1908 2213 1982 _Domos
2257 1907 2635 1982 uiciuaaemit
2656 1923 2675 1966 ,·
2706 1914 2755 1960 et
2802 1909 3049 1982 primum
3100 1909 3280 1982 aedem
3327 1909 3613 1982 cujusdam
3646 1911 3824 1968 Anna:

462 1983 694 2125 ἴίάιιῧῑ
742 1999 846 2055 quo
901 1983 1014 2038 loco
1069 1982 1550 2053 scevophylacium
1607 1982 1902 2049 exstruxit,

489 2070 590 2109 acu
638 2072 670 2108 α
699 2069 746 2108 e.

489 2069 746 2109 acuuate.

1979 1979 2110 2033 data
2164 1979 2416 2045 mulieri,
2478 1978 2590 2032 loco
2637 1980 2925 2045 mercelis,
2985 1981 3284 2049 sepulturae
3343 1981 3535 2036 eodem
3592 1984 3651 2036 in
3706 1985 3824 2039 loco

467 2178 819 2233 Duodecimo
859 2181 1054 2233 autem
1077 2176 1308 2249 imperii
1341 2193 1494 2233 anno
1514 2175 1885 2231 Justinianue
1907 2179 2048 2230 tem-

2230 2174 2325 2242 Τῷ
2365 2169 2422 2224 δὲ
2453 2168 2744 2244 δωδεκάτῳ
2795 2171 2901 2226 ἔτει
2938 2179 3040 2242 τῆς
3093 2173 3372 2248 βασιλείας
3403 2175 3822 2246 Ἰουστινιανοῦ,

391 2265 560 2340 plum
592 2267 938 2339 praedictum
973 2285 1004 2322 a
1043 2267 1425 2322 Constantino
1476 2267 1684 2338 Magno
1737 2265 1875 2319 olim
1910 2281 2046 2319 con-

392 2360 682 2413 structum
717 2372 752 2411 a
795 2356 1192 2412 fundamentis
1241 2356 1468 2424 evertit,
1518 2356 1767 2426 ejusque
1815 2355 2045 2417 rudera,

393 2459 524 2516 quae
555 2443 626 2499 ob
660 2450 926 2516 paratam
968 2443 1265 2514 ingentem
1314 2444 1570 2498 materiai
1620 2443 1849 2514 copiam
1902 2440 2047 2496 nulli

392 2533 527 2589 usui
559 2533 766 2602 forent,
802 2532 1047 2589 seorsim
1084 2533 1364 2605 reposuit.
1399 2532 1587 2604 Cmpit
1618 2531 1794 2586 etiam
1825 2530 2049 2585 vicinas

391 2622 544 2677 aedes
576 2637 859 2688 coemere,
893 2637 958 2676 ac
993 2620 1179 2692 primo
1202 2619 1468 2675 mulieris
1493 2619 1804 2689 cujusdam
1837 2619 2046 2685 viduae,

389 2710 580 2765 Annae
612 2709 889 2765 nomine:
925 2709 1293 2763 aestimantur
1340 2708 1492 2762 aedes
1546 2707 1731 2778 pretio
1762 2706 2048 2760 librarum

393 2797 694 2868 octoginta
716 2797 1000 2868 quinque.
1035 2798 1298 2865 Cumque
1348 2795 1449 2850 illa
1499 2795 1833 2867 imperatori
1872 2794 2051 2848 nollet

389 2886 738 2953 venderc,ac
768 2886 989 2940 diceret
1022 2903 1034 2940 :
1068 2885 1192 2939 Non
1221 2885 1268 2939 si
1303 2884 1739 2956 quinquaginta
1763 2883 2046 2938 librarum

392 2974 731 3030 centenaria
759 2975 1070 3045 preberes,
1104 2990 1204 3028 eas
1253 2973 1630 3028 concederern
1660 2993 1672 3040 ;
1707 2973 2047 3043 imperator,

394 3062 596 3118 missis
626 3063 1012 3134 optimatibus
1046 3063 1192 3117 bene
1218 3061 1441 3129 multis,
1477 3061 1581 3133 qui
1613 3061 1919 3116 mulierem
1953 3062 2050 3116 ob-

393 3157 712 3218 secrarent,
745 3169 882 3207 cum
917 3151 1063 3206 nihil
1097 3152 1422 3223 proliceret,
1458 3151 1583 3222 ipse
1625 3152 1863 3206 demum
1895 3150 2051 3205 venit

392 3244 451 3296 et
481 3239 790 3296 mulierem
823 3239 1071 3311 supplex
1105 3240 1349 3312 rogavit,
1384 3246 1448 3295 ut
1479 3239 1733 3312 pretium
1778 3256 1879 3310 pro
1911 3239 2048 3294 mdi-

390 3328 504 3384 bus
535 3329 843 3402 acciperet.
876 3333 1022 3384 Tum
1056 3328 1175 3399 illa,
1209 3334 1518 3400 conspecto
1572 3328 1946 3400 imperatore,
1977 3330 2048 3382 ad

390 3418 570 3490 pedes
599 3418 728 3489 ejus
761 3418 1032 3490 procidit,
1065 3417 1322 3488 itemque
1353 3416 1640 3488 supplicis
1673 3433 1832 3472 more
1865 3417 2043 3471 dixit:

390 3506 622 3563 IEdium
657 3506 909 3578 pretium
943 3507 1171 3562 nullum
1196 3508 1300 3561 abs
1323 3511 1378 3561 te
1403 3505 1686 3577 accipiam
1712 3522 1726 3560 :
1761 3521 1902 3577 rogo
1924 3511 2047 3560 tan-
2077 3546 2120 3613 C

389 3598 518 3651 tum
551 3600 616 3650 ut
645 3595 872 3666 templi,
906 3595 1062 3666 quod
1103 3599 1398 3649 exstruere
1444 3611 1616 3666 paras
1667 3609 1772 3666 ego
1813 3611 2045 3666 quoque

391 3685 451 3740 in
484 3684 577 3740 die
599 3685 811 3756 judicii
846 3687 1171 3741 mercedem
1200 3684 1512 3756 accipiam,
1537 3701 1603 3739 ac
1635 3689 1872 3755 propter
1903 3685 2054 3740 uades

392 3789 556 3829 meas
587 3772 860 3845 sepeliar.
895 3773 1216 3843 Imperator
1246 3789 1378 3828 vero
1411 3772 1717 3828 mulierem
1750 3771 1871 3828 illic
1921 3777 2053 3845 post

392 3861 733 3918 absolutum
765 3861 1077 3917 aediﬁcium
1125 3861 1429 3934 sepultura
1452 3862 1781 3917 donandum
1817 3863 2050 3934 pollice-

395 3954 518 4022 tur,
550 3968 615 4008 ac
647 3951 775 4022 ejus
808 3950 1178 4017 memoriam,
1212 3955 1275 4006 ut
1306 3967 1432 4022 quae
1465 3950 1768 4022 proprium
1801 3953 2049 4007 fundum

392 4039 768 4110 concesserit,
804 4044 1086 4112 perpetuo
1107 4039 1654 4096 habendam.Locus
1679 4057 1810 4097 vero
1834 4041 2049 4096 aedium

392 4129 522 4200 ejus
551 4133 640 4184 est
671 4132 861 4185 totum
893 4127 1424 4200 scevophylacium.

2157 2261 2248 2314 τὸν
2281 2262 2684 2335 προειρημένον
2716 2262 2866 2331 ναὸν,
2916 2263 3008 2316 τὸν
3061 2263 3206 2338 παρὰ
3251 2267 3346 2318 τοῦ
3379 2263 3638 2337 Μεγάλου
3670 2267 3824 2322 Κων-

2160 2349 2440 2403 σταντίνου
2487 2351 2805 2419 κτισθέντα,
2877 2351 2936 2405 έκ
2985 2350 3252 2425 θεμελίων
3304 2353 3648 2428 κατέστρεψε.
3712 2357 3824 2423 Τὴν

2161 2434 2218 2491 δὲ
2270 2437 2406 2507 ὕλην
2467 2438 2632 2492 αὐτοῦ
2667 2436 2823 2501 ἰδίως
2894 2439 3140 2494 ἀπέθετο’
3185 2437 3314 2495 οὐδὲ
3361 2443 3464 2517 γὰρ
3497 2442 3684 2517 χρείαν
3719 2444 3822 2498 αὖ·

2157 2532 2256 2594 τῆς
2307 2525 2444 2601 εἶχε,
2479 2523 2567 2580 διὰ
2597 2526 2816 2596 πολλῆν
2869 2530 2956 2582 γαὶ
3012 2527 3231 2604 ἄπειρον
3286 2529 3426 2601 ὕλην
3480 2531 3822 2604 ἧτοιμάσθαι

2159 2615 2394 2689 ’Ἠρξατο
2427 2612 2484 2669 δὲ
2516 2614 2767 2670 ὠνεῖσθαι
2802 2616 3076 2690 οἰκήματα
3119 2623 3228 2672 τῶν
3275 2617 3445 2674 ἐκεῖσε
3495 2619 3818 2675 οἷ’κοῦντων·

2159 2705 2249 2757 καὶ
2279 2709 2497 2777 πρῶτον
2535 2705 2628 2776 μὲν
2682 2707 2860 2780 χήρας
2916 2707 3062 2770 τινὸς
3109 2709 3365 2782 γυναικὸς
3399 2708 3648 2783 ὀνόματι.
3692 2711 3819 2766 Ἀν-

2159 2811 2276 2861 νης·
2329 2793 2740 2866 ἀπετιμήθησαν
2798 2797 3111 2869 νομίσματα
3160 2796 3352 2873 λίτρας
3409 2800 3509 2856 πί.
3572 2798 3818 2868 Ἐκείνης

2162 2878 2218 2934 δὶ
2266 2883 2339 2953 μή
2398 2883 2748 2957 βουλομένης
2803 2881 3153 2955 διαπωλῆσαι
3207 2891 3284 2956 τῷ
3332 2886 3570 2962 βασιλεῖ,
3603 2884 3818 2963 ἔλεγεν,

2161 2970 2244 3024 ὅτι
2302 2972 2483 3046 Μέχρι
2537 2973 2778 3048 χρυσίων
2839 2976 2880 3027 ν’
2927 2977 3249 3050 κεντηνάρια
3301 2974 3387 3030 έαν
3449 2997 3542 3049 μοι
3605 2974 3806 3051 δώσῃς,

2161 3058 2222 3114 οὗ
2282 3057 2442 3114 δώσω
2499 3065 2686 3120 ταῦτα,
2749 3063 2852 3118 Καὶ
2912 3065 2939 3118 6
2994 3062 3250 3139 βασιλεὺς
3306 3070 3414 3118 τῶν
3479 3067 3816 3142 μεγιστάνων

2161 3149 2324 3203 αὐτοῦ
2385 3147 2634 3212 πολλοὺς
2663 3151 2991 3215 ἀποστείλας
3041 3153 3116 3214 εἱς
3167 3153 3367 3208 ἱκεσίαν
3416 3160 3515 3222 τῆς
3565 3156 3813 3230 γυναικὸς

2161 3234 2316 3292 οὐδὲν
2373 3234 2525 3306 ἤνυε.
2598 3241 3046 3314 Παραγενόμενος
3105 3241 3282 3296 τοίνυν
3343 3244 3370 3297 6
3431 3242 3688 3318 βασιλεὺς
3741 3245 3814 3306 εἰς

2161 3327 2364 3380 ἱκεσίαν
2420 3334 2518 3396 τῆς
2575 3330 2849 3403 γυναικὸς,
2911 3327 3088 3385 ἐδέετο
3148 3332 3315 3400 αὐτῆς
3372 3334 3632 3408 περὶτῶν
3667 3332 3818 3404 οἰκη-

2166 3414 2372 3488 μάτων.
2444 3417 2505 3472 ἹΙ
2579 3414 2637 3470 δὲ
2685 3420 2991 3490 θεασαμένη
3059 3420 3151 3474 τὸν
3213 3420 3461 3494 βασιλέα,
3516 3424 3820 3496 προσέπεσε

2161 3509 2278 3565 τοῖς
2336 3503 2494 3557 ποσὶν
2546 3503 2733 3577 αὐτοῦ,
2788 3504 3014 3581 δεομένη
3069 3508 3159 3563 καὶ
3188 3507 3440 3584 λέγουσα,
3493 3509 3577 3564 ὅυι
3637 3512 3815 3584 Τιμήν

2165 3593 2257 3665 μὶν
2315 3592 2414 3646 οὐκ
2462 3592 2667 3670 ὀφείλω
2700 3590 2886 3650 λαϐεῖν
2947 3595 3023 3658 εἷς
3054 3597 3118 3651 τὰ
3150 3597 3446 3670 οἰκηματου
3479 3599 3570 3653 τὸν
3608 3597 3664 3654 δὲ
3687 3599 3816 3653 νυὸν

2162 3682 2220 3736 ’ὀν
2275 3681 2461 3756 βούλει
2511 3681 2714 3752 κτίσαι,
2747 3683 3004 3758 αἰτοῦμαί
3039 3707 3095 3740 σε
3119 3684 3210 3740 ’ίνα
3260 3681 3376 3761 ἔχω
3404 3687 3554 3763 κάγὼ
3588 3686 3638 3742 ἐν
3673 3689 3816 3760 ἡμέ-

2165 3790 2231 3846 ρᾳ
2283 3770 2514 3847 κρίσεως
2546 3773 2761 3844 μισθὸν,
2811 3774 2898 3827 καὶ
2941 3775 3095 3851 ταφῶ
3144 3773 3220 3836 εἷς
3269 3775 3338 3829 τὰ
3367 3775 3649 3849 οἰκηματά
3709 3799 3817 3850 μου

2161 3857 2421 3929 πλησίον.
2477 3861 2536 3917 Ὁ
2595 3859 2652 3915 δὶ
2709 3859 2964 3936 βασιλεὺς
3019 3863 3287 3937 ὑπέσχετο
3349 3865 3518 3933 αὐτὴν
3576 3873 3815 3944 ταφῆναι

2162 3948 2370 4021 ἐκεῖσε,
2433 3949 2566 4022 μετᾶ
2624 3950 2685 4004 τὸ
2742 3951 3101 4022 τελειωθῆναι
3159 3955 3248 4008 τὸν
3310 3954 3478 4024 ναὸν,
3539 3956 3613 4017 ὠς
3672 3953 3816 4011 ἴδιον

2158 4046 2344 4112 κτῆμα
2393 4037 2610 4110 δοῦσαν,
2641 4042 2731 4095 καὶ
2766 4041 3201 4115 μνημονεύεσθαι
3234 4041 3519 4114 διηνεκῶς.
3573 4046 3725 4102 Ἔστι
3760 4046 3819 4102 δὶ

2161 4128 2188 4182 6
2217 4127 2385 4190 τόπος
2415 4132 2522 4182 τῶν
2558 4128 2878 4202 οἰκημάτων
2909 4131 3076 4201 αὐτῆς
3105 4133 3168 4187 τὸ
3196 4131 3623 4211 σκευοφυλάκιον
3659 4135 3815 4194 ὅλον.

393 4285 506 4354 Quo
554 4283 672 4364 loco
715 4284 959 4364 primum
1009 4288 1128 4336 erat
1152 4281 1370 4364 .domus
1414 4279 1674 4364 Antiochi
1727 4281 1969 4364 eunuchi
2033 4289 2086 4336 et
2142 4283 2380 4364 oetiarii,
2427 4300 2580 4364 sacer
2618 4286 3073 4364 puteus,_bma,
3120 4293 3283 4360 atque
3321 4289 3482 4343 ambo
3536 4305 3704 4360 usque
3749 4289 3822 4344 ad

460 4353 725 4432 medium
763 4354 958 4424 templi
1012 4356 1430 4409 construuntur.
1491 4353 1712 4423 Quibus
1767 4353 1984 4408 artibus
2043 4355 2262 4422 cogitur
2313 4353 2948 4426 prae/alus'Antiochus
3003 4353 3074 4413 ad
3151 4353 3526 4415 venditionem
3571 4353 3822 4432 propr-ire

460 4426 676 4482 domus.

457 4557 632 4608 Sacer
660 4556 856 4608 autem
890 4555 1124 4624 puteus,
1151 4555 1216 4607 ut
1237 4553 1765 4621 vocant,totusque
1797 4549 2050 4606 bematis

386 4645 566 4712 atque
609 4640 883 4697 ambonis
933 4641 1098 4695 locus
1149 4655 1338 4710 usque
1387 4641 1456 4695 ad
1511 4639 1770 4693 medium
1820 4637 2046 4709 templi,

384 4731 599 4787 domus
627 4735 752 4786 erat
782 4729 1055 4786 Antiochi
1088 4729 1344 4784 eunuchi
1377 4733 1435 4784 et
1485 4727 1706 4783 ostiarii
1744 4745 1756 4782 :
1788 4728 2044 4782 zestima-

383 4823 562 4892 taque
597 4818 707 4874 fuit
736 4818 980 4891 triginta
1009 4821 1066 4872 et
1096 4823 1223 4873 octo
1273 4817 1462 4872 libris.
1498 4817 1601 4872 Illo
1650 4821 1846 4871 autem
1896 4832 2048 4888 aegre

384 4908 604 4964 ferente
636 4924 751 4963 non
776 4908 943 4978 justo
976 4907 1160 4978 pretio
1193 4907 1428 4962 divendi
1451 4905 2046 4976 domum,imperator

2229 4551 2298 4605 Τὸ
2341 4549 2398 4606 δὲ
2451 4551 2856 4626 ὀνομαζόμενον
2900 4556 3088 4630 ’Ἄγιον
3139 4555 3344 4630 Φρέαρ,
3395 4555 3484 4610 καὶ
3515 4557 3578 4610 τὸ
3629 4567 3817 4620 θυσια-

2159 4641 2384 4713 στήριον
2431 4639 2593 4709 ὅλον,
2640 4643 2728 4698 καὶ
2786 4643 2813 4696 6
2864 4643 3034 4706 τόπος
3082 4648 3180 4699 τοῦ
3227 4640 3507 4716 ἅμϐωνος,
3572 4647 3660 4700 καὶ
3709 4645 3817 4708 ἓως

2155 4735 2254 4796 τῆς
2303 4728 2469 4800 μέσης
2517 4734 2613 4784 τοῦ
2661 4734 2814 4797 ναοῦ,
2867 4731 3113 4808 ὑπῆρχεν
3167 4733 3338 4796 οἶκος.
3396 4734 3692 4808 ’Λντιὸχου
3723 4734 3814 4790 εὖ·

2158 4817 2365 4892 νούχου
2423 4819 2514 4872 καὶ
2571 4819 2874 4894 ὁστιαρίου·
2933 4822 3020 4875 καὶ
3083 4823 3400 4894 ἀπετιμήθη
3455 4820 3650 4896 λίτρας
3700 4823 3811 4892 λη’.

2153 4910 2257 4960 Τοῦ
2317 4904 2374 4960 δέ
2431 4904 2880 4982 δυσχεραίνοντος
2935 4913 3030 4963 τοῦ
3091 4911 3167 4982 μὴ
3228 4910 3427 4983 πράσαι
3499 4911 3666 4980 ἀξίως
3721 4913 3814 4966 τὸν

383 4997 537 5070 aequi
568 5013 777 5054 amans
799 5001 857 5052 et
887 4999 958 5052 ab
989 4995 1209 5067 injuria
1240 4995 1545 5050 inferenda
1575 4993 1826 5060 alienus,
1859 4994 2045 5049 incer-

2161 4993 2291 5048 ἴδιον
2352 4997 2500 5050 οἶκον
2543 5002 2621 5069 τῷ
2678 4998 2918 5072 βασιλεῖ,
2951 4996 3300 5074 φιλοδίκαιος
3358 4996 3430 5054 ὢν
3465 5001 3492 5054 6
3529 4999 3810 5075 βασιλεὺς,

381 5091 481 5144 tus
513 5087 742 5142 consilii
775 5087 916 5157 quid
951 5086 1213 5141 facturus
1256 5089 1411 5141 esset
1434 5085 1741 5155 ignorabat
1774 5101 1786 5139 :
1815 5085 2029 5140 Strate-

383 5177 520 5247 gius
548 5192 688 5231 vero
722 5175 1028 5246 magister,
1071 5173 1433 5244 imperatorii
1485 5173 1672 5228 zerarii
1729 5173 2040 5243 praefectus

381 5264 691 5337 ipsiusque
737 5263 1115 5334 imperatoris
1165 5263 1347 5319 frater
1398 5261 1752 5334 spiritualis,
1808 5278 1927 5317 rem
1977 5279 2039 5318 se

379 5358 503 5408 arte
590 5354 790 5425 aliqua
874 5353 1215 5408 effecturum
1289 5352 1631 5424 imperatori
1706 5351 2034 5423 pollicetur.

379 5441 670 5498 Ostiarius
727 5443 854 5512 jam
924 5449 1288 5497 memoratus
1366 5441 1690 5496 Antiochus
1758 5439 2035 5496 ludorum

377 5531 734 5587 circensium
769 5531 1220 5586 amantissimus
1250 5535 1557 5587 erat.Cum
1595 5530 1793 5602 itaque
1815 5529 2034 5584 circen-

374 5637 472 5678 ses
504 5619 627 5676 ludi
653 5618 1346 5691 imminerent,magister
1367 5620 1695 5690 Strategius
1728 5617 2034 5674 ostiarium

375 5708 642 5769 detrudit
670 5707 730 5763 in
759 5723 1070 5764 carcerem.
1105 5708 1238 5781 Ipso
1289 5711 1488 5765 autem
1518 5709 1794 5764 ludorum
1826 5706 2034 5764 dieille

2151 5085 2350 5156 καὶμὴ
2404 5083 2578 5140 θέλων
2625 5083 2788 5140 αὐτὸν
2840 5085 3120 5158 ἀδικῆσαι,
3163 5087 3367 5161 ἠθύμει
3429 5087 3723 5162 ἀδημονῶν
3757 5091 3808 5143 τί

2150 5173 2390 5243 πράξοι.
2471 5177 2814 5249 Στρατήγιος
2894 5177 3190 5251 μάγιστρος
3249 5174 3325 5231 ὢν
3374 5181 3470 5232 τοῦ
3536 5177 3812 5252 βασιλέως

2148 5259 2610 5340 ἀδελφοποιητὸς,
2642 5262 2731 5317 καὶ
2763 5262 2935 5340 φύλαξ
2983 5265 3087 5334 ξῶν
3131 5265 3432 5341 βασιλικῶν
3469 5266 3804 5341 χρημάτων,

2151 5351 2469 5425 ὑπισχνεῖτο
2501 5355 2578 5422 τῷ
2612 5352 2829 5427 βασιλεῖ
2874 5357 2972 5407 τοῦ
3005 5351 3281 5424 διοικῆσαι
3326 5359 3488 5410 τοῦτο
3523 5353 3612 5410 διά
3661 5377 3811 5418 τινος

2149 5447 2429 5514 μηχανῆς.
2481 5441 2542 5497 Ὀ
2595 5438 2651 5496 δὲ
2700 5442 2886 5518 ῥηθεὶς
2917 5443 3205 5518 Ἀντίοχος
3258 5445 3555 5518 ὀστιάριος,
3610 5442 3808 5520 φιλιπο

2144 5526 2428 5604 πὸδρομος
2462 5529 2558 5601 ὣν,
2611 5531 2840 5586 ἱππικοῦ
2892 5531 3186 5607 ἀγαμένου,
3221 5533 3248 5587 6
3285 5535 3582 5608 μάγιστρος
3630 5540 3806 5608 Στρα-

2141 5619 2332 5689 τήγιος
2382 5621 2654 5694 καθεῖρξεν
2685 5620 2844 5675 αὐτὸν
2906 5620 2958 5674 έν
3017 5625 3086 5694 τῇ
3131 5627 3366 5698 φρουρᾷ.
3395 5624 3478 5696 Τῇ
3507 5619 3564 5676 δὲ
3620 5621 3805 5696 ἡμέρᾳ

2139 5711 2236 5761 τοῦ
2266 5707 2497 5762 ἱππικοῦ
2544 5706 2748 5783 ἤρξατο
2780 5710 2910 5784 βοᾷν
2961 5709 3019 5766 ἐκ
3061 5711 3161 5781 τῆς
3206 5710 3450 5788 εἷ’ρκτῆς.
3505 5711 3796 5783 Θεάσωμαι
