4124 6422
374 458 526 520 1293

1503 457 1868 522 ANONYMI
1911 458 2496 532 ANTIQUITATES
2541 467 2660 528 GP.

3642 477 3798 539 1294

367 591 430 646 τὸ
524 588 944 667 Ἱπποδρόμιον,
1019 592 1108 647 καὶ
1174 591 1241 647 τὸ
1331 590 1550 664 θελημὰ
1598 597 1697 648 τοῦ
1757 590 2018 668 βασιλέως

2141 594 2417 666 ejulando
2485 600 2736 659 clamare
2801 606 2977 676 coepit
3043 623 3113 663 ex
3162 625 3416 682 carcere,
3478 609 3790 668 Circenses

368 681 607 751 ποιήσω.
641 682 884 755 ’Ήγαγον
945 678 1002 735 δὲ
1034 681 1193 736 αὐτὸν
1224 682 1276 737 ἐν
1319 686 1399 753 τῷ
1453 681 1682 756 στάματι
1739 687 1836 737 τοῦ
1885 684 2019 744 κάθ-

372 767 613 842 ίσματος,
669 769 721 824 ἐν
782 771 828 842 ᾦ
877 769 1157 838 ἐκαθέζετο
1207 771 1235 825 ὁ
1289 769 1543 846 βασιλεὺς
1601 770 1654 825 ἐν
1719 777 1800 844 τῷ
1831 776 2018 826 Ἱππο-

369 857 606 935 δρομίῳ,
665 860 756 914 καὶ
814 859 984 914 ἐκεῖσε
1011 857 1235 929 ἐποίησε
1280 861 1382 930 τὴν
1435 857 1741 934 διάπρασιν,
1777 861 2020 937 ὑπογρά-

366 952 564 1022 ψαντος
625 946 797 1003 ἰκεῖσε
850 953 947 1003 τοῦ
1014 949 1362 1024 κοιαίστορος
1414 947 1504 1004 καὶ
1562 957 1663 1019 τῆς
1711 950 2021 1026 συγκλήτου

369 1037 567 1108 πάσης,
620 1038 727 1112 πρὸ
789 1041 888 1092 τοῦ
945 1038 1072 1101 τοὺς
1117 1036 1321 1101 τίππους
1377 1040 1672 1114 γυμνάσαι.
1725 1040 1908 1102 Τύπος
1948 1039 2022 1111 ,δὲ

365 1129 430 1196 ἦν
491 1126 550 1188 ὲκ
611 1124 870 1194 παλαιοῦ,
931 1127 1097 1196 ἡνίκα
1155 1129 1430 1203 ἀνήρχετο
1488 1129 1516 1182 ὁ
1572 1129 1825 1204 βασιλεὺς
1858 1128 1910 1182 ἐν
1939 1133 2019 1200 τῷ

364 1216 674 1289 καθίσματι,
722 1215 991 1291 παρευθὺς
1041 1214 1265 1292 ἔτρεχον
1322 1217 1374 1271 οἱ
1404 1218 1787 1292 ἠνιοχευτικοί
1831 1215 2018 1271 *ίπποιο

365 1302 450 1360 διὸ
492 1303 549 1361 δὲ
572 1303 822 1380 ἤργησαν
884 1305 960 1368 εἰς
1015 1307 1114 1376 τὴν
1175 1311 1372 1378 πρᾶσιν
1430 1311 1541 1362 τῶν
1573 1307 1892 1380 οἰκημάτων
1924 1311 2021 1362 τοῦ

365 1392 654 1469 εὐνούχου,
712 1396 888 1470 ἀργῶς
921 1393 1236 1470 ἐξέρχονται
1273 1396 1342 1450 τὰ
1393 1396 1754 1472 ήνιοχευτικᾶ
1807 1392 2022 1471 ἅρματα

363 1488 471 1541 τῶν
496 1481 707 1542 ἳππων.

2133 690 2413 756 spectem,
2447 693 2503 745 et
2532 707 2637 762 pro
2667 691 3042 765 imperatoris
3073 696 3258 754 lubito
3288 699 3522 756 faciam.
3559 704 3784 758 Ductus

2131 773 2329 846 itaque
2358 778 2428 832 ad
2460 779 2720 836 tribunal
2753 783 3135 855 Hippodromi
3167 803 3284 858 quo
3310 789 3434 844 loco
3464 789 3785 861 imperator

2131 864 2542 930 sedebat,suas
2573 868 2694 925 illic
2725 873 2877 926 aedes
2904 873 3778 941 divendidit,subscribentibus

2131 958 2420 1023 quaestore
2449 973 2515 1012 ac
2546 965 2754 1015 senatu
2792 962 3086 1019 universo.
3120 965 3299 1036 quue
3333 968 3550 1022 factum
3586 968 3779 1039 prius-

2132 1058 2308 1112 quam
2343 1045 2476 1117 equi
2511 1047 2892 1118 agitarentur.
2941 1052 3006 1106 In
3057 1069 3217 1108 more
3249 1059 3444 1110 autem
3477 1057 3589 1111 fuit
3617 1057 3782 1123 olim,

2135 1137 2197 1186 ut
2228 1133 2426 1190 statim
2457 1140 2633 1207 atque
2662 1137 2987 1210 imperator
3016 1142 3087 1196 ad
3129 1143 3389 1198 tribunal
3419 1146 3783 1214 ascenderat,

2133 1221 2346 1292 aurigas
2396 1239 2683 1294 equorum
2745 1245 2987 1285 cursum
3053 1230 3397 1302 inciperent.
3463 1233 3610 1297 Quia
3656 1251 3789 1291 vero

2133 1313 2282 1378 tum,
2316 1315 2380 1366 ut
2431 1314 2690 1370 eunuchi
2740 1317 2894 1373 aedes
2939 1320 3441 1390 venundarcntur,
3490 1328 3788 1379 cessatum

2133 1403 2241 1468 est,
2273 1399 2412 1455 hinc
2443 1405 2810 1460 consuetudo
2859 1406 3118 1463 obtinuit
3143 1413 3208 1463 ut
3254 1409 3314 1464 in
3358 1408 3517 1466 ludis
3565 1411 3789 1467 circen-

2134 1487 2320 1556 sibus,
2355 1493 2608 1562 egressis
2639 1494 2832 1564 equis,
2865 1511 3073 1552 currus
3103 1496 3414 1568 paululum
3445 1515 3620 1556 moras
3641 1500 3793 1557 {ace-

2135 1581 2285 1633 rent.

365 1707 504 1780 Pars
532 1704 764 1780 dextera
793 1703 1214 1780 gynaeconitidis
1243 1719 1418 1776 usque
1443 1702 1513 1759 ad
1541 1705 1857 1759 columnam
1886 1703 1942 1758 S.
1987 1703 2208 1780 Basilii,
2261 1719 2475 1780 necnou
2515 1722 2646 1776 pars
2695 1707 2897 1778 templi
2943 1710 3218 1780 quadam,
3269 1711 3460 1768 domus
3488 1719 3607 1770 erat
3639 1715 3786 1773 Cha-

434 1778 635 1852 ritonis
677 1775 917 1852 eunuchi
961 1777 1237 1852 :sinistra
1283 1775 1412 1852 vero
1459 1792 1811 1852 mnusque
1855 1780 1926 1830 att
1967 1777 2282 1852 columnam
2329 1775 2402 1852 S_.A
2438 1775 2707 1852 Gregorii
2738 1775 3151 1852 'l'haumaturgi,
3202 1784 3402 1838 domus
3447 1794 3567 1848 erat
3613 1789 3786 1843 Xeno-

433 1849 652 1920 phontis
697 1849 989 1918 cujusdam
1031 1851 1154 1904 arte
1199 1849 1405 1903 sutoris
1457 1864 1470 1903 :

1523 1849 1622 1929 qui
1671 1849 1978 1929 inferorum
2027 1849 2292 1929 princeps
2344 1847 2630 1929 dicebatur
2675 1850 2806 1905 dum
2848 1853 2917 1929 ab
2945 1847 3160 1929 aurigis
3187 1855 3516 1911 adoraretur
3545 1859 3605 1912 in
3651 1861 3790 1929 Hip-

433 1919 715 2003 podromo.
751 1920 954 2003 Templi
981 1937 1139 1988 area,
1169 1924 1412 1990 quatuor
1441 1921 1743 1990 nartheces,
1772 1920 2161 1991 baptisterium
2193 1935 2256 1973 ac
2287 1919 2499 1990 reliqua
2547 1923 2940 1994 circumposita
2969 1919 3109 1981 mdes
3155 1935 3318 1982 erant
3367 1929 3629 1984 Damiam’
3671 1919 3784 2003 pa.-

433 1994 583 2048 tricii
602 1992 888 2049 Seleucia.

434 2107 512 2164 Τὸ
571 2105 630 2162 δὶ
685 2104 856 2177 δεξιὸν
887 2107 1052 2182 μέρος
1078 2105 1207 2162 ὅλον
1239 2110 1334 2160 τοῦ
1356 2104 1748 2180 γυναικωνίτου
1777 2102 1880 2168 ἓως
1907 2105 2007 2160 τοῦ

2192 2106 2432 2163 Dextera
2463 2125 2599 2180 pars
2630 2110 3073 2182 gynaeconitidis
3099 2115 3221 2168 tota
3252 2131 3443 2186 usque
3467 2117 3534 2170 ad
3563 2116 3787 2172 colum-

359 2196 546 2258 κίονος
588 2193 686 2250 τοῦ
743 2195 898 2270 ἁγίου
947 2193 1260 2262 Βασιλείου,
1315 2195 1404 2250 καὶ
1438 2195 1497 2250 ἐκ
1523 2199 1621 2250 τοῦ
1670 2199 1801 2250 ναοῦ
1855 2195 2018 2270 μέρος

363 2307 438 2354 τι,
495 2282 746 2360 ὑπῆρχον
798 2283 1074 2359 οἰκήματα
1127 2284 1432 2354 Χαρίτωνος
1474 2283 1740 2360 εὐνούχου
1769 2289 1866 2338 τοῦ
1898 2283 2016 2338 ἐπί-

360 2373 500 2444 κλην
563 2371 945 2444 Χηνοπώλου,
1000 2372 1033 2428 ἃ
1075 2375 1164 2428 καὶ
1223 2373 1568 2445 ἐξωνήθησαν
1632 2375 1748 2447 μετ’
1793 2374 2014 2450 εὑχαρι-

359 2463 529 2526 στίας.
601 2463 677 2520 Τὸ
750 2460 808 2518 δὲ
887 2463 1166 2539 ἀριστερὸν
1242 2463 1407 2540 μέρος
1460 2467 1558 2518 τοῦ
1619 2463 2015 2537 γυναικωνίτου

355 2549 460 2616 ἕως
534 2557 633 2609 τοῦ
685 2551 868 2614 κίονος
926 2557 1024 2607 τοῦ
1081 2551 1236 2628 ἁγίου
1296 2551 1603 2628 Γρηγορίου
1651 2556 1748 2608 τοῦ
1805 2559 2018 2624 Θαυμα-

357 2646 613 2719 τουργοῦ,
686 2642 940 2716 ὑπῆρχον
1002 2641 1278 2716 οἰκήματα
1334 2642 1693 2717 Ξενοφῶντός
1749 2661 1893 2705 τινος
1945 2646 2014 2716 τῇ

333 2735 527 2808 ,τέχνῃ
607 2729 1064 2808 βασιλισκαρίουο
1147 2732 1206 2794 ὃς
1281 2729 1454 2788 Θὲλων
1528 2729 1895 2802 ἆξωνήσασϐαι
1950 2733 2017 2786 τά

362 2821 640 2895 οἷ’κήματα
695 2821 896 2890 αὐτοῦ,
946 2820 1191 2894 ᾐτήσατο
1243 2823 1332 2875 τὸν
1399 2818 1648 2898 βασιλέα,
1709 2822 1785 2892 μὴ
1847 2819 2012 2894 μόνον

359 2910 578 2984 τίμημα
648 2907 876 2966 διπλοῦν
951 2904 1139 2964 λαϐεῖν
1218 2909 1294 2970 εἰς
1367 2909 1462 2971 τὰς
1539 2908 1741 2979 σκηνὰς
1827 2908 2012 2964 αὐτοῦ’

365 2998 490 3054 ἀλλ’
539 2997 631 3053 ’ίνα
686 3000 895 3072 ποιήσῃ
949 3002 1137 3052 τοῦτον
1195 2995 1246 3052 ἐν
1296 3001 1378 3070 τῷ
1409 2998 1665 3072 ἀγομένῳ
1697 2997 1927 3070 ἱππικῳ,
1960 2997 2013 3052 ἐν

367 3090 404 3162 ᾗ
462 3087 835 3153 ἐπιτελεῖται,
912 3088 1169 3159 τιμᾶσθαι
1241 3085 1333 3140 καὶ
1398 3092 1810 3160 προσκυνεῖσθαι
1869 3086 2016 3160 παρά

363 3183 473 3233 τῶν
527 3178 804 3252 τεσσάρων
865 3175 1136 3251 ἡνιόχων.
1194 3179 1298 3229 Τοῦ
1358 3171 1415 3230 δὲ
1477 3172 1744 3250 βασιλέως
1773 3175 2015 3250 προστά-

361 3270 518 3341 ξαντο
573 3271 758 3332 τοῦτο,
804 3267 941 3342 πρὸς
987 3265 1202 3340 γέλωτα
1259 3263 1554 3334 πεποίηκεν
1613 3263 1691 3326 εἷς
1738 3265 1800 3319 τὸ
1833 3262 2012 3335 διηνεο

359 3357 472 3428 κὶς,
525 3353 618 3410 ’ίνα
673 3355 899 3428 τυπωθῇ
959 3353 1037 3416 εἷς
1092 3354 1184 3408 τὸν
1246 3352 1326 3407 ἀεὶ
1360 3353 1584 3428 χρόνον,
1647 3352 1700 3407 ἐν
1729 3357 1796 3427 τῇ
1831 3352 2014 3429 ἡμέρᾳ

358 3449 456 3500 τοῦ
527 3445 796 3520 ἀγομένου
867 3444 1096 3499 ἱππικοῦ
1171 3440 1485 3510 καθέζεσθαι
1536 3445 1729 3496 τοῦτον
1786 3440 1836 3496 ἐν
1897 3446 2012 3504 τοῖς
2045 3477 2088 3543 C

359 3532 692 3610 καγκέλλοις
755 3534 949 3607 μὲσον,
1007 3532 1095 3588 καὶ
1155 3530 1222 3586 τὰ
1279 3531 1500 3596 ὀπίσθια
1551 3530 1716 3586 αὑτοῦ
1771 3552 2008 3606 προσκυ-

358 3625 566 3678 νεῖσθαι
617 3623 765 3697 παρὰ
819 3625 928 3676 τῶν
983 3622 1232 3697 ἡνιόχων
1293 3621 1430 3697 πρὸς
1475 3619 1710 3695 γέλωτα,
1771 3622 1876 3694 πρὸ
1915 3623 2012 3674 τοῦ

363 3707 626 3782 ἀναϐῆναι
704 3710 901 3773 αὐτοὺς
978 3710 1066 3765 ἐπὶ
1141 3715 1251 3765 τῶν
1327 3711 1609 3786 ἁρμάτων.
1689 3710 1792 3764 Καὶ
1851 3713 2011 3763 τοῦτο

364 3799 615 3878 διήρκεσε
649 3803 816 3874 μέχρι
845 3805 944 3868 τῆς
977 3801 1042 3869 σή
1054 3819 1240 3875 μερον.
1272 3801 1371 3860 "Oc
1400 3795 1646 3852 καλεῖται
1688 3796 1873 3872 ἅρχων
1904 3801 2012 3851 τῶν

360 3889 762 3967 καταχθονίωυ’
817 3887 1170 3966 ἀμφιέννυται
1223 3885 1279 3942 δὲ
1328 3885 1593 3963 χλαμύδα
1625 3885 1826 3955 λευκὴν
1879 3887 2014 3959 μετὰ

369 3979 568 4055 βύσσου
597 3978 1004 4056 ἠμφιεσμένην.
1036 3978 1106 4031 Τὸ
1140 3974 1197 4032 δὲ
1226 3973 1480 4031 ἰπίπεδον
1507 3979 1603 4032 τοῦ
1646 3979 1772 4029 ναοῦ
1818 3975 1908 4029 καὶ
1959 3976 2012 4029 οἱ

361 4069 615 4144 τεσσαρες
637 4068 927 4140 νάρθηκες,
957 4067 1048 4122 καὶ
1095 4068 1122 4121 ὁ
1155 4065 1383 4142 λουτὴρ,
1415 4064 1504 4120 καὶ
1530 4064 1598 4119 τὰ
1627 4064 1780 4140 περὶξ
1809 4063 2010 4132 αὐτῶν,

2130 2213 2269 2251 nam
2300 2198 2489 2253 sancti
2517 2199 2741 2268 Basilii,
2773 2217 3000 2256 necnon
3053 2219 3190 2273 pars
3239 2204 3444 2274 templi
3489 2207 3784 2277 quadam,

2128 2288 2280 2342 aedes
2312 2293 2478 2343 erant
2501 2288 2835 2345 Charitonis
2864 2291 3146 2357 eunuchi,
3195 2294 3543 2365 cognomine
3565 2297 3785 2353 Cheno-

2127 2375 2266 2447 poli,
2300 2392 2427 2448 quae
2459 2377 2614 2434 bona
2643 2395 2778 2434 cum
2823 2380 3013 2450 gratia
3060 2381 3306 2437 vendita:
3341 2388 3501 2440 sunt.
3535 2384 3787 2442 Sinistra

2124 2480 2259 2519 vero
2283 2481 2418 2535 pars
2441 2467 2909 2538 gynaeconitidis,
2929 2485 3115 2540 usque
3138 2471 3208 2525 ad
3233 2470 3572 2529 columnam
3595 2475 3784 2548 sancti

2126 2553 2386 2625 Gregorii
2438 2554 2886 2628 Thaumaturgi,
2941 2559 3097 2614 :cdes
3158 2565 3326 2615 erant
3374 2560 3782 2634 Xenophontis

2125 2642 2433 2712 cujusdam
2469 2647 2592 2698 arte
2624 2645 2860 2701 sutOris.
2897 2647 2950 2701 Is
2981 2664 3109 2702 cum
3145 2649 3297 2705 edes
3317 2666 3532 2706 venum
3559 2657 3783 2722 prosta-

2125 2734 2273 2800 rent,
2309 2731 2381 2786 ab
2413 2732 2768 2804 imperatore
2799 2752 2911 2790 non
2945 2736 3163 2808 duplex
3195 2739 3370 2793 modo
3401 2740 3652 2811 pretium
3677 2758 3781 2813 pro

2122 2819 2222 2874 vili
2255 2836 2391 2875 casa
2439 2821 2777 2891 postulavit,
2809 2824 2909 2879 sed
2963 2824 3142 2880 etiam
3189 2827 3413 2899 rogavit
3442 2832 3508 2883 ut
3537 2829 3634 2884 die
3664 2830 3777 2884 cir-

2124 2908 2390 2963 censium
2423 2915 2672 2979 quatuor
2711 2911 3030 2967 factionum
3084 2915 3298 2987 aurigas
3332 2933 3393 2972 se
3425 2917 3782 2974 honorarent

2123 3000 2180 3052 et
2210 3003 2647 3054 venerarentur.
2680 3000 2840 3064 Quod
2875 3018 3008 3056 cum
3043 3002 3362 3074 imperator
3412 3007 3676 3077 praestari
3707 3009 3781 3063 ad

2124 3086 2309 3140 risum
2362 3089 2757 3157 spectantium
2800 3090 3100 3160 jussisset,
3149 3093 3406 3149 decrevit
3471 3096 3649 3151 etiam
3720 3099 3784 3151 ut

2123 3175 2180 3229 in
2232 3180 2583 3246 perpetuum
2629 3176 2992 3233 circensibus
3045 3180 3201 3235 ludis
3264 3181 3314 3236 is
3359 3181 3417 3237 in
3497 3184 3781 3240 cancellis

2123 3264 2353 3318 medius
2387 3265 2634 3335 sederet,
2668 3266 2916 3338 ejusque
2945 3271 3109 3339 terga
3130 3269 3202 3324 ab
3219 3270 3439 3341 aurigis
3458 3275 3777 3344 antequam

2123 3369 2332 3408 currus
2364 3356 2823 3410 conscenderent
2853 3357 2921 3410 ad
2959 3357 3146 3411 risum
3198 3363 3255 3413 et
3287 3359 3611 3415 ludibrium
3638 3363 3779 3418 ado-

2124 3447 2430 3498 rarentur:
2466 3445 2622 3515 quod
2673 3445 2744 3500 ad
2797 3444 2956 3501 hunc
2999 3463 3188 3518 usque
3238 3448 3393 3504 diem
3444 3449 3777 3506 factitatum

2123 3536 2232 3586 est.
2266 3530 2367 3587 Ille
2399 3549 2532 3588 vero
2563 3537 2802 3589 vocatur
2830 3535 3153 3590 inferorum
3186 3537 3481 3609 princeps.
3506 3538 3778 3594 Induitur

2123 3626 2319 3677 autem
2375 3621 2681 3694 chlamyde
2734 3623 2985 3678 candida
3034 3624 3210 3697 bysso
3261 3625 3499 3684 intexta.
3552 3627 3777 3699 Templi

2125 3727 2258 3766 vero
2307 3728 2462 3780 area,
2514 3718 2571 3766 et
2612 3720 2862 3783 quatuor
2906 3713 3210 3770 nartheces
3258 3730 3361 3770 seu
3412 3715 3674 3787 porticus
3707 3734 3774 3773 ac

2123 3800 2538 3871 baptisterium
2595 3806 2654 3856 et
2719 3819 2844 3873 quas
2911 3803 3331 3874 circumposita
3393 3810 3553 3872 sunt,
3624 3806 3778 3863 aedes

2123 3892 2290 3944 erant
2321 3888 2591 3943 Damiani
2632 3890 2860 3961 patricii
2912 3890 3211 3963 Seleucia},
3263 3909 3411 3963 quas
3458 3893 3778 3966 nonaginta

2122 3976 2290 4033 libris
2338 3977 2659 4034 aestimatas
2723 3980 2946 4051 ingenti
2999 3981 3214 4051 gaudio
3271 3982 3610 4053 imperatori
3659 3987 3780 4038 tra-

2125 4066 2294 4122 didit.

366 4158 618 4233 ὑπῆρχον
651 4157 927 4230 οἰκήματα
958 4160 1234 4229 Δαμιανοῦ
1263 4154 1550 4231 πατρικίου
1584 4152 1897 4216 Σελευκίας·
1931 4154 2066 4230 ἅπερ
2100 4153 2413 4227 ἀπετιμήθη
2450 4151 2638 4227 λίτρας
2664 4153 2733 4231 ις,
2765 4155 2855 4209 καὶ
2891 4157 3027 4228 μετὰ
3068 4153 3290 4226 πολλῆς
3335 4156 3662 4234 περιχαρίας
3704 4155 3781 4213 δία

365 4241 507 4300 δωκε
533 4249 701 4300 ταῦτα
727 4245 808 4316 τῷ
840 4240 1075 4319 βασιλεῖ.

365 4391 541 4447 Tralli
568 4389 951 4460 fundamenta
977 4405 1148 4458 supra
1202 4395 1416 4459 petram
1446 4387 1818 4461 Stephaneam
1839 4385 2492 4461 jaciuntureEulg/chius
2521 4385 2840 4457 patriarcha
2868 4404 2968 4458 pro
3023 4388 3269 4446 ecclesiae
3297 4393 3575 4444 structura
3602 4406 3791 4461 preces

430 4463 640 4538 fundit.
673 4463 997 4538 Orator-ium
1025 4461 1322 4515 rotundum
1348 4475 1519 4538 prape
1547 4460 1902 4538 horologium
1929 4460 2132 4538 Joaani
2160 4460 2424 4538 Baptistae
2449 4474 2691 4538 sacrum,
2722 4475 2932 4538 necnon
2977 4463 3221 4530 porticus
3268 4479 3304 4516 a
3350 4477 3550 4538 magno
3579 4462 3790 4538 palatio

435 4530 507 4589 ad
534 4533 708 4591 aedem
756 4533 1094 4604 Saphianam
1143 4547 1311 4602 usque
1350 4530 1719 4603 pertingentes
1747 4530 2148 4585 exstruuntur.
2200 4531 2460 4600 Magistri
2500 4530 2793 4586 architecti
2842 4543 3083 4598 centum,
3129 4549 3305 4604 operae
3352 4530 3533 4590 decem
3579 4530 3790 4589 millia.

439 4607 780 4663 Omentum
810 4610 872 4660 ut
902 4604 1210 4660 subactum.

435 4723 498 4778 Ὁ
548 4718 605 4775 δὲ
661 4718 915 4794 βασιλεὺς
968 4718 1344 4778 Ἰουστινιανὸς
1396 4717 1487 4771 τὸν
1546 4716 1715 4771 τόπον
1774 4736 2012 4788 καταμε-

2195 4718 2413 4772 Locum
2479 4717 2788 4773 dimensus
2849 4719 3170 4790 imperator
3211 4719 3608 4787 Justinianus,
3660 4735 3796 4774 cum

364 4812 592 4886 τρήσας,
659 4810 751 4864 καὶ
820 4808 991 4883 εὑρὼν
1053 4805 1341 4882 πεφανέαν
1398 4807 1596 4882 πέτραν
1658 4805 1764 4860 ἀπό
1817 4826 1873 4859 τε
1926 4809 2023 4860 τοῦ

367 4897 757 4974 θυσιαστηρίου
805 4896 895 4952 καί
955 4899 1122 4973 μέχρι
1178 4904 1278 4966 τῆς
1337 4894 1486 4950 κάτω
1545 4893 1776 4969 ἀψίδος,
1837 4893 2024 4964 ἰθεμε-

369 4985 565 5041 λίωσεν
612 4987 779 5055 αὐτὴν
832 4984 1074 5060 γύρωθεν
1105 4985 1174 5041 τά
1215 4985 1388 5060 βάθρα
1412 4987 1508 5039 τοῦ
1541 4981 1786 5056 μεγάλου
1815 4979 2026 5057 Τρούλ-

369 5073 492 5132 λου.
525 5075 664 5130 Ἀπὸ
696 5072 754 5130 δὲ
788 5079 898 5129 τῶν
943 5072 1156 5148 ἀψίδων
1210 5075 1378 5148 μέχρι
1427 5076 1523 5127 τοῦ
1581 5071 1850 5142 ἐξωτάτου
1897 5071 2025 5144 νάρ-

369 5176 559 5238 θηκος,
611 5164 688 5228 εἷς
717 5165 808 5220 τὸν
839 5167 1041 5240 χαῦνον
1085 5163 1175 5218 καὶ
1225 5159 1450 5232 ἀλσώδη
1512 5161 1681 5217 κόπον
1733 5158 2027 5232 ἐθεμελίω-

368 5273 480 5311 σεν.
543 5252 872 5329 Ἀρξάμενος
923 5251 981 5307 δὶ
1020 5252 1087 5307 τὰ
1129 5251 1358 5326 θεμέλια
1406 5250 1628 5322 κτίζειν,
1687 5248 2022 5320 προσεκαλὲ-

369 5363 498 5398 σατο
532 5343 804 5418 Εὐτύχιον
837 5341 1207 5418 πατριάρχην,
1257 5341 1346 5395 καὶ
1405 5341 1656 5411 ἐποίησεν
1704 5339 1873 5414 εύχήν
1903 5337 2025 5412 περὶ

371 5430 676 5495 συστάσεως
722 5438 822 5501 τῆς
871 5429 1190 5500 ἐκκλησίας.
1251 5428 1387 5487 Τότε
1420 5430 1447 5483 ὁ
1482 5427 1738 5504 βασιλεὺς
1798 5428 2025 5481 Ἰουστι-

369 5522 550 5583 νιανὸς
600 5521 774 5595 κύψας
803 5519 895 5574 καὶ
954 5518 1182 5580 οἰκείαις
1243 5518 1430 5592 χερσὶν
1460 5511 1716 5571 ἄσϐεστον
1753 5515 1885 5589 μετᾶ
1931 5517 2028 5568 τοῦ

373 5611 688 5686 ὀστράκου,
765 5609 1103 5686 εὐχαριστῶν
1163 5613 1242 5679 τῷ
1311 5611 1478 5678 Θεῷ,
1554 5601 1744 5660 ἔϐαλεν
1815 5605 1900 5659 ἐπὶ
1965 5607 2026 5661 τὸ

372 5699 624 5773 θεμέλιον
684 5700 791 5772 πρὸ
849 5701 1060 5754 πάντων
1093 5721 1105 5735 ο
1167 5698 1280 5774 Πρὸ
1331 5700 1429 5751 τοῦ
1488 5693 1546 5751 δὲ
1596 5695 1848 5770 ἄρξασθαι
1906 5697 2029 5750 κτί-

379 5793 486 5860 ζειν
560 5790 652 5847 τὸν
730 5789 877 5860 ναὸν,
954 5787 1271 5866 προέκτισεν
1337 5786 1621 5864 εὑκτήριον
1680 5784 2025 5866 χρυσόροφον

2136 4810 2362 4878 petram
2410 4806 2806 4878 Stephaneam
2854 4825 2888 4863 a
2937 4809 3164 4863 bemate
3225 4809 3298 4863 ad
3371 4809 3552 4863 imam
3606 4824 3796 4879 usque

2136 4895 2403 4965 apsidem
2436 4896 2772 4967 reperisset,
2807 4897 3051 4966 majoris
3080 4895 3261 4951 Trulli
3294 4912 3472 4968 super
3502 4912 3627 4952 eam
3663 4896 3795 4952 fun-

2135 4984 2408 5039 damenta
2430 4984 2595 5055 jecit.
2629 4984 2716 5038 Ab
2750 4985 2954 5056 apside
2975 5001 3110 5040 vero
3135 4986 3206 5040 ad
3228 4985 3574 5040 exteriorem
3610 5001 3798 5054 usque

2135 5073 2498 5143 narthecem,
2545 5073 2604 5129 in
2656 5073 2781 5129 solo
2835 5073 3082 5145 palustri
3131 5078 3189 5130 et
3238 5072 3451 5130 limoso
3503 5074 3796 5130 fundavit.

2138 5162 2612 5218 Fundamentum
2655 5166 2849 5218 autem
2899 5179 3238 5235 aggressus,
3291 5162 3645 5235 Eutychium
3695 5179 3802 5234 pa-

2135 5250 2452 5307 triarcham
2485 5251 2814 5322 evocat,qui
2845 5270 2946 5324 pro
2977 5252 3238 5308 ecclesiae
3270 5255 3572 5308 structura
3603 5267 3806 5322 preces

2135 5340 2428 5396 funderet.
2464 5343 2614 5396 Tum
2647 5341 2970 5413 imperator
3002 5342 3129 5397 suis
3161 5343 3288 5412 ipse
3343 5339 3621 5397 manibus
3671 5356 3808 5396 cum

2137 5433 2290 5484 testa
2318 5434 2670 5486 caementum
2703 5430 2999 5502 accipiens
3031 5431 3264 5501 Deoque
3323 5430 3548 5501 gratias
3599 5445 3806 5502 agens,

2138 5517 2193 5572 id
2241 5517 2466 5590 primus
2517 5518 2778 5574 omnium
2832 5519 2891 5574 in
2941 5520 3389 5575 fundamentum
3435 5519 3601 5590 jecit.
3652 5520 3800 5572 Ante

2138 5613 2390 5679 emptam
2423 5624 2556 5663 vero
2589 5608 2791 5680 templi
2823 5614 3208 5672 structuram,
3233 5607 3555 5662 oratorium
3588 5613 3790 5661 rotun-

2140 5697 2281 5752 dum
2315 5713 2489 5752 aureo
2521 5697 2742 5752 fornice
2772 5698 3155 5764 instructum,
3179 5697 3412 5768 egregio
3435 5696 3809 5765 circumqua-

2140 5802 2254 5858 que
2284 5785 2623 5860 lapillorum
2653 5791 2887 5860 ornatu,
2918 5787 3169 5844 Joannis
3219 5784 3605 5842 Prmcursoris
3636 5798 3805 5839 voca-
