4124 6430
355 471 381 526 1
392 467 508 527 Ξθό

1311 462 1711 525 APPE‘NDIX
1756 462 1864 522 AD
1909 457 2370 521 MICHAELEM
2412 456 2803 523 PSELLUM.

3615 459 3771 521 1296

349 605 546 658 catum
607 615 785 673 prope
841 599 1211 672 horologium
1291 598 1585 663 excitavit,
1661 595 1994 668 quod‘jam

2118 590 2447 667 περικαλλὲς
2491 590 2756 648 κυκλικὸν
2828 593 2962 666 μετὰ
3020 593 3188 650 λίθων
3241 590 3588 666 πολυτίμων,
3638 589 3772 665 ὅπερ

349 689 766 762 baptisterium
826 693 1246 760 nuncupatur;
1321 688 1581 758 itemque
1629 685 1768 740 huic
1811 683 2002 738 vicina

352 780 634 836 Metatorii
665 779 929 844 aediﬁcia,
959 779 1055 832 ubi
1089 794 1222 833 cum
1258 777 1593 846 proceribus
1633 775 1755 829 suis
1804 790 2001 828 mane-

351 875 459 938 ret,
494 875 547 922 et
579 885 729 939 saepe
760 869 956 922 cibum
982 871 1260 921 sumeret.
1283 866 1445 920 Tunc
1463 881 1694 935 quoque
1718 865 1998 934 porticum

351 963 560 1022 totam,
595 974 711 1028 qua
746 957 1033 1010 transitus
1068 974 1101 1010 a
1134 972 1345 1027 magno
1377 954 1594 1026 palatio
1627 954 1696 1006 ad
1730 952 1999 1022 Magnam

351 1047 656 1103 ecclesiam
717 1047 899 1108 ﬁeret,
961 1045 1306 1108 aediﬁcavit;
1369 1049 1432 1098 ut
1489 1041 1751 1113 quotidie
1802 1040 2002 1111 templi

354 1142 712 1192 structuram
765 1135 968 1189 adiens
1001 1151 1033 1187 a
1065 1133 1294 1188 nemine
1328 1133 1782 1203 conspiceretur.
1825 1131 2005 1185 Erant

353 1242 526 1298 porro
559 1225 829 1296 magistri
863 1223 1162 1278 architecti
1190 1227 1448 1287 centum,
1475 1236 1727 1291 quorum
1752 1218 2002 1291 singulis

355 1319 612 1369 centenae
633 1328 821 1384 operae
844 1313 1107 1380 aderant,
1143 1311 1224 1365 ita
1265 1316 1331 1364 ut
1365 1311 1568 1365 decem
1602 1307 1857 1362 millium
1890 1323 2004 1360 nu-

353 1419 582 1458 merum
615 1401 935 1474 explerent.
969 1400 1038 1454 Et
1079 1398 1516 1472 quinquaginta
1545 1397 1782 1468 quidem
1818 1394 2002 1465 magi-

353 1491 461 1547 stri
491 1507 626 1546 cum
657 1492 872 1546 turmis
913 1489 1038 1543 suis
1067 1489 1336 1543 dextrum
1389 1486 1550 1542 latus
1597 1485 2002 1551 aediﬁcabant;

355 1580 786 1652 quinquaginta
816 1577 912 1632 alii
945 1577 1064 1647 pari
1099 1577 1270 1632 modo
1293 1575 1626 1642 sinistrum,
1659 1591 1773 1645 quo
1797 1572 2008 1628 aemula

356 1670 612 1741 quadam
668 1665 970 1738 diligentia
1027 1666 1202 1720 citius
1271 1663 1587 1720 aedificium
1647 1666 2001 1733 assurgeret.

355 1757 584 1830 Templi
615 1757 864 1834 ﬁguram
898 1754 1384 1825 angelusDomini
1409 1753 1468 1806 in
1495 1751 1722 1807 somnis
1752 1751 2005 1822 impera-

355 1847 466 1903 tori
500 1847 854 1902 ostenderat.
913 1845 1189 1914 Princeps
1246 1848 1446 1897 autem
1497 1841 1852 1896 architectus
1894 1857 2008 1895 me-

2112 679 2365 754 ὥνόμασε
2427 685 2524 736 τοῦ
2565 681 2718 755 άγίσυ
2765 681 3020 737 Ἰωάννου
3075 687 3174 738 τοῦ
3226 679 3575 756 Προδρόμουο
3636 679 3768 755 ὅπερ

2111 769 2222 824 ἐστὶ
2273 769 2506 840 πλησίον
2539 775 2636 825 τοῦ
2686 769 3041 847 Ὠρολογίου,
3099 773 3162 827 τὸ
3191 770 3531 845 καλούμενον
3564 773 3772 827 Βαπτι-

2111 861 2356 933 στήριον,
2399 859 2490 914 καὶ
2547 861 2613 914 τά
2655 857 3035 930 πλησιάσαντᾶ
3093 862 3187 915 τοῦ
3248 859 3617 936 Μιτατωρίου·
3673 857 3768 912 ’ίνα

2110 947 2281 1002 ἐκεῖσε
2331 947 2615 1021 παραμένη
2683 949 2817 1022 μετὰ
2873 955 2976 1003 τῶν
3029 952 3312 1026 ἀρχόντων
3367 948 3566 1019 αὐτοῦ,
3623 946 3768 1003 πολ-

2117 1036 2270 1098 λάκις
2320 1034 2377 1091 δὲ
2426 1037 2600 1108 ἐσθίη.
2651 1038 2783 1093 Τότε
2827 1038 2929 1114 γὰρ
2979 1039 3069 1093 καὶ
3117 1045 3183 1094 τὰ
3216 1033 3501 1093 διαϐατικᾶ
3531 1038 3636 1092 ἀπὸ
3667 1042 3766 1091 τοῦ

2117 1124 2361 1202 μεγάλου
2421 1125 2694 1181 Παλατίου
2767 1129 2932 1203 μέχρι
2991 1135 3093 1197 τῆς
3152 1127 3421 1203 Μεγάλης
3472 1124 3768 1196 ἐκκλησίας

2113 1213 2357 1285 ἔκτισεν,
2412 1214 2504 1270 ἵνα
2563 1213 2929 1292 διερχόμενος
2989 1217 3347 1287 κατεκάστην,
3410 1218 3486 1288 μὴ
3549 1216 3769 1291 ὁρᾶσθαι

2113 1305 2260 1378 παρά
2315 1325 2483 1377 τινος,
2539 1304 2615 1367 είς
2646 1307 2709 1360 τὸ
2765 1306 3124 1382 παρίστασθαι
3185 1305 3236 1360 ἐν
3262 1309 3332 1379 τῇ
3365 1302 3641 1379 οῗκοδομῇ
3670 1309 3767 1360 τοῦ

2112 1398 2268 1451 ναοῦ.
2318 1395 2596 1469 Ὑπηρχον
2659 1391 2716 1449 δὲ
2776 1393 3068 1470 μαΐστορες
3131 1395 3347 1463 ἑκατὸν,
3375 1389 3599 1470 ἔχοντες
3654 1391 3776 1449 ἕκα-

2114 1504 2239 1545 στος
2270 1482 2446 1538 αὐτῶν
2493 1483 2592 1538 ἀνὰ
2643 1484 2834 1539 δκατὸν
2866 1482 3098 1560 ἀνδρῶν,
3146 1484 3454 1559 γινομένων
3494 1480 3768 1559 χιλιάδων

2115 1569 2261 1627 δέκα.
2317 1571 2412 1626 Καὶ
2462 1574 2514 1626 οῖ
2575 1574 2669 1645 μὲν
2728 1575 3068 1643 πεντήκοντα
3135 1572 3425 1648 μα’ίστορες
3481 1574 3616 1646 μετὰ
3673 1576 3770 1627 τοῦ

2116 1665 2251 1716 Λαοῦ
2299 1661 2473 1715 αὐτῶν
2505 1661 2568 1716 τὸ
2601 1660 2772 1732 δεξιὸν
2825 1661 2989 1737 μέρος
3018 1659 3363 1736 ᾠκοδόμουν
3418 1664 3470 1716 οἱ
3530 1661 3588 1717 δὲ
3643 1683 3769 1716 πεν-

2112 1751 2352 1820 τήκοντα
2409 1750 2620 1823 ὁμοίως
2669 1752 2731 1806 τὸ
2786 1751 3062 1825 εὐώνυμον
3117 1752 3308 1827 μέρος,
3368 1749 3458 1806 διὰ
3509 1752 3572 1806 τὸ
3631 1751 3770 1826 πρὸς

2115 1836 2267 1912 ἔριδα
2317 1840 2406 1894 καὶ
2439 1838 2680 1909 σπουδὴν
2733 1840 3003 1910 κτίζεσθαι
3053 1843 3268 1917 ταχέως
3329 1841 3393 1896 τὸ
3433 1838 3610 1917 ἔργον.
3670 1840 3771 1894 Καὶ

357 1935 640 1990 chanicus
672 1951 736 1989 ac
770 1933 1007 2003 templis
1060 1931 1388 1988 excitandis
1419 1931 1667 1985 idoneus
1700 1934 1844 1984 erat.
1896 1933 2005 1984 Pro

2118 1929 2176 1982 τὸ
2227 1935 2424 2003 σχῆμα
2477 1933 2574 1984 τοῦ
2631 1933 2761 1984 ναοῦ
2818 1931 2932 1984 κατ’
2991 1925 3122 2006 ὄναρ
3165 1927 3331 2000 ἔδειξε
3376 1934 3458 2001 τῷ
3492 1927 3708 2005 βασιλεῖ
3741 1929 3770 1984 6

355 2041 507 2094 aqua
535 2039 690 2088 vero,
737 2020 940 2077 hordei
983 2022 1041 2074 in
1091 2019 1326 2075 cacabis
1373 2017 1507 2074 elixi
1556 2017 1839 2088 liquorem
1872 2034 2006 2072 cum

354 2112 512 2168 calce
542 2116 598 2166 et
627 2115 777 2166 testa
794 2110 1143 2164 miscebant.
1170 2108 1418 2178 Eratque
1445 2105 2011 2176 hordeaceusliquor

353 2200 455 2255 ille
479 2199 768 2264 viscosus,
818 2213 1098 2252 mucosus
1139 2201 1315 2266 atque
1356 2201 1546 2250 tenax.
1600 2193 1792 2250 Simili
1837 2194 2008 2250 modo

359 2289 647 2345 dissectos
685 2286 947 2357 salignos
988 2285 1311 2340 corticesin
1339 2285 1587 2339 cacabos
1629 2299 1763 2338 cum
1791 2283 2009 2338 hordeo

357 2378 673 2447 miserunt,
723 2375 1097 2447 quadrasque
1144 2389 1377 2428 massas
1426 2376 1782 2443 paraverunt
1833 2372 2008 2443 quin-

359 2466 641 2538 quaginta
675 2465 853 2536 pedes
905 2463 1134 2533 longas,
1182 2461 1427 2517 totidem
1477 2461 1628 2516 latas
1671 2477 1734 2515 ac
1778 2478 2008 2516 crassas

356 2555 596 2626 viginti;
631 2571 728 2609 eas
751 2570 855 2609 nec
884 2553 1126 2624 frigidas
1150 2568 1254 2607 nec
1276 2551 1518 2619 calidas,
1542 2550 1641 2606 sed
1667 2550 1737 2605 ad
1761 2549 2010 2622 glutinis

359 2644 735 2700 tenacitatem
759 2642 1184 2712 intepescentes
1208 2641 1267 2695 in
1301 2640 1689 2695 fundamenta
1708 2639 2006 2708 jecerunt:

359 2733 789 2803 substratasque
822 2748 1030 2786 massae
1063 2729 1224 2801 paris
1256 2727 1644 2800 longitudinis
1674 2733 1730 2781 et
1752 2725 2012 2782 latitudi-

358 2821 452 2876 nis
481 2821 706 2891 lapides
739 2819 1148 2892 imposuerunt
1184 2835 1197 2874 :
1232 2835 1359 2890 quas
1402 2815 1830 2889 coagmentatio
1874 2817 2010 2871 ferri

356 2910 635 2966 duritiem
659 2909 1068 2965 aemulabatur.

2120 2015 2348 2092 ἄγγελος
2403 2017 2630 2093 Κορίου.
2694 2019 2938 2094 Ὑπῆρχε
2997 2016 3053 2073 δὲ
3109 2019 3137 2072 6
3195 2023 3415 2093 πρῶτος
3475 2016 3770 2091 οἰκοδόμος

2127 2107 2455 2181 μηχανικὸς,
2507 2107 2598 2162 καὶ
2647 2107 2723 2172 εἷς
2777 2109 2840 2162 τὸ
2900 2109 3166 2184 ἀνεγεῖραι
3223 2106 3387 2171 ναοὺς
3443 2105 3773 2178 ἐπιτήδειος.

2121 2196 2213 2256 Εἰς
2277 2194 2404 2257 τοὺς
2459 2191 2730 2260 κακάϐους
2791 2194 2850 2251 δὶ
2903 2193 3037 2267 ἕπτη
3103 2198 3204 2266 τήν
3255 2197 3474 2272 κριθὴν,
3534 2197 3625 2252 καὶ
3681 2197 3774 2252 τὸν

2120 2282 2294 2357 χυλὸν
2343 2284 2510 2353 αὐτῆς
2569 2283 2819 2361 ἐμίγνυω
2851 2290 2930 2357 τῷ
2961 2280 3204 2358 ἀσϐέστῳ
3261 2283 3356 2339 σὺν
3403 2289 3482 2357 τῷ
3525 2284 3776 2360 ὀστράκῳ

2120 2373 2237 2427 ἀντὶ
2297 2370 2514 2435 ὕδατος.
2572 2375 2628 2428 Ὀ
2683 2372 2740 2428 δὶ
2785 2375 2956 2444 αὐτῆς
3015 2375 3193 2450 χυλὸς
3228 2375 3448 2450 ὑπῆρχε
3477 2373 3777 2450 γλισχρὸς,

2118 2460 2207 2515 καὶ
2270 2460 2550 2534 μυξώδης,
2603 2463 2693 2517 καὶ
2751 2461 3107 2533 κολλητικός.
3172 2463 3416 2536 Ὁμοίως
3460 2460 3518 2518 δὲ
3547 2463 3773 2518 καὶτῶν

2119 2548 2288 2627 φλοῦν
2365 2550 2606 2606 πτελεῶν
2685 2553 3111 2624 κατατέμιοντες
3191 2547 3483 2609 ἐνέϐαλλον
3545 2553 3598 2607 ἐν
3653 2558 3774 2614 τοῖς

2117 2634 2378 2703 κακάϐοις
2459 2640 2594 2714 μετὰ
2671 2648 2770 2709 τῆς
2817 2643 3060 2716 κριθῆς,
3121 2641 3211 2696 καὶ
3273 2641 3534 2712 ἐποίησαν
3597 2644 3771 2715 μάζας

2117 2730 2455 2805 τετραγώνας
2488 2729 2722 2804 ἐχούσας
2755 2730 2856 2785 ἀνὰ
2886 2728 3069 2786 ποδῶν
3101 2734 3441 2802 πεντήκοντα
3469 2731 3532 2787 τὸ
3567 2730 3768 2805 μῆκος,
3788 2762 3806 2779 ο

2119 2817 2208 2871 καὶ
2235 2824 2297 2885 ν’,
2356 2818 2419 2872 τὸ
2477 2817 2706 2888 πλάτος,
2735 2821 2826 2874 καὶ
2887 2818 3057 2874 εἷ’κοσι
3088 2821 3149 2875 τὸ
3203 2822 3409 2895 πάχος,
3441 2819 3531 2875 καὶ
3561 2819 3772 2885 ἐτίθουν

2120 2905 2198 2970 εἷς
2241 2905 2367 2968 τοὺς
2411 2906 2719 2980 θεμελίους·
2779 2909 2867 2964 καὶ
2927 2905 3052 2964 οὔτε
3090 2910 3287 2986 θερμὸν
3345 2914 3507 2965 τοῦτο
3566 2909 3775 2974 ἐτίθουν

353 2995 476 3052 οὔτε
503 2996 669 3052 πάλιν
701 2996 938 3071 ψυχρὸν,
980 2995 1126 3050 ἀλλά
1153 2993 1388 3070 χλιαρὸν
1423 2991 1512 3048 διὰ
1539 2993 1600 3048 τὸ
1661 2994 1791 3047 εἶναι
1844 2991 2200 3064 κολλητικόν.
2255 2993 2350 3049 Καὶ
2401 2993 2582 3050 ἐπάνω
2627 2995 2721 3059 τὰς
2779 2996 2950 3070 μάζας
2980 2996 3188 3062 ἐτίθουν
3220 2997 3409 3060 λίθους
3440 2997 3775 3073 εὐμεγέθεις,

351 3086 662 3160 ἶσομήκεις,
694 3085 1042 3147 ἶσοπλάτους·
1073 3087 1138 3154 ἦν
1168 3082 1300 3140 ἷ¹δεῖν
1328 3085 1453 3139 τότε
1481 3082 1676 3144 αὐτοὺς
1704 3089 1918 3159 κρατεῖν
1952 3083 2144 3161 οἷάπερ
2178 3081 2425 3160 σίδηρον.

349 3229 747 3296 Expensarum
792 3221 1332 3296 primaeuoductio.
1383 3220 1645 3296 Magister
1693 3221 2001 3296 Strategius
2066 3220 2337 3296 solvenda
2372 3221 2623 3292 pecuniae
2671 3222 3342 3296 deputaturalmperator
3389 3222 3544 3278 horis
3589 3239 3773 3295 pome-

420 3292 681 3368 ridianas,
716 3292 894 3368 Troilo
917 3294 1268 3349 cubiculario
1294 3294 1513 3360 comite,
1545 3307 1650 3362 quo
1678 3293 1830 3346 cultu
1861 3294 2091 3347 vestium
2121 3292 2192 3347 ad
2221 3296 2558 3348 structuram
2587 3293 2894 3363 accedebat,
2941 3292 3130 3366 fabris
3161 3311 3225 3351 ac
3274 3297 3457 3365 operis
3491 3292 3779 3368 promissis

419 3365 798 3422 stimulandis.

423 3464 535 3520 Ubi
567 3468 761 3520 autem
816 3463 1200 3518 fundamenta
1247 3463 1319 3518 ad
1370 3463 1619 3517 duorum
1671 3461 2004 3517 cubitorum
2037 3463 2080 3530 C

352 3553 730 3609 altitudinem
761 3569 791 3606 e
820 3556 975 3606 terra
1004 3555 1196 3606 erecta
1226 3554 1386 3617 sunt,
1421 3554 1486 3605 ut
1516 3549 1597 3604 ait
1629 3549 2007 3620 supradictus

352 3649 577 3709 auctor,
602 3642 1113 3711 quiexpensarum
1159 3639 1444 3694 rationem
1487 3637 1705 3709 scripto
1742 3639 2006 3707 tradidit,

351 3732 423 3786 ad
458 3729 889 3801 quadringenta
919 3729 1354 3800 quinquaginta
1376 3729 1492 3784 duo
1525 3729 1863 3783 centenaria
1884 3732 2007 3783 tota

352 3837 589 3876 summa
647 3820 898 3874 deducta
953 3823 1063 3873 est.
1125 3817 1428 3873 Miliarisia
1477 3816 1634 3872 enim
1677 3821 2004 3887 argenteae

349 3909 570 3981 palatio
600 3909 1013 3976 efferebantur,
1048 3923 1175 3978 quae
1208 3907 1266 3961 in
1301 3905 1602 3978 horologio
1635 3906 2002 3976 deponeban-

353 4004 475 4062 tur,
510 4003 566 4053 et
622 3995 1154 4068 quotquotlapides
1210 3995 1601 4060 advehebant,
1655 3999 2002 4066 argenteum

354 4085 618 4157 quotidie
653 4085 1036 4156 accipiebant,
1072 4101 1143 4139 ne
1173 4083 1307 4154 quis
1337 4101 1566 4138 morose
1606 4089 1708 4138 aut
1736 4100 1870 4137 cum
1903 4087 2003 4138 tae-

353 4176 451 4229 dio
487 4178 711 4246 ageret,
737 4173 1170 4244 maledictaque
1190 4175 1462 4244 jactaret.
1496 4171 1744 4235 Quidam
1775 4188 1910 4226 vero
1937 4188 2005 4225 ex

354 4264 429 4318 iis
461 4263 561 4334 qui
591 4263 815 4334 lapides
855 4263 1182 4332 gestabant,
1216 4279 1350 4316 cum
1399 4261 1588 4316 iratus
1642 4265 2005 4331 maestusque

356 4357 529 4416 esset,
563 4352 622 4405 in
653 4356 868 4406 terram
900 4351 1118 4406 decidit
1173 4355 1231 4406 et
1283 4350 1517 4405 attritus
1547 4354 1654 4404 est.
1691 4349 2001 4404 Pecuniam

355 4441 637 4511 erogabat
668 4439 980 4511 praedictus
1003 4439 1333 4510 Strategius
1353 4439 1673 4495 Justiniani
1698 4439 2005 4510 imperato-

355 4531 437 4585 ris
469 4528 794 4599 spiritualis
813 4530 1011 4584 frater.
1045 4529 1270 4584 Erectis
1292 4527 1777 4599 pilis,imperator
1797 4543 2004 4582 somno

354 4619 679 4675 meridiano
703 4618 1024 4684 abstinens,
1069 4634 1401 4689 magnaque
1433 4635 1573 4672 cura
1618 4625 1670 4671 et
1720 4616 2003 4671 sollicitu-

350 4711 509 4779 dine,
567 4708 853 4780 polientes
930 4710 1336 4779 cadentesque
1409 4707 1636 4779 lapides
1695 4711 1752 4761 et
1811 4707 2005 4762 fabros

349 4799 613 4870 aliasque
657 4815 890 4870 operas,
923 4796 1118 4853 Troilo
1151 4796 1512 4852 cubiculario
1544 4792 1774 4861 cemite,
1809 4796 2003 4867 inspe-

2192 3459 2295 3515 Δύο
2328 3457 2386 3516 δέ
2415 3463 2643 3538 πήχεων
2676 3465 2773 3517 τοῦ
2805 3460 3065 3535 θεμελίου
3098 3463 3404 3538 ὗψωθέντος
3433 3462 3494 3520 ἐκ
3521 3470 3620 3533 τῆς
3649 3471 3779 3540 γῆς,

2119 3549 2192 3610 ὥς
2242 3570 2404 3632 φησιν
2450 3551 2478 3604 6
2527 3545 2930 3624 προειρημένος
2976 3554 3236 3623 ποιητὴς,
3286 3552 3377 3606 καὶ
3438 3553 3776 3632 ἀπογράφων

2114 3635 2214 3703 τήν
2265 3631 2466 3706 ἔξοδον,
2536 3636 2936 3708 έξωδιάσθησαν
2985 3639 3214 3714 χρυσίου
3264 3640 3588 3716 κεντηνάρια
3638 3631 3775 3698 υνϐ’.

2118 3723 2446 3800 Μιλιαρίσια
2474 3724 2575 3800 γάρ
2636 3726 2848 3802 ἀργυρᾶ
2889 3725 3210 3801 ἐκομίζοντο
3264 3727 3322 3784 ἐκ
3349 3729 3445 3784 τοῦ
3477 3729 3773 3799 παλατίοο,

2114 3811 2204 3867 καὶ
2251 3812 2457 3877 ἐτίθουν
2491 3813 2624 3869 αὐτὰ
2679 3817 2755 3879 εἷς
2791 3816 2853 3870 τὸ
2883 3816 3226 3892 Ὠρολόγιον,
3285 3818 3377 3874 καὶ
3427 3817 3544 3874 ὅσοι
3593 3815 3780 3873 ἀνεϐί-

2115 3897 2272 3972 ϐαζεν
2348 3902 2562 3974 λίθους,
2632 3900 2940 3978 ἐλάμϐανον
3010 3907 3324 3981 καθημέραν
3382 3907 3483 3962 ἀνὰ
3538 3907 3776 3984 ἀργυροῦ

2115 3991 2254 4059 ένὸς,
2317 3989 2407 4046 διὰ
2433 3994 2496 4046 τὸ
2548 3995 2623 4066 μή
2660 3991 2953 4064 ἀκηδιάσαι
2980 3996 3104 4050 τινὰ
3136 3997 3186 4066 ἐξ
3219 3996 3423 4068 αὐτῶν,
3453 3996 3487 4067 ἢ
3525 3995 3775 4075 βλασφη-

2117 4086 2308 4151 μῆσαι.
2371 4083 2465 4142 Εἰς
2525 4078 2584 4136 δέ
2642 4103 2725 4144 τις
2779 4087 2885 4138 τῶν
2944 4085 3318 4156 βασταζόντων
3355 4083 3542 4146 λίθους
3579 4087 3776 4161 ἀγανα-

2112 4169 2316 4238 κτήσας
2375 4167 2464 4223 καί
2519 4171 2806 4242 στενάξας,
2867 4171 2946 4234 εἲς
3001 4174 3100 4241 τήν
3151 4175 3252 4246 γῆν
3307 4175 3621 4248 κατηνέχθη
3681 4175 3775 4229 καὶ

2115 4251 2424 4332 συνετρίϐη.
2475 4260 2550 4328 Τή
2587 4257 2645 4314 δὲ
2675 4258 2856 4330 ἔξοδον
2887 4259 3056 4315 ἐποίει
3090 4262 3118 4316 6
3161 4261 3347 4338 ῥηθεὶς
3407 4265 3770 4339 Στρατήγιος,

2114 4346 2174 4409 ’ὸς
2219 4346 2308 4400 καὶ
2370 4347 2587 4422 ὑπῆρχε
2644 4350 3012 4422 πνευματικὸς
3050 4347 3286 4415 ἀδελφὸς
3340 4355 3437 4406 τοῦ
3500 4351 3770 4427 βασιλέως

2114 4436 2520 4493 Ἰουστινιανοῦ.
2567 4441 2683 4492 Τῶν
2733 4435 2791 4492 δὲ
2841 4443 3048 4493 πινσῶν
3102 4439 3422 4513 ὑψωθέντων
3457 4442 3485 4496 6
3517 4439 3776 4517 βασιλεὺς

2111 4525 2174 4580 τὸ
2206 4521 2437 4580 δειλινὸν
2467 4525 2565 4581 οὐκ
2595 4525 2898 4596 ἐκάθευδεν,
2932 4526 3062 4584 ἀλλ’
3089 4530 3208 4603 εἶχε
3251 4527 3471 4599 πολλὴν
3529 4527 3774 4598 σπουδὴν

2111 4613 2202 4669 καὶ
2262 4611 2578 4688 ἐπιμέλειαν
2614 4615 2692 4679 εἷς
2742 4618 2805 4671 τὸ
2858 4619 2985 4693 ὁρᾷν
3037 4617 3166 4681 τούς
3203 4639 3263 4672 τε
3317 4617 3624 4690 λιθοξόους,
3683 4618 3776 4674 καὶ

2114 4698 2414 4776 λατόμους,
2473 4705 2565 4758 καὶ
2614 4707 2984 4778 τεκτονικοὺς,
3013 4706 3103 4761 καὶ
3143 4705 3348 4770 πάντας
3377 4707 3509 4770 τοὺς
3556 4705 3776 4763 οἰκοδό-

2117 4813 2292 4864 μους,
2373 4793 2508 4865 μετὰ
2581 4794 2671 4848 καὶ
2722 4794 2980 4869 Τρωῗλου
3032 4789 3498 4872 κουϐικουλαρίου
3548 4797 3779 4859 τούτους

349 4846 611 4870 ν’··ν·ν“⁴ι“*
660 4846 890 4870 'l'""",
934 4846 1115 4853 "'""
1154 4846 1508 4852 "'""""‘"‘
1549 4846 1774 4861 "‘”‘"’
1810 4846 1972 4867 ""l"

349 4889 564 4957 ctabat,
593 4893 651 4943 et
683 4889 750 4942 ad
785 4905 931 4957 opus
959 4887 1210 4959 impigre
1242 4886 1669 4958 capessendum
1696 4885 2001 4956 promissis

2118 4846 2292 4955 ἐρῶᾷζ
2309 4846 2554 4952 σπουδὴν
2585 4846 2842 4952 ὲιζέλλζὲἷ
2862 4846 3492 4959 ’43;oniiﬁﬁiiﬁol'
3536 4846 3641 4940 ,ζοζι
3662 4846 3778 4940 Si;

349 4977 713 5034 stimulabat.
751 4979 816 5032 Et
872 4977 1000 5032 ideo
1054 4975 1235 5032 semel
1269 4981 1374 5031 aut
1403 4975 1618 5030 iterum
1654 4992 1754 5046 per
1783 4975 2003 5030 hebdo-

347 5068 605 5133 madam,
640 5071 846 5137 praeter
875 5065 1258 5120 constitutam
1287 5065 1636 5129 mercedem,
1685 5064 1857 5118 modo
1889 5080 2000 5118 nu-

352 5156 592 5222 misma,
655 5155 828 5209 modo
886 5155 1002 5208 duo
1053 5152 1266 5224 cuique
1325 5151 1700 5223 largiebatur.
1761 5152 2002 5216 Quoties

2110 4975 2272 5026 τοῦτο
2332 4969 2524 5042 ἔξωθεν
2583 4977 2681 5026 τοῦ
2744 4974 2942 5045 μισθοῦ
2974 4974 3152 5027 αὐτῶν
3185 4972 3448 5050 ἐργατῶν,
3481 4975 3580 5042 τήν
3613 4969 3777 5029 ἐϐδο-

2117 5057 2260 5132 μάδα
2309 5061 2446 5130 ἅπαξ
2495 5061 2529 5128 ἢ
2569 5058 2652 5123 δὶς
2687 5061 2956 5136 εὐεργέτει
3013 5062 3262 5131 τούτους,
3319 5061 3452 5116 πότε
3515 5062 3610 5136 μὲν
3668 5063 3775 5118 ἀπὸ

2112 5148 2248 5216 ἰνὸς,
2309 5149 2442 5203 ποτε
2499 5145 2556 5203 δὲ
2599 5149 2706 5204 ἀπὸ
2757 5146 2874 5207 δύο.
2911 5150 3283 5222 Πορευόμενος
3338 5147 3396 5204 δε
3428 5151 3456 5205 6
3492 5149 3774 5226 βασιλεὺς,

352 5249 546 5299 autem
579 5248 909 5314 spectatum
955 5241 1288 5311 accedebat,
1337 5240 1493 5296 linea
1535 5243 1695 5294 veste
1743 5240 1905 5295 tenui
1945 5244 2002 5295 et

2118 5237 2445 5314 ἠμφιέννυτο
2479 5237 2678 5308 ὀθόνην
2725 5237 2925 5307 λευκὴν
2983 5241 3070 5293 καὶ
3111 5237 3308 5312 ψιλὴν,
3339 5237 3428 5294 καί
3481 5237 3768 5316 σουδάριον

351 5333 603 5387 candida
651 5332 1030 5398 induebatur,
1075 5335 1249 5385 tenue
1288 5329 1427 5384 item
1461 5327 1766 5382 sudarium
1812 5328 1870 5382 in
1902 5345 1998 5383 ca-

351 5418 473 5489 pite
502 5435 731 5491 gerens,
767 5420 825 5475 in
856 5437 1035 5474 manu
1071 5435 1203 5474 vero
1230 5416 1535 5473 bacillum.

2109 5324 2350 5398 ἆμυδρὸν
2401 5326 2454 5381 ἐν
2500 5330 2570 5400 τῇ
2619 5325 2833 5404 κεφαλῇ
2890 5328 3075 5383 αὐτοῦ·
3121 5327 3173 5384 ἐν
3207 5327 3265 5384 δὶ
3294 5332 3362 5402 τῇ
3403 5330 3551 5405 χειρὶ
3607 5329 3772 5384 αὐτοῦ

2110 5411 2312 5491 ῥάϐδον
2345 5417 2546 5486 πτινὴν
2577 5422 2850 5492 κατεῖχεν.

345 5553 604 5633 Ignotius
634 5555 1063 5633 architectorum
1087 5555 1358 5633 princeps.
1393 5553 1565 5633 Hujus
1595 5551 1712 5633 [ilio
1737 5568 1907 5633 supra
1931 5553 2181 5633 porticu;
2231 5553 2937 5633 demtrz:_I_aterzs__apparct
2981 5556 3232 5633 angelus,
3273 5557 3527 5633 curtae/ci
3570 5559 3774 5633 forma,

414 5624 511 5699 qui
539 5627 800 5694 templum
831 5627 1054 5683 Sanctae
1083 5623 1303 5698 3ορὴὶέέ
1329 5629 1548 5680 nomine
1575 5623 1890 5680 donandum
1920 5625 2279 5680 innuit.Puer
2309 5626 2520 5682 diuitiis
2548 5642 2612 5683 ac
2641 5623 2912 5696 dignitate
2936 5623 3137 5684 auctu:
3158 5627 3232 5684 ad
3259 5627 3526 5699 Cycladas
3557 5623 3775 5684 insulas

416 5695 720 5766 retegatur,
751 5701 802 5750 et
825 5714 1015 5767 quare.

416 5791 637 5847 Erectis
669 5808 839 5862 porro
872 5794 1167 5864 supremis
1198 5799 1318 5850 tam
1353 5793 1540 5849 dextri
1563 5808 1743 5864 quam
1767 5792 1996 5848 sinistri

2181 5793 2581 5871 Ἀνεγειραντες
2630 5791 2687 5848 δὲ
2734 5795 2828 5858 τὰς
2881 5791 3074 5870 ἀψίδας
3127 5799 3238 5852 τῶν
3299 5795 3560 5873 ὑπερῴων
3593 5838 3608 5864 ,
3661 5798 3771 5849 τῶν
