4124 6396
436 400 464 458 1
477 399 592 459 Ξ97

1570 405 1936 466 ΑΝΟΝΥΜῙ
1980 405 2564 476 ANTIOUlTATES
2609 409 2729 468 ΟΡ.

3701 404 3854 467 1298

430 548 492 583 τε
549 527 848 604 εὐωνύμων
905 535 994 589 καὶ
1054 532 1265 606 δεξιῶν,
1323 535 1415 590 καὶ
1479 536 1678 600 ταύτας
1737 535 2060 612 στεγάσαντε

2206 537 2407 593 lateris
2441 539 2788 607 fornicibus,
2821 541 3052 612 ipsique
3089 540 3149 595 in
3191 539 3396 612 scyphi
3430 555 3651 595 morem
3682 542 3850 595 obte-

430 620 692 694 σκυφικάς
735 619 954 696 άψίδας,
987 624 1190 700 ὡρίσθη
1246 625 1464 701 ἀγαγεῖν
1527 625 1836 700 μιλιαρίσια
1890 625 1950 680 ἐκ
1995 647 2058 680 το

2198 628 2327 692 etis,
2382 627 2568 683 voluit
2596 628 2914 700 imperator
2956 634 3022 684 ut
3049 629 3359 685 miliarisia
3393 630 3449 683 in
3475 630 3569 683 die
3599 628 3848 683 Sabbati

429 709 705 768 παλατίου
754 715 782 768 6
838 720 1050 790 κρατῶν
1123 719 1307 793 ἡμέρᾳ
1387 713 1712 773 Σαϐϐἅτουο
1771 719 1840 788 ἦν
1897 719 1998 793 γὰρ
2047 730 2092 781 ς’

433 797 549 874 ὥρα
596 808 696 872 τῆς
744 802 957 878 ἡμέρας
991 826 1006 841 ’
1059 806 1148 861 καὶ
1186 808 1504 883 προσέταξιν
1539 809 1567 862 6
1600 811 1938 884 Στραγήγιος
1991 811 2089 862 τοῦ

431 887 668 958 ἐξελθεῖν
713 891 840 955 τοὺς
889 893 1114 971 ἐργάτας
1157 895 1246 951 καὶ
1294 897 1544 973 τεχνίτας
1593 897 1669 960 εἷς
1725 898 1788 953 τὸ
1844 895 2085 971 ἄριστον.

429 978 844 1055 Κατερχόμενος
888 980 945 1037 δὶ
977 985 1005 1038 6
1035 983 1369 1060 προρῥηθεὶς
1421 987 1687 1062 Ἰγνάτιος
1751 985 2085 1061 μηχανικὸς,

424 1063 688 1124 κατέλιπε
739 1071 830 1126 τὸν
881 1073 996 1128 υἱὸν
1047 1075 1216 1129 αὐτοῦ
1259 1072 1461 1139 ἄνωθεν
1512 1080 1620 1130 τῶν
1692 1075 1951 1150 ὑπερῴων
2008 1074 2084 1137 εἷς

423 1158 486 1212 τὸ
535 1156 708 1228 δεξιὸν
770 1162 957 1237 μέρος,
1018 1162 1095 1226 εἷς
1150 1165 1214 1219 τὸ
1271 1167 1400 1240 ὁρᾷν
1458 1167 1525 1221 τὰ
1580 1167 1718 1240 πρὸς
1777 1162 2082 1237 οἰκοδομὴν

423 1245 678 1322 ἐργαλεῖα
729 1249 921 1308 πάντα.
977 1253 1038 1310 Ὁ
1086 1251 1143 1308 δὲ
1175 1259 1304 1317 παῖς
1352 1256 1420 1324 ἦν
1472 1254 1600 1310 ὡσεὶ
1651 1254 1871 1330 χρόνων
1927 1251 2082 1308 δεκα-

419 1337 719 1411 τεσσάρων.
771 1343 1148 1414 Καθεζομένου
1192 1340 1250 1398 δὲ
1287 1348 1386 1399 τοῦ
1434 1341 1650 1412 παιδὸς,
1707 1342 1875 1418 ἐφάνη
1935 1343 2084 1414 αύτῷ

421 1424 709 1503 εὐνοῦχος,
757 1427 987 1506 λαμπρᾷ
1057 1430 1241 1498 ἐσθῆτι
1301 1432 1696 1511 ἠμφιεσμένος,
1755 1435 1956 1504 ὡραῖος
2005 1436 2083 1504 τῷ

419 1513 573 1586 εἷ’δει,
606 1516 680 1579 ὡς
716 1515 877 1587 δῆθεν
907 1519 967 1574 ἐκ
993 1525 1092 1576 τοῦ
1129 1520 1402 1577 παλατίου
1459 1524 1750 1600 πεμφθεὶς,
1791 1521 1881 1576 καὶ
1932 1519 2079 1597 λέγει

418 1609 498 1677 τῷ
526 1601 802 1682 παιδαρίῳ
839 1627 852 1641 ³
883 1610 1050 1672 Τίνος
1084 1612 1246 1686 χάριν
1275 1611 1375 1666 οὐκ
1427 1611 1764 1686 ἐκπληροῦσι
1809 1611 1873 1665 τὸ
1922 1608 2075 1686 ἔργον

416 1699 513 1748 τοῦ
564 1699 697 1749 Θεοῦ
746 1698 799 1751 οἱ
853 1698 1122 1770 καμόντες
1175 1702 1412 1776 ταχέως,
1475 1698 1622 1756 ἀλλὰ
1686 1697 2077 1762 καταλιπόντες

415 1783 546 1838 αὐτὸ
603 1785 854 1855 ἀπῆλθον
915 1785 1144 1859 lodice);
1215 1791 1276 1846 Ὁ
1338 1787 1396 1844 δὲ
1456 1796 1584 1851 παῖς
1655 1787 1801 1866 λέγει
1877 1787 2024 1861 αύτῷ
2057 1808 2070 1822 ·

2201 731 2270 770 ex
2317 716 2533 788 palatio
2575 724 3040 790 exportarentur;
3083 723 3209 774 erat
3263 717 3480 790 quippe
3537 717 3681 774 hora
3733 715 3846 772 diei

2200 809 2362 860 sexta
2385 807 2686 878 jussitque
2720 808 3050 880 Strategius
3089 825 3224 864 cum
3265 824 3472 879 operas
3511 811 3638 861 tum
3663 807 3844 861 artiﬁ-

2197 911 2293 950 ces
2323 912 2606 966 pransum
2642 897 2744 952 ire.
2770 897 3142 952 Descendens
3161 913 3295 951 vero
3327 895 3642 968 praedictus
3671 899 3846 966 Igna-

2197 984 2320 1039 tius
2351 985 2750 1052 mechanicas,
2775 985 2962 1041 ﬁlium
3006 1003 3187 1057 supra
3209 986 3466 1056 porticus
3497 984 3678 1039 dextri
3700 983 3845 1038 late-

2197 1073 2278 1130 ris
2327 1074 2399 1129 ad
2451 1074 2985 1132 instrumentorum
3041 1074 3370 1131 custodiam
3419 1073 3676 1145 reliquit.
3711 1074 3848 1129 Erat

2196 1168 2394 1218 autem
2431 1180 2575 1234 puer
2605 1181 2895 1220 annorum
2947 1164 3178 1219 circiter
3225 1163 3688 1234 quatuordecim.
3741 1163 3845 1217 Se-

2195 1252 2370 1308 dente
2416 1268 2622 1324 puero,
2677 1254 2989 1309 eunuchus
3038 1253 3278 1324 quidam
3339 1251 3648 1324 splendida
3687 1255 3846 1306 veste

2195 1341 2460 1408 indutus,
2495 1342 2685 1396 forma
2714 1343 2986 1408 decorus,
3017 1342 3175 1398 velut
3214 1341 3495 1397 nimirum
3523 1358 3593 1397 ex
3631 1340 3845 1411 palatio

2195 1429 2413 1486 missus
2453 1447 2582 1486 sese
2641 1448 2820 1501 puero
2875 1431 3038 1486 sistit
3067 1437 3125 1486 et
3159 1431 3281 1486 ait:
3317 1431 3467 1495 Quid
3519 1447 3710 1486 causae
3758 1433 3846 1485 est

2193 1535 2296 1574 cur
2324 1521 2562 1590 opiﬁces
2593 1537 2742 1592 opus
2797 1519 2900 1576 Dei
2957 1537 3074 1576 non
3125 1521 3240 1577 cito
3285 1520 3609 1592 perﬁciant,
3643 1519 3742 1574 sed
3776 1535 3841 1574 eo

2190 1607 2390 1664 relicto
2421 1615 2818 1665 comessatum
2850 1611 3163 1666 abierunt?
3193 1610 3295 1665 Cui
3346 1626 3508 1680 puer,
3556 1609 3836 1678 Jamjam,

2185 1697 2397 1768 inquit,
2431 1698 2688 1769 domine,
2742 1700 3010 1754 aderunt.
3066 1698 3166 1754 Ille
3215 1715 3370 1768 vero,
3419 1699 3578 1754 Vade
3631 1699 3746 1753 cito
3778 1703 3836 1754 et

2183 1802 2358 1842 evoca
2399 1804 2413 1843 :
2456 1804 2592 1842 nam
2642 1803 2791 1858 Opus
2837 1787 3036 1858 perﬁci
3087 1803 3319 1842 summo
3381 1785 3575 1841 studio
3636 1785 3831 1856 cupio.

413 1872 582 1948 Κύριέ
632 1895 761 1947 μου,
791 1875 1006 1952 ταχέως
1049 1877 1452 1954 παραγίνονται.
1488 1880 1732 1934 Ἐκείνου
1791 1875 1848 1933 δὲ
1903 1877 2063 1934 πάλιν

2182 1876 2367 1932 Puero
2415 1883 2610 1932 autem
2669 1893 2731 1932 se
2789 1877 3158 1932 dicessurum
3206 1880 3478 1948 negante,
3523 1891 3596 1930 ne
3647 1875 3830 1930 ferra-

413 1961 660 2025 εἰπόντος
695 1985 708 1998 ·
762 1965 1050 2041 Πορευθεὶς
1098 1966 1344 2038 λάλησον
1423 1968 1606 2030 αὐτοῖς
1641 1988 1652 2001 ·
1704 1965 1921 2023 σπεύδω
1968 1969 2069 2042 γὰρ

412 2056 511 2106 τοῦ
553 2053 767 2129 ταχέως
833 2054 1195 2126 τελειωθῆναι
1245 2059 1308 2112 τὸ
1366 2056 1528 2133 ἔργον
1561 2077 1573 2091 ·
1607 2062 1705 2114 τοῦ
1765 2055 1822 2112 δὲ
1879 2054 2073 2120 παιδὸς

416 2143 712 2218 φήσαντος,
747 2143 904 2198 αὐτὸν
960 2147 1036 2217 μή
1097 2145 1377 2216 ἀπελθεῖν,
1418 2144 1510 2201 διὰ
1563 2148 1627 2202 τὸ
1687 2149 1888 2219 μήπως
1933 2148 2070 2201 ἀπο-

413 2229 672 2300 λεσθῆναι
725 2233 793 2288 τά
841 2231 1120 2310 ἐργαλεῖα,
1151 2236 1242 2290 καί
1289 2257 1453 2314 φησιν
1507 2239 1534 2291 ὁ
1584 2235 1848 2311 εὐνοῦχος
1880 2257 1891 2269 ·
1927 2237 2070 2291 ’Ἅπ-

413 2319 540 2384 ελθε
570 2319 623 2376 ἐν
657 2319 892 2396 σπουδῇ,
926 2325 1014 2379 καὶ
1047 2325 1300 2402 φώνησον
1331 2325 1526 2390 αὐτοὺς
1577 2324 1794 2400 ταχέως
1846 2325 2021 2381 ἐλθεῖν
2054 2345 2066 2357 ·

409 2409 504 2464 καὶ
554 2409 665 2486 ἐγὼ
718 2405 927 2485 ὄμνυμί
985 2434 1093 2482 σοι,
1140 2415 1349 2483 τέκνον,
1385 2411 1579 2483 οὕτως,
1625 2418 1700 2486 μὰ
1753 2415 1854 2483 τὴν
1913 2415 2066 2489 ἁγίαν

415 2496 617 2574 Σοφίαν
673 2499 764 2554 τὸν
817 2500 992 2578 Λόγον
1043 2507 1140 2556 τοῦ
1199 2507 1356 2572 Θεοῦ,
1409 2504 1509 2572 τὴν
1569 2507 1661 2556 νῦν
1717 2503 2067 2576 κτιζομένην,

411 2587 527 2663 οὐχ
559 2588 842 2665 ὑποχωρῶ
874 2590 981 2645 ἀπὸ
1010 2595 1117 2646 τῶν
1152 2589 1279 2662 ὧδε,
1306 2588 1411 2653 ἕως
1444 2592 1532 2646 ὅτε
1556 2591 1647 2646 καὶ
1672 2592 2015 2667 ὑποστρέψῃς
2050 2613 2063 2626 ·

410 2675 636 2732 ἐνταῦθα
719 2677 824 2754 γὰρ
907 2677 1144 2755 ἐτάχθην
1231 2677 1509 2735 δουλεύειν
1587 2678 1679 2735 καί
1754 2679 2063 2758 φυλάττειν.

409 2769 593 2823 Ταῦτα
649 2766 883 2830 ἀκούσας
941 2769 969 2822 6
1018 2773 1168 2837 παῖς,
1219 2766 1502 2844 δρομαίως
1551 2767 1842 2844 ἐπορεύθη,
1902 2791 2065 2826 κατα-

409 2853 586 2911 λιπὼν
646 2855 699 2910 ἐν
754 2857 835 2930 τῷ
895 2858 1126 2931 ὑπερῴῳ
1171 2857 1425 2932 κτίσματι
1492 2858 1585 2912 τὸν
1672 2856 1906 2934 ἄγγελον
1965 2865 2064 2916 τοῦ

409 2943 611 3017 Κυρίου
654 2943 966 3020 φυλάττειν.
1015 2952 1102 3010 Ὠς
1160 2943 1218 3001 6‘s
1278 2945 1546 3017 κατῆλθεν
1603 2947 1631 3001 6
1680 2953 1831 3016 παῖς,
1889 2949 2060 3022 εὑρὼν

406 3052 497 3086 τον
547 3032 751 3104 πατέρα
809 3035 973 3090 αὐτοῦ
1029 3036 1122 3090 τὸν
1172 3039 1389 3110 πρῶτον
1437 3033 1731 3108 οἰκοδόμον
1788 3037 1923 3109 μετά
1972 3039 2061 3092 καὶ

403 3123 510 3176 τών
559 3120 793 3193 λοιπῶν,
827 3123 1132 3198 ἐξηγήσατο
1180 3123 1355 3179 πάντα
1388 3144 1400 3158 ⁸
1434 3124 1524 3180 καὶ
1579 3126 1606 3180 6
1651 3126 1830 3200 πατὴρ
1873 3121 2057 3181 λαϐὼν

401 3209 492 3264 τὸν
545 3209 735 3282 παῖδα,
786 3210 990 3290 ἤγαγεν
1046 3213 1124 3276 εἷς
1186 3214 1277 3268 τὸν
1337 3212 1605 3290 βασιλέα·
1667 3213 1780 3270 ἐκεῖ
1827 3215 1930 3290 γὰρ
1989 3216 2056 3285 ἦν

2182 1970 2383 2021 menta
2405 1966 2685 2037 perirent,
2708 1967 2791 2022 ait
2814 1965 3124 2021 eunuchus
3151 1983 3163 2019 :
3184 1965 3292 2020 Abi
3319 1965 3758 2036 quamprimum
3775 1967 3834 2019 et

2180 2054 2274 2110 dic
2329 2059 2394 2109 ut
2440 2054 2710 2110 celeriter
2757 2054 3013 2110 veniant.
3066 2054 3213 2108 Nam
3252 2054 3384 2125 iuro
3430 2053 3559 2118 tibi,
3593 2052 3699 2118 ﬁli,
3734 2069 3834 2123 per

2179 2148 2448 2199 sanctam
2479 2143 2759 2214 Sophiam
2812 2142 2909 2199 Dei
2938 2143 3204 2209 verbum,
3237 2160 3362 2214 qua
3396 2159 3552 2197 nunc
3584 2141 3832 2198 aediﬁca-

2178 2236 2296 2302 tur,
2332 2248 2425 2288 me
2458 2249 2573 2288 non
2601 2232 2740 2287 hinc
2771 2233 3144 2288 dicessurum
3185 2233 3370 2287 donec
3398 2236 3463 2286 tu
3494 2231 3826 2295 revertaris,

2178 2321 2390 2393 quippe
2411 2321 2513 2393 qui
2536 2323 2748 2393 jussus
2781 2321 2892 2377 sim
2925 2320 3021 2376 hic
3049 2320 3388 2376 ministrare
3409 2324 3467 2376 et
3500 2319 3828 2375 custodiam

2179 2428 2369 2483 agere.
2419 2412 2524 2467 His
2561 2410 2782 2466 auditis
2828 2427 2971 2481 puer
3001 2409 3172 2466 celeri
3204 2427 3381 2465 cursu
3417 2408 3829 2480 proficiscitur,

2178 2499 2377 2555 relicto
2432 2500 2530 2555 Dei
2572 2499 2778 2572 angelo
2834 2501 2892 2554 in
2944 2499 3246 2571 superiore
3279 2503 3442 2570 parte
3473 2498 3701 2554 aediﬁcii
3733 2515 3830 2552 cu-

2175 2589 2342 2644 stode
2367 2604 2380 2644 :
2407 2605 2473 2644 ac
2496 2589 2593 2644 ubi
2621 2592 2848 2659 patrem
2875 2588 3325 2643 architectorum
3352 2588 3671 2659 principem
3688 2603 3824 2643 cum

2175 2677 2420 2749 reliquis
2441 2677 2729 2747 convenit,
2758 2694 2879 2732 rem
2913 2676 3116 2733 ordine
3149 2677 3426 2732 narravit.
3475 2677 3644 2732 Pater
3691 2694 3825 2733 vero

2175 2766 2364 2822 ﬁlium
2397 2767 2467 2822 ad
2491 2767 2907 2838 imperatorem
2933 2766 3196 2822 adduxit.
3222 2766 3543 2836 Imperator
3566 2765 3722 2821 enim
3748 2768 3823 2822 ad

2172 2856 2490 2912 oratorium
2511 2856 2969 2912 sanctiJoannis
3005 2857 3387 2912 Praecursoris
3423 2857 3478 2911 in
3526 2857 3826 2927 horologio

2172 2948 2516 3020 prandebat.
2539 2948 2857 3018 Imperator
2888 2951 3107 3013 autem,
3140 2946 3359 3002 auditis
3382 2963 3510 3018 qua
3551 2948 3829 3003 narrabat

2171 3052 2334 3106 puer,
2391 3035 2697 3090 eunuchos
2735 3052 2942 3090 omnes
2973 3040 3197 3098 evocat,
3229 3052 3297 3091 ac
3326 3052 3506 3105 puero
3541 3037 3823 3106 ostendit,

2171 3125 2503 3196 sciscitans,
2529 3124 2768 3180 Hiccine
2790 3124 2918 3179 est?
2955 3125 3104 3180 Tum
3130 3141 3297 3196 puer,
3329 3125 3574 3194 Horum,
3610 3126 3829 3198 inquit,

2171 3231 2344 3270 nemo
2396 3217 2505 3284 est,
2557 3229 2743 3286 neque
2795 3213 2953 3269 enim
3002 3214 3214 3268 horum
3267 3215 3580 3286 quisquam
3633 3214 3829 3270 simile

405 3299 434 3352 6
497 3300 754 3375 βασιλεὺς
828 3284 1018 3357 ἐσθίων
1095 3301 1181 3358 ἐπὶ
1259 3284 1347 3358 τὸ.
1393 3304 1682 3378 εύκτήριον
1743 3284 1852 3358 τοῦ-
1898 3284 2057 3380 άγίου

2175 3303 2312 3375 quid
2346 3303 2524 3358 habet
2571 3284 2677 3370 illi,
2713 3319 2887 3375 quem
2938 3303 2998 3357 in
3044 3284 3610 3374 temploiconspexi.
3658 3304 3822 3359 Tunc

405 3387 661 3445 Ἰωάννου
716 3395 812 3446 τοῦ
870 3389 1200 3468 Προδρόμου
1264 3390 1316 3446 ἐν
1370 3396 1451 3466 τῷ
1505 3392 1831 3469 Ὦρολογίῳ.
1886 3393 1946 3450 Ὁ
2001 3391 2060 3449 δὶ

2175 3392 2488 3464 imperator
2519 3391 2791 3465 angelum
2842 3408 2972 3448 esse
3019 3392 3253 3448 Domini
3280 3397 3406 3448 tum
3440 3408 3508 3447 ex
3537 3394 3665 3462 ejus
3691 3409 3820 3448 ser-

407 3476 662 3554 βασιλεὺς
707 3479 939 3543 ἀκούσας
982 3485 1092 3536 τῶν
1137 3480 1397 3558 ῥημάτων
1463 3481 1560 3536 τοῦ
1616 3478 1831 3550 παιδὸς,
1887 3502 2057 3558 προσ-

2175 3499 2338 3538 mone
2394 3487 2518 3536 tum
2573 3499 2640 3538 ex
2693 3482 3084 3554 jurejurando
3138 3481 3430 3554 cognovit,
3487 3483 3814 3553 praesertim

405 3567 699 3624 εκαλέσατο
751 3571 953 3632 πάντας
999 3569 1125 3633 τοὺς
1177 3571 1501 3646 εὐνούχους,
1545 3571 1634 3626 καὶ
1697 3569 1936 3642 ὑπέδειξε
1977 3577 2058 3644 τῷ

2175 3588 2346 3642 puero
2379 3571 2712 3627 afﬁrmante
2745 3571 2928 3627 fuisse
2959 3571 3125 3626 illum
3157 3574 3320 3627 veste
3349 3571 3620 3641 candida,
3649 3572 3817 3643 genis

399 3655 699 3734 παιδαρίῳ,
761 3656 982 3734 λέγων·
1043 3661 1132 3729 Μὴ
1210 3661 1366 3723 οὗτός
1441 3661 1622 3730 ἐστιν;
1684 3663 1747 3716 Ὁ
1813 3659 1871 3715 δὲ
1926 3667 2056 3724 παῖς

2175 3661 2359 3732 ignem
2390 3661 2778 3730 vibrantibus,
2802 3667 2857 3716 et
2876 3661 3037 3716 vario
3058 3661 3218 3716 vultu
3245 3679 3260 3727 ;
3288 3677 3352 3716 ac
3374 3661 3557 3717 Deum
3582 3662 3816 3733 magnis

398 3768 562 3820 φησιν
600 3767 612 3781 ·
657 3745 849 3810 Οὐδεὶς
881 3745 932 3820 ἐξ
965 3748 1144 3802 αὐτῶν
1197 3747 1366 3814 ἐστιν,
1400 3747 1528 3804 ἀλλ’
1580 3747 1709 3803 οὐδὲ
1759 3756 1858 3818 τῆς
1909 3746 2054 3811 ἰδέας

2175 3749 2444 3805 laudibus
2499 3749 2822 3805 cumulavit
2874 3750 3192 3821 imperator
3233 3750 3434 3806 dicens
3469 3766 3482 3804 :
3515 3752 3622 3806 Deo
3673 3767 3810 3808 sane

392 3832 515 3910 ἔχει
549 3856 633 3897 τις
658 3835 708 3909 ἐξ
742 3836 919 3891 αὐτῶν
951 3834 1181 3910 ἐκείνου,
1215 3837 1274 3891 ὃν
1309 3836 1359 3892 ἐν
1390 3842 1470 3910 τῷ
1507 3841 1619 3909 ναῷ
1666 3837 1772 3912 ἐγὼ
1819 3838 2053 3914 ἑώρακα.

394 3924 530 3978 Τότε
587 3923 729 3999 ἔγνω
788 3927 816 3981 6
880 3925 1158 4000 βασιλεὺς,
1221 3926 1303 3981 ὅτι
1371 3925 1603 4003 ἄγγελος
1662 3926 1862 4001 Κυρίου
1919 3926 2052 3999 ἐστὶ,

393 4013 484 4068 καὶ
534 4014 595 4069 τὸ
648 4014 800 4090 ῥῆμα
848 4015 1130 4090 γνώριμόν
1193 4015 1328 4086 ἐστι,
1389 4015 1480 4070 καὶ
1539 4016 1567 4069 6
1627 4015 1788 4090 ὅρκος
1840 4016 2049 4071 αὐτοῦ·

396 4102 648 4165 εἰπόντος
701 4103 792 4158 καὶ
848 4108 946 4158 τοῦ
1016 4101 1210 4165 παιδὸς
1255 4105 1338 4159 ὅτι
1400 4102 1734 4182 λευκοφόρος
1782 4103 1914 4174 ἐστὶ,
1964 4106 2055 4159 καὶ

392 4194 448 4246 αἱ
495 4191 716 4268 παρειαὶ
765 4191 930 4248 αὐτοῦ
984 4196 1091 4268 πῦρ
1136 4191 1481 4267 ἀπέπεμπον,
1533 4190 1622 4247 καὶ
1667 4191 2052 4269 ἐνηλλαγμένη

393 4283 428 4352 ἡ
464 4283 650 4358 ὅρασις
698 4281 885 4352 αὐτοῦ,
924 4279 1180 4358 μεγάλως
1229 4279 1446 4353 ἐδόξασε
1493 4282 1584 4337 τὸν
1639 4283 1767 4338 Θεὸν
1821 4285 1848 4338 6
1903 4285 2055 4353 βασι-

394 4368 546 4438 λεὺς,
599 4370 798 4446 λέγων,
851 4372 976 4429 ’Ότι
1020 4369 1230 4426 εύδύκει
1282 4373 1310 4426 ὁ
1367 4372 1497 4434 Θεὸς
1551 4371 1614 4426 τὸ
1659 4367 1818 4448 ἔργον
1869 4372 2053 4442 τοῦτο,

389 4460 479 4514 καὶ
512 4462 594 4516 ὅτι
631 4457 901 4536 λογισμὸς
935 4459 1104 4534 μέγας
1149 4482 1244 4534 μοι
1304 4462 1625 4536 περιέπιπτε
1671 4465 1791 4523 πῶς
1839 4459 2055 4516 καλέσω

387 4549 480 4603 τὸν
531 4548 677 4605 ναόν.
736 4549 838 4604 Καὶ
891 4544 1076 4605 ἔκτοτε
1150 4550 1570 4627 προσηγορεύθη
1631 4552 1658 4605 6
1710 4551 1835 4613 ναὸς
1901 4551 2056 4625 Ἀγία

2162 3847 2443 3910 dereptum
2472 3842 2552 3894 est
2581 3839 2679 3894 hoc
2705 3855 2859 3910 Opus,
2900 3840 3281 3911 haerebamque
3329 3842 3569 3895 multum
3610 3843 3815 3897 anxius

2165 3944 2272 4000 quo
2318 3930 2544 3983 nomine
2580 3936 2824 4000 tempum
2881 3927 3243 3999 appellarem.
3283 3927 3620 4000 Exindeque
3653 3935 3806 3984 tem-

2166 4016 2327 4090 plum
2363 4016 2731 4089 appellatum
2761 4022 2852 4073 est
2881 4017 3094 4072 Sancta
3115 4017 3353 4087 Sophia,
3386 4019 3542 4088 quod
3590 4018 3812 4090 signiﬁ-

2164 4111 2276 4177 cat,
2308 4106 2565 4162 Verbum
2604 4107 2722 4161 Dei.
2756 4110 2835 4162 Re
2883 4122 3018 4161 vero
3052 4123 3251 4162 secum
3286 4124 3592 4178 perpensa,
3625 4107 3814 4178 impe-

2164 4199 2322 4251 rator
2353 4195 2438 4251 sic
2465 4195 2581 4252 ait:
2606 4196 2730 4250 Non
2751 4196 2940 4251 sinam
2964 4213 3212 4268 puerum
3237 4197 3308 4251 ad
3332 4196 3617 4269 templum
3641 4198 3816 4253 remi-

2165 4300 2353 4357 grare,
2420 4289 2482 4339 ut
2537 4283 2779 4355 angelus
2838 4285 3072 4340 Domini
3141 4284 3283 4340 illud
3346 4286 3405 4340 in
3465 4290 3814 4358 perpetuum

2164 4373 2479 4441 custodiat,
2511 4375 3010 4444 quemadmodum
3026 4374 3364 4445 juramento
3377 4375 3674 4446 pollicitus
3704 4382 3814 4432 est.

2162 4462 2220 4516 Si
2242 4463 2398 4517 enim
2423 4463 2494 4517 ad
2519 4462 2801 4518 fabricam
2826 4463 3063 4518 redierit
3084 4480 3250 4534 puer,
3285 4464 3534 4536 angelus
3585 4466 3814 4521 Domini

2164 4551 2370 4614 abibit,
2405 4569 2538 4607 cum
2567 4569 2745 4622 puero
2769 4551 3001 4619 dixerit,
3035 4552 3230 4608 Donec
3261 4553 3523 4625 redieris,
3557 4558 3815 4625 Impera-

386 4637 583 4716 Σοφία.
654 4639 682 4693 6
749 4637 927 4713 Λόγος
1008 4642 1105 4693 τοῦ
1189 4643 1324 4694 Θεοῦ
1403 4638 1869 4713 ἑρμηνευόμενος.
1948 4641 2054 4696 Καὶ

2175 4644 2254 4696 tor
2282 4639 2482 4713 itaque
2514 4640 2762 4697 consilio
2794 4659 2926 4697 cum
2979 4642 3293 4713 prarcipuis
3345 4647 3684 4698 senatorum
3717 4660 3811 4699 sa-

387 4729 668 4799 σκοπησας
725 4728 753 4781 6
817 4726 1075 4803 βασιλεὺς
1135 4729 1280 4783 εἶπεν
1339 4727 1513 4790 οὕτως
1547 4747 1560 4761 ·
1601 4730 1693 4798 Μὴ
1748 4729 1890 4784 ἐάσω
1954 4731 2045 4785 τὸν

385 4815 558 4873 παῖδα
608 4818 960 4894 ὑποστρέψαι,
1010 4815 1102 4872 ⁹ίνα
1153 4817 1229 4882 εἰς
1282 4817 1346 4873 τὸ
1403 4815 1647 4889 διηνεκὲς
1720 4816 1966 4896 φυλάττῃ
2018 4821 2046 4874 6

390 4904 630 4981 ἅγγελος
694 4905 915 4981 Κυρίου,
968 4906 1043 4970 ὡς
1110 4907 1223 4962 εἶπε
1269 4903 1548 4970 κατελθὼν
1609 4907 1661 4961 ἐν
1721 4906 1931 4981 ὅρκοις.
1981 4908 2046 4965 Ei

388 4995 492 5070 γᾶρ
543 4996 571 5049 6
617 4999 746 5056 παῖς
782 4994 1094 5069 ὑποστρέψῃ
1153 4996 1244 5050 καὶ
1301 4994 1474 5060 ἐλθὼν
1530 4995 1582 5050 ἐν
1635 5000 1714 5068 τῷ
1769 4995 2045 5069 κτίσματι,

386 5084 480 5140 καὶ
522 5086 754 5161 ἄγγελος
802 5082 1007 5156 Κυρίου
1063 5083 1408 5160 ὑποστρέφει,
1448 5084 1588 5148 καθὰ
1644 5085 1922 5164 προέφησε
1967 5087 2046 5158 τῷ

385 5171 664 5248 παιδαρίῳ
733 5173 817 5246 τὸ,
871 5175 1017 5234 Ἕως
1093 5173 1156 5227 οὗ
1227 5170 1417 5249 ἔλθῃς.
1482 5173 1940 5248 Βουλευσαμένου
1991 5173 2048 5230 δὲ

382 5268 482 5319 τοῦ
535 5263 803 5339 βασιλέως
873 5261 1000 5325 τοὺς
1057 5260 1370 5336 κρείττονας
1424 5265 1524 5332 τῆς
1584 5262 1896 5337 συγκλήτου
1954 5264 2044 5319 καὶ

383 5351 692 5428 ἱερατικοὺς
771 5350 1058 5426 ποιμέκας,
1118 5350 1267 5404 εἶπον
1325 5351 1471 5424 αύτῷ
1513 5373 1526 5386 ·
1587 5354 1678 5420 Μὴ
1743 5351 2047 5409 ὑπόστελλε

380 5442 475 5497 τὸν
533 5439 702 5496 παῖδα
758 5441 833 5503 εἰς
886 5442 987 5510 τήν
1045 5436 1373 5512 οἰκοδομὴν,
1405 5440 1541 5495 κατά
1595 5442 1687 5496 τὸν
1741 5440 1902 5516 ὅρκον
1948 5448 2046 5498 τοῦ

2161 4729 2363 4802 crique
2393 4730 2620 4786 ordinis
2654 4731 2993 4802 pastoribus
3022 4730 3190 4800 inito,
3224 4730 3375 4785 hanc
3406 4731 3477 4787 ab
3511 4730 3627 4786 illis
3682 4749 3813 4787 sen-

2157 4819 2400 4875 tentiam
2433 4820 2657 4890 accepit
2689 4837 2701 4875 :
2737 4819 2818 4874 Ne
2866 4820 3067 4874 mittas
3101 4836 3348 4891 puerum
3394 4821 3466 4874 ad
3509 4821 3814 4892 fabricam,

2159 4911 2223 4962 ut
2253 4908 2498 4980 angelus
2529 4907 2675 4963 illud
2708 4923 2777 4963 ex
2819 4908 3212 4978 jurejurando
3247 4925 3361 4979 quo
3383 4925 3446 4964 se
3477 4909 3812 4979 obstrinxit,

2157 4997 2228 5052 ad
2264 4997 2440 5052 finem
2477 5012 2664 5069 usque
2696 4997 2924 5065 mundi,
2963 4997 3055 5052 Dei
3081 4998 3281 5068 jussu,
3317 4998 3624 5053 custodiat.
3659 4998 3812 5053 Divi-

2155 5086 2256 5142 tiis
2293 5085 2472 5156 igitur
2525 5091 2584 5142 et
2625 5087 2918 5158 dignitate
2970 5091 3210 5141 auctum
3263 5103 3534 5158 puerum,
3586 5087 3812 5143 volente

2157 5182 2339 5247 patre,
2360 5175 2432 5229 ad
2464 5175 2743 5246 Cycladas
2776 5174 3007 5230 insulas
3037 5175 3340 5247 relegavit.
3373 5177 3484 5231 lloc
3513 5192 3684 5247 porro
3707 5193 3811 5232 an-

2156 5263 2268 5336 geli
2300 5279 2434 5318 cum
2470 5281 2648 5334 puero
2681 5263 3066 5335 colloquium,
3099 5265 3156 5319 in
3191 5267 3428 5320 dextera
3476 5270 3640 5337 parte
3681 5266 3812 5338 pilae

2157 5352 2479 5423 superioris
2501 5353 2763 5423 fornicis,
2789 5355 2858 5409 ad
2885 5354 3154 5409 Trullum
3179 5354 3663 5426 ascendentibus,
3699 5355 3808 5412 ha~

2156 5445 2347 5500 bitum
2384 5447 2494 5498 est.

387 5529 642 5608 ἀγγέλου,
674 5529 823 5595 ὅπως
852 5530 912 5585 ἐκ
936 5534 1072 5586 Θεοῦ
1103 5528 1314 5606 φυλάξῃ
1342 5530 1432 5582 τὸν
1459 5531 1584 5584 ναὸν
1617 5528 1720 5592 ἕως
1751 5532 1943 5594 τέλους
1973 5533 2210 5607 κόσμου.
2244 5533 2301 5586 Ὃ
2335 5527 2391 5584 δὲ
2438 5528 2690 5605 βασιλεὺς
2734 5529 3035 5593 πλουτίσας
3080 5531 3171 5585 τὸν
3222 5529 3390 5586 παῖδα
3436 5532 3526 5586 καὶ
3577 5533 3809 5602 ἀξιώσας

385 5619 547 5674 αὐτὸν
575 5626 744 5694 τιμῆς
781 5618 1049 5694 μεγάλης,
1084 5616 1368 5673 ἀπέστειλε
1401 5619 1536 5692 μετᾶ
1571 5617 1778 5694 βουλῆς
1807 5625 1904 5675 τοῦ
1934 5623 2138 5698 πατρὸς
2171 5621 2333 5677 οὗτοῦ
2361 5619 2436 5682 εἷς
2470 5619 2676 5696 ἐξορίαν
2710 5620 2784 5682 εἷς
2833 5621 2927 5682 τὰς
2980 5617 3266 5682 Κυκλάδας
3314 5623 3534 5691 νήσους.
3567 5623 3809 5696 Ἐγένετο

385 5705 444 5764 δὲ
497 5708 562 5764 τὸ
621 5708 773 5786 βῆμα
822 5713 920 5764 τοῦ
976 5707 1208 5786 ἀγγέλου
1266 5704 1343 5771 εἷς
1396 5707 1459 5763 16
1521 5705 1691 5779 δεξιὸν
1757 5709 1923 5786 μέρος
1975 5708 2072 5765 τοῦ
2129 5714 2324 5766 πινσοῦ
2382 5716 2481 5780 τῆς
2545 5710 2654 5764 ἅνω
2712 5706 2928 5783 ἀψίδος,
2977 5713 3094 5770 τοῖς
3154 5710 3546 5784 ἄνερχομένοις
3588 5710 3675 5764 ἐπὶ
3717 5713 3808 5766 τὸν

382 5794 634 5874 Τροῦλον
645 5839 658 5854 .
