4124 6398
320 401 348 458 1
360 400 475 459 299

1277 402 1677 464 ΛΡΡΕΝΠΙΧ
1725 403 1829 463 AD
1876 401 2341 463 MICHAELEM
2386 401 2774 462 PSELLUM.

3584 405 3744 466 1300

321 529 581 598 Angelus,
609 531 850 587 eunuchi
875 534 1638 614 forma,imperatori_auario
1686 535 1749 590 ob
1797 533 2040 614 pecuniae
2077 533 2399 614 penuriam,
2437 540 2694 614 apparet,
2727 542 2779 588 et
2800 549 3061 605 magnam
3107 535 3243 591 auri
3268 536 3487 607 copiam
3506 537 3568 590 in
3604 551 3742 608 opus

1372 607 1602 678 fabricae
1628 608 1921 679 promittit,
1955 612 2007 660 et
2037 607 2283 678 sequenti
2311 605 2402 660 die
2431 604 2692 674 largitur.

395 699 537 754 Cum
570 704 762 756 autem
787 703 1062 769 artiﬁces,
1087 708 1404 776 postquam
1429 707 1498 760 ad
1526 706 1812 760 secundas
1837 721 1966 776 por-

2157 702 2487 756 Φθασάντων
2521 697 2578 754 δὲ
2605 705 2713 754 τῶν
2747 698 3058 774 οἰκοδόμων
3120 701 3196 765 εἷς
3227 705 3296 758 τά
3326 703 3547 778 δεύτερα
3577 704 3740 779 ὑπερ-

322 786 476 842 ticus
507 790 890 860 pertigerunt,
933 794 1360 864 superioribus,
1413 794 1706 849 columnis
1740 810 1807 848 ac
1857 795 1970 849 for-

324 875 555 932 nicibus
587 881 816 945 erectis,
853 881 1286 954 circumpositae
1315 884 1544 939 fabricae
1589 889 1739 939 tecta
1780 883 1971 953 impo-

323 965 606 1036 suissent,
643 968 962 1040 imperator
1009 972 1082 1026 ob
1136 974 1398 1043 pecuniae
1450 973 1754 1045 penuriam
1802 974 1971 1027 vehe-

325 1059 554 1110 menter
576 1058 713 1128 angi
743 1059 941 1130 coapit.
965 1064 1166 1116 Stante
1197 1067 1395 1118 autem
1453 1062 1550 1117 illo
1592 1062 1651 1117 in
1684 1061 1974 1134 superiori

327 1143 559 1200 fabrica;
607 1151 794 1217 parte,
849 1164 984 1202 cum
1040 1149 1308 1206 Trullum
1359 1150 1753 1206 aediﬁcaturus
1795 1155 1972 1219 esset,

325 1231 583 1288 Sabbato
627 1235 754 1304 jam
811 1235 1130 1293 inclinante
1190 1239 1302 1307 dic,
1352 1241 1660 1296 eunuchus
1692 1240 1789 1296 ille
1819 1245 1976 1295 veste

325 1320 578 1375 candida
606 1322 777 1378 anxio
810 1324 1152 1395 imperatori
1184 1343 1246 1382 se
1281 1327 1457 1397 sistit,
1491 1329 1694 1400 sicque
1716 1328 1974 1400 compel-

325 1407 446 1464 lat:
480 1409 628 1472 Quid
663 1413 923 1482 pecunia:
956 1431 1136 1471 causa
1193 1415 1452 1484 domine,
1505 1418 1777 1489 angeris?
1826 1417 1977 1474 Jube

329 1512 460 1552 cras
487 1498 602 1553 cito
635 1501 832 1556 venire
881 1503 1170 1573 quosdam
1206 1521 1271 1560 ex
1322 1506 1708 1577 optimatibus
1749 1506 1890 1575 tuis,
1921 1512 1979 1562 et

329 1592 612 1657 quantam
635 1589 812 1645 fuerit
833 1608 981 1663 opus
1003 1593 1128 1647 auri
1152 1595 1369 1665 signati
1392 1611 1690 1650 summam
1713 1595 1974 1650 afferam.

330 1677 609 1746 Sequenti
660 1694 789 1734 vero
827 1680 920 1734 die
951 1682 1192 1738 veniens
1231 1685 1541 1740 eunuchus
1565 1686 1843 1740 fabricam
1891 1685 1979 1739 vi-

334 1769 561 1820 sentem
586 1765 1001 1838 imperatorem
1034 1772 1277 1828 offendit
1310 1790 1324 1830 :
1360 1775 1463 1845 qui
1494 1773 1848 1843 Strategium
1880 1775 1980 1828 de-

336 1855 657 1924 putavit,et
685 1857 1000 1914 Basilidem
1035 1866 1411 1933 quaestorem,
1461 1863 1825 1919 Theodorum
1880 1882 1980 1936 pa-

335 1943 592 2015 tricium,
634 1954 1022 2018 cognomento
1052 1951 1489 2024 Colocynthem,
1523 1953 1622 2024 qui
1649 1954 1823 2009 etiam
1858 1959 1985 2010 erat

336 2033 669 2103 praefectus,
694 2052 829 2091 cum
853 2038 1037 2094 servis
1070 2038 1302 2096 circiter
1327 2041 1778 2114 quinquaginta,
1806 2044 1984 2100 mulis

334 2123 657 2194 viginti,ac
684 2125 1000 2197 bulgarum
1041 2129 1248 2201 viginti
1301 2137 1521 2202 septem
1572 2134 1834 2205 paribus.
1889 2134 1987 2189 llis

333 2211 432 2266 ille
458 2215 777 2285 assumptis
809 2230 914 2286 per
957 2218 1202 2274 Auream
1238 2224 1467 2290 portam
1519 2238 1652 2277 cum
1695 2225 1765 2278 ad
1805 2224 1991 2279 tribu'

335 2300 496 2356 nalia
526 2302 805 2372 venisset,
865 2305 966 2375 qui
999 2307 1165 2363 missi
1197 2314 1366 2364 erant
1397 2309 1670 2366 viderunt
1699 2313 1992 2385 swpenda

330 2389 550 2460 palatia
581 2408 594 2446 :
623 2397 800 2464 atque
857 2411 925 2450 ex
973 2397 1138 2466 equis
1184 2415 1318 2454 cum
1369 2401 1836 2472 descendissent,
1889 2420 1992 2473 per

326 2480 734 2536 admirandam
781 2483 1001 2540 scalam
1042 2487 1113 2541 ab
1143 2489 1416 2545 eunucho
1469 2491 1788 2546 ducuntur.
1839 2493 1988 2547 Tum

324 2568 483 2623 clave
515 2587 675 2626 aenea
697 2575 754 2625 et
785 2572 1092 2644 splendida
1121 2577 1467 2633 cubiculum
1495 2579 1741 2650 aperuit.
1766 2580 1988 2636 Utvero

324 2659 609 2729 magister
655 2661 980 2731 Strategius
1024 2666 1306 2734 narravit,
1344 2667 1747 2737 pavimentum
1799 2674 1986 2725 totum

331 2762 474 2802 auro
508 2747 738 2817 signato
769 2753 1024 2806 stratum
1059 2757 1116 2806 et
1152 2753 1394 2824 plenum
1427 2761 1553 2812 erat
1586 2774 1598 2810 :
1634 2763 1988 2829 acceptaque

324 2834 460 2905 pala
517 2836 854 2904 eunuchus,
913 2840 1166 2911 singulis
1222 2843 1419 2915 bulgis
1479 2847 1605 2900 auri
1656 2848 1989 2902 ceutenaria

328 2925 893 2995 quatuorimmisit;
948 2945 1160 3002 nempe
1211 2932 1390 2988 simul
1447 2937 1786 2991 centenaria
1831 2943 1987 2993 octo-

322 3009 508 3084 ginta,
540 3017 595 3067 et
647 3029 782 3070 cum
832 3020 993 3072 tanto
1045 3036 1289 3076 munere
1341 3023 1759 3095 imperatorem
1813 3027 1988 3081 remi-

338 3100 434 3167 sit,
469 3099 786 3174 clausoque
817 3122 1014 3162 coram
1049 3108 1133 3164 eis
1165 3111 1460 3182 cubiculo,
1514 3113 1568 3168 in
1612 3132 1726 3186 quo
1775 3133 1985 3171 aurum

327 3189 628 3262 signatum
669 3197 812 3260 erat,
849 3195 928 3250 ait
953 3196 1073 3254 illis
1099 3215 1112 3252 :
1137 3200 1264 3254 Haec
1290 3201 1488 3258 atl‘erte
1528 3203 1890 3276 imperatori,
1924 3211 1988 3262 ut

320 3279 380 3334 in
413 3280 643 3336 fabricae
677 3299 826 3354 opus
877 3292 1096 3357 eroget.
1153 3288 1266 3354 Illi,
1313 3292 1585 3347 eunucho
1633 3294 1713 3348 ibi
1763 3295 1986 3365 relicto,

320 3370 477 3439 quod
510 3378 878 3442 acceperant,
913 3375 1256 3446 imperatori
1289 3397 1502 3435 aurum
1559 3382 1849 3438 deferunt.
1885 3384 1987 3439 Ille

2083 795 2185 861 ᾦα,
2235 809 2325 844 και
2383 787 2702 865 ἐγειράντων
2757 790 2884 851 τοὺς
2941 789 3122 846 ἐπάνω
3179 791 3363 854 κίονας
3417 794 3503 847 καὶ
3564 792 3740 865 καμά-

2082 900 2198 954 ρας,
2233 879 2323 933 καὶ
2379 878 2756 933 σκεπασάντων
2809 879 2874 933 τά
2922 880 3098 954 πέριξ,
3130 880 3329 954 ἠθύμει
3385 882 3412 936 6
3459 880 3739 956 βασιλεὺς,

2085 965 2173 1022 διὰ
2219 969 2280 1022 τὸ
2334 970 2410 1040 μὴ
2457 963 2605 1042 ἔχειν
2668 973 2876 1043 χρυσοῦ
2925 969 3224 1040 ποσότητα.
3283 971 3591 1043 Ἰσταμένου
3647 968 3740 1025 οῦν

2082 1061 2178 1110 τοῦ
2227 1055 2495 1131 βασιλέως
2566 1056 2641 1119 είς
2699 1059 2768 1112 τὰ
2831 1058 3049 1133 ὑπερῷα
3104 1064 3214 1114 τῶν
3264 1061 3602 1133 κτισμάτων,
3651 1060 3742 1114 καὶ

2089 1145 2388 1217 μέλλοντος
2421 1145 2626 1220 ἐγεῖραι
2680 1147 2770 1200 τὸν
2819 1147 3064 1221 Τροῦλον
3110 1149 3245 1220 μετά
3285 1149 3385 1217 τὴν
3446 1148 3590 1226 ὥραν
3643 1153 3742 1204 τοῦ

2087 1230 2397 1303 Σαϐϐάτου,
2449 1236 2524 1297 ὡς
2597 1233 2706 1306 ἤδη
2784 1235 2976 1311 βαθέος
3030 1237 3278 1310 ἀρίστου,
3329 1236 3743 1312 ἀδημονοῦντος

2084 1329 2180 1379 τοῦ
2243 1323 2533 1400 βασιλέως,
2587 1323 2756 1400 ἐφάνη
2826 1324 2974 1398 αύτῷ
3049 1325 3334 1402 εὐνοῦχος,
3385 1326 3741 1405 λευκοφόροςν

2088 1414 2324 1489 εἰρηκὼς
2382 1413 2529 1485 αύτῷ
2563 1432 2575 1444 ⁸
2636 1415 2694 1468 Τί
2756 1412 2904 1488 λυπῇ
2955 1415 3078 1489 περὶ
3125 1416 3469 1491 χρημάτων;
3505 1416 3744 1492 πρόστα-

2088 1503 2174 1573 ξον
2237 1503 2414 1568 ἐλθεῖν
2468 1502 2612 1579 ταχὺ
2654 1504 2752 1572 τήν
2787 1501 2972 1579 αὔριον
3009 1504 3063 1560 ἐκ
3092 1510 3203 1560 τῶν
3239 1508 3572 1580 μεγιστάνων
3623 1528 3743 1576 σου,

2087 1594 2172 1647 καὶ
2225 1593 2443 1666 κομίσω
2495 1613 2578 1647 σοι
2626 1593 2858 1669 χρυσίου
2907 1595 3166 1670 χάραγμα
3213 1594 3336 1649 ὅσον
3388 1593 3447 1650 ἂν
3498 1593 3742 1673 ὀφείλῃς.

2089 1684 2174 1754 Τῇ
2221 1678 2278 1736 δὲ
2328 1680 2585 1757 ἐπαύριον
2650 1681 2822 1745 ἐλθὼν
2870 1683 2897 1736 6
2948 1682 3230 1758 εὐνοῦχος,
3279 1685 3369 1738 καὶ
3420 1685 3592 1759 εὑρὼν
3651 1685 3744 1739 τὸν

2095 1769 2344 1844 βασιλέα,
2378 1770 2460 1826 ὅτι
2498 1770 2785 1846 ἐπορεύετο
2833 1773 2963 1846 ὁρᾷν
3010 1773 3076 1826 τά
3121 1772 3408 1846 κτίσματα,
3442 1771 3670 1829 δέδωκεν
3717 1775 3745 1828 6

2097 1858 2352 1936 βασιλεὺς
2391 1861 2482 1915 τὸν
2537 1863 2896 1935 Στρατήγιον,
2940 1861 3029 1916 καὶ
3082 1859 3380 1932 Βασιλίδην
3425 1863 3516 1917 τὸν
3574 1861 3750 1917 κοιαί-

2094 1971 2280 2026 στορα,
2312 1950 2401 2004 καὶ
2451 1947 2731 2026 Θεόδωρον
2777 1949 3086 2027 πατρίκιον,
3130 1951 3219 2005 τὸν
3282 1950 3512 2023 ἆπίκλην
3566 1949 3747 2008 Κολο-

2093 2039 2316 2110 κύνθην,
2371 2040 2460 2093 τὸν
2508 2039 2597 2094 καὶ
2649 2036 2914 2114 ἔπαρχον,
2961 2039 3048 2094 καὶ
3103 2039 3376 2114 ὑπηρέτας
3429 2040 3596 2116 μέχρι
3637 2045 3748 2096 τῶν

2101 2131 2456 2198 πεντήκοντα,
2514 2127 2603 2183 καὶ
2663 2129 2930 2201 ἡμιόνους
2992 2127 3164 2184 εἷ’κοσι
3225 2129 3361 2202 μετὰ
3415 2127 3748 2205 βουλγιδίων

2104 2223 2280 2292 ζυγῶν
2327 2220 2425 2288 κζ’.
2473 2217 2710 2280 Τούτους
2762 2213 2945 2274 λαϐὼν
2994 2219 3020 2272 ὁ
3074 2219 3341 2294 εὐνοῦχος
3410 2217 3604 2288 ἐξῆλθε
3648 2225 3754 2288 τῆς

2101 2309 2338 2382 Χρυσίας
2399 2307 2624 2381 πόρτας,
2681 2306 2771 2361 καὶ
2831 2305 3003 2362 ἐλθὼν
3073 2307 3152 2371 εἷς
3223 2309 3291 2362 τά
3365 2303 3756 2383 Τριϐουνάλια,

2101 2395 2267 2474 ἐφάνη
2325 2397 2418 2468 μὲν
2480 2403 2600 2458 τοῖς
2660 2395 3014 2451 ἀποσταλεῖσι
3072 2393 3313 2451 παλάτια
3368 2397 3559 2452 κτιστά
3625 2409 3760 2461 θαυ-

2104 2487 2298 2558 μαστά.
2360 2488 2456 2543 Ἐκ
2512 2491 2620 2540 τῶν
2676 2484 2862 2540 ’ίππων
2925 2483 2982 2540 δε
3036 2480 3384 2557 καταϐάντες,
3444 2481 3758 2541 ἀνεϐίϐασεν

2099 2575 2295 2638 αὐτοὺς
2328 2577 2355 2628 ὁ
2387 2575 2646 2650 εὐνοῦχος
2680 2576 2755 2637 εἷς
2787 2573 3032 2648 κλίμακα
3083 2578 3421 2648 θαυμαστὴν,
3462 2576 3552 2631 καὶ
3599 2571 3756 2630 έκϐα-

2101 2663 2212 2719 λὼν
2264 2663 2456 2720 κλεῖδα
2504 2665 2760 2740 λαμπρὰν
2811 2662 3057 2739 χαλκῆν,
3106 2663 3289 2735 ἤνοιξε
3344 2659 3712 2720 κουϐούκλιον
3742 2685 3754 2698 °

2098 2754 2210 2823 καὶ,
2245 2752 2319 2816 ὥς
2369 2775 2501 2831 φησι
2553 2756 2890 2827 Στρατήγιος
2920 2754 2948 2807 6
2988 2753 3305 2829 μάγιστρος,
3338 2754 3405 2822 ἦν
3451 2754 3513 2808 τὸ
3559 2751 3756 2832 ἔδαφος

2101 2842 2444 2917 ἐστρωμένον
2474 2845 2562 2898 καὶ
2605 2842 3046 2918 πεπληρωμένον
3091 2843 3322 2918 χρυσίου
3369 2847 3752 2918 χαράγματος.

2100 2934 2198 2986 Καὶ
2249 2927 2434 2987 λαϐὼν
2487 2933 2654 2987 πτύον
2708 2932 2735 2986 ὀ
2786 2931 3070 3006 εὐνοῦχος,
3116 2927 3308 2986 ἔϐαλεν
3370 2930 3449 3008 ἐφ’
3490 2929 3579 2986 ἕνα
3624 2929 3752 2986 ἕκα-

2101 3042 2223 3075 στον
2261 3019 2596 3096 βουλγίδιον,
2631 3024 2838 3096 χρυσοῦ
2868 3020 3194 3096 κεντηνάρια
3221 3019 3453 3095 τέσσαρα
3486 3040 3497 3052 ⁸
3533 3022 3576 3096 ρ’
3603 3022 3648 3096 ρ’
3676 3022 3750 3076 π’.

2101 3110 2195 3167 Καὶ
2250 3108 2375 3172 δοὺς
2427 3111 2612 3172 αὐτοῖς
2662 3108 2947 3165 ἀπέστειλε
2993 3111 3129 3185 πρὸς
3177 3110 3270 3164 τὸν
3345 3107 3572 3185 βασιλέα
3606 3128 3620 3142 ·
3661 3111 3752 3164 καὶ

2097 3198 2318 3261 κλείσας
2370 3198 2671 3274 ἔμπροσθεν
2723 3199 2896 3254 αὐτῶν
2947 3199 3008 3254 τὸ
3057 3195 3448 3268 κουϐούκλιον,
3490 3199 3541 3253 ἓν
3593 3199 3637 3271 ᾦ
3687 3199 3756 3268 ἦν

2097 3289 2160 3344 τὸ
2218 3288 2501 3365 χάραγμα,
2558 3286 2661 3364 ἔφη
2717 3290 2903 3350 αὐτοῖς
2936 3307 2948 3321 ⁶
3009 3289 3192 3361 Ὑμεῖς
3249 3287 3516 3362 κομίσατε
3587 3293 3758 3343 ταῦτα

2099 3383 2176 3448 τῷ
2243 3377 2479 3452 βασιλεῖ,
2532 3377 2611 3441 εἵς
2675 3379 2737 3433 τὸ
2795 3383 3167 3434 κατακενῶσαι
3215 3377 3350 3433 αὐτά
3411 3378 3488 3442 εἷς
3541 3376 3758 3434 οἰκοδο-

319 3473 455 3512 vero
492 3458 938 3530 obstupefactus
967 3480 978 3518 :
1005 3467 1294 3531 Quonam,
1329 3468 1545 3540 inquit,
1577 3473 1980 3537 concessistis,

2103 3467 2209 3539 μὴν
2246 3472 2347 3522 τοῦ
2391 3473 2547 3525 ναοῦ.
2589 3469 2645 3521 Ὀ
2701 3465 2759 3522 δὲ
2807 3467 3068 3542 εὐνοῦχος
3124 3465 3454 3538 κατελείφθη
3517 3466 3650 3528 ἐκεῖ.
3690 3469 3759 3527 Ol

324 3545 529 3615 quisve
556 3549 868 3605 eunuchus
899 3551 1039 3607 ille?
1061 3555 1178 3625 Ipsi
1218 3572 1354 3611 vero
1377 3562 1592 3612 cuncta
1623 3560 1829 3615 ordine
1853 3579 1986 3615 nar-

325 3640 461 3690 rant
491 3635 687 3692 locum
713 3640 965 3706 sediﬁcii,
989 3643 1231 3714 vimque
1269 3647 1395 3701 auri
1429 3647 1779 3704 immensam
1805 3650 1860 3705 in
1885 3667 1990 3705 cu-

328 3723 858 3796 biculojacentem.
884 3730 1106 3802 Cupide
1148 3735 1468 3804 imperator
1515 3741 1886 3809 exspectabat
1909 3759 1992 3795 re-

329 3813 518 3868 ditum
551 3819 807 3872 eunuchi
844 3836 856 3873 :
893 3836 1024 3874 cum
1062 3826 1259 3879 autem
1285 3840 1399 3880 non
1425 3827 1669 3893 veniret,
1700 3845 1932 3884 servum
1957 3847 1990 3885 a

326 3903 576 3973 pedibus
607 3906 678 3960 ad
712 3905 880 3962 illum
915 3909 1080 3966 misit
1129 3927 1384 3986 cumque
1430 3913 1625 3971 locum
1652 3917 1711 3972 in
1745 3934 1860 3988 quo
1893 3936 1989 3990 pa-

328 3990 472 4047 latia
491 3993 779 4064 viderant,
800 3997 973 4053 domo
996 4017 1248 4057 vacuum
1278 4004 1982 4075 deprehendisset,rever-

326 4097 430 4136 sus
460 4087 671 4139 cuncta
718 4085 1058 4156 imperatori
1107 4093 1424 4148 renuntiat.
1483 4095 1733 4166 Stupore
1765 4097 1987 4166 percul-

327 4185 430 4226 sus
464 4170 583 4241 ille,
626 4191 686 4228 re
715 4175 1035 4247 intellecta,
1074 4179 1255 4236 dixit:
1281 4181 1427 4236 Vere
1451 4181 1576 4254 ipse
1610 4185 1703 4239 Dei
1739 4185 1984 4256 angelus

325 4264 470 4324 erat,
491 4264 549 4316 et
579 4261 934 4320 miraculum
963 4267 1236 4325 effectum
1267 4278 1378 4341 est,
1408 4277 1470 4326 ut
1493 4274 1844 4344 sciamus,ac
1868 4274 1982 4329 Deo

325 4345 572 4418 gloriam
602 4351 956 4411 tribuamus.

2103 3554 2160 3610 δὲ
2198 3556 2405 3631 ἤγαγον
2456 3562 2536 3629 τῷ
2581 3554 2798 3632 βασιλεῖ
2846 3557 2908 3611 τὸ
2953 3577 3210 3632 χρυσιον,
3242 3557 3334 3612 καὶ
3389 3556 3678 3632 ἐκπλαγεῖς
3729 3559 3758 3613 6

2105 3645 2382 3720 βασιλεὺς,
2413 3642 2514 3722 ἔφη
2560 3645 2743 3706 αὐτοῖς
2777 3665 2789 3677 ·
2827 3646 2913 3702 Ἐν
2962 3646 3107 3717 ποίῳ
3148 3645 3302 3718 τόπῳ
3345 3645 3635 3715 ἀπέλθατε,
3664 3645 3754 3700 καὶ

2097 3735 2180 3796 τίς
2212 3737 2239 3789 6
2275 3737 2583 3810 εύνοῦχος;
2618 3735 2721 3791 Καὶ
2771 3732 3096 3810 ἀνήγγειλαν
3134 3734 3282 3808 αύτῷ
3333 3737 3528 3808 πάντα,
3559 3736 3651 3790 τόν
3696 3756 3756 3791 τε

2099 3825 2264 3880 τόπον
2311 3829 2418 3879 τῶν
2468 3823 2786 3898 οἰκημάτων
2835 3824 3004 3896 αὐτῷ,
3057 3824 3146 3880 καὶ
3207 3825 3289 3880 ὅτι
3348 3825 3575 3901 χρυσίον
3636 3823 3755 3900 εἴγε

2098 3914 2403 3989 κεχυμένον
2435 3912 2521 3968 έπῖ
2546 3914 2607 3968 τὸ
2637 3909 2999 3968 κουϐούκλιον
3035 3913 3110 3975 εἷς
3160 3912 3374 3983 πλῆθος
3423 3911 3589 3970 πολύ.
3640 3919 3752 3970 Κα-

2102 4002 2346 4078 ραδοκῶν
2395 4003 2424 4056 6
2481 4002 2736 4078 βασιλεὺς
2789 4003 2881 4057 τὸν
2921 4000 3186 4077 εὐνοῦχον
3247 4001 3423 4066 ἐλθεῖν
3474 4004 3611 4078 πρὸς
3663 4001 3754 4056 αύ-

2095 4095 2186 4148 τὸν
2257 4092 2391 4164 μετά
2445 4091 2573 4154 τοὺς
2628 4090 2939 4159 σταλέντας,
2998 4091 3088 4146 καὶ
3145 4092 3221 4155 ὡς
3277 4092 3342 4146 οὐ
3409 4091 3752 4166 παρεγένετο,

2096 4180 2380 4237 ἀπέστειλε
2436 4180 2526 4234 τὸν
2580 4179 2884 4245 ἀκόλουθον
2944 4181 3115 4236 αὐτοῦ
3175 4179 3253 4242 sic
3309 4181 3401 4235 τὸν
3452 4179 3751 4256 εὐνοῦχονο

2095 4271 2186 4325 καὶ
2242 4270 2412 4345 εὑρὼν
2467 4269 2558 4324 τὸν
2609 4269 2777 4325 τόπον
2834 4270 2885 4324 ἐν
2950 4269 2994 4342 ᾧ
3062 4268 3314 4324 ἐθεάσατο
3375 4270 3444 4324 τὰ
3517 4268 3758 4325 παλάτια

2097 4359 2228 4415 ὅλον
2279 4357 2512 4432 ἄνοικον,
2537 4359 2627 4414 καὶ
2681 4359 3042 4433 ὑποστρέψας,
3089 4357 3350 4434 ἐγνώρισε
3397 4357 3478 4429 τῷ
3539 4356 3758 4433 βασιλεῖ

326 4435 502 4492 πάντα
531 4438 632 4495 ὅσα
662 4439 937 4500 ἆθεάσατο.
974 4445 1300 4522 Ἐκπλαγεῖς
1332 4447 1388 4505 δὲ
1417 4451 1507 4506 καὶ
1539 4454 1718 4527 γνοὺς,
1745 4452 1908 4521 εἶπεν,
1943 4455 2064 4509 ’Ότι
2097 4449 2320 4522 ἀληθῶς
2354 4449 2514 4515 αὐτὸς
2538 4448 2765 4527 ἄγγελος
2797 4454 2930 4506 Θεοῦ
2954 4450 3044 4519 ἦν,
3076 4451 3165 4504 καὶ
3199 4449 3378 4523 θοῦμα
3405 4449 3642 4526 γέγονεν,
3661 4447 3756 4505 ἵνα

323 4530 558 4601 γνῶμεν,
586 4529 677 4584 καὶ
713 4533 968 4608 μεγάλως
999 4530 1310 4611 δοξάσωμεν
1351 4539 1444 4594 τὸν
1477 4542 1630 4598 Θεόν.

324 4656 526 4740 υἰυίηο
549 4661 765 4740 monitu
799 4665 1010 4734 triplici
1037 4667 1228 4737 apside
1256 4684 1353 4722 seu
1383 4672 1594 4739 [amice
1627 4671 1781 4726 bema
1812 4669 2164 4726 illustratur.
2196 4671 2338 4726 Pila:
2387 4686 2581 4726 omnes
2626 4671 2864 4725 interius
2890 4671 3244 4740 exteriusque
3269 4669 3469 4739 ferrei:
3511 4668 3754 4724 vectibus

501 4733 972 4803 lerruminantur,
1006 4733 1217 4794 ac'oleo
1247 4747 1297 4794 et
1329 4733 1476 4796 calce
1505 4743 1873 4811 abducuntur,
1905 4747 1958 4796 et
2002 4745 2084 4797 ita
2131 4744 2415 4798 variorum
2452 4758 2792 4797 marmorum
2824 4733 3252 4797 incrustatidnes
3289 4743 3566 4812 aptantur.

393 4836 537 4893 Cum
563 4844 756 4895 autem
783 4859 1015 4898 sacrum
1047 4844 1220 4901 bema
1253 4849 1585 4918 perfecluri,
1621 4866 1686 4903 ac
1733 4865 1834 4921 per
1864 4850 1978 4904 for-
2009 4852 2060 4917 Ι)

321 4923 480 4980 nices
503 4925 648 4983 vitro
683 4928 1003 4988 instructos
1057 4931 1250 4990 lucem
1303 4937 1703 4992 intromissuri
1757 4943 1977 5003 essent,

319 5015 596 5098 pracepit
626 5018 964 5089 architecto,
989 5026 1054 5077 ut
1085 5024 1260 5079 unica
1301 5026 1504 5095 apside
1537 5026 1760 5080 concha
1786 5026 1975 5082 lucem

320 5105 612 5175 acciperet
645 5125 658 5162 :
696 5125 1052 5180 rursumque
1075 5117 1298 5168 mutata
1329 5115 1636 5181 sententia,
1662 5117 1846 5185 jussit
1877 5132 1977 5185 per

316 5192 610 5264 duplicem
645 5197 910 5268 apsidem
946 5199 1184 5255 immitti
1211 5200 1424 5270 lucem,
1449 5205 1588 5274 quia
1611 5221 1816 5258 murus
1840 5203 1969 5258 nul-

317 5277 390 5333 lis
424 5281 692 5340 ﬁrmatus
750 5286 958 5358 tignis,
1011 5289 1205 5358 qualia
1270 5291 1529 5347 nartheci
1575 5310 1641 5346 ac
1689 5291 1971 5348 lateribus

316 5368 580 5426 adhibita
613 5375 865 5442 fuerant,
899 5379 1131 5447 pondus
1165 5396 1280 5434 non
1322 5381 1690 5436 admittebat.
1738 5381 1968 5452 Reliqui

315 5470 450 5511 vero
485 5460 739 5518 artiﬁces
767 5466 1223 5537 contendebant,
1257 5472 1499 5525 unicum
1535 5470 1812 5525 fornicem
1839 5486 1967 5526 esse

315 5543 668 5604 illustrando
696 5551 915 5607 bemati
974 5556 1139 5611 satis.
1191 5558 1414 5614 Anxius
1449 5559 1643 5630 itaque
1693 5560 1964 5631 princeps

319 5635 776 5694 architectorum
802 5641 1089 5715 inopsque
1110 5647 1342 5702 consilii
1393 5649 1700 5720 erat,quod
1724 5649 1965 5720 impera-

316 5728 408 5780 tor
440 5727 614 5780 modo
643 5729 904 5796 apsidem
927 5736 1308 5800 unam,modo
1339 5738 1485 5794 duas
1508 5737 1766 5794 construi
1787 5738 1965 5808 jube-

2163 4849 2246 4901 'Ev
2297 4845 2354 4901 δὲ
2400 4852 2480 4919 τῷ
2527 4845 2751 4920 μέλλειν
2795 4847 2858 4901 τὸ
2907 4848 3056 4919 ἅγιον
3111 4847 3494 4921 θυσιαστήριον
3520 4841 3746 4898 τελειῶ-

2089 4957 2200 5004 σαι,
2251 4936 2342 4991 καὶ
2403 4934 2490 4990 διὰ
2540 4941 2650 4990 τῶν
2708 4941 2881 4990 στοῶν
2939 4942 3343 5010 φωταγωγῆσαι
3404 4931 3492 4988 διὰ
3553 4933 3748 4988 ὑελίων

2085 5026 2381 5100 προσέταξε
2421 5032 2501 5098 τῷ
2555 5029 2874 5100 μηχανικῷ,
2918 5023 3013 5079 ’ίνα
3061 5026 3270 5098 γένοιτο
3321 5024 3348 5077 6
3397 5021 3534 5094 μύαξ
3584 5043 3754 5095 μονο-

2083 5117 2334 5190 κάμαρος
2371 5135 2382 5146 ·
2435 5116 2526 5170 καὶ
2569 5114 2736 5170 πάλιν
2794 5112 3199 5186 μεταμεληθεὶς
3257 5111 3552 5183 προσέταξε
3600 5111 3756 5186 γενέ-

2084 5206 2200 5259 σθαι
2238 5203 2494 5282 δίφωτον,
2529 5203 2618 5258 διὰ
2649 5202 2744 5258 δύο
2776 5201 3013 5276 ἀψίδων·
3047 5201 3134 5257 διὰ
3163 5203 3226 5257 τὸ
3258 5203 3334 5274 μή
3370 5198 3616 5270 δέξασθαι
3654 5201 3753 5276 βά-

2083 5314 2198 5367 ρος,
2245 5294 2328 5349 ὅτι
2380 5295 2550 5349 ἐκεῖσε
2604 5293 2899 5369 ἷκριόματα
2950 5293 3048 5347 οὐκ
3096 5286 3298 5362 ἔθεντο,
3334 5292 3514 5364 ὥσπερ
3562 5287 3615 5343 ἐν
3674 5293 3756 5360 τῷ

2078 5385 2336 5458 νάρθηκι,
2388 5385 2474 5438 κοὶ
2550 5382 2638 5438 ἐπὶ
2710 5383 2804 5446 τὰς
2872 5379 3117 5455 πλευρὰς
3175 5385 3270 5435 τοῦ
3320 5383 3472 5433 ναοῦ.
3524 5382 3639 5431 Τῶν
3702 5375 3762 5433 δὲ

2081 5471 2293 5527 λοιπῶν
2334 5477 2601 5547 τεχνιτῶν
2668 5470 3087 5546 ἀντιλεγόντων,
3124 5471 3199 5533 ὡς
3251 5469 3351 5542 μία
3389 5468 3610 5542 καμάρα
3640 5489 3759 5544 (ρω-

2075 5561 2206 5630 τίζει
2259 5563 2321 5616 τὸ
2381 5562 2794 5635 θυσιαστήριον,
2835 5561 2923 5615 καὶ
2975 5557 3390 5633 ἀδημονοῦντος
3444 5561 3542 5612 τοῦ
3600 5577 3755 5632 πρω-

2072 5649 2444 5725 τοοικοδὸμου
2473 5652 2526 5706 τί
2557 5649 2616 5706 ἃν
2649 5671 2890 5722 ποιησει,
2925 5649 3009 5704 δτι
3042 5650 3174 5704 ποτὲ
3226 5649 3323 5723 μὲν
3372 5646 3520 5723 λέγει
3574 5647 3603 5700 6
3647 5646 3750 5720 βα-

2075 5739 2259 5804 σιλεὺς
2307 5742 2440 5813 μίαν
2491 5738 2659 5814 ἁψῖδα
2700 5739 2967 5814 γενέσθαι,
3005 5738 3213 5794 ἄλλοτε
3244 5735 3301 5793 δὲ
3327 5735 3446 5808 δύο,
3469 5734 3560 5790 καὶ
3609 5731 3747 5788 ὶστῶ
