4124 6400
376 431 526 491 1301

1510 439 1876 502 ANONYMI
1920 441 2501 513 ANTIOUITATES
2547 445 2661 505 GP.

3640 450 3664 508 1
3680 448 3800 509 30!

365 581 462 624 τος
518 563 686 616 αὐτοῦ
749 561 920 618 ἐκεῖσε
966 563 1055 619 καὶ
1105 563 1501 637 ἀκηδιάσαντος
1528 568 1711 646 ἡμέρᾳ
1742 567 1784 625 δ’
1815 570 1931 646 ὥρᾳ
1958 571 2015 643 ε’,

2133 589 2212 628 re.
2245 573 2504 630 Sollicito
2535 579 2735 631 autem
2767 575 2850 631 illi
2885 580 2941 633 et
2973 577 3191 634 ibidem
3217 577 3398 634 stanti
3429 577 3587 635 ierim
3618 596 3797 652 quar-

367 649 535 726 ἐφάνη
569 651 718 723 αὐτῷ
743 649 982 727 ἄγγελος
1033 654 1230 729 Κυρίου
1262 655 1314 710 ἐν
1345 658 1662 732 ὁμοιώματι
1709 661 2028 716 Ἰουστινια-

367 744 464 794 νοῦ
518 740 654 813 μετά
702 740 994 815 βασιλικης
1026 743 1254 813 ἐσθῆτος
1301 745 1390 800 καὶ
1445 746 1707 822 ἐρυθριῶν
1761 747 2030 820 πεδιλῶν,

365 829 455 884 καί
491 851 623 907 φησι
653 835 734 902 τῷ
762 831 1010 906 τεχνίτῃ’
1045 832 1199 888 Θὲλω
1253 831 1346 888 ’ίνα
1405 857 1498 908 μοι
1529 839 1763 911 ποιήσῃς
1809 837 2026 912 τρίφοι-

369 940 466 974 τον
515 919 716 992 μύακα,
777 920 866 976 καὶ
901 919 992 976 διὰ
1018 926 1183 997 τριῶν
1219 928 1392 978 στοῶν
1427 926 1678 1000 φωτίζειν
1730 926 1792 981 τὸ
1843 929 2030 981 θυσια-

373 1010 619 1083 στήριον,
654 1007 731 1074 εἴς
779 1005 952 1083 ὄνομα
1001 1013 1208 1087 Πατρὸς
1259 1013 1349 1067 καὶ
1381 1014 1509 1068 Υὶοῦ
1534 1015 1622 1070 καὶ
1672 1015 1828 1090 ἁγίου
1862 1017 2029 1070 lived-

372 1118 564 1170 ματος.
644 1099 746 1154 Καὶ
821 1099 979 1162 εὐθὺς
1060 1101 1234 1178 ἀφνὴς
1294 1101 1546 1176 ἐγένετο·
1606 1104 1695 1158 καὶ
1752 1104 2031 1160 καταπλα-

364 1187 482 1261 γεὶς
512 1189 539 1242 ὁ
576 1185 844 1263 μα’ίστωρ,
873 1190 1193 1264 παρεγένετο
1225 1191 1311 1246 ἐπὶ
1343 1192 1404 1246 τὸ
1451 1190 1739 1264 παλᾶτιον,
1781 1195 1871 1248 καὶ
1902 1194 2028 1248 ἀντ-

367 1274 520 1352 ἐλεγε
551 1282 629 1349 τῷ
664 1277 879 1353 βασιλεῖ
897 1278 1203 1354 αὐστηρῶς,
1235 1282 1358 1338 ’Ότι
1393 1281 1455 1336 σὺ
1491 1280 1746 1358 βασιλεὺς
1775 1288 2026 1345 τοιοῦτος

369 1363 468 1433 ὣν,
511 1362 604 1420 ἕνα
640 1365 802 1442 λόγον
837 1367 936 1423 οὐκ
964 1362 1132 1444 ἔχεις·
1172 1370 1338 1446 μέχρι
1364 1377 1466 1440 τῆς
1496 1369 1618 1446 ἄρτι
1651 1367 1813 1434 ἐϐόας
1841 1377 2024 1426 ποιεῖν

371 1475 439 1527 με
500 1455 622 1527 μίαν
681 1456 867 1527 στοὰν,
930 1456 1133 1513 ἄλλοτε
1165 1457 1222 1513 δὲ
1269 1457 1386 1530 δύο,
1416 1459 1470 1514 ἐν
1519 1465 1600 1532 τῷ
1630 1461 2023 1535 Θυσιαστηρίῳ·

366 1544 454 1598 καὶ
490 1543 580 1598 ὅτε
611 1543 903 1616 ἐτελειωθη
937 1547 998 1601 τὸ
1045 1541 1229 1622 ἔργον,
1277 1549 1546 1624 παρίστῃς
1575 1571 1670 1622 μοι
1711 1547 1912 1624 λὲγων,
1940 1548 2025 1604 ὅτι

368 1633 457 1689 Ἐν
487 1635 632 1709 τρισί
662 1633 934 1710 καμάραις
967 1637 1202 1714 φώτισον
1235 1638 1296 1693 τὸ
1348 1641 1729 1714 θυσιαστήριον
1780 1637 1869 1694 διὰ
1924 1640 2023 1707 τὴν

369 1729 470 1790 τῆς
519 1721 757 1798 Τριάδος
807 1724 1015 1783 πίστιν.
1086 1725 1252 1788 Γνοὺς
1295 1725 1352 1782 δὲ
1384 1729 1411 1781 6
1456 1727 1734 1804 βασιλεὺς,
1771 1727 1853 1782 ὅτι
1887 1727 2024 1799 αὐτῇ

365 1811 548 1886 ἡμέρᾳ
592 1814 680 1866 καὶ
739 1811 855 1889 ὥρᾳ
904 1814 963 1868 ἐκ
1009 1819 1107 1869 τοῦ
1155 1813 1427 1871 παλατίου
1477 1817 1641 1872 αὐτοῦ
1675 1817 1773 1872 οὐκ
1805 1815 2018 1887 ἐξῆλθε.

363 1895 638 1972 Ἀκριϐῶς
670 1901 882 1979 [φησὶν]
923 1902 1159 1978 ἐπέγνων
1187 1903 1271 1959 ὅτι
1303 1903 1540 1980 ἄγγελός
1569 1905 1678 1960 ἐτιν
1709 1908 1736 1960 ὁ
1772 1905 2019 1977 λαλήσας

365 2008 472 2043 σοι·
505 1991 592 2044 καὶ
627 1991 856 2061 ποίησον
891 1991 1064 2054 οὕτως
1097 1994 1171 2056 ὡς
1202 1995 1293 2048 καὶ
1324 1995 1440 2050 εἶπὲ
1472 2017 1579 2051 σοι.
1613 1997 1813 2058 Πάντες
1861 1993 1919 2050 δὶ
1968 1997 2020 2051 οἱ

373 2081 550 2134 πινσοὶ
584 2073 781 2145 ἔσωθεν
817 2081 919 2136 ὑπὸ
951 2079 1188 2156 σιδηρῶν
1238 2081 1469 2159 μοχλῶν
1520 2089 1843 2158 κρατοῦνται
1875 2084 2024 2160 ἐγκε-

373 2165 852 2242 κλεισμένοιπρὸς
883 2168 1171 2241 ἀλλήλους
1215 2178 1455 2248 κρατεῖν,
1506 2174 1594 2228 καὶ
1647 2175 1778 2228 εἶναι
1825 2174 2023 2247 ἀμετα-

371 2259 648 2328 κινήτους.
678 2260 748 2315 ’Ἡ
783 2256 840 2314 δέ
871 2257 1142 2332 ἔμπλασις
1172 2261 1408 2334 πάντων,
1450 2267 1558 2317 τῶν
1609 2267 1839 2334 πινσῶν,
1892 2263 2027 2337 μετὰ

370 2343 556 2401 ἐλαίου
586 2347 676 2402 καὶ
708 2343 997 2403 ἀσϐἆστουο
1036 2349 1126 2404 καὶ
1159 2349 1334 2413 οὕτως
1365 2351 1546 2406 ἐπάνω
1603 2351 1897 2424 ἀνέστησαν
1930 2352 2025 2414 τὰς

371 2433 628 2498 ποικίλας
659 2437 1207 2515 ὀρθομαρμαρώσεις.

2143 668 2215 718 ιω
2246 663 2390 720 hora
2420 664 2650 736 quinta,
2698 666 2971 737 apparuit
3020 667 3266 739 angelus
3317 667 3568 735 Domini,
3600 669 3797 742 specie

2142 755 2200 807 et
2222 753 2411 809 forma
2438 754 2854 826 imperatorem
2875 756 3540 828 referens,imperatorio
3561 760 3796 827 vestitu,

2142 841 2338 896 rubris
2366 843 2602 908 calceis,
2638 860 2894 916 eumque
2937 845 3022 901 sic
3081 847 3292 901 affatur
3322 857 3336 894 ε
3371 845 3567 903 Placet
3597 853 3662 903 ut
3690 849 3796 904 tri-

2142 929 2292 1002 plice
2312 933 2516 1002 apside
2540 934 2767 990 concha
2790 934 2982 990 lucem
3007 935 3274 1007 accipiat,
3301 935 3637 1008 triplicique
3663 954 3797 1009 por-

2141 1019 2259 1076 ticu
2293 1021 2462 1076 bema
2493 1022 2847 1094 illustretur,
2884 1023 2944 1078 in
2977 1025 3214 1079 nomine
3242 1023 3429 1080 Patris
3478 1029 3537 1081 et
3584 1025 3717 1082 Filii
3745 1030 3802 1083 et

2138 1110 2396 1180 Spiritus
2447 1111 2754 1167 sanctizet
2794 1114 2996 1167 statim
3041 1115 3112 1168 ab
3144 1112 3333 1169 oculis
3362 1114 3492 1184 ejus
3541 1115 3796 1171 evanuit.

2138 1198 2566 1255 Consternatus
2589 1200 2950 1257 architectus
2980 1201 3040 1257 in
3073 1202 3359 1273 palatium
3391 1207 3629 1274 repente
3659 1221 3797 1260 con-

2138 1287 2313 1355 cedit,
2345 1292 2404 1343 et
2435 1288 2851 1360 imperatorem
2905 1291 3176 1361 asperius
3225 1292 3511 1363 increpat.
3562 1293 3672 1362 Tu,
3707 1292 3797 1348 in-

2137 1376 2286 1448 quit,
2320 1377 2642 1448 imperator
2673 1377 2807 1432 talis
2827 1393 2961 1433 cum
2993 1378 3098 1445 sis,
3134 1395 3250 1435 non
3285 1383 3626 1435 constanter
3645 1396 3796 1436 uno-

2137 1482 2250 1537 que
2299 1467 2472 1521 modo
2517 1466 2800 1537 loqueris.
2849 1467 3145 1524 Hactenus
3207 1468 3544 1540 imperabas
3601 1486 3788 1526 unum

2135 1553 2446 1625 fornicem,
2474 1571 2612 1610 mox
2642 1556 2790 1610 duos
2819 1557 2891 1611 ad
2923 1554 3350 1612 illustrandum
3404 1558 3576 1613 bema
3608 1557 3792 1613 aedifi-

2079 1680 2085 1686 -
2135 1643 2292 1710 cari;
2317 1645 2444 1714 jam
2481 1660 2653 1715 opere
2684 1643 2951 1700 absoluto
2968 1645 3040 1700 ad
3064 1660 3154 1700 me
3182 1645 3347 1701 venis
3365 1646 3568 1702 dicens
3603 1664 3616 1702 :
3652 1647 3794 1703 Tres

2135 1732 2388 1786 fornices
2425 1731 2614 1787 lucem
2638 1733 2855 1788 bemati
2886 1733 3106 1789 faciant
3134 1741 3372 1806 propter
3401 1735 3577 1790 ﬁdem
3599 1735 3793 1791 Trini-

2134 1819 2294 1876 tatis.
2327 1821 2654 1892 Imperator
2684 1838 2819 1878 cum
2862 1827 3064 1879 nosset
3093 1840 3156 1879 se
3184 1822 3288 1878 illa
3335 1823 3428 1879 die
3476 1829 3535 1880 et
3582 1824 3728 1880 bora
3758 1841 3788 1882 e

2133 1909 2349 1982 palatio
2381 1911 2591 1981 pedem
2625 1928 2739 1966 non
2789 1911 3098 1966 extulisse.
3155 1913 3345 1983 Certo,
3405 1913 3618 1984 inquit,
3654 1913 3787 1968 novi

2132 1997 2402 2070 angelum
2434 1999 2670 2055 Domini
2705 2016 2835 2056 esse
2867 2000 2966 2072 qui
3012 1988 3068 2056 te
3099 2000 3392 2056 allocutus
3442 2006 3566 2073 est;
3605 2006 3786 2073 utque

2126 2087 2368 2158 jussum
2397 2092 2486 2142 est
2517 2088 2718 2146 facito.
2749 2089 2966 2144 Omnes
2997 2105 3168 2160 porro
3197 2089 3326 2162 pilae
3356 2090 3604 2147 interius
3629 2095 3784 2146 exte-

2137 2177 2379 2249 riusque
2414 2177 2618 2233 ferreis
2644 2179 2912 2234 vectibus
2956 2179 3357 2235 ferruminatas
3402 2183 3678 2235 tenentur
3723 2183 3790 2235 ut

2135 2267 2290 2322 inter
2319 2283 2380 2322 se
2411 2266 2692 2334 haereant,
2743 2275 2796 2322 et
2839 2268 3096 2324 immota:
3145 2269 3494 2339 consistant,
3544 2269 3793 2341 oleoque

2137 2359 2194 2411 et
2250 2355 2406 2411 calce
2464 2356 2734 2412 obductae
2779 2372 2792 2411 :
2845 2361 2903 2411 et
2957 2357 3040 2413 ita
3096 2358 3391 2414 variorum
3426 2373 3790 2414 marmorum

2139 2445 2596 2502 incrustationes
2629 2449 2840 2517 aptatas
2873 2447 3054 2502 fuere.

368 2588 452 2642 Ex
482 2587 671 2662 insula
703 2586 885 2642 Rhodo
907 2588 1105 2662 lateres
1138 2587 1208 2642 ad
1230 2589 1405 2662 Tralli
1432 2593 1767 2645 structuram
1798 2591 2136 2661 aﬂerunlur.
2171 2591 2445 2662 Reliquiw
2473 2596 2790 2655 sanctorum
2809 2594 2870 2648 in
2890 2592 3184 2648 duodecim
3203 2608 3274 2648 ex
3313 2593 3386 2648 iis
3428 2601 3792 2662 reponuntur.

440 2658 766 2734 gacerdotes
794 2675 894 2734 pro
925 2661 1172 2716 ecclesiae
1219 2660 1483 2734 ﬁrmitate
1511 2677 1697 2732 preces
1745 2658 2012 2734 fundunt.
2065 2658 2449 2719 Commissum:
2495 2680 2559 2719 ac
2605 2662 2830 2734 reliqua
2876 2670 3210 2719 ornamenta
3249 2681 3387 2721 auro
3427 2658 3791 2721 abducuntur.

441 2731 648 2808 Templi
657 2803 666 2808 Α
675 2731 1084 2808 parvimeatam
1110 2733 1368 2802 pretiosis
1396 2731 1634 2808 ornatur
1660 2731 2049 2791 marmoribus.
2085 2735 2288 2792 Latera
2319 2737 2457 2793 item
2476 2736 2649 2791 variis
2678 2731 3048 2791 marmoribus
3075 2737 3375 2805 decoravit,
3397 2753 3460 2793 ac
3481 2738 3795 2808 ingentibus

439 2807 492 2858 et
520 2803 773 2873 pretiosis
803 2803 1086 2874 lapidibus
1114 2807 1449 2860 constravit.

444 2923 759 2980 ’Δπὲστειλε
790 2922 846 2980 δὲ
895 2926 922 2979 6
977 2925 1232 3002 βασιλεὺς
1279 2925 1534 3002 Τρώϊλον
1587 2927 1676 2981 τὸν
1727 2923 2024 2983 κουϐικου-

377 3012 608 3088 λάρίον,
664 3013 754 3070 καὶ
815 3012 1099 3086 Θεόδωρον
1158 3014 1444 3091 πατρίκιον
1483 3061 1496 3087 ,
1568 3016 1660 3070 καὶ
1736 3017 2022 3074 Βασίλειον

372 3102 692 3177 κοιαίστορα
746 3103 798 3158 ἐν
850 3108 919 3178 τῇ
977 3102 1148 3176 Ῥόδῳ
1207 3106 1380 3177 νήσῳ,
1438 3105 1530 3159 καὶ
1585 3102 1794 3179 ἔκαμον
1856 3107 2027 3161 ἐκεῖσε

374 3192 508 3264 μετᾶ
549 3189 735 3261 πηλοῦ
797 3191 1014 3268 βήσαλα
1065 3193 1386 3266 ἷσόσταθμα,
1441 3194 1529 3247 καὶ
1588 3195 1833 3267 ἱσόμηκα
1881 3216 2027 3267 παμ-

373 3279 604 3356 μεγέθη,
661 3282 1043 3360 σφραγίζοντες
1103 3281 1297 3349 οὕτως,
1362 3307 1388 3333 ‹‹
1446 3284 1508 3340 Ὁ
1540 3284 1670 3345 Θεὸς
1728 3281 2026 3356 ἐθεμελίω-

368 3391 455 3424 σεν
511 3371 702 3442 αὐτὴν,
757 3373 847 3426 καὶ
909 3373 972 3426 οὗ
1033 3371 1448 3440 σαλευθησεται·
1487 3373 1750 3447 βοηθήσει
1799 3373 1936 3448 αὐτῇ
1999 3373 2026 3427 ὁ

2207 2931 2370 2987 Misit
2384 2931 2923 3004 veroimperatorin
2949 2931 3206 2988 insulam
3232 2932 3502 2989 Rhodum
3529 2932 3790 2990 Troilum

2138 3019 2588 3091 cubicularium,
2621 3021 2994 3076 Theodorum
3041 3022 3355 3093 patricium
3385 3026 3443 3079 et
3474 3022 3788 3079 Basilidem

2138 3115 2529 3179 quaestorem:
2557 3110 2658 3180 qui
2699 3109 2780 3164 ibi
2819 3126 2887 3164 ex
2912 3115 3072 3166 creta
3093 3111 3358 3180 ingentes
3396 3111 3608 3167 lateres
3626 3112 3786 3184 paris

2139 3197 2416 3268 ponderis
2433 3203 2490 3252 et
2509 3197 2900 3269 longitudinis
2921 3199 3320 3265 confecerunt,
3343 3199 3420 3254 ita
3446 3200 3784 3272 inscriptos.

2140 3308 2169 3337 «
2203 3287 2358 3342 Deus
2391 3287 2658 3342 fundavit
2687 3303 2838 3354 eam,
2869 3291 2926 3342 et
2975 3303 3091 3342 non
3139 3288 3606 3343 commovebitur
3636 3303 3652 3345 :
3685 3289 3786 3344 ad-

2133 3376 2369 3448 juvabit
2419 3392 2548 3431 eam
2608 3381 2761 3432 Deus
2815 3392 2987 3431 mane
3045 3375 3330 3432 diliculo:
3368 3399 3396 3425 »
3427 3381 3605 3448 atque
3653 3376 3784 3445 hos,

369 3460 498 3522 Θεὸς
543 3461 608 3516 τὸ
665 3461 802 3536 πρὸς
857 3459 1005 3538 πρωΐ
1061 3459 1228 3536 πρωί.
1294 3463 1448 3516 »Καὶ
1481 3458 1897 3537 διαμετροῦντες
1929 3461 2019 3517 αὐ-

2137 3482 2270 3521 cum
2302 3482 2506 3520 eorum
2520 3463 2737 3521 molem
2764 3470 2962 3521 essent
2980 3465 3348 3529 dimensi,ad
3368 3465 3780 3537 imperatorem

366 3553 472 3603 τῶν
531 3551 632 3620 τὴν
690 3549 990 3621 ποσότητα,
1052 3549 1386 3606 ἀπέστελλον
1440 3555 1520 3622 τῷ
1579 3552 1815 3626 βασιλεῖ.
1863 3549 2024 3626 Ὁνδὲ

368 3640 605 3712 σταθμὸς
673 3643 779 3693 τῶν
863 3637 1076 3694 δώδεκα
1157 3639 1416 3715 βησάλων
1477 3639 1692 3695 ἐκείνων
1749 3640 2022 3717 ἡμετέρου

372 3725 622 3803 βησάλου
681 3728 793 3783 ἐστὶ
835 3730 1072 3801 σταθμὸς
1102 3728 1239 3796 ἐνὸς,
1275 3726 1365 3782 διὰ
1417 3728 1479 3782 τὸ
1518 3729 1668 3796 εἶναι,
1699 3732 1799 3797 τήν
1839 3729 2019 3800 πηλὸν

366 3815 571 3888 ἐκείνην
617 3817 854 3896 ἐλαφρὰν
902 3817 1060 3889 πάνυ,
1106 3818 1194 3871 καὶ
1231 3815 1586 3892 σπογγοειδῆ,
1647 3817 1738 3871 καὶ
1793 3822 2017 3894 κοῦφον,

366 3908 453 3960 καὶ
487 3904 866 3981 λευκόχρωον.
927 3907 1019 3960 Διὸ
1049 3905 1137 3960 καὶ
1172 3905 1339 3981 λόγος
1372 3907 1649 3981 ἱστορικὸς
1707 3905 2018 3983 ἐμφέρεται,

364 3995 617 4070 κισηρίου
650 3994 790 4049 ἐστὶν
825 3996 852 4049 ὁ
898 3994 1171 4071 Τροῦλοςο
1233 3993 1360 4050 ἀλλ’
1418 3996 1519 4050 οὐκ
1570 3993 1680 4050 ἔστι
1716 3996 1831 4069 μὲν,
1893 3993 2020 4050 ἐλα-

367 4085 499 4160 φρὸς
549 4081 606 4139 δὲ
665 4084 919 4160 ὑπάρχει.
981 4086 1109 4140 Μετ’
1166 4084 1342 4138 αὐτων
1396 4081 1454 4138 δὶ
1482 4083 2019 4157 ἀνοικοδομήσαντες

362 4174 458 4236 τὰς
513 4175 770 4250 τέσσαρας
827 4173 1065 4251 μεγάλας
1126 4171 1365 4247 ἀψίδας’
1425 4173 1514 4228 καὶ
1575 4174 1862 4248 ἀρξάμενοι
1922 4195 2018 4228 κυ-

364 4262 500 4318 λίειν
575 4264 667 4318 τὸν
745 4263 1030 4339 Τροῦλον,
1093 4260 1306 4317 δώδεκα
1367 4261 1586 4338 βήσαλα
1635 4263 1865 4328 ἐτίθουν·
1925 4266 2012 4319 καὶ

362 4351 662 4426 ἀναμεταξὺ
719 4357 825 4409 τῶν
876 4351 1085 4408 δώδεκα
1146 4351 1404 4428 βησάλων
1464 4351 1684 4407 ἐποίουν
1743 4355 1795 4407 οἱ
1853 4354 2017 4426 ἱερεῖς

362 4442 530 4518 εὐχὴν
582 4442 706 4518 περὶ
765 4441 1070 4505 συστόίσεως
1121 4440 1453 4512 ἐκκλησίας,
1526 4443 1614 4496 καὶ
1685 4440 1902 4497 ἐποίουν
1963 4445 2014 4498 οἱ

360 4532 569 4588 κτίσται
630 4537 766 4588 κατά
823 4529 1034 4587 δώδεκα
1096 4531 1316 4607 βήσαλα
1373 4526 1900 4604 ὁπὴν,ἐμϐαλόντες
1961 4531 2012 4587 ἐν

361 4627 478 4685 ταῖς
512 4624 672 4686 ὀπαῖς
703 4623 862 4696 τίμια
909 4622 998 4678 καὶ
1051 4623 1180 4696 ἅγια
1227 4620 1459 4696 Λείψανα
1491 4619 1764 4698 διαφόρων
1819 4620 2014 4696 ἁγίων,

362 4708 464 4774 ἕως
527 4713 588 4766 οῦ
646 4712 939 4783 ἐτελειώθη
990 4713 1018 4767 ὁ
1066 4710 1331 4782 Τροῦλος.
1381 4712 1483 4767 Ἦν
1537 4707 1649 4765 δὲὸ
1699 4710 2018 4785 νεωτερικὸς

363 4797 544 4876 ὄρθιος
601 4802 915 4875 ἱστάμενος.
973 4801 1075 4856 Καὶ
1133 4802 1226 4856 εἶθ’
1284 4799 1458 4863 οὕτως
1500 4797 1894 4874 πληρώσαντες
1921 4801 2017 4861 τὰς

364 4887 621 4965 λαμπρὰς
687 4890 777 4945 καὶ
833 4888 1192 4966 περικαλλεῖς
1255 4887 1818 4964 ὀρθομαρμαρώσεις,
1891 4908 2015 4942 κατ-

364 4979 680 5054 εχρύσωσαν
713 4980 809 5041 τὰς
855 4978 1053 5048 ζεύξεις
1109 4983 1216 5034 τῶν
1277 4976 1742 5053 ἀρθομαρμάρων,
1773 4977 1862 5030 καὶ
1917 4976 2012 5039 τὰς

361 5067 600 5146 κεφαλὰς
651 5073 760 5124 τῶν
819 5067 1040 5136 κιόνων,
1093 5068 1200 5123 καὶ
1239 5069 1333 5130 τὰς
1391 5066 1684 5142 λαγαρικᾶ,
1737 5065 1827 5120 καὶ
1886 5064 2012 5128 τοὺς

360 5161 640 5230 κοσμήτας
689 5162 797 5212 τῶν
851 5157 1132 5233 ὑπερῴων,
1189 5161 1298 5211 τῶν
1354 5177 1413 5212 τε
1444 5153 1713 5232 διορόφων
1743 5175 1832 5209 και
1862 5175 2012 5228 τριο-

362 5247 565 5326 ρόφων.
627 5246 941 5323 Ἐχρύσωσε
997 5243 1054 5300 δὲ
1109 5247 1284 5300 πάντα
1341 5245 1401 5300 ἐκ
1457 5243 1690 5321 χρυσίου
1754 5246 2012 5319 καθαροῦ,

360 5337 598 5392 πετάλου
650 5338 713 5391 τὸ
771 5335 1062 5411 σῦμπαχον
1121 5340 1218 5389 τοῦ
1273 5336 1666 5410 χρυσώματος,
1725 5329 2008 5387 δακτύλων

361 5421 477 5480 δύου
537 5425 662 5487 τοὺς
693 5423 749 5480 δὲ
780 5424 1014 5502 ὀρόφους
1044 5424 1268 5492 πάντας,
1325 5423 1430 5477 ἀπό
1468 5443 1528 5477 τι
1577 5427 1684 5477 τῶν
1750 5422 2008 5494 ὑπερῴων

358 5519 466 5569 τῶν
521 5511 792 5592 διορόφων
845 5515 937 5570 καὶ
990 5518 1099 5569 τῶν
1145 5513 1205 5569 ἐκ
1259 5511 1517 5587 πλαγίου,
1546 5513 1634 5566 καὶ
1669 5516 1778 5565 τῶν
1831 5511 2008 5583 πέριξ,

359 5603 450 5658 καὶ
516 5609 621 5658 τῶν
680 5605 951 5675 τεσσάρων
1009 5605 1337 5679 ναρθήκων,
1388 5600 1774 5674 κατεχρύσωσε
1827 5599 1894 5654 τά
1952 5621 2012 5654 τε

360 5689 534 5770 ὅροφα
589 5692 640 5762 ἐξ
699 5690 914 5746 ὑελίνου
972 5697 1181 5768 χρυσοῦ
1229 5690 1629 5766 λαμπρότατα,
1690 5688 1780 5743 καὶ
1843 5690 2009 5764 μέχρι

361 5785 468 5835 τῶν
522 5780 676 5858 πὲριξ
731 5778 1047 5854 προαυλίων
1082 5801 1098 5815 ο
1175 5779 1436 5843 ὡσαύτως
1492 5777 1774 5855 ἐχρύσωσε
1827 5779 1894 5834 τά
1948 5800 2008 5835 τε

2135 3555 2448 3611 miserunt.
2487 3555 2804 3611 Duodecim
2853 3571 2985 3611 vero
3040 3555 3252 3611 lateres
3283 3555 3626 3627 hujusmodi
3679 3554 3784 3609 uni

2133 3648 2469 3700 nostrorum
2503 3644 2760 3716 pondere
2790 3661 2961 3716 pares
2991 3649 3168 3711 sunt;
3196 3645 3430 3715 quodin
3463 3660 3652 3716 genus
3675 3643 3785 3700 luti

2130 3733 2497 3789 levissimum
2513 3733 3004 3806 sit,spongiosum
3024 3738 3081 3789 et
3105 3732 3594 3789 candidum.Hinc
3611 3733 3782 3790 etiam

2129 3821 2368 3877 Trullus
2404 3821 2676 3893 pumicea
2723 3839 2852 3878 esse
2896 3821 3069 3892 vulgo
3092 3822 3384 3891 creditur;
3420 3823 3523 3878 sed
3555 3839 3672 3877 non
3704 3823 3786 3878 ita

2131 3927 2192 3966 se
2221 3927 2312 3965 res
2345 3909 2543 3976 habet,
2581 3911 2856 3982 quamvis
2886 3911 2966 3965 sit
2993 3911 3316 3966 levissima.
3347 3911 3496 3967 Tum
3528 3914 3784 3983 quatuor

2129 3999 2389 4070 ingentis
2421 3999 2590 4054 molis
2623 3999 2832 4054 structi
2867 3999 3115 4055 fornices
3149 4015 3162 4054 :
3197 4003 3404 4070 postea
3431 4015 3564 4055 vero
3612 3999 3782 4055 Trul-

2127 4088 2250 4143 lum
2283 4089 2343 4142 in
2376 4088 2692 4144 rotundam
2717 4088 2963 4143 formam
2988 4088 3274 4144 aediﬁcare
3295 4088 3436 4152 orsi,
3458 4104 3538 4143 xu
3564 4087 3779 4145 lateres

2128 4181 2472 4248 posuerunt,
2505 4182 2562 4232 et
2591 4177 2744 4232 inter
2773 4193 2854 4231 x11
2887 4177 3098 4233 lateres
3147 4178 3501 4247 sacerdotes,
3551 4192 3657 4248 pro
3686 4193 3781 4233 ec-

2127 4264 2315 4319 clesiis
2348 4268 2647 4320 structura
2675 4264 3021 4320 etﬁrmitate
3044 4280 3247 4336 preces
3274 4264 3619 4320 fundebant.
3638 4263 3784 4319 Hinc

2126 4369 2311 4424 operas
2343 4354 2403 4408 in
2432 4353 2687 4426 singulis
2717 4353 3008 4410 duodenis
3044 4353 3328 4410 lateribus
3357 4352 3596 4426 singula
3623 4353 3783 4409 fora-

2127 4443 2290 4498 mina
2319 4447 2622 4514 excavant,
2677 4443 2899 4515 quibus
2949 4441 3314 4499 venerabiles
3362 4447 3421 4499 et
3451 4459 3652 4499 sacras
3681 4459 3782 4498 va-

2124 4532 2349 4588 riorum
2389 4538 2732 4588 sanctorum
2789 4532 3074 4605 reliquias
3124 4533 3544 4602 immittebant,
3595 4534 3780 4588 donec

2127 4622 2380 4690 perfecta
2411 4628 2468 4677 et
2499 4622 2770 4678 absoluta
2798 4622 3036 4679 Trullus
3077 4626 3252 4679 esset.
3287 4623 3423 4677 Erat
3452 4627 3648 4678 autem
3680 4621 3780 4678 illa

2125 4710 2406 4767 insolenti
2437 4716 2495 4768 et
2527 4728 2675 4767 novo
2720 4711 2954 4766 fabricae
3003 4726 3216 4783 genere
3261 4710 3538 4766 sublimis
3584 4709 3776 4765 consi-

2126 4807 2302 4856 stens.
2342 4806 2424 4855 Ac
2451 4801 2665 4856 deinde
2695 4799 2984 4856 absolutis
3013 4799 3381 4871 elegantibus
3411 4797 3529 4854 illis
3559 4801 3618 4855 et
3647 4814 3774 4854 ma-

2125 4889 2355 4960 gniﬁcis
2405 4889 2753 4945 marmoreis
2793 4889 3348 4954 inscrutationibus,
3381 4904 3584 4944 earum
3615 4903 3776 4944 com-

2126 4979 2415 5034 missuras
2459 4995 2602 5034 auro
2650 4970 3048 5044 abduxerunt,
3107 4994 3334 5032 necnon
3365 4977 3774 5032 columnarum

2123 5066 2392 5138 capitalia
2421 5072 2478 5123 et
2501 5066 2870 5139 anaglypha;
2897 5067 3234 5139 pariterque
3267 5065 3566 5138 perystilia
3597 5065 3778 5138 porti—

2123 5172 2300 5211 cuum
2331 5157 2605 5213 secundas
2637 5159 2940 5228 tertiisque
2971 5155 3520 5212 concamerationis.
3568 5155 3780 5210 Omnia

2122 5246 2364 5301 demum
2394 5263 2537 5301 auro
2570 5263 2715 5318 puro
2738 5247 2992 5302 obducta
3023 5249 3080 5301 et
3109 5246 3378 5301 decorata
3400 5248 3567 5312 sunt;
3605 5244 3776 5314 cujus

2121 5333 2356 5389 laminae
2425 5336 2542 5390 duo
2599 5335 2806 5407 spissae
2864 5335 3084 5407 digitos
3153 5339 3343 5389 erant.
3405 5334 3580 5390 Tecta
3635 5333 3777 5389 item

2121 5423 2321 5478 omnia
2367 5423 2486 5480 sive
2517 5441 2551 5480 a
2577 5424 2866 5496 superiori
2904 5424 3130 5496 porticu
3165 5423 3434 5479 secundas
3466 5438 3776 5479 concame-

2123 5512 2388 5581 rationis,
2421 5513 2542 5568 sive
2574 5531 2607 5567 a
2637 5512 2924 5568 lateribus
2980 5517 3039 5568 et
3088 5512 3236 5567 locis
3311 5512 3772 5583 circumpositis,

2119 5607 2485 5673 quatuorque
2525 5602 2905 5658 narthecibus
2939 5617 3124 5673 usque
3173 5602 3245 5657 ad
3295 5601 3775 5671 circumjacentia

2121 5690 2411 5746 vestibula
2440 5707 2584 5746 auro
2615 5691 2954 5747 encaustico
2984 5707 3158 5762 opere
3206 5691 3471 5747 confecto
3510 5689 3772 5760 splendi-

2120 5778 2364 5835 dissime
2393 5779 2698 5837 exornavit
2741 5797 2754 5836 :
2797 5779 3061 5852 porticus
3109 5779 3250 5835 item
3293 5777 3646 5852 superiores,
3678 5794 3770 5834 co-
