  <div class='ocr_page' id='page_1' title='image "/cluster/home/n/w/nwhite01/storage/ocr_20150623/122:no.2/coo.31924054870278/659.png"; bbox 0 0 4142 6386; ppageno 0'>
   <div class='ocr_carea' id='block_1_1' title="bbox 399 413 555 472">
    <p class='ocr_par' dir='ltr' id='par_1_1' title="bbox 399 413 555 472">
     <span class='ocr_line' id='line_1_1' title="bbox 399 413 555 472; baseline 0 0"><span class='ocrx_word' id='word_1_1' title='bbox 399 414 427 472; x_wconf 81' lang='grc'><strong>1</strong></span> <span class='ocrx_word' id='word_1_2' title='bbox 439 413 555 472; x_wconf 87' lang='grc'><strong>303</strong></span> 
     </span>
    </p>
   </div>
   <div class='ocr_carea' id='block_1_2' title="bbox 1365 417 2853 481">
    <p class='ocr_par' dir='ltr' id='par_1_2' title="bbox 1365 417 2853 481">
     <span class='ocr_line' id='line_1_2' title="bbox 1365 417 2853 481; baseline -0.001 -1"><span class='ocrx_word' id='word_1_3' title='bbox 1365 419 1761 481; x_wconf 86' lang='lat' dir='ltr'><strong>APPENDIX</strong></span> <span class='ocrx_word' id='word_1_4' title='bbox 1803 420 1906 480; x_wconf 81' lang='lat' dir='ltr'><strong>AD</strong></span> <span class='ocrx_word' id='word_1_5' title='bbox 1952 419 2414 481; x_wconf 84' lang='lat' dir='ltr'><strong>MIGHAELEM</strong></span> <span class='ocrx_word' id='word_1_6' title='bbox 2459 417 2853 481; x_wconf 85' lang='lat' dir='ltr'><strong>PSELLUM.</strong></span> 
     </span>
    </p>
   </div>
   <div class='ocr_carea' id='block_1_3' title="bbox 3662 413 3824 476">
    <p class='ocr_par' dir='ltr' id='par_1_3' title="bbox 3662 413 3824 476">
     <span class='ocr_line' id='line_1_3' title="bbox 3662 413 3824 476; baseline -0.012 -1"><span class='ocrx_word' id='word_1_7' title='bbox 3662 413 3824 476; x_wconf 75' lang='grc'><strong>1304</strong></span> 
     </span>
    </p>
   </div>
   <div class='ocr_carea' id='block_1_4' title="bbox 395 543 2062 625">
    <p class='ocr_par' dir='ltr' id='par_1_4' title="bbox 395 543 2055 624">
     <span class='ocr_line' id='line_1_4' title="bbox 395 543 2055 624; baseline 0.005 -25"><span class='ocrx_word' id='word_1_8' title='bbox 395 543 642 600; x_wconf 87' lang='lat' dir='ltr'><strong>lumnas</strong></span> <span class='ocrx_word' id='word_1_9' title='bbox 692 551 749 601; x_wconf 93' lang='lat' dir='ltr'><strong>et</strong></span> <span class='ocrx_word' id='word_1_10' title='bbox 796 548 1254 606; x_wconf 87' lang='lat' dir='ltr'><strong>incrustationes</strong></span> <span class='ocrx_word' id='word_1_11' title='bbox 1288 567 1651 608; x_wconf 82' lang='lat' dir='ltr'><strong>marmoreas</strong></span> <span class='ocrx_word' id='word_1_12' title='bbox 1706 553 1833 624; x_wconf 89' lang='lat' dir='ltr'><strong>pari</strong></span> <span class='ocrx_word' id='word_1_13' title='bbox 1884 569 2055 607; x_wconf 88' lang='lat' dir='ltr'><strong>orna-</strong></span> 
     </span>
    </p>
   </div>
   <div class='ocr_carea' id='block_1_5' title="bbox 2175 543 3826 625">
    <p class='ocr_par' dir='ltr' id='par_1_5' title="bbox 2175 543 3826 625">
     <span class='ocr_line' id='line_1_5' title="bbox 2175 543 3826 625; baseline -0.002 -20"><span class='ocrx_word' id='word_1_14' title='bbox 2175 551 2390 625; x_wconf 83' lang='grc' dir='ltr'>ὑπερῷα</span> <span class='ocrx_word' id='word_1_15' title='bbox 2418 547 2666 612; x_wconf 74' lang='grc' dir='ltr'>καὶτοὺς</span> <span class='ocrx_word' id='word_1_16' title='bbox 2705 547 2916 616; x_wconf 84' lang='grc' dir='ltr'>κίονας,</span> <span class='ocrx_word' id='word_1_17' title='bbox 2975 544 3067 601; x_wconf 82' lang='grc' dir='ltr'><strong>καὶ</strong></span> <span class='ocrx_word' id='word_1_18' title='bbox 3122 544 3219 607; x_wconf 75' lang='grc' dir='ltr'>τὰς</span> <span class='ocrx_word' id='word_1_19' title='bbox 3272 543 3826 620; x_wconf 83' lang='grc' dir='ltr'>ὀρθομαρμαρώσεις.</span> 
     </span>
    </p>
   </div>
   <div class='ocr_carea' id='block_1_6' title="bbox 401 636 2052 714">
    <p class='ocr_par' dir='ltr' id='par_1_6' title="bbox 401 636 2052 714">
     <span class='ocr_line' id='line_1_6' title="bbox 401 636 2052 714; baseline 0.005 -26"><span class='ocrx_word' id='word_1_20' title='bbox 401 640 602 690; x_wconf 89' lang='lat' dir='ltr'><strong>mento</strong></span> <span class='ocrx_word' id='word_1_21' title='bbox 632 636 952 693; x_wconf 82' lang='lat' dir='ltr'><strong>decoravit.</strong></span> <span class='ocrx_word' id='word_1_22' title='bbox 977 639 1206 712; x_wconf 86' lang='lat' dir='ltr'>Templi</span> <span class='ocrx_word' id='word_1_23' title='bbox 1247 657 1487 714; x_wconf 88' lang='lat' dir='ltr'><strong>quoque</strong></span> <span class='ocrx_word' id='word_1_24' title='bbox 1516 641 1922 713; x_wconf 79' lang='lat' dir='ltr'><strong>pavimentum</strong></span> <span class='ocrx_word' id='word_1_25' title='bbox 1953 658 2052 696; x_wconf 89' lang='lat' dir='ltr'><strong>va-</strong></span> 
     </span>
    </p>
   </div>
   <div class='ocr_carea' id='block_1_7' title="bbox 403 723 2054 798">
    <p class='ocr_par' dir='ltr' id='par_1_7' title="bbox 403 723 2054 798">
     <span class='ocr_line' id='line_1_7' title="bbox 403 723 2054 798; baseline 0.005 -21"><span class='ocrx_word' id='word_1_26' title='bbox 403 723 507 778; x_wconf 88' lang='lat' dir='ltr'><strong>riis</strong></span> <span class='ocrx_word' id='word_1_27' title='bbox 556 726 949 798; x_wconf 89' lang='lat' dir='ltr'><strong>pretiosisque</strong></span> <span class='ocrx_word' id='word_1_28' title='bbox 1000 729 1398 786; x_wconf 80' lang='lat' dir='ltr'><strong>marmoribus</strong></span> <span class='ocrx_word' id='word_1_29' title='bbox 1450 730 1696 786; x_wconf 91' lang='lat' dir='ltr'><strong>ornavit.</strong></span> <span class='ocrx_word' id='word_1_30' title='bbox 1751 730 2054 786; x_wconf 89' lang='lat' dir='ltr'><strong>Laleribus</strong></span> 
     </span>
    </p>
   </div>
   <div class='ocr_carea' id='block_1_8' title="bbox 403 815 2056 891">
    <p class='ocr_par' dir='ltr' id='par_1_8' title="bbox 403 815 2056 891">
     <span class='ocr_line' id='line_1_8' title="bbox 403 815 2056 891; baseline 0.006 -26"><span class='ocrx_word' id='word_1_31' title='bbox 403 829 538 868; x_wconf 91' lang='lat' dir='ltr'><strong>vero</strong></span> <span class='ocrx_word' id='word_1_32' title='bbox 571 815 937 873; x_wconf 76' lang='lat' dir='ltr'><strong>extrinsecus</strong></span> <span class='ocrx_word' id='word_1_33' title='bbox 977 822 1034 872; x_wconf 94' lang='lat' dir='ltr'><strong>et</strong></span> <span class='ocrx_word' id='word_1_34' title='bbox 1063 835 1093 873; x_wconf 90' lang='lat' dir='ltr'><strong>e</strong></span> <span class='ocrx_word' id='word_1_35' title='bbox 1123 818 1314 874; x_wconf 89' lang='lat' dir='ltr'><strong>vicino</strong></span> <span class='ocrx_word' id='word_1_36' title='bbox 1366 820 1576 888; x_wconf 85' lang='lat' dir='ltr'><strong>positis</strong></span> <span class='ocrx_word' id='word_1_37' title='bbox 1615 819 1943 891; x_wconf 88' lang='lat' dir='ltr'><strong>perpolitis,</strong></span> <span class='ocrx_word' id='word_1_38' title='bbox 1988 836 2056 875; x_wconf 89' lang='lat' dir='ltr'><strong>ea</strong></span> 
     </span>
    </p>
   </div>
   <div class='ocr_carea' id='block_1_9' title="bbox 405 904 2052 981">
    <p class='ocr_par' dir='ltr' id='par_1_9' title="bbox 405 904 2052 981">
     <span class='ocr_line' id='line_1_9' title="bbox 405 904 2052 981; baseline 0.005 -26"><span class='ocrx_word' id='word_1_39' title='bbox 405 904 674 960; x_wconf 85' lang='lat' dir='ltr'><strong>candidis</strong></span> <span class='ocrx_word' id='word_1_40' title='bbox 698 905 1087 978; x_wconf 84' lang='lat' dir='ltr'><strong>pretiosisque</strong></span> <span class='ocrx_word' id='word_1_41' title='bbox 1108 925 1174 963; x_wconf 91' lang='lat' dir='ltr'><strong>ac</strong></span> <span class='ocrx_word' id='word_1_42' title='bbox 1198 908 1537 980; x_wconf 84' lang='lat' dir='ltr'><strong>ingentibus</strong></span> <span class='ocrx_word' id='word_1_43' title='bbox 1569 909 1870 981; x_wconf 86' lang='lat' dir='ltr'><strong>lapidibus</strong></span> <span class='ocrx_word' id='word_1_44' title='bbox 1917 925 2052 964; x_wconf 88' lang='lat' dir='ltr'><strong>con-</strong></span> 
     </span>
    </p>
   </div>
   <div class='ocr_carea' id='block_1_10' title="bbox 404 992 1335 1048">
    <p class='ocr_par' dir='ltr' id='par_1_10' title="bbox 404 992 1335 1048">
     <span class='ocr_line' id='line_1_10' title="bbox 404 992 1335 1048; baseline 0.012 -3"><span class='ocrx_word' id='word_1_45' title='bbox 404 992 632 1048; x_wconf 80' lang='lat' dir='ltr'><strong>stravit.</strong></span> <span class='ocrx_word' id='word_1_46' title='bbox 1329 1016 1335 1023; x_wconf 84' lang='lat'>&#39;</span> 
     </span>
    </p>
   </div>
   <div class='ocr_carea' id='block_1_11' title="bbox 2164 632 3827 717">
    <p class='ocr_par' dir='ltr' id='par_1_11' title="bbox 2164 632 3827 717">
     <span class='ocr_line' id='line_1_11' title="bbox 2164 632 3827 717; baseline -0.003 -24"><span class='ocrx_word' id='word_1_47' title='bbox 2164 640 2234 693; x_wconf 88' lang='grc' dir='ltr'><strong>Τὸ</strong></span> <span class='ocrx_word' id='word_1_48' title='bbox 2268 637 2324 693; x_wconf 66' lang='grc' dir='ltr'>δὲ</span> <span class='ocrx_word' id='word_1_49' title='bbox 2352 636 2548 717; x_wconf 72' lang='grc' dir='ltr'>ἔδαφος</span> <span class='ocrx_word' id='word_1_50' title='bbox 2574 643 2672 693; x_wconf 80' lang='grc' dir='ltr'>τοῦ</span> <span class='ocrx_word' id='word_1_51' title='bbox 2701 642 2832 692; x_wconf 79' lang='grc' dir='ltr'>ναοῦ</span> <span class='ocrx_word' id='word_1_52' title='bbox 2862 635 3238 709; x_wconf 87' lang='grc' dir='ltr'>κατεκόσμησε</span> <span class='ocrx_word' id='word_1_53' title='bbox 3267 632 3358 689; x_wconf 78' lang='grc' dir='ltr'>διὰ</span> <span class='ocrx_word' id='word_1_54' title='bbox 3387 633 3659 690; x_wconf 74' lang='grc' dir='ltr'><strong>ποικίλων</strong></span> <span class='ocrx_word' id='word_1_55' title='bbox 3730 633 3827 689; x_wconf 81' lang='grc' dir='ltr'><strong>καὶ</strong></span> 
     </span>
    </p>
   </div>
   <div class='ocr_carea' id='block_1_12' title="bbox 2164 720 3830 804">
    <p class='ocr_par' dir='ltr' id='par_1_12' title="bbox 2164 720 3830 804">
     <span class='ocr_line' id='line_1_12' title="bbox 2164 720 3830 804; baseline -0.003 -21"><span class='ocrx_word' id='word_1_56' title='bbox 2164 726 2488 784; x_wconf 81' lang='grc' dir='ltr'>πολυτελῶν</span> <span class='ocrx_word' id='word_1_57' title='bbox 2520 729 2845 804; x_wconf 82' lang='grc' dir='ltr'>μαρμάρων·</span> <span class='ocrx_word' id='word_1_58' title='bbox 2881 725 2971 781; x_wconf 85' lang='grc' dir='ltr'><strong>καὶ</strong></span> <span class='ocrx_word' id='word_1_59' title='bbox 2997 720 3304 787; x_wconf 71' lang='grc' dir='ltr'>στιλϐώσας</span> <span class='ocrx_word' id='word_1_60' title='bbox 3329 721 3388 779; x_wconf 79' lang='grc' dir='ltr'>δὶ</span> <span class='ocrx_word' id='word_1_61' title='bbox 3415 722 3621 799; x_wconf 88' lang='grc' dir='ltr'>πλάγια</span> <span class='ocrx_word' id='word_1_62' title='bbox 3640 723 3729 780; x_wconf 85' lang='grc' dir='ltr'>καὶ</span> <span class='ocrx_word' id='word_1_63' title='bbox 3758 725 3830 778; x_wconf 74' lang='grc' dir='ltr'>τὰ</span> 
     </span>
    </p>
   </div>
   <div class='ocr_carea' id='block_1_13' title="bbox 2164 812 3826 893">
    <p class='ocr_par' dir='ltr' id='par_1_13' title="bbox 2164 812 3826 893">
     <span class='ocr_line' id='line_1_13' title="bbox 2164 812 3826 893; baseline -0.002 -21"><span class='ocrx_word' id='word_1_64' title='bbox 2164 815 2266 888; x_wconf 75' lang='grc' dir='ltr'><strong>ἕξω</strong></span> <span class='ocrx_word' id='word_1_65' title='bbox 2306 819 2392 872; x_wconf 85' lang='grc' dir='ltr'><strong>καὶ</strong></span> <span class='ocrx_word' id='word_1_66' title='bbox 2420 819 2487 873; x_wconf 78' lang='grc' dir='ltr'>τὰ</span> <span class='ocrx_word' id='word_1_67' title='bbox 2516 818 2668 893; x_wconf 82' lang='grc' dir='ltr'>πέριξ</span> <span class='ocrx_word' id='word_1_68' title='bbox 2697 816 3038 893; x_wconf 74' lang='grc' dir='ltr'><strong>κατέστρωσε</strong></span> <span class='ocrx_word' id='word_1_69' title='bbox 3066 813 3154 869; x_wconf 71' lang='grc' dir='ltr'>διὰ</span> <span class='ocrx_word' id='word_1_70' title='bbox 3188 813 3395 870; x_wconf 78' lang='grc' dir='ltr'>λευκῶν</span> <span class='ocrx_word' id='word_1_71' title='bbox 3445 813 3612 878; x_wconf 89' lang='grc' dir='ltr'>λίθων</span> <span class='ocrx_word' id='word_1_72' title='bbox 3645 812 3826 869; x_wconf 86' lang='grc' dir='ltr'>πολυ-</span> 
     </span>
    </p>
   </div>
   <div class='ocr_carea' id='block_1_14' title="bbox 2165 905 2670 982">
    <p class='ocr_par' dir='ltr' id='par_1_14' title="bbox 2165 905 2670 982">
     <span class='ocr_line' id='line_1_14' title="bbox 2165 905 2670 982; baseline 0.008 -23"><span class='ocrx_word' id='word_1_73' title='bbox 2165 905 2341 979; x_wconf 85' lang='grc' dir='ltr'>τίμων</span> <span class='ocrx_word' id='word_1_74' title='bbox 2380 907 2670 982; x_wconf 74' lang='grc' dir='ltr'><strong>μεγίστων.</strong></span> 
     </span>
    </p>
   </div>
   <div class='ocr_carea' id='block_1_15' title="bbox 401 1118 3826 1205">
    <p class='ocr_par' dir='ltr' id='par_1_15' title="bbox 401 1118 3826 1205">
     <span class='ocr_line' id='line_1_15' title="bbox 401 1118 3826 1205; baseline 0.001 -32"><span class='ocrx_word' id='word_1_75' title='bbox 401 1118 634 1174; x_wconf 84' lang='lat' dir='ltr'><strong>Sacrum</strong></span> <span class='ocrx_word' id='word_1_76' title='bbox 665 1120 822 1175; x_wconf 83' lang='lat' dir='ltr'><strong>bema</strong></span> <span class='ocrx_word' id='word_1_77' title='bbox 851 1139 923 1176; x_wconf 76' lang='lat' dir='ltr'><strong>ea:</strong></span> <span class='ocrx_word' id='word_1_78' title='bbox 949 1132 1175 1192; x_wconf 75' lang='lat' dir='ltr'><strong>argento</strong></span> <span class='ocrx_word' id='word_1_79' title='bbox 1204 1125 1454 1205; x_wconf 60' lang='lat' dir='ltr'><strong>con/egit.</strong></span> <span class='ocrx_word' id='word_1_80' title='bbox 1494 1125 1731 1191; x_wconf 81' lang='lat' dir='ltr'><strong>Ostiola,</strong></span> <span class='ocrx_word' id='word_1_81' title='bbox 1753 1133 1999 1205; x_wconf 56' lang='grc' dir='ltr'><strong>Δ(γιιιιιιιοῖ⁹</strong></span> <span class='ocrx_word' id='word_1_82' title='bbox 2026 1138 2274 1205; x_wconf 63' lang='lat' dir='ltr'><strong>mensas,</strong></span> <span class='ocrx_word' id='word_1_83' title='bbox 2299 1123 3011 1205; x_wconf 40' lang='lat' dir='ltr'><strong>arcaiopiscopivrhonum,</strong></span> <span class='ocrx_word' id='word_1_84' title='bbox 3023 1122 3438 1205; x_wconf 59' lang='lat' dir='ltr'><strong>enasci-dolum</strong></span> <span class='ocrx_word' id='word_1_85' title='bbox 3468 1121 3666 1205; x_wconf 64' lang='lat' dir='ltr'><strong>sedilia</strong></span> <span class='ocrx_word' id='word_1_86' title='bbox 3704 1137 3826 1205; x_wconf 65' lang='lat' dir='ltr'><strong>sep-</strong></span> 
     </span>
    </p>
   </div>
   <div class='ocr_carea' id='block_1_16' title="bbox 473 1193 3823 1266">
    <p class='ocr_par' dir='ltr' id='par_1_16' title="bbox 473 1193 3823 1266">
     <span class='ocr_line' id='line_1_16' title="bbox 473 1193 3823 1266; baseline 0.001 -21"><span class='ocrx_word' id='word_1_87' title='bbox 473 1200 603 1258; x_wconf 82' lang='lat' dir='ltr'><strong>tem,</strong></span> <span class='ocrx_word' id='word_1_88' title='bbox 646 1208 720 1246; x_wconf 69' lang='lat' dir='ltr'><strong>ex</strong></span> <span class='ocrx_word' id='word_1_89' title='bbox 746 1198 972 1262; x_wconf 80' lang='lat' dir='ltr'><strong>argento</strong></span> <span class='ocrx_word' id='word_1_90' title='bbox 1004 1193 1311 1250; x_wconf 63' lang='lat' dir='ltr'><strong>deaurata.</strong></span> <span class='ocrx_word' id='word_1_91' title='bbox 1349 1196 1561 1251; x_wconf 79' lang='lat' dir='ltr'><strong>Sancta</strong></span> <span class='ocrx_word' id='word_1_92' title='bbox 1607 1193 1925 1252; x_wconf 83' lang='lat' dir='ltr'><strong>sanctorum</strong></span> <span class='ocrx_word' id='word_1_93' title='bbox 1956 1198 2110 1266; x_wconf 74' lang='lat' dir='ltr'><strong>iri/ra</strong></span> <span class='ocrx_word' id='word_1_94' title='bbox 2137 1195 2338 1264; x_wconf 87' lang='lat' dir='ltr'><strong>gradus</strong></span> <span class='ocrx_word' id='word_1_95' title='bbox 2359 1193 2499 1249; x_wconf 32' lang='lat' dir='ltr'><strong>sita.’</strong></span> <span class='ocrx_word' id='word_1_96' title='bbox 2523 1193 2806 1251; x_wconf 86' lang='lat' dir='ltr'><strong>Ciborium</strong></span> <span class='ocrx_word' id='word_1_97' title='bbox 2835 1212 2901 1249; x_wconf 88' lang='lat' dir='ltr'><strong>ac</strong></span> <span class='ocrx_word' id='word_1_98' title='bbox 2929 1195 3146 1266; x_wconf 75' lang='lat' dir='ltr'><strong>reliqua</strong></span> <span class='ocrx_word' id='word_1_99' title='bbox 3178 1195 3376 1249; x_wconf 76' lang='lat' dir='ltr'><strong>altaris</strong></span> <span class='ocrx_word' id='word_1_100' title='bbox 3404 1193 3823 1249; x_wconf 78' lang='lat' dir='ltr'><strong>describuntur.</strong></span> 
     </span>
    </p>
   </div>
   <div class='ocr_carea' id='block_1_17' title="bbox 470 1265 3072 1339">
    <p class='ocr_par' dir='ltr' id='par_1_17' title="bbox 470 1265 3072 1339">
     <span class='ocr_line' id='line_1_17' title="bbox 470 1265 3072 1339; baseline 0.002 -23"><span class='ocrx_word' id='word_1_101' title='bbox 470 1265 645 1318; x_wconf 88' lang='lat' dir='ltr'><strong>Sacra</strong></span> <span class='ocrx_word' id='word_1_102' title='bbox 673 1280 861 1319; x_wconf 81' lang='lat' dir='ltr'><strong>mensa</strong></span> <span class='ocrx_word' id='word_1_103' title='bbox 890 1283 960 1321; x_wconf 60' lang='lat' dir='ltr'><strong>et:</strong></span> <span class='ocrx_word' id='word_1_104' title='bbox 989 1269 1166 1322; x_wconf 75' lang='lat' dir='ltr'><strong>variis</strong></span> <span class='ocrx_word' id='word_1_105' title='bbox 1194 1267 1476 1337; x_wconf 73' lang='lat' dir='ltr'><strong>lapidibus</strong></span> <span class='ocrx_word' id='word_1_106' title='bbox 1499 1271 1758 1339; x_wconf 75' lang='lat' dir='ltr'><strong>pretiosis</strong></span> <span class='ocrx_word' id='word_1_107' title='bbox 1788 1274 1837 1323; x_wconf 82' lang='lat' dir='ltr'><strong>et</strong></span> <span class='ocrx_word' id='word_1_108' title='bbox 1867 1265 2083 1322; x_wconf 71' lang='lat' dir='ltr'><strong>metalli</strong></span> <span class='ocrx_word' id='word_1_109' title='bbox 2108 1267 2402 1338; x_wconf 76' lang='lat' dir='ltr'><strong>generibus</strong></span> <span class='ocrx_word' id='word_1_110' title='bbox 2429 1282 2593 1339; x_wconf 83' lang='lat' dir='ltr'><strong>opere</strong></span> <span class='ocrx_word' id='word_1_111' title='bbox 2619 1267 2784 1338; x_wconf 79' lang='lat' dir='ltr'><strong>fusili</strong></span> <span class='ocrx_word' id='word_1_112' title='bbox 2811 1265 3072 1336; x_wconf 54' lang='lat' dir='ltr'><strong>con/lata)</strong></span> 
     </span>
    </p>
   </div>
   <div class='ocr_carea' id='block_1_18' title="bbox 471 1364 2060 1440">
    <p class='ocr_par' dir='ltr' id='par_1_18' title="bbox 471 1364 2060 1440">
     <span class='ocr_line' id='line_1_18' title="bbox 471 1364 2060 1440; baseline 0.004 -24"><span class='ocrx_word' id='word_1_113' title='bbox 471 1367 716 1418; x_wconf 85' lang='lat' dir='ltr'><strong>Sacrum</strong></span> <span class='ocrx_word' id='word_1_114' title='bbox 753 1364 924 1420; x_wconf 89' lang='lat' dir='ltr'><strong>bema</strong></span> <span class='ocrx_word' id='word_1_115' title='bbox 980 1382 1050 1421; x_wconf 81' lang='lat' dir='ltr'><strong>ex</strong></span> <span class='ocrx_word' id='word_1_116' title='bbox 1106 1371 1348 1438; x_wconf 88' lang='lat' dir='ltr'><strong>argento</strong></span> <span class='ocrx_word' id='word_1_117' title='bbox 1398 1367 1728 1439; x_wconf 89' lang='lat' dir='ltr'><strong>splendido,</strong></span> <span class='ocrx_word' id='word_1_118' title='bbox 1763 1366 2060 1440; x_wconf 79' lang='lat' dir='ltr'><strong>perystilia</strong></span> 
     </span>
    </p>
   </div>
   <div class='ocr_carea' id='block_1_19' title="bbox 403 1451 2056 1529">
    <p class='ocr_par' dir='ltr' id='par_1_19' title="bbox 403 1451 2056 1529">
     <span class='ocr_line' id='line_1_19' title="bbox 403 1451 2056 1529; baseline 0.003 -23"><span class='ocrx_word' id='word_1_119' title='bbox 403 1455 460 1506; x_wconf 88' lang='lat' dir='ltr'><strong>et</strong></span> <span class='ocrx_word' id='word_1_120' title='bbox 489 1451 796 1508; x_wconf 85' lang='lat' dir='ltr'><strong>columnas</strong></span> <span class='ocrx_word' id='word_1_121' title='bbox 828 1471 961 1509; x_wconf 89' lang='lat' dir='ltr'><strong>cum</strong></span> <span class='ocrx_word' id='word_1_122' title='bbox 995 1455 1222 1512; x_wconf 85' lang='lat' dir='ltr'><strong>ostiolis</strong></span> <span class='ocrx_word' id='word_1_123' title='bbox 1244 1474 1312 1512; x_wconf 79' lang='lat' dir='ltr'><strong>ex</strong></span> <span class='ocrx_word' id='word_1_124' title='bbox 1333 1463 1575 1529; x_wconf 79' lang='lat' dir='ltr'><strong>argento</strong></span> <span class='ocrx_word' id='word_1_125' title='bbox 1607 1460 1891 1514; x_wconf 86' lang='lat' dir='ltr'><strong>deaurata</strong></span> <span class='ocrx_word' id='word_1_126' title='bbox 1921 1474 2056 1513; x_wconf 89' lang='lat' dir='ltr'><strong>con-</strong></span> 
     </span>
    </p>
   </div>
   <div class='ocr_carea' id='block_1_20' title="bbox 407 1541 2057 1617">
    <p class='ocr_par' dir='ltr' id='par_1_20' title="bbox 407 1541 2057 1617">
     <span class='ocr_line' id='line_1_20' title="bbox 407 1541 2057 1617; baseline 0.004 -23"><span class='ocrx_word' id='word_1_127' title='bbox 407 1541 706 1597; x_wconf 84' lang='lat' dir='ltr'><strong>cinnavit:</strong></span> <span class='ocrx_word' id='word_1_128' title='bbox 751 1548 964 1599; x_wconf 89' lang='lat' dir='ltr'><strong>cuncta</strong></span> <span class='ocrx_word' id='word_1_129' title='bbox 1011 1549 1292 1617; x_wconf 88' lang='lat' dir='ltr'><strong>argentea</strong></span> <span class='ocrx_word' id='word_1_130' title='bbox 1340 1563 1483 1602; x_wconf 89' lang='lat' dir='ltr'><strong>auro</strong></span> <span class='ocrx_word' id='word_1_131' title='bbox 1531 1547 1729 1602; x_wconf 82' lang='lat' dir='ltr'><strong>oblita.</strong></span> <span class='ocrx_word' id='word_1_132' title='bbox 1782 1551 1844 1602; x_wconf 90' lang='lat' dir='ltr'><strong>In</strong></span> <span class='ocrx_word' id='word_1_133' title='bbox 1891 1563 2057 1602; x_wconf 90' lang='lat' dir='ltr'><strong>sacro</strong></span> 
     </span>
    </p>
   </div>
   <div class='ocr_carea' id='block_1_21' title="bbox 409 1631 2057 1704">
    <p class='ocr_par' dir='ltr' id='par_1_21' title="bbox 409 1631 2057 1704">
     <span class='ocr_line' id='line_1_21' title="bbox 409 1631 2057 1704; baseline 0.004 -19"><span class='ocrx_word' id='word_1_134' title='bbox 409 1635 604 1686; x_wconf 87' lang='lat' dir='ltr'><strong>autem</strong></span> <span class='ocrx_word' id='word_1_135' title='bbox 635 1631 862 1688; x_wconf 87' lang='lat' dir='ltr'><strong>bemate</strong></span> <span class='ocrx_word' id='word_1_136' title='bbox 892 1639 1148 1704; x_wconf 84' lang='lat' dir='ltr'><strong>quatuor</strong></span> <span class='ocrx_word' id='word_1_137' title='bbox 1202 1652 1439 1691; x_wconf 89' lang='lat' dir='ltr'><strong>mensas</strong></span> <span class='ocrx_word' id='word_1_138' title='bbox 1485 1635 1777 1693; x_wconf 89' lang='lat' dir='ltr'><strong>columnis</strong></span> <span class='ocrx_word' id='word_1_139' title='bbox 1826 1637 2057 1692; x_wconf 81' lang='lat' dir='ltr'><strong>innixas</strong></span> 
     </span>
    </p>
   </div>
   <div class='ocr_carea' id='block_1_22' title="bbox 409 1720 2055 1798">
    <p class='ocr_par' dir='ltr' id='par_1_22' title="bbox 409 1720 2055 1798">
     <span class='ocr_line' id='line_1_22' title="bbox 409 1720 2055 1798; baseline 0.004 -24"><span class='ocrx_word' id='word_1_140' title='bbox 409 1720 613 1789; x_wconf 84' lang='lat' dir='ltr'><strong>erexit,</strong></span> <span class='ocrx_word' id='word_1_141' title='bbox 648 1737 795 1792; x_wconf 90' lang='lat' dir='ltr'><strong>quas</strong></span> <span class='ocrx_word' id='word_1_142' title='bbox 841 1723 1016 1777; x_wconf 89' lang='lat' dir='ltr'><strong>etiam</strong></span> <span class='ocrx_word' id='word_1_143' title='bbox 1071 1740 1213 1779; x_wconf 88' lang='lat' dir='ltr'><strong>auro</strong></span> <span class='ocrx_word' id='word_1_144' title='bbox 1254 1725 1532 1782; x_wconf 84' lang='lat' dir='ltr'><strong>obduxit:</strong></span> <span class='ocrx_word' id='word_1_145' title='bbox 1565 1725 1900 1798; x_wconf 84' lang='lat' dir='ltr'><strong>pariterque</strong></span> <span class='ocrx_word' id='word_1_146' title='bbox 1923 1743 2055 1797; x_wconf 87' lang='lat' dir='ltr'><strong>sep-</strong></span> 
     </span>
    </p>
   </div>
   <div class='ocr_carea' id='block_1_23' title="bbox 2239 1359 3824 1439">
    <p class='ocr_par' dir='ltr' id='par_1_23' title="bbox 2239 1359 3824 1439">
     <span class='ocr_line' id='line_1_23' title="bbox 2239 1359 3824 1439; baseline 0.001 -21"><span class='ocrx_word' id='word_1_147' title='bbox 2239 1365 2312 1419; x_wconf 86' lang='grc' dir='ltr'><strong>Τὸ</strong></span> <span class='ocrx_word' id='word_1_148' title='bbox 2363 1361 2421 1418; x_wconf 80' lang='grc' dir='ltr'>δὲ</span> <span class='ocrx_word' id='word_1_149' title='bbox 2474 1365 2633 1438; x_wconf 76' lang='grc' dir='ltr'>ἅγιον</span> <span class='ocrx_word' id='word_1_150' title='bbox 2696 1365 3080 1439; x_wconf 81' lang='grc' dir='ltr'><strong>θυσιαστήριον</strong></span> <span class='ocrx_word' id='word_1_151' title='bbox 3131 1361 3182 1434; x_wconf 77' lang='grc' dir='ltr'>ἐξ</span> <span class='ocrx_word' id='word_1_152' title='bbox 3230 1363 3478 1438; x_wconf 84' lang='grc' dir='ltr'>ἀργύρου</span> <span class='ocrx_word' id='word_1_153' title='bbox 3538 1359 3824 1437; x_wconf 76' lang='grc' dir='ltr'>λαμπροῦ.</span> 
     </span>
    </p>
   </div>
   <div class='ocr_carea' id='block_1_24' title="bbox 2165 1450 3822 1528">
    <p class='ocr_par' dir='ltr' id='par_1_24' title="bbox 2165 1450 3822 1528">
     <span class='ocr_line' id='line_1_24' title="bbox 2165 1450 3822 1528; baseline -0.001 -21"><span class='ocrx_word' id='word_1_154' title='bbox 2165 1453 2231 1508; x_wconf 89' lang='grc' dir='ltr'><strong>τά</strong></span> <span class='ocrx_word' id='word_1_155' title='bbox 2306 1473 2364 1509; x_wconf 88' lang='grc' dir='ltr'><strong>τε</strong></span> <span class='ocrx_word' id='word_1_156' title='bbox 2422 1455 2620 1524; x_wconf 83' lang='grc' dir='ltr'>στήθεα</span> <span class='ocrx_word' id='word_1_157' title='bbox 2662 1455 2752 1508; x_wconf 86' lang='grc' dir='ltr'><strong>καὶ</strong></span> <span class='ocrx_word' id='word_1_158' title='bbox 2803 1453 3010 1525; x_wconf 85' lang='grc' dir='ltr'>κίονας,</span> <span class='ocrx_word' id='word_1_159' title='bbox 3067 1453 3293 1528; x_wconf 84' lang='grc' dir='ltr'>ἀργύρῳ</span> <span class='ocrx_word' id='word_1_160' title='bbox 3335 1451 3509 1507; x_wconf 88' lang='grc' dir='ltr'>πάντα</span> <span class='ocrx_word' id='word_1_161' title='bbox 3565 1450 3822 1527; x_wconf 75' lang='grc' dir='ltr'>περιεκύ-</span> 
     </span>
    </p>
   </div>
   <div class='ocr_carea' id='block_1_25' title="bbox 2165 1540 3824 1617">
    <p class='ocr_par' dir='ltr' id='par_1_25' title="bbox 2165 1540 3824 1617">
     <span class='ocr_line' id='line_1_25' title="bbox 2165 1540 3824 1617; baseline -0.001 -20"><span class='ocrx_word' id='word_1_162' title='bbox 2165 1542 2349 1598; x_wconf 88' lang='grc' dir='ltr'>κλωσε</span> <span class='ocrx_word' id='word_1_163' title='bbox 2380 1542 2475 1598; x_wconf 82' lang='grc' dir='ltr'><strong>σὺν</strong></span> <span class='ocrx_word' id='word_1_164' title='bbox 2505 1549 2622 1605; x_wconf 81' lang='grc' dir='ltr'>τοῖς</span> <span class='ocrx_word' id='word_1_165' title='bbox 2675 1543 2973 1599; x_wconf 90' lang='grc' dir='ltr'>πυλαιῶσι·</span> <span class='ocrx_word' id='word_1_166' title='bbox 3034 1542 3207 1597; x_wconf 89' lang='grc' dir='ltr'>πάντα</span> <span class='ocrx_word' id='word_1_167' title='bbox 3240 1543 3444 1617; x_wconf 82' lang='grc' dir='ltr'>ἀργυρᾶ</span> <span class='ocrx_word' id='word_1_168' title='bbox 3501 1540 3591 1596; x_wconf 78' lang='grc' dir='ltr'><strong>καί</strong></span> <span class='ocrx_word' id='word_1_169' title='bbox 3650 1561 3824 1617; x_wconf 88' lang='grc' dir='ltr'>χρυσ-</span> 
     </span>
    </p>
   </div>
   <div class='ocr_carea' id='block_1_26' title="bbox 2167 1628 3823 1710">
    <p class='ocr_par' dir='ltr' id='par_1_26' title="bbox 2167 1628 3823 1710">
     <span class='ocr_line' id='line_1_26' title="bbox 2167 1628 3823 1710; baseline -0.001 -23"><span class='ocrx_word' id='word_1_170' title='bbox 2167 1628 2403 1710; x_wconf 75' lang='grc' dir='ltr'>έμϐαφα.</span> <span class='ocrx_word' id='word_1_171' title='bbox 2479 1633 2762 1708; x_wconf 84' lang='grc' dir='ltr'>Τραπέζας</span> <span class='ocrx_word' id='word_1_172' title='bbox 2844 1631 2901 1687; x_wconf 69' lang='grc' dir='ltr'>δὲ</span> <span class='ocrx_word' id='word_1_173' title='bbox 2979 1634 3236 1707; x_wconf 83' lang='grc' dir='ltr'>τέσσαρας</span> <span class='ocrx_word' id='word_1_174' title='bbox 3312 1635 3392 1702; x_wconf 84' lang='grc' dir='ltr'>τῷ</span> <span class='ocrx_word' id='word_1_175' title='bbox 3442 1630 3579 1706; x_wconf 79' lang='grc' dir='ltr'>ἁγίῳ</span> <span class='ocrx_word' id='word_1_176' title='bbox 3637 1642 3823 1694; x_wconf 91' lang='grc' dir='ltr'>θυσια-</span> 
     </span>
    </p>
   </div>
   <div class='ocr_carea' id='block_1_27' title="bbox 2166 1715 3821 1793">
    <p class='ocr_par' dir='ltr' id='par_1_27' title="bbox 2166 1715 3821 1793">
     <span class='ocr_line' id='line_1_27' title="bbox 2166 1715 3821 1793; baseline 0 -17"><span class='ocrx_word' id='word_1_177' title='bbox 2166 1723 2376 1793; x_wconf 86' lang='grc' dir='ltr'>στηρίῳ</span> <span class='ocrx_word' id='word_1_178' title='bbox 2429 1715 2650 1791; x_wconf 73' lang='grc' dir='ltr'>ἔστησεν</span> <span class='ocrx_word' id='word_1_179' title='bbox 2709 1719 2797 1776; x_wconf 83' lang='grc' dir='ltr'>ἐπὶ</span> <span class='ocrx_word' id='word_1_180' title='bbox 2845 1720 2973 1783; x_wconf 78' lang='grc' dir='ltr'>τοὺς</span> <span class='ocrx_word' id='word_1_181' title='bbox 3028 1722 3236 1788; x_wconf 88' lang='grc' dir='ltr'>κίονας,</span> <span class='ocrx_word' id='word_1_182' title='bbox 3297 1719 3386 1775; x_wconf 80' lang='grc' dir='ltr'><strong>καὶ</strong></span> <span class='ocrx_word' id='word_1_183' title='bbox 3445 1718 3640 1784; x_wconf 75' lang='grc' dir='ltr'>αὐτοὺς</span> <span class='ocrx_word' id='word_1_184' title='bbox 3691 1741 3821 1776; x_wconf 85' lang='grc' dir='ltr'>κατ-</span> 
     </span>
    </p>
   </div>
   <div class='ocr_carea' id='block_1_28' title="bbox 407 1801 2062 1887">
    <p class='ocr_par' dir='ltr' id='par_1_28' title="bbox 407 1809 2054 1887">
     <span class='ocr_line' id='line_1_28' title="bbox 407 1809 2054 1887; baseline 0.005 -25"><span class='ocrx_word' id='word_1_185' title='bbox 407 1814 524 1863; x_wconf 85' lang='lat' dir='ltr'><strong>tem</strong></span> <span class='ocrx_word' id='word_1_186' title='bbox 557 1809 763 1865; x_wconf 89' lang='lat' dir='ltr'><strong>sedilia</strong></span> <span class='ocrx_word' id='word_1_187' title='bbox 791 1813 1163 1868; x_wconf 87' lang='lat' dir='ltr'><strong>sacerdotum</strong></span> <span class='ocrx_word' id='word_1_188' title='bbox 1195 1831 1330 1868; x_wconf 89' lang='lat' dir='ltr'><strong>cum</strong></span> <span class='ocrx_word' id='word_1_189' title='bbox 1364 1814 1790 1887; x_wconf 87' lang='lat' dir='ltr'><strong>archiepiscopi</strong></span> <span class='ocrx_word' id='word_1_190' title='bbox 1821 1815 2054 1885; x_wconf 88' lang='lat' dir='ltr'><strong>throno,</strong></span> 
     </span>
    </p>
   </div>
   <div class='ocr_carea' id='block_1_29' title="bbox 2175 1801 3820 1887">
    <p class='ocr_par' dir='ltr' id='par_1_29' title="bbox 2175 1809 3820 1887">
     <span class='ocr_line' id='line_1_29' title="bbox 2175 1809 3820 1887; baseline -0.001 -21"><span class='ocrx_word' id='word_1_191' title='bbox 2175 1811 2467 1887; x_wconf 70' lang='grc' dir='ltr'>εχρύσωσε.</span> <span class='ocrx_word' id='word_1_192' title='bbox 2527 1812 2629 1874; x_wconf 79' lang='grc' dir='ltr'><strong>Τὰς</strong></span> <span class='ocrx_word' id='word_1_193' title='bbox 2683 1811 2820 1866; x_wconf 75' lang='grc' dir='ltr'>ἒπτά</span> <span class='ocrx_word' id='word_1_194' title='bbox 2872 1812 3054 1885; x_wconf 84' lang='grc' dir='ltr'><strong>βάσεις</strong></span> <span class='ocrx_word' id='word_1_195' title='bbox 3109 1815 3217 1866; x_wconf 89' lang='grc' dir='ltr'><strong>τῶν</strong></span> <span class='ocrx_word' id='word_1_196' title='bbox 3253 1811 3464 1886; x_wconf 79' lang='grc' dir='ltr'>ἱερέων,</span> <span class='ocrx_word' id='word_1_197' title='bbox 3496 1809 3547 1865; x_wconf 77' lang='grc' dir='ltr'>ἐν</span> <span class='ocrx_word' id='word_1_198' title='bbox 3581 1812 3666 1873; x_wconf 79' lang='grc' dir='ltr'>αἷς</span> <span class='ocrx_word' id='word_1_199' title='bbox 3687 1811 3820 1864; x_wconf 84' lang='grc' dir='ltr'>καθ-</span> 
     </span>
    </p>
   </div>
   <div class='ocr_carea' id='block_1_30' title="bbox 406 1899 2055 1976">
    <p class='ocr_par' dir='ltr' id='par_1_30' title="bbox 406 1899 2055 1976">
     <span class='ocr_line' id='line_1_30' title="bbox 406 1899 2055 1976; baseline 0.005 -25"><span class='ocrx_word' id='word_1_200' title='bbox 406 1903 463 1952; x_wconf 92' lang='lat' dir='ltr'><strong>et</strong></span> <span class='ocrx_word' id='word_1_201' title='bbox 505 1902 757 1968; x_wconf 86' lang='lat' dir='ltr'><strong>quatuor</strong></span> <span class='ocrx_word' id='word_1_202' title='bbox 791 1899 1106 1968; x_wconf 89' lang='lat' dir='ltr'><strong>columnis,</strong></span> <span class='ocrx_word' id='word_1_203' title='bbox 1161 1905 1470 1976; x_wconf 86' lang='lat' dir='ltr'><strong>ustrinque</strong></span> <span class='ocrx_word' id='word_1_204' title='bbox 1501 1904 1694 1976; x_wconf 89' lang='lat' dir='ltr'><strong>posita</strong></span> <span class='ocrx_word' id='word_1_205' title='bbox 1732 1905 2055 1960; x_wconf 85' lang='lat' dir='ltr'><strong>deauravit.</strong></span> 
     </span>
    </p>
   </div>
   <div class='ocr_carea' id='block_1_31' title="bbox 402 1987 2055 2065">
    <p class='ocr_par' dir='ltr' id='par_1_31' title="bbox 402 1987 2055 2065">
     <span class='ocr_line' id='line_1_31' title="bbox 402 1987 2055 2065; baseline 0.005 -24"><span class='ocrx_word' id='word_1_206' title='bbox 402 1987 545 2042; x_wconf 89' lang='lat' dir='ltr'><strong>Cum</strong></span> <span class='ocrx_word' id='word_1_207' title='bbox 600 1991 796 2043; x_wconf 87' lang='lat' dir='ltr'><strong>autem</strong></span> <span class='ocrx_word' id='word_1_208' title='bbox 851 1989 1118 2061; x_wconf 80' lang='lat' dir='ltr'><strong>religioni</strong></span> <span class='ocrx_word' id='word_1_209' title='bbox 1160 1993 1399 2048; x_wconf 89' lang='lat' dir='ltr'><strong>duceret</strong></span> <span class='ocrx_word' id='word_1_210' title='bbox 1441 1993 1668 2065; x_wconf 83' lang='lat' dir='ltr'><strong>ingredi</strong></span> <span class='ocrx_word' id='word_1_211' title='bbox 1700 1994 1759 2048; x_wconf 91' lang='lat' dir='ltr'><strong>in</strong></span> <span class='ocrx_word' id='word_1_212' title='bbox 1793 1995 2055 2063; x_wconf 83' lang='lat' dir='ltr'><strong>adytum,</strong></span> 
     </span>
    </p>
   </div>
   <div class='ocr_carea' id='block_1_32' title="bbox 403 2076 2060 2153">
    <p class='ocr_par' dir='ltr' id='par_1_32' title="bbox 403 2076 2060 2153">
     <span class='ocr_line' id='line_1_32' title="bbox 403 2076 2060 2153; baseline 0.005 -23"><span class='ocrx_word' id='word_1_213' title='bbox 403 2078 562 2147; x_wconf 92' lang='lat' dir='ltr'><strong>quod</strong></span> <span class='ocrx_word' id='word_1_214' title='bbox 595 2076 856 2148; x_wconf 82' lang='lat' dir='ltr'><strong>Cyclium</strong></span> <span class='ocrx_word' id='word_1_215' title='bbox 889 2085 1123 2145; x_wconf 89' lang='lat' dir='ltr'><strong>vocant,</strong></span> <span class='ocrx_word' id='word_1_216' title='bbox 1161 2081 1314 2136; x_wconf 85' lang='lat' dir='ltr'><strong>infra</strong></span> <span class='ocrx_word' id='word_1_217' title='bbox 1359 2083 1580 2153; x_wconf 88' lang='lat' dir='ltr'><strong>gradus</strong></span> <span class='ocrx_word' id='word_1_218' title='bbox 1607 2083 1811 2151; x_wconf 91' lang='lat' dir='ltr'><strong>situm,</strong></span> <span class='ocrx_word' id='word_1_219' title='bbox 1847 2085 2060 2139; x_wconf 90' lang='lat' dir='ltr'><strong>Sancta</strong></span> 
     </span>
    </p>
   </div>
   <div class='ocr_carea' id='block_1_33' title="bbox 404 2166 2061 2241">
    <p class='ocr_par' dir='ltr' id='par_1_33' title="bbox 404 2166 2061 2241">
     <span class='ocr_line' id='line_1_33' title="bbox 404 2166 2061 2241; baseline 0.004 -21"><span class='ocrx_word' id='word_1_220' title='bbox 404 2170 742 2221; x_wconf 89' lang='lat' dir='ltr'><strong>sanctorum</strong></span> <span class='ocrx_word' id='word_1_221' title='bbox 808 2166 951 2222; x_wconf 93' lang='lat' dir='ltr'><strong>illud</strong></span> <span class='ocrx_word' id='word_1_222' title='bbox 1015 2169 1354 2241; x_wconf 87' lang='lat' dir='ltr'><strong>appellavit.</strong></span> <span class='ocrx_word' id='word_1_223' title='bbox 1389 2172 1708 2228; x_wconf 89' lang='lat' dir='ltr'><strong>Columnas</strong></span> <span class='ocrx_word' id='word_1_224' title='bbox 1765 2173 1941 2228; x_wconf 90' lang='lat' dir='ltr'><strong>etiam</strong></span> <span class='ocrx_word' id='word_1_225' title='bbox 1976 2175 2061 2227; x_wconf 89' lang='lat' dir='ltr'><strong>in-</strong></span> 
     </span>
    </p>
   </div>
   <div class='ocr_carea' id='block_1_34' title="bbox 401 2253 2060 2331">
    <p class='ocr_par' dir='ltr' id='par_1_34' title="bbox 401 2253 2060 2331">
     <span class='ocr_line' id='line_1_34' title="bbox 401 2253 2060 2331; baseline 0.005 -23"><span class='ocrx_word' id='word_1_226' title='bbox 401 2254 593 2324; x_wconf 81' lang='lat' dir='ltr'><strong>gentis</strong></span> <span class='ocrx_word' id='word_1_227' title='bbox 649 2253 821 2310; x_wconf 90' lang='lat' dir='ltr'><strong>molis</strong></span> <span class='ocrx_word' id='word_1_228' title='bbox 868 2258 1052 2312; x_wconf 83' lang='lat' dir='ltr'><strong>erexit</strong></span> <span class='ocrx_word' id='word_1_229' title='bbox 1099 2265 1434 2331; x_wconf 87' lang='lat' dir='ltr'><strong>argenteas,</strong></span> <span class='ocrx_word' id='word_1_230' title='bbox 1469 2279 1611 2318; x_wconf 92' lang='lat' dir='ltr'><strong>auro</strong></span> <span class='ocrx_word' id='word_1_231' title='bbox 1664 2261 1876 2318; x_wconf 88' lang='lat' dir='ltr'><strong>oblitas</strong></span> <span class='ocrx_word' id='word_1_232' title='bbox 1925 2278 2060 2317; x_wconf 92' lang='lat' dir='ltr'><strong>cum</strong></span> 
     </span>
    </p>
   </div>
   <div class='ocr_carea' id='block_1_35' title="bbox 405 2343 2062 2424">
    <p class='ocr_par' dir='ltr' id='par_1_35' title="bbox 405 2343 2062 2424">
     <span class='ocr_line' id='line_1_35' title="bbox 405 2343 2062 2424; baseline 0.006 -28"><span class='ocrx_word' id='word_1_233' title='bbox 405 2343 624 2399; x_wconf 86' lang='lat' dir='ltr'><strong>ciborio</strong></span> <span class='ocrx_word' id='word_1_234' title='bbox 660 2349 838 2416; x_wconf 90' lang='lat' dir='ltr'><strong>atque</strong></span> <span class='ocrx_word' id='word_1_235' title='bbox 869 2345 1034 2402; x_wconf 90' lang='lat' dir='ltr'><strong>liliis.</strong></span> <span class='ocrx_word' id='word_1_236' title='bbox 1087 2348 1392 2404; x_wconf 90' lang='lat' dir='ltr'><strong>Ciborium</strong></span> <span class='ocrx_word' id='word_1_237' title='bbox 1445 2356 1640 2406; x_wconf 90' lang='lat' dir='ltr'><strong>autem</strong></span> <span class='ocrx_word' id='word_1_238' title='bbox 1687 2357 1927 2424; x_wconf 87' lang='lat' dir='ltr'><strong>argento</strong></span> <span class='ocrx_word' id='word_1_239' title='bbox 1958 2370 2062 2408; x_wconf 88' lang='lat' dir='ltr'><strong>en-</strong></span> 
     </span>
    </p>
   </div>
   <div class='ocr_carea' id='block_1_36' title="bbox 409 2433 2065 2512">
    <p class='ocr_par' dir='ltr' id='par_1_36' title="bbox 409 2433 2065 2512">
     <span class='ocr_line' id='line_1_36' title="bbox 409 2433 2065 2512; baseline 0.008 -27"><span class='ocrx_word' id='word_1_240' title='bbox 409 2438 680 2487; x_wconf 89' lang='lat' dir='ltr'><strong>caustum</strong></span> <span class='ocrx_word' id='word_1_241' title='bbox 737 2433 890 2489; x_wconf 78' lang='lat' dir='ltr'><strong>fecit.</strong></span> <span class='ocrx_word' id='word_1_242' title='bbox 945 2434 1173 2492; x_wconf 88' lang='lat' dir='ltr'><strong>Ciborio</strong></span> <span class='ocrx_word' id='word_1_243' title='bbox 1226 2437 1511 2510; x_wconf 89' lang='lat' dir='ltr'><strong>imposuit</strong></span> <span class='ocrx_word' id='word_1_244' title='bbox 1557 2440 1795 2512; x_wconf 86' lang='lat' dir='ltr'><strong>globum</strong></span> <span class='ocrx_word' id='word_1_245' title='bbox 1829 2458 1895 2497; x_wconf 88' lang='lat' dir='ltr'><strong>ex</strong></span> <span class='ocrx_word' id='word_1_246' title='bbox 1923 2458 2065 2497; x_wconf 88' lang='lat' dir='ltr'><strong>auro</strong></span> 
     </span>
    </p>
   </div>
   <div class='ocr_carea' id='block_1_37' title="bbox 407 2521 2067 2602">
    <p class='ocr_par' dir='ltr' id='par_1_37' title="bbox 407 2521 2067 2602">
     <span class='ocr_line' id='line_1_37' title="bbox 407 2521 2067 2602; baseline 0.006 -26"><span class='ocrx_word' id='word_1_247' title='bbox 407 2521 688 2592; x_wconf 91' lang='lat' dir='ltr'><strong>solidum,</strong></span> <span class='ocrx_word' id='word_1_248' title='bbox 715 2525 908 2594; x_wconf 89' lang='lat' dir='ltr'><strong>pondo</strong></span> <span class='ocrx_word' id='word_1_249' title='bbox 933 2526 1408 2583; x_wconf 87' lang='lat' dir='ltr'><strong>centenariorum</strong></span> <span class='ocrx_word' id='word_1_250' title='bbox 1449 2531 1790 2599; x_wconf 85' lang='lat' dir='ltr'><strong>octodecim,</strong></span> <span class='ocrx_word' id='word_1_251' title='bbox 1827 2530 2067 2602; x_wconf 89' lang='lat' dir='ltr'><strong>liliaque</strong></span> 
     </span>
    </p>
   </div>
   <div class='ocr_carea' id='block_1_38' title="bbox 411 2612 2068 2691">
    <p class='ocr_par' dir='ltr' id='par_1_38' title="bbox 411 2612 2068 2691">
     <span class='ocr_line' id='line_1_38' title="bbox 411 2612 2068 2691; baseline 0.006 -26"><span class='ocrx_word' id='word_1_252' title='bbox 411 2627 590 2666; x_wconf 91' lang='lat' dir='ltr'><strong>aurea</strong></span> <span class='ocrx_word' id='word_1_253' title='bbox 611 2613 931 2683; x_wconf 88' lang='lat' dir='ltr'><strong>pendentia</strong></span> <span class='ocrx_word' id='word_1_254' title='bbox 950 2612 1134 2670; x_wconf 90' lang='lat' dir='ltr'><strong>libras</strong></span> <span class='ocrx_word' id='word_1_255' title='bbox 1156 2621 1393 2672; x_wconf 88' lang='lat' dir='ltr'><strong>centum</strong></span> <span class='ocrx_word' id='word_1_256' title='bbox 1420 2619 1745 2687; x_wconf 81' lang='lat' dir='ltr'><strong>sexdecim;</strong></span> <span class='ocrx_word' id='word_1_257' title='bbox 1772 2635 2068 2691; x_wconf 86' lang='lat' dir='ltr'><strong>supraque</strong></span> 
     </span>
    </p>
   </div>
   <div class='ocr_carea' id='block_1_39' title="bbox 411 2699 2070 2780">
    <p class='ocr_par' dir='ltr' id='par_1_39' title="bbox 411 2699 2070 2780">
     <span class='ocr_line' id='line_1_39' title="bbox 411 2699 2070 2780; baseline 0.007 -27"><span class='ocrx_word' id='word_1_258' title='bbox 411 2699 516 2754; x_wconf 89' lang='lat' dir='ltr'><strong>illa</strong></span> <span class='ocrx_word' id='word_1_259' title='bbox 544 2716 786 2756; x_wconf 85' lang='lat' dir='ltr'><strong>auream</strong></span> <span class='ocrx_word' id='word_1_260' title='bbox 829 2717 1066 2758; x_wconf 90' lang='lat' dir='ltr'><strong>crucem</strong></span> <span class='ocrx_word' id='word_1_261' title='bbox 1106 2720 1244 2760; x_wconf 91' lang='lat' dir='ltr'><strong>cum</strong></span> <span class='ocrx_word' id='word_1_262' title='bbox 1284 2704 1505 2776; x_wconf 86' lang='lat' dir='ltr'><strong>lapillis</strong></span> <span class='ocrx_word' id='word_1_263' title='bbox 1546 2708 1842 2779; x_wconf 85' lang='lat' dir='ltr'><strong>pretiosis,</strong></span> <span class='ocrx_word' id='word_1_264' title='bbox 1877 2709 2070 2780; x_wconf 90' lang='lat' dir='ltr'><strong>iisque</strong></span> 
     </span>
    </p>
   </div>
   <div class='ocr_carea' id='block_1_40' title="bbox 411 2788 2069 2868">
    <p class='ocr_par' dir='ltr' id='par_1_40' title="bbox 411 2788 2069 2868">
     <span class='ocr_line' id='line_1_40' title="bbox 411 2788 2069 2868; baseline 0.007 -26"><span class='ocrx_word' id='word_1_265' title='bbox 411 2788 759 2845; x_wconf 83' lang='lat' dir='ltr'><strong>rarissimis.</strong></span> <span class='ocrx_word' id='word_1_266' title='bbox 793 2792 943 2846; x_wconf 81' lang='lat' dir='ltr'><strong>Crux</strong></span> <span class='ocrx_word' id='word_1_267' title='bbox 997 2808 1132 2849; x_wconf 87' lang='lat' dir='ltr'><strong>vero</strong></span> <span class='ocrx_word' id='word_1_268' title='bbox 1189 2795 1568 2867; x_wconf 82' lang='lat' dir='ltr'><strong>septuaginta</strong></span> <span class='ocrx_word' id='word_1_269' title='bbox 1595 2797 1858 2868; x_wconf 90' lang='lat' dir='ltr'><strong>quinque</strong></span> <span class='ocrx_word' id='word_1_270' title='bbox 1887 2797 2069 2853; x_wconf 81' lang='lat' dir='ltr'><strong>libra-</strong></span> 
     </span>
    </p>
   </div>
   <div class='ocr_carea' id='block_1_41' title="bbox 411 2879 2067 2956">
    <p class='ocr_par' dir='ltr' id='par_1_41' title="bbox 411 2879 2067 2956">
     <span class='ocr_line' id='line_1_41' title="bbox 411 2879 2067 2956; baseline 0.007 -26"><span class='ocrx_word' id='word_1_271' title='bbox 411 2893 548 2931; x_wconf 90' lang='lat' dir='ltr'><strong>rum</strong></span> <span class='ocrx_word' id='word_1_272' title='bbox 608 2879 868 2948; x_wconf 90' lang='lat' dir='ltr'><strong>pondere</strong></span> <span class='ocrx_word' id='word_1_273' title='bbox 921 2884 1044 2935; x_wconf 89' lang='lat' dir='ltr'><strong>erat</strong></span> <span class='ocrx_word' id='word_1_274' title='bbox 1102 2880 1248 2936; x_wconf 90' lang='lat' dir='ltr'><strong>illud</strong></span> <span class='ocrx_word' id='word_1_275' title='bbox 1306 2891 1499 2939; x_wconf 87' lang='lat' dir='ltr'><strong>autem</strong></span> <span class='ocrx_word' id='word_1_276' title='bbox 1533 2885 1902 2956; x_wconf 83' lang='lat' dir='ltr'><strong>excogitavit,</strong></span> <span class='ocrx_word' id='word_1_277' title='bbox 1935 2903 2067 2942; x_wconf 90' lang='lat' dir='ltr'><strong>cum</strong></span> 
     </span>
    </p>
   </div>
   <div class='ocr_carea' id='block_1_42' title="bbox 416 2971 2065 3048">
    <p class='ocr_par' dir='ltr' id='par_1_42' title="bbox 416 2971 2065 3048">
     <span class='ocr_line' id='line_1_42' title="bbox 416 2971 2065 3048; baseline 0.007 -28"><span class='ocrx_word' id='word_1_278' title='bbox 416 2981 645 3020; x_wconf 82' lang='lat' dir='ltr'><strong>sacram</strong></span> <span class='ocrx_word' id='word_1_279' title='bbox 677 2982 941 3023; x_wconf 89' lang='lat' dir='ltr'><strong>mensam</strong></span> <span class='ocrx_word' id='word_1_280' title='bbox 977 2971 1468 3040; x_wconf 64' lang='lat' dir='ltr'><strong>praestantiorem,</strong></span> <span class='ocrx_word' id='word_1_281' title='bbox 1519 2978 1577 3030; x_wconf 91' lang='lat' dir='ltr'><strong>et</strong></span> <span class='ocrx_word' id='word_1_282' title='bbox 1605 2974 1733 3047; x_wconf 88' lang='lat' dir='ltr'><strong>ipso</strong></span> <span class='ocrx_word' id='word_1_283' title='bbox 1765 2993 1906 3031; x_wconf 89' lang='lat' dir='ltr'><strong>auro</strong></span> <span class='ocrx_word' id='word_1_284' title='bbox 1937 2993 2065 3048; x_wconf 83' lang='lat' dir='ltr'><strong>pre-</strong></span> 
     </span>
    </p>
   </div>
   <div class='ocr_carea' id='block_1_43' title="bbox 406 3055 2066 3135">
    <p class='ocr_par' dir='ltr' id='par_1_43' title="bbox 406 3055 2066 3135">
     <span class='ocr_line' id='line_1_43' title="bbox 406 3055 2066 3135; baseline 0.006 -27"><span class='ocrx_word' id='word_1_285' title='bbox 406 3055 685 3110; x_wconf 83' lang='lat' dir='ltr'><strong>tiosorem</strong></span> <span class='ocrx_word' id='word_1_286' title='bbox 717 3056 946 3113; x_wconf 82' lang='lat' dir='ltr'><strong>efﬁcere</strong></span> <span class='ocrx_word' id='word_1_287' title='bbox 977 3058 1192 3115; x_wconf 86' lang='lat' dir='ltr'><strong>vellet:</strong></span> <span class='ocrx_word' id='word_1_288' title='bbox 1241 3061 1546 3117; x_wconf 89' lang='lat' dir='ltr'><strong>accercitis</strong></span> <span class='ocrx_word' id='word_1_289' title='bbox 1579 3063 1782 3135; x_wconf 90' lang='lat' dir='ltr'><strong>peritis</strong></span> <span class='ocrx_word' id='word_1_290' title='bbox 1817 3064 2066 3120; x_wconf 89' lang='lat' dir='ltr'><strong>homini-</strong></span> 
     </span>
    </p>
   </div>
   <div class='ocr_carea' id='block_1_44' title="bbox 410 3143 2138 3240">
    <p class='ocr_par' dir='ltr' id='par_1_44' title="bbox 410 3143 2138 3240">
     <span class='ocr_line' id='line_1_44' title="bbox 410 3143 2138 3240; baseline 0.008 -43"><span class='ocrx_word' id='word_1_291' title='bbox 410 3143 524 3198; x_wconf 90' lang='lat' dir='ltr'><strong>bus</strong></span> <span class='ocrx_word' id='word_1_292' title='bbox 558 3145 704 3201; x_wconf 89' lang='lat' dir='ltr'><strong>bene</strong></span> <span class='ocrx_word' id='word_1_293' title='bbox 735 3146 938 3202; x_wconf 90' lang='lat' dir='ltr'><strong>multis</strong></span> <span class='ocrx_word' id='word_1_294' title='bbox 972 3149 1285 3204; x_wconf 90' lang='lat' dir='ltr'><strong>consilium</strong></span> <span class='ocrx_word' id='word_1_295' title='bbox 1319 3169 1494 3206; x_wconf 86' lang='lat' dir='ltr'><strong>suum</strong></span> <span class='ocrx_word' id='word_1_296' title='bbox 1511 3153 1761 3224; x_wconf 90' lang='lat' dir='ltr'><strong>aperuit.</strong></span> <span class='ocrx_word' id='word_1_297' title='bbox 1794 3153 1880 3208; x_wconf 92' lang='lat' dir='ltr'><strong>Illi</strong></span> <span class='ocrx_word' id='word_1_298' title='bbox 1913 3171 2065 3222; x_wconf 83' lang='lat' dir='ltr'><strong>vero,</strong></span> <span class='ocrx_word' id='word_1_299' title='bbox 2097 3174 2138 3240; x_wconf 67' lang='grc' dir='ltr'><strong>ρ</strong></span> 
     </span>
    </p>
   </div>
   <div class='ocr_carea' id='block_1_45' title="bbox 417 3233 2068 3312">
    <p class='ocr_par' dir='ltr' id='par_1_45' title="bbox 417 3233 2068 3312">
     <span class='ocr_line' id='line_1_45' title="bbox 417 3233 2068 3312; baseline 0.007 -24"><span class='ocrx_word' id='word_1_300' title='bbox 417 3234 481 3288; x_wconf 89' lang='lat' dir='ltr'><strong>In</strong></span> <span class='ocrx_word' id='word_1_301' title='bbox 517 3233 833 3305; x_wconf 80' lang='lat' dir='ltr'><strong>fornacem,</strong></span> <span class='ocrx_word' id='word_1_302' title='bbox 895 3236 1191 3308; x_wconf 89' lang='lat' dir='ltr'><strong>inquiunt,</strong></span> <span class='ocrx_word' id='word_1_303' title='bbox 1244 3241 1627 3310; x_wconf 85' lang='lat' dir='ltr'><strong>conjiciamus</strong></span> <span class='ocrx_word' id='word_1_304' title='bbox 1688 3260 1918 3312; x_wconf 90' lang='lat' dir='ltr'><strong>aurum,</strong></span> <span class='ocrx_word' id='word_1_305' title='bbox 1971 3261 2068 3299; x_wconf 88' lang='lat' dir='ltr'><strong>ar-</strong></span> 
     </span>
    </p>
   </div>
   <div class='ocr_carea' id='block_1_46' title="bbox 416 3324 2070 3406">
    <p class='ocr_par' dir='ltr' id='par_1_46' title="bbox 416 3324 2070 3406">
     <span class='ocr_line' id='line_1_46' title="bbox 416 3324 2070 3406; baseline 0.007 -29"><span class='ocrx_word' id='word_1_306' title='bbox 416 3327 682 3393; x_wconf 87' lang='lat' dir='ltr'><strong>gentum,</strong></span> <span class='ocrx_word' id='word_1_307' title='bbox 716 3324 943 3396; x_wconf 89' lang='lat' dir='ltr'><strong>lapides</strong></span> <span class='ocrx_word' id='word_1_308' title='bbox 971 3328 1261 3398; x_wconf 87' lang='lat' dir='ltr'><strong>pretiosos</strong></span> <span class='ocrx_word' id='word_1_309' title='bbox 1311 3330 1502 3385; x_wconf 87' lang='lat' dir='ltr'><strong>omnis</strong></span> <span class='ocrx_word' id='word_1_310' title='bbox 1553 3333 1805 3402; x_wconf 89' lang='lat' dir='ltr'><strong>generis,</strong></span> <span class='ocrx_word' id='word_1_311' title='bbox 1844 3350 2070 3406; x_wconf 85' lang='lat' dir='ltr'><strong>marga-</strong></span> 
     </span>
    </p>
   </div>
   <div class='ocr_carea' id='block_1_47' title="bbox 416 3411 2072 3491">
    <p class='ocr_par' dir='ltr' id='par_1_47' title="bbox 416 3411 2072 3491">
     <span class='ocr_line' id='line_1_47' title="bbox 416 3411 2072 3491; baseline 0.007 -25"><span class='ocrx_word' id='word_1_312' title='bbox 416 3411 580 3482; x_wconf 88' lang='lat' dir='ltr'><strong>ritas,</strong></span> <span class='ocrx_word' id='word_1_313' title='bbox 604 3414 917 3485; x_wconf 88' lang='lat' dir='ltr'><strong>zambicas,</strong></span> <span class='ocrx_word' id='word_1_314' title='bbox 952 3433 1050 3486; x_wconf 68' lang='lat' dir='ltr'><strong>aes,</strong></span> <span class='ocrx_word' id='word_1_315' title='bbox 1097 3419 1428 3485; x_wconf 86' lang='lat' dir='ltr'><strong>succinum,</strong></span> <span class='ocrx_word' id='word_1_316' title='bbox 1457 3419 1791 3491; x_wconf 89' lang='lat' dir='ltr'><strong>plumbum,</strong></span> <span class='ocrx_word' id='word_1_317' title='bbox 1827 3423 2072 3488; x_wconf 83' lang='lat' dir='ltr'><strong>ferrum,</strong></span> 
     </span>
    </p>
   </div>
   <div class='ocr_carea' id='block_1_48' title="bbox 419 3502 2073 3578">
    <p class='ocr_par' dir='ltr' id='par_1_48' title="bbox 419 3502 2073 3578">
     <span class='ocr_line' id='line_1_48' title="bbox 419 3502 2073 3578; baseline 0.006 -24"><span class='ocrx_word' id='word_1_318' title='bbox 419 3504 725 3571; x_wconf 86' lang='lat' dir='ltr'><strong>stannum,</strong></span> <span class='ocrx_word' id='word_1_319' title='bbox 787 3502 1029 3573; x_wconf 87' lang='lat' dir='ltr'><strong>vitrum,</strong></span> <span class='ocrx_word' id='word_1_320' title='bbox 1091 3511 1148 3560; x_wconf 93' lang='lat' dir='ltr'><strong>et</strong></span> <span class='ocrx_word' id='word_1_321' title='bbox 1207 3507 1257 3561; x_wconf 90' lang='lat' dir='ltr'><strong>si</strong></span> <span class='ocrx_word' id='word_1_322' title='bbox 1315 3509 1471 3578; x_wconf 89' lang='lat' dir='ltr'><strong>quod</strong></span> <span class='ocrx_word' id='word_1_323' title='bbox 1522 3513 1612 3564; x_wconf 88' lang='lat' dir='ltr'><strong>est</strong></span> <span class='ocrx_word' id='word_1_324' title='bbox 1657 3508 1815 3564; x_wconf 87' lang='lat' dir='ltr'><strong>aliud</strong></span> <span class='ocrx_word' id='word_1_325' title='bbox 1851 3510 2073 3566; x_wconf 90' lang='lat' dir='ltr'><strong>metalli</strong></span> 
     </span>
    </p>
   </div>
   <div class='ocr_carea' id='block_1_49' title="bbox 421 3591 2074 3669">
    <p class='ocr_par' dir='ltr' id='par_1_49' title="bbox 421 3591 2074 3669">
     <span class='ocr_line' id='line_1_49' title="bbox 421 3591 2074 3669; baseline 0.008 -27"><span class='ocrx_word' id='word_1_326' title='bbox 421 3591 766 3659; x_wconf 50' lang='lat' dir='ltr'><strong>genuslliec</strong></span> <span class='ocrx_word' id='word_1_327' title='bbox 786 3607 919 3647; x_wconf 88' lang='lat' dir='ltr'><strong>vero</strong></span> <span class='ocrx_word' id='word_1_328' title='bbox 942 3592 998 3647; x_wconf 91' lang='lat' dir='ltr'><strong>in</strong></span> <span class='ocrx_word' id='word_1_329' title='bbox 1023 3595 1314 3651; x_wconf 88' lang='lat' dir='ltr'><strong>mottariis</strong></span> <span class='ocrx_word' id='word_1_330' title='bbox 1336 3597 1589 3652; x_wconf 90' lang='lat' dir='ltr'><strong>contrita</strong></span> <span class='ocrx_word' id='word_1_331' title='bbox 1605 3602 1659 3653; x_wconf 92' lang='lat' dir='ltr'><strong>et</strong></span> <span class='ocrx_word' id='word_1_332' title='bbox 1672 3597 2074 3669; x_wconf 78' lang='lat' dir='ltr'><strong>conglutinata</strong></span> 
     </span>
    </p>
   </div>
   <div class='ocr_carea' id='block_1_50' title="bbox 425 3677 2072 3761">
    <p class='ocr_par' dir='ltr' id='par_1_50' title="bbox 425 3677 2072 3761">
     <span class='ocr_line' id='line_1_50' title="bbox 425 3677 2072 3761; baseline 0.008 -30"><span class='ocrx_word' id='word_1_333' title='bbox 425 3677 482 3731; x_wconf 91' lang='lat' dir='ltr'><strong>in</strong></span> <span class='ocrx_word' id='word_1_334' title='bbox 516 3694 612 3733; x_wconf 88' lang='lat' dir='ltr'><strong>vas</strong></span> <span class='ocrx_word' id='word_1_335' title='bbox 641 3679 931 3736; x_wconf 83' lang='lat' dir='ltr'><strong>fusorium</strong></span> <span class='ocrx_word' id='word_1_336' title='bbox 966 3682 1309 3739; x_wconf 84' lang='lat' dir='ltr'><strong>infuderunt</strong></span> <span class='ocrx_word' id='word_1_337' title='bbox 1343 3701 1356 3739; x_wconf 91' lang='lat'><strong>:</strong></span> <span class='ocrx_word' id='word_1_338' title='bbox 1393 3691 1641 3757; x_wconf 68' lang='lat' dir='ltr'><strong>postque</strong></span> <span class='ocrx_word' id='word_1_339' title='bbox 1693 3689 1892 3743; x_wconf 91' lang='lat' dir='ltr'><strong>eadem</strong></span> <span class='ocrx_word' id='word_1_340' title='bbox 1940 3689 2072 3761; x_wconf 85' lang='lat' dir='ltr'><strong>igne</strong></span> 
     </span>
    </p>
   </div>
   <div class='ocr_carea' id='block_1_51' title="bbox 416 3765 2070 3849">
    <p class='ocr_par' dir='ltr' id='par_1_51' title="bbox 416 3765 2070 3849">
     <span class='ocr_line' id='line_1_51' title="bbox 416 3765 2070 3849; baseline 0.008 -29"><span class='ocrx_word' id='word_1_341' title='bbox 416 3765 666 3838; x_wconf 85' lang='lat' dir='ltr'><strong>liquata,</strong></span> <span class='ocrx_word' id='word_1_342' title='bbox 691 3774 949 3825; x_wconf 78' lang='lat' dir='ltr'><strong>extracta</strong></span> <span class='ocrx_word' id='word_1_343' title='bbox 988 3774 1058 3826; x_wconf 89' lang='lat' dir='ltr'><strong>ab</strong></span> <span class='ocrx_word' id='word_1_344' title='bbox 1097 3774 1424 3829; x_wconf 80' lang='lat' dir='ltr'><strong>artificibus</strong></span> <span class='ocrx_word' id='word_1_345' title='bbox 1449 3775 1505 3830; x_wconf 90' lang='lat' dir='ltr'><strong>in</strong></span> <span class='ocrx_word' id='word_1_346' title='bbox 1530 3776 1778 3832; x_wconf 78' lang='lat' dir='ltr'><strong>formam</strong></span> <span class='ocrx_word' id='word_1_347' title='bbox 1805 3780 2070 3849; x_wconf 89' lang='lat' dir='ltr'><strong>conjecta</strong></span> 
     </span>
    </p>
   </div>
   <div class='ocr_carea' id='block_1_52' title="bbox 415 3857 2070 3934">
    <p class='ocr_par' dir='ltr' id='par_1_52' title="bbox 415 3857 2070 3934">
     <span class='ocr_line' id='line_1_52' title="bbox 415 3857 2070 3934; baseline 0.008 -25"><span class='ocrx_word' id='word_1_348' title='bbox 415 3860 598 3911; x_wconf 90' lang='lat' dir='ltr'><strong>sunt:</strong></span> <span class='ocrx_word' id='word_1_349' title='bbox 623 3861 802 3928; x_wconf 89' lang='lat' dir='ltr'><strong>atque</strong></span> <span class='ocrx_word' id='word_1_350' title='bbox 835 3857 945 3913; x_wconf 90' lang='lat' dir='ltr'><strong>hac</strong></span> <span class='ocrx_word' id='word_1_351' title='bbox 978 3861 1254 3917; x_wconf 86' lang='lat' dir='ltr'><strong>mistione</strong></span> <span class='ocrx_word' id='word_1_352' title='bbox 1295 3863 1624 3934; x_wconf 90' lang='lat' dir='ltr'><strong>composita</strong></span> <span class='ocrx_word' id='word_1_353' title='bbox 1667 3882 1832 3921; x_wconf 88' lang='lat' dir='ltr'><strong>sacra</strong></span> <span class='ocrx_word' id='word_1_354' title='bbox 1865 3883 2070 3923; x_wconf 89' lang='lat' dir='ltr'><strong>mensa</strong></span> 
     </span>
    </p>
   </div>
   <div class='ocr_carea' id='block_1_53' title="bbox 411 3943 2067 4026">
    <p class='ocr_par' dir='ltr' id='par_1_53' title="bbox 411 3943 2067 4026">
     <span class='ocr_line' id='line_1_53' title="bbox 411 3943 2067 4026; baseline 0.008 -28"><span class='ocrx_word' id='word_1_355' title='bbox 411 3943 672 4016; x_wconf 88' lang='lat' dir='ltr'><strong>ingentis</strong></span> <span class='ocrx_word' id='word_1_356' title='bbox 695 3947 862 4018; x_wconf 89' lang='lat' dir='ltr'><strong>pretii</strong></span> <span class='ocrx_word' id='word_1_357' title='bbox 888 3948 1098 4005; x_wconf 90' lang='lat' dir='ltr'><strong>educta</strong></span> <span class='ocrx_word' id='word_1_358' title='bbox 1115 3955 1203 4005; x_wconf 86' lang='lat' dir='ltr'><strong>est</strong></span> <span class='ocrx_word' id='word_1_359' title='bbox 1231 3967 1242 4005; x_wconf 94' lang='lat'>:</span> <span class='ocrx_word' id='word_1_360' title='bbox 1270 3969 1450 4024; x_wconf 87' lang='lat' dir='ltr'><strong>quam</strong></span> <span class='ocrx_word' id='word_1_361' title='bbox 1471 3957 1595 4008; x_wconf 90' lang='lat' dir='ltr'><strong>tum</strong></span> <span class='ocrx_word' id='word_1_362' title='bbox 1619 3954 1940 4026; x_wconf 88' lang='lat' dir='ltr'><strong>imperator</strong></span> <span class='ocrx_word' id='word_1_363' title='bbox 1961 3974 2067 4012; x_wconf 89' lang='lat' dir='ltr'><strong>suo</strong></span> 
     </span>
    </p>
   </div>
   <div class='ocr_carea' id='block_1_54' title="bbox 409 4031 2066 4116">
    <p class='ocr_par' dir='ltr' id='par_1_54' title="bbox 409 4031 2066 4116">
     <span class='ocr_line' id='line_1_54' title="bbox 409 4031 2066 4116; baseline 0.009 -29"><span class='ocrx_word' id='word_1_364' title='bbox 409 4031 536 4089; x_wconf 91' lang='lat' dir='ltr'><strong>loco</strong></span> <span class='ocrx_word' id='word_1_365' title='bbox 560 4035 834 4106; x_wconf 88' lang='lat' dir='ltr'><strong>positam,</strong></span> <span class='ocrx_word' id='word_1_366' title='bbox 851 4037 1145 4094; x_wconf 88' lang='lat' dir='ltr'><strong>columnis</strong></span> <span class='ocrx_word' id='word_1_367' title='bbox 1171 4057 1239 4094; x_wconf 84' lang='lat' dir='ltr'><strong>ex</strong></span> <span class='ocrx_word' id='word_1_368' title='bbox 1263 4058 1404 4097; x_wconf 81' lang='lat' dir='ltr'><strong>auro</strong></span> <span class='ocrx_word' id='word_1_369' title='bbox 1431 4042 1638 4099; x_wconf 91' lang='lat' dir='ltr'><strong>solidis</strong></span> <span class='ocrx_word' id='word_1_370' title='bbox 1661 4045 1820 4100; x_wconf 83' lang='lat' dir='ltr'><strong>varia</strong></span> <span class='ocrx_word' id='word_1_371' title='bbox 1837 4063 2066 4116; x_wconf 87' lang='lat' dir='ltr'><strong>gemma</strong></span> 
     </span>
    </p>
   </div>
   <div class='ocr_carea' id='block_1_55' title="bbox 408 4123 2066 4205">
    <p class='ocr_par' dir='ltr' id='par_1_55' title="bbox 408 4123 2066 4205">
     <span class='ocr_line' id='line_1_55' title="bbox 408 4123 2066 4205; baseline 0.009 -29"><span class='ocrx_word' id='word_1_372' title='bbox 408 4123 628 4178; x_wconf 81' lang='lat' dir='ltr'><strong>ornatis</strong></span> <span class='ocrx_word' id='word_1_373' title='bbox 647 4124 911 4180; x_wconf 75' lang='lat' dir='ltr'><strong>suifulsit</strong></span> <span class='ocrx_word' id='word_1_374' title='bbox 933 4147 947 4194; x_wconf 87' lang='lat'><strong>;</strong></span> <span class='ocrx_word' id='word_1_375' title='bbox 970 4131 1027 4181; x_wconf 91' lang='lat' dir='ltr'><strong>et</strong></span> <span class='ocrx_word' id='word_1_376' title='bbox 1048 4129 1503 4200; x_wconf 85' lang='lat' dir='ltr'><strong>circumpositos</strong></span> <span class='ocrx_word' id='word_1_377' title='bbox 1525 4133 1745 4204; x_wconf 87' lang='lat' dir='ltr'><strong>gradus</strong></span> <span class='ocrx_word' id='word_1_378' title='bbox 1767 4133 1825 4188; x_wconf 90' lang='lat' dir='ltr'><strong>in</strong></span> <span class='ocrx_word' id='word_1_379' title='bbox 1849 4135 2066 4205; x_wconf 92' lang='lat' dir='ltr'><strong>quibus</strong></span> 
     </span>
    </p>
   </div>
   <div class='ocr_carea' id='block_1_56' title="bbox 410 4212 2064 4279">
    <p class='ocr_par' dir='ltr' id='par_1_56' title="bbox 410 4212 2064 4279">
     <span class='ocr_line' id='line_1_56' title="bbox 410 4212 2064 4279; baseline 0.008 -14"><span class='ocrx_word' id='word_1_380' title='bbox 410 4216 566 4266; x_wconf 89' lang='lat' dir='ltr'><strong>stare</strong></span> <span class='ocrx_word' id='word_1_381' title='bbox 589 4212 781 4269; x_wconf 88' lang='lat' dir='ltr'><strong>solent</strong></span> <span class='ocrx_word' id='word_1_382' title='bbox 825 4217 1160 4273; x_wconf 88' lang='lat' dir='ltr'><strong>sacerdotes</strong></span> <span class='ocrx_word' id='word_1_383' title='bbox 1192 4219 1264 4273; x_wconf 92' lang='lat' dir='ltr'><strong>ad</strong></span> <span class='ocrx_word' id='word_1_384' title='bbox 1298 4226 1559 4276; x_wconf 85' lang='lat' dir='ltr'><strong>sanctam</strong></span> <span class='ocrx_word' id='word_1_385' title='bbox 1597 4239 1858 4278; x_wconf 87' lang='lat' dir='ltr'><strong>mensam</strong></span> <span class='ocrx_word' id='word_1_386' title='bbox 1894 4239 2064 4279; x_wconf 88' lang='lat' dir='ltr'><strong>oscu-</strong></span> 
     </span>
    </p>
   </div>
   <div class='ocr_carea' id='block_1_57' title="bbox 408 4298 2060 4378">
    <p class='ocr_par' dir='ltr' id='par_1_57' title="bbox 408 4298 2060 4378">
     <span class='ocr_line' id='line_1_57' title="bbox 408 4298 2060 4378; baseline 0.008 -24"><span class='ocrx_word' id='word_1_387' title='bbox 408 4298 648 4356; x_wconf 90' lang='lat' dir='ltr'><strong>landam</strong></span> <span class='ocrx_word' id='word_1_388' title='bbox 709 4307 862 4359; x_wconf 89' lang='lat' dir='ltr'><strong>totos</strong></span> <span class='ocrx_word' id='word_1_389' title='bbox 920 4305 1058 4361; x_wconf 87' lang='lat' dir='ltr'><strong>item</strong></span> <span class='ocrx_word' id='word_1_390' title='bbox 1113 4312 1445 4378; x_wconf 87' lang='lat' dir='ltr'><strong>argenteos,</strong></span> <span class='ocrx_word' id='word_1_391' title='bbox 1491 4311 1804 4368; x_wconf 86' lang='lat' dir='ltr'><strong>deauratos</strong></span> <span class='ocrx_word' id='word_1_392' title='bbox 1854 4313 2060 4368; x_wconf 75' lang='lat' dir='ltr'><strong>effecit.</strong></span> 
     </span>
    </p>
   </div>
   <div class='ocr_carea' id='block_1_58' title="bbox 408 4391 2061 4466">
    <p class='ocr_par' dir='ltr' id='par_1_58' title="bbox 408 4391 2061 4466">
     <span class='ocr_line' id='line_1_58' title="bbox 408 4391 2061 4466; baseline 0.008 -24"><span class='ocrx_word' id='word_1_393' title='bbox 408 4391 567 4444; x_wconf 87' lang='lat' dir='ltr'><strong>Mare</strong></span> <span class='ocrx_word' id='word_1_394' title='bbox 589 4395 882 4459; x_wconf 85' lang='lat' dir='ltr'><strong>autem,ut</strong></span> <span class='ocrx_word' id='word_1_395' title='bbox 909 4401 1143 4466; x_wconf 87' lang='lat' dir='ltr'><strong>vocant,</strong></span> <span class='ocrx_word' id='word_1_396' title='bbox 1169 4413 1346 4453; x_wconf 63' lang='lat' dir='ltr'><strong>sacras</strong></span> <span class='ocrx_word' id='word_1_397' title='bbox 1370 4415 1610 4466; x_wconf 63' lang='lat' dir='ltr'><strong>mense,</strong></span> <span class='ocrx_word' id='word_1_398' title='bbox 1635 4401 2061 4457; x_wconf 73' lang='lat' dir='ltr'><strong>inaestimabili-</strong></span> 
     </span>
    </p>
   </div>
   <div class='ocr_carea' id='block_1_59' title="bbox 407 4478 2060 4554">
    <p class='ocr_par' dir='ltr' id='par_1_59' title="bbox 407 4478 2060 4554">
     <span class='ocr_line' id='line_1_59' title="bbox 407 4478 2060 4554; baseline 0.008 -21"><span class='ocrx_word' id='word_1_399' title='bbox 407 4478 520 4534; x_wconf 89' lang='lat' dir='ltr'><strong>bus</strong></span> <span class='ocrx_word' id='word_1_400' title='bbox 543 4479 760 4551; x_wconf 84' lang='lat' dir='ltr'><strong>lapillis</strong></span> <span class='ocrx_word' id='word_1_401' title='bbox 780 4485 1100 4539; x_wconf 86' lang='lat' dir='ltr'><strong>constravit</strong></span> <span class='ocrx_word' id='word_1_402' title='bbox 1120 4490 1177 4540; x_wconf 89' lang='lat' dir='ltr'><strong>et</strong></span> <span class='ocrx_word' id='word_1_403' title='bbox 1197 4504 1340 4543; x_wconf 88' lang='lat' dir='ltr'><strong>auro</strong></span> <span class='ocrx_word' id='word_1_404' title='bbox 1363 4489 1626 4544; x_wconf 79' lang='lat' dir='ltr'><strong>obduxit.</strong></span> <span class='ocrx_word' id='word_1_405' title='bbox 1646 4490 1787 4554; x_wconf 88' lang='lat' dir='ltr'><strong>Quis</strong></span> <span class='ocrx_word' id='word_1_406' title='bbox 1810 4507 1946 4546; x_wconf 89' lang='lat' dir='ltr'><strong>vero</strong></span> <span class='ocrx_word' id='word_1_407' title='bbox 1968 4507 2060 4546; x_wconf 89' lang='lat' dir='ltr'><strong>sa-</strong></span> 
     </span>
    </p>
   </div>
   <div class='ocr_carea' id='block_1_60' title="bbox 2166 1894 3820 1975">
    <p class='ocr_par' dir='ltr' id='par_1_60' title="bbox 2166 1894 3820 1975">
     <span class='ocr_line' id='line_1_60' title="bbox 2166 1894 3820 1975; baseline -0.001 -21"><span class='ocrx_word' id='word_1_408' title='bbox 2166 1900 2371 1968; x_wconf 66' lang='grc' dir='ltr'>ἕζονται</span> <span class='ocrx_word' id='word_1_409' title='bbox 2426 1894 2710 1961; x_wconf 74' lang='grc' dir='ltr'>ἀναϐάντες</span> <span class='ocrx_word' id='word_1_410' title='bbox 2748 1941 2764 1968; x_wconf 86' lang='lat'><strong>,</strong></span> <span class='ocrx_word' id='word_1_411' title='bbox 2824 1905 2914 1954; x_wconf 84' lang='grc' dir='ltr'>σὺν</span> <span class='ocrx_word' id='word_1_412' title='bbox 2968 1904 3050 1971; x_wconf 81' lang='grc' dir='ltr'>τῷ</span> <span class='ocrx_word' id='word_1_413' title='bbox 3099 1903 3197 1954; x_wconf 76' lang='grc' dir='ltr'><strong>τοῦ</strong></span> <span class='ocrx_word' id='word_1_414' title='bbox 3257 1899 3560 1974; x_wconf 76' lang='grc' dir='ltr'>ἀρχιερέως</span> <span class='ocrx_word' id='word_1_415' title='bbox 3619 1897 3820 1975; x_wconf 82' lang='grc' dir='ltr'>θρόνῳ,</span> 
     </span>
    </p>
   </div>
   <div class='ocr_carea' id='block_1_61' title="bbox 2166 1986 3819 2065">
    <p class='ocr_par' dir='ltr' id='par_1_61' title="bbox 2166 1986 3819 2065">
     <span class='ocr_line' id='line_1_61' title="bbox 2166 1986 3819 2065; baseline -0.001 -21"><span class='ocrx_word' id='word_1_416' title='bbox 2166 1989 2256 2044; x_wconf 85' lang='grc' dir='ltr'><strong>καὶ</strong></span> <span class='ocrx_word' id='word_1_417' title='bbox 2331 1993 2437 2044; x_wconf 89' lang='grc' dir='ltr'><strong>τῶν</strong></span> <span class='ocrx_word' id='word_1_418' title='bbox 2508 1990 2778 2064; x_wconf 72' lang='grc' dir='ltr'>τεσσάρων</span> <span class='ocrx_word' id='word_1_419' title='bbox 2853 1989 3108 2065; x_wconf 80' lang='grc' dir='ltr'>ἀργυρῶν</span> <span class='ocrx_word' id='word_1_420' title='bbox 3165 1987 3362 2043; x_wconf 86' lang='grc' dir='ltr'>κιόνων</span> <span class='ocrx_word' id='word_1_421' title='bbox 3413 1986 3819 2064; x_wconf 81' lang='grc' dir='ltr'>κατεχρύσωσε,</span> 
     </span>
    </p>
   </div>
   <div class='ocr_carea' id='block_1_62' title="bbox 2171 2077 2916 2152">
    <p class='ocr_par' dir='ltr' id='par_1_62' title="bbox 2171 2077 2916 2152">
     <span class='ocr_line' id='line_1_62' title="bbox 2171 2077 2916 2152; baseline 0.004 -20"><span class='ocrx_word' id='word_1_422' title='bbox 2171 2081 2369 2149; x_wconf 92' lang='grc' dir='ltr'>στήσας</span> <span class='ocrx_word' id='word_1_423' title='bbox 2431 2079 2667 2152; x_wconf 74' lang='grc' dir='ltr'>ἐκατέρῳ</span> <span class='ocrx_word' id='word_1_424' title='bbox 2723 2077 2872 2152; x_wconf 73' lang='grc' dir='ltr'>μέρει</span> <span class='ocrx_word' id='word_1_425' title='bbox 2905 2123 2916 2135; x_wconf 95' lang='grc'><strong>.</strong></span> 
     </span>
    </p>
   </div>
   <div class='ocr_carea' id='block_1_63' title="bbox 2171 2165 3834 2240">
    <p class='ocr_par' dir='ltr' id='par_1_63' title="bbox 2171 2165 3834 2240">
     <span class='ocr_line' id='line_1_63' title="bbox 2171 2165 3834 2240; baseline -0.001 -19"><span class='ocrx_word' id='word_1_426' title='bbox 2171 2165 2222 2221; x_wconf 80' lang='grc' dir='ltr'>ἐν</span> <span class='ocrx_word' id='word_1_427' title='bbox 2270 2172 2350 2238; x_wconf 84' lang='grc' dir='ltr'>τῷ</span> <span class='ocrx_word' id='word_1_428' title='bbox 2399 2167 2627 2240; x_wconf 72' lang='grc' dir='ltr'>ίλῦματι</span> <span class='ocrx_word' id='word_1_429' title='bbox 2675 2167 2756 2240; x_wconf 78' lang='grc' dir='ltr'><strong>τῷ</strong></span> <span class='ocrx_word' id='word_1_430' title='bbox 2796 2166 3121 2240; x_wconf 79' lang='grc' dir='ltr'>καλουμένῳ</span> <span class='ocrx_word' id='word_1_431' title='bbox 3179 2165 3429 2239; x_wconf 87' lang='grc' dir='ltr'>Κυκλίῳ,</span> <span class='ocrx_word' id='word_1_432' title='bbox 3493 2165 3630 2240; x_wconf 76' lang='grc' dir='ltr'>ὅπερ</span> <span class='ocrx_word' id='word_1_433' title='bbox 3689 2165 3834 2221; x_wconf 72' lang='grc' dir='ltr'>ἇστὶν</span> 
     </span>
    </p>
   </div>
   <div class='ocr_carea' id='block_1_64' title="bbox 2979 2076 3822 2153">
    <p class='ocr_par' dir='ltr' id='par_1_64' title="bbox 2979 2076 3822 2153">
     <span class='ocr_line' id='line_1_64' title="bbox 2979 2076 3822 2153; baseline -0.005 -19"><span class='ocrx_word' id='word_1_434' title='bbox 2979 2076 3252 2135; x_wconf 79' lang='grc' dir='ltr'>Ἀναδύων</span> <span class='ocrx_word' id='word_1_435' title='bbox 3302 2099 3361 2132; x_wconf 91' lang='grc' dir='ltr'><strong>τε</strong></span> <span class='ocrx_word' id='word_1_436' title='bbox 3417 2077 3822 2153; x_wconf 79' lang='grc' dir='ltr'>εἰσπορεύεσθαι</span> 
     </span>
    </p>
   </div>
   <div class='ocr_carea' id='block_1_65' title="bbox 2174 2255 3831 2332">
    <p class='ocr_par' dir='ltr' id='par_1_65' title="bbox 2174 2255 3831 2332">
     <span class='ocr_line' id='line_1_65' title="bbox 2174 2255 3831 2332; baseline 0 -22"><span class='ocrx_word' id='word_1_437' title='bbox 2174 2255 2430 2312; x_wconf 82' lang='grc' dir='ltr'>ὑποκάτω</span> <span class='ocrx_word' id='word_1_438' title='bbox 2494 2261 2602 2312; x_wconf 91' lang='grc' dir='ltr'><strong>τῶν</strong></span> <span class='ocrx_word' id='word_1_439' title='bbox 2649 2255 2956 2332; x_wconf 75' lang='grc' dir='ltr'><strong>βαθμίδων,</strong></span> <span class='ocrx_word' id='word_1_440' title='bbox 3020 2261 3182 2312; x_wconf 73' lang='grc' dir='ltr'>τοῦτο</span> <span class='ocrx_word' id='word_1_441' title='bbox 3241 2259 3407 2330; x_wconf 74' lang='grc' dir='ltr'>’Ἅγια</span> <span class='ocrx_word' id='word_1_442' title='bbox 3463 2255 3634 2330; x_wconf 80' lang='grc' dir='ltr'>ἁγίων</span> <span class='ocrx_word' id='word_1_443' title='bbox 3660 2275 3831 2330; x_wconf 88' lang='grc' dir='ltr'>προσ-</span> 
     </span>
    </p>
   </div>
   <div class='ocr_carea' id='block_1_66' title="bbox 2177 2344 3825 2423">
    <p class='ocr_par' dir='ltr' id='par_1_66' title="bbox 2177 2344 3825 2423">
     <span class='ocr_line' id='line_1_66' title="bbox 2177 2344 3825 2423; baseline -0.001 -22"><span class='ocrx_word' id='word_1_444' title='bbox 2177 2347 2508 2423; x_wconf 84' lang='grc' dir='ltr'>ηγόρευσεν.</span> <span class='ocrx_word' id='word_1_445' title='bbox 2568 2348 2799 2418; x_wconf 86' lang='grc' dir='ltr'>Ἔστησε</span> <span class='ocrx_word' id='word_1_446' title='bbox 2851 2344 2908 2402; x_wconf 78' lang='grc' dir='ltr'>δὲ</span> <span class='ocrx_word' id='word_1_447' title='bbox 2964 2347 3053 2401; x_wconf 88' lang='grc' dir='ltr'><strong>καὶ</strong></span> <span class='ocrx_word' id='word_1_448' title='bbox 3106 2346 3288 2408; x_wconf 85' lang='grc' dir='ltr'>κίονας</span> <span class='ocrx_word' id='word_1_449' title='bbox 3343 2344 3674 2422; x_wconf 67' lang='grc' dir='ltr'>εὐμεγέθεις,</span> <span class='ocrx_word' id='word_1_450' title='bbox 3732 2344 3825 2400; x_wconf 83' lang='grc' dir='ltr'><strong>καὶ</strong></span> 
     </span>
    </p>
   </div>
   <div class='ocr_carea' id='block_1_67' title="bbox 2175 2430 3830 2512">
    <p class='ocr_par' dir='ltr' id='par_1_67' title="bbox 2175 2430 3830 2512">
     <span class='ocr_line' id='line_1_67' title="bbox 2175 2430 3830 2512; baseline -0.001 -22"><span class='ocrx_word' id='word_1_451' title='bbox 2175 2436 2376 2500; x_wconf 79' lang='grc' dir='ltr'>αὐτοὺς</span> <span class='ocrx_word' id='word_1_452' title='bbox 2422 2436 2906 2512; x_wconf 80' lang='grc' dir='ltr'>ἀργυροχρύσους,</span> <span class='ocrx_word' id='word_1_453' title='bbox 2973 2435 3064 2490; x_wconf 81' lang='grc' dir='ltr'><strong>σὺν</strong></span> <span class='ocrx_word' id='word_1_454' title='bbox 3121 2441 3203 2507; x_wconf 81' lang='grc' dir='ltr'><strong>τῷ</strong></span> <span class='ocrx_word' id='word_1_455' title='bbox 3258 2430 3508 2510; x_wconf 77' lang='grc' dir='ltr'>κιϐωρίῳ</span> <span class='ocrx_word' id='word_1_456' title='bbox 3562 2435 3654 2489; x_wconf 77' lang='grc' dir='ltr'><strong>καὶ</strong></span> <span class='ocrx_word' id='word_1_457' title='bbox 3709 2440 3830 2497; x_wconf 88' lang='grc' dir='ltr'>τοῖς</span> 
     </span>
    </p>
   </div>
   <div class='ocr_carea' id='block_1_68' title="bbox 2174 2520 3834 2602">
    <p class='ocr_par' dir='ltr' id='par_1_68' title="bbox 2174 2520 3834 2602">
     <span class='ocr_line' id='line_1_68' title="bbox 2174 2520 3834 2602; baseline -0.001 -22"><span class='ocrx_word' id='word_1_458' title='bbox 2174 2526 2400 2602; x_wconf 76' lang='grc' dir='ltr'>κρίνοις.</span> <span class='ocrx_word' id='word_1_459' title='bbox 2478 2527 2552 2582; x_wconf 86' lang='grc' dir='ltr'>Τὸ</span> <span class='ocrx_word' id='word_1_460' title='bbox 2631 2523 2688 2580; x_wconf 76' lang='grc' dir='ltr'>δὲ</span> <span class='ocrx_word' id='word_1_461' title='bbox 2761 2520 3025 2600; x_wconf 73' lang='grc' dir='ltr'>κιϐώριον</span> <span class='ocrx_word' id='word_1_462' title='bbox 3086 2523 3589 2601; x_wconf 81' lang='grc' dir='ltr'>ἀργυροέγκαυστον</span> <span class='ocrx_word' id='word_1_463' title='bbox 3647 2522 3834 2594; x_wconf 73' lang='grc' dir='ltr'>ἐποίη-</span> 
     </span>
    </p>
   </div>
   <div class='ocr_carea' id='block_1_69' title="bbox 2176 2609 3838 2691">
    <p class='ocr_par' dir='ltr' id='par_1_69' title="bbox 2176 2609 3838 2691">
     <span class='ocr_line' id='line_1_69' title="bbox 2176 2609 3838 2691; baseline -0.001 -22"><span class='ocrx_word' id='word_1_464' title='bbox 2176 2636 2286 2673; x_wconf 90' lang='grc' dir='ltr'>σεν.</span> <span class='ocrx_word' id='word_1_465' title='bbox 2346 2614 2559 2670; x_wconf 87' lang='grc' dir='ltr'>Ἐπάνω</span> <span class='ocrx_word' id='word_1_466' title='bbox 2619 2611 2678 2670; x_wconf 78' lang='grc' dir='ltr'>δὶ</span> <span class='ocrx_word' id='word_1_467' title='bbox 2730 2619 2827 2670; x_wconf 79' lang='grc' dir='ltr'><strong>τοῦ</strong></span> <span class='ocrx_word' id='word_1_468' title='bbox 2868 2609 3134 2690; x_wconf 76' lang='grc' dir='ltr'>κιϐωρίου</span> <span class='ocrx_word' id='word_1_469' title='bbox 3192 2610 3384 2684; x_wconf 57' lang='grc' dir='ltr'>ἔστησε</span> <span class='ocrx_word' id='word_1_470' title='bbox 3443 2617 3674 2691; x_wconf 79' lang='grc' dir='ltr'>σφαῖραν</span> <span class='ocrx_word' id='word_1_471' title='bbox 3707 2611 3838 2668; x_wconf 84' lang='grc' dir='ltr'><strong>ὁλό-</strong></span> 
     </span>
    </p>
   </div>
   <div class='ocr_carea' id='block_1_70' title="bbox 2178 2703 3832 2781">
    <p class='ocr_par' dir='ltr' id='par_1_70' title="bbox 2178 2703 3832 2781">
     <span class='ocr_line' id='line_1_70' title="bbox 2178 2703 3832 2781; baseline 0.015 -24"><span class='ocrx_word' id='word_1_472' title='bbox 2178 2725 2415 2780; x_wconf 88' lang='grc' dir='ltr'>χρυσον,</span> <span class='ocrx_word' id='word_1_473' title='bbox 2474 2703 2707 2780; x_wconf 81' lang='grc' dir='ltr'>ἔχουσαν</span> <span class='ocrx_word' id='word_1_474' title='bbox 2768 2706 3008 2778; x_wconf 83' lang='grc' dir='ltr'>σταθμὸν</span> <span class='ocrx_word' id='word_1_475' title='bbox 3062 2703 3295 2781; x_wconf 81' lang='grc' dir='ltr'><strong>χρυσίου</strong></span> <span class='ocrx_word' id='word_1_476' title='bbox 3353 2703 3678 2778; x_wconf 79' lang='grc' dir='ltr'>κεντηνάρια</span> <span class='ocrx_word' id='word_1_477' title='bbox 3738 2704 3832 2773; x_wconf 56' lang='grc' dir='ltr'><strong>ιη’»</strong></span> 
     </span>
    </p>
   </div>
   <div class='ocr_carea' id='block_1_71' title="bbox 2176 2791 3833 2870">
    <p class='ocr_par' dir='ltr' id='par_1_71' title="bbox 2176 2791 3833 2870">
     <span class='ocr_line' id='line_1_71' title="bbox 2176 2791 3833 2870; baseline -0.002 -22"><span class='ocrx_word' id='word_1_478' title='bbox 2176 2794 2266 2848; x_wconf 86' lang='grc' dir='ltr'><strong>καὶ</strong></span> <span class='ocrx_word' id='word_1_479' title='bbox 2331 2793 2488 2869; x_wconf 83' lang='grc' dir='ltr'>κρίνα</span> <span class='ocrx_word' id='word_1_480' title='bbox 2535 2798 2715 2870; x_wconf 89' lang='grc' dir='ltr'>χρυσᾶ</span> <span class='ocrx_word' id='word_1_481' title='bbox 2771 2795 3043 2864; x_wconf 75' lang='grc' dir='ltr'>στήσαντα</span> <span class='ocrx_word' id='word_1_482' title='bbox 3109 2799 3230 2868; x_wconf 55' lang='grc' dir='ltr'>ριςί,</span> <span class='ocrx_word' id='word_1_483' title='bbox 3286 2793 3376 2848; x_wconf 87' lang='grc' dir='ltr'><strong>καὶ</strong></span> <span class='ocrx_word' id='word_1_484' title='bbox 3419 2791 3600 2847; x_wconf 71' lang='grc' dir='ltr'>ἐπάνω</span> <span class='ocrx_word' id='word_1_485' title='bbox 3630 2791 3833 2861; x_wconf 79' lang='grc' dir='ltr'>αὐτῶν,</span> 
     </span>
    </p>
   </div>
   <div class='ocr_carea' id='block_1_72' title="bbox 2178 2877 3830 2959">
    <p class='ocr_par' dir='ltr' id='par_1_72' title="bbox 2178 2877 3830 2959">
     <span class='ocr_line' id='line_1_72' title="bbox 2178 2877 3830 2959; baseline -0.002 -22"><span class='ocrx_word' id='word_1_486' title='bbox 2178 2883 2405 2959; x_wconf 85' lang='grc' dir='ltr'>σταυρὸν</span> <span class='ocrx_word' id='word_1_487' title='bbox 2466 2882 2705 2959; x_wconf 74' lang='grc' dir='ltr'>χρυσοῦν</span> <span class='ocrx_word' id='word_1_488' title='bbox 2760 2883 2895 2956; x_wconf 85' lang='grc' dir='ltr'>μετὰ</span> <span class='ocrx_word' id='word_1_489' title='bbox 2953 2881 3122 2946; x_wconf 90' lang='grc' dir='ltr'>λίθων</span> <span class='ocrx_word' id='word_1_490' title='bbox 3147 2879 3473 2937; x_wconf 81' lang='grc' dir='ltr'>πολυτελῶν</span> <span class='ocrx_word' id='word_1_491' title='bbox 3506 2881 3598 2936; x_wconf 83' lang='grc' dir='ltr'><strong>καὶ</strong></span> <span class='ocrx_word' id='word_1_492' title='bbox 3629 2877 3830 2935; x_wconf 87' lang='grc' dir='ltr'>δυσπο-</span> 
     </span>
    </p>
   </div>
   <div class='ocr_carea' id='block_1_73' title="bbox 2179 2967 3831 3047">
    <p class='ocr_par' dir='ltr' id='par_1_73' title="bbox 2179 2967 3831 3047">
     <span class='ocr_line' id='line_1_73' title="bbox 2179 2967 3831 3047; baseline -0.002 -21"><span class='ocrx_word' id='word_1_493' title='bbox 2179 2973 2412 3047; x_wconf 81' lang='grc' dir='ltr'>ρίστων,</span> <span class='ocrx_word' id='word_1_494' title='bbox 2481 2971 2630 3036; x_wconf 76' lang='grc' dir='ltr'>δστις</span> <span class='ocrx_word' id='word_1_495' title='bbox 2705 2973 2930 3046; x_wconf 90' lang='grc' dir='ltr'>σταυρὸς</span> <span class='ocrx_word' id='word_1_496' title='bbox 3006 2971 3124 3046; x_wconf 81' lang='grc' dir='ltr'>εἶχε</span> <span class='ocrx_word' id='word_1_497' title='bbox 3179 2972 3423 3044; x_wconf 84' lang='grc' dir='ltr'>σταθμον</span> <span class='ocrx_word' id='word_1_498' title='bbox 3477 2973 3686 3045; x_wconf 78' lang='grc' dir='ltr'>χρυσοῦ</span> <span class='ocrx_word' id='word_1_499' title='bbox 3743 2967 3831 3023; x_wconf 87' lang='grc' dir='ltr'><strong>λί-</strong></span> 
     </span>
    </p>
   </div>
   <div class='ocr_carea' id='block_1_74' title="bbox 2175 3055 3826 3136">
    <p class='ocr_par' dir='ltr' id='par_1_74' title="bbox 2175 3055 3826 3136">
     <span class='ocr_line' id='line_1_74' title="bbox 2175 3055 3826 3136; baseline -0.002 -21"><span class='ocrx_word' id='word_1_500' title='bbox 2175 3081 2306 3136; x_wconf 88' lang='grc' dir='ltr'>τρας</span> <span class='ocrx_word' id='word_1_501' title='bbox 2368 3064 2459 3116; x_wconf 90' lang='grc' dir='ltr'>οε’.</span> <span class='ocrx_word' id='word_1_502' title='bbox 2516 3061 2772 3132; x_wconf 85' lang='grc' dir='ltr'>Ἐποίησε</span> <span class='ocrx_word' id='word_1_503' title='bbox 2833 3057 2888 3115; x_wconf 76' lang='grc' dir='ltr'>δὲ</span> <span class='ocrx_word' id='word_1_504' title='bbox 2949 3059 3205 3134; x_wconf 72' lang='grc' dir='ltr'>μηχανὴν</span> <span class='ocrx_word' id='word_1_505' title='bbox 3236 3059 3518 3130; x_wconf 76' lang='grc' dir='ltr'>τοιαύτην,</span> <span class='ocrx_word' id='word_1_506' title='bbox 3555 3055 3826 3134; x_wconf 79' lang='grc' dir='ltr'>βουλόμε-</span> 
     </span>
    </p>
   </div>
   <div class='ocr_carea' id='block_1_75' title="bbox 2176 3145 3823 3225">
    <p class='ocr_par' dir='ltr' id='par_1_75' title="bbox 2176 3145 3823 3225">
     <span class='ocr_line' id='line_1_75' title="bbox 2176 3145 3823 3225; baseline -0.002 -22"><span class='ocrx_word' id='word_1_507' title='bbox 2176 3171 2267 3213; x_wconf 91' lang='grc' dir='ltr'><strong>νος</strong></span> <span class='ocrx_word' id='word_1_508' title='bbox 2321 3151 2422 3225; x_wconf 74' lang='grc' dir='ltr'><strong>γάρ</strong></span> <span class='ocrx_word' id='word_1_509' title='bbox 2481 3150 2761 3224; x_wconf 82' lang='grc' dir='ltr'>κρείττονα</span> <span class='ocrx_word' id='word_1_510' title='bbox 2816 3151 2915 3220; x_wconf 79' lang='grc' dir='ltr'><strong>τήν</strong></span> <span class='ocrx_word' id='word_1_511' title='bbox 2974 3149 3128 3224; x_wconf 82' lang='grc' dir='ltr'>ἁγίαν</span> <span class='ocrx_word' id='word_1_512' title='bbox 3187 3150 3454 3224; x_wconf 83' lang='grc' dir='ltr'>τράπεζαν</span> <span class='ocrx_word' id='word_1_513' title='bbox 3514 3148 3605 3203; x_wconf 85' lang='grc' dir='ltr'><strong>καὶ</strong></span> <span class='ocrx_word' id='word_1_514' title='bbox 3655 3145 3823 3202; x_wconf 83' lang='grc' dir='ltr'>πολυ-</span> 
     </span>
    </p>
   </div>
   <div class='ocr_carea' id='block_1_76' title="bbox 2176 3235 3829 3314">
    <p class='ocr_par' dir='ltr' id='par_1_76' title="bbox 2176 3235 3829 3314">
     <span class='ocr_line' id='line_1_76' title="bbox 2176 3235 3829 3314; baseline -0.002 -21"><span class='ocrx_word' id='word_1_515' title='bbox 2176 3237 2310 3307; x_wconf 87' lang='grc' dir='ltr'><strong>τελῆ</strong></span> <span class='ocrx_word' id='word_1_516' title='bbox 2369 3239 2571 3310; x_wconf 74' lang='grc' dir='ltr'>ταύτην</span> <span class='ocrx_word' id='word_1_517' title='bbox 2631 3245 2859 3308; x_wconf 83' lang='grc' dir='ltr'>ποιῆσαι</span> <span class='ocrx_word' id='word_1_518' title='bbox 2921 3238 3053 3314; x_wconf 78' lang='grc' dir='ltr'>ὑπὲρ</span> <span class='ocrx_word' id='word_1_519' title='bbox 3104 3237 3357 3314; x_wconf 86' lang='grc' dir='ltr'>χρυσίον,</span> <span class='ocrx_word' id='word_1_520' title='bbox 3389 3235 3829 3313; x_wconf 80' lang='grc' dir='ltr'>προσεκαλέσατο</span> 
     </span>
    </p>
   </div>
   <div class='ocr_carea' id='block_1_77' title="bbox 2180 3322 3835 3401">
    <p class='ocr_par' dir='ltr' id='par_1_77' title="bbox 2180 3322 3835 3401">
     <span class='ocr_line' id='line_1_77' title="bbox 2180 3322 3835 3401; baseline -0.002 -19"><span class='ocrx_word' id='word_1_521' title='bbox 2180 3327 2546 3400; x_wconf 65' lang='grc' dir='ltr'>ἐπιστήμονας</span> <span class='ocrx_word' id='word_1_522' title='bbox 2588 3327 2860 3397; x_wconf 82' lang='grc' dir='ltr'>πολλοὺς,</span> <span class='ocrx_word' id='word_1_523' title='bbox 2913 3327 3149 3401; x_wconf 78' lang='grc' dir='ltr'>εἰρηκὼς</span> <span class='ocrx_word' id='word_1_524' title='bbox 3188 3327 3374 3391; x_wconf 83' lang='grc' dir='ltr'>αὐτοῖς</span> <span class='ocrx_word' id='word_1_525' title='bbox 3427 3331 3611 3382; x_wconf 79' lang='grc' dir='ltr'>τοῦτο·</span> <span class='ocrx_word' id='word_1_526' title='bbox 3674 3327 3728 3381; x_wconf 75' lang='grc' dir='ltr'>οἱ</span> <span class='ocrx_word' id='word_1_527' title='bbox 3776 3322 3835 3380; x_wconf 69' lang='grc' dir='ltr'>δὲ</span> 
     </span>
    </p>
   </div>
   <div class='ocr_carea' id='block_1_78' title="bbox 2182 3411 3833 3494">
    <p class='ocr_par' dir='ltr' id='par_1_78' title="bbox 2182 3411 3833 3494">
     <span class='ocr_line' id='line_1_78' title="bbox 2182 3411 3833 3494; baseline 0 -24"><span class='ocrx_word' id='word_1_528' title='bbox 2182 3415 2384 3494; x_wconf 78' lang='grc' dir='ltr'>ἔφησαν</span> <span class='ocrx_word' id='word_1_529' title='bbox 2437 3417 2602 3489; x_wconf 75' lang='grc' dir='ltr'>αὐτῷ’</span> <span class='ocrx_word' id='word_1_530' title='bbox 2655 3417 2750 3480; x_wconf 62' lang='lat' dir='ltr'><strong>Et;</strong></span> <span class='ocrx_word' id='word_1_531' title='bbox 2799 3419 3173 3493; x_wconf 85' lang='grc' dir='ltr'>γωνευτήριον</span> <span class='ocrx_word' id='word_1_532' title='bbox 3231 3411 3562 3490; x_wconf 73' lang='grc' dir='ltr'>ἐμϐάλωμεν</span> <span class='ocrx_word' id='word_1_533' title='bbox 3604 3416 3833 3492; x_wconf 87' lang='grc' dir='ltr'>χρυσὸν,</span> 
     </span>
    </p>
   </div>
   <div class='ocr_carea' id='block_1_79' title="bbox 2183 3505 3833 3582">
    <p class='ocr_par' dir='ltr' id='par_1_79' title="bbox 2183 3505 3833 3582">
     <span class='ocr_line' id='line_1_79' title="bbox 2183 3505 3833 3582; baseline -0.001 -22"><span class='ocrx_word' id='word_1_534' title='bbox 2183 3505 2417 3582; x_wconf 73' lang='grc' dir='ltr'>ἄργυρον</span> <span class='ocrx_word' id='word_1_535' title='bbox 2453 3551 2467 3576; x_wconf 88' lang='grc'><strong>,</strong></span> <span class='ocrx_word' id='word_1_536' title='bbox 2524 3505 2712 3570; x_wconf 83' lang='grc' dir='ltr'>λίθους</span> <span class='ocrx_word' id='word_1_537' title='bbox 2767 3505 2988 3578; x_wconf 86' lang='grc' dir='ltr'>τιμίους</span> <span class='ocrx_word' id='word_1_538' title='bbox 3043 3506 3383 3574; x_wconf 81' lang='grc' dir='ltr'>παντοίους,</span> <span class='ocrx_word' id='word_1_539' title='bbox 3448 3505 3783 3582; x_wconf 85' lang='grc' dir='ltr'>μαργαρίτας</span> <span class='ocrx_word' id='word_1_540' title='bbox 3817 3551 3833 3576; x_wconf 91' lang='grc'><strong>,</strong></span> 
     </span>
    </p>
   </div>
   <div class='ocr_carea' id='block_1_80' title="bbox 2183 3590 3832 3671">
    <p class='ocr_par' dir='ltr' id='par_1_80' title="bbox 2183 3590 3832 3671">
     <span class='ocr_line' id='line_1_80' title="bbox 2183 3590 3832 3671; baseline -0.001 -22"><span class='ocrx_word' id='word_1_541' title='bbox 2183 3592 2483 3669; x_wconf 76' lang='grc' dir='ltr'>ζάμϐυκας,</span> <span class='ocrx_word' id='word_1_542' title='bbox 2544 3595 2780 3671; x_wconf 87' lang='grc' dir='ltr'>χαλκὸν,</span> <span class='ocrx_word' id='word_1_543' title='bbox 2837 3594 3144 3671; x_wconf 72' lang='grc' dir='ltr'>ἤλεκτρον,</span> <span class='ocrx_word' id='word_1_544' title='bbox 3206 3590 3520 3669; x_wconf 73' lang='grc' dir='ltr'>μόλιϐδον,</span> <span class='ocrx_word' id='word_1_545' title='bbox 3581 3592 3832 3670; x_wconf 87' lang='grc' dir='ltr'>σίδηρον,</span> 
     </span>
    </p>
   </div>
   <div class='ocr_carea' id='block_1_81' title="bbox 2179 3681 3836 3760">
    <p class='ocr_par' dir='ltr' id='par_1_81' title="bbox 2179 3681 3836 3760">
     <span class='ocr_line' id='line_1_81' title="bbox 2179 3681 3836 3760; baseline 0 -21"><span class='ocrx_word' id='word_1_546' title='bbox 2179 3686 2538 3760; x_wconf 86' lang='grc' dir='ltr'>κασσίτερον,</span> <span class='ocrx_word' id='word_1_547' title='bbox 2598 3682 2794 3755; x_wconf 75' lang='grc' dir='ltr'>ὕελον,</span> <span class='ocrx_word' id='word_1_548' title='bbox 2861 3685 2952 3739; x_wconf 86' lang='grc' dir='ltr'><strong>καὶ</strong></span> <span class='ocrx_word' id='word_1_549' title='bbox 3007 3683 3208 3754; x_wconf 78' lang='grc' dir='ltr'>λοιπὴν</span> <span class='ocrx_word' id='word_1_550' title='bbox 3265 3690 3435 3739; x_wconf 81' lang='grc' dir='ltr'>πᾶσαν</span> <span class='ocrx_word' id='word_1_551' title='bbox 3493 3681 3836 3757; x_wconf 73' lang='grc' dir='ltr'>μεταλλικὴν</span> 
     </span>
    </p>
   </div>
   <div class='ocr_carea' id='block_1_82' title="bbox 2180 3772 3832 3850">
    <p class='ocr_par' dir='ltr' id='par_1_82' title="bbox 2180 3772 3832 3850">
     <span class='ocr_line' id='line_1_82' title="bbox 2180 3772 3832 3850; baseline 0 -22"><span class='ocrx_word' id='word_1_552' title='bbox 2180 3774 2340 3846; x_wconf 79' lang='grc' dir='ltr'>ὕλην·</span> <span class='ocrx_word' id='word_1_553' title='bbox 2395 3773 2486 3829; x_wconf 87' lang='grc' dir='ltr'><strong>καὶ</strong></span> <span class='ocrx_word' id='word_1_554' title='bbox 2518 3773 2801 3850; x_wconf 81' lang='grc' dir='ltr'>τρίψαντες</span> <span class='ocrx_word' id='word_1_555' title='bbox 2849 3774 2984 3828; x_wconf 75' lang='grc' dir='ltr'>αὐτὰ</span> <span class='ocrx_word' id='word_1_556' title='bbox 3031 3773 3312 3850; x_wconf 83' lang='grc' dir='ltr'>ἀμφότερα</span> <span class='ocrx_word' id='word_1_557' title='bbox 3351 3773 3427 3836; x_wconf 87' lang='grc' dir='ltr'><strong>είς</strong></span> <span class='ocrx_word' id='word_1_558' title='bbox 3474 3772 3683 3847; x_wconf 72' lang='grc' dir='ltr'>ὅλμους</span> <span class='ocrx_word' id='word_1_559' title='bbox 3738 3773 3832 3828; x_wconf 86' lang='grc' dir='ltr'><strong>καὶ</strong></span> 
     </span>
    </p>
   </div>
   <div class='ocr_carea' id='block_1_83' title="bbox 2179 3859 3832 3939">
    <p class='ocr_par' dir='ltr' id='par_1_83' title="bbox 2179 3859 3832 3939">
     <span class='ocr_line' id='line_1_83' title="bbox 2179 3859 3832 3939; baseline -0.002 -19"><span class='ocrx_word' id='word_1_560' title='bbox 2179 3862 2458 3936; x_wconf 75' lang='grc' dir='ltr'>δήσαντες,</span> <span class='ocrx_word' id='word_1_561' title='bbox 2518 3863 2605 3919; x_wconf 79' lang='grc' dir='ltr'>ἐπὶ</span> <span class='ocrx_word' id='word_1_562' title='bbox 2663 3865 2724 3918; x_wconf 83' lang='grc' dir='ltr'>τὸ</span> <span class='ocrx_word' id='word_1_563' title='bbox 2784 3865 3157 3939; x_wconf 86' lang='grc' dir='ltr'>χωνευτήριον</span> <span class='ocrx_word' id='word_1_564' title='bbox 3213 3859 3434 3938; x_wconf 78' lang='grc' dir='ltr'>ἔχυσαν·</span> <span class='ocrx_word' id='word_1_565' title='bbox 3485 3863 3576 3917; x_wconf 84' lang='grc' dir='ltr'><strong>καὶ</strong></span> <span class='ocrx_word' id='word_1_566' title='bbox 3627 3863 3832 3936; x_wconf 82' lang='grc' dir='ltr'>ἀναμα-</span> 
     </span>
    </p>
   </div>
   <div class='ocr_carea' id='block_1_84' title="bbox 2177 3948 3831 4028">
    <p class='ocr_par' dir='ltr' id='par_1_84' title="bbox 2177 3948 3831 4028">
     <span class='ocr_line' id='line_1_84' title="bbox 2177 3948 3831 4028; baseline -0.001 -20"><span class='ocrx_word' id='word_1_567' title='bbox 2177 3957 2398 4028; x_wconf 81' lang='grc' dir='ltr'>ξάμενοι</span> <span class='ocrx_word' id='word_1_568' title='bbox 2443 3952 2504 4008; x_wconf 85' lang='grc' dir='ltr'>τὸ</span> <span class='ocrx_word' id='word_1_569' title='bbox 2551 3958 2680 4027; x_wconf 80' lang='grc' dir='ltr'>πῦρ,</span> <span class='ocrx_word' id='word_1_570' title='bbox 2738 3948 3006 4008; x_wconf 75' lang='grc' dir='ltr'>ἀνέλαϐον</span> <span class='ocrx_word' id='word_1_571' title='bbox 3051 3957 3220 4007; x_wconf 76' lang='grc' dir='ltr'>ταῦτα</span> <span class='ocrx_word' id='word_1_572' title='bbox 3276 3953 3328 4006; x_wconf 74' lang='grc' dir='ltr'>οἱ</span> <span class='ocrx_word' id='word_1_573' title='bbox 3366 3957 3614 4028; x_wconf 80' lang='grc' dir='ltr'>τεχνῖται</span> <span class='ocrx_word' id='word_1_574' title='bbox 3645 3951 3704 4006; x_wconf 65' lang='grc' dir='ltr'>ἐκ</span> <span class='ocrx_word' id='word_1_575' title='bbox 3731 3953 3831 4006; x_wconf 81' lang='grc' dir='ltr'>τοῦ</span> 
     </span>
    </p>
   </div>
   <div class='ocr_carea' id='block_1_85' title="bbox 2175 4040 3827 4117">
    <p class='ocr_par' dir='ltr' id='par_1_85' title="bbox 2175 4040 3827 4117">
     <span class='ocr_line' id='line_1_85' title="bbox 2175 4040 3827 4117; baseline -0.001 -19"><span class='ocrx_word' id='word_1_576' title='bbox 2175 4043 2366 4115; x_wconf 91' lang='grc' dir='ltr'>πυρὸς,</span> <span class='ocrx_word' id='word_1_577' title='bbox 2420 4041 2510 4096; x_wconf 87' lang='grc' dir='ltr'><strong>καὶ</strong></span> <span class='ocrx_word' id='word_1_578' title='bbox 2570 4040 2771 4117; x_wconf 78' lang='grc' dir='ltr'>ἔχυσαν</span> <span class='ocrx_word' id='word_1_579' title='bbox 2835 4041 2912 4101; x_wconf 80' lang='grc' dir='ltr'>εἷς</span> <span class='ocrx_word' id='word_1_580' title='bbox 2958 4043 3209 4117; x_wconf 88' lang='grc' dir='ltr'>τυπάριν·</span> <span class='ocrx_word' id='word_1_581' title='bbox 3269 4042 3360 4096; x_wconf 86' lang='grc' dir='ltr'><strong>καὶ</strong></span> <span class='ocrx_word' id='word_1_582' title='bbox 3417 4040 3624 4116; x_wconf 86' lang='grc' dir='ltr'>ἐγένετο</span> <span class='ocrx_word' id='word_1_583' title='bbox 3682 4043 3827 4115; x_wconf 88' lang='grc' dir='ltr'><strong>χυτή</strong></span> 
     </span>
    </p>
   </div>
   <div class='ocr_carea' id='block_1_86' title="bbox 2174 4129 3828 4207">
    <p class='ocr_par' dir='ltr' id='par_1_86' title="bbox 2174 4129 3828 4207">
     <span class='ocr_line' id='line_1_86' title="bbox 2174 4129 3828 4207; baseline -0.001 -20"><span class='ocrx_word' id='word_1_584' title='bbox 2174 4135 2467 4207; x_wconf 72' lang='grc' dir='ltr'>παμμιγος</span> <span class='ocrx_word' id='word_1_585' title='bbox 2525 4130 2796 4204; x_wconf 86' lang='grc' dir='ltr'>ἀτίμητος</span> <span class='ocrx_word' id='word_1_586' title='bbox 2854 4133 2889 4200; x_wconf 75' lang='grc' dir='ltr'>ἡ</span> <span class='ocrx_word' id='word_1_587' title='bbox 2942 4129 3067 4205; x_wconf 80' lang='grc' dir='ltr'>ἁγία</span> <span class='ocrx_word' id='word_1_588' title='bbox 3121 4132 3407 4206; x_wconf 78' lang='grc' dir='ltr'>τράπεζα’</span> <span class='ocrx_word' id='word_1_589' title='bbox 3493 4130 3590 4194; x_wconf 81' lang='grc' dir='ltr'>εἶθ’</span> <span class='ocrx_word' id='word_1_590' title='bbox 3653 4129 3828 4193; x_wconf 74' lang='grc' dir='ltr'>οὕτως</span> 
     </span>
    </p>
   </div>
   <div class='ocr_carea' id='block_1_87' title="bbox 2175 4215 3834 4290">
    <p class='ocr_par' dir='ltr' id='par_1_87' title="bbox 2175 4215 3834 4290">
     <span class='ocr_line' id='line_1_87' title="bbox 2175 4215 3834 4290; baseline -0.001 -15"><span class='ocrx_word' id='word_1_591' title='bbox 2175 4219 2398 4290; x_wconf 78' lang='grc' dir='ltr'>ἔστησεν</span> <span class='ocrx_word' id='word_1_592' title='bbox 2455 4219 2646 4289; x_wconf 59' lang='grc' dir='ltr'>αὐτήν</span> <span class='ocrx_word' id='word_1_593' title='bbox 2699 4219 3044 4274; x_wconf 84' lang='grc' dir='ltr'>ὑποκάτωθεν</span> <span class='ocrx_word' id='word_1_594' title='bbox 3109 4217 3166 4274; x_wconf 70' lang='grc' dir='ltr'>δὲ</span> <span class='ocrx_word' id='word_1_595' title='bbox 3198 4219 3366 4290; x_wconf 77' lang='grc' dir='ltr'>αὐτῆς</span> <span class='ocrx_word' id='word_1_596' title='bbox 3407 4215 3600 4290; x_wconf 77' lang='grc' dir='ltr'>ἔστησε</span> <span class='ocrx_word' id='word_1_597' title='bbox 3647 4219 3834 4281; x_wconf 87' lang='grc' dir='ltr'>κίονας</span> 
     </span>
    </p>
   </div>
   <div class='ocr_carea' id='block_1_88' title="bbox 2174 4305 3828 4384">
    <p class='ocr_par' dir='ltr' id='par_1_88' title="bbox 2174 4305 3828 4384">
     <span class='ocr_line' id='line_1_88' title="bbox 2174 4305 3828 4384; baseline -0.001 -19"><span class='ocrx_word' id='word_1_598' title='bbox 2174 4310 2522 4384; x_wconf 74' lang='grc' dir='ltr'>ὁλοχρύσους</span> <span class='ocrx_word' id='word_1_599' title='bbox 2573 4309 2661 4364; x_wconf 78' lang='grc' dir='ltr'>καὶ</span> <span class='ocrx_word' id='word_1_600' title='bbox 2707 4308 2906 4372; x_wconf 78' lang='grc' dir='ltr'>αὐτοὺς</span> <span class='ocrx_word' id='word_1_601' title='bbox 2961 4311 3098 4380; x_wconf 81' lang='grc' dir='ltr'>μετὰ</span> <span class='ocrx_word' id='word_1_602' title='bbox 3146 4306 3313 4373; x_wconf 88' lang='grc' dir='ltr'>λίθων</span> <span class='ocrx_word' id='word_1_603' title='bbox 3343 4305 3689 4364; x_wconf 80' lang='grc' dir='ltr'>πολυτελῶν·</span> <span class='ocrx_word' id='word_1_604' title='bbox 3736 4309 3828 4363; x_wconf 80' lang='grc' dir='ltr'><strong>καὶ</strong></span> 
     </span>
    </p>
   </div>
   <div class='ocr_carea' id='block_1_89' title="bbox 2170 4396 3828 4474">
    <p class='ocr_par' dir='ltr' id='par_1_89' title="bbox 2170 4396 3828 4474">
     <span class='ocr_line' id='line_1_89' title="bbox 2170 4396 3828 4474; baseline -0.001 -20"><span class='ocrx_word' id='word_1_605' title='bbox 2170 4401 2268 4468; x_wconf 76' lang='grc' dir='ltr'>τὴν</span> <span class='ocrx_word' id='word_1_606' title='bbox 2303 4397 2453 4474; x_wconf 79' lang='grc' dir='ltr'>πέριξ</span> <span class='ocrx_word' id='word_1_607' title='bbox 2501 4396 2742 4472; x_wconf 87' lang='grc' dir='ltr'>κλίματα</span> <span class='ocrx_word' id='word_1_608' title='bbox 2773 4397 2826 4452; x_wconf 84' lang='grc' dir='ltr'><strong>έν</strong></span> <span class='ocrx_word' id='word_1_609' title='bbox 2927 4396 3176 4453; x_wconf 71' lang='grc' dir='ltr'>’ίστανται</span> <span class='ocrx_word' id='word_1_610' title='bbox 3212 4399 3374 4472; x_wconf 75' lang='grc' dir='ltr'>ἱερεῖς</span> <span class='ocrx_word' id='word_1_611' title='bbox 3432 4397 3508 4460; x_wconf 81' lang='grc' dir='ltr'><strong>είς</strong></span> <span class='ocrx_word' id='word_1_612' title='bbox 3539 4398 3600 4453; x_wconf 88' lang='grc' dir='ltr'>τὸ</span> <span class='ocrx_word' id='word_1_613' title='bbox 3654 4397 3828 4452; x_wconf 81' lang='grc' dir='ltr'>ἀσπά-</span> 
     </span>
    </p>
   </div>
   <div class='ocr_carea' id='block_1_90' title="bbox 2175 4485 3825 4564">
    <p class='ocr_par' dir='ltr' id='par_1_90' title="bbox 2175 4485 3825 4564">
     <span class='ocr_line' id='line_1_90' title="bbox 2175 4485 3825 4564; baseline -0.001 -21"><span class='ocrx_word' id='word_1_614' title='bbox 2175 4494 2354 4558; x_wconf 88' lang='grc' dir='ltr'>ζεσθαι</span> <span class='ocrx_word' id='word_1_615' title='bbox 2384 4489 2484 4557; x_wconf 73' lang='grc' dir='ltr'>τὴν</span> <span class='ocrx_word' id='word_1_616' title='bbox 2536 4488 2693 4563; x_wconf 81' lang='grc' dir='ltr'>ἁγίαν</span> <span class='ocrx_word' id='word_1_617' title='bbox 2745 4489 3037 4564; x_wconf 82' lang='grc' dir='ltr'>τράπεζαν,</span> <span class='ocrx_word' id='word_1_618' title='bbox 3089 4487 3179 4542; x_wconf 84' lang='grc' dir='ltr'><strong>καὶ</strong></span> <span class='ocrx_word' id='word_1_619' title='bbox 3226 4488 3396 4556; x_wconf 75' lang='grc' dir='ltr'>αὐτὴν</span> <span class='ocrx_word' id='word_1_620' title='bbox 3459 4485 3825 4563; x_wconf 82' lang='grc' dir='ltr'>ὁλοάργυρον,</span> 
     </span>
    </p>
   </div>
   <div class='ocr_carea' id='block_1_91' title="bbox 405 4552 2062 4653">
    <p class='ocr_par' dir='ltr' id='par_1_91' title="bbox 405 4576 2060 4652">
     <span class='ocr_line' id='line_1_91' title="bbox 405 4576 2060 4652; baseline 0.008 -30"><span class='ocrx_word' id='word_1_621' title='bbox 405 4585 568 4624; x_wconf 88' lang='lat' dir='ltr'><strong>cram</strong></span> <span class='ocrx_word' id='word_1_622' title='bbox 600 4587 868 4626; x_wconf 89' lang='lat' dir='ltr'><strong>mensam</strong></span> <span class='ocrx_word' id='word_1_623' title='bbox 901 4576 1280 4646; x_wconf 85' lang='lat' dir='ltr'><strong>conspicatus</strong></span> <span class='ocrx_word' id='word_1_624' title='bbox 1329 4589 1443 4633; x_wconf 85' lang='lat' dir='ltr'><strong>non</strong></span> <span class='ocrx_word' id='word_1_625' title='bbox 1477 4584 1716 4650; x_wconf 84' lang='lat' dir='ltr'><strong>stupeat</strong></span> <span class='ocrx_word' id='word_1_626' title='bbox 1737 4581 1764 4633; x_wconf 73' lang='lat'><strong>‘1</strong></span> <span class='ocrx_word' id='word_1_627' title='bbox 1795 4585 1897 4634; x_wconf 91' lang='lat' dir='ltr'><strong>aut</strong></span> <span class='ocrx_word' id='word_1_628' title='bbox 1926 4581 2060 4652; x_wconf 87' lang='lat' dir='ltr'><strong>quis</strong></span> 
     </span>
    </p>
   </div>
   <div class='ocr_carea' id='block_1_92' title="bbox 2175 4552 3827 4653">
    <p class='ocr_par' dir='ltr' id='par_1_92' title="bbox 2175 4552 3827 4653">
     <span class='ocr_line' id='line_1_92' title="bbox 2175 4552 3827 4653; baseline -0.008 -20"><span class='ocrx_word' id='word_1_629' title='bbox 2175 4552 2624 4653; x_wconf 71' lang='grc' dir='ltr'>κεχρυσωμένην.</span> <span class='ocrx_word' id='word_1_630' title='bbox 2848 4552 3232 4640; x_wconf 39' lang='grc' dir='ltr'>δὲ-θάλασσαν</span> <span class='ocrx_word' id='word_1_631' title='bbox 3285 4552 3386 4642; x_wconf 72' lang='grc' dir='ltr'><strong>τῆς</strong></span> <span class='ocrx_word' id='word_1_632' title='bbox 3442 4552 3827 4652; x_wconf 43' lang='grc' dir='ltr'>ἁγίαξτΙράπέξ</span> 
     </span>
    </p>
   </div>
   <div class='ocr_carea' id='block_1_93' title="bbox 402 4661 2060 4738">
    <p class='ocr_par' dir='ltr' id='par_1_93' title="bbox 402 4661 2060 4738">
     <span class='ocr_line' id='line_1_93' title="bbox 402 4661 2060 4738; baseline 0.007 -25"><span class='ocrx_word' id='word_1_633' title='bbox 402 4675 532 4714; x_wconf 88' lang='lat' dir='ltr'><strong>eam</strong></span> <span class='ocrx_word' id='word_1_634' title='bbox 567 4661 756 4731; x_wconf 88' lang='lat' dir='ltr'><strong>possit</strong></span> <span class='ocrx_word' id='word_1_635' title='bbox 785 4661 1012 4718; x_wconf 87' lang='lat' dir='ltr'><strong>diutius</strong></span> <span class='ocrx_word' id='word_1_636' title='bbox 1035 4666 1470 4738; x_wconf 84' lang='lat' dir='ltr'><strong>contemplari?</strong></span> <span class='ocrx_word' id='word_1_637' title='bbox 1510 4685 1642 4722; x_wconf 89' lang='lat' dir='ltr'><strong>cum</strong></span> <span class='ocrx_word' id='word_1_638' title='bbox 1689 4669 1868 4724; x_wconf 88' lang='lat' dir='ltr'><strong>variis</strong></span> <span class='ocrx_word' id='word_1_639' title='bbox 1913 4669 2060 4725; x_wconf 88' lang='lat' dir='ltr'><strong>colo-</strong></span> 
     </span>
    </p>
   </div>
   <div class='ocr_carea' id='block_1_94' title="bbox 405 4748 2060 4827">
    <p class='ocr_par' dir='ltr' id='par_1_94' title="bbox 405 4748 2060 4827">
     <span class='ocr_line' id='line_1_94' title="bbox 405 4748 2060 4827; baseline 0.007 -25"><span class='ocrx_word' id='word_1_640' title='bbox 405 4748 572 4804; x_wconf 90' lang='lat' dir='ltr'><strong>ribus</strong></span> <span class='ocrx_word' id='word_1_641' title='bbox 621 4750 776 4806; x_wconf 87' lang='lat' dir='ltr'><strong>varie</strong></span> <span class='ocrx_word' id='word_1_642' title='bbox 825 4752 1032 4821; x_wconf 90' lang='lat' dir='ltr'><strong>micet;</strong></span> <span class='ocrx_word' id='word_1_643' title='bbox 1085 4753 1470 4827; x_wconf 89' lang='lat' dir='ltr'><strong>videaturque</strong></span> <span class='ocrx_word' id='word_1_644' title='bbox 1522 4773 1677 4812; x_wconf 86' lang='lat' dir='ltr'><strong>nunc</strong></span> <span class='ocrx_word' id='word_1_645' title='bbox 1726 4759 1873 4827; x_wconf 84' lang='lat' dir='ltr'><strong>auri,</strong></span> <span class='ocrx_word' id='word_1_646' title='bbox 1905 4776 2060 4814; x_wconf 89' lang='lat' dir='ltr'><strong>nunc</strong></span> 
     </span>
    </p>
   </div>
   <div class='ocr_carea' id='block_1_95' title="bbox 400 4839 2063 4917">
    <p class='ocr_par' dir='ltr' id='par_1_95' title="bbox 400 4839 2063 4917">
     <span class='ocr_line' id='line_1_95' title="bbox 400 4839 2063 4917; baseline 0.007 -26"><span class='ocrx_word' id='word_1_647' title='bbox 400 4839 628 4910; x_wconf 81' lang='lat' dir='ltr'><strong>argenti</strong></span> <span class='ocrx_word' id='word_1_648' title='bbox 687 4840 972 4912; x_wconf 83' lang='lat' dir='ltr'><strong>fulgorem</strong></span> <span class='ocrx_word' id='word_1_649' title='bbox 1033 4843 1271 4912; x_wconf 88' lang='lat' dir='ltr'><strong>referre,</strong></span> <span class='ocrx_word' id='word_1_650' title='bbox 1333 4847 1508 4900; x_wconf 90' lang='lat' dir='ltr'><strong>modo</strong></span> <span class='ocrx_word' id='word_1_651' title='bbox 1567 4846 1832 4917; x_wconf 85' lang='lat' dir='ltr'><strong>sapphiri</strong></span> <span class='ocrx_word' id='word_1_652' title='bbox 1875 4849 2063 4903; x_wconf 88' lang='lat' dir='ltr'><strong>instar</strong></span> 
     </span>
    </p>
   </div>
   <div class='ocr_carea' id='block_1_96' title="bbox 400 4927 2060 5005">
    <p class='ocr_par' dir='ltr' id='par_1_96' title="bbox 400 4927 2060 5005">
     <span class='ocr_line' id='line_1_96' title="bbox 400 4927 2060 5005; baseline 0.006 -23"><span class='ocrx_word' id='word_1_653' title='bbox 400 4927 663 4993; x_wconf 85' lang='lat' dir='ltr'><strong>rutilare,</strong></span> <span class='ocrx_word' id='word_1_654' title='bbox 695 4933 772 4993; x_wconf 91' lang='lat' dir='ltr'><strong>et,</strong></span> <span class='ocrx_word' id='word_1_655' title='bbox 795 4934 861 4983; x_wconf 91' lang='lat' dir='ltr'><strong>ut</strong></span> <span class='ocrx_word' id='word_1_656' title='bbox 889 4931 1065 4985; x_wconf 89' lang='lat' dir='ltr'><strong>verbo</strong></span> <span class='ocrx_word' id='word_1_657' title='bbox 1098 4931 1315 5000; x_wconf 90' lang='lat' dir='ltr'><strong>dicam,</strong></span> <span class='ocrx_word' id='word_1_658' title='bbox 1349 4933 1771 5005; x_wconf 88' lang='lat' dir='ltr'><strong>multiplicium</strong></span> <span class='ocrx_word' id='word_1_659' title='bbox 1798 4936 2060 4992; x_wconf 90' lang='lat' dir='ltr'><strong>colorum</strong></span> 
     </span>
    </p>
   </div>
   <div class='ocr_carea' id='block_1_97' title="bbox 411 5016 2060 5096">
    <p class='ocr_par' dir='ltr' id='par_1_97' title="bbox 411 5016 2060 5096">
     <span class='ocr_line' id='line_1_97' title="bbox 411 5016 2060 5096; baseline 0.007 -25"><span class='ocrx_word' id='word_1_660' title='bbox 411 5016 610 5072; x_wconf 78' lang='lat' dir='ltr'><strong>radios</strong></span> <span class='ocrx_word' id='word_1_661' title='bbox 642 5017 935 5085; x_wconf 87' lang='lat' dir='ltr'><strong>emittere,</strong></span> <span class='ocrx_word' id='word_1_662' title='bbox 990 5021 1318 5076; x_wconf 89' lang='lat' dir='ltr'><strong>secundum</strong></span> <span class='ocrx_word' id='word_1_663' title='bbox 1378 5027 1648 5078; x_wconf 86' lang='lat' dir='ltr'><strong>naturam</strong></span> <span class='ocrx_word' id='word_1_664' title='bbox 1700 5025 2060 5096; x_wconf 87' lang='lat' dir='ltr'><strong>lapillorum,</strong></span> 
     </span>
    </p>
   </div>
   <div class='ocr_carea' id='block_1_98' title="bbox 403 5111 1775 5181">
    <p class='ocr_par' dir='ltr' id='par_1_98' title="bbox 403 5111 1775 5181">
     <span class='ocr_line' id='line_1_98' title="bbox 403 5111 1775 5181; baseline 0.007 -21"><span class='ocrx_word' id='word_1_665' title='bbox 403 5121 769 5162; x_wconf 87' lang='lat' dir='ltr'><strong>marmorum</strong></span> <span class='ocrx_word' id='word_1_666' title='bbox 802 5112 858 5161; x_wconf 91' lang='lat' dir='ltr'><strong>et</strong></span> <span class='ocrx_word' id='word_1_667' title='bbox 889 5111 1082 5164; x_wconf 88' lang='lat' dir='ltr'><strong>omnis</strong></span> <span class='ocrx_word' id='word_1_668' title='bbox 1113 5112 1346 5181; x_wconf 90' lang='lat' dir='ltr'><strong>generis</strong></span> <span class='ocrx_word' id='word_1_669' title='bbox 1378 5112 1775 5169; x_wconf 87' lang='lat' dir='ltr'><strong>metallorum.</strong></span> 
     </span>
    </p>
   </div>
   <div class='ocr_carea' id='block_1_99' title="bbox 2171 4664 3824 4742">
    <p class='ocr_par' dir='ltr' id='par_1_99' title="bbox 2171 4664 3824 4742">
     <span class='ocr_line' id='line_1_99' title="bbox 2171 4664 3824 4742; baseline 0 -22"><span class='ocrx_word' id='word_1_670' title='bbox 2171 4673 2267 4737; x_wconf 74' lang='grc' dir='ltr'><strong>ζης</strong></span> <span class='ocrx_word' id='word_1_671' title='bbox 2329 4665 2379 4736; x_wconf 79' lang='grc' dir='ltr'><strong>ἐξ</strong></span> <span class='ocrx_word' id='word_1_672' title='bbox 2437 4665 2718 4738; x_wconf 85' lang='grc' dir='ltr'>ἀτιμήτων</span> <span class='ocrx_word' id='word_1_673' title='bbox 2777 4664 2944 4730; x_wconf 85' lang='grc' dir='ltr'>λίθων</span> <span class='ocrx_word' id='word_1_674' title='bbox 3003 4665 3293 4736; x_wconf 83' lang='grc' dir='ltr'>πεποίηκε,</span> <span class='ocrx_word' id='word_1_675' title='bbox 3351 4665 3441 4720; x_wconf 84' lang='grc' dir='ltr'><strong>καὶ</strong></span> <span class='ocrx_word' id='word_1_676' title='bbox 3472 4667 3824 4742; x_wconf 73' lang='grc' dir='ltr'>κατεχρῦσω-</span> 
     </span>
    </p>
   </div>
   <div class='ocr_carea' id='block_1_100' title="bbox 2169 4753 3824 4831">
    <p class='ocr_par' dir='ltr' id='par_1_100' title="bbox 2169 4753 3824 4831">
     <span class='ocr_line' id='line_1_100' title="bbox 2169 4753 3824 4831; baseline -0.001 -21"><span class='ocrx_word' id='word_1_677' title='bbox 2169 4778 2252 4810; x_wconf 86' lang='grc' dir='ltr'><strong>σεν</strong></span> <span class='ocrx_word' id='word_1_678' title='bbox 2314 4757 2508 4826; x_wconf 82' lang='grc' dir='ltr'>αὐτήν.</span> <span class='ocrx_word' id='word_1_679' title='bbox 2567 4754 2667 4819; x_wconf 90' lang='grc' dir='ltr'><strong>Τίς</strong></span> <span class='ocrx_word' id='word_1_680' title='bbox 2724 4756 2827 4830; x_wconf 73' lang='grc' dir='ltr'>γὰρ</span> <span class='ocrx_word' id='word_1_681' title='bbox 2889 4757 3145 4824; x_wconf 85' lang='grc' dir='ltr'>θεάσηται</span> <span class='ocrx_word' id='word_1_682' title='bbox 3200 4757 3263 4810; x_wconf 89' lang='grc' dir='ltr'>τὸ</span> <span class='ocrx_word' id='word_1_683' title='bbox 3318 4753 3460 4817; x_wconf 75' lang='grc' dir='ltr'>εἶδος</span> <span class='ocrx_word' id='word_1_684' title='bbox 3515 4762 3617 4825; x_wconf 83' lang='grc' dir='ltr'><strong>τῆς</strong></span> <span class='ocrx_word' id='word_1_685' title='bbox 3666 4755 3824 4831; x_wconf 84' lang='grc' dir='ltr'>ἁγίας</span> 
     </span>
    </p>
   </div>
   <div class='ocr_carea' id='block_1_101' title="bbox 2167 4841 3822 4920">
    <p class='ocr_par' dir='ltr' id='par_1_101' title="bbox 2167 4841 3822 4920">
     <span class='ocr_line' id='line_1_101' title="bbox 2167 4841 3822 4920; baseline -0.001 -20"><span class='ocrx_word' id='word_1_686' title='bbox 2167 4845 2442 4917; x_wconf 84' lang='grc' dir='ltr'>τραπέζης</span> <span class='ocrx_word' id='word_1_687' title='bbox 2476 4886 2490 4912; x_wconf 91' lang='grc'><strong>,</strong></span> <span class='ocrx_word' id='word_1_688' title='bbox 2569 4843 2659 4898; x_wconf 89' lang='grc' dir='ltr'><strong>καὶ</strong></span> <span class='ocrx_word' id='word_1_689' title='bbox 2715 4843 2777 4898; x_wconf 79' lang='grc' dir='ltr'>οὐ</span> <span class='ocrx_word' id='word_1_690' title='bbox 2834 4842 3248 4920; x_wconf 86' lang='grc' dir='ltr'>καταπλαγείη;</span> <span class='ocrx_word' id='word_1_691' title='bbox 3299 4845 3334 4914; x_wconf 75' lang='grc' dir='ltr'><strong>ἢ</strong></span> <span class='ocrx_word' id='word_1_692' title='bbox 3394 4845 3478 4906; x_wconf 90' lang='grc' dir='ltr'><strong>τίς</strong></span> <span class='ocrx_word' id='word_1_693' title='bbox 3537 4841 3822 4914; x_wconf 86' lang='grc' dir='ltr'>δυνήσεται</span> 
     </span>
    </p>
   </div>
   <div class='ocr_carea' id='block_1_102' title="bbox 2167 4931 3823 5008">
    <p class='ocr_par' dir='ltr' id='par_1_102' title="bbox 2167 4931 3823 5008">
     <span class='ocr_line' id='line_1_102' title="bbox 2167 4931 3823 5008; baseline -0.001 -19"><span class='ocrx_word' id='word_1_694' title='bbox 2167 4941 2498 5002; x_wconf 78' lang='grc' dir='ltr'>κατανοῆσαι</span> <span class='ocrx_word' id='word_1_695' title='bbox 2555 4932 2789 5003; x_wconf 82' lang='grc' dir='ltr'>ταύτην,</span> <span class='ocrx_word' id='word_1_696' title='bbox 2866 4931 2956 4987; x_wconf 68' lang='grc' dir='ltr'><strong>διὰ</strong></span> <span class='ocrx_word' id='word_1_697' title='bbox 3030 4934 3125 4994; x_wconf 79' lang='grc' dir='ltr'><strong>τὰς</strong></span> <span class='ocrx_word' id='word_1_698' title='bbox 3181 4931 3440 4995; x_wconf 87' lang='grc' dir='ltr'>ποικίλας</span> <span class='ocrx_word' id='word_1_699' title='bbox 3499 4933 3672 5008; x_wconf 88' lang='grc' dir='ltr'>χρόας</span> <span class='ocrx_word' id='word_1_700' title='bbox 3731 4933 3823 4987; x_wconf 81' lang='grc' dir='ltr'><strong>καὶ</strong></span> 
     </span>
    </p>
   </div>
   <div class='ocr_carea' id='block_1_103' title="bbox 2171 5021 3825 5096">
    <p class='ocr_par' dir='ltr' id='par_1_103' title="bbox 2171 5021 3825 5096">
     <span class='ocr_line' id='line_1_103' title="bbox 2171 5021 3825 5096; baseline -0.001 -18"><span class='ocrx_word' id='word_1_701' title='bbox 2171 5023 2568 5095; x_wconf 83' lang='grc' dir='ltr'>στιλπνότητας</span> <span class='ocrx_word' id='word_1_702' title='bbox 2621 5021 3015 5091; x_wconf 86' lang='grc' dir='ltr'>ἐναλλάσσειν,</span> <span class='ocrx_word' id='word_1_703' title='bbox 3079 5023 3152 5084; x_wconf 84' lang='grc' dir='ltr'>ὡς</span> <span class='ocrx_word' id='word_1_704' title='bbox 3212 5023 3438 5096; x_wconf 83' lang='grc' dir='ltr'>ὁρᾶσθαι</span> <span class='ocrx_word' id='word_1_705' title='bbox 3503 5023 3567 5077; x_wconf 88' lang='grc' dir='ltr'>τὸ</span> <span class='ocrx_word' id='word_1_706' title='bbox 3621 5021 3825 5093; x_wconf 80' lang='grc' dir='ltr'>ταύτης</span> 
     </span>
    </p>
   </div>
   <div class='ocr_carea' id='block_1_104' title="bbox 2171 5108 3829 5188">
    <p class='ocr_par' dir='ltr' id='par_1_104' title="bbox 2171 5108 3829 5188">
     <span class='ocr_line' id='line_1_104' title="bbox 2171 5108 3829 5188; baseline -0.001 -20"><span class='ocrx_word' id='word_1_707' title='bbox 2171 5112 2332 5184; x_wconf 74' lang='grc' dir='ltr'>εἶδος,</span> <span class='ocrx_word' id='word_1_708' title='bbox 2391 5113 2524 5168; x_wconf 73' lang='grc' dir='ltr'>ποτε</span> <span class='ocrx_word' id='word_1_709' title='bbox 2586 5113 2682 5186; x_wconf 72' lang='grc' dir='ltr'>μὲν</span> <span class='ocrx_word' id='word_1_710' title='bbox 2740 5113 3029 5186; x_wconf 85' lang='grc' dir='ltr'>χρυσίζον,</span> <span class='ocrx_word' id='word_1_711' title='bbox 3063 5109 3113 5166; x_wconf 77' lang='grc' dir='ltr'><strong>έν</strong></span> <span class='ocrx_word' id='word_1_712' title='bbox 3151 5108 3310 5184; x_wconf 71' lang='grc' dir='ltr'>ἄλλῳ</span> <span class='ocrx_word' id='word_1_713' title='bbox 3343 5109 3401 5166; x_wconf 73' lang='grc' dir='ltr'>δὲ</span> <span class='ocrx_word' id='word_1_714' title='bbox 3428 5111 3584 5185; x_wconf 78' lang='grc' dir='ltr'>τόπῳ</span> <span class='ocrx_word' id='word_1_715' title='bbox 3614 5111 3829 5188; x_wconf 81' lang='grc' dir='ltr'>ἀργυρί-</span> 
     </span>
    </p>
   </div>
   <div class='ocr_carea' id='block_1_105' title="bbox 401 5190 3829 5278">
    <p class='ocr_par' dir='ltr' id='par_1_105' title="bbox 401 5190 3829 5278">
     <span class='ocr_line' id='line_1_105' title="bbox 401 5190 3829 5278; baseline 0.003 -33"><span class='ocrx_word' id='word_1_716' title='bbox 401 5197 514 5263; x_wconf 88' lang='grc' dir='ltr'>ζον,</span> <span class='ocrx_word' id='word_1_717' title='bbox 549 5193 626 5254; x_wconf 81' lang='grc' dir='ltr'>εἷς</span> <span class='ocrx_word' id='word_1_718' title='bbox 656 5190 800 5248; x_wconf 76' lang='grc' dir='ltr'>ἄλλο</span> <span class='ocrx_word' id='word_1_719' title='bbox 832 5197 1184 5272; x_wconf 77' lang='grc' dir='ltr'>σάπφειρίζον</span> <span class='ocrx_word' id='word_1_720' title='bbox 1215 5195 1596 5274; x_wconf 79' lang='grc' dir='ltr'>ἐξαστράπτον,</span> <span class='ocrx_word' id='word_1_721' title='bbox 1623 5201 1711 5254; x_wconf 81' lang='grc' dir='ltr'>καὶ</span> <span class='ocrx_word' id='word_1_722' title='bbox 1743 5199 1934 5264; x_wconf 85' lang='grc' dir='ltr'>ἁπλῶς</span> <span class='ocrx_word' id='word_1_723' title='bbox 1968 5202 2163 5274; x_wconf 80' lang='grc' dir='ltr'>εἰπεῖν,</span> <span class='ocrx_word' id='word_1_724' title='bbox 2195 5200 2555 5258; x_wconf 73' lang='grc' dir='ltr'>ἀποστέλλειν</span> <span class='ocrx_word' id='word_1_725' title='bbox 2583 5195 2774 5255; x_wconf 79' lang='grc' dir='ltr'>ὀλϐίαν</span> <span class='ocrx_word' id='word_1_726' title='bbox 2808 5200 3006 5276; x_wconf 73' lang='grc' dir='ltr'>χρόαν,</span> <span class='ocrx_word' id='word_1_727' title='bbox 3036 5201 3174 5255; x_wconf 81' lang='grc' dir='ltr'>κατὰ</span> <span class='ocrx_word' id='word_1_728' title='bbox 3221 5200 3318 5264; x_wconf 78' lang='grc' dir='ltr'><strong>τὰς</strong></span> <span class='ocrx_word' id='word_1_729' title='bbox 3365 5200 3550 5278; x_wconf 78' lang='grc' dir='ltr'>φύσεις</span> <span class='ocrx_word' id='word_1_730' title='bbox 3607 5203 3718 5258; x_wconf 82' lang='grc' dir='ltr'><strong>τῶν</strong></span> <span class='ocrx_word' id='word_1_731' title='bbox 3770 5222 3829 5256; x_wconf 90' lang='grc' dir='ltr'><strong>τε</strong></span> 
     </span>
    </p>
   </div>
   <div class='ocr_carea' id='block_1_106' title="bbox 400 5278 1921 5362">
    <p class='ocr_par' dir='ltr' id='par_1_106' title="bbox 400 5278 1921 5362">
     <span class='ocr_line' id='line_1_106' title="bbox 400 5278 1921 5362; baseline 0.009 -29"><span class='ocrx_word' id='word_1_732' title='bbox 400 5278 570 5344; x_wconf 90' lang='grc' dir='ltr'>λίθων</span> <span class='ocrx_word' id='word_1_733' title='bbox 603 5283 694 5336; x_wconf 82' lang='grc' dir='ltr'><strong>καὶ</strong></span> <span class='ocrx_word' id='word_1_734' title='bbox 729 5284 1055 5358; x_wconf 86' lang='grc' dir='ltr'>μαρμάρων,</span> <span class='ocrx_word' id='word_1_735' title='bbox 1088 5285 1178 5340; x_wconf 77' lang='grc' dir='ltr'><strong>καὶ</strong></span> <span class='ocrx_word' id='word_1_736' title='bbox 1210 5287 1424 5342; x_wconf 83' lang='grc' dir='ltr'>πάντων</span> <span class='ocrx_word' id='word_1_737' title='bbox 1450 5293 1560 5344; x_wconf 87' lang='grc' dir='ltr'><strong>τῶν</strong></span> <span class='ocrx_word' id='word_1_738' title='bbox 1597 5289 1921 5362; x_wconf 88' lang='grc' dir='ltr'>μετάλλων;</span> 
     </span>
    </p>
   </div>
   <div class='ocr_carea' id='block_1_107' title="bbox 394 5409 3824 5502">
    <p class='ocr_par' dir='ltr' id='par_1_107' title="bbox 394 5409 3824 5502">
     <span class='ocr_line' id='line_1_107' title="bbox 394 5409 3824 5502; baseline 0.004 -40"><span class='ocrx_word' id='word_1_739' title='bbox 394 5409 558 5502; x_wconf 59' lang='lat' dir='ltr'><strong>Fores</strong></span> <span class='ocrx_word' id='word_1_740' title='bbox 589 5412 910 5502; x_wconf 40' lang='lat' dir='ltr'><strong>superiores,</strong></span> <span class='ocrx_word' id='word_1_741' title='bbox 927 5429 990 5467; x_wconf 90' lang='lat' dir='ltr'><strong>ac</strong></span> <span class='ocrx_word' id='word_1_742' title='bbox 1019 5414 1313 5502; x_wconf 65' lang='lat' dir='ltr'><strong>inferiores</strong></span> <span class='ocrx_word' id='word_1_743' title='bbox 1337 5417 1478 5474; x_wconf 58' lang='lat' dir='ltr'><strong>crdis</strong></span> <span class='ocrx_word' id='word_1_744' title='bbox 1509 5417 2093 5502; x_wconf 33' lang='lat' dir='ltr'><strong>Saphianna&#39;sleburneaa</strong></span> <span class='ocrx_word' id='word_1_745' title='bbox 2130 5419 2462 5502; x_wconf 60' lang='lat' dir='ltr'><strong>anaglypizis</strong></span> <span class='ocrx_word' id='word_1_746' title='bbox 2508 5423 2719 5502; x_wconf 65' lang='lat' dir='ltr'><strong>ornatae</strong></span> <span class='ocrx_word' id='word_1_747' title='bbox 2747 5437 2812 5476; x_wconf 86' lang='lat' dir='ltr'><strong>ac</strong></span> <span class='ocrx_word' id='word_1_748' title='bbox 2838 5421 3376 5502; x_wconf 60' lang='lat' dir='ltr'><strong>deaurataeuumero</strong></span> <span class='ocrx_word' id='word_1_749' title='bbox 3556 5419 3699 5502; x_wconf 68' lang='lat' dir='ltr'><strong>Aliae</strong></span> <span class='ocrx_word' id='word_1_750' title='bbox 3716 5433 3824 5502; x_wconf 73' lang='lat' dir='ltr'><strong>por</strong></span> 
     </span>
    </p>
   </div>
   <div class='ocr_carea' id='block_1_108' title="bbox 466 5481 3821 5564">
    <p class='ocr_par' dir='ltr' id='par_1_108' title="bbox 466 5481 3821 5564">
     <span class='ocr_line' id='line_1_108' title="bbox 466 5481 3821 5564; baseline 0.004 -33"><span class='ocrx_word' id='word_1_751' title='bbox 466 5481 537 5532; x_wconf 70' lang='lat' dir='ltr'><strong>ia:</strong></span> <span class='ocrx_word' id='word_1_752' title='bbox 565 5491 848 5545; x_wconf 70' lang='lat' dir='ltr'><strong>argentea?</strong></span> <span class='ocrx_word' id='word_1_753' title='bbox 877 5481 1183 5543; x_wconf 49' lang='lat' dir='ltr'><strong>deaurata“.</strong></span> <span class='ocrx_word' id='word_1_754' title='bbox 1221 5489 1459 5564; x_wconf 82' lang='lat' dir='ltr'><strong>Lignum</strong></span> <span class='ocrx_word' id='word_1_755' title='bbox 1487 5481 1655 5547; x_wconf 56' lang='lat' dir='ltr'><strong>arcas.</strong></span> <span class='ocrx_word' id='word_1_756' title='bbox 1691 5492 2075 5564; x_wconf 80' lang='lat' dir='ltr'><strong>Pavimentum</strong></span> <span class='ocrx_word' id='word_1_757' title='bbox 2095 5481 2454 5564; x_wconf 51' lang='lat' dir='ltr'><strong>auro&#39;so&#39;lido</strong></span> <span class='ocrx_word' id='word_1_758' title='bbox 2486 5501 2737 5550; x_wconf 78' lang='lat' dir='ltr'><strong>sternere</strong></span> <span class='ocrx_word' id='word_1_759' title='bbox 2759 5496 2963 5564; x_wconf 74' lang='lat' dir='ltr'><strong>cogitat</strong></span> <span class='ocrx_word' id='word_1_760' title='bbox 2992 5497 3362 5552; x_wconf 77' lang='lat' dir='ltr'><strong>Justinianus.</strong></span> <span class='ocrx_word' id='word_1_761' title='bbox 3395 5495 3550 5549; x_wconf 85' lang='lat' dir='ltr'><strong>Intra</strong></span> <span class='ocrx_word' id='word_1_762' title='bbox 3577 5481 3821 5562; x_wconf 74' lang='lat' dir='ltr'><strong>spatium</strong></span> 
     </span>
    </p>
   </div>
   <div class='ocr_carea' id='block_1_109' title="bbox 466 5560 2427 5634">
    <p class='ocr_par' dir='ltr' id='par_1_109' title="bbox 466 5560 2427 5634">
     <span class='ocr_line' id='line_1_109' title="bbox 466 5560 2427 5634; baseline 0.008 -30"><span class='ocrx_word' id='word_1_763' title='bbox 466 5565 743 5604; x_wconf 79' lang='lat' dir='ltr'><strong>annorum</strong></span> <span class='ocrx_word' id='word_1_764' title='bbox 771 5560 888 5609; x_wconf 75' lang='lat' dir='ltr'><strong>octo</strong></span> <span class='ocrx_word' id='word_1_765' title='bbox 926 5564 976 5610; x_wconf 81' lang='lat' dir='ltr'><strong>et</strong></span> <span class='ocrx_word' id='word_1_766' title='bbox 1004 5563 1242 5627; x_wconf 84' lang='lat' dir='ltr'><strong>quatuor</strong></span> <span class='ocrx_word' id='word_1_767' title='bbox 1268 5563 1547 5616; x_wconf 82' lang='lat' dir='ltr'><strong>mensium</strong></span> <span class='ocrx_word' id='word_1_768' title='bbox 1575 5565 1917 5618; x_wconf 78' lang='lat' dir='ltr'><strong>construitur</strong></span> <span class='ocrx_word' id='word_1_769' title='bbox 1947 5563 2090 5618; x_wconf 62' lang='lat' dir='ltr'><strong>mdes</strong></span> <span class='ocrx_word' id='word_1_770' title='bbox 2119 5563 2427 5634; x_wconf 82' lang='lat' dir='ltr'><strong>Sophiana.</strong></span> 
     </span>
    </p>
   </div>
   <div class='ocr_carea' id='block_1_110' title="bbox 471 5652 2052 5734">
    <p class='ocr_par' dir='ltr' id='par_1_110' title="bbox 471 5652 2052 5734">
     <span class='ocr_line' id='line_1_110' title="bbox 471 5652 2052 5734; baseline 0.006 -28"><span class='ocrx_word' id='word_1_771' title='bbox 471 5652 629 5708; x_wconf 83' lang='lat' dir='ltr'><strong>Fecit</strong></span> <span class='ocrx_word' id='word_1_772' title='bbox 660 5653 836 5708; x_wconf 88' lang='lat' dir='ltr'><strong>etiam</strong></span> <span class='ocrx_word' id='word_1_773' title='bbox 870 5655 1022 5711; x_wconf 82' lang='lat' dir='ltr'><strong>fores</strong></span> <span class='ocrx_word' id='word_1_774' title='bbox 1052 5656 1111 5712; x_wconf 90' lang='lat' dir='ltr'><strong>in</strong></span> <span class='ocrx_word' id='word_1_775' title='bbox 1145 5658 1526 5717; x_wconf 87' lang='lat' dir='ltr'><strong>inferioribus</strong></span> <span class='ocrx_word' id='word_1_776' title='bbox 1558 5665 1615 5717; x_wconf 91' lang='lat' dir='ltr'><strong>et</strong></span> <span class='ocrx_word' id='word_1_777' title='bbox 1643 5661 2052 5734; x_wconf 88' lang='lat' dir='ltr'><strong>superioribus</strong></span> 
     </span>
    </p>
   </div>
   <div class='ocr_carea' id='block_1_111' title="bbox 395 5743 2048 5822">
    <p class='ocr_par' dir='ltr' id='par_1_111' title="bbox 395 5743 2048 5822">
     <span class='ocr_line' id='line_1_111' title="bbox 395 5743 2048 5822; baseline 0.008 -28"><span class='ocrx_word' id='word_1_778' title='bbox 395 5743 621 5798; x_wconf 81' lang='lat' dir='ltr'><strong>aedibus</strong></span> <span class='ocrx_word' id='word_1_779' title='bbox 651 5757 720 5795; x_wconf 84' lang='lat' dir='ltr'><strong>ex</strong></span> <span class='ocrx_word' id='word_1_780' title='bbox 767 5743 940 5799; x_wconf 87' lang='lat' dir='ltr'><strong>ebore</strong></span> <span class='ocrx_word' id='word_1_781' title='bbox 982 5746 1331 5818; x_wconf 80' lang='lat' dir='ltr'><strong>anaglyphis</strong></span> <span class='ocrx_word' id='word_1_782' title='bbox 1379 5755 1584 5806; x_wconf 89' lang='lat' dir='ltr'><strong>ornato</strong></span> <span class='ocrx_word' id='word_1_783' title='bbox 1615 5752 2048 5822; x_wconf 55' lang='lat' dir='ltr'><strong>:deauratoque,</strong></span> 
     </span>
    </p>
   </div>
   <div class='ocr_carea' id='block_1_112' title="bbox 2235 5656 3818 5734">
    <p class='ocr_par' dir='ltr' id='par_1_112' title="bbox 2235 5656 3818 5734">
     <span class='ocr_line' id='line_1_112' title="bbox 2235 5656 3818 5734; baseline -0.003 -16"><span class='ocrx_word' id='word_1_784' title='bbox 2235 5663 2496 5734; x_wconf 86' lang='grc' dir='ltr'>Ἐποίησε</span> <span class='ocrx_word' id='word_1_785' title='bbox 2526 5660 2584 5717; x_wconf 79' lang='grc' dir='ltr'>δὶ</span> <span class='ocrx_word' id='word_1_786' title='bbox 2612 5660 2872 5724; x_wconf 83' lang='grc' dir='ltr'>πυλῶνας</span> <span class='ocrx_word' id='word_1_787' title='bbox 2917 5663 3160 5729; x_wconf 89' lang='grc' dir='ltr'>κάτωθεν</span> <span class='ocrx_word' id='word_1_788' title='bbox 3209 5664 3300 5719; x_wconf 87' lang='grc' dir='ltr'><strong>καὶ</strong></span> <span class='ocrx_word' id='word_1_789' title='bbox 3350 5663 3550 5727; x_wconf 75' lang='grc' dir='ltr'>ἄνωθεν</span> <span class='ocrx_word' id='word_1_790' title='bbox 3585 5657 3655 5714; x_wconf 84' lang='grc' dir='ltr'>δι’</span> <span class='ocrx_word' id='word_1_791' title='bbox 3692 5656 3818 5714; x_wconf 78' lang='grc' dir='ltr'><strong>ἐλε-</strong></span> 
     </span>
    </p>
   </div>
   <div class='ocr_carea' id='block_1_113' title="bbox 2161 5748 3813 5829">
    <p class='ocr_par' dir='ltr' id='par_1_113' title="bbox 2161 5748 3813 5829">
     <span class='ocr_line' id='line_1_113' title="bbox 2161 5748 3813 5829; baseline -0.002 -23"><span class='ocrx_word' id='word_1_792' title='bbox 2161 5751 2428 5829; x_wconf 73' lang='grc' dir='ltr'>φαντίνων</span> <span class='ocrx_word' id='word_1_793' title='bbox 2500 5749 2753 5826; x_wconf 88' lang='grc' dir='ltr'>μεγάλων</span> <span class='ocrx_word' id='word_1_794' title='bbox 2830 5750 3001 5806; x_wconf 80' lang='grc' dir='ltr'>ὀστῶν</span> <span class='ocrx_word' id='word_1_795' title='bbox 3059 5751 3319 5828; x_wconf 89' lang='grc' dir='ltr'>γλυπτῶν</span> <span class='ocrx_word' id='word_1_796' title='bbox 3373 5748 3813 5827; x_wconf 81' lang='grc' dir='ltr'>κεχρυσωμένων</span> 
     </span>
    </p>
   </div>
  </div>
