4142 6406
419 430 576 492 1305

1554 427 1914 492 ΛΝΟΝΥΜΙ
1957 427 2546 500 ANTIQUITATES
2591 428 2710 490 GP.

3676 425 3832 488 1306

412 560 504 614 τὸν
538 559 771 634 ἀριθμὸν
799 559 919 632 τξε’.
952 559 1040 616 Ἐν
1071 555 1130 614 δὶ
1170 562 1240 635 τῇ
1290 559 1485 634 πρώτῃ
1531 557 1726 632 εἰσόδῳ
1780 557 1879 615 τοῦ
1937 557 2065 615 λου-

2181 575 2427 617 numero
2446 563 2707 618 trecenta
2743 559 3043 632 sexaginta
3064 559 3414 632 quinque.In
3440 557 3618 631 priori
3634 563 3831 615 autem

412 655 582 724 τῆρος
630 647 854 718 ἐποίησε
899 647 1156 711 πυλῶνας
1203 648 1530 724 ἠλέκτρους,
1557 650 1647 703 καὶ
1698 648 1773 711 εἷς
1823 648 1913 703 τὸν
1945 649 2073 724 νάρ-

415 740 556 810 θηκα
585 737 940 814 ἠλεκτρίνους
989 737 1167 800 πύλας
1216 737 1547 814 ἐμμέτρους.
1581 740 1669 793 Ἐν
1726 735 1783 792 δὲ
1831 741 1913 810 τῷ
1962 735 2077 792 δευ-

411 828 555 902 τέρῳ
601 827 833 903 νάρθηκι
885 827 1137 898 ἐποίησεν
1186 826 1565 902 ἐλεφαντίνους
1613 826 1790 889 πύλας
1826 825 1916 882 καὶ
1973 847 2073 880 πυ-

413 916 594 979 λῶνας
640 921 784 993 τρεῖς
816 936 829 949 ·
884 913 980 971 δύο
1027 915 1359 992 ἐμμέτρους,
1399 918 1489 972 καὶ
1542 918 1704 990 μέσον
1758 920 1865 971 τῶν
1925 913 2073 970 δυοῖν

417 1006 703 1080 μεγίστην,
761 1005 1018 1082 ἆργυρᾷν,
1079 1001 1497 1084 χρυσέμϐαφον,
1572 1007 1662 1061 καὶ
1731 1006 1828 1068 τὰς
1905 1005 2079 1068 πάσας

410 1095 589 1158 πύλας
619 1093 1031 1171 κατεχρύσωσεν
1068 1116 1081 1129 ·
1117 1089 1316 1160 ἔσωθεν
1351 1093 1408 1151 δὲ
1435 1099 1542 1150 τῶν
1603 1099 1771 1171 τριῶν
1805 1092 2076 1148 πυλώνων

411 1183 530 1239 ἀντὶ
562 1183 738 1255 ξύλων
790 1188 1014 1253 καινῶν,
1049 1179 1239 1239 ἔϐαλεν
1287 1182 1348 1239 ἐκ
1394 1188 1502 1239 τῶν
1552 1190 1652 1254 τῆς
1706 1178 1946 1238 κιϐωτοῦ
1991 1180 2076 1253 ξύ·-

410 1273 910 1348 λων.ξΒουλόμενος
942 1271 999 1329 δὲ
1026 1273 1115 1330 καὶ
1146 1275 1238 1330 τὸν
1271 1275 1444 1329 πάτον
1479 1273 1794 1349 ὁλόχρυσον
1826 1279 2077 1342 ποιῆσαι,

408 1363 690 1420 κωλύουσι
749 1363 940 1418 τοῦτόν
1007 1384 1152 1426 τινες
1226 1363 1606 1438 μαθηματικοὶ
1665 1361 1943 1438 λέγοντες,
1997 1359 2081 1414 ὅτι

409 1454 527 1510 Ἐπ’
581 1452 826 1527 ἐσχάτων
877 1455 1099 1528 ἡμερῶν
1153 1450 1466 1508 ἐλεύσονται
1523 1449 1769 1524 βασιλεῖς
1829 1453 2077 1521 πένητες»

406 1541 494 1598 καὶ
537 1539 814 1620 ἐδαφιοῦσι
863 1542 955 1598 τὸν
1006 1541 1130 1598 ναόν
1167 1563 1179 1577 ·
1227 1543 1315 1598 καὶ
1371 1542 1433 1598 ἐκ
1480 1549 1584 1612 τῆς
1636 1540 1844 1616 βουλῆς
1899 1539 2076 1595 αὐτῶν

410 1629 555 1687 εἴασε
581 1637 765 1689 τοῦτο.
799 1633 927 1686 Καθ’
959 1633 1187 1702 ἑκάστην
1227 1629 1285 1687 δὲ
1328 1633 1540 1707 ἡμέραν
1596 1627 1789 1687 ἔϐαλεν
1843 1631 1870 1684 ὁ
1923 1631 2074 1701 βασι-

411 1719 538 1784 λεὺς
592 1721 670 1784 ei“:
719 1721 812 1776 τὸν
865 1725 1001 1796 χοῦν
1057 1719 1368 1798 μιλιαρίσια
1413 1719 1675 1798 χιλιάδας
1732 1721 1800 1796 β’,
1849 1721 1941 1774 καὶ
1989 1718 2077 1774 ὅτε

409 1808 687 1886 ἐπλήρουν
715 1811 780 1865 τὸ
825 1805 980 1887 ἔργον
1014 1812 1066 1866 οἱ
1109 1811 1378 1887 τεχνίται,
1411 1816 1481 1886 τῇ
1533 1811 1732 1885 ἑσπέρᾳ
1783 1807 2072 1864 ἐσκύλευον

402 1901 494 1954 τὸν
549 1904 708 1975 χοῦν,
740 1899 830 1954 καὶ
876 1901 1123 1976 εὕρισκον
1173 1901 1240 1956 τὰ
1291 1900 1621 1976 μιλιαρίσια.
1670 1902 1846 1957 Τοῦτο
1895 1896 1952 1953 δὶ
1996 1898 2072 1961 είς

405 1988 580 2064 χαρὰν
612 1993 712 2044 τοῦ
742 1987 881 2044 λαοῦ
913 1988 1164 2060 ἐποίησεν
1185 1991 1214 2045 ὁ
1245 1989 1501 2067 βασιλεὺς
1522 1989 1612 2046 καὶ
1637 1989 1712 2052 εἷς
1737 1989 2070 2066 προθυμίαν,

412 2077 512 2133 Καὶ
571 2081 606 2148 ἡ
658 2080 752 2154 μὶν
803 2078 938 2151 ὕλη,
989 2081 1168 2143 καθὼς
1236 2086 1528 2154 προεῖπον,
1574 2080 1935 2154 ἀποσυνήχθη
1995 2076 2073 2138 εἷς

411 2168 650 2242 χρόνους
699 2169 833 2224 ἑπτὰ
881 2167 1079 2242 ἥμισυ,
1120 2169 1210 2224 καὶ
1261 2169 1515 2240 ἀπετέθη.
1549 2170 1612 2225 Ὁ
1652 2165 1710 2222 δὶ
1757 2169 1883 2231 ναὸς
1925 2166 2072 2221 έκτί-

411 2257 513 2327 σθη
547 2257 636 2311 καὶ
669 2255 963 2328 ἐτελειώθη
1025 2258 1172 2333 παρᾶ
1227 2263 1335 2313 τῶν
1384 2258 1798 2334 προειρημένων
1859 2253 2066 2331 ἀνδρῶν

409 2342 538 2400 δέκα
570 2342 866 2421 χιλιάδων,
905 2348 1020 2419 μετ’
1059 2345 1375 2420 ἐπιμελείας
1424 2346 1515 2402 καὶ
1563 2344 1783 2415 πολλῆς
1829 2343 2072 2414 σπουδῆς

415 2433 492 2499 εἷς
522 2435 766 2510 χρόνους
797 2435 942 2491 ὀκτὼ
972 2437 1062 2491 καὶ
1098 2439 1270 2510 μῆνας
1319 2437 1603 2514 τέσσαρας,
1637 2437 1711 2498 ὡς
1759 2436 1890 2490 εἶναι
1937 2433 2065 2497 τοὺς

404 2524 610 2587 πάντας
643 2523 878 2601 χρόνους
915 2531 1003 2589 ις’.

2185 650 2515 723 baptisterii
2566 651 2810 706 introitu
2860 649 3170 706 electrinas
3190 654 3388 721 portas
3412 647 3735 705 adornavit.
3769 651 3832 705 In

2187 739 2463 796 narthece
2491 741 2631 796 item
2657 739 2968 796 electrinas
3018 743 3216 812 portas
3269 737 3582 794 mediocris
3605 737 3836 810 magni-

2185 829 2430 885 tudinis.
2465 833 2529 886 In
2560 829 2822 886 secundo
2845 835 3040 885 autem
3069 828 3348 884 narthcce
3385 827 3677 883 eburneas
3709 844 3843 899 por-

2187 923 2278 974 tas
2309 923 2365 974 et
2393 923 2512 974 tres
2549 919 2737 981 fores;
2767 934 3018 990 quarum
3061 918 3192 972 duae
3241 916 3480 988 quidem
3532 914 3845 971 mediocris

2187 1008 2636 1080 magnitudinis,
2679 1009 2876 1063 media
2906 1023 3043 1062 vero
3074 1005 3247 1077 longe
3275 1006 3534 1061 maxima
3564 1008 3844 1076 argentea

2188 1115 2332 1153 auro
2362 1098 2654 1154 obducta:
2679 1114 3004 1169 omnesque
3029 1097 3164 1151 item
3200 1100 3399 1167 portas
3418 1111 3560 1149 auro
3584 1094 3836 1166 operuit.

2187 1186 2387 1242 Trium
2419 1186 2630 1242 harum
2684 1186 2901 1241 forium
2957 1185 3261 1255 interiora,
3309 1200 3413 1254 pro
3437 1182 3615 1255 lignis
3648 1182 3836 1250 novis,

2187 1275 2364 1349 lignis
2387 1291 2455 1332 ex
2472 1293 2606 1331 arca
2623 1275 3187 1332 communivit.Cum
3207 1279 3406 1329 autem
3435 1271 3835 1344 pavimentum

2189 1382 2330 1422 auro
2363 1365 2549 1422 solido
2573 1369 2834 1420 sternere
2864 1363 3057 1432 vellet,
3083 1363 3378 1419 cohibitus
3410 1365 3500 1417 est
3530 1379 3558 1416 a
3598 1361 3840 1433 quibus-

2187 1455 2321 1510 dam
2359 1453 2788 1510 mathematicis
2817 1453 3150 1508 dicentibus
3179 1449 3454 1509 :Futuris
3471 1450 3838 1521 temporibus

2186 1544 2415 1600 venturi
2442 1547 2578 1598 sunt
2598 1546 2933 1615 operatores
2974 1541 3202 1614 inopes,
3246 1539 3348 1613 qui
3385 1538 3671 1611 templum
3713 1538 3837 1595 solo

2187 1634 2500 1704 aequabunt
2525 1649 2538 1688 :
2562 1635 2632 1688 de
2654 1632 3010 1703 illorumque
3033 1628 3681 1702 sententiaaproposito
3704 1627 3838 1683 abs-

2184 1723 2380 1778 tinuit.
2403 1721 2665 1794 Singulis
2695 1738 2865 1793 porro
2897 1721 3108 1776 diebus
3139 1719 3464 1791 imperator
3493 1719 3611 1772 duo
3643 1715 3834 1771 millia

2185 1812 2629 1868 miliarisiorum
2663 1811 2722 1866 in
2764 1810 3061 1884 pulverem
3121 1808 3504 1881 projiciebat;
3566 1805 3831 1878 expleto-

2185 1919 2298 1974 que
2328 1917 2522 1974 opere,
2547 1901 2800 1957 artifices
2830 1916 3068 1971 vespere
3103 1897 3402 1971 pulverem
3435 1901 3831 1968 exportantes,

2183 1991 2416 2063 sibique
2447 1991 2740 2063 rapientes
2769 1988 3075 2045 miliarisia
3102 1987 3491 2060 reperiebant.
3515 1986 3677 2050 Quod
3702 1985 3831 2041 ideo

2183 2081 2394 2153 agebat
2423 2079 2738 2153 imperator
2753 2085 2819 2135 ut
2838 2095 3046 2151 operas
3067 2077 3230 2133 latas
3261 2076 3600 2148 alacresque
3634 2075 3834 2130 redde-

2182 2175 2287 2225 ret.
2321 2171 2387 2225 Et
2420 2170 2505 2225 sic
2544 2170 2803 2241 quidem,
2840 2175 2902 2223 ut
2934 2170 3155 2223 dictum
3190 2172 3299 2234 est,
3333 2165 3578 2222 materia
3609 2168 3835 2236 septem

2180 2259 2351 2315 annis
2382 2276 2515 2315 cum
2548 2259 2796 2314 dimidio
2826 2257 3069 2313 collecta
3097 2258 3230 2312 fuit.
3255 2256 3560 2327 Templum
3595 2270 3730 2310 vero
3761 2253 3834 2308 ab

2179 2348 2297 2404 illis
2327 2351 2526 2404 decem
2587 2347 2848 2403 millibus
2882 2363 3093 2418 magna
3140 2363 3282 2401 cura
3331 2350 3388 2400 et
3437 2343 3836 2400 sollicitudine

2178 2438 2340 2510 operi
2373 2437 2856 2494 incumbentibus
2903 2437 3057 2491 intra
3101 2452 3390 2490 annorum
3440 2439 3568 2490 octo
3599 2439 3657 2488 et
3683 2448 3828 2502 qua-

2177 2532 2313 2583 tuor
2341 2525 2632 2581 mensium
2662 2525 2945 2596 spatium,
3001 2528 3366 2579 exstructum
3406 2528 3465 2576 et
3503 2522 3824 2594 perfectum

2177 2622 2286 2673 est.
2321 2616 2408 2671 Ita
2437 2619 2502 2671 ut
2530 2615 2591 2670 in
2622 2617 2811 2671 totum
2847 2630 2996 2686 opus
3027 2612 3166 2668 anni
3198 2612 3488 2668 sexdecim
3522 2611 3826 2682 impende-

2181 2711 2408 2762 rentur.

407 2830 571 2886 Ambo
600 2827 842 2886 trullam
875 2846 1107 2886 auream
1137 2831 1422 2904 lapidibus
1449 2833 1713 2903 pretiosis
1749 2831 2258 2958 ormluanlil
2309 2833 2476 2960 tCrua:
2504 2847 2571 2888 ac
2600 2831 2817 2903 reliqua
2847 2829 3096 2885 umbonis
3117 2835 3445 2884 ornamenta
3466 2841 3638 2883 aurea
3668 2830 3832 2882 erant

1885 2919 1982 2960 am
2033 2919 2079 2958 ιε
2145 2921 2191 2959 is
2217 2920 2308 2960 mc
2333 2922 2386 2960 α.

1885 2919 2079 2974 apum
2107 2919 2386 2960 distincta.

484 3007 582 3061 Τὸν
636 3004 693 3062 δὶ
739 3001 966 3080 ἅμϐωνα
1031 3005 1259 3078 ἐποίησε
1305 3006 1397 3062 σὺν
1444 3010 1514 3081 τῇ
1567 3006 1766 3078 σωλέᾳ.
1819 3008 1958 3081 Εἶχε
2015 3005 2073 3062 δὶ

413 3093 644 3165 τροῦλον
701 3102 965 3172 χρυσοῦν,
1022 3097 1155 3170 μετὰ
1211 3095 1380 3161 λίθων
1449 3097 1540 3151 καὶ
1601 3096 2068 3173 μαργαριταρίων.

413 3185 469 3238 '0
501 3183 557 3240 δὲ
586 3187 816 3262 σταυρὸς
863 3190 962 3241 τοῦ
1009 3180 1266 3258 ἅμϐωνος
1313 3185 1431 3261 εἶχε
1470 3190 1714 3258 σταθμοῦ
1765 3184 1953 3261 λίτρας
1999 3187 2064 3260 ρὀ

409 3277 530 3351 εἶχε
587 3273 644 3330 δὲ
698 3276 836 3331 κατὰ
893 3275 1074 3330 σειστᾶ
1129 3274 1392 3351 λυχνίτας
1453 3273 1546 3330 σὺν
1619 3275 2069 3351 μαργαριταρίοις

412 3361 713 3436 ἀπηδότοις
748 3384 762 3398 ⁸
792 3363 1078 3442 ὁλόχρυσα
1117 3362 1174 3422 δὲ
1198 3365 1446 3436 πετάσια,
1481 3365 1600 3421 ἀντὶ
1631 3367 1870 3437 στήθεων
1918 3367 2065 3440 εἶχεν

408 3451 590 3510 ἐπάνω
624 3455 652 3509 ὁ
683 3450 899 3529 ἅμϐων.

2249 3011 2574 3067 Ambonem
2622 3027 2757 3066 cum
2803 3009 2962 3066 solea
3009 3008 3338 3065 construxit
3381 3007 3636 3064 :habuit
3684 3006 3826 3062 item

2178 3101 2352 3155 ambo
2382 3099 2629 3155 trullum
2660 3115 2896 3155 auream
2937 3115 3072 3155 cum
3105 3097 3404 3170 lapidibus
3447 3101 3506 3153 et
3539 3095 3826 3168 margari-

2176 3189 2276 3244 tis.
2307 3189 2592 3245 Ambonis
2639 3205 2782 3244 crux
2823 3191 2948 3244 erat
2997 3189 3190 3260 pondo
3237 3191 3469 3242 centum
3511 3186 3822 3256 librarum,

2177 3283 2384 3333 ornata
2414 3279 2790 3334 carbunculis
2827 3281 2885 3333 et
2914 3277 3198 3333 teretibus
3231 3275 3586 3347 margaritis.
3628 3274 3823 3330 Galeri

2177 3383 2246 3423 ex
2275 3384 2418 3424 auro
2459 3367 2653 3438 solidi,
2703 3365 3153 3423 columellarum
3185 3364 3312 3421 loco
3344 3363 3616 3420 umbonis
3648 3379 3822 3435 supe-

2092 3441 2136 3508 C
2175 3458 2330 3513 riora
2358 3457 2747 3529 occupabant.

398 3583 465 3638 Os
492 3584 650 3655 putei
676 3599 746 3639 ea:
775 3583 1033 3640 Samaria
1064 3583 1408 3652 advehitur;
1450 3584 1613 3641 Tuba
1667 3599 1801 3640 vero
1842 3598 2014 3642 ςυηθω
2037 3584 2442 3709 [Ηίενξεῆιιηιθ.
2492 3583 2644 3640 Crux
2671 3584 2730 3638 in
2769 3583 3214 3654 soevophylacio.
3249 3580 3518 3654 Reliquiw
3543 3579 3826 3651 imposita

1972 3671 2031 3709 00
2058 3673 2264 3709 umms.

1972 3671 2264 3711 commnzs.

471 3763 550 3819 Τὸ
598 3759 656 3817 δὲ
705 3759 989 3836 στομίδιον
1038 3765 1136 3817 τοῦ
1168 3761 1398 3840 φρέατος
1430 3759 1580 3837 ἤχθη
1614 3763 1720 3817 ἀπὸ
1755 3762 2062 3838 Σαμαρίας.

396 3851 610 3907 Τούτου
649 3850 810 3927 χάριν
864 3849 1074 3922 ἐκλήθη
1108 3853 1293 3927 ’Ἃγιον
1342 3851 1547 3925 Φρέαρ,
1601 3849 1739 3906 διότι
1807 3850 1858 3905 ἐν
1917 3850 2064 3923 αύτῷ

397 3941 686 4015 ὡμίλησεν
743 3942 770 3996 ὁ
817 3941 1056 4016 Χριστὸς
1100 3944 1169 4013 τῇ
1219 3937 1596 4016 Σαμαρείτιδι.
1629 3943 1697 3998 Αἱ
1729 3938 1787 3996 δὶ
1808 3940 2060 4014 τέσσαρες

405 4028 702 4106 σάλπιγγες
753 4031 808 4084 αἱ
851 4029 1062 4105 χαλκαῖ
1110 4029 1173 4092 ἃς
1221 4024 1439 4099 ἔστησεν
1491 4029 1544 4084 ἐν
1599 4034 1678 4103 τῷ
1732 4030 1932 4104 Φρέατι
1980 4034 2061 4101 τῷ

401 4119 577 4194 Ἃγίῳ
611 4119 750 4174 ’ἀπὸ
826 4119 1050 4194 Ἱεριχὼ
1128 4118 1453 4192 ἐκομίσαντο
1531 4119 1718 4186 αὐτὰς,
1777 4118 1839 4182 ἃς
1905 4120 2056 4194 εἶχον

391 4209 517 4263 τότε
545 4209 598 4263 οἱ
629 4206 856 4284 ἄγγελοι
890 4208 965 4269 εἲς
1002 4207 1262 4281 μίμησιν,
1293 4207 1382 4262 ὅτε
1429 4203 1625 4263 ἔπεσον
1671 4209 1738 4264 τὰ
1766 4208 1924 4284 τείχη
1957 4209 2056 4265 Ἱε-

397 4298 566 4373 ριχώ.
599 4298 662 4354 Ὀ
695 4295 752 4352 δὲ
779 4297 964 4370 τίμιοι·
1016 4297 1255 4372 Σταυρὸς
1299 4298 1326 4351 ὁ
1374 4297 1664 4371 ἱστάμενος
1714 4299 1955 4372 σήμερον
2005 4297 2057 4352 ἐν

393 4391 475 4458 τῷ
530 4384 1066 4465 σκευοφυλακίῳ,τὸ
1127 4387 1320 4462 μέτρον
1381 4385 1470 4442 ἐπὶ
1523 4394 1622 4458 τῆς
1677 4384 1902 4456 ἡλικίας
1957 4391 2054 4442 τοῦ

396 4476 600 4551 Κυρίου
649 4478 807 4549 ἡμῶν
855 4473 1039 4545 Ἰησοῦ
1086 4479 1353 4550 Χριστοῦ,
1387 4476 1446 4538 ’ὀς
1499 4472 1740 4552 ἀκριϐῶς
1773 4475 2047 4553 ἐμετρήθη

391 4565 542 4641 παρὰ
595 4570 804 4620 πιστῶν
851 4563 941 4619 καὶ
972 4563 1276 4639 ἀξιολόγων
1310 4561 1519 4640 ἀνδρῶν
1567 4563 1618 4619 ἐν
1663 4563 2049 4640 Ἰερουσαλήμ.

394 4655 492 4710 Διὰ
519 4659 681 4710 τοῦτο
711 4651 947 4709 ἐνέδυσεν
969 4653 1133 4708 αὐτὸν
1158 4653 1416 4729 ἀργύριον
1441 4655 1532 4708 καὶ
1555 4653 1769 4722 λίθους,
1787 4656 1878 4710 καὶ
1902 4675 2054 4710 κατε-

395 4743 677 4819 χρύσωσεν
711 4744 870 4799 αὐτόν
909 4761 921 4775 '
954 4744 1044 4797 καὶ
1080 4744 1247 4818 μέχρι
1279 4745 1376 4812 τῆς
1408 4745 1648 4818 σήμερον
1684 4743 1850 4807 ἰάσεις
1881 4750 2048 4814 ποιεῖ,

2245 3765 2410 3821 Putei
2455 3783 2519 3821 os
2567 3781 2635 3821 ex
2680 3763 2947 3820 Samaria
2977 3763 3310 3831 advectum;
3370 3763 3617 3834 ideoque
3657 3778 3826 3816 sacer

2173 3858 2388 3925 puteus
2419 3858 2659 3909 vocatus
2676 3859 2784 3920 est,
2809 3853 2948 3924 quia
2961 3853 3134 3923 juxta
3155 3852 3317 3908 illum
3343 3851 3611 3908 Christus
3624 3854 3754 3906 Sam
3766 3868 3821 3905 a-

2172 3944 2423 3998 ritanam
2447 3942 2741 3998 allocutus
2777 3947 2886 3998 est.
2915 3942 3090 3996 Tuba:
3127 3947 3322 3996 autem
3345 3958 3514 3995 aeneae
3539 3944 3818 4012 quatuor,

2173 4049 2319 4104 quas
2341 4032 2400 4086 in
2441 4047 2608 4087 sacro
2645 4037 2819 4102 puteo
2847 4030 3174 4097 collocavit,
3208 4029 3584 4085 Hierichunte
3607 4027 3820 4084 deferri

2171 4121 2412 4190 curavit,
2465 4138 2615 4193 quas
2644 4125 2786 4175 tunc
2827 4120 3017 4190 angeli
3057 4119 3354 4185 tenebant,
3398 4124 3462 4174 ut
3491 4119 3643 4190 quod
3679 4117 3818 4173 olim

2169 4211 2388 4266 factum
2420 4215 2576 4266 esset
2617 4227 2753 4265 cum
2795 4209 3209 4264 Hierechuntis
3257 4209 3412 4263 muri
3457 4207 3818 4264 corruissent

2166 4301 2567 4356 imitarentur.
2600 4300 2948 4355 Veneranda
2979 4302 3174 4353 autem
3209 4297 3311 4353 illa
3341 4315 3504 4367 crux,
3537 4314 3664 4369 quae
3699 4299 3816 4353 stat

2165 4388 2417 4446 hodiein
2459 4387 2926 4460 scevophylacio,
2960 4393 3052 4443 est
3077 4405 3357 4444 mensura
3396 4391 3638 4443 statum
3667 4387 3809 4442 Jesu

2163 4478 2377 4534 Christi
2412 4477 2642 4534 Domini
2673 4477 2881 4546 nostri,
2915 4494 3092 4547 quam
3127 4477 3234 4531 viri
3266 4476 3469 4532 ﬁdeles
3509 4480 3566 4534 et
3611 4474 3807 4547 magni

2163 4567 2446 4624 momenti
2477 4568 2549 4623 ad
2580 4567 2777 4638 ipsum
2808 4566 3105 4622 Christum
3128 4566 3187 4620 in
3211 4565 3538 4622 Jerusalem
3570 4581 3809 4620 accura-

2161 4657 2391 4713 tissime
2427 4660 2565 4712 sunt
2601 4655 2877 4711 dimensi.
2927 4659 3124 4726 anue
3155 4655 3225 4709 de
3257 4671 3436 4710 causa
3466 4658 3709 4726 argento
3737 4651 3808 4707 il-

2160 4745 2277 4802 lam
2293 4752 2348 4800 et
2363 4743 2581 4816 lapillis
2603 4744 3118 4800 circumdederunt
3135 4760 3396 4814 auroque
3417 4743 3808 4798 obduxerunt:

391 4835 481 4889 καὶ
530 4835 818 4906 νοσήματα
873 4829 1082 4904 διώκει,
1137 4834 1227 4888 καὶ
1296 4830 1559 4907 δαίμονος
1605 4831 1918 4892 ἀπελαύνει.
1963 4835 2049 4890 Ἐν

2180 4839 2218 4890 ιι
2249 4836 2320 4890 ad
2353 4833 2503 4890 hanc
2535 4850 2722 4906 usque
2744 4833 2898 4887 diem
2926 4831 3163 4887 morbos
3203 4837 3390 4902 curat,
3430 4831 3810 4904 aegritudines

393 4922 601 4996 ἑκάστῳ
647 4923 794 4978 κίονι
843 4926 950 4978 τῶν
998 4920 1110 4979 ἅνω
1167 4923 1257 4978 καὶ
1300 4927 1410 4978 τῶν
1437 4923 1585 4978 κάτω
1615 4923 1765 4998 ἅγιον
1798 4921 2052 4999 λείψανον

391 5008 508 5088 ἔχει
535 5011 1009 5088 ἐνθρονιασμένον.

2166 4927 2399 4980 amovet
2419 4928 2476 4978 et
2505 4921 2794 4977 damonis
2826 4920 3008 4992 pellit.
3033 4920 3299 4992 Singulis
3324 4920 3618 4977 columnis
3641 4937 3812 4992 supe-

2161 5013 2384 5070 riorum
2418 5015 2476 5068 et
2518 5009 2861 5066 inferiorum
2890 5010 3105 5066 aedium
3139 5014 3356 5065 sanctae
3398 5009 3666 5082 reliquiae
3703 5009 3806 5066 im-

2158 5105 2361 5176 posita
2387 5107 2717 5158 servantur.

393 5231 620 5287 ναεακασ
647 5227 766 5283 alia
792 5231 1123 5297 omamenta
1152 5224 1230 5280 ad
1259 5225 1634 5296 quadraginta
1661 5226 1768 5282 duo
1788 5227 1975 5282 millia
1994 5226 2383 5297 conﬁciuntur.
2409 5227 2537 5281 Alia
2563 5232 2695 5279 sunt
2726 5238 2898 5278 aurea
2928 5226 3165 5297 tantum,
3198 5223 3324 5280 alia
3347 5225 3558 5296 lapillis
3587 5229 3804 5282 ornata.

780 5296 1191 5352 Possesionibus
1217 5295 1282 5352 ac
1311 5297 1453 5354 aliis
1479 5295 1757 5355 reditibus
1778 5298 2038 5355 ecclesias
2067 5295 2231 5355 ditat.
2262 5299 2613 5355 Sacerdotum
2633 5312 2698 5352 ac
2721 5295 3091 5350 cantatricum
3125 5295 3412 5352 numerus.

455 5413 714 5483 Ἐποίησε
746 5409 803 5466 Si
833 5409 922 5466 καὶ
979 5411 1142 5482 σκεύη
1185 5409 1469 5489 ὁλόχρυσα
1513 5418 1621 5468 τῶν
1676 5410 1885 5469 δώδεκα
1928 5415 2048 5488 top-

378 5508 486 5559 τῶν
537 5501 686 5558 ἄλλα
738 5500 830 5556 καὶ
880 5498 1046 5569 ἄλλα,
1082 5500 1189 5555 ἀπό
1245 5521 1302 5554 τε
1357 5500 1707 5578 Εύαγγελίων
1740 5503 1925 5578 ἱερῶν,
1955 5503 2045 5558 καὶ

388 5584 834 5668 χερνιὸοξέστων,
899 5587 1220 5664 ὀρκιολίων,
1279 5587 1740 5667 δισκοποτηρίων,
1791 5589 1989 5648 δίσκων
2025 5611 2038 5624 ·

2227 5413 2409 5470 Multa
2439 5419 2635 5470 autem
2684 5415 2743 5468 et
2799 5411 2978 5479 varia,
3022 5427 3150 5484 quae
3193 5412 3265 5468 ad
3317 5413 3627 5470 duodecim
3661 5414 3809 5470 sole-

2159 5505 2387 5561 mnium
2433 5503 2661 5559 dierum
2706 5501 2989 5557 festorum
3038 5501 3265 5558 cultum
3313 5502 3696 5574 pertinerent,
3737 5520 3805 5558 ex

2156 5611 2300 5652 auro
2347 5598 2470 5649 tota
2512 5591 2782 5647 facienda
2816 5589 3062 5657 curavit,
3115 5590 3386 5648 videlicet
3415 5610 3582 5649 sacra
3614 5593 3801 5648 Evan-

388 5680 616 5752 ἐποίησε
645 5678 704 5735 δὲ
731 5680 800 5735 τά
826 5679 1001 5734 πάντα
1032 5677 1317 5756 ὁλόχρυσα
1366 5677 1455 5735 διὰ
1502 5678 1671 5736 λίθων
1713 5682 1847 5755 μετὰ
1898 5703 2042 5759 μαρ-

2180 5684 2328 5756 ςειία,
2363 5680 2664 5751 malluvia,
2697 5680 2986 5750 urceolos,
3010 5679 3243 5750 calices,
3271 5686 3534 5752 patenas,
3559 5683 3794 5739 discos:

391 5769 724 5850 γαριταρίων
759 5789 773 5804 ·
835 5769 1067 5844 ἀριθμὸν
1123 5774 1328 5826 σκευῶν
1389 5768 1650 5846 χιλιάδας
1708 5767 1797 5846 με’
1833 5790 1846 5807 ·
1883 5769 2037 5828 ἐνδυ-

2180 5775 2350 5830 mnia
2377 5788 2447 5828 ex
2470 5785 2614 5827 auro
2643 5769 2796 5825 facta
2825 5771 2882 5825 et
2911 5767 3248 5841 margaritis
3293 5769 3658 5841 gemmisque
3707 5785 3794 5826 or-
