4142 6388
358 401 383 460 1
396 403 512 464 307

1329 417 1730 481 APPENDIX
1776 422 1878 481 AD
1930 419 2401 483 MIGHAELEM
2445 423 2836 486 PSELLUM.

3625 417 3785 478 1308

356 538 514 602 nata,
560 537 632 590 ad
671 539 1062 611 quadraginta
1095 544 1211 600 duo
1247 547 1434 603 millia
1488 567 1733 606 numero
1792 555 1959 608 erant
1993 569 2003 607 :

2121 552 2218 614 τὰς
2251 550 2341 634 διὰ
2373 551 2543 607 λίθων
2581 555 2787 627 χρυσᾶς
2820 552 3142 622 σωληνοτάς
3185 553 3251 619 τ’,
3283 549 3568 623 στέμματα
3599 549 3662 624 ρ’,
3689 545 3785 601 ’ίνα

354 623 523 678 altari
567 628 737 697 pepla
766 645 866 683 seu
913 631 1129 687 aedium
1172 651 1479 692 sacrarum
1511 640 1694 695 aulaea
1723 658 1898 697 aurca
1928 641 2009 696 la-

354 712 511 784 pillis
545 714 771 772 sulcata
825 723 1084 777 trecenta
1118 740 1130 778 :
1165 741 1391 781 coronae
1435 735 1694 796 centum,
1730 738 1794 785 ut
1841 749 2011 786 suam

355 819 601 874 quaeque
633 806 980 866 solemnitas
1012 811 1268 868 haberet.
1315 815 1620 873 Velamina
1653 837 1828 874 aurea
1879 820 2013 875 cali-

355 907 488 947 cum
527 910 629 948 seu
683 897 1038 970 pocuiopum
1074 905 1413 974 margaritis
1445 911 1500 962 et
1531 909 1781 978 gemmis
1809 918 2014 964 ornata

355 984 754 1054 quadraginta
787 988 904 1041 duo
957 989 1144 1044 millia
1198 1011 1444 1050 numero
1476 1002 1658 1051 erant.
1699 998 2013 1069 Evangelia

351 1070 554 1141 viginti
589 1079 841 1143 quatuor
897 1077 1130 1148 singula
1189 1085 1658 1141 centenariorum
1713 1088 2010 1142 duorum:

349 1159 658 1216 thuribula
691 1180 870 1220 aurea
899 1169 1278 1228 carbunculis
1325 1175 1593 1230 decorata
1640 1176 1884 1244 triginta
1913 1195 2012 1231 sex

353 1250 546 1318 pondo
574 1249 862 1308 librarum
896 1258 1306 1331 quadraginta.
1341 1263 1628 1318 Multiﬁda
1652 1265 2012 1321 candelabra

353 1337 508 1392 botri
543 1337 602 1393 in
650 1358 872 1398 morem
935 1348 1278 1404 concinnata
1328 1352 1599 1408 ambonis
1649 1358 1705 1408 et
1737 1355 2008 1424 bematis,

355 1443 585 1482 necnon
622 1431 930 1488 muliebris
982 1437 1289 1508 utriusque
1339 1441 1632 1498 conclavis
1664 1450 1842 1515 atque
1876 1462 2010 1499 nar-

357 1515 546 1572 tbecis
579 1518 647 1572 ad
684 1536 782 1574 sex
817 1522 996 1580 millia
1031 1543 1096 1580 ex
1119 1545 1260 1583 auro
1293 1530 1500 1585 solido.
1536 1535 1618 1586 Ad
1656 1550 1828 1587 usum
1878 1550 2011 1589 vero

351 1605 555 1676 templi
591 1616 846 1664 trecenta
870 1615 1172 1684 sexaginta
1197 1619 1460 1689 quinque
1499 1623 1718 1690 przedia
1751 1622 2012 1694 assigna-

352 1694 454 1761 vit,
491 1710 558 1749 ex
590 1697 853 1769 Egypto,
903 1704 1068 1759 India
1108 1722 1174 1760 ac
1203 1711 1321 1762 toto
1345 1708 1578 1764 Oriente
1603 1711 2008 1782 etOccidente,

353 1798 418 1838 ac
451 1785 831 1856 imperatorio
877 1791 1197 1862 diplomate
1227 1803 1467 1853 cautum
1517 1805 1628 1869 est,
1664 1805 1728 1855 ut
1759 1802 2010 1872 singulis

353 1873 688 1948 quibusque
747 1881 1168 1941 festivitatibus
1226 1888 1508 1944 darentur
1561 1891 1670 1946 olei
1721 1908 2009 1948 mensurae

351 1963 535 2029 mille,
569 1970 625 2020 et
656 1968 773 2022 vini
827 1987 1118 2027 mensuras
1181 1979 1474 2048 trecentas,
1507 1997 1689 2051 panes
1740 1983 2008 2054 proposi-

349 2051 532 2109 tionis
569 2055 748 2111 mille.
780 2058 968 2114 Simili
1003 2078 1238 2134 quoque
1269 2067 1497 2122 ratione
1531 2051 1905 2126 sacerdotum
1928 2072 2007 2126 vi-

352 2157 447 2196 ces
494 2145 872 2213 quotidianus
913 2151 1242 2222 constituit,
1291 2171 1420 2211 eam
1472 2158 1543 2213 ad
1567 2164 1782 2215 sortem
1830 2161 2011 2231 depu-

2123 639 2325 716 ἔχωσιν
2395 641 2445 696 ἐν
2537 647 2634 715 μιᾷ
2710 641 2903 716 ἑκάστῃ
2977 642 3163 714 ὶορτῇ.
3224 635 3785 714 Ποτηροκαλύμματα

2123 730 2407 805 ὁλόχρυσα
2460 727 2549 784 διὰ
2597 729 3034 806 μαργαριταρίων
3079 729 3169 784 καὶ
3215 727 3384 792 λίθων
3442 725 3640 799 τιμίων
3688 745 3784 800 χι-

2123 818 2315 883 λιάδας
2377 816 2483 892 μϐἲ
2540 819 2840 895 Εὐαγγὲλια
2890 817 2989 888 κδ’,
3047 815 3248 894 ἔχοντα
3304 817 3401 872 ἀνὰ
3456 817 3785 891 κεντηνάρια

2126 910 2170 984 β’
2205 927 2217 940 ’
2273 911 2609 985 Θυμιατήρια
2667 908 2952 984 ὁλόχρυσα
3010 907 3114 981 λς’,
3149 905 3237 962 διὰ
3287 906 3455 971 λίθων
3518 918 3782 980 Λυχνιτα-

2122 999 2275 1072 ρίων,
2309 997 2508 1074 ἔχοντα
2566 1001 2807 1072 σταθμοῦ
2867 997 3055 1074 λίτρας
3121 1001 3193 1072 μ’.
3227 994 3631 1066 Πολυκάνδηλα
3693 997 3785 1070 βο-

2123 1085 2315 1162 τρύδια
2372 1092 2468 1143 τοῦ
2526 1083 2808 1161 ἄμϐωνος,
2856 1093 2953 1143 τοῦ
3015 1089 3266 1163 βήματος
3323 1086 3627 1162 ὁλόχρυσα,
3675 1090 3786 1140 τῶν

2123 1173 2219 1230 δύο
2269 1177 2595 1251 γυναικίτων
2641 1178 2732 1232 καὶ
2770 1182 2866 1232 τοῦ
2910 1176 3205 1252 νάρθηκος,
3238 1172 3497 1252 χιλιάδας
3533 1176 3597 1238 ς’.
3631 1175 3786 1231 Ἀπει

2122 1265 2336 1341 κύρωσε
2385 1264 2440 1320 δὲ
2491 1268 2580 1321 καὶ
2640 1269 2900 1339 κτήματα
2954 1268 3075 1338 τξε’,
3117 1266 3224 1321 ἀπὸ
3255 1265 3556 1342 Αἲγύπτου,
3589 1263 3783 1324 Ἰνδίας

2119 1355 2207 1410 καὶ
2240 1357 2620 1428 πᾶσηςἛῲας
2658 1357 2748 1412 καὶ
2797 1355 3005 1418 Δύσεως
3059 1356 3377 1431 ὑπάρχοντα
3435 1355 3510 1416 εἷς
3569 1350 3784 1423 διοίκη-

2123 1468 2205 1500 σιν
2249 1451 2348 1501 τοῦ
2406 1451 2536 1502 ναοῦ
2567 1466 2580 1478 ·
2631 1448 2887 1508 τυπώσεις
2947 1451 3046 1519 μιᾷ
3089 1445 3284 1519 ἑκάστῃ
3333 1446 3498 1518 ἑορτῇ
3533 1439 3781 1504 δίδοσθαι

2121 1531 2304 1590 ἔλαιον
2358 1537 2528 1610 μέτρα
2594 1535 2775 1612 χίλια,
2843 1538 2990 1590 οἶνον
3063 1534 3231 1610 μέτρα
3276 1535 3366 1588 τ’·
3422 1531 3617 1606 ἄρτους
3681 1537 3783 1599 τῆς

2121 1625 2428 1699 προθέσεως
2479 1625 2704 1700 χιΛίους
2735 1666 2747 1680 .
2802 1625 3014 1697 ὁμοίως
3079 1623 3167 1678 καὶ
3234 1623 3330 1684 τὰς
3377 1621 3655 1698 ἐφημὲρας
3709 1619 3787 1688 ἒξ-

2121 1716 2296 1782 έθετο,
2339 1712 2638 1789 κληρώσας
2707 1715 2872 1789 ἱερεῖς
2937 1733 2995 1768 τε
3050 1712 3139 1767 καὶ
3205 1709 3310 1773 ἕως
3376 1709 3610 1786 ἐσχάτου
3673 1713 3781 1762 τῶν

2123 1802 2545 1878 ὑπουργούντων
2604 1807 2684 1875 τῷ
2748 1807 2878 1873 ναῷ,
2930 1798 3163 1876 χιλιάδα
3215 1799 3339 1872 μίαν
3377 1817 3389 1831 ⁸
3434 1797 3664 1869 ᾀδούσας
3716 1799 3784 1872 ρ’,

2128 1891 2488 1967 μεριζομὲνας
2535 1891 2611 1953 εἷς
2660 1888 2756 1945 δύο
2807 1885 3136 1963 ἑϐδομάδας.
3181 1886 3392 1943 Δέδωκε
3448 1885 3505 1942 δὲ
3561 1888 3650 1941 καὶ
3701 1890 3782 1958 τῷ

2119 1980 2316 2052 κλήρῳ
2365 1979 2561 2035 κελλία
2616 1978 2692 2044 εἷς
2743 1979 2810 2034 τὰ
2855 1980 3007 2053 πέριξ
3063 1977 3227 2033 αὐτοῦ
3280 1975 3416 2032 κατὰ
3484 1976 3582 2044 τήν
3630 1974 3781 2044 τάξιν

2119 2071 2298 2124 αὐτῶν
2329 2089 2341 2102 ·
2391 2070 2481 2124 καὶ
2542 2075 2660 2132 ταῖς
2724 2065 2978 2141 ᾀδούσαις
3046 2067 3401 2140 σκηνώματα,
3453 2062 3550 2120 δύο
3604 2063 3778 2134 ἀσκη-

2117 2161 2302 2233 τηρια.

352 2232 489 2285 tans
521 2249 654 2287 cum
690 2239 1042 2310 sacerdotes,
1077 2247 1201 2296 tum
1237 2243 1383 2301 alios
1423 2247 1494 2302 ad
1531 2248 1802 2304 infimum
1837 2267 2027 2322 usque
2058 2232 2307 2322 gradum
2341 2265 2586 2304 numero
2619 2248 2801 2316 mille,
2836 2247 3186 2304 cantatrices
3226 2249 3487 2313 centum,
3520 2244 3580 2299 in
3629 2243 3781 2298 duas

351 2320 757 2381 hebdomadas
787 2327 1026 2384 divisas.
1063 2331 1296 2388 Cellulas
1329 2335 1758 2410 circumposita:
1791 2320 1946 2396 clero
1976 2320 2286 2412 assignatas
2319 2355 2423 2411 pro
2456 2339 2744 2411 cujusque
2773 2339 2960 2411 gradu
2991 2341 3132 2394 sunt
3157 2352 3170 2391 :
3195 2334 3618 2392 cantatrieibus
3643 2349 3779 2390 vero

352 2408 468 2464 duo
493 2415 776 2469 asceteria
808 2417 864 2471 in
899 2420 1264 2478 domicilium
1299 2426 1534 2482 tradita.

353 2526 548 2618 Cruces
604 2543 832 2618 septem,
891 2538 1134 2605 singqu
1187 2543 1356 2597 unius
1409 2548 1723 2600 centenarii
1769 2548 1966 2618 pondo.
2006 2546 2357 2602 Candelabra
2397 2548 2526 2602 item
2574 2563 2744 2602 aurea
2774 2547 2932 2602 uarii
2958 2545 3179 2616 generis
3208 2551 3260 2599 ct
3292 2543 3504 2614 lapillis
3533 2546 3778 2618 ornata;

420 2601 538 2726 alia
594 2601 874 2661 ut'altari
924 2601 1284 2682 inservirent,
1334 2617 1448 2670 alia
1497 2633 1624 2672 vero
1683 2601 1822 2688 quas
1856 2601 2026 2674 manu
2071 2601 2447 2690 gestarentur.
2480 2619 2745 2690 Impensae
2775 2628 2913 2675 actae
2952 2621 3013 2672 in
3053 2620 3388 2672 structuram
3431 2615 3684 2670 ambonis
3715 2629 3781 2668 ac

420 2688 475 2726 so
501 2689 596 2726 cae.

420 2688 596 2728 $0188.

423 2765 637 2824 Cruces
670 2772 810 2830 item
833 2782 1056 2847 septem
1091 2780 1216 2837 ﬁeri
1246 2785 1489 2852 curavit,
1513 2788 1704 2857 pondo
1733 2789 2003 2861 singulas

352 2861 667 2914 centenarii
694 2864 891 2930 unius,
920 2871 1203 2938 pervariis
1228 2870 1447 2942 lapillis
1471 2875 1744 2945 pretiosis
1767 2879 2003 2950 magni-

349 2943 457 2999 fice
479 2954 752 3021 ornatas;
787 2952 868 3009 ita
900 2961 965 3012 ut
996 2963 1123 3014 octo
1147 2963 1498 3019 centenariis
1530 2965 1998 3024 aestimarentur:

351 3031 612 3108 itemque
662 3042 776 3096 duo
822 3047 1177 3103 candalebra
1210 3067 1388 3108 aurea
1426 3070 1554 3124 quae
1597 3072 1772 3110 manu
1805 3063 2001 3127 gesta-

350 3130 572 3197 rentur,
615 3133 867 3200 gemmis
899 3139 956 3189 et
1001 3138 1275 3195 maximis
1312 3143 1648 3214 margaritis
1699 3145 2000 3216 distincta,

351 3228 482 3282 quas
510 3216 684 3272 etiam
719 3223 1008 3280 aestimata
1039 3227 1199 3284 fuere
1243 3231 1369 3285 auri
1416 3233 1678 3305 quinque
1728 3240 2000 3291 centena-

349 3302 491 3358 riis:
518 3305 631 3361 alia
655 3324 888 3381 quoque
919 3315 1034 3369 duo
1066 3317 1419 3376 candelabra
1449 3339 1627 3378 aurea
1669 3340 1792 3394 quae
1824 3341 2001 3380 manu

346 3397 718 3461 gestarentur
743 3400 974 3472 sculpta
1005 3403 1257 3476 ingentis
1277 3410 1998 3485 magnitudinis;quorum
2034 3434 2076 3500 ρ

350 3482 525 3550 pedes
546 3500 611 3538 ex
645 3503 786 3542 auro
821 3490 1007 3547 solido
1030 3496 1300 3552 aestimati
1337 3505 1478 3554 sunt
1513 3500 1639 3554 auri
1676 3502 1840 3557 libris
1862 3519 1999 3557 cen-

348 3572 474 3623 tum
521 3575 790 3630 undecim
821 3579 991 3635 :fecit
1040 3582 1175 3638 item
1228 3587 1506 3642 candelas
1554 3589 1749 3644 varias
1781 3589 1999 3662 lapillis

351 3659 663 3718 distinctas
694 3681 939 3722 numero
964 3676 1235 3743 quatuor,
1261 3681 1325 3730 ut
1356 3681 1581 3732 starent
1613 3696 1788 3750 supra
1823 3697 2000 3735 aurea

349 3751 406 3801 et
428 3751 771 3821 crystallina
809 3759 1180 3817 candelabra.
1206 3763 1337 3819 Alia
1372 3782 1605 3838 quoque
1637 3769 2000 3825 conﬁcienda

350 3839 592 3907 curavit,
630 3847 693 3896 ut
751 3843 922 3900 altari
978 3849 1346 3908 inservirent.
1384 3855 1465 3909 Ad
1515 3859 1825 3913 ambonem
1859 3859 1997 3913 item

348 3926 666 3998 deputatus
723 3936 998 4006 sumptus
1046 3944 1156 4005 est,
1189 3943 1290 4013 qui
1349 3961 1415 3999 ex
1471 3945 1716 4018 zEgypto
1766 3952 1998 4003 tantum

349 4021 590 4074 exactus
648 4026 736 4076 est
790 4025 860 4078 ad
920 4027 1349 4086 numismatum
1410 4038 1670 4091 trecenta
1703 4039 2002 4105 sexaginta

351 4105 611 4178 quinque
643 4115 999 4170 centenaria.
1025 4121 1152 4172 Haec
1175 4123 1570 4192 suppeditavit
1592 4126 1662 4179 ad
1687 4127 1998 4181 ambonem

350 4209 483 4249 cum
517 4197 722 4254 solea:
759 4217 935 4272 quam
995 4208 1304 4276 pecuniam
1356 4227 1424 4265 ex
1481 4217 1649 4282 pacto
1695 4219 2001 4287 acceperat

2189 2786 2462 2862 Σταυροὺς
2519 2783 2575 2840 δὲ
2637 2786 2863 2857 ἐποίησε
2931 2789 2991 2855 ζ’,
3043 2786 3326 2846 στένοντας
3399 2781 3608 2859 χρυσού
3677 2780 3778 2836 ἀνὰ

2110 2875 2463 2950 κεντηνάριον
2513 2873 2568 2930 ἓν
2605 2896 2616 2908 ·
2671 2874 3034 2937 καλλωπίσας
3086 2873 3281 2935 αὐτοὺς
3347 2872 3453 2928 ἀπὸ
3501 2869 3772 2926 παντοίων

2109 2969 2217 3020 τῶν
2274 2965 2441 3030 λίθων
2494 2964 2842 3037 πολυτελῶν,
2875 2967 2950 3027 ὡς
2991 2961 3340 3036 διατιμᾶσθαι
3390 2960 3620 3022 τούτους
3676 2960 3776 3013 ἀνὰ

2112 3057 2169 3129 ρ”
2204 3057 2260 3132 ρ”
2287 3064 2356 3126 η’.
2393 3055 2498 3111 Καὶ
2552 3053 2859 3128 μανουάλια
2904 3051 2998 3108 δύο
3059 3051 3342 3128 ὁλόχρυσα
3394 3048 3486 3106 διὰ
3515 3047 3776 3124 λιθαρίων

2112 3144 2202 3199 σὺν
2286 3144 2564 3220 μεγίστοις
2645 3143 3116 3219 μαργαριταρίοις,
3189 3142 3221 3196 ἃ
3294 3142 3384 3196 καὶ
3456 3139 3769 3212 ἀπετιμήθη

2111 3235 2346 3310 χρυσίου
2378 3234 2705 3308 κεντηνάρια
2753 3235 2811 3303 ε’,
2843 3231 2934 3286 καὶ
2983 3229 3138 3329 ἕτερα
3191 3225 3499 3329 μανουᾶλὶα
3545 3229 3610 3303 β’.
3645 3225 3774 3329 olf-

2111 3343 2288 3398 χρυσα
2338 3322 2555 3398 γλυπτᾶ
2599 3320 2927 3397 παμμεγέθη
2964 3341 2976 3354 ⁸
3039 3319 3167 3383 τοὺς
3233 3317 3290 3420 δε
3369 3315 3542 3420 πόδας
3601 3315 3776 3420 αὐτῶν

2114 3410 2459 3487 ὁλοχρύσους
2499 3417 2670 3482 τιμῆς
2701 3411 2936 3484 χρυσίου
2968 3411 3091 3484 ρια’.
3124 3407 3387 3478 Ἐποίησε
3437 3404 3495 3461 δὲ
3539 3403 3628 3460 καὶ
3669 3404 3776 3478 φά-

2111 3500 2239 3555 τλια
2285 3497 2516 3577 διάφορα
2562 3497 2650 3552 διὰ
2716 3497 2884 3562 λίθων
2951 3500 3183 3571 τὲσσαρα
3216 3516 3228 3530 °
3278 3496 3524 3552 ἰτύπωσε
3583 3492 3641 3548 δὲ
3684 3491 3777 3547 ’ίνα

2104 3588 2350 3643 ’ίστανται
2409 3585 2590 3642 ἐπάνω
2638 3591 2745 3641 τῶν
2798 3591 3016 3662 χρυσῶν
3060 3586 3150 3641 καὶ
3183 3585 3363 3659 κρύων
3405 3581 3774 3658 μανουαλίων.

2109 3681 2306 3752 Ἕτερα
2356 3676 2412 3732 δὲ
2453 3676 2704 3747 ἰποίησεν
2752 3675 2828 3737 εἷς
2877 3677 2940 3730 τὸ
2987 3676 3394 3750 θυσιαστήριον.
3435 3672 3528 3734 Εἲς
3587 3669 3644 3725 δὲ
3681 3671 3775 3725 τὸν

2111 3763 2339 3841 ἄμϐωνα
2394 3764 2650 3837 ἐξωδίασε
2701 3766 2925 3841 χρυσὸν,
2975 3764 3108 3840 ὅπερ
3167 3763 3328 3832 ἐδόθη
3389 3761 3439 3835 ἐξ
3492 3760 3774 3836 Αἰγύπτου

2115 3858 2301 3930 μόνον,
2357 3855 2715 3929 νομισμάτων
2773 3853 3102 3930 κεντηνάρια
3142 3855 3262 3926 τξέ.
3318 3856 3502 3910 Ταῦτα
3558 3845 3775 3920 ἐξωδία-

2111 3967 2196 4001 σεν
2244 3946 2321 4010 εἷς
2365 3947 2457 4001 τὸν
2511 3941 2739 4018 ἄμϐωνα
2782 3944 2875 3998 σὺν
2918 3947 2987 4016 τῇ
3045 3942 3245 4014 σωλέᾳ,
3281 3941 3415 4016 ὅπερ
3457 3934 3622 3995 ἔλαϐε
3667 3937 3772 3992 πά-

2109 4037 2233 4090 κτὸν
2286 4034 2452 4111 μέχρι
2507 4036 2552 4110 β’
2588 4054 2601 4068 ·
2647 4035 2675 4088 ὁ
2724 4033 2824 4108 γὰρ
2900 4035 3062 4108 μέγας
3111 4035 3512 4090 Κωνσταντῖνος
3558 4027 3774 4084 ἐτύπω-

2112 4146 2197 4179 σεν
2250 4125 2355 4178 ἀπὸ
2401 4128 2510 4178 τῶν
2571 4118 2859 4199 βαρϐάρων
2916 4127 3136 4197 Περσῶν
3209 4118 3631 4197 βασιλευόντων,
3679 4115 3769 4171 καὶ

2115 4213 2309 4288 ἑτέρων
2338 4212 2567 4268 πολλῶν
2600 4211 2766 4267 ἐθνῶν
2800 4213 2856 4286 ρ¹”
2887 4213 2945 4286 ρ”
2975 4213 3023 4286 γ’
3058 4213 3122 4274 ς’.

349 4297 537 4354 usque
568 4287 638 4341 ad
673 4289 788 4345 duo
823 4292 985 4348 milia
1019 4293 1422 4367 {centenariaJ
1465 4300 1715 4374 Magnus
1745 4305 1903 4360 enim
1952 4287 2373 4360 Constantinus
2403 4322 2438 4360 a
2466 4303 2736 4360 barbaris
2772 4307 3090 4358 Persarum
3129 4301 3369 4374 regibus
3411 4303 3470 4355 et
3515 4297 3588 4353 ab
3641 4296 3776 4354 aliis

348 4373 554 4431 multis
583 4379 858 4448 gentibus
889 4386 1224 4442 centenaria
1253 4388 1369 4444 tria
1395 4373 1583 4446 millia
1607 4397 1664 4447 et
1691 4410 1790 4448 sex
1821 4393 2102 4449 solvenda
2131 4393 2334 4449 edixit.

344 4501 697 4588 Iustinianus
724 4511 988 4602 templum
1007 4513 1352 4602 βορζιιάηιιιζι
1382 4517 1666 4602 aediﬁcare
1689 4522 1848 4602 carpit
1876 4529 1928 4602 ct
1957 4521 2216 4602 absolvit.
2253 4521 2503 4602 Quatuor
2532 4520 2839 4602 narthcces,
2871 4522 3116 4602 quatuor
3139 4518 3379 4602 ﬂumiua
3409 4531 3477 4602 cx
3511 4512 3774 4602 Ρξῖταείίεο

418 4579 702 4665 ςίείίιιζῖείᾳ,
735 4579 1264 4665 αρρριιᾳυὶιᾙΜανθ
1311 4591 1370 4644 in
1418 4579 1614 4648 ἀρατινο
1649 4579 1821 4648 latere
1862 4592 2046 4648 dextri
2073 4579 2366 4665 gynaeciti,
2399 4593 2759 4650 Leontarium
2788 4579 2935 4646 locus
2965 4590 3062 4644 ubi
3092 4579 3393 4645 sacerdotes
3413 4579 3771 4642 lavabantur.

417 4650 702 4704 Mctatorii
723 4650 1058 4710 cubiculum.

422 4749 601 4805 Porro
655 4750 1029 4811 Justinianus
1088 4757 1250 4814 solus
1282 4763 1338 4814 et
1366 4761 1651 4833 templum
1711 4763 2000 4820 zediﬂcare

2181 4767 2240 4821 Ὁ
2279 4761 2336 4818 δὲ
2378 4761 2759 4824 Ἰουστινιανὸς
2813 4758 2980 4833 μόνος
3025 4756 3250 4834 ἤρξατο,
3311 4757 3400 4812 καὶ
3456 4755 3617 4829 μόνος
3659 4752 3772 4808 ἐτι-

349 4832 570 4907 incepit
629 4843 685 4894 et
734 4842 1029 4914 inceptum
1083 4846 1352 4916 absolvit,
1401 4832 1637 4906 nemine
1665 4857 1769 4906 aut
1799 4853 1858 4906 in
1909 4869 2000 4907 ex-

347 4940 665 4994 pensarum
699 4935 800 4984 aut
832 4931 888 4985 in
923 4935 1117 5004 operis
1151 4943 1371 5007 partem
1413 4939 1700 4996 veniente.
1747 4942 1999 5013 Eratque

347 5013 492 5070 illud
529 5017 993 5088 pulcherrimum
1030 5026 1432 5095 spectaculum
1462 5031 1509 5083 si
1541 5030 1766 5084 variam
1794 5031 1998 5103 templi

347 5101 521 5172 pulch
534 5105 684 5160 ritud
698 5108 849 5162 inem
872 5112 1299 5185 conspiceres,q
1313 5116 1422 5170 uod
1439 5117 1632 5189 undcq
1645 5135 1833 5188 uaque
1857 5137 1926 5174 au
1939 5137 1998 5175 ro

349 5195 406 5246 et
437 5201 680 5264 argento
739 5197 1004 5265 fulgeret.
1046 5201 1163 5258 Nec
1208 5205 1409 5262 minus
1453 5209 1802 5264 admirabile
1833 5227 2000 5266 acce-

350 5279 628 5339 dentibus
651 5287 1056 5357 pavimentum
1081 5292 1409 5365 videbatur,
1435 5299 1589 5368 quod
1637 5316 1998 5356 marmorum

347 5370 662 5442 omnigena
710 5377 990 5434 varietate
1040 5381 1392 5439 micantium
1461 5390 1996 5459 coagmentatione,

347 5471 452 5510 ceu
487 5457 544 5512 in
579 5463 724 5516 mari
754 5469 932 5535 atque
964 5467 1021 5523 in
1056 5470 1404 5529 ﬂuminibus
1435 5493 1600 5547 aquae
1636 5478 1814 5533 ﬂuere
1846 5479 1998 5533 vide-

347 5549 568 5599 rentur.
600 5548 744 5603 Nam
775 5560 1027 5621 quatuor
1056 5560 1260 5631 templi
1293 5563 1464 5631 fines,
1513 5565 1630 5620 sive
1665 5567 1994 5632 nartbcces,

346 5637 601 5705 quatuor
657 5638 903 5697 ﬂumina
960 5662 1028 5700 ex
1085 5650 1362 5718 paradiso
1401 5656 1676 5710 exeuntia
1730 5656 1991 5716 vocavit:

341 5723 648 5796 legemque
677 5725 832 5796 fecit,
865 5735 930 5785 ut
968 5734 1241 5806 quisquis
1288 5755 1392 5811 pro
1437 5745 1693 5814 peccatis
1725 5760 1993 5818 segrega-

2113 4856 2308 4912 λείωσε
2346 4857 2438 4911 τὸν
2483 4856 2630 4924 ναὸν,
2684 4851 2913 4927 μηδενὸς
2981 4853 3164 4927 ἑτέρου
3232 4849 3548 4926 συνδρομὴν
3604 4848 3771 4916 ποιή-

2111 4967 2325 5015 σαντος,
2359 4945 2394 5013 ἢ
2437 4942 2767 5013 οἱανδήποτε
2813 4938 3135 5014 οἷ’κοδομήν.
3185 4945 3377 5036 θαῦμα
3407 4935 3482 5036 *δὲ
3648 4935 3772 5036 θεά-

2111 5045 2300 5098 σασθαι
2332 5034 2382 5088 ἐν
2415 5037 2497 5106 τῷ
2541 5031 2737 5087 κάλλει
2787 5030 2876 5085 καὶ
2919 5034 2988 5104 τῇ
3038 5029 3294 5101 ποικιλίᾳ
3339 5031 3437 5081 τοῦ
3485 5029 3638 5092 ναοῦ,
3688 5025 3771 5077 ὅτι

2108 5124 2376 5187 πάντοθεν
2431 5123 2498 5191 ἦν
2541 5126 2621 5193 τῷ
2675 5119 2891 5196 χρυσίῳ
2948 5120 3038 5212 καὶ
3106 5119 3325 5212 ἀργύριρ
3387 5114 3771 5212 ἐξαστράτττονέ

2111 5211 2213 5266 Καὶ
2263 5209 2341 5272 εἷς
2388 5210 2450 5264 τὸ
2504 5206 2701 5285 ἔδαφος
2749 5209 2932 5279 θαῦμα
2977 5208 3044 5275 ἦν
3094 5212 3214 5268 τοῖς
3269 5206 3555 5268 εἰσιοῦσιν,
3610 5199 3661 5254 ἐν
3701 5202 3771 5272 τῇ

2108 5297 2368 5370 ποικιλίᾳ
2395 5303 2504 5353 τῶν
2554 5295 2860 5372 μαρμάρων
2912 5292 3068 5364 δίκην
3126 5294 3405 5364 θαλάσσης
3453 5291 3703 5365 ὁρᾶσθαι,
3734 5287 3771 5355 ἢ

2108 5393 2370 5460 ποταμῶν
2407 5386 2598 5464 ῥέοντα
2627 5383 2812 5439 ὕδατα.
2849 5386 2960 5446 Τὰς
3001 5386 3105 5460 γὰρ
3154 5383 3416 5458 τέσσαρας
3468 5379 3623 5458 φίνας
3673 5380 3772 5431 τοῦ

2105 5476 2238 5530 ναοῦ
2292 5476 2542 5549 ὠνόμασε
2588 5475 2714 5536 τοὺς
2766 5472 2808 5528 δ’
2854 5474 3143 5546 ποταμοὺς
3202 5472 3332 5534 τοὺς
3381 5467 3770 5544 ἐξερχομὲνους

2106 5565 2166 5619 ἐκ
2191 5570 2287 5620 τοῦ
2317 5563 2652 5640 παραδείσου
2686 5583 2697 5596 ο
2735 5562 2824 5617 καὶ
2859 5560 3028 5616 ἔδωκε
3057 5563 3226 5634 νόμον
3270 5560 3406 5616 κατὰ.
3451 5558 3546 5618 τὰς
3591 5557 3770 5628 ἁμαρ-

2103 5655 2222 5717 τίας
2266 5654 2515 5710 *ίστασθαι
2555 5653 2606 5708 ἐν
2659 5651 2842 5713 αὐτοῖς
2889 5648 2981 5706 ἕνα
3025 5649 3248 5706 ἕκαστον
3307 5645 3764 5728 ἀφοριζομὲνους-

2104 5744 2368 5815 Ἐποίησε
2399 5742 2457 5800 δὲ
2489 5742 2565 5806 εἷς
2593 5743 2694 5811 τήν
2732 5740 2937 5821 φιάλην
2987 5741 3213 5817 γυρόθεν
3265 5740 3426 5802 στοὰς
3473 5732 3768 5815 φρωτικᾶς
