4142 6402
328 435 484 497 1309

1459 435 1828 498 ANONYMI
1873 433 2455 506 ANTIQUITATES
2497 435 2616 497 CP.

3587 428 3746 490 1310

343 560 454 633 ιϐ’,
514 561 605 617 καὶ
661 560 887 624 λέοντας
938 559 1182 626 λιθίνους
1225 560 1531 639 ἐρεύγεσθαι
1582 563 1647 620 τὸ
1704 562 1850 641 ὕδωρ
1905 564 1979 626 εἰς

2098 569 2280 635 retur,
2304 565 2438 621 istic
2462 564 2774 621 stationem
2800 563 3059 619 haberet.
3105 561 3271 616 Circa
3297 575 3433 616 vero
3479 558 3742 615 Phiaiam

323 653 578 727 ἀπόνιψιν
623 655 720 705 τοῦ
762 650 918 708 λαοῦ.
954 652 1042 707 Ἑν
1076 648 1133 705 δὲ
1161 655 1230 725 τῇ
1264 649 1410 724 δεξιᾷ
1432 651 1643 727 πλευρᾷ
1674 658 1769 709 τοῦ
1802 652 1978 724 δεξιοῦ

322 743 634 818 γυναικίτου
694 739 919 811 ἐποίησε
985 739 1256 804 θάλασσαν
1311 742 1478 817 μέχρι
1529 745 1832 816 σπιθαμῆς,
1887 741 1980 798 ’ίνα

323 832 620 906 ἀνὲρχηται
677 831 740 885 τὸ
789 827 961 904 ὕδωρ,
993 829 1082 884 καὶ
1129 829 1374 902 κλίμακα
1438 830 1563 904 μίαν
1600 832 1850 906 ὑπεράνω
1878 839 1980 902 τῆς

325 921 628 989 θαλάσσης,
654 917 744 974 ’ἱνα
777 916 1104 994 διὲρχωνται
1137 920 1189 974 οἱ
1222 920 1412 991 ἱερεῖς·
1442 915 1634 992 ἔστησε
1667 919 1724 975 δὲ
1755 918 1978 994 δεξαμε-

324 1009 418 1071 νὰς
473 1003 848 1084 όμῦριμαίους
897 1007 1177 1080 ναμάτων,
1237 1008 1327 1062 καὶ
1372 1006 1577 1082 ἕγλυψε
1622 1008 1844 1070 λέοντας
1875 1007 1982 1063 δώ·-

325 1095 473 1167 δεκα,
507 1097 596 1152 καὶ
628 1094 926 1172 παρδάλεις
977 1093 1211 1165 δώδεκα,
1269 1093 1468 1173 δόρκας
1501 1095 1733 1167 δώδεκα,
1783 1097 1876 1153 ’ίνα
1924 1098 1984 1153 ἐκ

321 1191 430 1241 τῶν
482 1184 769 1262 φαρύγγων
822 1184 996 1240 αὐτῶν
1046 1184 1291 1259 ἐμεῖσοαι
1339 1187 1402 1241 τὸ
1453 1184 1599 1262 ὕδωρ
1649 1184 1740 1241 διὰ
1791 1207 1982 1263 μηχα-

322 1282 445 1346 νῆς,
506 1273 584 1337 εῗ’ς
641 1275 704 1329 τὸ
759 1273 887 1337 τοὺς
941 1276 1106 1350 ἱερεῖς
1156 1275 1434 1340 νίπτεσθαι
1499 1277 1688 1349 μόνον.
1725 1277 1984 1333 Ἐκάλεσε

325 1362 384 1420 δὲ
439 1365 531 1420 τὸν
583 1363 750 1418 τόπον
805 1365 1153 1438 Λεοντάριον·
1216 1365 1303 1420 οιαὶ
1370 1367 1780 1441 Μητατώριον,
1848 1365 1981 1442 ὅπερ

325 1452 498 1508 ἐκεῖσε
551 1452 803 1529 ἀνήγειρε
853 1457 1089 1508 κοιτῶνα
1137 1453 1337 1528 ὡραῖον
1391 1451 1712 1529 διάχρυσον,
1759 1452 1852 1509 ’ίνα
1881 1475 1982 1508 πο-

324 1542 625 1616 ρευομένου
659 1540 822 1596 αὐτοῦ
852 1541 958 1596 ἀπὸ
983 1545 1080 1596 τοῦ
1109 1547 1262 1613 ναοῦ,
1295 1542 1465 1597 ἐκεῖσε
1495 1541 1753 1618 καθεύδῃ.
1785 1545 1892 1612 Τήν
1927 1541 1986 1598 δὲ

323 1631 640 1708 ὡραιότητα
667 1633 757 1685 καὶ
790 1627 1103 1704 ὑπερϐολὴν
1147 1635 1245 1687 τοῦ
1270 1631 1518 1695 κάλλους
1551 1637 1648 1687 τοῦ
1696 1652 1980 1708 κεχρυσω-

327 1721 490 1794 μὲνου
521 1720 611 1776 καὶ
645 1719 1091 1796 διηργυρωμὲνου
1123 1725 1276 1790 ναοῦ,
1302 1721 1407 1776 ἀπὸ
1441 1721 1674 1800 ὀρόφους
1701 1720 1807 1785 ἕως
1856 1719 1976 1777 ἐδά-

325 1831 484 1889 φους,
516 1809 599 1872 τίς
629 1807 945 1885 διηγήσεται
975 1831 989 1881 ;

2090 656 2227 710 fecit
2279 655 2588 710 duodecim
2645 653 2907 726 porticus
2968 668 3101 707 cum
3163 649 3376 722 puteis,
3427 648 3743 720 leonesque

2091 745 2354 816 lapideos
2377 760 2738 816 aquam,quo
2762 759 2824 797 se
2847 741 3100 813 populus
3122 739 3361 807 lavaret,
3382 742 3738 794 eructantes.

2091 834 2155 889 In
2173 835 2407 889 dextero
2429 839 2624 889 autem
2645 832 2828 887 latere
2849 831 3040 886 dextri
3065 829 3354 902 gynaeciti,
3391 844 3549 883 mare
3564 825 3744 882 unius

2092 924 2274 978 cubiti
2296 922 2687 992 concinnavit,
2713 926 2777 976 ut
2797 937 2952 993 aqua
2994 921 3356 982 ascenderet,
3400 917 3742 988 scalamque

2091 1029 2293 1079 unam,
2327 1017 2392 1067 ut
2423 1029 2605 1083 supra
2637 1028 2798 1066 mare
2819 1011 3152 1065 sacerdotes
3176 1008 3518 1064 transirent.
3548 1006 3743 1061 Posuit

2091 1102 2233 1157 item
2247 1101 2502 1157 conchas
2523 1117 2626 1156 seu
2651 1098 3018 1172 receptacula
3039 1115 3203 1170 aquae
3253 1097 3482 1168 pluviae,
3516 1096 3741 1150 duode-

2093 1193 2325 1263 cimque
2362 1191 2560 1246 leones
2599 1189 2873 1262 sculpsit,
2907 1189 3122 1261 pardos
3172 1187 3503 1254 duodecim,
3536 1187 3743 1240 damas

2094 1279 2446 1346 duodecim;
2480 1294 2611 1350 quis
2641 1278 2934 1333 machinis
2966 1277 3326 1347 quibusdam
3360 1292 3572 1345 aquam
3606 1290 3746 1329 evo-

2097 1369 2330 1431 mendo,
2351 1367 2492 1423 solis
2513 1365 3170 1437 sacerdotibusjavandi
3193 1364 3423 1436 copiam
3447 1363 3703 1419 facerent
3727 1380 3742 1432 ;

2095 1456 2287 1512 locum
2347 1472 2480 1512 vero
2530 1456 2905 1511 Leontarium
2976 1454 3356 1525 nuncupavit.
3417 1450 3745 1524 Appellavit

2095 1561 2265 1616 porro
2301 1545 2668 1600 Metatorium
2711 1543 3050 1599 cubiculum
3078 1542 3224 1597 illud
3249 1542 3604 1614 speciosum,
3636 1556 3744 1596 au-

2095 1650 2278 1704 roque
2308 1637 2582 1688 ornatum
2607 1634 2678 1688 ab
2703 1649 2765 1688 se
2788 1634 3004 1688 ibidem
3029 1636 3419 1700 exstructum,
3455 1634 3520 1684 ut
3551 1645 3680 1684 cum
3714 1645 3745 1684 e

2095 1723 2312 1793 templo
2344 1723 2550 1791 exiret,
2575 1721 2779 1793 ibique
2795 1727 3004 1777 sceret.
3045 1720 3272 1793 Templi
3319 1721 3558 1774 demum
3593 1736 3625 1774 a
3659 1724 3743 1773 te-

2095 1816 2187 1867 cto
2220 1812 2291 1867 ad
2317 1811 2716 1883 pavimentum
2749 1829 2890 1866 auro
2941 1815 3299 1882 argentoque
3339 1808 3574 1864 obducti
3608 1824 3745 1878 spe-

2094 1901 2240 1957 ciem
2265 1900 2657 1972 eximiamque
2681 1899 3179 1972 pulchritudinem
3203 1898 3361 1970 quis,
3395 1903 3459 1953 ut
3497 1915 3602 1970 par
3631 1901 3743 1966 est,

2013 1970 2060 2034 Β
2093 2006 2331 2046 narrare
2362 1970 2610 2062 posset?

321 2116 672 2172 Justinianus
701 2115 793 2170 die
825 2117 1085 2190 vigesima
1110 2115 1356 2190 secunda.
1385 2115 1719 2190 Novembris,
1769 2118 2004 2172 solemni
2026 2117 2547 2190 pompatemplum
2579 2114 2920 2190 Sophianum
2977 2131 3092 2169 una
3130 2131 3257 2190 eum
3296 2113 3618 2190 patriarcha
3650 2115 3742 2169 in-

714 2187 984 2256 greditur.
1018 2188 1118 2242 Dei
1144 2189 1393 2259 sequenti
1419 2189 1618 2260 templi
1645 2191 1992 2259 apertionem
2026 2187 2185 2261 facit.

392 2285 589 2357 ’Όμως
640 2281 936 2345 τελειώσας
973 2283 1065 2338 τὸν
1115 2281 1240 2338 ναὸν
1300 2284 1390 2338 καὶ
1443 2284 1510 2338 τὰ
1537 2284 1658 2358 ἱερὰ
1693 2283 1977 2358 σκεύηξκαὶ

318 2370 662 2445 ἀναθήματα,
721 2371 858 2446 αὐτῇ
887 2375 957 2446 τῇ
1007 2366 1111 2443 κ6’,
1140 2377 1238 2427 τοῦ
1297 2367 1608 2446 Νοεμϐρίου
1644 2374 1837 2446 μηνὸς,
1871 2373 1974 2428 εἶσ-

321 2459 488 2530 ῆλθεν
543 2462 650 2516 ἀπὸ
705 2466 803 2516 τοῦ
857 2459 1140 2518 Παλατίου
1179 2461 1316 2536 μετᾶ
1346 2460 1720 2536 προελεύσεως
1745 2464 1840 2518 τὸν
1874 2484 1974 2517 πυ-

321 2548 472 2604 λῶνα
527 2554 624 2605 τοῦ
692 2549 1107 2624 Αύγουστιῶνος
1162 2555 1261 2605 τοῦ
1330 2550 1720 2626 εἰσερχομένου
1773 2550 1851 2613 εἷς
1913 2552 1978 2606 τὸ

317 2638 664 2714 Ὡρολόγιον,
723 2639 1086 2713 καθεζόμενος
1145 2638 1232 2693 ἐπὶ
1295 2641 1537 2714 ἅρματος
1601 2640 1735 2712 μετὰ
1793 2638 1836 2694 δ’
1887 2638 1982 2695 ’ίπ-

316 2749 458 2796 πων,
505 2728 599 2782 καὶ
631 2721 784 2792 ἔθυσε
849 2727 982 2803 βόας
1011 2729 1056 2782 α’
1102 2727 1192 2782 καὶ
1223 2723 1492 2804 πρόϐατα,
1529 2729 1592 2797 ς’,
1637 2728 1874 2806 ἐλάφους
1903 2736 1976 2805 χ’,

319 2816 447 2878 σύας
499 2817 566 2886 α’,
647 2812 868 2892 ὄρνιθας
947 2816 1037 2871 καὶ
1103 2815 1485 2892 ἀλεκτρυῶνας
1551 2818 1651 2872 ἀνὰ
1723 2817 1982 2892 χιλιάδας

325 2902 472 2962 δὲκα.
533 2901 744 2960 Δὲδωκε
803 2902 862 2960 δὲ
915 2905 1005 2960 καὶ
1063 2911 1181 2968 τοῖς
1211 2907 1406 2976 πένησι
1462 2907 1552 2961 καὶ
1586 2903 1867 2981 δεομένοις
1899 2908 1980 2962 σί-

329 3014 424 3047 του
477 2992 638 3067 μόδιοι
691 2993 956 3068 μυριάδας
1003 2996 1071 3070 γ“,
1131 2999 1200 3069 τῇ
1260 2997 1446 3070 ἡμέρα
1502 2995 1678 3070 ἐκείνῃ
1715 2994 1786 3050 δι’
1819 2997 1976 3072 ὡρῶν

325 3085 491 3157 τριῶν
523 3101 536 3114 '
591 3083 679 3137 καὶ
739 3082 862 3138 τότε
894 3080 1212 3137 εἷ’σώδευσεν
1264 3084 1291 3137 ὁ
1346 3083 1599 3158 βασιλεὺς
1658 3085 1975 3140 Ἰουστινια-

321 3171 414 3232 νὸς
456 3172 589 3245 μετὰ
616 3176 714 3226 τοῦ
747 3176 978 3248 σταυροῦ
1025 3172 1117 3227 καὶ
1173 3176 1270 3227 τοῦ
1302 3174 1646 3248 πατριάρχου
1680 3172 1975 3250 Εὐτυχίου.

317 3260 425 3316 Καὶ
474 3257 784 3336 ἀποδράσας
815 3265 935 3322 ταῖς
970 3260 1128 3335 χερσὶ
1183 3264 1280 3314 τοῦ
1340 3262 1685 3336 πατριάρχου
1719 3262 1823 3319 ἀπὸ
1867 3269 1977 3317 τῶν

322 3347 622 3424 βασιλικῶν
655 3347 870 3419 πυλῶν,
905 3345 1108 3424 ἔδραμε
1158 3345 1324 3422 μόνος
1376 3348 1541 3424 μέχρι
1563 3355 1661 3405 τοῦ
1695 3346 1971 3424 ἅμϐωνος’

320 3439 410 3492 καὶ
479 3437 716 3500 ἐκτείνας
782 3438 877 3500 τὰς
952 3443 1142 3513 χεῖρας
1208 3438 1283 3500 εἰς
1346 3439 1437 3493 τὸν
1513 3438 1764 3514 οὐρανὸν,
1838 3441 1974 3496 εἶπε·

318 3527 456 3598 Δόξα
508 3532 590 3600 τῷ
640 3531 779 3599 Θεῷ,
826 3532 904 3600 τῷ
949 3527 1342 3598 καταξιώσαντί
1403 3549 1472 3601 με
1509 3532 1760 3584 τοιοῦτον
1821 3528 1974 3607 ἔργον

317 3615 642 3671 ἀποτελέσαι
677 3635 690 3649 ’

318 3704 621 3761 εῗσοδεῦσαι
652 3749 666 3775 ,
718 3705 972 3776 ἐποίησεν
1027 3705 1266 3776 ὑπάτια,
1307 3706 1403 3761 καὶ
1458 3704 1659 3762 δέδωκε
1713 3713 1793 3780 τῷ
1860 3706 1979 3781 λαῷ

317 3797 643 3869 κεντηνάρια
697 3796 820 3869 τρία
891 3792 980 3849 διὰ
1046 3794 1389 3871 Στρατηγίου
1464 3795 1763 3870 μαγίστρου
1817 3796 1985 3852 ταῦτα

320 3884 586 3960 χύνοντος
617 3882 692 3946 εἰς
722 3883 786 3938 τὸ
841 3880 1056 3961 ἔδαφος·
1103 3885 1189 3938 καὶ
1243 3887 1311 3956 τῇ
1345 3882 1605 3958 ἐπαύριον
1639 3883 1865 3955 ἐποίησε
1919 3886 1985 3941 τὰ

321 3973 530 4044 ἀνοίξια
586 3977 685 4028 τοῦ
731 3977 886 4044 ναοῦ,
935 3977 1172 4028 τοσαῦτα
1236 3971 1326 4027 καὶ
1383 3971 1608 4028 πλείονα
1661 3972 1980 4030 ὁλοκαυτώ-

323 4084 467 4136 ματα
514 4062 696 4130 Θύσας,
729 4063 818 4117 καὶ
854 4062 1019 4137 μέχρι
1049 4067 1158 4118 τῶν
1205 4061 1371 4138 ἁγίων
1405 4061 1708 4140 Θεοφανίων
1745 4061 1814 4118 δι’
1845 4067 1982 4138 ἠμε-

320 4157 430 4230 ρῶν
454 4149 834 4207 πεντεκαίδεκα
855 4149 1214 4228 κλητορεύων
1243 4154 1448 4214 πάντας
1478 4151 1568 4207 καὶ
1603 4152 1861 4229 ῥογεύων,
1891 4154 1980 4210 καὶ

315 4241 654 4317 εὐχαριστῶν
685 4245 766 4314 τῷ
821 4246 962 4314 Θεῷ.
1015 4243 1118 4298 Καὶ
1169 4241 1342 4306 οὕτως
1370 4240 1655 4297 ἐτελείωσε
1681 4244 1745 4298 τὸ
1798 4243 1981 4321 ἐφετὸν

329 4327 486 4406 ἔργον
518 4329 704 4386 αὐτοῦ.

2221 2189 2368 2256 Quas
2401 2189 2722 2257 largitiones
2744 2188 2946 2258 p0pulo
2980 2191 3108 2242 tunc
3135 2187 3347 2258 fecerit.

2163 2286 2444 2342 Absoluto
2479 2285 2699 2356 templo
2733 2285 3036 2356 sacrisque
3077 2284 3235 2340 vasis
3275 2284 3616 2356 caaterisque
3648 2301 3742 2338 or-

2089 2375 2408 2443 namentis,
2434 2375 2682 2430 solemni
2721 2391 2954 2446 pompa,
2980 2375 3072 2428 die
3094 2374 3438 2429 Novembris
3459 2374 3742 2445 vigesima

2091 2466 2354 2520 secunda
2383 2481 2413 2520 e
2445 2464 2661 2535 palatio
2694 2465 2750 2518 in
2788 2464 3168 2533 Augustionis
3222 2465 3462 2528 atrium,
3522 2480 3635 2535 qua
3667 2463 3740 2517 ad

2089 2553 2458 2625 horologium
2490 2553 2601 2608 iter
2629 2558 2738 2618 est,
2769 2553 2828 2607 in
2873 2552 3192 2624 quadragis
3241 2557 3330 2607 est
3382 2552 3690 2624 ingressus
3724 2569 3738 2607 ε

2091 2643 2484 2714 mactavitque
2516 2643 2689 2696 boves
2724 2641 2907 2708 mille,
2941 2642 3134 2696 ovium
3171 2658 3270 2695 sex
3303 2640 3508 2707 millia,
3542 2656 3742 2696 cervos

2091 2737 2419 2798 sexcentos,
2455 2747 2592 2786 sues
2641 2731 2823 2799 mille,
2876 2730 3127 2804 gallinas
3177 2731 3374 2785 decem
3407 2729 3568 2784 mille
3607 2730 3741 2786 toti-

2091 2822 2347 2891 demque
2399 2819 2617 2891 pullos.
2682 2821 3020 2891 Eademque
3082 2819 3173 2874 die
3230 2821 3410 2875 trium
3461 2819 3744 2874 horarum

2091 2911 2281 2982 spatio
2316 2909 2599 2980 elargitus
2621 2917 2710 2964 est
2730 2910 3086 2981 pauperibus
3111 2915 3164 2964 et
3189 2909 3388 2981 egenis
3410 2909 3586 2964 tritici
3622 2925 3749 2963 mo-

2090 2999 2345 3055 diorium
2369 2999 2610 3070 triginta
2667 2996 2876 3053 millia.
2920 2998 3041 3061 Quo
3091 3002 3349 3069 peracto,
3380 2997 3754 3052 Justinianus

2098 3089 2416 3158 imperator
2445 3103 2578 3141 cum
2612 3103 2784 3141 cruce
2833 3104 2898 3141 ac
2949 3087 3232 3159 Eutychio
3267 3086 3600 3158 patriarcha
3647 3104 3745 3141 co-

2091 3177 2230 3232 mite
2282 3175 2572 3247 templum
2621 3176 2925 3248 ingressus
2976 3180 3101 3230 est:
3138 3180 3262 3230 tum
3324 3193 3356 3230 a
3406 3175 3746 3247 patriarcha

2089 3265 2357 3336 dilapsus
2391 3282 2422 3318 a
2457 3262 2625 3334 regiis
2661 3265 2884 3318 foribus
2935 3263 3100 3318 solus
3149 3265 3218 3318 ad
3276 3265 3592 3319 ambonem
3646 3281 3746 3319 us-

2089 3369 2202 3426 que
2234 3353 2513 3419 cucurrit,
2548 3352 2925 3423 extensisque
2969 3351 3027 3406 in
3059 3352 3267 3406 ccelum
3299 3352 3576 3406 manibus
3621 3352 3702 3406 ait
3736 3370 3749 3408 :

2089 3443 2287 3498 Gloria
2319 3443 2432 3497 Deo
2463 3441 2562 3514 qui
2587 3459 2680 3497 me
2703 3441 2922 3497 honore
2947 3446 3037 3497 est
3059 3441 3360 3512 dignatus,
3378 3447 3444 3496 ut
3467 3441 3581 3496 tale
3601 3458 3751 3513 opus

2089 3532 2429 3603 perficerem
2465 3549 2478 3588 :
2513 3531 2621 3586 vici
2677 3537 2758 3600 te,
2820 3531 3118 3587 Salomon.
3191 3531 3328 3587 Post
3385 3531 3747 3603 ingressum,

750 3616 1011 3687 νενίκηκά
1068 3638 1156 3686 σε,
1214 3615 1506 3690 Σολομών.
1568 3618 1668 3672 Καὶ
1731 3620 1868 3691 μετά
1916 3621 1978 3674 τὸ

2096 3623 2439 3679 consulares
2464 3623 2811 3695 largitiones
2835 3624 2991 3690 fecit,
3029 3623 3433 3695 magistroque
3455 3623 3747 3694 Strategio

2095 3713 2152 3767 in
2189 3713 2588 3783 pavimentum
2617 3713 2972 3777 elfunrlente,
3014 3713 3127 3768 tria
3157 3713 3495 3768 centenaria
3533 3711 3749 3783 populo

2093 3801 2418 3856 distribuit.
2454 3802 2694 3857 Postero
2728 3803 2820 3857 die
2860 3802 3102 3857 totidem
3135 3807 3223 3856 vel
3280 3801 3751 3857 holocautomata

2096 3907 2231 3944 cum
2263 3893 2609 3958 mactasset,
2663 3891 2870 3961 templi
2922 3893 3283 3962 apertionem
3339 3891 3492 3956 fecit,
3540 3896 3596 3945 et
3649 3908 3751 3961 per

2093 3979 2220 4034 dies
2251 3979 2591 4050 quindecim
2626 3996 2813 4050 usque
2846 3980 2914 4034 ad
2939 3984 3141 4034 sancta
3171 3979 3571 4051 Theophania,
3605 3997 3748 4051 epu-

2092 4066 2180 4124 las
2204 4072 2260 4123 et
2293 4068 2602 4140 pecuniam
2644 4068 2859 4140 populo
2913 4069 3360 4140 dilargiebatur,
3409 4068 3747 4141 gratiasque

2092 4157 2210 4213 Deo
2269 4159 2502 4230 agebat.
2535 4159 2605 4213 Et
2633 4157 2744 4213 hoc
2803 4158 2976 4212 morio
3008 4158 3405 4213 desideratum
3438 4157 3548 4213 sibi
3597 4174 3747 4230 opus

2094 4248 2357 4318 perfecit.

321 4447 544 4526 Trulla:
572 4446 707 4526 aedis
740 4446 1231 4526 Sopliianaaangno
1271 4448 1507 4526 secundo
1530 4450 1761 4526 justiai
1812 4467 1938 4526 cum
1988 4455 2310 4526 corruisset,
2339 4456 2651 4524 umbonem,
2683 4454 2889 4509 solemn
2936 4471 3003 4510 ac
3074 4456 3454 4526 pavimentum
3485 4455 3750 4510 contrivit

389 4521 823 4598 causai-uiam,
850 4520 1234 4598 Readiﬁcatur
1263 4521 1461 4576 iisdem
1521 4521 1791 4576 lateribus
1849 4524 2092 4581 Rhodiis.
2127 4527 2297 4582 Ambo
2326 4543 2454 4584 vero
2491 4520 2647 4583 solea
2668 4531 2719 4582 et
2747 4520 3133 4598 pavimentum
3184 4543 3254 4582 ex
3299 4529 3538 4584 materia
3586 4529 3747 4596 longe

389 4591 624 4646 minoris
654 4593 823 4662 pretii
847 4595 1267 4647 construuntur.

394 4689 654 4762 Διήρκεσε
684 4685 741 4742 δὲ
770 4688 799 4742 6
829 4688 1150 4764 νεωτερικὸς
1182 4687 1444 4765 τροῦλος,
1477 4689 1506 4743 6
1527 4689 1673 4763 παρὰ
1700 4693 1798 4744 τοῦ
1827 4691 1979 4767 μεγά-

2165 4695 2407 4753 Duravit
2436 4701 2632 4753 autem
2669 4693 2908 4753 Trullus
2956 4696 3057 4752 illa
3106 4713 3252 4753 nova
3291 4695 3529 4753 insolito
3582 4701 3744 4751 stru-

321 4773 424 4830 λου
443 4775 824 4829 Ἰουστιτιανοῦ
844 4775 1200 4846 κτισθεὶς,καὶ
1226 4777 1254 4830 6
1286 4771 1478 4849 ἄμϐῶν
1501 4777 1528 4831 6
1550 4773 1869 4841 πολύολϐος
1891 4780 1981 4834 καὶ

319 4862 780 4937 πολυθαύμαστος
810 4863 901 4918 σὺν
934 4870 1034 4933 τῆς
1066 4863 1277 4928 σωλέας
1299 4867 1388 4920 καὶ
1411 4869 1508 4921 τοῦ
1530 4863 1789 4920 ποικίλου
1811 4867 1983 4923 πάτου

320 4958 420 5010 τοῦ
449 4957 575 5008 ναοῦ
595 4953 830 5028 χρόνους
864 4959 947 5022 ιζ’.
975 4956 1127 5011 Μετὰ
1148 4953 1204 5010 δὲ
1229 4956 1454 5010 θάνατον
1473 4959 1574 5009 τοῦ
1599 4956 1981 5013 Ἰουστινιανοῦ

322 5041 614 5117 ἐκράτησεν
663 5043 952 5104 Ἰουστῖνος
1009 5044 1036 5097 ὁ
1085 5043 1306 5118 ἀνεψιὸς
1337 5043 1502 5099 αὐτοῦ
1529 5051 1631 5114 τῆς
1680 5044 1981 5120 βασιλείας,

317 5131 408 5185 καὶ
440 5129 516 5192 εἰς
547 5131 638 5186 τὸν
677 5127 926 5205 δεύτερον
957 5130 1159 5206 χρόνον
1193 5131 1382 5202 αὐτοῦ,
1405 5131 1589 5208 ἡμέρᾳ
1620 5133 1677 5201 ε’,
1713 5133 1827 5206 ὥρα
1858 5130 1982 5208 ἕκτῃ

317 5227 418 5290 τῆς
447 5220 677 5296 ἡμέρας,
713 5219 924 5296 ἐγένετο
954 5225 1134 5274 πεσεῖν
1166 5221 1258 5276 τὸν
1291 5222 1550 5297 τροῦλον,
1584 5221 1675 5277 καὶ
1703 5221 1982 5298 συνέτριψε

317 5310 414 5364 τὸν
443 5308 873 5381 ἀξιοθαύμαστον
908 5304 1160 5382 ἄμϐῶνα,
1192 5309 1281 5365 καὶ
1311 5311 1411 5379 τήν
1453 5309 1687 5366 σωλέαν·
1742 5313 1871 5375 τούς
1924 5335 1983 5369 τε

321 5396 715 5473 σαρδονύχους,
775 5399 866 5454 καὶ
937 5393 1272 5472 ζαμϐύκους,
1338 5400 1429 5455 καὶ
1485 5401 1836 5476 σαπφείρους,
1889 5405 1981 5458 καὶ

329 5487 663 5562 μαργαρίτας
697 5486 787 5542 σὺν
817 5493 925 5543 τῶν
959 5493 1178 5564 χρυσῶν
1213 5490 1474 5559 στήοεων.
1529 5491 1598 5546 Αἱ
1659 5487 1716 5546 δὶ
1773 5488 1979 5564 ἀψίδες,

325 5578 416 5633 καὶ
467 5578 519 5632 οἱ
567 5577 764 5647 κίονες,
813 5577 904 5632 καὶ
956 5578 1023 5634 τὰ
1053 5577 1225 5634 λοιπᾶ
1263 5578 1536 5652 κτίσματα
1582 5576 1799 5653 ἔμειναν
1858 5581 1984 5636 ἀσά-

330 5667 514 5724 λευτα.
568 5669 629 5724 Ὁ
676 5665 734 5722 δὲ
783 5668 943 5734 αὐτὸς
999 5669 1253 5745 βασιλεὺς
1285 5669 1796 5746 προσκαλεσάμενος
1849 5671 1980 5736 τοὺς

332 5758 606 5832 καμόντας
658 5756 828 5814 ἐκεῖσε
897 5759 1262 5836 μηχανικοὺς,
1319 5757 1638 5817 ἐπυνθάνετο
1691 5763 1821 5838 παρ’
1878 5764 1979 5820 a6-

2095 4789 2274 4842 cturae
2320 4804 2530 4857 genere
2573 4803 2606 4842 a
2643 4785 2982 4842 Justiniano
3031 4787 3302 4854 excitata,
3334 4790 3394 4841 et
3421 4786 3597 4841 ambo
3642 4784 3742 4840 ille

2095 4875 2656 4946 sumptuosissimus
2689 4879 2744 4931 et
2775 4874 3164 4930 admiratione
3191 4875 3409 4946 dignus
3426 4891 3561 4930 cum
3583 4872 3744 4929 solea

2093 4969 2152 5019 et
2183 4964 2340 5020 vario
2370 4965 2573 5038 templi
2598 4964 2930 5036 pavimento
2953 4981 3138 5020 annos
3161 4963 3744 5036 septemdecim.Post

2094 5058 2340 5108 mortem
2355 5053 2822 5110 veroJustiniani
2835 5053 3172 5125 ,imperium
3192 5052 3418 5124 excepit
3440 5053 3738 5121 Justinus,

2092 5143 2221 5212 ejus
2269 5160 2338 5198 ex
2376 5159 2576 5199 sorore
2623 5159 2844 5214 nepos;
2895 5143 3066 5214 cujus
3097 5159 3249 5198 anno
3285 5143 3565 5209 secundo,
3603 5142 3744 5197 feria

2093 5233 2300 5304 quinta
2327 5231 2440 5288 diei
2499 5233 2643 5289 hora
2692 5237 2872 5297 sexta,
2935 5231 3145 5287 trullus
3195 5230 3417 5288 corruit
3451 5249 3464 5287 :
3498 5235 3744 5303 stupen-

2093 5321 2353 5393 dumque
2391 5321 2726 5389 ambonem,
2777 5321 3020 5387 soleam,
3053 5321 3470 5394 sardonyches,
3505 5321 3744 5393 zamby-

2092 5427 2211 5477 cos,
2272 5410 2584 5482 sapphiros
2635 5415 2693 5466 et
2752 5413 3122 5483 margaritas,
3179 5427 3314 5465 cum
3365 5410 3558 5465 aureis
3588 5411 3748 5467 colu-

2092 5500 2286 5555 mellis
2308 5499 2600 5556 contrivit.
2628 5500 2880 5573 Apsides
2903 5517 3060 5567 vero,
3087 5500 3373 5556 columna!
3417 5505 3474 5555 et
3502 5500 3748 5556 mdificia

2091 5591 2318 5663 reliqua
2347 5592 2564 5647 intacta
2584 5591 2946 5665 immotaque
2965 5596 3329 5647 manserunt.
3361 5593 3528 5648 Tunc
3552 5592 3744 5662 impe-

2091 5685 2269 5747 rator,
2304 5681 2558 5738 evocatis
2578 5681 2940 5750 architectis,
2977 5681 3399 5738 sciscitabatur
3420 5698 3544 5753 quae
3568 5696 3749 5736 causa

2090 5768 2278 5825 ruina
2331 5769 2509 5826 trulio
2557 5770 2790 5828 fuisset.
2844 5772 3008 5837 Quod
3064 5772 3392 5828 avunculus
3432 5775 3590 5838 tuus,
3645 5769 3738 5826 in-
