4142 6396
402 401 554 461 1311

1350 403 1745 468 APPENDIX
1787 407 1891 466 AD
1937 403 2396 467 MICHAELEM
2445 404 2829 469 PSELLUM.

3668 403 3825 464 1312

405 533 644 604 quiunt,
678 533 896 590 amotis
922 534 1099 591 citius
1129 552 1305 607 quam
1330 554 1434 609 per
1481 543 1608 593 erat
1645 537 1858 610 lignies
1890 535 2055 591 fulci-

2170 537 2298 606 τῶν,
2357 533 2410 588 τί
2461 535 2523 590 τὸ
2552 529 2762 608 συμϐάν
2793 534 2870 600 εἷς
2895 535 2959 590 τὸ
2988 534 3227 610 χαλάσαι
3253 535 3349 590 τὸν
3377 531 3638 610 τροῦλον,
3673 534 3741 591 Οἱ
3773 529 3832 587 δὲ

403 622 640 690 mentis,
663 624 956 680 maturius
983 625 1210 682 musivo
1229 643 1400 698 Opere
1422 643 1705 682 exornare
1727 626 2052 682 studuerit:

401 712 697 782 quodque,
752 718 817 768 ut
865 714 1043 770 latius
1097 721 1323 787 pateret
1367 721 1632 787 aspectu,
1663 734 1830 788 aequo
1862 715 2055 771 subli-

401 799 646 854 miorem
693 800 854 856 illam
915 805 1164 860 stuxerit
1198 821 1210 860 :
1245 810 1303 860 et
1332 807 1487 877 quod
1549 821 1735 876 opere
1777 804 1967 860 scalas
1997 809 2056 859 et

401 889 809 946 sustentacula
865 893 1158 949 caedentes
1218 894 1600 966 projicerent;
1650 895 1784 949 hinc
1835 894 2052 950 factum

401 983 512 1048 est,
547 984 612 1032 ut
642 995 710 1034 ex
743 996 946 1037 eorum
980 983 1239 1054 pondere
1280 984 1443 1039 trulli
1490 985 1874 1039 fundamenta
1921 999 2055 1038 nec-

401 1066 545 1122 dum
579 1067 724 1124 satis
761 1075 1011 1126 excocta:
1064 1073 1408 1130 dissilirent.
1434 1077 1564 1129 Haec
1585 1072 1837 1129 artiﬁces
1867 1072 2054 1144 impe-

401 1156 601 1222 ratori,
653 1159 752 1230 qui
810 1159 946 1216 item
997 1162 1396 1218 addiderunt:
1431 1162 1490 1218 Si
1526 1163 1764 1234 jubeas,
1797 1162 2052 1232 domine,

404 1244 649 1300 trullum
702 1248 1030 1318 planiorem
1084 1251 1139 1306 in
1191 1251 1426 1323 cymbali
1507 1252 1743 1308 convexi
1804 1251 2052 1308 formam

404 1335 699 1405 construi,
734 1336 904 1393 mitte
933 1339 992 1393 in
1028 1340 1296 1395 Rhodum
1323 1339 1606 1410 insulam,
1638 1345 1703 1395 ut
1731 1339 2058 1396 avunculus

404 1421 995 1496 fecit,jubequeistic
1039 1429 1248 1484 lateres
1272 1446 1339 1485 ex
1371 1435 1528 1486 creta
1567 1430 1794 1486 Rhodia
1839 1429 2054 1500 parari,

402 1512 614 1584 aequali
645 1531 776 1569 cum
812 1516 1077 1586 pristinis
1111 1520 1366 1589 pondere
1387 1526 1444 1575 et
1474 1519 1686 1592 sigillo.
1713 1520 2052 1590 Tumjussu

403 1601 778 1673 imperatoris
795 1623 963 1676 pares
981 1607 1204 1662 advecti
1259 1608 1475 1664 lateres
1511 1614 1670 1664 sunt.
1713 1610 1806 1664 Sic
1847 1625 2054 1664 rursus

401 1696 594 1747 erecta
618 1693 855 1762 trullus,
880 1695 1138 1767 demptis
1169 1714 1199 1752 e
1228 1698 1487 1769 pristinis
1509 1698 1874 1754 sublimitate
1897 1697 2054 1753 ulnis

403 1781 766 1850 quindecim,
800 1800 985 1856 eaque
1033 1785 1090 1839 in
1144 1787 1410 1858 tympani
1461 1803 1680 1843 morem
1731 1791 1953 1858 aptata,
1988 1803 2054 1842 ac

402 1873 561 1924 metu
593 1869 774 1926 ruinae
805 1872 981 1928 citius
1012 1873 1315 1946 iterandaa,
1349 1875 1691 1933 fulcimenta
1733 1876 1922 1947 lignea
1953 1891 2054 1949 per

401 1975 630 2014 annum
662 1959 962 2032 integrum
991 1962 1197 2018 relicta
1219 1969 1380 2032 sunt,
1397 1966 1582 2021 donec
1603 1971 1838 2022 excocto
1851 1965 2055 2020 humo-

405 2064 466 2103 re
488 2047 648 2102 trulli
693 2049 977 2106 fabricam
997 2053 1123 2123 jam
1153 2053 1398 2108 firmiter
1417 2055 1738 2110 consistere
1762 2053 1928 2126 periti
1960 2055 2056 2109 de-

405 2136 870 2208 prehenderunt.
901 2140 1228 2197 Ambonem
1261 2159 1394 2198 vero
1416 2147 1472 2198 et
1494 2142 1716 2199 soleam
1741 2159 1872 2199 cum
1897 2141 2056 2215 paris

406 2231 682 2297 sumptus
713 2232 771 2282 et
804 2229 1252 2300 magnificentiae
1275 2237 1614 2288 construere
1644 2249 1759 2288 non
1795 2235 2056 2304 possent,

404 2312 577 2385 longe
609 2315 856 2372 minoris
883 2317 1045 2374 illum
1072 2321 1237 2391 pretii
1261 2320 1642 2392 exlapidibus
1672 2325 1729 2377 et
1769 2320 2059 2376 columnis

409 2409 653 2475 argento
682 2406 935 2464 vestitis.
970 2425 1102 2464 cum
1129 2409 1406 2466 cancellis
1439 2411 1496 2465 in
1529 2411 1729 2466 orbem
1765 2411 2058 2482 argenteis

408 2495 465 2547 et
521 2493 676 2549 solea
744 2496 1196 2555 exaediﬁcarunt.
1257 2498 1528 2555 Trullum
1575 2504 1768 2555 autem
1821 2498 2058 2554 amboni

406 2580 712 2652 imponere
741 2584 931 2640 noluit
959 2591 1278 2659 imperator
1308 2605 1697 2660 expensarum
1730 2589 1779 2642 vi
1813 2587 2058 2644 deterri-

402 2673 523 2725 tus.
549 2670 877 2728 Sternendo
902 2675 1238 2745 pavimento
1270 2693 1404 2731 cum
1439 2676 1537 2731 iile
1567 2676 1744 2731 variis
1762 2676 2059 2732 coloribus

405 2758 696 2815 distinctas
742 2765 798 2816 et
841 2765 1212 2835 praegrandes
1244 2764 1455 2820 tabula:
1510 2783 1624 2821 non
1657 2769 2057 2836 suppeterent,

407 2847 590 2904 misso
622 2849 894 2906 Manasse
919 2853 1165 2923 patricio
1198 2862 1247 2908 et
1277 2854 1576 2926 proposito
1609 2855 1667 2909 in
1723 2858 2057 2910 Proconne-

407 2954 539 2992 sum
574 2937 693 2994 illic
726 2956 1024 2996 marmora
1056 2943 1300 3014 paravit,
1341 2949 1506 2999 terra:
1556 2943 1807 3000 colorem
1855 2945 2056 3016 praefe-

405 3025 615 3094 rentia,
649 3045 872 3084 necnon
913 3029 1025 3086 alia
1058 3032 1281 3103 prasini
1307 3032 1539 3103 coloris,
1572 3050 1701 3106 quae
1724 3033 1968 3089 ﬂumina
1997 3034 2056 3088 in

407 3131 566 3171 mare
601 3117 910 3174 inﬂuentia
943 3126 1342 3192 repraesentat.

2169 625 2317 678 εἶπον
2372 628 2454 696 τῷ
2505 622 2742 700 βασιλεῖ,
2794 625 2878 678 δτι
2926 625 2988 681 Ὁ
3042 625 3187 688 θεῖος
3233 645 3329 678 σου
3360 622 3594 686 σπεύσας
3654 621 3828 697 ἰπῇρε

2165 711 2291 774 τοὺς
2345 713 2662 776 ἀντινύκτας
2689 715 2817 778 τοὺς
2846 708 3004 778 ὄντας
3036 712 3089 769 ἐν
3137 717 3218 786 τῷ
3264 711 3484 788 τρούλῳ
3543 711 3820 782 ξυλῖνους,

2165 803 2256 855 καὶ
2320 804 2535 877 ταχέως
2611 802 2941 876 ὶμουσίωσεν
3020 801 3202 857 αὐτόν·
3287 801 3376 857 καὶ
3449 799 3532 856 ὅτι
3603 797 3818 874 ὑψηλὸν

2166 889 2417 962 ἐποίησεν
2472 891 2635 947 αὐτὸν
2693 892 2829 968 πρὸς
2885 893 2946 948 τὸ
2994 892 3329 968 πανταχόθεν
3390 891 3651 966 ὁρᾶσθαι·
3729 888 3826 943 καί

2165 980 2248 1035 ὅτι
2308 981 2403 1043 τὰς
2437 980 2740 1042 σκαλώσεις
2798 981 3093 1044 κόπτοντες
3152 981 3202 1035 οἱ
3259 979 3504 1055 τεχνίται
3537 977 3816 1055 ἔῤῥιπτον,

2163 1070 2253 1125 καὶ
2288 1070 2347 1126 ἐκ
2375 1075 2472 1126 τοῦ
2499 1070 2673 1126 αὐτῶν
2705 1070 2951 1147 [βάρους]
3000 1068 3409 1146 ἐσπαράσσοντο
3451 1069 3520 1124 τὰ
3573 1065 3823 1142 Θεμιὲλια,

2164 1161 2252 1215 καὶ
2285 1160 2429 1234 [οὐκ]
2477 1155 2640 1216 ἔλαϐε
2683 1161 2843 1234 πέψιν
2877 1162 2906 1215 6
2935 1158 3194 1236 τροῦλος.
3239 1158 3432 1222 Οὕτως
3475 1159 3527 1213 οἱ
3575 1161 3823 1232 τεχνῖται

2164 1245 2365 1327 ἔφησαν
2413 1254 2493 1322 τῷ
2541 1247 2776 1324 βασιλεῖ·
2829 1249 2978 1304 εἷπον
3035 1246 3094 1304 δὶ
3143 1247 3309 1321 αὐτῷ,
3365 1247 3448 1303 ὅτι
3481 1246 3601 1303 Ἐὰν
3634 1244 3822 1302 κελεύ-

2163 1360 2264 1408 εις,
2298 1337 2552 1411 δὲσποτα,
2587 1338 2680 1393 Ἱνα
2713 1339 2935 1414 γένηται
2963 1339 2990 1394 6
3019 1337 3252 1415 τροῦλος
3307 1333 3560 1398 ἐπίπεδος
3605 1331 3818 1409 κυμϐα-

2165 1426 2355 1495 λικῶς,
2401 1425 2727 1483 ἀπόστειλον
2777 1427 2852 1490 είς
2879 1429 2978 1497 τὴν
3013 1425 3224 1496 Ῥόδον,
3255 1427 3457 1496 καθὼς,
3487 1425 3579 1481 καὶ
3613 1426 3641 1479 6
3673 1427 3817 1486 Θεῖος

2165 1537 2261 1571 σου
2293 1516 2538 1588 ἰποίησε,
2583 1518 2670 1571 καὶ
2725 1516 2784 1571 ἐκ
2832 1521 2930 1572 τοῦ
2978 1515 3180 1586 ταύτης
3227 1513 3414 1586 πηλοῦ⁹
3461 1514 3551 1569 καὶ
3601 1513 3660 1568 ὶκ
3714 1521 3818 1584 τῆς

2162 1604 2422 1676 τοιαύτης
2496 1602 2819 1683 σφραγίδος,
2894 1605 3197 1678 ἱσόσταθμα
3252 1602 3468 1679 βήσαλα
3520 1607 3618 1658 τοῦ
3677 1623 3820 1678 προ-

2163 1695 2326 1768 τὲρου
2387 1694 2589 1771 μίτρου
2629 1694 2898 1770 ἀγάγωσι.
2954 1693 3054 1749 Καὶ
3085 1693 3409 1770 προσέταξεν
3459 1694 3488 1747 6
3543 1690 3825 1768 βασιλεὺς,

2163 1785 2254 1838 καὶ
2303 1782 2514 1859 ἤγαγον
2569 1785 2637 1839 τὰ
2697 1782 2914 1859 βήσαλα
2958 1783 3065 1838 ἀπὸ
3111 1784 3209 1838 τοῦ
3259 1779 3451 1837 Ῥόδου
3495 1780 3678 1842 καθὼς
3732 1779 3825 1836 καὶ

2164 1872 2457 1948 πρότερον·
2499 1872 2672 1935 οὕτως
2724 1873 2899 1928 τοίνυν
2945 1872 3035 1928 καὶ
3067 1871 3232 1928 πάλιν
3288 1870 3547 1945 ἐκαμώθη
3585 1870 3613 1924 6
3659 1874 3824 1946 τροῦο

2167 1960 2264 2024 λος
2312 1963 2575 2036 κόψαντες
2615 1961 2673 2018 lx
2699 1966 2796 2017 τοῦ
2828 1962 3098 2038 προτὲρου
3143 1959 3384 2036 τρούλου
3411 1959 3634 2035 ὀργυιὰς
3665 1957 3825 2013 δεκα-

2165 2055 2367 2121 πέντε,
2422 2057 2748 2125 ποιήσαντες
2806 2053 2970 2108 αὐτὸν
3037 2052 3403 2126 τυμπανικὸν,
3468 2048 3770 2122 πτούμενοι
3804 2095 3820 2122 ,

2159 2140 2252 2198 ’ἶνα
2304 2143 2381 2216 μὴ
2441 2141 2607 2198 πάλιν
2659 2144 2873 2218 ταχέως
2904 2143 3084 2212 πᾶσοι,
3135 2140 3386 2202 ὶάσαντες
3432 2139 3501 2194 τά
3543 2137 3678 2208 ξύλα
3727 2137 3826 2192 καὶ

2163 2232 2290 2294 τοὺς
2340 2231 2528 2307 κριοὺς
2585 2237 2692 2287 τῶν
2744 2231 3070 2287 ἀντινύκτων
3129 2231 3331 2306 χρόνον
3391 2226 3500 2300 ἕνα,
3564 2225 3668 2288 ἕως
3725 2228 3820 2281 οὗν

2167 2315 2406 2396 ἔγνωσαν
2447 2328 2674 2392 ποιῆσαι
2705 2323 2804 2390 τὴν
2857 2321 3018 2393 πέψιν
3047 2320 3135 2374 τὸν
3183 2315 3441 2394 τροῦλον.
3492 2317 3594 2371 Τὸν
3627 2311 3685 2370 δὶ
3717 2316 3822 2388 ἆμ-

2169 2407 2319 2465 ϐωνα
2363 2411 2452 2465 καὶ
2495 2411 2596 2479 τὴν
2648 2408 2856 2466 σωλὲαν
2908 2410 2984 2483 μὴ
3036 2406 3325 2482 δυνάμενοι
3384 2413 3610 2475 ποιῆσαι
3639 2409 3824 2460 τοιοῦ-

2167 2519 2259 2554 τον
2320 2496 2649 2569 πολυὲξοδον
2701 2496 2791 2554 καί
2821 2497 3155 2571 πολύτιμον,
3207 2495 3469 2567 ἐποίησαν
3506 2494 3665 2550 αὐτὸν
3726 2496 3823 2550 οὐ·

2169 2585 2420 2662 δαμινὸν,
2477 2585 2567 2642 διὰ
2630 2585 2799 2652 λίθων
2848 2587 2938 2643 καὶ
2991 2587 3189 2642 κιόνων
3251 2582 3684 2662 ἀργυρενδύτων,
3733 2584 3826 2638 καὶ

2169 2678 2409 2742 στήθεων
2493 2676 2740 2752 ἀργυρῶν
2821 2676 2957 2749 μετά
3013 2679 3324 2752 περιφερῶν
3382 2673 3636 2750 ἀργυρῶν
3689 2672 3828 2746 μετὰ

2167 2769 2269 2834 τῆς
2329 2763 2563 2826 σωλὲας.
2616 2762 2866 2840 Τροῦλον
2920 2761 2976 2818 δὶ
3034 2768 3131 2819 τοῦ
3162 2757 3420 2836 άμϐωνος
3453 2762 3557 2818 οὐκ
3585 2761 3830 2832 ἠθέλησε

2167 2855 2416 2925 ποιῆσαι,
2469 2853 2544 2915 ὡς
2574 2853 2742 2925 εἶπεν,
2777 2849 2866 2908 διὰ
2893 2853 2992 2922 τὴν
3025 2851 3246 2921 πολλὴν
3274 2848 3478 2924 ἔξοδον.
3512 2851 3608 2914 Ei:
3640 2849 3696 2906 δὶ
3723 2853 3819 2906 τὸν

2165 2940 2359 3014 πάτον,
2411 2943 2488 3016 μή
2523 2939 2774 3012 δυνηθεὶς
2823 2942 2996 3017 εὑρεῖν
3037 2945 3259 2996 τοιαῦτα
3300 2937 3678 2996 πολυποίκιλα
3725 2939 3819 2995 καὶ

2171 3031 2396 3108 μέγιστα
2451 3026 2690 3100 ἀϐάκια,
2751 3031 2840 3086 καὶ
2907 3031 3232 3092 ἀποστείλας
3309 3037 3563 3100 Μανασσῆ
3623 3029 3817 3106 πατρί-

2167 3141 2283 3175 κιον
2358 3119 2448 3175 καὶ
2523 3118 2881 3195 πραιπόσιτον
2961 3119 3012 3175 ὲν
3092 3121 3508 3196 Προικοννήσῳ,
3562 3117 3814 3190 ὗποίησεν

403 3201 514 3258 ἐκεῖ
568 3205 638 3260 τά
700 3205 962 3282 μάρμαρα
1020 3208 1096 3271 εἷς
1156 3211 1462 3283 ὁμοιότητα
1505 3217 1605 3280 τῆς
1661 3217 1786 3286 γῆς,
1835 3210 1902 3266 τὰ
1957 3209 2190 3286 πράσινα
2219 3209 2294 3272 εἷς
2325 3210 2632 3284 ὁμοιότητα
2655 3214 2763 3266 τῶν
2793 3214 3056 3284 ποταμῶν
3090 3214 3196 3266 τῶν
3230 3204 3599 3284 ἐμϐαινόντων
3663 3207 3716 3264 ἰν
3748 3211 3815 3282 τῇ

401 3291 666 3371 θαλάσσῃ.

393 3459 536 3514 Dum
567 3461 728 3516 trulli
752 3472 1011 3537 pegmata
1039 3464 1449 3536 dirumperent,
1482 3465 1657 3522 aedem
1687 3465 2027 3537 Sophianam
2045 3481 2192 3537 aqua
2220 3465 2459 3534 replent.
2491 3465 2890 3537 Fallunturqui
2924 3467 3149 3523 Iustino
3174 3463 3374 3537 Thraci
3395 3463 3558 3520 illius
3585 3465 3824 3519 strudu-

469 3547 590 3610 ram
617 3536 918 3610 ascribunt.
951 3537 1064 3591 Sub
1091 3539 1407 3593 Justiniano
1425 3538 1735 3610 celebratur
1757 3536 1959 3608 quinta
1989 3536 2246 3610 synbdus.
2272 3538 2531 3610 Επεεεηία
2557 3536 2808 3594 ecclesia?
2828 3536 3822 3610 S.apostolorumeodemimperante.

467 3603 606 3679 Lites
633 3607 940 3661 saevissima
968 3610 1160 3662 urbem
1193 3611 1302 3664 ΟΡ.
1338 3609 1576 3676 invadit,
1604 3603 1809 3664 deinde
1837 3618 1994 3664 terrae
2018 3603 2220 3665 motus.
2257 3609 2644 3664 Concubilores
2666 3603 3046 3664 masculorum
3075 3617 3324 3678 graviter
3344 3603 3824 3679 puniunturJus-

468 3677 733 3758 {iniurius
749 3683 1052 3758 equestrem
1080 3681 1188 3758 sibi
1232 3685 1478 3758 statuam
1525 3683 1586 3735 in
1633 3683 1968 3758 {agitatione
2024 3683 2208 3752 erigit.
2257 3681 2570 3758 pelisarius
2615 3682 2674 3758 iri
2721 3677 3212 3758 Africamrontra
3248 3677 3516 3735 Varidalos
3555 3681 3824 3734 mittitur.

469 3747 672 3803 Deinde
698 3747 814 3804 dua:
840 3752 1111 3807 exercitus
1142 3755 1204 3807 in
1232 3753 1350 3824 ejus
1382 3761 1560 3808 locum
1589 3769 1621 3808 a
1649 3747 1973 3810 Iustiniano
1997 3747 2218 3810 creatur
2248 3752 2516 3808 Salomon
2532 3769 2553 3815 ;
2582 3752 2673 3808 sed
2701 3747 2852 3808 malo
2875 3753 3081 3808 omine.

470 3861 614 3956 ilum
641 3869 836 3956 autem
870 3867 1032 3922 trulli
1067 3874 1343 3941 pegmata
1364 3869 1788 3941 dirumperent,
1818 3876 1875 3925 et
1893 3869 2052 3942 ligna
2084 3889 2126 3956 ρ

399 3951 684 4023 dejecturi
715 3963 935 4026 essent,
969 3956 1272 4014 ecclesiam
1298 3975 1451 4029 aqua
1499 3960 1570 4014 ad
1607 3958 1883 4015 ulnarum
1925 3964 2054 4016 octo

401 4039 777 4100 altitudinem
808 4045 1182 4118 repleverunt
1214 4065 1227 4103 :
1263 4047 1462 4119 sicque
1507 4049 1891 4105 fundamenta
1939 4065 2054 4104 non

404 4133 912 4190 concutiebantur.
946 4135 1252 4191 Falluntur
1282 4136 1481 4207 itaque
1511 4137 1613 4208 qui
1646 4143 1877 4209 putant,
1915 4137 2052 4193 Jus-

404 4219 598 4274 tinum
627 4221 947 4278 Justiniani
995 4225 1350 4280 avunculum
1383 4226 1685 4298 quidpiam
1730 4227 1787 4281 in
1839 4243 1908 4282 ea
1955 4243 2053 4282 ex-

404 4309 723 4378 struxisse;
782 4319 901 4367 tres
951 4313 1244 4386 siquidem
1311 4318 1473 4383 sunt,
1531 4315 1828 4371 Justinius
1877 4315 2050 4385 Trax,

401 4397 777 4455 Justinianus
836 4402 1106 4457 conditor
1162 4408 1220 4459 et
1276 4403 1484 4459 deinde
1528 4405 1803 4460 Justinus
1834 4403 2052 4459 sororis

402 4487 531 4557 ejus
563 4487 741 4554 filius,
775 4489 844 4544 de
884 4490 1104 4561 quibus
1127 4491 1400 4563 pluribus
1431 4493 1489 4548 in
1513 4492 1817 4549 Cbronicis
1855 4509 2052 4548 narra-

398 4581 497 4632 tur
529 4581 592 4632 ut
609 4578 850 4634 cuilibet
873 4579 1088 4652 legenti
1119 4581 1488 4654 patebit.Sub
1509 4581 1846 4638 Justiniano
1872 4581 2053 4653 igitur

399 4667 500 4737 qui
534 4667 738 4740 templi
797 4670 1066 4726 conditor
1120 4671 1255 4738 fuit,
1312 4670 1605 4728 celebrata
1657 4675 1746 4726 est
1791 4672 2050 4744 synodus

399 4756 606 4826 quinta
637 4762 840 4814 contra
869 4759 1148 4816 Severum
1181 4778 1336 4817 anno
1367 4761 1599 4834 imperii
1631 4763 1759 4832 ejus
1792 4761 2044 4832 decimol:

399 4845 664 4918 itemque
696 4865 849 4904 anno
877 4849 1267 4921 ejusimperii
1307 4851 1589 4923 vigesimo
1639 4851 1852 4922 primo,
1899 4850 2047 4906 cele-

400 4934 572 4991 brata
603 4941 744 4992 sunt
769 4938 1028 4994 encaenia
1059 4938 1283 5012 Magne
1311 4939 1588 4996 ecclesiae.
1637 4939 1773 4995 Post
1819 4939 2047 4996 obitum

399 5039 532 5080 vero
561 5025 876 5082 Theodore
911 5028 1111 5083 uxoris
1147 5029 1276 5099 ejus
1297 5028 1588 5084 celebrata
1619 5034 1760 5085 sunt
1790 5029 2049 5085 enctenia

394 5113 488 5169 SS.
525 5115 948 5186 Apostolorum
983 5131 995 5170 :
1030 5132 1146 5187 quo
1197 5122 1459 5188 tempore
1490 5121 1652 5172 tanta
1699 5117 1828 5173 lues
1876 5122 2047 5174 Cons-

391 5203 747 5275 tantinOpoli
802 5204 938 5274 fuit,
1001 5209 1065 5260 ut
1124 5207 1341 5260 mortui
1386 5206 1668 5278 insepulti
1717 5211 2045 5274 manerent,

2235 3869 2403 3925 ’Όταν
2460 3865 2518 3922 δὲ
2575 3861 2772 3940 ἔκοψαν
2822 3868 2918 3929 τὰς
2969 3866 3268 3929 σκαλωσεις
3300 3869 3396 3921 τοῦ
3433 3861 3695 3939 τρουλου,
3726 3863 3823 3918 καὶ

2164 3956 2365 4027 ἤθελον
2410 3951 2768 4012 καταϐιϐάσαι
2819 3956 2886 4011 τά
2934 3956 3111 4029 ξύλα,
3161 3955 3413 4032 ἐγὲμισαν
3463 3955 3564 4022 τὴν
3613 3949 3822 4023 ἐκκλη-

2166 4047 2281 4101 σίαν
2333 4043 2480 4122 ὕδωρ
2521 4043 2627 4108 ’έως
2658 4046 2879 4122 ὀργυιὰς
2913 4044 3080 4117 ὀκτὼ,
3131 4045 3222 4100 καὶ
3255 4047 3358 4100 οὐκ
3386 4044 3721 4119 ἔσπάρασσον
3751 4043 3821 4097 τὰ

2165 4133 2412 4208 θεμέλια.
2460 4132 2763 4190 Ψεύδονται
2796 4131 2854 4189 δὲ
2903 4135 2956 4189 οἱ
2988 4132 3263 4210 λέγοντες,
3297 4133 3381 4189 ὅτι
3403 4132 3493 4188 καὶ
3527 4135 3824 4194 ἰουστῖνος

2164 4225 2192 4278 6
2241 4224 2458 4296 ἀνεψιὸς
2518 4225 2688 4279 αὐτοῦ
2732 4222 2936 4278 ἔκτισεν
2995 4223 3049 4278 ἐν
3097 4222 3254 4297 αύτῇο
3305 4228 3453 4299 τρεῖς
3507 4223 3609 4296 γάρ
3669 4219 3828 4288 εἶσιν,

2164 4313 2456 4375 Ἰουστῖνος
2489 4314 2518 4367 6
2567 4314 2728 4387 Θρᾲξ,
2788 4313 2879 4367 καὶ
2942 4313 3343 4374 Ἰουστινιανὸς
3403 4312 3430 4365 ὁ
3479 4310 3688 4378 κτίσας,
3737 4307 3830 4362 καί

2166 4407 2280 4475 μετ’
2336 4401 2497 4456 αὐτὸν
2555 4404 2849 4464 Ἰουστῖνος
2903 4402 2930 4455 6
2991 4401 3208 4475 ἀνεψιὸς
3262 4399 3450 4455 αὐτοῦ·
3503 4398 3628 4475 περὶ
3677 4397 3752 4452 ὧν
3800 4397 3829 4450 6

2163 4487 2332 4566 λόγος
2382 4487 2581 4564 διὲξῄει
2630 4489 2682 4544 ἰν
2733 4495 2850 4552 τοῖς
2889 4491 3183 4563 Χρονικοῖς
3225 4487 3590 4562 πλατύτερον,
3647 4487 3736 4542 καὶ
3800 4486 3828 4540 6

2160 4578 2547 4654 ἀναγινώσκων
2610 4579 2856 4654 εὖρήσῃ.
2933 4579 3056 4633 Ἐπῖ
3132 4579 3221 4632 οὗν
3284 4578 3672 4635 Ἰουστινιανοῦ
3726 4577 3826 4630 τοῦ

2157 4669 2440 4731 κτίσαντος
2487 4669 2550 4724 τὸ
2598 4667 2752 4744 ἔργον
2809 4668 3002 4739 αὐτοῦ,
3050 4666 3176 4723 τότε
3225 4668 3414 4743 γέγονε
3460 4665 3548 4721 καὶ
3595 4667 3632 4735 ἡ
3693 4663 3823 4718 σύν-

2159 4756 2286 4822 οδος
2344 4759 2406 4827 ε’,
2459 4760 2495 4827 ἡ
2547 4758 2686 4814 κατὰ
2727 4759 3005 4832 Σευήρου,
3057 4760 3138 4829 τῷ
3191 4754 3398 4830 δεκάτῳ
3449 4754 3612 4810 αὐτοῦ
3673 4752 3820 4809 ἔτει·

2158 4847 2346 4922 γέγονε
2389 4846 2480 4902 καὶ
2522 4846 2590 4902 τά
2637 4845 2882 4923 ὶγκαίνια
2929 4852 3028 4916 τῆς
3077 4843 3342 4920 Μεγάλης
3391 4843 3684 4915 ἐκκλησίας
3735 4847 3819 4914 τῷ

2157 4937 2238 4990 κα¹
2279 4938 2380 5004 τῆς
2432 4936 2597 4991 αὐτοῦ
2655 4935 2958 5012 βασιλείας.
3011 4934 3114 4992 Καὶ
3162 4931 3566 5004 τελευτησάσης
3609 4929 3824 4988 Θεοδώ-

2159 5045 2254 5100 ρας
2313 5027 2412 5094 τῆς
2482 5025 2646 5080 αὐτοῦ
2717 5026 2993 5102 γυναικὸς,
3053 5023 3245 5100 γέγονε
3307 5023 3375 5078 τὰ
3421 5022 3665 5097 ἐγκαίνια
3719 5025 3826 5076 τῶν

2157 5115 2360 5188 ’Ᾱγίων
2421 5114 2783 5171 Ἀποστόλων
2820 5133 2833 5146 ·
2897 5112 2976 5191 ἐφ’
3035 5113 3096 5168 οὗ
3157 5113 3441 5168 θανατικὸν
3501 5111 3718 5186 γέγονεν
3777 5109 3830 5164 ἐν

2167 5201 2777 5272 Κωνσταντινουπόλει,
2839 5203 2976 5258 ὥστε
3027 5204 3205 5274 μένειν
3261 5202 3498 5279 ἀτάφους
3542 5199 3670 5262 τοὺς
3701 5198 3834 5254 ἀπο·

389 5293 544 5359 quod
577 5268 865 5364 grabbata
890 5268 1273 5350 ecclesiarum
1304 5299 1363 5350 et
1401 5268 1616 5350 aedium
1671 5268 2055 5353 cadaveribus

2167 5293 2523 5362 θνήσκοντας,
2557 5291 2648 5347 διὰ
2677 5291 2740 5348 τὸ
2767 5268 2871 5365 .μή
2906 5268 3146 5366 ἐξαρκεῖν
3172 5291 3299 5353 τοὺς
3327 5268 3674 5366 κραϐϐάτους
3723 5291 3832 5342 τῶν

393 5379 701 5436 efferendis
734 5399 849 5438 non
882 5383 1240 5440 sufﬁcerent.
1291 5385 1438 5441 Cum
1488 5389 1688 5441 autem
1741 5386 2055 5456 imperator

2170 5379 2481 5451 ἐκκλησιῶν
2530 5381 2619 5436 καὶ
2649 5386 2759 5436 τῶν
2811 5378 2979 5436 οἷ’κων
3035 5379 3275 5457 ἆκφὲρειν
3324 5377 3546 5440 αὐτούς.
3605 5380 3714 5432 Τοῦ
3775 5373 3836 5430 δὶ

395 5467 683 5536 grabbata
710 5470 870 5526 mille
913 5472 1124 5527 confici
1185 5473 1491 5544 jussisset,
1525 5491 1659 5528 cum
1707 5491 1779 5529 ne
1803 5473 1906 5529 illa
1934 5475 2060 5545 qui-

392 5554 526 5608 dem
551 5556 694 5611 satis
724 5565 947 5628 essent,
963 5577 1174 5616 currus
1207 5577 1388 5632 quam
1406 5561 1692 5632 plurimos
1715 5563 2058 5633 etjumenta

389 5643 584 5714 parari
625 5644 837 5717 jussit,
867 5653 930 5702 ut
966 5651 1179 5704 mortui
1204 5650 1278 5705 iis
1310 5651 1680 5708 efferrentur.
1722 5651 2054 5706 Persevera-

404 5731 493 5788 vit
522 5749 694 5802 porro
725 5733 848 5790 bsic
877 5737 1228 5807 gravissima
1250 5739 1517 5811 contagio
1540 5739 1697 5796 binis
1725 5739 2052 5809 mensibus,

2173 5470 2446 5545 βασιλέως
2499 5466 2843 5547 κραϐϐάτους
2899 5471 3232 5540 ποιήσαντος
3288 5490 3371 5542 ια,
3432 5467 3549 5523 ἐπεὶ
3612 5467 3689 5540 μή
3750 5465 3836 5536 ἐξ-

2165 5563 2394 5634 ήρκουν,
2451 5561 2657 5633 ἀμάξας
2725 5559 3020 5636 προσέταξε
3100 5557 3360 5620 πλείστας
3418 5556 3836 5630 εὐτρεπισθῆναι

2164 5649 2254 5702 καὶ
2309 5645 2505 5724 ἄλογα,
2560 5649 2652 5705 καὶ
2707 5648 2835 5710 τοὺς
2891 5650 3191 5711 τεθνεῶτας
3252 5645 3304 5702 ἰν
3340 5645 3527 5706 αὐτοῖς
3557 5642 3824 5718 ἐκφέρειν·

2167 5736 2434 5814 ικράτησε
2489 5737 2547 5794 δὲ
2603 5741 2638 5809 ἡ
2686 5736 2911 5809 τοιαύτη
2970 5739 3180 5800 πτῶσις
3227 5735 3318 5791 καὶ
3365 5732 3586 5812 χαλεπὴ
3650 5738 3834 5806 μῆνας
