4142 6396
337 433 492 496 1313

1467 424 1678 487 ANON
1691 421 1832 486 ΥΜΙ
1879 421 2466 495 ANTIQUlTA'l‘ES
2512 424 2630 488 ΟΡ.

3603 432 3758 491 1314

338 563 408 640 β’,
459 557 690 618 ’Ῑούλιον
763 555 853 613 καὶ
914 553 1249 633 Αὔγουστον.
1323 551 1597 640 Μεγάλαι,
1628 549 1686 607 δὶ
1741 550 1988 628 ἐγίνοντο

2111 551 2261 609 Julio
2291 556 2350 610 et
2379 554 2659 628 Augusto.
2693 556 2839 614 Hinc
2883 574 3096 632 magna
3141 559 3403 616 tonitrua
3432 563 3492 617 et
3524 560 3758 634 fulgura

338 649 562 728 βρονταὶ
609 647 700 704 καὶ
754 645 1042 722 ἀστραπαὶ,
1097 646 1172 708 ὡς
1224 641 1355 706 τοὺς
1404 639 1651 704 πολλοὺς
1699 641 1984 711 καυθῆναι·

331 738 482 797 ἀλλὰ
534 738 622 794 καὶ
679 737 903 810 σεισμὸς
963 736 1216 811 μέγιστος
1269 734 1360 788 καὶ
1429 732 1772 807 παγκόσμιος
1809 775 1824 800 ,
1896 731 1983 785 καὶ

332 825 523 885 ἔπεσον
571 827 714 882 οἶκοι
780 826 870 880 καὶ
925 822 1213 894 ἐκκλησίαι
1271 818 1481 876 ποΛλαὶ
1539 819 1590 875 ἰν
1653 823 1989 877 Κωνσταντι-

331 915 628 984 νουπόλει,
685 915 823 970 ὥστε
876 912 1126 976 πολλοὺς
1179 910 1522 980 τελευτῆσαι·
1583 906 1732 964 ἁλλὰ
1781 906 1872 963 καὶ
1927 907 1989 962 τὸ

331 1013 522 1082 τεῖχος
577 1011 678 1076 τῆς
736 1002 976 1072 πόλεως,
1041 999 1254 1076 μᾶλλον
1306 997 1364 1054 δὲ
1391 1002 1492 1064 τῆς
1523 1004 1761 1074 Χρυσῆς.
1794 999 1992 1054 Ἔπεσε

335 1095 394 1153 δὲ
451 1095 542 1150 καὶ
597 1097 632 1164 ἡ
669 1093 854 1169 λόγχη
886 1094 947 1162 ἣν
983 1090 1193 1167 ἰκράτει
1225 1091 1253 1145 ὁ
1284 1087 1504 1164 ἀνδριὰς
1533 1089 1560 1142 ὁ
1591 1086 1759 1150 ἑστὼς
1793 1086 1868 1149 είς
1897 1087 1988 1141 τὸν

336 1187 503 1263 φόρον
532 1188 630 1240 τοῦ
676 1183 830 1259 ἁγίου
877 1178 1310 1251 Κωνσταντίνου,
1355 1179 1446 1233 καὶ
1481 1174 1762 1252 ἐπεκράτει
1817 1177 1854 1246 ἠ
1915 1181 1987 1251 γῆ

337 1275 594 1349 σειομένη
641 1271 730 1328 ἐπὶ
779 1268 946 1328 πολύ.
980 1272 1077 1327 Ἐκ
1107 1267 1166 1324 δὲ
1194 1275 1294 1339 τῆς
1325 1265 1503 1334 λύπης
1533 1268 1562 1322 ὁ
1608 1263 1865 1342 βασιλεὺς
1915 1265 1993 1329 είς

335 1366 406 1420 τὰ
447 1361 702 1427 Γενὲθλια
747 1364 845 1416 τοῦ
893 1361 1171 1434 Χριστοῦ,
1221 1357 1310 1412 καὶ
1361 1357 1438 1420 εἷς
1481 1357 1549 1411 τὰ
1599 1355 1728 1431 ἅγια
1784 1353 1990 1432 Θεοφά-

340 1474 428 1509 νια
459 1500 475 1526 ,
534 1450 654 1507 ἄνευ
705 1452 1014 1524 στὲμματος
1063 1444 1340 1522 προῆλθεν
1377 1487 1391 1515 ,
1458 1446 1546 1500 καὶ
1606 1444 1675 1499 τὸ.
1730 1443 1779 1517 ἐξ
1838 1441 1990 1505 ἔθους

335 1539 722 1620 ἆριστόδειπνα
771 1543 868 1596 τοῦ
899 1535 1327 1611 δωδεκαημέρου
1386 1534 1485 1591 οὐκ
1541 1531 1803 1589 ἕτέλεσεν·
1864 1529 1992 1587 ἀλλ’

337 1635 545 1689 ἅπαντα
594 1635 712 1694 τοῖς
770 1633 1022 1704 πτωχοῖς
1083 1625 1319 1700 διίνειμε
1354 1669 1367 1682 .
1436 1625 1547 1693 Τήν
1609 1620 1667 1678 δὲ
1718 1620 1989 1686 θάλασσάν

339 1743 495 1802 φασιν
551 1717 656 1775 ἀπὸ
712 1725 815 1788 τῆς
871 1725 975 1792 γῆς
1027 1716 1273 1792 γενέσθαι
1333 1713 1394 1769 ἐκ
1419 1717 1518 1768 τοῦ
1547 1714 1776 1802 σεισμοῦ
1834 1707 1994 1802 μίλια

337 1798 481 1880 τρία·
536 1809 628 1865 καὶ
691 1807 992 1872 ἀπολέσθαι
1041 1803 1213 1860 πλοῖα
1263 1803 1318 1858 ἰν
1359 1805 1430 1877 τῇ
1476 1805 1574 1856 τοῦ
1626 1798 1819 1862 ὕδατος
1867 1799 1991 1854 ἀνα-

343 1901 612 1978 χωρήσει.
654 1899 851 1955 Ἐπεσε
898 1893 956 1951 δὶ
996 1894 1108 2001 καὶ
1139 1891 1448 2001 όῃτροῦλος
1463 1897 1576 2000 ’τῆς
1611 1887 1874 2001 μεγάλης
1905 1887 1991 1943 ἰκο
2027 1937 2074 2001 Β

343 1977 610 2058 κλησίας,
661 1987 738 2050 ὡς
790 1985 1045 2061 ἀνωτέρω
1080 1979 1411 2054 δεδήλωται⁶
1463 1980 1522 2035 ὃν
1565 1978 1656 2034 καὶ
1703 1977 2034 2049 ἀνὲκτισεν,]

345 2080 532 2136 καὶτὰ
581 2075 802 2152 δεύτερα
853 2072 1097 2149 ἐγκαίνια
1149 2077 1252 2142 τῆς
1310 2069 1477 2135 αὐτῆς
1527 2066 1821 2137 ἐκκλησίας
1874 2087 1999 2142 φαι-

347 2166 573 2244 δρότερα
630 2166 721 2220 καὶ
779 2163 1137 2238 λαμπρότερα
1189 2159 1522 2230 πεποίηκεν.
1576 2157 1750 2219 Οὗτος
1814 2157 1995 2230 μαθὼν

345 2258 470 2331 περί
523 2276 688 2311 τινων
747 2251 1157 2330 ἆῤῥενοφθόρων
1196 2296 1210 2318 ,
1286 2247 1574 2324 ἐρευνήσας
1633 2245 1723 2301 καὶ
1773 2245 1998 2306 τούτους

346 2346 544 2422 εὑρὼν,
601 2342 731 2405 τοὺς
794 2343 887 2415 μὶν
950 2337 1385 2408 ἐκαυλοκόπησε,
1443 2342 1561 2398 τοῖς
1603 2335 1661 2391 δὲ
1715 2333 2000 2407 καλάμους

348 2435 484 2506 ὀξεῖς
523 2427 894 2506 ἐμϐάλλεσθαι
924 2429 999 2492 εἷς
1028 2427 1156 2491 τοὺς
1187 2427 1392 2504 πόρους
1439 2430 1548 2481 τῶν
1595 2422 1818 2480 αῗδοίων
1881 2422 1997 2478 ἐκέ,-

344 2523 522 2593 λευσε,
577 2523 668 2577 καὶ
725 2519 972 2596 γυμνοὺς
1029 2518 1168 2573 κατὰ
1224 2518 1324 2585 τὴν
1373 2516 1574 2591 ἀγορὰν
1637 2509 1998 2589 θριαμϐευθῆ-

340 2634 448 2669 ναι.
506 2617 782 2685 Ὑπῆρχον
840 2609 1024 2682 μέντοι
1073 2606 1133 2661 ἐκ
1163 2610 1272 2660 τῶν
1303 2603 1547 2658 πολιτῶν
1593 2602 1682 2658 καὶ
1732 2606 1839 2656 τῶν
1869 2622 1998 2676 συγ-

341 2699 624 2773 κλητικῶν
680 2697 887 2754 πολλοὶ
940 2700 1048 2752 τῶν
1102 2692 1160 2750 δὶ
1215 2691 1517 2770 ἀρχιερέων
1552 2691 1650 2746 οὐκ
1680 2690 1886 2766 ὀλίγοι·
1946 2692 1998 2745 οἱ

346 2789 708 2864 δημευθὲντες
767 2786 942 2847 οὕτως
991 2783 1380 2860 περιαγόμενοι
1438 2782 1576 2836 κατὰ
1635 2780 1734 2848 τὴν
1795 2780 1996 2855 ἀγορὰν

345 2878 584 2956 γυμνοὶ,
645 2876 877 2953 οἰκτρῶς
945 2872 1343 2942 ἐτελεύτησανο
1402 2869 1492 2925 καὶ
1549 2874 1846 2944 γενομένου
1900 2869 1998 2947 φό-

351 2965 452 3023 ϐου
511 2965 774 3042 μεγάλου,
833 2965 886 3019 οἱ
919 2961 1104 3018 Λοιποὶ
1136 2958 1633 3038 ἐσωφρονίσθησαν.
1667 2956 1998 3026 Ὀλολύζετο

351 3057 477 3134 γὰρ,
511 3057 662 3132 φησὶ,
718 3053 896 3121 πίτυς,
964 3050 1047 3106 ὅτι
1103 3051 1358 3105 πέπτωκε
1403 3045 1615 3121 κέδρος.
1677 3049 1913 3134 Ἔστησε
1943 3042 2001 3134 δὶ

348 3132 438 3202 καὶ
479 3147 572 3202 τὸν
624 3145 783 3198 κίονα
824 3142 916 3196 τὸν
971 3134 1270 3214 λεγόμενον
1323 3135 1734 3210 Δύγουστιῶνα,
1795 3132 1998 3197 ἐπιθεὶς

347 3234 528 3292 ἕπάνω
604 3228 836 3311 ἔφιππον
903 3230 1005 3298 τὴν
1064 3227 1229 3282 αὐτοῦ
1281 3223 1514 3296 στήλην,
1573 3226 1871 3299 κρατοῦσαν
1928 3225 1998 3296 τῇ

2099 641 2364 716 delapsa,
2407 660 2536 715 quas
2587 646 2802 703 multos
2852 650 3305 704 combusserunt
3336 667 3351 705 :
3385 650 3526 722 quin
3576 652 3752 707 etiam

2098 736 2265 788 terra:
2298 740 2490 790 motus
2537 735 2834 792 maximus
2857 740 2923 792 et
2993 737 3369 805 universalis,
3405 739 3486 796 ita
3534 745 3597 796 ut
3645 742 3752 797 doc

2101 837 2237 878 mus
2285 826 2342 876 et
2394 823 2651 879 ecclesiis
2710 824 2908 881 multis
2957 827 3462 900 Constantinopoli
3514 845 3752 884 corrue-

2100 915 2254 982 rent,
2287 912 2577 984 multique
2629 914 3137 986 opprimerentur;
3171 915 3291 972 imo
3339 919 3514 973 etiam
3548 935 3755 975 murus

2101 1000 2288 1071 urbis,
2347 1006 2403 1056 et
2460 1002 2712 1058 maxime
2767 1004 2840 1059 ad
2895 1006 3141 1060 Auream
3197 1009 3424 1077 portam
3478 1023 3490 1061 :
3547 1006 3751 1064 lancea

2101 1087 2264 1160 item,
2323 1105 2500 1161 quam
2565 1095 2760 1148 statua
2817 1092 2876 1147 in
2940 1093 3086 1150 Foro
3149 1095 3336 1150 sancti
3389 1095 3757 1151 Constantini

2101 1184 2293 1234 erecta
2341 1181 2631 1252 gestabat,
2665 1181 2724 1235 in
2777 1185 2998 1238 terram
3039 1183 3286 1252 decidit;
3336 1183 3558 1254 diuque
3604 1189 3760 1240 terra

2100 1269 2161 1324 in
2201 1269 2303 1326 illa
2331 1273 2726 1327 commotione
2775 1274 3014 1328 mansit.
3049 1275 3130 1329 Ex
3177 1278 3358 1330 tantas
3408 1273 3760 1330 calamitatis

2102 1374 2350 1414 maerore
2381 1357 2701 1430 imperator
2725 1360 2786 1416 in
2809 1360 3001 1418 Natali
3023 1365 3080 1417 et
3109 1362 3170 1417 in
3202 1365 3404 1419 sancta
3431 1362 3758 1436 Epiphania

2101 1446 2344 1514 Christi,
2395 1448 2523 1504 sine
2573 1465 2789 1505 corona
2839 1450 3075 1522 prodiit,
3107 1457 3165 1506 et
3211 1456 3492 1508 consueta
3534 1452 3756 1507 duode-

2102 1535 2218 1591 cim
2249 1536 2478 1592 dierum
2525 1538 2791 1593 convivia
2835 1554 2950 1594 non
3005 1538 3351 1609 celebravit;
3401 1541 3502 1596 sed
3558 1539 3759 1596 omnia

2103 1625 2464 1696 pauperibus
2494 1626 2814 1682 distribuit.
2841 1631 3090 1682 Narrant
3114 1632 3309 1684 autem
3344 1643 3504 1684 mare
3536 1645 3570 1684 a
3602 1632 3760 1684 terra

2103 1713 2295 1768 tribus
2316 1715 2668 1771 milliaribus
2688 1732 2804 1788 prae
2826 1717 3213 1771 concussione
3243 1717 3582 1784 recessisse,
3612 1721 3670 1772 et
3698 1715 3760 1772 in

2105 1819 2392 1874 aquarum
2427 1820 2663 1860 recessu
2708 1804 2952 1876 periisse
2992 1821 3190 1861 naves.
3225 1804 3475 1878 Delapsa
3505 1806 3640 1862 item
3673 1809 3764 1862 est

2102 1891 2318 1948 trullus
2366 1893 2591 1966 Magnae
2639 1894 2919 1960 ecclesia},
2954 1899 3018 1949 ut
3071 1893 3345 1967 superius
3401 1895 3758 1950 recensitum

2107 1985 2221 2050 est;
2257 1999 2433 2054 quam
2484 1982 2611 2056 ipse
2663 1982 3036 2050 restauravit,
3071 1999 3136 2038 ac
3185 1984 3446 2039 secunda
3490 1983 3762 2039 Encenia

2106 2071 2328 2127 laetiora
2373 2076 2431 2127 et
2477 2071 2880 2142 splendidiora
2928 2071 3255 2128 celebravit.
3291 2073 3344 2128 Is
3386 2089 3522 2128 cum
3572 2072 3762 2128 edidi-

2106 2161 2282 2218 cisset
2314 2162 2708 2216 masculorum
2742 2162 3149 2217 concubitores
3180 2178 3328 2229 esse,
3361 2178 3494 2218 cum
3527 2162 3762 2234 perqui-

2107 2251 2318 2307 silione
2350 2251 2503 2306 facta
2533 2251 2849 2322 reperisset
2877 2267 3002 2316 eos,
3035 2251 3168 2306 aliis
3204 2251 3438 2323 quidem
3470 2256 3763 2306 veretrum

2106 2342 2403 2413 amputari
2444 2341 2648 2410 jussit,
2681 2339 2814 2394 aliis
2866 2339 3125 2395 calamos
3157 2345 3363 2397 acutos
3394 2341 3453 2396 in
3485 2341 3764 2396 verendo-

2107 2445 2238 2486 rum
2298 2433 2528 2485 meatus
2586 2429 2774 2502 infigi,
2837 2429 3118 2501 ipsosque
3179 2430 3370 2486 nudos
3429 2429 3488 2484 in
3551 2430 3763 2485 Forum

2108 2519 2278 2592 quasi
2344 2519 2414 2574 ad
2474 2517 2844 2589 triumphum
2907 2518 3120 2574 adduci
3178 2518 3382 2590 jussit.
3443 2519 3600 2574 Inter
3663 2535 3763 2575 eos

2107 2611 2276 2663 erant
2304 2607 2460 2663 cives
2489 2611 2545 2662 et
2587 2607 2867 2663 senatorii
2899 2607 3007 2662 viri
3052 2607 3246 2676 multi,
3278 2624 3385 2663 nec
3415 2608 3586 2680 pauci
3618 2625 3764 2679 prae-
3795 2640 3800 2644 -

2108 2697 2302 2764 sules;
2335 2696 2435 2768 qui
2486 2697 2568 2752 ita
2615 2695 2850 2768 publice
2876 2695 3264 2752 circumducti
3315 2697 3373 2752 in
3423 2697 3566 2752 Foro
3618 2695 3766 2752 nudi

2109 2785 2324 2841 misere
2384 2785 2758 2841 interierunt.
2819 2785 2966 2841 Hinc
3027 2786 3268 2841 incusso
3332 2790 3490 2841 metu
3548 2784 3767 2852 valido,

2109 2873 2303 2930 caeteri
2347 2876 2721 2944 resipuerunt
2749 2892 2762 2930 :
2797 2874 2942 2929 Nam
2996 2873 3286 2944 ululabat,
3320 2874 3538 2946 inquit,
3567 2874 3764 2946 pinus,

2109 2963 2251 3036 quia
2317 2962 2528 3018 cecidit
2584 2963 2816 3019 cedrus.
2877 2963 3073 3018 Erexit
3137 2968 3332 3019 autem
3402 2962 3775 3030 columnam,

2110 3068 2286 3124 quam
2345 3057 2556 3106 vocant
2607 3051 3064 3122 Augustionem,
3111 3055 3205 3108 cui
3254 3059 3590 3124 equestrem
3640 3062 3762 3108 sla-

2109 3145 2269 3196 tuam
2322 3155 2492 3195 suam
2549 3139 2880 3211 imposuit:
2915 3155 3039 3212 quae
3087 3141 3332 3196 sinistra
3378 3141 3615 3213 quidem
3665 3157 3764 3196 ro-

2107 3229 2362 3283 tundum
2409 3243 2650 3299 pomum
2683 3231 2862 3296 tenet,
2897 3245 3010 3300 quo
3041 3227 3336 3284 indicatur
3366 3230 3524 3286 orbis
3572 3229 3763 3302 impe-

353 3326 447 3401 μὶν
496 3307 751 3400 ἀριστερᾷ
800 3323 948 3396 χειρὶ
1002 3315 1182 3390 μῆλον
1231 3311 1588 3401 σφαιροειδὶς,
1647 3314 1722 3401 ως
1769 3318 1872 3381 τῆς
1899 3319 2000 3388 γῆς

2111 3317 2262 3372 rium
2314 3331 2494 3388 penes
2542 3317 2740 3388 ipsum
2789 3331 2966 3372 esse:
3001 3317 3301 3372 dexteram
3344 3333 3479 3372 vero
3523 3323 3761 3389 proten-

346 3399 562 3485 ἀπάσης
611 3411 775 3466 αὐτοῦ
822 3407 1239 3486 κυριεύσαντοςο
1297 3405 1397 3472 τὴν
1441 3400 1614 3473 δεξιὰν
1674 3399 1752 3470 δὶ,
1815 3402 2000 3456 ἀνατε-

345 3502 585 3578 ταμένην
637 3495 898 3575 ἔχουσαν,
943 3495 1034 3552 καὶ
1085 3492 1566 3578 διακελευομένην,
1627 3498 1801 3561 Στῆτε
1841 3491 2000 3578 [Πέρ-

349 3577 482 3666 σαι],
532 3589 622 3646 καὶ
671 3595 770 3659 τῆς
819 3585 1102 3660 Ῥωμαίων
1153 3590 1258 3659 γῆς
1298 3583 1374 3656 μή
1408 3577 1656 3650 ἐπιϐῆτε.
1689 3577 2002 3636 Ἀπέστειλε

350 3676 409 3736 δὲ
451 3679 541 3734 καὶ
591 3675 911 3751 Βελισάριον
973 3673 1274 3748 στρατηγὸν
1331 3672 1466 3744 μετᾶ
1507 3668 1760 3740 πλήθους
1808 3669 2004 3744 ἀναρι-

351 3771 587 3843 θμήτου,
633 3766 722 3821 καὶ
753 3763 988 3830 πλοίων,
1037 3761 1129 3815 καὶ
1178 3764 1388 3835 χρυσοῦ
1444 3756 1662 3813 πολλοῦ
1691 3755 2001 3812 καταπολε-

356 3861 522 3934 μῆσαι
581 3853 925 3914 Ούανδάλους
972 3851 1063 3906 καὶ
1116 3850 1382 3928 ’Λφρικήν
1443 3848 1779 3922 ἐκπορθῆσαι
1814 3891 1825 3903 .
1905 3849 2000 3908 Ὃς

353 3947 613 4023 ἀγχινοίᾳ
658 3945 749 3999 καὶ
795 3943 1052 4018 φρονήσει
1103 3939 1277 3994 πάντα
1327 3936 1685 4009 ληϊσάμενος,
1719 3937 1999 4023 ,ἀνήγαγεν

355 4037 407 4092 ἒν
457 4022 528 4102 τῆ
578 4031 743 4090 πόλει
787 4032 838 4087 ὲν
893 4029 1169 4103 συντόμῳ,
1207 4027 1340 4100 μετᾶ
1365 4025 1609 4082 πλούτου
1640 4022 1878 4094 πολλοῦ,
1910 4024 2003 4079 καὶ

345 4118 732 4201 ἐθριάμϐευσεν
793 4121 845 4176 ἐν
903 4123 982 4191 τῷ
1040 4120 1310 4189 Ἱππικῷ,
1374 4115 1603 4170 ὑπατίαν
1654 4115 1888 4201 ποιήσας
1945 4111 1996 4167 ἐν

346 4199 416 4289 τῇ
464 4212 645 4268 πόλιν
707 4210 845 4265 ὣστε
899 4206 1279 4268 ἰουστινιανὸς
1331 4204 1408 4266 είς
1460 4204 1554 4277 μὲν
1607 4202 1670 4257 τὸ
1725 4199 1778 4257 ἓν
1841 4201 2004 4278 μέρος

346 4308 445 4360 τοῦ
497 4300 838 4376 νομίσματος
890 4297 1075 4352 ἱαυτὸν
1139 4293 1400 4372 ἰχάραξε,
1459 4291 1534 4354 είς
1593 4289 1650 4346 δὶ
1707 4291 1769 4345 τὸ
1823 4289 2008 4366 ἓτερον

350 4390 672 4464 Βελισάριον
736 4386 1010 4456 ἔνοπλον,
1068 4384 1160 4440 καὶ
1217 4383 1526 4457 ἐπέγραψεο
1590 4378 1913 4454 Βελισάριος
1967 4381 2003 4448 ἢ

353 4480 480 4552 δόξα
533 4483 644 4534 τῶν
700 4474 1004 4550 Ῥωμαίων.
1063 4471 1224 4530 Ἀλλ’
1255 4473 1344 4525 οἷα
1397 4471 1425 4524 ὁ
1475 4467 1672 4547 φθόνος
1703 4467 1753 4522 ἐν
1791 4465 2007 4542 μεγάλη

353 4566 675 4642 εὐδαιμονίᾳ
703 4563 860 4621 εἴωθε
913 4566 1118 4630 ποιεῖν,
1179 4554 1343 4614 ὥδινε
1397 4557 1489 4613 καὶ
1547 4556 1600 4617 ἐς
1657 4554 2004 4631 Βελισάριον.

2111 3406 2286 3462 debat
2332 3406 2604 3478 jubentis
2653 3422 2834 3472 more,
2885 3423 2951 3462 ac
2999 3407 3294 3464 dicentis:
3334 3412 3492 3464 State
3527 3407 3760 3481 [Persae]

2109 3499 2166 3551 et
2216 3495 2275 3550 in
2328 3495 2726 3550 Romanorum
2773 3499 2991 3550 terram
3044 3511 3116 3550 ne
3164 3495 3616 3567 impressionem
3674 3497 3762 3550 fa-

2110 3584 2299 3640 ciatis.
2335 3583 2494 3638 Misit
2544 3599 2715 3654 porro
2767 3583 3116 3639 Belisarium
3168 3586 3377 3640 ducem
3427 3601 3558 3640 cum
3591 3585 3765 3640 innu-

2113 3673 2292 3728 meris
2359 3673 2583 3745 copiis,
2649 3673 2900 3729 navibus
2956 3681 3012 3729 et
3068 3674 3318 3746 pecunia
3385 3673 3605 3744 multa,
3665 3673 3768 3746 qui

2111 3761 2406 3816 Vandalos
2455 3761 2796 3831 debellaret,
2855 3767 2914 3818 et
2961 3763 3208 3818 Africam
3257 3765 3610 3820 devastaret.
3659 3762 3769 3828 Qui

2113 3851 2434 3922 prudenter
2474 3854 2532 3905 et
2571 3851 2865 3922 sagaciter
2911 3851 3110 3906 omnia
3157 3853 3549 3923 depraedatus,
3581 3853 3770 3924 spolia

2112 3939 2274 3994 brevi
2321 3939 2382 3993 in
2431 3941 2639 3995 urbem
2699 3939 2942 3995 deduxit
2999 3957 3134 3996 cum
3183 3941 3405 3996 divitiis
3459 3941 3664 3996 multis
3713 3945 3773 3997 et

2110 4027 2504 4098 triumphavit
2523 4027 2584 4082 in
2607 4029 3026 4099 Hippudromo,
3053 4029 3432 4085 consulatum
3464 4045 3674 4099 gerens
3707 4029 3768 4084 in

2115 4117 2290 4184 urbe;
2342 4115 2420 4171 ita
2479 4121 2546 4170 ut
2601 4116 2976 4172 Justinianus
3033 4117 3096 4172 in
3155 4117 3336 4174 altera
3393 4119 3773 4175 numismatis

2115 4210 2281 4277 parte
2323 4205 2588 4276 seipsum
2639 4211 3106 4276 repraesentaret,
3141 4206 3198 4261 in
3248 4207 3429 4262 altera
3460 4224 3594 4263 vero
3623 4205 3773 4263 Beli-

2114 4294 2338 4350 sarium
2372 4299 2690 4362 armatum,
2725 4310 2860 4350 cum
2897 4294 3003 4350 hac
3032 4295 3438 4368 inscriptione,
3466 4297 3776 4352 Belisarius

2114 4385 2296 4452 gloria
2362 4385 2760 4439 Romanorum.
2818 4384 3126 4441 Enimvero
3193 4385 3444 4452 invidia,
3505 4391 3570 4442 ut
3627 4386 3778 4442 solet

2114 4471 2293 4526 rebus
2345 4471 2738 4543 prosperrime
2790 4473 3248 4530 succedentibus
3295 4474 3588 4540 insidiari,
3621 4475 3772 4530 Beli-

2116 4560 2339 4616 sarium
2375 4577 2610 4632 quoque
2640 4561 2724 4617 ita
2752 4562 2963 4618 adorta
2993 4567 3102 4618 est.
3137 4563 3282 4618 Nam
3317 4564 3634 4620 calumniis
3666 4565 3776 4618 im-

355 4654 683 4728 Διαϐληθεὶς
736 4653 862 4730 γὰρ,
907 4651 1134 4750 μετέστη
1165 4656 1266 4750 τῆς
1296 4647 1529 4750 Δάρχῆς,
1585 4645 1676 4750 καί
1735 4643 2000 4750 Σαλομῶν

2117 4650 2339 4720 petitus
2389 4665 2422 4704 a
2472 4651 2818 4721 praefectura
2861 4656 3193 4706 summotus
3240 4657 3364 4721 est;
3419 4653 3479 4707 in
3532 4655 3780 4723 ejusque

357 4748 469 4804 ἀντ’
528 4744 694 4801 αὐτοῦ
751 4739 1057 4818 στρατηγός
1113 4737 1362 4814 ὲπὲμφθη
1389 4778 1403 4805 ,
1480 4735 1540 4797 ’ὸς
1609 4735 1678 4789 τὰ
1733 4732 2000 4797 κτισθέντα

2121 4737 2315 4793 locum
2353 4737 2628 4794 Salomon
2658 4740 2776 4794 dux
2805 4741 3096 4795 exercitus
3123 4741 3346 4796 missus
3374 4746 3483 4808 est,
3511 4741 3610 4812 qui
3643 4757 3779 4796 cum

358 4833 660 4910 Βελισαρίῳ
728 4832 960 4907 φυλάξαι
1019 4829 1097 4903 μὴ
1157 4825 1430 4899 δυνηθεὶς,
1487 4827 1607 4886 τοῖς
1666 4819 2010 4884 Οὐανδάλοις

357 4927 572 4981 πάντων
604 4921 1029 4996 παρεχώρησεν.

2125 4843 2242 4883 non
2292 4826 2515 4883 valeret
2562 4844 2651 4890 ea,
2684 4845 2816 4900 quae
2863 4828 3182 4885 Belisarius
3229 4835 3554 4900 paraverat,
3605 4829 3780 4898 tueri,

2127 4915 2330 4972 omnia
2356 4916 2640 4972 Vandalis
2669 4917 2979 4973 concessit.

359 5052 434 5108 De
457 5049 776 5124 prodigiosa
804 5061 959 5102 cane.
996 5045 1218 5124 Pan-tem
1245 5040 1543 5124 Sangaris,
1560 5053 1774 5124 necnon
1804 5037 2014 5124 multo:
2042 5041 2298 5096 ecclesias
2327 5057 2405 5124 ac
2427 5041 2596 5124 urbes.
2614 5043 2964 5124 Iustiniano;
2993 5044 3251 5100 exstruit.
3283 5045 3360 5100 De
3388 5045 3461 5099 iis
3489 5045 3786 5116 Procopius

1100 5115 1241 5170 libro
1269 5110 1481 5171 octavo.
1512 5111 1866 5168 Justiniauus
1895 5110 2117 5168 alienus
2145 5129 2179 5167 a
2206 5129 2336 5168 vero
2363 5114 2463 5168 Dei
2490 5113 2760 5184 religione
2785 5116 3044 5170 moritur.

428 5229 530 5284 Ἦν
565 5224 623 5282 δά
676 5245 760 5288 τις
809 5219 1048 5299 χαλκεὺς
1096 5217 1149 5274 ἐν
1196 5221 1275 5290 τῷ
1302 5221 1479 5292 καιρῷ
1511 5215 1703 5288 ἐκείνῳ
1762 5211 2015 5291 Ἀνδρέας

357 5316 622 5389 τοῦνομα,
656 5310 800 5391 ἔχων
853 5311 968 5386 μετ’
1023 5307 1188 5364 αὐτοῦ
1233 5305 1370 5361 κύνα
1413 5306 1596 5380 ξανθὸν
1644 5303 1733 5360 καὶ
1789 5303 2018 5383 τυφλὸν,

362 5406 422 5468 ὃς
475 5404 645 5459 ἐποίει
687 5403 904 5480 τέρατα.
955 5396 1308 5475 Παρεστῶτος
1355 5397 1457 5472 γὰρ
1506 5395 1654 5466 αύτῷ
1697 5391 1901 5469 ὄχλου,
1961 5391 2018 5449 ἓν

363 5516 424 5550 τε
478 5500 596 5556 τοῖς
655 5488 1072 5568 Ἀρτοπωλίοις,
1129 5485 1219 5541 καὶ
1278 5483 1330 5537 ἰν
1384 5484 1465 5555 τῷ
1525 5483 1712 5559 Φόρῳ,
1763 5483 2021 5537 καὶκατὰ

366 5585 546 5654 πάσης
605 5583 704 5646 τῆς
749 5577 991 5648 πόλεως,
1045 5577 1224 5653 λάθρα
1251 5576 1352 5628 τοῦ
1401 5572 1561 5637 κυνὸς
1607 5572 1899 5646 ἱκομίζετο
1953 5572 2022 5627 τὰ

367 5677 478 5729 τῶν
528 5669 776 5726 ἑστώτων
838 5664 1180 5736 δακτυλίδια,
1235 5667 1416 5741 χρυσᾶ
1441 5683 1500 5719 τε
1527 5661 1616 5717 καὶ
1649 5663 1882 5738 ἀργυρᾶ,
1930 5661 2021 5717 καὶ

371 5759 580 5840 χαλκᾶ,
626 5759 717 5815 καὶ
767 5757 928 5815 ἐτίθει
983 5757 1059 5822 είς
1110 5757 1173 5813 τὸ
1222 5749 1440 5832 ἔδαφος,
1489 5753 1832 5831 περισκὲπων
1885 5752 2023 5810 αὐτὰ

2196 5220 2332 5276 Erat
2360 5236 2532 5292 porro
2585 5219 2687 5276 illo
2719 5224 2984 5293 tempore
3032 5223 3195 5278 faber
3239 5222 3490 5279 solarius
3539 5222 3783 5295 quidam

2129 5308 2370 5364 nomine
2413 5309 2696 5365 Andreas.
2732 5310 2786 5366 ls
2819 5311 3072 5367 habebat
3100 5327 3301 5367 canem
3355 5312 3550 5367 rufum
3583 5328 3648 5367 ac
3679 5329 3786 5368 caa-

2130 5413 2264 5452 cum
2319 5397 2419 5469 qui
2477 5398 2746 5471 prodigia
2800 5400 3032 5456 edebat.
3083 5400 3229 5456 Nam
3281 5405 3565 5473 praesente
3613 5402 3792 5456 turba

2130 5485 2188 5541 in
2223 5485 2538 5558 Artopoliis
2570 5491 2628 5542 et
2666 5488 2726 5542 in
2765 5489 2936 5560 Foro,
2967 5504 3101 5544 cum
3151 5488 3303 5544 clam
3350 5489 3463 5546 isto
3511 5505 3655 5544 cane
3686 5489 3787 5544 ad-

2132 5576 2420 5632 stantium
2467 5576 2672 5632 annuli
2720 5578 2904 5649 aurei,
2940 5577 3222 5650 argentei,
3257 5577 3401 5633 aenei
3450 5594 3554 5649 per
3605 5581 3790 5634 totam

2131 5665 2340 5721 urbem
2371 5665 2761 5736 deferrentur,
2792 5671 2848 5723 et
2877 5685 2911 5724 a
2941 5667 3182 5723 domino
3223 5683 3331 5724 suo
3365 5667 3426 5723 in
3457 5665 3584 5722 solo
3612 5666 3790 5738 positi

2133 5755 2369 5827 pulvere
2407 5756 2797 5830 operirentur,
2829 5761 2958 5814 tum
3005 5757 3255 5830 jubente
3302 5756 3404 5814 illo
3451 5755 3614 5814 canis
3662 5754 3788 5811 sin-
