4142 6392
397 415 554 474 1315

1359 407 1766 469 APPENDIX
1809 408 1912 465 AD
1957 405 2423 469 MlCHAELEM
2463 407 2858 471 PSELLUM.

3654 425 3812 484 1316

390 546 546 617 gulis
595 558 772 600 suum
822 541 1169 598 restituebat
1210 558 1224 596 :
1267 539 1544 596 similiter
1592 537 1884 593 variorum
1934 537 2026 592 imi

2160 537 2406 624 χώμασι,
2456 538 2546 592 καὶ
2605 537 2862 614 ἐπέτρεπε
2898 545 2977 613 τῷ
3023 544 3165 617 vovi,
3204 545 3295 600 καὶ
3355 545 3529 624 ἔλεγε,
3561 552 3652 607 καὶ
3701 552 3811 610 ἰδι-

389 641 726 706 peratorum
776 632 1136 686 nomismata
1185 630 1482 701 permista,
1535 627 1908 696 nominatim,
1945 627 2044 681 de-

391 723 759 779 monstrabat
791 740 803 777 :
840 719 1165 791 quinetiam
1207 717 1265 772 in
1314 717 1489 772 turba
1537 716 1860 772 astantium
1893 715 2042 770 viro-

389 830 520 869 rum
553 817 608 867 et
638 811 976 874 mulierum,
1006 807 1355 877 designabat
1382 822 1480 861 eas
1512 822 1643 876 quae
1675 810 2042 876 praegnantes

387 906 605 968 essent,
665 899 1026 966 meretrices,
1085 895 1368 961 mmcbos,
1421 899 1728 960 cornutos;
1782 895 2041 964 itemque

387 986 800 1044 misericordes
858 988 916 1039 et
972 982 1283 1051 sordidos;
1345 981 1544 1036 omnia
1609 998 1741 1035 cum
1800 979 2041 1035 veritate

384 1077 703 1134 indicabat.
739 1077 926 1139 Quare
955 1072 1232 1127 dicebant
1285 1070 1452 1125 illum
1501 1070 1778 1140 spiritum
1826 1068 2038 1140 Pytho-

386 1169 479 1223 nis
508 1167 744 1222 babere.
779 1165 908 1235 Ipse
935 1165 1129 1218 autem
1158 1160 1475 1231 imperator
1505 1158 1724 1214 multas
1755 1158 2040 1214 exstruxit

385 1255 686 1324 ecclesias,
745 1254 944 1316 urbes,
996 1266 1218 1306 necnon
1281 1257 1513 1320 pontem
1564 1248 1865 1319 Sangaris.
1901 1250 2038 1312 Quae

384 1344 586 1402 omnia
617 1343 934 1413 Procopius
984 1338 1302 1394 historicus
1345 1341 1548 1392 octavo
1596 1335 1744 1391 libro
1776 1336 2036 1408 descrip-

385 1435 482 1490 sit.
517 1433 637 1488 Sub
671 1432 844 1485 llnem
880 1432 1074 1484 autem
1105 1427 1234 1480 vitae
1260 1443 1379 1482 suae
1411 1425 1730 1496 imperator
1756 1424 2038 1479 Justinia-

384 1539 522 1589 nus,
555 1521 801 1576 excitato
845 1515 1245 1588 corruptibilis
1292 1519 1349 1570 et
1395 1513 1864 1586 incorruptibilis
1893 1514 2037 1585 dog-

385 1618 561 1678 mate,
618 1627 650 1664 a
704 1625 840 1664 vera
895 1607 997 1662 Dei
1053 1604 1334 1676 religione
1393 1603 1622 1658 alienus
1677 1602 1843 1670 obiit,
1897 1619 2035 1658 cum

381 1701 684 1758 Justinum
735 1697 954 1754 sororis
998 1694 1212 1762 ﬁlium,
1242 1697 1385 1748 tunc
1415 1691 1816 1764 europalatem
1849 1691 2035 1764 impe-

383 1796 634 1846 ratorem
670 1787 1058 1858 designasset.

2157 622 2254 680 δου
2305 627 2467 689 αὐτὸς
2525 627 2733 700 ἑκάστῳ
2779 631 2842 686 τὸ
2892 629 3051 690 ἷίδιον.
3105 634 3346 707 Ὁμοίως
3392 622 3480 693 καὶ
3535 638 3809 720 διαφόρων

2159 715 2426 788 βασιλέων
2516 716 2831 791 νομίσματα
2931 723 3233 796 μιγνύμενα
3338 725 3596 784 ἀπεδίδου
3637 715 3648 720 ’
3694 715 3810 789 κατ’

2153 799 2330 876 ὄνομα
2363 824 2375 837 ·
2427 805 2573 862 ἀλλὰ
2629 809 2720 862 καὶ
2767 814 2879 864 τῶν
2935 814 3295 886 παρεστώτων
3347 814 3556 891 ἀνδρῶν
3610 841 3668 875 τε
3719 824 3810 879 καὶ

2149 899 2440 968 γυναικῶν,
2506 893 2815 953 ὑπεδείκνυε
2881 900 2976 962 τὰς
3041 900 3092 955 ἐν
3159 905 3354 979 γαστρὶ
3419 905 3670 983 ἐχούσας,
3721 913 3811 967 καὶ

2149 982 2376 1056 πόρνας,
2409 983 2498 1039 καὶ
2553 985 2808 1061 μοιχοὺς,
2851 988 2941 1042 καὶ
2985 989 3112 1052 τοὺς
3160 982 3482 1067 κερατάδας,
3511 997 3600 1051 καὶ
3649 998 3810 1072 ἐλεή-

2153 1093 2322 1144 μονας
2373 1073 2461 1127 καὶ
2532 1075 2778 1148 κνιποῦς,
2829 1077 3004 1133 πάντα
3076 1082 3212 1152 μετὰ
3271 1080 3531 1155 ἀληθείας
3599 1086 3809 1144 ἐπεδεί-

2148 1181 2301 1250 κνυεν
2338 1181 2350 1194 ’
2404 1162 2522 1218 ὅθεν
2569 1159 2761 1239 ἔλεγον
2825 1172 3040 1241 πνεῦμα
3116 1172 3375 1237 Πυθῶνος
3431 1171 3602 1250 ἔχειν.
3650 1180 3712 1236 Ὀ
3763 1177 3808 1234 δ’

2148 1249 2311 1314 αὐτὸς
2363 1252 2614 1327 βασιλεὺς
2660 1254 2971 1327 πάμπολλα
3052 1259 3324 1332 κτίσματα
3397 1249 3648 1334 ἐποίησεν
3719 1267 3804 1322 ἐκ·

2145 1337 2394 1432 κλητιῶν
2442 1361 2500 1396 τε
2547 1344 2634 1396 καὶ
2686 1341 2929 1415 πόλεων,
2970 1347 3060 1401 καὶ
3107 1349 3210 1416 τὴν
3254 1353 3493 1428 γέφυραν
3523 1358 3620 1408 τοῦ
3667 1362 3808 1432 Σαγ-

2145 1429 2316 1505 γάρου
2354 1449 2366 1464 ο
2417 1434 2550 1508 ἅπερ
2600 1434 2912 1504 Προκόπιος
2973 1437 3247 1513 ἱστορικὸς
3301 1441 3355 1496 ἐν
3411 1445 3464 1511 η’
3522 1441 3671 1521 λόγῳ
3719 1429 3809 1501 ἂν-

2147 1521 2438 1594 εγράψατο.
2473 1521 2568 1586 Et;
2626 1521 2684 1578 δὶ
2729 1525 2797 1579 τὰ
2841 1523 2978 1596 τέλη
3021 1527 3186 1582 αὐτοῦ
3235 1531 3263 1585 ὁ
3305 1531 3564 1606 βασιλεὺς
3592 1535 3810 1592 Ἰουστι-

2362 1609 2425 1664 τὸ
2456 1613 2580 1687 περὶ
2613 1615 2852 1699 φθαρτοῦ
2881 1616 2972 1670 καὶ
3002 1615 3276 1693 ἀφθάρτου
3319 1624 3547 1692 κινήσας
3604 1621 3804 1699 δόγμα,

2144 1696 2441 1772 ἀλλότριος
2465 1707 2565 1770 τῆς
2607 1698 2880 1765 εὐσεϐείας
2929 1710 3063 1760 Θεοῦ
3111 1705 3451 1781 ἐτελεύτησε,
3493 1696 3811 1786 προϐαλλό-

2149 1807 2311 1858 μενος
2343 1789 2635 1845 Ἰουστῖνον
2664 1791 2757 1846 τὶν
2791 1791 3009 1868 ἀνεψιὸν
3042 1793 3208 1851 αὐτοῦ
3239 1797 3316 1860 εἷς
3360 1798 3586 1874 βασιλέα
3613 1823 3808 1879 κουρο-

2144 1875 2394 1948 παλάτην
2427 1877 2551 1933 τότε
2583 1875 2730 1938 ὄντα.

380 2035 3798 2072 ἡ

631 2218 754 2382 Τ
760 2211 1709 2380 ESTAMEN
1719 2211 2144 2378 TUM
2281 2214 3439 2390 SALOMONIS
3487 2210 3543 2259 ’”

933 2513 1124 2587 (Ferd.
1157 2511 1308 2569 Flor.
1343 2509 1632 2580 Fleckius,
1667 2511 1940 2568 Anecdota
1974 2527 2150 2579 sacra,
2185 2512 2393 2585 Lipsiae
2425 2516 2586 2587 1837,
2618 2531 2688 2572 ex
2717 2518 2846 2573 cod.
2881 2534 2994 2574 ms.
3030 2519 3239 2594 Paris.)

374 2849 781 2905 Testamentum
819 2847 1129 2903 Salomonis
1171 2846 1281 2916 ﬁlii
1322 2843 1517 2910 David,
1548 2845 1646 2915 qui
1675 2843 1931 2914 regnavit
1967 2845 2026 2898 in

2151 2843 2376 2913 διαθήκη
2439 2842 2808 2918 Σολομῶντος
2878 2845 2997 2901 υἱοῦ
3071 2846 3265 2919 Ααυῒδ,
3321 2851 3380 2912 ’ὸς
3446 2846 3789 2908 ἇόασίλευσεν

439 2940 768 3002 Jerusalem,
793 2941 842 2992 et
871 2936 1077 2992 ditiom'
1099 2952 1210 2990 suae
1240 2939 1290 2990 et
1325 2935 1555 3005 imperio
1585 2933 1815 3001 subiecit
1843 2948 2033 2988 omnes

438 3031 659 3096 aerios,
727 3031 973 3082 terrenos
1037 3029 1091 3080 et
1152 3025 1540 3080 subterraneos
1599 3024 1871 3093 spiritus,
1932 3038 2032 3093 per

440 3134 571 3190 quos
601 3121 653 3172 et
681 3117 871 3172 omnia
907 3131 1078 3186 opera
1122 3113 1311 3185 templi
1351 3111 1833 3182 supereminentia
1860 3112 2029 3182 fecit;

437 3222 564 3279 quae
590 3209 879 3278 potestates
929 3220 1122 3260 eorum
1154 3204 1215 3258 in
1244 3203 1512 3268 homines,
1543 3204 1596 3255 et
1647 3216 1882 3271 quorum
1927 3217 2027 3255 an-

438 3293 688 3366 gelorum
715 3311 812 3366 ape
860 3295 970 3366 ipsi
1018 3293 1294 3350 daemones
1343 3293 1661 3362 impotentes
1717 3289 2029 3345 redduntur

438 3387 792 3458 patefaciens.

871 3475 1149 3545 Sapientis
1185 3473 1449 3528 Salomon
1459 3473 1525 3526 is.

442 3565 794 3622 Benedictus
843 3581 926 3634 es,
964 3562 1205 3618 Domine
1255 3563 1431 3627 Deus,
1463 3559 1562 3631 qui
1595 3558 1808 3614 dedisti
1859 3557 2028 3613 Salo-

373 3656 531 3712 moni
579 3655 754 3710 talem
806 3653 1130 3726 potentiam
1173 3667 1185 3705 :
1231 3650 1337 3706 tibi
1391 3649 1579 3722 gloria
1626 3652 1684 3704 et
1731 3647 1915 3703 virtus
1965 3649 2024 3704 in

372 3745 606 3801 saecula.
641 3747 846 3799 Amen.

441 3835 506 3890 Et
538 3850 671 3890 ecce
703 3834 843 3888 dum
895 3831 1284 3886 aedificaretur
1326 3828 1610 3900 templum
1645 3826 1810 3883 urbis
1853 3827 2022 3883 Jeru-

366 3923 570 3989 salem,
633 3927 690 3978 et
754 3922 1086 3977 laborarent
1144 3918 1417 3991 operarii,
1480 3917 1636 3972 inter
1700 3933 1800 3973 eos
1864 3916 2022 3972 venit

365 4013 575 4069 Ornias
605 4013 832 4067 daemon
875 4009 947 4065 ab
995 4009 1314 4078 occidente,
1348 4011 1404 4061 et
1450 4005 1675 4077 accepit
1704 4005 2018 4062 dimidium

364 4102 652 4158 mercedis
684 4097 1125 4172 protomagistri
1166 4095 1586 4153 adolescentuli
1617 4099 1675 4150 et
1705 4095 2019 4150 dimidium

2215 2930 2267 2984 ἄν
2295 2929 2678 3006 Ἰερουσαλὴμ,
2709 2934 2800 2989 καὶ
2831 2933 3125 3012 ἐκράτησεν
3179 2939 3269 2993 καὶ
3323 2940 3543 3011 ὑπέταξε
3579 2942 3796 2998 πάντων

2214 3020 2434 3091 ἀερίων,
2469 3020 2724 3096 ἐπιγείων
2774 3024 2863 3078 καὶ
2907 3025 3288 3100 καταχθονίων
3319 3030 3641 3101 πνευμάτων
3677 3049 3690 3062 ·
3727 3027 3798 3086 δι’

2212 3111 2283 3163 ὧν
2345 3109 2435 3164 καὶ
2486 3111 2661 3165 πάντα
2702 3112 2769 3166 τὰ
2809 3108 2938 3186 ἔργα
2987 3119 3082 3168 τοῦ
3123 3120 3255 3171 ναοῦ
3284 3117 3352 3172 τὰ
3384 3113 3798 3192 ὑπερϐάλλοντα

2210 3199 2505 3271 πεποίηκεν
2538 3218 2551 3232 ⁸
2579 3201 2670 3255 καὶ
2699 3201 2839 3263 τίνες
2868 3204 2923 3256 αἱ
2947 3202 3179 3276 ἐξουσίαι
3213 3205 3390 3260 αὐτῶν
3423 3209 3560 3263 κατὰ
3585 3209 3796 3284 ἀνθρώ-

2209 3311 2326 3342 πων
2363 3308 2374 3321 ·
2408 3289 2498 3345 καὶ
2549 3291 2696 3366 παρᾶ
2743 3290 2914 3346 ποίων
2959 3292 3203 3369 ἀγγέλων
3247 3295 3397 3350 οὗτοι
3447 3299 3499 3352 οἱ
3545 3295 3795 3372 δαίμονες

2209 3383 2628 3454 καταργοῦνται.

2597 3472 2708 3525 Τοῦ
2738 3473 2908 3546 σοφοῦ
2935 3469 3325 3543 Σολομῶντος.

2211 3556 2532 3631 Εὐλογητὸς
2567 3558 2634 3628 εἴ,
2669 3558 2832 3634 Κύριε
2864 3559 2891 3614 ὁ
2924 3560 3074 3630 Θεὸς,
3107 3561 3135 3614 ὁ
3168 3559 3294 3624 δοὺς
3344 3567 3422 3637 τῷ
3465 3561 3795 3639 Σολομῶντι

2135 3645 2394 3715 τοιαύτην
2446 3644 2684 3715 ἐξουσίαν
2721 3665 2734 3678 ⁶
2797 3648 2879 3702 σοὶ
2943 3645 3069 3720 δόξα
3122 3648 3215 3705 καῖ
3261 3651 3459 3726 κράτος
3529 3654 3605 3716 είς
3663 3657 3792 3718 τοὺς

2135 3733 2352 3798 αἰῶνας.
2390 3735 2443 3792 Ἀ
2455 3734 2587 3808 μήν.

2206 3823 2308 3880 Καὶ
2368 3821 2486 3879 ἰδοῦ
2545 3823 3018 3900 οἷ’κονομουμένου
3073 3832 3171 3883 τοῦ
3217 3834 3344 3885 ναοῦ
3391 3829 3608 3897 πόλεως
3631 3835 3794 3910 Ἰερο-⁵

2133 3911 2419 3986 σολύμων,
2451 3915 2541 3968 καὶ
2573 3913 2948 3990 ἐργαζομένων
3008 3921 3117 3972 τῶν
3168 3926 3434 3994 τεχνιτῶν
3482 3921 3534 3978 ἐν
3583 3923 3789 3998 αὐτοῖς,

2133 4000 2349 4077 ἔρχεται
2392 4004 2420 4057 ὁ
2473 4004 2690 4078 Ὀρνίας
2736 4006 2798 4060 τὸ
2844 4002 3127 4080 δαιμόνιον
3171 4009 3306 4064 κατὰ
3334 4013 3429 4066 τὰς
3480 4011 3646 4081 ἡλίου
3704 4011 3790 4069 δε-

2131 4093 2271 4163 σμὰς
2322 4089 2549 4164 (δυσμάς
2597 4095 2645 4166 ?)
2695 4096 2782 4149 καὶ
2844 4090 3114 4169 ἐλάμϐανε
3152 4099 3214 4153 τὸ
3245 4100 3420 4172 ἥμισυ
3460 4105 3558 4156 τοῦ
3592 4108 3788 4174 μισθοῦ

365 4190 674 4257 ciborum;
733 4188 978 4258 insuper
1034 4191 1092 4241 et
1149 4184 1419 4257 pollicem
1489 4183 1739 4238 dexteras
1805 4199 2018 4237 manus

2151 4185 2224 4236 τοῦ
2271 4179 2762 4258 πρωτομαίστορος
2807 4182 3099 4258 παιδαρίου
3153 4186 3325 4251 οὕτως
3372 4189 3462 4244 καὶ
3509 4190 3576 4246 τὰ
3614 4192 3788 4264 ἥμισυ

2224 4271 2234 4284 1
2354 4263 2378 4284 Ἰ
2534 4271 2547 4284 ι
2621 4273 2633 4284 ι
2719 4273 2732 4284 ι
2817 4271 2828 4284 ι
3080 4281 3105 4284 Α.
3195 4273 3217 4284 ι
3255 4277 3274 4284 ι.
3309 4282 3333 4284 -.
3439 4277 3451 4284 .
3536 4283 3539 4284 ,
3741 4282 3749 4284 _

362 4279 492 4350 ejus
523 4277 772 4348 sugebat
800 4274 1054 4347 singulis
1085 4273 1322 4340 diebus;
1373 4275 1432 4327 et
1475 4272 1840 4326 macescebat
1873 4287 2019 4342 puer

2151 4271 2272 4324 τιτία
2305 4291 2316 4303 ·
2353 4263 2429 4323 ἔτι
2459 4271 2549 4325 καὶ
2579 4273 2677 4328 τὸο
2708 4271 2996 4348 ἀντίχειρα
3040 4281 3140 4345 τῆς
3192 4273 3364 4347 δεξιᾶς
3394 4277 3559 4334 αὐτοῦ
3598 4263 3789 4356 χειρὸς

365 4369 462 4438 qui
495 4371 618 4422 erat
661 4365 910 4421 dilectus
952 4363 1074 4434 regi
1106 4361 1296 4418 valde.
1331 4361 1448 4416 Rex
1496 4365 1692 4416 autem
1741 4361 2018 4416 Salomon

2154 4357 2387 4429 θήλαζεν
2442 4360 2530 4438 ἀφ’
2583 4361 2812 4431 ἑκάστης
2869 4362 3082 4438 ἡμέρας
3116 4384 3128 4396 ·
3190 4365 3279 4420 καὶ
3349 4365 3668 4424 ἔλεπτύνετο
3725 4371 3787 4424 τὸ

364 4457 434 4511 ad
470 4473 532 4511 se
564 4459 832 4510 vocatum
866 4454 1120 4524 quadam
1153 4452 1248 4507 die
1285 4450 1717 4507 adolescentem
1767 4451 2015 4504 interro-

363 4545 523 4616 gavit
560 4544 762 4598 dicens
797 4558 811 4598 :
844 4543 1046 4597 Nonne
1097 4558 1212 4612 prae
1243 4539 1470 4596 caeteris
1519 4538 1803 4609 operariis
1856 4537 2022 4592 labo-

364 4634 634 4690 rantibus
663 4633 721 4688 in
752 4632 973 4703 templo
998 4631 1101 4686 Dei
1134 4635 1188 4685 te
1219 4629 1440 4701 diligo?
1472 4627 1605 4683 dedi
1636 4627 1739 4682 tibi
1774 4627 2019 4699 duplum

365 4722 651 4777 mercedis
699 4727 757 4777 et
806 4721 1026 4776 cibaria
1077 4718 1380 4786 duplicia:
1423 4717 1722 4790 quomodo
1771 4715 2020 4785 singulis

362 4812 572 4867 diebus
595 4816 651 4868 et
671 4810 831 4866 boris
859 4808 1182 4864 macescis?
1202 4808 1352 4862 Puer
1373 4812 1568 4862 autem
1593 4805 1673 4860 ait
1695 4805 1815 4877 regi
1841 4823 1854 4862 :
1881 4806 2020 4870 Rex,

364 4918 584 4972 quaeso,
619 4899 755 4954 audi
809 4915 936 4970 quae
988 4897 1351 4962 acciderunt,
1375 4899 1432 4951 et
1461 4895 1755 4966 quomodo
1806 4911 1866 4951 se
1915 4894 2020 4950 ha-

435 5081 454 5100 '
489 5080 587 5132 Est
618 5076 727 5132 hoc
752 5078 1195 5130 monumentum
1249 5073 1648 5145 Byzantinum,
1674 5087 1849 5145 saepe
1899 5087 2018 5126 me-

363 5155 655 5204 moratum
692 5148 748 5201 in
784 5163 956 5217 opere
1004 5145 1175 5200 Pselli
1226 5143 1307 5217 De
1351 5143 1763 5217 operationibus
1812 5143 2018 5199 (immo-

361 5238 515 5274 num.
553 5220 746 5274 Latuit
788 5215 844 5272 in
876 5219 1100 5286 aliquot
1147 5215 1517 5270 bibliothecis
1567 5220 1830 5283 Europa‘,
1861 5217 2017 5283 ejus-

364 5307 478 5362 gue
537 5294 934 5362 fragmentum
987 5289 1110 5356 jam
1171 5289 1420 5362 refertur
1467 5288 1524 5341 in
1587 5287 1828 5340 Fabricii
1875 5292 2015 5362 βοά.

365 5359 738 5432 Pseudepigr.
774 5365 901 5416 Vet.
954 5361 1111 5414 Test.
1164 5362 1208 5414 Ι.
1263 5361 1543 5432 tollet}.
1595 5363 1704 5432 Per
1760 5359 2017 5412 mediam

362 5447 520 5498 vero,
553 5430 680 5500 quae
721 5433 958 5494 dicitur,
990 5436 1220 5485 aetatem
1272 5430 1370 5487 hic
1420 5430 1565 5484 liber
1614 5430 1725 5483 late
1774 5445 2016 5499 sparsus

365 5503 423 5555 in
462 5499 827 5573 mythologia:
868 5502 1229 5558 Salomoneae
1286 5503 1440 5557 fonte
1488 5505 1577 5556 est
1623 5499 1886 5573 habitus.
1920 5501 2015 5554 Hi-

365 5571 546 5645 storia
585 5571 918 5645 Salomonis
967 5573 1235 5628 fabulosa
1285 5590 1558 5645 magnam
1609 5577 1829 5644 partem
1879 5572 2017 5627 huic

361 5643 514 5699 libro
572 5643 923 5716 adnectitur.
972 5645 1242 5716 Nomina,
1279 5643 1617 5700 daemonum
1672 5660 1824 5716 saepe
1881 5651 2019 5716 sunt

359 5715 730 5786 phantastica,
765 5730 951 5783 neque
997 5715 1332 5786 orientalis,
1364 5733 1554 5788 neque
1606 5715 2015 5786 occidentalia,

2129 4446 2435 4522 παιδάριον,
2471 4451 2603 4524 ὅπερ
2633 4452 2699 4520 ἦν
2753 4452 3109 4526 ἀγαπώμενον
3159 4454 3304 4530 παρά
3362 4461 3458 4511 τοῦ
3523 4457 3791 4532 βασιλέως

2131 4539 2290 4596 πάνυ.
2326 4538 2385 4594 Ὀ
2444 4535 2501 4593 δὲ
2562 4538 2815 4614 βασιλεὺς
2873 4539 3170 4612 Σολομῶν,
3223 4541 3456 4608 καλὲσας
3527 4551 3624 4619 μιᾷ
3679 4554 3784 4602 τῶν

2129 4628 2354 4700 ἡμερῶν
2408 4627 2503 4681 τὸν
2547 4625 2738 4699 παῖδα,
2771 4629 3111 4704 ἐπερώτησεν
3157 4632 3317 4687 αὐτὸν
3372 4634 3548 4709 λέγων
3580 4655 3592 4668 ⁸
3641 4636 3787 4712 Οὐχὶ

2129 4717 2278 4788 παρὰ
2307 4715 2508 4778 πάντας
2541 4716 2668 4781 τοὺς
2698 4717 2946 4792 τεχνίτας
2988 4719 3112 4781 τοὺς
3156 4719 3556 4796 ἐργαζομένους
3617 4723 3668 4779 ἐν
3708 4729 3788 4797 τῷ

2129 4809 2242 4876 ναῷ
2287 4809 2383 4858 τοῦ
2433 4809 2588 4874 Θεοῦ,
2630 4827 2688 4859 σε
2739 4810 2954 4880 ἀγαπῶ,
2986 4805 3169 4870 διδούς
3201 4831 3285 4864 σοι
3318 4810 3369 4865 ἐν
3418 4809 3601 4884 διπλῷ
3660 4812 3786 4875 τοῦς

2133 4892 2380 4966 μισθοὺς,
2423 4894 2512 4948 καὶ
2557 4894 2624 4948 τὰ
2677 4895 2821 4949 σιτία
2872 4892 3203 4968 διπλάσιονς
3263 4903 3381 4962 πῶς
3433 4899 3514 4978 ἐφ’
3564 4902 3787 4968 ἒχάστῆς

2129 5073 2230 5150 sed
2262 5071 2443 5150 libere
2474 5073 2610 5150 (icta
2637 5073 2726 5130 vel
2772 5073 3029 5150 inventa.
3061 5075 3303 5135 Parisiis
3333 5095 3466 5134 cum
3498 5095 3784 5150 versarer,

2127 5143 2308 5225 huius
2331 5144 2643 5225 alteriusve
2671 5146 2928 5225 nominis
2951 5147 3293 5225 daemoniaci
3317 5151 3603 5225 originem
3637 5143 3786 5225 quae;

2130 5216 2236 5293 sivi
2267 5217 2340 5293 in
2392 5216 2662 5293 Persicis,
2699 5219 2850 5288 apud
2903 5217 3081 5289 hujus
3131 5221 3363 5277 dialecti
3410 5216 3782 5293 gnaros,.sed

2129 5287 2374 5366 frustra:
2402 5287 2636 5366 Salomo
2677 5287 2802 5366 erat
2831 5287 3045 5366 nomen
3093 5287 3441 5366 collectivum
3487 5294 3787 5366 sapientiae

2129 5367 2186 5413 et
2231 5360 2294 5438 in
2345 5361 2634 5438 daemonia
2680 5361 2943 5438 ditionis,
2978 5364 3274 5438 magicum
3328 5360 3788 5438 contra-genios

2131 5429 2338 5517 malos.
2387 5431 2652 5517 Adject‘a.
2688 5429 3151 5517 narratiuncula.
3177 5436 3531 5517 apocrypha_
3559 5429 3630 5494 due
3683 5439 3790 5517 S_a-

2128 5500 2382 5580 lomone,
2418 5501 2772 5580 idololatriae
2798 5505 3018 5580 dedito,
3053 5507 3152 5578 qui
3201 5500 3628 5580 posterioribus
3658 5511 3788 5565 vitae

2130 5574 2314 5651 annis
2334 5574 2390 5626 in
2413 5575 2723 5651 _vesaniam
2757 5574 3347 5651 incideijtfsupplieii
3381 5595 3579 5636 causa.
3607 5580 3792 5637 Habet

2135 5645 2244 5726 boc
2288 5645 2743 5726 fundamentum
2774 5647 2834 5702 in
2865 5648 2932 5704 ν.
2965 5649 3057 5719 Τ.,
3088 5645 3206 5708 sed
3221 5655 3458 5708 auctum
3493 5657 3582 5709 est
3608 5655 3791 5710 tradi-

2126 5717 2287 5773 tione
2313 5717 2633 5776 recondita.
2665 5723 2870 5776 Fascx.
