4142 6402
361 409 514 470 1317

1505 402 2109 466 ΤΕΞΤΑΜΕΝΤΗΜ
2154 401 2628 465 SALOMONIS.

3622 412 3775 473 1318

356 539 568 616 ἡμέρας
616 559 676 594 τε
712 539 800 593 καὶ
852 535 998 613 ὥρος
1051 534 1330 611 λεπτύνῃς
1364 536 1440 593 Τὸ
1471 532 1530 591 δὲ
1559 533 1845 611 παιδάριον
1908 531 2009 611 ἔφη

2143 538 2260 591 )eat
2290 552 2493 592 servus
2522 539 2684 592 tuus.
2721 537 3036 610 Postquam
3082 540 3437 597 recessimus
3467 559 3674 600 omnes
3705 544 3777 600 ab

357 630 493 705 πρὸς
536 629 629 684 τὸν
685 627 912 702 βασιλέα
947 646 959 660 ’
994 626 1194 700 Δέομαί
1245 646 1364 694 σου,
1402 624 1650 700 βασιλεῦ,
1683 622 1914 679 ἄκουσον
1948 621 2016 676 τὰ

357 713 660 792 συμϐάντα,
691 716 782 772 καὶ
823 715 919 771 ὅσα
972 710 1088 791 ἔχει
1129 715 1192 770 τὸ
1240 712 1550 790 παιδάριον.
1582 713 1730 769 Μετὰ
1769 713 1832 768 τὸ
1877 712 2018 767 ἀπο-

359 806 589 877 λυθῆναι
648 809 796 880 ἡμᾶς
847 805 1047 867 πάντας
1099 805 1204 860 ἀπὸ
1246 809 1344 859 τοῦ
1394 803 1554 880 ἔργου
1605 807 1702 858 τοῦ
1742 807 1874 858 ναοῦ
1917 805 2018 857 τοῦ

357 902 512 963 Θεοῦ,
568 897 701 969 μετὰ
747 893 916 966 ἡλίου
976 893 1174 968 δεσμᾶς
1234 891 1556 968 (δυσμᾶςῗ)
1611 893 1662 947 ἐν
1737 896 1816 964 τῷ
1887 891 2016 945 ἀνα-

355 984 618 1042 παύεσθαί
672 1006 764 1059 μοι
818 986 974 1057 (sic),
1016 982 1234 1058 ἔρχεται
1284 979 1340 1038 ἓν
1382 987 1490 1038 τῶν
1536 986 1790 1055 πονηρῶν
1830 978 2019 1053 δαιμο-

357 1075 486 1131 νίων
518 1074 609 1129 καὶ
642 1075 860 1151 ἀφαιρεῖ
887 1073 980 1127 ἀπ’
1010 1072 1146 1146 ἐμοῦ
1173 1073 1236 1127 τὸ
1275 1071 1451 1144 ἥμισυ
1487 1075 1583 1125 τοῦ
1637 1072 1832 1144 μισθοῦ
1890 1087 2014 1144 μου⁸

431 1165 446 1186 \
535 1167 548 1181 κ
923 1161 934 1178 ι
1409 1162 1420 1180 ι
1636 1159 1650 1177 \
1745 1161 1758 1175 ς
1907 1159 1927 1184 ρ-
1970 1157 1980 1176 ρ

357 1186 448 1220 και
491 1185 558 1218 τα
602 1162 776 1236 ἥμισυ
827 1183 992 1219 σιτια.
1045 1161 1176 1219 Εἶτα
1236 1156 1506 1234 λαμϐάνει
1563 1181 1652 1215 και
1700 1179 1800 1228 την
1844 1156 2015 1229 δεςιαν

362 1275 468 1328 μου
514 1258 677 1328 χεῖρα
718 1252 807 1307 καὶ
859 1251 1084 1322 Θηλάζει
1128 1251 1219 1306 τὸν
1269 1249 1551 1326 ἀντίχειρα
1589 1270 1694 1323 μου
1722 1268 1735 1281 °
1764 1249 1851 1304 καὶ
1899 1245 2018 1303 ἰδοὺ

359 1340 662 1416 θλιϐομένη
700 1362 804 1414 μου
835 1345 870 1410 ἡ
904 1341 1082 1416 ψυχὴ,
1120 1339 1263 1395 οὕτω
1292 1340 1354 1395 τὸ
1401 1341 1563 1412 σῶμά
1612 1360 1716 1412 μου
1761 1336 2018 1393 Λεπτύνε-

359 1452 447 1487 ται
504 1433 624 1486 καθ’
674 1432 904 1500 εκάστην
965 1430 1203 1504 ἡμέραν.
1251 1428 1350 1484 Καὶ
1409 1429 1578 1484 ταῦτα
1634 1427 1868 1488 ἀκούσας
1911 1424 2018 1500 ἐγὼ

360 1527 635 1602 Σολομῶν
669 1527 927 1598 εἰσῆλθον
957 1527 1032 1590 εἷς
1061 1528 1150 1581 τὸν
1186 1525 1313 1581 ναὸν
1345 1529 1443 1581 τοῦ
1479 1529 1634 1595 Θεοῦ,
1667 1531 1757 1579 καί
1789 1521 2016 1594 ἐδεήθην

358 1618 411 1690 ἐξ
464 1617 601 1689 ὅλης
645 1639 754 1691 μου
802 1625 902 1688 τῆς
949 1620 1156 1692 ψυχῆς,
1200 1615 1395 1678 νυκτὸς
1438 1615 1529 1670 καὶ
1585 1613 1815 1688 ἡμέρας,
1871 1614 2020 1673 ὅπως

357 1705 645 1784 παραδοθῇ
703 1727 795 1780 μοι
846 1708 874 1761 ὁ
928 1704 1139 1778 δαίμων
1184 1705 1261 1768 εἷς
1311 1703 1505 1781 χεῖράς
1558 1725 1685 1778 μου,
1732 1703 1824 1758 καὶ
1877 1701 2019 1773 ἐξου-

359 1799 529 1854 σιάσω
569 1796 728 1851 αὑτόν
767 1814 784 1832 ⁶
825 1795 916 1850 καὶ
965 1795 1174 1871 ἐγένετο
1220 1793 1273 1850 έν
1321 1799 1402 1867 τῷ
1464 1790 1862 1870 προσεύχεσθαι
1925 1812 2020 1864 μοι

2127 639 2298 696 opere
2341 624 2544 696 templi
2587 625 2708 692 Dei,
2741 627 3037 682 occidente
3080 629 3222 695 sole,
3257 630 3398 684 dum
3449 633 3774 702 requiesco,

2125 713 2285 768 venit
2339 730 2494 770 unus
2543 714 2834 770 malorum
2886 715 3224 787 spirituum,
3259 723 3316 774 et
3362 721 3552 775 aufert
3600 738 3634 776 a
3682 739 3776 778 me

2127 801 2443 857 dimidium
2511 803 2796 858 mercedis
2863 821 3038 873 meae,
3107 811 3163 860 et
3227 807 3472 864 dimidia
3537 810 3775 866 cibaria.

2126 890 2347 946 Deinde
2379 892 2689 963 prehendit
2719 893 3013 948 dexteram
3040 912 3279 951 manum
3315 915 3502 953 meam
3535 903 3592 955 et
3621 899 3780 971 sugit

2127 980 2397 1052 pollicem
2433 998 2651 1050 meum,
2685 986 2740 1037 et
2783 999 2916 1038 ecce
2958 985 3331 1055 angustiatur
3380 988 3578 1042 anima
3629 1006 3780 1058 mea,

2127 1073 2185 1124 et
2228 1085 2441 1140 corpus
2502 1085 2700 1124 meum
2759 1069 2945 1126 macie
3003 1071 3312 1127 coniicitur
3359 1091 3462 1145 per
3508 1076 3778 1149 singulos

2127 1167 2270 1222 dies.
2306 1167 2436 1222 Haec
2493 1168 2738 1224 audiens
2788 1185 2894 1240 ego
2945 1169 3222 1226 Salomon
3280 1172 3584 1243 ingressus
3643 1192 3776 1230 sum

2128 1256 2415 1327 templum
2477 1257 2732 1323 Domini,
2765 1262 2819 1312 et
2870 1259 3027 1314 oravi
3085 1275 3155 1314 ex
3209 1263 3331 1314 tota
3389 1261 3587 1318 anima
3648 1281 3778 1321 mea

2127 1350 2296 1400 nocte
2326 1350 2383 1401 et
2415 1346 2506 1401 die
2538 1352 2602 1401 ut
2633 1347 2870 1403 daretur
2913 1347 3139 1403 daemon
3171 1348 3230 1403 in
3263 1366 3474 1406 manus
3507 1367 3688 1420 meas,
3721 1359 3778 1410 et

2125 1433 2410 1490 voluntati
2445 1451 2583 1490 meae
2632 1436 3053 1506 subjiceretur;
3105 1444 3163 1492 et
3206 1454 3337 1494 ecce
3388 1440 3526 1496 dum
3578 1459 3780 1513 preces

2125 1524 2511 1594 effunderem,
2567 1525 2706 1580 data
2766 1530 2856 1581 est
2924 1526 3067 1581 mihi
3127 1543 3159 1581 a
3222 1528 3464 1584 Domino
3520 1532 3778 1588 Sabaoth

2125 1614 2316 1686 gratia
2347 1630 2450 1684 per
2495 1614 2838 1670 Michaelem
2885 1615 3327 1688 archangelum,
3363 1619 3492 1690 ejus
3525 1621 3780 1678 annulus

2127 1702 2370 1770 scilicet,
2399 1703 2624 1760 habens
2669 1703 2928 1776 sigillum
2969 1705 3264 1777 sculptum
3316 1723 3385 1763 ex
3432 1707 3624 1781 lapide
3654 1729 3782 1783 pre-

2129 1793 2302 1860 tioso,
2343 1798 2400 1847 et
2450 1793 2596 1848 dixit
2650 1793 2796 1848 mibi
2846 1811 2860 1848 :
2913 1796 3142 1866 Accipe,
3190 1794 3463 1853 Salomon
3525 1817 3644 1867 rex,
3695 1801 3780 1856 fili

360 1888 513 1959 (sic),
563 1882 723 1956 ἐδόθη
803 1905 896 1957 μοι
963 1885 1110 1958 παρὰ
1176 1883 1378 1958 Κυρίου
1441 1877 1898 1983 Eaéadiﬂ.‘xaipti
1933 1877 2022 1934 διὰ

2143 1880 2330 1950 David,
2381 1882 2600 1937 donum
2661 1883 2815 1954 quod
2877 1884 3040 1939 misit
3094 1884 3197 1939 tibi
3255 1876 3544 1944 Dominus
3602 1895 3777 1960 Deus,

363 1973 594 2051 Μιχαὴλ
641 1979 739 2028 τοῦ
794 1973 1144 2049 ἀρχαγγέλου
1224 1973 1411 2044 αὐτοῦ,
1455 1969 1801 2027 δακτυλίδιον
1873 1966 2018 2045 ἔχων

365 2060 634 2142 σφραγῖδα
691 2061 906 2141 γλυφῆς
981 2061 1041 2117 ἐκ
1097 2063 1258 2116 Λίθου
1313 2062 1526 2134 τιμίου,
1573 2061 1662 2115 καὶ
1711 2061 1827 2115 εἶπε
1879 2080 1972 2133 μοι
2005 2078 2018 2092 ·

365 2157 532 2230 Λαϐὶ,
569 2158 842 2233 Σολομῶν
899 2161 1147 2236 βασιλεῦ,
1193 2159 1308 2221 υἱὸς
1354 2153 1543 2228 Δαϐὶδ,
1588 2155 1764 2234 δῶρον
1815 2157 1844 2211 ’ὁ
1893 2157 2025 2212 ἀπέ-

365 2249 544 2306 στειλέ
591 2271 675 2304 σοι
731 2249 932 2324 Κύριος
979 2251 1006 2303 6
1057 2249 1210 2317 Θεὸς,
1257 2249 1284 2302 6
1335 2248 1558 2322 ὕψιστος
1610 2243 1841 2310 Σαϐαώο
1875 2265 1888 2278 ο
1935 2262 2025 2313 καὶ

363 2339 703 2415 συγκλείσεις
753 2337 926 2392 πάντα
966 2338 1034 2393 τὰ
1098 2335 1357 2410 δαιμόνια
1397 2343 1497 2406 τῆς
1545 2343 1646 2413 γῆς
1697 2338 1888 2412 ἄρσενα
1934 2334 2026 2390 καὶ

363 2429 535 2500 θήλεα
569 2447 580 2459 ·
631 2427 722 2482 καὶ
781 2425 864 2482 δεῖ
915 2429 1032 2500 μετ’
1074 2426 1250 2482 αὐτῶν
1305 2423 1737 2498 ἀνοικοδομῆσαι
1784 2426 1884 2494 τήν
1932 2425 2026 2478 Ἱε-

364 2517 682 2594 ρουσαλὴμ,
742 2515 926 2594 φέρειν
998 2537 1054 2570 σε
1128 2517 1228 2584 τὴν
1307 2512 1582 2593 σφραγΐδα
1655 2514 1856 2582 ταύτην
1925 2518 2028 2568 τοῦ

366 2612 520 2664 Θεοῦ.
554 2609 616 2664 Ἡ
670 2604 726 2662 δὲ
757 2605 943 2682 γλυφὴ
991 2612 1092 2674 τῆς
1121 2601 1416 2682 σφραγῖδος
1445 2609 1543 2659 τοῦ
1590 2601 1881 2659 δακτυλίου
1926 2610 2026 2672 τῆς

365 2697 738 2774 πεμφθείσης,
806 2692 918 2750 ἔστι
981 2693 1263 2771 πεντάλφα
1324 2692 1482 2764 αὕτη.
1556 2693 1654 2748 Καὶ
1721 2694 2030 2769 περιχαρὴς

367 2786 659 2862 γενόμενος
716 2783 821 2860 ἐγὼ
876 2782 1150 2857 Σολομῶν
1216 2783 1419 2856 ὕμνουν
1475 2781 1566 2837 καὶ
1633 2779 1879 2853 ἐδόξαζον
1937 2783 2026 2837 τὸν

371 2876 496 2930 Θεὸν
554 2879 652 2928 τοῦ
698 2873 930 2947 οὐρανοῦ
989 2874 1080 2927 καὶ
1136 2875 1236 2936 τῆς
1297 2878 1402 2946 γῆς
1436 2891 1448 2905 ο
1504 2871 1595 2925 καὶ
1648 2875 1716 2943 τῇ
1773 2870 2027 2946 ἐπαύριον

376 2963 602 3019 ἐκάλεσα
629 2963 723 3017 τὸν
780 2960 966 3031 παῖδα,
1001 2963 1091 3016 καὶ
1150 2959 1395 3015 ἐπέδωκα
1454 2959 1601 3032 αὐτῷ
1655 2961 1718 3015 τὸ
1779 2957 2033 3014 δακτυλί-

377 3051 514 3123 διον,
546 3054 630 3107 καὶ
667 3053 820 3107 εἶπον
851 3052 1001 3124 αὐτῴ
1035 3071 1046 3082 ·
1082 3044 1227 3104 Λάϐε
1254 3053 1441 3118 τοῦτο,
1473 3049 1561 3103 καὶ
1622 3049 1673 3103 ἐν
1815 3048 1873 3103 ἂν
1917 3045 2034 3122 ὥρα

379 3139 512 3218 ἔλθῃ
543 3144 680 3218 πρὸς
708 3143 766 3198 σὶ
788 3140 852 3196 τῦ
887 3139 1196 3215 δαιμόνιον,
1230 3139 1305 3201 εἷς
1335 3139 1398 3194 τὸ
1440 3146 1638 3210 στῆθος
1687 3143 1784 3192 τοῦ
1835 3135 2031 3210 δαιμο-

370 3233 485 3287 νίου
534 3231 695 3308 ῥίψον
739 3235 900 3286 τοῦτο
957 3231 1020 3284 τὸ
1075 3225 1444 3298 δακτυλίδιον,
1503 3228 1592 3282 καὶ
1661 3228 1777 3283 εἶ’πέ
1835 3227 1980 3299 αὗτῷ
2016 3247 2028 3260 ⁸

2130 1969 2570 2027 excelsissimus
2623 1971 2902 2039 Sabaoth,
2951 1978 3008 2028 et
3055 1973 3370 2031 concludes
3411 1978 3609 2034 omnia
3665 1980 3782 2035 dai-

2133 2059 2328 2114 monia
2358 2064 2525 2114 terra?
2581 2060 2842 2116 mascula
2874 2067 2930 2116 et
2959 2062 3243 2131 feminea;
3290 2070 3346 2119 et
3394 2071 3622 2138 Oportet
3672 2085 3782 2142 ope

2131 2163 2336 2204 eorum
2369 2148 2643 2204 ediﬁcari
2690 2148 3038 2218 Jerusalem,
3072 2157 3129 2207 et
3159 2157 3392 2224 portare
3422 2159 3478 2210 te
3519 2156 3781 2229 sigillum

2133 2237 2290 2292 istud
2339 2237 2471 2305 Dei;
2525 2237 2831 2310 sculptura
2877 2244 3072 2294 autem
3122 2242 3299 2313 sigilli
3340 2246 3555 2300 armuli
3603 2248 3673 2302 ad
3728 2253 3785 2304 te

2135 2327 2302 2382 missi
2336 2332 2424 2383 est
2451 2328 2870 2400 quinquisema
2893 2329 3174 2402 (quinque
3205 2331 3618 2392 instrumentis
3647 2354 3789 2408 qua-

2135 2415 2440 2472 dratorum
2475 2417 2749 2488 signata).
2782 2422 2856 2474 Et
2896 2417 3084 2475 laetior
3127 2420 3317 2477 factus
3347 2438 3452 2495 ego
3483 2425 3784 2496 Salomon,

2135 2505 2445 2560 cantabam
2478 2511 2535 2562 et
2566 2507 3017 2579 magniﬁcabam
3068 2509 3252 2565 Deum
3303 2511 3431 2567 cceli
3479 2517 3535 2569 et
3582 2520 3787 2585 terra);

2137 2607 2194 2659 et
2224 2619 2396 2660 mane
2425 2605 2620 2660 vocavi
2655 2623 2921 2676 puerum,
2957 2611 3014 2662 ot
3043 2607 3178 2662 dedi
3209 2611 3262 2664 ei
3295 2610 3607 2683 annulum,
3639 2614 3789 2670 dixi-

2139 2707 2252 2762 que
2299 2691 2386 2747 illi
2420 2709 2432 2748 :
2466 2693 2675 2765 Accipe
2723 2693 2832 2749 hoc
2881 2699 2938 2750 et
2985 2695 3046 2750 in
3096 2712 3214 2767 qua
3260 2697 3403 2754 hora
3454 2701 3677 2757 venerit
3715 2705 3788 2758 ad

2141 2784 2195 2835 te
2225 2781 2478 2848 daemon,
2511 2783 2568 2836 in
2618 2787 2822 2854 pectus
2868 2785 2998 2854 ejus
3029 2786 3246 2856 projice
3295 2786 3453 2843 hunc
3501 2791 3790 2848 annulum

2140 2875 2197 2924 et
2226 2870 2318 2924 dic
2350 2872 2400 2925 ei
2437 2887 2449 2926 :
2486 2871 2548 2925 In
2601 2872 2836 2927 nomine
2875 2873 2998 2939 Dei,
3031 2873 3146 2929 huc
3194 2881 3357 2931 vocat
3409 2883 3463 2932 te
3517 2879 3790 2938 Salomon

2141 2975 2268 3027 rex;
2302 2964 2359 3014 ct
2407 2960 2693 3015 festinans
2746 2961 2873 3016 veni
2927 2963 2997 3017 ad
3049 2979 3163 3030 me,
3197 2964 3280 3018 nil
3332 2965 3568 3032 timens,
3603 2986 3793 3041 nequc

2143 3046 2470 3102 formidans
2503 3051 2829 3120 quidquam
2881 3067 3083 3106 eorum
3131 3069 3258 3123 qua:
3305 3056 3617 3112 auditurus
3669 3077 3731 3114 es
3763 3078 3796 3116 a

2142 3136 2427 3190 daemone.
2481 3137 2547 3190 Et
2586 3139 2918 3208 suscipiens
2975 3157 3120 3210 puer
3175 3141 3463 3199 annulum
3514 3146 3678 3202 abiit.
3731 3153 3797 3204 Et

2141 3240 2274 3279 ecce
2331 3232 2611 3280 consueta
2671 3227 2815 3282 hora
2861 3228 3019 3283 venit
3069 3230 3279 3285 Ornias
3331 3232 3519 3289 malus
3569 3235 3794 3293 daemon

534 3289 542 3308 ι
605 3289 614 3305 ι
1433 3289 1443 3298 .
1954 3289 1964 3299 .

369 3325 487 3379 Ἐπ’
519 3321 745 3394 ὀνόματι
792 3323 890 3374 τοῦ
941 3323 1096 3390 Θεοῦ⁹
1153 3315 1333 3388 δεῦρο,
1375 3316 1536 3373 καλεῖ
1585 3338 1641 3371 σε
1692 3318 1720 3372 6
1774 3315 2030 3392 βασιλεὺς

2143 3317 2208 3367 ut
2237 3313 2389 3385 ignis
2425 3315 2657 3382 ardens,
2694 3321 2757 3370 ut
2807 3322 3033 3388 raperet
3083 3319 3410 3376 mercedem
3461 3289 3796 3394 pueriiille

377 3409 647 3484 Σολομῶν
679 3426 693 3440 ·
726 3410 814 3464 καὶ
851 3406 1117 3482 δρομαῖος
1148 3401 1317 3482 ἔρχου
1347 3405 1484 3479 πρός
1518 3426 1605 3479 με,
1642 3402 1809 3479 μηδὲν
1840 3401 2034 3459 δειλιά-

377 3521 471 3564 σας
528 3495 669 3572 μηδὲ
731 3493 978 3576 φοϐηθῇς
1031 3495 1084 3551 ἐν
1129 3495 1174 3568 ᾦ
1222 3494 1446 3568 μέλλεις
1516 3494 1728 3549 ἀκούειν
1784 3496 1886 3549 ὑπὸ
1933 3498 2034 3548 τοῦ

379 3587 684 3662 δαίμονος⁶
739 3586 830 3642 καὶ
882 3581 1066 3641 λαϐὼν
1124 3587 1187 3640 τὸ
1245 3583 1535 3658 παιδάριον
1579 3585 1641 3639 τὸ
1691 3580 2036 3640 δακτυλίδιον

379 3680 643 3750 ἀπῆλθεν.
680 3678 778 3733 Καὶ
827 3675 946 3732 ἰδοὺ
998 3679 1134 3733 κατά
1182 3677 1284 3745 τήν
1331 3677 1632 3749 ἡθισμένην
1679 3675 1843 3751 ὥραν,
1870 3674 2037 3744 ἦλθεν

381 3772 408 3825 ὁ
441 3769 656 3845 Ὀρνίας
686 3769 748 3823 τὸ
781 3766 1026 3842 χαλεπὸν
1063 3765 1346 3839 δαιμόνιον
1399 3765 1475 3827 ὡς
1528 3768 1632 3836 πῦρ
1680 3763 2039 3841 φλεγόμενον,

382 3864 532 3927 ὅπως
585 3885 644 3919 τε
696 3859 838 3938 λάϐῃ
892 3863 984 3917 τὸν
1049 3862 1241 3934 μισθὸν
1302 3863 1398 3915 τοῦ
1464 3856 1802 3931 παιδαρίου·
1864 3859 1926 3912 τὸ
1985 3856 2042 3913 δὲ

381 3952 671 4030 παιδάριον
704 3953 842 4008 κατὰ
868 3953 930 4007 τὸ
985 3951 1329 4025 προσταχθὲν
1389 3949 1537 4024 παρά
1591 3953 1688 4002 τοῦ
1749 3947 2041 4023 βασιλέως,

384 4041 572 4121 ἔρριψε
602 4043 662 4097 τὸ
696 4038 1048 4097 δακτυλίδιον
1101 4038 1190 4094 ἐπὶ
1233 4039 1295 4093 τὸ
1355 4039 1554 4107 στῆθος
1603 4042 1699 4093 τοῦ
1731 4034 2044 4110 δαιμονίου,

380 4132 471 4188 καὶ
506 4135 650 4186 εἶπεν
687 4149 700 4162 '
737 4135 926 4205 Δεῦρο,
956 4128 1117 4184 καλεῖ
1159 4147 1217 4182 σε
1268 4128 1296 4182 6
1344 4123 1597 4201 βασιλεὺς
1631 4126 1921 4198 Σολομῶν·
1956 4126 2044 4179 καὶ

388 4223 568 4296 ἀπῆγε
628 4217 894 4296 δρομαῖος
950 4218 1088 4291 πρὸς
1146 4217 1236 4272 τὸν
1311 4213 1557 4292 βασιλέα.
1608 4217 1669 4273 Ὁ
1728 4213 1786 4270 δὲ
1837 4213 2048 4288 δαίμων

383 4309 683 4387 ἐκραύγασε
728 4307 926 4385 λέγων,
961 4303 1279 4380 Παιδάριον,
1309 4305 1362 4360 τί
1409 4307 1571 4358 τοῦτο
1613 4302 1874 4373 ἐποίησας
1914 4303 2049 4379 πρός

387 4420 492 4473 με;
527 4394 663 4455 λάϐε
700 4399 764 4453 τὸ
815 4393 1159 4452 δακτυλίδιον
1211 4394 1304 4448 ἀπ’
1361 4392 1496 4467 ἐμοῦ
1531 4412 1544 4424 ·
1576 4393 1730 4469 κάγὼ
1778 4391 2050 4448 ἀποδώσω

382 4491 446 4545 τὸ
474 4487 704 4565 χρυσίον
731 4493 832 4557 τῆς
866 4493 971 4561 γῆς
1009 4504 1021 4516 ·
1065 4483 1231 4557 μόνον
1269 4478 1404 4538 λάϐε
1440 4486 1606 4538 τοῦτο
1653 4481 1742 4537 ἄπ’
1772 4481 1929 4554 ἐμοῦ,
1961 4474 2050 4538 καὶ

389 4579 465 4652 μή
499 4578 717 4653 ἀπάγῃς
754 4597 820 4649 με
844 4575 983 4651 πρὸς
1016 4571 1348 4646 Σολομῶνα.
1383 4572 1463 4628 Τὸ
1497 4569 1553 4626 δὶ
1582 4569 1873 4646 παιδάριον
1907 4570 2051 4647 λέγει

2142 3419 2297 3469 vero,
2324 3405 2496 3474 juxta
2528 3405 2871 3460 mandatum
2920 3407 3097 3477 regis,
3127 3409 3374 3479 projecit
3416 3414 3705 3470 annulum
3736 3417 3795 3472 in

2146 3496 2351 3565 pectus
2381 3492 2686 3559 daemonis,
2720 3498 2778 3547 et
2819 3493 2965 3549 dixit
2999 3512 3011 3550 :
3046 3499 3169 3551 lluc
3201 3504 3366 3553 vocat
3419 3506 3472 3555 te
3520 3502 3797 3561 Salomon

2148 3597 2266 3635 rex.
2298 3581 2364 3635 Et
2394 3581 2538 3635 abiit
2584 3581 2870 3636 festinans
2919 3584 2988 3637 ad
3042 3600 3262 3656 regem.
3311 3587 3546 3643 Daemon
3598 3597 3796 3647 autem

2150 3670 2424 3725 clamavit
2454 3671 2701 3726 dicens:
2751 3672 2918 3742 Puer,
2951 3673 3091 3743 quid
3145 3675 3252 3729 hoc
3303 3677 3488 3732 fecisti
3539 3681 3610 3734 ad
3663 3681 3805 3736 me?

2153 3768 2362 3838 Recipe
2406 3769 2692 3824 annulum
2745 3787 2778 3824 a
2829 3787 2942 3837 me,
2976 3776 3031 3825 et
3079 3787 3184 3843 ego
3237 3774 3388 3830 dabo
3440 3777 3544 3831 tibi
3593 3795 3803 3836 aurum

2153 3861 2348 3927 terrae;
2399 3874 2568 3912 sume
2599 3863 2827 3914 tantum
2873 3860 2976 3914 hoc
3010 3878 3042 3915 a
3075 3877 3186 3932 me,
3219 3879 3406 3934 neque
3461 3882 3552 3922 me
3603 3869 3807 3926 trahas

2154 3947 2224 4000 ad
2257 3945 2648 4001 Salomonem.
2681 3947 2833 4001 Puer
2875 3953 3072 4004 autem
3122 3949 3270 4006 dixit
3316 3953 3569 4009 daemoni
3604 3973 3616 4011 :
3653 3957 3810 4013 Vivit

2154 4034 2438 4090 Dominus
2485 4035 2639 4090 Deus
2688 4036 2888 4108 Israel,
2927 4054 3042 4092 non
3091 4043 3145 4094 te
3198 4041 3512 4112 dimittam,
3547 4046 3646 4100 sed
3697 4046 3810 4102 huc

2154 4124 2306 4178 veni.
2344 4124 2408 4178 Et
2438 4124 2550 4179 cito
2583 4125 2787 4180 abiens
2833 4127 2901 4180 ad
2950 4144 3145 4199 regem
3198 4129 3365 4186 laetus
3418 4131 3499 4186 ait
3531 4150 3544 4188 :
3579 4135 3807 4190 Adduxi

2157 4212 2534 4281 daemonium,
2569 4230 2600 4267 ο
2631 4229 2750 4283 rex,
2778 4219 2843 4269 ut
2892 4218 3234 4289 prazcepisti,
3278 4219 3538 4289 domine,
3571 4229 3628 4278 et
3679 4240 3811 4281 ecce

2159 4306 2279 4358 stat
2308 4307 2442 4356 ante
2467 4302 2617 4358 fores
2639 4302 2788 4359 aulae
2818 4304 2987 4376 regia:
3008 4309 3120 4360 tuae
3149 4307 3497 4382 vociferans,
3521 4315 3578 4366 et
3607 4313 3812 4384 depre-

2161 4408 2301 4447 cans
2327 4407 2543 4462 magna
2565 4409 2720 4462 voce,
2745 4393 2994 4450 offerens
3023 4396 3164 4451 mibi
3189 4403 3495 4469 argentum
3523 4407 3580 4456 et
3601 4419 3812 4460 aurum

2161 4485 2351 4544 terrai,
2377 4484 2440 4534 ut
2470 4497 2585 4536 non
2618 4481 2908 4538 adducam
2942 4483 3139 4556 ipsum
3164 4486 3233 4541 ad
3271 4491 3346 4542 te.
3371 4488 3441 4542 Et
3469 4487 3564 4545 his
3595 4492 3813 4548 auditis

2161 4570 2438 4625 Salomon
2470 4571 2772 4626 surrexite
2803 4573 3011 4628 throno
3045 4579 3104 4630 et
3131 4576 3269 4629 exiit
3300 4578 3477 4647 foras,
3502 4579 3562 4634 in
3594 4581 3811 4637 atrium

384 4669 520 4744 πρὸς
575 4667 666 4722 τὸν
728 4663 963 4738 δαίμονα
996 4683 1007 4694 ·
1046 4665 1120 4737 Ζῇ
1181 4661 1384 4731 Κύριος
1417 4661 1444 4715 6
1477 4661 1606 4724 Θεὸς
1656 4665 1751 4715 τοῦ
1801 4661 2025 4736 Ἰσραὴλ

2161 4661 2308 4715 aulas
2366 4658 2570 4729 palatii
2627 4660 2743 4730 sui,
2787 4665 2843 4715 et
2901 4661 3047 4717 vidit
3091 4663 3412 4721 daemonem
3465 4667 3807 4725 frementem

387 4766 449 4822 οὐ
509 4767 582 4839 μή
633 4784 691 4819 σε
740 4762 1034 4836 ἀνέξωμαι,
1085 4759 1232 4816 ἀλλὰ
1290 4757 1446 4834 δεῦρο
1506 4758 1650 4815 ἐλθέ.
1713 4759 1815 4814 Καὶ
1869 4756 2042 4822 ἐλθὼν

386 4853 666 4931 δρομαίως
744 4853 805 4907 τὸ
867 4848 1159 4924 παιδάριον
1218 4853 1414 4924 χαῖρον
1480 4846 1618 4922 πρὸς
1674 4847 1765 4902 τὸν
1818 4847 2049 4923 βασιλέα

387 4943 546 5019 λέγον
584 4961 596 4974 ·
631 4944 872 5016 ’Ήγαγον
904 4942 994 4994 τὸν
1048 4936 1308 5011 δαίμονα,
1344 4935 1590 5012 βασιλεῦ,
1628 4937 1702 4998 ὼς
1761 4935 2045 4999 ἐκέλευσάς

392 5054 507 5107 μοι,
544 5029 799 5102 δέσποτα,
831 5029 922 5084 καὶ
967 5025 1086 5082 ἰδοὺ
1131 5029 1386 5098 στήκεται
1435 5025 1540 5100 πρὸ
1570 5029 1677 5080 τῶν
1726 5027 1900 5102 Ουρῶν
1945 5030 2048 5093 τῆς

388 5119 565 5190 αὐλῆς
595 5127 697 5190 τῆς
733 5116 1013 5194 βασιλείας
1047 5138 1144 5171 σου
1170 5119 1383 5192 κράζων
1416 5114 1505 5170 καὶ
1539 5112 1796 5188 δεόμενος
1830 5114 2046 5191 μεγάλῃ

385 5215 453 5284 τῇ
511 5213 686 5288 φωνῇ,
739 5206 923 5270 διδοὺς
970 5205 1094 5278 ἐμοὶ
1142 5205 1205 5260 τὸ
1257 5204 1518 5280 ἀργύριον
1564 5205 1652 5258 καὶ
1707 5203 1770 5259 τὸ
1817 5205 2046 5281 χρυσίον

385 5307 485 5368 τῆς
531 5305 632 5373 γῆς
679 5301 776 5352 τοῦ
831 5298 906 5369 μή
961 5294 1176 5370 ἀγαγεῖν
1225 5293 1384 5347 αὐτὸν
1428 5293 1562 5368 πρὸς
1613 5291 1688 5350 σέ.
1722 5293 1824 5350 Καὶ
1883 5293 2044 5348 ἀκού-

389 5410 484 5452 σας
541 5391 712 5442 ταῦτα
769 5383 1043 5458 Σολομῶν
1103 5383 1296 5452 ἀνέστη
1345 5382 1451 5436 ἀπὸ
1481 5387 1580 5436 τοῦ
1609 5381 1803 5458 Θρόνου
1861 5381 2045 5453 αὐτοῦ,

389 5477 479 5534 καί
511 5475 732 5547 ἐξῆλθεν
765 5471 866 5547 ἔξω
915 5472 993 5538 εἷς
1033 5473 1101 5528 τὰ
1149 5471 1397 5547 πρόθυρα
1442 5477 1544 5540 τῆς
1586 5469 1763 5541 αὐλῆς
1800 5475 1908 5526 τῶν
1953 5473 2049 5546 βα-

392 5565 610 5622 σιλείων
664 5563 856 5618 αὐτοῦ·
895 5563 985 5617 καὶ
1038 5561 1258 5638 ἐθεώρει
1305 5560 1398 5614 τὸν
1453 5557 1687 5631 δαίμονα
1755 5561 2050 5638 φρίσσοντα

390 5656 482 5712 καὶ
529 5655 822 5731 τρέμοντα,
854 5651 943 5708 καὶ
989 5651 1134 5728 λέγει
1175 5650 1345 5722 αὐτῷ.
1379 5649 1469 5712 Τίς
1502 5650 1545 5703 εἰ
1577 5648 1640 5703 σύ
1667 5668 1679 5719 ;
1711 5651 1767 5703 Ὃ
1816 5647 1874 5705 δέ
1921 5645 2049 5729 ἔφη,

402 5747 526 5822 Εγὼ
555 5743 774 5820 Ὀρνία(
804 5740 1080 5816 καλοῦμαι
1117 5759 1128 5773 ⁸
1163 5741 1254 5796 καὶ
1284 5740 1312 5796 6
1345 5736 1616 5815 Σολομῶν
1664 5735 1808 5818 λέγει
1859 5739 2007 5814 αὖτῷ
2031 5762 2044 5777 ο

2158 4754 2215 4804 et
2272 4752 2656 4818 trementem,
2722 4749 2984 4820 dixitque
3042 4751 3092 4806 ei
3146 4770 3159 4806 :
3211 4754 3353 4817 Quis
3411 4771 3473 4810 es
3530 4757 3646 4811 tu?
3703 4759 3813 4825 Qui

2158 4836 2283 4892 ait:
2319 4837 2437 4908 Ego
2478 4836 2685 4892 Ornias
2735 4838 3028 4895 nominor.
3061 4840 3132 4895 Et
3179 4840 3327 4896 dixit
3379 4842 3430 4898 ei
3480 4843 3756 4901 Salomon
3795 4863 3807 4902 :

2155 4934 2357 4991 Indica
2388 4935 2554 4999 mihi,
2588 4952 2619 4991 ο
2652 4935 2899 5004 daemon,
2933 4937 3042 4991 sub
3077 4955 3193 5010 quo
3233 4940 3401 5011 signo
3433 4942 3654 5013 jaceas.
3691 4947 3812 5001 Sub

2158 5025 2432 5096 Aquario,
2480 5024 2562 5080 ait
2609 5024 2743 5091 ille;
2792 5030 2850 5080 et
2897 5031 3196 5083 versantes
3244 5045 3345 5100 per
3389 5031 3813 5104 concupiscen-

2156 5113 2270 5169 tias
2310 5129 2729 5186 generosarum
2782 5113 2840 5170 in
2893 5118 3048 5172 terra
3099 5115 3450 5188 puellarum,
3485 5121 3594 5176 sub
3643 5123 3814 5194 signo

2157 5203 2458 5276 praedicto,
2491 5220 2590 5258 eos
2628 5205 2956 5276 strangulo,
2991 5206 3088 5260 sed
3144 5224 3256 5261 non
3307 5208 3479 5264 aliter
3509 5226 3686 5280 quam
3721 5230 3814 5268 so-

2159 5294 2345 5366 pitos;
2376 5297 2496 5348 tres
2548 5293 2767 5348 formas
2799 5293 3000 5360 induo,
3038 5297 3274 5366 quando
3305 5301 3582 5354 tenentur
3630 5299 3816 5357 homi-

2161 5399 2265 5438 nes
2324 5381 2613 5437 desiderio
2672 5381 3023 5438 feminarum
3072 5400 3086 5439 :
3143 5399 3248 5456 ego
3305 5388 3696 5445 transformor
3752 5392 3812 5447 in

2162 5470 2467 5528 mulierem
2515 5471 2812 5543 eleganter
2859 5473 3149 5539 vestitam,
3193 5478 3248 5529 et
3294 5475 3672 5548 palpantibus
3723 5497 3815 5536 me

2164 5561 2500 5617 hominibus
2548 5560 2702 5615 inter
2749 5578 3048 5627 somnum,
3079 5563 3263 5618 illudo
3311 5566 3426 5633 eis;
3484 5583 3640 5623 nunc
3678 5585 3812 5624 vero

2159 5667 2399 5707 rursum
2431 5649 2624 5705 alatus
2655 5650 2730 5704 fio
2763 5650 2872 5705 sub
2906 5651 3080 5706 aeriis
3109 5652 3282 5722 locis;
3315 5655 3514 5713 videor
3540 5656 3718 5712 etiam
3750 5662 3816 5712 ut

2158 5740 2270 5806 leo,
2315 5745 2373 5796 et
2421 5739 2683 5811 pellicior
2733 5740 2805 5795 ab
2855 5740 3133 5797 omnibus
3189 5744 3587 5816 daemonibus;
3651 5748 3816 5805 ortus
