4142 6392
361 396 519 454 1319

1324 386 1728 449 ΑΡΡΕΝΒΙΧ
1769 387 1873 446 ΔΙ)
1917 384 2383 446 MICHAE‘LEM
2430 385 2823 448 PSELLUM.

3633 393 3660 449 ι
3671 389 3790 450 320

358 547 492 587 sum
526 545 595 586 ex
623 524 975 598 archangelo
1024 523 1206 592 Uriel,
1239 523 1502 596 potentia
1543 521 1668 578 Dei.
1701 522 1820 594 Ego
1849 519 2003 577 Salo-

2129 520 2262 596 Λέγε
2291 539 2406 593 μοι,
2439 520 2484 574 ὧ
2516 517 2738 593 δαῖμον,
2770 519 2915 593 ποίῳ
2945 517 3128 595 ζωδίῳ
3156 525 3366 593 κεῖσαι;
3399 523 3461 580 Ὁ
3495 519 3552 578 δὶ
3602 524 3746 579 εἶπεν
3774 543 3788 556 ·

360 637 497 676 mon
556 618 804 673 audiens
863 631 1075 671 nomen
1136 612 1497 684 archangeli,
1557 613 1779 685 gratias
1838 626 2018 683 agens

2127 607 2457 684 Ὑδροχδῳ.
2519 609 2613 664 καὶ
2663 610 2792 674 τοὺς
2849 612 3135 684 κειμένους
3192 609 3263 667 δι’
3317 609 3620 687 ἐπιθυμιῶν
3667 635 3792 689 γεν-

356 708 678 783 glorificavi
720 711 902 762 Deum
952 709 1010 761 et
1057 703 1372 759 Dominum
1424 701 1552 757 caeli
1604 706 1662 757 et
1714 707 1910 767 terrae;
1963 706 2003 756 ei

2127 699 2296 753 ναίων
2330 698 2419 754 έπὶ
2450 706 2554 775 γῆν
2612 701 2893 776 παρθένων
2931 745 2944 758 .
2975 706 3056 774 τῷ
3106 698 3284 775 ζωδίῳ
3337 703 3604 774 κέκληται
3659 703 3792 759 τού-

356 797 553 870 sigillo
585 801 854 852 notatum
881 811 1017 850 eum
1051 792 1316 849 ordinavi
1359 791 1418 847 in
1451 808 1601 863 opus
1647 789 2015 859 lithotomiaa,

355 893 422 943 ut
477 887 725 942 caederet
780 888 977 956 petras
1034 883 1094 937 in
1151 880 1391 952 templo,
1423 879 1632 936 allatas
1693 895 1797 950 per
1857 894 2017 934 mare

353 976 604 1044 Arabia,
628 977 899 1047 jacentes
941 973 999 1028 in
1030 971 1246 1028 littore.
1287 969 1632 1027 Formidans
1680 971 1872 1023 autem
1907 967 2018 1022 fer-

356 1082 488 1122 rum
522 1065 615 1120 ad.
647 1102 660 1116 .
691 1105 704 1118 .
747 1067 806 1118 et
836 1061 981 1117 dicit
1012 1060 1156 1116 mihi
1193 1077 1206 1116 :
1241 1062 1446 1126 Quaeso
1474 1063 1550 1129 te,
1587 1075 1683 1113 rex
1713 1056 2014 1123 Salomon,

354 1155 519 1212 sinas
552 1169 644 1208 me
692 1151 944 1208 liberum
976 1166 1129 1217 esse,
1159 1153 1216 1206 et
1246 1165 1352 1221 ego
1384 1148 1677 1204 adducam
1730 1146 1835 1201 tibi
1884 1162 2017 1201 om-

357 1245 455 1301 nia
511 1242 821 1299 daamonia.
880 1239 1124 1296 Nolente
1191 1243 1387 1294 autem
1447 1253 1513 1293 eo
1575 1235 1790 1307 subjici
1846 1234 2015 1302 mihi,

352 1333 510 1391 oravi
540 1317 963 1403 archangelum
1014 1327 1169 1384 Uriel
1213 1331 1278 1382 ut
1307 1326 1530 1383 veniret
1574 1326 1719 1380 mihi
1754 1324 1812 1379 in
1847 1323 2012 1379 auxi-

353 1423 532 1491 lium;
565 1425 622 1477 et
651 1421 765 1476 cito
807 1419 926 1474 vidi
974 1415 1392 1489 archangelum
1427 1414 1584 1470 Uriel
1617 1415 1689 1470 de
1721 1413 1882 1469 caelis
1913 1429 2011 1468 ve-

353 1511 609 1568 nientem
662 1511 734 1565 ad
784 1525 905 1574 me;
941 1512 998 1563 et
1019 1507 1204 1579 jussit
1245 1505 1492 1577 angelus
1541 1508 1606 1560 ut
1655 1508 1781 1560 cete
1831 1502 2013 1560 maris

351 1601 618 1658 venirent
656 1615 726 1654 ex
767 1598 1010 1670 abysso;
1059 1601 1116 1652 et
1164 1594 1413 1668 projecit
1460 1596 1900 1664 sortemjsuam
1951 1591 2012 1648 in

348 1695 586 1758 terram,
638 1687 856 1758 illaque
905 1685 1158 1756 subjecit
1199 1685 1528 1740 daemonem
1580 1698 1901 1754 magnum;
1955 1687 2014 1736 et

349 1777 626 1852 praecepit
654 1775 907 1832 demoni
939 1791 1153 1847 magno
1185 1778 1242 1830 et
1272 1771 1481 1829 audaci
1511 1771 1701 1828 Orniaa
1737 1775 1800 1826 ut
1829 1771 2012 1826 caade-

2125 809 2252 850 τους
2307 789 2624 864 ἀποπνίγω,
2667 790 2712 845 εἶ
2767 787 2910 862 μηδὲ
2966 791 3056 844 καὶ
3111 791 3462 847 ὑπνωτικόνο
3516 793 3592 855 εἷς
3641 799 3792 870 τρεῖς

2131 877 2344 951 μορφὰς
2393 872 2838 952 μεταϐάλλομαι,
2886 875 3090 934 ὁπόταν
3147 881 3198 934 οἱ
3251 878 3528 958 ἄνθρωποι
3578 879 3793 958 ἶρχων-

2123 987 2212 1021 ται
2246 964 2316 1020 δι’
2346 965 2635 1040 έπιθυμίας
2688 973 2957 1043 γυναικῶν
2993 987 3006 1002 ·
3043 968 3154 1044 έγὼ
3198 975 3658 1050 μεταμορφοῦμαι
3711 971 3792 1036 εἷς

2127 1055 2269 1124 θῆλυ
2329 1053 2620 1131 εὔκοσμον,
2670 1057 2759 1112 καὶ
2834 1056 3142 1131 ἁπτομένου
3219 1081 3348 1132 μου,
3401 1062 3452 1115 οἱ
3513 1059 3792 1136 ἄνθρωποι

2125 1146 2245 1209 καθ’
2279 1144 2444 1200 ὕπνον
2475 1144 2728 1219 έμπαίζω
2775 1146 2960 1210 αὐτοῖς
2985 1165 3009 1180 ’⁸
3039 1147 3172 1203 ποτὶ
3221 1145 3280 1203 δὶ
3330 1148 3496 1204 πάλιν
3551 1151 3790 1207 ὑπόπτε-

2127 1255 2222 1311 ρος
2269 1235 2490 1310 γίνομαι
2551 1236 2653 1290 ὑπὸ
2709 1235 2839 1298 τοὺς
2897 1235 3185 1311 οὐρανίους
3231 1233 3455 1301 τὸπους.
3511 1241 3787 1315 Φαίνομαι

2123 1320 2215 1376 καὶ
2268 1323 2342 1384 ὡς
2396 1319 2562 1394 λέων,
2593 1323 2683 1378 καὶ
2736 1322 3037 1397 κελεύομαι
3091 1325 3193 1380 ὑπὸ
3239 1326 3456 1381 πάντων
3500 1331 3609 1382 τῶν
3670 1325 3789 1383 δαι·

2128 1411 2309 1485 μόνων
2343 1428 2360 1448 ⁶
2389 1410 2664 1486 ἀπόγονος
2711 1411 2826 1485 εἰμὶ
2875 1411 3236 1488 ἀρχαγγέλου
3278 1414 3518 1490 Οὐριὴλ,
3547 1419 3645 1486 τῆς
3695 1414 3787 1472 δυ-

2121 1501 2340 1573 νάμεως
2393 1504 2490 1555 τοῦ
2544 1505 2701 1558 Θεοῦ.
2736 1503 2878 1578 Ἐγὼ
2913 1499 3185 1575 Σολομῶν
3217 1502 3452 1567 ἀκούσας
3499 1505 3563 1560 τὸ
3615 1502 3790 1580 ὄνομα

2120 1594 2218 1645 τοῦ
2266 1589 2622 1665 ἀρχαγγέλου
2694 1590 2985 1664 εὐξάμενος
3062 1589 3286 1666 έδόξασα
3348 1595 3442 1648 τὸν
3498 1595 3650 1664 Θεὸν,
3693 1597 3785 1651 καὶ

2123 1679 2320 1754 Κύριον
2367 1683 2466 1736 τοῦ
2515 1680 2749 1756 οὐρανοῦ
2808 1681 2897 1736 καὶ
2967 1683 3067 1750 τῆς
3120 1685 3222 1757 γῆς
3259 1702 3271 1714 ·
3332 1684 3422 1739 καὶ
3483 1705 3786 1762 σφραγισας

2119 1768 2278 1824 αὐτὸν
2341 1767 2498 1840 ἔταξα
2558 1768 2633 1831 εἷς
2684 1769 2784 1838 τὴν
2843 1768 3093 1846 έργασίαν
3151 1778 3252 1841 τῆς
3309 1769 3656 1846 λιθοτομίας,
3688 1779 3788 1830 τοῦ

348 1872 436 1924 ret
466 1885 603 1923 saxa
631 1867 691 1922 in
724 1864 1045 1938 templum;
1072 1868 1126 1919 et
1150 1863 1235 1919 sic
1256 1879 1362 1935 ego
1388 1861 1664 1918 Salomon
1689 1859 2003 1933 gloriﬁcavi

2118 1858 2331 1930 τέμνειν
2379 1856 2511 1919 τοὺς
2561 1855 2750 1920 λίθους
2801 1856 2852 1912 έν
2892 1862 2971 1929 τῷ
3011 1863 3147 1931 ναῷ,
3180 1859 3444 1934 ἀχθέντας
3473 1858 3562 1916 διά
3589 1860 3790 1926 θαλᾶσ-

344 1958 528 2014 Deum
561 1955 686 2011 caeli
721 1960 778 2010 et
803 1959 970 2010 terrae
1021 1957 1374 2019 creatorem;
1410 1956 1468 2006 et
1512 1949 2003 2022 praecepit'Ornias

2117 1969 2216 2017 σης
2281 1941 2538 2022 ’Δραϐίας
2591 1945 2720 2008 τοὺς
2777 1946 3063 2021 κειμένους
3119 1949 3267 2022 παρά
3320 1949 3410 2004 τὸν
3476 1950 3729 2026 αῗγιαλόν
3767 1971 3779 1984 ·

343 2052 409 2103 ut
436 2045 658 2102 veniret
688 2059 823 2100 cum
875 2047 1031 2098 sorte
1063 2058 1193 2110 sua,
1225 2048 1284 2096 et
1312 2040 1444 2096 dedi
1495 2041 1550 2096 ei
1596 2039 1884 2094 annulum
1917 2039 2003 2094 di-

2118 2030 2469 2108 Φοόούμενος
2505 2033 2564 2090 δὶ
2609 2036 2699 2090 τὸν
2755 2033 2979 2111 σίδηρον
3013 2056 3149 2109 προς
3179 2040 3255 2110 (1)
3305 2038 3396 2093 καὶ
3451 2038 3600 2115 λέγει
3663 2062 3785 2114 μοι,

343 2153 484 2192 cens
508 2152 520 2190 :
548 2133 730 2198 Vade,
753 2137 810 2188 et
835 2133 1030 2187 adduc
1058 2131 1204 2186 mihi
1236 2131 1350 2186 huc
1380 2129 1703 2202 principem
1738 2128 2003 2184 omnium

2117 2124 2321 2198 Δέομαί
2376 2145 2492 2196 σου,
2559 2122 2784 2199 βασιλεῦ
2865 2124 3162 2198 Σολομῶν,
3215 2123 3370 2182 ἔασόν
3450 2149 3519 2201 με
3595 2127 3781 2184 ἄνετον

346 2224 794 2281 (immanior-um,
2119 2217 2280 2282 εἶναι,
2332 2214 2484 2286 κάγώ
2545 2233 2628 2267 σοι
2685 2212 2941 2288 ἀναγάγω
2999 2215 3175 2269 πάντα
3230 2215 3298 2270 τὰ
3355 2213 3635 2290 δαιμόνια.
3691 2219 3783 2288 Μὴ

349 2311 605 2374 θελόντος
661 2309 718 2366 δὶ
767 2309 932 2365 αὐτοῦ
987 2307 1326 2383 ὑποταγῆναί
1376 2327 1492 2381 μοι,
1537 2305 1825 2379 εὐξάμενος
1855 2309 1952 2359 τοῦ
1985 2303 2336 2380 ἀρχαγγέλου
2371 2300 2586 2377 Οὐριὴλ
2618 2300 2895 2358 συνελθεῖν
2933 2323 3000 2376 με
3031 2303 3107 2368 εἷς
3141 2304 3419 2379 βοήθειαν,
3451 2306 3543 2361 καὶ
3575 2307 3780 2371 εὐθέως

347 2399 489 2458 εἶδον
518 2401 609 2456 τὸν
641 2397 986 2476 ἀρχάγγελον
1021 2396 1236 2471 Οὐριὴλ
1269 2397 1329 2451 ἐκ
1355 2401 1463 2450 τῶν
1497 2394 1741 2472 οὐρανῶν
1772 2394 2177 2470 κατερχόμενον
2207 2391 2341 2465 πρός
2377 2412 2442 2464 με
2488 2390 2578 2445 καὶ
2629 2389 2904 2446 ἐκέλευσεν
2956 2393 2984 2445 6
3031 2390 3264 2468 ἄγγελος
3311 2396 3453 2465 κήτη
3499 2397 3784 2467 θαλάσσης

345 2491 521 2557 έλθεῖν
550 2489 610 2546 έκ
638 2498 736 2560 τῆς
777 2485 1015 2544 ἀϐύσσου
1049 2507 1060 2519 ·
1096 2488 1184 2542 καὶ
1216 2483 1430 2564 ἔρριψεν
1465 2485 1630 2541 αὐτοῦ
1658 2487 1758 2554 τὴν
1796 2490 1992 2560 μοῖραν
2028 2483 2117 2538 ἐπὶ
2154 2491 2254 2552 τῆς
2303 2489 2428 2557 γῆς,
2457 2480 2678 2552 κάκείνη
2727 2483 2980 2556 ὑπέταξεν
3028 2483 3092 2538 τὸ
3138 2480 3424 2557 δαιμόνιον
3474 2487 3538 2540 τὸ
3591 2487 3729 2562 μέγα
3765 2507 3780 2520 °

344 2581 434 2636 καὶ
495 2579 773 2636 ἐκέλευσεν
829 2579 921 2632 τὸν
980 2575 1218 2649 δαίμονα
1273 2575 1364 2630 τὸν
1418 2575 1584 2650 μέγαν
1629 2573 1718 2629 καὶ
1768 2572 1966 2650 θρασὺν
2015 2573 2108 2628 τὸν
2144 2569 2362 2647 Ὀρνίαν
2412 2573 2511 2624 τοῖ’)
2555 2569 2774 2626 κόπτειν
2802 2572 2930 2636 τοὺς
2959 2570 3150 2636 λίθους
3183 2574 3319 2649 πρὸς
3350 2575 3442 2630 τὸν
3471 2575 3597 2630 ναόν
3633 2594 3646 2606 ⁸
3683 2578 3782 2631 καὶ

347 2669 520 2732 οὕτως
571 2669 675 2744 έγὼ
732 2666 1004 2740 Σολομὼν
1045 2663 1270 2736 ἐδόξασα
1317 2665 1410 2720 τὸν
1457 2664 1586 2719 Θεὸν
1638 2668 1736 2719 τοῦ
1785 2663 2018 2737 οὐρανοῦ
2067 2662 2156 2716 καὶ
2185 2668 2287 2730 τῆς
2317 2663 2419 2736 γῆς
2450 2661 2693 2730 ποιητήν
2722 2679 2732 2692 ·
2765 2660 2857 2716 καὶ
2889 2660 3166 2718 έκέλευσεν
3213 2659 3390 2718 ἐλθεῖν
3431 2665 3524 2720 τὸν
3559 2663 3779 2740 Ὀρνίαν

347 2759 442 2814 σὸν
491 2761 560 2832 τῇ
616 2757 780 2832 μοίρᾳ
819 2757 1006 2824 αὐτοῦ,
1036 2756 1123 2810 καὶ
1172 2752 1351 2810 ἔδωκα
1403 2753 1568 2808 αὐτοῦ
1613 2754 1676 2807 τὸ
1723 2749 2036 2830 σφραγίδων
2085 2747 2264 2825 λέγων
2299 2767 2312 2782 ·
2347 2745 2616 2821 ”Δπελθε,
2645 2749 2735 2804 καὶ
2788 2747 2959 2826 ἅγαγέ
3005 2772 3098 2824 μοι
3134 2749 3242 2807 ὦδε
3269 2753 3363 2808 τὸν
3395 2751 3639 2830 ἄρχοντα
3665 2759 3779 2809 τῶν

349 2846 650 2922 δαιμονίων
681 2847 919 2901 πάντων.

419 2981 629 3039 Ornias
677 2985 872 3036 autem
931 2979 1226 3050 accipiens
1277 2977 1588 3046 annulum,
1641 2977 1785 3033 adiit
1837 2975 2003 3032 Beel-

2183 2975 2245 3032 Ὀ
2271 2970 2327 3029 δὲ
2367 2973 2606 3051 Ὀρνίας,
2650 2969 2834 3029 λαϐὼν
2871 2975 2933 3029 τὸ
2965 2972 3336 3046 δακτυλίδιον,
3368 2974 3583 3047 ἀπῆλθε
3633 2979 3774 3055 πρὸς

344 3071 512 3127 zebul
558 3070 866 3124 habentem
914 3071 1260 3140 potestatem
1317 3066 1376 3122 in
1427 3066 1738 3136 daemonia,
1770 3069 1828 3121 et
1857 3065 2003 3121 dixit

2117 3063 2200 3118 τὸν
2262 3059 2602 3134 Βεελζεόοὺλ
2659 3064 2750 3118 τὸν
2813 3059 3014 3139 ἔχοντα
3059 3065 3158 3134 τήν
3196 3062 3473 3141 βασιλείαν
3525 3065 3613 3121 ἐπὶ
3667 3071 3780 3122 τῶν

343 3161 394 3216 ei
439 3176 452 3215 :
508 3159 630 3214 Huc
685 3161 853 3214 vocat
907 3161 964 3212 te
1020 3155 1316 3212 Salomon.
1378 3157 1636 3212 Audiens
1696 3153 2001 3210 Beelzebul

2117 3149 2438 3225 δαιμονίων.
2472 3155 2614 3230 Ἔφη
2649 3153 2797 3225 αὐτῷ
2829 3171 2841 3186 ·
2879 3157 3046 3226 Δεῦρο
3077 3151 3237 3209 καλεῖ
3267 3174 3325 3209 σε
3368 3151 3641 3227 Σολομῶν
3675 3173 3688 3186 ·
3722 3157 3778 3208 Ὀ

343 3248 492 3303 dixit
522 3250 571 3302 ei
601 3265 614 3304 :
649 3248 850 3303 Indica
879 3245 1024 3301 mihi
1058 3246 1193 3317 quis
1225 3245 1302 3301 sit
1332 3245 1441 3300 iste
1473 3244 1750 3301 Salomon
1784 3245 1854 3299 de
1886 3260 2001 3315 quo

2117 3238 2171 3295 δὲ
2231 3236 2564 3311 Βεελζεϐοὺλ
2623 3241 2858 3306 ἀκούσας
2931 3242 3030 3320 ἔφη
3098 3242 3290 3315 αὐτῷ·
3347 3243 3486 3319 Λέγε
3539 3266 3639 3316 μοι
3697 3245 3781 3310 τίς

342 3337 602 3410 loqueris
637 3337 802 3391 mihi.
837 3336 1046 3391 Ornias
1097 3339 1292 3391 autem
1328 3335 1572 3406 projecit
1620 3333 1906 3390 annulum
1941 3334 2000 3388 in

2117 3329 2250 3386 ἐστιν
2287 3351 2446 3394 ουτος
2475 3332 2502 3384 6
2541 3329 2831 3404 Σολομῶν,
2858 3332 2916 3386 ’ὀν
2950 3331 3012 3386 σὺ
3043 3334 3150 3410 φής
3203 3353 3298 3406 μοι
3331 3352 3344 3364 ·
3389 3333 3417 3387 6
3459 3330 3517 3388 δὲ
3563 3333 3780 3407 Ὀρνίας

340 3432 545 3498 pectus
605 3423 906 3479 Beelzebul
967 3423 1168 3478 dicens
1219 3439 1232 3476 :
1290 3423 1552 3476 Advocat
1605 3427 1662 3476 te
1721 3420 1996 3476 Salomon

2117 3418 2326 3494 ἒρῥιψεν
2355 3420 2418 3474 τὸ
2451 3417 2798 3474 δακτυλίδιον
2833 3419 2909 3482 εἷς
2937 3421 3000 3476 τὸ
3040 3423 3241 3485 στῆθος
3285 3426 3383 3476 τοῦ
3438 3417 3776 3491 Βεελζεϐοὸλ

338 3531 456 3570 rex.
504 3513 863 3568 Exclamavit
917 3528 1052 3567 vero
1113 3510 1412 3566 Beelzebul
1471 3527 1610 3565 voce
1665 3526 1900 3581 magna,
1943 3514 2000 3563 et

2117 3506 2290 3582 λέγων
2325 3527 2336 3540 ·
2386 3506 2553 3563 Καλεῖ
2597 3529 2655 3563 σε
2706 3506 2978 3582 Σολομῶν
3010 3510 3038 3563 6
3073 3508 3350 3584 βασιλεύς.
3388 3511 3668 3587 Ἀνέκραξε
3718 3509 3778 3566 δὶ

337 3602 584 3675 projecit
616 3602 914 3656 ﬂammam
958 3599 1111 3668 ignis
1145 3603 1408 3654 urentem
1447 3615 1744 3671 magnam,
1780 3603 1837 3653 et
1867 3614 1996 3652 sur-

2117 3597 2138 3650 6
2188 3591 2524 3666 Βεελζεϐοὸλ
2549 3600 2704 3675 φωνῇ
2741 3595 2953 3673 μεγάλῃ
2991 3616 3004 3631 ⁸
3038 3598 3128 3652 καὶ
3161 3597 3348 3674 ἔρῥιψε
3377 3597 3554 3678 φλόγα
3602 3600 3779 3675 πυρὸς

339 3709 484 3763 gens
514 3695 753 3746 secutus
800 3693 889 3745 est
920 3689 1183 3755 Orniam,
1217 3693 1276 3743 et
1305 3687 1462 3743 venit
1494 3688 1562 3742 ad
1598 3687 1994 3742 Salomonem.

337 3781 409 3836 Ut
439 3786 635 3835 autem
668 3778 814 3833 vidit
843 3777 963 3849 (sic)
1012 3776 1338 3848 principem
1387 3776 1836 3846 daemoniorum,
1872 3775 1995 3847 glo-

334 3869 556 3926 rificavi
585 3868 899 3924 Dominum
935 3867 1120 3921 Deum
1152 3864 1281 3920 coeli
1327 3870 1383 3921 et
1434 3869 1604 3920 terra
1649 3872 1993 3932 creatorem,

332 3963 390 4014 et
419 3957 537 4013 dixi
573 3975 586 4013 :
618 3957 973 4012 Benedictus
1016 3971 1101 4018 es,
1136 3953 1380 4010 Domine
1409 3953 1564 4010 Deus
1597 3954 1994 4026 omnipotens,

334 4046 436 4118 qui
469 4045 685 4102 dedisti
725 4061 906 4117 puero
948 4050 1048 4099 tuo
1082 4043 1378 4098 Salomoni
1412 4043 1470 4098 in
1505 4043 1873 4114 sapientibus
1904 4061 1997 4100 re-

335 4135 624 4190 sidentem
683 4132 1061 4204 sapientiam.
1101 4137 1159 4187 et
1206 4131 1511 4202 subjecisti
1562 4132 1708 4187 mihi
1759 4149 1995 4188 omnem

337 4228 686 4294 potestatem
742 4221 981 4278 diaboli.
1024 4221 1094 4276 Et
1154 4219 1505 4292 interrogavi
1558 4237 1693 4275 eum
1744 4221 1992 4277 dicens:

337 4313 541 4368 Indica
591 4310 727 4384 quis
777 4311 878 4365 sis.
931 4313 998 4364 Et
1045 4309 1126 4365 ait
1171 4310 1398 4364 damon
1435 4325 1448 4366 :
1485 4309 1598 4379 Ego
1649 4327 1782 4364 sum
1835 4309 1995 4364 Beel-

333 4401 504 4456 zebul
572 4401 846 4472 princeps
913 4398 1394 4464 demoniorum;
1456 4398 1651 4452 omnia
1709 4398 1999 4454 daemonia

335 4505 516 4562 prope
568 4506 659 4544 me
728 4487 1065 4560 praesident,
1112 4490 1169 4542 et
1219 4490 1354 4542 ante
1413 4485 1612 4542 oculos
1682 4503 1835 4558 pono
1895 4505 1994 4543 cu-

331 4582 555 4651 jusque
618 4577 900 4632 daemonis
983 4577 1254 4631 formam.
1315 4578 1444 4646 Ipse
1509 4592 1642 4630 vero
1701 4576 1998 4632 nuntiavit

337 4668 481 4723 mihi
535 4683 598 4723 se
664 4667 735 4722 ad
795 4681 889 4720 me
939 4666 1337 4720 adducturum
1391 4680 1596 4719 omnes
1654 4664 1996 4721 immundos

336 4756 584 4829 spiritus
644 4759 1095 4819 concatenatas;
1149 4758 1206 4808 et
1253 4769 1355 4821 ego
1406 4753 1613 4808 iterum
1672 4752 1995 4824 gloriﬁcavi

340 4847 523 4903 Deum
553 4845 676 4901 coeli
715 4849 772 4900 et
801 4848 989 4910 terrae,
1023 4847 1078 4897 et
1109 4842 1326 4915 gratias
1359 4857 1466 4915 ago
1499 4842 1549 4896 ei
1582 4857 1835 4912 semper.

408 5024 656 5092 Quaesivi
703 5039 736 5078 a
777 5023 1043 5077 daemone
1092 5024 1289 5076 utrum
1322 5023 1519 5076 essent
1567 5019 1723 5076 inter
1768 5037 1870 5075 eos
1919 5020 2000 5076 fe-

337 5115 537 5181 minas;
573 5112 673 5168 illo
706 5115 902 5166 autem
939 5110 1290 5177 affirmante,
1317 5109 1434 5164 dixi
1467 5125 1574 5182 ego
1606 5125 1701 5164 me
1731 5108 1878 5165 velle
1901 5126 2000 5165 eas

339 5218 606 5269 cernere;
668 5206 725 5255 et
783 5200 988 5256 abiens
1046 5198 1351 5254 Beelzebul
1411 5198 1700 5253 festinans
1759 5199 2002 5254 adduxit

342 5289 489 5344 mihi
519 5288 888 5355 Onoscelida,
923 5290 1172 5344 formam
1208 5287 1519 5343 habentem
1555 5287 1716 5341 mirae
1748 5287 2000 5359 pulchri-

340 5377 590 5445 tudinis,
621 5383 682 5433 et
711 5377 1017 5432 illecebras
1063 5375 1329 5431 mulieris
1377 5375 1674 5430 coloribus
1722 5376 1869 5431 bene
1908 5393 1999 5431 or-

343 5469 514 5532 natm,
547 5471 604 5520 et
633 5467 910 5521 cornibus
945 5469 1233 5520 armatam
1265 5466 1322 5519 in
1357 5465 1564 5536 capite.
1596 5464 1864 5521 Venienti
1897 5483 1999 5522 au-

2108 3686 2403 3759 καιομένην
2485 3684 2752 3762 μεγάλην,
2829 3685 2919 3741 καὶ
3013 3688 3239 3750 ἀναστάς
3311 3686 3610 3758 ἠκολούθει
3691 3695 3774 3762 τῷ

2110 3774 2295 3850 Ὀρνίᾳ
2329 3797 2341 3810 ·
2383 3775 2473 3831 καὶ
2505 3774 2642 3844 ἦλθε
2673 3776 2809 3846 πρὸς
2845 3781 2907 3831 Σ.
2940 3777 3032 3838 ⁸ος
3085 3773 3143 3832 δὶ
3183 3774 3321 3832 εἶδεν
3372 3777 3464 3832 τὸν
3526 3778 3772 3853 ἄρχοντα

2107 3869 2214 3919 τῶν
2251 3862 2572 3938 δαιμονίων,
2607 3861 2832 3936 ἐδόξασα
2874 3863 3070 3939 Κύριον
3125 3867 3215 3921 τὸν
3278 3865 3406 3921 Θεὸν
3456 3871 3552 3921 τοῦ
3601 3866 3772 3942 οὐρα-

2109 3958 2204 4009 νοῦ
2250 3954 2340 4008 καὶ
2390 3961 2493 4030 γῆς
2547 3954 2805 4025 ποιητὴν,
2835 3953 2927 4008 καὶ
2978 3956 3132 4010 εἷπον
3163 3973 3176 3987 '
3211 3956 3531 4032 Εὐλογητὸς
3562 3955 3630 4024 εί,
3666 3955 3773 4011 Κύ-

2111 4063 2193 4118 ριε
2224 4045 2252 4098 6
2284 4044 2414 4106 Θεὸς
2447 4044 2474 4097 6
2504 4041 2917 4119 παντοκράτωρ,
2952 4045 2980 4098 6
3012 4041 3140 4106 δοὺς
3187 4049 3268 4116 τῷ
3311 4042 3465 4099 παιδὶ
3520 4066 3616 4100 σου
3669 4051 3778 4099 Σο-

2111 4130 2358 4202 λομῶντι
2389 4131 2490 4199 τὴν
2538 4135 2646 4186 τῶν
2696 4136 2876 4208 σοφῶν
2927 4129 3196 4208 πάρεδρον
3249 4134 3581 4211 σοφίαν,καὶ
3641 4135 3778 4188 ὑπο-

2107 4219 2268 4290 τάξας
2319 4220 2395 4280 εἷς
2443 4219 2541 4292 ἐμὲ
2587 4225 2759 4274 πᾶσαν
2804 4221 2902 4289 τὴν
2934 4218 3164 4294 δύναμιν
3197 4225 3295 4276 τοῦ
3329 4217 3595 4276 διαϐόλου
3629 4241 3642 4253 ·
3671 4223 3778 4279 Καὶ

2110 4307 2441 4383 ἐπηρώτησα
2491 4307 2675 4380 αὐτὸν,
2726 4309 2816 4363 καὶ
2870 4311 3024 4364 εἷπον
3061 4331 3072 4344 ·
3127 4309 3265 4385 Λέγε
3295 4312 3380 4373 τίς
3414 4313 3463 4365 εἴ
3495 4329 3508 4342 '
3541 4312 3603 4368 Ὀ
3654 4308 3777 4366 δαί-

2114 4418 2228 4469 μων
2263 4395 2363 4474 ἔφη
2401 4416 2413 4428 ’
2451 4397 2595 4470 Ἐγώ
2655 4397 2768 4471 εἰμι
2819 4394 3182 4468 Βεελζεϐοὺλ,
3215 4401 3243 4454 6
3301 4405 3408 4454 τῶν
3471 4397 3774 4473 δαιμονίων

2109 4485 2391 4561 ἶξαρχοςο
2453 4487 2680 4548 ἅπαντες
2758 4484 2816 4541 δέ
2892 4489 2943 4542 οἱ
3025 4485 3281 4561 δαίμονες
3358 4483 3583 4564 ἕγγυθέν
3667 4510 3776 4562 μου

2108 4573 2498 4649 προεδρεύουσι
2535 4594 2547 4608 ·
2607 4575 2697 4629 καὶ
2761 4575 3040 4652 έμφανίζω
3088 4577 3311 4632 έκάστου
3358 4574 3622 4651 δαίμονος
3675 4579 3779 4647 τὴν

2109 4666 2427 4741 φαντασίαν.
2490 4663 2665 4726 Αὐτὸς
2745 4663 2803 4719 δέ
2885 4686 2981 4737 μοι
3056 4665 3424 4742 έπηγγείλατο
3482 4667 3656 4722 πάντα
3709 4666 3779 4721 τὰ.

2110 4753 2381 4830 ἀκάθαρτα
2440 4753 2721 4825 πνεύματα
2780 4754 3003 4830 ἀγαγεῖν
3061 4755 3200 4828 πρός
3255 4777 3322 4828 με
3381 4753 3575 4829 δέσμια
3617 4776 3628 4788 ·
3682 4757 3775 4810 καὶ

2111 4841 2222 4917 ἐγὼ
2280 4841 2445 4898 πάλιν
2507 4839 2732 4912 ἐδόξασα
2787 4844 2879 4898 τὸν
2941 4845 3068 4899 Θεὸν
3127 4849 3225 4900 τοῦ
3257 4844 3492 4920 οὐρανοῦ
3521 4845 3611 4900 καὶ
3669 4844 3772 4912 τῆς

2111 4939 2239 5008 γῆς,
2268 4931 2358 4986 καὶ
2388 4932 2698 5008 εὐχαριστῶ
2729 4932 2875 5005 αὐτῷ
2900 4934 3153 4991 πάντοτε.

2183 5021 2501 5094 Ἐπυθόμην
2541 5022 2688 5094 παρὰ
2725 5027 2824 5076 τοῦ
2873 5020 3131 5096 δαίμονος
3187 5022 3232 5078 εἰ
3287 5023 3428 5079 έστὶν
3479 5022 3531 5079 ἰν
3585 5023 3773 5087 αὐτοῖς

2111 5107 2368 5180 θήλειαι·
2428 5114 2526 5164 τοῦ
2596 5107 2652 5164 δέ
2713 5132 2808 5184 μοι
2868 5113 3141 5190 φήσαντος
3201 5114 3361 5180 εἶναι,
3414 5113 3567 5188 κάγὼ
3621 5114 3772 5168 εἶπον

2110 5196 2314 5266 ἤθελον
2375 5195 2576 5253 εἰδέναι
2613 5216 2626 5230 °
2692 5198 2782 5254 καὶ
2867 5199 3121 5255 ἀπελθὼν
3199 5197 3541 5270 Βεελζεϐοὺλ
3606 5202 3773 5278 ταχὺ,

2111 5285 2306 5364 ἤνεγκε
2355 5287 2492 5363 πρός
2552 5308 2618 5361 με
2685 5289 2785 5357 τήν
2837 5287 3204 5361 Ὀνοσκελίδα,
3261 5293 3478 5369 μορφὴν
3536 5289 3773 5367 ἔχουσαν

2109 5375 2408 5452 περικαλῆ,
2469 5376 2560 5430 καὶ
2621 5375 2794 5450 δεσμά
2859 5379 3111 5454 γυναικὸς
3169 5379 3478 5456 εὐχρώτου,
3537 5381 3626 5435 καὶ
3685 5401 3774 5435 κε-

2112 5465 2409 5540 ρατίζουσα
2459 5468 2560 5535 τήν
2611 5467 2878 5546 κεφαλήν.
2941 5467 3246 5544 Ἐλθούσῃς
3303 5465 3360 5524 δὶ
3418 5469 3584 5540 αὐτῆς
3636 5467 3769 5547 ἔφην

409 5679 489 5754 (1)
518 5682 753 5737 Lacuna
784 5679 843 5736 in
873 5683 1057 5736 textu.
1090 5682 1168 5738 Ad
1203 5680 1529 5756 marginem
1561 5679 1869 5739 lateralom
1900 5701 2002 5758 τρα

2117 5703 2132 5738 θ
2165 5681 2315 5747 εὶπὸς
2347 5685 2535 5741 ταῦτα.
