4142 6392
325 383 477 445 1321

1474 374 2084 440 TESTAMENTUM
2127 375 2498 442 SALOMON
2507 380 2603 443 IS.

3597 386 3754 450 1322

321 512 481 589 αὐτῇ·
514 512 653 588 Λέγε
686 511 891 585 μοιτίς
938 512 1004 569 εἶ.
1054 513 1120 569 Ἦ
1178 509 1238 568 Si
1293 530 1387 586 μοι
1441 505 1567 581 ἔφη·
1623 509 1765 585 Ἐγὼ
1825 509 1976 566 Ὀνοε

2096 511 2217 566 tem
2276 510 2442 575 dixi;
2497 512 2698 569 Indica
2754 514 2899 572 mihi
2959 518 3094 590 quis
3148 518 3254 576 sis.
3313 522 3449 585 Quae
3507 535 3756 592 respon-

321 602 509 665 σκελὶς
548 600 855 672 παλοῦμαι·
902 605 1118 675 πνεῦμα
1174 595 1481 674 σεϐωμᾶτω
1541 601 1608 673 (Ρ)
1667 598 1982 670 πεποιημέ-

319 711 449 747 νων·
502 689 750 767 φωλαῖον
802 689 892 746 ἐπὶ
933 694 1034 757 τῆς
1083 698 1206 766 γῆς·
1260 688 1530 760 σπήλαιόν
1578 709 1671 762 μοι
1722 687 1980 764 χρύσειον

320 780 448 845 ἔνθα
502 784 710 854 κεῖμαι·
768 778 884 855 ἔχω
918 778 975 835 δὲ
1021 777 1426 835 πολυποίκιλον
1465 778 1657 834 τόπον·
1718 776 1851 832 ποτὶ
1883 776 1977 849 μὲν

319 870 630 946 ἀνθρώποις
687 868 860 946 πνίγω
938 867 1011 924 δι’
1082 869 1364 946 ἀγχόνης·
1424 869 1557 923 ποτὶ
1616 864 1673 921 δὲ
1721 867 1826 920 ἀπὸ
1878 872 1979 935 τῆς

318 958 528 1036 φύσεως
560 958 637 1021 εἷς
690 959 939 1033 ἀγκῶνας
970 959 1066 1030 (ad
1125 976 1315 1031 marg.
1380 953 1687 1029 σκωλήκια)
1720 953 1976 1033 φωλεύω·

314 1048 383 1103 τὰ
414 1046 471 1104 δὲ
500 1046 730 1104 πλεῖστά
780 1068 875 1120 μοι
908 1046 1205 1122 οἰκητήρια
1234 1046 1335 1101 εἰσὶ
1393 1045 1659 1121 κρημνοὶ,
1709 1042 1977 1114 σπήλαια,

316 1140 611 1217 φάραγγες·
674 1135 949 1201 πολλάκις
978 1132 1036 1191 δὶ
1081 1135 1171 1192 καὶ
1222 1136 1554 1211 συγγίνομαι
1605 1138 1721 1195 τοῖς
1772 1132 1979 1206 ἀνθρώ·

316 1248 442 1291 ποις
497 1228 571 1290 ὡς
626 1229 762 1303 γυνή
824 1223 1060 1281 δοκοῦσα
1114 1225 1271 1282 εἶναι·
1325 1224 1432 1300 πρὸ
1471 1222 1684 1279 πάντων
1738 1219 1795 1277 δὲ
1858 1226 1977 1284 τοῖς

321 1315 665 1393 μελιχρόοις·
718 1314 869 1371 οὗτοι
916 1315 1021 1391 γὰρ
1074 1312 1363 1390 σύναστροί
1417 1311 1512 1387 μοί
1568 1309 1691 1368 εἶ’σι·
1739 1311 1827 1366 καὶ
1872 1310 1973 1386 γαρ

314 1408 378 1462 τὸ
407 1403 600 1481 ἄστρον
638 1426 743 1479 μου
792 1406 945 1460 οὗτοι
991 1402 1167 1479 λάθρα
1211 1402 1302 1458 καὶ
1343 1406 1589 1481 φανερῶς
1639 1403 1972 1476 προσκυνοῦ-

316 1514 420 1551 σι·
486 1494 574 1550 καὶ
634 1495 737 1549 οὐκ
794 1490 1004 1548 οἷ’δασιν
1067 1494 1149 1547 ὅτι
1210 1490 1404 1553 αὐτοὺς
1469 1491 1823 1567 βλάπτουσι,
1882 1490 1972 1542 καί

314 1584 506 1641 πλεῖόν
566 1605 634 1658 με
678 1587 1004 1659 κακουργεῖν
1056 1580 1388 1655 ἐρεθίζουσι·
1453 1579 1670 1643 θέλουσι
1719 1580 1822 1654 γὰρ
1885 1576 1975 1632 διὰ

311 1682 414 1745 τῆς
445 1675 674 1748 μνήμης
702 1672 930 1750 χρυσίον
983 1670 1250 1747 πορίζειν·
1312 1670 1419 1745 ἑγὼ
1466 1667 1524 1725 δὲ
1578 1666 1808 1744 παρέχω
1861 1666 1972 1722 ὀλί-

314 1786 413 1842 γον
470 1768 587 1827 τοῖς
633 1761 822 1825 καλῶς
882 1783 949 1835 με
1004 1764 1428 1836 προσκυνοῦσιν.
1490 1757 1859 1832 Ἐπηρώτησα
1915 1753 1973 1811 δὲ

2094 599 2181 654 dit
2238 617 2252 655 :
2312 601 2430 672 Ego
2488 602 2789 660 Onoscelis
2845 623 3019 664 vocor
3078 609 3323 681 spiritus
3380 627 3394 666 :
3448 608 3753 666 venerabi-

2091 686 2167 743 lis
2225 695 2422 744 creata
2478 708 2652 761 sum;
2706 694 2973 751 solitaria
3028 697 3088 752 in
3147 703 3327 765 terra,
3376 712 3589 771 specus
3643 716 3748 755 au-

2092 794 2260 833 reum
2316 778 2541 850 habito,
2600 781 2661 836 in
2718 782 2844 839 loco
2905 787 3102 843 multa:
3168 786 3491 844 varietatis.
3549 791 3751 853 Quan-

2092 867 2284 939 doque
2340 867 2612 925 homines
2669 873 2890 929 sutt'oco
2947 893 3049 947 per
3100 875 3419 949 laqueum,
3479 881 3745 950 quando-

2092 972 2205 1027 que
2251 958 2518 1029 procula
2566 964 2780 1017 natura
2829 963 2888 1018 in
2934 965 3171 1038 angulis
3221 966 3590 1037 abscondor;
3627 967 3748 1041 ple-

2090 1061 2342 1117 rumque
2422 1052 2620 1105 autem
2682 1050 2740 1105 in
2819 1054 3182 1125 pracipitiis,
3241 1055 3525 1127 cavernis,
3584 1057 3749 1129 abys-

2089 1135 2173 1190 sis
2246 1137 2416 1193 sedes
2490 1156 2687 1207 mea;
2761 1158 2912 1214 saepe
2991 1143 3170 1199 etiam
3246 1144 3400 1203 inter
3474 1144 3746 1203 homines

2084 1240 2304 1291 versor,
2366 1230 2423 1282 et
2498 1227 2719 1286 femina
2796 1232 2998 1288 videor
3075 1249 3254 1304 esse;
3311 1234 3566 1292 maxime
3640 1252 3743 1292 au-

2085 1316 2203 1369 tem
2236 1312 2389 1369 inter
2420 1332 2518 1372 eos
2550 1318 2651 1389 qui
2681 1320 3025 1376 subfuscam
3081 1327 3276 1378 cutem
3335 1328 3549 1396 gerunt
3581 1341 3595 1381 :
3626 1322 3743 1395 ipsi

2084 1401 2241 1457 enim
2319 1405 2430 1460 sub
2489 1407 2692 1463 eodem
2763 1408 2954 1467 sidere
3021 1427 3254 1469 mecum
3321 1417 3519 1482 sunt;
3574 1413 3742 1470 sidus

2082 1492 2239 1547 enim
2270 1509 2465 1550 meum
2498 1495 2556 1550 hi
2590 1496 2927 1555 clanculum
2959 1503 3015 1556 et
3038 1506 3236 1572 aperte
3267 1506 3739 1558 veneranturne-

2084 1581 2334 1639 scientes
2390 1586 2546 1655 quod
2597 1586 2675 1641 ibi
2729 1587 2874 1660 ipsis
2920 1595 3205 1659 noceant;
3240 1596 3298 1647 et
3326 1592 3495 1647 valde
3545 1607 3638 1647 me
3668 1592 3741 1648 ad

2085 1669 2576 1728 malefaciendum
2631 1682 2945 1746 provocant
2980 1694 2992 1731 :
3027 1677 3230 1734 volunt
3282 1679 3440 1735 enim
3486 1696 3588 1751 per
3619 1695 3742 1736 me-

2085 1760 2336 1815 moriam
2370 1762 2707 1835 (templum)
2744 1782 2956 1821 aurum
3004 1769 3345 1838 acquirere;
3374 1772 3432 1824 et
3461 1784 3565 1839 ego
3596 1786 3743 1841 prae-

313 1852 482 1923 αὐτὴν
534 1851 681 1928 κάγὼ
732 1850 1029 1925 Σολομῶν,
1088 1851 1249 1905 πόθεν
1291 1852 1467 1941 γεννᾷ.
1511 1849 1582 1941 ⁸Ἡ
1628 1842 1969 1941 8é-noijs'o11,

2088 1849 2192 1904 beo
2245 1866 2451 1921 parum
2487 1851 2576 1907 his
2609 1853 2708 1923 qui
2759 1854 2905 1909 bene
2957 1871 3046 1910 me
3084 1857 3352 1912 adorant.
3384 1856 3743 1929 Interrogavi

317 1942 454 2001 Ἀπὸ
484 1948 672 2020 φωνῆς
704 1941 953 2016 ἀκαίρου,
982 1944 1080 1995 τοῦ
1110 1936 1454 2013 καλουμένου
1484 1934 1633 2013 ἤχου
1684 1936 1972 2011 ἀνθρώπου

322 2026 592 2106 μολίϐδου
623 2035 723 2102 (sic
742 2033 785 2104 Ρ)
829 2030 1055 2107 ἀφέντος
1082 2028 1132 2083 ἐν
1182 2026 1288 2103 ὅλῃ
1318 2027 1629 2103 ἐγεννήθην.
1678 2027 1854 2103 Ἓφην
1915 2021 1974 2079 δὲ

317 2121 425 2198 ἐγὼ
484 2121 663 2196 αὐτῇ·
716 2120 869 2193 Ποίῳ
928 2116 1111 2192 ἄστρῳ
1162 2115 1402 2193 διέρχῃ;
1444 2118 1508 2173 Ἥ
1567 2113 1626 2171 δέ
1689 2136 1781 2188 μοι
1830 2116 1970 2169 εἷπε·

322 2208 657 2282 ΙΙανσελήνῳ
704 2205 904 2285 ἄστρῳ,
962 2204 1102 2263 διότι
1149 2207 1239 2263 καὶ
1289 2209 1325 2275 ἡ
1378 2204 1583 2277 σελήνη
1626 2205 1693 2260 τὰ
1744 2201 1975 2258 πλείονα

322 2297 519 2357 ὁδεύει·
574 2298 714 2375 Ἐγὼ
759 2296 817 2354 δὲ
867 2296 1016 2373 λέγω
1058 2298 1195 2374 πρὸς
1230 2295 1416 2367 αὐτήν·
1480 2296 1578 2350 Καὶ
1620 2294 1781 2355 ποῖός
1830 2293 1972 2347 ἐστιν

321 2388 349 2443 ὁ
380 2385 612 2463 ἄγγελος
643 2386 671 2441 ὁ
725 2390 1011 2461 καταργῶν
1047 2404 1137 2452 σε;
1168 2386 1232 2442 Ἡ
1266 2382 1323 2439 δὲ
1356 2382 1472 2439 εἶπέ
1506 2404 1622 2457 μοι,
1666 2384 1728 2440 Ὀ
1781 2381 1831 2436 ἐν
1888 2379 1974 2436 σοὶ

323 2475 649 2553 βασιλεύων.
700 2474 865 2551 Κάγὼ
895 2474 972 2537 εἰς
1023 2473 1389 2550 χλούην(εἰε)
1438 2471 1805 2548 λογισὶμενος
1855 2468 1975 2526 ἰκέ-

318 2565 485 2623 λευσα
532 2565 870 2642 στρατιώτην
926 2569 1152 2641 κροῦσαι
1231 2564 1442 2634 αὐτήν·
1509 2564 1575 2619 Ἥ
1635 2559 1693 2617 δὲ
1745 2559 1975 2636 ἀνακρά-

316 2657 446 2728 ξασα
493 2656 658 2727 εἶπεν,
708 2655 852 2730 Ἐγώ
900 2675 1007 2723 σοι,
1064 2652 1328 2729 βασιλεῦ,
1379 2652 1482 2707 ὑπὸ
1533 2658 1634 2721 τῆς
1677 2648 1978 2724 δεδομένης

317 2767 402 2800 σοι
459 2742 654 2823 σοφίας
703 2747 802 2799 τοῦ
833 2748 991 2813 Θεοῦ,
1047 2742 1138 2797 καὶ
1194 2742 1299 2797 ὐπὸ
1353 2745 1450 2797 τοῦ
1518 2738 1754 2816 ἀγγέλου
1782 2736 1975 2809 Ἰωήλ.

318 2835 460 2910 Ἐγὼ
492 2831 550 2889 δὲ
581 2830 837 2889 ἐκέλευσα
879 2832 1047 2902 αὐτὴν
1080 2834 1262 2902 νήθειν
1311 2833 1413 2901 τὴν
1458 2824 1686 2886 κάναόιν
1747 2827 1825 2891 εἷς
1884 2828 1977 2889 τὰς

322 2923 576 2999 σχοίνους
632 2922 685 2979 ἐν
737 2927 815 2995 τῷ
871 2917 1012 2999 ἔργῳ
1066 2926 1165 2976 τοῦ
1202 2920 1500 2995 κτίσματος
1548 2924 1644 2974 τοῦ
1671 2923 1827 2987 Θεοῦ,
1885 2919 1972 2973 καὶ

325 3012 497 3076 οὕτως
586 3012 880 3088 σφραγίσας
967 3010 1058 3066 καὶ
1132 3009 1301 3081 δήσας
1369 3009 1563 3079 αὐτὴν,
1624 3007 1974 3082 ἆκατηργήθη

322 3103 460 3158 ὥστε
506 3100 756 3167 ’ίστασθαι
787 3100 981 3164 νυκτὸς
1037 3099 1127 3156 καὶ
1177 3101 1389 3176 ἡμέρας
1451 3100 1632 3170 νήθειν
1690 3097 1790 3165 τὴν
1846 3096 1977 3151 κᾶν-

319 3187 625 3287 vadit-1312
674 3189 930 3287 ὲκῇευσα
988 3188 1225 3287 ἀχθῆναί
1258 3210 1377 3287 ,μοι
1420 3184 1601 3287 ἕτερον
1637 3184 1969 3287 δαιμόνιον,

469 3246 825 3354 εὐθέωςήιέδι
880 3246 1190 3356 προσὲλόεν
1251 3246 1288 3333 ὁι
1352 3246 1560 3349 δαίμών
1637 3246 2046 3347 Ἀσμοδαῖοςϐ

320 3368 630 3445 δεδεμένος,
690 3371 781 3426 καὶ
831 3370 1097 3445 ἠρώτησα
1156 3368 1342 3441 αὐτὸν,
1403 3367 1478 3421 Σὺ
1535 3366 1620 3429 τίς
1672 3366 1755 3435 si;
1811 3366 1871 3422 Ὀ
1920 3362 1976 3419 δὲ

323 3461 457 3535 μετὰ
486 3463 662 3535 θυμοῦ
704 3458 796 3516 καὶ
846 3459 1013 3535 ὀργῖς
1046 3452 1325 3532 ἐμϐλέψας
1377 3477 1444 3531 με
1494 3452 1619 3535 ἔφη·
1682 3454 1755 3510 Σὸ
1810 3451 1867 3509 δὶ
1894 3454 1979 3517 τίς

319 3550 569 3620 εἶ;’Καὶ
626 3550 775 3605 εἶπον
839 3549 1021 3620 αὐτῷ·
1081 3546 1271 3610 Οὕτως
1327 3545 1781 3622 τετιμωρημένος
1838 3544 1977 3599 ἀπο-

313 3637 474 3714 κρίνῃ
532 3659 647 3714 μοι·
710 3640 738 3694 ὁ
796 3636 854 3694 δὶ
914 3638 1029 3712 μετ’
1062 3636 1236 3713 ὀργῆς
1293 3633 1440 3710 λέγει
1503 3653 1617 3708 μοι·
1655 3631 1827 3691 Ἀλλᾶ
1859 3638 1975 3695 πῶς

315 3750 401 3784 σοι
461 3728 770 3804 ἀποκριθῶ,
832 3728 895 3782 σὺ
949 3728 1054 3803 γὰρ
1114 3726 1405 3802 ἀνθρώπου
1458 3724 1575 3786 υἱὸς
1636 3723 1699 3777 εἴ·
1760 3722 1865 3798 ἐγὼ
1920 3718 1977 3775 δὲ

317 3816 557 3893 ἀγγέλου
616 3815 792 3892 σπορὰ
842 3813 931 3871 διὰ
985 3814 1248 3890 θυγατρὸς
1306 3812 1597 3889 ἀνθρώπου
1655 3810 1972 3885 ἰγεννήοην·

318 3905 461 3962 ὥστε
520 3905 672 3962 ούδὶν
735 3905 1081 3980 ὑπερήφανον
1143 3903 1298 3979 ῥῆμα
1325 3898 1585 3976 οὐρανίου
1617 3898 1808 3974 γένους
1838 3898 1974 3972 πρὸς

316 4000 593 4072 γηγενεῖς*
630 3992 714 4049 διὸ
744 3993 927 4049 καὶτὸ
960 3993 1154 4067 ἄστρον
1191 4011 1296 4063 μου
1344 3988 1397 4044 ἐν
1457 3989 1674 4064 οὐρανῷ
1722 3988 1972 4047 φωτεύει·

317 4082 407 4139 καί
438 4083 568 4139 αὐτὸ
593 4081 871 4160 ἅνθρωποι
904 4080 1153 4157 λέγουσιν
1188 4079 1419 4152 ἄμαξαν,
1477 4078 1529 4132 οἱ
1580 4074 1637 4132 δὲ
1690 4076 1780 4131 τὸν
1844 4073 1977 4151 δρα-

315 4170 652 4228 κοντοπαῖδα
697 4174 816 4245 (sic)
857 4169 1238 4242 πλησιάζομαι
1286 4166 1377 4221 σὺν
1429 4170 1508 4238 τῷ
1553 4163 1734 4241 ἄστρῷ
1786 4162 1975 4234 αὐτοῦ,

316 4261 408 4318 καὶ
463 4259 653 4318 πολλά
713 4281 807 4334 μοι
869 4261 945 4333 μή
999 4258 1196 4335 ἐρώτα,
1237 4255 1320 4312 ὅτι
1349 4255 1438 4311 καὶ
1471 4259 1567 4311 σοῦ
1594 4257 1658 4311 τὸ
1694 4253 1976 4329 βασίλειον

317 4352 458 4428 πρὸς
513 4351 748 4427 χρόνους
815 4347 1044 4426 μικροὺς
1103 4344 1519 4424 διαρῥήγνυται,
1564 4344 1653 4400 καὶ
1711 4342 1978 4419 πρόσκαι-

322 4441 420 4518 ρός
452 4439 592 4497 ἐστιν
640 4441 675 4509 ἡ
729 4435 856 4510 δόξα
906 4456 1020 4491 σου·
1073 4436 1164 4491 καὶ
1219 4432 1383 4511 ὀλίγα
1407 4436 1556 4507 ἡμᾶς
1602 4433 1977 4506 τυραννήσεις,

317 4530 410 4586 καὶ
445 4528 611 4585 πάλιν
644 4529 823 4601 νομὴν
864 4521 1052 4600 ἕξομεν
1085 4524 1160 4586 εἷς
1208 4523 1309 4593 τήν
1361 4520 1775 4599 ἀνθρωπότητα·
1840 4518 1978 4574 ὣστε

2082 1954 2211 1993 eam
2263 1954 2368 2012 ego
2417 1939 2740 1997 Salomon:
2790 1943 2955 1999 Unde
3006 1944 3257 2001 oriunda
3304 1962 3367 2002 es
3407 1944 3515 2002 tu?
3544 1946 3613 2001 Et
3659 1945 3743 2002 ait

2083 2027 2275 2083 mihi:
2328 2030 2373 2083 A
2429 2046 2567 2085 voce
2619 2031 2973 2104 intempesta
3026 2034 3216 2091 vocati
3277 2034 3421 2091 echo
3477 2033 3741 2091 hominis

2084 2115 2312 2188 plumbi
2371 2118 2492 2189 (sic)
2552 2120 2772 2176 emissa
2845 2122 2903 2177 in
2964 2122 3120 2179 saltu
3199 2127 3338 2180 nata
3403 2141 3559 2180 sum.
3621 2124 3739 2195 Ego

2084 2210 2285 2261 autem
2346 2207 2463 2263 dixi
2521 2208 2573 2263 ei
2607 2226 2621 2265 :
2655 2211 2773 2266 Sub
2833 2229 2947 2283 quo
3006 2212 3199 2269 sidere
3254 2212 3576 2270 ambulas?
3604 2215 3744 2281 Quae

2085 2294 2167 2349 ait
2198 2313 2211 2350 :
2242 2296 2361 2351 Sub
2392 2297 2582 2353 sidere
2622 2298 2775 2355 lunae
2808 2300 3014 2372 plenae,
3047 2318 3183 2357 nam
3220 2301 3361 2357 luna
3391 2303 3743 2375 plerumque

2084 2384 2196 2439 iter
2227 2385 2382 2441 facit.
2416 2387 2485 2441 Et
2532 2388 2667 2459 quis
2698 2394 2787 2445 est
2838 2390 3083 2462 angelus
3115 2391 3217 2464 qui
3266 2396 3323 2448 te
3357 2392 3739 2464 impotentem

2086 2473 2270 2529 facit?
2301 2473 2564 2547 inquam.
2600 2478 2667 2533 Et
2718 2478 2867 2533 dixit
2898 2497 2910 2535 :
2949 2479 3053 2547 Qui
3088 2480 3147 2534 in
3204 2484 3257 2536 te
3311 2484 3540 2553 regnat.
3577 2480 3744 2545 Quod

2086 2579 2190 2634 ego
2226 2563 2283 2619 in
2317 2565 2576 2621 derisum
2629 2567 2949 2640 accipiens,
3000 2570 3249 2651 praecepi
3300 2574 3365 2624 ut
3412 2572 3746 2641 percuteret

2086 2669 2214 2707 eam
2268 2654 2479 2723 miles;
2513 2660 2573 2710 at
2621 2655 2722 2711 illa
2769 2655 3036 2713 clamans
3078 2657 3161 2713 ait
3193 2675 3207 2713 :
3242 2659 3369 2714 Tua
3400 2674 3528 2732 ego,
3562 2674 3595 2713 ο
3627 2674 3749 2725 rex,

2086 2745 2324 2811 propter
2371 2743 2568 2798 datam
2601 2742 2709 2798 tibi
2741 2744 3093 2817 sapientiam
3125 2744 3251 2810 Dei,
3283 2750 3341 2802 et
3377 2751 3617 2819 propter
3645 2763 3751 2802 an-

2087 2828 2283 2899 gelum
2337 2831 2484 2888 Joel.
2517 2837 2589 2890 Et
2618 2834 2864 2906 praecepi
2918 2837 2983 2889 ut
3038 2835 3169 2905 ipsa
3220 2839 3479 2892 necteret
3536 2852 3748 2891 canna-

2084 2918 2207 2974 bim
2242 2921 2312 2975 ad
2347 2921 2619 2990 chordas,
2655 2923 2714 2978 in
2748 2940 2921 2996 Opere
2952 2924 3360 2981 mdilicationis
3400 2924 3500 2981 Dei
3528 2943 3542 2994 ;
3575 2929 3635 2982 et
3664 2923 3750 2981 sic

2087 3009 2256 3081 signo
2315 3015 2536 3077 notata,
2571 3016 2627 3068 et
2681 3013 2933 3069 vinculis
2990 3014 3329 3078 constricta,
3360 3013 3615 3070 imbellis
3664 3014 3746 3070 ita

2086 3096 2241 3154 facta
2272 3104 2380 3167 est,
2415 3105 2479 3155 ut
2536 3108 2707 3158 nocte
2752 3108 2810 3157 et
2867 3103 2959 3157 die
3019 3108 3199 3159 staret
3256 3104 3326 3158 ad
3389 3102 3740 3160 nectandam

2085 3188 2419 3245 cannabim.
2457 3194 2524 3244 Et
2574 3191 2819 3262 princepi
2855 3196 2919 3246 ut
2963 3192 3358 3247 adduceretur
3405 3191 3550 3247 mihi
3581 3190 3741 3248 aliud

2087 3278 2464 3347 daemonium,
2497 3284 2553 3334 et
2597 3278 2866 3350 protinus
2898 3280 2968 3335 ad
3022 3297 3114 3335 me
3162 3279 3472 3352 ingressus
3516 3283 3605 3336 est
3634 3280 3746 3336 dae-

2088 3384 2226 3423 mon
2258 3368 2598 3424 Asmodaeus
2647 3368 2903 3435 vinctus,
2938 3373 2996 3423 et
3042 3368 3399 3442 interrogavi
3440 3385 3576 3424 eum
3610 3387 3624 3426 :
3657 3369 3747 3425 Tu

2089 3457 2223 3529 quis
2252 3456 2385 3512 est?
2416 3457 2526 3523 Qui
2584 3474 2717 3513 cum
2778 3457 2868 3513 ira
2923 3462 2980 3515 et
3042 3458 3236 3514 furore
3292 3458 3585 3530 aspiciens
3630 3475 3747 3531 me,

2088 3546 2385 3602 dixitzEt
2439 3551 2498 3601 tu
2559 3547 2694 3618 quis
2751 3546 2865 3602 es?
2922 3548 2992 3602 Et
3048 3547 3168 3602 dixi
3224 3547 3275 3602 ei
3309 3564 3322 3603 :
3356 3547 3452 3604 Sic
3505 3550 3749 3604 vexatus

2086 3634 2228 3690 talia
2272 3637 2594 3706 resgiondos
2646 3635 2846 3691 mihi?
2877 3636 2985 3704 Qui
3031 3636 3116 3691 ira
3162 3636 3422 3709 percitus
3472 3637 3600 3693 ait:
3633 3637 3746 3693 Sed

2087 3724 2382 3795 quomodo
2416 3723 2519 3779 tibi
2566 3725 3008 3796 respondeam?
3032 3725 3113 3781 Tu
3160 3724 3319 3781 enim
3371 3723 3632 3781 hominis
3680 3724 3747 3780 fi-

2086 3808 2202 3864 lius
2233 3826 2332 3878 es;
2374 3826 2482 3881 ego
2535 3815 2732 3865 autem
2795 3812 2990 3884 angeli
3050 3815 3358 3884 progenies
3407 3830 3511 3885 per
3562 3811 3746 3868 filiam

2087 3897 2345 3953 hominis
2378 3902 2552 3954 natus
2604 3917 2777 3967 sum;
2812 3901 2969 3956 unde
3018 3901 3250 3957 nullum
3299 3902 3544 3957 verbum
3592 3918 3749 3958 arro-

2086 4005 2230 4059 gans
2260 3987 2513 4044 cmlestis
2562 3989 2792 4061 generis
2844 3990 2912 4044 ad
2965 3989 3292 4062 terrigenas
3321 4009 3333 4058 ;
3367 4006 3547 4061 quare
3577 3990 3748 4046 sidus

2088 4093 2285 4132 meum
2346 4076 2530 4148 fulget
2574 4077 2633 4133 in
2690 4077 2856 4144 coelo,
2890 4082 2947 4134 et
3003 4078 3150 4135 illud
3208 4079 3480 4135 homines
3538 4083 3751 4135 vocant

2088 4166 2337 4221 Currum
2367 4183 2380 4233 ;
2416 4166 2513 4221 alii
2567 4184 2702 4222 vero
2762 4167 3039 4224 Draconis
3086 4168 3317 4236 filium;
3351 4168 3752 4226 familiaritate

2089 4260 2222 4312 utor
2253 4272 2388 4311 cum
2423 4256 2615 4312 sidere
2658 4258 2827 4326 ejus;
2862 4261 2919 4313 et
2949 4258 3139 4313 multa
3170 4274 3241 4313 ne
3274 4274 3368 4314 me
3396 4256 3750 4331 interroges,

2090 4345 2229 4416 quia
2256 4362 2505 4417 regnum
2535 4350 2704 4401 tuum
2758 4351 2890 4418 post
2919 4350 3153 4419 tempus
3185 4348 3357 4404 breve
3396 4351 3751 4418 conteretur,

2090 4439 2149 4490 et
2173 4435 2517 4507 temporalis
2548 4439 2639 4491 est
2667 4434 2854 4507 gloria
2883 4439 3026 4507 tua;
3058 4440 3116 4492 et
3158 4436 3456 4493 modicum
3510 4454 3619 4493 nos
3662 4454 3754 4493 re-

2089 4541 2191 4598 ges
2242 4528 2299 4579 et
2348 4540 2583 4580 rursum
2638 4529 2992 4596 potestatem
3044 4526 3399 4582 habebimus
3447 4526 3506 4582 in
3539 4527 3755 4582 huma-

316 4612 561 4675 σέϐεσθαι
626 4619 777 4691 ἡμᾶς
846 4616 921 4679 ὡς
998 4614 1153 4675 θεοὺς
1218 4607 1398 4679 ὄντας,
1450 4611 1527 4683 μή
1594 4607 1976 4685 γινωσκόντων

2091 4630 2229 4669 num
2264 4629 2475 4685 genus,
2510 4614 2654 4669 adeo
2685 4617 2750 4668 ut
2781 4630 2887 4670 nos
2914 4619 3272 4670 venerentur
3300 4618 3365 4670 ut
3395 4615 3557 4683 deos,
3586 4615 3754 4687 igno-

315 4711 425 4764 τῶν
461 4708 760 4784 ἀνθρώπων
800 4707 868 4760 τὰ
902 4705 1145 4779 ὀνόματα
1173 4706 1281 4759 τῶν
1313 4701 1430 4756 καθ’
1460 4702 1608 4774 ἡμᾶς
1636 4699 1980 4775 τεταγμένων

226 4864 236 4875 .
320 4794 485 4875 ἆγγέλ
493 4818 586 4854 ων.

387 4923 533 4999 Ἐγὼ
564 4918 622 4977 δὲ
655 4917 953 4993 Σολομῶν,
1011 4922 1183 4973 ταῦτα
1240 4915 1498 4985 ἀκούσας,
1556 4911 1977 4988 ἐπιμελέστερον

320 5008 604 5085 δεσμώσας
659 5009 820 5066 αὐτὸν
878 5006 1140 5064 ἰκὲλευσα
1207 5004 1555 5081 μαστίζεσθαι
1619 5001 1930 5079 βουνεύροις
1964 5046 1979 5071 ,

314 5102 408 5158 καὶ
491 5098 883 5176 ἀπολογεῖσθαι
938 5096 1022 5159 τίς
1080 5096 1329 5153 καλεῖται
1382 5096 1470 5151 καὶ
1528 5093 1611 5155 τίς
1663 5094 1698 5163 ἠ
1761 5092 1984 5167 ἔργασία

316 5191 516 5248 αὑτοῦ.
571 5191 633 5247 Ὁ
681 5188 738 5244 δὲ
786 5186 887 5266 ἔφη
940 5207 1058 5259 μοι,
1115 5185 1253 5259 Ἐγὼ
1312 5181 1641 5257 Ἀσμοδαῖος
1701 5180 1979 5253 καλοῦμαι

315 5280 463 5356 παρὰ
525 5280 788 5355 βροτοῖς·
851 5276 941 5332 καὶ
1010 5278 1045 5345 ἡ
1106 5272 1334 5349 ἐργασία
1411 5294 1517 5345 μου
1577 5271 1686 5327 ἐστὶ
1739 5270 1803 5324 τὸ
1853 5269 1982 5333 τοὺς

313 5368 656 5447 νεονύμιρους
704 5360 1084 5422 ἐπιϐουλεύειν
1143 5365 1219 5435 μὴ
1280 5369 1648 5437 συμμιγῆναι,
1694 5361 1782 5415 καὶ
1844 5381 1979 5414 παν-

313 5458 491 5521 τελῶς
542 5456 883 5533 ἀποχωρίζω
914 5452 1005 5510 δια
1035 5451 1268 5509 πολλῶν
1312 5456 1628 5529 συμφορῶν,
1674 5450 1764 5505 καὶ
1794 5471 1979 5525 γυναι-

315 5553 428 5607 κῶν
479 5548 754 5623 παρθένων
803 5543 1015 5606 κάλλος
1048 5540 1314 5621 ἀφανίζω,
1342 5541 1434 5596 καὶ¹
1475 5537 1701 5617 καρδίας
1734 5537 1977 5597 ἀλλοιῶ.

316 5640 494 5716 Ἕφην
557 5622 603 5690 δ’
664 5633 769 5712 ἐγὼ
818 5633 1009 5706 αὐτῷ·
1087 5633 1242 5703 Μόνη
1318 5652 1414 5686 σου
1473 5632 1509 5699 ἡ
1567 5627 1786 5705 ἐργασία
1834 5622 1975 5716 ἔστιν

321 5725 456 5798 αῦτη
484 5746 499 5799 ;
544 5726 572 5779 ὁ
605 5721 663 5780 δὶ
688 5724 838 5800 λέγει
874 5743 988 5799 μοι·
1050 5722 1336 5801 ΙΙεριιρέρω
1394 5720 1709 5796 ἀνθρώπους
1743 5717 1818 5781 εἷς
1846 5715 1977 5773 λύσ-

602 5858 870 5918 ΡΑτιιοι.
919 5856 1027 5918 Ga.
1076 5854 1315 5918 CXXII.

2090 4703 2357 4758 rentibus
2406 4702 2752 4759 hominibus
2803 4703 3044 4760 nomina
3095 4704 3549 4776 praepositorum
3599 4704 3753 4761 inter

2092 4808 2200 4847 nos
2230 4791 2602 4862 angelorum.

2162 4916 2280 4988 Ego
2305 4915 2585 4973 Salomon
2607 4916 2727 4972 haec
2751 4916 3020 4984 audiens,
3045 4916 3381 4973 accuratius
3406 4916 3563 4972 vinxi
3586 4932 3745 4985 eum,

2092 5004 2328 5076 etjussi
2364 5010 2426 5061 ut
2471 5004 2824 5078 plecteretur
2871 5005 3067 5061 nervis
3097 5006 3303 5074 boum,
3334 5010 3392 5061 et
3428 5003 3751 5063 declararet

2091 5111 2207 5165 quo
2233 5095 2469 5150 nomine
2493 5098 2816 5161 vocaretur,
2848 5099 2903 5151 et
2924 5111 3052 5166 qua:
3076 5099 3232 5151 esset
3253 5094 3442 5167 ipsius
3464 5094 3747 5167 operatio.

2090 5183 2196 5247 Qui
2255 5182 2402 5237 dixit
2457 5184 2650 5241 mihi:
2696 5184 2808 5254 Ego
2866 5185 3211 5240 Asmodaeus
3274 5184 3546 5241 nominor
3594 5185 3753 5241 inter

2093 5270 2393 5335 mortales,
2427 5277 2485 5329 et
2516 5273 2682 5329 labor
2733 5290 2896 5328 meus
2928 5278 3018 5329 est
3070 5278 3133 5329 ut
3161 5273 3292 5329 novi
3343 5273 3513 5344 nupti
3563 5273 3755 5330 nolint

2090 5361 2502 5430 commisceri;
2549 5369 2606 5419 et
2663 5366 2837 5435 plane
2896 5364 3161 5419 deterreo
3218 5380 3318 5419 eos
3376 5380 3479 5436 per
3532 5362 3755 5421 multos

2089 5468 2282 5518 casus,
2319 5457 2377 5507 et
2427 5452 2747 5508 mulierum
2797 5451 3378 5509 adolescentularum
3411 5452 3750 5525 pulchritu-

2089 5540 2284 5596 dinem
2339 5541 2525 5605 delco,
2578 5545 2635 5596 et
2679 5542 2856 5597 corda
2902 5542 3176 5597 immuto.
3233 5541 3361 5597 Dixi
3413 5546 3610 5599 autem
3641 5543 3744 5599 ei:

2091 5633 2217 5686 Haec
2250 5631 2374 5688 sola
2422 5635 2511 5688 est
2558 5648 2699 5687 cura
2738 5631 2884 5687 tua?
2932 5631 3037 5699 Qui
3071 5631 3422 5703 respondit:
3470 5631 3747 5689 Homines

2089 5719 2276 5776 excito
2330 5721 2402 5776 ad
2463 5720 2682 5779 rabiem
2739 5724 2796 5776 et
2856 5719 3404 5793 concupiscentiae;
3464 5720 3747 5777 habentes

3380 5857 3458 5912 42
