4142 6396
398 409 556 471 1323

1397 401 1797 463 APPENDIX
1846 401 1952 461 AD
1996 399 2463 465 MICHAELEM
2506 398 2894 463 PSELLUM.

3668 397 3828 459 1324

390 557 602 600 uxores
632 540 921 616 proprias,
953 554 1163 595 rursus
1193 539 1265 594 ad
1311 536 1534 593 alienas
1585 536 1747 592 abire
1790 540 1960 592 nocte
1991 539 2049 591 et

2165 554 2254 589 σαν
2306 536 2425 609 (sic)
2467 533 2556 590 καὶ
2611 533 2689 596 εἷς
2739 529 2913 609 ὄρεξιν
2941 549 2955 564 ·
3005 529 3236 607 ἔχοντας
3278 527 3375 593 τὰς
3420 532 3674 607 γυναῖκας
3720 532 3831 587 αύ-

396 633 511 703 die,
542 631 623 687 ita
653 636 718 699 ut
746 636 1048 702 peccatum
1098 626 1451 700 compleant,
1484 631 1543 682 et
1572 627 1630 681 in
1678 626 1864 681 credes
1894 626 2058 681 aber-

394 728 543 778 rent.
576 719 856 790 Adjuravi
916 734 1051 774 eum
1098 734 1199 790 per
1252 733 1467 772 nomen
1518 714 1751 771 Domini
1801 714 2056 770 Sabaoth

392 812 594 867 dicens
624 826 638 864 :
673 810 860 865 Deum
906 807 1191 875 verearis,
1224 806 1547 870 Asmodaae,
1580 804 1676 859 die
1726 803 1870 859 mihi
1925 804 2058 874 quis

394 906 451 956 te
493 896 741 971 angelus
795 898 1181 969 impotentem
1233 895 1430 949 faciat.
1484 893 1591 957 Qui
1638 893 1720 949 ait
1753 911 1765 948 :
1800 892 2057 962 Raphael

394 987 806 1059 archangelus,
837 986 939 1058 qui
971 988 1090 1041 stat
1121 988 1257 1039 ante
1305 982 1582 1038 thronum
1634 981 1772 1049 Dei;
1807 981 1968 1052 ejicit
1996 982 2056 1036 in

398 1096 492 1135 me
513 1081 685 1151 jecur
735 1077 917 1150 piscis
960 1081 1019 1131 et
1067 1074 1141 1130 fel
1176 1075 1236 1129 in
1282 1074 1509 1129 fumum
1542 1073 1847 1128 redactum
1880 1088 2060 1143 super

396 1168 681 1224 carbones
737 1166 979 1222 ericeos.
1030 1162 1387 1235 Interrogavi
1446 1178 1653 1217 rursus
1713 1176 1848 1216 eum
1911 1176 1925 1215 :
1977 1160 2059 1215 Ne

397 1256 551 1314 celes
583 1255 732 1311 mihi
761 1254 1003 1309 verbum
1039 1268 1051 1307 :
1113 1268 1216 1321 ego
1247 1251 1405 1305 enim
1437 1266 1570 1305 sum
1592 1248 1865 1304 Salomon
1902 1248 2059 1303 ﬁlius

397 1345 579 1401 David
639 1344 795 1417 regis
857 1340 1075 1397 Israel:
1136 1339 1333 1395 indica
1390 1339 1534 1393 mihi
1598 1353 1814 1393 nomen
1875 1336 2057 1409 piscis

397 1449 576 1507 quem
607 1437 671 1488 tu
717 1431 955 1487 vereris.
989 1430 1260 1496 Vocatur,
1312 1427 1417 1498 ait,
1469 1422 1715 1494 silurus,
1763 1426 2062 1482 invenitur

396 1524 457 1579 in
489 1520 835 1579 ﬂuminibus
856 1518 1269 1592 Assyriorum;
1302 1533 1480 1588 quare
1513 1517 1620 1572 has
1651 1514 1921 1588 regiones
1952 1514 2060 1569 cir-

398 1627 623 1667 cumeo.
676 1609 782 1667 Cui
831 1608 997 1664 dixi:
1052 1606 1209 1662 Nihil
1258 1606 1417 1662 aliud
1471 1606 1529 1660 in
1581 1609 1660 1675 te,
1710 1601 2060 1660 Asmodaee?

395 1701 465 1756 Et
495 1698 798 1771 respondit
831 1714 844 1752 :
878 1695 1051 1753 Novit
1075 1699 1338 1768 potestas
1364 1694 1462 1750 Dei
1501 1694 1601 1765 qui
1628 1709 1731 1765 per
1754 1693 1862 1748 hoc
1891 1692 2059 1765 sigil-

394 1788 521 1844 lum
598 1786 860 1858 alligavit
917 1801 1007 1841 me
1082 1783 1508 1857 insolubilibus
1563 1780 1840 1846 vinculis,
1900 1780 2055 1851 quod

2165 627 2297 691 τῶν,
2330 623 2495 679 πάλιν
2552 624 2624 685 εἷς
2671 621 2853 697 ἐτέρας
2913 621 3109 696 ἑτέρων
3170 619 3504 695 ἀπέρχεσθαι
3562 618 3615 675 ἐν
3674 620 3825 675 νυκτὶ

2165 712 2255 767 καὶ
2303 714 2523 787 ἡμέρᾳ·
2578 712 2718 767 ὥστε
2763 710 2854 766 καὶ
2901 711 3002 779 τὴν
3047 709 3319 784 ἁμαρτίαν
3379 706 3675 775 ἆπιτελεῖν,
3734 709 3827 764 καὶ

2169 802 2245 865 εἷς
2278 800 2474 879 φόνους
2500 799 2964 875 έμπλανήσεσθαι·
3026 801 3218 871 δρκισα
3249 795 3309 853 δὲ
3368 797 3516 870 αὐτῷ
3556 800 3620 853 τὸ
3653 795 3830 871 ὄνομα

2167 890 2368 965 Κυρίου
2430 886 2658 946 Σαϐαὼθ
2708 888 2904 964 λέγων·
2953 882 3243 959 Φοϐήθητι
3273 888 3367 942 τὸν
3415 887 3569 958 Θεὸν,
3626 889 3828 961 Ἀσμο-

2170 978 2307 1050 δαῖε,
2356 980 2446 1034 καὶ
2479 980 2596 1035 εἶπέ
2648 1000 2743 1053 μοι
2774 978 2921 1051 ποίῳ
2970 974 3195 1052 ἀγγέλῳ
3244 980 3487 1052 καταργῇ
3520 975 3604 1031 σύ.
3654 978 3714 1034 Ὀ
3772 975 3831 1032 δὲ

2170 1067 2294 1140 ἔφη,
2357 1070 2454 1124 Διά
2504 1067 2754 1146 Ῥαφαὴλ
2784 1072 2883 1122 τοῦ
2918 1066 3264 1142 ἀρχαγγέλου
3330 1071 3427 1121 τοῦ
3484 1070 3831 1142 παρεστῶτος

2170 1158 2403 1213 ἐνώπιον
2434 1162 2531 1213 τοῦ
2563 1159 2758 1230 θρόνου
2783 1160 2882 1212 τοῦ
2920 1160 3076 1213 Θεοῦ,
3138 1155 3333 1211 Διώκει
3394 1153 3453 1211 δέ
3513 1177 3580 1229 με
3636 1156 3830 1231 ἰχθύος

2168 1249 2319 1323 ἧπαρ
2365 1246 2456 1302 καὶ
2521 1244 2694 1322 χολὴ,
2753 1244 2842 1300 ἐπὶ
2896 1245 3164 1321 μυρικίνῳ
3203 1242 3423 1320 ἄνθρακι
3478 1244 3829 1314 ἔπικαπνιζό-

2175 1356 2345 1409 μενα·
2406 1335 2740 1410 ἐπηρώτησα
2803 1333 2969 1390 πάλιν
3024 1333 3130 1410 ἐγὼ
3189 1328 3396 1388 αὐτόν·
3460 1335 3553 1404 Μὴ
3610 1332 3828 1409 κρύψῃς

2169 1426 2262 1480 ἀπ’
2313 1424 2448 1500 ἐμοῦ
2481 1425 2652 1501 ῥῆμα·
2714 1424 2796 1481 ὅτι
2853 1425 2963 1500 ἐγώ
3013 1424 3126 1497 εἶμι
3171 1422 3444 1497 Σολομῶν
3498 1424 3615 1486 υἱὸς
3665 1422 3828 1479 Δαυίδ

2175 1513 2444 1590 βασιλέως
2493 1511 2738 1591 Ἰσραὴλ·
2806 1513 2923 1568 εἶπέ
2956 1535 3049 1586 μοι
3100 1512 3164 1568 τὸ
3218 1508 3397 1586 ὄνομα
3423 1517 3520 1568 τοῦ
3554 1512 3750 1589 ἷχθύος
3782 1512 3829 1586 ᾠ

2171 1602 2234 1658 σὺ
2294 1598 2448 1679 σέϐῃ·
2507 1605 2566 1661 Ὀ
2624 1600 2682 1658 δὲ
2721 1601 2845 1681 ἔφη·
2880 1601 3142 1676 Ὀνόματι
3188 1600 3395 1677 γλάνος
3437 1602 3741 1675 εὑρίσκεται
3774 1601 3827 1657 ἑν

2168 1698 2285 1755 τοῖς
2342 1698 2621 1766 ποταμοῖς
2662 1692 2994 1767 Ἀσσυρίων·
3054 1688 3198 1747 διότι
3251 1690 3343 1747 καὶ
3402 1689 3480 1755 εἷς
3531 1690 3708 1747 ἐκεῖνα
3761 1692 3833 1747 τὰ

2174 1783 2313 1855 μέρη
2362 1779 2891 1858 καταπιριπολεύοῖ).
2947 1781 3087 1857 Ἐγὼ
3131 1778 3189 1836 δὲ
3248 1779 3392 1858 λέγω
3448 1780 3586 1857 πρὸς
3646 1776 3827 1836 αὐτόν·

393 1893 531 1933 vera
561 1875 677 1932 sint
732 1892 863 1947 quae
893 1873 1013 1929 dixi
1060 1872 1193 1928 tibi.
1244 1873 1450 1937 Quaeso
1496 1875 1574 1938 te,
1608 1887 1707 1925 rex
1753 1868 2050 1935 Salomon,

696 1963 712 1977 .
999 1961 1014 1977 .
1098 1976 1105 1977 ,
1210 1976 1213 1977 ν
1284 1960 1345 1977 π.
1399 1958 1709 1977 his.er
1766 1956 1873 1977 ,με
1918 1956 2048 1977 nu-

2170 1870 2339 1929 Ούδὶν
2388 1868 2570 1948 ἕτερον
2620 1871 2767 1947 παρᾶ
2814 1870 2899 1925 σοὶ
2961 1867 3319 1943 Ἀσμοδαίῳ;
3376 1872 3404 1925 6
3437 1867 3495 1925 δὲ
3542 1866 3643 1948 ἔφη
3707 1890 3828 1943 μοι·

394 1978 469 2018 ne
501 1979 595 2019 me
642 1963 713 2017 ad
748 1977 932 2033 aquas
983 1961 1249 2016 damnes.
1284 1960 1352 2014 Et
1394 1958 1711 2014 subridens
1758 1956 1876 2012 dixi
1918 1956 2049 2013 illi:

392 2051 551 2107 Vivit
580 2051 735 2107 Deus
766 2054 1001 2122 patrum
1035 2063 1327 2118 meorum,
1359 2046 1577 2103 ferrum
1611 2046 1874 2118 portabis
1899 2051 1960 2102 tu
1996 2049 2055 2101 et

393 2140 588 2196 lutum
614 2140 794 2195 facies
817 2140 873 2194 in
899 2154 1135 2194 omnem
1176 2137 1621 2192 aediﬁcationem
1659 2135 1883 2207 templi,
1916 2151 2053 2191 con-

394 2230 634 2286 culcans
684 2228 935 2301 pedibus
982 2227 1137 2295 tuis;
1172 2233 1229 2282 et
1276 2225 1525 2299 praecepi
1559 2230 1623 2280 ut
1670 2226 1955 2280 darentur
2000 2224 2054 2280 ei

392 2320 594 2375 decem
653 2318 866 2390 hydria
920 2317 993 2372 ad
1054 2316 1404 2387 portandum
1464 2330 1718 2386 aquam;
1780 2317 1837 2369 et
1887 2312 2055 2369 valde

392 2408 791 2479 ingemiscens
824 2407 1053 2461 daemon
1103 2406 1271 2475 jussa
1303 2420 1433 2461 mea
1461 2403 1768 2475 implevit;
1802 2402 1912 2458 hoc
1944 2400 2053 2457 feci

393 2497 531 2569 quia
564 2496 760 2551 futura
810 2498 1049 2549 noverat
1077 2493 1393 2565 presciens
1444 2491 1639 2547 malus
1682 2492 1911 2547 daemon
1944 2495 2054 2545 As-

394 2586 674 2653 modeeus,
720 2588 778 2640 et
833 2581 1154 2656 gloriﬁcavi
1212 2582 1398 2637 Deum
1460 2597 1566 2653 ego
1619 2578 1917 2647 Salomon,
1952 2579 2053 2649 qui

390 2675 743 2746 sapientiam
792 2673 955 2728 dedit
1000 2687 1165 2727 servo
1214 2670 1580 2741 ejus;jecur
1629 2675 1827 2725 autem
1878 2674 1937 2723 et
1978 2667 2052 2723 fel

390 2764 571 2835 piscis
621 2779 756 2818 cum
814 2762 1110 2833 fragrante
1169 2763 1395 2832 styrace
1453 2757 1688 2814 solvens
1754 2756 2054 2813 combussi

392 2868 575 2924 super
621 2851 1019 2919 Asmodaeum,
1051 2849 1193 2919 quia
1249 2852 1456 2920 potens
1516 2851 1660 2915 erat,
1711 2851 1769 2902 et
1825 2846 2055 2901 inutilis

390 2943 569 2998 ﬁebat
598 2941 727 3012 ejus
771 2938 990 2995 indolis
1035 2938 1346 2994 acerbitas.
1381 2937 1450 2991 Et
1496 2935 1695 2992 vocavi
1731 2940 1796 2991 ut
1846 2952 2053 2991 rursus

390 3036 574 3088 staret
606 3036 739 3087 ante
788 3047 881 3085 me
932 3028 1237 3085 lleelzebul
1289 3027 1565 3100 princeps
1598 3027 2051 3093 daemoniorum,

390 3125 446 3178 et
468 3122 681 3177 sedens
702 3134 881 3191 super
921 3118 1201 3174 thronum
1234 3116 1521 3189 inclytum
1566 3115 1767 3183 nimis,
1802 3116 1921 3171 dixi
1954 3116 2003 3171 ei
2037 3134 2051 3171 :

388 3212 576 3277 Quare
593 3216 655 3265 tu
670 3195 1108 3280 solusimperas
1124 3207 1429 3262 daemoniis
1457 3205 1656 3261 PEtait
1682 3221 1696 3260 :
1723 3205 1870 3270 Quia
1891 3204 2055 3261 solus

2162 1961 2477 2020 Ἐπίσταται
2528 1964 2563 2031 ἡ
2623 1958 2852 2034 δύναμις
2877 1964 2975 2014 τοῦ
3007 1963 3163 2031 Θεοῦ,
3194 1964 3293 2015 τοῦ
3348 1958 3437 2015 διὰ
3475 1966 3575 2030 τῆς
3619 1960 3830 2016 ἐκείνου

2162 2047 2457 2129 σφραγίδος
2510 2046 2792 2123 δεσμώσας
2836 2070 2903 2123 με
2946 2046 3173 2112 ἀλύτοις
3228 2046 3475 2123 δεσμοῖς·
3535 2048 3618 2104 ὅτι
3687 2051 3825 2126 ἅπερ

2165 2136 2314 2192 εἶπόν
2378 2157 2462 2192 σοι
2494 2135 2676 2207 ἀληθῆ
2710 2135 2835 2193 εἶσι.
2880 2136 3082 2209 Δέομαι
3116 2158 3236 2204 σου,
3268 2136 3493 2212 βασιλεῖ’)
3526 2135 3823 2212 Σολομῶν,

2170 2228 2246 2300 μή
2314 2247 2380 2299 με
2438 2226 2757 2300 κατακρίνῃς
2816 2225 2893 2288 είς
2952 2224 3140 2296 ὕδωρ.
3207 2227 3347 2300 Ἐγὼ
3423 2223 3481 2281 δὲ
3546 2224 3831 2301 μειδιάσας

2167 2316 2314 2370 εἶπον
2368 2316 2539 2388 αὐτῷ·
2600 2319 2675 2389 Ζῇ
2723 2314 2919 2391 Κύριος
2977 2316 3005 2371 6
3063 2315 3192 2377 Θεὸς
3246 2319 3354 2369 τῶν
3386 2314 3633 2388 πατέριον
3695 2337 3826 2390 μου,

2167 2402 2363 2477 σίδηρα
2420 2405 2634 2482 φορὲσω
2693 2424 2773 2470 σε,
2825 2401 2972 2458 ἀλλὰ
3014 2404 3103 2458 καὶ
3156 2402 3248 2458 τὸν
3312 2401 3494 2473 πηλὸν
3552 2407 3829 2476 ποιήσεις,

2166 2492 2244 2556 εἷς
2295 2491 2431 2563 ὅλην
2479 2495 2579 2562 τὴν
2628 2493 2965 2561 κατασκευὴν
3011 2496 3109 2548 τοῦ
3161 2496 3315 2560 ναοῦ,
3369 2489 3674 2569 ἀνατρίϐων
3706 2500 3829 2557 τοῖς

2164 2581 2293 2637 ποσί
2336 2601 2468 2636 σου·
2519 2583 2607 2636 καὶ
2654 2579 2909 2636 ἰκέλιυσα
2958 2579 3181 2652 δοθῆναι
3240 2580 3392 2655 αύτῷ
3451 2579 3578 2637 δέκα
3635 2578 3829 2659 ὑδρίας

2165 2671 2346 2748 φέρειν
2405 2668 2573 2746 ὕδωρ.
2613 2670 2716 2726 Καὶ
2767 2667 2955 2733 δεινῶς
2990 2669 3241 2741 στὲναξας
3275 2671 3302 2725 6
3358 2668 3567 2744 δαίμων
3610 2671 3678 2727 τὰ
3731 2692 3830 2728 κε-

2168 2757 2459 2824 λευσθέντα
2511 2780 2603 2833 μοι
2654 2760 3060 2835 κατηργάζετο.
3115 2758 3290 2817 Τοῦτο
3337 2757 3395 2815 δὲ
3423 2758 3653 2832 ἐποίησα
3685 2759 3827 2817 διότι

2164 2848 2254 2904 καί
2282 2848 2348 2903 τά
2398 2846 2674 2921 μέλλοντα
2721 2845 2840 2923 ᾔδει
2872 2849 3293 2924 προμνωστικὸς
3327 2846 3424 2919 ὢν,
3482 2850 3546 2905 τὸ
3577 2848 3826 2926 χαλεπὸν

2167 2936 2469 3011 δαιμόνιον,
2503 2939 2530 2992 6
2582 2935 2937 3011 Ἀσμοδαῖος.
2991 2937 3089 2992 Καὶ
3122 2935 3347 3009 ἐδόξασα
3392 2939 3484 2994 τὸν
3532 2939 3661 2994 Θεὸν
3712 2939 3825 3015 ὶγὼ

2167 3025 2461 3101 Σολομῶν,
2492 3028 2585 3082 τὸν
2616 3025 2778 3082 δόντα
2812 3049 2906 3101 μοι
2934 3029 3033 3097 τήν
3084 3026 3274 3106 σοφίαν
3302 3031 3383 3099 τῷ
3415 3025 3601 3102 δούλῳ
3631 3027 3819 3085 αὐτοῦ·

2163 3117 2232 3171 Τὸ
2261 3114 2319 3171 δὲ
2354 3116 2503 3193 ἧπαρ
2551 3121 2650 3171 τοῦ
2696 3116 2890 3192 ἰχθύος
2941 3116 3032 3172 καὶ
3079 3118 3182 3186 τήν
3227 3114 3411 3193 χολὴν
3462 3116 3629 3173 αὐτοῦ
3682 3121 3820 3191 μετά

2162 3205 2440 3278 καλαμίου
2496 3206 2758 3281 στύρακος
2806 3203 2953 3259 λύων
3010 3204 3259 3260 ὲπέκαιον
3313 3207 3403 3261 τὸν
3465 3204 3820 3281 Ἀσμοδαῖον,

387 3300 697 3357 existimor
720 3298 872 3355 inter
890 3295 1157 3353 ccelestes
1177 3296 1418 3368 angelos
1436 3294 1732 3367 delapsos.
1755 3295 1875 3367 Ego
1898 3295 2050 3350 enim

2173 3294 2263 3350 διὰ
2306 3294 2368 3349 τὸ
2419 3297 2554 3349 εἶναι
2605 3294 2763 3350 αὐτὸν
2813 3291 3056 3363 δυνατὸν,
3105 3294 3194 3350 καὶ
3220 3294 3568 3371 κατηργείτω
3618 3293 3676 3351 δὲ
3734 3299 3827 3352 αὖ·

388 3389 663 3445 sedebam
680 3387 737 3442 in
753 3387 943 3459 primo
959 3384 1102 3441 cmlo
1116 3385 1348 3457 primus
1364 3382 1610 3456 angelus
1622 3388 1863 3439 vocatus
1894 3383 2057 3439 Beel-

387 3476 580 3546 zebul,
612 3474 1131 3532 etnuncdominor
1166 3473 1528 3529 omnibusin
1557 3472 1797 3527 Tartaro
1820 3472 2055 3529 vinctis.

389 3567 586 3622 Habeo
616 3564 794 3620 etiam
825 3562 1013 3618 ﬁlium
1038 3562 1140 3634 qui
1164 3560 1537 3635 perambulat
1558 3560 1614 3615 in
1645 3560 1793 3615 mari
1818 3560 2015 3615 Rubro
2037 3602 2052 3629 ,

2165 3388 2264 3439 τοῦ
2309 3386 2344 3454 ἡ
2402 3382 2577 3461 φόρην
2616 3384 2677 3446 ὂς
2726 3385 2843 3458 (sic)
2896 3385 2973 3457 (2)
3017 3382 3230 3460 πικρία,
3293 3383 3397 3441 Καὶ
3438 3382 3667 3440 ἐκάλεσα
3724 3387 3830 3440 πά-

2168 3470 2254 3527 λιν
2303 3473 2642 3548 παραστῆναί
2704 3494 2796 3546 μοι
2845 3467 3150 3549 ἔμπροσθεν
3194 3476 3292 3528 τοῦ
3343 3469 3677 3543 Βεελζεϐοὺλ
3734 3476 3830 3530 τὸν

2165 3558 2412 3636 ἄρχοντα
2460 3565 2567 3615 τῶν
2621 3557 2944 3633 δαιμονίων,
2992 3562 3084 3616 καὶ
3134 3560 3467 3633 ἐπικαθήσας
3511 3562 3599 3617 ἐπὶ
3651 3563 3834 3639 βήμα-

389 3660 447 3711 et
467 3659 622 3710 certo
645 3653 897 3725 quodam
920 3657 1184 3723 tempore
1207 3651 1516 3706 revertitur
1541 3650 1613 3705 ad
1639 3666 1732 3705 me
1756 3650 2050 3720 subditus,

2165 3670 2257 3711 τος
2306 3646 2649 3722 ἐνδοξοτέρου
2697 3647 2830 3726 ἔφην
2893 3649 3064 3722 αὐτῷ·
3102 3649 3254 3705 Διατί
3312 3648 3375 3704 σὺ
3437 3650 3605 3723 μόνος
3637 3652 3826 3726 ἄρχων

387 3749 445 3800 et
473 3760 650 3816 opera
696 3759 806 3799 sua
840 3740 987 3796 mihi
1042 3740 1283 3813 detegit,
1317 3744 1375 3795 et
1403 3739 1688 3795 conﬁrmo
1721 3738 1889 3794 illum
1924 3755 2050 3811 ego.

2165 3742 2269 3792 τῶν
2301 3735 2640 3810 δαιμονίων;
2692 3738 2754 3794 Ὀ
2787 3734 2845 3792 δὲ
2879 3734 2979 3816 ἔφη
3018 3758 3134 3811 μοι·
3190 3737 3287 3794 Διὰ
3314 3738 3377 3793 τὸ
3428 3737 3595 3812 μόνον
3623 3761 3689 3813 με
3722 3741 3828 3796 ὑπὸ

391 3832 671 3911 ληφθῆναι
729 3835 836 3885 τῶν
881 3829 1143 3907 οὐρανίων
1196 3827 1451 3904 ἀγγέλων
1503 3832 1610 3882 τῶν
1662 3826 2061 3891 κατελθόντων.
2100 3828 2241 3904 Ἐγὼ
2289 3829 2392 3904 γάρ
2437 3826 2588 3900 ἤμην
2622 3827 2674 3895 ἐν
2700 3832 2781 3900 τῷ
2811 3829 3016 3902 πρώτῳ
3049 3828 3261 3904 ούρανῷ
3290 3833 3508 3902 πρῶτος
3537 3826 3764 3905 ἅγγελος
3796 3830 3825 3885 6

388 3921 931 3998 προσαγορευόμενος
959 3912 1316 3988 Βεελζεϐούλ·
1351 3918 1441 3973 καὶ
1471 3921 1563 3972 νῦν
1595 3920 1779 3992 κρατῶ
1809 3917 2023 3971 πάντων
2054 3920 2161 3971 τῶν
2195 3914 2246 3971 ἐν
2276 3922 2354 3989 τῷ
2385 3918 2649 3993 Ταρτάρῳ
2680 3914 2997 3991 δεδεμένων·
3032 3912 3149 3993 ἔχω
3177 3914 3232 3973 δέ
3261 3918 3351 3972 καὶ
3372 3919 3530 3992 γόνον
3558 3939 3648 3973 και
3671 3939 3826 3991 περι-

390 4009 615 4066 πολεύει
648 4008 700 4065 ἐν
726 4013 797 4083 τῇ
827 4011 1066 4084 Ἐρυθρᾳ
1093 4007 1358 4082 θαλάσσῃ·
1393 4006 1482 4063 καὶ
1516 4008 1589 4070 ὡς
1622 4004 1759 4060 ἴδιον
1793 4007 1916 4061 τινὰ
1939 4008 2125 4082 καιρὸν
2162 4004 2518 4081 ἰτιανέρχεται
2550 4027 2688 4083 προς
2733 4028 2799 4081 με
2848 4007 3315 4082 ύποταττόμανος·
3372 4007 3462 4062 καὶ
3520 4008 3589 4063 τὰ
3617 4008 3826 4063 ἑαυτοῦ

387 4094 521 4175 ἔργα
550 4098 686 4175 πρός
720 4119 786 4174 με
815 4096 1203 4153 ἀνακάλυπτει·
1232 4096 1322 4151 καὶ
1350 4096 1591 4172 στηρίζω
1624 4094 1782 4150 αὐτὸν
1818 4094 1944 4172 ἐγώ.

452 4208 572 4279 Ego
620 4205 895 4263 Salomon
942 4203 1061 4260 dixi
1094 4205 1143 4260 ei
1178 4203 1546 4273 :Beelzcbul,
1603 4220 1733 4276 quae
1781 4206 1872 4259 est
1901 4218 2046 4275 Ope-

385 4295 535 4352 ratio
564 4294 715 4351 tua‘?
746 4297 815 4349 Et
861 4293 944 4350 ait
979 4311 992 4348 :
1028 4294 1214 4365 Reges
1266 4293 1627 4365 pessumdo;
1682 4292 1900 4348 dimico
1934 4307 2049 4347 una

386 4400 523 4440 cum
578 4382 873 4440 extraneis
929 4382 1237 4455 tyrannis;
1272 4387 1329 4437 et
1360 4382 1654 4438 daemones
1716 4398 1878 4437 meos
1936 4381 2046 4435 im-

389 4473 561 4529 mitto
594 4473 653 4528 in
701 4471 993 4542 homines,
1045 4475 1111 4527 ut
1140 4471 1201 4525 in
1253 4488 1352 4527 eos
1394 4472 1636 4526 credant
1666 4474 1722 4525 et
1770 4472 2046 4543 pereant;

384 4567 443 4619 et
497 4562 713 4619 electos
796 4577 994 4617 servos
1081 4559 1204 4625 Dei,
1286 4560 1408 4615 sive
1490 4560 1846 4628 sacerdotes,
1924 4558 2046 4613 sive

384 4650 609 4723 ﬁdeles,
668 4650 827 4706 viros
885 4650 945 4705 in
1005 4648 1297 4705 desideria
1355 4649 1666 4721 culparum
1752 4647 2043 4703 malarum

383 4747 442 4800 et
498 4742 793 4797 haereseos
845 4756 1183 4811 pravarum,
1236 4743 1294 4794 et
1351 4754 1609 4810 Operum.
1655 4738 2047 4793 nefandorum

384 4833 593 4899 excito,
625 4834 681 4887 et
713 4829 858 4885 mihi
902 4845 1124 4885 morem
1174 4834 1414 4900 gerunt,
1446 4832 1504 4883 et
1543 4827 1603 4882 in
1654 4826 2047 4897 perditionem

389 4938 491 4978 eos
548 4919 789 4992 impello
846 4935 863 4989 ;
932 4921 989 4973 et
1044 4917 1321 4983 invidias,
1376 4921 1434 4971 et
1490 4917 1700 4987 caedes,
1762 4921 1818 4971 et
1873 4914 2046 4986 bella,

385 5013 444 5065 et
500 5007 902 5064 masculorum
962 5006 1331 5075 concubitus,
1366 5008 1425 5059 ct
1483 5009 1692 5062 caetera
1739 5003 1893 5059 mala
1944 5003 2048 5060 ho-

385 5098 651 5154 minibus
682 5097 890 5161 infero,
922 5100 981 5150 ct
1028 5093 1191 5150 deleo
1223 5094 1536 5149 mundum.
1575 5093 1701 5147 Dixi
1736 5092 1916 5166 igitur
1947 5093 1997 5149 ei
2029 5108 2042 5146 :

390 5188 592 5242 Adduc
623 5186 768 5241 mihi
802 5184 990 5239 ﬁlium
1033 5188 1202 5239 tuum
1237 5198 1412 5254 quem
1460 5182 1608 5238 dicis
1641 5198 1771 5237 esse
1803 5182 1860 5238 in
1901 5184 2049 5239 mari

390 5273 604 5329 Rubro.
641 5274 705 5329 Et
730 5274 815 5328 ait
847 5289 859 5326 ε
895 5271 1020 5327 Non
1054 5288 1158 5343 ego
1210 5271 1378 5326 illum
1430 5270 1657 5325 adduco
1709 5271 1778 5324 ad
1826 5275 1921 5337 te;
1953 5288 2047 5327 ve-

390 5363 512 5417 niet
542 5368 735 5418 autem
779 5363 847 5416 ad
886 5377 976 5416 me
1005 5360 1161 5417 alius
1213 5361 1441 5415 dromon
1475 5361 1715 5415 nomine
1747 5360 2046 5432 Ephippas

392 5466 566 5522 quem
612 5451 886 5516 vinciam,
918 5454 976 5506 et
1033 5451 1160 5522 ipse
1209 5467 1279 5505 ex
1335 5450 1549 5522 abysso
1604 5448 1842 5504 reducet
1902 5449 2047 5504 mihi

393 5540 604 5594 tilium.
664 5540 769 5594 Cui
822 5538 951 5595 dico
1010 5555 1161 5611 ego:
1214 5539 1519 5605 Quomodo
1577 5543 1667 5594 est
1724 5538 1784 5593 in
1835 5539 2047 5609 abysso

465 5719 544 5793 (2)
574 5719 646 5774 At
677 5716 735 5774 in
766 5732 953 5789 marg.
985 5717 1213 5775 laterali
1245 5732 1258 5775 :
1292 5716 1326 5788 ή
1360 5714 1658 5794 ἀφόρητος.

2230 4200 2376 4275 Ἐγὼ
2408 4205 2683 4275 Σολομῶν
2710 4203 2844 4280 ἔφην
2874 4202 3010 4277 πρὸς
3041 4200 3199 4257 αὐτὸν
3234 4200 3408 4278 λέγων
3454 4196 3824 4272 Βεελζεϐοὺλ,

2155 4288 2237 4351 τίς
2286 4287 2426 4345 ἐστὶν
2477 4292 2511 4360 ἡ
2558 4290 2752 4366 πράξις
2803 4310 2937 4360 σου;
2983 4292 3044 4348 Ὁ
3096 4289 3154 4346 δὲ
3186 4290 3364 4368 λέγει,
3396 4292 3543 4366 Ἐγὼ
3579 4288 3826 4367 βασιλεῖς

2158 4377 2376 4434 ἀπολῶ·
2439 4384 2722 4455 συιιμαχῶ
2777 4380 2912 4454 μετᾶ
2960 4378 3299 4456 ἀλλοφύλων
3358 4380 3681 4457 τυράννων,
3731 4379 3827 4435 καὶ

2157 4467 2284 4530 τοὺς
2336 4467 2501 4542 ἐμοὺς
2558 4466 2822 4542 δαίμονας
2874 4464 3165 4524 ἐπιϐάλλω
3235 4469 3372 4546 πρὸς
3433 4467 3560 4531 τοὺς
3614 4467 3824 4541 ἀνθρώ-

2159 4579 2334 4627 πους,
2382 4558 2468 4612 ’ἱνα
2535 4557 2611 4621 εἷς
2679 4557 2875 4621 αὐτοὺς
2928 4557 3255 4613 πιστεύωσιν
3313 4559 3403 4615 καὶ
3466 4557 3821 4614 ἀπόλωνται⁸

2153 4645 2243 4700 καὶ
2289 4645 2419 4709 τοὺς
2475 4645 2761 4710 ἐκλεκτοὺς
2822 4645 3054 4710 δούλους
3084 4651 3183 4702 τοῦ
3236 4651 3393 4716 Θεοῦ,
3426 4647 3461 4716 ἢ
3507 4648 3672 4723 ἱερεῖς
3728 4647 3818 4701 καὶ

2156 4735 2382 4798 πιστοὺς
2439 4735 2811 4813 ἀνθρώπους,
2867 4735 2941 4799 εἷς
3010 4736 3297 4810 ἐπιθυμίας
3374 4738 3656 4811 ἁμαρτιῶν
3715 4757 3822 4790 πο·-

2155 4830 2335 4900 ντ,ρῶν
2394 4828 2484 4880 καὶ
2540 4825 2793 4899 αἱρέσεων
2849 4830 3053 4896 κακῶν,
3108 4827 3195 4881 καὶ
3252 4824 3422 4903 ἔργων
3484 4825 3819 4901 παρανόμων
3923 4859 3935 4872 ο

2160 4912 2448 4990 διεγείρω,
2499 4914 2590 4970 καὶ
2648 4915 2981 4970 ὑπακούουσί
3045 4936 3150 4989 μου
3188 4961 3203 4985 ,
3259 4915 3350 4970 καὶ
3401 4914 3480 4979 εἷς
3539 4914 3816 4970 ἀπώλειαν

2160 5003 2307 5082 φέρω
2366 5003 2584 5073 αὐτοὺς,
2643 5004 2734 5060 καὶ
2794 5006 3048 5083 φθόνους,
3106 5005 3195 5059 καὶ
3255 5004 3476 5081 φόνους,
3535 5004 3629 5059 καὶ
3658 5001 3823 5059 πολέ-

2162 5114 2338 5167 μους,
2393 5095 2485 5148 καὶ
2537 5088 2964 5171 ἀῤῥενοϐατίας,
3022 5094 3112 5149 καὶ
3164 5090 3322 5168 ἕτερα
3368 5094 3509 5149 κακᾶ
3555 5096 3675 5155 τοῖς
3731 5092 3824 5147 ἀν-

2160 5183 2403 5256 θρώποις
2463 5183 2686 5258 ἐνεργῶ·
2745 5183 2835 5238 καὶ
2868 5184 3062 5239 ἀπολῶ
3105 5184 3196 5238 τὸν
3250 5184 3480 5256 κόσμον.
3523 5183 3691 5239 Εἶπον
3726 5179 3822 5236 οὖν

2158 5269 2306 5343 αύτῷ
2342 5290 2354 5303 ·
2425 5273 2738 5347 Προσάγαγέ
2790 5293 2881 5345 μοι
2941 5274 3034 5327 τὸν
3095 5272 3185 5326 σὸν
3240 5272 3440 5348 γόνον,
3503 5267 3667 5344 ὅνπερ
3727 5268 3823 5325 λέ-

2158 5382 2272 5435 γεις
2332 5359 2414 5415 δτι
2468 5360 2610 5416 ἐστὶν
2650 5360 2701 5415 ἐν
2762 5366 2830 5436 τῇ
2887 5363 3129 5436 θαλάσσῃ
3195 5365 3262 5435 τῇ
3339 5363 3591 5437 Ἐρυθρᾷ.
3651 5365 3705 5413 Ὀ
3765 5356 3824 5414 δὲ

2159 5446 2345 5525 λέγει·
2429 5450 2574 5525 Ἐγὼ
2639 5451 2801 5505 αὐτὸν
2864 5452 2927 5505 ού
2978 5452 3125 5529 φέρω
3185 5451 3321 5524 πρὸς
3379 5448 3478 5506 σέ·
3541 5449 3819 5505 ἐλεύσεται

2158 5534 2216 5592 δὲ
2290 5539 2427 5612 πρός
2508 5560 2573 5614 με
2646 5537 2828 5614 ἕτερος
2907 5538 3119 5615 δαίμων
3201 5539 3429 5615 ὀνόματι
3516 5541 3816 5618 Ἐφιππᾶς,
