4142 6400
350 436 510 502 1327

1339 430 1743 495 ΑΡΡΕΝΒῙΧ
1782 430 1887 492 AD
1931 427 2396 491 MICHAELEM
2441 428 2833 494 PSELLUM.

3616 431 3774 492 1328

345 579 446 632 tur
483 574 542 629 in
588 572 779 629 tribus
828 569 1170 627 nominibus
1221 584 1235 624 :
1285 566 1380 624 his
1427 564 1716 633 Boultala,
1746 562 1999 632 Thallal,

2119 566 2354 635 τριταῖον
2413 562 2466 618 ἐν
2519 568 2637 625 τοῖς
2686 561 2860 639 τρισὶν
2921 561 3150 637 ὀνόμασι
3206 559 3427 625 τούτοις
3470 558 3773 639 βουλταλά,

345 662 615 735 Melchal,
647 666 704 719 et
732 678 874 718 sano
918 678 1036 717 eos.
1072 659 1201 716 Dixi
1232 658 1281 715 ei
1324 674 1431 731 ego
1461 658 1735 713 Salomon
1768 673 1781 711 :
1815 655 2006 719 Quan-

346 757 418 811 do
476 756 563 810 vis
621 751 774 808 male
822 752 1034 822 facere,
1079 766 1183 822 per
1238 764 1414 821 quem
1467 746 1621 802 male
1671 744 1847 818 agis?
1897 743 2006 809 Qui

347 846 431 902 ait
460 861 475 899 :
510 844 617 899 Per
646 841 920 915 angelum
964 857 1069 912 per
1099 856 1274 911 quem
1323 837 1589 894 tertiaria
1620 834 1797 892 febris
1839 834 2006 906 quie-

346 934 477 990 scit.
538 930 893 1002 Interrogavi
951 946 1086 985 eurn
1138 928 1342 984 dicens
1388 943 1402 981 :
1453 932 1519 982 In
1561 943 1678 998 quo
1721 923 2007 979 nomine?

348 1024 420 1080 Et
476 1022 560 1078 ait
620 1038 634 1076 :
694 1018 1040 1091 Archangeli
1098 1016 1289 1072 Azael.
1347 1014 1635 1071 Advocavi
1692 1012 2011 1084 archange-

350 1112 477 1168 lum
526 1109 717 1179 Azael,
770 1114 831 1165 et
877 1106 1073 1179 sigillo
1126 1104 1317 1161 notavi
1368 1105 1717 1170 daemonem,
1770 1099 2009 1172 etjussi

352 1205 422 1256 ut
496 1200 721 1270 lapides
781 1213 1029 1269 magnos
1101 1193 1572 1267 apprehendens,
1634 1192 1694 1247 in
1736 1190 2010 1264 :superna

351 1288 556 1361 templi
602 1288 856 1343 deferret
903 1283 1186 1357 operariis
1229 1300 1242 1340 :
1289 1287 1346 1339 et
1388 1282 1444 1337 vi
1492 1285 1732 1337 coactus
1780 1280 2008 1335 daemon

346 1382 519 1452 jussa
564 1376 875 1449 implevit;
926 1379 984 1431 et
1032 1389 1241 1429 rursus
1293 1371 1615 1444 gloriﬁcavi
1670 1370 1853 1426 Deum
1907 1367 2007 1439 qui

353 1469 516 1525 dedit
570 1466 717 1522 mihi
792 1464 971 1520 talem
1048 1466 1417 1535 potestatem.
1495 1460 1568 1515 Et
1641 1459 1886 1532 praecepi
1943 1460 2008 1511 ut

350 1558 585 1613 adesset
634 1553 781 1609 mihi
826 1551 978 1609 alius
1027 1554 1273 1607 damon.
1309 1553 1376 1605 Et
1424 1551 1709 1604 venerunt
1757 1545 2006 1619 spiritus

347 1649 573 1718 septem
606 1641 842 1699 feminei
893 1638 1068 1697 simul
1113 1639 1295 1695 vincti
1350 1641 1409 1694 et
1457 1637 1726 1707 connexi,
1778 1634 2008 1707 pulchri

344 1736 491 1791 facie
521 1738 579 1789 et
608 1733 797 1788 forma
827 1733 1211 1804 praestantes;
1268 1732 1326 1784 et
1355 1727 1562 1783 videns
1593 1743 1700 1800 ego
1730 1723 2007 1781 Salomon

343 1821 697 1895 interrogavi
742 1837 839 1877 eos
872 1836 886 1876 :
916 1819 1024 1884 Qui
1073 1818 1216 1876 estis
1265 1818 1418 1873 vos?
1468 1819 1603 1882 Quae
1650 1813 2011 1871 unanimiter

343 1914 551 1970 eadem
579 1926 717 1967 voce
748 1909 1023 1998 dixerunt
1054 1924 1070 1998 ξ
1105 1911 1223 1963 Nos
1267 1923 1484 1998 sumus
1529 1922 1598 1961 ex
1626 1905 1871 1998 triginta
1901 1903 2004 1959 tria
2036 1932 2084 1998 Β

342 2002 456 2057 bus
478 1998 793 2056 comitibus
818 1996 1102 2068 principis
1127 1996 1504 2051 tenebrarum
1532 2012 1546 2063 ;
1582 1998 1640 2049 et
1671 1994 1753 2049 ait
1773 1993 2001 2065 prima:

346 2092 464 2162 Ego
493 2104 628 2144 sum
672 2086 958 2155 Fallacia;
1004 2085 1264 2141 secunda
1296 2101 1308 2139 :
1344 2085 1458 2157 Ego
1506 2100 1632 2139 sum
1664 2083 2003 2152 Discordia;

346 2179 521 2235 tertia
551 2194 566 2233 :
600 2178 718 2250 Ego
749 2192 883 2232 sum
922 2173 1192 2241 Clothod,
1244 2174 1300 2229 id
1352 2178 1443 2228 est
1472 2173 1712 2245 Pugna;
1750 2175 1958 2241 quarta
1990 2186 2005 2228 :

348 2270 468 2341 Ego
517 2284 647 2324 sum
700 2265 971 2332 Invidia;
1020 2264 1277 2337 quinta:
1314 2264 1430 2334 Ego
1480 2278 1613 2318 sum
1662 2261 2007 2329 Fortitudo;

349 2363 558 2416 sexta:
592 2357 710 2429 Ego
758 2371 893 2412 sum
947 2355 1156 2423 Error;
1210 2353 1507 2426 septima:
1544 2357 1660 2425 Ego
1709 2367 1844 2407 sum
1876 2354 2009 2407 Pes-

349 2449 537 2516 sima;
569 2450 627 2503 et
656 2445 850 2502 sidera
881 2448 1085 2500 nostra
1126 2442 1187 2498 in
1220 2441 1365 2498 coelo
1418 2445 1560 2497 sunt
1590 2445 1816 2513 septem
1850 2444 2011 2495 astra

348 2555 474 2610 qua:
506 2553 683 2609 parva
710 2534 1006 2604 videntur,
1058 2533 1118 2589 in
1169 2531 1535 2600 Concordia;
1586 2536 1644 2586 et
1676 2534 1739 2585 ut
1767 2529 1887 2586 deae
1917 2545 2013 2585 vo-

348 2642 554 2682 camur
585 2641 599 2680 :
632 2622 812 2680 simul
851 2622 979 2679 loco
1030 2621 1318 2689 cedimus,
1351 2625 1408 2677 et
1449 2618 1628 2675 simul
1673 2617 2012 2674 habitamus

349 2729 506 2770 nunc
532 2712 797 2786 Lydiam,
851 2727 1010 2767 nunc
1058 2710 1396 2783 Olympum,
1450 2725 1609 2764 nunc
1660 2723 1793 2763 vero
1824 2707 2012 2762 altum

349 2808 632 2859 montem.
664 2802 733 2857 Et
775 2800 1127 2871 interrogavi
1177 2815 1277 2855 eas
1329 2815 1435 2870 ego
1490 2797 1768 2853 Salomon
1800 2795 2016 2869 sigilla-

349 2893 481 2962 tim,
514 2891 802 2964 incipiens
833 2907 867 2945 a
895 2890 1088 2961 prima
1116 2904 1305 2960 usque
1336 2887 1406 2943 ad
1441 2886 1780 2959 septimam.
1817 2887 2016 2941 Prima

352 2983 501 3039 dixit
533 2998 546 3036 :
582 2985 693 3053 Ego
724 2996 858 3036 sum
910 2978 1200 3046 Fallacia;
1255 2977 1505 3049 decipio,
1541 2975 1848 3031 machinor
1878 2974 2013 3029 hinc

354 3076 413 3127 et
441 3070 602 3139 hinc,
633 3070 882 3125 haereses
925 3068 1149 3135 excito;
1199 3067 1298 3122 sed
1331 3066 1518 3122 habeo
1549 3066 1889 3120 domantem
1921 3080 2013 3119 me

355 3158 631 3233 angelum
693 3155 1084 3213 Lamechalal.
1136 3154 1423 3212 Similiter
1465 3159 1523 3211 et
1576 3155 1835 3210 secunda
1881 3153 2008 3209 ait:

357 3249 474 3322 Ego
505 3265 635 3305 sum
666 3247 992 3315 Discordia,
1032 3245 1330 3302 contentio
1371 3244 1816 3300 contentionum
1844 3261 1859 3311 ;
1893 3245 2012 3299 fero

355 3337 536 3411 ligna,
567 3336 819 3410 lapides,
849 3335 1101 3409 gladios,
1148 3339 1205 3391 et
1253 3351 1417 3390 arma
1448 3350 1579 3389 mea
1609 3332 1827 3406 ubique
1856 3332 1965 3389 loci
1995 3352 2009 3402 ;

340 3428 444 3483 sed
478 3426 663 3482 habeo
706 3424 983 3498 angelum
1036 3423 1526 3496 comprimentem
1563 3439 1656 3479 me
1684 3422 2010 3479 Baruchia-

341 3514 491 3571 chcl.
523 3513 809 3571 Similiter
852 3517 908 3569 et
956 3512 1130 3569 tertia
1161 3512 1309 3567 dixit
1339 3529 1352 3568 :
1389 3512 1504 3584 Ego
1539 3511 1784 3569 Clothod
1820 3512 2009 3568 nomi-

343 3621 474 3674 nor,
507 3603 565 3659 id
614 3608 705 3659 est
743 3603 989 3673 Pugna;
1044 3602 1182 3674 quia
1229 3606 1295 3656 ut
1324 3617 1551 3657 coronae
1597 3602 1925 3673 perdantur
1954 3606 2011 3658 et

345 3693 521 3765 capiti
552 3694 868 3764 cingantur
917 3690 1143 3757 efficio;
1177 3694 1234 3747 et
1277 3691 1419 3763 quid
1474 3690 1664 3747 multa
1688 3690 1865 3748 dico?
1894 3696 2007 3748 Ha-

348 3784 458 3840 beo
517 3780 792 3855 angelum
843 3781 944 3853 qui
995 3797 1089 3836 me
1139 3780 1370 3837 irritam
1432 3779 1573 3836 facit
1625 3784 2006 3838 Marmarath.

347 3871 631 3929 Similiter
675 3876 733 3927 et
780 3876 990 3944 quarta
1043 3870 1235 3927 dixit:
1269 3871 1385 3943 Ego
1434 3870 1580 3926 facio
1627 3874 1692 3927 ut
1736 3870 2008 3928 homines

350 3979 467 4019 non
501 3961 736 4034 sapiant
767 3978 780 4017 :
820 3977 1120 4031 mensuro,
1166 3976 1397 4033 separo,
1439 3959 1658 4032 divido,
1691 3962 2008 4017 comitante

347 4068 441 4108 me
492 4050 826 4115 Discordia;
880 4049 1180 4106 hominem
1233 4050 1480 4122 sejungo
1513 4067 1545 4105 a
1577 4050 1826 4123 conjuge
1875 4068 2005 4120 sua,

345 4144 404 4197 et
433 4140 586 4196 filios
614 4157 648 4196 a
678 4139 1044 4211 parentibus,
1079 4143 1137 4195 et
1175 4139 1386 4195 fratres
1415 4156 1449 4194 a
1479 4139 1764 4196 fratribus
1793 4160 1807 4209 ;
1841 4146 1898 4195 ct
1936 4140 2008 4196 de

346 4246 440 4285 me
472 4229 612 4301 quid
647 4228 879 4285 multa?
924 4227 1201 4302 angelum
1244 4228 1431 4284 habeo
1462 4228 1562 4301 qui
1613 4245 1708 4285 mc
1736 4228 2009 4285 inutilem

345 4318 503 4387 facit,
538 4334 821 4391 magnum
846 4317 1162 4374 Balthioul.
1190 4317 1478 4374 Similiter
1509 4322 1567 4374 et
1596 4318 1807 4390 quinta
1828 4318 2009 4375 dixit:

344 4408 465 4480 Ego
497 4424 630 4464 sum
683 4407 1025 4476 Fortitudo;
1076 4408 1131 4463 vi
1160 4411 1447 4480 tyrannos
1498 4409 1814 4476 constituo,
1849 4424 2015 4480 reges

341 4496 571 4568 dejicio,
603 4497 882 4553 omnibus
926 4496 1280 4552 adversariis
1330 4497 1512 4553 robur
1542 4496 1807 4569 praebeo;
1845 4514 2015 4568 ange.

341 4586 467 4643 lum
497 4585 684 4643 habeo
724 4585 829 4659 qui
870 4602 964 4643 me
1014 4602 1244 4643 cassam
1279 4586 1418 4643 facit
1468 4586 1798 4643 Asteraoth.
1836 4586 2010 4643 Simi-

2117 650 2354 721 θαλλὰλ,
2390 650 2613 729 μελχάλ
2650 669 2667 688 ⁸
2697 652 2788 707 καὶ
2834 652 3009 726 ἷῶμαι
3039 651 3255 716 αὐτούς.
3285 651 3451 709 Εἶπον
3511 648 3570 706 δὲ
3623 651 3773 723 αὖτῷ

2116 738 2221 814 ἐγὼ
2254 740 2526 815 Σολομῶν
2563 762 2575 774 ·
2606 743 2738 799 Ὅτε
2768 739 2858 796 οὖν
2891 739 3053 816 θέλῃς
3083 746 3425 817 κακουργεῖν,
3464 740 3518 796 ἐν
3546 739 3647 795 τίνι
3675 761 3772 795 κα-

2114 836 2406 908 κουργεῖς;
2439 832 2502 888 Ὁ
2534 828 2593 885 δέ
2634 852 2727 905 μοι
2758 827 2859 909 ἔφη
2895 849 2909 865 ·
2944 832 3033 886 Ἐν
3062 835 3143 903 τῷ
3171 828 3412 906 ἆγγὲλῳ,
3445 830 3491 903 ᾧ
3519 830 3610 885 καὶ
3655 850 3772 905 τρι-

2113 924 2266 982 ταῖος
2340 922 2762 979 ἑπαναπαύεται.
2817 922 3186 995 Ἐπηρώτησα
3237 918 3293 975 δὶ
3341 919 3503 975 αὐτὸν
3559 918 3651 975 καὶ
3698 919 3775 974 εἴ·

2114 1029 2216 1063 πον
2254 1030 2267 1044 ’
2315 1011 2402 1066 Ἐν
2453 1010 2595 1084 ποίῳ
2645 1007 2702 1065 δὲ
2747 1010 2975 1084 ὀνόματι
3001 1029 3014 1079 ;
3042 1011 3104 1067 Ὁ
3156 1007 3214 1064 δὲ
3244 1006 3345 1087 ἔφη
3381 1029 3395 1043 θ
3427 1012 3533 1063 τοῦ
3564 1009 3774 1085 ἀρχαγ-

2115 1097 2283 1175 γέλου
2331 1098 2559 1170 Ἀζαήλ.
2622 1099 2721 1154 Καὶ
2782 1099 3200 1172 ἐπεκαλεσάμην
3272 1100 3367 1153 τὸν
3429 1096 3775 1174 ἀρχάγγελον

2117 1187 2346 1259 Ἀζαὴλ,
2396 1189 2486 1243 καὶ
2538 1188 2906 1269 ἐπεσφράγισα
2946 1189 3039 1244 τὸν
3094 1186 3331 1262 δαίμονα
3364 1206 3379 1220 ⁸
3429 1187 3520 1243 καὶ
3562 1185 3779 1243 ἰκὲλευ-

2119 1299 2185 1333 σα
2243 1278 2403 1334 αὐτὸν
2481 1278 2668 1341 λίθους
2749 1276 3026 1354 μεγάλους
3104 1277 3380 1354 ἁρπάζειν,
3435 1276 3527 1332 καὶ
3584 1276 3661 1341 είς
3714 1276 3783 1332 τὰ

2122 1367 2308 1442 ὑψηλὰ
2334 1372 2433 1424 τοῦ
2461 1373 2592 1424 ναοῦ
2629 1368 2927 1439 ἀκοντίζειν
2958 1374 3077 1431 τοῖς
3126 1370 3401 1444 τεχνίταις
3434 1385 3447 1397 ·
3480 1368 3570 1423 καὶ
3621 1365 3782 1442 ἆναγ-

2117 1458 2418 1531 καζόμενον
2474 1458 2538 1513 τὸ
2597 1455 2880 1532 δαιμόνιον
2932 1458 3001 1513 τὰ
3055 1455 3502 1533 προστεταγμένα
3584 1454 3779 1513 ἐποίει.

2119 1546 2225 1602 Καὶ
2288 1546 2395 1621 ἐγὼ
2451 1544 2620 1602 πάλιν
2682 1544 2908 1619 ἐδόξασα
2963 1548 3054 1602 τὸν
3116 1547 3245 1603 Θεὸν
3304 1546 3397 1602 τὸν
3470 1543 3630 1601 δόντα
3684 1565 3777 1618 μοι

2120 1634 2361 1708 ἐξουσίαν
2396 1635 2600 1707 ταύτην
2635 1655 2649 1669 ·
2703 1636 2791 1691 καὶ
2842 1635 3099 1692 ἐκέλευσα
3144 1634 3394 1711 παρεῖναί
3445 1655 3541 1709 μοι
3595 1631 3777 1707 ἕτερον

2120 1721 2426 1798 δαιμόνιον.
2463 1727 2569 1782 Καὶ
2600 1724 2775 1795 ἦλθον
2808 1725 3092 1800 πνεύματα
3145 1726 3281 1781 ἔπτὰ
3324 1723 3539 1796 θηλυκᾶ
3588 1722 3781 1779 συνδε-

2120 1812 2316 1887 δεμένα
2368 1816 2458 1870 καὶ
2516 1814 3003 1893 συμπεπλεγμένα,
3055 1813 3306 1894 εὔμορφα
3370 1816 3433 1869 τὸ
3489 1811 3633 1877 εἶδος
3687 1813 3779 1869 καὶ

2119 1900 2377 1980 εὔσχημα
2411 1923 2423 1937 ·
2459 1904 2567 1981 ἐγὼ
2597 1902 2655 1960 δὲ
2698 1904 2968 1979 Σολομῶν
3021 1901 3152 1960 ἰδὼν
3213 1902 3547 1980 ἐπηρώτησα
3598 1902 3731 1958 αὐτά
3764 1924 3780 1938 ·

2116 1994 2298 2067 Ὑμεῖς
2379 1993 2515 2057 τίνες
2576 1994 2750 2065 ﬁeri;
2810 1995 2879 2050 At
2943 1991 3000 2050 δὲ
3058 1992 3412 2068 ὁμοθυμαδὸν
3476 1994 3577 2067 μίᾳ
3628 1996 3782 2072 φωνῇ

2117 2077 2317 2162 ἔφησαν
2382 2102 2395 2116 ·
2454 2085 2647 2157 Ἡμεῖς
2707 2084 2865 2158 ἐσμεν
2928 2082 2987 2139 ἐκ
3050 2088 3160 2139 τῶν
3241 2082 3536 2161 τριάκοντα
3609 2088 3777 2157 τριῶν

2119 2171 2411 2247 στοιχείων
2452 2178 2551 2229 τοῦ
2608 2175 3059 2250 κοσμοκράτορος
3112 2177 3209 2229 τοῦ
3278 2168 3527 2238 σκὸτους.
3576 2174 3785 2250 Ἐφησε

2121 2259 2177 2318 δὲ
2208 2265 2243 2333 ἡ
2272 2264 2463 2335 πρώτη
2501 2282 2514 2297 ·
2550 2264 2697 2339 Ἐγώ
2738 2262 2854 2337 εἰμι
2885 2266 2921 2333 ἡ
2956 2264 3169 2334 Ἀπάτη
3206 2282 3220 2296 ·
3254 2266 3289 2333 ἡ
3341 2260 3560 2335 δευτέρα
3591 2281 3605 2296 ·
3640 2263 3783 2338 Ἐγώ

2121 2351 2238 2424 εἶμι
2285 2354 2319 2422 ἡ
2351 2356 2503 2427 Ἔρις
2538 2373 2550 2386 ι
2584 2356 2619 2423 ἡ
2673 2352 2833 2429 τρίτη
2890 2355 3035 2430 Ἐγώ
3093 2353 3209 2427 εἰμι
3268 2351 3500 2417 Κλωθός
3533 2372 3545 2385 ·
3582 2353 3613 2407 ὅ
3668 2352 3781 2407 ἐστι

2124 2440 2277 2517 μάχη
2332 2460 2346 2475 ·
2401 2445 2436 2511 ἡ
2492 2441 2724 2519 τετάρτη
2781 2461 2796 2476 ο
2852 2443 2995 2518 Ἐγώ
3054 2441 3169 2516 είμι
3230 2444 3265 2512 ἡ
3318 2438 3481 2512 Ζώλη
3543 2442 3700 2516 (sic)°
3740 2443 3779 2513 ἠ

2119 2530 2343 2603 πέμπτη
2379 2549 2394 2563 ·
2425 2532 2572 2606 Ἐγώ
2621 2531 2735 2605 εἶμι
2784 2534 2819 2601 ἡ
2871 2532 3110 2605 Δύναμις
3275 2527 3431 2601 ἕκτη,
3466 2531 3607 2606 Ἐγώ
3662 2529 3778 2603 εἶμι

2120 2621 2156 2688 ἡ
2190 2617 2379 2691 ΙΙλάνη
2411 2638 2424 2653 ·
2459 2622 2493 2690 ἡ
2529 2615 2764 2694 ἑϐδόμη,
2796 2622 2943 2696 Ἐγώ
2996 2620 3111 2694 έίμι
3165 2624 3200 2690 ἡ
3253 2619 3490 2692 Κακίστη
3530 2639 3543 2653 ·
3567 2619 3656 2675 καὶ
3710 2620 3780 2677 τὰ

2124 2708 2292 2773 ἄστρα
2336 2711 2499 2781 ἡμῶν
2544 2708 2595 2764 ἐν
2649 2710 2866 2787 ούρανῷ
2911 2708 3069 2781 εἰσιν,
3102 2710 3237 2765 ἒπτά
3285 2707 3452 2786 ἄστρα
3505 2729 3780 2787 μικροτρά-

2122 2803 2189 2866 νῆ
2240 2799 2363 2871 (sic)
2412 2797 2464 2852 ἰν
2517 2798 2749 2872 ὁμονοίᾳ
2780 2818 2794 2832 ’
2826 2799 2917 2853 καὶ
2971 2798 3047 2862 ὡς
3090 2798 3212 2862 θεὰς
3245 2797 3563 2872 καλούμεθα
3595 2819 3606 2830 ·
3638 2799 3779 2871 ὁμοῦ

2123 2885 2572 2961 ἀλλασσούμεθα,
2631 2888 2722 2943 καὶ
2782 2888 2923 2962 ὁμοῦ
2986 2887 3277 2961 οἰκοῦμεν,
3336 2887 3468 2944 πότε
3517 2888 3616 2958 τήν
3671 2894 3779 2943 Λυ-

2124 2972 2263 3046 δίαν,
2296 2977 2429 3031 πότε
2452 2978 2543 3032 τὸν
2574 2975 2885 3051 Ὄλυμπον,
2917 2977 3051 3033 πότι
3080 2974 3139 3033 δὶ
3173 2978 3314 3051 μέγα
3344 2973 3471 3049 ὅρος
3506 2994 3520 3008 ‘
3554 2977 3776 3052 ἐπηρώ-

2121 3084 2261 3135 τησα
2310 3062 2367 3120 δὲ
2413 3064 2577 3131 αὐτὰς
2621 3064 2727 3141 ἐγὼ
2782 3071 3054 3141 Σολομῶν
3109 3070 3209 3140 μιᾷ
3258 3067 3473 3139 ἑκάστῃ,
3522 3065 3777 3142 ἠρξάμην

2124 3150 2181 3208 δὲ
2239 3154 2344 3210 ἀπὸ
2393 3156 2620 3230 πρώτης
2666 3152 2773 3219 ἓως
2812 3163 2913 3226 τῆς
2956 3150 3226 3230 ἑϐδόμης.
3267 3157 3332 3213 ἹΙ
3379 3155 3571 3229 πρώτη
3623 3154 3726 3234 ἔφη
3762 3173 3777 3187 ⁵

2125 3244 2265 3320 Ἐγὼ
2298 3244 2505 3316 Ἀπάτη
2558 3244 2694 3318 εἰμὶ,
2746 3245 2957 3315 ἀπατῶ,
3008 3243 3198 3301 πλὲκω
3250 3242 3357 3301 ὧδε
3403 3246 3605 3301 κάκεῖ·
3643 3243 3787 3321 αίρέο

2127 3353 2237 3395 σεις
2269 3331 2490 3409 ἐρεθίζω
2526 3354 2539 3367 ·
2570 3332 2693 3389 ἀλλ’
2722 3328 2838 3411 ἔχω
2868 3336 2958 3389 τὸν
3016 3336 3392 3410 καταργοῖνιτά
3439 3355 3505 3408 με
3552 3333 3780 3413 ἄγγελον

2121 3422 2488 3499 Λαμεχάλαλ.
2520 3423 2761 3496 Ὁμοίως
2801 3423 2891 3478 καὶ
2934 3426 2969 3495 ἡ
3022 3421 3244 3501 δευτέρα
3287 3422 3414 3502 ἔφη,
3464 3425 3611 3500 Ἐγώ
3660 3423 3776 3497 εἰμι

2120 3513 2155 3581 ἡ
2188 3514 2344 3587 Ἔρις
2378 3532 2390 3545 ·
2426 3507 2538 3590 ἔρις
2570 3513 2681 3586 [καὶ
2713 3508 2824 3589 ἔρις
2861 3517 2970 3568 τῶν
3021 3514 3120 3587 (6)]
3151 3510 3342 3588 ἐρίδων
3378 3532 3392 3547 ⁸
3427 3512 3574 3592 φέρω
3621 3510 3777 3586 ξύλα,

2121 3599 2332 3673 λίθους,
2365 3601 2511 3680 ξίφη,
2543 3602 2610 3657 τὰ
2642 3600 2787 3658 ὅπλα
2823 3623 2927 3677 μου
2975 3607 3073 3658 τοῦ
3101 3602 3275 3658 τόπου
3308 3622 3322 3636 ’
3355 3600 3483 3658 ἀλλ’
3515 3600 3631 3678 ἔχω
3679 3598 3778 3678 ἅγ-

2118 3688 2286 3756 γελον
2350 3692 2440 3746 τὸν
2500 3692 2872 3768 καταργοῦντά
2936 3713 3024 3766 με,
3056 3689 3478 3768 Βαρουχιαχήλ.
3532 3689 3775 3764 Ὁμοίως

2116 3781 2207 3835 καὶ
2265 3782 2299 3851 ἡ
2359 3781 2515 3857 τρίτη
2575 3777 2677 3860 ἔφη
2713 3782 2899 3857 ’Ἐγὼ
2953 3778 3184 3846 Κλωθὸδ
3241 3778 3540 3854 καλοῦμαι,
3573 3779 3603 3835 ὅ
3663 3778 3780 3835 ἐστι

2122 3870 2301 3946 μάχη,
2332 3870 2395 3926 οὐ
2447 3871 2767 3947 σχημόνους
2824 3870 2989 3946 χύσαι
3041 3870 3132 3926 καὶ
3161 3870 3553 3946 περισχεθῆναι
3584 3872 3729 3924 ποιῶ
3762 3886 3775 3899 ·

2116 3960 2205 4015 καὶ
2236 3960 2288 4015 τί
2321 3958 2509 4017 πολλὰ
2533 3960 2681 4036 λέγω
2713 3980 2727 4030 ;
2761 3958 2877 4036 ἔχω
2908 3957 3138 4037 ἄγγελον
3165 3959 3258 4015 τὸν
3287 3957 3664 4035 καταργοῦντά
3714 3977 3783 4031 με

2114 4049 2444 4124 Μαρμαράο.
2504 4050 2747 4122 Ὁμοίως
2802 4050 2894 4105 καὶ
2952 4048 3181 4125 τετάρτη
3239 4046 3340 4127 ἔφη
3376 4068 3390 4082 ⁸
3439 4049 3580 4124 Ἐγὼ
3636 4050 3784 4103 ποιῶ

2115 4137 2243 4200 τοὺς
2305 4139 2625 4214 ἀνθρώπους
2688 4140 2763 4214 μὴ
2824 4143 3120 4217 σωφρονεῖν
3156 4156 3170 4172 ο
3239 4137 3465 4213 μερίζω,
3528 4136 3780 4213 χωρίζω,

2120 4227 2460 4303 ἀπομερίζω,
2512 4227 3042 4302 παρακολουθούσης
3102 4248 3196 4302 μοι
3252 4227 3344 4283 καί
3397 4234 3497 4298 τῆς
3553 4223 3730 4301 ἔριδος
3761 4242 3779 4259 '

2120 4316 2457 4394 ἀποχωρίζω
2488 4319 2564 4392 (7)
2596 4316 2764 4394 ἄνδρα
2813 4318 2920 4373 ἀπὸ
2969 4325 3068 4389 τῆς
3118 4315 3405 4393 συγκοίτου
3454 4315 3618 4372 αὐτοῦ
3647 4334 3660 4348 ·
3687 4315 3779 4371 καὶ

2119 4405 2280 4461 τέκνα
2327 4407 2433 4462 ἀπὸ
2482 4408 2711 4482 γονέων,
2740 4407 2831 4463 καὶ
2878 4404 3150 4483 ἀδελφοὺς
3200 4406 3304 4462 ἀπὸ
3352 4403 3605 4481 ἀδελφῶν
3637 4423 3651 4438 ⁸
3687 4405 3776 4461 καὶ

2119 4495 2173 4551 τί
2203 4494 2390 4551 πολλὰ
2417 4495 2565 4573 λέγω
2611 4498 2730 4553 κατ’
2758 4496 2937 4572 ἒμοῦς
2971 4492 3088 4572 ἔχω
3139 4494 3377 4573 ἄγγελον
3436 4496 3529 4551 τὸν
3586 4515 3783 4572 καταρ-

2120 4585 2318 4660 γοῦντά
2378 4606 2484 4659 με,
2543 4587 2635 4642 τὸν
2715 4588 2879 4663 μὲγαν
2935 4584 3231 4643 Βαλθιούλ.
3290 4586 3541 4659 Ἥμοίως
3594 4584 3685 4640 καὶ
3741 4586 3779 4654 ἡ

341 4676 474 4732 liter
499 4680 559 4733 et
605 4680 769 4733 sexta
815 4676 940 4731 ait:
975 4676 1093 4750 Ego
1143 4692 1277 4732 sum
1326 4680 1524 4745 Error,
1579 4692 1677 4731 rex
1708 4675 1984 4733 Salomon

2124 4675 2345 4749 πέμπτη
2403 4670 2503 4754 ἔφη
2541 4693 2554 4707 ⁸
2588 4675 2726 4752 Ἐγώ
2787 4675 2903 4749 εἶμι
2965 4677 3238 4749 Δύναμις·
3300 4672 3527 4747 δυνάμει
3580 4674 3783 4749 τυράν-

343 4770 400 4821 et
430 4771 486 4822 te
516 4766 805 4839 decipiam
854 4765 1009 4821 sicut
1058 4770 1117 4821 et
1162 4765 1386 4839 decepi,
1440 4770 1497 4821 et
1546 4764 1655 4821 feci
1692 4769 1757 4821 ut
1786 4765 2011 4822 interfi-

340 4872 501 4912 ceres
552 4855 792 4912 fratrem
839 4860 1051 4925 tuum;
1101 4871 1208 4927 ego
1255 4854 1482 4928 decipio
1522 4872 1646 4924 vos,
1701 4860 1761 4911 ut
1812 4856 2009 4929 explo-

338 4949 546 5002 rentur
592 4943 902 5017 sepulcra;
948 4949 1008 5001 et
1060 4945 1376 5001 eti'ossores
1430 4945 1651 5005 doceo:
1697 4949 1753 5001 et
1780 4946 2009 5002 animas

339 5038 531 5093 averto
572 5035 645 5091 ab
694 5034 855 5091 omni
903 5033 1220 5107 religione;
1271 5038 1330 5090 et
1362 5033 1475 5089 alia
1511 5033 1698 5090 multa
1737 5052 1918 5108 prava
1949 5036 2008 5092 in

339 5140 469 5191 me;
517 5124 705 5180 habeo
753 5128 949 5179 autem
1001 5123 1275 5195 angelum
1328 5124 1429 5196 qui
1478 5140 1572 5179 me
1622 5124 2005 5197 impotentem

338 5212 479 5268 facit
528 5212 702 5269 Uriel.
748 5212 1031 5270 Similiter
1078 5218 1135 5270 et
1178 5212 1432 5286 septima
1485 5213 1677 5269 dixit:
1714 5215 1830 5287 Ego
1875 5231 2006 5271 sum

336 5300 638 5372 Pessima;
689 5306 746 5358 et
796 5307 853 5358 te
912 5304 1111 5376 ipsum
1158 5303 1511 5375 depravabo,
1556 5302 1692 5374 quia
1722 5303 2003 5361 inducam

337 5386 534 5444 Diana:
567 5407 771 5461 nexus,
807 5408 932 5464 quae
978 5393 1215 5449 tandem
1251 5408 1344 5449 me
1394 5391 1707 5465 liberabit;
1740 5409 1843 5465 per
1872 5409 1999 5451 eam

403 5701 482 5774 (6)
514 5700 644 5775 Haec
677 5701 751 5757 ad
785 5717 975 5775 marg.
1002 5708 1171 5775 sunt.

514 5773 578 5829 In
610 5776 772 5829 textu
802 5770 1115 5847 ἆποᾶχίζω.

2119 4785 2245 4827 νους
2299 4766 2523 4838 ἀνιστῶ,
2582 4764 2828 4840 βασιλεῖς
2874 4767 3142 4840 καθαιριῖ),
3194 4757 3499 4828 πᾶσι’τοῖς
3555 4764 3783 4819 ὑπεναν-

2116 4852 2258 4918 τίοις
2289 4856 2518 4930 παρέχω
2549 4851 2779 4928 δύναμιν
2815 4872 2828 4886 ⁸
2862 4849 2979 4929 ἔχω
3032 4853 3265 4930 ἄγγελον
3289 4850 3408 4913 ,τὸν
3448 4856 3780 4929 καταργοῦν-

2116 4945 2183 4999 τά
2240 4965 2305 5017 με
2335 4945 2664 5021 Ἀστεραώθ.
2698 4941 2943 5018 Ὁμοίως
2992 4944 3082 4999 καὶ
3143 4946 3179 5014 ἡ
3232 4939 3362 5014 ’ἐκτη
3424 4940 3526 5021 ἔφη
3561 4960 3575 4976 ·
3633 4941 3781 5017 Ἐγώ

2118 5033 2232 5105 εἰμι
2265 5032 2479 5106 ΙῙλάνη,
2520 5032 2746 5109 βασιλεῦ
2778 5031 3077 5106 Σολομῶν,
3109 5031 3199 5087 καὶ
3243 5032 3302 5088 σὲ
3353 5029 3410 5087 δὲ
3457 5028 3650 5087 πλανῶ
3702 5030 3779 5093 ὡς

2114 5124 2203 5178 καὶ
2236 5125 2315 5197 (8)
2342 5122 2627 5194 ἐπλάνησά
2657 5145 2714 5179 σε
2747 5125 2868 5198 (sic)
2914 5124 3005 5178 καὶ
3056 5122 3290 5192 ἐποίησα
3337 5121 3642 5193 ἀποκτῆναι
3681 5121 3774 5176 τὸν

2113 5210 2350 5291 ἀδελφόν
2410 5234 2504 5267 σου
2539 5231 2551 5244 ·
2604 5211 2709 5289 ἐγὼ
2776 5211 2971 5268 πλανῶ
3042 5214 3194 5285 ἡμᾶς
3262 5212 3426 5285 (ὑμᾶς
3457 5212 3515 5284 ‘2)
3570 5210 3773 5287 τάφους

2114 5301 2330 5378 ἑρευνᾷν
2386 5320 2400 5333 ·
2456 5301 2547 5356 καὶ
2616 5298 2901 5377 διορύκτας
2960 5298 3201 5356 διδάσκω
3247 5318 3260 5333 ⁸
3320 5298 3411 5354 καὶ
3471 5296 3775 5354 ἀποπλανῶ

2112 5392 2294 5469 ψυχὰς
2322 5391 2427 5448 ἀπὸ
2458 5390 2638 5463 πάσης
2679 5386 2972 5463 εὐσεϐείας,
3005 5390 3097 5446 καὶ
3143 5387 3303 5467 ’ἐτερα
3350 5386 3538 5445 πολλὰ
3593 5385 3774 5465 φαῦλα

2175 5708 2252 5781 (8)
2281 5705 2485 5781 Verba
2506 5699 2565 5758 δὲ
2591 5699 2786 5759 πλανῶ
2813 5703 2888 5766 ὡς
2926 5701 3018 5758 καὶ
3050 5703 3112 5760 in
3146 5716 3333 5776 marg.
3371 5715 3654 5775 supremo
3683 5697 3775 5755 in-

2106 5777 2264 5838 serta
2290 5777 2589 5851 leguntur.
