4142 6402
431 442 588 504 1329

1581 443 2180 508 'l‘ESTAMEN'l‘UM
2226 441 2702 505 SALOMONIS.

3701 443 3860 504 1330

421 571 474 627 ἰν
537 571 687 644 ἐμοί·
721 565 836 648 ἔχω
894 569 951 627 δὶ
997 572 1089 628 τὸν
1141 575 1519 650 καταργοῦντά
1581 596 1648 649 με
1696 573 1930 651 ἄγγελον
1981 573 2087 634 Οὐ-

2207 575 2363 632 enim
2415 575 2644 645 oportet
2691 575 2746 627 te
2796 572 3083 628 faccscere
3125 570 3689 644 concupiscentiam,
3741 572 3858 628 nisi

422 660 577 738 ριήλ.
607 661 845 734 Ὁμοίως
893 662 984 717 καὶ
1038 666 1072 732 ἡ
1121 658 1330 736 ἑϐδόμη
1393 659 1518 742 ἔφη’
1553 666 1700 740 Ἐγώ
1761 665 1874 740 εἶμι
1926 664 2090 721 Κακί-

425 769 545 821 στη⁹
579 750 670 805 καὶ
721 750 780 806 σε
833 750 992 806 αὐτὸν
1049 757 1201 807 κακῶ
1235 771 1248 785 ⁶
1284 754 1366 808 ὅτι
1434 753 1710 810 κελευστῶ
1761 752 2090 829 (κελευσῶῗ)

426 837 744 916 Ἀρτέμιδος
796 838 1048 914 δεσμούς·
1084 844 1118 911 ἡ
1173 839 1230 897 δὲ
1278 840 1431 918 ἅκρις
1483 865 1549 918 με
1598 844 1789 899 Mem“
1826 842 1895 899 δι’
1929 844 2095 909 αὐτῆς

2203 667 2516 722 adversum
2564 680 2657 719 me
2707 663 3066 718 desiderium
3138 662 3442 734 sapientiae
3495 661 3747 734 feceris;
3807 665 3856 720 si

2205 755 2338 828 quis
2399 754 2557 810 enim
2618 753 2858 825 sapiens
2915 757 3092 820 esset,
3154 769 3269 810 non
3328 753 3400 809 ad
3460 767 3553 808 me
3613 759 3862 812 verteret

2207 861 2474 917 gressus.

425 928 526 1006 γάρ
580 950 638 984 σε
677 927 761 984 δεῖ
815 931 1013 1007 πρᾶξαι
1056 933 1154 1001 τὴν
1205 932 1518 1006 ἐπιθυμίαν,
1551 933 1707 1007 (ἐμὴ)
1759 934 1891 1008 [ἐμὴ
1935 937 2036 1008 sic,
2069 933 2114 989 εἰ
2172 935 2310 1007 μήῖ]
2359 933 2476 988 κατ’
2528 930 2769 1005 ἰμαυτῆς
2818 931 2916 1002 τήν
2969 930 3260 1004 ἐπιθυμίαν
3317 937 3420 1000 τῆς
3474 929 3663 1009 σοφίας
3697 950 3710 964 ⁸
3771 929 3860 987 ἐὰν

431 1020 532 1096 γαρ
563 1020 630 1089 ἦν
661 1040 746 1082 τις
780 1021 968 1097 σοφὸς,
1004 1021 1103 1076 οὐκ
1132 1021 1424 1098 ἐπιστρέψῃ
1454 1021 1608 1098 ἴχνος
1636 1023 1773 1100 πρός
1810 1045 1896 1098 με.

493 1125 635 1201 Ἐγὼ
667 1125 726 1183 δὲ
781 1126 1062 1203 Σολομῶν
1118 1129 1354 1193 ἀκούσας
1413 1131 1504 1186 καὶ
1562 1131 1842 1206 θαυμάσας
1894 1131 2090 1208 ἐσφρά-

421 1235 549 1290 γισα
606 1215 770 1278 αὐτὰς
822 1215 874 1272 ἐν
932 1223 1011 1290 τῷ
1065 1215 1420 1293 δακτυλιδίῳ’
1453 1221 1543 1275 καὶ
1594 1218 1781 1291 ἐπειδὴ
1831 1222 2088 1276 ταῦτοκαι

421 1307 544 1376 (δίο)
572 1306 732 1375 ἦσαν,
773 1305 1030 1362 ἐκέλευσα
1087 1307 1252 1371 αὐτὰς
1312 1308 1558 1385 ὀρύσσειν
1613 1311 1741 1372 τοὺς
1803 1309 2090 1383 θεμελίους

419 1397 515 1448 τοῦ
563 1399 694 1448 ναοῦ
743 1399 841 1450 τοῦ
892 1401 1046 1452 Θεοῦ·
1080 1395 1194 1452 ἐπεὶ
1241 1395 1551 1462 διακοσίους
1602 1401 1944 1470 πεντήκοντα
1981 1401 2088 1470 πή-

424 1500 545 1556 χεις
593 1484 660 1552 ἦν
711 1484 774 1538 τὸ
828 1491 1044 1558 μῆκος·
1099 1482 1272 1564 ἴφησα
1318 1484 1376 1542 δὲ
1422 1488 1588 1551 αὐτὰς
1642 1489 1894 1552 εὐτόνους
1959 1489 2088 1543 εἶναι

421 1572 510 1628 καὶ
565 1576 764 1634 κοινῶς
820 1574 1148 1650 γογγύταται
1207 1574 1423 1631 τελέσαι
1482 1579 1550 1632 τὰ
1594 1577 1948 1642 κελευσθέντα
1996 1576 2090 1632 αὐ-

419 1666 537 1722 ταῖς
586 1662 1014 1738 κατηργάζοντο.
1065 1665 1202 1738 Ἒγὼ
1262 1663 1320 1720 δὲ
1377 1665 1650 1740 Σολομῶν
1713 1665 1938 1737 δοξάσας
1995 1667 2088 1722 τὸν

423 1749 646 1826 Κύριον,
705 1749 962 1807 ἐκέλευσα
1017 1754 1271 1830 παρεῖναί
1351 1777 1447 1828 μοι
1513 1752 1692 1831 ἕτερον
1777 1754 2085 1830 δαιμόνιον,

422 1840 522 1894 Καὶ
571 1839 910 1916 προσενὲχθη
971 1864 1064 1915 μοι
1134 1840 1417 1917 δαιμόνιον
1481 1842 1767 1918 ἅνθρωπος
1827 1841 1974 1920 ἔχων
2023 1845 2092 1899 τὰ

1217 1931 1264 1952 δι

421 1928 594 1985 πάντα
655 1929 824 2003 μὲλη,
882 1930 1154 2010 ἀκέφαλος
1213 1931 1270 1988 δέ
1303 1954 1316 1967 ο
1351 1934 1500 2009 κάγὼ
1559 1933 1688 1990 ἰδὼν
1723 1936 1870 1990 εἶπον
1901 1934 2048 2006 αὐτῷ
2071 1939 2084 1951 ’

2271 1133 2391 1204 Ego
2421 1131 2696 1189 Salomon
2731 1131 2976 1187 audiens
3009 1134 3066 1186 et
3117 1129 3441 1201 admirans,
3490 1129 3720 1201 signavi
3758 1147 3859 1187 eas

2201 1221 2444 1291 annulo,
2477 1227 2534 1278 et
2565 1222 2778 1276 deinde
2807 1219 3012 1292 quales
3035 1224 3220 1285 erant,
3260 1218 3409 1290 jussi
3443 1222 3507 1272 ut
3537 1218 3858 1274 effoderent

2201 1312 2590 1366 fundamenta
2622 1311 2828 1382 templi
2863 1310 3145 1382 quoniam
3185 1309 3277 1364 bis
3330 1313 3562 1363 centum
3594 1311 3652 1362 et
3679 1307 3855 1378 quin-

2200 1402 2486 1473 quaginta
2533 1401 2867 1455 cubitorum
2920 1402 3045 1454 erat
3091 1398 3438 1470 longitudo;
3480 1396 3626 1452 dixit
3655 1403 3853 1452 autem

2201 1507 2300 1546 eas
2334 1491 2805 1557 robustascsse;
2841 1495 2899 1545 et
2930 1489 3150 1560 pariter
3196 1491 3638 1543 murmurantes
3694 1486 3856 1558 operi

2201 1581 2524 1649 instabant,
2556 1584 2620 1635 ut
2643 1580 2816 1650 jussa
2856 1579 3222 1651 perﬁcerent.
3257 1577 3374 1648 Ego
3409 1575 3685 1632 Salomon
3719 1575 3851 1630 lau-

2201 1670 2348 1725 dans
2380 1670 2566 1725 Deum
2598 1669 2843 1740 prazcepi
2877 1672 2943 1723 ut
2969 1668 3201 1723 adesset
3227 1665 3370 1721 mihi
3407 1665 3558 1722 alius
3590 1666 3849 1734 daemon;

2199 1763 2256 1814 et
2285 1759 2547 1814 oblatum
2581 1762 2670 1813 est
2696 1757 2843 1812 mihi
2875 1756 3254 1825 daemonium,
3279 1755 3455 1811 homo
3487 1754 3711 1810 habens
3734 1770 3853 1811 om-

2200 1849 2300 1904 nia
2346 1848 2631 1914 membra,
2667 1849 2769 1902 sed
2820 1845 3174 1918 acephalus;
3227 1849 3284 1900 et
3332 1861 3437 1916 ego
3469 1844 3674 1899 videns
3730 1843 3851 1900 dixi

2199 1939 2252 1994 ei
2289 1954 2302 1993 :
2336 1938 2538 1993 Indica
2569 1937 2716 1992 mihi
2748 1937 2882 2008 quis
2913 1937 3016 1992 sis.
3051 1935 3158 2000 Qui
3191 1933 3312 1992 ait:
3348 1933 3710 1989 Daemonium
3743 1949 3850 1988 ex-

421 2022 558 2095 Λὲγε
599 2041 692 2093 μοι
728 2019 790 2075 σὺ
831 2021 914 2083 τίς
959 2021 1024 2079 εἶ.
1058 2023 1120 2080 Ὀ
1172 2021 1230 2078 δὲ
1277 2023 1442 2081 εἶπεν.
1477 2023 1769 2097 Δαιμόνιόν
1819 2023 1954 2097 εἶμι.
1987 2023 2083 2079 Εἷ-

2201 2028 2360 2083 sisto.
2412 2028 2482 2082 Et
2540 2026 2656 2082 dixi
2693 2045 2705 2084 :
2737 2025 2911 2091 Quisl
2965 2025 3075 2088 Qui
3109 2024 3410 2095 respondit
3452 2023 3570 2096 Ego
3619 2022 3846 2078 Invidia

419 2129 519 2163 πον
573 2107 630 2164 δὲ
668 2109 837 2182 αὐτῷ.
872 2109 1094 2181 ΤίςςὈ
1153 2108 1209 2166 δὲ
1259 2109 1384 2188 ἔφη.
1439 2113 1585 2188 Ἐγὼ
1623 2113 1897 2186 καλοῦμαι
1945 2111 2084 2166 Φθό-

418 2217 556 2260 νος·
611 2197 717 2273 ἐγὼ
798 2200 899 2274 γὰρ
977 2199 1214 2279 κεφαλὰς
1284 2199 1463 2272 ἡδέως
1542 2201 1847 2272 κατεσθίω,
1910 2201 2083 2258 θέλων

418 2286 636 2362 ἐμαυτῷ
690 2287 932 2365 κεφαλὴν
984 2292 1468 2365 περιποιήσασθαι,
1522 2293 1611 2346 καὶ
1685 2291 1748 2346 οὐ
1803 2291 2081 2367 χορτάζω,

417 2375 670 2450 ἰπιθυμῶ
730 2374 787 2431 δὲ
833 2380 1080 2456 κεφαΛὴν
1135 2381 1393 2450 τοιαύτην
1443 2377 1612 2457 ἔχειν,
1673 2379 1788 2435 οἵαν
1846 2382 1935 2436 καὶ
1997 2380 2084 2435 σύ-

419 2471 594 2522 Ταῦτα
652 2465 888 2529 ἀκούσας
947 2467 1052 2544 ἐγὼ
1111 2467 1387 2543 Σολομῶν
1447 2469 1740 2546 ἐσφράγισα
1797 2471 1948 2541 αὐτὸ,
1998 2469 2086 2525 ἐκ·

417 2555 596 2618 τείνας
652 2557 751 2625 τὴν
810 2557 973 2632 χεῖρά
1035 2580 1140 2632 μου
1188 2560 1326 2613 κατᾶ
1368 2564 1465 2614 τοῦ
1511 2562 1742 2630 στήθους
1775 2561 1964 2631 αὐτοῦ,
1993 2559 2084 2615 καὶ

423 2642 763 2716 ἀνεπήδησεν
797 2646 824 2700 ὁ
858 2643 1068 2720 δαίμων
1127 2647 1218 2702 καὶ
1276 2646 1492 2724 ἔρῥιψεν
1544 2649 1756 2717 ἑαυτὸν,
1805 2649 1895 2704 καὶ
1934 2647 2088 2725 ἐγόγ-

419 2756 574 2813 γυσεν
627 2734 820 2806 εἰπὼν,
852 2733 1049 2810 Οἷ¹μοι,
1085 2742 1190 2792 ποῦ
1238 2739 1514 2814 πάρειμι;
1571 2739 1616 2792 ὧ
1667 2737 1911 2815 προδότα
1960 2740 2087 2813 Ὀρ-

421 2821 530 2894 νία,
563 2821 624 2878 οὐ
687 2823 896 2898 βλέπω.
933 2831 1108 2902 ’Έφην
1162 2823 1220 2880 δὲ
1271 2826 1420 2899 αὐτῷ
1459 2826 1564 2901 ἐγὼ
1621 2825 1919 2900 Σολομὼν·
1953 2827 2087 2902 Λὶγε

432 2932 523 2984 μοι
569 2914 672 2988 γὰρ
722 2913 885 2977 πόθεν
941 2912 1182 2990 βλέπεις.
1215 2916 1276 2972 Ὁ
1327 2913 1385 2970 δὲ
1423 2913 1551 2993 ἔφη,
1605 2917 1704 2970 Διὰ
1747 2921 1856 2971 τῶν
1897 2921 2083 2980 παθῶν

435 3021 560 3072 μου.
593 3003 758 3077 Κάγὼ
811 3003 902 3057 οὗν
947 3003 1218 3076 Σολομῶν
1267 3005 1368 3072 τήν
1416 3003 1610 3060 ἄνοδον
1641 3012 1744 3074 τῆς
1774 3013 1961 3081 φωνῆς
1991 3006 2088 3060 αὐ-

430 3090 532 3148 τοῦ
579 3089 835 3160 ἀκούσας,
887 3093 978 3146 καὶ
1038 3091 1214 3148 θέλων
1273 3091 1637 3169 ιύδηλότερον
1689 3096 1898 3167 μαθεῖν,
1959 3093 2090 3165 ἐπη-

432 3178 654 3250 ρώτησα
710 3180 894 3248 αὐτὸν,
956 3183 1122 3237 Πόθεν
1180 3180 1408 3252 λαλεῖς;
1469 3178 1568 3259 ἔφη
1633 3181 1689 3238 δὲ
1747 3201 1868 3256 μοι’
1922 3184 2087 3259 Ἐγὼ,

438 3268 659 3343 βασιλεῦ
692 3269 987 3344 Σολομῶν,
1023 3270 1170 3333 ὅλως
1202 3273 1356 3348 φωνή
1407 3271 1544 3343 εἰμί,
1577 3269 1804 3328 πολλῶν
1852 3273 1952 3349 γὰρ
2002 3273 2089 3327 ἀν-

2189 2133 2364 2172 vocor
2392 2135 2405 2184 ;
2440 2115 2633 2188 capita
2663 2117 2819 2170 enim
2846 2115 3109 2186 jucunde
3139 2113 3404 2182 comedo,
3435 2113 3634 2168 volens
3666 2110 3841 2166 mihi-

2195 2210 2314 2262 met
2344 2209 2517 2277 caput
2550 2205 2832 2276 praestari,
2878 2209 2936 2260 et
2985 2221 3102 2259 non
3152 2203 3360 2271 satior;
3413 2201 3680 2256 desidero
3734 2217 3840 2256 au-

2195 2300 2314 2352 tem
2347 2294 2461 2351 tale
2515 2297 2690 2366 caput
2741 2293 2976 2362 habere,
3012 2292 3185 2364 quale
3217 2295 3274 2348 et
3306 2296 3390 2346 tu.
3423 2295 3557 2346 Haec
3595 2289 3845 2345 audiens

2195 2402 2300 2458 ego
2333 2385 2610 2441 Salomon
2644 2383 2864 2454 signavi
2897 2399 3056 2448 eum,
3089 2381 3408 2436 extendens
3439 2395 3681 2435 manum
3725 2395 3850 2433 me-

2195 2492 2287 2530 am
2323 2475 2380 2530 in
2416 2478 2618 2546 pectus
2650 2474 2814 2545 ejus;
2846 2471 3100 2544 prosiliit
3131 2471 3381 2539 daemon,
3413 2474 3470 2525 et
3499 2486 3561 2525 se
3593 2467 3854 2540 praecipi-

2195 2569 2311 2620 tem
2346 2565 2542 2631 dabat,
2576 2568 2632 2618 et
2678 2563 2972 2634 ingemuit
3002 2562 3203 2616 dicens
3238 2577 3252 2616 :
3285 2559 3483 2614 Eheu!
3544 2558 3643 2614 ubi
3674 2554 3847 2613 sum!

2198 2671 2229 2709 o
2264 2652 2524 2725 proditor
2553 2653 2751 2722 Arnia,
2785 2651 2988 2706 lumen
3021 2649 3270 2720 perdidi.
3304 2648 3432 2702 Dixi
3483 2647 3535 2702 ei
3586 2663 3694 2718 ego
3745 2647 3852 2701 Sa-

2198 2742 2396 2799 lomon
2430 2758 2443 2797 :
2478 2742 2580 2797 Dic
2612 2740 2764 2796 enim
2795 2739 2938 2795 mihi
2971 2739 3125 2793 unde
3156 2737 3354 2792 videas
3379 2736 3406 2792 ?
3437 2735 3545 2800 Qui
3584 2740 3666 2790 ait
3697 2751 3708 2789 :
3746 2735 3852 2790 Per

2198 2849 2410 2888 sensus
2442 2847 2622 2886 meos.
2659 2835 2776 2902 Ego
2808 2829 2990 2902 igitur
3027 2826 3297 2882 Salomon
3333 2825 3553 2881 inviam
3585 2826 3714 2896 ejus
3744 2840 3847 2879 vo-

2197 2939 2323 2978 cem
2359 2922 2627 2987 audiens,
2652 2929 2706 2976 et
2735 2919 2936 2975 volens
2983 2917 3360 2973 manifestius
3393 2916 3638 2984 discere,
3663 2914 3848 2970 inter-

2199 3011 2391 3082 rogavi
2424 3028 2558 3067 eum
2595 3027 2606 3064 :
2643 3009 2808 3065 Unde
2839 3007 3093 3079 loqueris
3120 3010 3142 3062 ?
3170 3011 3240 3062 Et
3269 3005 3350 3061 ait
3383 3023 3396 3060 :
3430 3005 3573 3077 Ego,
3607 3021 3706 3059 rex
3738 3003 3842 3058 Sa-

2198 3099 2422 3164 lomon.
2455 3104 2616 3155 totus
2646 3115 2754 3154 vox
2781 3113 2938 3164 sum,
2972 3095 3298 3151 multorum
3329 3094 3487 3150 enim
3539 3093 3849 3149 hominum

2198 3207 2368 3248 voces
2400 3189 2778 3256 haereditavi;
2811 3190 3104 3258 quotquot
3134 3184 3290 3239 enim
3323 3183 3429 3238 viri
3464 3182 3613 3238 muti
3643 3197 3852 3238 vocan-

2198 3287 2316 3349 tur,
2351 3281 2561 3336 horum
2594 3295 2698 3350 ego
2731 3277 2926 3348 capita
2952 3273 3216 3331 conclusi
3248 3274 3485 3345 quando
3517 3271 3683 3344 pueri
3715 3287 3856 3327 naso

435 3357 666 3432 θρώπων
718 3360 898 3432 φωνὰς
944 3360 1506 3435 κατεκληρονόμησα⁸
1561 3363 1679 3417 ὅσοι
1729 3362 1833 3438 γὰρ
1883 3363 2087 3438 ἅνθρω-

2201 3376 2435 3438 cuntur,
2469 3373 2526 3424 et
2554 3367 2763 3423 diebus
2812 3371 2942 3422 octo
2988 3369 3224 3435 tempus
3278 3361 3677 3434 praeveniunt;
3714 3365 3856 3415 tunc

429 3467 526 3502 ποι
557 3445 856 3504 καλοῦνται
885 3451 1092 3528 κωφοὶ,
1122 3449 1328 3505 τούτων
1381 3451 1488 3528 ἐγὼ
1533 3452 1628 3513 τὰς
1674 3449 1918 3527 κεφαλὰς
1964 3474 2091 3508 κατ-

430 3535 656 3610 έκλησα,
718 3537 808 3595 ὅτε
883 3538 1075 3596 παιδία
1151 3546 1461 3617 γεννῶνται,
1523 3542 1613 3598 καὶ
1666 3545 1890 3619 ἡμερῶν
1947 3542 2091 3598 ὀκτὼ

428 3625 693 3702 φθάσωσι,
725 3628 849 3684 τότε
901 3629 1192 3694 κλαίοντος
1227 3635 1325 3687 τοῦ
1355 3629 1577 3687 παιδίου
1625 3633 1818 3694 νυκτὸς
1869 3632 2092 3709 γίνομαι

426 3721 676 3790 πνεῦμα·
740 3719 831 3773 καὶ
891 3716 980 3774 δια
1027 3723 1127 3785 τῆς
1186 3723 1371 3797 φωνῆς
1433 3721 1598 3775 αὐτοῦ
1650 3720 2039 3795 ἐπεισέρχομαι
2073 3740 2088 3755 ⁶

426 3802 659 3881 ἐνορίαις
707 3807 797 3862 καὶ
850 3809 990 3863 πάνυ
1043 3806 1303 3878 διακονῶ,
1353 3810 1441 3864 καὶ
1490 3809 1553 3863 τὸ
1612 3809 1923 3882 συνάντημά
1984 3830 2090 3882 μου

430 3889 698 3970 βλαϐερόν
753 3895 916 3950 ἐστιν’
961 3895 1052 3951 καὶ
1110 3897 1308 3960 εὐθέως
1361 3892 1547 3952 λαϐὼν
1593 3902 1716 3961 ταῖς
1771 3897 1927 3972 χερσί
1989 3918 2089 3970 μο-

427 3983 502 4044 ὡς
564 3983 653 4039 ἐπὶ
706 3984 874 4062 ξίφος
913 3986 1014 4054 τήν
1073 3985 1316 4064 κεφαλὴν
1371 3986 1684 4060 ἆποτὲμνω·
1721 3987 1810 4041 καὶ
1870 4007 2092 4061 προστι-

427 4074 504 4127 θῶ
544 4071 784 4147 ἐμαυτῷ
827 4075 920 4130 καὶ
972 4073 1146 4138 οὕτως
1200 4076 1301 4130 ὑπὸ
1349 4077 1520 4150 πυρὸς
1568 4080 1664 4130 τοῦ
1695 4072 1852 4139 ὄντος
1878 4075 1929 4130 ἐν
1963 4075 2090 4150 ἐμοὶ

429 4157 519 4216 διὰ
573 4166 672 4216 τοῦ
731 4163 1021 4238 τραχήλου
1075 4162 1534 4220 καταδαπανᾶται·
1588 4163 1695 4240 ἐγὼ
1753 4164 1868 4238 εἷ’μι
1920 4166 1948 4218 ὁ
1993 4166 2090 4230 τὰς

423 4251 700 4325 πηρώσεις
765 4253 862 4315 τὰς
937 4253 1180 4328 μεγάλας
1250 4253 1340 4309 καὶ
1410 4252 1806 4330 ἀθεραπεύτους
1865 4254 1916 4309 ἐν
1972 4260 2091 4318 τοῖς

429 4339 590 4394 ποσὶν
621 4338 968 4415 ἰπιπὲμπων,
997 4343 1090 4398 καὶ
1131 4341 1268 4414 ἕλκη
1316 4342 1551 4417 ἐμποιῶ,
1587 4345 1762 4418 Κάγὼ
1815 4343 2086 4418 Σολομῶν

425 4427 656 4490 ἀκούσας
701 4435 890 4500 ταῦτα,
925 4432 1078 4486 εἶπον
1125 4432 1293 4505 αὐτῷ·
1337 4434 1478 4508 Λὲγε
1530 4454 1623 4507 μοι
1666 4434 1759 4487 οὗν
1799 4439 1916 4496 πῶς
1966 4434 2090 4489 ἐπα-

425 4517 552 4592 φίης
607 4519 670 4573 τὸ
728 4523 860 4596 πῦρ,
911 4521 1000 4599 ἀφ’
1054 4523 1128 4576 ὧν
1192 4521 1536 4596 ἀποπέμπεις
1593 4523 1642 4595 ἐξ
1694 4522 2083 4602 αὖτῶν;Ἔφη

424 4604 482 4662 δὲ
541 4629 636 4682 μοι
692 4610 755 4664 τὸ
809 4609 1046 4684 πνεῦμα,
1096 4612 1235 4667 ’Δπὸ
1291 4618 1389 4681 τῆς
1447 4612 1721 4678 ἀνατολῆς
1757 4632 1770 4646 ·
1818 4611 1924 4668 ὦδε
1981 4614 2086 4690 γὰρ

423 4693 578 4752 οῦπω
637 4699 832 4774 εὑρέθη
893 4701 1144 4764 κάκεῖνος
1187 4696 1522 4778 Ἐλϐουρίων
1581 4702 1655 4764 ὡς
1715 4701 1964 4778 ἐπεύχων
2022 4705 2085 4758 τὸ

421 4786 554 4841 αὐτὸ
611 4764 712 4842 καὶ.
753 4764 1064 4864 λυχναψίαν
1111 4790 1260 4863 αὐτῷ
1317 4764 1694 4866 οἱιᾶνθρωποι
1752 4764 2083 4846 ἐπιτεΛοῦσιο
2119 4764 2164 4830 D

420 4875 671 4931 κάκείνου
698 4879 762 4933 τὸ
812 4875 1003 4953 ὅνωμα
1043 4883 1164 4954 (sic)
1198 4902 1216 4937 :
1246 4908 1328 4936 =
1370 4876 1569 4954 ὄνομα)
1617 4879 2004 4936 ἐπικαλοῦνται
2035 4883 2086 4936 οἱ

424 4965 557 5021 ἒπτά
622 4964 880 5040 δαίμονες
968 4969 1196 5026 ἰνώπιόν
1279 4991 1384 5044 μου
1419 4989 1432 5003 ο
1492 4971 1740 5032 κάκεῖνος
1808 4971 2086 5043 θεραπεύει

423 5053 641 5118 αὐτούς.
693 5059 861 5114 Εἶπον
923 5055 981 5113 δὲ
1039 5059 1206 5132 αὐτῷ·
1252 5059 1387 5117 Εἷπὲ
1444 5081 1536 5134 μοι
1587 5059 1651 5114 τὸ
1695 5055 1870 5134 ὄνομα
1899 5061 2085 5116 αὐτοῦ’

420 5144 484 5201 Ὀ
521 5142 578 5199 δὲ
607 5139 735 5220 ἔφη·
772 5147 849 5204 Οὐ
883 5145 1120 5220 δύναμαί
1153 5169 1237 5203 σοι
1270 5149 1439 5204 εἰπεῖν
1461 5170 1473 5182 ·
1509 5150 1598 5204 ἑὰν
1649 5150 1752 5226 γὰρ
1807 5147 1945 5205 εἷ’πω
1993 5150 2089 5206 αὖ·

420 5240 519 5290 τοῦ
567 5237 631 5292 τὸ
708 5234 909 5313 ὄνομα,
962 5239 1330 5315 ἀθεράπευτον
1409 5241 1642 5314 ἐμαυτὸν
1719 5245 1899 5296 ποιῶο
1963 5239 2091 5297 ἀλλ’

421 5321 623 5388 ἐκεῖνος
675 5325 852 5391 ἐλθὼν
912 5327 1000 5382 ἐπὶ
1055 5327 1186 5383 αὐτὸ
1241 5330 1303 5383 τὸ
1359 5326 1557 5403 ὄνομα.
1594 5330 1692 5384 Καὶ
1722 5335 1890 5385 ταῦτα
1922 5331 2092 5386 ἀκού-

422 5434 515 5476 σας
565 5413 670 5489 ἐγὼ
728 5416 1002 5491 Σολομῶν
1063 5419 1212 5472 εἶπον
1272 5417 1420 5490 αὐτῷ
1453 5438 1466 5452 ·
1527 5419 1662 5476 Εἷπέ
1696 5441 1790 5492 μοι
1840 5418 1930 5474 οὖν
1988 5421 2093 5475 ὑπὸ

2201 3462 2494 3518 clamante
2522 3456 2789 3530 puerulo,
2825 3456 2898 3511 ﬁo
2931 3454 3199 3527 spiritus,
3253 3457 3310 3508 et
3342 3468 3446 3524 per
3488 3466 3692 3506 vocem
3731 3451 3860 3520 ejus

2202 3550 2508 3618 subintro;
2557 3546 2776 3602 ﬁnibus
2834 3550 3034 3600 custos
3091 3541 3373 3614 invigilo,
3453 3544 3510 3596 et
3577 3555 3859 3595 occursus

2203 3656 2371 3695 meus
2392 3639 2601 3694 noxius
2629 3655 2641 3704 ;
2676 3639 2729 3692 et
2761 3633 2874 3690 cito
2906 3632 3198 3705 arripiens
3229 3630 3527 3699 manibus,
3558 3627 3719 3684 velut
3754 3645 3856 3683 en-

2201 3745 2264 3785 se
2295 3732 2473 3800 caput
2505 3729 2772 3798 amputo,
2804 3727 2863 3778 et
2892 3722 3315 3794 superimpono
3344 3719 3526 3790 mihi;
3557 3723 3614 3774 et
3645 3717 3730 3773 sic
3782 3717 3856 3772 ab

2200 3818 2336 3889 igne
2392 3819 2585 3872 stante
2634 3815 2693 3868 in
2749 3829 2842 3869 me
2898 3829 3001 3884 per
3048 3810 3266 3866 collum
3309 3809 3710 3874 consumitur;
3745 3821 3852 3876 ego

2200 3923 2334 3962 sum
2365 3905 2464 3976 qui
2494 3904 2764 3959 lasiones
2811 3917 3058 3973 magnas
3107 3905 3165 3956 et
3214 3897 3575 3954 insanabiles
3602 3896 3852 3968 pedibus

2200 3995 2469 4063 immitto,
2500 3996 2557 4048 et
2587 3991 2786 4047 ulcera
2817 3992 2984 4045 facio.
3018 3990 3087 4044 Et
3116 4005 3221 4061 ego
3251 3987 3528 4044 Salomon
3579 3984 3850 4054 audiens,

2199 4085 2318 4140 dixi
2375 4083 2476 4148 ei;
2549 4081 2750 4137 Indica
2797 4078 2943 4134 mihi
3001 4078 3178 4148 igitur
3247 4075 3540 4148 quomodo
3614 4073 3854 4129 emittas

2197 4175 2395 4246 ignem
2424 4191 2438 4241 ;
2472 4190 2505 4227 a
2534 4171 2753 4242 quibus
2785 4169 3066 4224 amandes
3097 4167 3264 4221 illud.
3297 4165 3368 4220 Et
3415 4165 3498 4220 ait
3553 4163 3800 4234 spiritus
3837 4178 3850 4218 :

2196 4263 2281 4318 Ab
2305 4261 2539 4317 Oriente
2573 4277 2586 4314 :
2621 4258 2712 4314 hic
2744 4258 2901 4313 enim
2935 4257 3198 4312 nondum
3232 4255 3508 4309 inventus
3540 4256 3630 4308 est
3658 4251 3855 4308 elbou-

2198 4352 2325 4407 rion
2372 4348 2669 4422 (nebulo?)
2725 4347 2856 4413 iste,
2891 4346 3064 4417 quasi
3099 4346 3170 4400 de
3202 4345 3312 4400 hoc
3342 4343 3472 4414 ipso
3505 4359 3568 4397 se
3595 4342 3856 4412 jactans,

2198 4441 2290 4497 cui
2324 4441 2536 4496 festum
2567 4438 2944 4493 lucernarum
2977 4433 3345 4491 accensionis
3376 4431 3720 4505 persolvunt
3749 4429 3853 4485 ho-

2198 4530 2390 4585 mines
2423 4547 2435 4584 :
2470 4529 2641 4598 cujus
2680 4542 2892 4582 nomen
2925 4525 3198 4580 invocant
3226 4526 3452 4594 septem
3477 4520 3723 4592 spiritus
3754 4535 3852 4574 co-

2197 4635 2322 4674 ram
2358 4634 2468 4685 me,
2496 4623 2554 4672 et
2582 4615 2707 4688 ipse
2740 4615 3005 4671 medetur
3034 4613 3138 4669 eis.
3167 4611 3296 4668 Dixi
3326 4611 3381 4666 ei
3412 4627 3427 4666 :
3461 4610 3661 4666 Indica
3703 4606 3850 4662 mihi

2197 4725 2410 4764 nomen
2453 4707 2600 4777 ejus.
2661 4705 2769 4769 Qui
2823 4705 2906 4760 ait
2963 4703 3090 4760 Non
3151 4717 3392 4772 possum
3451 4698 3747 4766 indicare;
3799 4697 3848 4752 si

2194 4797 2350 4853 enim
2399 4796 2596 4852 dixero
2647 4809 2858 4849 nomen
2910 4793 3061 4863 ejus,
3095 4789 3485 4846 insanabilem
3533 4803 3629 4842 me
3679 4784 3846 4856 facio,

2196 4891 2258 4942 at
2314 4886 2424 4942 iste
2474 4884 2636 4940 venit
2667 4884 2738 4938 ad
2794 4883 2992 4954 ipsum
3039 4895 3276 4935 nomen.
3321 4879 3390 4932 Et
3432 4875 3556 4932 haec
3600 4875 3848 4931 audiens

2195 4992 2301 5048 ego
2351 4973 2623 5030 Salomon
2681 4972 2798 5026 dixi
2846 4971 2896 5026 ei
2931 4988 2944 5026 :
2979 4971 3244 5041 Loquere
3290 4967 3492 5038 igitur,
3526 4982 3628 5036 per
3673 4979 3848 5035 quem

2197 5064 2473 5136 angelum
2525 5064 2823 5134 impotens
2873 5058 3151 5116 efﬁciaris
3200 5061 3286 5113 tu.
3335 5054 3436 5110 Ille
3467 5058 3664 5110 autem
3698 5069 3712 5106 :
3747 5051 3855 5107 Per

2197 5153 2450 5226 ignitum
2484 5152 2704 5224 fulgur,
2737 5149 2837 5206 ait.
2893 5151 2966 5204 Et
3012 5150 3326 5220 postquam
3386 5141 3624 5199 adoravi
3654 5140 3856 5197 Domi-

2199 5259 2341 5298 num
2371 5243 2556 5298 Deum
2615 5237 2997 5310 Israel,jussi
3047 5241 3112 5291 ut
3161 5237 3218 5290 in
3266 5232 3674 5290 observatione
3704 5234 3861 5286 esset

2201 5349 2381 5404 super
2409 5328 2735 5397 Beelzebul,
2769 5327 3104 5399 usquedum
3134 5323 3362 5380 clamor
3414 5321 3545 5376 festi
3579 5334 3859 5391 superve-

2203 5421 2398 5488 niret;
2432 5425 2490 5475 et
2519 5417 2792 5474 mandavi
2827 5422 2890 5471 ut
2920 5416 3154 5470 adesset
3185 5412 3326 5467 mihi
3359 5411 3513 5466 alius
3556 5408 3819 5482 spiritus.

421 5503 854 5598 ftoiou‘fiyvﬂ‘ou
883 5511 1130 5584 καταργῇ
1157 5505 1256 5598 σῦς
1297 5508 1358 5565 Ὀ
1392 5504 1470 5575 δὲ,
1506 5509 1604 5563 Διὰ
1630 5516 1731 5578 τῆς
1763 5508 2012 5585 ἐμπύρου
2043 5511 2327 5584 ἀστραπῆς
2359 5503 2483 5587 ἔφη.
2517 5506 2618 5561 Καὶ
2671 5505 3052 5580 προσκυνήσας
3097 5501 3202 5576 ἐγὼ
3259 5500 3441 5575 Κυρίῳ
3487 5502 3569 5570 τῷ
3616 5499 3730 5567 Θεῷ
3757 5496 3856 5548 τοῦ

438 5593 665 5666 Ισραὴλ,
699 5594 954 5652 ἐκέλευσα
983 5598 1142 5652 αὺτὸν
1193 5595 1243 5652 ἐν
1274 5599 1506 5674 τηρήσει
1539 5598 1673 5653 εἶναι
1700 5597 1788 5654 ἐπὶ
1817 5584 1921 5655 τοῦ
1943 5596 2280 5671 Βεελζεϐούλ
2307 5619 2318 5632 ·
2358 5584 2554 5674 μέχρις
2589 5595 2717 5652 ὅτου
2762 5592 2844 5665 ἷ²αξ
2877 5596 2994 5668 (sic)
3024 5589 3416 5666 παραγένηται.
3447 5587 3544 5643 Καὶ
3596 5584 3853 5642 ἐκέλευσα

419 5683 673 5758 παρεῖναί
707 5707 802 5759 μοι
831 5683 1014 5765 ἕτερον
1045 5685 1354 5761 δαιμόνιον.

493 5788 601 5844 Καὶ
632 5787 771 5862 ἦλθε
802 5795 910 5872 πρὸ
940 5795 1238 5873 προσώπου
1273 5814 1378 5871 μου
1407 5791 1576 5868 κύων,
1604 5796 1668 5853 τὸ
1706 5799 1905 5875 σχῆμα
1933 5795 2079 5873 ἔχων

2266 5795 2335 5853 Et
2389 5795 2550 5853 venit
2599 5793 2661 5850 in
2719 5792 3038 5866 conspectu
3089 5802 3220 5846 meo
3265 5785 3447 5855 canis,
3495 5781 3688 5857 specie
3717 5795 3847 5838 ma-
