4142 6422
286 454 439 516 1331

1253 447 1655 511 APPENDIX
1696 446 1801 505 AD
1846 438 2311 505 MICHAELEM
2361 446 2749 513 PSELLUM.

3560 447 3717 508 i332

286 602 467 660 gnus,
500 588 559 641 et
588 583 826 640 locutus
865 588 954 639 cst
991 597 1130 638 voce
1165 598 1378 652 magna
1409 580 1610 636 dicens
1635 596 1649 635 :
1674 582 1806 643 Ave,
1840 576 1940 632 do-

2061 574 2343 649 μέγα,καὶ
2398 574 2639 650 ἐλάλησε
2697 582 2851 657 φωνῇ
2916 576 3149 654 μεγάλῃ,
3180 579 3271 634 καὶ
3329 577 3717 651 εἶπεν,Χαῖρε⁸

286 677 445 730 mine
474 688 575 730 rex
599 673 895 729 Salomon.
936 672 1311 743 Stupel‘actus
1365 687 1471 743 ego
1522 668 1797 724 Salomon
1829 664 1948 719 dixi

288 765 341 820 ei
375 780 389 819 :
425 763 565 832 Quis
596 779 680 833 es,
715 761 911 818 canis!
945 761 1052 825 Qui
1085 760 1168 817 ait
1200 779 1216 815 :
1249 760 1423 816 Canis
1455 760 1563 814 tibi
1609 758 1810 813 videor
1850 770 1947 810 es-

290 870 393 922 se;
427 857 562 908 ante
586 857 644 907 te
694 852 877 917 enim,
911 867 1011 905 rex
1050 850 1346 913 Salomon,
1380 864 1486 920 ego
1535 847 1622 901 vir
1652 861 1812 901 eram
1860 845 1946 898 fa-

290 942 450 998 ciens
479 942 704 1013 injusta
724 940 781 995 in
803 941 1025 995 mundo
1060 941 1266 1005 multa;
1288 956 1469 1010 supra
1498 938 1737 991 modum
1760 934 1947 989 scien-

289 1033 406 1088 tias
450 1037 751 1088 scrutatus
797 1048 956 1097 sum,
996 1036 1053 1086 et
1105 1029 1329 1085 viribus
1386 1026 1663 1100 praevalui
1696 1030 1949 1081 utastra

286 1122 415 1177 coeli
468 1122 873 1194 possiderem;
907 1126 965 1175 et
996 1119 1254 1192 plurima
1296 1119 1537 1174 deorum
1586 1133 1762 1187 opera
1818 1132 1947 1186 per-

296 1211 404 1268 feci
432 1236 446 1277 ;
477 1227 583 1283 ego
615 1209 773 1266 enim
801 1209 948 1265 lado
979 1209 1251 1264 homines
1300 1212 1501 1263 nostro
1549 1207 1727 1262 sideri
1772 1206 1947 1260 obse-

286 1305 561 1372 quentes,
611 1304 669 1355 et
712 1299 773 1354 in
828 1298 1121 1354 insaniam
1153 1302 1348 1365 verto;
1384 1302 1441 1353 et
1497 1296 1808 1352 freneticos
1840 1296 1944 1350 ho-

287 1389 487 1445 mines
516 1392 755 1460 gutture
787 1388 1021 1444 obtineo
1051 1393 1108 1443 et
1137 1387 1222 1443 sic
1253 1387 1560 1451 interﬁcio,
1597 1386 1719 1440 Dixi
1747 1390 1943 1440 autem

290 1478 344 1533 ei
372 1494 480 1550 ego
509 1477 785 1533 Salomon
816 1494 830 1531 :
864 1478 1024 1541 Quod
1054 1482 1143 1532 est
1186 1493 1397 1532 nomen
1429 1482 1595 1543 tuum
1618 1475 1645 1530 ?
1674 1475 1783 1539 Qui
1816 1473 1897 1530 ait
1930 1490 1942 1527 :

297 1566 570 1622 Baculus.
605 1566 673 1621 Et
717 1567 834 1621 dixi
867 1567 917 1621 ei
945 1566 1078 1630 Quae
1109 1570 1198 1621 est
1221 1566 1483 1638 operatio
1513 1564 1653 1620 tua?
1704 1568 1760 1620 et
1806 1563 1944 1634 quid

292 1660 457 1728 potes
490 1655 623 1711 boni
650 1655 873 1710 facere?
905 1656 973 1710 Et
1003 1656 1120 1711 ait:
1155 1655 1241 1710 Da
1271 1654 1416 1709 mihi
1449 1671 1632 1709 unum
1664 1670 1733 1708 ex
1765 1653 1948 1708 servis

291 1746 434 1812 tuis,
459 1750 515 1800 et
536 1745 824 1801 adducam
851 1761 984 1800 eum
1006 1744 1063 1800 in
1084 1743 1209 1801 loco
1233 1743 1537 1813 montls,ct
1553 1742 1859 1799 ostendam
1894 1741 1944 1797 ci

290 1833 547 1906 lapidem
582 1834 899 1906 prasinum
934 1833 1302 1898 ﬂuctantem,
1352 1851 1465 1903 quo
1514 1831 1753 1888 ornabis
1797 1838 1944 1886 tem-

2056 662 2209 737 κύριε
2260 664 2483 741 βασιλεῦ
2543 667 2838 743 Σολομῶν.
2898 667 3306 739 Ἐκπληκτικὸς
3366 664 3423 722 εὶ
3479 668 3720 743 γεγονὼς

2057 750 2168 827 ἑγὼ
2221 754 2514 827 Σολομῶν,
2548 759 2695 813 εἶπον
2750 758 2917 830 αὗτῷ-
2950 758 3041 823 Τίς
3092 758 3161 826 εἴ,
3191 757 3335 812 κύων
3364 776 3377 827 ;
3408 757 3471 813 Ὁ
3521 754 3577 811 δέ
3621 778 3716 829 μοι

2059 839 2182 919 ἔφη·
2221 845 2315 898 Καὶ
2349 844 2491 899 κύων
2526 867 2607 900 σοι
2653 845 2799 901 δοκῶ
2843 850 3003 919 εἶναι,
3035 847 3141 921 πρὸ
3179 847 3281 923 γὰρ
3336 848 3452 918 σοῦ,
3490 842 3717 921 βασιλεῦ

2059 930 2353 1005 Σολομῶν,
2388 933 2494 1009 ἐγὼ
2526 933 2814 1010 ἄνθρωπος
2864 934 3037 1009 ἤμην,
3071 935 3538 1011 κατεργαζόμενος
3588 932 3716 988 ἆθὲ-

2060 1041 2193 1092 μιτα
2224 1021 2273 1075 ἐν
2306 1027 2385 1094 τῷ
2414 1023 2606 1097 κόσμῳ
2652 1022 2840 1080 πολλὰ
2883 1027 3001 1090 καθ’
3035 1019 3351 1100 ὑπερϐολὴν
3402 1021 3719 1101 φιλολογή-

2056 1130 2150 1171 σας
2215 1112 2549 1188 ὑπερίσχυσα
2607 1113 2697 1169 καὶ
2754 1113 2922 1191 ἄστρα
2978 1115 3221 1190 οὐρανῶν
3275 1117 3590 1187 κατασχεῖν·
3624 1112 3717 1166 καὶ

2055 1199 2282 1255 πλείονα
2339 1207 2473 1266 θεῶν
2533 1198 2661 1278 ἔργα
2713 1204 3097 1261 κατεσκεύατα.
3128 1203 3273 1278 Ἐγὼ
3330 1204 3437 1277 γάρ
3486 1200 3720 1277 βλάπτω

2057 1290 2374 1365 ἀνθρώπους
2404 1291 2531 1354 τοὺς
2578 1291 2659 1366 τῷ
2698 1296 2859 1365 ἡμῶν
2909 1292 3089 1370 ἄστρῳ
3139 1290 3720 1367 παρακολουθοῦντας,

2055 1380 2144 1434 καὶ
2198 1381 2274 1445 εἷς
2324 1380 2546 1457 ἐξηχίαν
2596 1382 2811 1456 τρέπωο
2847 1383 2936 1438 καὶ
2985 1382 3114 1445 τοὺς
3175 1386 3576 1458 φρενητιῶντας
3627 1381 3722 1435 ἆν-

2057 1469 2308 1544 θρώπους
2361 1468 2450 1525 διὰ
2494 1476 2591 1526 τοῦ
2639 1471 2908 1547 λάρυγγος
2958 1476 3163 1549 κρατῶ,
3207 1472 3299 1526 καὶ
3349 1471 3521 1533 οὕτως
3566 1471 3722 1525 ἀναι-

2059 1562 2157 1631 ρῶ.
2194 1565 2367 1637 "Ean
2401 1557 2458 1615 δὲ
2488 1559 2634 1632 αὐτῷ
2666 1561 2776 1636 ἐγὼ
2810 1559 3114 1634 Σολομῶν·
3144 1560 3212 1618 Τί
3255 1581 3351 1616 σου
3399 1561 3463 1615 τὸ
3502 1556 3717 1632 ὄνομα;

2055 1648 2116 1704 Ὁ
2150 1646 2207 1702 δὲ
2259 1646 2386 1726 ἔφη,
2426 1645 2670 1712 Ῥάϐδος·
2704 1651 2803 1705 Καὶ
2863 1651 3036 1707 εἶπον·
3072 1649 3171 1706 Καὶ
3228 1649 3283 1704 τί
3331 1671 3427 1705 σου
3475 1652 3510 1719 ἡ
3562 1647 3721 1725 ἐργα-

2057 1736 2179 1808 σίας
2228 1740 2315 1792 καὶ
2376 1738 2428 1793 τί
2486 1736 2707 1796 δύνασαι
2760 1746 3144 1816 κατορθῶσαι;
3199 1741 3260 1797 Ὀ
3312 1736 3368 1795 δὶ
3424 1733 3549 1817 ἔφη’
3613 1737 3716 1800 Δός

2062 1847 2154 1899 μοι
2222 1824 2503 1903 ἄνθρωπον
2574 1830 2689 1897 σὸν,
2736 1831 2826 1885 καὶ
2907 1830 3169 1906 ἀπαγάγω
3237 1827 3396 1884 αὐτὸν
3453 1827 3504 1883 ἐν
3558 1828 3717 1901 τύπῳ

288 1923 455 1995 plum
481 1922 707 1978 Domini
740 1922 860 1977 Dei.
891 1922 1020 1978 Haec
1052 1924 1299 1978 audiens
1331 1939 1435 1993 ego
1468 1922 1766 1988 Salomon,
1790 1920 1940 1991 jussi

2058 1916 2242 1992 ὅρους,
2275 1918 2362 1971 καὶ
2417 1914 2573 1988 δείξω
2622 1917 2769 1991 αύτῷ
2827 1918 2980 1983 λίοον
3039 1920 3313 1995 πράσυνον
3347 1915 3715 1991 μετασαλευὸς-

287 2017 354 2069 ut
383 2013 572 2069 abiret
601 2028 805 2068 servus
831 2027 999 2068 meus
1031 2028 1162 2067 cum
1191 2012 1512 2081 eo,hnbens
1535 2011 1823 2066 annulum
1858 2011 1937 2065 si-

286 2101 411 2173 gilli
441 2102 543 2158 Dei
591 2118 814 2164 secum.
847 2107 904 2156 et
932 2101 1050 2156 dixi
1082 2101 1135 2157 ei
1170 2118 1185 2156 :
1219 2104 1403 2167 Quem
1452 2101 1559 2156 tibi
1615 2099 1941 2156 ostenderit

284 2190 541 2264 lapidem
573 2190 909 2263 prasinum,
939 2191 1105 2260 signa
1135 2192 1356 2247 annulo
1390 2190 1519 2258 hoc,
1544 2194 1601 2246 et
1630 2190 1941 2260 diligenter

283 2280 483 2337 locum
514 2280 907 2346 considera,et
933 2279 1048 2335 huc
1071 2281 1396 2336 daemonem
1430 2281 1621 2335 adduc
1672 2279 1838 2334 mihi.
1871 2278 1941 2333 Et

284 2369 544 2425 ostendit
582 2368 632 2423 ei
666 2369 894 2424 daemon
924 2367 1178 2440 lapidem
1212 2369 1553 2440 prasinum,
1586 2374 1643 2423 et
1691 2368 1941 2437 signavit

286 2462 522 2524 eum,et
541 2457 786 2513 adduxit
818 2458 965 2512 mihi
997 2458 1353 2514 daemonium
1385 2476 1400 2528 ;
1459 2463 1517 2514 et
1560 2457 1785 2514 decrevi
1833 2473 1940 2528 ego

285 2545 584 2617 Salomon,
607 2547 829 2602 circum
863 2548 1109 2619 signans
1141 2548 1347 2604 ambos
1379 2549 1635 2614 dextera,
1656 2552 1721 2603 ut
1750 2547 1939 2618 capite

288 2640 584 2692 carentem
616 2635 891 2691 similiter
920 2642 978 2691 et
1027 2636 1184 2693 hunc
1222 2654 1428 2693 canem
1479 2652 1760 2707 magnum
1809 2636 1938 2689 vin-

286 2725 490 2793 cirem,
522 2729 580 2781 et
609 2725 772 2782 canis
802 2726 1130 2782 custodiret
1151 2726 1424 2798 spiritum
1449 2727 1693 2798 ignitum
1717 2730 1779 2780 ut
1799 2724 1942 2781 lam-

286 2813 574 2885 padarum
609 2814 799 2870 lucem
832 2814 927 2870 die
956 2830 1022 2869 ac
1054 2822 1224 2870 nocte
1256 2832 1358 2885 per
1389 2821 1592 2887 guttur
1640 2816 1943 2886 przestaret

284 2902 695 2959 laborantibus
729 2903 1035 2975 operariis.
1064 2904 1133 2958 Et
1163 2904 1269 2960 tuli
1301 2921 1407 2975 ego
1448 2903 1721 2959 Salomon
1752 2921 1782 2959 e
1816 2920 1939 2958 me-

288 2992 434 3049 tallo
484 2993 594 3049 hoc
652 2992 868 3064 lapidis
922 2994 1210 3050 ducentos
1268 2994 1445 3050 siclos
1478 2996 1535 3049 in
1568 2994 1936 3067 superﬁciem

292 3080 517 3150 altaris,
577 3081 855 3137 similiter
910 3100 1013 3155 pro
1070 3088 1235 3155 parte
1266 3084 1580 3153 anteriori;
1615 3089 1673 3141 et
1703 3101 1807 3157 ego
1838 3085 1939 3140 Sa-

287 3170 486 3228 lomon
518 3177 829 3244 postquam
883 3172 1116 3229 laudavi
1154 3174 1364 3241 Deum,
1394 3180 1451 3230 et
1504 3174 1765 3230 conclusi
1811 3175 1936 3229 the-

289 3277 532 3316 saurum
564 3260 781 3333 lapidis
811 3261 1014 3333 hujus,
1050 3262 1203 3332 jussi
1254 3280 1493 3319 rursum
1526 3268 1591 3318 ut
1640 3265 1934 3319 daemones

285 3366 580 3406 marmora
609 3352 901 3407 caederent
932 3352 1003 3406 ad
1036 3352 1481 3408 aediﬁcationem
1515 3369 1758 3424 operum
1791 3353 1891 3409 Dei
1918 3375 1932 3424 ;

285 3443 343 3496 et
392 3456 526 3495 cum
557 3455 819 3496 orassem
869 3439 1211 3509 Dominum,
1244 3457 1350 3513 ego
1383 3441 1660 3498 Salomon
1692 3443 1941 3499 interro-

288 3527 419 3600 gavi
450 3544 657 3584 canem
693 3545 707 3583 :
743 3528 886 3593 Quis
928 3534 981 3583 te
1032 3528 1277 3601 angelus
1322 3530 1706 3601 impotentem
1757 3532 1941 3588 facit?

289 3616 362 3672 Et
389 3616 474 3671 ait
501 3617 725 3673 daemon
760 3632 772 3672 :
808 3617 1059 3689 Magnus
1092 3619 1312 3675 Brieus.
1345 3619 1415 3673 Et
1445 3620 1796 3676 benedicens
1832 3626 1941 3678 Do-

292 3705 526 3761 minum
559 3705 741 3762 Deum
775 3706 904 3762 coeli
936 3711 995 3762 et
1025 3711 1189 3763 terrae
1215 3708 1370 3779 jussi
1401 3713 1465 3764 ut
1520 3715 1740 3765 astaret
1789 3710 1940 3768 alius

288 3794 519 3850 daemon
553 3811 566 3849 :
604 3794 672 3851 Et
698 3795 857 3851 venit
880 3794 937 3851 in
969 3802 1286 3867 conspectu
1337 3814 1466 3852 meo
1514 3796 1701 3855 leonis
1750 3799 1941 3856 forma

288 3884 551 3955 rugiens,
579 3889 639 3939 et
669 3888 835 3941 stans
868 3885 1173 3956 respondit
1197 3885 1340 3941 mihi
1373 3885 1577 3943 dicens
1604 3905 1616 3943 :
1642 3888 1779 3958 Rex,
1832 3890 1938 3945 sub

288 3973 478 4029 forma
507 3972 617 4029 hac
647 3990 827 4045 quam
860 3974 1068 4039 habeo,
1111 3975 1357 4046 spiritus
1389 3993 1522 4031 sum
1556 3978 1718 4034 nullo
1766 3980 1938 4035 modo

287 4061 486 4118 valens
516 4062 858 4134 excogitari;
886 4080 991 4136 ego
1040 4063 1101 4119 in
1140 4080 1346 4121 omnes
1377 4065 1645 4123 homines
1674 4067 1733 4123 in
1784 4086 1938 4124 mor-

284 4150 378 4207 bis
423 4152 690 4222 jacentes
731 4152 1154 4223 superveniens
1212 4154 1440 4222 exsilio,
1472 4162 1529 4212 et
1587 4157 1938 4227 pertinacio-

284 4255 410 4295 rem
471 4241 618 4297 facio
675 4239 1003 4310 hominem,
1074 4241 1159 4299 ita
1214 4247 1279 4297 ut
1336 4244 1726 4316 impossibilis
1760 4248 1857 4302 ﬁat
1888 4247 1941 4302 ei

284 4327 491 4396 diaata;
525 4326 639 4385 alio
671 4329 898 4401 gaudeo
928 4329 1210 4398 honore,o
1233 4348 1352 4397 rex;
1381 4332 1705 4389 daemonem
1738 4334 1938 4405 ejicio;

286 4417 475 4472 habeo
506 4422 702 4472 autem
736 4418 1004 4475 subditas
1059 4418 1204 4474 mihi
1239 4421 1535 4492 legiones;
1587 4424 1786 4479 omnia
1816 4422 1944 4479 loca

286 4522 383 4562 me
412 4522 619 4577 capere
649 4513 921 4578 possunt,
955 4514 1013 4563 et
1044 4508 1221 4564 simul
1254 4511 1519 4567 omnium
1580 4513 1939 4568 daemonium

282 4594 574 4668 legionem
608 4612 733 4667 quae
765 4595 912 4652 mibi
943 4598 1168 4654 subest.
1203 4598 1333 4654 Hac
1364 4601 1612 4657 audiens
1643 4618 1748 4673 ego
1779 4602 1938 4658 Salo-

2057 2027 2238 2080 μενον,
2271 2006 2321 2062 ἐν
2381 2008 2427 2080 ᾦ
2482 2011 2782 2082 κοσμήσεις
2839 2010 2931 2064 τὸν
2978 2010 3103 2063 ναὸν
3152 2008 3358 2084 Κυρίου
3403 2012 3501 2062 τοῦ
3554 2010 3710 2062 Θεοῦ.

2047 2096 2189 2173 Ἐγὼ
2235 2094 2292 2151 δὲ
2341 2099 2633 2171 Σολομῶν,
2666 2098 2899 2161 ἀκούσας
2947 2102 3135 2166 ταῦτα,
3173 2095 3401 2170 ὑπέταξα
3431 2098 3710 2172 πορευθῆ-

2048 2207 2135 2241 ναι
2167 2187 2257 2241 τὸν
2293 2185 2505 2257 οἰκέτην
2541 2209 2645 2260 μου
2678 2189 2791 2261 ἅμα
2820 2187 2987 2259 αὐτῷ,
3020 2182 3219 2262 ἔχοντα
3266 2183 3554 2241 δακτύλιον
3602 2190 3709 2254 τῆς

2051 2273 2345 2353 σφραγῖδος
2399 2281 2495 2330 τοῦ
2553 2281 2707 2346 Θεοῦ,
2771 2278 2886 2351 μετ’
2917 2276 3107 2344 αὐτοῦ,
3158 2276 3247 2330 καὶ
3307 2276 3454 2330 εἶπον
3512 2274 3701 2346 αὐτῷ·

2048 2371 2143 2427 Ὃς
2202 2362 2248 2420 δ’
2309 2363 2367 2419 ἂν
2427 2363 2695 2438 ἀποδείξει
2755 2388 2839 2421 σοι
2891 2366 2984 2422 τὸν
3046 2364 3201 2421 λίθον
3260 2365 3352 2419 τὸν
3409 2365 3709 2438 πράσυνον,

2052 2456 2349 2530 σφράγισον
2400 2455 2558 2510 αὐτὸν
2622 2457 2757 2529 μετᾶ
2810 2460 2908 2511 τοῦ
2969 2453 3325 2511 δακτυλιδίου
3373 2455 3594 2522 τούτου,
3619 2451 3711 2507 καὶ

2049 2544 2458 2600 κατασκόπασον
2510 2541 2750 2619 ἀκριϐῶς
2813 2546 2905 2600 τὸν
2961 2546 3132 2599 τόπον
3169 2562 3182 2577 ⁸
3242 2543 3330 2599 καὶ
3389 2540 3554 2620 ἄγαγε
3614 2562 3711 2615 μοι

2048 2633 2143 2688 τὸν
2185 2630 2419 2706 δαίμονα
2470 2632 2676 2697 ἐνθάδε.
2711 2634 2808 2688 Καὶ
2856 2631 3051 2705 ἔδειξεν
3109 2632 3258 2705 αύτῷ
3290 2634 3317 2687 ὁ
3351 2629 3560 2705 δαίμων
3615 2631 3708 2685 τὸν

2050 2723 2316 2796 πράσυνον
2379 2721 2558 2791 λίθον,
2598 2724 2686 2778 καὶ
2749 2722 3062 2800 ἐσφράγισεν
3105 2721 3291 2794 αὐτὸν,
3342 2721 3434 2777 καὶ
3489 2719 3709 2796 ἤνεγκεν

2048 2810 2111 2865 τὸ
2170 2807 2453 2884 δαιμόνιον
2510 2812 2649 2888 πρὸς
2708 2813 2793 2886 μὲ.
2848 2811 2950 2868 Καὶ
3008 2808 3194 2887 ἔκρινα
3247 2809 3352 2886 ἐγὼ
3431 2808 3708 2881 Σολομῶν

2048 2906 2475 2978 περισφραγίσας
2549 2901 2675 2963 τοὺς
2749 2899 2844 2957 δύο
2894 2905 2962 2974 τῇ
3050 2899 3197 2973 δεξιᾷ
3248 2900 3340 2955 τὸν
3413 2895 3709 2977 ἆκέφαλον,

2050 2990 2258 3063 ὁμοίως
2314 2992 2403 3046 καὶ
2445 2991 2537 3046 τὸν
2588 2990 2722 3045 κύνα
2765 2987 3154 3065 προσδεδέσθάι
3200 2989 3408 3044 ἐκεῖνον
3458 2987 3550 3043 τὸν
3612 2988 3710 3059 μὲ-

2046 3100 2165 3155 γαν·
2200 3080 2288 3135 καὶ
2340 3081 2435 3135 τὸν
2498 3082 2590 3154 μὲν
2648 3079 2782 3135 κύνα
2832 3084 3018 3156 τηρεῖν
3078 3077 3139 3133 τὸ
3172 3076 3432 3154 διάπυρον
3492 3081 3712 3149 πνεῦμα

2047 3171 2121 3231 ὡς
2153 3167 2445 3243 λαμπάδας
2474 3171 2665 3232 νυκτὸς
2699 3169 2789 3224 καὶ
2819 3171 3032 3243 ἡμέρας
3067 3166 3155 3222 διὰ
3200 3172 3298 3223 τοῦ
3348 3166 3554 3241 λαιμοῦ
3584 3168 3710 3239 (sic)

2048 3259 2411 3336 παραπίπτειν
2441 3266 2560 3324 τοῖς
2591 3258 2981 3335 ἐργαζομένοις
3008 3258 3305 3333 τεχνίταις.
3331 3257 3432 3313 Καὶ
3461 3258 3569 3332 ἦρα
3599 3256 3711 3330 ἐγὼ

2052 3348 2326 3424 Σολομῶν
2361 3349 2421 3404 ὲκ
2448 3354 2545 3404 τοῦ
2581 3348 2859 3422 μετάλλου
2897 3347 3103 3404 ἐκείνου
3158 3352 3260 3403 τοῦ
3314 3346 3470 3411 λίθου
3524 3343 3711 3400 διακο-

2053 3440 2202 3502 σίους
2264 3438 2488 3501 σίκλους
2520 3438 2571 3494 ἐν
2603 3444 2720 3502 τοῖς
2767 3439 3097 3513 ἀναφοροῦσι
3146 3441 3245 3492 τοῦ
3298 3436 3707 3508 Ουσιαστηρίου,

2049 3529 2112 3584 τὸ
2170 3526 2313 3591 εἶδος
2367 3528 2772 3602 ὁμοιούμενον”
2820 3528 2978 3603 κάγὼ
3038 3524 3096 3582 δὲ
3155 3524 3428 3600 Σολομῶν
3486 3523 3712 3596 δοξάσας

2052 3617 2254 3693 Κύριον
2310 3618 2404 3673 τὸν
2454 3618 2606 3687 Θεὸν,
2661 3619 2753 3672 καὶ
2836 3614 3183 3692 περικλείσας
3261 3616 3353 3671 τὸν
3437 3614 3707 3690 Θησαυρὸν

2048 3711 2145 3761 τοῦ
2201 3704 2358 3762 λίθου
2415 3704 2645 3772 ἐκείνου,
2678 3704 2931 3762 ἐκέλευσα
2963 3702 3020 3760 δὲ
3049 3705 3214 3761 πάλιν
3263 3703 3392 3769 τοὺς
3448 3701 3710 3776 δαίμονας

2054 3801 2504 3872 μαρμαροκοπεῖν
2583 3795 2659 3857 εἷς
2714 3797 2810 3858 τὰς
2870 3793 3174 3868 οἰκοδομὰς
3222 3798 3327 3849 τῶν
3387 3789 3557 3869 ἔργων
3609 3796 3709 3846 τοῦ

2050 3891 2204 3955 Θεοῦ,
2236 3887 2324 3941 καὶ
2378 3885 2661 3959 εὐξάμενος
2719 3889 2799 3956 τῷ
2855 3884 3040 3960 Κυρίῳ
3090 3882 3196 3960 ἐγὼ
3247 3880 3520 3955 Σολομῶν
3568 3879 3709 3951 ἐπη-

2050 3976 2273 4048 ρώτησα
2326 3975 2418 4031 τὸν
2479 3974 2634 4044 κύνα,
2669 3974 2817 4047 Ποίῳ
2875 3972 3094 4050 ἀγγέλῳ
3141 3975 3387 4048 καταργῇ
3419 3971 3481 4026 σύ
3506 3990 3521 4041 ;
3551 3973 3607 4025 '0
3649 3969 3711 4025 δὲ

2051 4062 2260 4138 δαίμων
2279 4060 2413 4142 ,ἔφη’
2448 4067 2541 4136 Τῷ
2576 4062 2798 4140 μεγάλῳ
2846 4063 3044 4139 Βριὲῳ.
3096 4062 3191 4119 Καὶ
3240 4060 3544 4137 εὐλογήσας
3598 4058 3708 4116 Κύ-

2052 4175 2167 4230 ριον
2218 4155 2308 4209 τὸν
2367 4155 2496 4210 Θεὸν
2547 4158 2644 4208 τοῦ
2706 4150 2938 4226 ούρανοῦ
2994 4152 3082 4207 καὶ
3140 4158 3241 4221 τῆς
3296 4158 3422 4226 γῆς,
3453 4148 3711 4205 ἐκέλευσα

2049 4244 2303 4316 παρεῖναί
2353 4264 2447 4316 μοι
2506 4240 2688 4319 ἕτερον
2738 4239 2992 4315 δαίμονα·
3027 4240 3117 4297 καὶ
3172 4239 3310 4309 ἧλοε
3352 4240 3459 4315 πρὸ
3488 4239 3709 4314 προσώο

2050 4354 2158 4387 που
2220 4354 2326 4407 μου
2386 4332 2606 4396 λέοντος
2662 4339 2858 4407 σχῆμα
2921 4330 3303 4406 βρυχόμενος·
3349 4328 3439 4385 καὶ
3499 4327 3709 4391 σταθείς

2053 4423 2317 4496 ἀπεκρίθη
2377 4443 2471 4495 μοι
2530 4421 2731 4496 λέγων·
2766 4419 3017 4487 Βασιλεῦ,
3052 4419 3114 4474 τὸ
3176 4418 3269 4492 μὶν
3307 4426 3503 4495 σχῆμα
3547 4422 3709 4471 τοῦτο

2051 4513 2080 4567 ’ὀ
2136 4508 2253 4589 ἔχω
2300 4516 2513 4584 πνεῦμα
2574 4510 2690 4583 εῗμὶ
2747 4507 3009 4583 μηδέλως
3067 4505 3359 4582 δυνάμενον
3419 4514 3708 4578 νοηθῆναι.

2052 4603 2198 4678 Ἐγὼ
2257 4600 2310 4657 ἐν
2356 4607 2517 4656 πᾶσιν
2579 4600 2887 4676 ἀνθρώποις
2943 4604 3058 4661 τοῖς
3116 4597 3168 4653 ἐν
3218 4599 3492 4671 νοσήμασι
3549 4615 3712 4650 κατα-

286 4702 447 4751 mon,
470 4684 826 4758 interrogavi
849 4703 983 4742 eum
1011 4704 1024 4742 :
1051 4689 1210 4754 Quod
1237 4705 1451 4746 nomen
1480 4690 1795 4757 tuum?Qui
1823 4692 1935 4748 ait:

2052 4698 2321 4765 κειμένοις
2397 4689 2726 4768 ἐφορμῶμαι
2797 4688 3335 4765 παρεισερχόμενον,
3394 4685 3482 4741 καὶ
3562 4684 3710 4739 ἀνεν-

286 4774 574 4845 Leonifer,
624 4774 755 4830 rath
803 4776 1121 4848 (multus?)
1172 4794 1405 4850 genere.
1439 4778 1569 4834 Dixi
1605 4786 1806 4836 autem
1833 4782 1883 4837 ei
1917 4798 1930 4838 :

285 4863 587 4928 Quomodo
637 4864 936 4936 impotens
992 4864 1100 4922 ﬁas
1132 4870 1193 4921 tu
1247 4883 1383 4922 cum
1437 4868 1665 4941 legione
1694 4874 1818 4939 tua,
1849 4870 1938 4927 vel

286 4954 420 5025 quis
451 4959 508 5009 te
535 4954 781 5027 angelus
814 4955 1199 5027 impotentem
1232 4956 1418 5013 facit?
1444 4962 1514 5012 Et
1545 4958 1695 5016 dixit
1742 4960 1889 5015 mihi
1923 4977 1937 5017 :

285 5042 347 5100 Si
404 5059 620 5100 nomen
678 5044 903 5110 dixero,
962 5061 1078 5100 non
1135 5045 1429 5118 meipsum
1486 5048 1678 5104 vincio
1722 5049 1937 5117 solum,

286 5132 388 5188 sed
420 5138 479 5189 et
506 5132 808 5188 subditam
839 5133 989 5189 mihi
1020 5132 1311 5206 legionem
1343 5136 1790 5194 daemoniorum.
1810 5139 1939 5195 Dixi

286 5223 484 5275 autem
519 5221 606 5277 ei:
636 5221 860 5293 Adjuro
893 5228 949 5277 te
997 5239 1103 5294 per
1159 5239 1371 5279 nomen
1409 5226 1938 5299 DominiSabaotb,

286 5311 352 5362 ut
380 5308 544 5364 dicas
574 5326 692 5380 quo
724 5309 966 5366 nomine
998 5311 1297 5383 impotens
1329 5314 1437 5369 ﬁas
1476 5319 1540 5370 tu
1592 5331 1725 5371 cum
1778 5324 1939 5389 pote-

285 5403 439 5454 state
470 5402 585 5455 tua.
618 5401 692 5456 Et
723 5401 871 5456 dixit
904 5401 1051 5457 mihi
1086 5419 1100 5458 :
1138 5404 1398 5474 Spiritus
1428 5406 1527 5477 qui
1554 5423 1656 5477 pro
1708 5410 1939 5480 magnis

280 5486 424 5543 viris
456 5487 643 5544 multa
672 5506 959 5562 passurus
987 5495 1077 5548 est
1123 5492 1198 5549 ab
1226 5493 1595 5568 hominibus,
1629 5497 1801 5568 cujus
1832 5516 1938 5556 no-

2052 4780 2269 4857 δότερον
2303 4785 2448 4836 ποιῶ
2476 4780 2566 4834 τὸν
2619 4780 2927 4853 ἄνθρωπον,
2960 4778 3035 4840 ὡς
3087 4779 3161 4851 μή
3205 4774 3501 4847 δυνηθῆναι
3559 4773 3708 4844 αὐτῷ

2048 4873 2146 4941 τὴν
2183 4870 2411 4926 δίαιταν.
2444 4872 2602 4944 Ἔχω
2637 4866 2696 4923 δὲ
2724 4868 2815 4922 καὶ
2847 4867 3030 4942 ἑτέραν
3083 4864 3237 4937 δόξαν
3289 4864 3421 4940 ἐγὼ,
3457 4862 3703 4941 βασιλεῦ·

2052 4958 2315 5034 δαίμονας
2373 4955 2631 5014 ἐκϐάλλω
2668 4977 2680 4991 ⁸
2743 4953 2860 5033 ἔχω
2921 4954 2979 5011 δὲ
3040 4953 3167 5017 τοὺς
3240 4953 3711 5029 ὑποτεταγμένους

2055 5071 2149 5123 μοι
2198 5048 2485 5124 λεγεῶναςο
2520 5046 2763 5104 δεκτικὸν
2821 5048 2898 5119 (9)
2958 5048 3082 5120 (sic)
3141 5043 3256 5117 εἰμὶ
3311 5048 3428 5105 τοῖς
3483 5042 3701 5104 τόποις·

2051 5139 2164 5211 ἅμα
2198 5135 2256 5193 δὲ
2284 5143 2400 5200 τοῖς
2432 5142 2562 5192 πᾶσι
2595 5134 2821 5209 δαίμοσι
2852 5140 2971 5197 τοῖς
2996 5139 3103 5189 τῶν
3138 5133 3228 5188 ὑπ’
3257 5131 3355 5206 ἐμὲ
3403 5130 3709 5209 λεγεώνων.

2047 5227 2190 5304 Ἐγὼ
2221 5225 2277 5282 δὲ
2309 5227 2605 5299 Σολομῶν,
2639 5224 2871 5286 ἀκούσας
2926 5228 3115 5296 ταῦτα,
3151 5221 3473 5298 ἐπερώτησα
3527 5220 3708 5277 αὐτόν.

2050 5317 2118 5375 Τί
2149 5339 2245 5373 σου
2272 5318 2335 5372 τὸ
2366 5313 2563 5389 ὄνομα·
2591 5317 2618 5371 ὁ
2650 5311 2708 5369 δὲ
2738 5312 2839 5391 ἔφη
2874 5313 3268 5390 Λεοντοφὸρον·
3306 5309 3406 5385 ῥὰθ
3434 5315 3516 5383 τῷ
3545 5310 3709 5385 γένει’

2051 5409 2215 5463 Εἶπον
2251 5404 2308 5462 ὃὶ
2340 5406 2507 5479 αὐτῷ’
2542 5409 2664 5467 Πῶς
2694 5407 2939 5478 καταργῇ
2984 5401 3046 5457 σὺ
3108 5400 3244 5475 μετᾶ
3291 5407 3391 5471 τῆς
3442 5398 3715 5474 λεγεῶνός

2051 5520 2169 5569 σου,
2228 5499 2263 5569 ἢ
2317 5502 2477 5554 ποῖον
2533 5491 2760 5572 ἄγγελον
2823 5494 2946 5567 (sic)
3010 5492 3103 5548 τὸν
3185 5487 3556 5567 καταργοῦντά
3629 5508 3708 5545 σε.

355 5703 505 5791 (9),:E
541 5706 660 5791 νςιε
706 5705 845 5791 ϐοᾷ.
894 5704 1006 5763 hoc
1055 5708 1231 5766 etiam
1281 5712 1691 5785 apographum
1742 5731 1893 5791 esse,
1951 5717 2294 5777 testimonio
2343 5720 2454 5786 est,
2508 5715 2666 5788 quod
2700 5714 2766 5788 (ί)
2815 5726 2952 5768 cum
3005 5710 3245 5784 punctis
3296 5707 3614 5767 diacritiois
3647 5706 3710 5779 (ἰ)

284 5775 491 5833 scribit
518 5776 691 5847 solet,
719 5776 958 5849 ubique.
