4142 6410
401 447 558 507 1333

1552 449 2154 515 TESTAMENTUM
2199 450 2673 517 SALOMONIS.

3664 452 3822 512 1334

395 575 531 651 Ἔφη
575 574 632 633 δέ
693 598 786 652 μοι
819 597 833 612 °
884 579 1007 638 Ἐὰν
1059 579 1252 639 εἷ’πωσι
1294 582 1357 639 τὸ
1417 579 1613 658 ὄνομα,
1667 584 1771 640 οὐκ
1814 582 2046 657 ἐμαυτὸν

2164 601 2298 641 men
2330 584 2595 643 calculus
2625 585 2751 656 644,
2786 586 2941 658 quod
2988 588 3079 642 est
3123 582 3494 654 Emmanuel,
3546 581 3646 656 qui
3691 580 3820 638 alli-

395 662 641 740 δεσμεύω
688 668 879 741 μόνον,
914 669 1063 726 ἀλλὰ
1108 672 1198 727 καὶ
1248 672 1339 728 τὸν
1383 672 1468 729 ἐπ’
1513 674 1611 748 ἐμὲ
1653 673 1898 749 λεγεῶνα
1944 677 2052 729 τῶν

395 752 687 831 δαιμόνπν.
720 761 897 836 Ἔφην
924 756 981 815 δὲ
1012 761 1160 834 αὐτῷ
1195 781 1208 794 ·
1241 762 1386 838 Ἐγὼ
1436 762 1637 839 ὁρκίζω
1686 785 1744 817 σε
1785 763 1847 817 τὸ
1878 756 2055 836 ὄνομα

388 849 486 899 τοῦ
531 851 666 902 Θεοῦ
698 843 1083 919 Σαδαὼο,τοῦ
1136 849 1305 906 εἷ’πεῖν
1359 872 1415 907 σε
1461 852 1606 925 ποίῳ
1656 852 1884 927 ὀνόματι
1924 872 2053 906 κατ-

2164 674 2324 746 gavit
2372 692 2478 730 nos
2514 692 2526 731 :
2563 674 2664 747 qui
2695 681 2751 731 et
2799 680 2941 731 tunc
2984 679 3269 731 venturus
3318 678 3409 730 est
3455 689 3559 746 per
3603 687 3819 744 aquam

2165 764 2438 819 deorsum
2474 765 2843 837 praecipitare
2867 782 2997 833 nos,
3028 765 3088 820 in
3119 765 3311 820 tribus
3351 767 3547 819 autem
3578 761 3823 819 charac-

2164 853 2391 909 teribus
2417 854 2669 925 dejicere
2701 855 2853 926 (nos)
2885 871 3020 910 cum
3052 852 3325 926 strepitu.

390 939 534 1010 αργῆ
566 935 630 993 06'
661 938 797 1011 μετᾶ
818 946 916 1009 τῆς
974 936 1259 1014 δυνάμεώς
1316 963 1433 997 σου.
1493 944 1631 999 Εἴπε
1674 939 1732 997 δέ
1791 961 1934 1015 μοι·
1992 941 2064 994 Τὸ
2121 944 2336 1015 πνεῦμα
2383 941 2412 995 ὃ
2469 940 2729 1017 μεγάλοις
2778 943 3089 1019 ἀνθρώποις
3144 940 3288 1016 ἔχων
3345 941 3471 1014 (sic)
3502 936 3689 995 πολλὰ
3719 956 3823 993 πα-

388 1026 497 1079 θεῖν
563 1025 666 1081 ὑπὸ
733 1028 1070 1105 ἀνθρώπων,
1132 1029 1194 1085 οῦ
1242 1031 1305 1086 τὸ
1365 1028 1537 1105 ὄνομα
1592 1035 1773 1109 ψῆφος
1831 1026 1991 1107 χμὸ’,
2046 1027 2249 1084 ὃέστὶν
2314 1029 2698 1104 Ἐμμανουήλ,
2760 1032 2821 1094 ’ὸς
2887 1031 2975 1087 καὶ
3036 1030 3352 1105 έδέσμευσεν
3403 1032 3574 1102 ἡμᾶς,
3624 1029 3685 1090 ὃς
3731 1021 3823 1081 καὶ

386 1112 511 1168 τότε
567 1112 921 1190 ἐλευσόμενος
978 1116 1116 1172 κατὰ
1161 1122 1259 1173 τοῦ
1319 1116 1536 1193 ὕδατος,

389 1202 733 1278 ηχούμενον.

461 1311 626 1387 Κάγὼ
673 1313 968 1387 Σολομῶν,
1028 1313 1260 1378 ἀκούσας
1324 1320 1493 1372 ταῦτα
1542 1318 1633 1373 καὶ
1688 1312 1912 1387 ὃοξοὶσας
1961 1314 2052 1369 τὸν

393 1402 547 1472 Θεὸν,
590 1404 883 1478 κατέκρινα
930 1403 1095 1460 αὐτοῦ
1142 1405 1234 1462 τὸν
1288 1403 1534 1482 λεγεῶνα
1584 1406 1904 1483 ξυλοφορεῖν
1950 1404 2056 1459 ἀπὸ

394 1485 627 1565 δρυμοῦ,
660 1490 820 1547 αὐτὸν
870 1489 928 1547 δὲ
972 1492 1063 1548 τὸν
1112 1491 1519 1572 λεοντόμορφον
1564 1496 1853 1569 κατέκρινα
1893 1512 2056 1549 κατα-

392 1579 607 1654 πρίζιιν
654 1577 827 1636 λεπτὰ
874 1587 992 1646 τοῖς
1042 1580 1281 1654 ὀδοῦσιν,
1335 1583 1410 1646 εἷς
1461 1585 1756 1640 ὑπόκαυσιν
1813 1589 1913 1653 τῆς
1959 1603 2055 1637 κα-

368 1666 372 1670 ’
398 1667 555 1740 μίνου
581 1669 683 1737 τὴς
714 1664 977 1726 ἀσϐέστου
1008 1670 1083 1735 εἷς
1127 1672 1219 1728 τὸν
1259 1674 1386 1729 ναὸν
1427 1673 1626 1751 Κυρίου
1649 1677 1745 1729 τοῦ
1776 1677 1932 1744 Θεοῦ,
1964 1669 2055 1726 καὶ

392 1762 776 1833 προσκυνήσας
811 1759 1008 1834 Κύριον
1059 1763 1152 1816 τὸν
1201 1763 1329 1818 Θεὸν
1378 1767 1476 1817 τοῦ
1520 1762 1762 1838 Ἰσραὴλ,
1800 1759 2056 1817 ἐκέλευσα

393 1847 647 1921 παρεῖναί
674 1868 774 1919 ⁴μοι
803 1844 987 1924 ἕτερον
1025 1847 1280 1923 δαίμονα.
1315 1850 1417 1909 Καὶ
1448 1850 1588 1922 ἦλθε
1617 1851 1725 1928 πρὸ
1756 1850 2056 1925 προσώπου

396 1932 610 2010 δράκων
666 1936 998 2016 τρικέφαλος
1080 1934 1495 2017 φοϐερόχροος·
1571 1939 1661 1995 καὶ
1736 1939 2057 2016 ἐπερώτησα

393 2024 554 2081 αὐτόν
584 2070 598 2082 .
634 2027 709 2080 Σὺ
740 2027 825 2090 τίς
858 2029 907 2083 εἴ
938 2048 951 2098 ;
986 2030 1029 2086 Ο
1075 2026 1132 2084 δέ
1181 2050 1275 2103 μοι
1308 2028 1410 2105 ἔφη
1446 2047 1460 2062 ·
1494 2034 1714 2104 Πνεῦμα
1737 2024 2056 2105 τριϐόλαιόν

1625 1112 2028 1194 κρηνοϐαπτίσε
2082 1118 2231 1189 ἡμᾶς
2264 1135 2278 1148 ⁸
2339 1116 2390 1172 ἐν
2451 1115 2509 1173 δὶ
2562 1124 2678 1181 τοῖς
2732 1118 2877 1193 τρισὶ
2928 1116 3272 1197 χαρακτῆρσι
3318 1116 3648 1193 κατάγουσαι
3698 1135 3824 1192 περι

2237 1317 2305 1373 Et
2323 1334 2428 1390 ego
2451 1318 2730 1374 Salomon
2767 1318 2890 1374 haec
2909 1320 3179 1398 audiens,
3204 1322 3261 1375 et
3277 1317 3614 1391 glorificans
3634 1317 3821 1373 Deum

2167 1408 2552 1463 condemnavi
2601 1407 2888 1480 legionem
2921 1410 3050 1480 ejus
3083 1413 3147 1464 ut
3176 1407 3338 1481 ligna
3371 1410 3760 1479 comportaret
3789 1423 3824 1462 a

2167 1494 2323 1552 saltu
2350 1513 2364 1563 ;
2396 1496 2594 1568 ipsum
2619 1501 2815 1552 autem
2844 1497 3367 1566 Leoniformem,ut
3392 1495 3578 1552 frusta
3598 1498 3823 1551 secaret

2167 1582 2442 1639 dentibus
2471 1584 2543 1638 ad
2577 1584 2940 1640 exustionem
2972 1584 3188 1640 camini
3215 1600 3452 1657 semper
3481 1583 3820 1640 ardentisin

2167 1671 2454 1743 templum
2488 1672 2721 1728 Domini
2752 1673 2881 1742 Dei;
2915 1678 2974 1729 et
3003 1677 3316 1745 postquam
3349 1673 3586 1729 adoravi
3623 1671 3822 1728 Domi-

2167 1778 2308 1817 num
2347 1764 2525 1818 Deum
2557 1761 2757 1834 Israel,
2783 1763 2942 1834 jussi
2973 1767 3037 1818 ut
3065 1763 3301 1819 adesset
3339 1761 3485 1818 mihi
3516 1762 3669 1818 alius
3698 1762 3820 1817 dae-

2167 1868 2328 1907 mon.
2359 1852 2431 1908 Et
2457 1852 2621 1908 venit
2653 1853 2712 1907 in
2768 1857 3087 1925 conspectu
3137 1867 3266 1908 meo
3300 1853 3475 1907 draco
3522 1850 3818 1923 tricepha-

2165 1941 2259 1997 lus
2290 1942 2580 1997 tremendi
2612 1942 2843 2011 coloris,
2877 1947 2935 1997 et
2965 1940 3316 2013 interrogavi
3346 1958 3481 1997 eum
3508 1958 3522 1996 :
3563 1940 3651 1997 Tu
3684 1939 3820 2011 quis

2167 2028 2274 2086 es?
2304 2034 2371 2085 Et
2399 2030 2481 2085 ait
2509 2030 2657 2086 mihi
2691 2047 2704 2086 :
2738 2030 2993 2104 Spiritus
3025 2030 3239 2104 triplex
3269 2046 3420 2099 sum,
3453 2029 3644 2084 tribus
3673 2028 3819 2084 acti-

395 2113 532 2187 εἷ’μῖ,
585 2113 636 2170 ἐν
688 2115 834 2191 τρισὶ
897 2117 1118 2193 πράξεσι
1165 2103 1656 2194 κατεργαζόμενον.
1707 2103 1854 2193 Ἐγὼ
1907 2115 1965 2172 δὲ
1999 2116 2050 2172 ἐν

2164 2119 2277 2175 bus
2308 2124 2673 2192 occupatus:
2706 2136 2813 2192 ego
2862 2120 3020 2176 enim
3054 2103 3115 2175 in
3164 2120 3298 2176 sinu
3351 2117 3667 2174 mulierum
3718 2132 3820 2173 ex-

392 2203 580 2276 κοιλίᾳ
606 2210 878 2279 γυναικῶν
918 2206 1110 2285 τυφλῶ
1149 2211 1209 2263 εὰ
1237 2206 1429 2264 παιδία
1460 2228 1473 2242 ·
1506 2208 1597 2264 καὶ
1630 2210 1743 2264 ὦτα
1772 2205 1999 2263 ἐπιδινῶ
2032 2226 2045 2239 ⁸

389 2292 481 2349 καὶ
511 2298 656 2349 ποιῶ
691 2290 847 2371 βωϐά
874 2296 966 2350 καὶ
1014 2296 1170 2375 κωφά
1203 2314 1215 2329 ⁸
1274 2299 1364 2354 καὶ
1410 2296 1534 2372 ἐμοὶ
1567 2298 1668 2374 γὰρ
1698 2295 1862 2352 πάλιν
1897 2295 1948 2352 ἐν
1979 2299 2049 2371 τῇ

386 2383 545 2460 τρίτῃ
606 2406 700 2459 μοι
750 2383 963 2464 κεφαλῇ
1033 2385 1275 2444 ὑπόδυνα
1321 2391 1444 2463 (sic)
1478 2407 1492 2420 '
1554 2390 1645 2444 καὶ
1686 2388 1874 2444 τύπτω
1920 2387 2049 2452 τοὺς

298 2500 305 2501 ί
391 2475 716 2551 ἀνθρώπους
764 2477 901 2531 κατὰ
946 2477 1010 2532 τὸ
1057 2475 1270 2540 ἀκωδὸς
1302 2482 1415 2548 (10)
1454 2481 1572 2552 (sic)
1619 2483 1715 2534 τοῦ
1746 2478 1999 2551 σώματος
2034 2496 2047 2511 ⁸

383 2563 474 2618 καὶ
505 2568 651 2620 ποιῶ
698 2567 1059 2621 καταπίπτειν
1104 2568 1193 2621 καὶ
1242 2567 1484 2645 ἀφρίζειν
1531 2568 1623 2623 καὶ
1673 2569 1874 2642 τρίζειν
1922 2566 2052 2632 τοὺς

385 2648 613 2717 ὀδόντας
645 2673 658 2687 ³
692 2648 809 2729 ἔχω
837 2652 895 2710 δὲ
932 2654 1135 2731 τρόπον
1183 2654 1235 2710 ἐν
1287 2657 1332 2728 ᾧ
1379 2660 1757 2731 καταργοῦμαι
1793 2673 1807 2688 ·
1842 2656 2051 2727 ὑποση-

388 2740 724 2817 μειουμένης
799 2747 901 2810 τῆς
978 2744 1363 2819 Ἰερουσαλήμ,
1443 2745 1519 2808 εἰς
1585 2746 1677 2800 τὸν
1755 2743 2052 2820 λεγόμενον

382 2832 551 2886 τόπον
615 2831 950 2907 Κεφάλαιον.
1000 2835 1152 2889 Ἐκεῖ
1205 2835 1307 2910 γὰρ
1366 2834 1647 2910 πρώριστο
1698 2835 1726 2889 6
1781 2836 2053 2911 ’Ἄγγελος

386 2927 488 2990 τῆς
531 2920 781 2996 μεγάλης
838 2921 1048 2998 βουλῆς
1076 2943 1088 2956 ο
1137 2922 1228 2977 καὶ
1276 2927 1368 2977 νῦν
1421 2927 1665 3001 φανερῶς
1688 2925 1737 2978 τ’
1765 2922 1855 2978 ἐπὶ
1887 2923 2051 2994 ξύλου

394 3008 603 3080 οἰκήσει
666 3010 872 3074 ἐκεῖνός
926 3032 993 3085 με
1043 3016 1306 3089 καταργεῖ
1347 3010 1399 3066 ἐν
1448 3013 1493 3084 ᾧ
1543 3011 1914 3088 ὕποτέναγμαι
1946 3032 1960 3045 ·
1994 3011 2049 3067 ἐν

390 3094 448 3153 δὲ
475 3104 556 3172 τῷ
583 3098 742 3173 τόπῷ
779 3099 829 3155 ἐν
881 3101 926 3173 ᾧ
976 3101 1201 3175 καθέζῃ,
1255 3100 1481 3177 βασιλεῦ
1531 3100 1829 3175 Σολομῶν,
1863 3102 2051 3172 στήκει

383 3187 521 3244 κίων
551 3188 637 3243 ἐπὶ
684 3192 783 3244 τοῦ
834 3188 1032 3265 ἀέρος’
1084 3186 1635 3267 πορφυροδανόμενος
1678 3191 1706 3245 6
1760 3187 1968 3264 δαίμων
2019 3190 2049 3243 6

391 3275 688 3353 λεγόμενος
727 3279 957 3356 Ἐφιπᾶς
1007 3279 1114 3334 ἀπὸ
1160 3285 1259 3348 τῆς
1299 3280 1561 3354 Ἐρυθρᾶς
1605 3276 1882 3350 θαλάσσης
1928 3280 2051 3334 ἀνα-

384 3366 566 3442 γαγὼν
595 3365 705 3422 ἀπὸ
741 3369 843 3437 τῆς
892 3365 998 3422 ἔσω
1053 3363 1353 3441 Ἀραϐίας·
1416 3366 1560 3430 ὅστις
1623 3367 1714 3422 καὶ
1775 3366 1854 3430 εἷς
1884 3367 2046 3423 ἀσκὸν

2161 2225 2310 2265 caeco
2344 2209 2639 2281 parvulos,
2672 2213 2729 2266 et
2760 2225 2932 2266 aures
2964 2213 3232 2281 torqueo,
3255 2212 3312 2264 et
3340 2207 3488 2263 facio
3518 2205 3819 2278 vagientes

2162 2304 2219 2354 et
2249 2299 2484 2369 surdos,
2517 2316 2655 2355 nam
2705 2299 2763 2354 in
2798 2299 2967 2354 tertio
3016 2299 3207 2370 capite
3248 2314 3377 2353 meo
3431 2312 3641 2352 rursus
3687 2293 3816 2351 illa-

2160 2387 2419 2456 buntur;
2443 2388 2716 2444 homines
2756 2387 3018 2460 percutio
3043 2387 3101 2441 in
3125 2385 3388 2442 inferiori
3410 2389 3576 2458 parte
3606 2399 3811 2456 corpo-

2159 2477 2327 2544 ris,et
2358 2477 2506 2533 facio
2538 2482 2603 2533 ut
2653 2477 2887 2545 cadant,
2930 2481 2988 2533 et
3017 2492 3260 2548 spumas
3289 2476 3485 2543 edant,
3517 2477 3575 2530 et
3621 2473 3814 2529 denti-

2159 2567 2271 2622 bus
2294 2567 2580 2635 fremant;
2605 2566 2863 2623 estmihi
2887 2566 3101 2622 modus
3123 2582 3237 2638 quo
3259 2563 3514 2620 imbellis
3541 2564 3636 2619 fio:
3663 2580 3809 2635 prai-

2160 2656 2490 2728 significata
2501 2652 2829 2713 Jerusalem
2845 2657 2922 2724 ,in
2938 2655 3063 2711 loco
3080 2655 3180 2728 qui
3194 2652 3810 2726 diciturCephalaeum:

2159 2744 2240 2800 ibi
2272 2744 2426 2801 enim
2467 2745 2921 2817 praedestinatus
2951 2748 3041 2801 est
3071 2743 3327 2817 Angelus
3345 2741 3543 2815 magni
3563 2740 3818 2809 consilii,

2158 2838 2215 2889 et
2258 2834 2396 2889 olim
2450 2839 2647 2906 aperte
2697 2850 2875 2906 super
2922 2832 3149 2905 lignum
3202 2832 3501 2900 manebit;
3550 2829 3676 2904 ipse
3725 2846 3822 2885 me

2151 2923 2394 2993 jussum
2428 2939 2601 2996 agere
2650 2940 2767 2978 non
2800 2922 2975 2991 sinit;
3011 2928 3066 2978 et
3096 2922 3157 2977 in
3208 2920 3334 2978 loco
3364 2920 3465 2975 ubi
3499 2920 3691 2984 sedes,
3722 2936 3824 2975 rex

2156 3010 2455 3081 Salomon,
2506 3012 2688 3067 stabit
2734 3011 3011 3067 columna
3054 3012 3114 3067 in
3168 3027 3321 3077 aere,
3355 3027 3387 3067 e
3417 3009 3567 3066 mari
3625 3009 3826 3065 Rubro

2162 3100 2380 3155 educta
2410 3116 2444 3155 a
2475 3099 2833 3172 porphyrino
2867 3101 3133 3156 dmmone
3164 3099 3265 3171 qui
3297 3098 3517 3155 dicitur
3542 3098 3826 3170 pripas,

2162 3188 2263 3261 qui
2295 3189 2369 3244 ab
2403 3188 2668 3244 interiori
2701 3188 2918 3245 Arabia
2941 3189 2999 3244 in
3024 3204 3173 3244 nave
3203 3187 3474 3245 inclusus
3506 3189 3836 3244 adducetur

2157 3282 2299 3333 ante
2330 3282 2406 3333 te.
2433 3278 2503 3332 Et
2533 3277 2596 3333 in
2631 3277 2823 3350 capite
2850 3277 3055 3350 templi
3089 3278 3246 3350 quod
3268 3277 3496 3349 coepisti
3520 3277 3833 3343 aedificare,

2157 3383 2255 3422 rex
2279 3366 2577 3436 Salomon,
2595 3366 2735 3422 latet
2757 3384 2969 3423 aurum
2995 3365 3434 3437 multum,quod
3463 3369 3525 3421 tu
3549 3366 3831 3422 effossum

381 3453 790 3517 κατακλεισθεῖς
853 3457 1249 3529 κομισθήσεται
1307 3450 1612 3533 ἔμπροσθέν
1672 3476 1815 3513 σουο
1877 3455 1929 3512 ἐν
1989 3454 2048 3512 δὲ

2163 3456 2322 3512 tolle.
2352 3457 2422 3511 Et
2452 3472 2557 3528 ego
2588 3454 2885 3523 Salomon,
2918 3455 3159 3511 mittens
3187 3471 3438 3528 puerum
3471 3472 3693 3525 meum,
3730 3455 3829 3509 in-

387 3546 455 3617 τῇ
516 3545 666 3619 ἀρχῇ
724 3549 823 3600 τοῦ
874 3550 1003 3600 ναοῦ
1083 3546 1247 3621 ὅνπερ
1317 3543 1467 3621 ἤρξω
1539 3546 1760 3618 κτίξειν,
1824 3545 2050 3623 βασιλεῦ

383 3631 685 3707 Σολομῶν,
752 3632 1035 3689 ἀπόκειται
1105 3634 1332 3711 χρυσίον
1392 3634 1561 3703 πολὺ,
1650 3636 1782 3711 ὅπερ
1858 3635 2048 3710 ὀρύξας

382 3722 510 3795 ἆρον
548 3740 561 3752 ⁵
616 3721 775 3797 Κάγὼ
833 3721 1128 3797 Σολομῶν,
1175 3722 1504 3787 ἀποστείλας
1550 3726 1642 3778 τὸν
1692 3721 1862 3779 παῖδά
1920 3746 2050 3798 μου,

380 3810 535 3885 εὗρον
564 3810 747 3875 καθὼς
798 3812 915 3866 εἶπέ
971 3833 1063 3885 μοι
1119 3813 1182 3868 τὸ
1228 3810 1512 3885 δαιμόνιον
1547 3829 1563 3844 °
1613 3811 1702 3866 καὶ
1754 3812 2048 3890 σφραγίσας

381 3904 461 3972 τῷ
514 3896 851 3973 δακτυλιδιῳ
901 3896 1070 3976 ᾔνεσα
1129 3900 1334 3976 Κύριον
1386 3901 1478 3957 τὸν
1521 3900 1650 3956 Θεόν
1686 3920 1699 3934 σ
1749 3904 1905 3956 εἷπον
1956 3900 2049 3956 οῦν

380 3989 532 4061 αὖτῷ
565 4008 577 4021 ·
622 3988 684 4044 Τί
734 3988 797 4044 σὺ
850 3989 1072 4065 λέγειςς
1106 3991 1134 4046 ὁ
1181 3988 1389 4063 δαίμων
1442 3985 1544 4069 ἔφη
1579 4010 1593 4024 ο
1648 3992 1877 4068 Κορυφὴ
1927 3987 2051 4067 δρα-

380 4078 592 4134 κόντων
650 4077 767 4152 εἶμί
800 4098 812 4112 ο
867 4080 960 4135 καὶ
1010 4077 1267 4135 ἐκέλευσα
1333 4081 1496 4135 αὐτὸν
1555 4078 1943 4156 πλινθουργεῖν
1999 4079 2051 4135 έν

376 4171 458 4240 τῷ
485 4171 599 4241 ναῷ
630 4187 644 4202 ·
684 4168 830 4244 εἶχεν
889 4173 1083 4244 χεῖρας
1136 4168 1441 4246 ἀνθρώπων
1475 4189 1489 4202 ο
1535 4169 1625 4225 καὶ
1673 4172 2050 4246 προσγυνήσας

388 4257 587 4333 Κύριον
646 4260 738 4314 τὸν
799 4259 928 4314 Θεὸν
1008 4263 1105 4313 τοῦ
1182 4258 1429 4335 Ἰσραὴλ,
1489 4259 1746 4316 ἐκέλευσα
1801 4259 2051 4338 παρεῖναί

389 4367 483 4420 μοι
532 4345 715 4424 ἕτερον
768 4344 1025 4422 δαίμονα.
1085 4348 1189 4405 Καὶ
1243 4347 1411 4418 ἦλθεν
1455 4350 1561 4423 πρὸ
1609 4350 1908 4424 προσώπου
1943 4372 2048 4422 μου

378 4440 595 4509 πνεῦμα
649 4434 1021 4511 γυναικοειδὶς
1081 4438 1182 4507 τὴν
1251 4439 1498 4514 κορυφὴν
1572 4439 1888 4514 κατέχουσα
1945 4438 2052 4514 ἀπὸ

378 4526 580 4589 παντὸς
617 4525 820 4599 μέλους
855 4546 867 4558 ·
916 4525 1010 4581 καὶ
1054 4526 1152 4589 τὰς
1205 4513 1532 4603 λυσίτριχας
1578 4532 1697 4590 ταῖς
1736 4513 1878 4604 θριξί
1911 4547 1926 4561 ⁸
1958 4513 2049 4583 καἱ

377 4612 512 4693 ἔφην
545 4616 684 4690 πρὸς
735 4615 903 4685 αὐτήν
939 4634 950 4646 ·
1000 4616 1135 4690 Λέγε
1188 4636 1306 4690 μσι,
1355 4614 1418 4670 σὺ
1463 4616 1544 4678 τίς
1588 4619 1676 4685 ei;
1726 4618 1789 4674 Ἠ
1841 4614 1899 4672 δὲ
1944 4611 2044 4697 ἔφη

374 4692 476 4758 καὶ
504 4702 586 4767 τίς
617 4702 680 4758 σὺ
727 4706 796 4777 εἴ,
847 4701 884 4774 ἤ
933 4725 1055 4759 τινα
1103 4703 1293 4781 χρείαν
1350 4699 1500 4781 ἔχεις
1551 4706 1779 4760 ἀκοῦσαι
1820 4707 1888 4760 τὰ
1931 4692 2048 4761 κατ’

376 4792 554 4867 lycii;
586 4789 739 4850 Ἀλλ’
786 4793 832 4848 εἶ
883 4791 1062 4856 θέλεις
1115 4795 1344 4868 μαθεῖν’
1394 4796 1579 4865 στήκω
1627 4795 1733 4871 γὰρ
1782 4792 2043 4869 δεδεμένη

375 4882 482 4957 πρὸ
512 4882 812 4955 προσώπου
860 4902 979 4953 σου,
1030 4883 1331 4959 πορεύθητι
1382 4881 1473 4938 οῦν
1533 4883 1584 4939 έν
1635 4888 1754 4946 τοῖς
1799 4883 2047 4958 ταμείοις

2162 3545 2291 3602 veni
2322 3546 2477 3601 sicut
2505 3544 2653 3601 dixit
2683 3545 2828 3600 mihi
2879 3546 3108 3600 daemon
3144 3564 3158 3613 ;
3216 3548 3273 3600 et
3321 3548 3636 3616 postquam
3687 3559 3824 3599 eum

2161 3634 2380 3692 annulo
2441 3635 2695 3707 signavi,
2752 3634 2987 3690 laudavi
3045 3634 3363 3689 Dominum
3423 3637 3630 3689 Deum.
3691 3633 3822 3689 Dixi

2160 3739 2297 3797 ergo
2355 3723 2453 3779 ei:
2489 3726 2591 3797 (De
2649 3724 2726 3797 te)
2754 3723 2896 3795 quid
2956 3723 3106 3778 dicis
3162 3723 3288 3795 (seu
3344 3723 3478 3796 quis
3536 3722 3825 3790 diceris)?

2159 3814 2483 3883 Respondit
2514 3814 2740 3868 daemon
2778 3829 2790 3869 :
2818 3815 3006 3885 Caput
3038 3828 3170 3867 sum
3224 3814 3545 3868 draconum
3572 3836 3586 3878 ;
3620 3815 3678 3866 et
3706 3811 3821 3866 im-

2159 3902 2354 3974 peravi
2388 3906 2451 3957 ut
2475 3902 2688 3958 lateres
2719 3906 3097 3974 componeret
3127 3902 3187 3956 in
3219 3900 3540 3973 templum;
3567 3899 3826 3956 habebat

2160 4009 2374 4048 manus
2423 3990 2708 4047 hominis.
2742 3992 2813 4047 Et
2861 3992 3102 4047 adorato
3152 3991 3400 4046 Domino
3451 3992 3566 4046 Deo
3614 3988 3818 4055 Israel,

2151 4080 2308 4151 jussi
2358 4083 2424 4136 ut
2468 4081 2703 4135 adesset
2750 4079 2895 4136 mihi
2945 4078 3099 4135 alius
3150 4080 3395 4135 daemon.
3432 4079 3503 4134 Et
3551 4077 3712 4134 venit
3759 4077 3820 4134 in

2159 4174 2475 4241 conspectu
2535 4185 2663 4225 meo
2723 4169 2972 4241 spiritus
3012 4169 3245 4225 feminae
3293 4167 3531 4235 similis,
3581 4166 3677 4223 cui
3731 4170 3821 4223 tot

2157 4259 2353 4331 capita
2400 4263 2544 4330 quot
2593 4258 2882 4328 membra,
2913 4262 2970 4314 et
3020 4257 3285 4313 crinibus
3333 4256 3566 4325 soluta;
3600 4261 3658 4312 et
3702 4255 3822 4312 dixi

2158 4349 2230 4406 ad
2264 4364 2392 4404 eam
2428 4365 2441 4404 :
2476 4347 2679 4404 Indica
2710 4347 2856 4403 mihi
2888 4364 3019 4420 quae
3050 4347 3156 4404 sis.
3188 4347 3324 4411 Quae
3356 4347 3460 4404 ait.
3492 4347 3564 4402 Et
3591 4350 3654 4402 tu
3686 4345 3823 4418 quis

2159 4457 2222 4496 es
2243 4439 2271 4494 ?
2300 4438 2403 4494 Vel
2439 4438 2580 4511 quid
2633 4455 2782 4510 opus
2809 4438 2992 4496 habes
3040 4439 3244 4495 audire
3276 4456 3405 4512 quae
3454 4439 3526 4494 ad
3558 4455 3653 4494 me
3682 4437 3816 4495 atti-

2159 4528 2348 4585 nent?
2380 4532 2452 4584 At
2484 4527 2536 4584 si
2581 4527 2674 4585 vis
2704 4529 2951 4597 discere,
2985 4533 3075 4584 sto
3120 4528 3277 4584 enim
3326 4528 3525 4583 vincta
3551 4527 3610 4583 in
3642 4543 3815 4583 cons-

2159 4623 2332 4691 pectu
2391 4622 2514 4685 tuo,
2545 4618 2694 4673 vade
2748 4617 2808 4673 in
2866 4616 3046 4673 cellas
3107 4621 3237 4673 tuas
3293 4617 3507 4690 regias,
3540 4620 3597 4672 et
3654 4621 3814 4689 post-

2158 4724 2337 4780 quam
2371 4724 2584 4762 manus
2629 4707 2911 4775 ablueris,
2943 4706 3081 4762 sede
3127 4706 3343 4763 iterum
3385 4711 3522 4761 ante
3550 4705 3813 4761 tribunal

2157 4800 2370 4866 tuum;
2402 4800 2460 4852 et
2507 4802 2649 4851 tunc
2700 4795 3093 4868 interrogabis
3140 4811 3257 4865 me,
3315 4798 3373 4852 et
3416 4795 3630 4864 disces,
3690 4812 3812 4851 rex:

2160 4903 2286 4958 quae
2316 4886 2427 4941 sim
2459 4902 2586 4958 ego.

375 4992 473 5027 σου
529 4977 650 5036 τοῖς
705 4969 1040 5048 βασιλικοῖς,
1097 4972 1187 5028 καὶ
1245 4974 1543 5048 νιψάμενος
1599 4973 1695 5036 τὰς
1751 4978 1968 5051 χεῖρας,
2013 4973 2178 5031 πάλιν
2238 4975 2478 5045 καθήσας
2530 4974 2638 5048 πρὸ
2693 4976 2789 5028 τοῦ
2852 4970 3104 5051 βήματός
3162 4993 3281 5043 σου,
3342 4972 3468 5027 τότε
3519 4970 3815 5047 ἐρωτήσεις

377 5081 464 5134 με,
490 5059 582 5116 καὶ
618 5062 866 5138 μαθήσῃ,
904 5060 1151 5135 βασιλεῦ,
1179 5062 1261 5125 τίς
1293 5063 1408 5137 εἶμι
1439 5061 1571 5139 ἐγώ.

447 5175 551 5233 Καὶ
582 5180 745 5232 τοῦτο
789 5177 1029 5247 ποιήσας
1079 5176 1523 5253 ἐγὼ.Σολομιῖ›ν,
1573 5176 1754 5242 καθὼς
1802 5177 2049 5252 συνέταξέ

378 5286 494 5339 μοι,
547 5266 875 5342 ἠνεσχόμην
940 5262 1031 5321 διᾶ
1086 5267 1185 5335 τὴν
1247 5265 1470 5323 ἐνοῦσαν
1533 5288 1626 5342 μοι
1686 5267 1898 5346 σοφίαν,
1954 5266 2049 5323 ’ίνα

378 5351 598 5425 δυνηθῶ
650 5356 877 5411 ἀκοῦσαι
951 5355 1047 5418 τὰς
1123 5355 1346 5428 πράξεις
1431 5356 1622 5427 αὐτῆς,
1677 5356 1767 5413 καὶ
1835 5355 2042 5432 ἐλέγξαι

374 5444 565 5513 αὐτὰς,
598 5445 688 5500 καὶ
751 5449 1057 5521 φατερῶσαι
1105 5450 1224 5508 τοῖς
1272 5445 1609 5521 ἀνθρώποις,
1666 5447 1754 5501 καὶ
1800 5448 2047 5517 καθήσας

377 5532 554 5612 ἔφησα
582 5534 720 5611 πρὸς
765 5534 858 5590 τὸν
912 5532 1171 5611 δαίμονα,
1219 5535 1315 5598 Τίς
1365 5535 1415 5591 εἴ
1443 5554 1456 5569 ο
1511 5535 1615 5592 Καὶ
1666 5535 1810 5592 εἶπεν
1842 5556 1855 5569 ·
1886 5536 2041 5613 ’Ἐγὼ

455 5784 571 5858 (10)
601 5777 833 5848 εἷκώδος
861 5815 933 5828 -
961 5782 1207 5850 εῒκώδες.

2228 5181 2300 5236 Et
2330 5197 2465 5236 cum
2495 5178 2619 5235 hac
2650 5178 2909 5236 fecissim
2940 5194 3047 5252 ego
3079 5177 3382 5249 Salomon,
3415 5178 3571 5236 sicut
3607 5193 3822 5251 praece-

2157 5275 2325 5342 perat
2353 5269 2523 5339 mihi,
2554 5269 2980 5325 contendebam
3015 5286 3117 5341 per
3137 5268 3380 5324 insitam
3421 5267 3567 5325 mihi
3591 5267 3824 5341 sapien-

2157 5359 2320 5426 tiam,
2391 5362 2458 5414 ut
2524 5375 2761 5430 possem
2827 5358 3036 5414 audire
3101 5357 3478 5430 operationes
3545 5358 3697 5429 ejus,
3765 5362 3824 5413 et

2156 5452 2328 5503 notas
2378 5447 2605 5520 aperire
2655 5446 3037 5515 hominibus;
3071 5450 3130 5503 et
3160 5447 3376 5504 sedens
3430 5445 3550 5502 dixi
3581 5446 3653 5504 ad
3701 5445 3823 5501 dai-

2155 5553 2440 5595 monem:
2501 5539 2639 5604 Quae
2694 5553 2758 5594 es
2812 5536 2924 5594 tu?
2982 5536 3050 5592 Et
3104 5536 3233 5593 ait:
3284 5536 3402 5610 Ego
3449 5536 3612 5594 dicor
3662 5536 3821 5609 apud
