4142 6392
394 462 550 524 1335

1354 460 1756 522 APPENDIX
1801 461 1906 521 AD
1950 458 2418 523 MICHAELEM
2464 461 2854 527 PSELLUM.

3667 464 3695 523 1
3708 462 3830 523 336

390 595 666 653 homines
719 593 1029 664 Obizouth,
1062 609 1189 666 quea
1245 597 1415 650 nocte
1469 611 1585 650 non
1644 592 1896 660 dormio,
1950 593 2040 649 sed

2174 590 2405 667 λέγομαι
2454 594 2962 671 παρᾶιάνθρώποις
3009 587 3259 662 Ὀϐιζοῦθ
3288 610 3302 624 ·
3361 592 3485 661 ἥτις
3532 592 3725 655 νυκτὸς
3759 594 3827 649 οὗ

393 683 736 759 perambulo
793 700 1027 740 omnem
1090 684 1404 753 mundum,
1468 689 1703 756 propter
1763 683 2057 756 parientes

394 776 682 844 feminas;
715 779 772 832 et
802 792 905 847 per
932 775 1141 831 horam
1173 775 1446 831 divinans
1479 775 1736 831 consisto
1762 793 1775 842 ;
1802 780 1857 830 et
1878 774 1926 831 si
1950 791 2054 845 op-

393 871 646 939 portune
677 864 1139 937 supervenerim,
1164 864 1469 937 strangulo
1495 890 1508 933 ;
1543 864 1631 920 sin
1659 866 1877 933 minus,
1909 864 2052 919 abeo

392 955 453 1010 in
477 954 657 1011 alium
678 954 871 1011 locum
898 971 912 1022 ;
939 971 1058 1009 una
1080 954 1238 1009 enim
1263 959 1430 1009 nocte
1454 953 1727 1009 inefficax
1753 954 2055 1009 discedere

390 1060 656 1117 nequeo;
690 1044 934 1116 spiritus
966 1043 1122 1099 enim
1172 1043 1537 1115 perniciosus
1585 1059 1739 1111 sum,
1774 1042 2051 1097 innume-

388 1131 471 1188 ris
514 1132 781 1204 gaudens
826 1132 1171 1187 nominibus
1230 1135 1286 1187 et
1329 1131 1571 1201 formis;
1606 1137 1660 1186 et
1710 1132 1884 1186 modo
1931 1130 2048 1198 hic,

386 1221 561 1277 modo
590 1238 725 1277 vero
761 1219 881 1276 illic
930 1237 1145 1291 versor,
1178 1225 1235 1276 et
1260 1220 1591 1292 assignatas
1642 1220 1909 1291 regiones
1949 1221 2050 1275 de-

382 1308 623 1365 ambulo
653 1328 667 1378 ;
700 1309 801 1364 sed
835 1311 900 1363 ut
930 1313 1016 1365 est
1045 1325 1221 1376 nunc,
1258 1310 1501 1381 signans
1534 1325 1627 1364 me
1669 1308 1888 1364 annulo
1921 1308 2048 1374 Dei,

383 1397 466 1453 nil
490 1397 679 1453 fecisti
704 1421 719 1465 ;
747 1414 860 1454 non
888 1397 1095 1453 adsum
1120 1398 1226 1452 tibi
1257 1418 1270 1465 ;
1303 1403 1365 1453 tu
1401 1398 1554 1453 niaeil
1592 1398 1734 1452 mihi
1762 1398 2051 1465 imperare

386 1487 609 1559 poteris
638 1506 652 1556 ;
680 1485 907 1541 nullum
935 1487 1091 1542 enim
1118 1486 1258 1542 mihi
1285 1491 1375 1542 est
1397 1504 1564 1558 opus,
1592 1487 1706 1543 nisi
1732 1503 2048 1559 puerorum

387 1575 627 1644 ablatio,
661 1576 891 1631 aurium
921 1575 1203 1641 surditas,
1237 1575 1541 1631 oculorum
1576 1576 1757 1642 laesio,
1792 1577 2045 1632 faucium

388 1663 659 1733 frenatio,
692 1665 979 1721 mentium
1012 1665 1274 1733 amissio,
1298 1670 1355 1721 et
1384 1681 1696 1737 corporum
1729 1667 2046 1721 cruciatus.

388 1762 517 1818 Haec
563 1763 811 1819 audiens
869 1780 974 1835 ego
1023 1763 1322 1831 Salomon,
1356 1764 1686 1820 admiratus
1737 1781 1869 1820 sum
1921 1781 2049 1837 spe-

385 1853 535 1909 ciem
567 1854 734 1925 ejus;
767 1853 1212 1927 contemplabar
1245 1870 1418 1910 omne
1466 1870 1682 1927 corpus
1726 1856 1854 1925 ejus
1883 1859 2044 1911 tene-

2165 679 2431 753 καθεύδω,
2490 682 2638 738 ἀλλὰ
2678 683 3048 759 περιέρχομαι
3097 681 3272 737 πάντα
3325 681 3417 736 τὸν
3471 680 3680 754 κόσμον
3733 680 3823 736 ἐπὶ

2161 776 2282 833 ταῖς
2319 771 2626 835 τικτούσαις
2664 772 2918 847 γυναιξί·
2970 770 3063 827 καί
3109 775 3210 840 τήν
3269 771 3364 845 μὶν
3415 769 3560 846 ὥραν
3621 789 3831 846 στοχα-

2167 859 2366 931 ζομὲνη
2428 860 2747 934 σταματίζω
2808 859 3053 934 (ἷ’σταμαι
3117 866 3251 918 ante
3327 861 3387 917 h.
3454 861 3700 917 verbum
3750 862 3828 916 ad

2163 951 2437 1023 marg.)'
2495 950 2585 1004 καὶ
2641 949 2729 1004 ἰὰν
2807 948 3076 1026 ἐπιτύχω,
3138 947 3344 1020 ἕπνιξα.
3406 948 3471 1006 Εἰ
3533 945 3591 1003 δὶ
3662 950 3826 1024 μήγε,

2162 1037 2436 1114 ἀναχωρῶ
2468 1038 2543 1101 εἷς
2577 1035 2757 1115 ἕτερον
2797 1040 2967 1094 τόπον
3003 1055 3018 1071 ⁸
3068 1038 3195 1113 μίαν
3244 1038 3352 1114 γὰρ
3392 1039 3557 1093 νύκτα
3585 1037 3818 1112 ἀποχω-

2163 1133 2326 1200 ρῆσαι
2383 1125 2656 1203 ἄπρακτος
2689 1127 2751 1182 οὐ
2797 1125 3030 1200 δύναμαι
3063 1148 3078 1162 ·
3139 1127 3352 1200 πνεῦμα
3408 1126 3512 1203 γὰρ
3572 1124 3823 1202 χαλεπόν

2162 1216 2297 1287 εἶμι,
2328 1217 2680 1291 μυριώνυμον
2730 1217 2819 1272 καὶ
2867 1215 3231 1291 πολύμορφον
3268 1235 3279 1246 ·
3333 1217 3421 1271 καὶ
3464 1219 3556 1270 νῦν
3592 1216 3687 1288 μὶν
3716 1212 3824 1270 ὦδε

2158 1304 2248 1359 καὶ
2292 1310 2383 1359 νῦν
2434 1306 2545 1361 ἐκεῖ
2585 1311 2800 1380 πνεῦμα
2848 1308 2970 1380 (sic)
3017 1310 3109 1360 νῦν
3162 1302 3341 1377 ἔκεῖῖ]
3383 1305 3518 1360 εἶναι
3554 1324 3568 1339 ⁸
3613 1304 3705 1359 καὶ
3747 1303 3823 1369 είς

2157 1394 2223 1447 τὰ
2255 1391 2581 1468 δατικά(εἱο)
2609 1396 2747 1470 μὲρη
2774 1395 3142 1471 περιέρχομαι
3169 1412 3183 1426 '
3217 1391 3377 1449 ’Δλλ’
3397 1394 3472 1455 ὡς
3498 1392 3610 1448 ἐστὶ
3633 1397 3724 1447 νῦν
3749 1394 3821 1467 (7)

2158 1494 2582 1571 περισφραγίσας
2668 1514 2732 1566 με
2808 1491 2887 1566 τῷ
2965 1488 3300 1563 δακτυλιδίῳ
3371 1496 3470 1546 τοῦ
3529 1494 3664 1547 Θεοῦ
3720 1490 3824 1545 ούκ

2160 1580 2423 1651 ἐποίησας
2455 1601 2468 1613 ·
2532 1583 2594 1637 ού
2643 1582 2959 1657 παρέστηκά
3008 1601 3142 1636 σοι’
3201 1579 3307 1657 ἐγὼ
3363 1582 3481 1654 (sic)
3515 1580 3578 1635 ού
3623 1576 3707 1637 δὲν
3754 1599 3824 1651 με

2159 1667 2398 1741 διατάξαι
2441 1668 2644 1746 δυνήσῃ
2681 1689 2694 1703 ·
2744 1667 2897 1725 οὐδέν
2949 1691 3054 1744 μου
3098 1671 3200 1746 γάρ
3252 1668 3392 1724 ἔστιν
3446 1667 3627 1744 ἔργον,
3659 1666 3705 1723 εί
3741 1669 3821 1740 μὴ

2162 1762 2375 1835 βρεφῶν
2427 1759 2726 1836 ἀναίρεσις,
2787 1760 2876 1814 καὶ
2929 1759 3085 1815 ὤτων
3135 1758 3413 1837 κωφότης,
3469 1756 3563 1813 καί
3616 1756 3825 1834 ὀφθαλ-

2160 1852 2277 1921 μῶν
2333 1846 2536 1920 ἀδικία,
2586 1848 2675 1903 καὶ
2747 1847 3032 1922 στομάτων
3085 1844 3484 1923 χαλινόδευμα,
3543 1846 3633 1901 καὶ
3692 1865 3821 1921 φρε-

385 1942 624 1998 brosum
650 1960 664 2011 ;
688 1941 868 1998 facies
890 1949 1089 1997 autem
1109 1943 1239 2013 ejus
1263 1947 1386 1998 tota
1414 1941 1632 2013 lucida,
1662 1944 2040 2012 viridescens,

2153 1941 2261 1991 νῶν
2313 1938 2580 2010 ἀπώλεια,
2636 1937 2727 1993 καὶ
2786 1939 3054 2011 σωμάτων
3110 1935 3370 2013 ἅλγησις,
3423 1939 3606 1993 Ταῦτα
3648 1934 3815 1990 ἀκού-

382 2035 439 2086 et
495 2031 689 2087 crines
749 2032 878 2102 ejus
940 2031 1213 2104 hispidae,
1247 2037 1311 2087 ut
1367 2032 1680 2100 draconis;
1732 2038 1791 2087 et
1847 2032 2046 2087 omnia

383 2120 651 2175 membra
697 2120 827 2190 ejus
884 2118 1239 2188 invisibilia;
1271 2125 1328 2175 et
1382 2137 1491 2175 vox
1543 2121 1672 2191 ejus
1731 2121 2044 2176 manifesta

381 2207 645 2280 pervenit
675 2208 748 2263 ad
792 2225 906 2263 me.
942 2213 1008 2263 Et
1040 2225 1147 2282 ego
1178 2209 1546 2281 scpbismate
1578 2210 2045 2266 circumveniens

380 2312 535 2361 eam,
568 2296 689 2352 dixi
724 2313 737 2351 :
773 2297 973 2353 Indica
1004 2298 1174 2365 mihi,
1206 2298 1360 2353 male
1409 2298 1829 2370 spiritus,quis
1861 2304 1917 2354 te
1949 2317 2046 2355 an-

380 2384 544 2458 gelus
578 2385 977 2458 imponentem
1030 2387 1252 2442 faciat?
1282 2389 1416 2454 Quae
1465 2388 1548 2443 ait
1583 2405 1595 2441 :
1631 2389 1893 2461 Angelus
1943 2388 2043 2444 Dei

378 2479 622 2531 vocatus
669 2476 1007 2548 Apbamph,
1060 2476 1218 2547 quod
1280 2478 1702 2549 interpretatur
1759 2477 2043 2550 Raphael,

383 2580 414 2619 a
447 2581 564 2636 quo
616 2581 772 2620 nunc
818 2563 1076 2621 imbellis
1108 2565 1181 2620 fio
1234 2565 1292 2620 in
1346 2582 1521 2621 omne
1567 2569 2044 2638 tempus;cujus

382 2668 598 2707 nomen
626 2653 676 2709 si
707 2652 844 2724 quis
875 2653 1186 2709 hominum
1221 2653 1514 2725 didicerit,
1549 2660 1606 2710 et
1637 2673 1817 2727 super
1849 2661 2045 2727 partu-

380 2741 632 2797 rientem
676 2741 957 2797 feminam
990 2742 1315 2813 scripserit,
1345 2748 1490 2797 tunc
1523 2743 1749 2815 ingredi
1790 2761 1904 2799 non
1938 2761 2045 2816 po-

382 2835 547 2900 tero;
580 2831 752 2902 cujus
784 2830 1048 2887 calculus
1080 2836 1169 2887 est
1213 2833 1339 2887 640.
1375 2833 1445 2887 Et
1474 2849 1580 2905 ego
1611 2832 1886 2889 Salomon
1923 2833 2045 2890 haec

382 2920 651 2987 audiens,
687 2918 921 2976 laudavi
952 2918 1291 2991 Dominum,
1326 2927 1379 2977 ct
1402 2922 1559 2993 jussi
1594 2928 1659 2977 ut
1687 2921 2046 2979 vincirentur

381 3007 573 3064 crines
605 3009 755 3078 ejus,
789 3013 846 3065 et
876 3010 1386 3081 suspenderentur
1434 3016 1567 3067 ante
1597 3012 1886 3084 templum
1920 3012 2041 3082 Dei,

379 3110 446 3161 ut
474 3122 679 3162 omnes
712 3106 814 3161 lilii
870 3106 1051 3163 Israel
1081 3107 1380 3165 venientes
1426 3113 1482 3164 et
1526 3109 1790 3165 videntes
1819 3109 2043 3182 glorifi-

383 3200 586 3251 carent
622 3196 932 3252 Dominum
982 3196 1167 3253 Deum
1201 3196 1402 3267 Israel,
1434 3198 1532 3270 qui
1584 3199 1746 3255 dedit
1778 3200 1925 3255 mihi
1959 3202 2040 3255 fa-

377 3283 677 3355 cultatem,
710 3290 768 3342 et
817 3285 1193 3358 sapientiam,
1241 3294 1297 3342 et
1345 3287 1673 3359 potentiam
1707 3305 1741 3344 a
1776 3294 1886 3345 Deo
1942 3306 2043 3361 per

377 3373 887 3430 annulumistum.
910 3375 1683 3447 Etrursusjussiutadesset
1718 3376 1863 3432 mihi
1891 3377 2043 3434 alius

382 3462 633 3520 daemon.
667 3463 736 3517 Et
766 3462 926 3519 venit
970 3462 1032 3518 in
1063 3470 1381 3536 conspectu
1431 3481 1561 3521 meo
1594 3466 2044 3523 draconiformis

382 3551 934 3621 circumvolutatus,
966 3552 1173 3608 faciem
1220 3553 1441 3609 habens
1470 3559 1529 3609 et
1559 3555 1735 3626 pedes
1760 3554 2041 3622 hominis,

383 3638 613 3712 reliqua
642 3658 778 3696 vero
810 3642 1076 3697 membra
1094 3642 1391 3710 draconis,
1423 3647 1480 3698 et
1510 3643 1636 3699 alas
1667 3642 1727 3698 in
1759 3645 1962 3714 dorso;
1987 3650 2044 3701 et

378 3748 512 3788 ecce
525 3748 630 3805 ego
645 3734 1008 3806 stupefactus
1024 3733 1311 3798 dixizouis
1326 3751 1408 3804 es,
1430 3751 1463 3791 o
1476 3735 1783 3804 daemon;et
1796 3752 1869 3808 qu
1882 3736 1930 3793 is
1954 3738 2041 3792 di-

379 3820 620 3892 caris,et
642 3839 675 3877 u
690 3823 801 3879 nde
820 3821 1021 3878 venias
1044 3821 1238 3879 indica
1257 3823 1425 3879 mihi.
1441 3825 1509 3879 Et
1533 3826 1895 3896 respondens
1915 3827 2040 3899 spi-

376 3910 527 3967 ritus
562 3910 709 3966 dixit
740 3927 753 3967 :
789 3911 1050 3967 Primum
1083 3912 1248 3968 astili
1288 3913 1422 3984 tibi,
1452 3931 1551 3970 rex
1582 3913 1880 3983 Salomon,
1914 3917 2040 3988 spi-

374 3998 527 4055 ritus
558 3996 868 4057 deiﬁcatus
901 4000 1057 4056 inter
1086 4000 1377 4069 homines,
1400 4019 1556 4058 nunc
1588 4008 1784 4059 autem
1819 4004 2038 4061 fractus

370 4087 595 4144 viribus
615 4106 720 4161 per
740 4090 945 4144 datum
975 4088 1080 4145 tibi
1105 4090 1393 4145 annulum
1420 4090 1516 4146 Dei
1549 4096 1607 4147 et
1640 4092 1992 4163 sapientiam
2021 4120 2035 4163 ;

372 4190 430 4242 et
450 4204 609 4242 nunc
634 4203 741 4259 ego
761 4204 894 4243 sum
919 4188 1019 4260 qui
1044 4188 1208 4244 dicor
1228 4188 1422 4246 alatus
1445 4190 1766 4254 draco,non
1792 4192 2035 4247 commi-

371 4279 503 4331 stus
525 4274 729 4331 multis
753 4275 1236 4345 mulieribus,sed
1269 4278 1473 4349 paucis
1508 4282 1565 4333 et
1595 4279 2034 4350 formosis,quae

370 4362 586 4420 sideris
614 4363 796 4435 hujus
827 4381 1040 4421 nomen
1075 4365 1294 4421 habent
1322 4383 1335 4434 ;
1370 4370 1427 4422 et
1456 4366 1600 4421 abeo
1634 4367 1703 4422 ad
1736 4384 1834 4423 eas
1867 4369 2037 4440 quasi

370 4450 622 4523 spiritus
680 4453 966 4525 penniger
1022 4453 1288 4510 alliciens
1348 4471 1451 4528 per
1514 4456 1776 4524 divitias,
1819 4462 1876 4512 et
1935 4455 2037 4511 illa

371 4540 614 4611 quidem
644 4557 823 4613 super
852 4559 1029 4615 quam
1065 4542 1232 4610 irrui,
1254 4545 1482 4599 fructus
1515 4544 1616 4615 qui
1648 4550 1824 4600 natus
1854 4549 1944 4601 est
1966 4561 2036 4600 ex

366 4643 456 4695 ea,
490 4627 717 4701 Cupido
750 4630 815 4685 fit
840 4647 854 4699 ;
881 4647 1015 4687 cum
1045 4634 1240 4687 autem
1275 4649 1309 4687 a
1339 4632 1480 4687 viris
1511 4633 1732 4705 portari
1757 4637 2029 4705 nequeat,

2155 2047 2248 2088 σας
2300 2025 2405 2103 ἐγὼ
2460 2024 2754 2100 Σολομῶν,
2803 2026 3081 2100 ἐθαύμασα
3128 2027 3191 2081 τὸ
3235 2023 3375 2087 εἶδος
3422 2026 3609 2093 αὐτοῦ,
3655 2023 3821 2089 ἐθεώ-

2156 2135 2283 2191 ρουν
2318 2116 2453 2170 ἅπαν
2483 2118 2546 2170 τὸ
2595 2121 2755 2189 σῶμα
2810 2117 2977 2186 αὐτῆς
3028 2115 3216 2171 σκοτία
3249 2133 3263 2149 ·
3311 2118 3345 2185 ἡ
3398 2112 3455 2170 δὲ
3487 2113 3613 2189 ὄψις
3647 2114 3819 2185 αὐτῆς

2155 2202 2262 2275 ὅλη
2297 2203 2529 2279 λαμπρά
2574 2203 2917 2282 διάχλωρος,
2967 2205 3059 2261 καὶ
3107 2204 3161 2261 αἶ
3188 2204 3377 2282 τρίχες
3409 2204 3577 2275 αὐτῆς
3607 2206 3818 2280 ἠγριω-

2159 2295 2312 2367 μέναι
2347 2295 2420 2357 ὡς
2464 2293 2758 2369 δράκοντος
2794 2314 2807 2328 '
2852 2295 2942 2350 καὶ
2988 2296 3058 2350 τὰ
3105 2295 3391 2369 σύμπαντα
3433 2294 3576 2368 μέλη
3621 2293 3819 2363 αὐτῆς,

2154 2384 2378 2458 ἀόρατα.
2440 2384 2541 2441 Καὶ
2622 2387 2657 2455 ἡ
2736 2386 2891 2463 φωνή
2981 2383 3148 2454 αὐτῆς
3231 2382 3548 2455 κατάδηλος
3604 2380 3820 2459 ἤρχετο

2153 2474 2291 2549 πρὸς
2364 2473 2450 2546 μά.
2505 2474 2671 2548 Κάγὼ
2717 2474 3222 2551 κατασοφισάμενος
3272 2475 3448 2546 εἷπον,
3504 2471 3642 2547 Λέγε
3697 2493 3823 2544 μοι,

2153 2576 2367 2643 πνεῦμα
2417 2572 2681 2645 πονηρὸν,
2736 2570 2882 2644 ποίῳ
2929 2570 3155 2648 ἀγγέλῳ
3204 2574 3447 2645 καταργῇ
3497 2569 3602 2628 σύε
3655 2571 3719 2627 Ἡ
3760 2567 3824 2625 δέ

2158 2679 2251 2732 μοι
2330 2655 2430 2733 ἔφη
2470 2680 2482 2692 ·
2561 2664 2647 2732 Τῷ
2716 2659 2935 2737 ἀγγέλῳ
3006 2664 3104 2714 τοῦ
3161 2664 3295 2716 Θεοῦ
3352 2664 3432 2732 τῷ
3485 2657 3817 2733 καλουμένῳ

2154 2748 2437 2826 Ἀφαρὼφ,
2487 2748 2516 2803 ’ὁ
2568 2748 2923 2824 ἑρμηνεύεται
2972 2748 3239 2828 Ῥαφαήλ,
3298 2748 3344 2822 ᾧ
3392 2747 3482 2803 καὶ
3536 2753 3626 2803 νῦν
3684 2769 3821 2804 κατ-

2153 2841 2428 2913 αργοῦμαι
2499 2837 2575 2900 εἲς
2629 2840 2722 2893 τὸν
2785 2836 2920 2894 ἅπαν
2975 2839 3200 2915 χρόνονο
3259 2837 3338 2895 Οῦ
3402 2838 3465 2893 τὸ
3512 2833 3684 2912 ὄνομα
3729 2836 3818 2893 liv

2151 2949 2235 2990 τις
2293 2932 2403 2982 τῶν
2462 2928 2764 3005 ἀνθρώπων
2815 2927 3094 2984 ἐπίσταται
3147 2928 3238 2984 καὶ
3286 2927 3375 2984 ἐπὶ
3423 2929 3664 3004 γεννώσῃ
3726 2933 3819 3003 (ει)

2150 3017 2366 3093 γυναικὶ
2413 3018 2618 3093 γράψῃ,
2678 3017 2802 3073 τότε
2858 3017 2919 3073 ού
2980 3015 3284 3092 δυνήσομαι
3340 3016 3629 3088 εἷ’σελθεῖν,
3673 3014 3737 3072 οῦ
3787 3018 3816 3073 6

2153 3109 2334 3183 ψῆφος
2394 3108 2515 3181 χμ’.
2576 3107 2742 3183 Κάγὼ
2819 3106 3115 3181 Σολομῶν,
3193 3106 3429 3169 ἀκούσας
3495 3111 3665 3162 ταῦτα
3723 3108 3812 3163 καὶ

2153 3191 2378 3265 δοξάσας
2436 3195 2526 3251 τὸν
2590 3195 2814 3272 Κύριον,
2868 3195 3169 3271 προσέταξα
3226 3193 3587 3269 δεσμευθῆναι
3646 3195 3814 3261 αὐτῆς

2152 3285 2246 3345 τάς
2287 3284 2508 3360 τρίχας,
2567 3284 2658 3339 καὶ
2728 3282 3102 3360 λρεμασθῆναι
3162 3279 3467 3361 ἔμπροσθεν
3526 3289 3624 3339 τοῦ
3680 3289 3815 3339 ναοῦ

2152 3378 2249 3427 τοῦ
2304 3377 2438 3427 Θεοῦ
2473 3371 2609 3427 ·’ίνα
2667 3375 2863 3439 πάντες
2911 3375 2962 3430 οἱ
3013 3374 3123 3429 υἱοὶ
3184 3372 3407 3450 Ἰσραὴλ
3458 3372 3817 3451 διερχόμενοι

2153 3463 2241 3517 καὶ
2303 3462 2599 3537 βλέποντες
2658 3460 2941 3534 δοξάζουσι
2996 3463 3191 3540 Κύριον
3248 3467 3341 3519 τὸν
3390 3463 3520 3519 Θεὸν
3565 3462 3818 3541 Ἰσραὴλ,

2150 3562 2242 3617 τὸν
2288 3559 2451 3618 δόντα
2502 3584 2595 3636 μοι
2643 3563 2742 3632 τὴν
2816 3560 3056 3633 ἐξουσίαν
3105 3564 3307 3633 ταύτην
3357 3562 3447 3618 καὶ
3498 3564 3688 3641 σοφίαν
3721 3563 3813 3618 καὶ

2154 3648 2384 3724 δύναμιν
2424 3653 2571 3726 παρᾶ
2602 3656 2735 3708 Θεοῦ
2786 3649 2875 3707 διὰ
2932 3660 3032 3723 τῆς
3081 3649 3379 3731 σφραγῖδος
3428 3653 3630 3722 ταύτης
3665 3672 3678 3683 ·
3718 3652 3812 3708 καὶ

2150 3739 2316 3795 πάλιν
2379 3740 2637 3797 ἰκὲλευσα
2701 3741 2954 3817 παρεῖναί
3010 3762 3107 3816 μοι
3156 3738 3337 3816 ἕτερον
3389 3738 3643 3813 δαίμονα.
3706 3742 3814 3797 Καὶ

2148 3828 2289 3899 ἦλθε
2354 3832 2460 3904 πρὸ
2530 3826 2829 3907 πρόσωπου
2894 3828 3314 3905 δρακοντοειδής
3377 3829 3812 3905 ἀνακυλινούμε-

2148 3940 2264 3991 νος,
2296 3920 2359 3974 τὸ
2390 3917 2449 3974 δὲ
2483 3920 2777 3994 προσώπον
2811 3920 2901 3975 καὶ
2948 3918 3076 3982 τοὺς
3125 3916 3295 3982 πόδας
3322 3915 3466 3996 ἔχων
3499 3919 3809 3995 ἀνθρώπου,

2145 4009 2214 4063 τὰ
2264 4006 2321 4063 δὲ
2375 4007 2515 4083 μέλη
2568 4009 2732 4064 αὐτοῦ
2793 4010 2968 4065 πάντα
3026 4009 3132 4064 ἀπὸ
3189 4014 3299 4064 τῶν
3347 4006 3531 4064 ποδῶν
3579 4007 3811 4084 δράκον-

2145 4118 2262 4165 τος,
2294 4098 2384 4151 καὶ
2431 4098 2602 4174 πτερά
2644 4099 2887 4172 (πτερὸν)
2935 4100 3073 4153 κατᾶ
3116 4098 3278 4153 νότου
3313 4118 3325 4131 ·
3380 4098 3471 4153 καὶ
3505 4095 3624 4153 ἰδοὺ
3648 4098 3810 4161 αὐτὸς

2146 4180 2420 4260 ἕκθαμϐος
2449 4188 2743 4261 γενόμενος
2791 4188 2944 4242 εἷπον
2982 4206 2994 4222 ·
3048 4187 3147 4250 Τίς
3187 4188 3237 4243 εἶ
3262 4188 3290 4242 6
3320 4183 3534 4261 δαίμων
3566 4214 3581 4259 ;
3610 4188 3700 4242 καὶ
3729 4188 3813 4252 τίς

2148 4273 2291 4351 λέγει
2354 4273 2571 4351 (lem);
2631 4279 2721 4331 καὶ
2778 4276 2941 4341 πόθεν
3005 4275 3306 4348 ἐλήλυθας,
3366 4276 3483 4332 είπὲ
3533 4298 3649 4350 μοι.
3709 4276 3810 4332 Καὶ

2146 4363 2459 4438 ἀποκριθεὶς
2517 4368 2643 4436 (sic)
2696 4365 2759 4420 τὸ
2807 4369 3023 4439 πνεῦμα
3072 4363 3222 4441 λέγει
3257 4383 3272 4397 ’
3316 4365 3396 4423 Τὸ
3450 4366 3543 4440 p‘ev
3590 4370 3809 4442 πρῶτον

2144 4452 2461 4529 παρέστηκά
2492 4473 2600 4523 σοι,
2650 4452 2875 4528 βασιλεῦ
2923 4452 3218 4528 Σολομῶν,
3259 4454 3474 4528 πνεῦμά
3501 4476 3560 4510 τε
3589 4456 3812 4510 Θεοποι-

2144 4540 2375 4616 σύμενον
2424 4541 2476 4597 ἐν
2555 4542 2906 4617 ἀνθρώπνις·
2973 4547 3066 4597 νῦν
3130 4540 3187 4598 δὲ
3241 4546 3660 4621 κατηργημὲνον
3719 4541 3811 4599 διὰ

2140 4637 2241 4700 τῆς
2284 4636 2381 4686 τοῦ
2426 4635 2560 4687 Θεοῦ
2602 4629 2897 4705 δεδομένης
2950 4653 3035 4687 σοι
3087 4630 3384 4709 σφραγῖδος
3446 4631 3536 4688 καὶ
3588 4633 3807 4712 σοφίας.

362 4733 577 4788 procax
610 4718 797 4775 factus
828 4724 936 4787 est,
957 4720 1110 4776 sicut
1140 4725 1198 4777 et
1228 4720 1459 4778 mulier.
1497 4722 1625 4779 Haec
1655 4726 1745 4777 est
1774 4722 2031 4794 operatio

2150 4729 2240 4784 Καὶ
2296 4735 2385 4785 νῦν
2435 4728 2545 4806 ἐγώ
2599 4729 2713 4804 εἰμι
2791 4731 2819 4785 ὁ
2898 4730 3193 4806 λεγόμενος
3266 4709 3681 4807 πτεροδράκων,
3742 4753 3806 4787 ου

361 4822 493 4862 mea
528 4824 542 4863 :
575 4823 729 4879 pone
771 4807 955 4880 igitur
1002 4813 1068 4864 ut
1097 4825 1203 4882 ego
1254 4808 1419 4866 solus
1469 4810 1758 4866 coercitus
1791 4810 2026 4881 fuerim,

354 4895 588 4969 reliqua
638 4913 773 4954 vero
813 4898 1107 4955 daemonia
1158 4898 1494 4955 molestiam
1537 4917 1571 4955 a
1618 4903 1674 4956 te
1722 4901 2027 4973 patientia,

355 4994 817 5064 tumultuentur,
870 4996 1180 5053 veritatem
1234 5013 1468 5053 omnem
1519 4998 1768 5053 dicant:
1819 4997 2028 5070 ipsane

354 5084 574 5139 facient
601 5089 668 5139 ut
696 5100 798 5155 per
846 5084 1042 5155 ignem
1077 5086 1359 5157 perdatur
1407 5086 1656 5142 electum
1711 5103 1923 5143 nemus
1954 5087 2026 5142 li-

2143 4820 2529 4894 συγγινόμενος
2586 4817 2834 4882 πολλαῖς
2878 4819 3141 4894 γοναιξίν,
3203 4817 3418 4896 ὀλίγαις
3467 4818 3526 4875 δὲ
3573 4820 3665 4875 καὶ
3720 4821 3807 4876 εύ-

2146 4908 2379 4988 μόρφοις
2412 4929 2424 4941 '
2477 4905 2681 4972 αἵτινες
2729 4907 2825 4965 τοῦ
2876 4912 2997 4981 ξυΛι
3050 4911 3170 4983 (sic)
3219 4909 3417 4964 τούτου
3459 4913 3556 4964 τοῦ
3604 4906 3804 4986 ἄστρου

2139 4998 2313 5071 ὄνομα
2386 4996 2679 5074 κατέχουσι
2716 5017 2730 5031 ο
2818 4997 2909 5052 καὶ
3014 4996 3333 5073 ἀπέρχομαι
3419 4998 3555 5071 πρὸς
3639 4998 3803 5062 αὐτας

2136 5087 2265 5142 ὡσεὶ
2321 5092 2537 5161 πνεῦμα
2598 5083 2909 5164 πτεροειδές
3000 5087 3390 5163 συγγινόμενον
3465 5083 3555 5141 διὰ
3632 5084 3807 5143 πλοῦ-

354 5186 607 5242 gnorum
641 5174 799 5245 quod
852 5173 1252 5247 colligendum
1300 5179 1387 5232 est
1445 5176 1517 5231 ad
1577 5175 2022 5233 aediﬁcationem

2150 5196 2248 5245 :ov,
2307 5177 2395 5231 καὶ
2455 5179 2490 5246 ἡ
2582 5176 2678 5249 μὶν
2753 5171 3043 5246 ἐϐάσταζεν
3226 5175 3535 5252 ἐφόρμησα,
3593 5177 3682 5232 καὶ
3740 5177 3805 5231 τὸ

352 5259 605 5331 templi?
634 5262 704 5317 Et
735 5262 857 5317 hac
891 5268 958 5319 ut
998 5264 1149 5320 dixit
1197 5265 1445 5333 daemon,
1479 5265 1597 5320 vidi
1644 5265 1918 5336 spiritum
1951 5282 2021 5322 ex

352 5361 452 5401 ore
481 5348 611 5418 ejus
642 5352 1064 5423 egredientem,
1100 5353 1202 5424 qui
1234 5354 1495 5410 incendit
1526 5370 1735 5409 nemus
1785 5354 2016 5425 Libani,

350 5437 410 5488 et
456 5438 784 5494 combussit
832 5441 1031 5498 omnia
1078 5441 1239 5515 ligna
1296 5460 1428 5515 quae
1474 5443 1900 5515 componebam
1951 5444 2011 5499 in

348 5521 642 5595 templum
676 5526 799 5582 Dei.

3229 5267 3242 5285 ε
3304 5265 3319 5285 κ
3386 5265 3399 5281 \

2130 5266 2385 5340 γεννηθὲν
2416 5264 2473 5335 ἐζ
2503 5264 2674 5334 αὐτῆς
2704 5267 2882 5341 Ἔρως
2920 5266 3127 5342 γίνεται
3152 5283 3167 5298 '
3223 5265 3327 5321 ὑπὸ
3377 5262 3584 5341 ἀνδρῶν
3633 5263 3690 5320 δὲ
3724 5267 3801 5339 μὴ

2128 5352 2358 5410 δυνάοὸν
2428 5356 2827 5430 βασταχθῆναι,
2898 5353 3167 5432 ἐψόφησεν
3242 5352 3364 5431 ἄρα,
3424 5354 3515 5410 καὶ
3570 5356 3606 5425 ἡ
3659 5356 3794 5432 γυνὴ

2123 5441 2332 5515 ἐλείνη·
2396 5444 2530 5514 αὕτη
2583 5464 2691 5517 μου
2740 5444 2775 5512 ἡ
2818 5443 3009 5519 πρᾶξις
3053 5441 3183 5500 ἐστί.
3217 5444 3380 5499 Θὲσον
3433 5445 3524 5498 οὗν
3578 5464 3672 5516 μοι
3709 5444 3803 5517 μό-

2120 5552 2213 5586 νον
2246 5533 2595 5609 ἀρκεσθῆναι,
2628 5533 2696 5586 τὰ
2729 5529 2786 5587 δὲ
2827 5531 2997 5587 λοιπὰ
3040 5535 3146 5587 τῶν
3202 5529 3499 5605 δαιμονίων
3534 5528 3800 5608 ἐνοχλού-

2119 5641 2256 5693 μενα
2280 5641 2293 5654 ·
2328 5622 2429 5677 ὑπὸ
2480 5625 2575 5676 σοῦ
2649 5620 3168 5697 καταταρασσόμενα
3233 5623 3374 5696 (sic),
3450 5627 3624 5677 πᾶσαν
3698 5622 3794 5695 μὲν

348 5698 605 5771 ἀλήθειαν
652 5698 872 5773 εἱῆτωσι,
902 5706 970 5760 τὰ
1016 5704 1073 5762 δὲ
1124 5705 1215 5764 διὰ
1258 5709 1428 5788 πυρὸς
1484 5713 1807 5782 ποιήσουσιν
1854 5707 2201 5779 ἀναλωθῆναι
2254 5713 2354 5781 τὴν
2419 5709 2690 5785 μέλουσαν
2752 5708 2891 5782 ὕλην
2945 5712 3054 5766 τῶν
3115 5707 3293 5781 ξύλων
3360 5711 3464 5766 ὑπὸ
3511 5714 3609 5766 τοῦ
3662 5729 3788 5767 συν·

351 5788 571 5867 ἄγεσθαι
626 5791 704 5855 εἷς
776 5792 1077 5871 οἰκοδομήν
1139 5797 1195 5854 ἐν
1244 5805 1325 5872 τῷ
1368 5805 1505 5874 ναῷ.
1562 5801 1663 5863 Καὶ
1734 5801 1812 5864 ὡς
1866 5804 2034 5858 ταῦτα
2092 5798 2359 5875 ἐλάλησεν
2421 5803 2450 5858 ὁ
2500 5799 2746 5877 δαίμων,
2808 5797 2924 5857 ἴδον
2977 5801 3040 5857 τὸ
3097 5805 3311 5878 πνεῦμα
3365 5801 3473 5858 ἀπὸ
3516 5804 3612 5857 τοῦ
3662 5800 3793 5858 στό-
