4142 6392
373 420 530 481 1337

1520 420 2122 488 TESTAMENTUM
2166 421 2636 486 SALOMONIS.

3635 421 3794 482 I338

369 571 540 624 ματος
569 549 734 605 αὐτοῦ
759 549 1014 622 ἐξελθὼν,
1047 552 1309 630 ἰνέπρησε
1333 555 1424 610 τὸν
1459 552 1722 631 δρυμῶνα
1748 559 1846 612 τοῦ
1877 549 2136 624 Λιϐάνου,
2169 553 2259 610 καὶ
2293 553 2568 628 ἐνεπύρισε
2593 551 2766 612 πάντα
2795 555 2862 608 τὰ
2889 552 3042 628 ξύλα,
3069 555 3204 630 ἅπερ
3256 551 3334 617 εἷς
3376 551 3467 608 τὸν
3514 552 3640 608 ναὸν
3697 553 3797 606 τοῦ

368 643 501 693 Θεοῦ
533 638 730 712 ἐθέμην
743 683 755 698 .

439 729 544 784 Καὶ
578 727 717 784 εἶδον
777 729 888 806 ἐγὼ
947 733 1218 806 Σολομῶν
1274 734 1303 789 ’ὸ
1361 733 1628 805 πεποίηκε
1683 736 1744 790 τὸ
1787 739 2022 809 πνεῦμα,

2211 736 2283 792 Et
2313 735 2429 792 vidi
2461 753 2566 808 ego
2617 735 2890 793 Salomon
2943 753 3068 808 quas
3119 735 3256 791 fecit
3303 733 3571 807 spiritus,
3603 736 3662 788 et
3693 731 3795 786 adv

374 819 462 872 καὶ
524 817 821 894 ἐθαύμασα·
891 822 981 876 καὶ
1034 821 1260 896 δοξάσας
1313 825 1405 879 τὸν
1460 825 1587 880 Θεὸν
1644 827 1910 901 ἠρώτησα
1937 825 2026 879 τὸν

378 904 612 980 δαίμονα
660 909 754 964 τὸν
813 907 1198 986 δρακοντοειδῆ
1259 912 1468 988 λέγων,
1525 913 1657 970 Εἰπέ
1709 935 1824 987 μοι,
1882 913 2027 986 ποίῳ

373 996 594 1072 ἀγγέλῳ
647 1003 888 1076 καταργῇ
949 1001 1052 1070 σύ;
1109 1003 1170 1059 Ὁ
1227 1000 1283 1058 δέ
1335 1025 1428 1076 μοι
1485 997 1612 1081 ἔφη.
1654 1007 1746 1073 Τῷ
1803 1003 2030 1078 μεγάλῳ

371 1083 595 1162 ἀγγέλῳ
623 1093 702 1160 τῷ
740 1087 792 1143 ἐν
851 1095 932 1162 τῷ
975 1089 1206 1168 δευτέρῳ
1258 1091 1473 1166 ούρανῷ
1520 1093 1890 1166 καθεζομένῳ,
1949 1096 2030 1164 τῷ

368 1173 698 1249 καλουμένῳ
729 1172 968 1254 ἑϐραϊστὶ
1025 1182 1292 1250 Βαζαζάθ.
1331 1182 1489 1255 Κάγὼ
1523 1181 1817 1255 Σολομῶν,
1874 1180 2032 1236 ἀκού-

371 1285 466 1326 σας
514 1270 684 1320 ταῦτα
737 1266 827 1321 καὶ
891 1267 1352 1344 ἐπικαλεσάμενος
1405 1271 1495 1325 τὸν
1555 1269 1781 1346 ἄγγελον
1843 1269 2029 1336 αὐτοῦ,

365 1363 654 1438 κατέκρινα
705 1365 967 1440 μάρμαρα
1009 1367 1218 1440 πρίζειν
1269 1367 1344 1429 εἷς
1391 1365 1697 1441 οἶκοδομὴν
1753 1372 1850 1423 τοῦ
1898 1371 2028 1421 ναοῦ

363 1455 460 1505 τοῦ
519 1457 652 1507 Θεοῦ
689 1496 702 1522 ,
753 1454 842 1508 καὶ
889 1454 1194 1530 εὐλογήσας
1241 1457 1332 1512 τὸν
1387 1458 1516 1512 Θεὸν
1575 1456 1833 1512 ἐκέλευσα
1888 1476 2022 1530 παρ-

367 1541 502 1595 εῖναί
540 1563 632 1614 μοι
685 1541 866 1618 ἕτερον
927 1541 1183 1618 δαίμονα.
1242 1547 1340 1600 Καὶ
1391 1545 1529 1615 ἦλθε
1578 1547 1684 1622 πρὸ
1728 1546 2028 1620 προσώπου

372 1651 475 1702 μου
527 1626 706 1705 ἕτερον
749 1637 982 1705 πνεῦμα,
1029 1633 1103 1696 ὡς
1164 1636 1300 1710 γυνὴ
1356 1635 1450 1709 μὲν
1482 1635 1544 1690 τὸ
1600 1633 1744 1697 εἶδος
1801 1631 2026 1710 ἔχουσα·

370 1719 446 1782 εἷς
508 1718 566 1775 δὲ
602 1720 729 1783 τοὺς
783 1721 970 1794 ὤμους
1028 1722 1210 1799 ἐτέρας
1269 1722 1365 1779 δύο
1421 1725 1663 1804 κεφαλὰς
1695 1725 1789 1780 σὺν
1849 1725 2026 1801 χερσί·

371 1818 473 1874 Καὶ
541 1821 806 1894 ἡρώτητα
863 1822 1054 1888 αὐτὴν
1117 1823 1254 1897 Λέγε
1297 1845 1412 1897 μοι,
1475 1825 1537 1879 σὺ
1586 1825 1668 1886 τίς
1723 1825 1802 1894 ei;
1835 1823 1938 1899 ἔφη
1973 1822 2031 1879 δὲ

556 1909 613 1933 ’τ
678 1909 690 1930 r
789 1910 808 1930 9.
925 1913 980 1934 ’Ἰ
1073 1915 1082 1948 Ι
1271 1911 1307 1944 ’τι
1501 1915 1514 1934 ι
1711 1915 1722 1934 ι

374 1930 494 1982 μοι.
573 1917 700 1984 Εγω
760 1932 875 1984 ειμι
942 1914 1240 1986 Ενήψιγος,
1279 1936 1394 1982 ητις
1427 1936 1516 1969 και
1553 1935 1910 1988 μυριωνυμος
1939 1935 2030 1970 κα-

373 2003 601 2070 λοῦμαι·
650 1999 741 2054 καὶ
801 2001 946 2054 εἶπον
993 2001 1161 2075 αὐτῷ·
1217 2003 1304 2059 Ἐν
1362 2004 1505 2077 ποίῳ
1535 2002 1748 2078 ἀγγέλῳ
1777 2008 2026 2079 καταργῇ

2143 825 2388 882 miratus
2420 843 2572 892 sum,
2606 831 2663 882 et
2693 826 2942 882 laudans
2974 831 3156 882 Deum
3189 823 3545 896 interrogavi
3581 823 3794 877 daemo-

2141 933 2274 972 nem
2310 917 2808 972 draconiformem
2855 917 3098 970 dicens:
3137 914 3237 970 Dic
3271 914 3414 970 mihi
3466 931 3500 969 a
3548 929 3662 984 quo
3694 928 3796 966 an-

2140 1005 2268 1078 gelo
2301 1006 2592 1078 impotens
2625 1005 2897 1061 efﬁciaris
2931 1011 3015 1060 tu.
3065 1009 3137 1060 Et
3167 1005 3248 1060 ait
3280 1020 3294 1060 :
3326 1005 3370 1058 A
3421 1018 3636 1075 magno
3692 1017 3796 1056 an-

2141 1095 2268 1167 gelo
2303 1095 2402 1167 qui
2435 1096 2594 1150 sedet
2623 1093 2678 1149 in
2725 1095 2985 1150 secundo
3042 1093 3208 1160 cmlo,
3259 1093 3360 1164 qui
3411 1098 3652 1148 vocatur
3693 1090 3800 1146 He-

2139 1184 2336 1240 braice
2367 1185 2674 1240 Bazazath.
2709 1184 2776 1238 Et
2805 1200 2910 1256 ego
2943 1183 3216 1252 Salomon
3250 1183 3371 1237 haec
3404 1181 3672 1249 audiens,
3701 1180 3800 1234 ad-

2140 1273 2334 1328 vocavi
2365 1272 2638 1344 angelum
2669 1273 2822 1344 ejus,
2855 1278 2911 1328 et
2941 1273 3328 1328 condemnavi
3381 1275 3446 1326 ut
3501 1285 3799 1324 marmora

2143 1367 2368 1417 secaret
2415 1364 2472 1417 in
2522 1362 2967 1417 aedificationem
3013 1360 3216 1432 templi
3267 1361 3366 1416 Dei
3404 1377 3418 1415 :
3453 1366 3508 1415 et
3555 1359 3795 1416 benedi-

2142 1467 2278 1507 cens
2311 1456 2490 1506 Deum
2517 1451 2672 1523 jussi
2705 1455 2768 1505 ut
2800 1456 3018 1506 astaret
3050 1451 3196 1506 mihi
3245 1449 3399 1505 alius
3448 1450 3695 1504 damon.
3730 1447 3800 1502 Et.

2137 1541 2296 1596 venit
2325 1541 2385 1595 in
2434 1545 2752 1612 conspectu
2799 1557 2926 1596 meo
2961 1537 3116 1595 alius
3149 1539 3394 1611 spiritus
3427 1537 3598 1609 quasi
3632 1537 3796 1591 femi-

2141 1649 2227 1685 nae
2253 1631 2458 1686 faciem
2491 1630 2717 1685 habens
2751 1629 2810 1685 in
2845 1630 3108 1684 humeris
3151 1633 3346 1684 autem
3383 1629 3498 1682 alia
3531 1628 3647 1682 duo
3703 1643 3795 1680 ca-

2142 1720 2264 1792 pita
2294 1736 2424 1774 cum
2465 1719 2739 1774 manibus
2776 1735 2788 1772 :
2824 1723 2880 1773 et
2910 1717 3264 1789 interrogavi
3298 1733 3427 1773 eam
3462 1735 3474 1772 :
3509 1715 3610 1770 Dic
3650 1716 3797 1772 mihi

2142 1807 2274 1878 quis
2307 1807 2408 1865 sis.
2444 1809 2510 1862 Et
2541 1809 2624 1863 ait
2659 1825 2672 1862 :
2705 1807 2822 1879 Ego
2855 1823 2984 1860 sum
3015 1804 3361 1876 Enepsigos,
3400 1821 3527 1876 quae
3558 1808 3615 1858 et
3646 1802 3796 1858 mul-

2143 1897 2216 1952 tis
2251 1897 2596 1952 nominibus
2625 1913 2822 1952 vocor.
2856 1897 2922 1950 Et
2953 1895 3070 1950 dixi
3116 1895 3168 1951 ei
3203 1913 3216 1950 :
3249 1893 3391 1958 Quis
3441 1897 3499 1948 te
3550 1891 3796 1962 angelus

2139 1986 2364 2042 viribus
2399 1985 2676 2058 frangat?
2709 1989 2842 2053 Quae
2877 1985 2958 2040 ait
2991 2001 3003 2038 :
3042 1985 3188 2051 Quid
3222 1983 3456 2052 quieris,
3500 1981 3642 2053 quid
3693 1997 3794 2036 cu-

369 2085 432 2140 σύ
459 2130 472 2154 ,
538 2089 572 2156 ἡ
630 2085 686 2142 δέ
731 2110 823 2162 μοι
857 2088 982 2166 ἔφη,
1014 2091 1078 2145 Τί
1117 2071 1334 2163 ζητεῖς,
1391 2092 1442 2147 τί
1476 2071 1750 2168 ’χρήζειᾴ
1785 2071 2022 2168 ἐγὼ

2143 2076 2230 2147 pis
2254 2075 2282 2130 ?
2311 2080 2426 2148 Ego
2460 2080 2677 2140 mutor,
2713 2078 2778 2129 ut
2807 2075 2916 2129 dea
2940 2078 3185 2140 vocata;
3221 2077 3279 2127 et
3309 2077 3507 2126 mutor
3556 2071 3795 2136 iterum,

371 2171 898 2250 μιταϐάλλομαιὼς
945 2179 1036 2234 θεὰ
1095 2179 1391 2257 λεγομένη,
1453 2183 1542 2236 καὶ
1607 2177 2026 2256 μεταϐάλλομαι

366 2264 552 2334 πάλιν,
615 2265 706 2320 καί
757 2268 981 2344 γίνομαι
1040 2265 1222 2346 ἕτερον
1285 2268 1430 2334 εἶδος
1483 2267 1688 2345 ἔχουσα
1727 2290 1740 2304 ⁸
1799 2271 1886 2326 καὶ
1946 2274 2022 2344 μὴ

365 2353 606 2432 θελήσῃς
651 2357 788 2412 κατά
844 2363 1004 2414 τοῦτο
1063 2365 1266 2434 γνῶναι
1340 2359 1512 2416 πάντα
1567 2361 1635 2416 τὰ
1709 2363 1827 2417 κατ’
1882 2361 2020 2436 ἐμέ·

369 2451 495 2508 ἀλλ’
544 2453 731 2525 ἐπειδὴ
787 2456 945 2532 πάρει
1002 2479 1118 2530 μοι,
1169 2459 1247 2522 εἷς
1277 2463 1436 2514 τοῦτο
1469 2457 1723 2529 ἄκουσον,
1777 2459 1882 2537 ἐγὼ
1921 2482 2026 2515 πα-

369 2543 738 2619 ρακαθέζομαι
794 2549 864 2619 τῇ
914 2546 1146 2616 σελήνη,
1199 2549 1290 2602 καὶ
1323 2545 1410 2602 διὰ
1438 2552 1600 2603 τοῦτο
1628 2554 1774 2622 τρεῖς
1811 2551 2023 2624 μορφὰς

366 2633 609 2708 κατέχον
660 2629 749 2688 ὅτι
811 2635 905 2706 μὲν
961 2635 1308 2709 μαγευομένη
1347 2637 1449 2691 ὑπὸ
1478 2643 1587 2692 τῶν
1622 2642 1826 2715 σοφῶν,
1872 2639 2022 2714 γίνο-

372 2741 469 2794 μαι
503 2721 580 2782 ὡς
631 2721 860 2796 Κρόνοςν
893 2723 982 2777 ὅτε
1013 2722 1072 2778 δὲ
1113 2724 1280 2780 πάλιν
1332 2726 1456 2802 περὶ
1513 2731 1617 2780 τῶν
1679 2728 2022 2801 καταγόντων

371 2830 458 2882 με,
481 2809 826 2885 κατέρχομαι
881 2811 972 2865 καὶ
1031 2811 1293 2888 φαίνομαι
1341 2811 1488 2884 ἄλλη
1553 2817 1760 2892 μορφή·
1801 2816 1864 2870 τὸ
1926 2816 2022 2888 μὶν

364 2903 461 2952 τοῦ
521 2899 797 2974 στοιχείου
855 2900 1069 2976 μέτρον,
1129 2901 1409 2972 ἀνίττητον
1461 2902 1552 2956 καὶ
1604 2903 1877 2979 ἀόριστον,
1935 2905 2022 2958 καὶ

372 2984 746 3064 ἀκατάργητόν
807 2987 970 3044 ἐστιν·
1033 2991 1180 3066 Ἐγὼ
1236 2996 1364 3065 γοῦν
1424 2991 1500 3054 εἷς
1536 2993 1632 3054 τὰς
1681 3000 1828 3066 τρεῖς
1883 3014 2024 3068 μορ-

371 3077 472 3155 φὰς
562 3073 1050 3152 μεταϐαλλομένη,
1142 3081 1532 3155 κατέρχομαι,
1626 3081 1716 3136 καὶ
1801 3081 2020 3158 γίνομαι

363 3173 590 3246 τοιαύτη
653 3173 823 3248 ἤνπερ
885 3176 1126 3249 βλέπεις,
1187 3181 1566 3252 καταργοῦμαι
1619 3174 1676 3232 δὲ
1707 3178 1810 3233 ὑπὸ
1867 3177 2024 3254 ἀγγέ-

364 3262 466 3320 λου
518 3264 842 3336 Ῥαοαναήλ,
901 3270 998 3319 τοῦ
1056 3267 1422 3340 καθεζομένου
1481 3266 1558 3331 εἷς
1619 3267 1802 3343 τρίτον
1861 3267 2023 3342 οὐρα-

361 3353 452 3408 νὸν
485 3385 554 3394 -
585 3349 676 3407 διὰ
703 3357 865 3408 τοῦτο
913 3355 1006 3408 οῦν
1039 3375 1122 3410 σοι
1169 3352 1338 3431 λέγω·
1394 3355 1471 3413 Οὐ
1527 3353 1746 3410 δύναταί
1808 3377 1876 3428 με
1914 3376 2026 3431 χω-

365 3441 510 3516 ρίσαι
573 3443 600 3496 ὁ
653 3443 782 3506 ναὸς
839 3441 1016 3505 οὗτος·
1078 3443 1228 3520 κάγὼ
1271 3445 1360 3499 οὗν
1409 3441 1682 3518 Σολομῶν
1737 3443 2024 3518 εὐξάμενος

363 3537 443 3606 τῷ
491 3537 610 3606 Θεῷ
671 3555 797 3606 μου,
848 3536 938 3589 καὶ
997 3535 1460 3610 ἐπικαλεσάμενος
1516 3537 1610 3592 τὸν
1667 3534 1903 3611 ἄγγελον
1963 3539 2022 3592 ὃν

353 3631 480 3686 ἐἶπέ
543 3652 638 3704 μοι
704 3633 1008 3701 Ῥαθαναήλ
1041 3680 1056 3706 ,
1115 3632 1344 3702 ἐποίησα
1421 3636 1521 3704 τήν
1585 3632 1874 3712 σφραγῖδα,
1933 3636 2025 3689 καὶ

367 3721 770 3796 κατεσφράγισα
827 3720 994 3790 αὐτὴν
1048 3719 1234 3776 ἁλύσει
1295 3726 1510 3797 τριττῇ,
1567 3725 1654 3778 καὶ
1715 3723 1862 3778 κάτω
1906 3719 2024 3778 δεσ-

370 3811 468 3882 μὸν
529 3816 630 3880 τῆς
688 3809 950 3872 ἁλύσεως·
1013 3809 1247 3882 ἐποίησα
1293 3813 1392 3880 τὴν
1444 3809 1719 3888 σφραγῖδα
1743 3815 1840 3866 τοῦ
1890 3817 2023 3866 Θεοῦ

361 3907 452 3962 καὶ
491 3905 864 3985 προεφήτευσέ
926 3905 1042 3980 μοι“
1074 3907 1138 3962 τὸ
1196 3911 1410 3981 πνεῦμα
1459 3906 1637 3984 λέγον.
1691 3913 1865 3963 Ταῦτα
1927 3909 2020 3982 μὲν

361 3997 447 4064 σὺ,
511 3995 735 4072 βασιλεῦ
769 3994 1069 4070 Σολομῶν,
1111 4001 1290 4060 ποιεῖς
1343 3999 1501 4070 ἡμῖν·
1567 3998 1701 4072 μετὰ
1733 3995 1789 4052 δὶ
1818 3997 2019 4073 χρόνον

356 4086 504 4154 τινὰ,
561 4085 850 4162 ῥαγήσεταί
909 4107 996 4140 σοι
1051 4087 1088 4155 ἡ
1143 4083 1391 4162 βασιλεία
1449 4107 1546 4141 σου
1597 4087 1688 4142 καὶ
1745 4085 1912 4142 πάλιν
1967 4086 2018 4141 ἐν

357 4188 536 4259 καιρῷ
597 4181 1023 4261 διαφραγήσεται
1058 4184 1085 4237 ὁ
1116 4185 1240 4246 ναὸς
1292 4184 1449 4247 οὗτος
1507 4186 1596 4240 καὶ
1657 4184 2022 4256 συνλουοήσε-

360 4294 449 4328 ται
481 4274 552 4345 (Ἰ)
612 4278 758 4328 πᾶσα
809 4272 1175 4347 Ἰερουσαλὴμ
1207 4315 1220 4342 ,
1292 4273 1397 4328 ἀπὸ
1475 4273 1744 4350 βασιλέως
1795 4279 2018 4351 Περσῶν

361 4361 450 4416 καὶ
509 4359 714 4431 Μήδων
745 4359 836 4416 καὶ
867 4359 1178 4416 Χαλδαίων
1231 4362 1322 4416 καὶ
1363 4363 1430 4418 τὰ
1485 4363 1648 4434 σκεύη
1680 4364 1877 4419 τούτου
1921 4370 2020 4419 τοῦ

358 4455 506 4523 ναοῦ,
567 4450 624 4504 ὃν
683 4449 744 4503 σὺ
802 4455 1002 4516 ποιεῖς,
1065 4447 1406 4506 δουλώσουσι
1468 4453 1633 4520 θεοῖς,
1698 4455 1816 4524 μεθ’
1849 4453 1922 4508 ὧν
1957 4451 2018 4508 ἂν

354 4549 446 4604 καὶ
497 4547 666 4603 πάντα
695 4547 762 4602 τὰ
821 4549 1012 4622 ἀγγεῖα
1074 4547 1126 4602 ἐν
1179 4551 1262 4610 οἷς
1319 4551 1468 4621 ἡμᾶς
1514 4547 1834 4624 κατρκλύεις
1880 4547 2021 4604 κλα-

357 4641 647 4709 σθήσονται
709 4637 813 4692 ὑπὸ
867 4641 1068 4712 χειρῶν
1125 4638 1428 4713 ἀνθρώπων
1464 4681 1479 4708 ,
1529 4639 1620 4693 καὶ
1675 4637 1798 4694 τότε
1851 4641 2015 4712 ἡμεῖς

385 4725 747 4800 ξελευσόμεθα
814 4724 866 4781 ἐν
925 4725 1116 4800 πολλῇ
1179 4723 1403 4800 δυνάμει
1464 4722 1610 4792 ἔνθεν
1669 4729 1759 4782 καὶ
1817 4727 1964 4793 ἔνθεν
1999 4773 2014 4800 ,

2138 2169 2194 2220 et
2219 2163 2392 2219 aliam
2426 2165 2681 2236 speciem
2713 2163 2934 2231 habeo;
2971 2167 3124 2218 etne
3169 2161 3314 2217 velis
3345 2178 3414 2216 ex
3464 2159 3598 2215 istis
3647 2159 3797 2214 scire

2137 2254 2336 2308 omnia
2365 2271 2489 2324 qua:
2515 2257 2654 2308 sunt
2683 2253 2755 2307 de
2783 2269 2912 2319 me;
2949 2251 3048 2307 sed
3084 2251 3365 2322 quoniam
3432 2249 3572 2304 ades
3625 2245 3794 2314 mihi,

2137 2349 2374 2414 propter
2403 2343 2512 2397 hoc
2545 2342 2680 2396 audi
2719 2358 2732 2396 :
2763 2345 2884 2412 Ego
2929 2339 3160 2396 assideo
3191 2339 3365 2406 lunaa,
3410 2343 3465 2393 et
3508 2337 3640 2392 ideo
3673 2341 3794 2391 tres

2135 2431 2355 2486 formas
2385 2431 2573 2486 habeo
2610 2445 2622 2486 :
2657 2431 3012 2502 quandoque
3060 2429 3300 2500 quidem
3355 2425 3602 2498 magicis
3653 2424 3792 2479 arti-

2135 2520 2246 2575 bus
2279 2521 2546 2591 subjecta
2604 2537 2638 2575 a
2697 2519 3089 2590 sapientibus,
3136 2517 3207 2572 [io
3267 2517 3438 2588 quasi
3485 2515 3786 2586 Tempus;

2135 2611 2487 2681 quandoque
2520 2613 2716 2664 autem
2751 2609 2971 2664 circum
3003 2609 3362 2663 deducentes
3395 2623 3488 2661 me
3519 2605 3783 2677 ambulo,

2135 2705 2191 2755 et
2211 2701 2410 2755 videor
2444 2699 2630 2755 altera
2663 2699 2870 2764 forma,
2903 2697 3178 2752 elementi
3211 2713 3490 2752 mensura
3537 2695 3784 2752 inscibi-

2135 2788 2229 2859 lis,
2261 2788 2738 2855 indeterminata,
2773 2786 3187 2854 indomabilis;
3221 2802 3325 2858 ego
3357 2783 3536 2856 igitur
3561 2785 3620 2839 in
3666 2788 3786 2840 tres

2134 2879 2350 2934 formas
2383 2878 2720 2942 immutata,
2749 2877 2897 2932 vado
2927 2881 2983 2930 et
3011 2875 3148 2930 talis
3179 2875 3253 2930 ﬁo
3303 2873 3540 2946 qualem
3585 2873 3747 2929 vides
3773 2891 3786 2940 ;

2133 2967 2360 3022 viribus
2393 2967 2632 3038 frangor
2663 2965 2733 3020 ab
2767 2964 2976 3036 angelo
3009 2963 3332 3019 Rathanael
3364 2963 3464 3034 qui
3511 2963 3675 3018 sedet
3723 2961 3784 3016 in

2134 3055 2306 3110 tertio
2340 3053 2482 3110 cceio
2510 3079 2524 3123 ;
2558 3059 2796 3126 propter
2825 3054 2932 3109 hoc
2963 3053 3146 3124 igitur
3174 3052 3305 3107 dico
3339 3051 3468 3118 tibi,
3523 3068 3637 3106 non
3693 3067 3792 3121 po-

2133 3147 2248 3199 test
2283 3159 2372 3198 me
2404 3158 2608 3214 capere
2639 3141 2926 3213 templum
2959 3141 3140 3196 istud.
3207 3145 3324 3212 Ego
3383 3139 3565 3212 igitur
3620 3137 3785 3194 Salo-

2135 3249 2270 3288 mon
2303 3249 2502 3304 preces
2533 3232 2785 3286 fundens
2817 3236 2952 3298 Deo,
2984 3229 3257 3286 advocavi
3291 3228 3565 3301 angelum
3613 3243 3784 3298 quem

2134 3321 2280 3376 dixit
2309 3321 2454 3375 mihi
2487 3319 2832 3388 Rathanael,
2887 3320 2996 3375 feci
3032 3319 3322 3375 annulum
3383 3317 3608 3390 signavi
3659 3333 3786 3372 eam

2137 3418 2343 3466 catena
2373 3409 2618 3482 triplici,
2649 3415 2707 3465 et
2737 3409 2910 3480 infra,
2946 3409 3248 3464 vinculum
3280 3413 3518 3477 catenae,
3545 3407 3652 3462 feci
3701 3407 3785 3461 si-

2139 3517 2322 3572 gnum
2354 3500 2494 3568 Dei;
2529 3504 2586 3555 et
2635 3498 3004 3571 prophetavit
3057 3497 3202 3553 mihi
3259 3497 3503 3568 spiritus
3535 3495 3736 3551 dicens
3769 3513 3784 3551 :

2137 3589 2268 3645 Haec
2298 3595 2383 3658 tu,
2418 3605 2514 3644 rex
2543 3587 2839 3655 Salomon,
2875 3587 3020 3644 facis
3063 3587 3275 3656 nobis;
3311 3585 3412 3642 sed
3465 3591 3598 3657 post
3645 3591 3787 3640 tem-

2137 3696 2246 3750 pus
2279 3679 2574 3750 quoddam
2610 3679 2909 3750 frangetur
2937 3693 3182 3750 regnum
3219 3682 3412 3746 tuum,
3471 3683 3528 3731 et
3575 3689 3784 3730 rursus

2135 3766 2192 3821 in
2227 3773 2490 3837 tempore
2521 3765 3116 3837 everteturtemplum
3141 3765 3388 3830 istud,et
3409 3765 3786 3819 subvertetur

2133 3855 2327 3911 omnis
2357 3855 2686 3911 Jerusalem
2719 3873 2753 3910 a
2793 3870 2926 3927 rege
2973 3859 3312 3924 Persarum,
3365 3853 3667 3909 Medorum
3724 3855 3784 3907 et

2133 3943 2563 4010 Chaldaeorum;
2597 3945 2654 3998 et
2679 3942 2878 3998 omnia
2908 3959 3048 3998 vasa
3077 3941 3282 4013 templi
3320 3941 3501 4012 hujus
3523 3941 3678 4012 quod
3720 3945 3784 3995 tu

2133 4033 2295 4102 facis,
2329 4032 2586 4088 servient
2615 4031 2748 4099 diis;
2781 4029 3076 4102 simulque
3098 4031 3298 4087 omnia
3317 4031 3556 4086 vascula
3579 4031 3636 4084 in
3660 4029 3788 4101 qui-

2129 4123 2242 4178 bus
2267 4120 2646 4178 nosincludis
2672 4121 3117 4192 confringentur
3147 4120 3420 4176 manibus
3451 4119 3782 4186 hominum;

2131 4216 2186 4268 et
2209 4217 2350 4267 tunc
2381 4209 2670 4266 exibimus
2703 4211 2760 4264 in
2794 4225 3008 4281 magna
3039 4214 3344 4282 potestate,
3368 4209 3506 4264 hinc
3537 4214 3594 4264 et
3622 4208 3782 4276 hinc,

2131 4307 2188 4358 et
2217 4301 2274 4356 in
2309 4301 2508 4356 orbem
2542 4300 2981 4372 dispergemur;
3022 4305 3081 4355 et
3119 4298 3507 4356 lustrabimus
3543 4315 3779 4355 omnem

2131 4396 2346 4447 terram
2381 4389 2566 4445 multo
2596 4393 2881 4460 tempore,
2905 4389 3090 4444 donec
3113 4390 3208 4444 Dei
3231 4389 3414 4445 Filius
3435 4389 3784 4445 extendatur

2129 4479 2189 4534 in
2221 4479 2410 4552 ligno;
2463 4493 2572 4533 nos
2613 4477 2771 4532 enim
2818 4477 2930 4531 erit
2959 4475 3093 4532 talis
3145 4491 3244 4532 rex
3292 4477 3505 4532 similis
3537 4476 3644 4546 illi,
3677 4474 3781 4547 qui

2127 4585 2335 4624 omnes
2389 4584 2496 4622 nos
2554 4567 2779 4636 domat,
2855 4565 3026 4636 cujus
3095 4571 3286 4622 mater
3351 4565 3579 4621 homini
3660 4579 3778 4619 non

2129 4655 2640 4722 commiscebitur;
2675 4661 2732 4710 et
2761 4653 2896 4726 quis
2927 4655 3177 4726 accipiat
3223 4653 3401 4709 talem
3431 4657 3779 4726 potestatem

2126 4747 2186 4802 in
2219 4746 2514 4819 Spiritum,
2545 4743 2662 4799 nisi
2693 4743 2788 4798 hic
2821 4759 2996 4814 quem
3028 4743 3304 4814 princeps
3335 4741 3609 4798 diabolus
3653 4747 3780 4798 ten-

351 4825 442 4880 καὶ
503 4825 580 4889 εἷς
633 4825 728 4880 τὸν
785 4825 991 4898 κόσμον
1049 4825 1601 4900 κατασπαρησόμεθαο
1653 4827 1743 4882 καὶ
1797 4825 2013 4898 πλανή-

2136 4841 2249 4892 tare
2280 4837 2586 4907 quaret,“
2607 4849 2722 4888 non
2749 4830 3086 4903 praevalebit
3109 4832 3392 4887 adversus
3421 4847 3582 4897 eum,
3613 4831 3784 4901 cujus

354 4935 520 4988 σομεν
552 4921 724 4970 πᾶσαν
757 4915 854 4984 τὴν
905 4915 1232 4988 οἰκουμένην
1299 4915 1467 4992 μέχρι
1525 4915 1746 4971 πολλοῦ
1802 4921 2017 4992 καιροῦ,

2136 4925 2388 4982 nominis
2419 4921 2682 4979 calculus
2711 4922 2838 4989 644,
2860 4920 2962 4992 qui
2996 4925 3084 4976 est
3109 4919 3496 4976 Emmanuel?
3539 4923 3786 4992 Propter

349 5013 458 5078 ἓως
487 5015 583 5070 τοῦ
631 5017 766 5069 Θεοῦ
807 5013 835 5067 ὁ
877 5011 1002 5070 Υἱὸς
1053 5017 1290 5088 τανυσθῇ
1349 5013 1436 5069 ἐπὶ
1478 5013 1662 5088 ξύλου·
1729 5017 1816 5070 καὶ
1882 5015 2008 5071 οῦκ-

2136 5030 2361 5083 :ioc,rex
2381 5013 2932 5082 Salomon,tempus
2963 5013 3132 5065 tuum
3169 5010 3416 5076 malum,
3448 5015 3504 5067 et
3533 5011 3674 5066 anni
3695 5009 3784 5066 tui

357 5105 436 5160 ἐτι
487 5103 592 5180 γὰρ
642 5103 848 5178 γίνεται
909 5105 1159 5168 τοιοῦτος
1207 5103 1462 5178 βασιλεὺς
1519 5103 1714 5178 ὅμοιος
1757 5103 1925 5178 αὐτῷ,
1975 5105 2004 5159 ὁ

2136 5105 2290 5178 ρειυοί
2327 5107 2384 5159 et
2433 5101 2596 5168 mali,
2646 5116 2812 5157 servo
2864 5104 2966 5155 tuo
3007 5101 3276 5155 tradetur
3331 5115 3578 5172 regnum
3609 5103 3780 5154 tuum

355 5195 562 5256 πάντας
593 5196 740 5265 ἡμᾶς
768 5195 1073 5268 καταργῶν,
1107 5193 1168 5247 οὗ
1199 5195 1232 5262 ἡ
1287 5195 1471 5269 μήτηρ
1506 5191 1659 5271 ἀνδρὶ
1693 5193 1754 5250 οὗ
1787 5197 2099 5270 μιγήσεται,
2127 5193 2217 5248 καὶ
2245 5191 2330 5253 τίς
2351 5184 2494 5263 λάϐῃ
2521 5187 2778 5258 τοιαύτην
2811 5185 3050 5257 ὶξουσίαν
3077 5188 3216 5242 κατὰ
3245 5187 3590 5262 πνευμάτων,
3623 5185 3667 5241 si
3705 5187 3779 5260 μὴ

359 5282 588 5354 ἐκεῖνος,
621 5282 680 5338 ὃν
714 5281 742 5336 ὁ
773 5285 992 5354 πρῶτος
1023 5275 1282 5343 διάϐολος
1317 5287 1568 5358 πειρᾶσαι
1599 5285 1819 5354 ζητήσει
1851 5283 1940 5338 καὶ
1975 5283 2074 5338 οὐκ
2105 5281 2318 5357 ἰσχύσει
2349 5280 2486 5354 πρὸς
2518 5277 2700 5332 αὐτόν·
2734 5274 2796 5331 οὗ
2827 5277 2860 5345 ἡ
2895 5279 3078 5352 ψῆφος
3105 5281 3203 5332 τοῦ
3235 5275 3502 5350 ὀνόματος
3551 5273 3706 5352 χμδ’,
3755 5276 3785 5329 ὃ

356 5369 496 5426 ἔστιν
531 5366 914 5444 Ἐμμανουήλ.
950 5369 1046 5424 Διά
1075 5373 1258 5442 τοῦτο,
1295 5370 1521 5446 βασιλεῦ
1555 5371 1851 5446 Σολομῶν,
1876 5374 1903 5428 ὁ
1933 5371 2122 5448 καιρός
2152 5393 2248 5427 σου
2279 5369 2540 5444 πονηρὸς,
2572 5366 2664 5422 καὶ
2693 5366 2761 5421 τὰ
2791 5360 2884 5437 ἔτη
2915 5387 3012 5422 σου
3049 5367 3216 5444 μικρᾶ
3269 5367 3357 5422 καὶ
3405 5367 3640 5442 πονηρά·
3693 5365 3782 5422 καὶ

347 5465 432 5532 τῷ
454 5457 637 5533 δούλῳ
663 5481 758 5514 σου
792 5458 1079 5530 δοθήσετα,
1113 5461 1146 5528 ἡ
1186 5459 1435 5534 βασιλεία
1466 5483 1582 5520 σου.

423 5550 586 5624 Κάγὼ
636 5548 931 5622 Σολομῶν,
981 5547 1214 5610 ἀκούσας
1255 5553 1444 5623 ταῦτα,
1477 5549 1701 5624 ἐδόξασα
1728 5553 1820 5608 τὸν
1880 5552 2008 5608 Θεὸν

345 5637 438 5694 καὶ
487 5638 766 5710 θαυμάσας
791 5640 900 5692 τῶν
935 5633 1214 5709 δαιμόνων
1246 5636 1342 5700 τὰς
1392 5635 1694 5716 ἀπολογίας
1743 5638 1848 5702 ἓως
1899 5643 2010 5695 τῶν

348 5721 692 5796 ἀποϐάσεων,
741 5725 1006 5796 ἠπίστουν
1039 5725 1246 5789 αὐτοῖς·
1285 5727 1375 5784 καὶ
1418 5727 1518 5784 οὐκ
1565 5727 1846 5785 ἐπίστευον
1895 5735 2013 5793 τοῖς

347 5813 673 5892 λεγομένοις
723 5814 813 5871 ὑπ’
863 5813 1062 5876 αὐτῶν·
1119 5815 1210 5872 ὅτε
1261 5814 1322 5873 δὶ
1370 5816 1660 5895 ἐγένοντο,
1715 5818 1839 5876 τότε
1897 5839 2014 5876 συν·

2191 5553 2310 5625 Ego
2341 5549 2637 5616 Salomon,
2670 5548 2790 5604 haec
2813 5547 3342 5618 audiens,laudavi
3367 5548 3783 5615 Dominum,et

2123 5641 2303 5700 admit
2319 5645 2452 5697 atus
2475 5637 2901 5696 daemoniorum
2923 5638 3317 5708 defensiones,
3349 5655 3540 5710 usque
3561 5637 3633 5694 ad
3664 5637 3780 5693 exi-

2119 5736 2249 5788 tum
2283 5745 2396 5786 non
2427 5727 2740 5785 credebam
2798 5725 2906 5796 eis,
2939 5743 3046 5783 nec
3088 5727 3458 5784 conﬁdebam
3516 5727 3590 5784 iis
3647 5741 3776 5798 qua

2121 5821 2470 5879 dicebantur
2509 5815 2768 5887 abillis;
2827 5829 2964 5874 cum
2999 5820 3198 5875 autem
3245 5820 3586 5887 evenerunt,
3632 5819 3775 5874 tunc
