4142 6392
393 435 547 498 1339

1353 444 1747 508 ΑΡΡΕΝΒΙΧ
1789 447 1895 507 AD
1942 443 2410 508 MICHAELEM
2456 444 2844 508 PSELLUM.

3653 444 3813 507 1340

385 567 671 640 intellexi,
704 576 760 625 et
781 569 837 623 in
875 574 1064 626 morte
1093 588 1223 629 mea
1243 575 1451 649 scripsi
1478 583 1903 638 testamentum
1927 579 2038 637 hoc

2156 583 2285 649 ἦκα,
2346 579 2436 633 καὶ
2475 577 2527 633 ἦν
2570 581 2651 650 τῷ
2701 578 2914 650 θανάτῳ
2961 544 3067 650 μου
3125 574 3329 656 ἔγραφα
3381 579 3481 648 τήν
3541 575 3811 650 διαθηκήν

391 674 496 730 pro
520 658 656 714 filiis
680 658 946 725 Israel,et
972 661 1226 734 dedieis,
1255 670 1319 721 ut
1348 668 1539 725 sciant
1571 676 1889 742 potestates
1922 671 2038 727 dae-

391 764 654 818 monum,
709 754 767 804 et
823 750 1045 807 formas
1105 769 1333 826 eorum,
1392 762 1452 813 et
1507 761 1747 816 nomina
1800 760 2039 833 angelo-

392 855 523 893 rum
576 856 609 893 a
653 839 871 910 quibus
928 842 1249 900 domantur
1297 847 1629 918 daemones;
1684 856 1740 907 et
1791 851 2041 906 laudans

392 926 709 983 Dominum
735 929 919 985 Deum
948 931 1148 999 Israel,
1172 935 1326 1004 jussi
1360 942 1424 992 ut
1448 938 1770 995 vinciretur
1812 941 2040 995 dazmon

391 1016 643 1073 vinculis
667 1018 1115 1077 insolubilibus.
1149 1024 1216 1078 Et
1244 1025 1623 1085 benediciens
1654 1030 1860 1097 Deum,
1886 1028 2041 1101 jussi

389 1111 455 1162 ut
484 1108 718 1163 adesset
741 1108 883 1164 mihi
921 1111 1074 1166 alius
1096 1112 1610 1183 spiritus.Etvenit
1640 1119 1698 1173 in
1724 1124 2039 1192 conspectu

390 1213 519 1252 meo
553 1197 704 1253 alius
734 1198 961 1255 daemon
990 1200 1214 1257 habens
1246 1206 1499 1275 speciem
1547 1209 1838 1278 posterius
1881 1210 2038 1280 equi,

390 1296 654 1351 anterius
686 1301 881 1352 autem
909 1298 1109 1368 piscis,
1133 1306 1189 1355 et
1219 1319 1326 1357 vox
1356 1309 1482 1359 erat
1510 1306 1560 1361 ei
1595 1323 1829 1378 magna,
1864 1311 1923 1363 et
1952 1307 2039 1362 di-

387 1386 475 1440 xit
507 1386 650 1440 mihi
687 1403 699 1439 :
736 1386 852 1441 Rex
882 1387 1179 1461 Salomon,
1211 1407 1316 1464 ego
1340 1394 1583 1466 spiritus
1618 1397 1881 1452 marinus
1904 1413 2037 1453 sum

392 1475 782 1546 perniciosus,
834 1481 893 1532 et
938 1477 1192 1535 delector
1244 1482 1301 1537 in
1352 1501 1495 1541 auro
1526 1490 1584 1541 et
1615 1491 1900 1557 argento;
1932 1503 2039 1558 ego

392 1564 549 1619 enim
582 1565 717 1620 talis
739 1583 871 1621 sum
894 1567 1139 1639 spiritus
1170 1586 1517 1645 exsurgens,
1546 1581 1604 1631 et
1625 1577 1839 1631 vadens
1864 1593 2043 1648 super

391 1672 527 1710 arva
557 1656 807 1726 aequorei
841 1658 1042 1728 maris,
1101 1664 1156 1716 et
1211 1664 1453 1735 expedio
1508 1666 1850 1739 navigantes
1880 1666 1941 1723 in
1973 1684 2042 1724 ea

387 1744 578 1813 viros;
613 1746 796 1801 excito
827 1747 981 1803 enim
1041 1750 1337 1823 meipsum
1388 1755 1448 1808 in
1502 1755 1714 1811 ﬂuctus
1756 1762 1813 1811 et
1842 1761 2039 1813 trans-

388 1837 622 1899 mutor;
655 1834 853 1891 insilio
884 1841 942 1892 et
969 1837 1269 1910 ingredior
1291 1842 1348 1896 in
1383 1844 1671 1913 navibus;
1708 1851 1764 1901 et
1793 1846 1902 1901 hoc
1950 1850 2041 1902 est

2148 668 2349 738 ταότην
2382 668 2519 743 πρὸς
2570 666 2700 731 τοὺς
2756 666 2907 729 υἱοὺς
2946 665 3194 743 Ἰσραήλ,
3247 666 3337 722 καὶ
3370 664 3547 723 ἔδωκα
3601 667 3815 739 αὐτοῖς,

2152 757 2289 812 ὥστε
2346 755 2544 813 εἰδέναι
2604 756 2698 818 τὰς
2764 753 3021 829 δυνάμεις
3081 761 3188 811 τῶν
3241 754 3518 830 δαιμόνων
3569 758 3660 812 xui
3715 758 3816 822 τάς

2155 847 2369 923 μορφάς
2426 846 2623 915 αὐτῶν,
2675 845 2766 900 καὶ
2812 845 2882 901 τὰ
2928 844 3171 918 ὀνόματα
3201 844 3376 901 αὐτῶν
3407 850 3515 901 τῶν
3560 846 3813 922 ἀγγὲλων

2151 934 2201 990 ἰν
2256 938 2339 996 οἷς
2386 939 2780 1010 καταργοῦνται
2826 936 2880 989 οἳ
2928 931 3211 1007 δαίμονες·
3270 934 3361 989 καὶ
3422 931 3646 1006 δοξάσας
3698 933 3811 992 Κό-

2152 1044 2271 1100 ριον
2343 1024 2436 1079 τὸν
2515 1023 2644 1079 Θεὸν
2720 1021 2967 1099 Ἰσραὴλ,
3033 1020 3292 1078 ἐκέλευσα
3346 1021 3699 1097 περιδεθῆναι
3747 1024 3811 1078 τὸ

2149 1118 2364 1186 πνεῦμα
2420 1109 2645 1187 δεσμοῖς
2707 1111 2954 1174 ἀλύτοις.
3016 1111 3114 1167 Καὶ
3173 1111 3481 1188 εὐλόγησας
3519 1113 3610 1166 τὸν
3655 1113 3811 1182 Θεὸν,

2150 1209 2408 1267 ἐκέλευσα
2482 1217 2732 1287 παρεῖναι
2790 1206 2975 1286 ἕτερον
3049 1214 3301 1284 πνεῦμα·
3368 1211 3454 1265 καὶ
3508 1209 3649 1280 ἦλθε
3704 1212 3811 1285 πρὸ

2153 1299 2452 1376 προσώπου
2511 1322 2619 1374 μου
2676 1297 2858 1375 ἕτερον
2922 1295 3205 1373 δαιμόνιον
3249 1296 3379 1376 ἔχον
3435 1299 3533 1369 τὴν
3595 1300 3812 1376 μορφὴν

2152 1386 2451 1463 ἔμπροσθεν
2507 1387 2705 1459 ἵππου,
2768 1388 2987 1454 ὄπισθεν
3043 1386 3101 1443 δὲ
3148 1379 3363 1463 ἰχθύος,
3413 1388 3504 1444 καὶ
3536 1389 3691 1465 φωνή
3740 1389 3809 1459 ἦν

2152 1477 2298 1549 αὐτῷ
2347 1478 2582 1555 μεγάλη,
2631 1478 2721 1534 καὶ
2754 1476 2910 1554 ἔλεγε
2939 1478 3076 1554 πρός
3112 1498 3196 1551 με·
3232 1476 3468 1536 Βασιλιῦ
3509 1476 3809 1551 Σολομῶν,

2152 1567 2262 1643 ἐγὼ
2292 1573 2504 1641 πνεῦμα
2561 1568 2850 1634 θαλάσσιον
2899 1567 3015 1641 εἶμί
3077 1564 3345 1643 χαλεπὸν,
3386 1567 3477 1622 xui
3529 1564 3811 1642 ἀποδέχο-

2153 1678 2248 1730 μαι
2281 1656 2333 1712 ἐν
2369 1662 2559 1734 χρυσῷ
2589 1658 2676 1713 καὶ
2711 1657 2955 1735 ἀργύρῳ·
3016 1657 3125 1733 ἐγὼ
3190 1661 3439 1713 τοιοῦτον
3501 1656 3614 1731 εἷμῖ
3654 1660 3820 1711 πνεῦ-

2154 1768 2227 1820 μα
2259 1744 2659 1823 διεγειρόμενον
2721 1746 2811 1802 καὶ
2868 1745 3169 1822 ἐρχόμενον
3228 1745 3314 1802 ἰπὶ
3374 1747 3442 1801 τὰ
3501 1744 3817 1819 ἀπλώματα

2147 1842 2244 1891 τοῦ
2302 1835 2495 1899 ὕδατος
2542 1844 2643 1907 τῆς
2702 1835 2978 1907 θαλάσσης
3013 1879 3026 1905 ,
3094 1836 3186 1891 xui
3244 1833 3518 1905 ἐκποδίζω
3573 1834 3703 1898 τοὺς
3761 1833 3817 1889 ἐν

388 1938 537 1994 opus
571 1940 764 1979 meum
792 1925 1105 1998 colligendi
1128 1928 1365 1987 divitias
1386 1937 1442 1988 et
1473 1933 1780 2002 homines;
1818 1935 2038 2007 accipio

2149 1927 2287 2000 αὐτῇ
2346 1924 2618 1991 πλέοντας
2699 1924 3064 2000 ἀνθρώπους·
3125 1924 3360 2001 διεγύρω
3413 1925 3515 2002 γάρ
3573 1922 3813 1998 ἐμαυτὸν

385 2013 566 2083 enim,
594 2018 651 2066 et
671 2013 877 2082 excito,
911 2020 969 2071 et
1000 2019 1239 2089 projicio
1266 2019 1533 2078 homines
1561 2040 1591 2079 e
1623 2024 1801 2092 mari;
1835 2028 1917 2080 sic
1938 2026 2035 2081 de-

383 2100 579 2157 sidero
612 2119 876 2174 corpora,
903 2106 1009 2160 sed
1053 2107 1294 2178 projicio
1325 2125 1393 2165 ea
1441 2117 1605 2168 extra
1656 2129 1815 2169 mare
1849 2131 2037 2185 usque

385 2207 564 2246 nunc.
595 2192 881 2255 Quoniam
915 2193 1216 2250 Beelzebul
1250 2199 1549 2271 imperans
1599 2200 1774 2257 aeriis
1816 2201 2035 2272 spiriti-

386 2280 500 2335 bus
528 2284 587 2335 et
638 2280 861 2353 inferis,
895 2287 954 2339 et
986 2287 1354 2343 terrenorum
1397 2289 1675 2345 dominus
1724 2295 1782 2346 et
1832 2293 2039 2363 regnat

388 2369 446 2423 in
480 2386 686 2427 omnes
726 2372 1198 2446 uniuscujusque
1243 2381 1515 2433 nostrum
1572 2380 1871 2450 actiones;
1904 2397 2037 2452 pro-

388 2466 518 2530 pter
534 2458 644 2515 boc
669 2460 816 2515 exivi
841 2478 874 2517 a
900 2462 1106 2535 pelago
1132 2469 1196 2520 ut
1217 2467 1533 2522 consilium
1553 2468 1838 2541 accipiam
1858 2469 1932 2525 ab
1949 2486 2035 2539 eo;

386 2557 575 2614 habeo
607 2563 800 2615 autem
826 2560 999 2616 aliam
1032 2562 1280 2633 gloriam
1305 2570 1362 2620 et
1382 2567 1813 2637 operationem;
1845 2570 2039 2624 trans-

388 2652 587 2702 mutor
616 2648 675 2702 in
709 2655 909 2717 aestus,
935 2655 992 2705 et
1021 2667 1157 2707 exeo
1180 2669 1211 2708 e
1238 2654 1411 2721 mari,
1432 2660 1491 2710 et
1521 2656 1769 2711 ostendo
1807 2672 1900 2711 me
1930 2656 2039 2711 ho-

388 2735 675 2807 minibus,
691 2742 754 2792 ut
776 2743 940 2793 terras
963 2739 1167 2795 incola:
1191 2747 1396 2798 vocent
1419 2760 1511 2799 me
1533 2745 1708 2801 Canis
1728 2746 2040 2816 templum,

389 2824 531 2896 quia
589 2824 876 2882 immutor
922 2827 982 2882 in
1033 2828 1334 2886 hominem
1369 2849 1382 2887 :
1417 2848 1621 2888 verum
1670 2839 1761 2889 est
1826 2850 2040 2890 nomen

393 2928 614 2982 meum;
652 2932 932 2971 nauseam
957 2917 1215 2974 immitto
1246 2936 1350 2992 per
1379 2938 1692 2977 ascensum
1744 2940 1940 2979 meum
1980 2923 2040 2979 in

392 3001 685 3070 homines;
720 3005 847 3059 veni
880 3006 1061 3079 igitur
1105 3007 1163 3063 in
1216 3009 1530 3066 consilium
1564 3010 1848 3084 principis
1878 3011 2042 3068 Beel-

388 3091 579 3157 zebul,
641 3098 698 3148 et
762 3094 1019 3166 alligavit
1047 3114 1161 3167 me,
1213 3103 1271 3155 et
1322 3100 1569 3157 tradidit
1615 3118 1709 3158 me
1742 3101 1799 3156 in
1833 3118 2043 3158 manus

389 3184 545 3249 tuas,
579 3186 635 3238 et
667 3199 772 3256 ego
804 3186 1016 3241 adsum
1042 3203 1237 3244 coram
1271 3194 1328 3245 te
1358 3205 1460 3261 per
1490 3189 1752 3262 sigillum
1784 3190 1966 3258 istud,
1987 3195 2044 3247 et

2147 2016 2225 2078 ιῖς
2268 2019 2416 2088 κῦμα
2474 2015 2564 2071 xui
2620 2019 3100 2091 μιταμορφοῦμαι,
3161 2015 3431 2091 ὲπιρίπτω
3487 2015 3578 2070 καὶ
3627 2015 3811 2070 ἐπεισ-

2147 2106 2388 2180 ἑρχομαι
2434 2110 2553 2167 τοῖς
2584 2103 2822 2167 πλοίοις.
2857 2105 2960 2162 Καὶ
2992 2100 3125 2174 αὕτη
3181 2125 3287 2177 μου
3318 2103 3458 2159 ἐστὶν
3518 2106 3553 2173 ἡ
3587 2102 3811 2180 ἐργασία

2144 2198 2242 2249 τοῦ
2297 2190 2656 2269 ὑποδέχεσθαι
2707 2193 2775 2248 τὰ
2833 2195 3097 2268 χρήματα
3139 2194 3231 2249 καὶ
3281 2192 3410 2256 τοὺς
3463 2192 3809 2266 ἀνθρώπους·

2148 2277 2415 2356 λαμϐάνω
2458 2284 2559 2357 γάρ
2608 2283 2697 2337 καὶ
2753 2279 3110 2357 διεγείρομαι,
3171 2284 3259 2337 καὶ
3323 2280 3628 2359 διαῤῥίπτω
3677 2281 3812 2344 τοὺς

2147 2372 2469 2448 ἀνθρώπους
2517 2372 2622 2427 ἀπὸ
2678 2378 2780 2441 τῆς
2828 2369 3111 2443 θαλάσσης
3144 2390 3158 2404 ·
3223 2369 3398 2434 οὕτως
3453 2370 3568 2445 είμὶ
3619 2369 3816 2426 ἐπιθυ-

2152 2466 2269 2535 μῶν
2299 2460 2589 2533 σωμάτων·
2650 2459 2779 2516 ἀλλ’
2810 2459 3049 2533 ἐκρίπτω
3099 2460 3235 2515 αὐτὰ
3291 2458 3392 2530 ἔξω
3442 2463 3542 2525 τῆς
3599 2456 3808 2514 θαλάσ-

2148 2571 2251 2619 σης
2303 2546 2407 2612 ἓως
2465 2554 2563 2604 τοῦ
2621 2546 2803 2623 δεῦρο.
2877 2548 3099 2619 Ἐπειδὴ
3143 2547 3202 2605 δὲ
3248 2544 3591 2618 Βεελζεϐοὺλ
3622 2549 3814 2624 ἅρχων

2148 2646 2255 2695 τῶν
2298 2640 2497 2716 ἀερίων
2546 2645 2874 2714 πνευμάτων
2932 2641 3023 2697 xui
3070 2641 3473 2717 καταχθονίων,
3533 2639 3622 2695 καὶ
3691 2640 3815 2694 ἐπι-

2149 2731 2310 2806 γείων
2368 2728 2623 2800 δεσπότα,
2656 2730 2746 2785 xui
2793 2725 3185 2804 συμϐασιλεύει
3237 2729 3315 2793 εἷς
3369 2731 3464 2793 τὰς
3512 2730 3629 2792 ἑνὸς
3684 2727 3811 2785 ἐκά-

2152 2840 2281 2874 στου
2338 2822 2500 2892 ἡμῶν
2560 2819 2802 2895 πράξεις·
2865 2818 2955 2875 διά
3010 2824 3175 2875 τοῦτο
3231 2820 3385 2895 κάγὼ
3443 2814 3638 2889 ἀνέϐην
3700 2819 3813 2873 ἀπὸ

2148 2924 2248 2987 τῆς
2308 2915 2608 2989 θαλάσσης·
2670 2919 2855 2992 σκέψιν
2906 2919 3031 2973 τινὰ
3086 2913 3273 2974 λαϐεῖν
3324 2921 3454 2995 παρ’
3481 2917 3656 2991 αὐτῷ·
3697 2913 3817 2994 ἔχω

2152 3005 2210 3062 δὲ
2265 3007 2354 3062 xui
2413 3007 2595 3083 ἑτέραν
2656 3004 2812 3079 δόξαν
2866 3008 2958 3063 καὶ
3034 3008 3268 3084 πρᾶξιν·
3349 3011 3815 3085 μεταμορφοῦμαι

2151 3097 2227 3160 είς
2286 3096 2556 3171 καύματα,
2616 3097 2704 3152 uui
2762 3097 3073 3173 ἀνὲρχομαι
3103 3097 3208 3153 ἀπὸ
3239 3104 3337 3167 τῆς
3365 3097 3665 3167 θαλάσσης,
3718 3097 3808 3152 xui

2151 3184 2380 3243 δεικνύω
2456 3187 2689 3261 ἐμαυτὸν
2767 3193 2886 3249 τοῖς
2954 3188 3286 3265 ἀνθρώποις,
3337 3188 3411 3250 ὡς
3469 3189 3522 3243 οἱ
3575 3187 3807 3263 ἐπίγειοι

386 3274 447 3324 tu
486 3287 579 3326 me
610 3272 977 3347 interrogas;
1012 3292 1142 3333 ecce
1174 3293 1331 3333 nunc
1372 3278 1489 3334 duo
1521 3283 1579 3335 et
1606 3284 1726 3336 tres
1756 3280 1905 3347 dies,
1936 3281 2039 3336 de-

2153 3276 2382 3333 καλοῦσί
2444 3298 2530 3350 με,
2580 3279 2913 3333 κυνόπαστον
2966 3280 3155 3352 (816?),
3214 3276 3297 3333 δτι
3354 3281 3815 3356 μεταμορφοῦμαι

388 3358 534 3415 sinit
574 3365 783 3418 ventus
834 3331 1018 3434 iJoqu'i,
1050 3331 1322 3437 ecquod
1348 3331 1723 3424 n'on'h‘avbeat'
1741 3331 2037 3441 meaque.

2154 3331 2256 3428 ,ιε’
2289 3331 2612 3441 ἄνθρωπον·
2660 3331 2807 3422 ἐξ(
2832 3331 2926 3441 to;
2967 3331 3056 3422 ἒξ
3088 3331 3270 3440 sui,
3326 3331 3818 3438 agat-vium

387 3448 455 3503 Et
485 3450 601 3504 dixi
633 3467 736 3520 ego
758 3451 810 3507 ei
855 3469 869 3508 :
900 3455 946 3508 A
977 3470 1093 3525 quo
1127 3456 1335 3527 angelo
1380 3456 1727 3529 impotentia
1770 3458 2041 3530 plecteris

383 3536 487 3592 tu?
517 3539 587 3594 Et
610 3540 692 3595 ait
736 3558 754 3594 :
804 3542 910 3597 Per
965 3543 1221 3600 Jameth.
1276 3545 1345 3600 Et
1394 3562 1500 3618 ego
1531 3546 1784 3603 laudans
1831 3547 2039 3619 Deum,

375 3626 535 3698 jussi
561 3628 956 3700 utinjicerent
987 3632 1313 3689 daemonem
1346 3633 1406 3689 in
1439 3634 1724 3708 phialam,
1768 3640 1824 3691 et
1870 3637 2041 3691 unda:

390 3716 570 3772 maris
603 3734 911 3776 mensuras
942 3722 1142 3778 decem
1175 3728 1553 3781 mensuratas
1601 3725 1714 3793 bis,
1742 3729 1800 3781 et
1855 3725 2041 3796 sepivi

382 3820 625 3862 sursum
657 3824 971 3877 marmore,
988 3810 1279 3867 bitumine
1300 3817 1356 3868 et
1375 3812 1534 3884 pisce
1563 3814 1621 3868 in
1655 3830 1720 3870 os
1752 3813 2041 3887 angeli,et

385 3911 519 3950 cum
551 3897 881 3968 signassem
914 3901 1334 3971 annulo,jussi
1370 3905 1431 3957 ut
1464 3908 1781 3974 poneretur
1809 3903 1869 3958 in
1895 3909 2040 3960 tem-

386 3984 481 4055 plo
506 3985 640 4057 Dei;
672 3992 730 4043 et
754 3989 1030 4045 mandavi
1064 3993 1129 4045 ut
1159 3991 1394 4048 adesset
1416 3992 1560 4047 mihi
1586 3992 1740 4049 alius
1769 3993 2040 4066 spiritus.

385 4083 456 4138 Et
482 4084 643 4140 venit
672 4086 732 4142 in
763 4093 1083 4160 conspectu
1123 4106 1249 4145 meo
1281 4089 1341 4146 in
1373 4090 1717 4147 servitutem
1768 4092 2042 4149 redactus

385 4171 536 4229 alius
563 4176 810 4247 spritus,
842 4177 1105 4233 hominis
1139 4177 1368 4235 habens
1398 4178 1608 4236 faciem
1638 4180 2037 4251 tenebrosam,

391 4262 593 4318 oculos
624 4262 909 4333 lucentes,
933 4270 992 4323 et
1019 4267 1081 4323 in
1117 4284 1299 4323 manu
1334 4268 1525 4324 ferens
1548 4268 1846 4342 gladium;
1871 4274 1929 4327 et
1950 4270 2040 4326 in-

388 4353 680 4425 terrogavi
711 4371 846 4410 eum
883 4373 896 4411 :
928 4356 1015 4412 Tu
1061 4357 1197 4429 quis
1245 4358 1381 4413 est?
1412 4357 1521 4424 Qui
1574 4359 1656 4413 ait
1689 4375 1702 4413 :
1737 4359 1854 4431 Ego
1907 4376 2041 4415 sum

391 4441 636 4512 spiritus
668 4447 875 4515 potens
905 4445 1165 4502 hominis
1189 4446 1449 4519 gigantis
1479 4448 1537 4503 in
1570 4448 1725 4504 caede
1757 4448 2040 4517 defuncti,

390 4535 652 4601 tempore
683 4532 1173 4605 gigantium.Dixi
1191 4536 1243 4591 ei
1268 4552 1279 4590 :
1304 4537 1507 4592 Indica
1539 4537 1686 4593 mihi
1719 4537 1861 4609 quid
1903 4553 2045 4610 agas

390 4619 451 4675 in
476 4623 650 4689 terra,
680 4626 737 4678 et
762 4639 879 4694 quo
911 4624 1112 4680 sedem
1144 4624 1382 4681 habeas.
1416 4626 1523 4690 Qui
1556 4628 1639 4683 ait
1667 4642 1681 4683 :
1714 4627 1891 4683 Sedes
1914 4643 2046 4684 mea

2150 3453 2207 3509 δὲ
2265 3454 2590 3511 ἀποστέλλω
2646 3456 2769 3511 τινὰ
2840 3454 2930 3511 διὰ
2982 3462 3083 3526 τῆς
3143 3453 3341 3511 ἀνόδου
3393 3476 3500 3529 μου
3558 3454 3637 3517 εἷς
3685 3454 3819 3519 τοὺς

2150 3543 2493 3619 ἀνθρώπους·
2537 3543 2712 3613 ἦλθον
2744 3543 2836 3599 οὗν
2888 3544 2967 3607 είς
2994 3547 3094 3615 τὴν
3128 3540 3451 3619 συμϐουλήν
3482 3549 3579 3601 τοῦ
3612 3543 3819 3620 ἄρχον-

2147 3653 2242 3690 τος
2289 3628 2630 3702 Βεελζεϐοόλ
2664 3653 2678 3668 ·
2736 3634 2827 3689 xui
2879 3631 3156 3708 ὲδὲσμωσὲ
3227 3655 3295 3707 μα
3368 3634 3458 3689 xui
3528 3630 3818 3708 παρέδωκὲ

2153 3743 2219 3795 με
2279 3722 2356 3785 εἰς
2413 3723 2509 3785 τὰς
2566 3726 2759 3799 χεῖράς
2819 3743 2935 3778 σου·
2993 3723 3149 3799 κάγὼ
3200 3723 3454 3798 παρέστιν
3515 3725 3640 3797 (εἰσ)
3682 3722 3813 3777 ἐνώ-

2150 3809 2276 3866 πιόν
2332 3832 2427 3867 σου
2484 3808 2574 3866 διὰ
2602 3820 2705 3883 τῆς
2735 3809 3029 3890 σφραγῖδος
3085 3812 3311 3883 ταύτης·
3349 3812 3439 3867 xui
3480 3811 3542 3866 σὺ
3586 3816 3677 3865 νῦν
3715 3812 3815 3887 βα-

2152 3901 2384 3970 σανίζεις
2435 3921 2520 3973 με·
2574 3899 2694 3956 ἰδοὺ
2723 3906 2814 3956 νῦν
2848 3899 2946 3957 δύο
2988 3901 3078 3956 xui
3129 3906 3298 3979 τριῶν
3351 3903 3582 3976 ἡμερῶν
3630 3898 3816 3956 ἐκλει-

2147 4011 2237 4045 πει
2285 3990 2349 4045 τὸ
2402 3994 2616 4064 πνεῦμα
2661 3991 2724 4046 τὸ
2757 3988 2962 4046 λαλοῦν
2997 3987 3088 4045 διὰ
3108 3992 3172 4045 τὸ
3205 3991 3282 4063 μή
3311 3987 3457 4065 ἔχειν
3514 4010 3583 4063 με
3640 3987 3812 4065 ὕδωρ.

2150 4087 2318 4161 Κάγὼ
2364 4088 2512 4141 εἶπον
2566 4086 2735 4159 αὐτῷ·
2782 4086 2917 4163 Λέγε
2969 4108 3061 4161 μοι
3102 4087 3249 4161 ποίῳ
3297 4085 3514 4163 ἁγγὲλῳ
3562 4090 3811 4163 καταργῇ

2150 4175 2235 4229 σύ·
2297 4177 2325 4230 ὁ
2379 4173 2437 4230 δὶ
2485 4174 2609 4253 ἔφη·
2667 4176 2766 4231 Διὰ
2810 4181 2908 4231 τοῦ
2959 4178 3180 4251 Ἰάμεθ.
3231 4178 3391 4253 Κάγὼ
3441 4173 3670 4247 δοξάσας
3718 4175 3811 4231 τὸν

2150 4265 2304 4336 Θεὸν,
2356 4262 2613 4327 ἐκέλευσα
2645 4266 2720 4327 εἷς
2750 4264 2954 4340 φιάλην
3008 4264 3282 4341 βληθῆναι
3331 4268 3394 4321 τὸ
3441 4270 3676 4339 πνεῦμα,
3724 4264 3814 4320 xui

2150 4350 2344 4418 ὕδατος
2401 4354 2700 4410 θαλασσίου
2755 4352 2926 4429 δοχὰς
2971 4352 3099 4410 δέκα
3156 4354 3547 4430 ἀναμετρητιῖη
3600 4356 3667 4429 β’,
3722 4353 3814 4409 καὶ

2149 4444 2477 4521 περιὲφραεα
2545 4442 2728 4499 ἐπάνω
2811 4444 3113 4520 μαρμάρων
3180 4445 3272 4499 xui
3351 4442 3644 4521 ἀσφάλτων
3725 4445 3820 4499 καὶ

2148 4532 2349 4603 πίσσης
2402 4532 2478 4596 εἰς
2536 4535 2598 4589 τὸ
2651 4535 2829 4608 στόμα
2882 4538 2979 4589 τοῦ
3038 4532 3305 4609 ἀγγέλου,
3362 4535 3451 4589 καὶ
3510 4533 3816 4612 σφραγίσας

2147 4627 2228 4694 τῷ
2283 4619 2619 4696 δακτυλιδίῳ
2696 4620 2954 4679 ἐκέλευσα
3011 4623 3343 4693 ἀποτεθῆναι
3405 4622 3484 4686 εἷς
3538 4623 3632 4678 τὸν
3687 4623 3816 4678 ναὸν

389 4710 450 4765 in
483 4711 766 4767 uberibus
796 4712 981 4782 locis;
1016 4714 1276 4785 operatio
1325 4718 1526 4771 autem
1576 4731 1709 4779 mea
1738 4714 1861 4771 haec
1893 4733 1910 4769 :
1942 4731 2039 4772 se-

2149 4715 2242 4767 τοῦ
2272 4716 2430 4768 Θεοῦ·
2470 4713 2557 4767 καὶ
2612 4710 2869 4768 ἐκέλευσα
2925 4712 3175 4787 παρεῖναί
3212 4733 3307 4785 μοι
3346 4708 3531 4787 ἕτερον
3576 4716 3812 4785 πνεῦμα.

393 4800 500 4855 deo
552 4802 724 4872 juxta
774 4803 1171 4873 ingredientes
1204 4802 1476 4860 homines
1524 4804 1584 4859 in
1632 4808 2039 4873 monumenta,

389 4892 447 4944 et
480 4891 537 4945 in
573 4890 829 4947 tenebris
876 4893 1267 4950 transformor
1310 4892 1368 4947 in
1415 4893 1537 4949 vita
1579 4894 1834 4963 functos,
1886 4898 1943 4949 et
1991 4893 2041 4950 si

386 4979 829 5050 apprehendero
859 4980 1142 5053 aliquem,
1178 4998 1315 5038 mox
1342 4998 1482 5039 ense
1513 4983 1827 5055 transﬁgo;
1857 4984 1906 5039 si
1938 5000 2042 5039 au-

383 5072 504 5125 tem
539 5086 656 5126 non
683 5075 929 5141 potuero
959 5070 1427 5143 apprchendere,
1477 5071 1623 5127 facio
1664 5077 1730 5128 ut
1760 5071 2040 5141 insaniat,

385 5161 443 5213 et
471 5173 681 5214 carnes
712 5174 852 5215 suas
881 5160 1171 5226 comedat,
1192 5163 1250 5215 et
1268 5164 1459 5216 vestes
1487 5159 1692 5215 lacerae
1722 5177 1757 5216 a
1787 5160 2041 5218 maxillis

386 5247 515 5315 ejus
546 5248 830 5305 defluant.
868 5249 992 5305 Dixi
1023 5249 1074 5305 ei
1108 5266 1122 5305 :
1152 5249 1316 5305 Time
1347 5254 1527 5306 Deum
1560 5249 1691 5305 cceli
1742 5254 1800 5305 et
1847 5255 2039 5321 terras,

387 5337 446 5391 et
500 5335 698 5393 indica
751 5338 897 5393 mihi
938 5337 1073 5410 quis
1124 5343 1182 5394 te
1231 5336 1479 5410 angelus
1509 5337 1809 5393 imbellem
1844 5339 2038 5394 faciat.

386 5430 494 5495 Qui
527 5433 643 5488 ait:
676 5432 769 5489 Me
794 5436 994 5507 dejicit
1041 5435 1304 5492 Salvator
1328 5435 1429 5507 qui
1463 5436 1698 5490 futurus
1724 5440 1815 5490 est
1844 5435 2037 5501 homo,

390 5520 563 5591 cujus
593 5522 828 5591 signum
874 5525 934 5580 in
984 5525 1176 5580 fronte
1204 5524 1254 5580 si
1306 5523 1443 5596 quis
1491 5524 1815 5596 scripserit,
1849 5524 2041 5580 vincet

387 5622 500 5678 me,
532 5613 591 5665 et
618 5609 860 5668 territus
891 5613 953 5669 in
978 5614 1181 5686 fugam
1227 5617 1424 5669 vertar
1451 5613 1660 5682 citius;
1704 5618 1763 5671 et
1811 5612 1923 5670 hoc
1954 5614 2037 5671 si-

387 5710 572 5767 gnum
602 5696 812 5766 siquis
841 5700 1164 5772 scripserit,
1204 5701 1490 5759 terrebor.
1522 5702 1595 5759 Et
1621 5701 1746 5759 haec
1790 5701 2039 5759 audiens

387 5799 494 5857 ego
522 5784 823 5857 Salomon,
855 5792 914 5846 et
941 5789 1196 5848 laudans
1212 5789 1398 5848 Deum
1418 5790 1680 5850 conclusi
1708 5791 2036 5851 demonem

2151 4800 2251 4856 Kui
2298 4798 2436 4870 ἦλθε
2494 4801 2599 4876 πρὸ
2648 4801 2947 4877 προσώπου
3010 4821 3116 4874 μου
3165 4798 3571 4875 καταλισμένον
3624 4798 3811 4876 ἕτερον

2150 4894 2364 4963 πνεῦμα
2410 4890 2700 4965 ἀνθρώπου
2753 4891 2969 4968 μορφὴν
3020 4885 3151 4965 ἔχον
3202 4890 3500 4963 σκοτεινὸν,
3554 4889 3686 4953 τοὺς
3719 4889 3814 4968 όφ-

2153 4978 2400 5053 θαλμοὺς
2446 4974 2574 5056 ἔχον
2605 4979 2953 5054 λάμποντας,
2982 4980 3073 5035 xui
3105 4980 3158 5035 ἐν
3187 4984 3256 5053 τῇ
3309 4980 3457 5055 χειρὶ
3489 4978 3649 5058 φέρον
3682 4981 3815 5035 σπά-

2153 5069 2371 5139 θην,καὶ
2406 5067 2728 5146 ἱπερώτησα
2751 5067 2990 5138 αὐτὸ,Σὺ
3014 5070 3097 5131 τίς
3120 5069 3202 5138 εἷς
3231 5069 3291 5126 Ὀ
3316 5066 3374 5124 δὲ
3397 5066 3674 5145 ἔφη-Ἐγώ
3697 5068 3813 5142 εἰμι

2152 5158 2345 5233 όχικὸν
2375 5164 2613 5234 πνεῦμα,
2647 5160 2939 5235 ἀνθρώπου
2968 5158 3219 5236 γίγαντος
3259 5158 3313 5214 ἐν
3356 5159 3534 5238 σφαγῇ
3564 5158 3813 5215 τετελευ-

2149 5247 2382 5318 τηκότος
2415 5247 2466 5302 ἐν
2524 5252 2605 5319 τῷ
2665 5253 2840 5324 καιρῷ
2896 5252 3001 5302 τῶν
3058 5249 3347 5324 γιγάντων.
3408 5251 3583 5305 Εἶπον
3641 5247 3812 5321 αὐτῷ,

2151 5336 2286 5411 Λέγι
2319 5357 2413 5410 μοι
2468 5336 2521 5392 τί
2578 5334 2925 5412 διαπράττιις
2951 5337 3039 5392 ἐπὶ
3069 5343 3170 5406 τῆς
3201 5343 3328 5413 γῆς·
3383 5338 3471 5392 xui
3505 5342 3614 5393 ποῦ
3663 5332 3815 5413 ἔχεις

2150 5426 2495 5499 οἰκητήριον.
2557 5427 2632 5482 Τὸ
2702 5423 2760 5481 δὲ
2820 5424 2945 5501 ἔφη·
3018 5427 3080 5483 Ἣ
3137 5426 3233 5500 μὶν
3291 5425 3542 5482 κατοικία
3592 5448 3697 5500 μου
3758 5426 3812 5482 ἐν

2147 5521 2265 5579 τοῖς
2305 5516 2677 5592 κατακάρποις
2725 5515 2953 5578 τόποις·
3010 5517 3045 5586 ἡ
3092 5511 3150 5570 δί
3215 5513 3440 5591 ἐργασία
3486 5537 3592 5589 μου
3650 5516 3810 5588 αὕτη,

2146 5613 2499 5689 παρακαθίζω
2557 5611 2787 5687 ἐμαυτὸν
2846 5618 2963 5676 τοῖς
3017 5609 3454 5689 παριργομὲνοις
3500 5615 3813 5689 ἀνθρώποις

2148 5702 2201 5757 ἰν
2245 5708 2361 5765 τοῖς
2412 5703 2703 5777 μνημείοις
2744 5702 2836 5760 xui
2893 5701 2947 5760 ἰν
3003 5701 3182 5778 ἀωρίᾳ
3227 5707 3578 5780 παραμορφῶ
3637 5702 3811 5777 ἐμαυ-

2144 5790 2237 5849 τὸν
2294 5796 2417 5857 τοῖς
2470 5790 2765 5850 τελευτῶσι
2798 5837 2815 5867 ,
2868 5793 2958 5850 καὶ
3020 5790 3068 5848 εἰ
3126 5788 3381 5869 λήψομαι
3432 5793 3555 5849 τινὰ
3605 5791 3811 5861 εὗθὲως
