4142 6388
291 447 442 509 1341

1438 452 2043 518 TESTAMENTUM
2087 453 2180 516 SA
2193 451 2569 516 LOMONIS.

3555 450 3719 511 i342

291 578 465 655 ἀνερῶ
522 578 680 635 αὐτὸν
732 580 893 659 ξίφειο
926 582 961 651 ἡ
1022 579 1081 637 6‘s
1137 582 1203 656 (εἰ
1258 580 1335 657 δὲ)
1378 584 1443 639 οὐ
1476 580 1690 655 δυνηθῶ
1722 583 1930 662 ἀναιρῆι

2066 586 2221 644 sicut
2250 589 2307 643 et
2335 590 2574 659 caeteros
2603 585 2868 659 spiritus.
2900 589 2966 643 Et
2978 585 3136 657 jussi
3166 588 3358 643 astare
3389 584 3534 642 mihi
3564 583 3723 640 aliud

290 688 400 739 σαι,
435 673 582 724 ποιῶ
632 670 790 726 αὐτὸν
843 668 1283 744 δαιμονίζεσθαι·
1316 674 1404 728 καὶ
1454 673 1551 736 τὰς
1607 671 1806 749 σάρκας
1850 675 1945 730 αύ-

284 761 384 812 τοῦ
443 757 649 833 (αὐτοῦ)
708 759 1002 816 κατεσθίειν
1057 762 1146 816 καὶ
1195 760 1325 826 τοὺς
1382 761 1608 827 στὲλους
1667 764 1790 836 (sic)
1842 763 1948 819 ἀπὸ

283 848 392 900 τῶν
442 846 659 924 γενείων
719 848 1027 926 καταῤῥεῖν.
1062 852 1238 926 Ἕφην
1303 849 1360 905 δὲ
1416 851 1598 923 αὐτῷ·
1658 847 1949 923 Φοϐήθητι

287 931 379 989 οῦν
432 935 523 989 τὸν
586 937 713 992 Θεὸν
769 942 868 993 τοῦ
926 939 1161 1014 ούρανοῦ
1216 939 1307 995 καὶ
1363 946 1464 1009 τῆς
1522 947 1650 1016 γῆς,
1683 940 1772 996 καὶ
1831 940 1950 995 εἷπὲ

2059 676 2419 732 daemonium
2455 693 2468 731 :
2502 681 2557 732 et
2586 681 2875 732 venerunt
2908 676 2966 731 in
3001 679 3319 747 conspectu
3352 690 3482 730 meo
3512 673 3722 746 trigin-

2056 769 2118 821 ta
2143 781 2242 821 sex
2267 766 2535 837 spiritus,
2569 782 2819 837 quorum
2840 766 3032 837 capita
3051 770 3113 820 ut
3143 763 3640 827 canesinformes.
3668 766 3726 817 et

2060 855 2122 909 in
2154 855 2301 926 ipsis
2348 860 2518 910 erant
2567 855 3040 920 hominil‘ormes,
3091 854 3392 910 asinorum
3440 852 3724 908 habentes

2061 942 2292 1011 faciem,
2326 943 2503 999 boum
2538 949 2596 999 et
2624 942 2975 999 volatilium.

294 1044 388 1096 μοι
420 1022 566 1097 ποίῳ
597 1023 814 1101 ἀγγέλῳ
843 1032 1091 1103 καταργῇ
1119 1028 1203 1083 σύ·
1235 1030 1298 1083 τὸ
1339 1026 1396 1084 δὶ
1426 1024 1550 1105 ἔφη.
1586 1029 1721 1104 Ἐμὶ
1747 1035 2004 1105 καταργεῖ
2033 1031 2061 1086 6
2096 1028 2319 1103 μὲλλων
2350 1033 2547 1108 Σωτὴρ
2589 1031 2840 1107 γενέσθαι
2873 1032 3180 1106 ἅνθρωπος,
3215 1030 3277 1086 ού
3328 1030 3392 1086 τὸ
3441 1035 3716 1105 στοιχεῖον

282 1110 333 1167 ἐν
367 1118 446 1187 τῷ
478 1115 719 1188 μετώπῳ
750 1112 906 1180 εἷ’-τις
938 1115 1250 1194 ἐπιγράφει,
1278 1120 1503 1190 ἡττήσει
1539 1140 1626 1192 με,
1660 1118 1749 1174 καὶ
1791 1113 2053 1197 φοϐηθεὶς
2104 1119 2596 1198 ἀποστραφήσομαι
2644 1121 2881 1195 ταχὲως·
2912 1119 3002 1175 καὶ
3054 1125 3217 1175 τοῦτο
3277 1117 3335 1174 δὶ
3379 1119 3440 1174 τὸ
3483 1124 3715 1193 σημεῖον

285 1201 374 1257 ἐάν
408 1222 489 1265 τις
517 1203 815 1279 ἐπιγράψῃ,
851 1201 1267 1281 φοϐηθήσομαι.
1302 1209 1398 1263 Καὶ
1430 1213 1593 1263 τοῦτο
1626 1207 1859 1273 ἀκούσας
1887 1207 1998 1283 ἐγὼ
2031 1208 2324 1283 Σολομῶν,
2359 1211 2447 1264 καὶ
2492 1207 2716 1281 δοξηὶσας
2752 1210 2955 1286 Κύριον
2983 1210 3074 1264 τὸν
3128 1209 3281 1275 Θεὸν,
3315 1206 3609 1264 ἀπέκλεισα
3657 1207 3720 1263 τὸ

280 1287 571 1365 δαιμόνιον
604 1291 785 1371 ὥσπερ
815 1295 904 1349 καὶ
937 1294 1116 1352 τᾶλλα
1136 1297 1437 1371 πνεύματα.
1474 1299 1567 1353 Καὶ
1603 1296 1858 1353 ἐκέλευσα
1888 1298 2141 1374 παρεῖναί
2176 1321 2268 1373 μοι
2298 1295 2479 1374 ἕτερον
2512 1296 2744 1373 δαίμονα
2769 1318 2782 1333 ·
2814 1300 2904 1354 καὶ
2935 1298 3109 1368 ἦλθον
3142 1298 3249 1374 πρὸ
3278 1298 3578 1374 προσώπου
3612 1318 3717 1371 μου

279 1383 574 1456 τριάκοντα
608 1382 664 1453 ’ἐξ
694 1384 998 1459 πνεύματα,
1034 1387 1089 1440 αἱ
1120 1388 1354 1465 κορυφαὶ
1388 1388 1563 1443 αὐτῶν
1597 1388 1670 1450 ὡς
1698 1387 1851 1451 κύνες
1894 1386 2157 1467 ἄμορφοι,
2192 1388 2242 1443 ἐν
2275 1387 2458 1452 αὐτοῖς
2492 1388 2549 1444 δὲ
2578 1389 2714 1459 ἦσαν
2762 1388 3263 1466 ἀνθρωπόμορφοι·
3310 1385 3715 1464 ὀνοπρόσωποι,

275 1470 724 1547 βουοπρὸσωποι,
758 1474 848 1529 καὶ
880 1472 1374 1551 πτηνοπρόσωποι.

342 1594 510 1670 Κάγὼ
545 1595 815 1670 Σολομῶν
849 1598 1082 1662 ἀκούσας
1129 1600 1220 1656 καὶ
1273 1600 1406 1658 ἰδὼν
1455 1602 1590 1658 αύτά
1644 1602 1943 1677 ἐθαύμασα,

266 1683 361 1738 καὶ
418 1683 740 1761 ἐπερώτησα
788 1686 925 1742 αύτά
976 1688 1170 1766 λέγων·
1207 1690 1365 1763 ὑμεῖς
1418 1691 1559 1756 τίνες
1615 1692 1771 1762 ἐστέ-,ς
1807 1694 1858 1747 0i.
1890 1692 1948 1748 δὶ

273 1771 632 1847 ὁμοθυμαδὸν
692 1780 792 1849 μιᾷ
851 1782 1007 1855 φωνῇ
1073 1774 1268 1855 ἔφασαν
1304 1802 1319 1815 ·
1378 1782 1571 1855 Ἢμεῖς
1644 1782 1804 1855 ἐσμὲν
1880 1782 1947 1837 τὰ

273 1864 571 1937 τριάκοντα
616 1862 672 1935 ’ἐξ
734 1873 1006 1941 στοιχεῖα,
1055 1869 1107 1922 οἱ
1164 1872 1605 1946 κοσμοκράτορες
1662 1876 1760 1926 τοῦ
1820 1871 1944 1927 σκό-

275 1971 406 2014 τους
431 1952 649 2024 τούτου,
687 1953 814 2010 ἀλλ’
841 1956 902 2010 οὐ
935 1953 1166 2032 δυνήσῃ,
1203 1958 1429 2034 βασιλεῦ
1470 1959 1767 2034 Σολομῶν,
1797 1964 1944 2033 ἡμᾶς

2128 1606 2196 1662 Et
2226 1623 2332 1678 ego
2355 1607 2653 1676 Salomon,
2683 1607 2933 1663 audiens
2952 1611 3010 1662 et
3032 1605 3238 1661 videns
3269 1622 3390 1673 eos,
3414 1603 3718 1677 obstupui,

2056 1697 2113 1750 et
2142 1695 2495 1767 interrogavi
2526 1713 2626 1752 eos
2659 1696 2860 1752 dicens
2896 1713 2908 1751 :
2943 1695 3192 1761 Quinam
3224 1693 3410 1749 estis?
3440 1693 3548 1757 Qui
3584 1709 3721 1748 una-

2055 1783 2290 1839 nimiter
2322 1802 2437 1840 una
2465 1801 2604 1840 voce
2624 1786 2940 1840 dixerunt:
2974 1783 3090 1839 Nos
3110 1800 3321 1839 sumus
3352 1782 3595 1854 triginta
3621 1798 3721 1837 sex

2055 1872 2342 1929 elementa
2372 1873 2614 1930 rectoris
2644 1874 3021 1929 tenebrarum
3056 1873 3305 1940 harum;
3340 1873 3436 1926 sed
3472 1888 3585 1926 non
3620 1887 3717 1943 po-

2054 1961 2219 2027 teris,
2254 1979 2351 2018 rex
2382 1962 2682 2031 Salomon,
2718 1962 2886 2018 nobis
2939 1977 3166 2031 nocere,
3201 1977 3307 2015 nec
3341 1960 3711 2029 concludere,

279 2038 560 2113 ἀδικῆσαι,
621 2041 750 2100 οὐδὲ
823 2044 1201 2117 κατακλεῖσαι,
1264 2046 1390 2103 οὐδὲ
1460 2048 1711 2105 κελεῦσαι
1782 2053 1930 2123 ἡμῖν,

2056 2068 2161 2107 nec
2191 2052 2483 2124 imperare
2530 2052 2700 2108 nobis
2733 2068 2745 2107 :
2777 2052 2878 2108 sed
2930 2050 3207 2122 quoniam
3241 2049 3529 2105 Dominus
3560 2049 3714 2104 Deus

275 2127 405 2185 ἀλλ’
451 2129 642 2201 ἐπειδὴ
698 2133 893 2204 Κύριος
927 2136 955 2189 6
1006 2137 1136 2201 Θεὸς
1181 2134 1351 2193 ἔδωκὲ
1409 2159 1493 2193 σοι
1549 2140 1649 2209 τήν
1696 2139 1935 2211 ἐξουσίαν

274 2218 365 2274 ἐπὶ
423 2222 621 2283 παντὸς
677 2222 1013 2296 πνεύματος,
1071 2226 1253 2300 ἀερῖου
1304 2248 1363 2282 τε
1409 2228 1499 2282 καὶ
1550 2228 1798 2304 ἐπιγείου
1846 2229 1937 2284 καὶ

270 2309 676 2385 καταχθονίου,
733 2308 823 2366 διὰ
898 2312 1060 2368 τοῦτο
1146 2315 1236 2369 καὶ
1316 2318 1480 2389 ἡμεῖς
1564 2319 1939 2392 παριστάμεθα

273 2395 505 2453 ἐνώπιόν
540 2420 640 2454 σου
688 2400 765 2463 ὡς
807 2401 876 2457 τὰ
929 2400 1098 2458 λοιπᾶ
1144 2405 1444 2478 πνεύματα·
1480 2405 1586 2460 ἀπὸ
1636 2411 1800 2483 Κριοῦ
1847 2407 1937 2463 καὶ

269 2487 500 2565 Ταύρου,
549 2487 792 2564 Διδύμου
846 2513 906 2546 τε
962 2493 1051 2548 καὶ
1104 2497 1389 2570 καρήγγου
1447 2498 1766 2570 (καρήννου)
1815 2500 1937 2570 (sic)

268 2575 525 2645 Λέοντος,
555 2580 645 2633 καὶ
698 2581 995 2653 Παρθένου,
1027 2587 1196 2658 Ζυγοῦ
1241 2604 1300 2638 τε
1348 2584 1442 2639 καὶ
1497 2585 1795 2659 Σκορπὶου,
1835 2593 1933 2641 Το-

266 2665 448 2736 ξότου,
482 2666 906 2743 Ἀἷγοκέρωτος,
966 2668 1291 2747 Ὑδροχόου,
1347 2673 1437 2729 καὶ
1494 2674 1733 2749 Ἰχθύος.
1796 2675 1936 2732 Τότε

265 2753 383 2840 ἐγω
462 2755 736 2831 Σολομῶν
806 2758 1267 2829 ἐπικαλεσάμενος
1344 2762 1405 2817 τὸ
1478 2760 1654 2835 ὄνομα
1732 2765 1934 2840 Κυρίου

274 2838 529 2913 Σαϐαὼθ,
579 2845 913 2920 ἐπηρώτησα
958 2848 1098 2904 αῦτά
1154 2850 1272 2904 καθ’
1327 2846 1421 2905 ἕνα
1479 2851 1673 2913 ὁποῖος
1727 2838 1935 2928 τρόπος

274 2933 447 2986 αὐτῶν
504 2934 767 3010 τυγχάνει
802 2956 814 2968 ·
872 2938 963 2991 καὶ
1020 2936 1277 2995 ἐκέλευσα
1334 2939 1496 3002 αὐτὸς
1562 2937 1657 2995 ἕνα
1711 2937 1935 2997 ἕκαστον

274 3019 350 3081 εἷς
402 3022 463 3075 τὸ
517 3024 684 3096 μέσον
737 3024 966 3090 ἐλθόντα
1017 3026 1186 3083 εἰπεῖν
1261 3029 1362 3098 τὴν
1445 3029 1636 3085 ἑαυτοῦ
1719 3034 1929 3105 πρᾶξιν.

276 3104 411 3166 Τότε
460 3112 780 3187 προσελθὼν
809 3116 836 3169 ὁ
885 3120 1105 3189 πρῶτος
1162 3117 1328 3173 εἶπεν·
1361 3119 1508 3191 Ἐγώ
1546 3118 1662 3191 εἰμί
1703 3120 1731 3175 6
1765 3104 1931 3196 πρῶ-

269 3219 364 3263 τος
421 3197 761 3275 (διακονοςίῖ)
821 3201 1040 3268 δεκανὸς
1097 3210 1192 3260 τοῦ
1252 3203 1522 3276 ζωδιακοῦ
1578 3208 1809 3282 κύκλου,
1870 3210 1930 3274 ὃς

263 3286 546 3363 καλοῦμαι
596 3292 791 3367 Κριὸς,
822 3293 910 3348 καὶ
974 3295 1090 3366 μετ’
1120 3293 1256 3366 ἐμοῦ
1304 3296 1356 3350 οἳ
1414 3294 1508 3351 δύο
1567 3298 1713 3353 οὗτοι
1747 3317 1759 3331 ο
1793 3296 1930 3366 ἐπη-

2049 2142 2212 2197 dedit
2242 2141 2345 2196 tibi
2394 2147 2745 2211 potestatem
2799 2141 2995 2197 omnis
3042 2139 3291 2211 spiritus
3339 2138 3502 2207 aerii,
3535 2142 3710 2193 terre-

2050 2232 2190 2287 stris
2238 2236 2294 2287 et
2340 2231 2733 2296 subterranei,
2786 2234 3026 2303 propter
3075 2229 3185 2285 hoc
3233 2233 3291 2283 et
3339 2245 3445 2283 nos
3475 2232 3705 2284 stamus

2048 2326 2183 2376 ante
2214 2326 2292 2389 te,
2323 2326 2387 2376 ut
2409 2320 2616 2392 reliqui
2639 2320 2905 2392 spiritus,
2934 2318 3135 2391 procul
3157 2319 3227 2374 ab
3247 2318 3463 2386 Ariete,
3486 2318 3703 2386 Tauro,

2048 2410 2343 2481 Gemellis,
2400 2412 2612 2467 crinito
2665 2410 2872 2477 Leone,
2922 2408 3182 2480 Virgine,
3228 2408 3495 2473 Trutiua,
3535 2406 3702 2462 Scor-

2048 2500 2240 2570 pione.
2287 2499 2625 2570 Sagittario,
2675 2498 3052 2570 Capricorno,
3102 2497 3358 2568 Aquario
3407 2501 3464 2551 et
3520 2494 3703 2550 Pisce.

2044 2589 2191 2644 Tum
2224 2606 2329 2661 ego
2380 2587 2689 2654 Salomon,
2732 2587 2993 2643 invocato
3046 2586 3283 2642 nomine
3336 2585 3564 2640 Domini
3602 2584 3702 2638 Sa-

2044 2677 2245 2747 baoth,
2275 2676 2628 2748 interrogavi
2670 2693 2771 2732 eos
2820 2675 3145 2747 sigillatim,
3176 2692 3449 2746 quaenam
3497 2690 3701 2729 eorum

2046 2765 2272 2823 indoles
2304 2771 2499 2834 esset;
2537 2770 2592 2820 et
2615 2765 2769 2836 jussi
2800 2783 2906 2837 ego
2940 2770 3005 2821 ut
3049 2764 3461 2835 unusquisque
3486 2763 3544 2818 in
3581 2778 3700 2817 me-

2044 2857 2140 2912 dio
2170 2856 2439 2922 veniens,
2469 2873 2639 2911 suam
2689 2855 2909 2911 diceret
2950 2855 3375 2927 operationem.
3408 2854 3573 2908 Tunc
3604 2868 3703 2907 vc-

2044 2945 2214 3002 niens
2245 2946 2474 3018 primus
2506 2945 2588 3001 ait
2619 2963 2632 3001 :
2665 2946 2785 3017 Ego
2833 2961 2965 3000 sum
2998 2944 3226 3016 primus
3259 2942 3528 2998 minister
3556 2941 3702 3013 cycli

2042 3034 2265 3090 zodiaci
2297 3035 2398 3105 qui
2428 3050 2601 3090 vocor
2642 3033 2828 3102 Aries,
2863 3038 2920 3088 et
2950 3049 3178 3088 mecum
3213 3033 3329 3087 duo
3362 3032 3481 3087 isti.
3515 3032 3701 3087 Inter-

2044 3123 2239 3194 rogavi
2267 3124 2448 3195 igitur
2496 3139 2593 3178 eos
2628 3139 2640 3176 :
2690 3123 2940 3187 Quinam
2992 3120 3335 3177 vocamini?
3367 3120 3529 3177 Unus
3572 3119 3700 3175 ait:

2041 3215 2178 3282 Ego,
2213 3212 2472 3281 domine,
2508 3213 2670 3267 Ruax
2720 3227 2936 3279 vocor;
2988 3212 3180 3281 capita
3211 3209 3518 3266 hominum
3552 3208 3701 3264 facio

2041 3306 2106 3356 ut
2135 3301 2207 3355 ab
2238 3318 2411 3373 opere
2443 3306 2692 3368 cessent,
2726 3307 2784 3356 et
2820 3305 3086 3371 tempora
3114 3300 3348 3354 denudo
3375 3315 3389 3365 ;
3425 3297 3473 3352 si
3504 3295 3698 3353 solum

268 3377 493 3451 ρώτησα
555 3378 646 3435 οῦν
696 3380 892 3444 αὐτοὺς
917 3400 931 3413 ·
963 3384 1115 3447 Τίνες
1162 3384 1413 3441 καλεῖσθε
1439 3404 1453 3454 ;
1485 3386 1545 3443 '0
1600 3386 1693 3460 μὲν
1724 3393 1769 3442 α’
1797 3384 1923 3465 ἔφη,

2042 3390 2276 3445 audiam
2313 3408 2326 3447 :
2359 3389 2623 3459 Michael,
2669 3389 2815 3460 ejice
2866 3389 3052 3458 Ruax,
3085 3387 3258 3443 citius
3309 3386 3569 3442 discedo.
3603 3385 3697 3440 A1-

267 3466 432 3543 Ἐγὼ,
487 3468 669 3545 Κύριε,
726 3470 880 3542 Ῥύαξ
954 3470 1259 3547 καλοῦμαι,
1323 3473 1563 3553 κεφαλὰς
1623 3476 1926 3551 ἀνθρώπων

263 3565 409 3616 ποιῶ
468 3562 673 3638 ἀργεῖν,
734 3562 823 3618 καὶ
895 3564 1201 3642 κροτάφους
1281 3565 1552 3635 σκυλεύω,
1611 3568 1686 3630 ὡς
1762 3567 1922 3640 μόνον

260 3650 513 3718 ἀκοῦσαι,
546 3651 801 3726 Μιχαὴλ·
837 3650 1066 3709 ἔκλυσον
1118 3654 1271 3728 Ῥύαξ
1324 3654 1480 3720 εὐθὺς
1539 3657 1836 3732 ἀναχωρῶ.
1865 3659 1926 3714 '0

260 3736 317 3795 δὶ
378 3740 423 3815 β’
454 3737 577 3819 ἔφη’
613 3743 755 3818 Ἐγὼ
813 3743 1148 3821 Βαρσαφαὴλ
1204 3744 1503 3818 καλοῦμαι,
1535 3748 1570 3815 ὴ
1631 3749 1924 3821 μικράνοες

256 3834 407 3885 ποιῶ
458 3828 642 3905 ἀλγεῖν
690 3831 820 3894 τοὺς
876 3831 931 3886 ἐν
989 3835 1059 3906 τῇ
1117 3833 1233 3907 ὥρᾳ
1290 3854 1396 3909 μου
1446 3835 1774 3907 κειμένους’
1834 3835 1924 3890 ἐὰν

263 3918 434 3992 μόνον
467 3918 707 3993 ἀκούσω,
740 3915 1010 3997 Γαϐριὴλ,
1057 3916 1321 3996 ἔγκλησον
1376 3921 1735 4001 Βαρσαφαήλ,
1765 3924 1923 3987 εὐθὺς

259 4008 559 4083 ἀναχωρῶ.
591 4010 653 4066 Ὀ
710 4014 896 4085 τρῖτος
953 4008 1084 4087 ἔφη’
1137 4011 1277 4085 Ἐγὼ
1336 4011 1680 4087 Ἀρατοσαήλ
1726 4011 1926 4068 καλοῦ-

261 4118 386 4171 μαι,
420 4094 739 4171 ὀφθαλμοὺς
770 4096 941 4154 ἀδικῶ
963 4119 976 4134 ο
1007 4099 1100 4154 καὶ
1150 4097 1356 4177 σφόδρα
1408 4100 1661 4177 βλάπτω,
1692 4103 1765 4161 ὡς
1821 4103 1922 4176 μό-

257 4209 343 4243 νον
410 4188 660 4255 ἀκοῦσαι,
719 4187 957 4264 Οῦριήλ,
1012 4186 1280 4267 ἕγκλησον
1341 4191 1703 4266 Ἀρατοσαήλ,
1765 4192 1925 4258 εὐθὺς

255 4277 534 4353 ἀναχωρῶ
591 4280 727 4351 (11(.
777 4279 840 4336 '0
898 4286 933 4335 ε’
989 4278 1114 4358 ἔφη·
1150 4280 1289 4355 Ἐγὼ
1347 4278 1562 4337 Ἰουδάλ
1622 4280 1920 4356 καλοῦμαι,

255 4360 511 4444 ἕκφραειν
573 4365 776 4435 ὠτίων,
807 4368 898 4422 καὶ
960 4370 1237 4446 σφήνωσιν
1298 4369 1474 4424 ἀκοῶν
1533 4370 1801 4427 ἐπιτελῶ·
1835 4370 1923 4429 ἐὰν

253 4455 497 4523 ἀκούσω,
531 4455 789 4532 Ούρουήλ
822 4453 1142 4531 [ἕγκλησον]
1171 4455 1385 4514 Ἰουδάλ
1417 4458 1574 4521 εὐθὺς
1628 4460 1919 4536 ἀναχωρῶ.

249 4546 310 4602 '0
341 4545 390 4608 ς’
416 4541 541 4622 ἔφη·
570 4546 712 4622 Ἐγὼ
744 4543 1100 4621 Σφενδοναὴλ
1130 4545 1758 4622 καλοῦμαι,παρωτιδας
1776 4555 1921 4604 ποιῶ

252 4635 339 4690 καὶ
380 4634 708 4709 παρίσθμια,
748 4636 838 4690 καὶ
871 4635 1218 4711 ὁπισθότονα,
1240 4634 1328 4691 ἐὰν
1358 4635 1595 4706 ἀκούσω,
1631 4632 1918 4713 Σαϐραήλ,

253 4718 527 4798 ἔγκλησω
590 4721 965 4801 Σφενδοναὴλ,
1016 4724 1171 4788 εὐθὺς
1228 4724 1525 4801 ἀναχωρῶ.
1568 4728 1627 4784 Ὀ
1679 4731 1720 4796 ζ’
1764 4723 1866 4802 ἔφη
1904 4747 1916 4761 ·

255 4810 405 4887 Ἐγὼ
456 4809 721 4889 Σφανδὼρ
772 4813 1048 4888 καλοῦμαι
1098 4810 1268 4887 ὤμων
1318 4812 1546 4889 δύναμιν
1590 4812 1922 4872 ἐλαττῶκαὶ

254 4899 494 4970 σαλεύω,
522 4902 614 4956 καὶ
663 4906 868 4977 χειρῶν
918 4908 1079 4979 νεῦρα
1126 4902 1431 4980 παραλύω·
1464 4904 1553 4959 καὶ
1605 4903 1737 4959 ὀστᾶ
1792 4926 1920 4961 ποι-

254 4993 457 5064 χαμῶν
524 4991 595 5063 (Ῠ)
662 4985 956 5064 συντρίόω,
1009 4990 1102 5046 καὶ
1168 4990 1403 5064 μυελοὺς
1467 4991 1772 5064 ἑκπιπύζω,
1833 4993 1923 5050 ἐὰν

253 5077 493 5151 ἀκούσω,
546 5079 784 5153 Ἄραψι,
850 5075 1124 5155 ἕγκλησον
1197 5078 1488 5159 Σφανδὼρ,
1561 5080 1719 5146 εὐθὺς
1786 5083 1920 5138 ἀνα-

252 5173 447 5244 χωρῶ.
502 5172 562 5226 Ὀ
601 5169 651 5239 η’
703 5166 829 5247 ἔφη·
882 5170 1019 5244 Ἐγὼ
1067 5164 1279 5227 Βελϐὶλ
1330 5170 1632 5244 καλοῦμαι,
1691 5169 1917 5248 καρδίας

252 5256 559 5329 ἀνθρώπων
652 5258 740 5313 καὶ
820 5259 1014 5336 φρένας
1088 5255 1392 5335 διαστρέφω
1426 5280 1440 5295 ·
1518 5260 1607 5316 ἐὰν
1700 5261 1917 5318 ἀκούσω

246 5345 463 5428 ςΛραήλ
497 5341 769 5423 ἕγκλησον
794 5342 1029 5419 Βελϐὶλ,
1072 5346 1230 5411 εὐθὺς
1281 5348 1575 5425 ἀναχωρῶ.
1608 5350 1670 5405 '0
1702 5350 1745 5404 θ’
1775 5348 1876 5428 ἔφη
1899 5371 1912 5385 ·

249 5420 397 5511 Ἐγὼ
471 5420 765 5512 Κουρταήλ
839 5436 1115 5511 καλοῦμαι
1151 5456 1164 5469 ’
1244 5420 1512 5514 στρόφους
1597 5436 1649 5496 ἐν
1725 5420 1919 5514 κοιλίᾳ

324 5801 436 5875 (lt)
467 5803 572 5863 Hic
602 5802 776 5863 omisi
805 5820 932 5879 quas
961 5823 1018 5865 v.
1048 5805 1111 5866 in
1140 5806 1425 5866 additam.
1464 5805 1577 5865 sub
1620 5804 1840 5880 signo')

2039 3485 2129 3535 ter
2159 3480 2402 3551 aitzEgo
2433 3477 2787 3550 Barsaphael
2815 3495 2987 3535 vocor
3014 3496 3029 3548 ;
3062 3477 3161 3549 qui
3186 3481 3248 3532 ut
3264 3474 3697 3546 aliquantulum

2037 3568 2273 3625 doleant
2301 3569 2412 3624 sub
2443 3574 2706 3640 tempore
2725 3570 3133 3639 meojacentes
3164 3565 3356 3621 efﬁcio
3382 3585 3395 3633 ;
3429 3565 3479 3620 si
3503 3564 3698 3620 solum

2036 3658 2275 3717 audiam
2309 3675 2323 3713 :
2359 3657 2615 3723 Gabriel,
2650 3658 2891 3729 increpa
2938 3655 3319 3728 Barsaphael,
3373 3655 3574 3711 statim
3606 3670 3696 3709 re-

2034 3750 2247 3801 vertor.
2280 3746 2518 3802 Tertius
2548 3747 2627 3801 ait
2657 3761 2670 3801 :
2707 3747 2823 3817 Ego
2852 3744 3154 3801 Aratosael
3205 3744 3479 3800 nominor
3505 3760 3521 3811 ;
3552 3758 3699 3797 ocu-

2033 3832 2122 3889 los
2152 3834 2319 3903 laede,
2351 3839 2411 3890 et
2459 3851 2674 3907 magno
2721 3835 2915 3890 afticio
2964 3833 3355 3902 detrimento;
3406 3831 3459 3887 si
3501 3829 3695 3886 solum

2034 3922 2269 3978 audiam
2304 3941 2317 3978 :
2350 3923 2525 3989 Uriel,
2576 3923 2819 3996 increpa
2866 3920 3183 3989 Aratosael,
3227 3920 3425 3976 statim
3464 3920 3694 3975 recedo.

2035 4013 2288 4077 Quintus
2319 4013 2447 4069 ait:
2483 4014 2597 4083 Ego
2640 4010 2854 4068 Joudal
2907 4028 3116 4079 vocor;
3170 4010 3404 4067 aurium
3455 4009 3693 4064 obstru-

2034 4103 2288 4158 ctionem
2348 4102 2512 4169 tollo,
2560 4106 2617 4156 et
2665 4118 2905 4157 rursum
2954 4099 3250 4168 immitto;
3302 4099 3352 4154 si
3400 4097 3690 4155 audiero:

2033 4190 2233 4258 Uruel,
2263 4190 2475 4247 Joudal
2507 4190 2813 4263 (increpa),
2861 4190 3175 4245 confestim
3220 4189 3447 4244 recedo.
3482 4187 3692 4243 Sextus

2032 4280 2158 4337 ait:
2195 4286 2310 4353 Ego
2353 4280 2765 4352 Sphendonacl
2819 4278 3110 4349 nominor,
3143 4279 3245 4349 qui
3296 4276 3594 4349 parotidas
3637 4280 3695 4332 et

2034 4370 2293 4426 faucium
2343 4368 2670 4442 glandulas,
2700 4373 2758 4425 et
2800 4385 3111 4424 nervorum
3160 4383 3427 4423 aversam
3473 4365 3692 4422 tensio-

2033 4476 2166 4515 nem
2189 4459 2375 4529 facio;
2410 4459 2459 4514 si
2500 4459 2784 4515 audiero:
2818 4458 3083 4522 Sabrael,
3116 4457 3355 4527 increpa
3392 4455 3692 4527 Spbendo.

2034 4546 2187 4615 nael,
2218 4546 2419 4602 statim
2465 4546 2691 4601 recedo.
2738 4546 3041 4617 Septimus
3070 4544 3153 4600 ait
3184 4561 3195 4600 :
3233 4545 3348 4616 Ego
3380 4543 3693 4615 Sphandor

2033 4652 2243 4704 vocor;
2274 4636 2657 4692 humerorum
2687 4637 2868 4691 robur
2914 4635 3208 4690 imminuo
3240 4640 3297 4689 et
3326 4648 3688 4702 commoveo,

2034 4729 2091 4779 et
2122 4741 2407 4780 manuum
2439 4741 2646 4780 nervos
2681 4724 2930 4793 resolvo,
2950 4726 3007 4779 et
3038 4739 3175 4778 ossa
3201 4722 3418 4794 pedum
3441 4719 3687 4789 resolvo,

2031 4817 2089 4870 et
2146 4814 2467 4870 medullam
2525 4814 2583 4870 in
2635 4813 2861 4868 saniem
2912 4816 3222 4879 converto;
3274 4809 3324 4865 si
3371 4810 3613 4865 audiero
3671 4824 3686 4863 :

2029 4903 2222 4971 Arae],
2255 4903 2495 4974 increpa
2544 4902 2876 4975 Sphandor,
2921 4900 3122 4958 statim
3175 4900 3402 4956 recedo.
3436 4897 3690 4954 Octavus

2032 4994 2114 5049 ait
2164 5010 2176 5048 :
2237 4993 2357 5065 Ego
2415 4991 2611 5048 Belbel
2668 4990 2977 5061 nominor;
3034 4988 3345 5045 hominum
3403 4988 3581 5043 corda
3634 4992 3692 5042 et

2031 5085 2262 5137 mentes
2320 5085 2592 5137 converto
2641 5080 2703 5135 in
2755 5079 3017 5146 malum;
3069 5078 3119 5134 si
3172 5079 3415 5136 audiero
3450 5094 3463 5132 :
3497 5074 3686 5143 Arael,

2029 5171 2267 5244 increpa
2293 5170 2513 5239 Belbel,
2549 5169 2747 5225 statim
2780 5168 2959 5241 fugio.
2998 5168 3204 5226 Nonus
3232 5167 3315 5223 ait
3346 5184 3359 5222 :
3398 5167 3513 5238 Ego
3544 5165 3687 5221 Cur-

2027 5262 2146 5319 tael
2192 5277 2403 5329 vocor;
2452 5263 2751 5317 tormenta
2798 5257 3097 5314 intestinis
3145 5256 3422 5325 immitto,
3456 5254 3689 5311 labores

2026 5351 2283 5416 induco;
2333 5350 2384 5406 si
2417 5348 2655 5405 audiero
2688 5364 2702 5403 :
2734 5347 2934 5416 Jaoth,
2979 5346 3217 5418 increpa
3253 5344 3510 5415 Curtael,
3543 5360 3686 5400 con-

2026 5441 2224 5498 festim
2273 5440 2504 5496 recedo.
2552 5438 2824 5494 Decimus
2854 5438 2937 5494 ait
2971 5453 2987 5491 :
3019 5435 3164 5491 Mihi
3214 5435 3534 5491 Metathiax
3581 5450 3686 5490 no-
