4142 6388
449 455 602 514 1343

1411 459 1812 520 APPENDIX
1858 459 1962 520 AD
2007 456 2480 520 MlCHAELEM
2522 458 2916 521 PSELLUM.

3721 451 3883 510 1344

449 605 620 658 men;
658 607 967 648 nervorum
1001 591 1232 648 dolores
1282 593 1512 662 efﬁcio;
1565 596 1613 650 si
1647 594 1883 652 audiere
1918 610 1930 649 :
1964 594 2100 649 Ado-

2225 591 2536 666 ἀποπέμπω
2569 611 2584 626 ⁰
2643 592 2842 654 πόνους
2922 591 3104 666 ἐπάγω
3137 633 3150 659 ,
3201 586 3291 644 έάν
3377 584 3593 641 ἀκούσω
3678 582 3883 653 ’Ῐαὼθ,

450 680 601 748 nael,
633 681 872 752 increpa
899 682 1237 748 Metathiax,
1273 683 1390 738 cito
1421 683 1581 755 fugo.

2217 680 2485 756 ἔγκλησον
2541 681 2876 753 Κουρταῆλ,
2938 680 3094 742 εὐθὺς
3150 679 3459 754 ἀναχωρῶ.
3535 680 3575 728 Ο
3637 680 3666 728 ι’
3724 668 3827 751 ἔφη
3867 690 3881 704 '

452 767 597 842 Ἐγὼ
653 770 946 842 Μεταθιάξ,
1005 768 1334 844 καλοῦμαι·
1390 771 1617 847 νεφροὺς
1678 775 1821 826 ποιῶ
1893 775 2122 829 ’πονεῖν⁹
2187 770 2274 826 έάν
2359 770 2576 827 ἀκούσω
2637 767 2952 840 Ἀὃωναήλ,
3025 765 3290 844 ἔγκλησον
3371 763 3664 836 Μεταθιᾶξ,
3721 759 3885 823 εὐθὺς

453 875 748 931 αναχωρω.

517 966 876 1024 Undecimus
909 969 990 1024 ait
1019 985 1032 1026 :
1067 971 1186 1044 Ego
1210 971 1607 1028 Catanicotael
1632 987 1841 1038 vocor;
1877 986 2105 1042 pugnas

443 1057 500 1109 et
549 1055 874 1126 injustitias
919 1059 1080 1114 domi
1129 1061 1341 1129 efﬁcio,
1386 1061 1663 1116 duritiam
1714 1058 2006 1125 immitto;
2054 1059 2105 1113 si

441 1143 576 1214 quis
608 1143 746 1200 velit
776 1163 977 1217 pacem
1030 1165 1380 1220 componere
1411 1150 1470 1204 in
1515 1151 1688 1205 domo
1721 1165 1849 1214 sua,
1885 1147 2108 1202 scribat

440 1231 499 1285 in
533 1239 758 1304 septem
798 1235 933 1291 folia
965 1237 1240 1308 Daphnes
1292 1255 1503 1294 nomen
1536 1236 1837 1292 domantis
1869 1252 1962 1290 me
1993 1253 2101 1290 an-

442 1320 578 1392 geli,
633 1328 688 1377 et
720 1323 840 1378 haec
871 1325 1113 1380 nomina
1145 1343 1158 1381 :
1190 1330 1314 1393 Jae,
1354 1328 1481 1391 Jeo,
1531 1325 1632 1380 filii
1685 1324 1964 1390 Sabaoth,
2001 1339 2106 1395 per

441 1426 655 1465 nomen
692 1414 890 1484 magni
924 1415 1047 1482 Dei,
1080 1415 1404 1486 increpatio
1433 1417 1534 1471 ﬁat
1563 1420 1764 1470 contra
1794 1413 2099 1470 Catanico-

440 1499 554 1553 tael
587 1519 600 1566 ;
635 1500 845 1557 deinde
875 1503 1078 1560 lavans
1111 1505 1386 1577 Daphnes
1432 1505 1570 1561 folia
1601 1506 1658 1560 in
1694 1521 1868 1576 aqua,
1902 1519 2102 1574 asper-

439 1593 538 1658 gat
569 1605 724 1660 aqua
763 1591 1003 1646 domum
1053 1610 1223 1648 suam
1273 1594 1344 1648 ab
1377 1593 1757 1649 interioribus
1811 1608 1998 1663 usque
2030 1591 2102 1646 ad

438 1677 740 1742 exteriora,
775 1683 831 1734 et
877 1682 1077 1736 statim
1127 1683 1354 1738 recedo.
1390 1682 1787 1738 Duodecimus
1819 1682 1900 1736 ait
1932 1699 1944 1736 :
1987 1681 2102 1752 Ego

437 1765 814 1836 Saphatorael
849 1771 1159 1837 nominor;
1212 1771 1615 1827 dissensiones
1665 1770 1921 1826 immitto
1953 1770 2105 1824 inter

435 1853 726 1925 homines,
759 1862 817 1911 et
867 1861 1095 1930 gaudeo
1145 1860 1555 1916 scandalizans
1599 1877 1737 1927 eos;
1773 1860 1820 1916 si
1868 1860 1998 1930 quis
2041 1859 2101 1914 in

444 1942 647 1998 charta
695 1946 1000 2018 scripserit
1051 1952 1293 2004 nomina
1343 1949 1464 2004 hazc
1517 1949 1904 2020 angelorum:
1937 1949 2103 2014 Jaeo,

2286 973 2343 1026 '0
2401 970 2465 1023 ια’
2520 963 2618 1046 ἔφη
2657 986 2672 1002 ⁸
2715 969 2857 1044 Ἐγὼ
2919 963 3335 1034 Κατανικοταήλ
3395 959 3711 1034 καλοῦμαιο
3773 959 3880 1030 μά-

2216 1077 2318 1133 χας
2348 1058 2437 1113 καὶ
2479 1055 2693 1122 ἀδικίας
2739 1059 2855 1114 κατ’
2888 1056 3072 1118 οἷ’κους
3118 1059 3284 1122 ποιῶ,
3319 1052 3410 1108 καὶ
3461 1048 3724 1124 σκληρίαν
3757 1049 3885 1120 (sic)

2213 1145 2548 1221 έπιπέμπω’
2613 1147 2700 1202 έάν
2755 1169 2840 1210 τις
2899 1145 3030 1220 Θέλῃ
3088 1143 3383 1219 εἰρηνεύειν
3445 1140 3522 1202 εἷς
3578 1139 3672 1194 τὸν
3729 1137 3877 1192 οἷκον

2215 1236 2402 1305 αὐτοῦ,
2449 1239 2713 1312 γραψάτω
2764 1237 2840 1301 εἷς
2893 1236 3030 1291 ἒπτά
3081 1233 3266 1314 φῦλλα
3322 1229 3524 1310 δάφνης
3580 1229 3643 1284 τὸ
3702 1223 3877 1299 ὄνομα

2211 1330 2309 1380 τοῦ
2340 1327 2748 1402 καταργοῦντός
2784 1347 2850 1399 με
2881 1322 3144 1401 ἀγγέλου,
3177 1323 3266 1378 καὶ
3297 1325 3463 1377 ταῦτα
3509 1319 3576 1373 τὰ
3613 1317 3874 1390 ὀνόματα,

2215 1415 2338 1485 Ἰαὶ,
2372 1416 2509 1485 Ἱεὼ,
2543 1417 2653 1471 υἱοὶ
2705 1411 2958 1482 Σαϐαὼθ,
2994 1413 3084 1469 διὰ
3132 1413 3194 1468 τὸ
3243 1409 3415 1484 ὄνομα
3468 1413 3566 1464 τοῦ
3629 1403 3877 1481 μεγάλου

2214 1509 2348 1559 Θεοῦ
2407 1503 2728 1578 ἐγκλησάτω
2786 1509 2866 1577 τῷ
2925 1499 3342 1571 Κατανικοταῆλ
3379 1519 3392 1532 ⁰
3455 1499 3568 1554 εἶτα
3648 1494 3874 1551 πλύνων

2211 1593 2278 1646 τά
2323 1590 2682 1671 ὃαφνόιρυλλα
2740 1593 2827 1648 ἐπὶ
2880 1599 2977 1649 τοῦ
3021 1591 3215 1654 ὕδατος
3277 1588 3516 1665 ῥεύνατω
3578 1587 3735 1659 (sic?)
3778 1585 3877 1640 τὸν

2215 1683 2360 1737 οἶκον
2424 1683 2588 1738 αὐτοῦ
2670 1683 2750 1755 τῷ
2819 1681 2972 1738 ὕδατι
3048 1682 3154 1738 ἀπὸ
3242 1678 3345 1735 ἔσω
3423 1676 3529 1739 ἓως
3598 1675 3718 1747 ἔξω,
3779 1674 3881 1729 καὶ

2215 1771 2372 1835 εὐθὺς
2432 1773 2728 1847 ἀναχωρῶ.
2763 1774 2824 1830 Ὁ
2877 1774 2946 1848 ιβ’
2978 1769 3104 1846 ἔφη.
3135 1771 3281 1846 Ἐγὼ
3343 1762 3726 1846 Σαφαθωραὴλ
3776 1785 3881 1818 κα-

2216 1859 2421 1934 λοῦμαι
2464 1859 2819 1938 διχοστασίαν
2853 1856 3081 1934 ἐμϐάλω
3113 1865 3231 1922 τοῖς
3282 1859 3591 1934 ἀνθρώποις
3640 1854 3730 1910 καὶ
3789 1853 3884 1907 εὐ-

2214 1952 2509 2028 φραίνομαι
2560 1951 2758 2014 αὐτοὺς
2807 1949 3201 2021 σκανδαλίζων,
3252 1949 3340 2004 έάν
3388 1968 3472 2010 τις
3533 1945 3607 2008 εἲς
3658 1945 3880 2020 χάρτην

435 2031 621 2100 Jealo,
656 2034 862 2103 Joelet,
895 2037 1174 2103 Sabaoth,
1206 2039 1379 2109 Itbat,
1408 2040 1532 2106 Jac,
1564 2045 1620 2095 et
1651 2038 1877 2111 plicans
1909 2038 2100 2093 tulerit

2214 2040 2487 2116 ἐπιγράψῃ
2546 2045 2710 2096 ταῦτα
2766 2043 2834 2096 τὰ
2893 2041 3134 2114 ὀνόματα
3207 2044 3316 2094 τῶν
3393 2034 3641 2113 ἀγγέλων
3695 2035 3876 2100 ἰαεῶ,

437 2121 586 2177 collo
620 2141 750 2190 suo,
783 2125 868 2180 vel
899 2143 968 2181 ea
996 2126 1054 2180 in
1089 2145 1287 2183 aurem
1325 2129 1605 2200 posuerit,
1631 2128 1831 2183 statim
1865 2128 2093 2196 recedo,

441 2217 497 2266 et
527 2212 866 2269 ebrietatem
900 2216 1081 2271 solvo.
1107 2217 1381 2273 Decimus
1401 2218 1610 2273 tertius
1641 2217 1724 2273 ait
1751 2234 1762 2272 :
1788 2221 1903 2289 Ego
1929 2215 2099 2272 Bobel

439 2317 631 2372 vocor,
666 2321 975 2361 nervorum
1029 2309 1458 2364 contractiones
1508 2309 1736 2375 efficio;
1771 2309 1818 2364 si
1842 2309 1966 2379 jam
1999 2323 2100 2362 ex-

438 2393 774 2460 ardescens,
811 2396 1008 2468 magni
1045 2397 1294 2453 Adonael
1343 2415 1556 2454 nomen
1591 2397 1831 2453 audiero
1865 2397 1978 2468 (cui
2011 2396 2098 2452 di-

437 2484 624 2554 cetur)
660 2500 672 2538 :
708 2485 947 2556 increpa
989 2486 1279 2553 Bothotel,
1312 2488 1512 2543 statim
1561 2488 1790 2543 recedo.
1823 2487 2100 2542 Decimus

435 2577 680 2642 quartus
713 2573 840 2628 ait:
876 2575 994 2645 Ego
1042 2576 1385 2632 Cumentael
1438 2593 1646 2643 vocor;
1698 2577 2000 2632 horrorem
2044 2578 2102 2630 et

433 2665 729 2731 torporem
764 2663 1018 2718 immitto
1046 2689 1060 2731 ;
1108 2666 1157 2718 si
1209 2665 1399 2720 solum
1433 2666 1672 2722 audiero
1710 2682 1723 2720 :
1753 2664 1974 2734 Jaroel,
2007 2665 2099 2719 in—

437 2765 612 2822 crepa
643 2751 1005 2820 Cumentael,
1041 2754 1352 2809 confestim
1379 2755 1603 2811 recedo.
1640 2755 1915 2810 Decimus
1937 2752 2102 2824 quin-

437 2844 536 2894 tus
585 2840 665 2895 ait
709 2857 724 2897 :
777 2842 893 2913 Ego
943 2842 1152 2899 Roelec
1202 2861 1411 2912 vocor;
1466 2844 1613 2900 facio
1664 2851 1728 2900 ut
1770 2849 1993 2916 guttur,
2045 2849 2100 2900 et

438 2930 810 2985 stomachum
837 2931 1050 3004 frigore
1073 2933 1342 3002 doleant;
1373 2934 1453 2990 ita
1472 2935 1599 2989 utsi
1633 2934 1825 2990 solum
1859 2933 2098 2989 audiero

440 3017 755 3075 clamorem
791 3037 804 3074 :
838 3021 918 3076 Ne
941 3021 1290 3091 immaneas,
1318 3041 1387 3079 ne
1415 3041 1574 3088 uras,
1608 3024 1746 3096 quia
1773 3023 1977 3078 melior
2009 3027 2099 3079 est

436 3109 705 3167 Salomon
743 3113 1014 3168 undecim
1068 3114 1368 3182 fratribus,
1404 3114 1603 3171 statim
1655 3116 1884 3172 recedo.
1915 3113 2096 3180 ‘_Deci-

437 3215 571 3254 mus
607 3205 809 3255 sextus
857 3201 990 3257 ait:
1034 3204 1150 3275 Ego
1199 3206 1375 3259 Atrax
1425 3221 1638 3270 vocor;
1688 3220 1794 3276 ego
1845 3203 2095 3258 immitto

436 3287 782 3345 hominibus
813 3290 1036 3347 calores
1085 3292 1449 3349 insanabiles
1480 3297 1537 3348 et
1567 3292 1842 3362 nocivos;
1875 3294 1925 3348 si
1948 3291 2095 3347 velis

2210 2128 2420 2199 Ἰεαλῶ,
2483 2130 2718 2202 Ἰωελὲτ,
2778 2125 3034 2199 Σαϐαὼθ,
3093 2131 3254 2200 Ἰθοθ,
3325 2128 3448 2198 Βαὲ,
3510 2123 3600 2180 καί
3674 2121 3872 2193 πλίξας

2210 2221 2424 2298 φορέσει
2467 2225 2546 2292 τῷ
2577 2220 2875 2295 τραχήλῳ,
2906 2222 2939 2291 ἢ
2973 2220 3059 2274 καὶ
3106 2226 3206 2288 τῆς
3253 2219 3392 2293 πρὸς
3447 2237 3509 2272 το
3572 2212 3664 2276 οῦς
3713 2211 3749 2281 ἤ
3805 2215 3881 2282 (Ῠ)

2210 2311 2301 2379 Θη,
2335 2309 2590 2382 εὐθὺς
2652 2310 2952 2385 ἀναχωρῶ,
2985 2308 3075 2363 καὶ
3133 2309 3234 2378 τὴν
3294 2308 3462 2380 μέθην
3524 2303 3664 2360 λύω.
3719 2303 3778 2355 Ὀ
3837 2324 3886 2385 ιγ

2207 2393 2311 2474 ἔφη
2349 2417 2362 2430 ⁸
2420 2399 2564 2474 Ἐγὼ
2638 2382 3185 2471 ΒοϐἡῨλ-καλοῦμαι,
3244 2393 3696 2470 νευροχρίλασεις
3755 2382 3884 2463 (sic)

2211 2491 2380 2556 ποιῶ,
2413 2485 2500 2541 ἒᾶν
2552 2485 2927 2564 ἐφαπτόμενος
2980 2485 3200 2540 ἀκούσω
3257 2489 3354 2538 τοῦ
3417 2482 3657 2559 μεγάλου
3707 2477 3880 2535 Ἀδο-

2210 2575 2354 2645 ναήλ
2385 2578 2447 2632 τὸ
2480 2577 2658 2649 ύνομα
2688 2576 2998 2652 ’Έγκλησον
3049 2572 3328 2645 Βοθοθήλ,
3361 2572 3517 2636 εὐθὺς
3572 2572 3877 2652 ἀναχωρῶ,

2209 2667 2270 2722 Ὁ
2326 2664 2389 2720 ιδ’
2447 2664 2572 2744 ἔφη·
2607 2649 3148 2741 ἘγὼνΚουμεατήλ
3199 2664 3500 2736 καλοῦμαι,
3532 2661 3724 2740 φρίκην
3779 2649 3881 2713 καὶ

2208 2755 2410 2829 νάρκην
2471 2754 2784 2829 ἐπιπέμπω·
2816 2756 2889 2818 ὡς
2952 2755 3116 2828 μόνον
3165 2753 3380 2809 ἀκούσω
3439 2749 3704 2827 Ζωρωὴλ,
3736 2751 3874 2824 "E1-

2206 2845 2414 2915 κλησον
2476 2843 2829 2918 Κουμενταήλ
2891 2848 3024 2917 (12),
3088 2842 3242 2907 εὐθὺς
3311 2842 3633 2918 ἀναχωρῶ·
3695 2840 3752 2892 '0
3816 2840 3880 2894 ιε’

2208 2933 2334 3009 ἔφη,
2370 2934 2510 3011 Ἐγὼ
2561 2933 2806 3006 Ῥοηλήδ
2852 2933 3174 3007 καλοῦμαισ
3207 2931 3386 3008 ψύχος
3431 2931 3521 2985 καὶ
3571 2929 3726 3006 ῥίγος
3782 2929 3876 2982 καὶ

2206 3024 2492 3100 στομάχου
2547 3024 2712 3080 πόνον
2777 3024 3016 3097 ἐμποιῶ,
3050 3024 3123 3086 ὡς
3188 3023 3350 3096 μόνον
3393 3019 3607 3075 ἀκούσω
3657 3018 3739 3088 ius
3793 3019 3867 3091 μή

2205 3113 2466 3188 έμμείνῃς
2504 3115 2580 3188 μὴ
2633 3115 2969 3191 θερμαίνῃς·
3006 3113 3088 3168 ὅτι
3146 3110 3378 3168 κάλλιον
3435 3109 3545 3165 ἐστὶ
3597 3106 3864 3180 Σολομῶν

2207 3201 2393 3259 ἰνδέκα
2447 3205 2720 3278 πατέρων,
2772 3203 2928 3266 εὐθὺς
2989 3203 3284 3277 ἀναχωρῶ.
3325 3202 3386 3259 Ὀ
3444 3201 3507 3264 ις’
3546 3194 3674 3276 ἔφη,
3730 3197 3864 3272 Ἐγὼ

2205 3294 2396 3369 ’Λτρὰξ
2448 3293 2747 3365 καλοῦμαν
2795 3293 2938 3368 Ἐγὼ
2984 3289 3337 3368 καταστρέφω
3385 3294 3504 3353 τοῖς
3558 3287 3870 3363 ἀνθρώποις

436 3393 529 3432 me
552 3379 1175 3449 ejicere,coriandrum
1210 3399 1362 3452 seca,
1379 3384 1626 3438 admove
1649 3382 2093 3451 labiis,carmen

2211 3381 2472 3457 πυρετοὺς
2529 3381 2782 3444 ἀνιάτους
2839 3381 2929 3436 καὶ
2991 3375 3298 3455 βλαϐερούς
3335 3397 3347 3410 ⁶
3410 3377 3497 3434 ἐὰν
3568 3377 3734 3452 θέλῃς
3807 3396 3874 3448 με

435 3464 546 3521 hoc
578 3468 777 3523 dicens
812 3487 825 3524 :
860 3470 1205 3542 pyrethrum
1257 3490 1290 3526 a
1338 3473 1636 3542 sordibus,
1670 3473 1877 3542 adjuro
1909 3476 1962 3526 te
1995 3487 2098 3542 per

2211 3471 2516 3546 ἐγκλῆσαι·
2579 3469 2906 3542 κολίανδρον
2965 3469 3138 3544 κόψας
3196 3467 3413 3544 έπίχριε
3466 3468 3574 3522 τῶν
3633 3465 3871 3542 χειλέων

433 3554 729 3610 excelsum
762 3557 865 3612 Dei
889 3557 1127 3626 solium,
1145 3560 1233 3615 exi
1269 3577 1303 3616 a
1332 3561 1630 3626 sordibus,
1655 3561 1856 3616 recede
1881 3577 1914 3615 a
1937 3577 2096 3616 crea-

433 3647 573 3698 tura
603 3643 727 3714 Dei,
760 3649 817 3700 et
847 3647 1048 3702 statim
1079 3649 1306 3703 recedo.
1344 3649 1612 3704 Decimus
1645 3650 1934 3720 septimus
1966 3649 2045 3703 ait
2079 3665 2092 3704 :

437 3731 554 3802 Ego
583 3733 850 3806 JerOpael
899 3752 1108 3801 vocor;
1159 3754 1338 3808 super
1368 3738 1736 3794 stomachum
1785 3737 2094 3794 hominum

435 3822 631 3890 sedeo,
662 3828 720 3878 et
747 3826 1158 3880 convulsiones
1190 3827 1353 3898 pario
1385 3825 1463 3894 gin
1516 3826 1724 3882 balneo
1757 3831 1813 3882 et
1844 3826 2054 3883 itinere
2083 3845 2095 3896 ;

431 3915 488 3966 et
521 3911 858 3984 ubicunque
890 3914 1176 3986 invenior,
1211 3920 1268 3970 et
1299 3916 1530 3971 invenio
1563 3915 1885 3983 hominem,
1919 3918 2096 3973 cade-

433 4016 492 4056 re
525 4002 700 4068 facio;
735 4004 785 4057 si
819 4003 955 4074 quis
988 4010 1183 4060 autem
1219 4005 1582 4077 patientibus
1613 4006 1825 4061 dixerit
1854 4005 1913 4060 in
1958 4022 2097 4062 aure

435 4091 678 4146 nomina
707 4091 828 4148 hazc
858 4097 965 4160 ter,
1000 4094 1060 4148 in
1103 4095 1340 4150 dextera
1373 4112 1386 4151 :
1418 4094 1767 4163 Jourdarizi,
1803 4097 2094 4162 Saboune,

441 4179 654 4245 Denoe,
697 4181 896 4237 statim
947 4183 1173 4239 recedo.
1226 4184 1501 4240 Decimus
1547 4189 1787 4241 octavus
1819 4185 1944 4258 ait;
1977 4186 2096 4257 Ego

439 4267 878 4326 Bouldoumech
909 4287 1120 4340 vocor;
1176 4272 1426 4328 feminas
1458 4290 1491 4328 a
1519 4272 1644 4329 viro
1677 4291 1868 4342 arceo,
1899 4279 1957 4329 et
2008 4274 2098 4328 in-

437 4356 657 4413 vidiam
707 4375 960 4430 genere;
1013 4362 1062 4416 si
1115 4362 1248 4433 quis
1298 4367 1533 4434 patrum
1573 4368 1811 4418 tuorum
1857 4361 2100 4419 nomina

435 4447 740 4515 scripserit
767 4449 824 4503 in
857 4449 1082 4516 charta,
1117 4450 1416 4521 Salomon,
1450 4456 1506 4507 et
1536 4452 1798 4524 posuerit
1824 4451 1883 4506 in
1916 4451 2098 4507 vesti-

433 4533 572 4592 bulo
620 4537 834 4594 domus
883 4555 1027 4610 suae,
1061 4540 1196 4596 inde
1242 4541 1481 4610 recedo;
1538 4541 1960 4613 superscriptio
1993 4557 2097 4596 au-

431 4628 553 4680 tem
585 4625 708 4683 haec
741 4632 828 4683 est
863 4645 876 4683 :
913 4633 1170 4701 Imperat
1199 4631 1305 4686 tibi
1337 4630 1493 4686 Deus
1522 4629 1838 4697 Abraham,
1861 4635 1918 4686 et
1946 4630 2098 4685 Deus

434 4715 618 4784 Isaac,
653 4721 709 4772 et
733 4717 887 4774 Deus
915 4718 1118 4786 Jacob,
1155 4719 1359 4774 recede
1389 4736 1422 4774 a
1469 4720 1644 4781 domo
1675 4718 1789 4774 ista
1819 4719 1877 4773 in
1913 4735 2090 4790 pace;

2206 3561 2384 3634 λέγων
2440 3561 2539 3629 τὴν
2595 3556 2816 3632 ἒπῳδὴν
2895 3568 3099 3630 ταύτην
3137 3577 3150 3591 ⁸
3205 3558 3268 3613 τὸ
3324 3557 3590 3633 πύρεθρον
3647 3555 3709 3610 τὸ
3766 3555 3875 3609 ἀπὸ

2207 3648 2511 3726 ῥυπαρίας,
2573 3650 2778 3723 ὁρκίζω
2863 3669 2920 3703 σε
2992 3648 3130 3703 κατὰ
3199 3651 3297 3702 τοῦ
3371 3650 3506 3702 Θεοῦ
3572 3649 3669 3700 τοῦ
3745 3643 3875 3718 ὑψί-

2207 3759 2336 3794 στου
2377 3743 2472 3792 τοῦ
2523 3739 2740 3812 θρόνου,
2773 3737 3050 3813 ἀναχώρει
3108 3737 3213 3792 ἀπὸ
3273 3735 3561 3813 ῥυπαίίας,
3604 3734 3696 3788 καὶ
3743 3734 3878 3788 ἀνα-

2208 3827 2380 3903 χώρει
2415 3827 2520 3882 ἀπὸ
2549 3831 2646 3882 τοῦ
2675 3826 3001 3901 πλάσματος
3052 3831 3148 3882 τοῦ
3199 3829 3354 3892 Θεοῦ,
3389 3826 3478 3880 καὶ
3530 3823 3683 3887 εὐθὺς
3740 3823 3874 3877 ἀνα-

2207 3922 2401 3992 χωρῶ.
2448 3918 2505 3970 Ὀ
2567 3918 2629 3986 ιζ’
2687 3913 2812 3994 ἔφη,
2875 3917 3018 3992 Ἐγὼ
3076 3914 3367 3990 Ἱεροπαὴλ
3418 3910 3694 3987 καλοῦμαι
3731 3933 3743 3946 ·
3779 3911 3872 3966 ἰπὶ

2205 4011 2302 4060 τοῦ
2360 4006 2646 4081 στομάχου
2702 4010 2813 4060 τῶν
2878 4006 3183 4080 ἀνθρώπων
3230 4005 3551 4075 καθέζομαι,
3582 4002 3668 4057 καὶ
3720 4005 3871 4056 ποιῶ

2207 4094 2528 4169 ἀσπαρμοῦς
2560 4097 2683 4168 (sic)
2737 4093 2790 4148 έν
2855 4092 3150 4170 βαλανείῳ,
3182 4095 3271 4148 καὶ
3304 4092 3356 4147 ἂν
3418 4089 3548 4163 ὁδῷ’
3581 4090 3669 4146 καὶ
3729 4091 3872 4144 ὅπου

2209 4181 2256 4238 δ’
2315 4181 2375 4237 ἂν
2433 4185 2635 4258 εὑρεθῶ
2686 4184 2775 4238 καὶ
2835 4183 2976 4257 εὕρω
3033 4186 3126 4239 τὸν
3200 4185 3484 4259 ἄνθρωπον
3544 4180 3872 4249 πτωκατίζω

2208 4273 2348 4346 (sic)°
2384 4273 2443 4335 ’ὸς
2494 4270 2540 4327 δ’
2572 4269 2633 4327 ἃν
2687 4271 2831 4328 εἷ’ποι
2881 4278 2997 4332 τοῖς
3047 4275 3355 4350 πάσχουσιν
3385 4271 3462 4334 εἰς
3511 4271 3572 4325 τὸ
3622 4271 3714 4332 οὗς
3772 4268 3870 4324 αύ-

2206 4367 2337 4430 τῶν,
2397 4363 2464 4416 τὰ
2514 4362 2757 4436 ὀνόματα
2812 4367 2982 4417 ταῦτα
3041 4362 3101 4418 ἐκ
3155 4363 3366 4438 τρίτου,
3420 4361 3497 4423 εἴς
3553 4361 3615 4416 τὸ
3673 4357 3870 4429 δεξιὸν,

2210 4448 2540 4525 Ἰουδαριζή,
2592 4447 2854 4522 σαϐουνὴ,
2907 4448 3083 4522 δενώη
3158 4454 3303 4523 (sic),
3355 4448 3514 4512 εὐθὺς
3577 4449 3870 4525 ἀναχωρῶ.

2208 4541 2269 4598 Ὁ
2326 4543 2396 4611 ιη’
2455 4537 2556 4618 ἔφη
2617 4539 2723 4616 ἐγὼ
2798 4538 3075 4614 καλοῦμαι
3135 4536 3555 4613 Βουλδουμήχ,
3612 4542 3870 4613 γυναῖκας

2210 4629 2316 4684 ἀπὸ
2373 4626 2564 4705 ἀνδρὸς
2627 4629 2878 4704 χωρίζω,
2909 4629 2999 4683 καὶ
3054 4628 3251 4703 φθόνον
3309 4625 3577 4682 ἐπιτελῶο
3638 4625 3724 4680 έάν
3781 4647 3868 4686 τις

2205 4720 2386 4794 γράψῃ
2442 4723 2549 4772 τῶν
2607 4724 2714 4773 σῶν
2773 4719 3020 4795 πατέρων
3073 4719 3141 4772 τὰ
3199 4717 3442 4790 ὀνόματα
3487 4714 3756 4788 Σολομῶν
3816 4713 3869 4768 ἰν

435 4781 640 4862 statim
670 4806 834 4862 abeo.
869 4781 1143 4863 Decimus
1174 4824 1364 4863 nonus
1396 4809 1476 4862 ait
1510 4823 1524 4862 :
1557 4806 1700 4862 Mihi
1733 4781 1948 4862 nomen
1983 4781 2099 4862 Na-

2211 4809 2414 4883 χάρτῃ,
2446 4809 2534 4863 καὶ
2567 4810 2720 4878 θήσει
2753 4807 2889 4863 αὐτὰ
2918 4807 2970 4862 έν
3003 4805 3300 4883 προθύροις
3327 4810 3424 4862 τοῦ
3472 4804 3627 4860 οἷ’κου
3677 4804 3863 4873 αὐτοῦ,

436 4893 700 4963 tboth,et
730 4895 786 4950 in
811 4911 1005 4967 genua
1026 4897 1284 4952 virorum
1317 4897 1522 4962 sedeo;
1559 4897 1607 4952 si
1641 4895 1776 4968 quis
1809 4897 1866 4951 in
1893 4896 2100 4952 charta

435 4983 745 5055 scripserit
777 5000 790 5039 :
825 4984 1306 5053 Phnounoboeol,
1340 4986 1451 5052 exi,
1481 4984 1760 5052 Nathotb,
1794 4991 1852 5041 et
1881 4985 2098 5041 collum

435 5089 508 5128 ne
565 5076 798 5145 tangas,
861 5074 1062 5130 statim
1141 5074 1304 5130 abeo.
1381 5075 1716 5130 Vicesimus
1773 5075 1856 5130 ait
1914 5093 1927 5131 :
1986 5081 2099 5148 Ego

435 5161 710 5217 nominor
739 5163 1043 5232 Mardero;
1081 5163 1289 5219 febrim
1338 5164 1591 5220 immitto
1634 5165 1978 5220 hominibus
2010 5166 2102 5220 in-

434 5251 760 5307 sanabilem
803 5270 818 5320 ;
869 5253 918 5308 si
963 5252 1096 5325 quis
1140 5253 1198 5308 in
1245 5254 1450 5310 charta
1496 5253 1680 5308 libelli
1729 5255 2034 5326 scripserit
2082 5272 2096 5311 :

437 5338 726 5408 Sphener,
756 5342 1037 5414 Raphael,
1071 5359 1374 5411 exeamus,
1423 5341 1583 5417 σύρον
1618 5338 1834 5416 δούρον,
1868 5349 1925 5399 et
1953 5343 2100 5402 collo

439 5430 749 5497 aptaverit,
780 5432 1092 5488 confestim
1124 5434 1353 5489 recedo.

2209 4896 2408 4952 ἐκεῖθεν
2471 4897 2766 4973 ἀναχωρῶ.
2821 4898 2882 4954 Ἡ
2943 4894 3001 4951 δὲ
3052 4895 3323 4975 ἐπιγραφή
3379 4895 3519 4950 ἐστιν
3578 4893 3748 4965 αὕτη·
3782 4914 3868 4948 κε-

2209 4984 2355 5042 λεύει
2407 4986 2492 5042 σοὶ
2545 4988 2572 5041 ὁ
2632 4988 2760 5050 Θεὸς
2818 4981 3092 5062 Ἀϐραὰμ,
3123 4986 3213 5040 καὶ
3270 4987 3298 5040 ὁ
3353 4985 3484 5048 Θεὸς
3544 4984 3742 5055 Ἰσαὰκ,
3773 4983 3864 5037 καὶ

2211 5077 2240 5131 ὁ
2292 5077 2422 5139 Θεὸς
2477 5071 2696 5144 Ἰακὼϐ,
2729 5077 3091 5151 ἀναχώρησον
3143 5074 3248 5130 ἀπὸ
3304 5079 3401 5129 τοῦ
3459 5073 3614 5129 οἷ’κου
3668 5072 3866 5129 τούτου

2214 5167 2328 5238 μετ’
2361 5165 2605 5242 εἰρήνης,
2651 5164 2804 5229 εὐθὺς
2852 5165 3144 5241 ἀναχωρῶ.
3196 5166 3257 5220 Ὀ
3307 5165 3371 5228 ιθ¹
3420 5161 3522 5243 ἔφη
3575 5163 3714 5239 Ἐγὼ
3768 5183 3865 5216 κα-

2211 5253 2416 5327 λοῦμαι
2450 5254 2666 5323 Ναθὼθ,
2697 5253 2787 5309 καὶ
2836 5254 2913 5316 εἷς
2943 5256 3010 5308 τὰ
3040 5253 3244 5328 γόνατα
3281 5254 3579 5326 καθέζομαι
3622 5256 3728 5307 τῶν
3775 5252 3869 5306 ἀνι

2211 5345 2470 5419 θρώπων,
2505 5343 2593 5398 έάν
2651 5365 2734 5406 τις
2795 5343 3066 5420 ἐπιγράψῃ
3117 5343 3168 5398 έν
3211 5344 3390 5419 χάρτῃ
3448 5336 3864 5411 Φνουνοϐοηὸλ,

2209 5431 2390 5503 ἔξελθε
2417 5432 2640 5502 Ναθὼθ,
2673 5433 2763 5488 καὶ
2821 5429 3097 5508 τράχηλιν
3163 5433 3236 5507 μὴ
3299 5434 3463 5507 eam,
3520 5430 3678 5496 εὐθὺς
3736 5429 3866 5485 ἀνα-

438 5519 636 5589 χωρῶ.
686 5517 747 5574 Ὁ
803 5519 850 5572 κ’
901 5514 1044 5594 ἔφη·
1105 5520 1246 5596 Ἐγὼ
1338 5519 1614 5594 καλοῦμαι
1701 5518 1994 5597 Μαρδέρω,
2055 5522 2283 5598 πυρετὸν
2372 5519 2666 5595 έπιπὲμπω
2744 5521 2956 5577 ἀνίατον
3035 5526 3150 5584 τοῖς
3226 5522 3562 5598 ἀνθρώποις,
3621 5518 3707 5574 ἐάν
3784 5539 3868 5581 τις

507 5785 620 5859 (42)
650 5786 892 5845 Diversa
929 5803 1145 5860 genera
1185 5791 1491 5862 scriptura
1523 5791 1584 5850 in
1614 5809 1734 5850 una
1760 5793 2188 5853 enuntiatione.
