4142 6392
394 396 553 457 1347

1356 395 1761 457 APPENDIX
1802 394 1905 455 AD
1949 393 2414 456 MICHAELEM
2458 394 2851 457 PSELLUM.

3660 398 3823 461 i348

387 529 571 594 Ardu,
601 528 850 597 Anaoth,
882 529 1040 584 hunc
1090 528 1283 585 locum
1315 528 1493 599 fugio.
1528 530 1595 585 Et
1638 528 1760 584 haec
1790 527 2027 583 audiens

2152 523 2381 583 ἐκείνου.
2451 525 2549 580 Kui
2597 530 2765 581 ταῦτα
2807 523 3041 588 ἀκούσας
3101 524 3212 603 ἐγὼ
3247 524 3541 601 Σολομῶν,
3585 525 3824 600 ἐδόξασα

390 636 494 690 ego
526 619 824 688 Salomon,
858 618 1091 674 laudavi
1143 621 1320 675 Deum
1372 618 1500 675 cmli
1547 623 1604 674 et
1656 618 2044 688 terrae;jussi

388 714 583 763 autem
612 724 710 764 eos
751 713 980 779 portare
1012 725 1227 780 aquam
1261 710 1319 764 iu
1353 708 1571 780 templo
1595 708 1719 773 Dei,
1740 713 1795 763 et
1828 707 2044 763 iterum

387 800 731 872 deprecatus
789 817 921 855 sum
984 800 1294 855 Dominum
1356 800 1563 868 Deum,
1610 803 1673 854 ut
1729 798 2045 854 exteriores

389 891 706 957 daemones,
740 905 806 944 ac
829 888 1306 960 supplantatores
1337 888 1668 954 hominum,
1705 887 1882 942 simul
1918 886 2046 942 vin-

387 980 671 1045 cirentur,
719 983 777 1033 et
822 979 1091 1032 venirent
1118 977 1176 1032 in
1212 977 1501 1049 templum
1545 977 1660 1032 Dei.
1696 977 1814 1048 Ego
1847 981 2039 1032 autem

385 1068 533 1123 alios
565 1067 776 1123 acriter
804 1067 1099 1122 dmmones
1150 1065 1532 1122 condemnavi
1564 1073 1628 1121 ut
1658 1069 2044 1137 Operarentur

383 1157 662 1229 gravibus
696 1156 997 1212 laboribus
1046 1156 1457 1212 exstructionis
1484 1154 1688 1227 templi
1722 1154 1845 1211 Dei.
1882 1154 2041 1210 Alios

382 1246 718 1303 carceribus
750 1245 985 1313 inclusi,
1032 1245 1161 1301 aliis
1212 1245 1479 1301 mandavi
1530 1249 1597 1299 ut
1645 1244 1779 1317 igne
1836 1244 2041 1299 doma-

383 1339 515 1392 rent
562 1351 778 1390 aurum
829 1339 886 1390 et
939 1339 1271 1407 argentum,
1326 1339 1384 1389 et
1434 1333 1676 1406 plumbo
1725 1338 1783 1388 et
1830 1332 2039 1405 phialae

382 1424 735 1480 conflatoriae
767 1424 1117 1494 assiderent,
1151 1429 1208 1479 et
1258 1424 1485 1478 caeteris
1536 1422 1902 1477 daemonibus
1936 1439 2038 1478 no-

381 1515 487 1570 dos
520 1518 867 1585 praeparent,
917 1513 1134 1585 quibus
1183 1513 1397 1568 debent
1446 1511 1692 1569 includi.
1740 1513 1809 1567 Et
1858 1512 2037 1568 habui

382 1619 654 1675 magnam
718 1601 1208 1674 tranquillitatem
1271 1618 1373 1671 ego
1425 1602 1703 1657 Salomon
1757 1602 1813 1655 in
1876 1601 2033 1655 omni

376 1697 553 1759 terra,
586 1692 729 1747 etin
783 1708 921 1762 pace
972 1691 1159 1746 multa
1207 1690 1389 1746 vitam
1440 1690 1596 1763 degi,
1648 1690 1972 1746 honoratus
2004 1708 2037 1746 a

376 1782 606 1837 eunetis
652 1781 994 1836 hominibus
1049 1781 1149 1853 qui
1203 1781 1313 1836 sub
1355 1780 1499 1836 ccclo
1549 1785 1705 1845 sunt,
1740 1786 1796 1835 et
1847 1780 2035 1836 reditio

2154 615 2243 669 τὸν
2304 614 2432 669 Θεὸν
2485 618 2583 670 τοῦ
2639 614 2871 691 οὐρανοῦ
2918 615 3009 670 καὶ
3055 622 3155 684 τῆς
3232 622 3374 690 γῆς,
3441 614 3699 673 ἐκέλευσα
3759 616 3823 674 δὲ

2157 703 2351 767 αὐτοὺς
2410 700 2556 780 ὕδωρ
2608 704 2855 777 κομίζειν
2887 702 2939 759 ἓν
2969 709 3048 777 τῷ
3081 709 3193 776 ναῷ
3240 708 3336 759 τοῦ
3394 710 3549 760 Θεοῦ·
3600 709 3691 761 xui
3735 705 3819 763 ἔτι

2154 794 2545 869 προσηυξάμην
2606 794 2743 869 πρὸς
2777 792 2970 868 Κύριον
3002 795 3094 849 τὸν
3140 794 3293 850 Θεὸν’
3358 790 3497 851 ὥστε
3526 796 3654 858 τους
3710 795 3821 868 ’ἐξω

2155 882 2418 957 δαίμονας
2465 884 2553 939 xui
2605 881 2990 952 ἐκποδίζοντας
3019 886 3119 954 τῆν
3147 884 3542 959 ἀνθρωπότητα
3599 908 3819 959 συμπο-

2155 973 2391 1043 δίζεσθαι
2420 975 2509 1029 καὶ
2540 973 2938 1049 προσέρχεσθαι
2972 974 3046 1037 είς
3078 975 3171 1029 τὸν
3205 977 3328 1031 ναὸν
3358 981 3456 1032 τοῦ
3501 981 3657 1032 Θεοῦ·
3708 977 3818 1053 ἐγὼ

2154 1061 2211 1119 δὶ
2239 1064 2367 1125 τοὺς
2404 1064 2498 1136 μὲν
2527 1065 2634 1119 τῶν
2687 1061 2987 1137 δαιμόνων,
3032 1063 3320 1137 κατέκρινα
3370 1065 3689 1141 ἐργάζεσθαι
3746 1068 3818 1123 τα

2156 1154 2321 1229 βαρέα
2353 1151 2482 1229 ἔργα
2511 1161 2612 1223 τῆς
2653 1151 2956 1226 οἰκοδομῆς
2987 1158 3083 1208 τοῦ
3114 1154 3244 1209 ναοῦ
3272 1155 3368 1209 τοῦ
3401 1159 3554 1212 Θεοῦ.
3586 1156 3730 1221 Τοὺς
3759 1154 3817 1213 δὲ

2150 1249 2416 1318 φρουραῖς
2468 1243 2811 1299 κατέκλεισα’
2880 1243 3095 1319 ἑτέρους
3150 1252 3500 1320 πυρομαχεῖν
3553 1244 3810 1302 ἐκέλευσα

2150 1332 2368 1410 χρυσίῳ
2418 1335 2509 1388 xui
2554 1333 2818 1409 ἀργυρίῳ,
2866 1333 2956 1387 καὶ
2993 1328 3268 1407 μολίϐδῳ,
3299 1333 3388 1388 καὶ
3421 1332 3605 1412 φιάλῳ
3636 1356 3810 1412 παρα-

2147 1421 2482 1492 καθέζεσθαι’
2516 1423 2603 1477 καὶ
2631 1427 2748 1484 τοῖς
2775 1420 2994 1484 λοιποῖς
3028 1419 3273 1495 δαίμοσι,
3300 1423 3538 1499 τρόπους
3570 1427 3810 1499 ἡτοιμά-

2149 1512 2289 1582 σθαί,
2350 1511 2432 1587 ἐφ’
2490 1514 2575 1574 οἷς
2631 1510 2913 1589 ὀφείλουσι
2973 1510 3477 1582 κατακλεισθῆναι.
3562 1514 3660 1568 Καὶ
3736 1515 3811 1570 ιῖ-

2150 1621 2251 1676 χον
2304 1600 2525 1671 πολλὴν
2559 1600 2796 1677 ἡσυχίαν
2857 1600 2966 1676 ἐγὼ
3029 1598 3303 1676 Σολομῶν
3347 1600 3399 1656 ἐν
3433 1600 3576 1677 πασῃ
3610 1606 3678 1676 τῇ
3709 1607 3809 1678 γῇ³

2147 1690 2236 1745 καὶ
2293 1689 2345 1745 ἐν
2378 1690 2567 1764 εἰρήνῃ
2628 1687 2816 1765 διῆγον
2849 1687 3062 1764 πολλῇ,
3094 1690 3411 1763 τιμώμενος
3437 1690 3541 1745 ὑπὸ
3590 1691 3806 1746 πάντων

2145 1779 2471 1853 ἀνθρώπιον,
2507 1778 2598 1833 καὶ
2626 1783 2734 1833 τῶν
2771 1779 2873 1833 ὑπὸ
2903 1782 3012 1833 τῶν
3042 1778 3305 1856 οὐρανῶν.
3352 1778 3449 1833 Καὶ
3482 1776 3811 1852 ᾠκοδόμουν

376 1874 497 1928 cavi
530 1888 704 1927 omne
736 1872 1021 1943 templum
1056 1871 1287 1927 Domini
1323 1872 1520 1944 Dei,et
1553 1888 1798 1944 regnum
1834 1888 2027 1927 meum

2143 1867 2234 1923 τὸν
2265 1869 2389 1923 ναὸν
2422 1866 2554 1923 ὃλον
2582 1866 2782 1941 Κυρίου
2811 1870 2908 1922 τοῦ
2957 1871 3113 1923 Θιοῦ’
3174 1867 3263 1922 καὶ
3304 1870 3338 1938 ἡ
3397 1866 3648 1941 βασιλεία
3698 1890 3809 1942 μου

373 1966 530 2017 recte
561 1962 1039 2034 gubernabatur;
1074 1966 1130 2017 et
1180 1961 1471 2017 exercitus
1521 1977 1688 2017 meus
1736 1966 1861 2016 erat
1913 1977 2029 2017 me-

375 2068 548 2120 cum;
582 2055 854 2106 caeterum
889 2051 1174 2123 requievit
1226 2051 1368 2106 urbs
1402 2050 1731 2107 Jerusalem
1764 2051 2027 2123 gaudens

371 2146 429 2197 et
455 2139 808 2205 laetabunda,
839 2143 895 2194 et
937 2156 1142 2194 omnes
1187 2155 1354 2210 reges
1398 2143 1563 2194 terrze
1614 2139 1925 2196 veniebant
1955 2140 2026 2193 ad

375 2245 532 2285 mea
582 2228 800 2283 finibus
857 2234 1046 2297 terrae,
1080 2231 1144 2283 ut
1202 2229 1465 2284 viderent
1522 2228 1811 2301 templum
1872 2231 2027 2301 quod

374 2318 731 2373 aedificabam
767 2317 1012 2373 Domino
1043 2316 1181 2385 Deo,
1216 2322 1274 2373 et
1312 2316 1618 2373 audientes
1649 2319 1846 2373 datam
1884 2317 2027 2372 mihi

373 2405 748 2479 sapientiam,
800 2407 1232 2461 venerabantur
1289 2423 1381 2462 me
1429 2405 1615 2478 gratia
1665 2406 1886 2478 templi,
1930 2424 2029 2461 au-

371 2514 503 2551 rum
554 2501 610 2551 et
660 2501 991 2567 argentum,
1040 2501 1099 2550 et
1148 2495 1372 2567 lapides
1449 2497 1735 2568 pretiosos
1784 2496 2024 2563 multos,

368 2585 563 2639 varios
594 2589 651 2639 et
682 2601 778 2654 eas,
814 2589 872 2638 et
904 2584 1147 2654 ferrum,
1180 2590 1238 2638 et
1269 2584 1600 2655 plumbum,
1654 2591 1710 2640 et
1741 2585 1901 2657 ligna
1931 2602 2018 2640 ce-

368 2673 561 2737 drina,
593 2678 651 2728 et
683 2674 841 2745 ligna
889 2672 1377 2745 imputrcscibilia
1412 2674 1733 2729 ail'erebant
1764 2674 1932 2741 mihi,
1968 2674 2025 2729 in

368 2761 813 2817 aedificationem
846 2761 1050 2833 templi
1084 2761 1224 2829 Dei;
1260 2762 1317 2817 in
1366 2762 1459 2817 his
1506 2766 1564 2817 et
1613 2763 1813 2833 regina
1860 2767 2029 2818 terra)

366 2851 565 2906 Austri
602 2867 814 2921 magna
846 2849 1072 2922 pollens
1106 2851 1438 2920 prudentia,
1471 2851 1629 2906 venit
1673 2857 1730 2907 et
1779 2851 2029 2923 procidit

368 2956 566 2995 coram
618 2955 709 2994 me
760 2956 935 3010 super
986 2948 1223 3006 terram,
1274 2944 1332 2995 et
1380 2941 1627 2995 audiens
1676 2942 2026 3013 sapientiam

370 3044 584 3098 meum,
616 3027 878 3083 laudavit
909 3028 1093 3083 Deum
1128 3028 1328 3098 Israel,
1363 3034 1420 3085 et
1452 3031 1794 3102 probatione
1822 3032 2028 3103 proba-

364 3120 448 3175 vit
478 3120 831 3191 sapientiam
879 3136 1068 3177 meam
1123 3120 1182 3175 in
1232 3120 1435 3177 multis
1486 3138 1611 3193 qua:
1660 3123 1829 3179 docui
1875 3139 2023 3193 eam,

357 3209 531 3281 juxta
563 3210 761 3266 datam
796 3210 940 3265 mihi
970 3210 1347 3281 sapientiam,
1374 3217 1432 3267 et
1470 3228 1675 3269 omnes
1708 3212 1809 3268 filii
1842 3212 2018 3269 Israel

365 3298 755 3356 laudaverunt
784 3300 1122 3356 Dominum.

434 3517 505 3572 Et
533 3532 665 3571 ecce
694 3516 752 3570 in
786 3516 879 3572 bis
930 3515 1139 3573 diebus
1186 3534 1340 3572 unus
1389 3517 1793 3589 eperariorum
1849 3534 2025 3574 senex

364 3610 530 3660 aetate
563 3605 814 3676 procidit
858 3609 993 3660 ante
1025 3621 1117 3660 me
1170 3606 1408 3661 dicens:
1440 3606 1716 3662 Miserere
1758 3607 1892 3676 mei,
1926 3624 2025 3663 rex

361 3693 660 3757 Salomon,
684 3695 825 3764 quia
857 3710 1032 3749 senex
1063 3694 1304 3750 exsisto.
1336 3695 1565 3751 Jubens
1596 3694 1777 3767 igitur
1810 3701 1874 3753 ut
1904 3709 2022 3753 sta-

362 3783 624 3851 ret,dixit
652 3783 813 3854 (sic):
849 3784 1134 3855 Loquere,
1170 3800 1371 3854 senex,
1407 3785 1546 3857 quid
1589 3785 1720 3841 vis?
1748 3786 1853 3851 Qui
1898 3788 2018 3842 ait:

360 3873 611 3928 Obsecro
634 3876 711 3937 te,
746 3889 863 3941 rex,
891 3872 1077 3928 ﬁlium
1118 3874 1301 3930 habeo
1326 3874 1699 3947 unigenitum
1732 3879 1790 3930 et
1820 3881 2024 3932 contu-

362 3961 554 4017 meliis
576 3962 754 4016 afﬁcit
779 3978 872 4017 me
896 3963 1197 4033 gravibus,
1218 3969 1274 4019 et
1296 3965 1562 4019 verberat
1594 3982 1685 4020 me
1706 3966 1763 4019 in
1793 3966 2024 4032 faciem,

360 4054 419 4106 et
442 4056 621 4124 caput
643 4050 787 4106 mihi
834 4051 1087 4117 vellicat,
1121 4062 1174 4108 et
1200 4058 1449 4108 mortem
1475 4053 1690 4108 malum
1717 4055 2029 4110 denuntiat

361 4139 506 4195 mihi
530 4156 543 4206 ;
566 4139 697 4195 ideo
731 4144 858 4195 asto
889 4156 1084 4196 coram
1116 4146 1197 4211 te,
1230 4141 1463 4199 vindica
1497 4143 1748 4198 me.Haac
1779 4144 2027 4201 audiens

360 4243 466 4300 ego
498 4228 799 4300 Salomon,
832 4228 1030 4285 dolore
1062 4231 1366 4303 pungebar
1407 4232 1701 4304 aspiciens
1733 4234 1790 4289 in
1826 4249 2027 4289 senec-

359 4322 546 4373 tutem
605 4320 756 4389 ejus,
799 4323 856 4373 et
902 4320 1061 4390 jussi
1109 4325 1172 4375 ut
1224 4321 1613 4377 adduceretur
1672 4322 1829 4379 filius
1874 4324 2025 4396 ejus.

360 4406 545 4470 Quem
595 4407 940 4463 accersitum
992 4407 1364 4482 interrogavi,
1415 4410 1463 4466 si
1516 4411 1635 4467 base
1688 4413 1770 4467 ita
1819 4429 1881 4468 se
1930 4412 2031 4470 ha.

360 4495 520 4550 bent.
564 4495 658 4551 Ait
713 4500 910 4551 autem
962 4497 1198 4569 juvenis
1258 4514 1273 4555 :
1333 4498 1458 4555 Non
1517 4500 1600 4556 ita
1656 4517 1763 4572 ego
1824 4502 2026 4557 furore

360 4584 669 4656 plenus,ut
702 4589 925 4657 patrem
961 4586 1061 4657 qui
1093 4586 1300 4659 genuit
1333 4603 1425 4643 me
1455 4606 1633 4645 manu
1667 4590 1979 4646 ceciderim
2007 4590 2021 4647 l

361 4674 650 4746 Propitius
682 4675 760 4730 sit
803 4673 946 4729 mihi
990 4691 1112 4748 rex,
1144 4692 1259 4731 non
1293 4676 1446 4733 enim
1481 4678 1709 4749 iniusta
1740 4679 1882 4736 talia
1914 4697 2020 4736 au-

360 4779 464 4819 sus
511 4781 641 4820 sum
694 4763 901 4820 infelix
950 4781 1076 4837 ego.
1136 4769 1266 4821 Haec
1299 4768 1567 4837 ajuvcne
1601 4769 1864 4825 audiens
1914 4786 2019 4840 ego

354 4852 654 4917 Salomon,
686 4852 967 4909 hortabar
1017 4854 1308 4910 seniorem
1352 4860 1417 4911 ut
1467 4856 1537 4912 ad
1573 4874 1817 4914 sensum
1867 4858 2020 4915 veni-

356 4951 463 5010 ret,
510 4947 568 4998 et
612 4942 716 4997 ﬁlii
767 4947 1097 5014 acceptaret
1153 4945 1617 5001 excusationem.
1667 4946 1772 5003 llle
1822 4951 2018 5003 autem

356 5032 610 5099 nolebat,
644 5032 744 5088 sed
777 5032 971 5103 potius
1023 5037 1087 5088 ut
1137 5039 1326 5089 morte
1376 5036 1612 5107 periret.
1648 5037 1790 5091 Cum
1824 5041 2019 5093 autem

353 5137 470 5176 non
516 5120 916 5193 acquiesceret
964 5138 1159 5189 senex,
1196 5123 1494 5193 piaculum
1548 5124 1742 5194 iuveni
1774 5125 2017 5197 iamjam

350 5208 740 5281 impositurus
773 5226 956 5283 eram,
988 5215 1047 5267 et
1076 5211 1279 5267 videns
1313 5212 1551 5268 Orniam
1587 5216 1910 5269 darmonem
1941 5216 2017 5270 ri-

353 5298 611 5364 dentem,
644 5301 832 5355 iratus
864 5317 997 5355 sum
1029 5300 1199 5356 valde
1232 5318 1297 5357 eo
1332 5303 1486 5373 quod
1539 5302 1758 5359 rideret
1789 5304 2015 5361 dmmou

354 5384 417 5440 in
449 5394 766 5460 conSpectu
800 5405 950 5445 meo.
986 5389 1053 5445 Et
1088 5388 1208 5445 illis
1248 5390 1409 5461 jussi
1460 5395 1523 5447 ut
1571 5393 1928 5462 recederent,
1960 5400 2018 5450 et

357 5474 748 5534 adduceretur
777 5478 985 5535 Ornias
1038 5479 1097 5534 in
1148 5480 1342 5536 medio
1384 5480 1725 5550 tribunalis,
1754 5498 1869 5553 quo
1919 5485 2017 5539 ad-

354 5565 555 5635 ducto,
580 5565 697 5621 dixi
717 5566 767 5622 ei
792 5585 805 5622 :
834 5567 1163 5637 Maledicta,
1190 5569 1334 5640 quid
1359 5570 1507 5626 mihi
1529 5571 2016 5644 appropinquans

356 5653 588 5712 risisti?
619 5656 716 5711 Ait
764 5661 961 5713 autem
1014 5657 1288 5714 daemon:
1333 5660 1539 5724 Quaeso
1590 5664 1666 5733 te,
1718 5678 1837 5730 rex,
1896 5679 2013 5718 non

358 5748 599 5817 propter
648 5748 704 5801 te
746 5743 869 5813 risi,
920 5747 1018 5802 sed
1064 5751 1321 5819 propter
1367 5749 1668 5807 infelicem
1719 5750 2011 5808 seniorem

2139 1958 2206 2027 ἦν
2232 1956 2547 2012 εὐθυνοῦσα⁶
2597 1955 2688 2010 καὶ
2721 1956 2748 2011 6
2781 1956 3007 2029 στρατός
3070 1978 3175 2029 μου
3208 1955 3274 2023 ἦν
3340 1963 3454 2029 μετ’
3504 1956 3661 2031 ἐμοῦ,
3710 1957 3806 2012 καὶ

2137 2043 2357 2118 λοιπὸν,
2407 2044 2741 2101 ἀνεπαύσατο
2800 2047 2836 2114 ἡ
2894 2044 3060 2106 πόλις
3117 2044 3483 2120 Ἰερουσαλήμ
3527 2048 3804 2122 χαίρουσα

2136 2137 2226 2190 καὶ
2272 2133 2687 2212 ἀγαλλιωμένη·
2740 2134 2831 2189 καὶ
2886 2136 3110 2196 ἅπαντες
3143 2136 3196 2188 oi
3239 2134 3485 2210 βασιλεῖς
3543 2143 3644 2205 τῆς
3692 2143 3800 2211 γῆς

2136 2223 2381 2301 ἤρχοντο
2411 2225 2547 2299 πρός
2580 2245 2647 2297 με
2678 2223 2783 2278 ἀπὸ
2812 2228 2919 2279 τῶν
2978 2225 3224 2300 περάτων
3256 2231 3356 2294 τῆς
3388 2232 3491 2299 γῆς
3520 2227 3798 2301 θεωρῆσαι

2135 2315 2227 2371 τὸν
2255 2315 2381 2370 ναὸν
2432 2315 2489 2369 ’ὸν
2546 2311 2868 2388 ᾠκοδόμουν
2921 2313 3110 2390 Κυρίῳ
3165 2318 3248 2386 τῷ
3305 2319 3442 2387 Θεῷ.
3501 2313 3796 2372 Καίἆκού-

2136 2426 2320 2467 σαντες
2374 2406 2473 2474 τῆν
2534 2402 2723 2482 σοφίαν
2800 2405 2899 2471 τῆν
2961 2400 3207 2467 δοθεῖσαν
3279 2424 3373 2476 μοι
3426 2404 3796 2480 προσεκύνουν

2142 2516 2233 2567 μοι
2266 2494 2342 2557 εἷς
2373 2494 2464 2549 τὸν
2523 2494 2669 2565 ναὸν,
2730 2493 2959 2568 χρυσίον
3007 2492 3099 2546 xui
3158 2492 3412 2568 ἀργύριον
3463 2494 3552 2548 xui
3607 2492 3801 2558 λίθους

2134 2582 2353 2656 τιμίους
2408 2580 2657 2644 πολλοὺς
2691 2579 3002 2659 διαφόρους,
3034 2582 3123 2636 xui
3173 2579 3385 2657 χαλκὸν
3421 2584 3512 2637 καὶ
3544 2580 3795 2659 σίδηρον,

2134 2671 2223 2727 καί
2286 2666 2576 2744 μόλιϐδον,
2634 2672 2722 2725 καὶ
2782 2669 2915 2741 ξύλα
2970 2668 3211 2744 κέδρινα,
3259 2671 3346 2726 καὶ
3394 2671 3528 2742 ξύλα
3582 2668 3799 2742 ἄσηπτα

2136 2760 2467 2837 προσέφερόν
2523 2781 2616 2833 μοι
2676 2760 2752 2822 είς
2812 2762 2910 2829 τὴν
2961 2762 3299 2830 κατασκευὴν
3356 2765 3456 2816 τοῦ
3513 2765 3646 2815 ναοῦ
3695 2766 3799 2816 τοῦ

2137 2854 2290 2905 Θεοῦ·
2351 2849 2404 2904 ἂν
2455 2852 2536 2911 οἷς
2578 2850 2665 2904 καὶ
2726 2846 3015 2925 βασίλισσα
3076 2850 3252 2904 Νότου
3308 2848 3478 2923 γόνης
3505 2851 3627 2923 (sic)
3694 2850 3802 2903 ὑπ-

2138 2938 2382 3016 ἅρχουσα
2412 2939 2462 2994 ἐν
2492 2938 2682 3013 πολλῇ
2737 2939 2993 3016 φρόνησει
3042 2937 3207 3008 ἦλθεν
3241 2938 3330 2993 καὶ
3387 2938 3793 3016 προσεκύνησεν

2135 3030 2363 3085 ἐνώπιόν
2398 3051 2502 3103 μου
2535 3028 2620 3084 ἐπὶ
2652 3029 2749 3098 τῆν
2807 3035 2934 3104 γῆν·
2985 3027 3075 3083 καὶ
3136 3028 3409 3085 ἀκούσασα
3448 3030 3547 3099 τὴν
3603 3029 3801 3104 σοφίαν

2140 3140 2244 3194 μου
2302 3117 2516 3190 έδόξασε
2572 3117 2662 3172 τὸν
2715 3118 2843 3173 Θεὸν
2886 3121 2981 3171 τοῦ
3011 3116 3258 3193 Ἰσραήλ,
3292 3116 3342 3172 ἐν
3378 3119 3458 3179 οἷς
3488 3118 3577 3173 xui
3611 3115 3789 3175 ἐδοκί-

2138 3229 2274 3282 μασε
2326 3205 2646 3282 δοκιμασίαν
2706 3206 2773 3261 τὰ
2828 3213 2927 3275 τῆς
2986 3207 3175 3284 σοφίας
3246 3227 3351 3279 μου
3409 3209 3625 3275 πάντα,
3687 3207 3787 3262 ὅσα

2050 3272 2093 3339 C
2132 3296 2469 3377 ἑσοφισᾶμην
2498 3296 2665 3367 αὐτὴν
2697 3295 2833 3351 κατὰ
2859 3296 2959 3365 τὴν
2994 3292 3239 3351 δοθεῖσάν
3278 3317 3370 3370 μοι
3417 3298 3633 3377 σοιρίαψ
3697 3297 3792 3352 καὶ

2129 3386 2323 3449 πάντες
2354 3386 2462 3441 υἱοῖ
2497 3386 2721 3460 Ἰσραὴλ
2753 3380 3007 3456 ἐδόξασαν
3035 3387 3126 3440 τὸν
3154 3386 3307 3441 Θεόν.

2205 3512 2300 3566 Καὶ
2351 3508 2471 3565 ί,δοῦ
2504 3509 2555 3565 ἐν
2615 3515 2733 3572 ταῖς
2784 3511 3021 3586 ἡμέραις
3076 3509 3301 3573 ἐκείναις
3334 3514 3410 3574 εἷς
3439 3515 3547 3566 τῶν
3606 3532 3797 3588 τεχνι-

2132 3606 2238 3657 τῶν
2270 3601 2499 3678 γηραιὸς
2530 3602 2628 3670 τὴν
2662 3598 2907 3670 ἠλικίαν,
2965 3597 3181 3678 ἓρριψεν
3216 3600 3374 3656 αὐτὸν
3405 3602 3527 3675 (sic)
3558 3598 3794 3656 ἐνώπιόν

2138 3713 2243 3766 μου
2295 3689 2491 3767 λέγων·
2553 3687 2787 3747 Βασιλεῦ
2848 3688 3120 3763 Σολομῶν
3160 3733 3175 3760 ,
3251 3687 3477 3762 ἐλεησόν
3536 3712 3603 3764 με
3638 3735 3651 3761 ,
3707 3690 3793 3746 ὅτι

2133 3780 2365 3858 γηραιὸς
2424 3778 2680 3854 ὑπάρχω.
2731 3777 2996 3841 Κελεύσας
3022 3777 3115 3834 οὖν
3164 3778 3327 3835 αὐτὸν
3380 3779 3673 3848 ἀναστῆναι
3703 3780 3797 3835 καὶ

2135 3870 2295 3941 φησὶν
2347 3871 2468 3943 (sic,
2500 3871 2559 3925 3ο
2586 3870 2762 3941 pers.)
2798 3866 2915 3922 εἶπέ⁹
2972 3869 3146 3944 γέρων
3180 3867 3207 3922 ὃ
3258 3865 3456 3932 θέλεις·
3488 3868 3517 3924 6
3568 3865 3626 3924 δὶ
3666 3862 3796 3948 ἔφη,

2136 3958 2337 4032 Δέομαί
2390 3979 2506 4027 σου,
2546 3955 2791 4033 βασιλεῦ,
2834 3958 2947 4011 υἱὸν
3000 3954 3116 4032 ἔχω
3153 3963 3449 4033 μονογενῆ,
3500 3957 3591 4012 καὶ
3623 3957 3799 4023 οὕτως

2136 4044 2316 4123 ὕϐρεις
2347 4046 2521 4122 ἐπάγη
2557 4049 2648 4119 (ει)
2704 4066 2795 4119 μοι
2847 4043 3119 4121 χαλεπὰς,
3166 4045 3255 4101 καὶ
3306 4045 3478 4121 τύψας
3537 4067 3605 4119 με
3659 4047 3799 4102 κατὰ

2135 4138 2429 4213 πρόσωπον
2480 4135 2571 4190 καὶ
2619 4136 2717 4204 τὴν
2766 4133 3007 4214 κεφαλήν
3064 4156 3170 4208 μου
3208 4132 3498 4207 διέτιλλεν,
3556 4136 3641 4191 καὶ
3702 4135 3795 4190 θοὶ-

2136 4247 2295 4282 νατον
2328 4224 2566 4300 πονηρὸν
2612 4222 3006 4299 ἐπαγγέλλεταί
3043 4245 3139 4297 μοι
3194 4223 3391 4279 τούτου
3436 4223 3599 4301 χάριν
3657 4245 3796 4299 προ-

2141 4316 2329 4390 είημοι
2385 4315 2531 4389 (δίο),
2587 4312 2967 4389 προσίημαιῗ)
3026 4314 3152 4387 ὑμῖν
3213 4311 3495 4384 έκδίκησόν
3534 4335 3620 4385 με.
3654 4312 3795 4390 Ἐγὼ

2140 4404 2198 4461 δὶ
2256 4402 2526 4476 Σολομῶν
2571 4406 2739 4458 ταῦτα
2796 4402 3029 4464 ἀκούσας
3076 4400 3412 4479 κατενύγην,
3475 4398 3794 4477 ἀποϐλέψας

2140 4495 2216 4558 εἷς
2269 4494 2331 4549 τὸ
2392 4493 2597 4548 ἐκείνου
2648 4499 2857 4568 γῆρας,
2912 4491 3002 4547 καὶ
3072 4489 3327 4547 ἐκέλευσα
3400 4492 3638 4567 ἀχθῆναι
3706 4493 3798 4547 τὸν

2140 4586 2255 4639 υἱὸν
2307 4582 2491 4639 αὐτοῦ.
2554 4584 2666 4639 Τοῦ
2726 4578 2783 4636 δὲ
2842 4581 3105 4657 ἀχθέντος
3156 4581 3474 4656 ἐπηρώτουν
3508 4581 3694 4648 αὐτὸν,
3751 4581 3798 4636 εἰ

2133 4674 2306 4739 οὕτως
2362 4670 2499 4749 ἔχει·
2564 4674 2591 4726 6
2650 4668 2706 4726 δέ
2735 4672 2854 4734 νέος
2887 4668 3011 4749 ἔφη·
3066 4671 3190 4746 Ούχ
3223 4672 3395 4735 οὕτως
3428 4672 3661 4744 ἀπονοίᾳ
3693 4671 3797 4748 ἐγὼ

2131 4762 2591 4839 ἐμπεπλησμένος
2675 4760 2812 4816 ὥστε
2869 4762 2961 4816 τὸν
3041 4761 3336 4838 γεννήτορά
3413 4782 3517 4835 μου
3590 4762 3798 4835 πατέρα

2130 4853 2361 4926 παλάμῃ
2388 4853 2572 4925 τύψαι.
2604 4848 2796 4913 Ἱλεως
2830 4854 2991 4925 γενοῦ
3028 4871 3143 4918 μοι,
3172 4847 3417 4925 βασιλεῦ·
3453 4850 3514 4905 οὐ
3548 4851 3652 4926 γὰρ
3681 4848 3797 4904 ἀθέ-

2136 4964 2265 5017 μιτα
2291 4946 2521 4997 τοιαῦτα
2549 4937 2871 5013 τετόλμηκα
2894 4941 2923 4995 ὁ
2952 4937 3307 5011 ταλαίπωρος
3340 4940 3472 5015 ἐγώ.
3508 4939 3656 5015 Ἐγὼ
3688 4935 3743 4993 δὲ
3764 4939 3793 4993 6

2132 5030 2403 5104 Σολομῶν
2435 5034 2604 5084 ταῦτα
2647 5028 2881 5090 ἀκούσας
2934 5028 3081 5103 παρὰ
3125 5033 3223 5083 τοῦ
3262 5027 3407 5098 νέου,
3450 5026 3791 5103 παρεκάλουν

2126 5122 2219 5177 τὸν
2280 5114 2642 5197 πρεσϐύτερον
2710 5116 2785 5179 εἷς
2863 5114 3075 5172 ἔννοιαν
3135 5117 3334 5187 ἐλθεῖν,
3388 5118 3477 5173 καὶ
3538 5115 3793 5193 δέχεσθαι

2128 5214 2225 5265 τοῦ
2284 5210 2403 5263 υἱοῦ
2460 5208 2559 5275 τήν
2620 5206 2923 5282 ἀπολογίαν
2957 5248 2969 5263 .
3038 5208 3102 5263 Ὀ
3154 5203 3211 5261 δὲ
3257 5206 3356 5261 ούκ
3402 5205 3597 5277 ’ἤθελεν
3648 5203 3797 5261 ἀλλὰ

2133 5295 2347 5373 μᾶλλον
2407 5296 2775 5366 θανατωθήτω
2827 5297 2970 5369 (sic)'
3032 5294 3083 5349 ἐν
3132 5292 3190 5350 δὶ
3234 5299 3313 5367 τῷ
3373 5295 3449 5368 μή
3510 5295 3797 5358 πείθεσθαῖ

2125 5390 2219 5444 τὸν
2271 5380 2657 5463 πρεσϐύτερον,
2714 5380 2956 5458 ἔμελλον
2990 5389 3070 5457 τῷ
3100 5383 3203 5458 νέῳ
3252 5385 3526 5461 τιμωρίαν
3570 5384 3797 5461 ἀποφή-

2126 5479 2338 5534 νασθαι·
2388 5474 2479 5530 καὶ
2536 5476 2820 5552 θεωρήσας
2852 5473 3061 5550 Ὀρνίαν
3089 5475 3183 5529 τὸν
3239 5471 3467 5548 δαίμονα
3519 5471 3793 5550 γελῶντα.

2127 5568 2418 5642 ἐθυμώθην
2455 5563 2705 5640 μεγάλως
2736 5562 2824 5620 διὰ
2869 5565 2932 5620 τὸ
2963 5564 3187 5641 γελάσαι
3233 5564 3323 5619 τὸν
3376 5561 3611 5637 δαίμονα
3664 5560 3794 5618 ἐνώ-

2125 5658 2250 5714 πιόν
2288 5676 2411 5731 μου·
2464 5655 2552 5710 καὶ
2601 5654 2827 5717 τούτους
2888 5659 3218 5729 μεταστῆσαι
3265 5652 3521 5710 ἐκέλευσα
3578 5650 3790 5727 Ὀρνίαν

2127 5748 2202 5810 είς
2262 5745 2425 5820 μέσον
2485 5744 2724 5820 ἀχθῆναι
2765 5747 2862 5800 τοῦ
2926 5745 3193 5817 βήματος.
3252 5747 3357 5798 Τοῦ
3416 5740 3472 5798 δὶ
3528 5742 3794 5817 ἀχθέντος
