4142 6396
324 397 484 460 1349

1471 393 2073 458 TESTAMENTUM
2117 394 2596 458 SALOMONIS.

3593 398 3751 461 1350

320 526 453 604 ἔφην
513 526 661 601 αὖτῷ
689 529 1103 602 Ἐπικατάρατε,
1127 526 1181 584 τί
1241 548 1309 602 με
1360 529 1623 604 προσχῶν
1672 523 1977 601 ἐγέλασας

2101 531 2152 585 et
2182 527 2462 585 miserum
2481 529 2758 599 juvenem
2791 527 2974 600 hujus
2997 528 3208 601 ﬁlium,
3242 530 3382 603 quia
3403 533 3519 588 tres
3550 531 3746 590 adhuc

317 619 377 675 Ὀ
409 613 465 672 δὲ
500 614 713 690 δαίμων
743 612 844 696 ἔφη
873 635 886 649 ·
918 617 1152 691 Δαίομαι
1186 619 1308 691 (sic)
1341 621 1458 685 σοῦ,
1496 612 1743 692 βασιλεῦ·
1779 614 1841 669 οὔ
1893 611 1982 670 διὰ

322 707 378 761 ei:
425 705 679 781 ἐγέλασα,
711 703 856 761 ἀλλὰ
909 703 1000 761 διὰ
1054 710 1246 761 τοῦτον
1300 707 1393 761 τὸν
1428 702 1697 779 δύστυχον
1729 704 1980 780 γέροντα,

319 793 410 851 καὶ
439 794 532 849 τὸν
565 792 755 859 ἄθλιον
786 795 926 867 νέον,
954 796 1046 850 τὸν
1105 792 1302 850 τούτου
1348 795 1486 863 υἱὸν,
1520 793 1603 847 ὅτι
1650 798 1795 866 τρεῖς
1841 792 1982 865 ἡμέ-

323 903 419 958 ρας
464 882 556 938 καὶ
614 883 666 937 ἐν
726 884 904 960 ἀωρίᾳ
958 906 1017 940 τε
1074 883 1387 955 τελευτήσει
1421 884 1449 939 6
1490 882 1607 944 υἱὸς
1650 878 1817 936 αὖτοῦ
1843 901 1855 913 ’
1889 881 1978 936 καὶ

324 970 442 1028 ἰδοὺ
473 974 501 1027 ὁ
543 972 715 1049 γέρων
781 970 1037 1048 βούλεται
1095 975 1276 1036 κακῶς
1336 972 1573 1049 ἀναιρεῖν
1615 972 1799 1028 αὐτόν.
1836 971 1980 1045 Ἐγὼ

322 1061 380 1117 δὲ
432 1060 705 1135 Σολομῶν
766 1061 1000 1124 ἀκούσας
1049 1066 1239 1129 ταῦτα,
1266 1056 1400 1138 ἔφην
1461 1061 1599 1135 πρὸς
1652 1058 1978 1134 δαιμόνιον·

320 1150 532 1222 Ἀληθῆ
591 1150 723 1207 εἰσὶν
767 1150 801 1204 ἆ
856 1149 1054 1229 λέγεις.
1080 1153 1142 1209 Ὁ
1202 1149 1260 1207 δὲ
1314 1149 1482 1226 λέγει,
1517 1148 1737 1221 ’Λληθῆ
1792 1153 1981 1222 ταῦτα,

326 1240 571 1317 βασιλεῦ.
632 1239 729 1295 Καὶ
801 1240 1034 1303 ἀκούσας
1118 1240 1225 1317 ἐγὼ
1308 1238 1568 1295 ἐκέλευσα
1654 1245 1983 1312 μεταστῆναι

317 1331 408 1385 τὸν
444 1327 698 1403 δαίμονα,
729 1330 819 1384 καὶ
851 1328 1028 1394 ἐλθεῖν
1077 1328 1242 1385 πάλιν
1296 1330 1389 1384 τὸν
1431 1329 1662 1404 γηραιὸν
1712 1327 1847 1401 μετᾶ
1892 1325 1980 1382 καὶ

316 1422 413 1474 τοῦ
470 1420 591 1474 υἱοῦ
644 1416 838 1473 αὐτοῦο
890 1414 1150 1473 ἰκέλευσα
1207 1416 1403 1480 αὐτοὺς
1461 1415 1621 1497 φιλίᾳ
1673 1423 1974 1494 τραπῆναι’

317 1508 409 1563 καὶ
439 1509 507 1563 τα
537 1507 613 1571 εἰς
645 1509 853 1587 τροφὴν
884 1507 1069 1570 αὐτοῖς
1100 1507 1552 1584 παρασχόμενος,
1586 1507 1735 1562 εἶπον
1770 1506 1860 1561 οὖν
1904 1509 1984 1578 τῷ

320 1592 622 1674 πρεσϐύτῃ,
651 1598 785 1662 Μεθ’
813 1595 1026 1672 ἡμέρας
1057 1603 1204 1671 τρεῖς
1229 1594 1399 1673 ἄγαγέ
1430 1618 1523 1671 μοι
1574 1594 1681 1651 ὧδε
1727 1596 1817 1651 τὸν
1869 1594 1983 1650 υἱόν

322 1709 443 1758 σου,
496 1687 586 1742 καὶ
641 1688 968 1760 ὶπινοοῦμαι
1018 1687 1209 1744 αὐτοῦ.
1258 1687 1325 1743 Οἱ
1403 1683 1460 1741 δὲ
1515 1687 1985 1762 προσκυνήσαντες

321 1777 702 1852 ἀνεχώρησαν.
755 1775 970 1831 Το·3των
1043 1774 1100 1831 δὲ
1168 1776 1519 1840 ἀπελθόντων
1596 1774 1852 1830 ἐκέλευσα
1908 1773 1986 1838 εἷς

2093 618 2239 686 dies,
2272 622 2328 674 et
2360 619 2421 674 in
2453 621 2623 674 nocte
2653 618 2940 675 morietur
2980 618 3139 675 ﬁlius
3171 620 3322 690 ejus,
3365 626 3422 677 et
3461 637 3593 677 ecce
3624 622 3751 681 vult

2091 722 2271 762 senex
2301 707 2452 762 male
2485 707 2729 779 perdere
2777 724 2934 763 eum.
2981 708 3112 764 Haec
3161 710 3410 765 audiens
3441 726 3546 782 ego
3578 711 3750 767 Salo-

2092 812 2253 867 mon,
2287 795 2405 851 dixi
2438 797 2509 852 ad
2543 796 2901 853 daemonium
2938 815 2950 853 :
2985 814 3121 853 vera
3177 804 3318 854 sunt
3373 817 3501 872 quae
3550 801 3749 857 dicis?

2091 885 2200 949 Qui
2232 885 2314 941 ait
2345 901 2359 940 :
2394 885 2539 941 Vera
2570 885 2715 952 hac,
2748 903 2866 941 rex.
2900 887 2967 941 Et
2993 887 3264 955 audiens,
3290 889 3446 959 jussi
3481 891 3751 946 recedere

2093 977 2442 1044 daemonem,
2475 979 2531 1029 et
2571 991 2808 1031 rursum
2842 975 3037 1031 venire
3060 992 3260 1031 senem
3287 994 3420 1033 cum
3445 978 3564 1034 ﬁlio
3597 981 3748 1051 ejus,

2085 1063 2244 1135 jussi
2303 1080 2402 1118 eos
2431 1062 2616 1119 amice
2647 1064 2971 1134 discedere,
3005 1069 3062 1120 et
3092 1066 3163 1121 ad
3196 1066 3418 1123 victum
3470 1085 3746 1125 necessa—

2093 1152 2181 1207 ria
2211 1153 2478 1224 prabens
2505 1153 2611 1222 eis,
2645 1153 2762 1207 dixi
2795 1154 2868 1209 ad
2901 1154 3189 1213 seniorem
3223 1172 3236 1212 :
3270 1156 3406 1211 Post
3447 1162 3568 1213 tres
3598 1159 3748 1227 dies,

2092 1242 2285 1298 adduc
2339 1240 2486 1297 mibi
2518 1241 2707 1299 ﬁlium
2739 1247 2963 1312 tecum,
2992 1249 3049 1299 et
3075 1244 3146 1300 de
3175 1260 3241 1300 eo
3274 1250 3471 1301 mente
3516 1248 3745 1319 cogito;

2093 1332 2194 1403 qui
2226 1330 2484 1386 venerati
2517 1336 2658 1386 sunt
2702 1348 2817 1402 me,
2853 1336 2910 1388 et
2947 1332 3243 1390 abierunt.
3278 1334 3401 1391 Illis
3431 1343 3628 1393 autem
3660 1354 3751 1394 re-

2094 1420 2466 1487 cedentibus,
2507 1420 2665 1491 jussi
2714 1420 2775 1475 in
2826 1422 3089 1477 medium
3134 1423 3348 1479 adduci
3402 1423 3665 1493 Orniam,
3694 1432 3752 1484 et

2093 1509 2213 1564 dixi
2246 1508 2336 1564 ei:
2371 1508 2568 1565 Indica
2600 1509 2744 1565 mibi
2777 1512 2932 1567 unde
2987 1511 3108 1566 haec
3139 1512 3312 1568 scias.
3356 1513 3425 1569 Et
3471 1516 3555 1571 ait
3584 1533 3598 1572 :
3636 1517 3753 1574 Nos

2094 1599 2385 1654 daemones
2443 1597 2742 1670 pergimus
2797 1599 2857 1655 in
2919 1600 3358 1658 ﬁrmamentum
3393 1603 3543 1675 coeli,
3576 1611 3634 1662 et
3692 1606 3751 1663 in

2094 1688 2288 1743 medio
2321 1687 2583 1743 siderum
2614 1687 2953 1758 volitamus,
2987 1693 3043 1744 et
3074 1691 3353 1747 audimus
3384 1693 3629 1751 consilia
3660 1713 3752 1752 ve-

2095 1776 2321 1831 nientia
2365 1793 2545 1848 super
2600 1775 2831 1832 animas
2874 1777 3210 1845 hominum,
3248 1784 3306 1835 et
3337 1783 3575 1838 tandem
3625 1785 3754 1841 abi-

323 1867 484 1941 μέσον
544 1866 783 1940 ἀχθῆναι
842 1866 935 1920 τὸν
987 1866 1228 1941 Ὀρνίαν,
1286 1864 1376 1921 καὶ
1428 1866 1575 1920 εἶπον
1628 1864 1814 1936 αὐτῷ’
1849 1865 1986 1939 Λέγε

527 1954 572 1976 ΙΑ
729 1955 740 1971 ‘
888 1959 912 1970 ν
1077 1952 1130 1976 Ίδ
1277 1954 1298 1972 η
1371 1952 1415 1976 *Μ
1490 1955 1533 1976 ,‘Y
1580 1975 1587 1976 κ
1636 1973 1645 1976 -
1681 1955 1743 1976 εῖτ
1779 1958 1871 1976 γενέ
1939 1954 1982 1976 ,ζ

2101 1884 2250 1936 mus,
2282 1871 2338 1922 et
2372 1867 2491 1922 sive
2523 1867 2582 1922 in
2616 1872 2924 1940 potestate,
2958 1869 3077 1925 sive
3108 1869 3168 1925 in
3200 1870 3356 1944 igne,
3388 1873 3509 1930 sive
3538 1874 3598 1931 in
3630 1876 3755 1947 gla-

2107 1957 2186 1976 υ,
2403 1956 2454 1976 ,Ἀ
2496 1972 2625 1976 η---
2986 1975 2991 1976 ,
3062 1975 3065 1976 ν
3122 1959 3131 1970 -
3312 1964 3383 1976 ..
3481 1963 3554 1976 ..
3636 1966 3664 1976 η
3711 1965 3723 1976 .

322 1978 438 2031 μοι,
472 1954 635 2019 πόθεν
694 1955 756 2009 σὺ
816 1959 988 2010 ταῦτα
1045 1952 1223 2023 οἶδας,
1277 1954 1306 2010 ’ὁ
1368 1952 1426 2009 δὲ
1483 1955 1647 2009 εἶπενσ
1681 1955 1873 2027 Ἡμεῖς
1932 1954 1986 2008 οἱ

321 2043 575 2118 δαίμονες
605 2043 863 2120 ἀνερχόμ
899 2056 964 2109 θα
992 2044 1130 2099 κατά
1175 2044 1237 2099 τὸ
1286 2043 1570 2120 στερέωμα
1618 2046 1714 2099 τοῦ
1754 2042 1988 2118 οὐρανοῦ

321 2136 411 2191 καὶ
464 2134 625 2206 μέσον
681 2138 791 2189 τῶν
851 2133 1088 2210 ἀστέρων
1150 2134 1426 2207 ἱπτάμεθα
1469 2133 1742 2207 (ί3)’καὶ
1799 2131 1989 2187 ἁκούο-

330 2245 424 2298 μεν
455 2223 550 2286 τὰς
590 2221 923 2302 ἀποφράσεις
966 2223 1063 2285 τὰς
1103 2219 1464 2298 ἐξερχομένας
1524 2220 1612 2277 ἰπὶ
1662 2219 1758 2284 τὰς
1807 2221 1989 2297 ψυχὰς

323 2317 430 2368 τῶν
464 2313 805 2389 ἀνθρώπων,
848 2310 939 2367 καί
996 2310 1192 2367 λοιπὸν
1263 2310 1560 2388 ἐρχόμεθα,
1621 2310 1712 2366 καὶ
1772 2307 1879 2366 εἴτε
1936 2310 1990 2366 έν

2099 1957 2218 2026 dio,
2250 1957 2373 2013 sive
2403 1956 2461 2011 in
2488 1972 2630 2013 casu
2666 1957 2932 2026 fortuito,
2975 1959 3169 2030 specie
3201 1964 3429 2018 mutata
3476 1963 3755 2021 interﬁci-

2106 2063 2257 2116 mus,
2288 2052 2344 2102 et
2375 2047 2424 2101 si
2458 2064 2572 2103 non
2608 2046 2667 2102 in
2702 2052 2869 2104 nocte
2900 2046 3058 2119 quis,
3089 2048 3177 2104 vel
3207 2066 3311 2121 per
3338 2051 3458 2107 vim
3491 2052 3751 2125 aliquam

2100 2143 2318 2207 pereat,
2346 2134 2862 2201 :transformamur
2919 2153 3026 2192 nos
3087 2137 3400 2207 daemones,
3434 2140 3511 2198 ita
3557 2148 3623 2198 ut
3654 2161 3757 2217 ap-

2102 2240 2419 2297 pareamus
2450 2224 2816 2293 hominibus,
2851 2230 2907 2280 et
2938 2231 3293 2283 venerentur
3315 2245 3420 2285 nos
3452 2247 3628 2305 super
3650 2232 3753 2290 hu-

2103 2330 2341 2369 manam
2376 2318 2672 2369 naturam.

322 2400 618 2473 δυναστείᾳ,
652 2399 759 2456 εἷ’τε
794 2399 848 2456 έν
878 2401 1029 2477 πυρὶ,
1065 2399 1171 2455 εἴτε
1214 2398 1266 2455 ἐν
1318 2399 1584 2478 ῥομφαίᾳ,
1616 2396 1725 2454 εἷ’τε
1754 2397 1806 2453 ἐν
1837 2401 2203 2474 συμπτώματι
2240 2402 2851 2476 μετασχηματιζόμενοι
2904 2402 3248 2479 ἀναιροῦμεν,
3282 2406 3372 2461 καὶ
3421 2405 3509 2461 ἐὰν
3563 2407 3640 2481 μῆ
3697 2409 3749 2466 ἄν

327 2491 500 2569 ἀωρίᾳ
550 2511 655 2560 τις,
686 2492 723 2562 ἢ
785 2489 878 2566 βίᾳ
930 2489 1037 2545 τινὶ
1097 2490 1360 2564 ἀποθάνῃ,
1397 2486 1898 2567 μεταμορφούμεθα
1953 2491 2119 2562 ἡμεῖς
2163 2490 2214 2545 οἱ
2265 2486 2543 2564 δαίμονες,
2588 2489 2728 2546 ὥστε
2776 2490 3090 2568 φραίνεσθαι
3138 2498 3255 2556 τοῖς
3303 2496 3630 2572 ἀνθρωποις,
3662 2498 3754 2555 καὶ

328 2576 576 2644 σέϐεσθαι
602 2582 749 2654 ἡμᾶς
784 2578 871 2634 ἐπὶ
906 2581 1001 2648 τῆς
1033 2578 1376 2656 ἀνθρωπίνης
1403 2577 1633 2656 φύσεως.

396 2690 546 2764 Ἐγὼ
600 2692 729 2763 γοῦν
791 2691 961 2743 ταῦτα
1013 2686 1265 2755 ακούσας,
1327 2683 1551 2756 ἐδόξασα
1636 2684 1839 2760 Κύριον
1892 2685 1983 2741 τὸν

331 2778 482 2845 Θεὸν,
513 2777 604 2832 καὶ
662 2775 979 2851 έπερώτησα
1034 2773 1200 2830 πάλιν
1252 2775 1343 2831 τὸν
1385 2771 1640 2849 δαίμονα·
1674 2774 1807 2850 Λέγε
1869 2794 1987 2847 μοι,

327 2871 444 2930 πῶς
487 2863 713 2930 δύνασθε
744 2864 823 2928 εἷς
852 2865 943 2919 τὸν
993 2863 1225 2939 οὐρανὸν
1270 2858 1535 2933 ἀναϐῆναι
1585 2859 1842 2935 δαίμονες
1895 2857 1989 2917 ὅν-

329 2975 439 3025 τες,
470 2955 560 3011 καὶ
617 2953 778 3028 μέσον
837 2957 945 3008 τῶν
1007 2953 1242 3030 ἀστέρων
1291 2953 1514 3007 καὶτῶν
1543 2951 1711 3026 ἁγίων
1745 2949 1985 3025 ἀγγέλων

335 3050 578 3118 μιγῆναι·
614 3044 641 3098 ὁ
671 3040 728 3097 δὲ
758 3040 882 3121 ἔφη’
917 3043 1016 3096 ὅσα
1067 3041 1120 3096 ὲν
1175 3044 1254 3113 τῷ
1316 3042 1534 3118 οὐρανῷ
1590 3038 1986 3109 ἰπιτελοῦνται,

333 3131 502 3195 οὕτως
555 3132 646 3187 καὶ
706 3130 796 3186 ἐπὶ
852 3137 955 3200 τῆς
1011 3136 1116 3205 γῆς
1171 3131 1224 3186 o't
1263 3127 1425 3183 τύποι
1458 3128 1656 3183 αὐτῶν·
1694 3126 1826 3182 εἷ’σὶν
1885 3129 1987 3202 γὰρ

327 3220 802 3297 ἀρχαὶ,ἰξουσίαι,
859 3220 1322 3295 κοσμοκράτορες,
1354 3218 1446 3273 καὶ
1505 3217 1775 3290 ίπτσὶμεθα
1826 3219 1990 3290 ἡμεῖς

328 3311 380 3364 οἱ
412 3307 667 3384 δαίμονες
714 3307 767 3364 ἐν
811 3312 891 3382 τῷ
939 3306 1076 3383 ἀέρι·
1122 3307 1214 3363 καὶ
1253 3305 1524 3380 ἀκούομεν
1579 3309 1689 3361 τῶν
1749 3304 1987 3382 ἐπουρα-

326 3397 455 3454 νίων
510 3398 607 3460 τὰς
663 3395 887 3476 φωνάς’
921 3395 1013 3452 καὶ
1069 3398 1242 3458 πάσας
1299 3395 1395 3457 τὰς
1442 3392 1702 3468 δυνάμεις
1760 3393 1987 3449 ἐπιθεω-

593 3458 601 3460 -
675 3458 686 3476 .
832 3458 840 3460 τ
1582 3458 1592 3468 .

332 3492 555 3563 ροῦμεν·
587 3486 678 3542 καὶ
711 3486 787 3549 ὡς
838 3486 914 3559 μὴ
966 3480 1186 3562 ἔχοντες
1245 3483 1399 3560 βάσιν
1460 3483 1832 3555 ἀναπαύσεως,
1864 3483 1993 3539 ἀτο-
2025 3458 2068 3524 C

329 3581 524 3651 νοῦμεν
579 3574 668 3631 καὶ
755 3573 1087 3647 ἐκπίπτομεν
1178 3573 1359 3649 ὥσπερ
1437 3571 1622 3651 φύλλα
1706 3572 1813 3628 ἀπὸ
1885 3576 1994 3628 τῶν

330 3663 584 3740 δένδρων·
617 3664 707 3719 καὶ
738 3665 1066 3738 θεωροῦντες
1096 3666 1246 3737 ἡμᾶς
1304 3663 1357 3717 ei
1406 3663 1686 3737 ἄνθρωποι
1737 3659 1991 3716 δοκοῦσιν

323 3753 405 3810 ὅτι
462 3756 514 3809 οἳ
564 3753 780 3829 ἀστέρες
820 3751 1111 3807 πίπτουσιν
1158 3753 1263 3807 ἀπὸ
1292 3754 1392 3806 τοῦ
1428 3751 1686 3824 οὐρανοῦ’
1721 3749 1849 3806 ἀλλ’
1880 3751 1990 3826 οὐχ

329 3840 501 3907 οὕτως
561 3842 726 3914 ἐστὶν,
777 3842 823 3897 ὦ
886 3839 1134 3918 βασιλεῦ,
1192 3838 1339 3896 ἀλλᾶ
1406 3838 1678 3912 πίπτομεν
1742 3837 1831 3894 διὰ
1889 3840 1990 3909 τὴν

330 3934 601 3990 ἀσθένειαν
634 3936 794 4007 ἡμῶν
826 3932 919 3988 καὶ
969 3931 1021 3987 έν
1074 3935 1153 4004 τῷ
1210 3928 1523 4004 μηδαμόθεν
1575 3928 1723 4006 ἔχειν
1769 3929 1990 4001 ἀντίλη-

330 4028 447 4099 ψιν,
508 4022 934 4096 καταπίπτωμεν
991 4024 1113 4095 (sic)
1183 4019 1258 4083 ὡς
1333 4020 1601 4095 ἀστραπαὶ
1678 4018 1730 4074 έν
1820 4019 1994 4096 ἆωρίᾳ

332 4112 544 4188 πολλῇ,
577 4111 667 4168 καὶ
726 4111 966 4185 ἐξάπινασ
1000 4111 1089 4166 καὶ
1148 4109 1341 4173 πόλεις
1391 4106 1801 4186 καταφλέγομεν
1834 4127 1849 4141 ’
1900 4108 1991 4164 καὶ

332 4202 530 4280 ἀγροὺς
570 4201 969 4278 έμπυρίζομεν.
1024 4201 1092 4257 Οἱ
1151 4200 1255 4276 γὰρ
1310 4198 1531 4275 ἀστέρες
1585 4198 1992 4273 τεθεμελιωμέ-

329 4313 418 4347 νοι
472 4291 605 4346 εἰσὶν
661 4290 714 4345 ἂν
770 4295 852 4363 τῷ
911 4287 1151 4365 οὐρανῷ,
1186 4288 1368 4364 ὥσπερ
1426 4288 1516 4342 καὶ
1574 4289 1601 4342 6
1640 4286 1805 4358 ἥλιος
1834 4289 1989 4359 καὶὴ

332 4379 561 4452 σελήνη.
597 4375 898 4437 Καὶταῧτα
947 4377 1180 4441 ἀκούσας
1241 4377 1350 4454 ἐγὼ
1406 4373 1677 4451 Σολομῶν
1738 4375 1994 4433 ἐκέλευσα

333 4470 682 4549 φρουρεῖσθαι
737 4469 830 4523 τὸν
888 4464 1316 4543 δαίμονα’ἅχρι
1365 4469 1591 4540 ἡμερῶν
1649 4474 1703 4521 ε”
1744 4467 1880 4539 μετά
1936 4464 1994 4522 δὲ

330 4561 429 4621 τὰς
470 4560 505 4615 ε’
536 4558 746 4633 ἡμέρας
775 4556 1286 4632 μετακαλεσάμενος
1323 4556 1415 4611 τὸν
1464 4555 1691 4633 γηραιὸν
1742 4553 1990 4629 ἤμελλον

331 4649 560 4727 ἐρωτᾷν.
595 4647 805 4712 Ἐλθὼν
867 4644 925 4702 δὲ
983 4648 1010 4701 6
1058 4647 1231 4723 γέρων
1291 4644 1430 4721 πρός
1493 4666 1560 4718 με
1616 4644 1753 4700 κατὰ
1797 4645 1993 4708 πένθος

331 4736 422 4793 καί
482 4735 703 4811 μελάνῳ
756 4740 836 4808 τῷ
891 4736 1172 4811 προσώπῳ
1226 4737 1345 4808 (sic)
1402 4733 1550 4788 εἶπον
1600 4735 1751 4807 αὐτῷ
1786 4755 1797 4767 ·
1832 4735 1992 4804 Εἰπὲ,

2167 2688 2287 2759 Ego
2309 2688 2493 2761 igitur
2513 2688 3169 2759 baecaudiensJaudavi
3200 2692 3513 2750 Dominum
3543 2695 3753 2765 Deum,

2097 2779 2157 2831 et
2199 2776 2555 2849 interrogavi
2619 2794 2828 2833 rursus
2878 2779 3203 2835 daemonem
3239 2798 3252 2837 :
3286 2781 3389 2838 Dic
3412 2783 3558 2839 mihi
3606 2803 3759 2857 quo-

2098 2865 2273 2921 modo
2323 2864 2566 2938 potestis
2595 2867 2656 2921 in
2688 2865 2902 2924 caelum
2955 2869 3270 2926 ascendere
3305 2872 3598 2929 daemones
3623 2891 3758 2931 cum

2099 2952 2250 3025 sitis,
2284 2959 2341 3009 et
2372 2952 2427 3008 in
2462 2954 2657 3010 medio
2687 2955 2948 3011 siderum
2981 2961 3159 3027 stare,
3193 2963 3251 3014 et
3279 2960 3503 3017 sanctis
3533 2962 3759 3035 angelis

2098 3045 2518 3100 commisceri?
2548 3045 2656 3111 Qui
2685 3046 2811 3101 ait:
2869 3048 3004 3113 Quae
3054 3048 3115 3103 in
3161 3050 3305 3106 ccelo
3348 3053 3757 3123 perﬁciuntur,

2098 3137 2157 3189 et
2186 3133 2244 3187 in
2277 3138 2434 3188 terra
2463 3134 2713 3189 formam
2747 3134 3146 3204 babent;sunt
3175 3139 3332 3194 enim
3366 3141 3759 3216 principatus,

2100 3226 2448 3294 potestates,
2478 3223 2686 3278 mundi
2735 3228 3008 3294 rectores,
3049 3231 3107 3282 et
3153 3226 3469 3286 volitamus
3494 3248 3609 3289 nos
3640 3234 3757 3289 dm-

2099 3327 2304 3367 mones
2334 3311 2395 3366 in
2428 3328 2582 3380 aere,
2615 3316 2673 3367 et
2728 3313 3010 3371 audimus
3069 3315 3396 3374 caelestium
3457 3336 3653 3391 voces,
3702 3326 3761 3379 et

2099 3401 2398 3474 potentias
2429 3418 2624 3457 omnes
2657 3402 3172 3475 contemplamus;
3204 3411 3266 3461 et
3296 3409 3465 3479 quasi
3502 3427 3619 3467 non
3652 3412 3758 3468 ba-

2100 3491 2306 3546 bentes
2336 3490 2534 3546 sedem
2568 3491 2806 3562 quietis,
2840 3492 3171 3561 deﬁcimus,
3203 3498 3261 3551 et
3290 3497 3559 3554 cadimus
3589 3500 3761 3571 quasi

2103 3578 2243 3635 folia
2272 3595 2342 3634 ex
2368 3580 2699 3647 arboribus,
2746 3585 2805 3636 et
2841 3582 3106 3638 videntes
3156 3601 3262 3640 nos
3313 3585 3605 3655 homines,
3635 3591 3760 3645 exi-

2102 3667 2351 3723 stimant
2393 3668 2530 3742 quia
2561 3669 2742 3725 stellae
2774 3671 2990 3726 cadant
3019 3689 3049 3727 e
3081 3672 3248 3740 coelo;
3281 3677 3381 3731 sed
3417 3693 3534 3731 non
3569 3678 3651 3734 ita
3699 3694 3762 3734 se

2101 3756 2299 3826 habet,
2334 3774 2366 3812 ο
2415 3775 2533 3825 rex,
2567 3764 2626 3813 at
2682 3759 3009 3816 decidimus
3063 3768 3302 3835 propter
3351 3764 3759 3824 inﬁrmitatem

2102 3850 2388 3917 nostram,
2423 3852 2480 3902 et
2512 3847 2649 3918 quia
2676 3847 2899 3904 nullam
2933 3851 3174 3907 omnino
3224 3852 3515 3910 habemus
3565 3873 3760 3930 Opem,

2100 3935 2369 3991 cadimus
2391 3940 2449 3992 et
2478 3936 2715 4009 fulgura
2746 3937 2804 3992 in
2838 3938 3095 3995 tenebris
3128 3941 3332 3997 multis
3361 3947 3419 3999 et
3449 3945 3669 4016 subito,
3707 3949 3765 4003 et

2100 4024 2367 4081 civitates
2426 4025 2823 4095 incendimus,
2886 4032 2943 4083 et
3008 4045 3183 4100 agros
3240 4030 3374 4103 igne
3430 4038 3761 4107 vastamus,

2101 4112 2281 4170 stellae
2314 4113 2469 4169 enim
2504 4114 2762 4171 fundatas
2791 4120 2933 4172 sunt
2964 4117 3018 4172 in
3052 4118 3216 4186 cmlo,
3268 4122 3424 4177 sicut
3471 4127 3525 4178 et
3579 4123 3666 4180 sol
3701 4129 3757 4180 et

2100 4202 2338 4259 luna.Et
2359 4203 2479 4259 haec
2502 4205 2751 4261 audiens
2773 4221 2878 4278 ego
2905 4205 3205 4277 Salomon,
3221 4210 3375 4278 jussi
3399 4217 3464 4266 ut
3485 4213 3762 4270 custodizs

2103 4293 2475 4365 mancipatur
2519 4295 2749 4349 daemon
2803 4312 2992 4367 usque
3020 4297 3090 4351 ad
3126 4297 3249 4354 dies
3301 4300 3602 4373 quinque;
3632 4308 3765 4374 post

2100 4383 2227 4439 dies
2258 4383 2539 4454 quinque,
2580 4385 2930 4440 advocatum
2982 4385 3274 4443 seniorem
3306 4406 3467 4446 eram
3501 4391 3758 4449 interro-

2102 4476 2386 4544 guturus;
2419 4472 2661 4528 veniens
2693 4478 2887 4529 autem
2940 4476 3138 4530 senior
3182 4494 3216 4532 a
3248 4495 3338 4535 me
3370 4480 3427 4535 in
3485 4481 3672 4552 luctu,
3708 4487 3766 4539 et

2103 4561 2271 4634 nigra
2302 4561 2469 4626 faeie,
2503 4562 2904 4633 dixideizDie,
2930 4582 3127 4633 senex,
3160 4567 3259 4622 ubi
3293 4573 3384 4624 est
3416 4569 3572 4627 ﬁlius
3595 4572 3765 4628 tuus?

2103 4652 2173 4705 Et
2210 4650 2346 4721 quis
2379 4650 2616 4707 habitus
2647 4651 2769 4706 hic?
2809 4653 2917 4716 Qui
2951 4653 3068 4708 ait:
3096 4654 3235 4712 Ecce
3279 4658 3505 4730 absque
3556 4660 3760 4717 liberis

2104 4739 2293 4795 factus
2316 4756 2472 4807 sum,
2505 4745 2563 4795 ct
2612 4740 2739 4795 sine
2782 4758 2886 4813 spe
2909 4742 3180 4814 sepulcro
3213 4745 3318 4800 ﬁlii
3337 4748 3755 4820 assidens,jam

332 4822 631 4904 πρεσϐύτα,
682 4830 789 4881 ποῦ
832 4825 974 4881 ἐστιν
1009 4826 1037 4879 ὁ
1068 4825 1185 4888 υἱός
1234 4844 1361 4886 σους
1418 4823 1509 4878 καὶ
1561 4823 1617 4878 τί
1682 4824 1745 4879 τὸ
1802 4831 1988 4900 σχῆμα

2104 4848 2137 4884 a
2168 4829 2375 4884 diebus
2400 4831 2632 4885 duobus
2664 4830 2948 4886 defuncti.
2984 4832 3115 4888 Ilaec
3148 4834 3399 4892 audiens
3448 4852 3555 4909 ego
3606 4838 3768 4895 Salo-

322 4908 529 4987 τοῦτος
562 4916 622 4973 Ὁ
672 4912 731 4969 δὶ
777 4908 903 4989 ἔφη’
956 4910 1099 4968 Ἰδοὺ
1150 4910 1311 4973 ἄπαις
1369 4912 1661 4987 ἕγενόμην,
1691 4911 1782 4966 καὶ
1841 4910 1995 4967 ἀνέλ-

331 5027 495 5063 πιστα
550 5006 709 5081 τάφῳ
770 5006 892 5060 υἱοῦ
949 5002 1480 5081 παρακαθεζόμενος.
1507 5000 1652 5074 Ἤδη
1702 5003 1803 5079 γὰρ
1861 5003 2001 5077 ἡμέο

336 5117 427 5172 ραι
457 5095 553 5151 δύο
585 5097 776 5172 νεκροῦ
808 5093 1116 5169 γεγονότος.
1148 5093 1299 5168 Ἐγὼ
1349 5089 1406 5147 δὲ
1441 5092 1718 5165 Σολομῶν
1768 5092 2000 5156 ἀκούσας

333 5184 645 5257 ταῦτα,καὶ
704 5182 867 5259 γνοὺς
913 5180 995 5237 ὅτι
1055 5180 1238 5253 ἀληθῆ
1303 5203 1395 5256 μοι
1455 5181 1649 5259 ἔφησεν
1702 5182 1730 5237 6
1789 5180 2000 5255 δαίμων

338 5276 569 5352 Ὀρνίας,
605 5270 831 5343 ἐδόξασα
885 5271 977 5326 τὸν
1036 5270 1166 5326 Θεὸν
1195 5271 1559 5345 τοΰ⁹Ισραγςλ’
1601 5272 1689 5326 καὶ
1750 5268 2000 5346 ΐδοῦσαιὴ

341 5364 632 5442 βασίλισσα
661 5361 837 5418 Νότου
895 5365 1064 5415 ταῦτα
1121 5359 1319 5432 πάντα,
1353 5359 1648 5435 ἐθαύμασεν
1709 5357 2005 5432 δοξάζουσα

333 5455 426 5510 τὸν
484 5453 611 5509 Θεὸν
640 5449 889 5527 Ἰσραήλ,
918 5449 1010 5505 καὶ
1066 5447 1150 5505 ἴδε
1196 5450 1287 5504 τὸν
1347 5450 1473 5505 ναὸν
1532 5450 1733 5526 Κυρίου
1792 5448 2006 5506 οἷ’κοδο-

2104 4934 2264 4986 mon,
2296 4923 2354 4973 et
2410 4918 2605 4974 sciens
2655 4918 2794 4990 quia
2850 4936 2986 4975 vera
3045 4922 3197 4977 dixit
3255 4924 3483 4980 daemon
3515 4926 3766 4997 Ornias,

2112 5007 2347 5063 laudavi
2379 5007 2696 5064 Dominum
2736 5008 2923 5065 Deum
2957 5010 3157 5067 Israel.
3192 5012 3264 5069 Et
3303 5014 3510 5071 videns
3562 5017 3768 5089 regina

2113 5097 2303 5153 Austri
2337 5097 2458 5152 haec
2487 5097 2685 5153 omnia
2732 5098 3023 5156 admirata
3077 5105 3135 5156 et
3184 5101 3522 5174 gloriﬁcans
3578 5104 3764 5164 Deum

2114 5185 2313 5255 Israel,
2346 5190 2400 5241 et
2432 5186 2580 5241 vidit
2609 5187 2896 5259 templum
2944 5189 3045 5245 Dei
3078 5191 3460 5265 aediﬁcatum,
3493 5198 3550 5250 et
3604 5196 3769 5254 dedit

2114 5274 2325 5331 siclum
2359 5275 2509 5341 auri,
2543 5280 2600 5330 et
2632 5279 2858 5350 argenti
2917 5279 3211 5352 myriades
3260 5288 3521 5352 centum,
3552 5289 3608 5341 et
3637 5288 3768 5344 aeris

2112 5363 2313 5433 electi;
2346 5372 2402 5420 et
2430 5364 2670 5420 intravit
2704 5366 2760 5420 in
2793 5367 3125 5441 templum;
3175 5374 3233 5427 et
3274 5374 3480 5445 altare,
3507 5378 3563 5431 et
3594 5375 3767 5433 fulci-

2113 5458 2314 5510 menta
2339 5468 2488 5510 cerea
2518 5452 2747 5522 altaris,
2772 5460 2831 5511 et
2852 5456 3078 5530 lapides
3099 5458 3513 5534 lampadarum
3541 5464 3769 5540 fulgen-

406 5727 520 5803 (13)
553 5725 767 5784 Eadem
798 5724 1089 5784 sententia
1126 5723 1298 5783 Pauli
1329 5722 1391 5781 in
1424 5739 1515 5797 ep.
1551 5723 1621 5780 ad
1656 5723 1871 5799 Ephes.
1906 5742 1970 5799 ιι,
1999 5727 2056 5794 2,
2088 5725 2160 5783 de
2193 5724 2527 5783 daemonum
2560 5725 2860 5784 domicilio
2892 5727 2953 5784 in
2987 5744 3133 5786 aere.
