4142 6392
361 407 511 467 1351

1311 404 1713 465 APPENDIX
1755 404 1859 465 AD
1904 404 2369 467 MICHAELEM
2412 405 2811 471 PSELLUM.

3622 412 3785 475 £352

354 544 443 598 tes
472 558 541 597 ex
564 540 812 597 diversis
837 540 1151 614 coloribus,
1184 544 1240 597 et
1269 540 1629 597 carbunculo
1676 540 1894 612 lapide,
1946 543 2000 596 et

2121 538 2413 613 μούμενον·
2446 540 2536 596 καὶ
2584 537 2781 597 ἔδωκεν
2837 542 3028 599 σίκλον
3082 545 3316 621 χρυσίου
3371 544 3462 600 καί
3513 546 3782 622 ἀργυρίου

356 630 694 704 hyacintho,
726 634 785 686 et
817 632 1152 704 smaragdo,
1187 635 1243 686 et
1274 630 1546 703 sapbiro;
1577 634 1636 686 et
1677 630 1819 685 vidit
1872 647 2013 685 vasa

356 737 555 786 aurea,
587 725 644 776 et
671 725 968 792 argentea,
1004 724 1061 776 et
1090 737 1261 789 aerea,
1295 725 1352 775 et
1396 719 1611 787 lignea,
1664 724 1721 775 et
1768 718 2010 791 pellicca

355 815 681 867 stramenta
711 827 974 881 purpura
1003 811 1228 877 tincta;
1276 815 1334 864 et
1383 809 1530 864 vidit
1559 809 1728 864 bases
1781 807 2006 864 colum-

354 916 567 955 narum
615 899 816 971 templi
849 899 973 969 Dei,
1031 916 1237 955 omnes
1282 915 1352 954 ex
1397 915 1538 953 auro
1597 914 1753 966 uno;
1803 902 2010 970 praeter

353 990 649 1045 dmmones
679 1006 827 1060 quos
859 990 932 1044 ad
984 987 1375 1044 laborandum
1418 986 1729 1056 damnavi;
1780 992 1837 1042 et
1883 992 2008 1042 erat

354 1095 467 1151 pax
494 1079 554 1132 in
586 1077 836 1135 circuitu
874 1078 1037 1148 regni
1070 1078 1184 1133 mei
1215 1081 1273 1133 et
1303 1094 1482 1148 super
1511 1076 1846 1132 universam
1889 1080 2006 1131 ter-

355 1184 503 1222 ram.
537 1170 605 1222 Et
635 1166 855 1222 factum
884 1171 975 1222 est
1006 1172 1202 1222 stante
1233 1182 1325 1221 me
1357 1167 1415 1220 in
1453 1182 1632 1237 regno
1662 1181 1811 1230 meo,
1845 1163 2007 1221 misit

357 1256 429 1311 ad
463 1272 555 1311 me
597 1255 910 1328 epistolam
962 1272 1061 1311 rex
1110 1256 1369 1311 Arabum
1416 1255 1595 1323 Adar,
1641 1258 1698 1309 et
1744 1253 2005 1327 epistolas

353 1345 648 1412 scriptura
677 1343 810 1401 talis
841 1350 967 1401 erat
1000 1362 1012 1400 :
1041 1344 1182 1417 Regi
1207 1342 1778 1400 Salomonisalutem
1812 1359 1825 1398 :
1860 1343 2006 1398 Ecce

320 1472 325 1475 Α
356 1434 715 1504 audivimus,
749 1439 805 1489 et
834 1434 1102 1488 auditum
1135 1434 1351 1488 factum
1395 1437 1484 1487 est
1515 1433 1573 1487 in
1604 1448 1810 1487 omnes
1858 1432 2004 1486 fines

353 1528 543 1589 terrae,
576 1525 774 1578 datam
806 1523 914 1578 tibi
945 1522 1318 1594 sapientiam,
1351 1526 1408 1577 et
1453 1522 1593 1593 quia
1648 1521 1737 1575 vir
1782 1521 2003 1577 miseri-

353 1629 484 1669 cors
541 1629 573 1667 a
604 1612 720 1667 Deo
752 1616 814 1667 tu
845 1628 907 1667 es
943 1630 955 1667 :
988 1616 1046 1666 et
1076 1616 1336 1683 potestas
1363 1611 1501 1666 data
1542 1614 1632 1665 est
1677 1609 1784 1665 tibi
1834 1626 2009 1679 super

351 1718 557 1759 omnes
589 1701 838 1774 spiritus
869 1701 1059 1757 aerios
1082 1707 1137 1756 et
1153 1706 1457 1756 terrestres
1479 1703 1537 1754 et
1562 1699 2000 1755 subterraneos.

351 1791 635 1855 Quoniam
669 1790 913 1862 spiritus
944 1790 1175 1846 exsistit
1205 1789 1265 1843 in
1298 1790 1535 1861 regione
1557 1789 1783 1843 Arabiae
1815 1786 1949 1843 talis
1984 1804 1998 1843 :

2125 627 2394 701 μυριάδας
2447 629 2659 703 ὶκατὸν,
2690 632 2779 687 καὶ
2837 632 3055 709 χαλκοῦ
3121 633 3402 703 ἐκλεκτοῦ,
3442 635 3532 691 καὶ
3592 636 3786 706 εἰσῆλ-

2121 720 2206 773 θεν
2265 718 2342 783 είς
2391 720 2481 775 τὸν
2549 720 2716 775 ναόν’
2776 723 2862 778 καὶ
2915 724 2978 778 τὸ
3027 726 3453 800 θυσιαστήριον,
3509 724 3600 780 καί
3654 725 3787 787 τοὺς

2120 808 2424 882 ἀναφόρους
2453 809 2584 871 τοὺς
2626 808 2869 885 χαλκοῦς
2917 816 3015 867 τοῦ
3061 814 3450 889 θυσιαστηρίου
3504 816 3595 869 καὶ
3652 815 3784 877 τοὺς

2118 893 2307 958 λίθους
2384 901 2494 953 τῶν
2588 897 2809 975 λύχνων
2886 900 3340 978 ἐξαστράπτοντας
3393 902 3452 958 ἐκ
3503 900 3782 981 διαφόρων

2117 987 2455 1061 χρωμάτων,
2486 987 2578 1042 καὶ
2639 989 2870 1065 Λυχνίου
2924 994 3023 1045 τοῦ
3083 990 3258 1063 λίθου,
3288 992 3377 1046 καὶ
3439 990 3780 1069 σμαράγδου,

2115 1075 2204 1130 καὶ
2290 1074 2569 1145 ὑακίνθου,
2626 1079 2718 1132 καὶ
2775 1079 3097 1158 σαπφείρου,
3154 1081 3246 1135 καὶ
3305 1078 3437 1135 εἶδεν
3491 1081 3560 1136 τὰ
3612 1081 3779 1154 σκεύη

2112 1166 2181 1219 τὰ
2209 1169 2388 1240 χρυσᾶ
2425 1165 2516 1220 καὶ
2548 1167 2773 1243 ἀργυρᾶ,
2805 1168 2895 1223 καὶ
2941 1166 3149 1244 χαλκᾶ,
3178 1171 3267 1224 καὶ
3318 1168 3529 1243 ξύλινα,
3575 1171 3667 1226 καὶ
3722 1170 3784 1226 ἐκ

2117 1251 2399 1330 δερμάτων
2458 1254 2770 1328 ἁπλώματα
2826 1256 3346 1333 ἠρυθροδανόμενα’
3408 1258 3498 1315 καὶ
3550 1256 3632 1316 ἴδε
3685 1260 3786 1325 τὰς

2119 1344 2302 1417 βάσεις
2331 1347 2441 1398 τῶν
2470 1346 2670 1399 κιόνων
2700 1350 2799 1401 τοῦ
2829 1352 2961 1402 ναοῦ
3017 1348 3242 1424 Κυρίου·
3280 1348 3334 1403 οἱ
3384 1345 3576 1409 πάντες
3637 1369 3778 1425 χρυ-

2114 1432 2231 1487 σίου
2262 1432 2397 1497 ἒνός“
2431 1433 2610 1509 χωρὶς
2640 1439 2750 1490 τῶν
2803 1432 3079 1508 δαιμόνων
3142 1438 3216 1492 ὧν
3270 1435 3560 1512 κατέκρινα
3616 1436 3781 1514 ἐργά-

2118 1526 2316 1591 ζεσθαι·
2367 1522 2459 1577 καὶ
2516 1523 2583 1593 iv
2643 1523 2835 1597 εἰρήνη
2895 1523 3087 1598 κύκλῳ
3145 1533 3247 1595 τῆς
3306 1523 3587 1601 βασιλείας
3648 1549 3778 1600 μου,

2112 1611 2201 1666 καὶ
2265 1610 2350 1667 ἐπὶ
2406 1612 2587 1683 πάσης
2636 1620 2738 1684 τῆς
2791 1621 2912 1691 γῆς.
2948 1615 3047 1671 Καὶ
3079 1613 3292 1691 ἐγένετο
3323 1615 3375 1671 ἂν
3405 1621 3486 1689 τῷ
3518 1617 3655 1672 εἷναί
3709 1640 3780 1692 με

2114 1700 2166 1756 ἐν
2198 1705 2266 1775 τῇ
2296 1700 2447 1775 βασι)
2465 1702 2545 1773 είᾳ
2578 1723 2704 1776 μου,
2736 1702 3021 1759 ἀπέστειλὲ
3053 1725 3147 1776 μοι
3197 1702 3492 1774 ἐπιστολὴν
3539 1705 3567 1760 6
3620 1707 3780 1779 βασι-

2112 1785 2537 1865 λεῦςπἊράϐων
2594 1788 2912 1865 Ἀδάρης,ἠ
2972 1791 3031 1848 δὲ
3081 1794 3262 1872 γραφή
3315 1800 3416 1863 τῆς
3474 1794 3778 1866 ἐπιστολῆς

350 1881 408 1935 in
444 1880 733 1935 matutino
764 1880 953 1952 surgit
972 1879 1147 1934 ﬂatus
1170 1878 1324 1934 venti
1352 1893 1538 1949 usque
1570 1879 1639 1932 ad
1660 1877 1834 1933 horas
1857 1881 1996 1948 tres,

2112 1874 2337 1954 ἔγραφεν
2400 1878 2604 1943 οὕτως·
2664 1881 2890 1937 Βασιλεῖ
2949 1880 3278 1956 Σολομῶντι
3340 1882 3591 1959 χαίρειν·
3654 1882 3776 1940 ἰδοὺ

348 1974 406 2026 et
437 1969 614 2025 ﬂatus
638 1970 769 2039 ejus
802 1968 1084 2024 terribilis
1113 1972 1172 2023 et
1209 1965 1520 2036 exitiosus,
1548 1970 1606 2022 et
1635 1965 1905 2021 homines
1944 1971 2001 2021 et

337 2060 614 2130 jumenta
644 2058 941 2125 interficit,
965 2074 1073 2113 nec
1104 2057 1226 2112 ulla
1248 2057 1377 2129 quit
1396 2056 1577 2112 herba
1599 2055 1879 2111 exsistere
1904 2072 2000 2111 su-

342 2161 447 2219 per
476 2151 694 2201 terram
753 2162 786 2200 a
845 2145 993 2201 faeie
1053 2144 1341 2199 daemonis
1397 2143 1583 2199 illius.
1642 2146 1755 2199 Oro
1795 2143 1997 2215 igitur,

341 2234 622 2308 quoniam
650 2235 807 2291 sicut
837 2238 1046 2291 ventus
1079 2238 1169 2290 est
1194 2234 1462 2305 spiritus,
1486 2233 1753 2305 excogita
1772 2232 1997 2305 aliquid

342 2325 671 2381 secundum
722 2325 919 2380 datam
972 2324 1081 2379 tibi
1137 2322 1493 2395 sapientiam
1525 2340 1559 2379 a
1590 2323 1836 2379 Domino
1885 2327 1998 2379 Deo

338 2418 480 2482 tuo;
517 2417 574 2470 et
606 2414 869 2486 digneris
903 2413 1135 2469 mittere
1167 2418 1464 2485 potentem
1497 2412 1688 2468 virum
1713 2413 1813 2483 qui
1847 2428 2000 2468 com-

342 2507 543 2576 pescat
571 2520 729 2560 eum.
763 2503 831 2558 Et
862 2519 994 2559 ecce
1023 2519 1142 2572 ero,
1194 2520 1292 2558 rex
1320 2502 1621 2569 Salomon,
1664 2518 1770 2575 ego
1804 2507 1862 2558 et
1892 2520 1998 2573 po-

339 2593 517 2666 pulus
557 2609 747 2661 meus,
782 2597 840 2648 et
870 2596 1026 2647 terra
1059 2608 1192 2647 mea
1221 2592 1441 2660 omnis,
1472 2592 1735 2647 serviens
1764 2592 1867 2647 tibi
1900 2609 1996 2647 us-

340 2699 455 2755 que
485 2682 558 2737 ad
589 2687 865 2748 mortem,
910 2686 968 2736 et
997 2681 1202 2737 subdit
1241 2697 1303 2736 se
1359 2681 1463 2736 tibi
1514 2681 1709 2736 omnis
1764 2680 1998 2747 Arabia,

342 2771 516 2827 modo
541 2771 843 2842 justitiam
877 2769 1031 2825 hanc
1067 2769 1250 2825 facias
1282 2769 1472 2825 nobis.
1499 2771 1688 2835 Quare
1719 2786 1998 2841 rogamus

340 2864 420 2927 te,
454 2876 526 2914 ne
583 2857 878 2931 despicias
929 2858 1425 2931 supplicationem
1478 2863 1764 2927 nostram,
1809 2875 1998 2932 neque

345 2948 613 3022 negligas
642 2952 903 3021 spretam
927 2952 1091 3004 tuam
1119 2948 1502 3019 provinciam,
1527 2956 1584 3005 et
1635 2948 1843 3005 ditioni
1885 2955 1997 3005 tum

348 3038 675 3109 subjectum
711 3037 979 3109 perﬁcies
1014 3054 1026 3093 :
1060 3037 1143 3092 tui
1196 3037 1354 3093 enim
1401 3036 1701 3109 supplices
1762 3054 1994 3105 sumus,

347 3142 452 3197 ego
483 3130 540 3182 et
568 3125 822 3198 populus
851 3141 1020 3183 meus
1049 3130 1106 3182 et
1139 3126 1332 3182 omnis
1364 3132 1521 3182 terra
1550 3144 1700 3183 mea.
1725 3127 1877 3182 Bene
1898 3145 1994 3183 va-

343 3213 464 3271 lere
496 3215 817 3271 Dominum
843 3232 1042 3271 meum
1077 3216 1136 3271 in
1167 3216 1465 3273 omnibus.

2109 1967 2423 2041 ἠκούσαμεν
2477 1968 2568 2023 καί
2626 1968 2888 2024 ἀκουστὸν
2945 1969 3160 2046 γέγονεν
3222 1969 3299 2033 είς
3349 1972 3519 2026 πάντα
3561 1973 3628 2025 τὰ
3683 1973 3780 2028 πὲ-

2109 2078 2243 2131 ρατα
2298 2064 2398 2127 τῆς
2455 2065 2584 2132 γῆς,
2640 2060 2740 2129 τὴν
2791 2058 2843 2113 ἦν
2893 2060 2980 2115 σοὶ
3036 2056 3335 2131 δεδομίνην
3368 2059 3558 2136 σοφίαν
3593 2063 3722 2134 (sic)
3758 2079 3774 2094 ‘

2108 2146 2199 2201 καὶ
2257 2144 2341 2201 ὅτι
2396 2144 2679 2223 ἅνθρωπος
2761 2146 3016 2221 ἐλεήμων
3089 2149 3237 2222 παρὰ
3291 2149 3492 2224 Κυρίου
3551 2149 3599 2205 εἷ
3654 2150 3721 2206 σύ
3757 2170 3771 2184 ·

2110 2235 2198 2291 καὶ
2258 2233 2462 2299 σύνεσις
2514 2234 2675 2307 ἐδόθη
2710 2258 2796 2292 σοι
2827 2236 2916 2293 ἰπὶ
2962 2239 3178 2294 πάντων
3206 2238 3525 2311 πνευμάτων
3572 2240 3771 2315 ἀερίων

2106 2345 2165 2379 τε
2214 2324 2304 2379 καὶ
2362 2324 2615 2402 ἐπιγείων
2669 2325 2761 2381 καὶ
2818 2326 3196 2402 καταχθονίων
3237 2346 3250 2359 ο
3311 2324 3501 2396 ἐπειδὴ
3558 2333 3775 2402 πνεῦμα

2108 2413 2363 2489 πάρεστιν
2425 2415 2476 2470 ἐν
2531 2414 2601 2490 τῇ
2660 2416 2821 2491 χώρᾳ
2876 2419 2974 2481 τῆς
3005 2411 3268 2492 Ἀραϐίας
3312 2414 3547 2473 τοιόνδε·
3583 2417 3634 2472 ἐν
3691 2422 3776 2491 τῷ

2112 2504 2322 2576 ἒωθινῷ
2372 2500 2599 2579 ἄρχεται
2655 2526 2738 2567 τις
2769 2502 2907 2581 αῦρα
2936 2504 3139 2578 ἀνέμου
3196 2502 3302 2570 ἕως
3338 2506 3497 2582 ὡρῶν
3553 2512 3717 2584 τριῶν
3758 2529 3773 2542 ·

2111 2592 2200 2647 καὶ
2235 2595 2268 2662 ἡ
2301 2595 2443 2662 πτοή
2485 2593 2651 2649 αὐτοῦ
2700 2590 2849 2664 δεινὴ
2907 2593 2997 2649 καὶ
3052 2593 3297 2669 χαλεπή’
3329 2595 3419 2650 καὶ
3470 2595 3776 2664 ἀποκτείνει

2111 2681 2429 2755 ἀνθρώπους
2482 2681 2573 2736 καὶ
2629 2684 2826 2753 κτήνη⁸
2860 2684 2951 2737 καὶ
3009 2682 3070 2738 οὗ
3118 2680 3337 2739 δύναται
3364 2687 3506 2754 πνοή
3541 2683 3777 2758 οὐδεμία

2112 2772 2269 2839 ζῆσαι
2324 2771 2412 2825 ἐπὶ
2466 2777 2567 2840 τῆς
2620 2778 2744 2846 γῆς,
2777 2769 3017 2827 ἰναντίον
3075 2776 3176 2826 τοῦ
3225 2770 3482 2846 δαίμονος
3538 2773 3770 2831 ἐκείνου.

2109 2859 2310 2932 Δὲομαι
2344 2860 2434 2913 οὖν
2468 2856 2655 2928 ἐπειδὴ
2690 2860 2764 2921 ὡς
2797 2857 2997 2933 ἄνεμός
3025 2859 3135 2916 ἑστι
3190 2861 3252 2917 τὸ
3307 2866 3521 2935 πνεῦμα
3582 2862 3775 2937 σόφισέ

2104 2969 2159 3003 τι
2189 2948 2324 3003 κατά
2350 2949 2449 3017 τὴν
2504 2945 2802 3023 δεδομένην
2855 2970 2942 3004 σε.
3002 2952 3192 3028 σοφίαν
3258 2949 3363 3006 ὑπὸ
3412 2950 3616 3027 Κυρίου
3670 2956 3773 3007 τοῦ

2108 3041 2245 3093 Θεοῦ
2303 3059 2399 3093 σου
2433 3056 2447 3071 ⁸
2506 3037 2596 3093 καὶ
2655 3037 2994 3110 καταξίωσον
3076 3038 3398 3095 ἀποστεῖλαι
3467 3036 3770 3113 δυνάμενον

2106 3126 2390 3202 ἄνθρωπον
2445 3122 2815 3191 συλλαϐέσθαι
2866 3126 3012 3182 αὐτῶ
3047 3130 3188 3201 (sic).
3228 3128 3327 3183 Καὶ
3370 3125 3491 3184 ἰδοῦ
3550 3123 3775 3204 ἔσομαι,

2110 3214 2335 3292 βασιλεῦ
2369 3214 2663 3290 Σολομῶν⁹
2698 3216 2805 3293 ἐγώ
2832 3238 2892 3272 τε
2920 3216 3009 3271 καὶ
3042 3217 3071 3271 6
3116 3215 3249 3280 λαός
3306 3239 3431 3291 μου,
3464 3217 3557 3272 καὶ
3609 3221 3644 3288 ἡ
3696 3223 3775 3294 γῆ

348 3323 453 3376 μου
486 3308 629 3357 πᾶσα
663 3300 834 3373 δουλή
869 3323 965 3358 σου
994 3300 1100 3366 ἕως
1132 3305 1382 3367 θανάτου·
1415 3304 1503 3359 καὶ
1538 3304 1746 3377 εἰρηνεῖ
1768 3325 1825 3360 σε
1858 3310 2000 3360 πᾶσα
2029 3301 2310 3382 Ἀῤῥαϐίω
2345 3304 2540 3382 ἰάνπερ
2570 3304 2772 3376 ταύτην
2804 3306 2904 3375 τὴν
2938 3303 3285 3376 δικαιοσύνην
3326 3309 3578 3377 ποιήσεις
3611 3310 3774 3381 ἡμῖν·

342 3388 427 3446 διὸ
469 3389 705 3465 δεόμεθά
734 3412 829 3446 σου
855 3393 931 3465 μὴ
967 3387 1322 3466 παραϐλὲψῃς
1352 3394 1453 3463 τὴν
1482 3392 1685 3448 ἱκεσίαν
1718 3397 1752 3464 ἡ
1765 3399 1901 3467 μῶν,
1933 3394 2022 3449 καὶ
2060 3396 2135 3468 μή
2169 3392 2594 3468 ἰξουθενημένην
2623 3396 2723 3464 τὴν
2757 3397 2856 3465 σὴν
2892 3396 3147 3450 ὑποτελεῖ
3181 3395 3271 3450 καὶ
3325 3396 3776 3473 ὑποτεταγμὲνήν

339 3478 606 3571 ἐπαρχίαν
637 3478 985 3571 Διῖιαιιτοτελ-ἑσει·
1013 3479 1095 3536 ὅτι
1125 3501 1222 3536 του
1255 3480 1429 3537 ἱκέται
1461 3479 1642 3555 ἐσμὲν,
1675 3480 1782 3560 ἐγώ
1823 3504 1883 3538 τε
1929 3482 2017 3538 καὶ
2069 3485 2097 3538 6
2152 3482 2286 3547 λαός
2337 3505 2444 3558 μου
2499 3483 2588 3539 καὶ
2644 3489 2791 3539 πᾶσα
2828 3487 2864 3555 ἡ
2894 3486 2964 3562 γῆ
3018 3505 3145 3559 μου·
3181 3483 3449 3563 ἐρῥῶσθαι
3491 3486 3584 3542 τὸν
3636 3486 3774 3561 ἐμὸν
3827 3568 3830 3571 Δ

338 3567 538 3645 Κύριον
571 3566 661 3623 διὰ
690 3568 914 3631 παντός.

412 3696 528 3769 Ego
560 3695 858 3766 Salomon,
911 3714 1043 3753 cum
1098 3696 1377 3770 legissem
1426 3698 1673 3769 litteras,
1707 3704 1764 3756 et
1812 3700 1994 3773 expli-
2026 3702 2070 3770 α

339 3803 567 3842 cassem
600 3803 700 3842 eas
729 3786 861 3843 dedi
894 3786 1109 3859 populo
1143 3803 1293 3857 meo,
1336 3789 1537 3845 dicens
1567 3789 1616 3844 ei
1645 3808 1658 3845 :
1684 3790 1824 3846 Post
1856 3790 1987 3847 dies

338 3881 586 3948 septem,
620 3876 680 3931 in
736 3878 1078 3932 memoriam
1140 3878 1439 3933 revocabis
1487 3878 1633 3934 mihi
1680 3879 1992 3952 epistolam

340 3964 511 4021 hanc.
545 3966 617 4021 Et
645 3970 770 4022 erat
786 3965 1114 4022 Jerusalem
1135 3966 1423 4023 aediﬁcata
1442 3973 1498 4023 et
1529 3969 1816 4040 templum
1842 3986 1994 4025 com-

336 4054 631 4127 plebatur.
665 4056 734 4110 Et
764 4061 891 4111 erat
920 4056 1074 4128 lapis
1105 4056 1428 4129 singularis
1461 4074 1716 4130 magnus
1746 4059 1991 4127 electus,

338 4159 515 4216 quem
543 4144 808 4200 volebam
839 4161 1056 4217 ponere
1084 4161 1264 4218 super
1294 4152 1472 4219 caput
1500 4147 1704 4220 anguli
1735 4148 1993 4221 comple-

339 4232 523 4287 menti
556 4234 707 4304 ejus;
741 4237 797 4287 et
829 4246 1034 4289 omnes
1066 4233 1318 4305 operarii
1372 4240 1430 4290 et
1476 4236 1669 4291 cuncti
1702 4236 1994 4293 daemones

339 4319 768 4377 collaborantes
818 4327 1106 4378 venerunt
1156 4324 1227 4378 ad
1278 4323 1408 4395 hoc,
1453 4327 1519 4379 ut
1565 4341 1805 4381 sursum
1841 4324 1994 4382 leva-

342 4413 474 4464 rent
496 4408 780 4480 lapidem,
813 4416 1171 4483 exponerent
1213 4428 1392 4484 super
1433 4412 1813 4482 pinnaculum
1846 4418 1995 4470 tem-

337 4496 420 4571 pli
453 4498 664 4565 sancti,
698 4503 757 4555 et
806 4516 921 4554 non
975 4504 1289 4573 potuerent
1333 4517 1702 4559 commovere
1749 4520 1909 4571 eum,
1940 4508 1998 4559 et

336 4603 552 4660 ponere
586 4605 764 4660 super
793 4589 1077 4661 angulum
1134 4597 1564 4662 praaparatum;
1611 4596 1735 4648 erat
1778 4592 1998 4665 quippe

336 4676 487 4748 lapis
506 4677 619 4734 iste
642 4693 895 4750 magnus
916 4678 1170 4746 valde,et
1192 4680 1611 4737 accommodus
1633 4682 1690 4736 in
1712 4681 1994 4754 angulum

338 4765 567 4838 templi.
603 4767 673 4822 Et
703 4773 837 4838 post
867 4768 991 4823 dies
1034 4773 1285 4840 septem,
1336 4770 1678 4826 recordatus
1729 4771 1997 4843 epistolae

335 4855 545 4911 Adaris
603 4854 756 4927 regis
818 4856 1327 4921 Arabum,vocavi
1385 4875 1636 4928 puerum
1691 4876 1890 4916 meum
1940 4865 1999 4918 et

337 4943 769 5016 dixizDispone
804 4945 1099 5001 camelum
1128 4950 1323 5018 tuum,
1370 4953 1428 5004 et
1473 4965 1644 5004 sume
1674 4954 1871 5007 tecum
1912 4956 1998 5007 ut-

338 5049 476 5100 rem;
510 5034 708 5107 accipe
729 5038 787 5090 et
807 5033 1065 5106 sigillum
1109 5034 1240 5105 hoc,
1266 5040 1323 5092 et
1346 5037 1491 5094 vade
1522 5037 1577 5093 in
1599 5039 1897 5106 Arabiam,
1922 5042 1993 5097 ad

333 5121 534 5178 locum
593 5124 651 5178 in
704 5140 817 5195 quo
878 5125 1066 5196 spirat
1117 5126 1363 5197 spiritus
1424 5126 1635 5195 malus,
1677 5133 1736 5183 et
1792 5146 1998 5201 appre-

337 5210 605 5268 hendens
657 5219 872 5283 utrem,
918 5219 976 5269 et
1026 5214 1312 5270 annulum
1357 5220 1495 5272 ante
1526 5233 1591 5272 os
1615 5218 1765 5274 utris
1797 5221 1868 5275 ad
1903 5224 2001 5275 ila-

338 5304 465 5356 tum
516 5301 786 5372 spiritus,
832 5318 967 5358 cum
1019 5309 1194 5360 vento
1242 5305 1616 5362 distendetur
1673 5312 1822 5377 uter,
1856 5313 1999 5366 tunc

2177 3700 2319 3775 Ἐγὼ
2373 3696 2432 3754 δὶ
2499 3696 2772 3773 Σολομῶν
2842 3699 3106 3778 ἀναγνοὺς
3160 3702 3259 3771 τὴν
3321 3699 3618 3771 ἐπιστολὴν
3678 3701 3777 3758 καὶ

2102 3788 2404 3861 ἀναπτύξας
2441 3789 2609 3859 αὐτὴν
2637 3787 2892 3845 ἀπέδωκα
2920 3789 3073 3863 τῷλα
3103 3794 3149 3863 ᾦ
3199 3812 3304 3865 μου
3351 3790 3520 3846 εἰπὼν
3573 3792 3724 3862 αὐτῷ
3754 3810 3771 3826 ’

2108 3878 2243 3953 μετὰ
2271 3878 2405 3934 ἑπτὰ
2451 3879 2660 3954 ἡμέρας
2715 3879 3054 3952 ὑπομνήσεις
3102 3900 3169 3953 με
3222 3879 3348 3955 περὶ
3394 3886 3495 3950 τῆς
3552 3878 3772 3935 ἐπιστο-

2106 3968 2209 4038 λῆς
2264 3967 2488 4038 ταύτης.
2541 3968 2645 4023 Καὶ
2693 3967 2760 4037 iv
2812 3970 2894 4041 (ἡ)
2947 3966 3311 4044 Ἰερουσαλὴμ
3369 3966 3774 4043 ᾠκοδομουμὲ-

2102 4078 2189 4129 νη,
2237 4056 2327 4113 καὶ
2373 4059 2401 4112 6
2448 4057 2574 4119 ναὸς
2626 4078 2718 4111 συν
2758 4056 3067 4133 πληροῦτο.
3117 4058 3213 4113 Καὶ
3268 4057 3335 4127 iv
3395 4055 3549 4122 λίθος
3604 4058 3772 4132 ἀκρο-

2103 4151 2362 4221 γωνιαῖος
2418 4146 2671 4219 κείμενος
2732 4147 2898 4222 μέγας
2956 4143 3237 4218 ἐκλεκτὸς,
3300 4144 3484 4203 ὅντινα
3540 4141 3770 4203 ἐϐουλό-

2108 4255 2215 4307 μην
2247 4235 2414 4289 θεῖναι
2449 4233 2528 4297 είς
2554 4235 2657 4303 τὴν
2688 4231 2933 4313 κεφαλὴν
2966 4242 3065 4306 τῆς
3106 4235 3306 4311 γωνίας
3358 4239 3456 4306 τῆς
3506 4233 3773 4309 συμπλη-

2106 4323 2327 4399 ρώσεως
2374 4322 2567 4379 αὑτοῦ·
2614 4324 2704 4379 καὶ
2748 4323 2941 4386 πάντες
3003 4325 3055 4379 οἱ
3103 4330 3377 4400 τεχνῖται,
3425 4326 3515 4381 καὶ
3570 4324 3772 4388 πάντες

2106 4413 2157 4467 oi.
2190 4410 2444 4487 δαίμονες
2478 4414 2531 4467 oi.
2590 4418 3089 4489 συνυπουργοῦντες
3146 4414 3321 4483 ἦλθον
3383 4414 3472 4470 ἐπὶ
3527 4415 3591 4470 τὸ
3637 4414 3771 4471 αὐτὸ

2106 4500 2245 4557 ὥστε
2296 4502 2573 4577 ἀναγαγεῖν
2641 4503 2733 4557 τὸν
2787 4502 2940 4561 λίθον
2999 4502 3090 4558 καὶ
3151 4509 3317 4568 θεῖναι
3351 4503 3511 4559 αὐτὸν
3561 4502 3649 4559 ἐπὶ
3704 4501 3770 4560 τὸ

2105 4590 2392 4667 πτερύγιον
2448 4595 2547 4646 τοῦ
2600 4596 2732 4647 ναοῦ
2807 4595 2905 4648 τοῦ
2982 4594 3154 4669 ἱεροῦ,
3214 4593 3307 4648 καὶ
3382 4592 3482 4649 ούκ
3540 4590 3769 4668 ἴσχυσαν

2109 4676 2364 4735 σαλεῦσαι
2434 4679 2632 4745 αὑτὸν,
2692 4678 2783 4735 καί
2843 4686 3011 4745 θεῖναι
3067 4683 3208 4758 πρὸς
3262 4683 3362 4751 τὴν
3414 4681 3617 4758 γωνίαν
3665 4685 3767 4752 τήν

2107 4770 2509 4843 θεματισμένην
2550 4768 2718 4843 αὐτῷ·
2780 4769 2849 4839 iv
2906 4772 3009 4846 γὰρ
3069 4772 3097 4826 6
3157 4769 3309 4837 λίθος
3370 4770 3572 4835 ἐκεῖνος
3628 4772 3770 4827 πάνυ

2111 4859 2302 4934 μέγας,
2332 4859 2422 4914 καὶ
2474 4861 2756 4936 χρήσιμος
2805 4858 2882 4923 εἷς
2925 4862 3027 4930 τὴν
3072 4861 3270 4938 γωνίαν
3314 4864 3411 4916 τοῦ
3460 4861 3630 4939 ἱεροῦ.
3662 4860 3769 4919 Καὶ

2110 4949 2247 5022 μετὰ
2272 4950 2369 5013 τὰς
2399 4950 2533 5003 ἑπτὰ
2571 4951 2783 5025 ἡμέρας
2837 4950 3095 5023 μνησθεὶς
3138 4957 3240 5020 τῆς
3283 4949 3577 5020 ἐπιστολῆς
3610 4949 3769 5008 Ἀδά-

2113 5058 2210 5114 ρου
2265 5035 2535 5115 βασιλέως
2583 5033 2858 5115 Ἀράϐων,
2893 5038 3125 5095 ἐκάλεσα
3169 5040 3262 5095 τὸν
3307 5037 3479 5095 παῖδά
3524 5062 3630 5114 μου
3676 5040 3769 5096 καὶ

2111 5128 2261 5183 εἶπον
2316 5127 2480 5200 αύτῷ.
2515 5128 2796 5198 Ἐπίταξον
2855 5130 2955 5198 τὴν
3016 5128 3270 5203 καμηλόν
3330 5150 3427 5185 σου
3483 5130 3575 5186 καὶ
3634 5124 3771 5185 λάϐε

2111 5218 2330 5272 σεαυτὸν
2374 5217 2557 5286 ἀσκὸν,
2592 5212 2727 5273 λάϐε
2775 5215 2833 5273 δὲ
2881 5217 2969 5273 καὶ
3012 5220 3112 5287 τὴν
3165 5240 3273 5295 (hci
3325 5221 3409 5292 (u?
3454 5220 3516 5276 at?
3566 5222 3637 5294 t‘?)
3678 5224 3771 5295 γῖ-

2112 5305 2175 5361 δα
2226 5310 2340 5382 (14)
2398 5306 2601 5376 ταύτην
2637 5325 2648 5337 '
2710 5308 2800 5362 καὶ
2861 5305 3065 5373 ἄπελθε
3125 5307 3200 5371 εἷς
3229 5311 3327 5379 τὴν
3363 5304 3617 5387 Ἀραϐίαν
3680 5308 3771 5365 ἐπὶ

338 5386 634 5461 intelliges
687 5392 896 5447 adesse
953 5391 1353 5464 spiritumzet
1400 5395 1712 5451 confestim
1757 5396 1997 5470 alligato

2112 5396 2198 5452 τὸν
2248 5396 2413 5452 τόπον
2467 5395 2521 5452 ἐν
2571 5396 2616 5469 ᾧ
2664 5396 2725 5452 τὸ
2771 5398 3014 5474 πονηρὸν
3046 5402 3261 5472 πνεῦμα
3288 5400 3457 5455 πνέευ
3490 5399 3577 5453 καὶ
3638 5419 3770 5475 κρα-

339 5477 492 5533 utris
518 5493 636 5546 ore,
671 5479 843 5552 signa
884 5478 1029 5536 illud
1062 5482 1260 5554 sigillo
1313 5482 1417 5540 hoc
1453 5488 1511 5540 et
1551 5484 1789 5558 impone
1821 5504 2000 5560 super

2112 5488 2277 5558 rica;
2335 5487 2426 5542 τὸν
2485 5486 2671 5559 ἀσκὸν,
2732 5486 2824 5541 καὶ
2890 5488 2955 5542 τὸ
3033 5485 3384 5544 δακτυλίδιον
3466 5483 3766 5562 ἔμπροσθεν

413 5744 459 5816 (4
474 5745 526 5817 4)
558 5743 723 5800 Certe
744 5761 859 5802 non
894 5748 1185 5820 scriptum
1211 5766 1225 5807 :
1263 5749 1554 5827 σφραγῖδα,
1585 5754 1693 5811 etsi
1725 5754 1833 5812 hoc
1858 5772 1988 5814 esse
2012 5756 2221 5830 possit.
