4142 6422
327 303 482 363 13Ί3

1477 297 2080 364 TESTAMEN'I‘UM
2126 301 2603 361 SALOMONIS.

3595 297 3624 356 1
3640 297 3759 356 354

321 437 420 488 τοῦ
479 434 752 507 στόματος
803 439 902 490 τοῦ
958 435 1130 492 ἀσκοῦ
1179 436 1316 492 κατὰ
1365 437 1464 504 τὴν
1493 436 1668 504 πνοὴν
1699 438 1796 490 τοῦ
1823 431 1988 488 πνεύ-

2115 432 2391 490 aamelum
2443 437 2635 502 tuum,
2668 435 2725 488 et
2773 433 2916 488 affer
2964 431 3108 486 mihi
3157 431 3321 499 huc;
3375 433 3435 486 et
3477 429 3530 485 si
3577 430 3636 484 in
3669 431 3762 486 via

327 542 522 594 ματος,
565 523 658 578 καὶ
717 523 768 577 έν
829 529 907 595 τῷ
963 527 1425 598 πνευματωθῆναι
1481 525 1573 580 τὸν
1633 525 1816 592 ἀσκὸν,
1864 521 1991 576 τότε

325 613 574 682 συνήσεις
609 611 693 666 ὅτι
737 613 764 666 6
809 610 1020 685 δαίμων
1075 613 1222 668 έστί·
1265 614 1358 668 καὶ
1418 611 1629 686 σπουδῇ
1688 611 1986 687 περιδήσας

326 702 388 756 τὸ
421 701 599 772 στόμα
625 705 724 756 τοῦ
777 702 967 768 ἀσκοῦ,
997 703 1438 778 κατασφράγισον
1484 704 1646 758 αὐτὸν
1703 701 1835 774 μετὰ
1890 703 1988 754 τοῦ

329 788 705 858 δακτυλιδίου,
751 793 840 846 καὶ
891 792 1138 862 ἐπίταξον
1197 792 1358 848 αὐτὸν
1418 793 1504 846 ἐπὶ
1553 793 1652 861 τήν
1707 787 1987 862 κάμηλον,

327 878 418 932 καὶ
475 877 703 950 κόμισόν
763 900 858 950 μοι
935 877 1163 934 ένθάδε·
1213 880 1304 934 καὶ
1370 879 1460 934 ἐὰν
1519 880 1655 934 κατά
1705 880 1802 946 τήν
1861 875 1986 931 ὁδὸν

324 967 473 1038 τάξοι
524 989 608 1022 σοι
661 970 890 1044 χρυσίον
933 969 970 1038 ἢ
1017 971 1276 1046 ἀργύριον
1314 969 1350 1039 ἢ
1381 970 1686 1042 θησαυροὺς
1713 967 1804 1023 ’ίνα
1861 969 1991 1022 ἀπο-

2099 523 2484 595 spoponderit
2513 523 2618 576 tibi
2651 539 2864 576 aurum
2895 521 2982 576 vel
3034 527 3344 592 argentum
3389 518 3480 574 vel
3522 518 3764 574 thesau-

2099 629 2217 677 ros,
2252 617 2320 666 ut
2349 609 2543 666 solvas
2574 626 2731 672 eum,
2752 610 2883 664 vide
2906 625 2979 664 ne
3010 607 3220 676 facias;
3247 609 3346 663 sed
3373 607 3763 680 (memineris)

2099 701 2369 773 prmeepti
2406 716 2539 754 cum
2584 701 2950 770 jar-amento,
2986 703 3051 752 ut
3081 698 3199 769 (ne)
3233 696 3464 762 solvas;
3499 703 3556 750 et
3583 697 3630 751 si
3664 713 3763 752 os-

2099 789 2354 846 tenderit
2381 789 2485 843 tibi
2531 789 2658 842 loca
2687 789 2810 842 auri
2856 793 2914 842 et
2962 787 3211 859 argenti,
3243 791 3557 858 postquam
3593 790 3763 842 nota-

2099 879 2254 934 veris
2281 878 2430 940 loea,
2463 877 2630 948 signa
2677 876 2872 947 sigillo
2905 877 3033 942 hoc,
3067 883 3124 931 et
3172 878 3359 930 adduc
3403 890 3536 930 eum
3571 875 3714 930 mihi
3743 893 3756 943 ;

2093 968 2216 1036 jam
2248 969 2394 1022 vade
2421 969 2480 1020 in
2516 983 2794 1036 prospera
2823 965 3174 1020 valetudine.

325 1055 496 1131 λύσῃς
551 1056 730 1113 αὐτὸν.
791 1055 960 1132 βλέπε
1019 1060 1093 1131 μή
1153 1063 1429 1132 πεισθῇς·
1492 1058 1641 1114 ἀλλὰ
1705 1057 1974 1126 σόνταξαι,
2026 1051 2142 1120 ἀνα,
2195 1053 2360 1126 ὅρκου
2427 1051 2698 1108 ἇπολῦσαι
2735 1073 2747 1086 ·

2806 1053 2894 1107 καὶ
2949 1050 3038 1106 ἐὰν
3097 1049 3358 1125 ἀποδείξῃ
3413 1073 3496 1106 σοι
3557 1053 3762 1116 τόπους

321 1145 553 1221 χρυσίου
609 1149 646 1216 ἢ
698 1146 987 1221 ἀργυρίου,
1046 1147 1492 1220 σημειωσάμενος
1567 1147 1694 1208 τοὺς
1744 1145 1946 1206 τόπους
1999 1141 2288 1220 σφράγισαι
2337 1143 2438 1210 τὴν
2519 1139 2786 1219 σφραγῖδα
2835 1139 3060 1210 ταύτην,
3119 1140 3209 1196 καὶ
3267 1139 3442 1215 ἄπαγέ
3511 1163 3603 1214 μοι
3666 1141 3760 1196 αὐ-

321 1235 413 1290 τόν
441 1254 454 1267 ·
487 1233 598 1306 ἤδη
631 1235 833 1299 ἄπελθε
867 1236 1146 1312 ὑγιαίνων.

398 1359 538 1416 Τότε
597 1361 624 1415 6
680 1365 806 1423 παῖς
857 1362 926 1416 τὰ
985 1361 1348 1436 ἐντεταλμένα
1391 1360 1538 1434 αὖτῷ
1595 1361 1843 1432 ἐποίησε,
1905 1355 1996 1414 καί

329 1448 550 1522 ἐπέταξε
603 1451 702 1522 τήν
762 1449 1046 1525 κάμηλον,
1105 1452 1195 1507 καῖ

329 1537 598 1615 ἐπορεύθη
661 1539 738 1604 εἷς
788 1543 886 1611 τὴν
949 1537 1208 1616 Ἀραϐίαν
1244 1564 1256 1576 ·

1281 1451 1439 1523 ἔθηκε
1495 1453 1586 1507 τὸν
1676 1449 1834 1506 ἀσκὸν
1903 1449 1995 1504 καὶ

1318 1543 1406 1597 καὶ
1457 1542 1514 1595 οἱ
1573 1539 1848 1617 ἅνθρωποι
1897 1542 1996 1594 τοῦ

326 1629 498 1685 τόπου
526 1629 738 1685 έκείνοῦ
769 1631 1056 1702 ἠπίστουν,
1091 1631 1136 1686 εἰ
1191 1628 1294 1708 ἄρα
1355 1629 1640 1702 δυνήσεται
1699 1631 1762 1684 τὸ
1821 1651 1994 1698 πονη-

330 1719 422 1796 ρον
503 1723 718 1794 πνεῦμα
802 1715 1187 1778 συλλαϐέσθαι.
1249 1722 1489 1797 ’Όρθρου
1562 1717 1618 1774 δὲ
1675 1719 1993 1804 γενομένου,

329 1809 555 1872 ἀναστὰς
615 1811 644 1864 6
685 1807 902 1880 οἰκέτης
960 1808 1086 1882 ἔστη
1140 1811 1478 1866 κατενώπιον
1534 1813 1632 1864 τοῦ
1686 1807 1996 1881 πνεύματος

326 1905 426 1968 τῆς
488 1899 682 1967 πνοῆς,
715 1897 804 1952 καὶ
837 1893 998 1969 ἔθηκε
1024 1899 1116 1953 τὸν
1178 1901 1342 1956 ἀσκὸν
1393 1898 1480 1954 ἐπὶ
1537 1900 1600 1954 τὸ
1655 1895 1872 1977 ἔδαφος,
1905 1897 1994 1951 καὶ

326 1988 387 2042 τὸ
437 1983 784 2042 δακτυλίδιον
847 1985 934 2042 έπῖ
1003 1993 1099 2043 τοῦ
1159 1985 1430 2064 στὸματος
1486 1992 1581 2043 τοῦ
1640 1989 1844 2042 ἀσκοῦ·
1905 1999 1993 2054 καὶ

2175 1359 2338 1414 Tunc
2381 1374 2526 1429 puer
2567 1357 2856 1429 imperata
2908 1356 3020 1413 sibi
3077 1357 3240 1424 fecit;
3294 1355 3522 1429 paravit
3573 1373 3764 1412 came-

2105 1448 2253 1519 lum,
2287 1447 2573 1520 imposuit
2605 1451 2814 1512 utrem,
2849 1451 2908 1502 et
2941 1447 3086 1503 abiit
3117 1447 3176 1502 in
3228 1447 3524 1503 Arabiam.
3561 1447 3629 1502 Et
3659 1446 3770 1502 viri

2105 1537 2214 1593 loci
2248 1537 2406 1593 illius
2441 1553 2552 1592 non
2587 1537 2904 1592 credebant
2935 1537 3088 1608 quod
3117 1545 3316 1609 posset
3349 1537 3623 1609 spiritum
3653 1554 3771 1592 ma-

2105 1625 2228 1680 lum
2252 1627 2686 1698 apprehendere
2713 1644 2724 1696 ;
2753 1643 2923 1681 mane
2943 1633 3138 1682 autem
3158 1627 3332 1694 facto,
3355 1643 3602 1699 surgens
3625 1643 3772 1698 puer

2108 1717 2270 1772 stetit
2328 1723 2460 1774 ante
2511 1719 2716 1773 ﬂatum
2769 1718 2946 1786 venti,
2997 1723 3054 1773 et
3102 1719 3302 1790 posuit
3349 1723 3539 1774 utrem
3593 1734 3770 1790 super

2107 1806 2530 1878 pavimentum,
2581 1813 2638 1863 et
2683 1807 2968 1863 annulum
3024 1808 3096 1863 ad
3141 1825 3208 1864 os
3259 1808 3443 1876 utris;
3494 1812 3552 1864 et
3611 1806 3771 1863 flavit

2105 1898 2332 1953 daemon
2393 1914 2496 1970 per
2545 1898 2801 1954 medium
2856 1897 3083 1966 annuli,
3133 1897 3188 1953 in
3243 1913 3308 1954 os
3357 1898 3527 1968 utris,
3573 1902 3631 1954 et
3677 1897 3767 1952 in-

2110 1987 2383 2058 grediens
2413 1991 2582 2042 vento
2614 1986 2897 2043 distendit
2917 1991 3132 2043 utrem.
3155 1987 3259 2041 Vir
3290 1991 3486 2042 autem
3518 2001 3768 2058 surgens

327 2040 380 2093 ,λ’
683 2040 742 2092 ⁷.(
883 2040 908 2042 ’ί
1011 2040 1428 2096 ζ’“,“’⁵””.ξἿ
1837 2073 1851 2090 .
1981 2040 1993 2054 ⁵

325 2095 573 2130 επνευσεν
623 2075 650 2129 6
703 2073 914 2148 οαίμων
946 2072 1035 2129 δια
1071 2097 1237 2150 μεσου
1266 2097 1364 2130 του
1397 2071 1750 2130 δακτυλιδίου
1809 2095 1882 2136 εις
1928 2073 1992 2128 τὸ

2115 2075 2246 2144 cito,
2306 2075 2543 2130 strinxit
2615 2093 2789 2131 manu
2865 2094 2929 2131 os
3003 2076 3172 2143 utris,
3235 2076 3292 2132 in
3357 2077 3595 2132 nomine
3667 2073 3770 2130 Dei

328 2165 506 2238 στόμα
565 2167 660 2218 τοῦ
727 2163 917 2238 ἀσκοῦ,
965 2165 1054 2219 καὶ
1123 2164 1382 2220 εἲτσελθὼν
1454 2164 1836 2238 έπνευμάτωσε
1899 2163 1992 2217 τὸν

328 2252 509 2310 ἀσκόν.
543 2254 604 2310 Ὁ
663 2250 738 2322 δὲ,
774 2250 1061 2329 ἄνθρωπος
1117 2252 1391 2318 ένσταθεὶς
1449 2253 1666 2322 εὐθέως,
1730 2249 1994 2329 ἔπρινξεν

327 2345 395 2416 τῇ
456 2343 602 2417 χειρὶ
665 2342 727 2396 τὸ
789 2342 964 2414 στόμα
1014 2348 1112 2398 τοῦ
1169 2343 1341 2398 ἀσκοῦ
1399 2343 1451 2398 έν
1514 2343 1744 2416 ὀνόματι
1797 2340 1996 2418 Κυρίου

331 2436 426 2486 τοῦ
493 2435 627 2487 Θεοῦ
679 2425 930 2500 Σαϐαὼθ,
991 2433 1079 2487 καὶ
1132 2429 1340 2505 ἔμεινεν
1399 2427 1505 2487 ἔσω
1563 2433 1590 2486 6
1653 2429 1864 2504 δαίμων
1921 2429 1999 2494 εἷς

335 2521 425 2575 τὸν
487 2519 671 2590 ἀσκὸν,
729 2522 815 2575 καὶ
875 2523 1010 2594 μετά
1062 2526 1224 2577 τοῦτο
1293 2519 1499 2595 ἔμεινεν
1555 2523 1582 2576 6
1640 2526 1770 2582 παῖς
1829 2521 1880 2574 έν
1927 2522 1996 2592 τῇ

335 2611 494 2685 χώρᾳ
531 2609 708 2684 ἐκείνῃ
745 2609 956 2686 ἡμέρας
1011 2617 1160 2685 τρεῖς
1221 2611 1295 2672 εἷς
1345 2609 1622 2684 ἐπίδειξιν
1665 2610 1756 2665 καὶ
1815 2608 1997 2664 οὐκέτι

335 2699 554 2754 ἔπνευσε
611 2700 674 2753 τὸ
731 2703 946 2773 πνεῦμα
1015 2699 1185 2755 πλέον
1259 2704 1328 2775 τῇ
1405 2700 1566 2755 πόλει
1644 2698 1850 2773 ἐκείνῃ·
1907 2697 1998 2752 καὶ

335 2787 566 2864 ἔγνωσαν
622 2787 816 2850 πάντες
873 2784 1187 2863 οῖ”Αραϐες
1240 2788 1322 2844 ὅτι
1370 2787 1631 2863 ἀσφαλῶς
1691 2787 2002 2843 συνέκλεισε

336 2878 398 2932 τὸ
453 2881 688 2951 πνεῦμα.
721 2878 852 2932 Τότε
907 2877 1124 2948 ἐπέταξε
1170 2879 1260 2932 τὸν
1311 2877 1473 2932 ἀσκὸν
1520 2878 1548 2931 6
1598 2882 1728 2931 παῖς
1775 2876 1850 2938 εἷς
1897 2879 1997 2944 τήν

336 2965 589 3039 κάμηλον
625 2985 639 2999 ⁸
699 2967 792 3022 καὶ
865 2967 1218 3042 προέπεμπον
1276 2967 1370 3021 τὸν
1427 2963 1598 3020 παῖδα
1654 2967 1706 3020 οἱ
1765 2959 2001 3039 ’Ἄραϐες

341 3057 471 3128 μετᾶ
523 3059 691 3129 τιμῆς
743 3054 962 3121 πολλῆς
1020 3057 1110 3110 καὶ
1170 3053 1360 3131 δώρων
1419 3054 1768 3128 πολυτίμων,
1833 3053 2000 3132 εὐφη-

344 3149 572 3218 μοῦντες
628 3145 719 3200 καὶ
779 3143 1092 3216 δοξάζοντες
1167 3146 1257 3199 τὸν
1335 3145 1464 3199 Θεὸν
1513 3141 1764 3220 Ἰσραήλ.
1824 3143 1886 3198 Ὀ
1943 3140 2000 3197 δὲ

335 3238 463 3298 παῖς
519 3233 775 3309 εἰσήγαγε
828 3234 922 3289 τὸν
979 3233 1163 3304 ἀσκὸν,
1195 3234 1282 3288 καὶ
1343 3231 1531 3304 ἔθηκεν
1594 3231 1670 3294 είς
1715 3233 1777 3286 τὸ
1840 3230 2001 3304 μέσον

333 3327 430 3378 τοῦ
478 3327 629 3378 ναοῦ.
663 3327 747 3398 Τῇ
800 3321 857 3378 δὲ
916 3322 1172 3398 έπαόριον
1227 3321 1402 3378 ἐλθὼν
1459 3323 1569 3396 έγὼ
1602 3320 1860 3398 βασιλεὺς
1893 3327 1996 3375 Σα-

2106 2165 2387 2238 Sabaoth,
2420 2170 2477 2221 et
2525 2166 2744 2221 mansit
2792 2166 2954 2222 intus
2987 2166 3236 2233 daemon,
3271 2169 3328 2221 et
3360 2169 3562 2238 postea
3595 2181 3765 2220 man-

2108 2254 2185 2311 sit
2233 2272 2376 2327 puer
2421 2254 2480 2309 in
2529 2255 2766 2328 regione
2816 2256 2922 2311 hac
2973 2255 3096 2311 dies
3144 2259 3291 2322 tres,
3345 2257 3412 2309 ad
3465 2254 3771 2326 probatio-

2108 2360 2242 2399 nem
2274 2343 2432 2412 faeti,
2467 2360 2571 2399 nec
2623 2344 2780 2400 ﬂavit
2826 2344 3084 2416 amplius
3134 2343 3382 2416 spiritus
3425 2343 3484 2398 in
3537 2342 3772 2399 civitate

2109 2433 2236 2502 hac,
2291 2437 2348 2489 et
2406 2439 2808 2506 cognoverunt
2861 2435 3080 2489 Arabes
3148 2450 3353 2490 omnes
3421 2433 3561 2503 quia
3618 2435 3774 2488 certe

2109 2523 2400 2578 conclusit
2430 2523 2726 2594 spiritum.
2758 2523 2922 2578 Tunc
2972 2529 3162 2578 utrem
3211 2523 3500 2595 imposuit
3529 2539 3678 2595 puer
3711 2522 3771 2576 in

2109 2612 2420 2678 camelum,
2455 2617 2510 2667 et
2553 2613 2773 2667 Arabes
2816 2612 3172 2668 dimiserunt
3202 2629 3334 2668 eum
3382 2628 3516 2667 cum
3549 2611 3773 2667 honore

2109 2700 2296 2756 multo
2328 2705 2385 2755 et
2434 2700 2606 2756 donis
2661 2702 2956 2772 pretiosis,
2989 2701 3301 2756 laudantes
3347 2705 3406 2756 et
3435 2701 3770 2774 gloriﬁcan-

2109 2793 2200 2845 tes
2231 2791 2415 2846 Deum
2447 2789 2646 2844 Israel.
2682 2789 2828 2844 Puer
2860 2796 3052 2846 autem
3085 2790 3285 2846 attulit
3318 2796 3530 2858 utrem,
3562 2795 3620 2845 et
3652 2799 3770 2846 sla-

2107 2878 2223 2932 tuit
2252 2879 2308 2932 in
2345 2879 2540 2933 medio
2571 2879 2776 2950 templi
2806 2896 2818 2945 ;
2865 2883 2923 2934 et
2957 2879 3236 2950 postridie
3266 2879 3504 2936 veniens
3535 2895 3638 2951 ego
3673 2895 3772 2935 rex

2110 2968 2385 3024 Salomon
2416 2967 2475 3021 in
2509 2969 2791 3038 templum
2821 2969 2942 3034 Dei,
2973 2969 3240 3040 replebar
3267 2969 3512 3025 tristitia
3535 2985 3768 3042 magna,

2111 3055 2324 3126 lapidis
2383 3056 2684 3126 angularia
2735 3074 2958 3124 causa;
3021 3063 3079 3113 et
3135 3058 3502 3128 ingrediente
3561 3075 3654 3114 me
3702 3058 3763 3114 in

2107 3143 2394 3214 templum
2465 3161 2714 3216 surgens
2782 3152 2913 3200 uter
2988 3146 3316 3202 ambulavit
3390 3149 3612 3218 gradus
3678 3163 3770 3203 se-

2112 3237 2266 3305 ptem
2313 3251 2326 3289 :
2371 3234 2622 3306 procidit
2682 3239 2876 3290 autem
2940 3236 2999 3290 in
3057 3253 3142 3292 os.
3205 3241 3262 3291 et
3317 3241 3628 3293 veneratus
3685 3241 3778 3293 est

2110 3341 2223 3380 me.
2283 3325 2350 3378 Et
2411 3325 2714 3382 admirans
2780 3341 2906 3399 ego,
2968 3329 3122 3398 quod
3179 3332 3235 3382 et
3298 3328 3356 3382 in
3417 3332 3546 3383 utre
3607 3332 3774 3401 pote-

337 3411 530 3484 λομῶν
564 3412 640 3470 εἷς
669 3413 764 3467 τὸν
793 3413 918 3466 ναὸν
965 3415 1062 3466 τοῦ
1111 3410 1442 3484 Θεοῦ,ἤμην
1503 3411 1554 3466 ἐν
1615 3410 1760 3484 λύπῃ
1809 3408 1998 3484 πολλῇ

2115 3418 2322 3468 etatem
2375 3413 2618 3470 haberet
2664 3416 2917 3484 daemon,
2949 3422 3007 3472 et
3057 3417 3406 3486 ambularet,
3453 3418 3607 3488 jussi
3638 3433 3774 3473 eum

338 3500 460 3576 περί
509 3505 606 3556 τοῦ
655 3499 812 3564 λίθου
860 3506 958 3556 τοῦ
1007 3502 1434 3576 ἀκρογωνιαίου·
1468 3501 1559 3554 καὶ
1617 3499 1671 3554 έν
1712 3503 1794 3570 τῷ
1841 3498 2011 3572 εἷ’σέρ,

341 3591 532 3664 χεσθαί
577 3611 670 3662 μοι
729 3593 851 3664 (sic)
912 3590 990 3652 εἷς
1044 3592 1136 3646 τὸν
1191 3591 1317 3646 ναὸν
1369 3590 1598 3650 ἀναστὰς
1629 3591 1657 3643 6
1689 3589 1852 3650 ἀσκὸς
1883 3587 2012 3642 έπε-

349 3681 670 3754 ριεπάτησεν
719 3683 842 3752 (εἰσ)
895 3681 1028 3734 έπτά
1092 3681 1336 3755 βήματα’
1369 3679 1522 3734 ἔπεσε
1571 3677 1628 3733 δὲ
1686 3678 1774 3732 έπὶ
1833 3677 2008 3750 στόμα

337 3769 428 3822 καὶ
493 3767 867 3842 προσεκύνησέ
926 3789 1040 3841 μοι.
1093 3770 1192 3822 Καὶ
1253 3769 1530 3840 θαυμάσας
1601 3767 1712 3839 ἐγὼ
1776 3767 1858 3820 ὅτι
1916 3766 2006 3820 καὶ

348 3857 482 3930 μετὰ
539 3858 704 3912 ἀσκοῦ
755 3854 987 3929 δύναμιν
1039 3855 1196 3932 ἔσχεν
1242 3858 1270 3911 6
1321 3855 1552 3929 δαίμων,
1602 3855 1692 3909 καὶ
1749 3853 2007 3925 περιεπά-

340 3967 444 4015 τει,
471 3945 726 4001 ἐκέλευσα
783 3946 942 4002 αὐτὸν
996 3946 1307 4015 ἀναστῆναι·
1343 3946 1432 4000 καὶ
1489 3945 1681 4014 ἀνέστη
1743 3945 1770 3998 ὁ
1821 3943 2005 4016 ἀσκὸς⁹

349 4034 441 4090 καὶ
499 4032 624 4106 ἔστη
681 4040 799 4098 τοῖς
857 4035 984 4090 ποσὶ
1043 4034 1449 4110 πεφυσημένος.
1503 4033 1603 4089 Καὶ
1675 4031 2008 4106 ἐπηρώτησα

346 4123 507 4178 αὐτὸν
567 4124 760 4200 λέγων.
795 4124 932 4179 Eine
994 4145 1109 4196 μοι,
1139 4123 1202 4177 σὺ
1248 4123 1330 4187 τίς
1382 4123 1464 4193 εἷς
1498 4122 1588 4178 καὶ
1647 4117 1747 4200 ἔφη
1808 4117 2004 4176 ἔσωθεν

340 4215 404 4267 τὸ
455 4217 709 4284 πνεῦμα·
747 4214 891 4288 Ἐγώ
945 4213 1060 4286 είμι
1105 4215 1131 4266 6
1179 4211 1482 4287 λεγόμενος
1528 4212 1827 4290 Ἐφίππας,
1862 4213 1890 4265 ὁ
1933 4209 2005 4266 ὢν

340 4302 392 4358 έν
421 4307 492 4377 τῇ
525 4297 760 4376 Ἀραϐίᾳ
783 4322 796 4335 ·
829 4302 920 4357 καὶ
979 4303 1128 4357 εἶπον
1183 4301 1331 4374 αὐτῷ
1357 4320 1369 4334 ⁶
1404 4300 1573 4355 Τοῦτό
1635 4300 1722 4355 σοί
1778 4300 1888 4355 ἐστι
1945 4302 2008 4355 τὸ

341 4393 519 4465 ὅνομα
541 4411 556 4462 ;
580 4394 642 4450 Ὀ
674 4389 732 4446 δὲ
762 4391 886 4464 ἔφη’
919 4392 1047 4459 Ναὶ,
1075 4391 1214 4447 ὅπου
1245 4392 1351 4466 ἑγὼ
1381 4389 1684 4466 βούλομαι,
1709 4389 2008 4465 ἐφίπταμαι

343 4480 434 4536 καὶ
479 4481 791 4558 ἐμπυρίζω,
839 4481 930 4536 καὶ
992 4485 1226 4546 θανατῶ.
1283 4482 1378 4534 Καὶ
1433 4480 1582 4534 εἶπον
1619 4478 1803 4551 αὐτῷ·
1859 4477 2011 4552 Ποίῳ

343 4570 562 4645 ἀγγέλῳ
609 4575 858 4647 καταργῇ
921 4570 1028 4641 σό;
1063 4571 1090 4624 6
1131 4567 1188 4624 δὲ
1219 4571 1383 4624 εἶπεν·
1417 4575 1472 4621 Ὁ
1537 4572 1823 4643 μονάρχης
1882 4571 2011 4631 Θεὸς

341 4661 369 4713 ὁ
401 4658 545 4735 ἔχων
577 4659 818 4730 ἐξουσίαν
850 4661 967 4716 κατ’
999 4659 1156 4733 ἐμοῦ,
1189 4660 1276 4714 καὶ
1311 4657 1622 4722 ἀκούεσθαι·
1659 4659 1687 4711 6
1721 4657 1812 4712 διὰ
1862 4665 2008 4734 Παρ-

2119 3509 2312 3560 stare:
2338 3509 2393 3558 et
2425 3505 2676 3560 surrexit
2710 3510 2856 3574 uter,
2878 3510 2933 3562 et
2963 3508 3128 3562 stetit
3159 3507 3406 3580 pedibus
3438 3507 3732 3563 distentus
3759 3525 3774 3576 ;

2118 3598 2176 3648 et
2206 3592 2554 3664 interrogavi
2586 3610 2717 3648 eum
2751 3594 2990 3650 dicens:
3017 3595 3214 3650 Indica
3247 3595 3390 3651 mihi
3423 3600 3484 3650 tu
3511 3595 3645 3668 quis
3667 3594 3771 3652 eis.

2117 3685 2186 3736 Et
2217 3682 2298 3736 ait
2329 3681 2400 3736 ab
2431 3683 2590 3737 intus
2638 3683 2884 3754 spiritus
2917 3700 2930 3739 :
2964 3689 3081 3753 Ego
3113 3701 3244 3738 sum
3299 3685 3524 3740 daemon
3575 3685 3774 3740 dictus

2119 3769 2437 3842 Ephippas,
2483 3777 2649 3827 stans
2697 3773 2755 3827 in
2807 3773 3039 3829 Arabia.
3091 3774 3158 3828 Et
3207 3773 3322 3828 dixi
3356 3773 3406 3828 ei
3453 3792 3466 3830 ε
3518 3773 3636 3830 Hoc
3684 3777 3774 3830 est

2118 3874 2331 3913 nomen
2363 3863 2583 3914 tuum?
2631 3859 2696 3914 Et
2729 3861 2812 3914 ait
2843 3878 2855 3914 :
2887 3861 3072 3914 Etiam
3101 3879 3114 3928 ;
3167 3877 3281 3932 quo
3313 3859 3457 3915 mihi
3501 3859 3778 3916 voluntas

2118 3952 2208 4002 est
2255 3946 2482 4013 advolo,
2534 3953 2589 4001 et
2644 3949 2917 4014 ascendo,
2967 3953 3025 4003 et
3075 3965 3238 4003 neco.
3288 3949 3354 4004 Et
3400 3950 3516 4003 dixi
3568 3948 3618 4004 ei
3667 3965 3681 4005 :
3731 3951 3776 4004 Α

2119 4052 2232 4107 quo
2266 4035 2471 4108 angelo
2521 4037 2816 4108 impotens
2865 4037 3166 4092 efﬁceris?
3197 4038 3262 4092 Et
3292 4039 3414 4093 ait:
3451 4039 3590 4107 Rex,
3621 4038 3778 4092 Deus

2119 4126 2296 4180 habet
2342 4131 2691 4197 potestatem
2743 4127 2802 4181 in
2859 4144 2972 4194 me,
3034 4133 3098 4182 ut
3155 4130 3388 4184 audiam
3450 4145 3606 4194 eum,
3672 4129 3774 4200 qui

2119 4215 2456 4270 nasciturus
2515 4220 2606 4270 est
2658 4233 2725 4271 ex
2775 4218 3035 4290 Virgine,
3093 4222 3151 4272 et
3197 4236 3229 4272 a
3277 4219 3490 4274 Iudaeis
3538 4219 3772 4273 cruciﬁ-

2120 4305 2348 4376 gendus
2379 4305 2438 4360 in
2473 4305 2647 4376 ligno,
2683 4323 2858 4377 quem
2889 4312 3246 4362 venerantur
3274 4309 3490 4380 angeli,
3524 4308 3774 4363 archan-

2120 4395 2270 4467 geli;
2320 4395 2420 4452 ille
2453 4413 2614 4451 meas
2645 4398 2795 4453 vires
2845 4399 3087 4469 frangit,
3137 4403 3194 4453 et
3225 4399 3392 4453 orbat
3440 4415 3534 4454 me
3564 4413 3780 4470 magna

2121 4489 2410 4556 potestate
2476 4486 2617 4540 mihi
2680 4502 2958 4542 concessa
3015 4504 3046 4541 a
3104 4493 3268 4558 patre
3333 4503 3462 4542 meo
3523 4487 3777 4544 diabolo.

2123 4575 2244 4629 Dixi
2291 4575 2342 4630 ei
2395 4592 2407 4629 :
2461 4575 2609 4640 Quid
2673 4581 2840 4646 potes
2895 4575 3129 4632 facere?
3184 4577 3292 4641 Qui
3352 4577 3434 4632 ait
3491 4593 3504 4631 :
3568 4576 3780 4632 Potens

2120 4680 2252 4718 sum
2286 4669 2342 4718 et
2391 4669 2623 4718 montes
2677 4669 2931 4736 portare,
2985 4681 3190 4736 regum
3236 4667 3442 4720 domos
3492 4665 3782 4721 evellere:

338 4749 492 4804 θένου
526 4749 748 4822 μέλλων
799 4751 1080 4826 γεννᾶσθαι
1142 4750 1230 4803 καὶ
1290 4749 1394 4803 ὑπὸ
1428 4746 1708 4802 Ἰουδαίων
1771 4769 2002 4819 σταυρω,

2127 4754 2363 4808 arbores
2395 4753 2546 4808 foliis
2579 4755 2768 4808 nudos
2820 4771 3177 4810 marcescere
3225 4753 3390 4808 facio.
3426 4754 3496 4808 Et
3527 4754 3644 4808 dixi
3676 4755 3727 4810 ei
3766 4769 3780 4810 :

340 4839 496 4904 θῆναι
559 4838 646 4893 ἐπὶ
701 4839 974 4911 ξύλουοὸν
1029 4841 1431 4914 προσκυνοῦσιν
1491 4833 1742 4911 ἄγγελοι,
1795 4839 2015 4914 ἀρχάγ-

346 4927 522 5004 γελοιο
559 4927 760 4989 ἐκεῖνός
822 4949 887 5001 με
943 4933 1207 5004 καταργεῖ
1237 4947 1250 4960 ⁸
1288 4927 1378 4981 καὶ
1435 4927 1620 4981 ἀτονεῖ
1679 4947 1746 4999 με
1803 4926 1864 4982 έκ
1916 4932 2018 4994 τῆς

343 5015 571 5086 πολλῆς
635 5039 738 5091 μου
797 5015 1099 5088 δυνάμεως,
1147 5024 1246 5085 τῆς
1307 5015 1556 5085 δοθείσης
1605 5037 1697 5090 μοι
1761 5016 1864 5071 ὑπὸ
1920 5021 2018 5072 τοῦ

349 5106 560 5177 πατρός
597 5129 702 5180 μου
726 5107 823 5162 τοῦ
854 5101 1138 5161 διαϐόλου.
1175 5107 1340 5161 Εἶπον
1390 5103 1446 5160 δὶ
1474 5106 1644 5178 αὐτῷ·
1677 5105 1740 5160 Τί
1793 5104 2014 5162 δύνασαι

349 5201 580 5265 ποιῆσαι
608 5214 623 5264 ς
650 5196 712 5254 Ὀ
743 5193 800 5250 δὶ
830 5195 954 5272 ἔφη·
991 5195 1134 5271 Ἐγὼ
1176 5193 1402 5259 δυνατός
1456 5195 1569 5268 εἷ’μι
1629 5195 1729 5269 ὅρη
1792 5195 2012 5274 μεταφέ-

347 5305 481 5362 ρειν,
542 5284 716 5349 οἰκίας
778 5283 1048 5360 βασιλέων
1109 5277 1458 5352 καταϐαλεῖν,
1517 5281 1710 5359 δένδρα
1769 5283 2016 5341 ἀπέταλα

348 5374 618 5450 μαραίνω.
653 5374 758 5431 Καὶ
814 5375 962 5429 εἶπον
1019 5374 1204 5444 αὐτῷ·
1241 5372 1470 5427 Δύνασαι
1525 5375 1718 5449 ἐπᾶραι
1775 5376 1867 5429 τὸν
1933 5373 1990 5430 λί

345 5475 438 5528 θον
487 5467 679 5518 τοῦτον
727 5463 817 5517 καὶ
875 5463 1054 5527 θέσθαι
1108 5460 1265 5516 αὐτὸν
1301 5462 1376 5524 εἰς
1402 5463 1502 5530 τὴν
1538 5463 1723 5537 ἀρχὴν
1755 5469 1856 5532 τῆς
1904 5485 2014 5538 γω-

345 5553 462 5615 νίας
523 5551 726 5622 ταύτης
782 5559 882 5622 τῆς
936 5549 1104 5622 οὔσης
1163 5551 1213 5606 ἐν
1270 5555 1341 5624 τῇ
1401 5550 1692 5626 εὐπρεπείᾳ
1721 5557 1816 5606 τοῦ
1855 5557 2016 5638 moi};

344 5644 390 5702 Ο
439 5639 498 5697 δὲ
555 5638 682 5720 ἔφη’
717 5641 790 5696 Οὐ
845 5643 1010 5716 μόνον
1060 5645 1253 5697 τοῦτον
1304 5639 1520 5717 έπᾶραι,
1575 5639 1828 5716 βασιλεῦ,
1874 5640 2022 5699 ἀλλὰ

673 5773 938 5833 ΡΑτιιοι..
992 5774 1102 5834 Gs.
1155 5770 1395 5834 CXXII.

2128 4843 2372 4898 Potesne
2403 4841 2603 4898 tollere
2648 4842 2902 4914 lapidem
2953 4843 3130 4907 hunc,
3165 4849 3222 4898 et
3270 4859 3484 4912 ponere
3513 4843 3570 4897 in
3603 4847 3784 4914 caput

2128 4931 2324 5003 anguli
2396 4933 2464 4986 ad
2537 4933 2803 4986 decorem
2861 4932 3116 5003 templi?
3181 4933 3300 4986 Non
3359 4932 3554 4987 solum
3621 4931 3783 4986 hunc

2129 5020 2354 5087 tollere,
2405 5038 2525 5086 rex,
2577 5021 2793 5090 inquit,
2837 5021 3025 5082 valeo,
3076 5023 3178 5076 sed
3228 5027 3285 5076 et
3333 5037 3466 5077 cum
3517 5020 3784 5074 daemone

2131 5110 2230 5180 qui
2280 5113 2372 5164 est
2417 5127 2595 5180 super
2627 5125 2787 5164 mare
2847 5110 3106 5165 Rubrum
3155 5111 3392 5166 afferam
3444 5110 3783 5165 columnam

2130 5199 2656 5254 aetherocaeruleam
2734 5205 2790 5254 et
2875 5216 3088 5271 ponam
3174 5216 3304 5254 eam
3387 5200 3488 5254 ubi
3567 5199 3657 5253 vis
3725 5201 3786 5254 in

2128 5288 2477 5344 Jerusalem.
2551 5288 2678 5342 Haec
2745 5289 2969 5354 dicens,
3037 5290 3198 5360 coegi
3264 5305 3420 5356 eum,
3491 5293 3548 5344 et
3613 5287 3786 5360 quasi

2127 5378 2370 5433 inﬂatus
2427 5381 2557 5433 uter
2613 5379 2806 5432 factus
2862 5387 2966 5446 est,
3025 5383 3084 5433 et
3137 5377 3425 5450 supposui
3478 5377 3681 5449 lapidi,
3732 5381 3791 5432 et

2131 5467 2432 5540 praecinxit
2461 5483 2544 5531 se,
2576 5473 2634 5521 et
2683 5467 2898 5522 levavit
2948 5467 3006 5522 in
3055 5467 3240 5522 altum
3274 5473 3508 5536 utrem;
3559 5474 3618 5522 et
3645 5483 3786 5522 con-

2130 5557 2359 5612 scendit
2413 5561 2544 5610 uter
2601 5555 2788 5610 scalas
2864 5557 3056 5611 ferens
3113 5555 3392 5627 lapidem,
3449 5561 3508 5612 et
3577 5555 3791 5611 statuit

2131 5661 2262 5702 eum
2297 5645 2356 5700 in
2389 5644 2736 5700 summitate
2767 5646 2963 5700 aditus
2993 5645 3218 5717 templi.
3251 5646 3370 5718 Ego
3398 5648 3593 5701 autem
3627 5643 3787 5699 Salo-

3388 5775 3466 5832 4-3
