4142 6406
427 276 583 337 1355

998 279 1178 339 ΑΡΡ.
1225 277 1329 339 AD
1374 277 1591 341 MlCH.
1642 276 2027 338 PSELLUM.
2064 307 2142 320 —
2177 275 2775 337 TES'I‘AMEN'I‘UM
2823 270 3296 335 SALOMONIS.

3708 272 3871 334 i356

427 424 591 479 mon,
619 410 832 469 videns
863 410 1121 485 lapidem
1172 410 1472 468 sublatum
1527 414 1585 467 et
1612 409 1893 474 locatum,
1923 408 2037 464 dixi
2075 424 2083 464 :

2205 405 2296 460 καὶ
2328 402 2421 460 σὺν
2465 410 2546 478 τῷ
2604 402 2829 478 δαίμονι
2883 408 2966 477 τῷ
3017 402 3106 460 ἐπὶ
3158 409 3257 473 τῆς
3284 407 3542 480 Ἐρυθρᾶς
3597 400 3877 474 θαλάσσης

425 497 571 555 Vere
628 501 872 573 impleta
921 507 1009 557 est
1058 502 1363 573 Scriptura
1410 501 1609 557 dicens
1664 517 1677 555 :
1724 520 1753 550 «
1805 498 2082 569 Lapidem

426 603 604 658 quem
639 591 1102 661 reprobaverunt
1132 590 1515 657 aediﬁcantes,
1547 589 1645 644 hic
1688 590 1879 643 factus
1908 591 2000 643 est
2027 586 2086 641 in

424 682 601 750 caput
632 679 872 751 anguli;
908 701 937 731 »
968 680 1108 751 quia
1140 678 1250 736 hoc
1282 696 1397 736 non
1440 684 1530 735 est
1562 693 1757 733 meum
1794 678 1955 744 dare,
1986 674 2088 732 sed

422 766 546 834 Dei,
599 773 665 823 ut
709 770 897 841 possit
943 770 1173 826 daemon
1232 768 1485 841 lapidem
1535 766 1740 825 tollere
1787 764 1986 836 talem,
2035 766 2094 820 et

420 860 683 914 statuere
715 858 775 914 in
807 858 933 915 loco
961 875 1140 931 quem
1177 857 1465 914 volebam.
1499 858 1567 912 Et
1597 855 1843 911 adduxit
1870 853 2092 927 Ephip-

422 961 529 1017 pas
578 946 903 1004 daemonem
959 947 1061 1019 qui
1106 951 1235 1004 erat
1285 950 1346 1004 in
1380 947 1529 1003 mari
1577 945 1800 1017 Rubro,
1835 959 1969 999 cum
1999 959 2094 998 co-

424 1034 654 1104 lumna,
706 1039 763 1092 et
813 1036 1174 1109 accipientes
1228 1036 1402 1092 ambo
1451 1034 1810 1105 columnam,
1868 1031 2095 1088 levave-

426 1128 566 1179 runt
596 1142 629 1180 a
658 1130 833 1181 terra.
883 1126 1003 1198 Ego
1039 1129 1238 1181 autem
1291 1128 1448 1180 recte
1496 1123 1763 1195 cogitans
1810 1121 1950 1194 quia
1980 1121 2098 1177 duo

425 1212 487 1269 hi
521 1214 770 1285 spiritus
802 1214 1063 1271 valerent
1112 1219 1328 1270 terram
1377 1230 1612 1270 omnem
1665 1216 1993 1282 concutere,
2037 1211 2096 1266 in

426 1308 646 1374 puncto
667 1303 973 1375 temporis,
991 1302 1217 1375 signavi
1242 1302 1379 1357 hinc
1403 1306 1460 1357 et
1480 1301 1617 1357 hinc
1641 1299 2094 1371 annulo,etdixi:

425 1391 581 1447 Satis
613 1396 703 1448 est
726 1412 740 1461 ;
775 1397 834 1448 et
862 1397 1210 1448 manserunt
1231 1392 1477 1463 spiritus
1502 1394 1805 1463 portantes
1830 1406 2017 1461 usque
2038 1391 2097 1445 in

426 1481 775 1537 hodiernam
810 1479 990 1554 diem,
1019 1483 1091 1537 ad
1142 1483 1541 1536 ostensionem
1588 1480 1786 1534 inditaa
1824 1478 1970 1535 mihi
2007 1496 2098 1535 sa-

429 1571 662 1642 pientiae
691 1590 705 1639 ;
739 1574 795 1626 et
825 1575 952 1626 erat
983 1586 1277 1642 suspensa
1324 1570 1602 1625 columna
1627 1584 1803 1639 super
1833 1567 2096 1623 altitudi-

433 1676 591 1724 nem,
622 1675 726 1730 per
755 1676 912 1727 aera,
938 1679 970 1715 a
1003 1657 1312 1730 spiritibus
1336 1662 1588 1730 portata,
1616 1661 1673 1713 et
1704 1657 1788 1713 sic
1820 1657 2095 1712 deorsum

432 1747 678 1819 spiritus
715 1747 1071 1804 videbantur
1098 1747 1270 1821 quasi
1320 1763 1516 1803 aerem
1551 1750 1891 1819 portantes;
1923 1749 1979 1803 et
2019 1749 2099 1801 at-

434 1836 697 1893 tendenti
741 1836 999 1909 cuilibet,
1044 1837 1321 1894 columna
1352 1835 1637 1892 inclinata
1665 1840 1829 1891 vecta
1860 1852 1893 1890 a
1924 1835 2098 1908 spiri«

429 1926 589 1982 tibus
620 1926 853 1982 videtur
880 1931 938 1983 et
965 1930 1056 1983 est
1087 1943 1283 1997 usque
1310 1926 1370 1981 in
1404 1925 1750 1981 hodiernam
1782 1924 1961 1981 diem.

2134 1793 2178 1859 Β

2206 495 2462 571 ἀναγάγω
2517 495 2609 550 τὸν
2670 494 2825 550 κίονα
2874 494 2966 549 τὸν
3012 494 3163 567 (τὴν)
3215 491 3492 569 ἀεριστήν,
3541 492 3631 548 καὶ
3691 494 3878 563 στήσω

2199 582 2361 638 αὐτὸν
2423 585 2566 638 ὅπου
2630 582 2822 659 βούλει
2896 582 2950 638 ἐν
3008 579 3402 657 Ἰερουσαλήμ.
3453 580 3635 639 Ταῦτα
3705 581 3875 637 εἰπὼν

2199 672 2484 749 ἠνάγκασα
2541 672 2727 736 αὐτὸν,
2758 672 2847 728 καὶ
2900 671 3030 727 ὡσεὶ
3085 670 3408 749 ἐκφυσηθεὶς
3459 672 3489 726 6
3538 670 3705 735 ἀσκὸς
3749 668 3872 745 ἐγέ-

2201 783 2344 831 νετο,
2389 763 2480 818 καὶ
2538 759 2840 818 ὑποδέδεκα
2887 766 2967 834 τῷ
3008 758 3170 834 λίθῳ,
3218 760 3310 815 καὶ
3365 757 3618 830 διέζωσεν
3659 760 3870 840 ἑαυτὸν,

2201 853 2289 906 καὶ
2350 851 2550 924 ἐπῆρεν
2609 850 2787 907 ἐπάνω
2837 850 2930 907 τόν
2986 849 3173 908 ἀσκόν.
3208 849 3312 907 Καὶ
3372 848 3603 920 ἀνῆλθεν
3641 851 3671 905 6
3703 850 3867 912 ἀσκὸς

2202 943 2299 1005 τάς
2345 941 2622 1015 κλίμακας
2674 942 2957 1016 βαστάζων
3006 940 3099 995 τὸν
3148 939 3322 1012 λίθον,
3362 939 3451 995 καὶ
3504 936 3655 1004 ἔθετο
3704 938 3866 995 αὐτὸν

2207 1031 2285 1093 εἷς
2312 1032 2413 1099 τήν
2452 1028 2618 1107 ἄκραν
2653 1037 2753 1099 τῆς
2804 1027 3018 1085 εἰσόδου
3063 1033 3163 1085 τοῦ
3211 1032 3363 1086 ναοῦ.
3396 1029 3539 1103 Ἐγὼ
3585 1026 3643 1084 δὶ
3690 1028 3866 1085 Σολο-

2210 1124 2351 1191 μῶν,
2388 1116 2517 1174 ῒδὼν
2549 1119 2640 1173 τὸν
2684 1116 2838 1173 λίθον
2880 1118 3189 1193 ἐπηρμένον
3231 1117 3321 1173 καὶ
3367 1117 3865 1192 τεθεμελιωμένον,

2209 1210 2379 1263 εἶπον·
2414 1207 2671 1279 Ἀληθῶς
2700 1206 3001 1279 ἐπληρώθη
3037 1210 3072 1277 ἡ
3115 1208 3304 1284 Γραφή
3349 1209 3385 1277 ἡ
3434 1206 3668 1282 λέγουσα
3713 1206 3866 1271 λίθον

2208 1297 2268 1352 ’ὀν
2346 1294 2758 1370 ἀπεδοκίμασαν
2812 1297 2864 1351 οἱ
2917 1293 3361 1370 οἰκοδομοῦντες,
3416 1296 3574 1361 οὗτος
3636 1295 3862 1371 ἐγενήθη

2210 1386 2286 1441 εἷς
2333 1384 2578 1463 κεφαλὴν
2626 1385 2847 1460 γωνίας·
2883 1385 2967 1441 ὅτι
3016 1389 3178 1440 τοῦτο
3218 1384 3317 1440 οὐκ
3366 1382 3507 1440 ἔστιν
3558 1384 3688 1459 ἐμὸν
3738 1382 3869 1441 δοῦ-

2207 1496 2294 1530 ναι
2325 1473 2470 1531 ἀλλά
2498 1479 2595 1529 τοῦ
2628 1479 2783 1530 Θεοῦ·
2815 1474 2879 1530 τὸ
2900 1478 3224 1552 κατισχῦσαι
3266 1476 3357 1529 τὸν
3391 1472 3627 1548 δαίμονα
3674 1473 3869 1550 ἐπᾶραι

2205 1565 2297 1620 τὸν
2357 1563 2512 1629 λίθον
2561 1562 2916 1635 τηλικοῦτον,
2950 1564 3041 1619 καὶ
3091 1562 3381 1628 ἀποθέσθαι
3438 1563 3597 1619 αὐτὸν
3646 1564 3724 1628 εἷς
3771 1563 3871 1619 τό-

2206 1676 2308 1710 πον
2366 1654 2425 1709 ’ὀν
2482 1648 2819 1727 ἐϐουλόμην.
2881 1653 2986 1711 Καὶ
3044 1650 3247 1729 ἤγαγεν
3277 1655 3548 1732 Ἐφιππᾶς
3600 1655 3694 1709 τὸν
3748 1651 3868 1709 δαί-

2213 1765 2349 1818 μονα
2378 1743 2472 1798 τὸν
2536 1741 2586 1797 ἐν
2620 1746 2688 1817 τῇ
2723 1744 2958 1818 Ἐρυθρᾷ
3006 1741 3251 1817 θαλάσσῃ
3309 1744 3443 1815 μετά
3495 1748 3592 1798 τοῦ
3642 1743 3864 1806 κίονος·

2208 1833 2298 1887 καὶ
2356 1825 2618 1894 λαϐόντες
2679 1831 2979 1910 ἀμφότεροι
3035 1832 3127 1887 τὸν
3181 1831 3335 1887 κίονα
3410 1832 3699 1907 ὑψώθησαν
3757 1834 3869 1889 ἀπὸ

2208 1928 2309 1990 τῆς
2362 1928 2485 1997 γῆς.
2542 1921 2682 1997 Ἐγὼ
2758 1917 2836 1989 δὲ,
2894 1925 3399 1996 κατασοφισάμενος
3472 1920 3557 1977 ὅτι
3621 1923 3691 1977 τά
3766 1919 3865 1979 δύο

431 2012 713 2086 πνεύματα
741 2018 910 2069 ταῦτα
949 2011 1221 2083 ἠδύναντο
1253 2015 1354 2083 τὴν
1384 2013 1715 2086 οἰκουμένην
1750 2011 1886 2083 ὅλην
1921 2009 2177 2067 σαλεῦσαι
2209 2008 2260 2065 ἐν
2293 2014 2497 2085 στιγμῇ
2527 2011 2764 2087 χρόνου·
2796 2012 3230 2087 περιεσφράγισα
3268 2005 3413 2075 ἔνθεν
3461 2011 3551 2066 καὶ
3604 2008 3747 2075 ἔνθεν
3786 2015 3868 2083 τῷ

429 2100 729 2176 δακτυλίῳ,
760 2104 849 2158 καὶ
885 2103 1055 2158 εἶπον·
1093 2102 1407 2170 Φυλάσσου,
1438 2103 1528 2158 καί
1567 2096 1784 2175 ἔμειναν
1830 2102 1897 2156 τά
1943 2101 2225 2174 πνεύματα
2277 2100 2611 2176 βαστάζοντα
2661 2100 2828 2176 μέχρι
2882 2102 2983 2166 τῆς
3032 2101 3276 2176 σήμερον
3318 2100 3394 2162 εἷς
3441 2097 3716 2172 ἀπόδειξιν
3761 2107 3865 2170 τῆς

426 2188 723 2264 δεδομένης
788 2213 881 2265 μοι
945 2191 1158 2269 σοφίας.
1223 2191 1327 2248 Καὶ
1367 2190 1433 2260 ἦν
1496 2191 1840 2265 κρεμάμενος
1900 2190 1927 2244 6
1981 2189 2115 2245 κίων
2174 2189 2306 2264 ὑπὲρ
2371 2190 2596 2264 μέγεθος
2653 2186 2744 2244 διά
2798 2193 2896 2244 τοῦ
2966 2188 3148 2264 ἀέρος,
3210 2190 3315 2244 ὑπὸ
3369 2193 3479 2245 τῶν
3538 2190 3865 2259 πνευμάτων

429 2280 850 2356 βασταζόμενος·
887 2280 976 2335 καὶ
1026 2279 1199 2343 οὕτως
1260 2280 1498 2343 κάτωθεν
1550 2280 1617 2334 τά
1664 2277 2271 2357 πνεύματαιέφαίνοντο
2317 2277 2497 2353 ὥσπερ
2531 2279 2636 2352 αήρ
2686 2278 3043 2355 βαστάζοντα·
3078 2278 3167 2334 καὶ
3200 2277 3251 2334 ἐν
3284 2282 3365 2352 τῷ
3402 2278 3660 2349 ἀτενίζειν
3690 2300 3798 2351 τις,
3840 2282 3870 2336 6

418 2368 557 2423 κίων
590 2368 859 2441 ὑπόΛοξος
896 2368 1298 2446 βασταζόμενος
1333 2368 1437 2424 ὑπὸ
1466 2373 1575 2423 τῶν
1611 2366 1955 2442 πνευμάτων,
1988 2367 2079 2423 καὶ
2110 2363 2251 2423 ἔστιν
2282 2364 2386 2429 ἕως
2417 2370 2518 2433 τῆς
2549 2370 2814 2443 σήμερον.

490 2479 561 2534 Et
611 2495 719 2551 ego
773 2478 1050 2535 Salomon
1105 2478 1463 2549 interrogavi
1514 2477 1788 2550 spiritum
1838 2477 2089 2532 alterum

413 2567 511 2638 qui
543 2584 677 2622 cum
710 2568 985 2624 columna
1015 2574 1254 2624 venerat
1294 2584 1363 2623 ex
1394 2570 1607 2639 abysso
1640 2566 1823 2623 maris
1854 2566 2037 2622 Rubri
2073 2583 2087 2621 :

414 2663 475 2713 et
500 2657 619 2713 dixi
667 2659 718 2713 ei
752 2674 766 2713 :
801 2659 888 2713 Tu
921 2658 1057 2729 quis
1103 2660 1212 2713 es?
1261 2662 1318 2712 et
1361 2657 1517 2729 quod
1561 2672 1775 2712 nomen
1808 2660 1999 2724 tuum,
2033 2657 2092 2709 et

419 2762 551 2817 quae
584 2750 685 2801 tua
706 2745 969 2818 operatio
990 2745 1017 2800 ?
1049 2746 1188 2815 quia
1218 2743 1406 2799 multa
1427 2745 1604 2799 audio
1635 2744 1707 2799 de
1736 2747 1815 2799 te.
1849 2743 2086 2799 Dazmon

419 2839 618 2891 autem
653 2835 733 2890 ait
771 2852 783 2889 :
817 2835 957 2906 Ego,
995 2850 1092 2889 rex
1121 2832 1421 2901 Salomon,
1455 2849 1632 2889 vocor
1662 2831 2084 2901 Abezetbibod;

417 2929 585 2980 ortus
619 2941 750 2980 sum
784 2941 852 2980 ex
897 2924 1247 2995 archangelo
1299 2923 1423 2995 (qui
1476 2922 1613 2978 olim
1647 2924 1770 2978 sedi
1803 2922 1861 2976 in
1896 2922 2087 2994 primo

414 3012 605 3085 ccelo),
641 3015 813 3085 cujus
848 3030 1058 3070 nomen
1079 3012 1435 3081 Amelouth;
1471 3028 1577 3084 ego
1608 3011 1791 3084 igitur
1814 3028 1945 3067 sum
1971 3011 2087 3083 spi-

413 3103 566 3158 ritus
598 3102 907 3171 molestus,
932 3102 1146 3174 alatus,
1175 3101 1409 3158 unicam
1444 3100 1598 3156 alam
1630 3100 1875 3171 habens,
1904 3101 2087 3171 impe-

409 3208 548 3248 rans
580 3193 740 3248 omni
774 3196 942 3248 vento
967 3192 1078 3249 sub
1108 3191 1249 3247 coelo
1275 3212 1288 3261 ;
1324 3192 1559 3247 aderam
1589 3191 1827 3263 quando
1857 3189 2085 3262 Moyses

407 3281 652 3337 intravit
700 3283 771 3338 ad
824 3281 1188 3338 Pharaonem
1241 3297 1434 3351 regem
1487 3279 1743 3352 Egypti,
1794 3279 2083 3335 indurans

2272 2474 2375 2532 Καὶ
2424 2473 2529 2549 ἐγὼ
2581 2474 2855 2550 Σολομῶν
2901 2474 3237 2550 ἐπηρώτησα
3283 2476 3345 2531 τὸ
3396 2479 3607 2549 πνεῦμα
3655 2475 3718 2531 τὸ
3747 2472 3864 2531 ’ἑτε-

2201 2585 2318 2637 ρον,
2348 2566 2409 2620 τὸ
2440 2564 2668 2630 ἀνελθὸν
2705 2566 2842 2639 μετά
2872 2570 2972 2621 τοῦ
3024 2566 3207 2629 κίονος
3249 2567 3355 2622 ἀπὸ
3399 2570 3500 2622 τοῦ
3552 2568 3715 2644 βυθοῦ
3757 2569 3862 2636 τῆς

2199 2650 2473 2724 Θαλάσσης
2498 2658 2597 2720 τῆς
2631 2654 2916 2731 Ἐρυθρᾶς.
2951 2654 3051 2709 Καὶ
3097 2654 3247 2710 εἶπον
3287 2655 3434 2728 αὐτῷ
3458 2675 3471 2687 ·
3506 2656 3583 2711 Σὺ
3640 2656 3719 2718 τίς
3780 2654 3858 2718 είς

2200 2741 2291 2796 καὶ
2335 2742 2385 2796 τί
2437 2749 2724 2813 καλεῖσαι;
2760 2744 2850 2799 καὶ
2909 2744 2962 2800 τί
3018 2766 3114 2799 σου
3165 2747 3199 2815 ἡ
3244 2743 3505 2821 ἐργασία;
3539 2746 3622 2800 ὅτι
3668 2745 3861 2802 πολλᾶ

2199 2830 2382 2886 ἀκούω
2431 2832 2555 2908 περὶ
2615 2836 2732 2890 σοῦ.
2766 2833 2827 2890 '0
2876 2831 2935 2888 δὲ
2996 2830 3208 2907 δαίμων
3270 2833 3396 2909 ἔφη.
3432 2835 3595 2910 Ἐγὼ,
3632 2833 3858 2909 βασιλεῦ

2200 2917 2494 2994 Σολομῶν,
2549 2918 2827 2995 καλοῦμαι
2862 2918 3244 2993 Ἀϐεζεθιϐόδ·
3280 2923 3551 2999 ἀπόγονός
3598 2922 3713 2997 εἶμι
3761 2924 3858 3000 ἀρ-

2196 3011 2662 3086 χαγγέλου,ποτὲ
2696 3012 2791 3085 μὲν
2840 3012 3208 3087 καθεζομένου
3268 3035 3374 3087 μου
3422 3013 3474 3069 ἐν
3521 3019 3603 3087 τῷ
3653 3014 3860 3088 πρώτῳ

2195 3099 2431 3177 οὐρανῷ·
2466 3102 2528 3156 οὗ
2556 3100 2620 3157 τὸ
2651 3097 2826 3175 ὄνομα
2857 3103 2909 3159 Ἀ
2923 3102 3161 3175 μελούθ·’
3190 3103 3331 3178 Ἐγὼ
3362 3104 3455 3158 οὗν
3487 3102 3603 3177 εἰμι
3647 3103 3857 3177 πνεῦμα

2192 3188 2462 3265 χαλεπὸν,
2517 3190 2606 3246 καὶ
2663 3193 2939 3264 πτερωτὸν
2999 3191 3091 3247 καὶ
3149 3193 3506 3268 μονόπτερον,
3564 3188 3848 3249 ἐπίϐουλον

2193 3279 2371 3349 πάσης
2401 3282 2584 3349 πνοῆς·
2607 3279 2709 3335 ὑπὸ
2753 3284 2863 3335 τῶν
2916 3280 3182 3355 οὐρανῶν·
3220 3280 3332 3357 ἐγὼ
3378 3285 3645 3356 παρήμην
3697 3282 3859 3351 ἡνίκα

407 3386 508 3426 cor
528 3372 688 3441 ejus;
713 3386 819 3443 ego
838 3387 971 3425 sum
994 3386 1165 3440 quem
1191 3367 1726 3425 invocabantJanis
1750 3372 1809 3423 et
1824 3368 2083 3424 Jambris

2195 3338 2397 3438 Μωσές
2428 3338 2719 3445 εἰσήρχετο
2748 3369 2824 3432 εἷς
2845 3338 3050 3444 Φαράὼ
3085 3338 3355 3446 βασιλέως
3387 3338 3669 3447 Αῑᾉμξὲττᾉυ
3690 3338 3859 3442 σκλη-

408 3457 511 3529 qui
560 3459 907 3513 restiterunt
959 3457 1140 3530 Moysi
1190 3457 1249 3512 in
1284 3458 1564 3530 IEgypto;
1616 3472 1722 3527 ego
1769 3472 1929 3524 sum,
1975 3456 2077 3527 qui

411 3548 761 3603 adversatus
793 3563 925 3602 sum
958 3547 1138 3619 Moysi
1170 3547 1230 3601 in
1281 3546 1560 3602 extremis
1591 3562 1695 3617 per
1729 3545 1917 3616 signa.
1957 3544 2079 3600 Dixi

411 3651 549 3707 ergo
580 3636 630 3690 ei
665 3652 681 3690 :
713 3636 1014 3700 Quomodo
1065 3636 1245 3706 igitur
1276 3635 1548 3689 inventus
1596 3649 1658 3689 es
1691 3632 1750 3688 in
1781 3632 1929 3688 mari
1961 3632 2079 3688 Ru-

414 3724 567 3779 bro?
598 3725 668 3779 Et
697 3725 781 3780 ait
813 3740 826 3779 :
862 3725 924 3779 In
957 3724 1111 3779 exitu
1147 3723 1405 3779 ﬁliorum
1441 3721 1639 3790 Israel,
1673 3738 1779 3795 ego
1809 3720 2079 3777 induravi

415 3833 514 3871 cor
565 3816 902 3887 Pharaonis,
934 3820 991 3870 et
1038 3815 1282 3871 excitavi
1334 3831 1434 3870 cor
1480 3815 1631 3885 ejus,
1682 3818 1739 3868 et
1778 3812 2078 3869 ministro-

412 3921 545 3959 rum
579 3905 728 3975 ejus,
753 3909 811 3960 et
843 3904 952 3958 feci
986 3908 1051 3958 ut
1083 3905 1579 3974 persequerentur
1601 3899 1754 3956 ﬁlios
1785 3899 1995 3969 Israel;
2020 3903 2079 3956 et

410 3992 589 4049 simul
639 3997 924 4048 venerunt
975 3992 1201 4047 Pharao
1249 3996 1307 4046 et
1360 3989 1607 4063 Egyptii
1657 4006 1903 4058 omnes;
1938 3992 2079 4045 tunc

407 4083 641 4137 aderam
674 4081 777 4149 ibi,
811 4085 868 4136 et
920 4079 1100 4135 simul
1133 4080 1444 4147 venimus;
1495 4084 1550 4135 ct
1584 4079 1834 4150 ingressi
1868 4093 2079 4133 sumus

406 4187 611 4227 omnes
643 4171 701 4225 in
753 4170 902 4225 mari
954 4170 1173 4225 Rubro.
1225 4170 1295 4224 Et
1343 4171 1562 4223 factum
1616 4172 1726 4235 est,
1760 4173 2077 4240 postquam

407 4259 780 4315 transierunt
812 4258 915 4313 filii
950 4257 1151 4325 Israel,
1177 4274 1412 4313 reversa
1443 4263 1531 4313 est
1561 4274 1739 4329 aqua,
1764 4263 1821 4311 et
1850 4256 2081 4327 operuit

409 4365 643 4405 omnem
674 4348 997 4405 exercitum
1050 4348 1479 4420 Egyptiorum,
1513 4352 1569 4403 et
1604 4346 1939 4402 universam
1975 4362 2078 4416 po-

410 4442 684 4494 testatem
716 4453 942 4493 eorum.
996 4437 1275 4493 Inventus
1330 4454 1463 4492 sum
1495 4453 1601 4508 ego
1632 4435 1727 4491 hic
1759 4440 1816 4490 et
1847 4434 2080 4507 operuit

413 4541 506 4580 me
541 4526 715 4593 unda,
750 4530 808 4579 et
849 4525 1044 4580 mansi
1092 4524 1153 4579 in
1200 4525 1368 4591 mari,
1404 4524 1803 4596 praecipitatus
1833 4522 1945 4578 sub
1977 4538 2078 4578 co-

411 4614 615 4670 lumna
645 4614 775 4670 hac.
811 4615 955 4671 Cum
980 4618 1182 4670 autem
1209 4614 1366 4669 venit
1395 4613 1693 4685 Ephippas
1724 4613 1946 4667 missus
1969 4629 2001 4667 a
2025 4628 2079 4667 te

2192 3457 2362 3531 ρύνων
2423 3457 2590 3512 αὐτοῦ
2646 3459 2744 3526 τὴν
2798 3455 3048 3535 καρδίαν·
3086 3459 3196 3534 ἐγώ
3248 3459 3361 3533 εἰμι
3395 3460 3453 3515 ὃν
3483 3460 3854 3517 ἐπεκαλοῦντο

2190 3546 2361 3615 Ἰανῆς
2420 3545 2511 3600 καὶ
2573 3541 2805 3619 Ἰαμϐῆς
2887 3548 3299 3625 οἶκουχώμενοι
3374 3554 3455 3622 τῷ
3502 3553 3736 3623 ,Μωϋσῇ
3799 3549 3853 3604 ἐν

2191 3634 2486 3711 Αἰγύπτῳ·
2538 3634 2678 3710 Ἐγὼ
2728 3635 2842 3708 εἰμὶ
2897 3638 2925 3691 6
2974 3636 3346 3693 ἀντιπαλαίων
3396 3643 3477 3711 τῷ
3525 3642 3733 3712 Μωϋσῇ
3795 3637 3854 3693 ἐν

2187 3730 2306 3788 τοῖς
2333 3723 2527 3800 πέρασι
2549 3730 2669 3787 τοῖς
2703 3725 2978 3799 σημείοις.
3017 3727 3183 3784 Εἶπον
3227 3725 3317 3781 οῦν
3369 3728 3537 3800 αὐτῷ·
3572 3731 3698 3789 Πῶς
3750 3725 3849 3783 οὗν

2191 3813 2414 3889 εὑρέθης
2464 3812 2515 3869 ἐν
2567 3816 2638 3887 τῇ
2667 3816 2903 3888 Ἐρυθρᾷ
2949 3813 3224 3891 θαλάσσης
3267 3818 3328 3874 Ὀ
3377 3813 3436 3871 δὲ
3485 3811 3610 3892 ἔφη·
3640 3817 3729 3874 Ἐν
3777 3820 3848 3889 τῇ

2191 3901 2360 3975 ἐξόδῳ
2388 3908 2496 3958 τῶν
2529 3903 2661 3959 υἱῶν
2692 3905 2918 3980 Ἰσραὴλ
2972 3904 3077 3980 ἐγὼ
3127 3904 3437 3981 ἐσκλήρυνα
3482 3908 3581 3976 τὴν
3621 3903 3852 3981 καρδίαν

2192 3993 2395 4067 Φαραώ
2430 4012 2442 4024 ·
2504 3992 2596 4046 καὶ
2667 3991 3012 4069 ἀνεπτέρωσα
3066 3994 3235 4049 αὐτοῦ
3291 3995 3391 4063 τήν
3452 3991 3702 4069 καρδίαν,
3754 3995 3851 4049 καὶ

2188 4084 2294 4135 τῶν
2348 4082 2693 4155 θεραπόντων
2770 4081 2974 4137 αὐτοῦ·
3037 4082 3127 4137 καὶ
3202 4081 3437 4154 ἐποίησα
3506 4082 3705 4145 αὐτοὺς
3756 4081 3854 4138 ’ίνα

2188 4166 2591 4242 καταδεώξωσιν
2653 4171 2828 4226 ὀπίσω
2884 4175 2993 4226 τῶν
3050 4172 3181 4226 υἱῶν
3246 4173 3506 4246 Ἰσραήλ·
3540 4172 3631 4228 καὶ
3688 4194 3854 4242 συνη-

2188 4257 2495 4329 κολούθησε
2569 4261 2773 4335 Φαραὼ
2838 4259 2930 4315 καὶ
2988 4260 3185 4326 πάντες
3241 4261 3292 4317 οἳ
3346 4260 3658 4338 Αἷγύπτιοι.
3716 4261 3855 4318 Τότε

2186 4346 2293 4422 ἐγὼ
2375 4350 2638 4423 παρήμην
2720 4347 2832 4404 ἐκεῖ
2858 4367 2870 4380 ⁸
2930 4350 3018 4405 καὶ
3103 4349 3651 4424 συνηκολουθήσαμεν
3676 4392 3690 4407 .
3749 4351 3852 4406 Καὶ

2189 4437 2500 4511 ἀνήλθομεν
2578 4439 2807 4501 ἅπαντες
2885 4437 2937 4493 ἐν
2996 4442 3063 4514 τῇ
3121 4440 3352 4516 Ἐρυθρᾷ
3416 4438 3685 4514 θαλάσσῃ.
3743 4440 3849 4496 Καὶ

2189 4526 2421 4602 ἐγένετο,
2472 4525 2634 4596 τινίκα
2691 4525 3011 4603 διεπέρασαν
3072 4529 3124 4583 o't
3191 4528 3300 4583 υἱοὶ
3354 4526 3598 4605 Ἰσραὴλ,
3650 4527 3847 4585 ἐπανα-

2187 4615 2415 4693 στραφὶν
2466 4616 2528 4670 τὸ
2589 4614 2734 4691 ὕδωρ
2785 4615 3025 4691 ἐκάλυψε
3089 4622 3261 4673 πᾶσαν
3316 4619 3416 4688 τὴν
3483 4612 3844 4693 παρεμϐολὴν

410 4704 469 4759 in
503 4702 733 4760 sacculo
776 4703 930 4759 utris
964 4701 1254 4771 inclusus,
1308 4702 1511 4757 eduxit
1559 4718 1651 4757 me
1682 4706 1814 4772 post
1844 4718 1926 4756 se.
1959 4701 2077 4773 Ego

2195 4709 2291 4760 τῶν
2348 4703 2681 4780 Αἰγυπτίων,
2727 4706 2819 4761 καὶ
2905 4711 3081 4761 πᾶσαν
3152 4708 3252 4776 τήν
3330 4705 3558 4780 δύναμιν
3624 4706 3844 4761 αὐτῶν·

410 4793 592 4866 igitur
622 4792 903 4849 Salomon
953 4792 1076 4847 haec
1126 4790 1395 4859 audiens,
1429 4786 1747 4862 glorilicavi
1782 4794 1985 4856 Deum,
2016 4795 2075 4844 et

407 4882 675 4954 adjuravi
704 4883 1003 4937 daemones
1051 4886 1117 4936 ut
1167 4881 1450 4936 mandata
1492 4896 1623 4935 mea
1668 4895 1783 4934 non
1813 4879 2071 4949 praeteri-

405 4976 556 5041 rent,
591 4972 692 5027 sed
727 4974 1038 5026 manerent
1067 4973 1371 5042 portantes
1418 4968 1796 5037 columnam;
1828 4972 1885 5023 et
1906 4968 2071 5038 jura-

403 5068 612 5118 verunt
646 5061 816 5116 ambo
849 5060 1114 5115 dicentes
1151 5075 1164 5115 :
1197 5057 1353 5113 Vivit
1402 5058 1691 5113 Dominus
1726 5057 1875 5112 Deus
1908 5060 2070 5125 tuus,

404 5168 520 5207 non
551 5153 918 5223 deponemus
943 5150 1097 5205 hanc
1129 5148 1469 5204 columnam
1492 5163 1681 5218 usque
1701 5147 1774 5202 ad
1797 5163 2069 5201 consum-

406 5240 726 5295 mationem
754 5237 990 5307 saeculi;
1049 5238 1098 5293 si
1132 5241 1329 5292 autem
1381 5236 1552 5292 cadat
1579 5235 1721 5291 olim
1751 5233 1903 5306 lapis
1936 5235 2068 5302 istc,

405 5336 547 5386 tunc
576 5334 686 5387 erit
716 5331 1153 5389 consummatio
1178 5330 1399 5386 saeculi.
1421 5330 1491 5385 Et
1521 5345 1627 5400 ego
1651 5326 1927 5384 Salomon
1952 5326 2071 5400 glo-

410 5420 630 5475 riﬁcavi
683 5427 894 5489 Deum,
946 5429 1002 5477 et
1050 5421 1252 5477 ornavi
1308 5419 1597 5492 templum
1650 5417 1885 5474 Domini
1933 5434 2068 5473 cum

414 5509 577 5564 omni
606 5509 890 5577 decentia,
927 5516 983 5567 et
1012 5510 1290 5567 sedebam
1343 5508 1480 5566 felix
1507 5508 1566 5564 in
1618 5524 1797 5580 regno
1829 5523 1979 5576 meo,
2014 5511 2070 5563 et

416 5600 542 5655 erat
588 5613 702 5670 pax
756 5601 814 5655 in
873 5599 1082 5657 diebus
1140 5598 1310 5655 meis.
1371 5603 1439 5656 Et
1486 5597 1681 5671 accepi
1732 5613 1944 5656 uxores
1999 5613 2070 5655 ex

2183 4795 2406 4869 εὖρέθην
2456 4792 2546 4850 οῦν
2597 4794 2704 4872 ἐγὼ
2753 4794 2867 4851 ἐκεῖ
2913 4797 3004 4851 καὶ
3054 4793 3295 4871 ἐκάλυψὲ
3341 4817 3409 4870 με
3453 4796 3517 4851 τὸ
3547 4792 3723 4871 ὕδωρ·
3756 4796 3843 4851 καὶ

2182 4881 2369 4957 ἔμεινα
2425 4884 2478 4938 ἐν
2532 4883 2601 4960 τῇ
2671 4882 2916 4961 θαλάσσῃ
2991 4885 3338 4961 τηρούμενος
3415 4886 3669 4942 ὑποκάτω
3748 4889 3846 4941 τοῦ

2179 4972 2357 5038 κίονος
2426 4972 2644 5030 τούτου.
2706 4974 2794 5036 Ὠς
2866 4970 2925 5028 δὲ
2993 4971 3164 5043 ἦλθεν
3225 4975 3516 5051 Ἐφιππᾶς,
3575 4975 3844 5052 πεμφθεὶς

2180 5061 2327 5136 παρᾶ
2384 5066 2479 5117 σοῦ
2540 5060 2591 5116 ἐν
2652 5062 2861 5137 ἀγγείῳ
2906 5062 3076 5117 ἀσκοῦ
3138 5059 3491 5137 ἐγκλεισθεὶς,
3518 5063 3609 5118 καὶ
3665 5057 3842 5118 ἀνεϐί-

2181 5145 2311 5206 ϐασέ
2344 5171 2411 5224 με
2435 5151 2573 5227 πρὸς
2611 5151 2688 5207 σε.
2723 5151 2886 5225 Κάγὼ
2938 5149 3031 5206 οὖν
3086 5149 3357 5226 Σολομῶν
3406 5152 3637 5217 ἀκούσας
3671 5157 3842 5209 ταῦτα

2180 5237 2405 5310 ἐδόξασα
2458 5241 2551 5296 τὸν
2602 5240 2751 5311 Θεὸν,
2794 5241 2884 5295 καὶ
2935 5239 3144 5317 ὥρκισα
3189 5240 3318 5304 τοὺς
3368 5238 3655 5316 δαίμονας,
3702 5241 3841 5298 ὥστε

2184 5330 2260 5403 μὴ
2335 5329 2671 5404 παρακοῦσαί
2751 5350 2855 5403 μου
2888 5376 2905 5403 ,
2964 5328 3114 5386 ἀλλὰ
3203 5336 3383 5405 μεῖναι
3481 5331 3839 5407 βαστάζοντας

2177 5419 2276 5487 τήν
2321 5418 2495 5473 κίονα·
2528 5417 2617 5473 καὶ
2668 5413 2889 5494 ὤμοσαν
2940 5418 3243 5498 ἀμφότεροι
3292 5417 3574 5496 λέγοντες·
3608 5423 3683 5495 Ζῇ
3737 5418 3837 5477 Κύ-

2179 5528 2295 5583 ριος
2326 5508 2353 5562 ὁ
2384 5508 2516 5571 Θεός
2566 5528 2683 5579 σου,
2718 5507 2779 5563 οὐ
2834 5509 2909 5582 μή
2966 5507 3299 5581 ἀποθώμεθα
3324 5510 3446 5582 (sic)
3495 5509 3588 5564 τὸν
3638 5507 3836 5565 στῦλον

2175 5601 2367 5655 τοῦτον
2425 5593 2530 5662 ἕως
2584 5603 2684 5671 τῆς
2760 5596 3069 5662 συντελείας
3134 5601 3234 5654 τοῦ
3290 5596 3525 5663 αἰῶνος·
3584 5600 3623 5674 ᾗ
3674 5596 3722 5657 δ’
3768 5596 3833 5656 ἃν
