4142 6448
382 331 538 390 135⁵1

1577 329 1842 390 ADDEN
1855 330 1956 390 DA
1997 330 2100 390 AD
2147 331 2613 395 CEDRENUM.

3652 335 3682 396 1
3694 334 3814 398 358

373 463 556 536 ἡμέρᾳ
603 463 741 537 πέσῃ
794 463 822 517 ὁ
881 460 1036 527 λίθος
1090 459 1272 530 οὗτος,
1301 457 1425 516 τότε
1481 455 1628 517 ἔσται
1687 464 1722 532 ἡ
1755 459 2025 517 συντέλεια

2151 463 2314 520 omni
2345 465 2604 538 regione,
2637 481 2890 538 quarum
2924 483 3040 522 non
3089 469 3216 524 erat
3247 483 3574 537 numerus;
3607 472 3665 525 et
3695 470 3816 527 abii

371 555 470 606 τοῦ
501 551 714 616 αἰῶνος.
777 551 940 626 Κάγὼ
995 548 1266 624 Σολομῶν
1298 542 1546 624 ’ἐδόξασα
1600 550 1692 606 τὸν
1725 549 1884 623 Θεὸν,
1944 551 2036 606 καὶ

372 639 658 714 ἐκόσμησα
704 640 796 696 τὸν
850 639 975 694 ναόν
1003 643 1099 694 τοῦ
1131 641 1338 714 Κυρίου
1387 641 1536 715 πάσῃ
1570 639 1882 714 εὐπρεπείᾳ·
1944 638 2035 694 καὶ

372 727 525 802 ἤμην
579 729 828 802 εὐθυμῶν
892 728 944 784 ἐν
1001 731 1070 802 τῇ
1133 727 1382 804 βασιλείᾳ
1437 747 1562 801 μου·
1623 729 1714 784 καὶ
1757 729 1944 804 εἰρήνη
1979 727 2031 782 ἐν

371 826 491 882 ταῖς
546 822 782 896 ἡμέραις
840 841 944 892 μου
981 863 992 876 .
1073 821 1169 875 Καὶ
1229 816 1426 875 ἔλαϐον
1487 826 1742 894 γυναῖκας
1797 821 2035 892 ἐμαυτοῦ

373 911 480 966 ἀπὸ
509 911 691 980 πάσης
719 910 929 986 χώρας,
961 911 1035 964 ὧν
1071 909 1169 965 οὐκ
1195 912 1259 978 ἦν
1301 909 1554 984 ἀριθμὸς,
1595 910 1684 965 καὶ
1730 909 2031 983 ἐπορεύθην

373 999 511 1074 πρὸς
586 999 676 1054 τὸν
750 993 1141 1067 Ἱεϐουσσαῖον,
1226 1000 1317 1053 καὶ
1387 996 1518 1053 ἷδῶν
1591 998 1702 1053 ἐκεῖ
1765 1000 2034 1074 θυγατέρα

374 1088 661 1164 ἀνθρώπου
728 1082 1087 1144 Ἰεϐουσσάίαν
1125 1133 1140 1158 ,
1209 1087 1474 1162 ἠγάπησα
1533 1087 1700 1156 αὐτὴν
1773 1085 1980 1164 σφόδρα
2014 1129 2029 1156 ,

445 1179 458 1198 ‘
729 1176 741 1198 Ι
981 1176 991 1194 ί
1299 1177 1312 1196 ν
1369 1179 1382 1196 \
1600 1178 1614 1198 κ
1745 1183 1769 1192 υ
2020 1175 2031 1196 Ι

369 1198 460 1232 και
527 1173 861 1251 ἡϐουλομην
941 1174 1184 1248 δέξασθαι
1255 1197 1423 1246 αυτην
1489 1197 1623 1250 μετα
1677 1198 1795 1239 ταις
1823 1177 2030 1250 γυναιξι

377 1288 482 1340 μου
515 1269 638 1341 (sic)
669 1267 746 1329 εἷς
776 1273 1022 1342 γυναῖκα.
1083 1268 1180 1322 Καὶ
1237 1267 1385 1322 εἶπον
1419 1267 1554 1342 πρὸς
1581 1265 1710 1329 τοὺς
1741 1268 1904 1342 ἱερεῖς
1934 1266 2030 1321 αὖ·

369 1360 500 1411 τῶν
532 1357 662 1411 Δότε
695 1378 788 1428 μοι
820 1357 920 1424 τήν
983 1361 1314 1429 Σουμανῖτιν
1373 1359 1488 1430 (15)
1545 1359 1747 1426 ταύτην
1796 1355 1871 1417 εἷς
1929 1377 2028 1431 γυ-

369 1451 547 1502 ναῖκα.
613 1445 716 1501 Καὶ
767 1445 916 1499 εἶπον
951 1445 1088 1519 πρός
1145 1467 1212 1516 με
1243 1446 1294 1500 οἱ
1327 1446 1488 1520 ἱερεῖς
1517 1449 1615 1500 τοῦ
1645 1444 1866 1520 Μολόχ.
1901 1444 2025 1501 Ἐάν

369 1535 576 1610 ἀγαπᾷς
635 1535 736 1604 τὴν
763 1533 1048 1610 παρθένον,
1085 1531 1292 1590 εἴσελθε
1343 1534 1432 1589 καὶ
1479 1533 1856 1609 προσκύνησον
1897 1533 2027 1600 τοὺς

371 1623 529 1688 θεοὺς
585 1627 768 1696 ἡμῶν,
827 1629 907 1694 τῷ
957 1623 1185 1698 μεγάλῳ
1230 1628 1333 1696 θεῷ
1381 1624 1602 1702 Ῥαφάν,
1659 1624 1751 1678 καὶ
1806 1627 1884 1694 τῷ
1933 1643 2026 1678 κα-

371 1710 623 1786 λουμένῳ
653 1711 769 1786 Θεῷ
824 1711 1050 1788 Μολόχ.
1111 1713 1252 1787 Ἐγὼ
1303 1711 1392 1768 οὖν
1435 1708 1694 1790 φοϐηθεὶς
1736 1713 1835 1781 τήν
1871 1709 2024 1785 δόξαν

369 1807 468 1857 τοῦ
519 1807 692 1871 Θεοῦ,
739 1801 838 1857 οὐκ
885 1801 1241 1872 ἠκολούθησα
1289 1809 1678 1876 προσκυνῆσαι·
1729 1801 1819 1855 καὶ
1870 1801 2020 1855 εἶπον

372 1891 556 1953 αὐτοῖς
585 1889 717 1966 ἐγώο
749 1891 826 1948 Οὐ
847 1895 1134 1966 προσκυνῶ
1167 1895 1274 1963 θεῷ
1301 1889 1584 1967 ἀλλοτρίῳ
1618 1893 1713 1964 (ad
1748 1890 2022 1965 mergat;

369 1980 528 2052 αὕτη)
564 1983 676 2054 (16)
727 1983 762 2050 ἠ
826 1982 1102 2052 ὑπόθεσις,
1135 1979 1216 2036 ὅτι
1260 1980 1518 2035 τοσοῦτόν
1580 2001 1646 2053 με
1702 1979 2024 2057 ἀναγκάζετε

369 2077 618 2140 ποιῆσαι.
661 2071 727 2128 Οἱ
760 2068 818 2125 δὲ
849 2071 995 2124 εἶπον
1029 2073 1146 2142 (17)
1184 2071 1344 2132 ωθείς
1373 2073 1498 2143 (sic)
1527 2071 1718 2139 (Forte
1744 2089 1756 2126 :
1783 2070 1844 2126 Ὁ
1875 2069 2021 2142 Θεὸς)

367 2164 474 2216 τῶν
502 2159 748 2235 πατέρων
779 2161 960 2232 ἡμῶν.
1007 2163 1177 2232 Ἐμοῦ
1209 2157 1266 2214 δὲ
1297 2159 1610 2231 πυθομένου
1649 2158 1731 2214 ὅτι
1765 2157 2024 2231 οὐδαμῶς

367 2249 730 2322 προσκυνήσω
803 2249 948 2310 θεοῖς
1035 2247 1376 2324 ἀλλοτρίοις,
1461 2247 1553 2304 καὶ
1637 2247 2020 2323 παρήγγειλαν

365 2339 465 2408 τὴν
519 2336 782 2414 παρθένον
827 2342 923 2392 τοῦ
976 2338 1050 2410 μή
1101 2337 1434 2410 κοιμηθῆναί
1488 2359 1580 2410 μοι
1625 2336 1712 2394 ἐὰν
1749 2338 1826 2410 μή
1867 2338 2022 2392 παθῶ

369 2429 526 2482 θῦσαι
558 2432 675 2490 τοῖς
733 2431 896 2491 θεοῖς.
959 2427 1121 2502 Κάγὼ
1153 2424 1242 2482 οῦν
1279 2429 1306 2482 ὁ
1340 2423 1528 2489 δόλιος
1557 2425 1882 2499 κινουμένου
1917 2447 2022 2498 μου

368 2510 504 2592 ἔρως
567 2517 696 2590 παρ’
765 2514 900 2589 αὐτῇ
959 2509 1114 2591 ἔφερέ
1186 2537 1279 2590 μοι
1327 2516 1486 2571 πέντε
1543 2513 1766 2591 ἀκρίδας
1823 2513 2020 2588 λέγων·

368 2598 512 2662 Λάϐε
563 2605 759 2668 ταύτας
813 2606 910 2666 τὰς
958 2602 1179 2680 ἀκρίδας
1225 2606 1386 2677 (18),
1446 2605 1534 2659 καὶ
1595 2605 1880 2679 σόντριῴον
1934 2601 2023 2657 αὐ-

365 2695 463 2756 τάς
523 2693 605 2748 ἐπ’
665 2693 934 2766 ὀνόματος
987 2697 1085 2748 τοῦ
1139 2695 1262 2748 θεοῦ
1295 2692 1522 2768 Μολὸχ,
1573 2693 1662 2748 καὶ
1692 2697 1782 2746 νῦν
1816 2713 2020 2764 κοιμη-

371 2785 616 2856 θῆσομαι
677 2782 811 2855 μετὰ
869 2786 985 2836 σοῦ·
1049 2781 1180 2857 ὅπερ
1245 2783 1334 2838 καὶ
1395 2781 1648 2837 ἐτέλεσαο
1713 2783 1800 2836 καὶ
1863 2780 2022 2844 εὐθὺς

367 2873 572 2942 ἀπέστη
620 2873 684 2926 τὸ
744 2875 960 2943 πνεῦμα
1013 2874 1110 2925 τοῦ
1167 2875 1300 2926 Θεοῦ
1355 2870 1445 2924 ἀπ’
1495 2869 1652 2943 ἐμοῦ·
1712 2870 1802 2925 καὶ
1842 2868 2020 2946 ἐγενό-

373 2982 478 3033 μην
529 2960 754 3030 ἀσθενὴς
811 2960 940 3015 ὡσεὶ
1000 2959 1178 3035 λῆρος
1207 2965 1323 3022 τοῖς
1360 2959 1566 3036 ῥήμασί
1603 2981 1728 3034 μου·
1763 2961 1814 3035 ἐξ
1847 2963 1908 3016 οὗ
1931 2960 2021 3015 καὶ

2147 555 2218 610 ad
2243 554 2604 622 Jebusaeum,
2629 558 2686 612 et
2711 555 2914 612 videns
2937 555 3016 611 ibi
3043 555 3229 612 ﬁliam
3252 555 3510 612 hominis
3537 557 3811 626 Jebusaei,

2145 641 2333 698 amavi
2364 659 2494 698 eam
2527 642 2714 712 valde,
2767 650 2824 700 et
2869 644 3134 700 volebam
3185 645 3448 718 accipere
3499 663 3627 702 eam
3661 647 3816 702 inter

2145 735 2428 804 conjuges
2459 747 2621 789 meas
2656 732 2714 787 in
2766 749 3029 788 uxorem.
3085 734 3155 789 Et
3201 733 3320 790 dixi
3351 735 3424 790 ad
3475 736 3812 792 sacerdotes

2143 837 2345 878 eorum
2381 838 2395 876 :
2431 825 2572 877 Date
2607 822 2750 876 mihi
2781 823 3182 879 Soumanitem
3215 825 3632 893 (Sunamitem)
3657 825 3810 882 hanc

2143 910 2202 964 in
2237 926 2496 968 uxorem.
2531 913 2600 966 Et
2631 911 2908 968 dixerunt
2938 912 3012 968 ad
3043 929 3137 968 me
3162 915 3495 970 sacerdotes
3529 913 3757 970 Moloch
3793 929 3808 972 :

2143 999 2202 1054 Si
2237 992 2437 1072 diligis
2465 1000 2783 1073 virginem,
2817 1002 2994 1072 intra,
3016 1005 3073 1058 et
3091 1017 3370 1058 venerare
3387 1003 3528 1058 deos
3551 1007 3813 1070 nostros,

2142 1105 2425 1162 magnum
2458 1089 2636 1146 deum
2669 1090 2940 1162 Raphan,
2965 1097 3022 1146 et
3051 1095 3324 1148 vocatum
3358 1093 3534 1148 deum
3560 1091 3808 1150 Moloch.

2141 1178 2258 1251 Ego
2307 1194 2439 1234 vero
2499 1179 2720 1235 timens
2778 1179 3030 1252 gloriam
3092 1179 3217 1248 Dei,
3265 1198 3379 1236 non
3419 1181 3696 1252 acquievi
3747 1185 3814 1238 ut

2137 1283 2489 1336 venerarer;
2542 1272 2601 1324 et
2642 1268 2762 1324 dixi
2812 1268 2899 1326 eis
2946 1287 2960 1325 :
3013 1269 3140 1325 Non
3194 1270 3385 1326 servio
3435 1271 3542 1326 deo
3593 1269 3806 1326 alieno.

2139 1358 2287 1424 Quid
2319 1367 2408 1414 est
2453 1359 2558 1415 hoc
2607 1359 2780 1414 inane
2833 1357 3219 1415 simulacrum
3268 1359 3422 1430 quod
3469 1359 3556 1416 sic
3607 1375 3703 1414 me
3733 1360 3807 1415 ad

2137 1447 2504 1502 adorandum
2555 1447 2767 1519 cogitis
2789 1447 2816 1502 ?
2863 1448 2971 1512 Qui
3024 1449 3303 1504 dixerunt
3337 1464 3350 1503 :
3381 1447 3538 1504 Deus
3569 1453 3805 1519 patrum

2135 1540 2492 1591 nostrorum.
2530 1535 2673 1592 Mihi
2696 1541 2894 1592 autem
2921 1536 3248 1592 afﬁrmanti
3272 1535 3412 1608 quia
3443 1535 3606 1592 nullo
3631 1537 3806 1592 modo

2135 1625 2441 1680 adorarem
2519 1625 2662 1681 deos
2718 1624 2942 1681 alienos
3022 1625 3441 1682 renuntiarunt
3511 1625 3806 1698 virginem

2134 1729 2440 1785 nunquam
2473 1730 2700 1770 mecum
2725 1715 3141 1781 dormiturum,
3179 1714 3296 1770 nisi
3326 1714 3518 1772 libens
3548 1715 3665 1771 diis
3695 1716 3806 1772 im-

2133 1802 2439 1858 molarem.
2472 1803 2541 1858 Et
2569 1819 2704 1859 cum
2736 1819 2865 1860 eam
2897 1804 3248 1874 deperirem,
3279 1803 3478 1860 attulit
3509 1803 3656 1860 mihi
3691 1803 3808 1860 cal-

2133 1891 2288 1946 lidus
2319 1908 2485 1948 amor
2513 1891 3049 1964 quinquelocustas
3073 1893 3278 1948 dicens
3310 1893 3504 1964 ipsius
3527 1893 3805 1950 nomine:

2135 1981 2313 2036 Sume
2344 1981 2450 2037 has
2481 1980 2762 2050 locustas,
2795 1986 2854 2038 et
2901 1985 3137 2038 contere
3184 1997 3284 2038 eas
3335 1983 3396 2037 in
3440 1980 3679 2038 nomine
3710 1982 3804 2037 dei

2132 2070 2382 2140 Moloch,
2416 2074 2472 2125 et
2500 2073 2644 2126 tunc
2675 2071 2967 2126 dormiam
3019 2076 3213 2126 tecum
3240 2096 3254 2137 ;
3294 2071 3448 2143 quod
3480 2075 3538 2128 et
3569 2071 3701 2127 feci.
3736 2071 3808 2127 Et

2134 2159 2334 2216 statim
2367 2159 2539 2215 exivit
2570 2177 2603 2216 a
2634 2176 2727 2216 me
2759 2160 3005 2233 spiritus
3030 2161 3152 2216 Dei.
3180 2161 3249 2216 Et
3272 2161 3462 2218 factus
3483 2177 3618 2217 sum
3647 2161 3806 2217 infir-

2133 2265 2290 2317 mus,
2315 2253 2371 2304 et
2387 2249 2558 2321 quasi.
2581 2248 2805 2305 stultus
2822 2250 2882 2304 in
2903 2249 3098 2306 verbis
3123 2250 3302 2318 meis;
3329 2251 3536 2305 exinde
3559 2254 3799 2306 coactus

2133 2355 2266 2394 sum
2299 2339 2371 2393 ab
2401 2355 2470 2394 ea
2499 2339 2571 2394 ad
2617 2338 3031 2394 mdiﬁcandum
3083 2337 3372 2410 templum
3403 2338 3599 2405 idolis,
3637 2337 3798 2394 Baali

2134 2433 2193 2484 et
2221 2427 2420 2499 Rapha
2463 2431 2520 2484 et
2551 2427 2808 2494 Moloch,
2834 2431 2892 2482 et
2939 2426 3203 2496 cateris;
3256 2432 3314 2482 et
3342 2443 3448 2500 ego
3482 2427 3662 2483 miser
3691 2427 3800 2484 feci

2131 2515 2493 2572 voluntatem
2552 2517 2705 2587 ejus,
2769 2521 2828 2571 et
2875 2516 3114 2572 tandem
3172 2516 3416 2572 recessit
3465 2515 3652 2588 gloria
3703 2515 3800 2571 Dei

2134 2621 2166 2661 a
2197 2622 2330 2674 me;
2365 2609 2421 2661 et
2450 2606 2797 2661 obscuratus
2844 2609 2934 2660 est
2964 2605 3209 2676 spiritus
3243 2621 3412 2660 meus
3449 2623 3462 2672 ;
3519 2611 3576 2661 et
3607 2605 3800 2661 tactus

2132 2713 2266 2752 sum
2301 2695 2671 2767 proverbium
2698 2695 2872 2751 idolis
2902 2700 2960 2750 et
2981 2695 3350 2751 daemonibus
3386 2711 3400 2750 :
3433 2695 3564 2751 ideo
3586 2694 3800 2767 scripsi

2131 2787 2241 2843 hoc
2273 2792 2696 2844 testamentum
2733 2803 2957 2852 meum,
2988 2792 3053 2842 ut
3083 2787 3299 2858 quibus
3341 2785 3639 2859 obtigerit,
3673 2803 3804 2842 ore-

2131 2877 2229 2938 tis.
2261 2881 2319 2934 et
2349 2877 2672 2933 attendatis
2727 2875 2949 2932 ultimis
2980 2881 3038 2932 et
3069 2893 3183 2932 non
3219 2875 3537 2947 prioribus,
3578 2880 3636 2932 et
3663 2879 3798 2932 tan-

2135 2966 2270 3022 dem
2303 2966 2554 3038 gratiam
2587 2965 2902 3022 inveniatis
2932 2965 2990 3020 in
3024 2963 3259 3020 saecula.
3294 2972 3501 3021 Amen.

369 3051 670 3123 ἡνεγκασθη
709 3051 835 3123 (sic)
862 3050 990 3126 παρ’
1021 3049 1187 3118 αὐτῆς
1211 3049 1385 3104 κτίσαι
1416 3051 1540 3104 ναὸν
1568 3055 1675 3105 τῶν
1707 3049 1972 3106 εἶ’δώλων·
2007 3053 2086 3122 τῷ
2115 3051 2288 3126 Βαάλ,
2320 3053 2408 3108 καὶ
2439 3051 2518 3125 τῷ
2545 3053 2734 3128 Ῥαφά,
2765 3052 2941 3107 καὶτὸ
2985 3050 3208 3127 Μολὸχ,
3259 3051 3348 3107 καὶ
3399 3057 3518 3115 τοῖς
3569 3055 3792 3115 Αοιποῖς

369 3137 646 3202 εῗδώλοις·
677 3137 828 3212 κάγὼ
860 3135 953 3192 οὖν
987 3139 1014 3193 ὁ
1047 3135 1311 3208 δύστηνος
1340 3137 1572 3208 ἐποίησα
1597 3140 1700 3208 τήν
1732 3135 2054 3212 συμϐουλὴν
2085 3141 2274 3211 αὐτῆς,
2307 3143 2398 3196 καὶ
2428 3140 2654 3202 τελείως
2689 3139 2890 3210 ἀπέστη
2941 3142 2976 3209 ἡ
3010 3137 3138 3210 δόξα
3178 3145 3277 3195 τοῦ
3309 3145 3442 3195 Θεοῦ
3489 3140 3582 3194 ἀπ’
3630 3141 3794 3214 ἐμοῦ·

364 3229 454 3282 καὶ
480 3227 798 3299 ὲσκοστίσθη
829 3227 894 3283 τὸ
917 3229 1132 3300 πνεῦμά
1165 3245 1289 3300 μου·
1341 3226 1430 3282 καί
1461 3227 1728 3304 ἐγενόμην
1760 3229 1936 3304 γέλως
1962 3235 2080 3294 τοῖς
2112 3229 2368 3293 εἷδώλοις
2392 3230 2482 3285 καὶ
2515 3227 2758 3303 δαίμοσι·
2796 3226 2886 3283 διά
2915 3233 3078 3283 τοῦτο
3111 3227 3402 3304 ἀπέγραψα
3431 3228 3634 3298 ταύτην
3660 3229 3798 3302 ἐμοῦ

371 3317 472 3386 τήν
509 3314 796 3388 διαθήκην,
820 3315 913 3371 τίνα
945 3317 997 3371 οἱ
1029 3316 1297 3392 λαχόντες
1332 3314 1570 3393 εὕχησθε
1599 3318 1690 3373 καὶ
1719 3317 2032 3395 προσέχητε
2058 3325 2174 3383 τοῖς
2206 3319 2482 3395 ἐσχάτοις,
2513 3319 2601 3374 καὶ
2638 3319 2713 3392 μὴ
2745 3322 2862 3381 τοῖς
2896 3317 3164 3392 πρώτοις,
3187 3315 3281 3373 ’ἶνα
3322 3317 3550 3380 τελείως
3600 3315 3801 3393 εὕρωσι

365 3406 526 3483 χάριν
561 3405 638 3468 εἰς
664 3404 792 3468 τοὺς
825 3405 1045 3470 αἰῶνας.
1081 3407 1290 3480 Ἀμήν.

1693 3511 1962 3574 VARI/11‘.
2001 3511 2330 3574 LECTION
2344 3509 2456 3570 ES.

439 3613 552 3756 (15)
580 3613 804 3670 Nomen
839 3611 1068 3685 puellae.
2236 3617 2320 3688 17)
2353 3615 2456 3671 Ηίο
2488 3616 2703 3671 iterum
2738 3631 2986 3670 vacuum
3019 3614 3301 3686 spatium.
3749 3681 3762 3694 I

441 3686 530 3752 (l6
610 3688 673 3742 In
749 3691 910 3742 textu
981 3686 1241 3758 spatium
1315 3703 1524 3744 vacum
1597 3690 1733 3744 ante
1797 3689 1832 3756 ἡ
1898 3683 2029 3742 ὑπὸ-
2139 3759 2154 3760 γ
2209 3618 2320 3760 (18)
2350 3687 2553 3744 Cultus
2583 3687 2973 3758 locustarum,
3006 3687 3160 3759 apud
3193 3683 3521 3758 discipulos
3551 3683 3762 3740 Joanm

371 3765 400 3819 θ
441 3683 551 3756 (16)
610 3688 673 3742 In
749 3683 910 3742 textu
981 3686 1241 3758 spatium
1315 3703 1524 3768 vacum
1597 3690 1733 3744 ante
1797 3689 1832 3756 ἡ
1898 3683 2029 3742 ὑπὸ-
2137 3683 2320 3815 BH?)
2347 3687 2553 3815 Eultus
2583 3687 2973 3758 locustarum,
3006 3683 3160 3759 apud
3193 3683 3521 3758 discipulos
3551 3683 3798 3740 Joannis

407 3775 536 3817 εσις.
2186 3776 2256 3832 ap
2290 3776 2340 3815 ιε
2369 3775 2438 3816 se.

365 3881 793 3912 επ

756 4047 1448 4212 ADDEN
1456 4047 1732 4213 DA
1844 4049 2114 4210 AD
2233 4043 3398 4214 CEDRENUM.

1553 4291 1744 4354 TOM.
1790 4291 1814 4352 Ι
1861 4292 2187 4355 OPERUM
2231 4291 2600 4352 CEDRENl.

434 4427 502 4486 In
535 4425 748 4486 codice
781 4422 1155 4485 Goisliniano
1185 4425 1300 4485 136
1333 4424 1602 4485 Historia
1631 4425 1886 4486 Joannis
1917 4425 2202 4505 Scylitzaa
2235 4425 2636 4503 praemittitur
2665 4422 2957 4505 Praefatio
2990 4439 3066 4481 ea
3094 4420 3278 4505 longe
3317 4417 3620 4498 prolixior
3649 4435 3792 4497 quae

352 4506 536 4585 praeit
566 4506 815 4584 Georgii
845 4505 1107 4566 Cedreni
1139 4505 1546 4587 Historiae,get
1573 4523 1694 4587 non
1724 4525 1922 4584 pauca
1961 4503 2039 4568 de
2078 4507 2498 4587 Scriptoribus
2544 4505 2822 4566 historiae
2867 4503 3228 4582 Byzantines
3277 4518 3438 4561 nova
3469 4517 3541 4560 ac
3569 4505 3792 4560 notatu

353 4587 543 4665 digna
571 4587 868 4648 continet.
901 4587 1055 4646 Eam
1087 4589 1291 4645 visum
1325 4594 1418 4646 est
1453 4585 1557 4646 hic
1587 4586 1966 4650 describere.

2209 4848 2476 4920 Synopsis
2505 4847 2872 4903 Historiarum
2903 4844 3120 4920 scripta
3147 4859 3184 4899 a
3210 4843 3428 4920 Joanne
3453 4839 3690 4920 Scylitze

351 4845 590 4922 Σόνοψις
632 4846 886 4922 ἱστοριῶν
932 4849 1303 4922 συγγρᾳαφεῖσα
1337 4847 1483 4922 παρὰ
1523 4843 1774 4922 Ἰωάννου
1807 4866 2002 4922 κουρο;
2036 4847 2080 4914 C

1975 4916 2005 4973 ῦ
2249 4913 2271 4920 ⁷
2297 4913 2673 4992 ϐάνοραίαια,
2706 4923 2760 4974 et
2790 4931 2987 4988 magno
3014 4913 3337 4986 idrungario
3369 4913 3607 4981 vigztiw.

422 4915 670 5046 τὲαλῇτξορ
697 4915 790 4972 καὶ
826 4915 1454 4995 μεγάλόῦθρόυγγαρίόυ
1485 4925 1586 4988 τῆς
1643 4917 1867 4995 βίγλας,
1908 4915 2005 4974 τοῦ

474 5011 540 5046 κυ
605 5011 730 5046 nn.

474 5011 730 5061 κυΛιτςη.

422 5115 528 5184 Τὴν
605 5114 876 5186 ἐπιτομὴν
947 5119 1048 5182 τῆς
1124 5113 1365 5189 ἱστορίας
1435 5113 1624 5192 ἄριστα
1685 5117 1819 5189 μετὰ
1884 5115 2011 5178 τοὺς

349 5203 618 5268 παλαιοὺς
676 5201 1156 5279 ἐπραγματεύσατο
1225 5207 1446 5277 πρῶτον
1517 5205 1613 5278 μὲν
1669 5205 1697 5259 ὁ
1758 5206 2010 5281 μοναχὸς

349 5292 625 5368 Γεώργιος
671 5292 762 5346 καὶ
808 5288 1131 5366 Σόγγελλος
1193 5293 1540 5366 χρηματίσας
1585 5294 1856 5369 Ταρασίου
1912 5299 2008 5350 τοῦ

351 5381 660 5456 ἀγιωτάτου
709 5379 1076 5456 πατριάρχου·
1136 5383 1248 5453 μετ’
1297 5382 1500 5438 ἐκεῖνον
1551 5381 1607 5438 δὲ
1652 5385 1680 5438 ὁ
1723 5382 2008 5458 ὁμολογη-

349 5472 450 5540 τὴς
510 5469 785 5545 Θεοφάνης
831 5470 921 5524 καὶ
969 5469 1066 5524 τοῦ
1116 5471 1312 5546 Ἀγροῦ
1359 5471 1692 5548 ἡγούμενος,
1733 5471 2006 5528 ἐπιστατι-

350 5561 588 5635 κώτερον
651 5561 746 5624 τάς
814 5559 1090 5635 ἱστορικὰς
1154 5557 1548 5635 ἐπιδραμόντες
1620 5558 1848 5638 βίϐλους
1916 5563 2006 5618 καὶ

350 5647 732 5725 συνοψίσαντες
766 5647 920 5725 λόγῳ
954 5650 1046 5721 μὲν
1099 5647 1290 5725 ἀφελεῖ
1315 5649 1404 5705 καὶ
1446 5651 1772 5728 ἀπεριέργῳ,
1809 5674 2004 5726 μονον-

2193 5116 2458 5175 Historia;
2487 5115 2906 5188 compendium
2959 5113 3182 5184 optime
3235 5112 3371 5183 post
3398 5111 3620 5164 veteres
3650 5121 3793 5162 con-

2121 5207 2382 5264 cinnavit
2423 5206 2613 5279 primo
2657 5205 2900 5276 quidem
2956 5203 3245 5274 Georgius
3303 5197 3655 5263 monachus,
3689 5193 3792 5267 qui

2120 5295 2415 5370 syncellus
2449 5295 2558 5351 fuit
2585 5292 2809 5349 Tarasii
2843 5290 3212 5348 sanctissimi
3245 5287 3628 5362 patriarchas;
3657 5288 3796 5357 post

2117 5386 2288 5442 illum
2347 5391 2543 5440 autem
2599 5382 2994 5454 Theophanes
3051 5380 3354 5436 confessor
3417 5377 3794 5449 hegumenus

2116 5476 2275 5548 Agri,
2311 5474 2413 5546 qui
2446 5473 2617 5529 ambo
2649 5472 2874 5544 peritus
2917 5470 3235 5526 historicos
3269 5467 3451 5522 libros
3487 5481 3792 5538 percurre-

2117 5569 2258 5621 runt
2285 5569 2344 5620 et
2369 5564 2430 5618 in
2470 5561 2884 5634 compendium
2936 5560 3308 5630 redegerunt,
3346 5571 3622 5612 sermone
3655 5552 3789 5624 qui-

2117 5656 2251 5712 dem
2301 5653 2555 5726 simplici
2605 5667 2710 5708 nec
2757 5649 3052 5715 affectate,
3085 5647 3186 5704 sed
3235 5645 3351 5720 ipsi
3401 5659 3550 5718 pene
3585 5657 3785 5699 rerum
