4142 6436
388 330 417 389 1
429 330 548 392 359

380 472 603 521 naturre
637 464 981 520 adhaarenti.
1014 463 1232 519 Verum
1277 464 1562 537 Georgius
1595 481 1625 518 a
1662 461 1878 517 niundo
1912 473 2043 509 mn-
2078 455 2128 520 Α
2166 447 2293 522 0-3χῖ

378 555 501 610 dito
529 573 721 624 orsus,
756 555 815 609 in
850 560 1129 628 tyrannos
1161 554 1356 618 desiit,
1389 553 1814 610 Maximianum
1840 561 2044 616 nempe

378 651 437 699 et
474 646 854 700 Maximinum
890 646 949 714 (ι.
987 646 1374 709 Maxentium)
1421 645 1549 713 eius
1583 642 1768 696 ﬁlium
1806 656 1819 694 :
1855 638 2042 692 Theo-

384 735 607 806 phanes
639 752 769 789 vero
803 736 875 789 ab
908 734 1068 788 illius
1104 736 1217 788 fine
1250 735 1553 788 exordium
1589 734 1831 797 ducens,
1865 732 1922 781 et
1956 741 2044 779 re-

382 824 609 894 liquam
650 824 1183 895 chronographiam
1240 824 1530 895 epitomes
1575 838 1735 875 more
1767 821 2046 891 referens,

382 929 571 983 usque
593 915 664 967 ad
684 914 909 968 obitum
934 913 1243 984 Nicephori
1274 910 1644 984 imperatoris
1665 908 1761 980 qui
1784 925 1852 961 ex
1872 906 2043 960 Geni-

379 1002 465 1056 cis
497 1019 600 1057 seu
657 1002 979 1074 Logotheta
1031 1003 1383 1057 Genicorum
1435 1003 1644 1069 fuerat,
1701 1012 2048 1070 progressus

381 1090 562 1146 ﬁnem
595 1092 873 1147 narrandi
912 1092 1067 1146 fecit.
1123 1092 1260 1147 Post
1308 1091 1464 1145 hunc
1494 1088 1694 1144 nullus
1726 1087 1881 1143 alius
1914 1085 2048 1141 huic

382 1197 444 1236 se
474 1181 674 1236 studio
705 1180 950 1235 dedidit.
985 1180 1236 1243 Quidam
1270 1184 1468 1233 tamen
1516 1183 1829 1246 tentavere,
1864 1180 1929 1230 ut
1953 1173 2042 1226 Si-

379 1270 549 1325 culus
581 1269 676 1325 ille
709 1271 933 1331 doctor.
957 1286 1020 1323 ac
1043 1276 1243 1324 nostro
1260 1274 1534 1346 tempore
1557 1265 2044 1339 philosriphorum

378 1359 652 1431 princeps
704 1363 761 1413 et
812 1358 1153 1431 hypertinns
1205 1357 1452 1412 Psellus.
1508 1357 1717 1410 Praeter
1767 1354 1876 1408 hos
1907 1354 2045 1407 item

380 1446 499 1502 alii.
531 1448 640 1502 Sed
675 1446 714 1500 ii
750 1445 1140 1519 perfunctorie
1172 1446 1335 1518 operi
1369 1461 1609 1500 manum
1636 1445 2046 1534 admoverunt,

377 1547 538 1601 etab
571 1554 842 1601 accurata
892 1544 1227 1600 narratione
1276 1543 1449 1616 lapsi,
1485 1544 1801 1599 maximam
1847 1557 2043 1597 rerum

376 1635 620 1706 majoris
674 1634 958 1690 momenti
1009 1638 1231 1707 partem
1287 1634 1733 1707 praetermisere,
1767 1631 2043 1705 posteris-

379 1740 489 1793 que
534 1722 772 1780 iautilcs
824 1724 1006 1795 fuere,
1038 1724 1256 1778 nudam
1307 1727 1568 1778 texentes
1617 1723 2040 1794 imperatorum

379 1813 906 1883 enumerationem,
941 1817 1008 1868 ut
1047 1813 1324 1869 docerent
1354 1812 1488 1885 quis
1520 1828 1692 1885 quem
1726 1811 2041 1883 imperato-

380 1918 503 1957 rem
542 1902 857 1975 exceperit,
891 1906 949 1958 et
997 1902 1145 1957 nihil
1198 1907 1504 1975 praeterea.
1562 1901 1776 1957 Verum
1825 1901 1923 1973 qui
1958 1903 2044 1954 sic

380 1990 655 2047 historias
698 2007 811 2047 non
864 1994 1021 2047 recto
1073 2008 1250 2063 scopo
1300 1992 1723 2063 conscripsere,
1758 1989 1889 2062 plus
1938 2007 2043 2044 no-

380 2096 553 2136 cuere
581 2079 920 2148 lectoribus,
958 2097 1133 2154 quam
1184 2081 1471 2152 profuere.
1505 2085 1650 2135 Nam
1701 2080 2044 2135 Theodorus

382 2169 814 2241 Daphnopates,
846 2170 1083 2226 Nicetes
1134 2170 1499 2243 Paphlagon,
1530 2169 1825 2241 Jnsephus
1855 2168 2043 2225 Gene-

378 2261 504 2315 sius
551 2263 607 2315 et
668 2259 919 2330 Manuei,
983 2260 1268 2333 Byzantii.
1321 2259 1687 2333 Nicephorus
1736 2259 2040 2320 diaconus,

378 2359 587 2432 Phryx,
622 2359 731 2414 Leo
764 2360 1001 2422 Asinus,
1037 2359 1381 2414 Theodorus
1414 2357 1513 2431 qui
1561 2358 1669 2414 fuit
1713 2357 1863 2413 Sidae
1897 2375 2041 2430 pree-

378 2464 492 2517 ses,
526 2448 772 2520 ejusque
803 2448 1197 2504 consobrinus
1230 2454 1286 2503 et
1331 2446 1700 2519 cognominis
1734 2447 1832 2520 qui
1862 2447 2043 2501 Seba-

379 2542 556 2593 stenze
615 2538 846 2609 praefuit
902 2537 1198 2603 Ecclesiae,
1278 2538 1641 2609 insupcrque
1719 2536 2045 2592 Demetrius

380 2625 697 2697 Cyzicenus
731 2643 796 2682 ac
825 2626 1082 2681 Joannes
1110 2627 1305 2699 Lydus
1340 2626 1685 2695 monachus,
1722 2642 1896 2680 suum
1923 2626 2044 2680 sin-

382 2714 503 2787 guli
529 2715 639 2770 sibi
664 2720 1049 2787 proponentes
1076 2721 1521 2786 argumentum;
1553 2714 1703 2769 alius
1728 2713 2044 2786 imperato-

385 2805 467 2860 ris
525 2804 784 2874 laudem,
840 2804 993 2860 alius
1052 2803 1399 2876 patriarcha:
1455 2802 1835 2875 vituperium,
1894 2802 2047 2858 alius

387 2893 559 2950 amici
593 2892 950 2963 encomium,
984 2896 1160 2965 atque
1180 2892 1441 2947 historia:
1469 2891 1701 2947 nomine
1724 2909 1896 2947 suum
1921 2890 2045 2947 sin-

387 2983 511 3055 guli
544 2982 728 3038 secuti
778 2998 1044 3054 scopum,
1078 2999 1110 3036 a
1145 2980 1513 3037 laudatorum
1562 2982 1819 3036 virorum
1856 2986 2047 3037 mente

387 3077 443 3129 et
492 3072 765 3127 instituto
815 3069 986 3144 longe
1035 3073 1404 3128 aberrarunt.
1458 3071 1537 3127 Ea
1585 3070 1741 3126 enim
1781 3088 1907 3143 qua:
1939 3087 2045 3127 suo

1583 320 1959 388 ADDENDA
1999 317 2107 377 AD
2152 310 2619 375 CEDRENUM.

3659 311 3820 372 i360

2375 444 2431 500 δὲ
2506 453 2603 515 τῆς
2662 444 2848 509 οὐσίας
2912 446 3083 515 αὐτῆς
3143 444 3504 521 ἐφαπτομένῳ
3556 448 3667 500 τῶν
3722 466 3817 500 πε-

2154 536 2508 611 πραγμένων.
2567 533 2724 592 Ἀλλ’
2756 536 2785 590 6
2846 536 2940 609 μὶν
2990 535 3284 609 Γεώργιος,
3344 535 3450 590 ἀπὸ
3506 529 3822 604 καταϐολῆς

2156 626 2455 699 ἀρξάμενος
2527 619 2759 697 κόσμου,
2837 624 2892 686 ές
2976 623 3112 687 τοὺς
3186 625 3480 700 τυράννους
3531 623 3821 695 κατέληξε,

2157 715 2498 786 Μαξιμιανόν
2572 735 2716 791 φημι
2791 713 2880 769 καὶ
2937 715 3031 769 τὸν
3088 715 3286 769 τούτου
3347 715 3463 769 υἱὸν
3519 714 3820 785 Μαξιμῖνον

2156 806 2219 877 (ί.
2271 804 2582 873 Μαξέντιον·
2645 805 2674 859 6
2732 801 2791 858 δὲ
2846 805 3147 877 Θεοφάνης,
3197 804 3261 858 τὸ
3318 801 3526 858 ἐκείνου
3554 801 3717 867 τέλος
3745 803 3823 857 οἱ·

2153 892 2303 948 κείαν
2351 893 2532 967 ἀρχὴν
2562 891 2953 965 ποιησάμενος,
2999 892 3090 947 καὶ
3147 894 3248 963 τήν
3281 890 3574 947 ἐπίλοιπον
3631 910 3824 945 συντε-

2160 984 2276 1055 μὼν
2324 982 2733 1060 χρονογραφίαν
2782 982 2871 1037 καὶ
2926 982 3004 1044 εἰς
3045 983 3147 1050 τὴν
3188 980 3449 1050 τελευτὴν
3506 986 3604 1037 τοῦ
3666 982 3822 1057 βασι-

2158 1068 2301 1133 λέως
2333 1071 2653 1149 Νικηφόρου
2704 1075 2803 1126 τοῦ
2864 1070 2971 1126 άπὸ
2999 1076 3230 1147 γενικῶν
3275 1072 3633 1141 καταντήσας,
3690 1068 3818 1141 ἔστη

2154 1165 2253 1216 τοῦ
2284 1157 2514 1235 δρόμου.
2568 1161 2715 1216 Μετά
2758 1158 2817 1215 δὶ
2861 1166 3055 1216 τοῦτον
3089 1157 3272 1222 οὐδεὶς
3328 1158 3499 1222 ἄλλος
3552 1157 3820 1214 έπέδωκεν

2157 1250 2346 1305 έαυτὸν
2415 1250 2496 1322 τῴ
2576 1249 2815 1323 τοιούτῳ
2901 1247 3286 1322 σπουδάσματι
3321 1292 3335 1307 .
3419 1248 3819 1324 Ἐπεχείρησαν

2162 1339 2256 1412 μὲν
2314 1340 2415 1414 γάρ
2464 1359 2630 1410 τινες,
2690 1340 2805 1393 οἷον
2841 1340 2869 1394 6
2926 1337 3271 1407 Σικελιώτης
3306 1335 3636 1400 διδάσκαλος
3669 1338 3759 1392 καὶ
3789 1339 3817 1392 6

2155 1428 2275 1482 καθ’
2330 1430 2478 1500 ἡμᾶς
2535 1428 2738 1489 ὕπατος
2790 1432 2896 1481 τῶν
2965 1426 3284 1505 φιλοσόφων
3336 1427 3427 1482 καὶ
3461 1428 3759 1502 ὑπέρτιμος
3791 1427 3820 1481 6

2158 1524 2408 1594 Ψελλὸς,
2460 1527 2549 1580 καὶ
2610 1526 2748 1601 πρὸς
2797 1524 3016 1588 τούτοις
3082 1522 3284 1597 ἕτερον
3342 1522 3489 1581 ἀλλά
3543 1524 3817 1601 πάρεργον

2155 1614 2424 1688 ἁψάμενοι
2471 1619 2567 1671 τοῦ
2609 1610 2795 1691 ἔργου,
2840 1623 2942 1686 τῆς
2972 1636 3033 1671 τε
3078 1609 3357 1693 ἀκριϐείας
3409 1614 3819 1670 έπιπεπτώκασι

2152 1703 2219 1758 τά
2273 1702 2504 1763 πλεῖστα
2558 1709 2667 1759 τῶν
2716 1703 3088 1780 καιριωτέρων
3148 1704 3430 1779 παρέντες,
3496 1703 3588 1758 καὶ
3619 1704 3819 1773 ἀνόνη-

2149 1813 2236 1847 τοι
2278 1799 2395 1857 τοῖς
2447 1794 2563 1866 μετ’
2611 1792 2805 1856 αὐτοὺς
2855 1794 3162 1870 γεγόνασιν,
3215 1791 3585 1869 ἀπαρίθμησιν
3649 1792 3819 1866 μόνην

2157 1883 2524 1954 ποιησάμενοι
2554 1887 2663 1937 τῶν
2717 1881 3008 1959 βασιλέων,
3059 1882 3150 1937 καὶ
3204 1878 3514 1955 διδάξαντες
3562 1881 3649 1945 τίς
3682 1883 3821 1955 μετά

2152 1971 2272 2026 τίνα
2328 1976 2435 2025 τῶν
2492 1973 2785 2046 σκήπτρων
2838 1974 3061 2047 γέγονεν
3119 1969 3428 2047 ἐγκρατὴς,
3473 1972 3565 2027 καὶ
3621 1969 3816 2028 πλεῖον

2154 2058 2329 2118 οὐδέν.
2387 2060 2563 2117 Ἀλλά
2602 2060 2693 2115 καὶ
2745 2060 2942 2123 ταύτας
2975 2060 3075 2116 ούκ
3121 2059 3539 2135 έστοχασμένως
3586 2080 3819 2136 συγγρα-

2152 2151 2418 2223 ψάμενοι,
2467 2143 2708 2223 ἔϐλαψαν
2754 2149 2884 2213 τοὺς
2935 2148 3381 2226 ἐντυγχάνοντας,
3446 2148 3545 2205 οὐκ
3593 2148 3817 2228 ὠφέλη-

2153 2259 2271 2296 σαν.
2322 2240 2385 2295 Ὁ
2441 2240 2543 2315 γάρ
2603 2238 2964 2313 Δαφνοπάτης
3010 2237 3318 2314 Θεόδωρος,
3351 2240 3594 2309 Νικήτας
3646 2239 3676 2293 6
3706 2244 3818 2295 Πα-

2152 2325 2399 2405 φλαγὼν,
2460 2329 2660 2406 Ἰωσὴφ
2719 2328 2959 2391 Γενέσιος
3024 2329 3115 2384 καὶ
3174 2326 3441 2397 Μανουήλ
3502 2328 3555 2383 οἱ
3613 2329 3819 2397 Βυζάν-

2152 2437 2283 2485 τιοι,
2316 2416 2632 2495 Νικηφόρος
2667 2419 2696 2473 6
2728 2415 2980 2480 διάκονος
3009 2419 3039 2473 6
3071 2417 3242 2492 Φρὺξ,
3303 2418 3332 2472 6
3391 2418 3606 2480 ’Δσινὸς
3641 2416 3819 2489 Λέων,

2154 2503 2439 2581 Θεόδωρος
2495 2507 2523 2561 6
2578 2508 2679 2576 τῆς
2743 2505 2912 2578 Σίδης
2967 2506 3262 2581 γενόμενος
3317 2502 3587 2581 πρόεδρος
3637 2506 3725 2561 καὶ
3788 2506 3819 2560 6

2153 2604 2349 2660 τούτου
2396 2606 2617 2681 ἀνεψιὸς
2677 2607 2767 2660 καὶ
2826 2607 3126 2680 ὁμώνυμος
3185 2607 3213 2661 6
3265 2612 3366 2675 τῆς
3416 2605 3469 2661 έν
3528 2601 3820 2676 Σεϐαστείᾳ

2155 2697 2612 2770 καθηγησάμενος
2672 2694 3027 2768 Ἐκκλησῖας,
3086 2696 3177 2752 καὶ
3237 2696 3326 2751 έπὶ
3378 2695 3559 2769 τούτῳ
3618 2696 3818 2768 Δημή-

2153 2804 2307 2859 τριος
2340 2786 2368 2839 6
2428 2791 2528 2854 τῆς
2586 2784 2820 2855 Κυζίκου
2867 2786 2955 2840 καὶ
3009 2786 3037 2840 6
3081 2787 3327 2861 μοναχὸς
3370 2785 3623 2858 Ἰωάννης
3650 2787 3678 2841 6
3708 2793 3816 2843 Λυ-

2158 2871 2249 2935 δὸς
2334 2872 2538 2928 οἰκείαν
2607 2871 2833 2937 ἕκαστος
2912 2874 3162 2939 ὑπόθεσιν
3245 2874 3743 2950 προστησάμενος·
3787 2874 3818 2928 6

2161 2964 2257 3037 μὶν
2337 2958 2558 3018 ἔπαινον
2629 2963 2920 3038 βασιλέως,
2995 2965 3025 3019 6
3084 2961 3141 3019 δὶ
3208 2965 3376 3040 ψόγον
3445 2966 3815 3040 πατριάρχου·

2152 3050 2339 3129 ἕτερος
2398 3050 2455 3108 δὶ
2512 3051 2678 3129 φίλου
2731 3054 3036 3128 ἐγκώμιον,
3066 3053 3158 3109 καὶ
3189 3053 3242 3109 έν
3292 3054 3537 3131 ἱστορίας
3568 3055 3817 3129 σχήματι

386 3165 649 3233 tempore
679 3167 843 3233 gesta
876 3139 1016 3217 sunt
1047 3160 1509 3229 conscribentes,
1544 3139 1837 3232 pauloque
1868 3159 2046 3216 altius

2156 3142 2247 3197 τὸν
2308 3143 2500 3197 ἑαυτοῦ
2555 3139 2783 3205 ἕκαστος
2837 3141 3292 3218 ἀποπληροῦντες
3350 3143 3575 3216 σκοπὸν,
3624 3142 3816 3220 πόρῥω

389 3207 647 3233 mur-.-
679 3207 843 3233 0-.....
876 3207 1016 3217 η..-
1048 3207 1509 3229 -....W..--.--__,
1544 3207 1835 3232 rum,”
1869 3207 2045 3216 ...μη

384 3254 770 3321 resumentes,
804 3249 956 3305 alius
1006 3250 1213 3306 affectu
1248 3250 1483 3315 ductus,
1519 3248 1672 3305 alius
1703 3250 1858 3318 odio,
1894 3248 2046 3305 alius

2157 3239 2259 3302 τῆς
2334 3236 2444 3286 τῶν
2516 3231 2823 3308 εἰρημένων
2892 3207 3100 3309 ἀνδρῶν
3176 3232 3493 3287 πεπτώκασι
3553 3207 3814 3295 διανοίας.

383 3339 452 3395 ad
487 3338 760 3412 gratiam,
795 3338 947 3394 alius
979 3343 1153 3411 prout
1175 3338 1283 3394 sibi
1319 3342 1609 3393 statutum
1635 3339 1846 3409 fuerat,
1870 3337 2051 3393 histo-

384 3429 533 3484 riam
568 3428 830 3492 edentes,
863 3427 1017 3484 inter
1047 3446 1110 3483 sc
1155 3428 1214 3483 in
1251 3429 1585 3484 narratione
1618 3428 2050 3498 dissenserunt,

387 3534 453 3574 ac
484 3517 735 3589 caligine
761 3517 1318 3589 perturbationeque
1345 3516 1643 3573 auditores
1661 3514 2052 3598 repleverunt.

387 3616 504 3671 Nos
541 3622 736 3671 autem
776 3620 1233 3671 memoratarum
1265 3615 1522 3670 virorum
1558 3614 1723 3670 lectis
1755 3614 2052 3687 operibus,

393 3703 658 3760 historia:
692 3704 1058 3760 amatoribus
1106 3721 1308 3760 eorum
1361 3703 1662 3777 synopsim
1695 3721 1808 3759 non
1842 3721 2052 3776 parum

395 3793 597 3850 utilem
633 3795 753 3849 fore
802 3799 1132 3866 sperantes,
1168 3794 1537 3865 maximeque
1571 3793 1640 3849 iis
1674 3793 1773 3865 qui
1809 3792 2054 3849 facilita-

397 3888 514 3939 tem
562 3883 749 3939 labori
800 3889 1203 3956 anteponunt;
1259 3887 1458 3955 utpote
1508 3901 1633 3955 qua:
1685 3883 1859 3939 variis
1891 3870 2058 3955 gesta

398 3974 767 4046 temporibus
802 3973 1147 4028 brevissime
1180 3976 1578 4044 repraesentet,
1613 3977 1668 4027 et
1700 3990 1733 4027 a
1761 3988 2055 4028 commen-

393 4064 680 4119 tariorum
716 4062 868 4118 mole
914 4061 1169 4119 liberet:
1204 4079 1385 4134 supra
1434 4063 1727 4118 dictorum
1779 4061 2056 4118 historias

392 4152 703 4224 diligenter
733 4152 1118 4221 excutientes,
1166 4151 1369 4222 ejectis
1399 4150 1472 4207 iis
1503 4169 1631 4224 qua)
1662 4168 1727 4206 ex
1762 4151 1967 4206 aﬂcctu
2001 4154 2057 4207 et

392 4241 461 4297 ad
496 4242 745 4314 gratiam
770 4241 927 4297 dicta
948 4246 1111 4308 sunt,
1138 4242 1339 4297 missis
1373 4241 1443 4296 iis
1476 4258 1603 4312 qua:
1626 4240 2054 4297 dissensionem

392 4335 448 4387 et
482 4331 937 4403 repugnantiam
972 4330 1234 4399 olebant,
1266 4329 1574 4401 expunctis
1606 4330 1782 4386 etiam
1824 4330 1896 4386 iis
1927 4346 2055 4401 quae

389 4418 654 4475 fabulam
686 4436 892 4492 sapere
943 4419 1135 4476 visum
1187 4424 1292 4485 est,
1329 4418 1766 4475 narrationibus
1799 4418 2056 4475 collectis

389 4526 518 4581 qua:
568 4508 908 4565 verisimilia
940 4513 998 4565 et
1047 4509 1376 4581 probabilia
1409 4509 1792 4581 putabantur,
1836 4507 2055 4565 additis

2161 3327 2475 3401 ’Λποτάδηη
2527 3331 2651 3403 (εἰσ)
2698 3330 2800 3405 γὰρ
2858 3329 2928 3385 τὰ
2972 3330 3109 3386 κατά
3163 3330 3292 3393 τοὺς
3344 3329 3522 3387 αὐτῶν
3584 3332 3824 3407 χρόνους

2164 3420 2549 3494 συνενεχθέντα
2596 3419 2688 3473 καὶ
2739 3420 2932 3494 μικρὸν
2981 3417 3185 3484 ἀνωθεν
3238 3421 3529 3497 ἱστορικῶς
3589 3440 3823 3498 συγγρα-

2163 3508 2418 3583 ψάμενοι,
2466 3509 2553 3563 καὶ
2588 3509 2616 3563 6
2668 3510 2762 3582 μὶν
2811 3511 3130 3582 συμπαθῶς,
3183 3511 3211 3565 6
3264 3507 3312 3565 δ’
3344 3511 3673 3578 ἀντιπαθιῖκ,
3704 3513 3733 3567 6
3764 3510 3823 3569 δδ

2163 3597 2253 3652 καὶ
2301 3598 2436 3652 κατὰ
2481 3597 2664 3674 χάριν,
2720 3595 2891 3661 ἄλλος
2950 3595 3008 3653 δὲ
3045 3598 3136 3653 καὶ
3169 3599 3246 3661 ὡς
3291 3601 3688 3675 προσετέτακτο
3717 3604 3823 3671 τὴν

2164 3687 2355 3743 έαυτοῦ
2421 3688 2633 3750 συνθεὶς
2682 3687 2944 3762 ἱστορίαν,
2993 3688 3084 3743 καὶ
3138 3689 3275 3764 πρὸς
3335 3687 3622 3760 ἀλλήλους
3667 3689 3720 3746 έν

2162 3781 2271 3832 τῶν
2334 3776 2508 3831 αὐτῶν
2584 3775 2859 3855 ἀφηγήσει
2932 3774 3353 3855 διαφερόμενοι,
3431 3776 3651 3855 ἰλίγγου
3726 3781 3822 3835 καὶ

2162 3872 2413 3943 ταραχῆς
2466 3864 2594 3929 τοὺς
2662 3866 2930 3942 ἀκροατὰς
2985 3864 3403 3939 ἐμπεπλήκασιν
3439 3909 3453 3924 .
3507 3867 3700 3941 Ἡμεῖς
3760 3866 3821 3924 δὶ

2162 3960 2244 4029 τῷ
2300 3955 2455 4027 πόνῳ
2526 3958 2635 4008 τῶν
2710 3952 3018 4028 είρημένως
3073 3951 3279 4030 ἀνδρῶν
3340 3954 3451 4009 ἐκεῖ
3507 3953 3827 4032 ἐντυχόντες

2162 4047 2252 4104 καὶ
2304 4044 2683 4115 λυσιτελήσειν
2742 4045 2805 4100 οὐ
2868 4045 3035 4119 μικρὰ
3082 4047 3183 4116 τὴν
3230 4045 3456 4119 σύνοψιν
3488 4051 3604 4109 τοῖς
3638 4052 3824 4122 φιλοῖ-

2164 4132 2447 4210 στοροῦσιν
2496 4132 2836 4203 ἐλπίσαντες,
2883 4134 2973 4189 καὶ
3035 4131 3275 4206 μάλιστα
3330 4139 3450 4199 τοῖς
3501 4136 3564 4191 τὸ
3623 4134 3822 4212 ῥᾷστον

2163 4229 2263 4281 τοῦ
2300 4222 2707 4297 ἐπιπονωτέρου
2760 4221 3196 4296 προτιθεμένοις,
3255 4225 3678 4297 συντομωτάτην
3750 4222 3832 4281 δι-

2166 4310 2358 4368 δοῦσαν
2413 4308 2721 4385 κατάληψιν
2778 4315 2888 4365 τῶν
2948 4309 3000 4365 έν
3061 4308 3344 4389 διαφόροις
3394 4307 3828 4386 συμϐεϐηκότων

2162 4407 2379 4478 καιροῖς
2427 4399 2519 4456 καὶ
2573 4397 2670 4456 τοῦ
2734 4399 2938 4476 βάρους
2991 4404 3100 4456 τῶν
3155 4401 3563 4475 ὑπομνημάτων
3621 4399 3833 4468 ἐλευθε-

2167 4492 2398 4568 ροῦσαν,
2472 4491 2568 4552 τὰς
2624 4493 2732 4543 τῶν
2792 4485 2996 4553 ἄνωθεν
3057 4489 3366 4565 λεχθέντων
3421 4491 3823 4570 συγγραφείσας

387 4599 565 4655 etiam
597 4599 668 4654 iis
689 4617 816 4672 qua:
850 4599 1113 4654 nondum
1146 4600 1365 4671 scripta
1385 4600 1456 4654 ab
1480 4598 1741 4670 antiquis
1774 4597 1911 4653 viris
1936 4597 2046 4652 edi-

2162 4578 2245 4636 ἐπ’
2296 4573 2515 4654 ἀκριϐὲς
2570 4578 2813 4653 ἱστορίας
2872 4577 3294 4651 ἀναμαξάμενοι,
3329 4578 3421 4634 καὶ
3463 4582 3532 4634 τὰ
3561 4580 3826 4654 ἐμπαθῶς

385 4688 662 4759 dicimus,
695 4689 887 4761 iisque
931 4691 990 4745 in
1023 4706 1207 4744 unum
1259 4705 1473 4760 corpus
1504 4687 1851 4761 compendio
1883 4688 2050 4742 reda-

384 4780 513 4849 ctis,
556 4782 828 4835 tenerum
879 4778 1076 4834 cibum
1112 4778 1269 4834 mola
1317 4776 1607 4833 sermonis
1656 4780 2048 4850 praeparatum

382 4868 633 4940 posteris
665 4867 1056 4940 reliquimus;
1093 4871 1157 4922 ut
1182 4867 1283 4937 qui
1319 4871 1775 4922 memoratorum
1810 4863 2046 4920 histori-

379 4974 580 5014 corum
614 4958 795 5013 libros
844 4962 1279 5029 percurrerunt,
1315 4955 1738 5011 commentaria
1770 4954 2045 5021 habeant,

377 5072 579 5113 secum
623 5055 710 5110 vel
766 5057 821 5109 in
880 5055 972 5110 via
1024 5055 1274 5109 ferentes
1334 5054 1491 5108 hunc
1551 5052 1840 5107 libellum.
1892 5051 2046 5107 Solet

377 5146 596 5219 quippe
627 5144 800 5200 lectio
851 5143 1314 5198 recordationem
1368 5142 1665 5206 inducere,
1715 5140 2042 5196 recordatio

375 5251 506 5290 vero
541 5233 886 5290 memoriam
919 5232 1073 5288 alere
1128 5236 1185 5287 et
1237 5248 1455 5304 augere
1486 5249 1498 5299 ;
1534 5230 2039 5303 quemadmodum

378 5328 583 5376 contra
613 5322 970 5394 negligentia
987 5327 1042 5377 et
1066 5320 1289 5377 incuria
1312 5327 1638 5394 gestorum,
1662 5319 2042 5374 reminiscen-

380 5408 520 5463 tiam
554 5412 801 5478 auferre,
852 5411 1004 5466 unde
1056 5427 1296 5482 prorsus
1325 5409 1537 5464 oblivio
1588 5408 1875 5479 sequitur,
1909 5424 2038 5479 quas

380 5503 675 5568 gestorum
736 5499 1082 5555 memoriam
1153 5499 1429 5554 obscurat
1483 5503 1652 5568 atque
1712 5496 2038 5551 confundit.

379 5585 483 5650 Qui
513 5602 647 5641 vero
680 5589 941 5642 nondum
982 5587 1263 5643 historias
1298 5586 1584 5661 legerunt,
1617 5586 1729 5642 hoc
1760 5601 2036 5658 compen-

379 5674 475 5731 dio
534 5676 795 5731 ductoris
852 5676 979 5732 loco
1025 5681 1288 5748 utantur,
1339 5683 1396 5733 et
1444 5676 1747 5749 requisitis
1792 5675 1864 5732 iis
1911 5691 2036 5746 qum

2160 4681 2195 4751 ἢ
2248 4678 2337 4734 καὶ
2389 4678 2525 4754 πρὸς
2563 4678 2727 4753 χάριν
2762 4675 3027 4752 λεχθέντα
3077 4674 3699 4750 ἀποδιαπομπήσαντες,
3731 4677 3824 4734 καὶ

2155 4768 2250 4831 τὰς
2301 4765 2561 4845 διαφορὰς
2608 4767 2697 4821 καὶ
2762 4763 3055 4844 διαφωνίας
3114 4766 3395 4841 παρέντες,
3459 4767 3820 4839 ἀποξέσαντες

2159 4855 2216 4913 δὶ
2270 4855 2360 4911 καὶ
2419 4854 2518 4910 ὅσα
2566 4852 2728 4931 ἔγγὺς
2782 4852 3060 4930 ἐρχόμενα
3088 4853 3317 4930 εὕρομεν
3346 4858 3445 4910 τοῦ
3502 4852 3813 4930 μυθώδους·

2152 4948 2222 5003 τὰ
2278 4943 2335 5000 δὲ
2393 4944 2577 5000 εῗκότα
2621 4943 2713 4998 καὶ
2757 4944 2931 4998 ὁπόσα
2987 4947 3082 4998 τοῦ
3142 4948 3373 5007 πιθανοῦ
3409 4945 3484 5017 μὴ
3543 4945 3818 5001 ἀπέπιπτε

2155 5032 2569 5106 συλλεξάμενοι,
2642 5032 2963 5106 προσθέντες
3030 5029 3088 5087 δὶ
3148 5033 3239 5087 καὶ
3308 5031 3485 5088 ὁπόσα
3559 5034 3817 5113 ἀγράφως

2151 5126 2210 5181 ἐκ
2259 5123 2510 5179 παλαιῶν
2569 5120 2779 5198 ἀνδρῶν
2840 5120 3239 5198 ἐδιδάχθημεν,
3269 5124 3363 5178 καὶ
3395 5124 3486 5199 τφ⁹
3515 5119 3569 5178 ἓν
3601 5121 3819 5199 ἐπιδροο

2155 5214 2331 5291 μάδην
2398 5213 2707 5285 συνθέμενοι
2782 5217 2902 5276 τοῖς
2961 5211 3435 5287 μεταγενεστέροις
3487 5213 3818 5269 καταλελοί-

2150 5325 2325 5378 παμεν
2378 5304 2585 5381 τροφὴν
2646 5300 2862 5371 ἁπαλὴν
2911 5302 3001 5357 καὶ
3060 5301 3239 5374 τούτῷ
3298 5300 3355 5358 δὲ
3404 5307 3485 5375 τῷ
3514 5307 3611 5358 τοῦ
3641 5302 3816 5379 λόγου

2148 5393 2549 5466 ἀληλεσμένην,
2604 5389 2675 5445 i’v'
2734 5392 2787 5446 οἱ
2850 5393 2947 5465 μὲν
3002 5392 3096 5453 τὰς
3129 5395 3236 5447 τῶν
3296 5391 3570 5469 ῥηθέντων
3605 5393 3815 5470 ἱστορι-

2147 5489 2256 5541 κῶν
2303 5476 2534 5558 βίϐλους
2591 5478 2912 5543 ἐπελθόντες
2957 5481 3327 5554 ὑπομνήματα
3385 5477 3567 5557 ἔχοιεν
3629 5480 3818 5537 συνέκ-

2148 5574 2326 5648 δημον
2385 5571 2636 5648 φέροντες
2683 5569 2773 5625 καὶ
2830 5568 3076 5632 έπιόντες
3105 5572 3266 5625 τοῦτο
3324 5571 3389 5627 τὸ
3423 5565 3665 5647 βιϐλίον’
3699 5568 3816 5626 οἶδε

2146 5665 2250 5742 γὰρ
2298 5664 2335 5732 ἠ
2381 5660 2683 5735 ἀνάγνωσις
2705 5658 3009 5734 ἀνάμνησιν
3043 5658 3317 5733 ἐμποιεῖν,
3374 5661 3410 5731 ἡ
3465 5656 3523 5715 δὶ
3571 5659 3817 5734 ἀνάμνη-
