4026 6210
203 422 3640 474 m

2234 465 2520 474 ———-—_._-—.

777 653 1599 812 CEDBENI
1760 654 3087 815 HISTORIARUM

1508 974 2345 1065 CONTINUATIO.

2864 1235 2893 1267 Ο

283 1399 372 1470 [Ρ.
431 1398 559 1466 609]
617 1399 819 1450 Τοῦτον
902 1414 996 1465 μεν
1065 1395 1158 1448 τὸν
1215 1390 1439 1468 τρόπον,
1498 1394 1556 1447 ὃν
1617 1391 1863 1466 εἷ’πομεν,

2054 1396 2290 1452 1-278
2325 1400 2556 1452 Annum
2589 1414 2763 1467 agens
2795 1397 2979 1451 aetatis
3011 1397 3330 1469 septimum
3355 1398 3635 1452 Constan-

208 1486 586 1549 αποθανόντος
639 1481 999 1558 Ἀλεξάνδρου
1053 1481 1128 1543 εἰς
1190 1487 1553 1544 Κωςταντῖνον
1598 1483 1688 1537 τὸν
1748 1481 1862 1536 υἱὸν

208 1576 475 1643 Λεοντος,
507 1568 745 1643 ἓϐδομον
791 1580 890 1640 τῆς
940 1571 1157 1640 ἡλικίας
1205 1570 1401 1644 ἄγοντα
1455 1570 1595 1640 ἔτος,
1626 1572 1689 1625 τὸ
1722 1570 1868 1632 Βαςί-

207 1662 364 1718 λειον
415 1661 783 1737 περιελήλυθε
822 1660 1037 1733 κράτος,
1092 1661 1192 1714 ὑπὸ
1241 1659 1564 1735 ἐπιτρόπους
1610 1659 1865 1714 τελοῦντα

202 1752 339 1812 τοὺς
399 1752 601 1805 ἄνωθεν
685 1750 1123 1824 ἠριθμημένοος.
1204 1744 1515 1821 Λαϐόμενος
1601 1747 1690 1802 οὖν
1766 1756 1867 1816 τῆς

208 1839 455 1912 ἐξουσίας
500 1836 779 1897 Νικόλαος
838 1839 865 1891 ὁ
916 1838 1261 1912 πατριάρχης
1320 1837 1395 1899 ὡς
1440 1839 1526 1892 καὶ
1571 1837 1727 1898 αὐτὸς
1760 1836 1868 1891 ἐπί-

208 1949 419 2003 τροπος
452 1926 544 1996 ὢν,
577 1928 787 1998 συνάμα
818 1931 934 1989 τοῖς
981 1924 1199 1989 ἄλλοις,
1233 1924 1640 2001 ἐπηδαΛιούχες
1670 1926 1736 1980 τὰ
1772 1930 1868 1980 τοῦ

209 2023 427 2071 κοινοῦ.
464 2020 587 2073 Τῶν
639 2013 695 2070 δὲ
738 2016 1076 2089 πραγμάτων
1139 2015 1309 2076 οὕτως
1363 2015 1622 2090 ἐχόντων,
1649 2014 1868 2083 καὶτῆς

212 2106 521 2181 βασιλείας,
602 2105 675 2166 ὡς
779 2102 1029 2175 εἴπομεν,
1116 2104 1262 2178 παρὰ
1363 2109 1470 2158 τῶν
1559 2104 1867 2178 ἐπιτρόπων

210 2194 569 2265 ἱθυνομὲνης,
632 2198 1002 2253 Κωνστατῖνος
1080 2194 1107 2246 ὁ
1178 2197 1274 2247 τοῦ
1333 2193 1533 2254 Δουκὸς
1592 2190 1868 2266 Ἀνδρονί-

210 2305 315 2337 κου
374 2283 511 2352 υἹὸς,
593 2279 908 2354 δομέςτικος
981 2285 1087 2335 τῶν
1166 2279 1386 2355 σχολῶν
1436 2283 1723 2355 τυγχάνων
1782 2280 1871 2335 καὶ

217 2370 535 2426 δυναστείαν
636 2365 1114 2442 περιϐεϐλημένος
1225 2368 1504 2443 μεγίστην,
1585 2372 1869 2444 γράμμασι

210 2465 324 2514 τῶν
358 2460 411 2513 ἐν
443 2464 511 2531 τῇ
569 2455 814 2534 βασιλίδι
850 2457 1026 2534 φίλων
1088 2459 1176 2512 καὶ
1231 2462 1506 2532 συγγενῶν
1560 2458 1727 2512 αὐτοῦ
1766 2480 1870 2512 πα-

213 2548 553 2624 ρακινηθεῖς,
614 2545 963 2622 γεγραφότων
1031 2543 1301 2620 ἀκὲφαλον
1363 2548 1495 2600 εἶναι
1552 2547 1651 2614 τὴν
1717 2547 1872 2622 βασι-

212 2636 367 2691 λείαν
414 2636 509 2690 καὶ
558 2640 738 2696 κακῶς
799 2632 1132 2710 διεξάγεσθαι
1186 2636 1275 2689 καὶ
1335 2636 1527 2709 μικρὸν
1580 2633 1703 2689 ὅσον
1760 2656 1872 2688 κιν-

216 2723 454 2779 δυνεύειν
513 2723 749 2796 ὀλεθρίῳ
805 2719 1043 2794 κινδύνῳ
1097 2722 1403 2791 ὑποπεσεῖν,
1433 2724 1592 2780 αὐτὸν
1637 2744 1695 2778 τε
1742 2723 1868 2777 ἀνα-

214 2813 573 2884 καλουμὲνων
632 2813 708 2872 ὡς
767 2811 1035 2888 ἐχέφρονα
1098 2812 1185 2865 καὶ
1246 2810 1490 2886 ἀνδρεῖον
1552 2812 1638 2865 καὶ
1704 2833 1866 2885 μονον

218 2900 519 2975 δυνάμενον
582 2899 813 2971 ἐπαξίως
868 2894 1193 2973 κυϐερνῆσαι
1242 2900 1341 2968 τήν
1388 2896 1713 2972 περιϐόητον
1758 2905 1866 2955 τῶν

215 2991 513 3064 Ῥωμαίων
569 2991 775 3065 ἀρχὴν,
836 2989 1223 3063 προσθεμένων
1276 2986 1321 3043 δ’
1379 2990 1460 3044 ὅτι
1512 2990 1601 3044 καὶ
1659 2993 1693 3058 ἡ
1751 2989 1870 3065 σύγ-

217 3081 425 3149 κλητος
478 3080 639 3134 αὐτὸν
691 3079 984 3147 ἀσπάζεται
1033 3079 1119 3131 καὶ
1168 3078 1196 3132 ὁ
1227 3076 1512 3141 πολιτικὸς
1550 3073 1746 3152 ὄχλος,
1780 3079 1865 3132 καὶ

218 3168 653 3226 ἆπισπευδόντων
702 3170 775 3231 ὡς
823 3169 995 3243 τάχος
1045 3164 1398 3234 καταλαϐεῖν,
1434 3166 1762 3235 συνειδότος,
1800 3168 1872 3231 ὥς

222 3282 373 3337 φασι,
429 3260 521 3315 καὶ
578 3264 676 3314 τοῦ
733 3260 1078 3334 πατριάρχου
1118 3256 1398 3314 Νικολάου
1448 3258 1537 3312 καὶ
1578 3263 1698 3321 τοῖς
1742 3278 1873 3333 γρα-

220 3355 363 3426 φεῖσι
425 3345 881 3408 συνευδοκοῦντος
950 3345 1040 3401 διὰ
1112 3347 1174 3401 τὸ
1247 3349 1416 3419 μήπω
1472 3346 1566 3409 τὰς
1613 3344 1869 3416 διαθήκας

220 3435 577 3511 Ἀκεξάνδρου
609 3437 1020 3510 ἀναγνωσθῆναι
1077 3432 1219 3507 μηδὶ
1260 3442 1565 3509 γνωσθῆναι
1615 3435 1760 3506 αὐτῷ
1793 3436 1865 3495 ὡς

160 3548 173 3560 ·
220 3525 514 3600 ἐπίτροπος
562 3526 856 3600 γέγραπται
904 3524 995 3577 καὶ
1044 3523 1205 3584 αὐτὸς
1249 3522 1348 3578 τοῦ
1401 3522 1616 3594 παιδὸς,
1673 3525 1867 3595 Ἀρτα-

221 3610 425 3667 ϐάσδου
482 3614 621 3687 πρὸς
677 3617 839 3666 τοῦτο
892 3609 1316 3680 διακονησαντος
1370 3612 1459 3666 καὶ
1509 3612 1653 3688 παρὰ
1707 3616 1868 3666 τοῦτο

220 3704 442 3776 πρώτου
495 3707 603 3756 τῶν
660 3700 847 3775 ἱερέων
907 3703 1020 3773 (43)
1070 3704 1170 3764 τῆς
1220 3700 1481 3775 Μεγάλης
1540 3700 1870 3771 Ἐκκλησίας

226 3793 509 3864 μετέπειτα
563 3791 876 3863 γενομένου.
934 3790 1121 3862 Ιῐατῆρ
1201 3786 1245 3842 δ’
1307 3791 1335 3842 ὁ
1383 3784 1744 3863 Ἀρτοὶϐασδος
1802 3789 1867 3856 ἦν

224 3877 485 3953 Ἀνδρὲου
539 3883 638 3932 τοῦ
696 3878 783 3931 ἐπὶ
846 3881 1165 3954 ζωγραφικῇ
1219 3878 1386 3953 τέχνῃ
1437 3876 1777 3951 λάμψαντος.
1812 3879 1872 3935 Ὁ

220 3973 627 4031 Κωνσταντῖνος
674 3964 731 4020 δὶ
778 3966 866 4020 καὶ
916 3986 1180 4042 προτερον
1233 3968 1601 4042 ὀνειροπολῶν
1640 3968 1738 4036 τήν
1772 3969 1872 4042 βα-

224 4056 427 4112 σιλεέαν
478 4056 569 4111 καὶ
620 4054 708 4110 διὰ
757 4077 953 4116 παντος
1012 4055 1179 4124 αὐτῆς
1236 4056 1536 4133 ἐφιέμενος,
1587 4056 1676 4111 καὶ
1711 4054 1875 4128 pnas-

1977 1484 2139 1540 tinus
2172 1486 2380 1540 Leonis
2408 1485 2565 1541 ﬁlius
2597 1486 2910 1556 imperium
2944 1486 3096 1552 iniit,
3124 1486 3235 1541 sub
3267 1486 3341 1541 iis
3370 1501 3516 1556 quos
3548 1501 3632 1539 re.

1977 1574 2179 1629 censui
2214 1575 2508 1629 tutoribus
2542 1591 2555 1628 :
2590 1579 2645 1629 et
2678 1574 2950 1629 Nicolaus
2985 1576 3238 1629 maxime
3268 1573 3631 1643 patriarcha,

1977 1668 2179 1733 utpote
2230 1680 2382 1717 unus
2430 1668 2715 1729 tutorum,
2758 1664 2986 1718 clavum
3040 1663 3373 1734 reipublicae
3425 1661 3632 1716 tenuit.

1980 1752 2150 1805 Initio
2180 1752 2353 1821 hujus
2384 1752 2632 1822 imperii,
2658 1752 3076 1807 Constantinus
3098 1753 3288 1807 Ducas
3309 1751 3636 1806 Andronics

1979 1839 2159 1910 ﬁlius,
2187 1842 2546 1897 domesticus
2579 1842 2940 1907 scholarum,
2973 1848 3029 1896 et
3067 1841 3331 1897 maxima
3362 1841 3634 1913 praeditu-

1979 1930 2260 2001 polentia,
2285 1930 2609 1985 amicorum
2645 1948 2711 1985 ac
2743 1936 3125 2002 cognatorum
3160 1931 3215 1984 in
3252 1931 3395 1985 urbe
3424 1928 3634 1999 degeni

1980 2018 2127 2072 tium
2163 2018 2373 2073 litteris
2406 2021 2475 2073 ad
2510 2020 2904 2074 invadendum
2946 2019 3260 2090 imperium
3295 2019 3647 2089 instigatur.

1979 2107 2323 2162 Scribebant
2352 2109 2530 2174 enim,
2557 2108 2745 2178 capite
2778 2125 2970 2164 carere
3012 2108 3349 2180 imperium,
3383 2123 3449 2162 ac
3482 2106 3631 2161 male

1981 2197 2126 2267 geri,
2160 2201 2217 2250 et
2250 2197 2306 2250 in
2340 2214 2571 2253 summo
2614 2198 2835 2253 versari
2880 2197 3221 2253 discrimine
3254 2213 3265 2251 :
3320 2196 3637 2268 ipsumque

1982 2290 2048 2338 ut
2070 2284 2367 2339 hominem
2390 2288 2694 2341 cordatum
2717 2292 2893 2357 atque
2914 2288 3215 2353 fortem,et
3235 2285 3425 2341 solum
3450 2283 3631 2340 nobili

1986 2373 2374 2428 Romanorum
2408 2375 2657 2445 imperio
2688 2375 3157 2429 administrando
3188 2378 3413 2444 aptum,
3438 2390 3631 2428 accer-

1983 2462 2191 2515 sebant
2224 2463 2654 2533 addebantque,
2680 2463 2913 2532 probari
2955 2478 3089 2517 eum
3131 2462 3358 2517 senatui
3389 2466 3445 2515 et
3475 2461 3631 2515 civili

1984 2550 2347 2605 multitudini
2368 2557 2451 2606 :et
2468 2551 2944 2617 hortabantur,ut
2967 2552 3168 2606 urbem
3191 2550 3630 2621 quamprimum

1984 2645 2314 2710 occuparet.
2357 2640 2593 2705 Ferunt,
2629 2642 2928 2696 conscium
2978 2641 3188 2695 horum
3240 2657 3364 2709 qum
3412 2639 3631 2695 scribe-

1983 2730 2198 2783 bantur
2226 2730 2794 2799 approhatoremque
2838 2729 3022 2784 fuisse
3050 2728 3352 2784 Nicolaum
3386 2728 3632 2800 patriar-

1979 2818 2148 2871 cham
2200 2818 2441 2888 (quippe
2490 2818 2750 2872 nondum
2804 2818 3043 2873 recitato
3104 2818 3403 2873 Alexandri
3454 2822 3632 2873 testa-

1982 2910 2196 2971 mento,
2232 2923 2292 2961 se
2323 2906 2477 2961 inter
2518 2911 2743 2962 tutores
2774 2907 3095 2977 ascriptum
3127 2923 3256 2962 esse
3304 2906 3629 2963 etiamnum

1980 2995 2368 3065 ignorantem)
2401 3011 2695 3067 usumque
2737 2996 2847 3051 hac
2880 2996 2936 3050 in
2988 3012 3049 3050 re
3092 2995 3418 3051 ministerio
3450 2997 3628 3049 Arta-

1982 3083 2171 3149 basdi,
2205 3084 2303 3153 qui
2357 3092 2517 3154 paler
2560 3084 2669 3137 fuit
2722 3088 2961 3139 Andreas
3015 3084 3227 3139 nobilis
3278 3084 3535 3156 pictoris,
3570 3087 3629 3138 et

1980 3172 2110 3226 ideo
2144 3173 2294 3227 279
2334 3173 2558 3242 primus
2580 3174 2948 3228 sacerdotum
2974 3175 3162 3245 Magni
3185 3173 3410 3243 Templi
3440 3172 3627 3229 factus

1981 3265 2090 3316 est.
2124 3263 2194 3314 At
2223 3261 2662 3329 Constantinus,
2688 3262 2787 3331 qui
2815 3263 2939 3331 jam
2964 3268 3098 3317 ante
3128 3263 3442 3334 imperium
3475 3278 3628 3318 som-

1982 3349 2172 3404 niaret
2204 3365 2554 3419 summoque
2600 3349 2657 3403 id
2710 3351 2901 3406 studio
2929 3350 3243 3415 affectarat,
3267 3366 3457 3421 neque
3505 3350 3630 3405 ani-

1983 3454 2141 3492 mum
2179 3439 2250 3493 ab
2283 3455 2350 3492 ea
2380 3455 2523 3492 cura
2569 3454 2831 3508 unquam
2881 3438 2994 3493 alio
3036 3438 3386 3502 deflecteret,
3419 3439 3630 3493 litteris

1981 3528 2235 3598 acceptis
2268 3528 2466 3582 statim
2494 3527 2762 3595 assentit,
2787 3532 2843 3582 et
2868 3525 3068 3598 Cpolin
3103 3526 3422 3593 contendit,
3446 3527 3628 3597 stipa-

1980 3619 2076 3669 tus
2110 3616 2363 3669 militum
2413 3616 2683 3677 delectis;
2716 3620 2890 3686 atque
2926 3616 3279 3685 intempesta
3310 3620 3479 3669 nocte
3527 3630 3630 3685 per

1981 3708 2204 3777 portam
2227 3703 2486 3759 Michaeli
2507 3704 2931 3775 protovestiarii
2956 3704 3282 3774 ingressus,
3298 3720 3422 3772 quae
3438 3703 3629 3759 vicina

1981 3800 2106 3849 erat
2150 3793 2289 3857 arci,
2322 3794 2381 3847 in
2433 3794 2675 3848 domum
2716 3792 2983 3863 magistri
3033 3793 3299 3865 Gregorii:
3348 3793 3626 3859 Iberitzze,

1982 3882 2166 3938 soceri
2221 3882 2336 3948 sui,
2369 3899 2431 3937 se
2477 3882 2717 3949 confert,
2770 3882 2970 3952 ibique
3027 3885 3345 3951 pernoctat.
3396 3882 3627 3937 Nicetes

1983 3988 2153 4042 porro
2195 3971 2546 4026 secretarius
2578 3970 2747 4025 Ducas
2799 3971 3049 4025 adventu
3099 3970 3352 4042 cognito,
3387 3970 3631 4042 patricio

1984 4060 2364 4117 Constantino
2396 4059 2629 4113 Eladicc
2664 4060 2949 4114 monacho
2976 4060 3175 4114 statim
3208 4060 3448 4128 indicat,
3473 4076 3632 4115 eum-

224 4166 358 4200 ποτε
390 4144 595 4201 ἄλλοσέ
643 4166 743 4213 πη,
802 4143 929 4199 ἀλλ’
986 4142 1021 4212 ἤ
1081 4146 1216 4219 πρὸς
1273 4147 1371 4213 τήν
1404 4144 1660 4214 τοιαύτην
1697 4144 1869 4218 ὄρεξιν

1983 4166 2094 4220 que
2125 4164 2189 4202 eo
2221 4149 2329 4202 hac
2377 4148 2504 4218 ipsa
2545 4154 2713 4202 nocte
2758 4149 2827 4202 ad
2877 4152 3092 4203 Ducam
3125 4148 3301 4203 venit.
3338 4148 3403 4201 Hi
3436 4149 3630 4220 prius-

224 4234 596 4307 τετραμμὲνον
656 4228 801 4307 ἔχων
867 4233 955 4286 τὸν
1034 4238 1182 4303 νοῦν,
1242 4231 1527 4305 δεξάμενος
1576 4233 1643 4287 τὰ
1690 4233 1868 4307 γράμρ

232 4345 371 4396 ματα
444 4323 585 4397 ταχύ
640 4343 699 4377 τε
770 4321 991 4391 ἐπείσθη
1050 4322 1141 4376 καὶ
1220 4322 1360 4396 ταχὺ
1447 4324 1546 4390 τὴν
1617 4320 1872 4397 βασιλίδα

222 4408 538 4481 κατέλαϐεν,
598 4413 894 4483 ἑπομένους
968 4410 1120 4485 ἔχων
1186 4410 1312 4472 τοὺς
1372 4432 1479 4464 των
1536 4412 1870 4484 στρατευμά-

225 4523 325 4555 των
382 4499 681 4576 ὶκκρίτους.
726 4501 819 4553 Καὶ
881 4504 991 4558 τῶν
1047 4503 1253 4554 νυκτῶν
1304 4499 1441 4575 ἀωρί
1504 4497 1591 4553 διὰ
1638 4497 1871 4560 πυλίδος

230 4587 478 4644 εἰσελθὼν
515 4593 613 4643 τοῦ
670 4583 1175 4663 πρωτοϐεστιαρίου
1226 4587 1479 4663 Μιχαὴλ,
1514 4586 1749 4657 πλησίον
1784 4586 1872 4641 οὕ-

233 4699 327 4745 σης
380 4685 476 4746 τῆς
536 4675 915 4751 ἀκροπόλεως,
974 4676 1026 4730 ἐν
1106 4682 1185 4748 τῷ
1237 4673 1375 4748 οἷ’νῳ
1421 4681 1518 4730 τοῦ
1578 4674 1874 4751 μαγίστρου

235 4774 478 4842 Γρηγορᾶ
529 4772 627 4822 τοῦ
688 4763 967 4840 Ἰϐηρίτζη
1050 4768 1327 4841 (πενθερὸς
1415 4765 1472 4820 δὲ
1522 4768 1549 4820 ὁ
1599 4772 1877 4841 Γρηγορᾶς

232 4861 330 4911 τοῦ
387 4857 803 4929 Κωνσταντίνου)
856 4858 1201 4931 παρεγένετο,
1252 4854 1302 4910 ἐν
1361 4859 1397 4924 ἦ
1460 4853 1873 4930 διανυκτερεύων

235 4944 367 5017 μετᾶ
416 4949 519 4999 τῶν
579 4945 669 4998 σὺν
723 4945 870 5015 αὐτῷ
922 4942 1172 5001 διετέλει.
1236 4947 1471 5014 Νικήτας
1514 4941 1571 4998 δὲ
1628 4945 1877 5019 ἀσηκρῆ-

231 5055 310 5095 τις
366 5036 466 5102 τὴν
513 5030 719 5089 ἕλετσιν
798 5034 1119 5106 αἰσθόμενος
1192 5037 1287 5087 τοῦ
1345 5034 1748 5089 Κωνσταντίνου
1801 5039 1880 5105 τῷ

234 5121 502 5195 πατρικίῳ
589 5124 985 5195 Κωνσταντίνῳ
1057 5128 1137 5194 τῷ
1216 5121 1486 5194 Ἐλαδικῷ
1554 5124 1877 5197 τυγχάνοντι

239 5216 452 5284 μοναχῷ
535 5213 728 5266 θᾶττον
818 5210 1072 5284 ἐμήνυσε,
1134 5212 1221 5267 καὶ
1310 5211 1668 5287 παρειληφὼς
1718 5212 1876 5266 αὐτὸν

1981 4254 2158 4309 quam
2183 4237 2309 4291 dies
2339 4236 2874 4299 illucesceret,cum
2900 4236 3125 4291 facibus
3147 4241 3202 4290 et
3226 4253 3436 4307 magna
3459 4238 3635 4291 turba

1982 4330 2206 4398 portam
2260 4324 2408 4379 Circi
2456 4329 2765 4396 occupant,
2794 4328 2850 4378 et
2878 4324 3327 4380 Constantinum
3377 4324 3635 4396 impera-

1982 4419 2166 4469 torem
2190 4413 2399 4467 faustis
2421 4413 2947 4467 acclamationibus
2972 4412 3252 4467 salutant.
3269 4413 3410 4468 Cum
3442 4420 3637 4470 autem

1985 4502 2084 4574 qui
2119 4502 2274 4556 intus
2308 4506 2495 4567 erant,
2528 4506 2753 4571 portam
2788 4518 2902 4555 non
2937 4505 3264 4557 reserarent
3292 4502 3638 4574 fortiterque

1983 4590 2345 4653 resisterent,
2370 4589 2734 4645 Constantini
2776 4593 3184 4661 protostrator,
3219 4591 3409 4646 audax
3441 4593 3636 4661 homo,

1985 4680 2125 4734 dum
2168 4679 2660 4733 inconsideratius
2692 4683 2916 4750 portam
2970 4678 3195 4749 aperire
3248 4679 3503 4745 molitur,
3537 4697 3639 4751 per

1987 4769 2439 4824 commissuram
2465 4766 2674 4821 torium
2696 4766 2897 4821 lancea
2915 4784 2946 4822 a
2965 4768 3215 4837 quodam
3240 4768 3393 4823 ictus
3410 4784 3642 4825 occum-

1987 4859 2089 4911 bit.
2115 4856 2537 4912 Constantinus
2566 4857 2699 4911 inde
2732 4855 2959 4927 pulsus,
2984 4861 3181 4911 tamen
3214 4857 3445 4928 imperii
3479 4859 3642 4931 cupi-

1988 4947 2166 5002 ditate
2197 4946 2416 5009 ebrius,
2442 4960 2629 5015 neque
2662 4962 2814 5000 sanes
2838 4946 3084 5001 rationis
3118 4961 3381 5016 compos,
3407 4947 3542 5003 inde
3567 4949 3639 5003 ad

1988 5036 2217 5090 Circum
2237 5034 2445 5105 pergit,
2473 5033 2616 5087 nihil
2633 5051 2665 5087 a
2683 5034 3411 5091 sententiadimotusmalo
3442 5036 3642 5092 omine

1989 5124 2275 5178 interfecti
2302 5122 2761 5194 protostratoris.
2790 5123 2928 5177 Inde
2951 5123 3105 5178 280
3130 5125 3339 5181 faustis
3363 5125 3647 5182 acclama-

1989 5214 2254 5268 tionibus
2301 5212 2791 5283 prosequentibus
2823 5210 3071 5268 Chalcen
3122 5219 3394 5287 occupat;
3429 5232 3648 5288 perque

1418 5354 1796 5409 XYLANDHI
1838 5354 1929 5408 ET
1966 5352 2184 5408 GOAHI
2223 5350 2453 5404 NOT/E.

304 5475 418 5561 (a3)
457 5474 855 5561 ῌρωτρϊερεύς,
896 5478 1010 5561 qui
1061 5483 1119 5561 et
1168 5482 1580 5561 πρωτοπαπᾶςκ
1609 5480 1731 5561 Βίγις
1778 5481 1887 5531 τῶν

237 5544 743 5623 ξρὲωνλὸπρῶτος
795 5544 1265 5623 archipresbytér
1321 5556 1437 5623 est,
1462 5555 1519 5606 et
1546 5544 1624 5604 Vin
1652 5550 1892 5623 rMagna

239 5618 492 5673 Ecclesia
527 5620 595 5673 ad
632 5626 902 5675 sanctum
944 5618 1161 5677 altaris
1188 5622 1441 5678 tribunal
1476 5623 1610 5694 (non
1646 5622 1727 5677 ita
1758 5618 1890 5677 ubi—

564 5749 827 5811 PATROL.
876 5754 987 5813 Ga.
1033 5752 1265 5815 CXXII.

258 5860 541 6165 is?

2002 5478 2137 5601 que)
2170 5476 2460 5531 secundas
2499 5491 2532 5527 a
2572 5474 2905 5545 patriarcha
2951 5478 3196 5535 obtinet.
3227 5481 3505 5539 Codin'is.
3538 5483 3647 5537 Eu-

2003 5550 2111 5601 cho
2140 5549 2359 5601 ouium.
2391 5551 2567 5601 (toan.

2003 5550 2359 5620 chologium.
2391 5551 2567 5601 (toan.
