4026 6210
285 331 355 389 ιι
758 290 761 295 λ
1642 319 1928 381 GEOBGI

2043 319 2345 381 :EDRENI
3620 328 3697 386 12

281 474 411 515 eam
455 456 760 527 ingressus
809 467 996 524 usque
1028 451 1098 508 ad
1133 448 1539 506 excubitorum
1589 449 1927 521 stationem,

2043 449 2179 504 κατά
2207 451 2309 519 τήν
2341 450 2506 521 αὐτὴν
2548 450 2716 507 νύκτα
2766 447 3133 530 πεφοιτήκασι
3184 454 3322 528 πρὸς
3378 455 3469 509 τὸν
3499 460 3696 515 Δοῦκα.

284 545 694 618 proﬁciscitur.
749 543 986 597 Interim
1044 541 1304 597 Joannes
1359 539 1571 594 Eladas
1631 539 1933 611 magister,

284 652 437 689 unus
462 637 823 691 curatorum.
848 630 1089 685 delectis
1114 633 1399 701 quantum
1425 627 1652 683 occasio
1676 626 1936 698 patieba-

282 730 380 778 tur
410 721 733 792 remigibus
767 736 831 774 ac
865 718 1298 783 sodalitatibus,
1324 716 1515 786 iisque
1538 720 1600 770 ut
1631 731 1793 770 arma
1813 715 1934 769 cui-

284 829 395 883 que
429 812 546 866 fors
596 809 874 865 offerebat
907 805 1232 869 instructis,
1267 805 1374 859 hos
1424 809 1589 858 Ducas
1633 819 1936 858 occurrere

273 902 465 972 jubet.
487 899 531 955 Ii
554 914 687 953 cum
711 897 885 952 Ducas
910 895 1202 949 militibus
1226 909 1462 947 manum
1489 894 1934 961 conseruerunt,

282 995 338 1044 ct
372 1004 585 1060 magna
616 986 893 1057 utrinque
915 985 1099 1039 caedes
1126 983 1281 1037 facta
1310 986 1417 1037 est.
1441 981 1727 1037 Occubuit
1756 980 1932 1036 etiam

282 1080 569 1150 Gregoras
609 1076 778 1131 Ducis
820 1073 1000 1140 filius,
1033 1076 1090 1127 et
1120 1070 1436 1126 Michaelus
1468 1076 1752 1143 cognatus
1783 1071 1933 1140 ejus,

281 1173 336 1221 ct
380 1165 668 1222 Curticius
698 1162 1033 1219 Armenius.
1066 1162 1188 1225 Quo
1219 1177 1361 1215 casu
1410 1177 1524 1215 non
1572 1159 1776 1214 leviter
1806 1175 1934 1229 per-

283 1257 554 1311 turbatus
607 1258 820 1323 Ducas,
868 1267 1009 1307 suos
1048 1238 1142 1304 "uti
1202 1248 1596 1317 conﬁrmaret,
1645 1248 1934 1303 concitato

283 1361 430 1416 equo
463 1344 534 1399 ad
569 1342 789 1412 primos
821 1339 1123 1395 contendit
1153 1355 1165 1392 :
1201 1339 1301 1393 sed
1334 1353 1480 1406 equo
1512 1337 1570 1391 in
1601 1336 1820 1392 tabulis
1853 1336 1933 1390 la-

280 1432 491 1504 pideis,
522 1430 742 1501 quibus
775 1428 872 1483 ille
902 1428 1067 1483 locus
1112 1431 1237 1482 erat
1285 1430 1642 1491 constratus,
1675 1424 1932 1496 collapso

281 1535 593 1576 excussum
628 1518 866 1590 quidam
901 1518 961 1572 in
993 1521 1149 1572 terra
1180 1516 1475 1586 jacentem
1507 1518 1565 1569 et
1594 1531 1626 1567 ιι
1660 1515 1808 1584 suis,
1832 1514 1931 1583 qui

282 1613 417 1682 fuga
448 1623 652 1665 omnes
683 1607 955 1679 dissipati
986 1609 1173 1675 erant,
1207 1605 1506 1659 desertum
1538 1618 1803 1671 cernens,
1834 1618 1929 1659 ca-

281 1702 383 1770 put
415 1698 465 1752 ei
498 1697 690 1770 gladio
713 1699 1001 1768 amputat,
1030 1695 1206 1765 idque
1236 1693 1406 1748 celeri
1437 1710 1611 1748 cursu
1645 1692 1714 1747 ad
1746 1691 1931 1763 impe-

280 1791 535 1843 ratorem
557 1784 1010 1842 Constantinum
1043 1784 1229 1837 affert.
1264 1782 1429 1837 Hunc
1460 1782 1629 1836 Duce
1662 1781 1928 1836 futurum

280 1877 501 1931 exitum
536 1876 709 1930 etiam
745 1873 893 1929 alias
930 1871 1338 1927 intellexerant
1382 1874 1624 1925 tutores.
1658 1870 1933 1926 Nicolaus

281 1964 435 2019 enim
458 1964 695 2034 quidam
718 1960 1071 2034 publicanus
1088 1958 1386 2031 vectigalis
1406 1958 1934 2025 Chaldiensis,cum

282 2051 531 2124 vectigal
581 2054 886 2122 acceptum
918 2049 1245 2104 decoxisset
1275 2063 1464 2118 neque
1508 2047 1750 2102 haberet
1781 2049 1935 2103 unde

286 2141 519 2214 publico
552 2140 919 2195 satisfaceret
960 2137 1182 2207 aerario,
1214 2138 1274 2191 in
1303 2137 1527 2209 Syriam
1573 2136 1931 2208 profugerat,

287 2235 342 2285 et
373 2233 578 2285 nostra
600 2229 827 2299 ejurata
857 2225 1137 2297 religione
1163 2224 1488 2297 astrologiae
1511 2242 1571 2280 se
1591 2226 1850 2280 dederat.
1880 2228 1934 2283 Is

282 2318 343 2372 in
376 2317 543 2389 nigro
565 2316 745 2371 linteo
769 2315 996 2370 litteras
1019 2315 1091 2369 ad
1113 2314 1395 2369 Thomam
1418 2313 1771 2385 logothetam
1797 2315 1933 2371 scri-

1963 1829 2010 1892 B

2045 538 2257 607 Βουλὴν
2320 538 2375 594 δὶ
2432 542 2824 614 ποιησάμενοι,
2888 544 3055 615 μήπω
3111 549 3211 611 τῆς
3267 544 3477 619 ἡμέρας
3533 565 3693 600 κατα-

2046 625 2393 699 λαμπούσης,
2456 631 2591 702 μετᾶ
2649 627 2954 703 λαμπάδων
3019 630 3108 685 καὶ
3170 629 3307 686 λαοῦ
3359 632 3575 688 πολλοῦ
3606 634 3697 690 καί

2047 714 2223 791 ὄχλου
2270 719 2368 786 τὴν
2400 722 2495 773 τοῦ
2540 716 2891 793 ἱπποδρόμου
2941 718 3122 791 πύλην
3183 718 3692 795 καταλαμϐάνοντες

2048 808 2447 861 Κωνσταντῖνον
2532 808 2880 882 ἀνευφήμουν
2964 808 3355 882 αὐτοκράτορα.
3437 817 3555 865 Τῶν
3635 810 3693 867 δὲ

2045 888 2193 948 ἔνδον
2266 896 2524 957 εὐσθενῶς
2580 897 2961 973 ἀντεχομένων
3034 898 3122 952 καὶ
3198 900 3271 971 μὴ
3335 898 3692 975 ἀνοιγνύντων

2042 984 2138 1038 τὰ)
2220 982 2417 1055 πύλας,
2499 987 2526 1040 6
2593 991 2691 1040 τοῦ
2748 988 3154 1043 Κωνσταντίνου
3238 990 3697 1065 πρωτοστράτωρ,

2046 1072 2127 1126 ἐπ’
2167 1070 2360 1148 ἀνδρίᾳ
2414 1075 2554 1148 μέγα
2605 1096 2817 1152 φρονων
2875 1077 2963 1130 καὶ
3029 1077 3333 1152 βιαιότερον
3394 1078 3429 1145 ἢ
3482 1077 3692 1149 μᾶλλον

2045 1163 2213 1215 εἷ’πεῖν
2270 1162 2622 1237 ἀτακτότερον
2691 1168 2759 1237 τῇ
2817 1164 3012 1235 ἀνοίξει
3064 1166 3361 1240 ἰπιχειρῶν
3420 1172 3526 1220 τῶν
3582 1187 3685 1221 πυ-

2045 1249 2182 1320 λῶν,
2223 1248 2546 1325 λογχεύεται
2594 1254 2742 1327 παρά
2788 1274 2937 1315 τινος
2989 1258 3094 1308 τῶν
3150 1252 3276 1308 εἷ’σω
3328 1252 3415 1309 διὰ
3462 1262 3562 1324 τῆς
3595 1257 3690 1330 ἀρ-

2047 1338 2221 1412 μογῆς
2268 1344 2375 1393 τῶν
2435 1341 2632 1411 θυρῶν.
2667 1341 2764 1395 Καὶ
2824 1344 3046 1411 θνήσκει
3105 1343 3197 1414 μὶν
3260 1343 3416 1407 οὗτος
3454 1344 3631 1413 εὐθυς,
3664 1345 3691 1398 6

2045 1433 2445 1489 Κωνσταντῖνος
2505 1426 2563 1482 δὶ
2619 1428 3011 1503 ἀποκρουσθεὶς
3072 1430 3269 1494 ἐκεῖθεν
3324 1432 3414 1486 καὶ
3472 1437 3550 1503 τῷ
3592 1440 3691 1503 τῆς

2047 1512 2322 1588 βασιλείας
2371 1512 2531 1587 ἔρωτι
2575 1517 2661 1571 οἶα
2715 1538 2820 1572 τινι
2874 1529 3008 1591 μεθῃ
3064 1517 3301 1594 κάτοχος
3362 1518 3433 1573 ὢν
3486 1521 3685 1593 καὶμὴ

2040 1605 2377 1665 καθεστῶτας
2408 1601 2549 1680 ἔχων
2607 1605 2734 1668 τοὺς
2793 1605 3112 1682 λογισμοὺς,
3172 1605 3301 1683 ἄρας
3360 1609 3558 1663 ἰκεῖθεν
3611 1610 3689 1672 εἰς

2038 1693 2099 1746 τὸ
2134 1688 2499 1768 ἱπποδρόμιον
2538 1696 2884 1770 παραγίνεται
2932 1698 3081 1767 (44)ς
3135 1698 3299 1750 κακὸν
3349 1698 3541 1752 οἱωνὸν
3586 1699 3684 1767 τὴν

2037 1784 2133 1835 τοῦ
2180 1781 2661 1857 πρωτοστράτορος
2728 1781 2870 1857 ἔχων
2948 1786 3179 1859 σφαγὴν,
3259 1783 3409 1857 ὅμως
3469 1783 3526 1839 δὲ
3582 1791 3688 1840 τῶν

2044 1867 2382 1943 δεδογμένων
2443 1870 2540 1924 οὐκ
2591 1870 2969 1948 ἀφιστάμενος.
3035 1876 3094 1945 [Ρ
3123 1876 3252 1945 610]
3313 1873 3543 1937 Ἐκεῖθεν
3597 1874 3687 1929 οῦν

2045 1959 2466 2033 εὐφημούμενος
2524 1955 2789 2015 κατέλαϐε
2828 1962 2926 2030 τὴν
2986 1960 3289 2035 λεγομένην
3326 1963 3571 2034 Χαλκῆν,
3598 1964 3688 2017 καὶ

2047 2046 2112 2101 δι’
2157 2049 2326 2117 αὐτῆς
2385 2048 2639 2103 εἰσελθὼν
2702 2046 2923 2125 ἔφθασεν
2986 2046 3117 2125 ἄχρι
3174 2055 3280 2105 τῶν
3337 2049 3683 2122 ἐξκουϐίτων.

2043 2138 2098 2190 Ὀ
2130 2135 2187 2191 δὲ
2237 2138 2531 2211 μάγιστρος
2593 2138 2847 2209 Ἰωάννης
2906 2139 2933 2192 ὁ
2994 2136 3249 2207 Ἐλαδᾶς,
3284 2142 3359 2201 εἷς
3415 2140 3678 2215 ύπάρχων

2040 2232 2147 2280 τῶν
2195 2227 2524 2301 ἐπιτρόπων,
2585 2225 2820 2302 ἐκλογὴν
2883 2228 2955 2289 ὡς
3014 2229 3040 2283 6
3100 2229 3286 2302 καιρὸς
3337 2227 3517 2284 ἐδίδου
3573 2234 3678 2284 τῶν

2042 2315 2247 2370 έλατῶν
2309 2318 2422 2389 (45)
2478 2317 2565 2369 καὶ
2636 2321 2741 2370 τῶν
2808 2317 3085 2392 ἑταιρειῶν
3148 2317 3543 2391 ποιησάμενος,
3592 2318 3681 2373 καὶ

280 2410 412 2478 ptas
445 2406 703 2472 miserat,
730 2421 857 2476 qua:
887 2403 1067 2459 linteo
1090 2420 1244 2476 aqua
1275 2403 1420 2459 281
1459 2402 1616 2458 eluto
1650 2421 1927 2476 apparue-

2043 2402 2370 2467 καθοπλίσας
2429 2400 2579 2468 ὅπως
2650 2406 2781 2459 ποτὶ
2841 2402 3061 2468 ἕκαστος
3109 2407 3349 2480 ἅρματος
3408 2410 3515 2480 (46)
3575 2407 3681 2476 ηὐ-

280 2498 435 2561 runt,
469 2495 621 2549 hanc
665 2494 1029 2549 continentes
1064 2494 1411 2548 sententiam
1450 2509 1462 2547 :
1493 2513 1518 2542 ε
1552 2492 1736 2547 Nolite
1764 2493 1927 2548 vobis

2043 2495 2214 2569 πόρει,
2275 2494 2559 2550 ἀπέστειλε
2612 2496 2746 2550 κατὰ
2791 2501 2885 2550 τοῦ
2918 2497 3093 2551 Δούκα
3125 2516 3137 2529 ·
3201 2496 3397 2560 οἷίτινες
3445 2496 3678 2576 φθάσαν-

277 2588 538 2640 metuere
565 2600 598 2638 a
626 2582 756 2638 rufa
804 2597 905 2637 ave
952 2582 1109 2636 Duca
1144 2598 1157 2635 :
1189 2581 1369 2636 stulte
1400 2580 1553 2635 enim
1608 2596 1700 2635 res
1750 2598 1927 2636 novas

2043 2603 2121 2643 τες
2176 2581 2304 2647 τοὺς
2359 2586 2478 2661 περὶ
2561 2584 2719 2639 αὐτὸν
2789 2584 3212 2658 σνμπλέκονται,
3296 2586 3386 2641 καὶ
3473 2586 3678 2662 γίνεται

278 2671 569 2741 molietur,
603 2674 660 2726 et
690 2670 887 2725 statim
923 2669 1157 2741 peribit.
1187 2691 1208 2717 ι)

2043 2671 2197 2745 φόνος
2243 2672 2417 2734 πολὺς
2474 2674 2820 2747 ἑκατέρωθεν.
2882 2676 3078 2730 Ἒπεσε
3135 2672 3193 2728 δὲ
3248 2674 3337 2729 καὶ
3396 2682 3676 2750 Γρηγορᾶς

276 2762 426 2814 ὁτοῦ
458 2758 662 2820 Δουκὸς
712 2758 849 2831 υίὸς,
903 2757 993 2811 καὶ
1047 2755 1285 2832 Μιχαὴλ
1351 2756 1377 2809 6
1427 2754 1646 2828 ἀνεψιὸς
1702 2753 1889 2826 αὐτοῦ,
1916 2759 2007 2813 καὶ
2052 2761 2371 2837 Κουρτίκιος
2429 2764 2456 2818 6
2513 2764 2823 2837 Ἀρμένιος.
2873 2768 3051 2817 Ταῦτα
3094 2768 3344 2839 ταραχῆς
3379 2764 3444 2818 οὐ
3482 2770 3676 2837 μικρᾶς

275 2848 366 2902 τὸν
428 2850 829 2905 Κωνσταντῖνον
887 2843 1265 2918 ἐμπίμπλησι.
1320 2842 1575 2898 Σπεύδων
1658 2843 1746 2898 οὖν
1804 2845 2103 2923 ἐπιρρῶσαι
2174 2852 2236 2905 τὸ
2289 2852 2479 2906 ἑαυτοῦ
2543 2851 2730 2927 μέρος,
2788 2854 2879 2908 τὸν
2930 2850 3102 2907 ἵππον
3157 2851 3352 2915 ἐλάσας
3411 2855 3673 2929 ἠπείγετο

280 2936 545 3019 συμμίξαι
598 2930 1101 3019 τοῖςῗὲμπροσθεν.
1161 2935 1221 2990 Ὁ
1274 2930 1319 2987 δ’
1383 2930 1553 2995 τίππος
1634 2939 1754 2995 ταῖς
1835 2933 2007 2991 ἐκεῖσε
2081 2937 2521 3015 ὑπεστρωμέναις
2575 2941 2978 3011 κατολισθήσας
3038 2939 3231 3011 πλαξὶν
3293 2941 3369 3004 εἰς
3424 2949 3523 3017 γῆν
3583 2942 3673 2995 τόν

277 3018 540 3094 ἐπιϐάτην
602 3018 895 3091 κατᾶϐπλε,
955 3022 1044 3077 καὶ
1099 3043 1182 3083 τις
1258 3022 1416 3076 αὐτὸν
1488 3020 1622 3076 κατά
1708 3029 1805 3098 γῆς
1867 3024 2195 3101 ἒῤῥιμμένον
2248 3030 2336 3083 καὶ
2400 3033 2785 3103 μεμονωμένον
2844 3024 3165 3083 καταλαϐὼν
3225 3030 3299 3102 (οἱ
3351 3030 3451 3103 γὰρ
3508 3028 3674 3084 ἄλλοι

280 3107 727 3180 διεσκεδάσθησαν
810 3107 1062 3177 ἅπαντες)
1115 3105 1250 3183 ξίφει
1308 3107 1405 3174 τὴν
1460 3105 1654 3161 τούτου
1712 3108 1945 3182 ἀπέτεμε
2002 3112 2243 3190 κεφαλὴν
2303 3113 2391 3168 καὶ
2455 3112 2731 3189 δρομαίως
2788 3119 2865 3186 τῷ
2924 3113 3133 3189 βασιλεὶ
3194 3114 3463 3188 ἀπήνεγκε
3522 3116 3675 3170 Κων-

277 3198 554 3271 σταντίνῳ.
612 3199 688 3254 Τὸ
744 3195 800 3251 δί
879 3194 1135 3267 τοιαύτην
1209 3194 1366 3249 αὐτὸν
1452 3193 1860 3270 καταλήψεσθαι
1942 3199 2117 3276 τύχην
2201 3204 2645 3277 προεσνωσμένον
2734 3203 2799 3271 ἦν
2882 3208 2996 3264 τοῖς
3070 3202 3387 3278 ἐπιτρόποις
3470 3202 3557 3257 καί
3627 3202 3678 3274 ἐξ

275 3288 456 3361 ἑτέρας
509 3286 705 3348 αἱτίας.
765 3283 1039 3347 Νικόλαός
1095 3304 1177 3347 τις
1264 3280 1619 3356 δημοσιώνης
1692 3290 1798 3341 τῶν
1880 3286 1930 3341 ἰν
2012 3288 2222 3361 Χαλδίᾳ
2297 3292 2407 3363 (Π)
2489 3290 2835 3365 εἰσπράξεων,
2892 3291 2987 3353 τὰς
3036 3291 3343 3353 συντελείας
3399 3312 3678 3346 κατασπα-

276 3378 444 3447 θήσας
470 3377 557 3431 καὶ
619 3377 693 3449 μή
758 3368 902 3449 ἔχων
963 3372 1080 3436 ὅθεν
1140 3370 1329 3444 ἀποδῷ
1367 3375 1427 3427 τὸ
1490 3371 1752 3446 δημόσιον
1813 3371 2062 3453 ὄφλημα,
2126 3378 2303 3456 φυγάσ
2360 3380 2435 3442 είς
2494 3381 2690 3455 Συρίαν
2741 3377 2943 3455 ᾤχετο,
3000 3380 3397 3454 ἐξομοσάμενος
3425 3381 3522 3448 τήν
3556 3382 3676 3435 καθ’

274 3468 424 3539 ἡμᾶς
484 3460 675 3534 εὐσεϐῆ
753 3462 1062 3539 θρησκείαν,
1122 3461 1211 3516 καὶ
1298 3461 1653 3537 ἀστρολογίας
1740 3465 2096 3523 ἀντεποιεῖτο.
2164 3468 2334 3529 Οὗτος
2422 3467 2472 3522 ἐν
2549 3468 2709 3543 ὀθὸνῃ
2796 3467 3027 3544 μελαίνῃ
3112 3469 3407 3545 γράμματα
3462 3468 3674 3543 γράψας

276 3554 602 3610 ἀπεστάλκει
653 3556 731 3625 τῷ
789 3549 1051 3627 λογοθέτῃ
1100 3556 1289 3625 Θωμᾷ,
1340 3551 1429 3605 καὶ
1486 3558 1585 3620 τῆς
1669 3552 1865 3624 ὀθόνης
1950 3556 2241 3632 ῥυιρθείσης
2322 3553 2390 3610 δι’
2472 3554 2663 3619 ὕδατος
2728 3559 2930 3636 φανερά
2972 3558 3039 3613 τὰ
3092 3559 3389 3632 γράμματα
3436 3557 3677 3633 γέγονεν.

274 3651 373 3700 Ἠν
405 3641 464 3697 δὲ
522 3644 549 3697 6
597 3646 716 3703 νοῦς
760 3645 868 3695 τῶν
924 3640 1317 3714 γεγραμμένων
1368 3645 1618 3702 τοιοῦτος
1652 3660 1664 3671 ·
1701 3666 1728 3693 ‹‹
1938 3641 2220 3720 φοϐηθῆτε
2276 3645 2381 3699 ἀπὸ
2428 3650 2523 3700 τοῦ
2580 3646 2787 3723 πυρροῦ
2836 3651 3085 3701 πετεινοῦ
3114 3650 3210 3701 τοῦ
3261 3646 3463 3710 Δουκός
3497 3665 3508 3676 ·
3543 3667 3679 3700 νεω-

272 3732 643 3806 τερισθήσεται
673 3729 773 3805 γὰρ
807 3728 1078 3803 ἀφρόνως,
1111 3728 1200 3782 καὶ
1230 3727 1426 3791 εὐθέως
1456 3728 1933 3804 ὀλοθρευθήσεται.
1968 3756 1997 3784 ››

347 3820 569 3875 Conatu
618 3820 793 3876 Ducas
842 3818 1000 3874 hunc
1051 3819 1267 3875 exitum
1319 3823 1511 3889 nacto,
1545 3820 1744 3875 statim
1789 3825 1924 3877 Gre-

2108 3822 2367 3877 Τοιοῦτον
2447 3819 2503 3876 δὲ
2573 3820 2733 3884 τέλος
2800 3817 3075 3891 λαϐούσης
3158 3829 3259 3892 τῆς
3309 3824 3679 3892 ἀποστάσεως,

278 3925 452 3981 goras
486 3907 785 3980 magister,
816 3907 985 3963 Duces
1036 3925 1223 3974 socer,
1255 3912 1311 3963 et
1349 3925 1482 3963 cum
1532 3925 1597 3964 eo
1648 3910 1928 3981 patricius

2043 3910 2338 3985 παραυνίκα
2377 3912 2469 3983 μὲν
2513 3912 2539 3966 6
2603 3913 2897 3987 μάγιστρος
2947 3913 3228 3987 Γγήγορᾶς
3276 3911 3364 3965 καὶ
3423 3912 3679 3987 πενθερὸς

281 3999 393 4053 Leo
424 3997 871 4069 Charosphaota
917 3997 989 4053 ad
1040 3992 1269 4068 Sophim
1318 3996 1600 4068 templum
1653 4000 1928 4072 profuge-

2043 4004 2131 4053 τοῦ
2165 4002 2365 4063 Δουκὸς
2400 4001 2534 4073 μετά
2592 4000 2820 4062 Λέοντος
2877 4000 3162 4074 πατρικίου
3219 4004 3314 4054 τοῦ
3370 4000 3679 4075 Χοιροσφά-

280 4090 437 4142 runt.
468 4086 575 4150 Qui
607 4103 640 4141 a
671 4086 964 4141 tutoribus
989 4086 1126 4140 inde
1158 4085 1403 4157 abrepti,
1425 4086 1539 4141 rasi
1570 4091 1625 4142 et
1656 4089 1929 4144 monachi

278 4175 337 4230 in
357 4174 550 4230 Studii
572 4174 997 4230 monasterium
1022 4175 1284 4230 conclusi
1310 4179 1463 4230 sunt.
1481 4175 1928 4234 Constantinum

277 4263 583 4319 Eladicum
614 4263 930 4335 patricium
979 4264 1155 4318 iidem
1207 4263 1399 4319 nervis
1448 4264 1676 4320 bovillis
1708 4266 1929 4337 prolixe

278 4369 495 4408 canum
528 4357 585 4408 et
617 4354 676 4407 in
704 4352 1007 4422 triumpho
1039 4368 1141 4423 per
1172 4352 1426 4407 mediam
1450 4353 1653 4407 urbem
1686 4355 1925 4411 ductum

274 4441 633 4497 monasterio
662 4441 979 4496 Dalmatico
1009 4440 1316 4495 inclusere.
1342 4442 1590 4496 Leonem
1616 4444 1923 4514 patricium

272 4530 683 4586 Catacalitzam
734 4535 789 4585 et
842 4530 1288 4585 Abessalomum
1346 4531 1654 4601 patricium
1710 4536 1925 4589 Arotrze

272 4620 461 4675 filium
477 4626 790 4676 excaecatos
812 4619 1621 4691 relegaruntﬂonstantinum
1637 4621 1835 4678 Eulam
1846 4625 1925 4695 pii

276 4707 484 4776 tilium,
513 4712 571 4764 et
602 4725 737 4763 cum
770 4724 835 4763 eo
867 4707 1034 4777 alios,
1060 4708 1400 4763 Pbilotheus
1425 4710 1588 4765 urbis
1620 4712 1926 4781 praefectus

268 4797 331 4851 in
364 4796 513 4853 Circi
544 4797 727 4853 funda
758 4796 945 4867 capite
979 4796 1283 4853 truncavit.
1313 4797 1545 4853 Nicetas
1577 4801 1925 4856 secretarius

2036 4109 2165 4143 κτου
2204 4094 2282 4161 τῷ
2331 4089 2459 4162 θείῳ
2505 4090 2715 4162 τεμένει
2764 4097 2865 4159 τῆς
2911 4094 3006 4144 τοῦ
3063 4093 3197 4145 Θεοῦ
3258 4090 3459 4165 Σοφίας
3508 4110 3677 4164 προσ-

2038 4176 2270 4253 έδραμον
2306 4198 2317 4210 ⁸
2384 4177 2474 4239 οὕς
2531 4179 2725 4232 ἐκεῖθεν
2804 4178 3209 4241 ἀποσπάσαντες
3288 4181 3338 4233 οἳ
3392 4178 3678 4255 ἰπίτροποι

2036 4267 2319 4341 ἀπέκειραν
2359 4266 2636 4343 μοναχοὺς
2669 4267 2719 4321 έν
2764 4272 2831 4342 τῇ
2871 4290 2977 4323 των
3032 4266 3294 4323 Στουδίου
3331 4272 3492 4341 μονῇ.
3528 4275 3675 4321 Κων·

2037 4363 2310 4411 παντῖνον
2343 4355 2399 4411 δὲ
2426 4358 2517 4411 τὸν
2579 4358 2858 4431 πατρίκιον
2914 4359 3004 4411 τὸν
3038 4356 3329 4411 Ἐλαδικὸν
3370 4355 3679 4431 βουνεύροις

2035 4444 2293 4518 τύψαντες
2351 4444 2585 4523 ἀφειδῶς
2640 4444 2730 4499 διὰ
2807 4445 2974 4518 μέσης
3041 4453 3140 4513 τῆς
3198 4445 3411 4505 πόλεως
3461 4444 3681 4517 ἐθριάμ-

2037 4530 2225 4589 ϐευσαν
2259 4536 2348 4589 καὶ
2398 4534 2448 4589 ἐν
2501 4539 2569 4608 τῇ
2628 4538 2768 4607 μονῇ
2825 4539 2931 4588 τῶν
2988 4531 3275 4605 Δαλμάτου
3333 4532 3676 4589 ἀπέκλεισαν.

2037 4624 2236 4678 Λέοντα
2268 4622 2323 4678 δὲ
2370 4623 2649 4698 πατρίκιον
2702 4623 2793 4677 τὸν
2835 4619 3242 4691 Κατακαλίτζην
3288 4642 3377 4675 και
3419 4617 3675 4677 Ἀϐεσσα-

2037 4714 2165 4786 λὼμ
2220 4714 2503 4787 πατρίκιον
2562 4714 2651 4768 τὸν
2704 4717 2800 4767 τοῦ
2856 4713 3089 4784 Ἀροτρᾶ
3147 4708 3587 4786 ἐκτυφλώσαντες
3624 4711 3675 4765 ἐν

2035 4802 2215 4878 έξορίᾳ
2272 4804 2652 4877 παρέπεμψαν.
2712 4805 3084 4856 Κωσταντῖνον
3161 4798 3217 4853 δὶ
3272 4799 3363 4853 τὸν
3418 4804 3516 4853 τοῦ
3574 4799 3678 4854 Εὐ-

1466 4938 1829 4997 XYLANDRI
1869 4944 1961 4999 ET
2001 4946 2216 5000 GOARI
2259 4945 2490 5002 NOT/E.

344 5054 457 5126 (44)
488 5055 662 5126 Atqui
692 5058 814 5112 erat
844 5055 996 5111 circo
1027 5054 1320 5124 exclusus,
1361 5057 1473 5112 nisi
1509 5058 1622 5113 alia
1652 5058 1919 5117 fortassis

274 5130 441 5197 porta
468 5126 719 5196 intrarit,
754 5132 856 5185 aut
885 5128 956 5184 de
1000 5126 1133 5199 alio,
1158 5130 1313 5198 quod
1345 5129 1615 5196 arbitror,
1651 5131 1800 5187 circo
1833 5134 1920 5187 lo—

274 5202 505 5253 auatur.
542 5198 674 5253 XYL.

314 5202 505 5252 uatur.
542 5198 674 5253 XYL.

272 5214 505 5269 quatur.
542 5214 674 5253 AYL.

344 5268 457 5342 (45)
489 5265 1013 5342 Πλωίμουςηῇεὼει
1059 5271 1332 5337 Zonaras,
1385 5272 1540 5341 quod
1603 5272 1756 5328 idem
1809 5280 1916 5342 est,

271 5339 462 5413 soeios
496 5339 751 5413 navales.
785 5341 919 5396 XYL.
944 5374 1011 5413 7-
1044 5342 1314 5413 Remiges
1369 5339 1484 5396 non
1532 5343 1785 5412 plebeios
1819 5339 1920 5400 aut

274 5411 658 5485 tumultuario
709 5412 889 5468 lectos
916 5412 1185 5485 (intelligi
1220 5411 1331 5466 non
1364 5411 1571 5483 opinor
1605 5433 1616 5469 :
1650 5422 1713 5469 ut
1762 5416 1918 5471 enim

271 5476 552 5554 ἑταιρεῖαι,
574 5486 643 5540 de
665 5486 880 5556 quibus
912 5476 1195 5556 loquitu'r,
1216 5476 1722 5553 confaderatorum
1753 5493 1918 5543 erant

269 5555 485 5629 eatacta
512 5555 734 5624 turmae,
768 5558 848 5612 ita
881 5562 938 5611 et
969 5555 1251 5629 remigum
1285 5556 1630 5629 dromonem
1662 5557 1916 5629 impera-

278 5626 421 5683 toris
465 5644 636 5701 agere
668 5634 1113 5697 consuetorum;
1164 5628 1232 5681 de
1278 5626 1495 5697 quibus
1524 5626 1824 5685 Constant.
1858 5630 1913 5684 in

2030 5064 2252 5132 Admin.
2309 5064 2444 5132 Imp.
2475 5077 2523 5114 c.
2558 5062 2915 5132 51.,Auctor
2964 5059 3113 5113 infra
3144 5076 3222 5132 _p.
3261 5060 3413 5132 615;
3562 5051 3677 5132 ἔχει

2030 5076 2252 5118 Λαΐηίη.
2309 5076 2444 5129 Imp.
2475 5077 2523 5114 Ο.
2558 5076 2648 5117 Ol.
2700 5076 2915 5115 Auctor
2964 5076 3113 5113 Intra
3162 5076 3222 5132 ρ.
3261 5076 3367 5114 ΟΠ)
3401 5076 3413 5113 ἶ
3450 5076 3513 5112 Et
3562 5077 3585 5109 ε
3633 5078 3667 5110 ει

2028 5131 2219 5205 ἄνδρας
2280 5130 2531 5205 έύειδεζς,
2595 5131 2683 5185 καὶ
2739 5131 3015 5205 γενναίους
3071 5129 3160 5183 καὶ
3216 5131 3314 5197 τὴν
3378 5076 3667 5203 βασιλικξν

2029 5202 2256 5278 ἐρέττειν
2290 5202 2630 5269 ἐπιτηδείους
2671 5202 2890 5275 τριήρη.
2930 5204 3110 5259 GOAR.

2100 5278 2212 5359 (46)
2240 5277 2519 5359 Ἅρματος
2569 5272 2732 5330 arma
2760 5272 2902 5330 verti
2941 5292 2952 5331 :
2988 5290 3177 5359 neque
3208 5272 3675 5359 enimhcurrﬁibus

2030 5343 2119 5402 usi
2150 5343 2322 5414 sunt,
2352 5343 2408 5405 et
2445 5350 2595 5403 hanc
2626 5363 2844 5413 vocem,
2881 5365 2996 5419 quo
3043 5343 3486 5419 modo_multas,
3520 5343 3675 5399 Gras-

2026 5436 2153 5474 cam
2189 5420 2341 5487 fecit,
2374 5426 2438 5475 ut
2468 5436 2646 5491 supra
2678 5415 2911 5490 quoque
2941 5417 3171 5491 monui.
3196 5415 3329 5491 Xvn.

2098 5493 2212 5561 (47)
2243 5491 2362 5546 Vox
2401 5486 2651 5547 obscura
2682 5486 2773 5563 fet,
2810 5486 2873 5546 ut
2904 5486 3264 5563 puto,‘fal‘sa.
3302 5488 3434 5563 Χῃ.
3467 5516 3534 5526 -—
3564 5490 3667 5541 Ar-

2029 5557 2230 5618 menia;
2264 5565 2450 5635 portio
2481 5570 2569 5621 est
2597 5560 2805 5618 Χαλδία
2834 5557 3034 5618 versus
3064 5558 3313 5630 Syriam.
3344 5557 3523 5612 Gonn.
