4026 6210
285 377 362 437 13

1455 364 1998 433 HISTORIABUM
2043 365 2413 427 COMPEND
2439 367 2607 431 lUM.

3636 376 3717 435 14

283 506 544 579 λαμπίου
590 508 681 560 καὶ
732 506 947 579 ἑτερους
991 500 1084 556 σὺν
1133 500 1278 572 αὖτῷ
1336 499 1605 563 Φιλόθεος
1670 500 1698 552 6
1774 494 1937 571 ἔπαρ-

2056 503 2112 553 et
2149 499 2573 555 Constantinus
2621 500 2855 556 Africus
2904 501 3007 557 diu
3056 519 3123 558 ac
3172 503 3428 560 multum
3476 506 3705 577 quaesiti

284 616 391 671 χος
438 598 555 665 (48)
609 593 659 647 ἐν
708 596 779 665 τῇ
840 590 1039 664 ἱππικῇ
1081 587 1341 664 σφενδόνῃ
1387 588 1642 660 ἀπέτεμε.
1703 587 1940 654 Νικήτας

284 684 346 739 δὲ
398 686 427 738 6
482 684 781 753 ἀηκρῆτις
834 680 928 735 καὶ
979 684 1385 739 Κωνσταντῖνος
1443 678 1471 730 6
1528 676 1680 749 Λὶψ,
1744 675 1936 748 καίπερ

290 772 716 843 ἀναζητηθέντες
764 768 971 838 πολλὰ,
1031 766 1137 842 οὐχ
1195 766 1513 841 εὑρέθησαν.
1566 766 1665 818 Τὸν
1718 762 1774 817 δὶ
1831 783 1935 816 πα.

290 863 493 937 τρίκιον
530 859 762 934 Δῖγίδην
793 860 883 912 τὸν
918 856 999 911 ἐπ’
1031 855 1221 932 ἀνδρίᾳ
1250 849 1604 926 περιϐόητον,
1637 855 1725 907 καί
1784 872 1935 912 τινας

293 952 381 1004 σὺν
441 950 590 1021 αὖτῷ
650 946 985 1023 στρατηγοὺς
1041 946 1142 999 οὐκ
1200 945 1444 1015 ἀσήμους
1483 989 1496 1011 ,
1558 942 1662 995 ὰπὸ
1723 949 1820 1010 τῆς
1882 940 1932 995 ἐν

285 1038 630 1113 Χρυσοπόλει
663 1034 952 1109 δαμάλεως
983 1036 1096 1107 (49)
1124 1035 1215 1086 καὶ
1269 1034 1436 1107 μέχρι
1484 1035 1580 1085 τοῦ
1622 1030 1793 1085 τόπου
1837 1034 1933 1084 τοῦ

282 1127 581 1203 λεγομένου
615 1126 945 1181 Λευκακτίου
978 1120 1428 1177 ἀνεσκολόπισαν.
1476 1120 1685 1176 Πολλοὶ
1737 1117 1793 1174 δὲ
1843 1119 1932 1173 καὶ

281 1216 448 1272 ἄλλοι
480 1214 879 1271 ἀπωλώλεισαν
906 1218 1015 1268 τῶν
1058 1211 1434 1287 συγκλητικῶν
1491 1211 1636 1281 παρὰ
1682 1213 1789 1263 τῶν
1842 1207 1935 1263 λε-

277 1306 525 1381 γομένων
607 1302 915 1375 ἐπιτρόπων
1003 1300 1248 1370 ἀνηλεῶς
1329 1320 1389 1353 τε
1470 1298 1561 1352 καὶ
1648 1298 1926 1367 ἀναιτίως,

280 1399 360 1469 [Ρ.
410 1397 540 1466 6H]
600 1392 649 1448 εἴ
712 1394 787 1465 μή
844 1411 987 1453 τινες
1054 1388 1560 1465 παῤῥησιασάμενοι
1616 1391 1723 1441 τῶν
1777 1383 1932 1441 δικα-

280 1490 417 1537 στῶν
476 1490 579 1552 τῆς
641 1479 829 1535 ἀδίκου
886 1482 1069 1552 ὁρμῆς
1128 1478 1497 1551 ἀνεχαίτισαν,
1546 1478 1797 1553 φάμενοι,
1858 1478 1931 1538 ὡς

280 1570 472 1633 παιδὸς
528 1568 678 1631 ὄντος
734 1574 834 1623 τοῦ
871 1567 1141 1642 βασιλέως
1170 1568 1259 1621 καὶ
1295 1568 1370 1638 μὴ
1413 1571 1667 1627 νοοῦντος
1716 1566 1783 1619 τὰ
1834 1587 1931 1619 πε-

279 1661 566 1735 πραγμένα
594 1665 715 1720 πῶς
742 1656 865 1711 ἄνευ
894 1664 997 1725 τῆς
1028 1656 1193 1709 αὐτοῦ
1224 1654 1525 1715 κελεύσεως
1579 1654 1822 1726 τολμᾶτε
1868 1656 1934 1708 τὰ

276 1756 501 1804 τοιαῦτα
534 1748 990 1822 διαπράττεσθαι;
1026 1747 1092 1802 Οἱ
1125 1742 1181 1799 δὲ
1220 1744 1505 1818 ἐπίτροποι
1554 1744 1644 1797 καὶ
1692 1745 1790 1812 τὴν
1837 1748 1932 1798 τοῦ

2050 588 2272 642 inventi
2323 604 2436 641 non
2488 594 2648 644 sunt.
2694 590 3007 645 Patricium
3054 592 3343 664 Egidam,
3392 594 3704 651 nobilitata:

2049 676 2417 732 fortitudinis
2446 678 2657 743 virum,
2682 686 2735 733 et
2761 678 2905 734 alios
2936 697 3069 735 cum
3102 697 3169 736 eo
3200 683 3379 738 duces
3410 682 3567 739 haud
3601 686 3703 740 ob-

2049 782 2275 833 scuros,
2301 783 2333 822 a
2364 767 2591 821 Damali
2622 768 2917 838 (buculam
2959 787 3068 825 vox
3108 776 3290 840 notat)
3323 772 3701 845 Chrysopoli-

2046 860 2187 911 tana
2210 874 2397 927 usque
2425 858 2495 911 ad
2528 856 2717 912 locum
2741 860 2833 913 cui
2859 860 3163 915 Leucactio
3187 861 3362 932 (quod
3389 862 3589 918 album
3614 863 3706 919 lit-

2043 951 2140 999 tus
2174 945 2419 1017 diceres)
2463 963 2671 1001 nomen
2726 953 2834 1010 est,
2869 948 3017 1019 palis
3071 950 3439 1006 suffixerunt.
3464 953 3613 1017 Quin
3648 956 3707 1008 et

2045 1034 2188 1089 alios
2216 1034 2433 1090 multos
2454 1036 2730 1091 senatorii
2751 1037 2975 1091 ordinis
2996 1038 3150 1093 viros
3169 1043 3393 1096 tutores
3416 1042 3511 1097 isti
3540 1042 3705 1098 inuo-

2044 1140 2184 1179 cuos
2217 1125 2531 1180 crudeliter
2560 1130 2726 1179 erant
2759 1126 3184 1198 interempturi,
3212 1130 3325 1185 nisi
3366 1132 3605 1201 quidam
3639 1149 3707 1187 ex

2038 1214 2342 1283 judicibus
2392 1215 2659 1269 libertate
2690 1215 2923 1270 dicendi
2973 1222 3216 1289 sumpta
3250 1234 3348 1275 eos
3380 1221 3451 1275 ab
3486 1220 3705 1290 injuste

2045 1307 2253 1357 conatu
2310 1304 2710 1369 retraxissent,
2748 1310 3080 1375 quaerentes
3122 1310 3417 1378 quomodo
3470 1309 3705 1380 injussu

2046 1392 2444 1463 imperatoris,
2470 1393 2621 1447 282
2656 1394 2752 1475 qui
2796 1410 2938 1464 puer
2969 1394 3160 1449 adhuc
3210 1397 3351 1468 quid
3404 1403 3709 1470 gereretur

2046 1496 2161 1533 non
2196 1480 2569 1552 intelligeret,
2603 1486 2764 1537 tanta
2812 1484 3093 1539 auderent
3143 1486 3349 1541 facere.
3383 1488 3427 1542 li
3480 1491 3703 1545 tutores

2045 1586 2285 1623 uxorem
2317 1586 2549 1640 quoque
2583 1572 2745 1625 Ducaa
2787 1577 3061 1627 raserunt
3106 1578 3163 1628 et
3210 1575 3453 1631 domum
3507 1594 3699 1647 suam,

2044 1675 2219 1728 quam
2254 1658 2310 1712 in
2346 1659 2743 1731 Paphlagonia
2774 1660 3043 1731 habebat,
3072 1662 3447 1732 dimiserunt,
3477 1664 3696 1720 tilium-

2044 1763 2157 1817 que
2187 1750 2315 1818 ejus
2348 1749 2713 1818 Stephanum
2746 1754 3167 1805 castraverunt.

275 1845 451 1895 Δοῦκα
481 1838 860 1911 ἀποκείραντες
887 1840 1113 1910 γυναῖκα
1142 1832 1217 1895 εἷς
1247 1833 1338 1887 τὸν
1373 1832 1423 1886 ἐν
1458 1837 1524 1906 τῇ
1588 1830 1938 1908 Πασλαγονίᾳ
1995 1834 2140 1887 οἶκον
2200 1835 2365 1904 αὐτῆς
2429 1834 2822 1905 ἐξαπέστειλαν.
2872 1838 3155 1911 Ἐξέτεμον
3186 1837 3243 1894 δέ
3281 1840 3371 1895 καὶ
3424 1840 3694 1916 Στέφανον

270 1932 361 1985 τὸν
393 1931 598 1996 ταύτης
624 1927 740 1981 υἱόν
751 1970 765 1982 .

355 2018 533 2076 Ἀλλὰ
561 2018 763 2072 τούτων
807 2015 944 2070 κατὰ
982 2016 1084 2083 τὴν
1134 2013 1297 2068 πόλιν
1346 2011 1732 2084 πραττομένων
1762 2059 1775 2083 ,
1829 2018 1934 2065 Συ-

2115 2014 2265 2069 Dum
2302 2019 2419 2070 hzec
2452 2016 2508 2069 in
2543 2016 2686 2070 urbe
2718 2022 3024 2087 geruntur,
3057 2019 3291 2075 interim
3324 2020 3519 2078 Simeo
3557 2020 3697 2077 Bul-

272 2109 416 2181 μεὼν
469 2110 498 2160 6
552 2104 891 2181 Βουλγαρίας
948 2101 1134 2177 ἄρχων
1192 2102 1325 2174 μετᾶ
1378 2100 1597 2177 βαρείας
1646 2098 1927 2173 δυνάμεως

272 2192 533 2263 εἰσϐολὴν
583 2195 720 2250 κατᾶ
765 2190 1052 2266 Ῥωμαίων
1108 2190 1427 2261 ἐποιήσατο,
1474 2191 1562 2244 καὶ
1608 2191 1707 2258 τὴν
1774 2191 1929 2264 βασι-

274 2285 399 2341 Λίδα
427 2285 635 2363 φθάσας
667 2284 882 2359 χάρακα
930 2276 1254 2359 πεφιέὄαλεν
1315 2280 1420 2333 ἀπό
1478 2300 1537 2333 τε
1596 2278 1926 2353 Βλαχερνῶν

271 2380 359 2431 καὶ
414 2376 582 2450 μέχρι
630 2382 732 2443 τῆς
781 2371 1089 2447 λεγομένης
1144 2376 1359 2444 Χρυσῆς
1401 2369 1631 2444 πόρτης,
1680 2369 1769 2423 καὶ
1834 2390 1927 2441 με·

270 2466 473 2540 τὲωρος
521 2465 590 2531 ἦν
640 2469 759 2525 ταῖς
809 2461 991 2517 ἐλπίσι
1055 2457 1255 2535 ῥᾳδίως
1302 2458 1502 2527 ταύτην
1561 2457 1701 2512 ἐλεῖν
1752 2464 1924 2512 Κατα-

279 2556 457 2628 μαθὼν
493 2552 551 2607 δὲ
582 2554 684 2621 τήν
716 2550 1028 2627 ὀχυρότητα
1082 2554 1188 2603 τῶν
1238 2552 1438 2623 τειχῶν
1485 2548 1574 2601 καὶ
1622 2551 1685 2601 τῦ
1716 2544 1929 2617 πλῆθος

274 2650 379 2698 τῶν
404 2640 961 2719 τειχοφυλακούντων
1012 2638 1099 2691 καὶ
1144 2639 1379 2705 τὴντῶν
1433 2631 1786 2711 πετροϐόλων
1836 2636 1927 2690 καὶ

274 2728 586 2802 τοξοὸὁλων
636 2730 877 2805 ὀργάνων
935 2726 1245 2799 δαψίλειαν,
1287 2726 1552 2802 ἀφέμενος
1598 2729 1707 2779 τῶν
1770 2724 1925 2779 ἐλπί-

277 2819 379 2875 δων
411 2820 463 2874 ἐν
515 2825 600 2890 τῷ
650 2813 907 2889 Ἑϐδόμῳ
956 2815 1302 2891 ὑπέστρεψεν,
1356 2813 1636 2888 εἷρηνικάς
1693 2812 1926 2875 σπονδὰς

276 2909 676 2981 ἐξαιτοῦμενος.
731 2912 850 2961 Τῶν
901 2904 945 2959 δ’
997 2905 1303 2976 ἑπιτρὸπων
1360 2902 1727 2975 ἀσμενέστατα
1785 2901 1928 2973 δεξα-

282 3000 451 3070 μὲνων
501 2998 597 3051 τὸν
644 2996 837 3069 λόγον,
889 2991 1213 3048 ἀποστέλλει
1265 2993 1292 3045 6
1345 2991 1570 3063 Συμεὼν
1615 2993 1705 3045 τὸν
1737 2991 1927 3045 ἐαυτοῦ

282 3092 575 3162 μαγιστρον
652 3082 929 3157 Θεόδωρον
1008 3080 1275 3153 ὁμιλῆσαι
1350 3082 1475 3155 περὶ
1559 3079 1803 3156 εἰρήνης·
1866 3080 1927 3134 οὗ

996 3169 1175 3245 λόγων
1255 3168 1580 3239 κινηθέντων
1654 3166 1924 3240 πολλῶν,

282 3268 308 3320 6
357 3268 713 3339 πατριάρχης
770 3263 883 3334 ἅμα
916 3265 1036 3321 τοῖς
1086 3258 1308 3320 λοιποῖς
1361 3258 1675 3329 ἐπιτρόποις
1730 3257 1925 3313 ἀναλα-

282 3350 466 3415 ϐόντες
504 3355 597 3408 τὸν
635 3349 865 3428 βασιλέα
895 3348 945 3404 ἐν
976 3353 1055 3420 τῷ
1105 3346 1355 3419 παλατίῳ
1400 3346 1569 3415 ἦλθον
1618 3351 1725 3401 τῶν
1780 3346 1922 3401 Βλα-

282 3448 513 3519 χερνῶν,
563 3444 650 3495 καὶ
718 3442 967 3513 ὁμήρους
1022 3435 1202 3498 δόντες
1264 3436 1580 3510 ἀξιολόγους
1636 3435 1925 3511 εἰσήγαγον

282 3534 368 3586 τὸν
434 3532 664 3602 Συμεὼν
726 3528 777 3583 ἐν
840 3533 920 3600 τῷ
976 3525 1251 3597 παλατίῳ,
1306 3525 1396 3579 καὶ
1454 3524 1793 3594 συνειστιάθη
1853 3530 1930 3596 τῷ

288 3620 524 3696 βασιλεῖ,
554 3624 652 3673 τοῦ
684 3617 907 3691 Συμεὼν
946 3614 1339 3676 ὑποκλίναντος
1381 3619 1458 3685 τῷ
1488 3612 1800 3688 πατριάρχῃ
1828 3615 1927 3683 τὴν

283 3708 525 3787 κιξαλήν
559 3708 648 3762 καὶ
681 3707 848 3782 εὐχὴν
884 3704 1174 3777 δεξαμένου
1213 3705 1339 3779 παρ’
1394 3703 1581 3771 αὐτοῦ,
1628 3701 1928 3773 ἐπιθέντος,

289 3794 359 3858 ὥς
393 3819 545 3874 eam,
696 3794 793 3850 τοῦ
839 3789 1122 3868 Βαρϐάρου
1169 3791 1381 3867 κεφαλῇ
1429 3792 1545 3845 ἀντὶ
1579 3791 1838 3865 στεφάνου
1869 3792 1931 3845 τὸ

278 3199 345 3230 πα
354 3180 725 3250 ραγενομένου
810 3172 901 3226 καὶ

1960 3396 2002 3462 C

2040 2120 2316 2175 garorum
2336 2105 2607 2176 princeps
2626 2106 2784 2175 gravi
2800 2122 2932 2161 cum
2949 2108 3205 2163 exercitu
3223 2108 3282 2163 in
3298 2109 3699 2167 Romanorum

2040 2191 2320 2247 ditionem
2369 2194 2612 2261 invadit,
2636 2198 2692 2249 et
2746 2196 2816 2248 ad
2864 2196 3061 2265 Cpolin
3096 2198 3276 2267 venit,
3298 2204 3473 2270 atque
3504 2217 3537 2255 a
3569 2198 3698 2255 Bla-

2040 2281 2275 2337 chernis
2309 2299 2496 2353 usque
2523 2284 2593 2337 ad
2618 2286 2867 2338 Auream
2895 2292 3119 2354 portam
3149 2292 3343 2341 castra
3377 2288 3560 2358 ponit,
3585 2305 3704 2343 ma-

2039 2386 2338 2442 gnamque
2386 2388 2551 2441 spem
2603 2378 2949 2442 conceperat
3000 2374 3163 2429 urbis
3215 2377 3509 2446 potiundae
3545 2393 3557 2432 :
3594 2378 3695 2432 sed

2039 2467 2103 2513 ut
2131 2459 2345 2513 certior
2376 2460 2563 2514 factus
2594 2465 2683 2515 est
2713 2461 2783 2515 de
2821 2478 3127 2518 murorum
3164 2463 3459 2535 ﬁrmitate,
3495 2465 3698 2520 multi-

2039 2548 2241 2603 tudine
2276 2553 2773 2621 propugnatorum
2810 2568 2947 2605 saxa
2975 2552 3359 2622 jactantium,
3392 2554 3696 2609 machina-

2039 2654 2169 2691 rum
2201 2642 2257 2692 et
2288 2638 2631 2692 balistarum
2655 2639 3043 2707 abundantia,
3067 2643 3375 2712 repudiata
3397 2659 3465 2698 ea
3487 2660 3587 2714 spe
3621 2645 3694 2699 ad

2038 2725 2403 2780 Hebdomum
2466 2727 2683 2781 recedit
2740 2729 3324 2803 pacificationemque
3374 2732 3581 2802 poscit.
3634 2733 3694 2787 Id

2040 2816 2148 2869 fuit
2180 2814 2363 2868 multo
2388 2815 2787 2885 gratissimum
2814 2818 3145 2887 tutoribus;
3186 2820 3520 2890 missusque
3542 2826 3632 2876 est
3663 2838 3697 2877 a

2038 2904 2305 2959 Simeone
2364 2905 2643 2974 magister
2702 2906 2890 2975 ipsius
2938 2908 3302 2979 Theodorus,
3328 2914 3386 2965 et
3435 2911 3505 2965 de
3556 2926 3695 2982 pace

2041 2993 2303 3049 habitum
2331 2993 2710 3064 colloquium.
2736 2995 2941 3050 Multis
2966 2996 3117 3052 ultro
3141 3000 3405 3069 citroque
3428 3015 3696 3054 commu-

2036 3084 2176 3136 tatis
2206 3083 2419 3145 verbis,
2448 3084 2777 3152 patriarcha
2809 3101 2941 3139 cum
2984 3086 3229 3157 reliquis
3261 3088 3557 3143 tutoribus
3589 3089 3692 3144 de-

2038 3171 2258 3224 ducunt
2307 3171 2718 3241 imperatorem
2770 3172 2828 3225 in
2878 3173 3306 3231 Blachernense
3357 3175 3637 3247 palatium
3677 3193 3690 3233 :

2037 3259 2306 3328 datisque
2353 3260 2581 3313 idoneis
2630 3260 2937 3316 obsidibus
2986 3265 3189 3319 eodem
3240 3266 3312 3319 ad
3364 3265 3691 3321 convivium

2041 3347 2413 3418 imperatoris
2438 3348 2765 3403 Simeonem
2792 3351 3103 3420 recipiunt.
3130 3352 3236 3407 Ubi
3259 3354 3491 3423 quidem
3517 3358 3694 3425 caput

2042 3436 2384 3508 patriarchas
2417 3436 2704 3508 Bulgarus
2748 3439 3018 3510 princeps
3068 3441 3367 3505 submisit,
3400 3446 3456 3496 et
3503 3442 3574 3496 ab
3622 3458 3688 3497 eo

2040 3525 2569 3595 comprecationem
2614 3526 2886 3591 obtinuit,
2921 3527 3114 3598 capiti,
3144 3534 3205 3583 ut
3236 3530 3438 3594 fertur,
3461 3529 3684 3584 Simeo-

2040 3616 2132 3669 nis
2170 3614 2506 3684 imponente
2555 3631 2729 3669 suum
2780 3615 3281 3689 epirrhiptarium.
3307 3622 3445 3674 Post
3483 3619 3686 3674 convi-

2039 3703 2197 3757 vium
2233 3703 2392 3774 pacis
2424 3704 2861 3759 conditionibus
2902 3708 3262 3777 compositis,
3295 3708 3531 3763 Simeon
3562 3708 3687 3779 eju-

2042 3809 2187 3863 sque
2220 3792 2386 3847 liberi
2420 3794 2618 3848 donati
2650 3795 2885 3847 domum
2922 3795 3211 3851 abierunt.

290 3889 427 3942 ἱδιον
462 3886 876 3962 ἐπιῤῥιπτάριον
1079 3882 1227 3937 Μετᾶ
1258 3879 1314 3935 δὲ
1342 3882 1441 3949 τὴν
1474 3880 1730 3949 ἑστίασιν,
1766 3876 2090 3954 ἀσυμϐάτων
2136 3881 2436 3955 γενομένων
2486 3880 2608 3953 περὶ
2658 3888 2756 3949 τῆς
2811 3882 3035 3956 εἰρήνης
3095 3885 3227 3957 (51),
3287 3881 3487 3957 δώροις
3548 3884 3577 3939 ὅ
3634 3905 3693 3940 τε

292 3978 516 4050 Συμεὼν
575 3977 664 4030 καὶ
725 3976 775 4029 οἱ
824 3974 1018 4028 τούτου
1075 3970 1263 4034 παῖδες
1323 3970 1816 4050 φιλοφρονηθέντες
1876 3972 1950 4033 εἰς
2004 3972 2103 4039 τήν
2158 3968 2294 4025 ἶδίαν
2356 3968 2756 4045 ἀπηλλαγησαν
2795 3972 3004 4046 χώραν.
3040 3973 3140 4029 Καὶ
3172 3978 3337 4029 ταῦτα
3371 3976 3463 4049 μὲν
3499 3974 3692 4052 ἐπρατ-

289 4087 408 4120 τετο
439 4062 597 4139 τῇδε.

354 4159 468 4209 T03
518 4152 575 4207 δὶ
624 4152 892 4224 βασιλέως
952 4150 1354 4204 Κωνσταντίνου
1410 4148 1499 4204 διὰ
1554 4150 1751 4211 παντὸς
1810 4147 1935 4203 ὁδυ-

291 4243 532 4315 ρομὲνου
600 4242 686 4295 κάὶ
762 4242 861 4308 τὴν
935 4240 1125 4293 ἑαυτοῦ
1202 4237 1645 4311 ἀνακαλουμένου
1730 4240 1938 4311 μητέρα

295 4331 421 4403 (ἤδη
466 4332 571 4405 γὰρ
603 4330 770 4397 αὐτὴν
802 4330 1077 4402 κατήγαγε
1099 4326 1197 4382 τοῖ’)
1248 4326 1515 4382 παλατίου
1545 4325 1938 4402 Ἀλέξανδρος),

293 4415 682 4487 ἀναϐιϐάζουσι
730 4419 822 4471 καὶ
864 4414 1085 4478 ἄκοντες
1134 4414 1299 4470 πάλιν
1356 4416 1552 4485 αὐτήν.
1616 4416 1942 4471 ’Δνελθοῦσα

299 4511 379 4563 οὖν
412 4512 503 4563 καὶ
554 4508 823 4582 ἐγκρατὴς
868 4506 1129 4582 γενομένη
1175 4512 1274 4574 τῆς
1328 4505 1603 4581 βασιλείας
1652 4504 1942 4579 προσλαμ-

300 4594 510 4652 Sive-:11
583 4599 678 4652 τὸν
753 4594 1249 4669 παρακοιμώμενον
1330 4596 1771 4663 Κωνσταντὶνον,
1853 4594 1943 4647 καὶ

300 4686 673 4754 Ἀναστάσιον,
730 4686 820 4738 καὶ
854 4687 1286 4750 Κωνσταντῖνον,
1335 4684 1461 4744 τοὺς
1504 4680 1770 4759 ἀδελφοὺς
1818 4681 1945 4741 τοὺς

302 4778 394 4843 τὴν
428 4773 743 4845 ἐπωνυμίαν
775 4769 1131 4846 Γογγυλίους.
1184 4766 1701 4844 Συμῦουλεύσαντος
1755 4768 1811 4824 δὲ
1856 4772 1947 4824 καὶ

2120 4151 2273 4205 283
2330 4155 2506 4205 Porro
2567 4155 2716 4206 Zoen
2775 4151 3145 4222 imperatoris
3201 4157 3475 4220 matrem,
3520 4170 3697 4226 quam

2049 4240 2272 4293 dudum
2308 4240 2441 4294 aula
2472 4242 2755 4295 eduxerat
2788 4240 3134 4308 Alexander,
3161 4241 3277 4296 tilio
3320 4258 3447 4297 eam
3489 4243 3701 4297 identi-

2050 4328 2178 4382 dem
2215 4328 2557 4399 deplorante
2588 4346 2654 4383 ac
2689 4328 3043 4399 requirente,
3068 4334 3293 4385 tutores
3325 4329 3411 4385 vel
3444 4330 3611 4384 inviti
3643 4330 3703 4384 in

2053 4416 2335 4487 palatium
2360 4421 2650 4472 revocant.
2678 4418 2930 4472 Reversa
2952 4417 3071 4472 haec
3102 4423 3157 4473 et
3188 4436 3385 4474 rerum
3408 4419 3703 4489 guberna—

2053 4505 2268 4559 tionem
2296 4510 2463 4559 nacta
2496 4506 2769 4561 adsciscit
2789 4506 3245 4562 Constantinum
3278 4508 3704 4563 cubicularium

2054 4594 2355 4659 intimum,
2380 4595 2754 4650 Anastasium
2795 4600 2852 4651 et
2886 4596 3336 4653 Constantinum
3370 4598 3709 4670 Gongylios,

2057 4684 2498 4753 cognominatos
2531 4700 2841 4754 germanos
2872 4686 3101 4750 fratres,
3136 4703 3200 4741 ac
3241 4687 3529 4742 Joannem
3582 4686 3710 4741 Ela-

2059 4773 2215 4825 dam.
2269 4772 2484 4827 Horum
2536 4772 2781 4828 consilio
2839 4773 2975 4827 aula
3031 4775 3354 4845 ejiciuntur
3405 4775 3713 4832 Alexandri

1496 4934 1866 4989 XYLANDRI
1906 4933 1995 4988 ΕΤ
2036 4932 2255 4988 GOARI
2295 4932 2524 4989 NOT/E.

377 5064 490 5132 (48)
521 5060 905 5115 Vindicandis
928 5058 1279 5132 criminibus
1308 5058 1531 5112 vacavit
1562 5058 1789 5132 ultimis
1818 5063 1961 5113 tem-

310 5130 573 5207 poribus,
598 5134 758 5207 unde
787 5138 849 5207 et
874 5132 933 5184 in
967 5130 1235 5207 praetorio
1265 5146 1499 5207 reorum
1533 5130 1825 5207 ergastulo
1860 5132 1961 5185 do-

313 5201 473 5261 inum
508 5223 578 5259 ex
609 5204 798 5259 officio
821 5204 1159 5274 deputatam
1184 5201 1407 5257 habuit.
1434 5206 1648 5256 Auctor
1671 5202 1964 5274 plerisque

316 5280 476 5333 locis.
510 5276 693 5331 GOAR.

380 5350 494 5419 (49)
534 5355 716 5419 Locus
758 5344 1077 5419 ita‘dictus
1119 5342 1401 5419 κατὰ-τήν
1453 5341 1737 5419 ἀντιπέραν
1785 5341 1833 5395 ἐν
1887 5346 1965 5413 τῷ

317 5411 451 5472 κῖονι
480 5411 805 5487 ’ἱσταμένην
853 5414 1064 5487 λιθίνην
1117 5411 1379 5485 δάμαλιν,
1418 5420 1582 5487 trans
1645 5411 1964 5486 Bosporum

318 5491 601 5619 abraciae,
641 5486 1007 5561 Chrysopoli.
1055 5488 1271 5541 Auctor
1324 5486 1498 5559 paulo
1547 5488 1701 5542 infra
1750 5505 1807 5558 p.
1840 5488 1963 5541 617.

363 5581 494 5618 om.

390 5636 502 5703 (50)
534 5633 793 5687 Graecam
818 5645 1028 5703 vocem
1080 5628 1521 5703 interpretando
1571 5630 1807 5699 retinui,
1841 5645 1971 5701 quas

328 5701 617 5763 cucullam
649 5710 750 5761 aut
780 5702 939 5758 aliud
972 5701 1126 5772 quod
1166 5702 1342 5773 capiti
1372 5701 1711 5772 injiceretur
1739 5706 1971 5773 tegmen

2070 5059 2304 5137 videtur
2360 5059 2713 5137 significare,
2754 5057 3013 5137 nepotum
3074 5059 3430 5137 ἐπιρῤίπτειν.
3490 5067 3720 5137 XN..—

2068 5131 2350 5204 Mamiyas,
2416 5131 2759 5204 Latinorum
2805 5131 3103 5204 pallium,
3169 5131 3403 5191 cunctis
3458 5136 3722 5191 vestibus

2072 5200 2436 5280 ἐπιρρητέον,
2473 5200 2835 5280 a‘Xylandri'
2858 5206 3069 5259 cuculla
3092 5200 3421 5277 diversum,
3457 5213 3520 5264 ut
3566 5211 3727 5280 patet

2074 5292 2139 5328 ex
2167 5275 2387 5329 Codino
2418 5291 2467 5329 c.
2502 5276 2557 5341 6,
2590 5292 2646 5329 n.
2677 5278 2730 5331 2.
2764 5278 2942 5330 Gem.

2145 5347 2456 5423 (51)‘Ap_ud
2491 5348 2768 5423 Zonaram
2806 5348 3165 5423 contrarium
3199 5348 3383 5422 hujus
3427 5350 3537 5407 loci
3580 5349 3724 5423 legi-

2076 5420 2195 5495 tur,
2218 5417 2546 5495 dissiluisse
2570 5419 2847 5495 nimirum
2877 5420 3024 5475 hanc
3055 5417 3547 5493 pacificationem;
3573 5417 3727 5495 qu‘od

2077 5489 2440 5561 probabilius
2471 5495 2525 5544 et
2557 5491 2749 5544 verius
2784 5497 2940 5561 puto.
2974 5489 3100 5548 Mox
3144 5496 3302 5549 enim
3337 5489 3727 5549 rursum-sine

2077 5560 2301 5615 violatze
2325 5561 2485 5631 pacis
2509 5566 2565 5616 et
2587 5560 2881 5617 mentiune
2913 5565 3087 5619 refert
3108 5566 3442 5622 Simeonem
3469 5565 3529 5621 in
3552 5565 3727 5619 Thra-

2080 5632 2229 5688 ciam
2260 5638 2619 5704 grassatum.
2653 5633 2783 5687 XYL.
