4026 6210
310 349 387 407 15

1680 342 1997 407 GEORGII
2043 342 2385 405 CEDRENI

3658 355 3734 412 16

305 479 567 549 αδεοοιω,
611 480 870 536 Joannes
917 485 1127 552 rector,
1161 479 1635 551 Gabrielopulus,
1668 477 1947 532 Basilitze:

2082 472 2337 529 Ἰωάννου
2382 475 2479 529 τοῦ
2538 473 2744 533 Ἐλαδᾶ
2798 473 3221 549 καταϐιϐάζουσι
3292 480 3419 545 τοὺς
3496 482 3731 546 οἰκείους

306 586 373 624 ac
404 567 639 640 reliqui.
665 569 1036 624 Dominicum
1065 570 1239 626 etiam
1265 568 1601 624 sodalitatis
1633 567 1969 639 praefectum

304 659 412 713 Zoe
443 659 706 729 Augusta
731 658 1018 728 provehit,
1044 658 1342 713 hominem
1368 664 1675 713 strenuum
1702 655 1967 709 habitum

308 747 549 816 suisque
583 751 885 817 parentem
922 746 1237 800 mandatis.
1276 747 1416 816 Ejus
1447 745 1689 800 consilio
1724 743 1968 814 patriar-

309 836 418 890 cha
440 835 652 906 palatio
694 834 949 906 pellitur.
982 836 1257 905 Magister
1285 836 1541 890 Joannes
1574 834 1785 888 Eladas
1819 832 1967 886 ultro

306 925 444 978 inde
476 924 727 980 discedit
770 924 842 978 ob
889 924 1183 987 morbum,
1220 940 1335 993 quo
1389 928 1445 976 et
1498 923 1687 993 periit.
1721 923 1792 976 At
1818 924 1966 976 Con-

307 1013 607 1069 stantinus
640 1012 1038 1068 cubicularius
1072 1013 1152 1065 uti
1184 1012 1345 1067 solus
1370 1012 1567 1066 omnia
1599 1010 1825 1081 imperii
1860 1027 1963 1082 gu-

307 1103 555 1157 bernare
588 1106 787 1173 posset
819 1118 1007 1171 neque
1037 1118 1070 1155 a
1103 1117 1398 1172 quoquam
1434 1101 1836 1172 impediretur,
1871 1116 1963 1154 so-

305 1190 563 1246 dalitatis
617 1190 953 1260 praefectum
1004 1190 1161 1260 apud
1214 1192 1540 1261 Augustam
1593 1189 1960 1259 criminatur,

304 1280 473 1350 quasi
505 1279 556 1333 is
587 1278 751 1333 fratri
800 1294 906 1333 suo
952 1278 1268 1351 imperium
1300 1280 1597 1334 vindicare
1627 1284 1957 1333 conaretur.

302 1369 463 1431 Quod
495 1384 562 1422 ea
594 1367 675 1422 ita
705 1382 836 1421 esse
870 1367 1138 1431 credens,
1166 1367 1476 1437 patricium
1510 1384 1645 1422 eum
1678 1371 1874 1421 creat:
1899 1382 1963 1419 ac

301 1457 372 1511 dc
422 1471 585 1510 more
642 1458 946 1526 precatum
1006 1455 1461 1510 descendentem
1513 1455 1671 1510 domi
1725 1469 1961 1509 manere

299 1545 482 1615 jubet.
514 1543 822 1599 Sodalitati
860 1543 1100 1613 praeficit
1130 1544 1416 1599 Joannem
1450 1545 1725 1599 Garidam
1760 1560 1825 1597 ac
1860 1548 1961 1597 Da-

303 1635 570 1689 mianum
603 1632 941 1688 eunuchum
979 1633 1364 1704 drungarium
1398 1633 1608 1704 vigilite
1642 1633 1797 1686 facit.

2082 561 2472 638 Ἀλεκάνδρυυ,
2509 566 2757 635 Ἰωάννην
2789 568 2880 621 τὸν
2926 567 3222 645 ραίκτωρα,
3272 570 3365 623 τόν
3417 567 3730 645 Γαϐριηλό-

2080 648 2310 721 πουλον⁹
2344 652 2434 705 τὸν
2484 652 2812 724 Βασιλίτζην
2854 656 2943 709 καὶ
2992 656 3119 720 τοὺς
3169 658 3417 721 λοιπούς.
3483 656 3729 733 Προϐάλ-

2080 736 2231 792 λεῖαι
2262 737 2317 793 δὲ
2368 741 2455 795 καὶ
2507 744 2627 810 Ζιυὴ
2679 744 2959 818 Αύγοῦστα
2998 747 3285 818 Δομίνικον
3346 747 3726 824 έταιρειάρχην

2080 824 2394 904 διαστήριον
2454 828 2716 886 δοκοῦντα
2771 833 2857 887 καὶ
2932 841 3051 895 τοῖς
3108 836 3276 905 αὐτῆς
3335 838 3727 911 προσκείμενον

2076 920 2525 992 προστάγμασιν,
2605 920 2666 974 οὗ
2737 926 2804 993 τῇ
2874 918 3164 996 συμϐουλῇ
3223 921 3637 994 καταϐιϐάζεται
3696 929 3724 982 6

2076 1007 2424 1083 πατριάρχης
2504 1013 2601 1063 τοῦ
2670 1010 2988 1069 παλατίου.
3064 1013 3167 1067 Καὶ
3231 1015 3258 1067 6
3320 1013 3611 1089 μάγιστρος
3667 1014 3723 1072 δὲ

2077 1094 2330 1165 Ἰωάννης
2385 1097 2411 1149 6
2472 1094 2709 1160 Ἑλαϐἆς
2757 1099 3023 1169 κατῆλθεν
3077 1102 3361 1168 ἑκουσίως,
3421 1102 3562 1175 νόσῳ
3619 1103 3719 1175 λη-

2074 1184 2248 1261 φθεὶς,
2284 1182 2328 1238 δ’
2360 1186 2426 1254 ἧς
2458 1188 2544 1241 καὶ
2602 1183 2829 1244 ἀπεϐίω.
2891 1195 3303 1253 Κωνσταντῖνος
3364 1188 3421 1247 δὲ
3478 1193 3505 1246 ὁ
3550 1214 3717 1268 παρα-

2072 1275 2420 1346 κοιμώμενος
2496 1275 2583 1351 ὐφ’
2660 1277 2845 1331 ἑαυτὸν
2916 1278 3139 1353 ἀγαγεῖν
3206 1281 3306 1349 τήν
3361 1281 3569 1335 ἅπασαν
3622 1289 3723 1350 τῆς

2080 1360 2354 1435 βασιλείας
2401 1363 2555 1431 ἡνίαν
2617 1365 2952 1441 βουλόμενος
3010 1366 3099 1421 καὶ
3167 1366 3373 1440 μηδένα
3425 1364 3570 1443 ἔχειν
3628 1371 3719 1425 τὸν

2072 1449 2481 1523 ἐμποδίζοντα(
2516 1456 2593 1527 [Ρ.
2645 1457 2772 1527 612]
2842 1451 3130 1511 διαϐάλλει
3186 1457 3277 1511 τὸν
3338 1458 3719 1534 ὲταιρειάρχην

2072 1539 2149 1599 εἷς
2182 1540 2279 1607 τὴν
2314 1541 2622 1614 Αύγοῦσταν
2673 1543 2747 1605 ὡς
2792 1544 3237 1619 σφετεριζόμενον
3285 1546 3384 1613 τήν
3440 1546 3714 1619 βασιλείαν

2070 1628 2146 1689 εἰς
2176 1628 2267 1682 τὸν
2298 1629 2486 1683 ἑαυτοῦ
2516 1626 2771 1708 ἀδελφόνο
2808 1632 2868 1684 οὗ
2898 1636 3014 1693 τοῖς
3065 1632 3257 1706 λόγοις
3285 1639 3565 1696 πεισθεῖσα
3610 1656 3715 1689 πα-

305 1720 510 1793 τρίκιον
545 1720 703 1774 αὐτὸν
731 1724 886 1792 τιμᾷ,
918 1720 1003 1773 καὶ
1039 1718 1389 1787 κατελθόντα,
1422 1722 1495 1781 ὡς
1524 1717 1666 1790 ἔθος,
1700 1714 1886 1773 λαϐεῖν
1918 1718 2090 1792 εὐχὴν
2127 1720 2235 1789 (52)
2265 1716 2406 1771 οτίκοι
2441 1719 2616 1789 μένειν
2665 1720 2973 1794 προσέταξε.
3030 1721 3439 1796 ΙΙροχειρίζιται
3490 1721 3546 1776 δὲ
3596 1724 3709 1778 ἀντ’

302 1811 467 1865 αύτοῦ
499 1808 751 1877 Ἰὦάννην
783 1810 872 1862 τὸν
899 1806 1125 1883 Γαριδᾶν
1159 1810 1566 1885 έταιρειάρχην,
1600 1808 1689 1863 καὶ
1718 1808 1985 1881 Δαμιανὸν
2022 1805 2280 1880 εὐνοῦχον
2317 1807 2579 1883 ἀρτιφανῆ
2612 1815 2711 1877 τῆς
2746 1808 2941 1883 βίγλας
2976 1806 3335 1885 δρουγγάριον
3368 1814 3502 1883 (53).

373 1903 655 1956 Caeterum
686 1900 957 1955 Simeone
990 1898 1300 1954 Thraciam
1334 1900 1672 1971 populante,
1693 1902 1957 1970 Augusta
1990 1900 2034 1965 Β

297 2006 436 2045 ουω
474 1988 815 2060 proceribus
843 1987 1114 2043 consulat
1144 2004 1259 2059 quo
1310 1994 1479 2058 pacto
1528 1990 1656 2058 ejus
1712 1989 1957 2059 impres-

295 2080 496 2134 siones
527 2081 946 2148 compesceret.
981 2077 1064 2131 Ibi
1107 2077 1365 2133 Joannes
1423 2078 1609 2149 Bogas
1640 2079 1792 2133 284
1826 2093 1957 2148 pro-

295 2168 499 2233 mittit,
518 2167 565 2222 si
591 2166 835 2238 patricio
861 2166 1080 2221 honore
1103 2166 1507 2235 insigniretur,
1533 2184 1596 2223 se
1616 2166 1957 2221 Patzinacas

293 2260 498 2312 contra
528 2271 665 2310 eum
700 2255 1130 2323 adducturum;
1162 2255 1596 2327 impetratoque
1620 2257 1770 2326 quod
1806 2260 1959 2327 pete-

289 2344 412 2412 bat,
445 2344 701 2415 acceptis
735 2344 903 2398 donis
933 2344 1003 2398 ad
1035 2360 1135 2398 eos
1168 2359 1229 2399 se
1263 2344 1509 2415 confert,
1545 2350 1779 2416 pactum
1832 2345 1952 2412 icit,

293 2434 668 2505 acceptisque
690 2432 997 2488 obsidibus
1018 2432 1221 2503 Cpolin
1258 2434 1429 2497 redit,
1454 2434 1734 2505 pollicitis
1768 2434 1952 2487 Patzi-

291 2522 452 2578 nacis
485 2538 546 2578 se
593 2525 741 2578 Istro
792 2522 1035 2592 trajecto
1085 2520 1355 2593 Bulgaris
1402 2522 1622 2577 bellum
1676 2523 1948 2577 facturos.

289 2611 632 2683 Transfugit
661 2627 727 2667 eo
759 2614 1021 2681 tempore
1056 2614 1111 2663 et
1139 2611 1367 2675 Asotes,
1386 2610 1472 2664 vir
1500 2610 1766 2671 celebris,
1790 2612 1952 2682 prin-

294 2699 440 2768 cipis
472 2699 805 2770 principum
837 2697 1016 2751 ﬁlius.
1044 2697 1097 2751 Is
1129 2697 1428 2751 ferebatur
1448 2697 1672 2769 virgam
1705 2698 1948 2753 ferream

292 2788 569 2842 manibus
616 2791 875 2842 extrema
929 2791 1135 2841 tenens
1185 2787 1554 2857 confringere
1602 2803 1667 2840 ac
1720 2786 1951 2841 ﬂectere

291 2892 485 2946 posse,
519 2875 733 2931 duritie
768 2875 903 2929 ferri
950 2891 1231 2930 manuum
1267 2875 1459 2931 robori
1511 2876 1767 2930 cedente.
1805 2875 1945 2929 Eum

288 2968 396 3021 Zoe
416 2965 658 3021 comiter
677 2967 981 3035 acceptum
1003 2964 1242 3018 domum
1265 2963 1512 3019 remisit.
1528 2964 1610 3018 Ad
1622 2964 1945 3033 rianopolin

290 3059 487 3109 autem
521 3053 781 3109 Simeoni
831 3069 935 3123 per
974 3052 1307 3123 complures
1338 3051 1464 3107 dies
1495 3053 1714 3107 frustra
1762 3070 1943 3124 oppu-

286 3141 489 3214 gnanti
542 3140 937 3195 Pancratucas
990 3140 1227 3211 quidam
1286 3140 1618 3201 Armenius,
1653 3141 1744 3195 cui
1798 3140 1949 3195 inter

289 3232 436 3285 alios
486 3229 649 3285 urbis
697 3231 827 3301 ejus
875 3229 1145 3285 custodia
1192 3229 1379 3285 fuerat
1428 3230 1768 3293 commissa,
1801 3247 1943 3285 auro

288 3323 600 3391 corruptus
632 3320 843 3390 prodit.
872 3318 1053 3373 Paulo
1085 3325 1217 3390 post
1249 3319 1417 3373 missi
1450 3319 1523 3374 ab
1547 3320 1811 3390 Augusta
1843 3319 1945 3374 Ba-

290 3408 461 3464 silius
494 3407 775 3479 patricius
805 3406 1061 3462 canicleo
1110 3408 1420 3478 praefectus
1460 3410 1516 3460 et
1555 3406 1785 3460 Nicetas
1818 3404 1944 3458 Ela-

292 3496 461 3551 dicus
488 3512 616 3551 eam
649 3512 793 3552 auro
826 3511 891 3550 ac
922 3494 1174 3566 pecunia
1204 3500 1643 3564 recuperarunt.

2137 1901 2399 1969 ’Ἄγοντος
2432 1894 2488 1951 δὲ
2521 1898 2609 1950 καὶ
2652 1896 2906 1974 φέροντος
2947 1903 3044 1952 τοῦ
3097 1901 3321 1971 Συμεὼν
3371 1901 3438 1954 τὰ
3484 1906 3715 1976 Θρᾳκῷα

2071 1984 2232 2056 μέρη,
2266 1983 2356 2038 καὶ
2387 1991 2487 2052 τῆς
2519 1985 2833 2061 Αύγούστης
2880 1987 3276 2063 φροντίζούσης
3328 1990 3463 2061 μετά
3510 1995 3615 2043 τῶν
3661 1989 3713 2044 ἐν

2065 2071 2208 2126 τέλει
2261 2072 2408 2135 ὅπως
2440 2073 2602 2128 αὐτοῦ
2642 2075 2889 2129 παύσωσι
2938 2078 3035 2137 τὰς
3084 2074 3405 2152 ἐπιδρομὰς,
3462 2079 3715 2149 Ἰωάννης

2067 2162 2095 2215 6
2145 2167 2315 2235 Βογᾶς
2372 2164 2639 2237 ὑπέσχετο
2686 2164 2969 2237 πατρίκιος
3015 2166 3267 2237 τιμηθεὶς
3328 2170 3438 2239 (54)
3490 2168 3708 2242 ἀγαγεῖν

2063 2252 2179 2303 κατ’
2226 2250 2392 2305 αὐτοῦ
2437 2252 2801 2319 Πατζινάκους
2830 2295 2843 2320 ,
2893 2254 2979 2307 καὶ
3039 2254 3223 2329 τυχὼν
3274 2261 3374 2324 τῆς
3417 2254 3708 2325 αἷτήσεως,

2065 2334 2213 2412 δῶρα
2265 2335 2447 2393 λαϐὼν
2502 2338 2712 2394 ἄπεισιν
2758 2340 2833 2402 εἷς
2884 2342 3261 2410 ΙΙατζινακίαν.
3326 2344 3427 2398 Καὶ
3486 2345 3711 2398 σπεισά-

2068 2447 2225 2500 μενος
2256 2428 2343 2480 xui
2376 2429 2621 2503 ὁμήρους
2675 2428 2921 2507 εἰληφὼς
2966 2430 3232 2485 ἐπάνεισιν
3285 2430 3338 2485 ἐν
3395 2436 3464 2505 τῇ
3523 2430 3710 2502 πόλει,

2062 2516 2394 2587 συνθεμένων
2435 2522 2542 2570 τῶν
2596 2518 2944 2585 Πατζινάκων
2992 2520 3082 2573 τὸν
3141 2522 3351 2595 Ἵστρον
3404 2522 3711 2596 περαιώσα-

2063 2606 2183 2657 σθαι
2213 2606 2303 2659 xui
2337 2607 2673 2682 Βουλγάροις
2728 2606 3017 2679 πολεμεῖν.
3080 2608 3445 2681 Ηύτομόλησε
3476 2608 3534 2665 δὲ
3588 2611 3712 2666 τότε

2059 2692 2146 2746 xui
2204 2694 2447 2763 Ἀσώτης
2479 2695 2615 2769 ἀνὴρ
2649 2696 2971 2768 ὀνομαστὸς,
3006 2696 3121 2758 υἱὸς
3173 2695 3245 2751 ὢν
3274 2702 3371 2752 τοῦ
3430 2701 3706 2775 ἄρχοντος

2056 2786 2163 2835 τῶν
2227 2783 2531 2857 ἀρχόντων.
2588 2782 2840 2859 Ἑλέγετο
2891 2781 2948 2837 δὲ
3006 2786 3164 2847 οὗτος
3224 2781 3417 2860 ῥάϐδον
3480 2787 3706 2863 σιδηρᾶν

2060 2871 2392 2947 ἀμφοτέραις
2465 2872 2621 2946 χερσὶ
2690 2877 2799 2927 τῶν
2859 2874 3037 2947 ἄκρῶν
3091 2870 3384 2946 λαμϐάνων
3443 2875 3705 2953 περικλᾷν

2055 2962 2122 3031 τῇ
2180 2964 2289 3012 τῶν
2347 2965 2547 3033 χειρῶν
2587 2961 2677 3035 βίᾳ
2705 2963 2795 3015 xui
2834 2964 3119 3033 κάμπτειν,
3153 2970 3255 3031 τῆς
3288 2964 3578 3018 ἀντιτύπου
3608 2970 3706 3020 τοῦ

2057 3045 2284 3120 σιδήρου
2335 3049 2451 3122 βίας
2507 3048 2812 3117 ὑπεκούσης
2870 3054 2937 3122 τῇ
2988 3056 3097 3103 τῶν
3156 3053 3357 3126 χειρῶν
3411 3052 3582 3127 ἰσχύϊ·
3646 3054 3706 3107 ὅν

2058 3134 2406 3213 φιλοφρόνως
2440 3140 2473 3205 ἡ
2508 3134 2762 3191 δέσποινα
2794 3136 3053 3211 δεξαμένη
3107 3138 3290 3194 οἶκαδε
3346 3142 3508 3195 πάλιν
3565 3142 3708 3196 ὑπο·-

2056 3232 2312 3294 νοστῆσαι
2360 3225 2646 3291 πεποίηκε.
2710 3225 3147 3299 Πολκιορκοῦντος
3207 3226 3265 3282 δὲ
3317 3234 3412 3283 τοῦ
3474 3232 3704 3303 Συμεὼν

2238 3310 2684 3387 Ἀδριανούπολιν
2736 3314 2817 3389 ἐφ’
2873 3317 3083 3391 ἡμέρας
3138 3317 3325 3379 ἱκανὰς
3379 3320 3466 3372 καὶ
3531 3318 3704 3392 μηδὲν

2054 3400 2329 3472 ἀνύοντος,
2380 3403 2797 3477 Παγκρατούκας
2845 3426 2926 3466 τις
2959 3404 3116 3479 γένος.
3146 3403 3218 3459 ὢν
3277 3406 3556 3481 Ἀρμένιος
3612 3408 3706 3463 καὶ

2055 3492 2132 3551 εἷς
2184 3488 2290 3544 τῶν
2347 3490 2633 3567 φυλάττειν
2691 3496 3028 3570 τεταγμένων
3085 3500 3183 3562 τήν
3242 3494 3427 3561 πόλιν,
3490 3497 3704 3572 χρυσίῳ

2054 3315 2153 3381 τὴν

296 3581 597 3644 δελεασθεὶς
629 3578 944 3659 προύδωκεν
978 3580 1143 3649 αὐτὴν
1171 3584 1249 3651 τῷ
1283 3579 1523 3651 Συμεών.
1560 3581 1690 3635 Μετ’
1728 3577 1912 3653 ὀλίγον
1947 3576 2004 3633 δὲ
2034 3577 2309 3648 ἀπεστάλη
2361 3580 2508 3655 παρὰ
2534 3587 2635 3649 τῆς
2668 3580 2987 3657 Αύγούστης
3021 3583 3048 3636 6
3088 3582 3369 3658 πατρίκιος
3432 3584 3709 3658 βασίλειος

295 3673 323 3725 6
355 3670 442 3726 ἐπὶ
473 3677 569 3725 τοῦ
598 3669 906 3725 κανικλείου
937 3668 1025 3723 καὶ
1059 3670 1295 3738 Νικήτας
1326 3665 1638 3736 Ἐλαδικὸς,
1671 3668 1760 3723 καὶ
1794 3667 2009 3744 χρυσίῳ
2038 3668 2126 3722 καὶ
2160 3671 2409 3743 χρήμασι
2442 3668 2718 3731 πλείστοις
2749 3670 2911 3725 πάλιν
2941 3670 3106 3740 αὐτὴν
3140 3672 3521 3743 ἀνεκτήσαντο.

367 3762 484 3816 Ηοο
516 3761 642 3831 ipso
664 3776 818 3815 anno
838 3760 969 3831 Tyri
992 3776 1221 3814 ameras
1246 3758 1559 3813 Damianus
1591 3758 1789 3813 hostili
1812 3776 1944 3813 cum

293 3851 482 3906 classe
508 3853 565 3903 et
596 3849 828 3920 magnis
851 3849 1034 3919 copiis
1058 3849 1114 3902 in
1140 3848 1434 3903 Romanos
1455 3848 1741 3918 impetum
1764 3848 1943 3917 dedit,

290 3939 650 4009 adortusque
699 3937 1035 3993 Strohelum
1088 3937 1299 3992 acriter
1344 3936 1733 4009 oppugnavit;
1768 3941 1823 3991 et
1854 3954 1945 3991 ce-

287 4026 473 4097 pisset
504 4026 730 4098 utique,
765 4026 877 4082 nisi
909 4044 939 4081 e
970 4026 1171 4081 morbo
1218 4026 1571 4081 decessisset
1598 4026 1735 4081 vita.
1767 4029 1946 4081 Morte

285 4118 415 4185 ejus
449 4117 668 4171 factum
693 4121 781 4171 est
802 4121 867 4170 ut
889 4116 1159 4171 Saraceni
1190 4131 1251 4169 re
1280 4114 1497 4169 infecta
1518 4116 1757 4169 domum
1792 4114 1943 4169 redi-

288 4209 437 4261 rent.
462 4206 571 4260 Zoe
603 4221 774 4276 porro
822 4205 1192 4259 continentes
1234 4204 1529 4259 Simeonis
1580 4204 1945 4258 incursiones

288 4310 404 4347 non
438 4296 652 4361 terens,
677 4310 929 4363 eumque
959 4292 1276 4364 reprimere
1308 4292 1571 4364 cupiens,
1597 4308 1656 4345 re
1688 4308 1816 4346 cum
1852 4308 1941 4346 se-

285 4386 427 4437 natu
465 4382 789 4437 deliberata
820 4381 1028 4437 statuit
1060 4397 1259 4453 pacem
1295 4398 1425 4435 cum
1455 4380 1762 4435 Saracenis
1792 4398 1944 4435 com-

280 4488 494 4541 ponere
520 4472 959 4543 orientalesque
991 4471 1139 4527 285
1177 4471 1390 4525 deinde
1417 4487 1623 4525 omnes
1652 4471 1941 4524 exercitus

280 4560 338 4612 in
375 4559 749 4615 Occidentem
799 4563 1222 4630 transportare,
1248 4559 1458 4629 hisque
1498 4575 1632 4612 cum
1674 4558 1939 4613 occiden-

2130 3758 2427 3831 Τούτῳτῷ
2456 3754 2559 3814 ἔτει
2606 3765 2693 3814 καί
2728 3762 2995 3833 Δαμιανὸς
3037 3763 3064 3816 6
3112 3769 3212 3831 τῆς
3252 3762 3424 3836 Τύρου
3482 3764 3702 3838 ἀμηρᾶς

2061 3846 2192 3918 μετᾶ
2224 3846 2539 3920 πολεμικῶν
2574 3850 2782 3903 πλοίων
2815 3851 2905 3903 xui
2939 3849 3217 3922 δυνάμεως
3257 3850 3477 3919 ποΛλῆς
3526 3847 3705 3905 εἷσϐοσι

2057 3930 2160 4001 λήν
2194 3932 2485 4005 ἐποιήσατο
2534 3938 2670 3991 κατὰ
2716 3937 3020 4009 Ῥωμαίων,
3079 3939 3167 3991 καὶ
3224 3940 3322 4005 τὴν
3377 3933 3699 4011 Στρόϐηλον

2054 4018 2373 4077 καταλαϐών
2425 4023 2655 4098 ἐνεργῶς
2697 4024 2861 4093 αὐτὴν
2904 4023 3213 4099 ἐπολιόρκει
3242 4066 3254 4079 .
3312 4026 3415 4081 Καὶ
3475 4025 3700 4101 ἐξεπόρ-

2056 4122 2216 4180 θησεν
2262 4112 2341 4181 ἂν,
2391 4112 2437 4166 εἷ’
2501 4114 2575 4183 μή
2624 4116 2855 4183 νοσήσας
2917 4109 3125 4168 ἀπεϐίω
3160 4161 3173 4185 ,
3235 4111 3323 4168 διὰ
3374 4122 3532 4184 κενῆς
3587 4121 3696 4171 τῶν

2056 4206 2384 4274 Σαρακηνῶν
2429 4201 2900 4277 ὑποστρεψάντων.
2957 4204 3044 4270 Μή
3107 4202 3343 4278 φέρουσα
3398 4202 3454 4257 δὲ
3506 4205 3627 4273 Ζωή
3661 4207 3697 4273 ἡ

2057 4286 2273 4363 βασιλὶς
2320 4289 2414 4350 τὰς
2464 4294 2560 4343 τοῦ
2619 4291 2845 4361 Συμεὼν
2901 4296 3147 4365 συνεχεῖς
3211 4289 3551 4364 ἐπιδρομάς,
3606 4293 3698 4345 καὶ

2057 4376 2369 4452 βουλομένη
2400 4378 2595 4439 ταύτας
2646 4379 2932 4451 ἀνακόψαι,
2966 4376 3083 4432 δέον
3118 4378 3352 4453 ἐγνώκει
3407 4379 3539 4451 μετά
3594 4386 3699 4447 τῆς

2050 4466 2359 4540 συγκλήτου
2421 4468 2550 4520 εἶναι
2624 4466 2935 4529 σπείσασθαι
3006 4473 3123 4527 τοῖς
3188 4472 3551 4541 Σαρακηνοῖς,
3603 4466 3697 4522 xui

2051 4554 2223 4608 πάντα
2252 4556 2341 4608 τὸν
2374 4555 2425 4609 ἐν
2456 4559 2522 4628 τῇ
2554 4556 2695 4626 Ἑῴα
2741 4556 2963 4630 στρατὸν
3025 4552 3343 4627 διαπερᾶσαι
3401 4556 3536 4628 πρὸς
3596 4558 3699 4625 τὴν

277 4646 501 4703 talibus
523 4649 704 4719 copiis
725 4620 1060 4718 conjunctis
1084 4620 1386 4702 bellumin
1412 4645 1691 4717 Bulgaros
1714 4662 1941 4701 movere

2070 4644 2330 4718 Ιίσπέραν,
2391 4646 2478 4697 xui
2528 4644 2832 4707 ἑνωθέντων
2878 4648 2983 4696 τῶν
3029 4663 3086 4696 τε
3112 4643 3260 4714 ἑῴων
3293 4645 3379 4697 καὶ
3411 4648 3519 4698 τῶν
3556 4642 3701 4700 δυτι-

275 4753 491 4808 eosque
516 4737 1131 4793 exscindere.Proinde
1156 4736 1213 4790 in
1239 4736 1463 4808 Syriam
1486 4734 1649 4791 missi
1673 4735 1928 4790 Joannes

277 4826 550 4882 Radenus
588 4825 873 4899 patricius
923 4830 979 4881 et
1026 4826 1349 4881 Michaelus
1380 4826 1637 4879 Toxaras
1687 4829 1925 4895 pactum

2041 4737 2152 4787 κῶν
2216 4732 2628 4806 στρατευμάτων
2678 4730 2921 4803 πόλεμον
2982 4733 3345 4801 συστήσασθαι
3401 4735 3538 4787 κατὰ
3584 4739 3693 4789 τῶν

2037 4820 2385 4896 Βουλγάρων,
2416 4822 2505 4875 καὶ
2534 4818 2739 4882 τελέως
2767 4818 3016 4896 ἀφανίσαι
3051 4819 3470 4892 αὐτούς.Ἕδοξε
3497 4827 3684 4891 τοῦτο,

1475 5002 1842 5057 XYLANDRI
1886 5001 1975 5055 ET
2014 5000 2230 5055 GOARI
2272 4999 2505 5054 NOT/E.

343 5170 450 5239 (52)
485 5166 690 5223 Ofﬁcia
722 5165 1164 5239 ministeriaque
1212 5163 1453 5239 publica
1498 5179 1609 5216 non
1652 5163 1920 5239 einecne:

270 5234 519 5295 lcstibus
569 5237 861 5309 auspiciis
897 5242 953 5292 et
1009 5234 1275 5291 Ecclesiae
1323 5235 1473 5309 votis
1521 5234 1921 5309 suscipiebant

272 5312 471 5367 Graeci.
506 5305 999 5381 Unde-patricius
1032 5309 1102 5363 ab
1138 5305 1501 5378 impcratrice
1553 5305 1921 5381 renuntiatus

268 5382 644 5457 Constantius
682 5377 1025 5457 confestim,
1059 5381 1128 5435 de
1181 5377 1803 5457 morehprccationem
1848 5378 1916 5428 ad

272 5453 730 5511 consecrationis
756 5454 939 5507 instar
962 5446 1344 5520 suscepturus
1376 5447 1432 5501 in
1459 5446 1761 5520 ecclesiam
1790 5462 1916 5520 per-

267 5530 372 5597 git.
409 5528 713 5597 Reperitur
744 5525 800 5579 in
836 5517 1401 5597 Euch_olcgio_reccns
1431 5534 1571 5571 cuso
1601 5517 1658 5571 in
1691 5518 1914 5588 patricii

270 5593 335 5653 ac
368 5593 725 5669 curopalatze
749 5595 1135 5669 promotione.
1171 5593 1349 5669 δολίῃ.

336 5670 448 5741 (53)
506 5656 869 5741 Ϊίερθῐὶῗάπὸ
936 5667 1121 5717 κοινοῦ
1180 5664 1420 5717 verbum
1482 5656 1911 5732 προχειρίζεται,

2038 5164 2241 5229 utpote
2272 5175 2384 5213 non
2418 5156 3047 5231 cxistimansgofﬁcium
3090 5158 3267 5231 unius
3308 5157 3690 5231 ἒταιρειάρχου

2036 5228 2266 5284 duobus
2325 5231 2708 5283 commissum
2761 5228 2962 5297 fuisse,
2993 5230 3145 5298 quod
3192 5232 3365 5284 verba
3413 5228 3692 5301 ambigue

2033 5301 2224 5373 posita
2254 5317 2365 5370 prae
2400 5318 2461 5355 se
2496 5304 2639 5355 ferre
2665 5301 2952 5354 videntur.
2989 5302 3132 5355 XYL.

2104 5374 2213 5443 (54)
2240 5373 2403 5427 Forte
2428 5375 2509 5427 sic
2530 5373 2639 5426 fuit
2660 5373 3025 5437 vertendum,
3052 5374 3223 5441 Bogas
3251 5372 3684 5443 patrz'cz‘usrpro-

2029 5446 2222 5508 mittit,
2255 5450 2387 5509 etc.,
2422 5448 2486 5497 ut
2516 5461 2629 5498 non
2662 5444 2769 5499 hoc
2815 5460 3001 5514 operae
3037 5443 3339 5513 prmmium
3394 5442 3684 5510 retulerit,

2028 5517 2127 5570 sed
2146 5517 2269 5585 jam
2297 5521 2429 5569 ante
2454 5516 2735 5585 patricius
2759 5516 2814 5568 in
2842 5532 2903 5569 se
2929 5514 3211 5585 receperit
3234 5530 3353 5567 rem
3376 5531 3387 5579 ;
3414 5518 3501 5567 est
3523 5514 3682 5569 enim

2026 5584 2342 5656 ambiguus
2374 5584 2555 5641 locus.
2581 5588 2721 5651 Quis
2746 5590 2947 5641 autem
2984 5584 3059 5638 sit
3086 5585 3182 5639 ille
3216 5586 3488 5656 princeps
3518 5585 3681 5655 prin-

2024 5654 2244 5730 mpum,
2277 5654 2462 5731 ἄρχων
2505 5658 2813 5733 ἀρχόντων,
2849 5656 3108 5712 nondum
3141 5656 3339 5711 didici.
3376 5655 3509 5710 Χγι..
