4004 6208
326 354 388 411 Π
1433 348 1983 411 HISTORIARUM
2025 349 2577 413 COMPENDIUM.

3634 353 3711 413 {8

318 481 396 535 καὶ
427 477 679 557 πεμφθείς
710 478 788 539 είς
821 478 1015 553 Συρίαν
1050 478 1306 549 Ἰωάννης
1336 481 1621 555 πατρίκιος
1658 474 1701 535 ’ὁ
1749 477 1932 549 Ῥαδηε

2058 497 2190 537 cum
2225 482 2532 539 Saracenis
2576 482 2821 539 icerunt.
2844 484 3109 556 Augusta
3138 484 3559 540 Saracenorum
3584 487 3710 555 jam

319 572 431 630 κνὸς
458 569 541 623 καὶ
572 568 799 641 Μιχαὴλ
821 569 849 621 6
880 568 1119 640 Τοξαρᾶς
1170 567 1482 622 ἐσπείσαντο
1531 574 1647 630 τοῖς
1702 575 1947 644 Σαρακη-

324 667 449 720 νοῖς.
475 659 565 714 Καὶ
598 654 663 726 δὴ
696 665 795 725 τῆς
827 657 918 711 ἀπ’
952 657 1125 713 αὐτῶν
1160 657 1538 732 ἀπαλλαγεῖσα
1591 656 1876 733 φροντίδος
1910 660 1944 726 ἡ

335 747 538 823 βασιλὶς,
566 749 662 815 τὴν
697 748 900 815 συνήθη
951 744 1219 819 διανομὴν
1278 754 1379 814 τῆς
1436 747 1597 822 ῥόγας
1647 747 1948 802 κελεύσασα

330 838 536 911 γενέσθαι
603 839 709 889 τῶν
782 837 1224 909 στρατευμάτων,
1304 837 1490 889 Λεοντῖ
1545 857 1601 890 τι
1664 836 1946 910 μαγίστρῳ

327 930 391 996 τῷ
418 928 573 993 Φωκᾷ
599 929 765 978 ταῦτα
817 921 1157 997 παραδοῦσα,
1207 922 1514 997 δομεστίκῳ
1558 930 1659 978 τῶν
1721 924 1942 998 σχολῶν

318 1012 641 1089 τυγχάνοντι,
722 1014 924 1087 ἀπαραι
995 1015 1130 1067 κατὰ
1222 1011 1554 1089 Βουλγάρων
1632 1013 1943 1088 ἀπέτρεψεν,

315 1102 713 1177 Ἀθροισθὲντων
789 1099 847 1156 δὲ
908 1104 1123 1157 πάντων
1188 1107 1297 1157 τῶν
1374 1102 1620 1175 Θεμάτων
1689 1103 1780 1157 καὶ
1837 1108 1945 1158 τῶν

312 1192 577 1266 ταγμάτων
652 1191 789 1245 κατὰ
861 1202 960 1260 την
1035 1185 1287 1245 Διάϐασιν
1344 1188 1552 1263 (πεδίον
1616 1189 1672 1245 δὲ
1730 1194 1763 1260 ἡ
1825 1193 1945 1245 Διά-

313 1276 455 1341 6ασις
544 1280 675 1354 μέγα
749 1280 839 1334 καὶ
912 1281 1051 1355 πρὸς
1130 1277 1413 1354 ὑποδοχὴν
1502 1285 1738 1356 στρατοῦ
1824 1280 1941 1334 ἐπι-

307 1366 568 1440 τήδειον),
638 1367 965 1431 ἀποσταλεῖς
1044 1370 1072 1423 6
1148 1374 1520 1443 npmonam‘ic
1598 1374 1693 1423 τοῦ
1764 1368 1939 1424 παλα-

308 1458 415 1513 τίου
446 1461 550 1527 (55)
613 1460 747 1530 μετᾶ
796 1463 905 1511 τῶν
964 1457 1161 1529 τιμίων
1222 1458 1397 1527 ξύλων
1460 1462 1543 1529 ίΡ.
1576 1461 1703 1531 613]
1736 1478 1941 1532 παρεσ-

310 1548 483 1601 κεύασε
548 1550 1025 1621 προσκυνήσαντας
1096 1546 1294 1607 πάντας
1371 1546 1737 1617 ἐπομόσασθαι
1811 1567 1936 1599 κυν-

310 1638 643 1705 αποθντςσκειν
695 1634 992 1705 ἀλλήλοις.
1053 1634 1150 1689 Καὶ
1208 1639 1309 1689 τοῦ
1370 1632 1535 1709 ὅρκου
1592 1632 1935 1696 τελεσθέντος

306 1726 579 1796 πανστρατὶ
630 1725 767 1778 κατᾶ
828 1723 1150 1797 Βουλγάρων
1208 1724 1551 1799 ἐξώρμησαν.
1612 1729 1817 1798 Ἠρχον
1880 1722 1938 1777 δὲ

2058 587 2264 627 secura
2296 571 2586 629 militibus
2618 588 2790 643 rogas
2812 572 2920 641 (sic
2947 578 3189 629 vocatur
3218 574 3481 645 pecuniae
3511 574 3713 629 distri-

2058 660 2244 727 butio)
2294 662 2441 729 dari,
2495 663 2866 732 Leonemque
2926 662 3175 717 Phocam
3236 662 3584 732 magistrum
3645 679 3711 716 ac

2057 749 2393 804 scholarum
2412 751 2800 806 domesticum
2821 751 3109 806 exercitus
3128 752 3182 805 in
3199 750 3485 822 Bulgaros
3501 751 3713 807 ducere

2048 839 2239 907 jubet.
2261 840 2548 894 Omnibus
2580 841 2637 894 in
2673 856 2856 894 unum
2907 841 3213 895 conductis
3262 840 3615 895 exercitibus
3646 856 3711 895 ac

2056 928 2397 983 cohortibus
2427 930 2498 983 ad
2533 929 2810 984 Diabasin
2838 930 3024 1002 (locus
3056 929 3114 984 id
3146 946 3359 985 nomen
3392 946 3425 983 a
3452 928 3710 983 transitu

2054 1015 2251 1087 habet,
2286 1023 2495 1089 estque
2527 1018 2801 1089 planities
2834 1019 3029 1090 ampla
3082 1023 3142 1073 et
3187 1016 3517 1089 recipiendo
3549 1033 3713 1073 exer-

2053 1106 2196 1160 citui
2245 1107 2567 1178 sufﬁciens)
2617 1108 2819 1179 palatii
2868 1108 3190 1179 primarius
3236 1107 3512 1162 sacerdos
3565 1106 3711 1178 (ipsi

2055 1200 2437 1268 protopapam
2470 1203 2696 1266 vocant)
2731 1198 2948 1252 missus
2980 1213 3115 1252 cum
3146 1196 3495 1251 venerandis
3532 1196 3711 1268 lignis

2052 1300 2259 1339 omnes
2303 1286 2359 1339 in
2403 1302 2596 1356 genua
2644 1286 3025 1356 procumbere
3063 1284 3265 1355 jussit,
3299 1290 3357 1340 et
3397 1286 3599 1355 jurare
3648 1302 3711 1341 se

2053 1388 2241 1444 usque
2272 1374 2343 1427 ad
2380 1379 2628 1429 mortem
2661 1391 2777 1428 una
2808 1379 3300 1445 perseveraturos.
3327 1373 3486 1429 Dicto
3508 1391 3707 1429 sacra-

2052 1466 2247 1515 mento
2280 1462 2338 1515 in
2372 1462 2653 1533 Bulgaros
2685 1462 2972 1518 exercitus
3003 1479 3205 1517 omnes
3237 1469 3565 1517 moverunt.
3598 1463 3705 1517 (Ξο-

2050 1549 2276 1605 hortem
2311 1551 2719 1606 excubitorum
2748 1552 3002 1607 ducebat
3031 1552 3289 1607 Joannes
3311 1551 3598 1623 Grapson,
3622 1554 3710 1605 vir

2050 1639 2365 1695 bellicosus
2390 1641 2764 1711 probatisque
2781 1640 2985 1695 multis
3004 1640 3223 1712 prceliis
3246 1639 3712 1708 virtutis,cohor-

2047 1734 2163 1783 tem
2190 1728 2607 1784 Hicanatorum
2631 1731 2849 1785 dictam
2875 1730 3157 1786 Olbianus
3180 1728 3427 1794 Merula,
3453 1729 3540 1783 vir
3562 1729 3711 1783 insi-

302 1819 391 1868 τοῦ
445 1814 531 1885 μὲν
590 1815 871 1884 τάγματος
928 1807 1252 1882 ὲξκουϐίτων
1308 1814 1625 1882 Ἰωάννηςὸ
1684 1813 1931 1887 Γράῴων,

2047 1817 2181 1888 gnis
2205 1835 2216 1872 :
2241 1819 2539 1873 Romanus
2564 1822 2621 1873 et
2648 1820 2759 1873 Leo
2782 1819 2987 1890 Argyri
3022 1818 3127 1873 filii
3150 1835 3217 1872 ac
3242 1819 3459 1872 Bardas
3482 1816 3708 1873 Phocas

308 1904 434 1977 ἀνὴρ
482 1903 777 1973 πολεμικὸς
836 1901 927 1955 καὶ
984 1900 1257 1964 πολλάκις
1313 1901 1366 1956 ἐν
1430 1904 1632 1977 μάχαις
1666 1900 1931 1977 ἀνδραγα-

308 1994 483 2060 θήσας,
511 1992 603 2045 τοῦ
632 1989 687 2045 δὲ
718 1992 975 2045 ἱκανάτου
1016 1993 1134 2063 (56)
1194 1986 1478 2051 Ὀλῧιανὸς
1524 1993 1552 2045 ὁ
1606 1990 1928 2063 Μαρούλης,

300 2080 426 2153 ἀνὴρ
498 2077 976 2154 δεδοκιμασμένος.
1059 2081 1157 2134 Καὶ
1242 2078 1523 2153 Ῥωμανὸς
1605 2079 1696 2134 καὶ
1778 2078 1929 2137 Αὲων

297 2170 344 2222 cl
372 2168 460 2223 τοῦ
491 2171 755 2244 Ἀργυροῦ
785 2169 993 2237 παῖδες,
1023 2169 1111 2223 καὶ
1146 2167 1351 2242 Βάρδας
1400 2171 1427 2223 6
1469 2175 1665 2231 Φωκᾶς
1729 2170 1924 2243 ἒτέρων

294 2260 559 2332 ταγμάτων
596 2260 858 2333 ἐξῆρχον·
896 2266 1040 2327 Συνῆ
1076 2256 1133 2312 δὲ
1160 2259 1375 2320 τούτοις
1404 2257 1494 2313 καὶ
1524 2258 1725 2320 Μελίας
1760 2260 1786 2312 6
1823 2260 1926 2330 μά-

290 2367 494 2420 γιστρος
524 2350 659 2419 μετα
687 2368 797 2401 των
832 2347 1134 2421 Ἀρμενίων
1168 2349 1256 2401 καὶ
1290 2345 1452 2402 ἄλλοι
1484 2345 1733 2402 πλεῖστοι
1767 2367 1925 2421 στρα-

286 2437 432 2510 τηγοί
484 2442 587 2489 τῶν
645 2435 914 2509 θεμάτων.
978 2437 1277 2509 Ηαρείπετο
1309 2436 1483 2492 δὲκαὶ
1519 2443 1929 2498 Κωνσταντῖνος

287 2526 549 2595 πατρίκιος
584 2528 611 2580 6
644 2526 756 2599 Λὶψ
788 2527 861 2587 ῶς
892 2527 1033 2600 τάχα
1086 2521 1399 2598 σύμϐουλος
1430 2527 1663 2586 Λέοντος
1695 2530 1788 2579 τοῦ
1837 2523 1926 2578 6o-

292 2615 527 2685 μεστίκου
556 2620 667 2669 τῶν
704 2614 954 2689 σχολῶν.
1011 2615 1153 2669 Κατὰ
1211 2613 1268 2669 δὶ
1316 2617 1414 2683 τὴν
1472 2617 1513 2678 ς’
1566 2619 1664 2670 τοῦ
1714 2614 1927 2688 Αὐγού-

287 2723 402 2757 στου
435 2704 629 2776 μηνὸς,
664 2711 766 2772 τῆς
799 2704 1051 2776 πέμπτης
1113 2701 1474 2773 ἶνδικτιῶνος,
1511 2706 1764 2776 πολέμου
1799 2703 1926 2780 συρ-

290 2791 523 2865 ῥαγὲντος
595 2793 897 2865 Ῥωμαίοις
973 2813 1030 2846 τε
1099 2794 1186 2847 καὶ
1260 2792 1601 2867 Βουλγάροις
1659 2793 1797 2867 πρὸς
1848 2797 1928 2864 τῷ

292 2879 547 2956 Ἀχελῴῳ
598 2882 871 2958 φρουρίῳ,
920 2883 1209 2957 τρέπονται
1251 2883 1385 2937 κατᾶ
1430 2882 1628 2957 κράτος
1679 2884 1729 2936 οἱ
1762 2881 1929 2937 Βούλ-

290 2971 579 3041 γαροι,καὶ
633 2970 799 3047 φόνος
852 2969 1023 3024 αὐτῶν
1078 2971 1292 3044 ἐγένετο
1347 2970 1540 3034 πολύς.
1600 2970 1809 3045 Ἱδρῶτι
1871 2968 1928 3025 δὲ

294 3063 379 3112 τοῦ
409 3056 742 3131 δομεστίκου
784 3059 1227 3135 περιρῥανθίντος
1284 3059 1481 3132 πολλῷ
1528 3059 1615 3114 καί
1673 3058 1927 3114 λειποΘυ-

298 3150 555 3219 μήσαντος
605 3148 704 3202 καί
744 3153 845 3202 τοῦ
887 3147 1061 3203 ’ίππου
1111 3143 1413 3203 ἀποϐάντος
1466 3149 1552 3203 ἐπί
1608 3170 1714 3203 τινι
1773 3152 1924 3224 πηγῇ

2045 1906 2178 1960 aliis
2202 1913 2487 1977 praeerant
2518 1906 2881 1963 cohortibus.
2908 1908 3125 1962 Aderat
3154 1906 3227 1961 iis
3259 1911 3315 1961 et
3346 1906 3546 1961 Melies
3579 1923 3705 1961 ma-

2041 1995 2223 2065 gister
2240 2012 2373 2050 cum
2396 1997 2709 2064 Armeniis,
2736 1995 3092 2067 plurimique
3116 1995 3213 2050 alii
3246 1994 3692 2067 provincialium

2040 2083 2239 2139 duces.
2264 2084 2671 2140 Comitabatur
2711 2086 2886 2141 etiam
2931 2084 3350 2141 Constantinus
3387 2084 3696 2140 Africanus

2040 2172 2345 2243 patricius,
2358 2173 2535 2229 veluti
2559 2173 2934 2230 consiliarius
2959 2173 3166 2230 Leonis
3189 2173 3494 2229 domestici
3522 2173 3694 2229 scho-

2037 2260 2251 2316 larum.
2278 2263 2448 2317 Sexto
2477 2263 2729 2333 Augusti
2760 2262 2854 2319 die
2887 2264 3039 2319 286
3074 2279 3266 2334 pugna
3298 2264 3451 2319 inter
3482 2263 3696 2318 Roma-

2040 2367 2147 2405 nos
2178 2356 2236 2406 et
2265 2351 2549 2423 Bulgaros
2581 2352 2901 2407 commissa
2930 2356 3017 2407 est
3062 2353 3133 2407 ad
3176 2352 3479 2407 castellum
3506 2351 3696 2406 Ache-

2040 2439 2222 2509 loum,
2286 2440 2560 2511 pulsique
2618 2445 2677 2496 et
2734 2457 2953 2511 magna
3009 2442 3164 2496 caede
3224 2440 3499 2513 prostrati
3558 2444 3700 2495 sunt

2040 2529 2297 2600 Bulgari.
2332 2531 2417 2583 lbi
2463 2546 2596 2584 cum
2630 2531 2993 2585 domesticus
3042 2531 3296 2600 plurimo
3328 2530 3542 2585 sudore
3573 2546 3697 2583 ma-

2041 2620 2186 2673 dens
2219 2618 2536 2689 animoque
2585 2620 2862 2674 deficiens
2895 2620 2967 2674 ad
3002 2620 3317 2691 quemdam
3364 2619 3584 2673 fontem
3631 2635 3700 2672 ex

2038 2723 2188 2779 equo
2221 2708 2645 2776 descendisset,
2670 2714 2735 2763 ut
2767 2709 3041 2763 sudorem
3073 2708 3293 2764 elueret
3323 2724 3389 2763 ac
3419 2723 3481 2762 se
3512 2723 3700 2762 recre-

2040 2803 2183 2863 aret,
2219 2813 2407 2867 equus
2438 2798 2586 2852 forte
2637 2798 2888 2868 abrupto
2934 2795 3166 2851 vinculo
3218 2812 3280 2852 se
3330 2796 3598 2867 proripit,
3633 2812 3699 2849 ac

2040 2886 2287 2941 sessoris
2319 2903 2533 2941 vacuus
2582 2902 2685 2957 per
2734 2886 3053 2941 exercitum
3094 2885 3390 2941 discurrit.
3416 2886 3600 2950 Quem
3636 2888 3700 2939 ut

2039 2991 2325 3046 agnovere
2390 2974 2630 3040 milites.
2690 2975 3038 3029 occubuisse
3105 2974 3494 3030 domesticum
3563 2973 3697 3037 rati,

2041 3069 2197 3119 metu
2232 3063 2449 3119 animis
2479 3064 2891 3129 consternatis,
2926 3063 2998 3117 ab
3043 3064 3405 3118 insecutione
3435 3061 3695 3116 hostium

2040 3153 2427 3208 destiterunt:
2475 3153 2719 3223 quidam
2750 3152 2925 3207 etiam
2961 3157 3115 3207 retro
3163 3168 3293 3207 sese
3340 3154 3696 3206 averterunt.

287 3238 363 3290 καὶ
404 3238 491 3291 τὸν
523 3235 736 3311 ἱδρῶτα
786 3235 1196 3293 ἁποπλύνοντος
1228 3238 1315 3292 καὶ
1368 3239 1555 3293 ἑαυτὸν
1606 3240 1923 3312 ἀποψύχον-

2047 3243 2201 3308 Quod
2226 3258 2293 3295 ex
2316 3241 2553 3295 sublimi
2576 3256 2821 3296 cernens
2844 3241 3080 3296 Simeon
3100 3242 3313 3313 (neque
3335 3239 3492 3295 enim
3515 3240 3698 3295 effuse

286 3346 386 3395 τος,
429 3328 519 3379 τὸν
583 3324 785 3397 δεσμὸν
847 3326 1159 3401 ἀπορρήξας
1214 3329 1241 3381 6
1293 3326 1463 3389 'i‘mto:
1520 3328 1763 3402 τυχαίως
1819 3323 1925 3380 ἔθει

287 3412 366 3467 δια
393 3420 484 3468 τοῦ
511 3412 885 3491 στρατοπέδου
925 3416 1076 3477 κενὸς
1125 3412 1402 3471 ἐπιϐάτου-
1460 3418 1516 3470 ὅν
1553 3418 1604 3471 οἱ
1658 3421 1923 3491 στρατιῶ-

284 3524 362 3556 ται
418 3506 691 3577 θεώμενοι
746 3505 1021 3579 γνώριμον
1082 3502 1246 3572 ὄντα,
1307 3506 1395 3559 καὶ
1452 3504 1544 3560 τὸν
1603 3502 1923 3579 δομὲστικον

287 3599 453 3646 πεσεῖν
515 3594 981 3665 ὑποτοπάσαντες,
1032 3593 1107 3655 εἰς
1158 3590 1326 3669 φόϐον
1374 3593 1618 3649 ἐνέπεσον
1666 3594 1754 3649 καί
1803 3617 1925 3650 κατ-

287 3677 581 3751 εϐλήθησαν
644 3683 741 3744 τὰς
820 3684 998 3757 ψυχὰς
1062 3683 1151 3736 καὶ
1221 3688 1321 3752 τῆς
1386 3680 1620 3753 διώξεως
1678 3679 1924 3757 ἔστησαν,

287 3766 406 3823 ἔνιοι
465 3769 520 3824 δὲ
567 3774 661 3825 καὶ
715 3770 1076 3845 παλίντροποι
1118 3770 1423 3845 γεγόνασιν.
1487 3772 1571 3842 Ἐξ
1607 3771 1925 3847 ὑπερδεξίων

288 3856 338 3912 ὂὶ
380 3864 542 3913 ταῦτα
593 3858 871 3932 θεώμενος
919 3861 946 3913 6
998 3859 1224 3932 Συμεὼν
1278 3859 1359 3930 (οὐ
1406 3861 1507 3936 γὰρ
1540 3856 1727 3936 ἔτυχεν
1775 3862 1925 3916 ἀσύν-

285 3967 468 4001 τακτον
498 3950 600 4016 τήν
639 3950 812 4025 ςιυγὴν
846 3950 1242 4022 ποιησάμενος)
1298 3948 1544 4026 ἐπαφῆκε
1572 3950 1698 4013 τοὺς
1746 3949 1920 4006 Βουλ-

283 4040 472 4110 γάρους
497 4038 639 4091 κατὰ
670 4036 978 4109 Ῥωμαίων.
1032 4038 1092 4090 Oi
1134 4034 1191 4091 δὲ
1249 4038 1339 4091 καὶ
1394 4039 1677 4114 πρότερον,
1735 4041 1807 4101 ὡς
1861 4038 1926 4093 εἷ’-

283 4145 467 4196 πομεν,
519 4128 617 4189 τὰς
664 4128 888 4201 γνώμας
955 4125 1270 4189 θλασθέντες
1334 4129 1419 4182 καὶ
1480 4128 1795 4197 τεθηπότες,
1855 4130 1928 4190 ὡς

282 4215 359 4268 καί
404 4213 678 4289 αἰφνίδιον
732 4214 981 4279 ἐπιόντας
1032 4214 1315 4278 ἐθεάσαντο
1372 4216 1499 4279 τοὺς
1556 4217 1925 4292 Βουλγάρους,

278 4305 554 4376 τρέπονται
618 4304 960 4379 πανστρατὶ,
1024 4304 1113 4359 καὶ
1190 4304 1383 4380 γέγονε
1451 4307 1595 4383 φυγὴ
1657 4304 1930 4383 φρικωδε-

282 4394 457 4463 στάτη,
492 4398 606 4447 τῶν
673 4394 767 4466 μὶν
827 4392 915 4447 ὑπ’
975 4391 1241 4463 ἀλλήλων
1300 4396 1792 4467 συμπατουμένων,
1818 4402 1927 4450 τῶν

285 4478 333 4534 δὲ
365 4483 465 4535 ὑπὸ
495 4486 608 4537 τῶν
653 4480 903 4537 ἐναντίων
959 4481 1382 4558 ἀναιρουμένων.
1433 4485 1579 4537 Λέων
1636 4484 1693 4538 δὲ
1749 4486 1775 4537 ὁ
1837 4483 1927 4538 δο-

2036 3339 2093 3386 et
2111 3330 2417 3385 ordinibus
2434 3328 2742 3399 dissipatis
2761 3329 2959 3398 fugam
2979 3329 3251 3399 faciebat)
3264 3345 3403 3384 suos
3419 3329 3699 3382 Romanis

2038 3420 2308 3474 immisit.
2337 3418 2582 3473 Romani
2624 3418 2747 3487 jam
2801 3422 2934 3472 ante
2967 3418 3196 3473 animos
3227 3416 3439 3486 dejecti
3490 3421 3544 3470 et
3593 3432 3696 3486 pu-

2038 3516 2257 3578 ventes,
2276 3509 2504 3564 hostem
2530 3506 2727 3563 subito
2763 3507 2982 3561 irruere
3004 3506 3290 3572 videntes,
3310 3504 3507 3559 statim
3534 3509 3699 3573 terga

2037 3600 2345 3653 dederunt.
2377 3604 2537 3667 Fuga
2567 3613 2635 3653 ea
2668 3594 3173 3666 periculosissima
3221 3593 3355 3663 fuit,
3388 3592 3522 3648 aliis
3572 3608 3697 3647 sese

2038 3688 2284 3742 invicem
2328 3685 2834 3753 conculcantibus,
2867 3684 3001 3741 aliis
3044 3685 3117 3740 ab
3169 3684 3331 3738 hoste
3362 3681 3550 3737 caesis.
3585 3682 3696 3735 Leo

2038 3776 2400 3831 domesticus
2433 3776 2571 3847 fuga
2601 3776 2661 3830 in
2683 3775 3033 3831 Mesembria
3056 3773 3258 3829 evasit.
3282 3776 3410 3827 Non
3439 3769 3698 3825 multiiu-

2040 3866 2111 3921 do
2144 3870 2374 3921 tantum
2409 3863 2680 3919 militaris
2704 3868 2847 3918 tunc
2880 3863 3075 3935 periit,
3103 3863 3205 3919 sed
3237 3865 3294 3917 et
3319 3862 3498 3916 duces
3530 3859 3699 3914 innu-

2041 3955 2185 4009 meri
2231 3960 2410 4024 atque
2458 3954 2732 4009 ordinum
2766 3954 3058 4009 ductores.
3095 3952 3333 4007 Occisus
3384 3955 3473 4005 est
3519 3948 3697 4004 etiam

2037 4044 2457 4099 Constantinus
2492 4042 2743 4107 Africus,
2769 4048 2825 4097 et
2868 4042 3271 4097 excubitorum
3295 4041 3416 4094 dux
3443 4038 3698 4093 Joannes

2036 4136 2323 4203 Grapson.
2348 4131 2569 4186 Missus
2607 4132 2793 4186 fuerat
2815 4130 3114 4185 Romanus
3148 4130 3488 4199 Lacapenus
3520 4127 3699 4198 patri-

2040 4221 2165 4276 cius
2198 4219 2281 4275 rei
2313 4219 2537 4275 navalis
2562 4220 2943 4291 drungarius,
2969 4235 3100 4274 cum
3125 4223 3243 4273 tota
3264 4216 3702 4287 c1asse,jussus

2038 4311 2204 4365 littus
2228 4309 2418 4381 legere
2434 4315 2490 4364 et
2515 4309 2734 4365 auxilio
2757 4325 2887 4364 esse
2910 4308 3086 4363 Leoni
3108 4311 3165 4363 et
3190 4324 3223 4363 a
3240 4308 3394 4379 Boga
3417 4305 3700 4360 adductos

2040 4401 2109 4455 ad
2140 4416 2311 4470 opem
2344 4399 2627 4454 Romanis
2676 4398 2976 4452 ferendam
3019 4397 3357 4452 Patzinacas
3389 4394 3537 4451 287
3576 4398 3700 4447 tra-

2031 4488 2235 4559 jicere.
2263 4488 2321 4541 Ei
2357 4504 2489 4542 cum
2527 4488 2681 4559 Boga
2712 4486 2916 4541 incidit
2947 4484 3270 4551 contentio;
3304 4500 3480 4553 quam
3506 4482 3698 4538 anim-

290 4567 526 4639 μέστικος
572 4570 630 4626 ἐν
684 4565 1020 4647 Μεσημϐρίᾳ
1069 4568 1303 4642 διεσώθη
1356 4574 1561 4647 φυγών.
1621 4580 1813 4628 Ἐπεσε
1872 4572 1928 4628 δὲ

2047 4578 2406 4632 advertentes
2438 4575 2754 4631 Patzinacas
2787 4576 3029 4630 domum
3082 4573 3406 4639 redierunt,
3438 4572 3510 4627 ad
3560 4570 3696 4625 irri-

286 4660 404 4723 Ααὸς
435 4660 495 4715 οὗ
549 4665 665 4715 τῶν
723 4666 919 4716 κοινῶν
978 4666 1344 4733 στρατιωτῶν,
1396 4660 1541 4717 ἀλλὰ
1592 4664 1682 4717 καὶ
1742 4685 1932 4726 στρατ-

2049 4671 2293 4736 tumque
2320 4682 2521 4720 eorum
2556 4665 2888 4720 reciderunt
2919 4662 3220 4734 suppetias.

287 4750 404 4831 ηγοὶ
463 4750 552 4804 καὶ
614 4750 999 4826 ταγματάρχαι
1059 4752 1294 4827 ἀριθμοῦ
1366 4751 1663 4827 κρείττους.
1735 4754 1976 4831 Ἐσφάγη
2039 4753 2097 4807 δὲ
2153 4752 2241 4807 καὶ
2300 4757 2701 4813 Κωνσταντῖνος
2763 4753 2789 4807 6
2843 4751 2955 4825 Λὶψ
3018 4752 3107 4805 καὶ
3145 4750 3310 4805 ὁτῶν
3373 4742 3697 4821 ὲξκουϐίτων

288 4829 506 4911 ἔξαρχος
594 4840 853 4909 Ἰωάννης
932 4845 1228 4916 μάγιστρος
1305 4839 1332 4893 6
1406 4842 1655 4915 Γράψων.
1732 4829 1852 4897 Ἦν-
1905 4840 1963 4896 δὲ
2034 4838 2369 4903 ἀποσταλεὶς
2450 4842 2478 4895 6
2555 4840 2842 4915 πατρίκιος
2918 4839 3197 4912 Ῥωμανὸς
3269 4839 3296 4892 6
3376 4836 3704 4906 Λακαπηνὸς

295 4921 645 5002 δρουγγάριος
700 4933 997 4997 τηνικαῦτα
1047 4934 1155 4983 τῶν
1209 4926 1480 5003 πλωίμῶν
1542 4928 1637 4998 ὢν,
1700 4931 1835 5003 μετὰ
1891 4931 2091 4993 παντὸς
2150 4934 2246 4985 τοῦ
2304 4928 2504 4985 στόλου
2581 4927 2886 5006 παραπλεῖν
2943 4933 3060 4990 τοῖς
3134 4924 3405 5002 αἰγιαλοῖς
3461 4945 3700 5001 προστα-

287 5014 429 5088 χθεὶς
486 5016 579 5070 καὶ
643 5015 721 5079 εἷς
785 5018 1038 5091 βοήθειαν
1092 5018 1376 5093 τυγχάνειν
1436 5024 1515 5091 τῷ
1575 5021 1789 5088 Λέοντι,
1851 5018 2169 5094 διαπερᾶσαι
2228 5016 2285 5073 δὲ
2336 5019 2424 5073 καὶ
2481 5018 2606 5082 τοὺς
2658 5018 2805 5091 παρὰ
2860 5022 2956 5072 τοῦ
3008 5020 3153 5091 Βογᾶ
3200 5014 3463 5091 ἀχθέντας
3512 5019 3707 5081 Ιῐατζι-

286 5104 468 5165 νάκους
530 5104 609 5167 είς
667 5107 987 5181 συμμαχίαν
1046 5107 1356 5181 Ῥωμαίων.
1418 5107 1700 5179 Διενέξεως
1761 5106 1818 5163 δὲ
1874 5109 2174 5183 γενομένης
2231 5108 2392 5180 μὲσον
2451 5112 2547 5162 τοῦ
2606 5110 2888 5180 Ῥωμανοῦ
2940 5107 3028 5160 καὶ
3088 5109 3184 5159 τοῦ
3240 5106 3426 5180 Βογᾶ,
3486 5100 3692 5163 ἰδόντες

297 5190 476 5252 αὐτοὺς
512 5194 565 5245 οἱ
597 5193 933 5261 Ηατζινάκαι
964 5195 1339 5263 στασιάζοντας
1368 5196 1503 5271 πρὸς
1534 5195 1820 5267 ἀλλήλους
1852 5196 2185 5272 ὑπέστρεψαν
2230 5195 2305 5256 εἷς
2352 5195 2419 5250 τὰ
2460 5192 2598 5265 ’ίδια,
2648 5194 2737 5249 καὶ
2787 5194 3003 5271 γέγονεν
3050 5195 3084 5262 ἡ
3136 5192 3185 5265 ἰξ
3236 5192 3413 5247 αὐτῶν
3477 5191 3705 5267 βοήθεια

300 5272 563 5353 ἄπρακτος
597 5282 687 5336 καὶ
720 5282 753 5336 ἆ
768 5282 1002 5353 ιόνητος.

1478 5419 1844 5476 XYLANDRI
1885 5420 1974 5476 ET
2014 5418 2231 5475 GOARI
2272 5419 2503 5474 NOT/E.

2059 5537 2366 5608 praefectus
2402 5538 2525 5591 erat
2552 5534 2921 5608 πρωτοπαπᾶς
2952 5534 3049 5585 τοῦ
3079 5528 3579 5608 παλατίουχϐολῐὶ.

2129 5609 2243 5680 (56)
2273 5607 2540 5680 Agminis
2567 5601 2652 5680 ita
2671 5604 2833 5680 dicti.
2857 5608 3072 5661 Auctor
3098 5605 3251 5661 infra
3271 5622 3283 5661 :
3304 5606 3408 5657 Τοῦ
3433 5601 3708 5673 τάγματος

2063 5676 2250 5754 ἅρχων
2279 5676 2385 5734 τῶν
2421 5678 2711 5734 ἱκανάτων.
2745 5677 2924 5735 ΟΟΑΒ.

370 5530 773 5609 (ᾅὸγῐῖιὼθὺδῐ
816 5534 1137 5609 imperator
1168 5532 1388 5609 clerum
1421 5537 1723 5609 proprium
1754 5538 1812 5592 in
1845 5553 1947 5609 pa-

308 5597 471 5681 latio,
495 5604 555 5658 in
590 5623 701 5681 quo
729 5597 923 5681 varias.
945 5597 1440 5681 erant_ecclesizs,.
1460 5597 1613 5665 ut'S.
1642 5597 1949 5681 Stephani,

318 5670 523 5730 ducum
573 5670 919 5748 cislestium,
953 5676 1144 5735 Eliswi
1192 5683 1248 5735 et
1288 5670 1534 5735 aliorum
1560 5705 1575 5748 ;
1605 5670 1765 5737 clari.
1792 5670 1952 5737 illius
