  <div class='ocr_page' id='page_1' title='image "/cluster/home/n/w/nwhite01/storage/ocr_20150623/122/hvd.32044073502460/015.png"; bbox 0 0 4004 6208; ppageno 0'>
   <div class='ocr_carea' id='block_1_1' title="bbox 265 329 3673 394">
    <p class='ocr_par' dir='ltr' id='par_1_1' title="bbox 265 329 3673 394">
     <span class='ocr_line' id='line_1_1' title="bbox 265 329 3673 394; baseline -0.001 0"><span class='ocrx_word' id='word_1_1' title='bbox 265 333 339 394; x_wconf 77' lang='grc'>19</span> <span class='ocrx_word' id='word_1_2' title='bbox 1621 330 1941 393; x_wconf 80' lang='lat' dir='ltr'><strong>GEORGII</strong></span> <span class='ocrx_word' id='word_1_3' title='bbox 1986 329 2328 394; x_wconf 82' lang='lat' dir='ltr'><strong>CEDRENI</strong></span> <span class='ocrx_word' id='word_1_4' title='bbox 3593 332 3673 392; x_wconf 78' lang='lat'><strong>20</strong></span> 
     </span>
    </p>
   </div>
   <div class='ocr_carea' id='block_1_2' title="bbox 332 462 1999 534">
    <p class='ocr_par' dir='ltr' id='par_1_2' title="bbox 332 462 1999 534">
     <span class='ocr_line' id='line_1_2' title="bbox 332 462 1999 534; baseline -0.001 -15"><span class='ocrx_word' id='word_1_5' title='bbox 332 465 483 519; x_wconf 86' lang='lat' dir='ltr'><strong>Sunt</strong></span> <span class='ocrx_word' id='word_1_6' title='bbox 509 463 612 534; x_wconf 89' lang='lat' dir='ltr'><strong>qui</strong></span> <span class='ocrx_word' id='word_1_7' title='bbox 643 463 818 519; x_wconf 85' lang='lat' dir='ltr'><strong>aliam</strong></span> <span class='ocrx_word' id='word_1_8' title='bbox 848 462 1124 519; x_wconf 79' lang='lat' dir='ltr'><strong>Romanis</strong></span> <span class='ocrx_word' id='word_1_9' title='bbox 1155 463 1305 531; x_wconf 67' lang='lat' dir='ltr'><strong>fuga:</strong></span> <span class='ocrx_word' id='word_1_10' title='bbox 1343 463 1642 534; x_wconf 89' lang='lat' dir='ltr'><strong>cladisque</strong></span> <span class='ocrx_word' id='word_1_11' title='bbox 1674 478 1913 518; x_wconf 83' lang='lat' dir='ltr'><strong>causam</strong></span> <span class='ocrx_word' id='word_1_12' title='bbox 1947 466 1999 532; x_wconf 74' lang='grc' dir='ltr'><strong>Α</strong></span> 
     </span>
    </p>
   </div>
   <div class='ocr_carea' id='block_1_3' title="bbox 264 552 1918 623">
    <p class='ocr_par' dir='ltr' id='par_1_3' title="bbox 264 552 1918 623">
     <span class='ocr_line' id='line_1_3' title="bbox 264 552 1918 623; baseline -0.001 -15"><span class='ocrx_word' id='word_1_13' title='bbox 264 552 451 608; x_wconf 88' lang='lat' dir='ltr'><strong>fuisse</strong></span> <span class='ocrx_word' id='word_1_14' title='bbox 482 553 701 609; x_wconf 79' lang='lat' dir='ltr'><strong>dicunt.</strong></span> <span class='ocrx_word' id='word_1_15' title='bbox 738 553 966 607; x_wconf 80' lang='lat' dir='ltr'><strong>Etenim</strong></span> <span class='ocrx_word' id='word_1_16' title='bbox 996 569 1128 607; x_wconf 91' lang='lat' dir='ltr'><strong>cum</strong></span> <span class='ocrx_word' id='word_1_17' title='bbox 1163 553 1497 607; x_wconf 85' lang='lat' dir='ltr'><strong>Simeonem</strong></span> <span class='ocrx_word' id='word_1_18' title='bbox 1529 552 1753 607; x_wconf 84' lang='lat' dir='ltr'><strong>Phocas</strong></span> <span class='ocrx_word' id='word_1_19' title='bbox 1784 552 1918 623; x_wconf 86' lang='lat' dir='ltr'><strong>pul-</strong></span> 
     </span>
    </p>
   </div>
   <div class='ocr_carea' id='block_1_4' title="bbox 265 641 1917 713">
    <p class='ocr_par' dir='ltr' id='par_1_4' title="bbox 265 641 1917 713">
     <span class='ocr_line' id='line_1_4' title="bbox 265 641 1917 713; baseline -0.001 -16"><span class='ocrx_word' id='word_1_20' title='bbox 265 659 395 697; x_wconf 90' lang='lat' dir='ltr'><strong>sum</strong></span> <span class='ocrx_word' id='word_1_21' title='bbox 430 647 901 713; x_wconf 78' lang='lat' dir='ltr'><strong>persequeretur,</strong></span> <span class='ocrx_word' id='word_1_22' title='bbox 935 643 1131 697; x_wconf 88' lang='lat' dir='ltr'><strong>subito</strong></span> <span class='ocrx_word' id='word_1_23' title='bbox 1173 642 1243 697; x_wconf 89' lang='lat' dir='ltr'><strong>ad</strong></span> <span class='ocrx_word' id='word_1_24' title='bbox 1276 659 1410 697; x_wconf 90' lang='lat' dir='ltr'><strong>eum</strong></span> <span class='ocrx_word' id='word_1_25' title='bbox 1445 642 1624 697; x_wconf 86' lang='lat' dir='ltr'><strong>fuisse</strong></span> <span class='ocrx_word' id='word_1_26' title='bbox 1672 641 1917 696; x_wconf 86' lang='lat' dir='ltr'><strong>allatum</strong></span> 
     </span>
    </p>
   </div>
   <div class='ocr_carea' id='block_1_5' title="bbox 266 731 1921 803">
    <p class='ocr_par' dir='ltr' id='par_1_5' title="bbox 266 731 1921 803">
     <span class='ocr_line' id='line_1_5' title="bbox 266 731 1921 803; baseline 0 -18"><span class='ocrx_word' id='word_1_27' title='bbox 266 731 568 800; x_wconf 88' lang='lat' dir='ltr'><strong>nuntium,</strong></span> <span class='ocrx_word' id='word_1_28' title='bbox 622 732 1009 803; x_wconf 86' lang='lat' dir='ltr'><strong>drungarium</strong></span> <span class='ocrx_word' id='word_1_29' title='bbox 1061 733 1141 786; x_wconf 91' lang='lat' dir='ltr'><strong>rei</strong></span> <span class='ocrx_word' id='word_1_30' title='bbox 1191 731 1415 787; x_wconf 86' lang='lat' dir='ltr'><strong>navalis</strong></span> <span class='ocrx_word' id='word_1_31' title='bbox 1464 748 1597 787; x_wconf 90' lang='lat' dir='ltr'><strong>cum</strong></span> <span class='ocrx_word' id='word_1_32' title='bbox 1647 733 1921 786; x_wconf 83' lang='lat' dir='ltr'><strong>universa</strong></span> 
     </span>
    </p>
   </div>
   <div class='ocr_carea' id='block_1_6' title="bbox 266 819 1918 891">
    <p class='ocr_par' dir='ltr' id='par_1_6' title="bbox 266 819 1918 891">
     <span class='ocr_line' id='line_1_6' title="bbox 266 819 1918 891; baseline 0 -17"><span class='ocrx_word' id='word_1_33' title='bbox 266 819 455 875; x_wconf 82' lang='lat' dir='ltr'><strong>classe</strong></span> <span class='ocrx_word' id='word_1_34' title='bbox 486 819 647 875; x_wconf 89' lang='lat' dir='ltr'><strong>abire</strong></span> <span class='ocrx_word' id='word_1_35' title='bbox 678 822 874 876; x_wconf 90' lang='lat' dir='ltr'><strong>animo</strong></span> <span class='ocrx_word' id='word_1_36' title='bbox 920 821 1244 889; x_wconf 86' lang='lat' dir='ltr'><strong>occupandi</strong></span> <span class='ocrx_word' id='word_1_37' title='bbox 1281 821 1533 891; x_wconf 87' lang='lat' dir='ltr'><strong>imperii.</strong></span> <span class='ocrx_word' id='word_1_38' title='bbox 1558 820 1679 882; x_wconf 87' lang='lat' dir='ltr'><strong>Quo</strong></span> <span class='ocrx_word' id='word_1_39' title='bbox 1712 821 1918 875; x_wconf 89' lang='lat' dir='ltr'><strong>nuntio</strong></span> 
     </span>
    </p>
   </div>
   <div class='ocr_carea' id='block_1_7' title="bbox 265 908 1917 981">
    <p class='ocr_par' dir='ltr' id='par_1_7' title="bbox 265 908 1917 981">
     <span class='ocr_line' id='line_1_7' title="bbox 265 908 1917 981; baseline 0.001 -18"><span class='ocrx_word' id='word_1_40' title='bbox 265 909 585 964; x_wconf 87' lang='lat' dir='ltr'><strong>attonitum</strong></span> <span class='ocrx_word' id='word_1_41' title='bbox 620 925 754 965; x_wconf 89' lang='lat' dir='ltr'><strong>eum</strong></span> <span class='ocrx_word' id='word_1_42' title='bbox 790 917 850 964; x_wconf 84' lang='lat' dir='ltr'><strong>ut</strong></span> <span class='ocrx_word' id='word_1_43' title='bbox 881 909 979 980; x_wconf 90' lang='lat' dir='ltr'><strong>qui</strong></span> <span class='ocrx_word' id='word_1_44' title='bbox 1031 926 1322 964; x_wconf 82' lang='lat' dir='ltr'><strong>summam</strong></span> <span class='ocrx_word' id='word_1_45' title='bbox 1374 926 1569 964; x_wconf 90' lang='lat' dir='ltr'><strong>rerum</strong></span> <span class='ocrx_word' id='word_1_46' title='bbox 1601 908 1711 964; x_wconf 84' lang='lat' dir='ltr'>sibi</span> <span class='ocrx_word' id='word_1_47' title='bbox 1743 910 1917 981; x_wconf 83' lang='lat' dir='ltr'><strong>depo-</strong></span> 
     </span>
    </p>
   </div>
   <div class='ocr_carea' id='block_1_8' title="bbox 264 997 1919 1063">
    <p class='ocr_par' dir='ltr' id='par_1_8' title="bbox 264 997 1919 1063">
     <span class='ocr_line' id='line_1_8' title="bbox 264 997 1919 1063; baseline -0.001 -10"><span class='ocrx_word' id='word_1_48' title='bbox 264 1002 471 1063; x_wconf 80' lang='lat' dir='ltr'><strong>sceret,</strong></span> <span class='ocrx_word' id='word_1_49' title='bbox 506 998 729 1054; x_wconf 89' lang='lat' dir='ltr'><strong>omissa</strong></span> <span class='ocrx_word' id='word_1_50' title='bbox 772 997 1152 1054; x_wconf 88' lang='lat' dir='ltr'><strong>insectatione</strong></span> <span class='ocrx_word' id='word_1_51' title='bbox 1192 998 1453 1053; x_wconf 89' lang='lat' dir='ltr'><strong>hostium</strong></span> <span class='ocrx_word' id='word_1_52' title='bbox 1486 998 1543 1053; x_wconf 90' lang='lat' dir='ltr'><strong>in</strong></span> <span class='ocrx_word' id='word_1_53' title='bbox 1578 1003 1771 1054; x_wconf 85' lang='lat' dir='ltr'><strong>castra</strong></span> <span class='ocrx_word' id='word_1_54' title='bbox 1801 998 1919 1053; x_wconf 83' lang='lat' dir='ltr'><strong>veri</strong></span> 
     </span>
    </p>
   </div>
   <div class='ocr_carea' id='block_1_9' title="bbox 262 1088 1918 1144">
    <p class='ocr_par' dir='ltr' id='par_1_9' title="bbox 262 1088 1918 1144">
     <span class='ocr_line' id='line_1_9' title="bbox 262 1088 1918 1144; baseline 0 -2"><span class='ocrx_word' id='word_1_55' title='bbox 262 1088 525 1143; x_wconf 82' lang='lat' dir='ltr'><strong>discendi</strong></span> <span class='ocrx_word' id='word_1_56' title='bbox 557 1105 737 1144; x_wconf 89' lang='lat' dir='ltr'><strong>causa</strong></span> <span class='ocrx_word' id='word_1_57' title='bbox 784 1088 1028 1144; x_wconf 84' lang='lat' dir='ltr'><strong>rediisse</strong></span> <span class='ocrx_word' id='word_1_58' title='bbox 1062 1105 1074 1142; x_wconf 86' lang='lat'><strong>:</strong></span> <span class='ocrx_word' id='word_1_59' title='bbox 1124 1088 1378 1143; x_wconf 89' lang='lat' dir='ltr'><strong>diditum</strong></span> <span class='ocrx_word' id='word_1_60' title='bbox 1412 1106 1479 1144; x_wconf 81' lang='lat' dir='ltr'><strong>ex</strong></span> <span class='ocrx_word' id='word_1_61' title='bbox 1509 1105 1575 1144; x_wconf 91' lang='lat' dir='ltr'><strong>eo</strong></span> <span class='ocrx_word' id='word_1_62' title='bbox 1623 1105 1918 1143; x_wconf 87' lang='lat' dir='ltr'><strong>rumorem</strong></span> 
     </span>
    </p>
   </div>
   <div class='ocr_carea' id='block_1_10' title="bbox 264 1176 1921 1248">
    <p class='ocr_par' dir='ltr' id='par_1_10' title="bbox 264 1176 1921 1248">
     <span class='ocr_line' id='line_1_10' title="bbox 264 1176 1921 1248; baseline 0.002 -19"><span class='ocrx_word' id='word_1_63' title='bbox 264 1176 489 1247; x_wconf 82' lang='lat' dir='ltr'><strong>fugisse</strong></span> <span class='ocrx_word' id='word_1_64' title='bbox 538 1177 950 1244; x_wconf 90' lang='lat' dir='ltr'><strong>domesticum,</strong></span> <span class='ocrx_word' id='word_1_65' title='bbox 998 1177 1247 1248; x_wconf 87' lang='lat' dir='ltr'><strong>ideoque</strong></span> <span class='ocrx_word' id='word_1_66' title='bbox 1298 1176 1512 1233; x_wconf 87' lang='lat' dir='ltr'><strong>milites</strong></span> <span class='ocrx_word' id='word_1_67' title='bbox 1559 1177 1921 1233; x_wconf 76' lang='lat' dir='ltr'><strong>fortitudinis</strong></span> 
     </span>
    </p>
   </div>
   <div class='ocr_carea' id='block_1_11' title="bbox 264 1265 1920 1338">
    <p class='ocr_par' dir='ltr' id='par_1_11' title="bbox 264 1265 1920 1338">
     <span class='ocr_line' id='line_1_11' title="bbox 264 1265 1920 1338; baseline 0 -17"><span class='ocrx_word' id='word_1_68' title='bbox 264 1265 480 1321; x_wconf 90' lang='lat' dir='ltr'><strong>oblitos</strong></span> <span class='ocrx_word' id='word_1_69' title='bbox 523 1266 723 1337; x_wconf 72' lang='lat' dir='ltr'><strong>fugam</strong></span> <span class='ocrx_word' id='word_1_70' title='bbox 774 1266 1002 1321; x_wconf 81' lang='lat' dir='ltr'><strong>fecisse.</strong></span> <span class='ocrx_word' id='word_1_71' title='bbox 1035 1267 1391 1333; x_wconf 87' lang='lat' dir='ltr'><strong>Simeonem,</strong></span> <span class='ocrx_word' id='word_1_72' title='bbox 1443 1266 1542 1337; x_wconf 90' lang='lat' dir='ltr'><strong>qui</strong></span> <span class='ocrx_word' id='word_1_73' title='bbox 1592 1272 1920 1338; x_wconf 87' lang='lat' dir='ltr'><strong>opportuno</strong></span> 
     </span>
    </p>
   </div>
   <div class='ocr_carea' id='block_1_12' title="bbox 263 1354 1920 1426">
    <p class='ocr_par' dir='ltr' id='par_1_12' title="bbox 263 1354 1920 1426">
     <span class='ocr_line' id='line_1_12' title="bbox 263 1354 1920 1426; baseline 0.002 -18"><span class='ocrx_word' id='word_1_74' title='bbox 263 1354 389 1409; x_wconf 91' lang='lat' dir='ltr'><strong>loco</strong></span> <span class='ocrx_word' id='word_1_75' title='bbox 438 1358 604 1409; x_wconf 86' lang='lat' dir='ltr'><strong>stans</strong></span> <span class='ocrx_word' id='word_1_76' title='bbox 662 1354 881 1409; x_wconf 83' lang='lat' dir='ltr'><strong>exitum</strong></span> <span class='ocrx_word' id='word_1_77' title='bbox 939 1354 1280 1410; x_wconf 80' lang='lat' dir='ltr'><strong>certaminis</strong></span> <span class='ocrx_word' id='word_1_78' title='bbox 1330 1355 1760 1426; x_wconf 85' lang='lat' dir='ltr'><strong>opperiebatur,</strong></span> <span class='ocrx_word' id='word_1_79' title='bbox 1812 1356 1920 1411; x_wconf 91' lang='lat' dir='ltr'><strong>hoc</strong></span> 
     </span>
    </p>
   </div>
   <div class='ocr_carea' id='block_1_13' title="bbox 262 1442 1920 1516">
    <p class='ocr_par' dir='ltr' id='par_1_13' title="bbox 262 1442 1920 1516">
     <span class='ocr_line' id='line_1_13' title="bbox 262 1442 1920 1516; baseline 0.002 -19"><span class='ocrx_word' id='word_1_80' title='bbox 262 1442 673 1499; x_wconf 88' lang='lat' dir='ltr'><strong>animadverso</strong></span> <span class='ocrx_word' id='word_1_81' title='bbox 725 1443 909 1499; x_wconf 72' lang='lat' dir='ltr'><strong>effuse</strong></span> <span class='ocrx_word' id='word_1_82' title='bbox 959 1444 1018 1499; x_wconf 89' lang='lat' dir='ltr'><strong>in</strong></span> <span class='ocrx_word' id='word_1_83' title='bbox 1070 1444 1364 1500; x_wconf 81' lang='lat' dir='ltr'><strong>Romanos</strong></span> <span class='ocrx_word' id='word_1_84' title='bbox 1407 1445 1672 1511; x_wconf 89' lang='lat' dir='ltr'><strong>irruisse,</strong></span> <span class='ocrx_word' id='word_1_85' title='bbox 1721 1446 1920 1516; x_wconf 88' lang='lat' dir='ltr'><strong>itaque</strong></span> 
     </span>
    </p>
   </div>
   <div class='ocr_carea' id='block_1_14' title="bbox 260 1532 1919 1605">
    <p class='ocr_par' dir='ltr' id='par_1_14' title="bbox 260 1532 1919 1605">
     <span class='ocr_line' id='line_1_14' title="bbox 260 1532 1919 1605; baseline 0.002 -19"><span class='ocrx_word' id='word_1_86' title='bbox 260 1532 568 1587; x_wconf 81' lang='lat' dir='ltr'><strong>victoriam</strong></span> <span class='ocrx_word' id='word_1_87' title='bbox 614 1532 685 1587; x_wconf 91' lang='lat' dir='ltr'><strong>iis</strong></span> <span class='ocrx_word' id='word_1_88' title='bbox 723 1532 912 1603; x_wconf 91' lang='lat' dir='ltr'><strong>pulsis</strong></span> <span class='ocrx_word' id='word_1_89' title='bbox 961 1533 1245 1604; x_wconf 70' lang='lat' dir='ltr'><strong>caesisque</strong></span> <span class='ocrx_word' id='word_1_90' title='bbox 1296 1551 1619 1605; x_wconf 85' lang='lat' dir='ltr'><strong>reparasse.</strong></span> <span class='ocrx_word' id='word_1_91' title='bbox 1653 1535 1782 1589; x_wconf 89' lang='lat' dir='ltr'><strong>Sive</strong></span> <span class='ocrx_word' id='word_1_92' title='bbox 1813 1536 1919 1589; x_wconf 93' lang='lat' dir='ltr'><strong>hoc</strong></span> 
     </span>
    </p>
   </div>
   <div class='ocr_carea' id='block_1_15' title="bbox 264 1619 1918 1695">
    <p class='ocr_par' dir='ltr' id='par_1_15' title="bbox 264 1619 1918 1695">
     <span class='ocr_line' id='line_1_15' title="bbox 264 1619 1918 1695; baseline 0.002 -19"><span class='ocrx_word' id='word_1_93' title='bbox 264 1620 385 1676; x_wconf 87' lang='lat' dir='ltr'><strong>sive</strong></span> <span class='ocrx_word' id='word_1_94' title='bbox 416 1619 516 1675; x_wconf 89' lang='lat' dir='ltr'><strong>illo</strong></span> <span class='ocrx_word' id='word_1_95' title='bbox 550 1622 723 1675; x_wconf 89' lang='lat' dir='ltr'><strong>modo</strong></span> <span class='ocrx_word' id='word_1_96' title='bbox 756 1638 848 1676; x_wconf 87' lang='lat' dir='ltr'><strong>res</strong></span> <span class='ocrx_word' id='word_1_97' title='bbox 879 1628 1043 1692; x_wconf 89' lang='lat' dir='ltr'><strong>gesta</strong></span> <span class='ocrx_word' id='word_1_98' title='bbox 1066 1623 1161 1691; x_wconf 87' lang='lat' dir='ltr'><strong>sit,</strong></span> <span class='ocrx_word' id='word_1_99' title='bbox 1186 1623 1432 1678; x_wconf 80' lang='lat' dir='ltr'><strong>Romani</strong></span> <span class='ocrx_word' id='word_1_100' title='bbox 1461 1628 1613 1679; x_wconf 92' lang='lat' dir='ltr'><strong>certe</strong></span> <span class='ocrx_word' id='word_1_101' title='bbox 1642 1639 1710 1678; x_wconf 89' lang='lat' dir='ltr'><strong>ea</strong></span> <span class='ocrx_word' id='word_1_102' title='bbox 1741 1641 1918 1695; x_wconf 90' lang='lat' dir='ltr'><strong>quam</strong></span> 
     </span>
    </p>
   </div>
   <div class='ocr_carea' id='block_1_16' title="bbox 262 1708 1185 1766">
    <p class='ocr_par' dir='ltr' id='par_1_16' title="bbox 262 1708 1185 1766">
     <span class='ocr_line' id='line_1_16' title="bbox 262 1708 1185 1766; baseline 0.003 -3"><span class='ocrx_word' id='word_1_103' title='bbox 262 1708 582 1764; x_wconf 89' lang='lat' dir='ltr'><strong>retulimus</strong></span> <span class='ocrx_word' id='word_1_104' title='bbox 615 1709 805 1764; x_wconf 79' lang='lat' dir='ltr'><strong>affecti</strong></span> <span class='ocrx_word' id='word_1_105' title='bbox 836 1716 977 1765; x_wconf 90' lang='lat' dir='ltr'><strong>sunt</strong></span> <span class='ocrx_word' id='word_1_106' title='bbox 1002 1710 1185 1766; x_wconf 88' lang='lat' dir='ltr'><strong>clade.</strong></span> 
     </span>
    </p>
   </div>
   <div class='ocr_carea' id='block_1_17' title="bbox 2097 457 3676 537">
    <p class='ocr_par' dir='ltr' id='par_1_17' title="bbox 2097 457 3676 537">
     <span class='ocr_line' id='line_1_17' title="bbox 2097 457 3676 537; baseline -0.001 -22"><span class='ocrx_word' id='word_1_107' title='bbox 2097 458 2297 515; x_wconf 85' lang='grc' dir='ltr'>Ἀλλοὶ</span> <span class='ocrx_word' id='word_1_108' title='bbox 2348 457 2405 514; x_wconf 73' lang='grc' dir='ltr'>δὲ</span> <span class='ocrx_word' id='word_1_109' title='bbox 2462 459 2571 534; x_wconf 79' lang='grc' dir='ltr'><strong>οὐχ</strong></span> <span class='ocrx_word' id='word_1_110' title='bbox 2628 459 2770 515; x_wconf 73' lang='grc' dir='ltr'>οὕτω</span> <span class='ocrx_word' id='word_1_111' title='bbox 2829 460 2954 537; x_wconf 84' lang='grc' dir='ltr'>φασὶ</span> <span class='ocrx_word' id='word_1_112' title='bbox 3005 461 3250 533; x_wconf 80' lang='grc' dir='ltr'>γενέσθαι</span> <span class='ocrx_word' id='word_1_113' title='bbox 3303 461 3402 528; x_wconf 80' lang='grc' dir='ltr'>τὴν</span> <span class='ocrx_word' id='word_1_114' title='bbox 3464 461 3676 534; x_wconf 76' lang='grc' dir='ltr'>τροπὴν</span> 
     </span>
    </p>
   </div>
   <div class='ocr_carea' id='block_1_18' title="bbox 2026 545 3673 624">
    <p class='ocr_par' dir='ltr' id='par_1_18' title="bbox 2026 545 3673 624">
     <span class='ocr_line' id='line_1_18' title="bbox 2026 545 3673 624; baseline -0.001 -21"><span class='ocrx_word' id='word_1_115' title='bbox 2026 550 2350 623; x_wconf 83' lang='grc' dir='ltr'>Ῥωμαίων,</span> <span class='ocrx_word' id='word_1_116' title='bbox 2400 548 2601 623; x_wconf 79' lang='grc' dir='ltr'><strong>τρόπον</strong></span> <span class='ocrx_word' id='word_1_117' title='bbox 2654 546 2710 603; x_wconf 77' lang='grc' dir='ltr'><strong>δὲ</strong></span> <span class='ocrx_word' id='word_1_118' title='bbox 2758 545 2961 623; x_wconf 70' lang='grc' dir='ltr'>ἕτερον.</span> <span class='ocrx_word' id='word_1_119' title='bbox 3021 547 3369 623; x_wconf 76' lang='grc' dir='ltr'>Τρεψαμὲνου</span> <span class='ocrx_word' id='word_1_120' title='bbox 3424 548 3524 624; x_wconf 78' lang='grc' dir='ltr'>γὰρ</span> <span class='ocrx_word' id='word_1_121' title='bbox 3576 552 3673 603; x_wconf 66' lang='grc' dir='ltr'><strong>τοῦ</strong></span> 
     </span>
    </p>
   </div>
   <div class='ocr_carea' id='block_1_19' title="bbox 2029 634 3676 715">
    <p class='ocr_par' dir='ltr' id='par_1_19' title="bbox 2029 634 3676 715">
     <span class='ocr_line' id='line_1_19' title="bbox 2029 634 3676 715; baseline -0.001 -24"><span class='ocrx_word' id='word_1_122' title='bbox 2029 643 2197 691; x_wconf 81' lang='grc' dir='ltr'><strong>Φωκᾶ</strong></span> <span class='ocrx_word' id='word_1_123' title='bbox 2245 642 2337 692; x_wconf 83' lang='grc' dir='ltr'><strong>τὸν</strong></span> <span class='ocrx_word' id='word_1_124' title='bbox 2399 638 2622 710; x_wconf 86' lang='grc' dir='ltr'>Συμεὼν</span> <span class='ocrx_word' id='word_1_125' title='bbox 2670 640 2758 693; x_wconf 75' lang='grc' dir='ltr'><strong>καὶ</strong></span> <span class='ocrx_word' id='word_1_126' title='bbox 2805 636 3120 704; x_wconf 74' lang='grc' dir='ltr'>διώκοντος,</span> <span class='ocrx_word' id='word_1_127' title='bbox 3179 639 3335 715; x_wconf 77' lang='grc' dir='ltr'>φήμη</span> <span class='ocrx_word' id='word_1_128' title='bbox 3384 658 3467 698; x_wconf 91' lang='grc' dir='ltr'><strong>τις</strong></span> <span class='ocrx_word' id='word_1_129' title='bbox 3526 634 3676 708; x_wconf 74' lang='grc' dir='ltr'>ἐξαί-</span> 
     </span>
    </p>
   </div>
   <div class='ocr_carea' id='block_1_20' title="bbox 2029 723 3677 805">
    <p class='ocr_par' dir='ltr' id='par_1_20' title="bbox 2029 723 3677 805">
     <span class='ocr_line' id='line_1_20' title="bbox 2029 723 3677 805; baseline -0.001 -25"><span class='ocrx_word' id='word_1_130' title='bbox 2029 750 2160 805; x_wconf 80' lang='grc' dir='ltr'>φνης</span> <span class='ocrx_word' id='word_1_131' title='bbox 2196 726 2389 805; x_wconf 83' lang='grc' dir='ltr'>ἔφθασε</span> <span class='ocrx_word' id='word_1_132' title='bbox 2419 729 2555 803; x_wconf 86' lang='grc' dir='ltr'>πρὸς</span> <span class='ocrx_word' id='word_1_133' title='bbox 2593 726 2749 782; x_wconf 66' lang='grc' dir='ltr'>αὑτὸν</span> <span class='ocrx_word' id='word_1_134' title='bbox 2800 725 3213 803; x_wconf 71' lang='grc' dir='ltr'><strong>ἐπαγγέλλουσα</strong></span> <span class='ocrx_word' id='word_1_135' title='bbox 3275 727 3346 787; x_wconf 85' lang='grc' dir='ltr'>ὡς</span> <span class='ocrx_word' id='word_1_136' title='bbox 3404 727 3431 780; x_wconf 97' lang='lat'><strong>6</strong></span> <span class='ocrx_word' id='word_1_137' title='bbox 3487 723 3677 799; x_wconf 85' lang='grc' dir='ltr'>δρουγ-</span> 
     </span>
    </p>
   </div>
   <div class='ocr_carea' id='block_1_21' title="bbox 2028 814 3673 892">
    <p class='ocr_par' dir='ltr' id='par_1_21' title="bbox 2028 814 3673 892">
     <span class='ocr_line' id='line_1_21' title="bbox 2028 814 3673 892; baseline -0.001 -22"><span class='ocrx_word' id='word_1_138' title='bbox 2028 819 2219 892; x_wconf 81' lang='grc' dir='ltr'>γάριος</span> <span class='ocrx_word' id='word_1_139' title='bbox 2251 822 2357 871; x_wconf 91' lang='grc' dir='ltr'><strong>τῶν</strong></span> <span class='ocrx_word' id='word_1_140' title='bbox 2391 816 2664 889; x_wconf 75' lang='grc' dir='ltr'>πλωίμων</span> <span class='ocrx_word' id='word_1_141' title='bbox 2701 815 2879 871; x_wconf 82' lang='grc' dir='ltr'>ἄπεισι</span> <span class='ocrx_word' id='word_1_142' title='bbox 2918 817 3050 889; x_wconf 85' lang='grc' dir='ltr'><strong>μετά</strong></span> <span class='ocrx_word' id='word_1_143' title='bbox 3081 821 3177 870; x_wconf 78' lang='grc' dir='ltr'><strong>τοῦ</strong></span> <span class='ocrx_word' id='word_1_144' title='bbox 3217 814 3417 871; x_wconf 87' lang='grc' dir='ltr'>στόλου</span> <span class='ocrx_word' id='word_1_145' title='bbox 3448 815 3673 882; x_wconf 85' lang='grc' dir='ltr'>παντὸς,</span> 
     </span>
    </p>
   </div>
   <div class='ocr_carea' id='block_1_22' title="bbox 2026 903 3672 982">
    <p class='ocr_par' dir='ltr' id='par_1_22' title="bbox 2026 903 3672 982">
     <span class='ocr_line' id='line_1_22' title="bbox 2026 903 3672 982; baseline -0.002 -21"><span class='ocrx_word' id='word_1_146' title='bbox 2026 904 2492 979; x_wconf 66' lang='grc' dir='ltr'><strong>παραληψόμενος</strong></span> <span class='ocrx_word' id='word_1_147' title='bbox 2535 908 2632 975; x_wconf 73' lang='grc' dir='ltr'>τὴν</span> <span class='ocrx_word' id='word_1_148' title='bbox 2688 905 2984 982; x_wconf 89' lang='grc' dir='ltr'>βασιλείαν.</span> <span class='ocrx_word' id='word_1_149' title='bbox 3046 906 3101 958; x_wconf 71' lang='grc' dir='ltr'>Ὀ</span> <span class='ocrx_word' id='word_1_150' title='bbox 3151 903 3209 959; x_wconf 74' lang='grc' dir='ltr'>δὲ</span> <span class='ocrx_word' id='word_1_151' title='bbox 3262 909 3331 978; x_wconf 80' lang='grc' dir='ltr'>τῇ</span> <span class='ocrx_word' id='word_1_152' title='bbox 3382 909 3518 969; x_wconf 87' lang='grc' dir='ltr'>ακοῆ</span> <span class='ocrx_word' id='word_1_153' title='bbox 3576 924 3672 957; x_wconf 81' lang='grc' dir='ltr'>κα-</span> 
     </span>
    </p>
   </div>
   <div class='ocr_carea' id='block_1_23' title="bbox 2028 991 3677 1073">
    <p class='ocr_par' dir='ltr' id='par_1_23' title="bbox 2028 991 3677 1073">
     <span class='ocr_line' id='line_1_23' title="bbox 2028 991 3677 1073; baseline -0.012 -9"><span class='ocrx_word' id='word_1_154' title='bbox 2028 991 2414 1069; x_wconf 68' lang='grc' dir='ltr'>ταϐροντηθεῖς</span> <span class='ocrx_word' id='word_1_155' title='bbox 2481 996 2871 1073; x_wconf 83' lang='grc' dir='ltr'>(ἐσφετερίζετο</span> <span class='ocrx_word' id='word_1_156' title='bbox 2918 995 3018 1070; x_wconf 78' lang='grc' dir='ltr'>γὰρ</span> <span class='ocrx_word' id='word_1_157' title='bbox 3082 995 3159 1058; x_wconf 72' lang='grc' dir='ltr'>εἷς</span> <span class='ocrx_word' id='word_1_158' title='bbox 3217 995 3403 1050; x_wconf 69' lang='grc' dir='ltr'>ἑαυτὸν</span> <span class='ocrx_word' id='word_1_159' title='bbox 3458 995 3521 1048; x_wconf 89' lang='grc' dir='ltr'>τὸ</span> <span class='ocrx_word' id='word_1_160' title='bbox 3578 996 3677 1057; x_wconf 77' lang='grc' dir='ltr'>τῆς</span> 
     </span>
    </p>
   </div>
   <div class='ocr_carea' id='block_1_24' title="bbox 2034 1080 3673 1161">
    <p class='ocr_par' dir='ltr' id='par_1_24' title="bbox 2034 1080 3673 1161">
     <span class='ocr_line' id='line_1_24' title="bbox 2034 1080 3673 1161; baseline -0.002 -22"><span class='ocrx_word' id='word_1_161' title='bbox 2034 1084 2311 1160; x_wconf 87' lang='grc' dir='ltr'>βασιλείας</span> <span class='ocrx_word' id='word_1_162' title='bbox 2353 1087 2611 1161; x_wconf 73' lang='grc' dir='ltr'>κράτος),</span> <span class='ocrx_word' id='word_1_163' title='bbox 2662 1082 2977 1139; x_wconf 85' lang='grc' dir='ltr'>καταλιπὼν</span> <span class='ocrx_word' id='word_1_164' title='bbox 3020 1084 3082 1138; x_wconf 81' lang='grc' dir='ltr'>τὸ</span> <span class='ocrx_word' id='word_1_165' title='bbox 3142 1080 3358 1138; x_wconf 81' lang='grc' dir='ltr'>διώκειν</span> <span class='ocrx_word' id='word_1_166' title='bbox 3416 1081 3673 1150; x_wconf 70' lang='grc' dir='ltr'>ὑπέστρε-</span> 
     </span>
    </p>
   </div>
   <div class='ocr_carea' id='block_1_25' title="bbox 2029 1166 3673 1249">
    <p class='ocr_par' dir='ltr' id='par_1_25' title="bbox 2029 1166 3673 1249">
     <span class='ocr_line' id='line_1_25' title="bbox 2029 1166 3673 1249; baseline -0.002 -21"><span class='ocrx_word' id='word_1_167' title='bbox 2029 1178 2123 1248; x_wconf 82' lang='grc' dir='ltr'><strong>ψεν</strong></span> <span class='ocrx_word' id='word_1_168' title='bbox 2177 1174 2251 1236; x_wconf 84' lang='grc' dir='ltr'><strong>εἷς</strong></span> <span class='ocrx_word' id='word_1_169' title='bbox 2307 1175 2405 1242; x_wconf 81' lang='grc' dir='ltr'>τὴν</span> <span class='ocrx_word' id='word_1_170' title='bbox 2464 1168 2827 1249; x_wconf 71' lang='grc' dir='ltr'>παρεμὸρλήν</span> <span class='ocrx_word' id='word_1_171' title='bbox 2889 1175 2961 1234; x_wconf 84' lang='grc' dir='ltr'>ὡς</span> <span class='ocrx_word' id='word_1_172' title='bbox 3008 1175 3153 1247; x_wconf 80' lang='grc' dir='ltr'><strong>τάχα</strong></span> <span class='ocrx_word' id='word_1_173' title='bbox 3202 1172 3264 1226; x_wconf 88' lang='grc' dir='ltr'>τὸ</span> <span class='ocrx_word' id='word_1_174' title='bbox 3322 1166 3381 1226; x_wconf 82' lang='grc' dir='ltr'><strong>όν</strong></span> <span class='ocrx_word' id='word_1_175' title='bbox 3440 1171 3673 1245; x_wconf 85' lang='grc' dir='ltr'>μαθησό-</span> 
     </span>
    </p>
   </div>
   <div class='ocr_carea' id='block_1_26' title="bbox 2033 1260 3673 1337">
    <p class='ocr_par' dir='ltr' id='par_1_26' title="bbox 2033 1260 3673 1337">
     <span class='ocr_line' id='line_1_26' title="bbox 2033 1260 3673 1337; baseline -0.004 -19"><span class='ocrx_word' id='word_1_176' title='bbox 2033 1284 2211 1337; x_wconf 91' lang='grc' dir='ltr'>μενος.</span> <span class='ocrx_word' id='word_1_177' title='bbox 2273 1261 2617 1327; x_wconf 74' lang='grc' dir='ltr'>Διαδοθέντος</span> <span class='ocrx_word' id='word_1_178' title='bbox 2672 1261 2728 1317; x_wconf 73' lang='grc' dir='ltr'>δὲ</span> <span class='ocrx_word' id='word_1_179' title='bbox 2788 1260 2961 1337; x_wconf 80' lang='grc' dir='ltr'>λόγου</span> <span class='ocrx_word' id='word_1_180' title='bbox 3019 1262 3155 1337; x_wconf 87' lang='grc' dir='ltr'>πρὸς</span> <span class='ocrx_word' id='word_1_181' title='bbox 3186 1262 3277 1315; x_wconf 84' lang='grc' dir='ltr'>τὸν</span> <span class='ocrx_word' id='word_1_182' title='bbox 3314 1261 3537 1334; x_wconf 86' lang='grc' dir='ltr'>στρατὸν</span> <span class='ocrx_word' id='word_1_183' title='bbox 3598 1261 3673 1320; x_wconf 82' lang='grc' dir='ltr'><strong>ὡς</strong></span> 
     </span>
    </p>
   </div>
   <div class='ocr_carea' id='block_1_27' title="bbox 2031 1348 3673 1430">
    <p class='ocr_par' dir='ltr' id='par_1_27' title="bbox 2031 1348 3673 1430">
     <span class='ocr_line' id='line_1_27' title="bbox 2031 1348 3673 1430; baseline -0.002 -24"><span class='ocrx_word' id='word_1_184' title='bbox 2031 1353 2057 1406; x_wconf 92' lang='lat'><strong>6</strong></span> <span class='ocrx_word' id='word_1_185' title='bbox 2099 1350 2419 1425; x_wconf 76' lang='grc' dir='ltr'>δομὲστικος</span> <span class='ocrx_word' id='word_1_186' title='bbox 2480 1352 2757 1430; x_wconf 76' lang='grc' dir='ltr'>πέφευγεν,</span> <span class='ocrx_word' id='word_1_187' title='bbox 2819 1355 2900 1422; x_wconf 85' lang='grc' dir='ltr'><strong>[Ρ.</strong></span> <span class='ocrx_word' id='word_1_188' title='bbox 2951 1352 3080 1425; x_wconf 80' lang='grc'><strong>614]</strong></span> <span class='ocrx_word' id='word_1_189' title='bbox 3126 1349 3301 1419; x_wconf 80' lang='grc' dir='ltr'>ἀλκῆς</span> <span class='ocrx_word' id='word_1_190' title='bbox 3349 1348 3673 1419; x_wconf 80' lang='grc' dir='ltr'>ἐπιλησθὲν-</span> 
     </span>
    </p>
   </div>
   <div class='ocr_carea' id='block_1_28' title="bbox 2027 1437 3671 1513">
    <p class='ocr_par' dir='ltr' id='par_1_28' title="bbox 2027 1437 3671 1513">
     <span class='ocr_line' id='line_1_28' title="bbox 2027 1437 3671 1513; baseline -0.004 -17"><span class='ocrx_word' id='word_1_191' title='bbox 2027 1463 2112 1504; x_wconf 86' lang='grc' dir='ltr'>τες</span> <span class='ocrx_word' id='word_1_192' title='bbox 2144 1442 2193 1496; x_wconf 74' lang='grc' dir='ltr'>οἱ</span> <span class='ocrx_word' id='word_1_193' title='bbox 2227 1441 2413 1497; x_wconf 78' lang='grc' dir='ltr'>λοιποὶ</span> <span class='ocrx_word' id='word_1_194' title='bbox 2458 1440 2676 1496; x_wconf 79' lang='grc' dir='ltr'>ἐποίουν</span> <span class='ocrx_word' id='word_1_195' title='bbox 2735 1441 2963 1513; x_wconf 85' lang='grc' dir='ltr'>ὁμοίως.</span> <span class='ocrx_word' id='word_1_196' title='bbox 3023 1440 3125 1501; x_wconf 77' lang='grc' dir='ltr'>Οὕς</span> <span class='ocrx_word' id='word_1_197' title='bbox 3180 1437 3309 1494; x_wconf 81' lang='grc' dir='ltr'>ἰδὼν</span> <span class='ocrx_word' id='word_1_198' title='bbox 3362 1440 3389 1493; x_wconf 91' lang='lat'><strong>6</strong></span> <span class='ocrx_word' id='word_1_199' title='bbox 3445 1438 3671 1509; x_wconf 83' lang='grc' dir='ltr'>Συμεών</span> 
     </span>
    </p>
   </div>
   <div class='ocr_carea' id='block_1_29' title="bbox 2030 1526 3673 1609">
    <p class='ocr_par' dir='ltr' id='par_1_29' title="bbox 2030 1526 3673 1609">
     <span class='ocr_line' id='line_1_29' title="bbox 2030 1526 3673 1609; baseline -0.003 -24"><span class='ocrx_word' id='word_1_200' title='bbox 2030 1530 2316 1609; x_wconf 85' lang='grc' dir='ltr'>φεύγοντας</span> <span class='ocrx_word' id='word_1_201' title='bbox 2392 1531 2598 1603; x_wconf 67' lang='grc' dir='ltr'>(ἵστατο</span> <span class='ocrx_word' id='word_1_202' title='bbox 2652 1533 2756 1605; x_wconf 78' lang='grc' dir='ltr'>γὰρ</span> <span class='ocrx_word' id='word_1_203' title='bbox 2791 1574 2804 1598; x_wconf 87' lang='grc'><strong>,</strong></span> <span class='ocrx_word' id='word_1_204' title='bbox 2885 1530 2959 1592; x_wconf 82' lang='grc' dir='ltr'>ὡς</span> <span class='ocrx_word' id='word_1_205' title='bbox 3013 1526 3225 1602; x_wconf 63' lang='grc' dir='ltr'>εἴρηται</span> <span class='ocrx_word' id='word_1_206' title='bbox 3259 1574 3273 1599; x_wconf 88' lang='grc'><strong>,</strong></span> <span class='ocrx_word' id='word_1_207' title='bbox 3329 1528 3383 1582; x_wconf 82' lang='grc' dir='ltr'>ἐν</span> <span class='ocrx_word' id='word_1_208' title='bbox 3438 1526 3673 1602; x_wconf 79' lang='grc' dir='ltr'>εὐκαίρῳ</span> 
     </span>
    </p>
   </div>
   <div class='ocr_carea' id='block_1_30' title="bbox 2026 1616 3669 1694">
    <p class='ocr_par' dir='ltr' id='par_1_30' title="bbox 2026 1616 3669 1694">
     <span class='ocr_line' id='line_1_30' title="bbox 2026 1616 3669 1694; baseline -0.004 -18"><span class='ocrx_word' id='word_1_209' title='bbox 2026 1622 2181 1693; x_wconf 85' lang='grc' dir='ltr'><strong>τόπῳ</strong></span> <span class='ocrx_word' id='word_1_210' title='bbox 2238 1622 2299 1675; x_wconf 83' lang='grc' dir='ltr'>τὸ</span> <span class='ocrx_word' id='word_1_211' title='bbox 2345 1618 2504 1681; x_wconf 67' lang='grc' dir='ltr'>τέλος</span> <span class='ocrx_word' id='word_1_212' title='bbox 2544 1620 2761 1694; x_wconf 84' lang='grc' dir='ltr'>ἀφορῶν</span> <span class='ocrx_word' id='word_1_213' title='bbox 2812 1623 2909 1673; x_wconf 79' lang='grc' dir='ltr'>τοῦ</span> <span class='ocrx_word' id='word_1_214' title='bbox 2962 1618 3190 1693; x_wconf 86' lang='grc' dir='ltr'>ἀγῶνος)</span> <span class='ocrx_word' id='word_1_215' title='bbox 3255 1616 3479 1691; x_wconf 79' lang='grc' dir='ltr'>ἐξεχύθη</span> <span class='ocrx_word' id='word_1_216' title='bbox 3533 1638 3669 1670; x_wconf 89' lang='grc' dir='ltr'>παν-</span> 
     </span>
    </p>
   </div>
   <div class='ocr_carea' id='block_1_31' title="bbox 1949 1698 3670 1785">
    <p class='ocr_par' dir='ltr' id='par_1_31' title="bbox 1949 1698 3670 1785">
     <span class='ocr_line' id='line_1_31' title="bbox 1949 1698 3670 1785; baseline -0.001 -24"><span class='ocrx_word' id='word_1_217' title='bbox 1949 1698 1996 1761; x_wconf 86' lang='grc' dir='ltr'><strong>Β</strong></span> <span class='ocrx_word' id='word_1_218' title='bbox 2027 1710 2210 1785; x_wconf 85' lang='grc' dir='ltr'>στρατὶ</span> <span class='ocrx_word' id='word_1_219' title='bbox 2240 1710 2329 1764; x_wconf 81' lang='grc' dir='ltr'><strong>καὶ</strong></span> <span class='ocrx_word' id='word_1_220' title='bbox 2356 1708 2724 1783; x_wconf 73' lang='grc' dir='ltr'>παλίντροπον</span> <span class='ocrx_word' id='word_1_221' title='bbox 2755 1710 2856 1777; x_wconf 72' lang='grc' dir='ltr'>τὴν</span> <span class='ocrx_word' id='word_1_222' title='bbox 2906 1708 3083 1781; x_wconf 76' lang='grc' dir='ltr'>φυγὴν</span> <span class='ocrx_word' id='word_1_223' title='bbox 3134 1706 3451 1776; x_wconf 73' lang='grc' dir='ltr'>ἐποιήσατο.</span> <span class='ocrx_word' id='word_1_224' title='bbox 3502 1704 3670 1767; x_wconf 77' lang='grc' dir='ltr'>Οὗτος</span> 
     </span>
    </p>
   </div>
   <div class='ocr_carea' id='block_1_32' title="bbox 265 1794 3677 1874">
    <p class='ocr_par' dir='ltr' id='par_1_32' title="bbox 265 1794 3677 1874">
     <span class='ocr_line' id='line_1_32' title="bbox 265 1794 3677 1874; baseline -0 -24"><span class='ocrx_word' id='word_1_225' title='bbox 265 1796 360 1868; x_wconf 73' lang='grc' dir='ltr'><strong>μὲν</strong></span> <span class='ocrx_word' id='word_1_226' title='bbox 392 1794 458 1865; x_wconf 81' lang='grc' dir='ltr'>δὴ</span> <span class='ocrx_word' id='word_1_227' title='bbox 497 1797 587 1850; x_wconf 88' lang='grc' dir='ltr'><strong>καὶ</strong></span> <span class='ocrx_word' id='word_1_228' title='bbox 618 1797 646 1851; x_wconf 90' lang='grc' dir='ltr'>ὁ</span> <span class='ocrx_word' id='word_1_229' title='bbox 679 1794 926 1871; x_wconf 86' lang='grc' dir='ltr'>δεύτερος</span> <span class='ocrx_word' id='word_1_230' title='bbox 960 1796 1141 1872; x_wconf 89' lang='grc' dir='ltr'>λόγος·</span> <span class='ocrx_word' id='word_1_231' title='bbox 1178 1799 1284 1853; x_wconf 77' lang='grc' dir='ltr'>εἴτε</span> <span class='ocrx_word' id='word_1_232' title='bbox 1313 1796 1371 1854; x_wconf 76' lang='grc' dir='ltr'>δὲ</span> <span class='ocrx_word' id='word_1_233' title='bbox 1402 1795 1596 1871; x_wconf 69' lang='grc' dir='ltr'>οὕτως,</span> <span class='ocrx_word' id='word_1_234' title='bbox 1632 1797 1737 1854; x_wconf 48' lang='grc' dir='ltr'>ετίτε</span> <span class='ocrx_word' id='word_1_235' title='bbox 1762 1798 1977 1862; x_wconf 78' lang='grc' dir='ltr'>ἐκείνως</span> <span class='ocrx_word' id='word_1_236' title='bbox 2010 1802 2044 1869; x_wconf 76' lang='grc' dir='ltr'>ἡ</span> <span class='ocrx_word' id='word_1_237' title='bbox 2079 1799 2307 1870; x_wconf 77' lang='grc' dir='ltr'>ἀλήθεια</span> <span class='ocrx_word' id='word_1_238' title='bbox 2338 1796 2477 1874; x_wconf 73' lang='grc' dir='ltr'>ἔχει,</span> <span class='ocrx_word' id='word_1_239' title='bbox 2529 1798 2680 1870; x_wconf 80' lang='grc' dir='ltr'>ὅμως</span> <span class='ocrx_word' id='word_1_240' title='bbox 2713 1796 3018 1873; x_wconf 79' lang='grc' dir='ltr'>ἐτράπησαν</span> <span class='ocrx_word' id='word_1_241' title='bbox 3069 1797 3121 1861; x_wconf 79' lang='grc' dir='ltr'>οἱ</span> <span class='ocrx_word' id='word_1_242' title='bbox 3168 1797 3430 1869; x_wconf 84' lang='grc' dir='ltr'>Ῥωμαῖοι</span> <span class='ocrx_word' id='word_1_243' title='bbox 3471 1795 3561 1850; x_wconf 88' lang='grc' dir='ltr'><strong>καὶ</strong></span> <span class='ocrx_word' id='word_1_244' title='bbox 3609 1797 3677 1849; x_wconf 78' lang='grc' dir='ltr'>τὰ</span> 
     </span>
    </p>
   </div>
   <div class='ocr_carea' id='block_1_33' title="bbox 259 1882 1104 1964">
    <p class='ocr_par' dir='ltr' id='par_1_33' title="bbox 259 1882 1104 1964">
     <span class='ocr_line' id='line_1_33' title="bbox 259 1882 1104 1964; baseline 0.007 -26"><span class='ocrx_word' id='word_1_245' title='bbox 259 1882 523 1960; x_wconf 70' lang='grc' dir='ltr'>λεχθέντα</span> <span class='ocrx_word' id='word_1_246' title='bbox 546 1885 742 1940; x_wconf 83' lang='grc' dir='ltr'>ἄνωθεν</span> <span class='ocrx_word' id='word_1_247' title='bbox 776 1884 1104 1964; x_wconf 77' lang='grc' dir='ltr'><strong>διεπράχθη.</strong></span> 
     </span>
    </p>
   </div>
   <div class='ocr_carea' id='block_1_34' title="bbox 329 1994 1917 2068">
    <p class='ocr_par' dir='ltr' id='par_1_34' title="bbox 329 1994 1917 2068">
     <span class='ocr_line' id='line_1_34' title="bbox 329 1994 1917 2068; baseline 0.004 -21"><span class='ocrx_word' id='word_1_248' title='bbox 329 1994 591 2065; x_wconf 88' lang='lat' dir='ltr'><strong>Cumque</strong></span> <span class='ocrx_word' id='word_1_249' title='bbox 626 1994 974 2065; x_wconf 83' lang='lat' dir='ltr'><strong>superstites</strong></span> <span class='ocrx_word' id='word_1_250' title='bbox 1018 1997 1069 2051; x_wconf 90' lang='lat' dir='ltr'><strong>ei</strong></span> <span class='ocrx_word' id='word_1_251' title='bbox 1100 1996 1158 2051; x_wconf 89' lang='lat' dir='ltr'><strong>in</strong></span> <span class='ocrx_word' id='word_1_252' title='bbox 1193 1998 1399 2053; x_wconf 87' lang='lat' dir='ltr'><strong>urbem</strong></span> <span class='ocrx_word' id='word_1_253' title='bbox 1435 1998 1771 2068; x_wconf 80' lang='lat' dir='ltr'><strong>rcdiissent,</strong></span> <span class='ocrx_word' id='word_1_254' title='bbox 1806 1999 1917 2053; x_wconf 84' lang='lat' dir='ltr'><strong>Ro-</strong></span> 
     </span>
    </p>
   </div>
   <div class='ocr_carea' id='block_1_35' title="bbox 260 2082 1921 2158">
    <p class='ocr_par' dir='ltr' id='par_1_35' title="bbox 260 2082 1921 2158">
     <span class='ocr_line' id='line_1_35' title="bbox 260 2082 1921 2158; baseline 0.004 -23"><span class='ocrx_word' id='word_1_255' title='bbox 260 2082 425 2136; x_wconf 88' lang='lat' dir='ltr'><strong>mani</strong></span> <span class='ocrx_word' id='word_1_256' title='bbox 456 2087 512 2137; x_wconf 91' lang='lat' dir='ltr'><strong>et</strong></span> <span class='ocrx_word' id='word_1_257' title='bbox 542 2082 709 2155; x_wconf 67' lang='lat' dir='ltr'><strong>Bogaa</strong></span> <span class='ocrx_word' id='word_1_258' title='bbox 740 2085 957 2156; x_wconf 85' lang='lat' dir='ltr'><strong>agitata</strong></span> <span class='ocrx_word' id='word_1_259' title='bbox 986 2090 1075 2140; x_wconf 90' lang='lat' dir='ltr'><strong>est</strong></span> <span class='ocrx_word' id='word_1_260' title='bbox 1106 2087 1518 2155; x_wconf 82' lang='lat' dir='ltr'><strong>controversia,</strong></span> <span class='ocrx_word' id='word_1_261' title='bbox 1552 2105 1735 2158; x_wconf 87' lang='lat' dir='ltr'><strong>eoque</strong></span> <span class='ocrx_word' id='word_1_262' title='bbox 1768 2088 1921 2158; x_wconf 87' lang='lat' dir='ltr'><strong>peri-</strong></span> 
     </span>
    </p>
   </div>
   <div class='ocr_carea' id='block_1_36' title="bbox 259 2170 1921 2247">
    <p class='ocr_par' dir='ltr' id='par_1_36' title="bbox 259 2170 1921 2247">
     <span class='ocr_line' id='line_1_36' title="bbox 259 2170 1921 2247; baseline 0.005 -24"><span class='ocrx_word' id='word_1_263' title='bbox 259 2170 374 2224; x_wconf 89' lang='lat' dir='ltr'><strong>culi</strong></span> <span class='ocrx_word' id='word_1_264' title='bbox 408 2171 696 2227; x_wconf 90' lang='lat' dir='ltr'><strong>deductus</strong></span> <span class='ocrx_word' id='word_1_265' title='bbox 727 2174 1109 2246; x_wconf 88' lang='lat' dir='ltr'><strong>drungarius,</strong></span> <span class='ocrx_word' id='word_1_266' title='bbox 1134 2182 1200 2230; x_wconf 88' lang='lat' dir='ltr'><strong>ut</strong></span> <span class='ocrx_word' id='word_1_267' title='bbox 1223 2177 1455 2247; x_wconf 90' lang='lat' dir='ltr'><strong>judices</strong></span> <span class='ocrx_word' id='word_1_268' title='bbox 1487 2176 1537 2232; x_wconf 88' lang='lat' dir='ltr'><strong>ci</strong></span> <span class='ocrx_word' id='word_1_269' title='bbox 1559 2177 1758 2232; x_wconf 91' lang='lat' dir='ltr'><strong>oculos</strong></span> <span class='ocrx_word' id='word_1_270' title='bbox 1788 2177 1921 2232; x_wconf 78' lang='lat' dir='ltr'><strong>effo-</strong></span> 
     </span>
    </p>
   </div>
   <div class='ocr_carea' id='block_1_37' title="bbox 258 2258 1917 2339">
    <p class='ocr_par' dir='ltr' id='par_1_37' title="bbox 258 2258 1917 2339">
     <span class='ocr_line' id='line_1_37' title="bbox 258 2258 1917 2339; baseline 0.004 -26"><span class='ocrx_word' id='word_1_271' title='bbox 258 2258 506 2315; x_wconf 90' lang='lat' dir='ltr'><strong>diendos</strong></span> <span class='ocrx_word' id='word_1_272' title='bbox 554 2277 684 2317; x_wconf 88' lang='lat' dir='ltr'><strong>esse</strong></span> <span class='ocrx_word' id='word_1_273' title='bbox 716 2265 1245 2333; x_wconf 89' lang='lat' dir='ltr'><strong>pronuntiaverint,</strong></span> <span class='ocrx_word' id='word_1_274' title='bbox 1273 2267 1428 2336; x_wconf 92' lang='lat' dir='ltr'><strong>quod</strong></span> <span class='ocrx_word' id='word_1_275' title='bbox 1480 2266 1551 2321; x_wconf 92' lang='lat' dir='ltr'><strong>ob</strong></span> <span class='ocrx_word' id='word_1_276' title='bbox 1602 2267 1917 2339; x_wconf 83' lang='lat' dir='ltr'><strong>incuriam,</strong></span> 
     </span>
    </p>
   </div>
   <div class='ocr_carea' id='block_1_38' title="bbox 259 2350 1914 2427">
    <p class='ocr_par' dir='ltr' id='par_1_38' title="bbox 259 2350 1914 2427">
     <span class='ocr_line' id='line_1_38' title="bbox 259 2350 1914 2427; baseline 0.006 -27"><span class='ocrx_word' id='word_1_277' title='bbox 259 2352 361 2401; x_wconf 88' lang='lat' dir='ltr'><strong>aut</strong></span> <span class='ocrx_word' id='word_1_278' title='bbox 392 2350 590 2418; x_wconf 87' lang='lat' dir='ltr'><strong>potius</strong></span> <span class='ocrx_word' id='word_1_279' title='bbox 624 2350 849 2405; x_wconf 86' lang='lat' dir='ltr'><strong>malitia</strong></span> <span class='ocrx_word' id='word_1_280' title='bbox 875 2353 1109 2419; x_wconf 90' lang='lat' dir='ltr'><strong>ductus,</strong></span> <span class='ocrx_word' id='word_1_281' title='bbox 1133 2353 1475 2409; x_wconf 87' lang='lat' dir='ltr'><strong>Patzinacas</strong></span> <span class='ocrx_word' id='word_1_282' title='bbox 1506 2372 1623 2411; x_wconf 90' lang='lat' dir='ltr'><strong>non</strong></span> <span class='ocrx_word' id='word_1_283' title='bbox 1651 2355 1914 2427; x_wconf 82' lang='lat' dir='ltr'><strong>trajecis-</strong></span> 
     </span>
    </p>
   </div>
   <div class='ocr_carea' id='block_1_39' title="bbox 260 2438 1917 2513">
    <p class='ocr_par' dir='ltr' id='par_1_39' title="bbox 260 2438 1917 2513">
     <span class='ocr_line' id='line_1_39' title="bbox 260 2438 1917 2513; baseline 0.006 -24"><span class='ocrx_word' id='word_1_284' title='bbox 260 2440 370 2500; x_wconf 91' lang='lat' dir='ltr'><strong>set,</strong></span> <span class='ocrx_word' id='word_1_285' title='bbox 405 2438 683 2509; x_wconf 92' lang='lat' dir='ltr'><strong>quodque</strong></span> <span class='ocrx_word' id='word_1_286' title='bbox 732 2456 799 2494; x_wconf 84' lang='lat' dir='ltr'><strong>ex</strong></span> <span class='ocrx_word' id='word_1_287' title='bbox 846 2441 986 2513; x_wconf 87' lang='lat' dir='ltr'><strong>fuga</strong></span> <span class='ocrx_word' id='word_1_288' title='bbox 1035 2458 1297 2499; x_wconf 85' lang='lat' dir='ltr'><strong>reversos</strong></span> <span class='ocrx_word' id='word_1_289' title='bbox 1346 2444 1499 2500; x_wconf 74' lang='lat'><strong>288</strong></span> <span class='ocrx_word' id='word_1_290' title='bbox 1550 2462 1664 2499; x_wconf 91' lang='lat' dir='ltr'><strong>non</strong></span> <span class='ocrx_word' id='word_1_291' title='bbox 1723 2446 1795 2500; x_wconf 88' lang='lat' dir='ltr'><strong>ad</strong></span> <span class='ocrx_word' id='word_1_292' title='bbox 1854 2463 1917 2499; x_wconf 84' lang='lat' dir='ltr'><strong>se</strong></span> 
     </span>
    </p>
   </div>
   <div class='ocr_carea' id='block_1_40' title="bbox 260 2523 1913 2604">
    <p class='ocr_par' dir='ltr' id='par_1_40' title="bbox 260 2523 1913 2604">
     <span class='ocr_line' id='line_1_40' title="bbox 260 2523 1913 2604; baseline 0.005 -26"><span class='ocrx_word' id='word_1_293' title='bbox 260 2523 614 2595; x_wconf 87' lang='lat' dir='ltr'><strong>collegisset.</strong></span> <span class='ocrx_word' id='word_1_294' title='bbox 642 2528 925 2599; x_wconf 86' lang='lat' dir='ltr'><strong>Erutique</strong></span> <span class='ocrx_word' id='word_1_295' title='bbox 956 2531 1206 2586; x_wconf 85' lang='lat' dir='ltr'><strong>fuissent</strong></span> <span class='ocrx_word' id='word_1_296' title='bbox 1232 2533 1283 2587; x_wconf 93' lang='lat' dir='ltr'><strong>ei</strong></span> <span class='ocrx_word' id='word_1_297' title='bbox 1314 2534 1490 2603; x_wconf 88' lang='lat' dir='ltr'><strong>oculi,</strong></span> <span class='ocrx_word' id='word_1_298' title='bbox 1523 2534 1636 2588; x_wconf 90' lang='lat' dir='ltr'><strong>nisi</strong></span> <span class='ocrx_word' id='word_1_299' title='bbox 1669 2533 1913 2604; x_wconf 89' lang='lat' dir='ltr'><strong>Stepha-</strong></span> 
     </span>
    </p>
   </div>
   <div class='ocr_carea' id='block_1_41' title="bbox 261 2615 1912 2692">
    <p class='ocr_par' dir='ltr' id='par_1_41' title="bbox 261 2615 1912 2692">
     <span class='ocr_line' id='line_1_41' title="bbox 261 2615 1912 2692; baseline 0.006 -26"><span class='ocrx_word' id='word_1_300' title='bbox 261 2629 374 2667; x_wconf 90' lang='lat' dir='ltr'><strong>nus</strong></span> <span class='ocrx_word' id='word_1_301' title='bbox 408 2615 709 2687; x_wconf 86' lang='lat' dir='ltr'><strong>magister,</strong></span> <span class='ocrx_word' id='word_1_302' title='bbox 743 2633 900 2673; x_wconf 90' lang='lat' dir='ltr'><strong>unus</strong></span> <span class='ocrx_word' id='word_1_303' title='bbox 948 2624 1207 2674; x_wconf 87' lang='lat' dir='ltr'><strong>tutorum</strong></span> <span class='ocrx_word' id='word_1_304' title='bbox 1257 2621 1649 2692; x_wconf 86' lang='lat' dir='ltr'><strong>imperatoris,</strong></span> <span class='ocrx_word' id='word_1_305' title='bbox 1673 2627 1731 2677; x_wconf 87' lang='lat' dir='ltr'><strong>et</strong></span> <span class='ocrx_word' id='word_1_306' title='bbox 1760 2622 1912 2678; x_wconf 90' lang='lat' dir='ltr'><strong>Con-</strong></span> 
     </span>
    </p>
   </div>
   <div class='ocr_carea' id='block_1_42' title="bbox 261 2702 1910 2782">
    <p class='ocr_par' dir='ltr' id='par_1_42' title="bbox 261 2702 1910 2782">
     <span class='ocr_line' id='line_1_42' title="bbox 261 2702 1910 2782; baseline 0.007 -28"><span class='ocrx_word' id='word_1_307' title='bbox 261 2702 563 2758; x_wconf 88' lang='lat' dir='ltr'><strong>stantinus</strong></span> <span class='ocrx_word' id='word_1_308' title='bbox 592 2705 884 2778; x_wconf 78' lang='lat' dir='ltr'><strong>Gongyles</strong></span> <span class='ocrx_word' id='word_1_309' title='bbox 924 2708 1226 2779; x_wconf 89' lang='lat' dir='ltr'><strong>patricius,</strong></span> <span class='ocrx_word' id='word_1_310' title='bbox 1260 2710 1363 2781; x_wconf 91' lang='lat' dir='ltr'><strong>qui</strong></span> <span class='ocrx_word' id='word_1_311' title='bbox 1395 2711 1548 2782; x_wconf 90' lang='lat' dir='ltr'><strong>apud</strong></span> <span class='ocrx_word' id='word_1_312' title='bbox 1584 2715 1910 2781; x_wconf 85' lang='lat' dir='ltr'><strong>Augustam</strong></span> 
     </span>
    </p>
   </div>
   <div class='ocr_carea' id='block_1_43' title="bbox 261 2789 1908 2869">
    <p class='ocr_par' dir='ltr' id='par_1_43' title="bbox 261 2789 1908 2869">
     <span class='ocr_line' id='line_1_43' title="bbox 261 2789 1908 2869; baseline 0.007 -26"><span class='ocrx_word' id='word_1_313' title='bbox 261 2789 505 2861; x_wconf 80' lang='lat' dir='ltr'><strong>largiter</strong></span> <span class='ocrx_word' id='word_1_314' title='bbox 535 2797 826 2864; x_wconf 91' lang='lat' dir='ltr'><strong>poterant,</strong></span> <span class='ocrx_word' id='word_1_315' title='bbox 858 2811 992 2850; x_wconf 90' lang='lat' dir='ltr'><strong>eum</strong></span> <span class='ocrx_word' id='word_1_316' title='bbox 1034 2798 1411 2869; x_wconf 87' lang='lat' dir='ltr'><strong>eripuissent.</strong></span> <span class='ocrx_word' id='word_1_317' title='bbox 1446 2799 1681 2855; x_wconf 88' lang='lat' dir='ltr'><strong>Simeon</strong></span> <span class='ocrx_word' id='word_1_318' title='bbox 1713 2804 1908 2855; x_wconf 81' lang='lat' dir='ltr'><strong>autem</strong></span> 
     </span>
    </p>
   </div>
   <div class='ocr_carea' id='block_1_44' title="bbox 258 2879 1907 2943">
    <p class='ocr_par' dir='ltr' id='par_1_44' title="bbox 258 2879 1907 2943">
     <span class='ocr_line' id='line_1_44' title="bbox 258 2879 1907 2943; baseline 0.007 -11"><span class='ocrx_word' id='word_1_319' title='bbox 258 2879 506 2935; x_wconf 87' lang='lat' dir='ltr'><strong>victoria</strong></span> <span class='ocrx_word' id='word_1_320' title='bbox 537 2882 725 2938; x_wconf 88' lang='lat' dir='ltr'><strong>elatus</strong></span> <span class='ocrx_word' id='word_1_321' title='bbox 755 2901 821 2939; x_wconf 87' lang='lat' dir='ltr'><strong>ac</strong></span> <span class='ocrx_word' id='word_1_322' title='bbox 870 2885 1153 2942; x_wconf 81' lang='lat' dir='ltr'><strong>ferociens</strong></span> <span class='ocrx_word' id='word_1_323' title='bbox 1201 2888 1273 2942; x_wconf 91' lang='lat' dir='ltr'><strong>ad</strong></span> <span class='ocrx_word' id='word_1_324' title='bbox 1323 2888 1523 2943; x_wconf 90' lang='lat' dir='ltr'><strong>urbem</strong></span> <span class='ocrx_word' id='word_1_325' title='bbox 1568 2889 1728 2943; x_wconf 90' lang='lat' dir='ltr'><strong>omni</strong></span> <span class='ocrx_word' id='word_1_326' title='bbox 1775 2906 1907 2943; x_wconf 92' lang='lat' dir='ltr'><strong>cum</strong></span> 
     </span>
    </p>
   </div>
   <div class='ocr_carea' id='block_1_45' title="bbox 256 2971 1910 3045">
    <p class='ocr_par' dir='ltr' id='par_1_45' title="bbox 256 2971 1910 3045">
     <span class='ocr_line' id='line_1_45' title="bbox 256 2971 1910 3045; baseline 0.006 -23"><span class='ocrx_word' id='word_1_327' title='bbox 256 2985 363 3024; x_wconf 92' lang='lat' dir='ltr'><strong>suo</strong></span> <span class='ocrx_word' id='word_1_328' title='bbox 386 2971 642 3025; x_wconf 86' lang='lat' dir='ltr'><strong>exercitu</strong></span> <span class='ocrx_word' id='word_1_329' title='bbox 674 2974 1024 3043; x_wconf 88' lang='lat' dir='ltr'><strong>properavit.</strong></span> <span class='ocrx_word' id='word_1_330' title='bbox 1053 2976 1303 3031; x_wconf 79' lang='lat' dir='ltr'><strong>Rursum</strong></span> <span class='ocrx_word' id='word_1_331' title='bbox 1336 2978 1513 3045; x_wconf 81' lang='lat' dir='ltr'><strong>igitur</strong></span> <span class='ocrx_word' id='word_1_332' title='bbox 1543 2977 1655 3031; x_wconf 90' lang='lat' dir='ltr'><strong>Leo</strong></span> <span class='ocrx_word' id='word_1_333' title='bbox 1687 2977 1910 3033; x_wconf 87' lang='lat' dir='ltr'><strong>Phocas</strong></span> 
     </span>
    </p>
   </div>
   <div class='ocr_carea' id='block_1_46' title="bbox 256 3054 1909 3121">
    <p class='ocr_par' dir='ltr' id='par_1_46' title="bbox 256 3054 1909 3121">
     <span class='ocr_line' id='line_1_46' title="bbox 256 3054 1909 3121; baseline 0.006 -11"><span class='ocrx_word' id='word_1_334' title='bbox 256 3054 598 3112; x_wconf 85' lang='lat' dir='ltr'><strong>scholarum</strong></span> <span class='ocrx_word' id='word_1_335' title='bbox 621 3060 982 3117; x_wconf 89' lang='lat' dir='ltr'><strong>domesticus</strong></span> <span class='ocrx_word' id='word_1_336' title='bbox 1004 3068 1059 3117; x_wconf 92' lang='lat' dir='ltr'><strong>et</strong></span> <span class='ocrx_word' id='word_1_337' title='bbox 1078 3064 1334 3120; x_wconf 87' lang='lat' dir='ltr'><strong>Joannes</strong></span> <span class='ocrx_word' id='word_1_338' title='bbox 1356 3066 1684 3121; x_wconf 86' lang='lat' dir='ltr'><strong>sodalitatis</strong></span> <span class='ocrx_word' id='word_1_339' title='bbox 1705 3068 1820 3120; x_wconf 85' lang='lat' dir='ltr'><strong>dux</strong></span> <span class='ocrx_word' id='word_1_340' title='bbox 1843 3082 1909 3120; x_wconf 90' lang='lat' dir='ltr'><strong>ac</strong></span> 
     </span>
    </p>
   </div>
   <div class='ocr_carea' id='block_1_47' title="bbox 255 3145 1906 3227">
    <p class='ocr_par' dir='ltr' id='par_1_47' title="bbox 255 3145 1906 3227">
     <span class='ocr_line' id='line_1_47' title="bbox 255 3145 1906 3227; baseline 0.005 -28"><span class='ocrx_word' id='word_1_341' title='bbox 255 3145 533 3203; x_wconf 89' lang='lat' dir='ltr'><strong>Nicolaus</strong></span> <span class='ocrx_word' id='word_1_342' title='bbox 559 3146 926 3205; x_wconf 87' lang='lat' dir='ltr'><strong>Constantini</strong></span> <span class='ocrx_word' id='word_1_343' title='bbox 949 3151 1120 3207; x_wconf 81' lang='lat' dir='ltr'><strong>Ducas</strong></span> <span class='ocrx_word' id='word_1_344' title='bbox 1146 3153 1304 3209; x_wconf 81' lang='lat' dir='ltr'><strong>ﬁlius</strong></span> <span class='ocrx_word' id='word_1_345' title='bbox 1337 3154 1574 3222; x_wconf 88' lang='lat' dir='ltr'><strong>milites,</strong></span> <span class='ocrx_word' id='word_1_346' title='bbox 1600 3172 1747 3227; x_wconf 87' lang='lat' dir='ltr'><strong>quos</strong></span> <span class='ocrx_word' id='word_1_347' title='bbox 1781 3160 1906 3210; x_wconf 90' lang='lat' dir='ltr'><strong>tum</strong></span> 
     </span>
    </p>
   </div>
   <div class='ocr_carea' id='block_1_48' title="bbox 255 3234 1909 3313">
    <p class='ocr_par' dir='ltr' id='par_1_48' title="bbox 255 3234 1909 3313">
     <span class='ocr_line' id='line_1_48' title="bbox 255 3234 1909 3313; baseline 0.005 -25"><span class='ocrx_word' id='word_1_348' title='bbox 255 3234 315 3288; x_wconf 90' lang='lat' dir='ltr'><strong>in</strong></span> <span class='ocrx_word' id='word_1_349' title='bbox 352 3242 626 3308; x_wconf 91' lang='lat' dir='ltr'><strong>promptu</strong></span> <span class='ocrx_word' id='word_1_350' title='bbox 676 3238 991 3307; x_wconf 84' lang='lat' dir='ltr'><strong>habebant,</strong></span> <span class='ocrx_word' id='word_1_351' title='bbox 1024 3243 1304 3298; x_wconf 89' lang='lat' dir='ltr'><strong>adversus</strong></span> <span class='ocrx_word' id='word_1_352' title='bbox 1346 3261 1480 3299; x_wconf 89' lang='lat' dir='ltr'><strong>eum</strong></span> <span class='ocrx_word' id='word_1_353' title='bbox 1531 3246 1819 3313; x_wconf 87' lang='lat' dir='ltr'><strong>educunt;</strong></span> <span class='ocrx_word' id='word_1_354' title='bbox 1853 3250 1909 3298; x_wconf 86' lang='lat' dir='ltr'><strong>et</strong></span> 
     </span>
    </p>
   </div>
   <div class='ocr_carea' id='block_1_49' title="bbox 256 3324 1904 3401">
    <p class='ocr_par' dir='ltr' id='par_1_49' title="bbox 256 3324 1904 3401">
     <span class='ocr_line' id='line_1_49' title="bbox 256 3324 1904 3401; baseline 0.005 -24"><span class='ocrx_word' id='word_1_355' title='bbox 256 3324 411 3393; x_wconf 91' lang='lat' dir='ltr'><strong>apud</strong></span> <span class='ocrx_word' id='word_1_356' title='bbox 441 3325 777 3398; x_wconf 82' lang='lat' dir='ltr'><strong>Catasyrtas</strong></span> <span class='ocrx_word' id='word_1_357' title='bbox 810 3327 938 3395; x_wconf 87' lang='lat' dir='ltr'><strong>(loci</strong></span> <span class='ocrx_word' id='word_1_358' title='bbox 973 3331 1077 3385; x_wconf 92' lang='lat' dir='ltr'><strong>hoc</strong></span> <span class='ocrx_word' id='word_1_359' title='bbox 1118 3338 1208 3386; x_wconf 91' lang='lat' dir='ltr'><strong>est</strong></span> <span class='ocrx_word' id='word_1_360' title='bbox 1249 3337 1486 3401; x_wconf 89' lang='lat' dir='ltr'><strong>nomen)</strong></span> <span class='ocrx_word' id='word_1_361' title='bbox 1517 3333 1575 3387; x_wconf 90' lang='lat' dir='ltr'><strong>in</strong></span> <span class='ocrx_word' id='word_1_362' title='bbox 1608 3335 1904 3388; x_wconf 89' lang='lat' dir='ltr'><strong>cohortem</strong></span> 
     </span>
    </p>
   </div>
   <div class='ocr_carea' id='block_1_50' title="bbox 257 3414 1912 3493">
    <p class='ocr_par' dir='ltr' id='par_1_50' title="bbox 257 3414 1912 3493">
     <span class='ocr_line' id='line_1_50' title="bbox 257 3414 1912 3493; baseline 0.005 -27"><span class='ocrx_word' id='word_1_363' title='bbox 257 3414 576 3483; x_wconf 90' lang='lat' dir='ltr'><strong>quamdam</strong></span> <span class='ocrx_word' id='word_1_364' title='bbox 602 3415 989 3488; x_wconf 88' lang='lat' dir='ltr'><strong>Bulgarorum</strong></span> <span class='ocrx_word' id='word_1_365' title='bbox 1020 3420 1346 3476; x_wconf 87' lang='lat' dir='ltr'><strong>incidentes</strong></span> <span class='ocrx_word' id='word_1_366' title='bbox 1371 3423 1690 3493; x_wconf 73' lang='lat' dir='ltr'><strong>praedatum</strong></span> <span class='ocrx_word' id='word_1_367' title='bbox 1723 3438 1912 3493; x_wconf 88' lang='lat' dir='ltr'><strong>egres-</strong></span> 
     </span>
    </p>
   </div>
   <div class='ocr_carea' id='block_1_51' title="bbox 257 3504 1904 3580">
    <p class='ocr_par' dir='ltr' id='par_1_51' title="bbox 257 3504 1904 3580">
     <span class='ocr_line' id='line_1_51' title="bbox 257 3504 1904 3580; baseline 0.006 -27"><span class='ocrx_word' id='word_1_368' title='bbox 257 3515 408 3570; x_wconf 84' lang='lat' dir='ltr'><strong>sam,</strong></span> <span class='ocrx_word' id='word_1_369' title='bbox 432 3517 562 3557; x_wconf 87' lang='lat' dir='ltr'><strong>0am</strong></span> <span class='ocrx_word' id='word_1_370' title='bbox 596 3504 946 3560; x_wconf 87' lang='lat' dir='ltr'><strong>adoriuntur</strong></span> <span class='ocrx_word' id='word_1_371' title='bbox 975 3506 1255 3578; x_wconf 89' lang='lat' dir='ltr'><strong>nulloque</strong></span> <span class='ocrx_word' id='word_1_372' title='bbox 1304 3511 1529 3580; x_wconf 85' lang='lat' dir='ltr'><strong>negotio</strong></span> <span class='ocrx_word' id='word_1_373' title='bbox 1561 3509 1904 3580; x_wconf 80' lang='lat' dir='ltr'><strong>proﬂigant;</strong></span> 
     </span>
    </p>
   </div>
   <div class='ocr_carea' id='block_1_52' title="bbox 255 3592 1907 3666">
    <p class='ocr_par' dir='ltr' id='par_1_52' title="bbox 255 3592 1907 3666">
     <span class='ocr_line' id='line_1_52' title="bbox 255 3592 1907 3666; baseline 0.007 -24"><span class='ocrx_word' id='word_1_374' title='bbox 255 3604 390 3643; x_wconf 83' lang='lat' dir='ltr'><strong>mox</strong></span> <span class='ocrx_word' id='word_1_375' title='bbox 422 3596 711 3647; x_wconf 89' lang='lat' dir='ltr'><strong>recentem</strong></span> <span class='ocrx_word' id='word_1_376' title='bbox 736 3592 910 3648; x_wconf 85' lang='lat' dir='ltr'><strong>aliam</strong></span> <span class='ocrx_word' id='word_1_377' title='bbox 938 3595 1308 3666; x_wconf 85' lang='lat' dir='ltr'><strong>ingruentem</strong></span> <span class='ocrx_word' id='word_1_378' title='bbox 1335 3598 1558 3653; x_wconf 84' lang='lat' dir='ltr'><strong>fortiter</strong></span> <span class='ocrx_word' id='word_1_379' title='bbox 1577 3598 1907 3653; x_wconf 87' lang='lat' dir='ltr'><strong>subsisten-</strong></span> 
     </span>
    </p>
   </div>
   <div class='ocr_carea' id='block_1_53' title="bbox 252 3680 1901 3753">
    <p class='ocr_par' dir='ltr' id='par_1_53' title="bbox 252 3680 1901 3753">
     <span class='ocr_line' id='line_1_53' title="bbox 252 3680 1901 3753; baseline 0.006 -23"><span class='ocrx_word' id='word_1_380' title='bbox 252 3680 363 3743; x_wconf 85' lang='lat' dir='ltr'><strong>tes,</strong></span> <span class='ocrx_word' id='word_1_381' title='bbox 399 3694 657 3748; x_wconf 87' lang='lat' dir='ltr'><strong>pugnam</strong></span> <span class='ocrx_word' id='word_1_382' title='bbox 694 3696 880 3735; x_wconf 88' lang='lat' dir='ltr'><strong>acrem</strong></span> <span class='ocrx_word' id='word_1_383' title='bbox 915 3700 979 3736; x_wconf 85' lang='lat' dir='ltr'><strong>ac</strong></span> <span class='ocrx_word' id='word_1_384' title='bbox 1010 3684 1110 3737; x_wconf 90' lang='lat' dir='ltr'><strong>diu</strong></span> <span class='ocrx_word' id='word_1_385' title='bbox 1144 3685 1455 3739; x_wconf 88' lang='lat' dir='ltr'><strong>durantem</strong></span> <span class='ocrx_word' id='word_1_386' title='bbox 1497 3687 1735 3753; x_wconf 88' lang='lat' dir='ltr'><strong>obeunt,</strong></span> <span class='ocrx_word' id='word_1_387' title='bbox 1769 3686 1901 3740; x_wconf 86' lang='lat' dir='ltr'><strong>Bul-</strong></span> 
     </span>
    </p>
   </div>
   <div class='ocr_carea' id='block_1_54' title="bbox 253 3766 1906 3847">
    <p class='ocr_par' dir='ltr' id='par_1_54' title="bbox 253 3766 1906 3847">
     <span class='ocr_line' id='line_1_54' title="bbox 253 3766 1906 3847; baseline 0.008 -30"><span class='ocrx_word' id='word_1_388' title='bbox 253 3780 542 3836; x_wconf 88' lang='lat' dir='ltr'><strong>garosque</strong></span> <span class='ocrx_word' id='word_1_389' title='bbox 580 3766 856 3823; x_wconf 88' lang='lat' dir='ltr'><strong>fundunt.</strong></span> <span class='ocrx_word' id='word_1_390' title='bbox 890 3770 1113 3825; x_wconf 89' lang='lat' dir='ltr'><strong>Cecidit</strong></span> <span class='ocrx_word' id='word_1_391' title='bbox 1161 3789 1227 3827; x_wconf 91' lang='lat' dir='ltr'><strong>ea</strong></span> <span class='ocrx_word' id='word_1_392' title='bbox 1280 3773 1339 3828; x_wconf 93' lang='lat' dir='ltr'><strong>in</strong></span> <span class='ocrx_word' id='word_1_393' title='bbox 1390 3791 1586 3847; x_wconf 90' lang='lat' dir='ltr'><strong>pugna</strong></span> <span class='ocrx_word' id='word_1_394' title='bbox 1631 3775 1906 3831; x_wconf 89' lang='lat' dir='ltr'><strong>Nicolaus</strong></span> 
     </span>
    </p>
   </div>
   <div class='ocr_carea' id='block_1_55' title="bbox 252 3853 1903 3933">
    <p class='ocr_par' dir='ltr' id='par_1_55' title="bbox 252 3853 1903 3933">
     <span class='ocr_line' id='line_1_55' title="bbox 252 3853 1903 3933; baseline 0.008 -26"><span class='ocrx_word' id='word_1_395' title='bbox 252 3853 422 3908; x_wconf 65' lang='lat' dir='ltr'><strong>Ducas</strong></span> <span class='ocrx_word' id='word_1_396' title='bbox 456 3854 616 3910; x_wconf 82' lang='lat' dir='ltr'><strong>filius</strong></span> <span class='ocrx_word' id='word_1_397' title='bbox 659 3855 890 3913; x_wconf 90' lang='lat' dir='ltr'><strong>heroice</strong></span> <span class='ocrx_word' id='word_1_398' title='bbox 928 3876 1223 3932; x_wconf 86' lang='lat' dir='ltr'><strong>pugnans,</strong></span> <span class='ocrx_word' id='word_1_399' title='bbox 1257 3862 1358 3933; x_wconf 89' lang='lat' dir='ltr'><strong>qui</strong></span> <span class='ocrx_word' id='word_1_400' title='bbox 1406 3869 1463 3918; x_wconf 90' lang='lat' dir='ltr'><strong>et</strong></span> <span class='ocrx_word' id='word_1_401' title='bbox 1510 3882 1746 3919; x_wconf 83' lang='lat' dir='ltr'><strong>causam</strong></span> <span class='ocrx_word' id='word_1_402' title='bbox 1777 3866 1903 3920; x_wconf 90' lang='lat' dir='ltr'><strong>vin-</strong></span> 
     </span>
    </p>
   </div>
   <div class='ocr_carea' id='block_1_56' title="bbox 252 3942 1904 4018">
    <p class='ocr_par' dir='ltr' id='par_1_56' title="bbox 252 3942 1904 4018">
     <span class='ocr_line' id='line_1_56' title="bbox 252 3942 1904 4018; baseline 0.008 -22"><span class='ocrx_word' id='word_1_403' title='bbox 252 3942 421 3997; x_wconf 90' lang='lat' dir='ltr'><strong>cendi</strong></span> <span class='ocrx_word' id='word_1_404' title='bbox 452 3943 729 4001; x_wconf 80' lang='lat' dir='ltr'><strong>Romanis</strong></span> <span class='ocrx_word' id='word_1_405' title='bbox 761 3949 1028 4018; x_wconf 74' lang='lat' dir='ltr'><strong>przsbuit.</strong></span> <span class='ocrx_word' id='word_1_406' title='bbox 1049 3951 1153 4006; x_wconf 87' lang='lat' dir='ltr'><strong>Hic</strong></span> <span class='ocrx_word' id='word_1_407' title='bbox 1184 3957 1309 4007; x_wconf 90' lang='lat' dir='ltr'><strong>tum</strong></span> <span class='ocrx_word' id='word_1_408' title='bbox 1335 3970 1527 4008; x_wconf 88' lang='lat' dir='ltr'><strong>rerum</strong></span> <span class='ocrx_word' id='word_1_409' title='bbox 1561 3954 1904 4010; x_wconf 88' lang='lat' dir='ltr'><strong>bellicarum</strong></span> 
     </span>
    </p>
   </div>
   <div class='ocr_carea' id='block_1_57' title="bbox 253 4036 620 4089">
    <p class='ocr_par' dir='ltr' id='par_1_57' title="bbox 253 4036 620 4089">
     <span class='ocr_line' id='line_1_57' title="bbox 253 4036 620 4089; baseline 0.011 -4"><span class='ocrx_word' id='word_1_410' title='bbox 253 4036 444 4088; x_wconf 87' lang='lat' dir='ltr'><strong>status</strong></span> <span class='ocrx_word' id='word_1_411' title='bbox 474 4039 620 4089; x_wconf 87' lang='lat' dir='ltr'><strong>erat.</strong></span> 
     </span>
    </p>
   </div>
   <div class='ocr_carea' id='block_1_58' title="bbox 2107 1989 3667 2067">
    <p class='ocr_par' dir='ltr' id='par_1_58' title="bbox 2107 1989 3667 2067">
     <span class='ocr_line' id='line_1_58' title="bbox 2107 1989 3667 2067; baseline -0.006 -15"><span class='ocrx_word' id='word_1_412' title='bbox 2107 1996 2257 2053; x_wconf 81' lang='grc' dir='ltr'>Μετὰ</span> <span class='ocrx_word' id='word_1_413' title='bbox 2303 1998 2403 2064; x_wconf 81' lang='grc' dir='ltr'>τὴν</span> <span class='ocrx_word' id='word_1_414' title='bbox 2452 1997 2661 2067; x_wconf 71' lang='grc' dir='ltr'>τροπὴν</span> <span class='ocrx_word' id='word_1_415' title='bbox 2716 1991 2773 2048; x_wconf 73' lang='grc' dir='ltr'>δὲ</span> <span class='ocrx_word' id='word_1_416' title='bbox 2819 1998 2927 2047; x_wconf 89' lang='grc' dir='ltr'><strong>τῶν</strong></span> <span class='ocrx_word' id='word_1_417' title='bbox 2975 1993 3256 2047; x_wconf 76' lang='grc' dir='ltr'><strong>σωθέντων</strong></span> <span class='ocrx_word' id='word_1_418' title='bbox 3307 1989 3366 2045; x_wconf 82' lang='grc' dir='ltr'>ἐκ</span> <span class='ocrx_word' id='word_1_419' title='bbox 3395 1994 3491 2045; x_wconf 79' lang='grc' dir='ltr'><strong>τοῦ</strong></span> <span class='ocrx_word' id='word_1_420' title='bbox 3524 1989 3667 2045; x_wconf 78' lang='grc' dir='ltr'>πολε</span> 
     </span>
    </p>
   </div>
   <div class='ocr_carea' id='block_1_59' title="bbox 2034 2079 3671 2160">
    <p class='ocr_par' dir='ltr' id='par_1_59' title="bbox 2034 2079 3671 2160">
     <span class='ocr_line' id='line_1_59' title="bbox 2034 2079 3671 2160; baseline -0.005 -20"><span class='ocrx_word' id='word_1_421' title='bbox 2034 2106 2137 2157; x_wconf 85' lang='grc' dir='ltr'><strong>μου</strong></span> <span class='ocrx_word' id='word_1_422' title='bbox 2212 2086 2705 2160; x_wconf 69' lang='grc' dir='ltr'>παραγενομενων,</span> <span class='ocrx_word' id='word_1_423' title='bbox 2776 2082 2842 2137; x_wconf 80' lang='grc' dir='ltr'><strong>τά</strong></span> <span class='ocrx_word' id='word_1_424' title='bbox 2904 2083 3040 2137; x_wconf 88' lang='grc' dir='ltr'><strong>κατά</strong></span> <span class='ocrx_word' id='word_1_425' title='bbox 3093 2083 3185 2136; x_wconf 89' lang='grc' dir='ltr'>τὸν</span> <span class='ocrx_word' id='word_1_426' title='bbox 3244 2079 3524 2151; x_wconf 83' lang='grc' dir='ltr'>Ῥωμανὸν</span> <span class='ocrx_word' id='word_1_427' title='bbox 3582 2079 3671 2132; x_wconf 83' lang='grc' dir='ltr'><strong>καὶ</strong></span> 
     </span>
    </p>
   </div>
   <div class='ocr_carea' id='block_1_60' title="bbox 2026 2167 3667 2251">
    <p class='ocr_par' dir='ltr' id='par_1_60' title="bbox 2026 2167 3667 2251">
     <span class='ocr_line' id='line_1_60' title="bbox 2026 2167 3667 2251; baseline -0.005 -22"><span class='ocrx_word' id='word_1_428' title='bbox 2026 2174 2117 2229; x_wconf 84' lang='grc' dir='ltr'>τὸν</span> <span class='ocrx_word' id='word_1_429' title='bbox 2150 2181 2316 2251; x_wconf 77' lang='grc' dir='ltr'>Βογᾶν</span> <span class='ocrx_word' id='word_1_430' title='bbox 2358 2173 2606 2244; x_wconf 80' lang='grc' dir='ltr'>ἐκινήθη,</span> <span class='ocrx_word' id='word_1_431' title='bbox 2660 2172 2758 2227; x_wconf 86' lang='grc' dir='ltr'><strong>Καὶ</strong></span> <span class='ocrx_word' id='word_1_432' title='bbox 2812 2172 2886 2233; x_wconf 75' lang='grc' dir='ltr'>εἷς</span> <span class='ocrx_word' id='word_1_433' title='bbox 2925 2175 3182 2225; x_wconf 82' lang='grc' dir='ltr'>τοσοῦτον</span> <span class='ocrx_word' id='word_1_434' title='bbox 3214 2167 3466 2223; x_wconf 74' lang='grc' dir='ltr'>κινδύνου</span> <span class='ocrx_word' id='word_1_435' title='bbox 3512 2188 3667 2241; x_wconf 87' lang='grc' dir='ltr'>περι-</span> 
     </span>
    </p>
   </div>
   <div class='ocr_carea' id='block_1_61' title="bbox 2030 2259 3670 2339">
    <p class='ocr_par' dir='ltr' id='par_1_61' title="bbox 2030 2259 3670 2339">
     <span class='ocr_line' id='line_1_61' title="bbox 2030 2259 3670 2339; baseline -0.005 -20"><span class='ocrx_word' id='word_1_436' title='bbox 2030 2266 2153 2334; x_wconf 79' lang='grc' dir='ltr'>ἑστη</span> <span class='ocrx_word' id='word_1_437' title='bbox 2199 2268 2277 2335; x_wconf 76' lang='grc' dir='ltr'>τῷ</span> <span class='ocrx_word' id='word_1_438' title='bbox 2317 2262 2666 2339; x_wconf 88' lang='grc' dir='ltr'>δρουγγαρίῳ</span> <span class='ocrx_word' id='word_1_439' title='bbox 2718 2263 2784 2315; x_wconf 71' lang='grc' dir='ltr'>τὰ</span> <span class='ocrx_word' id='word_1_440' title='bbox 2840 2261 3156 2335; x_wconf 81' lang='grc' dir='ltr'>πράγματα,</span> <span class='ocrx_word' id='word_1_441' title='bbox 3199 2259 3273 2319; x_wconf 82' lang='grc' dir='ltr'>ὡς</span> <span class='ocrx_word' id='word_1_442' title='bbox 3322 2262 3502 2335; x_wconf 72' lang='grc' dir='ltr'>ψῆφον</span> <span class='ocrx_word' id='word_1_443' title='bbox 3554 2259 3670 2311; x_wconf 84' lang='grc' dir='ltr'>κατ’</span> 
     </span>
    </p>
   </div>
   <div class='ocr_carea' id='block_1_62' title="bbox 2028 2343 3669 2429">
    <p class='ocr_par' dir='ltr' id='par_1_62' title="bbox 2028 2343 3669 2429">
     <span class='ocr_line' id='line_1_62' title="bbox 2028 2343 3669 2429; baseline -0.005 -22"><span class='ocrx_word' id='word_1_444' title='bbox 2028 2353 2192 2408; x_wconf 73' lang='grc' dir='ltr'>αὐτοῦ</span> <span class='ocrx_word' id='word_1_445' title='bbox 2250 2352 2590 2429; x_wconf 77' lang='grc' dir='ltr'>ἐξενεχθῆναι</span> <span class='ocrx_word' id='word_1_446' title='bbox 2635 2351 2779 2425; x_wconf 87' lang='grc' dir='ltr'><strong>παρά</strong></span> <span class='ocrx_word' id='word_1_447' title='bbox 2850 2354 2955 2404; x_wconf 92' lang='grc' dir='ltr'><strong>τῶν</strong></span> <span class='ocrx_word' id='word_1_448' title='bbox 3035 2347 3299 2403; x_wconf 77' lang='grc' dir='ltr'>δικαστῶν</span> <span class='ocrx_word' id='word_1_449' title='bbox 3379 2343 3669 2402; x_wconf 84' lang='grc' dir='ltr'>καταδικά-</span> 
     </span>
    </p>
   </div>
   <div class='ocr_carea' id='block_1_63' title="bbox 2028 2434 3667 2513">
    <p class='ocr_par' dir='ltr' id='par_1_63' title="bbox 2028 2434 3667 2513">
     <span class='ocr_line' id='line_1_63' title="bbox 2028 2434 3667 2513; baseline -0.005 -16"><span class='ocrx_word' id='word_1_450' title='bbox 2028 2448 2216 2511; x_wconf 84' lang='grc' dir='ltr'>ζουσαν</span> <span class='ocrx_word' id='word_1_451' title='bbox 2268 2443 2430 2497; x_wconf 83' lang='grc' dir='ltr'>αὐτὸν</span> <span class='ocrx_word' id='word_1_452' title='bbox 2490 2442 2783 2509; x_wconf 78' lang='grc' dir='ltr'>ἐκκοπῆναι</span> <span class='ocrx_word' id='word_1_453' title='bbox 2840 2440 2937 2501; x_wconf 79' lang='grc' dir='ltr'>τὰς</span> <span class='ocrx_word' id='word_1_454' title='bbox 2995 2436 3169 2513; x_wconf 70' lang='grc' dir='ltr'>ὄψεις,</span> <span class='ocrx_word' id='word_1_455' title='bbox 3230 2438 3305 2500; x_wconf 74' lang='grc' dir='ltr'>ὡς</span> <span class='ocrx_word' id='word_1_456' title='bbox 3363 2434 3593 2509; x_wconf 69' lang='grc' dir='ltr'>ἀμελείᾳ</span> <span class='ocrx_word' id='word_1_457' title='bbox 3632 2436 3667 2504; x_wconf 70' lang='grc' dir='ltr'>ἢ</span> 
     </span>
    </p>
   </div>
   <div class='ocr_carea' id='block_1_64' title="bbox 2028 2526 3668 2605">
    <p class='ocr_par' dir='ltr' id='par_1_64' title="bbox 2028 2526 3668 2605">
     <span class='ocr_line' id='line_1_64' title="bbox 2028 2526 3668 2605; baseline -0.004 -20"><span class='ocrx_word' id='word_1_458' title='bbox 2028 2530 2238 2603; x_wconf 76' lang='grc' dir='ltr'>μᾶλλον</span> <span class='ocrx_word' id='word_1_459' title='bbox 2290 2531 2589 2605; x_wconf 80' lang='grc' dir='ltr'>κοκουργίᾳ</span> <span class='ocrx_word' id='word_1_460' title='bbox 2647 2531 2722 2603; x_wconf 81' lang='grc' dir='ltr'>μὴ</span> <span class='ocrx_word' id='word_1_461' title='bbox 2765 2527 3159 2603; x_wconf 70' lang='grc' dir='ltr'>διαπεράσαντα</span> <span class='ocrx_word' id='word_1_462' title='bbox 3212 2526 3340 2587; x_wconf 79' lang='grc' dir='ltr'>τοὺς</span> <span class='ocrx_word' id='word_1_463' title='bbox 3399 2526 3668 2593; x_wconf 83' lang='grc' dir='ltr'>Πατζινά-</span> 
     </span>
    </p>
   </div>
   <div class='ocr_carea' id='block_1_65' title="bbox 2022 2612 3662 2693">
    <p class='ocr_par' dir='ltr' id='par_1_65' title="bbox 2022 2612 3662 2693">
     <span class='ocr_line' id='line_1_65' title="bbox 2022 2612 3662 2693; baseline -0.005 -19"><span class='ocrx_word' id='word_1_464' title='bbox 2022 2642 2139 2690; x_wconf 90' lang='grc' dir='ltr'>κας,</span> <span class='ocrx_word' id='word_1_465' title='bbox 2204 2620 2367 2676; x_wconf 83' lang='grc' dir='ltr'>πάλιν</span> <span class='ocrx_word' id='word_1_466' title='bbox 2401 2618 2458 2675; x_wconf 77' lang='grc' dir='ltr'><strong>δὲ</strong></span> <span class='ocrx_word' id='word_1_467' title='bbox 2490 2617 2630 2693; x_wconf 76' lang='grc' dir='ltr'>μηδὲ</span> <span class='ocrx_word' id='word_1_468' title='bbox 2655 2618 2782 2682; x_wconf 85' lang='grc' dir='ltr'>τοὺς</span> <span class='ocrx_word' id='word_1_469' title='bbox 2829 2617 2934 2672; x_wconf 86' lang='grc' dir='ltr'><strong>ἀπὸ</strong></span> <span class='ocrx_word' id='word_1_470' title='bbox 2964 2620 3063 2681; x_wconf 78' lang='grc' dir='ltr'>τῆς</span> <span class='ocrx_word' id='word_1_471' title='bbox 3114 2622 3324 2690; x_wconf 79' lang='grc' dir='ltr'>τροπῆς</span> <span class='ocrx_word' id='word_1_472' title='bbox 3359 2612 3662 2689; x_wconf 81' lang='grc' dir='ltr'>δεχόμενον</span> 
     </span>
    </p>
   </div>
   <div class='ocr_carea' id='block_1_66' title="bbox 2022 2702 3666 2783">
    <p class='ocr_par' dir='ltr' id='par_1_66' title="bbox 2022 2702 3666 2783">
     <span class='ocr_line' id='line_1_66' title="bbox 2022 2702 3666 2783; baseline -0.005 -21"><span class='ocrx_word' id='word_1_473' title='bbox 2022 2710 2480 2783; x_wconf 74' lang='grc' dir='ltr'>ὑποστρέψαντας.</span> <span class='ocrx_word' id='word_1_474' title='bbox 2538 2711 2711 2765; x_wconf 77' lang='grc' dir='ltr'>Τοῦτο</span> <span class='ocrx_word' id='word_1_475' title='bbox 2771 2704 2816 2760; x_wconf 85' lang='grc' dir='ltr'>δ’</span> <span class='ocrx_word' id='word_1_476' title='bbox 2873 2708 2930 2760; x_wconf 78' lang='grc' dir='ltr'><strong>ἂν</strong></span> <span class='ocrx_word' id='word_1_477' title='bbox 2983 2704 3286 2773; x_wconf 78' lang='grc' dir='ltr'>ἐπεπόνθει,</span> <span class='ocrx_word' id='word_1_478' title='bbox 3340 2702 3388 2757; x_wconf 69' lang='grc' dir='ltr'>εἴ</span> <span class='ocrx_word' id='word_1_479' title='bbox 3421 2703 3496 2774; x_wconf 79' lang='grc' dir='ltr'>μή</span> <span class='ocrx_word' id='word_1_480' title='bbox 3532 2703 3666 2755; x_wconf 73' lang='grc' dir='ltr'>Στε-</span> 
     </span>
    </p>
   </div>
   <div class='ocr_carea' id='block_1_67' title="bbox 2020 2791 3666 2876">
    <p class='ocr_par' dir='ltr' id='par_1_67' title="bbox 2020 2791 3666 2876">
     <span class='ocr_line' id='line_1_67' title="bbox 2020 2791 3666 2876; baseline -0.006 -23"><span class='ocrx_word' id='word_1_481' title='bbox 2020 2820 2181 2876; x_wconf 85' lang='grc' dir='ltr'>φανος</span> <span class='ocrx_word' id='word_1_482' title='bbox 2213 2800 2507 2874; x_wconf 81' lang='grc' dir='ltr'>μάγιστρος</span> <span class='ocrx_word' id='word_1_483' title='bbox 2540 2799 2567 2851; x_wconf 87' lang='grc' dir='ltr'>ὁ</span> <span class='ocrx_word' id='word_1_484' title='bbox 2595 2801 2705 2852; x_wconf 90' lang='grc' dir='ltr'><strong>τῶν</strong></span> <span class='ocrx_word' id='word_1_485' title='bbox 2732 2794 3041 2870; x_wconf 69' lang='grc' dir='ltr'>ἐπιτρόπων</span> <span class='ocrx_word' id='word_1_486' title='bbox 3092 2794 3189 2861; x_wconf 77' lang='grc' dir='ltr'>εἷς,</span> <span class='ocrx_word' id='word_1_487' title='bbox 3240 2791 3328 2846; x_wconf 87' lang='grc' dir='ltr'><strong>καὶ</strong></span> <span class='ocrx_word' id='word_1_488' title='bbox 3378 2793 3666 2847; x_wconf 86' lang='grc' dir='ltr'>Κωνσταν-</span> 
     </span>
    </p>
   </div>
   <div class='ocr_carea' id='block_1_68' title="bbox 2016 2878 3666 2961">
    <p class='ocr_par' dir='ltr' id='par_1_68' title="bbox 2016 2878 3666 2961">
     <span class='ocr_line' id='line_1_68' title="bbox 2016 2878 3666 2961; baseline -0.007 -19"><span class='ocrx_word' id='word_1_489' title='bbox 2016 2894 2165 2951; x_wconf 87' lang='grc' dir='ltr'>τῖνος</span> <span class='ocrx_word' id='word_1_490' title='bbox 2210 2889 2495 2961; x_wconf 78' lang='grc' dir='ltr'>πατρίκιος</span> <span class='ocrx_word' id='word_1_491' title='bbox 2544 2888 2571 2940; x_wconf 90' lang='grc' dir='ltr'>ὁ</span> <span class='ocrx_word' id='word_1_492' title='bbox 2621 2884 2925 2960; x_wconf 78' lang='grc' dir='ltr'>Γογγύλης,</span> <span class='ocrx_word' id='word_1_493' title='bbox 2982 2880 3169 2937; x_wconf 83' lang='grc' dir='ltr'>πολλά</span> <span class='ocrx_word' id='word_1_494' title='bbox 3200 2878 3489 2953; x_wconf 85' lang='grc' dir='ltr'>δυνάμενοι</span> <span class='ocrx_word' id='word_1_495' title='bbox 3521 2879 3666 2955; x_wconf 78' lang='grc' dir='ltr'>παρὰ</span> 
     </span>
    </p>
   </div>
   <div class='ocr_carea' id='block_1_69' title="bbox 2016 2966 3664 3051">
    <p class='ocr_par' dir='ltr' id='par_1_69' title="bbox 2016 2966 3664 3051">
     <span class='ocr_line' id='line_1_69' title="bbox 2016 2966 3664 3051; baseline -0.007 -20"><span class='ocrx_word' id='word_1_496' title='bbox 2016 2981 2084 3050; x_wconf 78' lang='grc' dir='ltr'>τῇ</span> <span class='ocrx_word' id='word_1_497' title='bbox 2136 2974 2408 3051; x_wconf 76' lang='grc' dir='ltr'>δεσποίνῃ,</span> <span class='ocrx_word' id='word_1_498' title='bbox 2451 2976 2613 3030; x_wconf 82' lang='grc' dir='ltr'>αὐτὸν</span> <span class='ocrx_word' id='word_1_499' title='bbox 2674 2973 3042 3049; x_wconf 75' lang='grc' dir='ltr'>ὲξερρύσαντο.</span> <span class='ocrx_word' id='word_1_500' title='bbox 3103 2971 3329 3042; x_wconf 83' lang='grc' dir='ltr'>Συμεὼν</span> <span class='ocrx_word' id='word_1_501' title='bbox 3386 2966 3444 3022; x_wconf 79' lang='grc' dir='ltr'>δὶ</span> <span class='ocrx_word' id='word_1_502' title='bbox 3499 2968 3664 3042; x_wconf 75' lang='grc' dir='ltr'>ἐπαρ-</span> 
     </span>
    </p>
   </div>
   <div class='ocr_carea' id='block_1_70' title="bbox 2020 3055 3663 3140">
    <p class='ocr_par' dir='ltr' id='par_1_70' title="bbox 2020 3055 3663 3140">
     <span class='ocr_line' id='line_1_70' title="bbox 2020 3055 3663 3140; baseline -0.007 -20"><span class='ocrx_word' id='word_1_503' title='bbox 2020 3066 2128 3130; x_wconf 78' lang='grc' dir='ltr'>θεὶς</span> <span class='ocrx_word' id='word_1_504' title='bbox 2187 3070 2256 3131; x_wconf 77' lang='grc' dir='ltr'>τῇ</span> <span class='ocrx_word' id='word_1_505' title='bbox 2295 3066 2415 3140; x_wconf 71' lang='grc' dir='ltr'>νίκῃ</span> <span class='ocrx_word' id='word_1_506' title='bbox 2472 3065 2561 3119; x_wconf 81' lang='grc' dir='ltr'><strong>καὶ</strong></span> <span class='ocrx_word' id='word_1_507' title='bbox 2619 3067 2853 3137; x_wconf 87' lang='grc' dir='ltr'>γαυριῶν</span> <span class='ocrx_word' id='word_1_508' title='bbox 2888 3105 2901 3128; x_wconf 92' lang='lat'><strong>,</strong></span> <span class='ocrx_word' id='word_1_509' title='bbox 2977 3058 3107 3136; x_wconf 73' lang='grc' dir='ltr'>ἄρας</span> <span class='ocrx_word' id='word_1_510' title='bbox 3186 3060 3323 3113; x_wconf 78' lang='grc' dir='ltr'>ἅπαν</span> <span class='ocrx_word' id='word_1_511' title='bbox 3390 3057 3553 3111; x_wconf 76' lang='grc' dir='ltr'>αὐτοῦ</span> <span class='ocrx_word' id='word_1_512' title='bbox 3599 3055 3663 3111; x_wconf 86' lang='grc' dir='ltr'>τὸ</span> 
     </span>
    </p>
   </div>
   <div class='ocr_carea' id='block_1_71' title="bbox 2017 3145 3661 3231">
    <p class='ocr_par' dir='ltr' id='par_1_71' title="bbox 2017 3145 3661 3231">
     <span class='ocr_line' id='line_1_71' title="bbox 2017 3145 3661 3231; baseline -0.008 -21"><span class='ocrx_word' id='word_1_513' title='bbox 2017 3156 2340 3231; x_wconf 78' lang='grc' dir='ltr'>στράτευμα,</span> <span class='ocrx_word' id='word_1_514' title='bbox 2395 3154 2533 3209; x_wconf 83' lang='grc' dir='ltr'><strong>κατά</strong></span> <span class='ocrx_word' id='word_1_515' title='bbox 2559 3160 2658 3222; x_wconf 79' lang='grc' dir='ltr'>τῆς</span> <span class='ocrx_word' id='word_1_516' title='bbox 2710 3147 2991 3227; x_wconf 82' lang='grc' dir='ltr'>βασιλίδος</span> <span class='ocrx_word' id='word_1_517' title='bbox 3047 3148 3344 3223; x_wconf 73' lang='grc' dir='ltr'>ἠπείγετο.</span> <span class='ocrx_word' id='word_1_518' title='bbox 3406 3145 3661 3216; x_wconf 78' lang='grc' dir='ltr'>Ἐξῆλθεν</span> 
     </span>
    </p>
   </div>
   <div class='ocr_carea' id='block_1_72' title="bbox 1939 3234 3662 3345">
    <p class='ocr_par' dir='ltr' id='par_1_72' title="bbox 1939 3234 3662 3345">
     <span class='ocr_line' id='line_1_72' title="bbox 1939 3234 3662 3345; baseline -0.006 -47"><span class='ocrx_word' id='word_1_519' title='bbox 1939 3280 1981 3345; x_wconf 79' lang='lat' dir='ltr'>C</span> <span class='ocrx_word' id='word_1_520' title='bbox 2021 3245 2111 3297; x_wconf 69' lang='grc' dir='ltr'>οὖν</span> <span class='ocrx_word' id='word_1_521' title='bbox 2144 3241 2310 3298; x_wconf 71' lang='grc' dir='ltr'>πάλιν</span> <span class='ocrx_word' id='word_1_522' title='bbox 2361 3244 2388 3297; x_wconf 91' lang='lat'><strong>6</strong></span> <span class='ocrx_word' id='word_1_523' title='bbox 2439 3241 2760 3315; x_wconf 76' lang='grc' dir='ltr'>δομεστικος</span> <span class='ocrx_word' id='word_1_524' title='bbox 2806 3241 2956 3293; x_wconf 76' lang='grc' dir='ltr'><strong>Λὲων</strong></span> <span class='ocrx_word' id='word_1_525' title='bbox 3007 3240 3035 3292; x_wconf 85' lang='grc' dir='ltr'><strong>ὁ</strong></span> <span class='ocrx_word' id='word_1_526' title='bbox 3087 3241 3285 3298; x_wconf 82' lang='grc' dir='ltr'>Φωκᾶς</span> <span class='ocrx_word' id='word_1_527' title='bbox 3321 3234 3410 3290; x_wconf 86' lang='grc' dir='ltr'><strong>καὶ</strong></span> <span class='ocrx_word' id='word_1_528' title='bbox 3444 3236 3471 3289; x_wconf 92' lang='lat'><strong>6</strong></span> <span class='ocrx_word' id='word_1_529' title='bbox 3515 3235 3662 3288; x_wconf 71' lang='grc' dir='ltr'>ἑται-</span> 
     </span>
     <span class='ocr_line' id='line_1_73' title="bbox 2124 3322 3660 3345; baseline -0.005 0"><span class='ocrx_word' id='word_1_530' title='bbox 2124 3333 2132 3345; x_wconf 89' lang='grc'><strong>.</strong></span> <span class='ocrx_word' id='word_1_531' title='bbox 2317 3333 2350 3345; x_wconf 89' lang='grc'>.-</span> <span class='ocrx_word' id='word_1_532' title='bbox 2422 3330 2431 3345; x_wconf 85' lang='grc'><strong>.</strong></span> <span class='ocrx_word' id='word_1_533' title='bbox 2628 3326 2633 3331; x_wconf 67' lang='grc' dir='ltr'><strong>ι</strong></span> <span class='ocrx_word' id='word_1_534' title='bbox 2676 3330 2685 3345; x_wconf 81' lang='lat'><strong>,</strong></span> <span class='ocrx_word' id='word_1_535' title='bbox 2721 3335 2764 3345; x_wconf 79' lang='lat'><strong>..</strong></span> <span class='ocrx_word' id='word_1_536' title='bbox 2842 3327 2880 3345; x_wconf 52' lang='grc' dir='ltr'><strong><em>,κ</em></strong></span> <span class='ocrx_word' id='word_1_537' title='bbox 3062 3328 3074 3345; x_wconf 77' lang='grc'><strong>.</strong></span> <span class='ocrx_word' id='word_1_538' title='bbox 3115 3333 3151 3345; x_wconf 84' lang='lat'><strong>.,</strong></span> <span class='ocrx_word' id='word_1_539' title='bbox 3410 3324 3421 3345; x_wconf 86' lang='lat'><strong>,</strong></span> <span class='ocrx_word' id='word_1_540' title='bbox 3610 3322 3660 3345; x_wconf 19' lang='grc' dir='ltr'><strong>κν</strong></span> 
     </span>
    </p>
   </div>
   <div class='ocr_carea' id='block_1_73' title="bbox 2022 3322 3663 3407">
    <p class='ocr_par' dir='ltr' id='par_1_73' title="bbox 2022 3322 3663 3407">
     <span class='ocr_line' id='line_1_74' title="bbox 2022 3322 3663 3407; baseline -0.005 -22"><span class='ocrx_word' id='word_1_541' title='bbox 2022 3333 2285 3407; x_wconf 79' lang='grc' dir='ltr'>ρειάρχης</span> <span class='ocrx_word' id='word_1_542' title='bbox 2315 3330 2567 3402; x_wconf 82' lang='grc' dir='ltr'>Ἰωάννης</span> <span class='ocrx_word' id='word_1_543' title='bbox 2597 3326 2685 3384; x_wconf 86' lang='grc' dir='ltr'><strong>καί</strong></span> <span class='ocrx_word' id='word_1_544' title='bbox 2718 3327 2993 3389; x_wconf 84' lang='grc' dir='ltr'>Νικόλαος</span> <span class='ocrx_word' id='word_1_545' title='bbox 3055 3328 3083 3381; x_wconf 94' lang='lat'><strong>6</strong></span> <span class='ocrx_word' id='word_1_546' title='bbox 3115 3324 3519 3381; x_wconf 86' lang='grc' dir='ltr'>Κωνσταντίνου</span> <span class='ocrx_word' id='word_1_547' title='bbox 3565 3322 3663 3378; x_wconf 77' lang='grc' dir='ltr'>τοῦ</span> 
     </span>
    </p>
   </div>
   <div class='ocr_carea' id='block_1_74' title="bbox 2018 3411 3662 3492">
    <p class='ocr_par' dir='ltr' id='par_1_74' title="bbox 2018 3411 3662 3492">
     <span class='ocr_line' id='line_1_75' title="bbox 2018 3411 3662 3492; baseline -0.004 -18"><span class='ocrx_word' id='word_1_548' title='bbox 2018 3425 2193 3474; x_wconf 82' lang='grc' dir='ltr'><strong>Δοῦκα</strong></span> <span class='ocrx_word' id='word_1_549' title='bbox 2239 3421 2375 3490; x_wconf 76' lang='grc' dir='ltr'>υἱὸς,</span> <span class='ocrx_word' id='word_1_550' title='bbox 2422 3423 2555 3492; x_wconf 87' lang='grc' dir='ltr'><strong>μετά</strong></span> <span class='ocrx_word' id='word_1_551' title='bbox 2593 3440 2757 3473; x_wconf 86' lang='grc' dir='ltr'>τινων</span> <span class='ocrx_word' id='word_1_552' title='bbox 2809 3411 3149 3492; x_wconf 68' lang='grc' dir='ltr'>στρατιωτῶν</span> <span class='ocrx_word' id='word_1_553' title='bbox 3202 3411 3662 3490; x_wconf 76' lang='grc' dir='ltr'>παρευρεθὲντων,</span> 
     </span>
    </p>
   </div>
   <div class='ocr_carea' id='block_1_75' title="bbox 2018 3497 3667 3579">
    <p class='ocr_par' dir='ltr' id='par_1_75' title="bbox 2018 3497 3667 3579">
     <span class='ocr_line' id='line_1_76' title="bbox 2018 3497 3667 3579; baseline -0.006 -16"><span class='ocrx_word' id='word_1_554' title='bbox 2018 3508 2096 3569; x_wconf 70' lang='grc' dir='ltr'><strong>εἷς</strong></span> <span class='ocrx_word' id='word_1_555' title='bbox 2151 3509 2469 3579; x_wconf 87' lang='grc' dir='ltr'>συνάντησιν</span> <span class='ocrx_word' id='word_1_556' title='bbox 2523 3509 2706 3563; x_wconf 81' lang='grc' dir='ltr'>αὐτοῦ.</span> <span class='ocrx_word' id='word_1_557' title='bbox 2745 3507 2839 3561; x_wconf 82' lang='grc' dir='ltr'><strong>Καὶ</strong></span> <span class='ocrx_word' id='word_1_558' title='bbox 2897 3507 3035 3560; x_wconf 86' lang='grc' dir='ltr'><strong>κατά</strong></span> <span class='ocrx_word' id='word_1_559' title='bbox 3062 3504 3227 3559; x_wconf 90' lang='grc' dir='ltr'>τόπον</span> <span class='ocrx_word' id='word_1_560' title='bbox 3285 3505 3375 3557; x_wconf 89' lang='grc' dir='ltr'><strong>τὸν</strong></span> <span class='ocrx_word' id='word_1_561' title='bbox 3439 3497 3667 3575; x_wconf 85' lang='grc' dir='ltr'>λεγόμε-</span> 
     </span>
    </p>
   </div>
   <div class='ocr_carea' id='block_1_76' title="bbox 2016 3591 3658 3674">
    <p class='ocr_par' dir='ltr' id='par_1_76' title="bbox 2016 3591 3658 3674">
     <span class='ocr_line' id='line_1_77' title="bbox 2016 3591 3658 3674; baseline -0.005 -23"><span class='ocrx_word' id='word_1_562' title='bbox 2016 3618 2105 3652; x_wconf 91' lang='grc' dir='ltr'><strong>νον</strong></span> <span class='ocrx_word' id='word_1_563' title='bbox 2136 3597 2478 3674; x_wconf 88' lang='grc' dir='ltr'>Κατασύρτας</span> <span class='ocrx_word' id='word_1_564' title='bbox 2529 3597 2806 3671; x_wconf 81' lang='grc' dir='ltr'>ἀπομοίρᾳ</span> <span class='ocrx_word' id='word_1_565' title='bbox 2851 3595 2958 3650; x_wconf 76' lang='grc' dir='ltr'>τινὶ</span> <span class='ocrx_word' id='word_1_566' title='bbox 3016 3592 3341 3669; x_wconf 84' lang='grc' dir='ltr'>Βουλγάρων</span> <span class='ocrx_word' id='word_1_567' title='bbox 3398 3591 3473 3654; x_wconf 85' lang='grc' dir='ltr'>εἷς</span> <span class='ocrx_word' id='word_1_568' title='bbox 3528 3610 3658 3663; x_wconf 81' lang='grc' dir='ltr'>προ-</span> 
     </span>
    </p>
   </div>
   <div class='ocr_carea' id='block_1_77' title="bbox 2014 3678 3658 3763">
    <p class='ocr_par' dir='ltr' id='par_1_77' title="bbox 2014 3678 3658 3763">
     <span class='ocr_line' id='line_1_78' title="bbox 2014 3678 3658 3763; baseline -0.006 -22"><span class='ocrx_word' id='word_1_569' title='bbox 2014 3689 2190 3761; x_wconf 73' lang='grc' dir='ltr'>νομὴν</span> <span class='ocrx_word' id='word_1_570' title='bbox 2242 3687 2549 3763; x_wconf 79' lang='grc' dir='ltr'>πεμφθείσῃ</span> <span class='ocrx_word' id='word_1_571' title='bbox 2600 3685 2990 3757; x_wconf 72' lang='grc' dir='ltr'>συνηντηκότες</span> <span class='ocrx_word' id='word_1_572' title='bbox 3042 3683 3477 3758; x_wconf 78' lang='grc' dir='ltr'>προσρήγνυνται</span> <span class='ocrx_word' id='word_1_573' title='bbox 3531 3678 3658 3732; x_wconf 83' lang='grc' dir='ltr'>τού-</span> 
     </span>
    </p>
   </div>
   <div class='ocr_carea' id='block_1_78' title="bbox 2013 3766 3655 3851">
    <p class='ocr_par' dir='ltr' id='par_1_78' title="bbox 2013 3766 3655 3851">
     <span class='ocr_line' id='line_1_79' title="bbox 2013 3766 3655 3851; baseline -0.008 -19"><span class='ocrx_word' id='word_1_574' title='bbox 2013 3798 2133 3839; x_wconf 87' lang='grc' dir='ltr'>τοις</span> <span class='ocrx_word' id='word_1_575' title='bbox 2188 3778 2277 3832; x_wconf 83' lang='grc' dir='ltr'><strong>καὶ</strong></span> <span class='ocrx_word' id='word_1_576' title='bbox 2308 3777 2593 3851; x_wconf 68' lang='grc' dir='ltr'>τρέπονται</span> <span class='ocrx_word' id='word_1_577' title='bbox 2650 3775 2907 3837; x_wconf 77' lang='grc' dir='ltr'>εὐπετῶς.</span> <span class='ocrx_word' id='word_1_578' title='bbox 2968 3774 3323 3849; x_wconf 81' lang='grc' dir='ltr'>’Λκραιφνοῦς</span> <span class='ocrx_word' id='word_1_579' title='bbox 3384 3766 3442 3823; x_wconf 75' lang='grc' dir='ltr'>δὲ</span> <span class='ocrx_word' id='word_1_580' title='bbox 3490 3767 3655 3823; x_wconf 84' lang='grc' dir='ltr'>πάλιν</span> 
     </span>
    </p>
   </div>
   <div class='ocr_carea' id='block_1_79' title="bbox 2015 3856 3657 3941">
    <p class='ocr_par' dir='ltr' id='par_1_79' title="bbox 2015 3856 3657 3941">
     <span class='ocr_line' id='line_1_80' title="bbox 2015 3856 3657 3941; baseline -0.016 -8"><span class='ocrx_word' id='word_1_581' title='bbox 2015 3867 2197 3941; x_wconf 74' lang='grc' dir='ltr'>ἒτὲρας</span> <span class='ocrx_word' id='word_1_582' title='bbox 2252 3865 2673 3935; x_wconf 73' lang='grc' dir='ltr'>ἐπεισπεσούσης</span> <span class='ocrx_word' id='word_1_583' title='bbox 2710 3908 2724 3933; x_wconf 88' lang='grc'><strong>,</strong></span> <span class='ocrx_word' id='word_1_584' title='bbox 2783 3864 3094 3941; x_wconf 73' lang='grc' dir='ltr'>ὑφίστανται</span> <span class='ocrx_word' id='word_1_585' title='bbox 3152 3860 3242 3915; x_wconf 83' lang='grc' dir='ltr'><strong>καὶ</strong></span> <span class='ocrx_word' id='word_1_586' title='bbox 3298 3858 3498 3928; x_wconf 82' lang='grc' dir='ltr'>ταύτην</span> <span class='ocrx_word' id='word_1_587' title='bbox 3561 3856 3657 3929; x_wconf 79' lang='grc' dir='ltr'><strong>ῥᾳ-</strong></span> 
     </span>
    </p>
   </div>
   <div class='ocr_carea' id='block_1_80' title="bbox 2017 3945 3660 4029">
    <p class='ocr_par' dir='ltr' id='par_1_80' title="bbox 2017 3945 3660 4029">
     <span class='ocr_line' id='line_1_81' title="bbox 2017 3945 3660 4029; baseline -0.007 -20"><span class='ocrx_word' id='word_1_588' title='bbox 2017 3952 2144 4017; x_wconf 84' lang='grc' dir='ltr'>δίως</span> <span class='ocrx_word' id='word_1_589' title='bbox 2174 3976 2233 4009; x_wconf 88' lang='grc' dir='ltr'><strong>τε</strong></span> <span class='ocrx_word' id='word_1_590' title='bbox 2258 3956 2346 4010; x_wconf 83' lang='grc' dir='ltr'><strong>καὶ</strong></span> <span class='ocrx_word' id='word_1_591' title='bbox 2375 3952 2793 4029; x_wconf 85' lang='grc' dir='ltr'>ἀνδρικώτερον,</span> <span class='ocrx_word' id='word_1_592' title='bbox 2844 3952 2931 4006; x_wconf 82' lang='grc' dir='ltr'><strong>καὶ</strong></span> <span class='ocrx_word' id='word_1_593' title='bbox 2984 3950 3183 4024; x_wconf 80' lang='grc' dir='ltr'>γίνεὲαι</span> <span class='ocrx_word' id='word_1_594' title='bbox 3240 3948 3393 4022; x_wconf 79' lang='grc' dir='ltr'>μάχη</span> <span class='ocrx_word' id='word_1_595' title='bbox 3428 3945 3660 4021; x_wconf 79' lang='grc' dir='ltr'>καρτερὰ</span> 
     </span>
    </p>
   </div>
   <div class='ocr_carea' id='block_1_81' title="bbox 2014 4036 3657 4118">
    <p class='ocr_par' dir='ltr' id='par_1_81' title="bbox 2014 4036 3657 4118">
     <span class='ocr_line' id='line_1_82' title="bbox 2014 4036 3657 4118; baseline -0.007 -21"><span class='ocrx_word' id='word_1_596' title='bbox 2014 4044 2104 4097; x_wconf 83' lang='grc' dir='ltr'><strong>καὶ</strong></span> <span class='ocrx_word' id='word_1_597' title='bbox 2161 4041 2249 4097; x_wconf 80' lang='grc' dir='ltr'>ἐπὶ</span> <span class='ocrx_word' id='word_1_598' title='bbox 2308 4042 2479 4099; x_wconf 77' lang='grc' dir='ltr'>πολὺν</span> <span class='ocrx_word' id='word_1_599' title='bbox 2540 4040 2864 4118; x_wconf 75' lang='grc' dir='ltr'>διαρκὲσασα</span> <span class='ocrx_word' id='word_1_600' title='bbox 2916 4039 3160 4115; x_wconf 86' lang='grc' dir='ltr'>χρόνον,</span> <span class='ocrx_word' id='word_1_601' title='bbox 3234 4036 3324 4091; x_wconf 86' lang='grc' dir='ltr'><strong>καὶ</strong></span> <span class='ocrx_word' id='word_1_602' title='bbox 3371 4036 3657 4109; x_wconf 75' lang='grc' dir='ltr'>τρέπονται</span> 
     </span>
    </p>
   </div>
   <div class='ocr_carea' id='block_1_82' title="bbox 257 4119 3661 4209">
    <p class='ocr_par' dir='ltr' id='par_1_82' title="bbox 257 4119 3661 4209">
     <span class='ocr_line' id='line_1_83' title="bbox 257 4119 3661 4209; baseline -0.004 -18"><span class='ocrx_word' id='word_1_603' title='bbox 257 4119 434 4209; x_wconf 36' lang='grc' dir='ltr'><strong>μὲν-δῖ</strong></span> <span class='ocrx_word' id='word_1_604' title='bbox 462 4119 791 4197; x_wconf 68' lang='grc' dir='ltr'>Βούλγαροιι</span> <span class='ocrx_word' id='word_1_605' title='bbox 826 4122 1027 4203; x_wconf 70' lang='grc' dir='ltr'>ἐσφάγη</span> <span class='ocrx_word' id='word_1_606' title='bbox 1062 4124 1119 4181; x_wconf 65' lang='grc' dir='ltr'><strong>δὲ</strong></span> <span class='ocrx_word' id='word_1_607' title='bbox 1150 4127 1422 4191; x_wconf 74' lang='grc' dir='ltr'><strong>Νικόλαος</strong></span> <span class='ocrx_word' id='word_1_608' title='bbox 1455 4130 1481 4184; x_wconf 75' lang='grc' dir='ltr'>ὁ</span> <span class='ocrx_word' id='word_1_609' title='bbox 1512 4135 1612 4185; x_wconf 78' lang='grc' dir='ltr'>τοῖ’)</span> <span class='ocrx_word' id='word_1_610' title='bbox 1641 4135 1817 4186; x_wconf 74' lang='grc' dir='ltr'><strong>Δοῦκα</strong></span> <span class='ocrx_word' id='word_1_611' title='bbox 1843 4132 1981 4201; x_wconf 63' lang='grc' dir='ltr'>υἱὸς,</span> <span class='ocrx_word' id='word_1_612' title='bbox 2014 4135 2272 4207; x_wconf 69' lang='grc' dir='ltr'>ἡρωικῶς</span> <span class='ocrx_word' id='word_1_613' title='bbox 2306 4132 2711 4209; x_wconf 83' lang='grc' dir='ltr'>ἀγωνισάμενος</span> <span class='ocrx_word' id='word_1_614' title='bbox 2741 4130 2830 4186; x_wconf 88' lang='grc' dir='ltr'><strong>καὶ</strong></span> <span class='ocrx_word' id='word_1_615' title='bbox 2863 4127 3035 4192; x_wconf 67' lang='grc' dir='ltr'>α’ίτιος</span> <span class='ocrx_word' id='word_1_616' title='bbox 3067 4132 3166 4193; x_wconf 78' lang='grc' dir='ltr'>τῆς</span> <span class='ocrx_word' id='word_1_617' title='bbox 3191 4126 3346 4197; x_wconf 82' lang='grc' dir='ltr'>νίκης</span> <span class='ocrx_word' id='word_1_618' title='bbox 3370 4124 3661 4197; x_wconf 79' lang='grc' dir='ltr'>Ῥωμαίοις</span> 
     </span>
    </p>
   </div>
   <div class='ocr_carea' id='block_1_83' title="bbox 249 4207 2317 4296">
    <p class='ocr_par' dir='ltr' id='par_1_83' title="bbox 249 4207 2317 4296">
     <span class='ocr_line' id='line_1_84' title="bbox 249 4207 2317 4296; baseline 0.007 -35"><span class='ocrx_word' id='word_1_619' title='bbox 249 4207 559 4283; x_wconf 83' lang='grc' dir='ltr'>γενόμενος.</span> <span class='ocrx_word' id='word_1_620' title='bbox 590 4212 690 4266; x_wconf 76' lang='grc' dir='ltr'><strong>Καὶ</strong></span> <span class='ocrx_word' id='word_1_621' title='bbox 723 4212 791 4267; x_wconf 80' lang='grc' dir='ltr'>τὰ</span> <span class='ocrx_word' id='word_1_622' title='bbox 823 4214 919 4285; x_wconf 74' lang='grc' dir='ltr'>μὶν</span> <span class='ocrx_word' id='word_1_623' title='bbox 950 4216 1084 4270; x_wconf 86' lang='grc' dir='ltr'><strong>κατά</strong></span> <span class='ocrx_word' id='word_1_624' title='bbox 1112 4218 1204 4271; x_wconf 86' lang='grc' dir='ltr'>τὸν</span> <span class='ocrx_word' id='word_1_625' title='bbox 1238 4218 1483 4292; x_wconf 87' lang='grc' dir='ltr'>πόλεμον</span> <span class='ocrx_word' id='word_1_626' title='bbox 1513 4220 1817 4296; x_wconf 75' lang='grc' dir='ltr'>συνηνέχθη</span> <span class='ocrx_word' id='word_1_627' title='bbox 1850 4223 2092 4295; x_wconf 81' lang='grc' dir='ltr'>γενὲσθαὶ</span> <span class='ocrx_word' id='word_1_628' title='bbox 2127 4223 2317 4283; x_wconf 78' lang='grc' dir='ltr'>οὕτως.</span> 
     </span>
    </p>
   </div>
   <div class='ocr_carea' id='block_1_84' title="bbox 324 4318 1910 4401">
    <p class='ocr_par' dir='ltr' id='par_1_84' title="bbox 324 4318 1910 4401">
     <span class='ocr_line' id='line_1_85' title="bbox 324 4318 1910 4401; baseline 0.009 -31"><span class='ocrx_word' id='word_1_629' title='bbox 324 4318 398 4371; x_wconf 83' lang='grc' dir='ltr'>Αι</span> <span class='ocrx_word' id='word_1_630' title='bbox 428 4334 521 4373; x_wconf 87' lang='lat' dir='ltr'><strong>res</strong></span> <span class='ocrx_word' id='word_1_631' title='bbox 552 4319 752 4376; x_wconf 90' lang='lat' dir='ltr'><strong>civiles</strong></span> <span class='ocrx_word' id='word_1_632' title='bbox 782 4323 1039 4393; x_wconf 90' lang='lat' dir='ltr'><strong>pessimo</strong></span> <span class='ocrx_word' id='word_1_633' title='bbox 1091 4332 1257 4381; x_wconf 90' lang='lat' dir='ltr'><strong>erant</strong></span> <span class='ocrx_word' id='word_1_634' title='bbox 1306 4327 1450 4396; x_wconf 92' lang='lat' dir='ltr'><strong>loco,</strong></span> <span class='ocrx_word' id='word_1_635' title='bbox 1487 4328 1690 4385; x_wconf 86' lang='lat' dir='ltr'><strong>multis</strong></span> <span class='ocrx_word' id='word_1_636' title='bbox 1722 4330 1910 4401; x_wconf 89' lang='lat' dir='ltr'><strong>iisque</strong></span> 
     </span>
    </p>
   </div>
   <div class='ocr_carea' id='block_1_85' title="bbox 256 4407 1906 4487">
    <p class='ocr_par' dir='ltr' id='par_1_85' title="bbox 256 4407 1906 4487">
     <span class='ocr_line' id='line_1_86' title="bbox 256 4407 1906 4487; baseline 0.01 -28"><span class='ocrx_word' id='word_1_637' title='bbox 256 4407 510 4462; x_wconf 89' lang='lat' dir='ltr'><strong>summis</strong></span> <span class='ocrx_word' id='word_1_638' title='bbox 557 4408 697 4464; x_wconf 90' lang='lat' dir='ltr'><strong>viris</strong></span> <span class='ocrx_word' id='word_1_639' title='bbox 752 4409 962 4469; x_wconf 89' lang='lat' dir='ltr'><strong>insano</strong></span> <span class='ocrx_word' id='word_1_640' title='bbox 1014 4414 1247 4487; x_wconf 89' lang='lat' dir='ltr'><strong>imperii</strong></span> <span class='ocrx_word' id='word_1_641' title='bbox 1306 4435 1500 4473; x_wconf 83' lang='lat' dir='ltr'><strong>amore</strong></span> <span class='ocrx_word' id='word_1_642' title='bbox 1541 4420 1906 4475; x_wconf 87' lang='lat' dir='ltr'><strong>ardentibus.</strong></span> 
     </span>
    </p>
   </div>
   <div class='ocr_carea' id='block_1_86' title="bbox 258 4495 1907 4580">
    <p class='ocr_par' dir='ltr' id='par_1_86' title="bbox 258 4495 1907 4580">
     <span class='ocr_line' id='line_1_87' title="bbox 258 4495 1907 4580; baseline 0.009 -32"><span class='ocrx_word' id='word_1_643' title='bbox 258 4495 477 4550; x_wconf 82' lang='lat' dir='ltr'><strong>[lorum</strong></span> <span class='ocrx_word' id='word_1_644' title='bbox 508 4496 679 4554; x_wconf 85' lang='lat' dir='ltr'><strong>facile</strong></span> <span class='ocrx_word' id='word_1_645' title='bbox 726 4501 998 4574; x_wconf 87' lang='lat' dir='ltr'><strong>princeps</strong></span> <span class='ocrx_word' id='word_1_646' title='bbox 1029 4511 1153 4559; x_wconf 89' lang='lat' dir='ltr'><strong>erat</strong></span> <span class='ocrx_word' id='word_1_647' title='bbox 1203 4506 1314 4561; x_wconf 92' lang='lat' dir='ltr'><strong>Leo</strong></span> <span class='ocrx_word' id='word_1_648' title='bbox 1348 4506 1590 4575; x_wconf 88' lang='lat' dir='ltr'><strong>Phocas,</strong></span> <span class='ocrx_word' id='word_1_649' title='bbox 1621 4509 1719 4580; x_wconf 92' lang='lat' dir='ltr'><strong>qui</strong></span> <span class='ocrx_word' id='word_1_650' title='bbox 1752 4509 1907 4579; x_wconf 88' lang='lat' dir='ltr'><strong>quod</strong></span> 
     </span>
    </p>
   </div>
   <div class='ocr_carea' id='block_1_87' title="bbox 257 4586 1908 4653">
    <p class='ocr_par' dir='ltr' id='par_1_87' title="bbox 257 4586 1908 4653">
     <span class='ocr_line' id='line_1_88' title="bbox 257 4586 1908 4653; baseline 0.01 -16"><span class='ocrx_word' id='word_1_651' title='bbox 257 4600 498 4640; x_wconf 86' lang='lat' dir='ltr'><strong>uxorem</strong></span> <span class='ocrx_word' id='word_1_652' title='bbox 532 4586 783 4644; x_wconf 87' lang='lat' dir='ltr'><strong>habebat</strong></span> <span class='ocrx_word' id='word_1_653' title='bbox 814 4590 1185 4649; x_wconf 87' lang='lat' dir='ltr'><strong>Constantini</strong></span> <span class='ocrx_word' id='word_1_654' title='bbox 1216 4596 1558 4652; x_wconf 83' lang='lat' dir='ltr'><strong>cubicularii</strong></span> <span class='ocrx_word' id='word_1_655' title='bbox 1590 4598 1782 4652; x_wconf 86' lang='lat' dir='ltr'><strong>intimi</strong></span> <span class='ocrx_word' id='word_1_656' title='bbox 1816 4616 1908 4653; x_wconf 88' lang='lat' dir='ltr'><strong>so-</strong></span> 
     </span>
    </p>
   </div>
   <div class='ocr_carea' id='block_1_88' title="bbox 257 4680 1903 4754">
    <p class='ocr_par' dir='ltr' id='par_1_88' title="bbox 257 4680 1903 4754">
     <span class='ocr_line' id='line_1_89' title="bbox 257 4680 1903 4754; baseline 0.009 -28"><span class='ocrx_word' id='word_1_657' title='bbox 257 4688 471 4740; x_wconf 91' lang='lat' dir='ltr'><strong>rorem,</strong></span> <span class='ocrx_word' id='word_1_658' title='bbox 495 4680 551 4730; x_wconf 90' lang='lat' dir='ltr'><strong>et</strong></span> <span class='ocrx_word' id='word_1_659' title='bbox 598 4693 665 4731; x_wconf 90' lang='lat' dir='ltr'><strong>ea</strong></span> <span class='ocrx_word' id='word_1_660' title='bbox 691 4682 1040 4750; x_wconf 86' lang='lat' dir='ltr'><strong>tempestate</strong></span> <span class='ocrx_word' id='word_1_661' title='bbox 1072 4701 1284 4754; x_wconf 86' lang='lat' dir='ltr'><strong>magna</strong></span> <span class='ocrx_word' id='word_1_662' title='bbox 1331 4692 1455 4740; x_wconf 84' lang='lat' dir='ltr'><strong>erat</strong></span> <span class='ocrx_word' id='word_1_663' title='bbox 1500 4687 1903 4741; x_wconf 80' lang='lat' dir='ltr'><strong>cunuchorum</strong></span> 
     </span>
    </p>
   </div>
   <div class='ocr_carea' id='block_1_89' title="bbox 2090 4319 3659 4392">
    <p class='ocr_par' dir='ltr' id='par_1_89' title="bbox 2090 4319 3659 4392">
     <span class='ocr_line' id='line_1_90' title="bbox 2090 4319 3659 4392; baseline -0.008 -7"><span class='ocrx_word' id='word_1_664' title='bbox 2090 4329 2171 4385; x_wconf 79' lang='grc' dir='ltr'><strong>Τά</strong></span> <span class='ocrx_word' id='word_1_665' title='bbox 2202 4326 2257 4383; x_wconf 70' lang='grc' dir='ltr'>δῖε</span> <span class='ocrx_word' id='word_1_666' title='bbox 2287 4330 2422 4384; x_wconf 87' lang='grc' dir='ltr'><strong>κατά</strong></span> <span class='ocrx_word' id='word_1_667' title='bbox 2452 4326 2611 4383; x_wconf 87' lang='grc' dir='ltr'>πόλιν</span> <span class='ocrx_word' id='word_1_668' title='bbox 2645 4327 2813 4383; x_wconf 77' lang='grc' dir='ltr'>ἐνόσει</span> <span class='ocrx_word' id='word_1_669' title='bbox 2872 4324 3082 4391; x_wconf 85' lang='grc' dir='ltr'>δεινῶς,</span> <span class='ocrx_word' id='word_1_670' title='bbox 3134 4319 3360 4378; x_wconf 90' lang='grc' dir='ltr'>πολλῶν</span> <span class='ocrx_word' id='word_1_671' title='bbox 3419 4320 3508 4374; x_wconf 76' lang='grc' dir='ltr'><strong>καὶ</strong></span> <span class='ocrx_word' id='word_1_672' title='bbox 3567 4340 3659 4392; x_wconf 83' lang='grc' dir='ltr'>με·</span> 
     </span>
    </p>
   </div>
   <div class='ocr_carea' id='block_1_90' title="bbox 2016 4407 3659 4493">
    <p class='ocr_par' dir='ltr' id='par_1_90' title="bbox 2016 4407 3659 4493">
     <span class='ocr_line' id='line_1_91' title="bbox 2016 4407 3659 4493; baseline -0.007 -22"><span class='ocrx_word' id='word_1_673' title='bbox 2016 4417 2211 4493; x_wconf 85' lang='grc' dir='ltr'>γίστων</span> <span class='ocrx_word' id='word_1_674' title='bbox 2269 4417 2705 4492; x_wconf 72' lang='grc' dir='ltr'>ἐπιμαινομὲνων</span> <span class='ocrx_word' id='word_1_675' title='bbox 2752 4418 2822 4489; x_wconf 71' lang='grc' dir='ltr'>τῇ</span> <span class='ocrx_word' id='word_1_676' title='bbox 2881 4413 3131 4491; x_wconf 80' lang='grc' dir='ltr'>βασιλείᾳ</span> <span class='ocrx_word' id='word_1_677' title='bbox 3181 4410 3270 4466; x_wconf 84' lang='grc' dir='ltr'><strong>καὶ</strong></span> <span class='ocrx_word' id='word_1_678' title='bbox 3325 4414 3404 4481; x_wconf 81' lang='grc' dir='ltr'>τῷ</span> <span class='ocrx_word' id='word_1_679' title='bbox 3459 4407 3659 4476; x_wconf 84' lang='grc' dir='ltr'>ταύτης</span> 
     </span>
    </p>
   </div>
   <div class='ocr_carea' id='block_1_91' title="bbox 2018 4499 3655 4583">
    <p class='ocr_par' dir='ltr' id='par_1_91' title="bbox 2018 4499 3655 4583">
     <span class='ocr_line' id='line_1_92' title="bbox 2018 4499 3655 4583; baseline -0.006 -22"><span class='ocrx_word' id='word_1_680' title='bbox 2018 4505 2178 4581; x_wconf 71' lang='grc' dir='ltr'>ἔρωτι</span> <span class='ocrx_word' id='word_1_681' title='bbox 2257 4507 2630 4583; x_wconf 71' lang='grc' dir='ltr'>φλεγομένων,</span> <span class='ocrx_word' id='word_1_682' title='bbox 2713 4504 2785 4561; x_wconf 83' lang='grc' dir='ltr'>ὧν</span> <span class='ocrx_word' id='word_1_683' title='bbox 2858 4508 3157 4580; x_wconf 82' lang='grc' dir='ltr'>κορυφαῖος</span> <span class='ocrx_word' id='word_1_684' title='bbox 3231 4501 3297 4569; x_wconf 80' lang='grc' dir='ltr'>ἦν</span> <span class='ocrx_word' id='word_1_685' title='bbox 3353 4499 3379 4552; x_wconf 93' lang='lat'><strong>6</strong></span> <span class='ocrx_word' id='word_1_686' title='bbox 3439 4501 3655 4557; x_wconf 79' lang='grc' dir='ltr'>Φωκᾶς.</span> 
     </span>
    </p>
   </div>
   <div class='ocr_carea' id='block_1_92' title="bbox 2016 4584 3660 4673">
    <p class='ocr_par' dir='ltr' id='par_1_92' title="bbox 2016 4584 3660 4673">
     <span class='ocr_line' id='line_1_93' title="bbox 2016 4584 3660 4673; baseline -0.007 -24"><span class='ocrx_word' id='word_1_687' title='bbox 2016 4597 2301 4673; x_wconf 76' lang='grc' dir='ltr'>Ὑπάρχων</span> <span class='ocrx_word' id='word_1_688' title='bbox 2360 4600 2460 4673; x_wconf 76' lang='grc' dir='ltr'><strong>γὰρ</strong></span> <span class='ocrx_word' id='word_1_689' title='bbox 2528 4595 2685 4657; x_wconf 74' lang='grc' dir='ltr'>οὗτος</span> <span class='ocrx_word' id='word_1_690' title='bbox 2735 4592 2816 4648; x_wconf 80' lang='grc' dir='ltr'><strong>ἐπ’</strong></span> <span class='ocrx_word' id='word_1_691' title='bbox 2875 4590 3084 4670; x_wconf 79' lang='grc' dir='ltr'>ἀδελφῇ</span> <span class='ocrx_word' id='word_1_692' title='bbox 3141 4584 3385 4664; x_wconf 73' lang='grc' dir='ltr'>γαμϐρὸς</span> <span class='ocrx_word' id='word_1_693' title='bbox 3417 4589 3513 4639; x_wconf 73' lang='grc' dir='ltr'>τοῦ</span> <span class='ocrx_word' id='word_1_694' title='bbox 3553 4605 3660 4638; x_wconf 84' lang='grc' dir='ltr'>πα-</span> 
     </span>
    </p>
   </div>
   <div class='ocr_carea' id='block_1_93' title="bbox 2019 4673 3661 4761">
    <p class='ocr_par' dir='ltr' id='par_1_93' title="bbox 2019 4673 3661 4761">
     <span class='ocr_line' id='line_1_94' title="bbox 2019 4673 3661 4761; baseline -0.008 -22"><span class='ocrx_word' id='word_1_695' title='bbox 2019 4686 2436 4761; x_wconf 77' lang='grc' dir='ltr'>ρακοιμωμὲνου</span> <span class='ocrx_word' id='word_1_696' title='bbox 2471 4683 2895 4753; x_wconf 74' lang='grc' dir='ltr'>Κωνσταντίνου,</span> <span class='ocrx_word' id='word_1_697' title='bbox 2933 4678 3141 4756; x_wconf 86' lang='grc' dir='ltr'>μεγάλα</span> <span class='ocrx_word' id='word_1_698' title='bbox 3168 4678 3289 4733; x_wconf 81' lang='grc' dir='ltr'>τότε</span> <span class='ocrx_word' id='word_1_699' title='bbox 3320 4680 3425 4730; x_wconf 89' lang='grc' dir='ltr'><strong>τῶν</strong></span> <span class='ocrx_word' id='word_1_700' title='bbox 3458 4673 3508 4728; x_wconf 81' lang='grc' dir='ltr'><strong>ἐν</strong></span> <span class='ocrx_word' id='word_1_701' title='bbox 3542 4678 3661 4735; x_wconf 83' lang='grc' dir='ltr'>τοῖς</span> 
     </span>
    </p>
   </div>
   <div class='ocr_carea' id='block_1_94' title="bbox 255 4760 1910 4848">
    <p class='ocr_par' dir='ltr' id='par_1_94' title="bbox 255 4760 1896 4845">
     <span class='ocr_line' id='line_1_95' title="bbox 255 4760 1896 4845; baseline 0.009 -30"><span class='ocrx_word' id='word_1_702' title='bbox 255 4760 317 4815; x_wconf 92' lang='lat' dir='ltr'><strong>in</strong></span> <span class='ocrx_word' id='word_1_703' title='bbox 349 4761 481 4818; x_wconf 90' lang='lat' dir='ltr'><strong>aula</strong></span> <span class='ocrx_word' id='word_1_704' title='bbox 506 4766 785 4840; x_wconf 87' lang='lat' dir='ltr'><strong>potentia,</strong></span> <span class='ocrx_word' id='word_1_705' title='bbox 815 4768 876 4824; x_wconf 92' lang='lat' dir='ltr'><strong>in</strong></span> <span class='ocrx_word' id='word_1_706' title='bbox 918 4786 984 4826; x_wconf 92' lang='lat' dir='ltr'><strong>eo</strong></span> <span class='ocrx_word' id='word_1_707' title='bbox 1024 4772 1344 4843; x_wconf 88' lang='lat' dir='ltr'><strong>plurimum</strong></span> <span class='ocrx_word' id='word_1_708' title='bbox 1381 4792 1601 4845; x_wconf 79' lang='lat' dir='ltr'><strong>ponens</strong></span> <span class='ocrx_word' id='word_1_709' title='bbox 1648 4776 1896 4841; x_wconf 81' lang='lat' dir='ltr'><strong>fiduciae,</strong></span> 
     </span>
    </p>
   </div>
   <div class='ocr_carea' id='block_1_95' title="bbox 2025 4760 3659 4848">
    <p class='ocr_par' dir='ltr' id='par_1_95' title="bbox 2025 4761 3659 4848">
     <span class='ocr_line' id='line_1_96' title="bbox 2025 4761 3659 4848; baseline -0.008 -19"><span class='ocrx_word' id='word_1_710' title='bbox 2025 4773 2322 4848; x_wconf 87' lang='grc' dir='ltr'>βασιλείοις</span> <span class='ocrx_word' id='word_1_711' title='bbox 2356 4772 2656 4848; x_wconf 76' lang='grc' dir='ltr'>δυναμένου</span> <span class='ocrx_word' id='word_1_712' title='bbox 2688 4769 3087 4846; x_wconf 81' lang='grc' dir='ltr'>εὐνούχων,καὶ</span> <span class='ocrx_word' id='word_1_713' title='bbox 3118 4767 3199 4823; x_wconf 77' lang='grc' dir='ltr'><strong>ἐπ’</strong></span> <span class='ocrx_word' id='word_1_714' title='bbox 3232 4764 3377 4838; x_wconf 80' lang='grc' dir='ltr'>αύτῷ</span> <span class='ocrx_word' id='word_1_715' title='bbox 3407 4761 3659 4819; x_wconf 84' lang='grc' dir='ltr'>πλεῖσται</span> 
     </span>
    </p>
   </div>
   <div class='ocr_carea' id='block_1_96' title="bbox 259 4858 1903 4935">
    <p class='ocr_par' dir='ltr' id='par_1_96' title="bbox 259 4858 1903 4935">
     <span class='ocr_line' id='line_1_97' title="bbox 259 4858 1903 4935; baseline 0.007 -30"><span class='ocrx_word' id='word_1_716' title='bbox 259 4867 377 4906; x_wconf 89' lang='lat' dir='ltr'><strong>non</strong></span> <span class='ocrx_word' id='word_1_717' title='bbox 411 4870 622 4925; x_wconf 83' lang='lat' dir='ltr'><strong>magno</strong></span> <span class='ocrx_word' id='word_1_718' title='bbox 651 4858 881 4929; x_wconf 83' lang='lat' dir='ltr'><strong>negotio</strong></span> <span class='ocrx_word' id='word_1_719' title='bbox 914 4877 976 4915; x_wconf 84' lang='lat' dir='ltr'><strong>se</strong></span> <span class='ocrx_word' id='word_1_720' title='bbox 1006 4863 1334 4933; x_wconf 82' lang='lat' dir='ltr'><strong>potiturum</strong></span> <span class='ocrx_word' id='word_1_721' title='bbox 1367 4864 1609 4935; x_wconf 80' lang='lat' dir='ltr'><strong>imperio</strong></span> <span class='ocrx_word' id='word_1_722' title='bbox 1641 4865 1903 4935; x_wconf 82' lang='lat' dir='ltr'><strong>putabat,</strong></span> 
     </span>
    </p>
   </div>
   <div class='ocr_carea' id='block_1_97' title="bbox 258 4940 1906 5025">
    <p class='ocr_par' dir='ltr' id='par_1_97' title="bbox 258 4940 1906 5025">
     <span class='ocr_line' id='line_1_98' title="bbox 258 4940 1906 5025; baseline 0.008 -30"><span class='ocrx_word' id='word_1_723' title='bbox 258 4940 509 5013; x_wconf 91' lang='lat' dir='ltr'><strong>ideoque</strong></span> <span class='ocrx_word' id='word_1_724' title='bbox 538 4944 596 4999; x_wconf 92' lang='lat' dir='ltr'><strong>in</strong></span> <span class='ocrx_word' id='word_1_725' title='bbox 628 4947 778 5003; x_wconf 74' lang='lat'><strong>289</strong></span> <span class='ocrx_word' id='word_1_726' title='bbox 811 4966 878 5004; x_wconf 89' lang='lat' dir='ltr'><strong>ea</strong></span> <span class='ocrx_word' id='word_1_727' title='bbox 908 4966 968 5005; x_wconf 92' lang='lat' dir='ltr'><strong>re</strong></span> <span class='ocrx_word' id='word_1_728' title='bbox 1000 4951 1225 5006; x_wconf 88' lang='lat' dir='ltr'><strong>multus</strong></span> <span class='ocrx_word' id='word_1_729' title='bbox 1273 4958 1416 5018; x_wconf 84' lang='lat' dir='ltr'><strong>erat,</strong></span> <span class='ocrx_word' id='word_1_730' title='bbox 1451 4970 1639 5025; x_wconf 86' lang='lat' dir='ltr'><strong>neque</strong></span> <span class='ocrx_word' id='word_1_731' title='bbox 1684 4954 1906 5009; x_wconf 81' lang='lat' dir='ltr'><strong>occulte</strong></span> 
     </span>
    </p>
   </div>
   <div class='ocr_carea' id='block_1_98' title="bbox 260 5030 1907 5113">
    <p class='ocr_par' dir='ltr' id='par_1_98' title="bbox 260 5030 1907 5113">
     <span class='ocr_line' id='line_1_99' title="bbox 260 5030 1907 5113; baseline 0.008 -28"><span class='ocrx_word' id='word_1_732' title='bbox 260 5030 361 5086; x_wconf 89' lang='lat' dir='ltr'><strong>sed</strong></span> <span class='ocrx_word' id='word_1_733' title='bbox 398 5032 590 5103; x_wconf 91' lang='lat' dir='ltr'><strong>palam</strong></span> <span class='ocrx_word' id='word_1_734' title='bbox 620 5034 936 5110; x_wconf 87' lang='lat' dir='ltr'><strong>imperium</strong></span> <span class='ocrx_word' id='word_1_735' title='bbox 964 5040 1288 5109; x_wconf 61' lang='lat' dir='ltr'><strong>affectabat,</strong></span> <span class='ocrx_word' id='word_1_736' title='bbox 1312 5042 1489 5113; x_wconf 87' lang='lat' dir='ltr'><strong>idque</strong></span> <span class='ocrx_word' id='word_1_737' title='bbox 1511 5041 1688 5097; x_wconf 91' lang='lat' dir='ltr'><strong>veluti</strong></span> <span class='ocrx_word' id='word_1_738' title='bbox 1719 5060 1839 5098; x_wconf 89' lang='lat' dir='ltr'><strong>rem</strong></span> <span class='ocrx_word' id='word_1_739' title='bbox 1874 5062 1907 5098; x_wconf 88' lang='lat' dir='ltr'><strong>a</strong></span> 
     </span>
    </p>
   </div>
   <div class='ocr_carea' id='block_1_99' title="bbox 259 5121 1905 5203">
    <p class='ocr_par' dir='ltr' id='par_1_99' title="bbox 259 5121 1905 5203">
     <span class='ocr_line' id='line_1_100' title="bbox 259 5121 1905 5203; baseline 0.008 -29"><span class='ocrx_word' id='word_1_740' title='bbox 259 5121 586 5191; x_wconf 82' lang='lat' dir='ltr'><strong>majoribus</strong></span> <span class='ocrx_word' id='word_1_741' title='bbox 608 5126 734 5181; x_wconf 91' lang='lat' dir='ltr'><strong>suis</strong></span> <span class='ocrx_word' id='word_1_742' title='bbox 755 5128 825 5183; x_wconf 85' lang='lat' dir='ltr'><strong>ad</strong></span> <span class='ocrx_word' id='word_1_743' title='bbox 854 5146 916 5184; x_wconf 88' lang='lat' dir='ltr'><strong>se</strong></span> <span class='ocrx_word' id='word_1_744' title='bbox 938 5131 1347 5200; x_wconf 86' lang='lat' dir='ltr'><strong>pertinentem,</strong></span> <span class='ocrx_word' id='word_1_745' title='bbox 1371 5132 1809 5203; x_wconf 85' lang='lat' dir='ltr'><strong>quamprimum</strong></span> <span class='ocrx_word' id='word_1_746' title='bbox 1833 5135 1905 5188; x_wconf 84' lang='lat' dir='ltr'><strong>ad</strong></span> 
     </span>
    </p>
   </div>
   <div class='ocr_carea' id='block_1_100' title="bbox 260 5209 1901 5284">
    <p class='ocr_par' dir='ltr' id='par_1_100' title="bbox 260 5209 1901 5284">
     <span class='ocr_line' id='line_1_101' title="bbox 260 5209 1901 5284; baseline 0.009 -21"><span class='ocrx_word' id='word_1_747' title='bbox 260 5223 323 5265; x_wconf 87' lang='lat' dir='ltr'><strong>se</strong></span> <span class='ocrx_word' id='word_1_748' title='bbox 347 5215 409 5264; x_wconf 91' lang='lat' dir='ltr'><strong>ut</strong></span> <span class='ocrx_word' id='word_1_749' title='bbox 427 5209 756 5284; x_wconf 89' lang='lat' dir='ltr'><strong>legitimum</strong></span> <span class='ocrx_word' id='word_1_750' title='bbox 784 5215 1072 5273; x_wconf 76' lang='lat' dir='ltr'><strong>haeredem</strong></span> <span class='ocrx_word' id='word_1_751' title='bbox 1095 5219 1432 5275; x_wconf 89' lang='lat' dir='ltr'><strong>devolutum</strong></span> <span class='ocrx_word' id='word_1_752' title='bbox 1456 5220 1525 5276; x_wconf 92' lang='lat' dir='ltr'><strong>iri</strong></span> <span class='ocrx_word' id='word_1_753' title='bbox 1549 5221 1901 5277; x_wconf 87' lang='lat' dir='ltr'><strong>somniabat.</strong></span> 
     </span>
    </p>
   </div>
   <div class='ocr_carea' id='block_1_101' title="bbox 258 5299 1904 5381">
    <p class='ocr_par' dir='ltr' id='par_1_101' title="bbox 258 5299 1904 5381">
     <span class='ocr_line' id='line_1_102' title="bbox 258 5299 1904 5381; baseline 0.007 -26"><span class='ocrx_word' id='word_1_754' title='bbox 258 5299 441 5369; x_wconf 82' lang='lat' dir='ltr'><strong>Cujus</strong></span> <span class='ocrx_word' id='word_1_755' title='bbox 470 5301 963 5362; x_wconf 90' lang='lat' dir='ltr'><strong>vehementiorem</strong></span> <span class='ocrx_word' id='word_1_756' title='bbox 986 5325 1159 5378; x_wconf 90' lang='lat' dir='ltr'><strong>quam</strong></span> <span class='ocrx_word' id='word_1_757' title='bbox 1194 5309 1464 5381; x_wconf 86' lang='lat' dir='ltr'><strong>impediri</strong></span> <span class='ocrx_word' id='word_1_758' title='bbox 1496 5315 1560 5365; x_wconf 86' lang='lat' dir='ltr'><strong>ut</strong></span> <span class='ocrx_word' id='word_1_759' title='bbox 1587 5319 1780 5381; x_wconf 80' lang='lat' dir='ltr'><strong>posset</strong></span> <span class='ocrx_word' id='word_1_760' title='bbox 1811 5328 1904 5368; x_wconf 90' lang='lat' dir='ltr'><strong>co-</strong></span> 
     </span>
    </p>
   </div>
   <div class='ocr_carea' id='block_1_102' title="bbox 257 5392 1904 5473">
    <p class='ocr_par' dir='ltr' id='par_1_102' title="bbox 257 5392 1904 5473">
     <span class='ocr_line' id='line_1_103' title="bbox 257 5392 1904 5473; baseline 0.009 -31"><span class='ocrx_word' id='word_1_761' title='bbox 257 5393 464 5444; x_wconf 88' lang='lat' dir='ltr'><strong>natum</strong></span> <span class='ocrx_word' id='word_1_762' title='bbox 502 5392 716 5448; x_wconf 85' lang='lat' dir='ltr'><strong>timens</strong></span> <span class='ocrx_word' id='word_1_763' title='bbox 745 5393 1082 5452; x_wconf 89' lang='lat' dir='ltr'><strong>Theodorus</strong></span> <span class='ocrx_word' id='word_1_764' title='bbox 1126 5397 1496 5470; x_wconf 89' lang='lat' dir='ltr'><strong>imperatoris</strong></span> <span class='ocrx_word' id='word_1_765' title='bbox 1528 5400 1904 5473; x_wconf 65' lang='lat' dir='ltr'><strong>paedagogus,</strong></span> 
     </span>
    </p>
   </div>
   <div class='ocr_carea' id='block_1_103' title="bbox 260 5482 1901 5557">
    <p class='ocr_par' dir='ltr' id='par_1_103' title="bbox 260 5482 1901 5557">
     <span class='ocr_line' id='line_1_104' title="bbox 260 5482 1901 5557; baseline 0.008 -25"><span class='ocrx_word' id='word_1_766' title='bbox 260 5482 652 5552; x_wconf 88' lang='lat' dir='ltr'><strong>metuensque</strong></span> <span class='ocrx_word' id='word_1_767' title='bbox 697 5499 770 5539; x_wconf 91' lang='lat' dir='ltr'><strong>ne</strong></span> <span class='ocrx_word' id='word_1_768' title='bbox 818 5500 924 5539; x_wconf 90' lang='lat' dir='ltr'><strong>suo</strong></span> <span class='ocrx_word' id='word_1_769' title='bbox 955 5486 1193 5542; x_wconf 89' lang='lat' dir='ltr'><strong>domino</strong></span> <span class='ocrx_word' id='word_1_770' title='bbox 1242 5504 1309 5543; x_wconf 86' lang='lat' dir='ltr'><strong>ea</strong></span> <span class='ocrx_word' id='word_1_771' title='bbox 1367 5505 1456 5545; x_wconf 88' lang='lat' dir='ltr'><strong>res</strong></span> <span class='ocrx_word' id='word_1_772' title='bbox 1511 5489 1686 5545; x_wconf 81' lang='lat' dir='ltr'><strong>exitio</strong></span> <span class='ocrx_word' id='word_1_773' title='bbox 1736 5490 1901 5557; x_wconf 87' lang='lat' dir='ltr'><strong>foret,</strong></span> 
     </span>
    </p>
   </div>
   <div class='ocr_carea' id='block_1_104' title="bbox 259 5565 1900 5650">
    <p class='ocr_par' dir='ltr' id='par_1_104' title="bbox 259 5565 1900 5650">
     <span class='ocr_line' id='line_1_105' title="bbox 259 5565 1900 5650; baseline 0.007 -28"><span class='ocrx_word' id='word_1_774' title='bbox 259 5565 399 5623; x_wconf 89' lang='lat' dir='ltr'><strong>huic</strong></span> <span class='ocrx_word' id='word_1_775' title='bbox 428 5570 681 5627; x_wconf 86' lang='lat' dir='ltr'><strong>consulit</strong></span> <span class='ocrx_word' id='word_1_776' title='bbox 702 5573 787 5628; x_wconf 91' lang='lat' dir='ltr'><strong>uti</strong></span> <span class='ocrx_word' id='word_1_777' title='bbox 816 5576 1143 5630; x_wconf 84' lang='lat' dir='ltr'><strong>Romanum</strong></span> <span class='ocrx_word' id='word_1_778' title='bbox 1175 5577 1486 5647; x_wconf 89' lang='lat' dir='ltr'><strong>patricium</strong></span> <span class='ocrx_word' id='word_1_779' title='bbox 1517 5578 1900 5650; x_wconf 89' lang='lat' dir='ltr'><strong>drungarium</strong></span> 
     </span>
    </p>
   </div>
   <div class='ocr_carea' id='block_1_105' title="bbox 261 5655 1902 5737">
    <p class='ocr_par' dir='ltr' id='par_1_105' title="bbox 261 5655 1902 5737">
     <span class='ocr_line' id='line_1_106' title="bbox 261 5655 1902 5737; baseline 0.008 -25"><span class='ocrx_word' id='word_1_780' title='bbox 261 5655 472 5714; x_wconf 87' lang='lat' dir='ltr'><strong>classis</strong></span> <span class='ocrx_word' id='word_1_781' title='bbox 503 5661 728 5716; x_wconf 91' lang='lat' dir='ltr'><strong>occulte</strong></span> <span class='ocrx_word' id='word_1_782' title='bbox 756 5662 868 5717; x_wconf 88' lang='lat' dir='ltr'><strong>sibi</strong></span> <span class='ocrx_word' id='word_1_783' title='bbox 913 5664 1199 5720; x_wconf 87' lang='lat' dir='ltr'><strong>adsciscat</strong></span> <span class='ocrx_word' id='word_1_784' title='bbox 1239 5669 1564 5737; x_wconf 90' lang='lat' dir='ltr'><strong>custodem,</strong></span> <span class='ocrx_word' id='word_1_785' title='bbox 1595 5684 1662 5723; x_wconf 90' lang='lat' dir='ltr'><strong>ac</strong></span> <span class='ocrx_word' id='word_1_786' title='bbox 1715 5668 1766 5723; x_wconf 92' lang='lat' dir='ltr'><strong>si</strong></span> <span class='ocrx_word' id='word_1_787' title='bbox 1812 5685 1902 5725; x_wconf 90' lang='lat' dir='ltr'><strong>res</strong></span> 
     </span>
    </p>
   </div>
   <div class='ocr_carea' id='block_1_106' title="bbox 2015 4855 3655 4940">
    <p class='ocr_par' dir='ltr' id='par_1_106' title="bbox 2015 4855 3655 4940">
     <span class='ocr_line' id='line_1_107' title="bbox 2015 4855 3655 4940; baseline -0.005 -23"><span class='ocrx_word' id='word_1_788' title='bbox 2015 4864 2229 4940; x_wconf 56' lang='grc' dir='ltr'>θαρρῶν</span> <span class='ocrx_word' id='word_1_789' title='bbox 2264 4862 2464 4940; x_wconf 73' lang='grc' dir='ltr'>ῥᾳδίως</span> <span class='ocrx_word' id='word_1_790' title='bbox 2498 4865 2634 4937; x_wconf 73' lang='grc' dir='ltr'>ᾤετο</span> <span class='ocrx_word' id='word_1_791' title='bbox 2654 4866 2714 4917; x_wconf 86' lang='grc' dir='ltr'>τὸ</span> <span class='ocrx_word' id='word_1_792' title='bbox 2734 4870 2834 4930; x_wconf 83' lang='grc' dir='ltr'>τῆς</span> <span class='ocrx_word' id='word_1_793' title='bbox 2868 4857 3140 4933; x_wconf 84' lang='grc' dir='ltr'>βασιλείας</span> <span class='ocrx_word' id='word_1_794' title='bbox 3167 4855 3404 4924; x_wconf 73' lang='grc' dir='ltr'>καθέξειν</span> <span class='ocrx_word' id='word_1_795' title='bbox 3439 4855 3655 4926; x_wconf 72' lang='grc' dir='ltr'>κράτος.</span> 
     </span>
    </p>
   </div>
   <div class='ocr_carea' id='block_1_107' title="bbox 2016 4941 3655 5031">
    <p class='ocr_par' dir='ltr' id='par_1_107' title="bbox 2016 4941 3655 5031">
     <span class='ocr_line' id='line_1_108' title="bbox 2016 4941 3655 5031; baseline -0.009 -23"><span class='ocrx_word' id='word_1_796' title='bbox 2016 4954 2108 5008; x_wconf 82' lang='grc' dir='ltr'><strong>Διὸ</strong></span> <span class='ocrx_word' id='word_1_797' title='bbox 2139 4955 2225 5008; x_wconf 73' lang='grc' dir='ltr'><strong>καὶ</strong></span> <span class='ocrx_word' id='word_1_798' title='bbox 2261 4953 2433 5016; x_wconf 88' lang='grc' dir='ltr'>πολὺς</span> <span class='ocrx_word' id='word_1_799' title='bbox 2468 4953 2706 5031; x_wconf 71' lang='grc' dir='ltr'>ἐφέρετο,</span> <span class='ocrx_word' id='word_1_800' title='bbox 2736 4952 2822 5005; x_wconf 89' lang='grc' dir='ltr'><strong>καὶ</strong></span> <span class='ocrx_word' id='word_1_801' title='bbox 2858 4950 2918 5003; x_wconf 78' lang='grc' dir='ltr'>οὗ</span> <span class='ocrx_word' id='word_1_802' title='bbox 2968 4941 3209 5022; x_wconf 78' lang='grc' dir='ltr'>κρύϐδην</span> <span class='ocrx_word' id='word_1_803' title='bbox 3242 4941 3388 4999; x_wconf 86' lang='grc' dir='ltr'><strong>ἀλλά</strong></span> <span class='ocrx_word' id='word_1_804' title='bbox 3418 4945 3655 5031; x_wconf 79' lang='grc' dir='ltr'>φανερῶς</span> 
     </span>
    </p>
   </div>
   <div class='ocr_carea' id='block_1_108' title="bbox 2012 5029 3657 5115">
    <p class='ocr_par' dir='ltr' id='par_1_108' title="bbox 2012 5029 3657 5115">
     <span class='ocr_line' id='line_1_109' title="bbox 2012 5029 3657 5115; baseline -0.009 -18"><span class='ocrx_word' id='word_1_805' title='bbox 2012 5042 2214 5114; x_wconf 88' lang='grc' dir='ltr'>ταύτης</span> <span class='ocrx_word' id='word_1_806' title='bbox 2244 5044 2578 5098; x_wconf 81' lang='grc' dir='ltr'>ἀντεποιεῖτο</span> <span class='ocrx_word' id='word_1_807' title='bbox 2630 5038 2861 5115; x_wconf 76' lang='grc' dir='ltr'>ὡσπερεὶ</span> <span class='ocrx_word' id='word_1_808' title='bbox 2914 5036 3171 5113; x_wconf 87' lang='grc' dir='ltr'>πατρῲου</span> <span class='ocrx_word' id='word_1_809' title='bbox 3218 5032 3538 5107; x_wconf 77' lang='grc' dir='ltr'>πράγματος</span> <span class='ocrx_word' id='word_1_810' title='bbox 3564 5029 3657 5085; x_wconf 84' lang='grc' dir='ltr'><strong>καὶ</strong></span> 
     </span>
    </p>
   </div>
   <div class='ocr_carea' id='block_1_109' title="bbox 2013 5117 3654 5207">
    <p class='ocr_par' dir='ltr' id='par_1_109' title="bbox 2013 5117 3654 5207">
     <span class='ocr_line' id='line_1_110' title="bbox 2013 5117 3654 5207; baseline -0.009 -21"><span class='ocrx_word' id='word_1_811' title='bbox 2013 5134 2340 5207; x_wconf 87' lang='grc' dir='ltr'>προγονόθεν</span> <span class='ocrx_word' id='word_1_812' title='bbox 2396 5133 2545 5204; x_wconf 77' lang='grc' dir='ltr'>αύτῷ</span> <span class='ocrx_word' id='word_1_813' title='bbox 2602 5131 2944 5200; x_wconf 71' lang='grc' dir='ltr'>ἀνήκοντος,</span> <span class='ocrx_word' id='word_1_814' title='bbox 3011 5124 3101 5181; x_wconf 85' lang='grc' dir='ltr'><strong>καὶ</strong></span> <span class='ocrx_word' id='word_1_815' title='bbox 3160 5122 3281 5179; x_wconf 81' lang='grc' dir='ltr'>ὅσον</span> <span class='ocrx_word' id='word_1_816' title='bbox 3350 5117 3503 5175; x_wconf 70' lang='grc' dir='ltr'>οὔπω</span> <span class='ocrx_word' id='word_1_817' title='bbox 3562 5119 3654 5191; x_wconf 78' lang='grc' dir='ltr'><strong>ἥξ-</strong></span> 
     </span>
    </p>
   </div>
   <div class='ocr_carea' id='block_1_110' title="bbox 2015 5208 3653 5291">
    <p class='ocr_par' dir='ltr' id='par_1_110' title="bbox 2015 5208 3653 5291">
     <span class='ocr_line' id='line_1_111' title="bbox 2015 5208 3653 5291; baseline -0.008 -14"><span class='ocrx_word' id='word_1_818' title='bbox 2015 5243 2092 5276; x_wconf 89' lang='grc' dir='ltr'><strong>ειν</strong></span> <span class='ocrx_word' id='word_1_819' title='bbox 2125 5221 2201 5284; x_wconf 80' lang='grc' dir='ltr'>εἷ¹ς</span> <span class='ocrx_word' id='word_1_820' title='bbox 2232 5223 2395 5276; x_wconf 85' lang='grc' dir='ltr'>αὐτὸν</span> <span class='ocrx_word' id='word_1_821' title='bbox 2442 5222 2515 5282; x_wconf 84' lang='grc' dir='ltr'>ὡς</span> <span class='ocrx_word' id='word_1_822' title='bbox 2565 5219 2641 5282; x_wconf 78' lang='grc' dir='ltr'>εἷς</span> <span class='ocrx_word' id='word_1_823' title='bbox 2694 5217 2931 5291; x_wconf 79' lang='grc' dir='ltr'>νόμιμον</span> <span class='ocrx_word' id='word_1_824' title='bbox 2990 5212 3256 5290; x_wconf 75' lang='grc' dir='ltr'>διαδοχὴν</span> <span class='ocrx_word' id='word_1_825' title='bbox 3311 5208 3653 5287; x_wconf 83' lang='grc' dir='ltr'>ἐφαντάζετο.</span> 
     </span>
    </p>
   </div>
   <div class='ocr_carea' id='block_1_111' title="bbox 2014 5296 3654 5386">
    <p class='ocr_par' dir='ltr' id='par_1_111' title="bbox 2014 5296 3654 5386">
     <span class='ocr_line' id='line_1_112' title="bbox 2014 5296 3654 5386; baseline -0.003 -23"><span class='ocrx_word' id='word_1_826' title='bbox 2014 5311 2091 5368; x_wconf 80' lang='grc' dir='ltr'>Οὗ</span> <span class='ocrx_word' id='word_1_827' title='bbox 2143 5313 2241 5380; x_wconf 76' lang='grc' dir='ltr'>τὴν</span> <span class='ocrx_word' id='word_1_828' title='bbox 2284 5312 2464 5386; x_wconf 67' lang='grc' dir='ltr'>ὁρμὴν</span> <span class='ocrx_word' id='word_1_829' title='bbox 2524 5306 2887 5383; x_wconf 76' lang='grc' dir='ltr'>ἀκατάσχετον</span> <span class='ocrx_word' id='word_1_830' title='bbox 2947 5304 3107 5360; x_wconf 74' lang='grc' dir='ltr'>οὖσαν</span> <span class='ocrx_word' id='word_1_831' title='bbox 3159 5296 3418 5380; x_wconf 78' lang='grc' dir='ltr'>φοϐηθεὶς</span> <span class='ocrx_word' id='word_1_832' title='bbox 3474 5298 3501 5350; x_wconf 75' lang='grc' dir='ltr'>ὁ</span> <span class='ocrx_word' id='word_1_833' title='bbox 3559 5300 3654 5351; x_wconf 71' lang='grc' dir='ltr'><strong>τοῦ</strong></span> 
     </span>
    </p>
   </div>
   <div class='ocr_carea' id='block_1_112' title="bbox 2018 5385 3654 5476">
    <p class='ocr_par' dir='ltr' id='par_1_112' title="bbox 2018 5385 3654 5476">
     <span class='ocr_line' id='line_1_113' title="bbox 2018 5385 3654 5476; baseline -0.01 -21"><span class='ocrx_word' id='word_1_834' title='bbox 2018 5397 2287 5476; x_wconf 69' lang='grc' dir='ltr'>βασιλέως</span> <span class='ocrx_word' id='word_1_835' title='bbox 2321 5385 2750 5455; x_wconf 11' lang='grc' dir='ltr'>νΚωνσταντίνου</span> <span class='ocrx_word' id='word_1_836' title='bbox 2797 5393 3148 5471; x_wconf 83' lang='grc' dir='ltr'>παιδαγωγὸς</span> <span class='ocrx_word' id='word_1_837' title='bbox 3207 5385 3510 5462; x_wconf 84' lang='grc' dir='ltr'>Θεόδωρος,</span> <span class='ocrx_word' id='word_1_838' title='bbox 3564 5386 3654 5476; x_wconf 77' lang='grc' dir='ltr'><strong>καὶ</strong></span> 
     </span>
    </p>
   </div>
   <div class='ocr_carea' id='block_1_113' title="bbox 2017 5472 3653 5563">
    <p class='ocr_par' dir='ltr' id='par_1_113' title="bbox 2017 5472 3653 5563">
     <span class='ocr_line' id='line_1_114' title="bbox 2017 5472 3653 5563; baseline -0.011 -18"><span class='ocrx_word' id='word_1_839' title='bbox 2017 5472 2090 5561; x_wconf 73' lang='grc' dir='ltr'>μή</span> <span class='ocrx_word' id='word_1_840' title='bbox 2125 5512 2175 5544; x_wconf 90' lang='grc' dir='ltr'><strong>τι</strong></span> <span class='ocrx_word' id='word_1_841' title='bbox 2206 5489 2346 5563; x_wconf 77' lang='grc' dir='ltr'>πάθῃ</span> <span class='ocrx_word' id='word_1_842' title='bbox 2404 5486 2580 5550; x_wconf 85' lang='grc' dir='ltr'>δείσας</span> <span class='ocrx_word' id='word_1_843' title='bbox 2639 5488 2666 5542; x_wconf 88' lang='grc' dir='ltr'>ὁ</span> <span class='ocrx_word' id='word_1_844' title='bbox 2720 5484 2995 5562; x_wconf 84' lang='grc' dir='ltr'>βασιλεὺς,</span> <span class='ocrx_word' id='word_1_845' title='bbox 3032 5482 3253 5537; x_wconf 61' lang='grc' dir='ltr'>ὑπέθετο</span> <span class='ocrx_word' id='word_1_846' title='bbox 3310 5482 3390 5549; x_wconf 75' lang='grc' dir='ltr'>τῷ</span> <span class='ocrx_word' id='word_1_847' title='bbox 3439 5472 3653 5551; x_wconf 84' lang='grc' dir='ltr'>βασιλεῖ</span> 
     </span>
    </p>
   </div>
   <div class='ocr_carea' id='block_1_114' title="bbox 2012 5565 3648 5653">
    <p class='ocr_par' dir='ltr' id='par_1_114' title="bbox 2012 5565 3648 5653">
     <span class='ocr_line' id='line_1_115' title="bbox 2012 5565 3648 5653; baseline -0.012 -17"><span class='ocrx_word' id='word_1_848' title='bbox 2012 5579 2405 5651; x_wconf 79' lang='grc' dir='ltr'>Κωνσταντίνῳ</span> <span class='ocrx_word' id='word_1_849' title='bbox 2438 5576 2713 5653; x_wconf 88' lang='grc' dir='ltr'>λαθραίως</span> <span class='ocrx_word' id='word_1_850' title='bbox 2768 5568 3165 5649; x_wconf 73' lang='grc' dir='ltr'>προσλαϐέσθαι</span> <span class='ocrx_word' id='word_1_851' title='bbox 3211 5568 3303 5623; x_wconf 84' lang='grc' dir='ltr'>τὸν</span> <span class='ocrx_word' id='word_1_852' title='bbox 3363 5565 3648 5641; x_wconf 89' lang='grc' dir='ltr'>πατρίκιον</span> 
     </span>
    </p>
   </div>
   <div class='ocr_carea' id='block_1_115' title="bbox 2010 5653 3651 5743">
    <p class='ocr_par' dir='ltr' id='par_1_115' title="bbox 2010 5653 3651 5743">
     <span class='ocr_line' id='line_1_116' title="bbox 2010 5653 3651 5743; baseline -0.01 -20"><span class='ocrx_word' id='word_1_853' title='bbox 2010 5668 2286 5741; x_wconf 77' lang='grc' dir='ltr'>Ῥωμανὸν</span> <span class='ocrx_word' id='word_1_854' title='bbox 2310 5670 2399 5723; x_wconf 80' lang='grc' dir='ltr'><strong>καὶ</strong></span> <span class='ocrx_word' id='word_1_855' title='bbox 2460 5666 2821 5743; x_wconf 83' lang='grc' dir='ltr'>δρουγγάριον</span> <span class='ocrx_word' id='word_1_856' title='bbox 2873 5667 2979 5719; x_wconf 90' lang='grc' dir='ltr'><strong>τῶν</strong></span> <span class='ocrx_word' id='word_1_857' title='bbox 3039 5656 3337 5732; x_wconf 74' lang='grc' dir='ltr'>πλωίμων,</span> <span class='ocrx_word' id='word_1_858' title='bbox 3390 5653 3651 5729; x_wconf 87' lang='grc' dir='ltr'>πατρικὸν</span> 
     </span>
    </p>
   </div>
  </div>
