4004 6208
364 346 433 405 Si

363 474 486 531 ὄντα
518 473 713 530 δοῦλον
740 476 831 528 καὶ
862 476 929 529 τα
959 474 1121 529 αὐτοῦ
1154 481 1453 552 φρονοῦντα
1487 474 1577 531 διὰ
1606 477 1829 545 παντὸς,
1864 473 2001 528 ὥστε

365 571 585 619 συνεῖναι
654 565 740 619 καὶ
820 562 1197 641 διαφυλάττειν
1256 566 1438 637 αὐτὸν,
1500 568 1579 638 [Ρ.
1629 567 1756 637 615]
1812 563 1900 617 καὶ
1960 562 2005 616 εἷ

372 654 559 725 δεήσει,
596 656 889 728 σύμμαχον
946 648 1090 727 ἔχειν
1151 655 1239 708 καὶ
1298 655 1520 731 βοηθόν.
1570 654 1855 727 Ἐντυχίας
1913 651 2002 705 οὖν

376 749 573 817 πρῶτον
604 744 727 819 περί
758 745 955 798 τούτου
977 745 1274 819 γενομένης
1326 745 1353 798 ὁ
1405 745 1681 816 Ῥωμανὸς
1715 742 2001 809 ἀπείπατο,

376 835 449 887 καί
502 832 668 887 πάλιν
711 836 798 887 καὶ
850 831 1125 894 πολλάκις
1156 833 1547 907 πειρασθὲντων
1580 837 1685 886 τῶν
1715 833 1853 908 ἀμφὶ
1911 831 2001 884 τὸν

369 919 633 993 Θεόδωρον
689 921 975 978 ἀπείπατο.
1024 920 1174 977 Ἐπεὶ
1228 918 1286 975 δὲ
1342 922 1689 997 γραμμάτιον
1747 920 2002 993 αὐτόχει-

362 1030 446 1084 ρον
492 1011 731 1085 χαράξας
778 1012 805 1064 6
861 1009 1116 1085 βασιλεὺς
1175 1012 1262 1065 καὶ
1324 1016 1593 1087 φοινικοῖς
1646 1008 2001 1082 ὑποσημάνας

360 1103 667 1171 γράμμασιν
700 1099 1013 1154 ἀπέστειλεν
1048 1099 1198 1167 αὐτὸ,
1233 1100 1333 1170 εἶξέ
1362 1121 1422 1155 τε
1454 1100 1541 1155 ἐπὶ
1603 1105 1792 1174 χεῖρας
1841 1104 1999 1153 τοῦτο

358 1183 555 1259 λαϐὼν,
614 1188 703 1242 καὶ
759 1188 1134 1264 καθυπέσχετο
1187 1190 1283 1256 τὴν
1341 1194 1439 1243 τοῦ
1498 1187 1999 1261 παρακοιμωμὲνου

356 1278 748 1331 Κωνσταντίνου
801 1278 889 1333 καὶ
974 1283 1081 1332 τῶν
1170 1284 1439 1353 συγγενῶν
1524 1278 1688 1333 αὐτοῦ
1760 1276 1996 1340 ἐπίθεσιν

351 1372 591 1421 κωλῦσαι
622 1368 758 1421 κατὰ
806 1369 870 1421 τὸ
918 1367 1219 1442 ἐγχωροῦν.
1249 1368 1328 1423 Τὰ
1389 1368 1480 1440 μὲν
1539 1365 1628 1422 οὖν
1688 1365 1999 1436 λαληθέντα

352 1457 435 1509 καὶ
497 1457 855 1531 ποιχηθὲντα
912 1455 1054 1510 οὕτω
1107 1451 1339 1530 προέϐη,
1372 1456 1460 1511 καὶ
1512 1454 1601 1511 διὰ
1644 1459 1741 1525 τῆς
1800 1457 1997 1531 ἀγορᾶς

350 1546 435 1599 καὶ
463 1551 567 1599 τῶν
611 1546 905 1622 λεωφόρων
938 1547 1162 1599 καὶτῶν
1222 1552 1507 1600 στενωπῶν
1560 1546 1993 1620 ὑπεψιθυρίζετο’

352 1632 473 1688 ὁδὶ
498 1635 1021 1708 παρακοιμώμενος,
1053 1634 1245 1705 καίπερ
1306 1634 1403 1688 οὐκ
1460 1636 1690 1705 ἀνήκοος
1749 1633 1821 1687 ὣν
1888 1639 1996 1688 τῶν

350 1729 461 1776 κατ’
517 1723 681 1776 αὐτοῦ
738 1721 1152 1796 μελετωμένων,
1205 1725 1543 1798 κατεφρόνει,
1608 1725 1682 1795 μὴ
1748 1721 1805 1776 ἄν
1862 1744 1995 1777 ποτε

348 1812 547 1879 οἰηθεὶς
579 1812 858 1883 τολμῆσαί
888 1833 1008 1867 τινα
1056 1811 1400 1887 ἐπιχείρησιν
1461 1813 1577 1866 κατ’
1607 1812 1770 1867 αὐτοῦ
1827 1814 1991 1881 ποιή-

350 1902 529 1953 σασθαι
588 1900 850 1969 Ἐξελθὼν
932 1898 1022 1954 οὖν
1100 1900 1189 1955 καὶ
1255 1902 1355 1969 τήν
1430 1903 1633 1971 συνήθη
1711 1898 1977 1972 διανομὴν

347 1997 447 2056 τῆς
504 1988 661 2063 ῥόγας
710 1991 1086 2062 ποιησάμενος
1135 1994 1240 2044 τῶν
1275 1988 1571 2062 πλωίμων,
1603 1990 1691 2045 καὶ
1723 1990 1813 2044 τὸν
1842 1991 1978 2043 Ῥω-

346 2079 503 2149 μανὸν
582 2076 923 2134 ἐπισπεύδων
999 2080 1194 2153 τάχιον
1283 2078 1613 2148 ἐκπλεῦσαι,
1668 2079 1979 2153 περιπίπτει

337 2172 411 2235 τῷ
454 2166 630 2243 λόχῳ.
666 2167 922 2239 Δουλικῷ
976 2169 1077 2243 γὰρ
1132 2168 1184 2223 ἐν
1234 2171 1480 2243 σχήματι
1524 2171 1978 2243 προσυπαντήσας

337 2257 363 2309 ὁ
422 2258 697 2327 Ῥωμανὸς
745 2257 915 2328 αὐτῷ,
957 2258 1046 2312 καὶ
1105 2258 1401 2331 προθύμως
1463 2260 1711 2329 ποιήσειν
1778 2259 1840 2313 τὸ
1895 2279 1978 2313 κε-

336 2344 546 2399 λε’)σθὶν
610 2344 1116 2420 ἑπαγγελλόμενος,
1172 2348 1352 2422 ἠρέμα
1420 2348 1509 2401 καὶ
1588 2347 1723 2402 κατᾶ
1783 2348 1973 2421 μικρὸν

330 2434 449 2507 ἦγεν
510 2435 671 2489 αὐτὸν
730 2435 807 2496 είς
862 2437 960 2504 τήν
1021 2433 1258 2510 ἐνέδραν.
1297 2434 1479 2507 Μηδὲν
1528 2435 1583 2491 δὲ
1632 2437 1976 2501 ἐπαισθὲσθαι

330 2528 428 2576 τῶν
475 2522 877 2597 μελετωμένων
926 2529 1022 2579 τοῦ
1081 2526 1575 2601 παρακοιμωμένου
1635 2523 1973 2596 δυνηθέντος,

331 2610 447 2666 ἀλλ’
495 2614 716 2674 ἀκάκως
762 2615 851 2666 καὶ
912 2614 1087 2688 χωρὶς
1140 2614 1392 2675 ὑπονοίας
1443 2612 1855 2689 διαλεγομένου,
1886 2616 1975 2669 καὶ

334 2699 539 2769 μᾶλλον
584 2702 808 2778 ἔγγιστα
837 2704 1158 2776 προσιόντος
1206 2704 1390 2773 αὐτοῦ,
1422 2704 1509 2758 καὶ
1559 2708 1870 2776 πυθομένου
1928 2704 1977 2759 εἴ

330 2787 439 2864 ἔχει
470 2789 672 2866 ἄνδρας
726 2790 952 2855 εὐειδεῖς
1004 2794 1094 2846 καὶ
1126 2793 1402 2867 γενναίους
1458 2793 1545 2847 καὶ
1595 2794 1713 2861 τὴν.
1757 2793 1973 2869 βασιλι-

329 2881 420 2945 κὴν
469 2878 707 2943 ἐρέττειν
752 2877 1091 2950 ἐπιτηδείους
1145 2883 1369 2956 τριήρη,
1418 2886 1513 2935 τοῦ
1568 2880 1625 2936 δὲ
1679 2884 1765 2936 καὶ
1828 2880 1972 2957 ἔχειν

328 2968 411 3021 καὶ
464 2967 628 3043 ἐγγὺς
681 2975 933 3042 παρεῖναι
987 2970 1214 3031 τούτους
1266 2970 1573 3045 εἰρηκότος,
1633 2970 1722 3025 καὶ
1769 2976 1838 3045 τῇ
1887 2994 1974 3027 κε-

329 3055 467 3130 φαλῇ
498 3058 795 3119 νεύσαντος
847 3058 998 3127 ἥκειν
1044 3059 1192 3120 τινας
1239 3058 1478 3128 πλησίον
1520 3064 1626 3114 τῶν
1686 3058 1975 3116 εὐειδεστέ-

329 3166 449 3217 ρων,
482 3149 510 3200 6
562 3153 968 3209 Κωνσταντῖνος
1022 3149 1347 3220 θεασάμενος
1399 3149 1625 3210 τούτους
1686 3150 1771 3203 καὶ
1832 3152 1976 3225 τάχα

330 3232 724 3308 ἀποδεξάμενος
809 3235 1050 3311 ἀπαίρειν
1133 3238 1410 3313 ἠπείγετο.
1471 3239 1527 3291 Ὀ
1584 3235 1641 3292 δὲ
1692 3240 1971 3311 Ῥωμανὸς

327 3322 530 3398 ἔγγιστα
559 3326 768 3379 τούτου
825 3331 1156 3401 περιπατῶν,
1191 3327 1265 3388 ὡς
1318 3325 1553 3397 πλησίον
1605 3326 1847 3401 ἐγίνοντο
1902 3334 1971 3403 τῇ

325 3412 631 3488 στρατηγίδι
697 3417 936 3488 τριήρει,
1016 3414 1305 3489 κατασχὼν
1384 3416 1477 3469 τὸν
1553 3422 1970 3485 Κωνσταντῖνον,

323 3502 404 3555 καὶ
457 3500 624 3573 μηδὲν
683 3500 852 3556 πλέον
910 3502 1073 3557 εἰπὼν
1104 3501 1229 3558 ἀλλ’
1256 3503 1291 3571 ἢ
1328 3503 1515 3576 μόνον.
1551 3526 1577 3558 α
1605 3506 1802 3579 ’Ἄρατε
1844 3505 1972 3559 του-

321 3611 484 3657 τον,››
542 3591 713 3653 αὐτὸς
770 3592 866 3663 μὲν
909 3588 1058 3662 ἔστη,
1094 3592 1144 3645 οἱ
1195 3589 1251 3646 δὲ
1304 3593 1439 3668 πρὸς
1494 3593 1556 3647 τὸ
1615 3591 1771 3668 ἔργον
1826 3594 1972 3656 ὄντες

323 3678 746 3752 εὐτρεπισμὲνοι
798 3681 1084 3756 εἰσήγαγον
1132 3681 1207 3742 εἷς
1253 3683 1352 3750 τὴν
1419 3680 1722 3757 ναυαρχίδα
1777 3683 1866 3737 καὶ
1916 3684 1969 3739 ἐν

325 3768 576 3840 ἀσφαλείᾳ
642 3775 929 3843 κατεῖχον,
990 3768 1223 3842 μηδενὸς
1290 3770 1557 3842 ἐπαμῦναι
1604 3776 1792 3826 τοῦτον
1838 3773 1969 3829 τολ-

328 3860 587 3927 μήσαντος
659 3862 771 3911 τῶν
851 3860 1229 3930 συνεπομένων
1306 3860 1475 3930 αὐτῷ,
1533 3858 1680 3913 ἀλλὰ
1752 3860 1964 3917 πάντων

318 3948 612 4020 παραυτίκα
669 3944 1095 4022 διασπαρέντων.
1147 3951 1265 4017 Τῆς
1325 3950 1517 4025 φήμης
1575 3947 1667 4004 οὖν
1726 3948 1966 4022 ὲξαρθεί-

320 4058 409 4105 σης
461 4038 686 4112 ταραχή
747 4038 983 4111 κατέσχε
1039 4043 1206 4091 πᾶσαν
1267 4039 1366 4107 τὴν
1416 4036 1603 4110 πόλιν⁹
1634 4038 1965 4110 τυραννίδος,

318 4125 385 4184 ὡς
441 4125 607 4195 εἰκὸς,
645 4124 885 4179 ἐπίθεσιν
939 4123 1329 4199 λογισαμένην.
1374 4128 1686 4189 Φθάσαντος
1729 4127 1817 4182 οὗν
1867 4134 1964 4183 τοῦ

320 4210 479 4287 λόγου
510 4212 599 4268 καί
639 4214 807 4290 μίχρι
838 4221 938 4282 τῆς
988 4212 1267 4291 βασιλίδος
1319 4218 1493 4286 Ζωῆς,
1526 4215 1602 4278 εἷς
1647 4217 1960 4292 ἀμηχανίαν

314 4303 396 4355 καὶ
481 4305 532 4357 οἱ
612 4302 665 4357 ἐν
755 4303 901 4358 τέλει
985 4302 1289 4360 ὶνὲπιπτον.
1349 4305 1747 4380 Προσκάλεῖται
1829 4313 1959 4383 γοῦν

315 4392 592 4466 ἠβασιλῖς
650 4392 747 4446 τὸν
808 4394 1155 4469 πατριάρχην
1202 4391 1476 4451 Νικόλαον
1538 4394 1624 4449 καὶ
1678 4394 1806 4459 τοὺς
1858 4404 1958 4465 τῆς

316 4479 613 4555 συγκλήτου
720 4478 959 4556 λογάδας
1006 4501 1020 4514 ⁶
1100 4481 1591 4557 κοινο)ογισαμὲνη
1698 4482 1754 4539 δὲ
1843 4488 1958 4557 μετ’

317 4568 477 4624 αὐτῶν
582 4568 854 4642 ἐκπέμπει
958 4571 1091 4646 πρὸς
1185 4572 1496 4645 Ῥωμανὸν,
1581 4574 1681 4642 τὴν

318 4663 402 4712 τοῦ
486 4661 783 4737 γεγονότος
872 4660 1061 4732 μαθεῖν
1139 4658 1418 4718 ἐθέλουσα.
1494 4666 1607 4717 Τῶν
1687 4660 1743 4717 δὲ
1815 4685 1958 4736 περ.-

320 4746 539 4823 φθὲντων
641 4749 871 4825 γενομὲν
879 4771 953 4803 ων

320 4838 481 4908 ήρεις,
513 4840 605 4892 καὶ
646 4836 963 4911 μελλόντων
998 4840 1222 4909 ζήτησιν
1254 4846 1526 4903 ποιεῖσθαι
1575 4848 1675 4909 τῆς
1710 4846 1807 4895 τοῦ
1854 4863 1957 4895 πα-

321 4927 739 4998 ρακοιμωμὲνου
800 4927 1200 5001 κατασχέσεως,
1261 4929 1288 4983 6
1345 4933 1450 4983 τῶν
1508 4928 1779 5002 πλω”ίμων
1840 4928 1957 4985 δια-

317 5015 498 5079 νας-τὰς
528 5015 836 5079 ἀκόλαστος
866 5011 1041 5091 ὄχλος
1073 5018 1185 5090 (57)
1219 5016 1394 5079 λίθοις
1423 5017 1616 5080 αὐτοὺς
1667 5017 1953 5089 ἐξήλασαν.

316 5104 505 5159 Ἒωθεν
566 5103 665 5160 οὖν
726 5107 759 5173 ἡ
824 5105 1040 5181 βασιλὶς
1089 5103 1379 5178 ἐξελθοῦσα
1427 5107 1550 5183 περὶ
1598 5110 1688 5163 τὸν
1748 5115 1957 5164 Βουκο-

318 5189 517 5261 λὲοντα,
546 5194 643 5248 καὶ
689 5194 781 5249 τὸν
836 5194 951 5249 υἱὸν
1015 5195 1479 5269 μεταστειλαμένη
1520 5197 1609 5252 καὶ
1655 5196 1782 5259 τοὺς
1833 5199 1957 5273 περὶ

319 5278 485 5352 αὐτὸν,
520 5282 785 5360 ιπηρώτα
840 5287 957 5346 πῶς
997 5282 1212 5361 γᾶγονεν
1257 5287 1292 5355 ἡ
1342 5286 1600 5362 ἀνταρσία
1641 5285 1798 5359 αὕτη.
1842 5295 1958 5358 Μη-

1058 4744 1182 4804 ἔνθα
1267 4752 1632 4824 προσώρμουν
1710 4753 1763 4806 αἱ
1836 4774 1959 4827 τρι-

1492 343 2042 408 HISTORIARUM
2085 340 2631 405 COMPENDIUM.

3684 352 3763 410 22

2028 476 2084 542 Α
2115 474 2195 529 ita
2245 475 2523 546 postulet,
2557 475 2923 530 defensorem
2958 491 2971 529 :
3004 490 3139 530 eum
3192 476 3406 548 quippe
3455 482 3762 549 paternum

2115 580 2245 620 esse
2273 563 2462 636 ipsius
2498 564 2853 628 ministrum,
2887 570 3333 636 constanterque
3373 566 3487 637 ipsi
3518 568 3764 627 benevo-

2114 652 2259 709 lum.
2284 655 2547 709 Primum
2580 670 2645 709 ac
2678 655 2748 709 de
2788 671 2847 709 re
2895 654 3283 725 compellatus
3324 655 3622 714 Romanus
3671 678 3766 717 re-

2115 743 2271 811 nuit;
2309 749 2365 798 et
2392 745 2601 799 iterum
2649 760 2714 798 ac
2762 743 2976 815 saepius
3006 743 3309 800 Theodoro
3339 746 3605 802 animum
3636 749 3763 819 ejus

2114 835 2374 887 tentante
2404 832 2711 888 recusavit.
2733 833 2995 887 Tandem
3016 848 3149 887 cum
3181 830 3409 889 litteras
3438 850 3618 889 manu
3653 836 3762 890 im-

2113 920 2398 990 peratoris
2431 920 2682 992 scriptas
2710 920 2782 975 ab
2814 920 3057 991 ipsoque
3089 921 3354 993 puniceis
3383 922 3763 994 subsignatas

2112 1008 2327 1064 litteris
2358 1010 2429 1063 ad
2464 1027 2526 1065 se
2558 1010 2768 1065 missas
2814 1010 3155 1081 accepisset,
3191 1012 3505 1081 concessit;
3536 1012 3761 1083 pollici-

2110 1102 2324 1169 tusque
2355 1103 2445 1154 est
2474 1114 2561 1169 se,
2585 1104 2875 1170 quantum
2916 1100 3045 1170 ejus
3082 1099 3206 1155 ﬁeri
3236 1105 3455 1172 posset,
3477 1101 3761 1158 Constan-

2110 1186 2217 1242 tini
2275 1188 2623 1243 cubicularii
2680 1189 2926 1260 ejusque
2977 1194 3361 1261 cognatorum
3427 1190 3761 1249 molitiones

2108 1277 2552 1347 impediturum.
2582 1278 2697 1333 Hoc
2730 1279 2903 1333 modo
2926 1296 3017 1334 res
3038 1280 3383 1351 composita,
3406 1297 3472 1335 ac
3502 1281 3573 1336 de
3602 1297 3669 1337 ea
3699 1282 3759 1335 in

2107 1366 2231 1421 foro
2264 1368 2537 1438 compitis
2569 1384 2635 1422 ac
2665 1366 2983 1439 angiportis
3004 1369 3445 1424 susurrabatur.
3475 1368 3758 1424 Constan-

2106 1454 2268 1510 tinus
2295 1460 2489 1511 autem
2513 1454 2937 1525 cubicularius,
2962 1473 3301 1528 quanquam
3333 1455 3381 1512 ei
3406 1473 3533 1528 quae
3555 1462 3758 1513 contra

2102 1543 2300 1614 ipsum
2331 1550 2698 1600 struerentur
2728 1562 2843 1599 non
2896 1551 3062 1600 erant
3107 1545 3393 1614 inaudita,
3426 1545 3528 1601 illa
3557 1551 3754 1602 tamen

2105 1636 2530 1703 contemnebat,
2564 1635 2863 1691 neminem
2915 1652 3177 1706 unquam
3228 1636 3507 1692 adversus
3551 1652 3612 1691 se
3643 1636 3752 1692 ali-

2101 1723 2236 1793 quid
2268 1741 2552 1780 ausurum
2584 1725 2856 1795 opinans.
2891 1724 3002 1779 Sed
3030 1740 3164 1778 cum
3194 1725 3266 1779 ad
3307 1723 3557 1779 classem
3588 1741 3752 1796 egre—

2103 1814 2359 1881 deretur,
2393 1830 2566 1885 rogas
2597 1813 2667 1868 de
2700 1830 2859 1868 more
2888 1812 3341 1881 distributurus,
3370 1816 3750 1884 Romanoque

2101 1903 2491 1958 mandaturus
2531 1907 2597 1958 ut
2628 1903 3069 1973 quamprimum
3103 1902 3422 1973 navigaret,
3452 1901 3659 1957 incidit
3690 1903 3747 1957 in

2092 1992 2245 2047 290
2288 1991 2553 2047 insidias.
2589 1991 2815 2047 Etenim
2860 1990 3055 2047 servili
3087 1992 3276 2046 forma
3321 1992 3373 2046 ei
3422 2007 3735 2046 occurrens

2089 2071 2409 2153 Romanus,
2449 2086 2506 2138 et
2550 2084 2828 2138 mandata
2886 2099 2949 2137 se
3004 2082 3265 2138 studiose
3319 2088 3734 2139 exsecuturum

2088 2173 2459 2242 promittens,
2515 2172 2800 2243 paulatim
2859 2172 2916 2226 in
2976 2188 3173 2227 casses
3225 2172 3534 2243 pertrahit,
3591 2172 3738 2227 nihil

2088 2277 2328 2331 prorsus
2360 2278 2562 2317 eorum
2586 2278 2715 2332 quas
2746 2262 3103 2332 parabantur
3123 2261 3411 2331 conjicere
3431 2261 3737 2329 valentem,

2088 2350 2188 2404 sed
2222 2349 2496 2405 similiter
2532 2354 2589 2405 et
2619 2350 2841 2421 absque
2877 2349 2998 2405 ulla
3039 2350 3375 2421 suspicione
3401 2350 3739 2421 colloquen-

2086 2443 2229 2507 tem,
2263 2439 2621 2511 propiusque
2648 2439 2899 2494 subinde
2930 2440 3322 2505 accedentem,
3342 2456 3408 2494 ac
3438 2444 3739 2510 rogantem

2087 2529 2321 2584 virosne
2351 2528 2593 2584 haberet
2622 2528 2900 2600 pulchros
2931 2544 2998 2583 ac
3029 2528 3226 2595 fortes,
3249 2532 3417 2599 aptos
3447 2529 3519 2583 ad
3558 2528 3741 2599 impo-

2087 2618 2363 2674 ratoriam
2394 2618 2692 2673 triremem
2736 2618 3042 2688 agendam.
3078 2617 3414 2689 Respondet
3441 2620 3741 2672 Romanus

2087 2724 2187 2762 eos
2216 2716 2423 2777 praesto
2453 2722 2602 2773 esse,
2627 2712 2683 2761 et
2712 2707 3126 2762 formosiorum
3160 2706 3516 2777 quibusdam
3547 2706 3740 2761 innuit

2087 2800 2152 2849 ut
2197 2797 2676 2860 accedant.Quos
2725 2795 3157 2867 contemplatus
3204 2803 3257 2850 et
3304 2796 3559 2866 probans
3589 2796 3735 2850 Con-

2086 2885 2409 2954 stantinus,
2432 2902 2567 2941 cum
2601 2884 2745 2941 solvi
2777 2885 3221 2955 navesjuberet,
3248 2885 3736 2955 Romanusjuxta

2087 2974 2498 3041 obambulans,
2520 2979 2585 3029 ut
2615 2974 2875 3045 proxime
2906 2975 3237 3045 praetoriam
3269 2974 3465 3029 navim
3495 2978 3733 3030 ventum

2086 3069 2194 3133 est,
2224 3064 2281 3117 id
2310 3064 2484 3118 modo
2515 3063 2692 3130 fatus,
2717 3085 2745 3112 «
2770 3062 3033 3133 Abripite
3053 3062 3211 3117 hunc
3234 3083 3263 3111 »
3286 3062 3576 3117 subsistit.
3598 3064 3734 3127 Qui-

2088 3152 2196 3207 bus
2227 3168 2360 3206 vero
2414 3152 2714 3223 negotium
2764 3153 2969 3206 datum
3018 3156 3164 3220 erat,
3198 3151 3237 3205 ii
3286 3150 3733 3207 Constantinum

2005 3219 2048 3287 C
2086 3243 2285 3296 statim
2336 3241 2395 3294 in
2447 3219 2641 3295 navim
2690 3240 3021 3311 praetoriam
3071 3219 3393 3305 abducunt,
3427 3240 3627 3311 ibique
3676 3241 3737 3295 in

2085 3331 2352 3385 custodia
2373 3334 2695 3396 asservant,
2718 3330 2951 3383 nemine
2974 3329 3257 3384 comitum
3276 3346 3408 3385 eum
3427 3330 3740 3385 defendere

2083 3436 2248 3489 auso,
2283 3420 2384 3474 sed
2416 3419 2694 3474 omnibus
2741 3417 3028 3488 extemplo
3061 3417 3325 3488 dilapsis.
3358 3418 3547 3487 Hujus
3594 3417 3739 3472 facis

2083 3510 2242 3564 noris
2275 3511 2433 3564 fama
2462 3508 2521 3562 in
2554 3507 2759 3563 urbem
2791 3506 2970 3562 allata
3000 3506 3228 3562 animos
3254 3506 3563 3561 hominum
3596 3522 3736 3561 con-

2082 3598 2357 3666 turbavit,
2391 3597 2763 3669 tyrannidem
2797 3597 2868 3651 ab
2900 3595 3097 3668 aliquo
3142 3596 3335 3651 invadi
3370 3594 3730 3667 putantium,

2080 3704 2334 3758 cumque
2386 3688 2457 3741 ad
2519 3687 2669 3742 Zoen
2722 3702 2906 3757 usque
2959 3684 3339 3757 pervenisset,
3390 3684 3731 3755 proceribus

2078 3792 2313 3847 quoque
2344 3792 2621 3847 magnam
2663 3775 3121 3831 sollicitudinem
3154 3774 3372 3845 injecit.
3404 3774 3513 3828 Zoe
3557 3773 3729 3827 Nico-

2076 3864 2236 3920 laum
2272 3865 2666 3937 patriarcham
2714 3869 2771 3919 et
2817 3867 3117 3919 senatores
3148 3863 3402 3918 delectos
3434 3863 3504 3917 ad
3538 3878 3599 3917 se
3632 3879 3730 3919 vo-

2075 3960 2189 4021 cat,
2214 3971 2391 4026 reque
2423 3971 2557 4009 cum
2599 3953 2671 4008 iis
2713 3952 3034 4009 deliberata
3062 3953 3134 4007 ad
3165 3956 3494 4007 Romanum
3526 3952 3729 4016 mittit,

2077 4045 2176 4114 qui
2207 4060 2445 4098 causam
2479 4042 2617 4097 facti
2662 4041 2987 4111 exquirant.
3022 4041 3153 4108 Eos,
3185 4057 3317 4095 cum
3369 4041 3441 4094 ad
3493 4040 3727 4095 navium

2075 4132 2389 4187 stationem
2414 4130 2713 4185 venissent
2742 4134 2799 4185 et
2829 4131 2899 4184 de
2930 4130 3077 4185 291
3115 4128 3541 4200 comprehenso
3571 4128 3730 4183 cubi-

2073 4221 2296 4275 culario
2328 4220 2627 4290 inquirere
2676 4218 3067 4285 intenderent,
3092 4218 3387 4273 sociorum
3432 4217 3726 4272 navalium

2072 4309 2343 4381 petulans
2375 4308 2693 4363 multitudo
2724 4310 3012 4362 concitata
3042 4307 3201 4363 saxis
3238 4304 3470 4376 repulit.
3503 4306 3725 4360 Postri-

2072 4399 2164 4454 die
2194 4402 2303 4453 Zoe
2336 4397 2526 4468 prima
2552 4396 2682 4451 luce
2704 4397 2774 4451 ad
2799 4395 3185 4451 Bucoleonem
3211 4411 3467 4466 egressa,
3491 4398 3724 4450 evocato

2070 4486 2247 4541 etiam
2283 4486 2401 4540 ﬁlio
2440 4490 2498 4541 et
2536 4485 2664 4554 ejus
2696 4483 2937 4552 familia,
2970 4482 3287 4553 interrogat
3315 4498 3580 4552 quaenam
3614 4481 3720 4535 hu-

1784 4574 1957 4629 αἰτίαν
1988 4585 2037 4646 [)
2057 4574 2159 4644 jus
2190 4574 2497 4630 seditionis
2527 4591 2705 4629 causa
2729 4578 2903 4628 esset.
2935 4572 3021 4627 Ibi
3041 4588 3179 4628 cum
3203 4587 3372 4626 nemo
3404 4571 3718 4642 responde-

2072 4668 2179 4733 ret,
2224 4664 2568 4719 Theodorus
2615 4661 2989 4735 imperatoris
3037 4662 3388 4734 paedagogus
3436 4661 3567 4715 ideo
3616 4660 3717 4723 ait,

2068 4755 2227 4810 hunc
2257 4764 2503 4822 motum,
2534 4753 2850 4823 exstitisse,
2872 4754 3023 4823 quod
3046 4754 3158 4808 Leo
3186 4753 3403 4808 Phocas
3433 4751 3715 4823 legiones,

2068 4845 2490 4901 Constantinus
2531 4842 2918 4899 cubicularius
2966 4842 3252 4914 palatium
3300 4841 3714 4913 perdidissent.

2066 4931 2350 4988 Caeterum
2379 4932 2698 5003 imperator
2726 4930 3039 5001 imperium
3074 4948 3105 4985 a
3138 4934 3320 4985 matre
3350 4929 3409 4984 in
3431 4946 3492 4985 se
3522 4933 3717 4984 trans-

2066 5021 2281 5087 ferens,
2322 5020 2714 5093 patriarcham
2766 5018 3067 5076 Nicolaum
3117 5022 3173 5073 et
3215 5018 3563 5091 magistrum
3597 5019 3718 5073 Ste-

2068 5108 2331 5180 phanum
2394 5111 2450 5164 in
2507 5108 2701 5165 aulam
2760 5114 3019 5173 revocat;
3079 5124 3145 5163 ac
3204 5106 3483 5180 postridie
3540 5107 3719 5162 misso

2066 5200 2292 5257 Joanne
2320 5201 2553 5255 Tubace
2582 5201 2913 5271 Augustam
2945 5198 3160 5270 palatio
3184 5198 3397 5255 abduci
3418 5199 3607 5269 jubet.
3642 5197 3721 5252 Ea

2068 5289 2215 5346 ﬂens
2245 5294 2423 5361 atque
2452 5288 2703 5359 ejulans,
2737 5287 2924 5343 tilium
2957 5287 3244 5360 amplexa,
3280 5287 3716 5344 miserationem

1495 5457 1867 5515 XYLANDRI
1907 5459 1999 5514 ET
2037 5458 2255 5516 GOARI
2292 5459 2525 5515 NOTAE.

386 5606 489 5683 (57)
518 5605 840 5683 _Allu_d‘i_t‘ad
870 5608 1167 5683 Euripidis
1195 5608 1415 5683 locum,
1447 5611 1548 5683 qui
1578 5616 1665 5669 est
1694 5612 1755 5669 in
1787 5612 2017 5669 Hecuba.
2047 5611 2291 5670 Joannis
2323 5612 2531 5670 Leonis
2563 5626 2867 5667 successor
2896 5613 2985 5665 est
3013 5609 3277 5676 Garidas,
3309 5610 3463 5681 quod
3495 5624 3708 5680 cogno-

326 5689 446 5732 men
474 5679 566 5733 hio
595 5679 819 5735 addidit
843 5679 1030 5737 etiam
1052 5680 1326 5739 Zonaras.
1356 5679 1495 5738 Χγιῖ.
