4026 6210
272 324 351 385 23
1620 319 1910 382 GEORGI

2019 320 2326 382 lEDRENI
3599 317 3679 378 24

273 452 480 509 matris
512 452 716 520 movit;
748 453 1009 524 adeoque
1048 453 1122 506 iis
1152 452 1251 523 qui
1283 468 1410 508 eam
1444 451 1737 507 ducebant
1767 452 1910 507 Con-

2034 447 2179 511 δενὸς
2237 446 2293 504 δὲ
2349 450 2802 523 ἀποκριναμένου,
2838 450 2917 521 [Ρ.
2948 449 3075 521 616]
3108 447 3135 502 6
3174 443 3526 522 παιδαγωγὸς
3582 451 3678 501 τοῦ

274 542 572 599 stantinus
604 542 906 596 mandavit
953 545 1019 595 ut
1062 557 1227 595 suam
1280 557 1477 596 secum
1531 540 1930 610 relinquerent

274 635 547 699 matrem,
572 633 775 702 estque
807 629 962 685 illico
989 631 1059 686 ab
1091 630 1165 685 iis
1195 630 1461 685 dimissa.
1489 630 1646 685 Idem
1683 629 1927 683 Leonem

272 719 552 786 Phocam,
582 727 852 776 metuens
885 734 954 773 ne
985 719 1034 774 is
1069 718 1386 790 aliquando
1416 717 1726 789 imperium
1760 717 1925 772 inva-

270 810 455 874 deret,
486 807 609 863 loco
644 809 842 875 movit,
876 809 1382 878 domesticumque
1427 807 1759 863 scholarum
1795 807 1927 861 fecit

272 898 555 952 Joannem
586 896 861 952 Garidam
892 896 1263 968 magistrum.
1288 896 1564 951 Precibus
1590 901 1785 950 tamen
1822 896 1926 949 im-

268 985 519 1058 patravit
566 985 790 1042 Phocas
831 994 889 1040 ut
942 985 1177 1041 Simeon’
1224 984 1383 1040 filius
1432 1002 1577 1040 suus
1625 989 1681 1039 et
1730 985 1925 1040 uxoris

270 1075 454 1131 frater
475 1075 816 1131 Theodorus
839 1074 1200 1145 Zuphinezer
1225 1074 1602 1130 sodalitatum
1627 1074 1923 1145 principes

265 1164 1110 1236 crearentur,juramentisque
1137 1165 1209 1219 ab
1234 1165 1582 1236 imperatore
1604 1164 1923 1219 obstrictus

264 1252 507 1308 domum
538 1269 707 1309 suam
763 1253 923 1308 abiit.
956 1254 1271 1308 Confestim
1323 1269 1492 1324 porro
1532 1252 1763 1324 cognati
1791 1252 1921 1321 ejus

267 1358 337 1397 ex
368 1341 502 1396 aula
532 1341 764 1397 dimissi
788 1345 948 1397 sunt.
974 1342 1132 1406 Quod
1168 1342 1268 1397 ubi
1295 1341 1564 1413 cognovit
1593 1342 1726 1408 Leo,
1759 1346 1919 1396 metu

267 1430 421 1485 292
454 1430 801 1502 perterritus
833 1430 1033 1486 statim
1064 1448 1237 1501 eques
1269 1431 1339 1485 ad
1371 1436 1698 1486 Romanum
1732 1431 1919 1484 drun-

264 1518 496 1589 garium
531 1535 593 1573 se
637 1518 903 1586 contulit,
931 1519 1101 1590 eique
1150 1519 1415 1590 exposuit
1447 1519 1664 1589 quibus
1713 1524 1917 1573 contu-

262 1605 455 1661 meliis
493 1607 737 1662 affectus
806 1612 987 1678 utque
1039 1607 1528 1677 ciocumscriptus
1595 1611 1767 1661 esset.
1832 1608 1916 1662 Ibi

262 1694 699 1751 communicata
722 1712 781 1751 re
802 1696 957 1750 inter
979 1711 1075 1751 eos
1098 1696 1343 1751 societas
1370 1695 1517 1750 inita
1539 1696 1916 1765 acjuramen-

260 1783 338 1838 tis
392 1784 758 1851 conﬁrmata,
794 1785 1013 1855 nuptiis
1046 1800 1277 1856 quoque
1327 1784 1477 1839 inter
1527 1784 1740 1839 liberos
1774 1801 1912 1838 suos
1947 1825 1994 1890 B

258 1872 600 1941 contractis,
635 1874 1092 1943 institutumque
1120 1872 1347 1927 occulte
1377 1872 1665 1928 habitum.
1700 1873 1917 1928 Secun-

262 1960 403 2015 dum
437 1961 557 2015 haec
606 1961 905 2016 Romanus
937 1961 1026 2017 sui
1060 1961 1348 2033 purgandi
1384 1978 1561 2016 causa
1608 1961 1667 2015 in
1717 1961 1915 2017 aulam

262 2048 465 2116 mittit,
500 2052 1007 2122 jurejurandoque
1055 2051 1397 2121 interposito
1441 2052 1749 2106 conﬁrmat
1798 2068 1913 2106 non

262 2136 599 2193 rebellionis
632 2144 731 2193 aut
762 2139 1067 2194 seditionis
1098 2139 1419 2210 quidquam
1452 2156 1559 2195 suo
1593 2140 1740 2193 facto
1770 2140 1913 2194 sub-

259 2243 409 2292 esse,
442 2227 541 2282 sed
575 2242 636 2282 se
679 2233 1046 2282 mutuantem
1081 2244 1152 2282 ne
1182 2227 1385 2283 Phocas
1416 2234 1661 2283 conatus
1693 2227 1913 2299 aliquid

259 2315 395 2370 mali
451 2315 789 2386 imperatori
835 2316 1131 2381 afferrent,
1165 2316 1222 2369 in
1258 2315 1537 2387 palatium
1570 2317 1699 2386 ejus
1730 2317 1913 2388 impe-

256 2404 583 2476 ratorisque
634 2406 906 2476 praesidio
959 2406 1266 2461 muniendi
1314 2422 1492 2461 causa
1540 2405 1792 2461 voluisse
1821 2423 1912 2460 re-

254 2494 426 2549 verti.
450 2492 785 2549 Patriarcha
814 2494 987 2550 fidem
1026 2496 1341 2567 derogante
1373 2512 1559 2566 neque
1591 2495 1912 2567 accipiente

257 2582 1040 2653 purgationem,Theodorus
1074 2583 1400 2638 Romanum
1428 2582 1669 2655 instigat
1694 2594 1756 2638 ut
1776 2602 1907 2639 cum

255 2669 530 2725 universa
551 2669 738 2726 classe
762 2672 830 2725 ad
868 2671 1250 2742 navale,quod
1276 2672 1333 2726 in
1357 2671 1706 2727 Bucoleonte
1728 2674 1907 2728 situm

260 2758 476 2830 palatio
508 2759 1383 2827 imminet,accedat.Romanus
1406 2777 1537 2815 cum
1566 2761 1908 2831 aliquandiu

257 2847 313 2901 id
348 2848 729 2903 detrectasset
760 2866 824 2904 ac
856 2854 1163 2905 cunctatus
1192 2854 1368 2917 esset,
1395 2851 1629 2905 tandem
1654 2852 1911 2922 urgenti-

254 2936 365 2991 bus
398 2936 472 2992 iis
501 2952 751 3007 quorum
787 2937 1071 2992 instinctu
1105 2937 1331 2992 occulta
1364 2939 1476 2993 ista
1506 2938 1752 2994 concilia
1781 2956 1909 2995 sus-

253 3029 508 3096 ceperat,
529 3025 615 3080 vel
652 3026 874 3081 invitus
905 3026 1170 3081 assentit.
1199 3027 1348 3097 Ergo
1380 3026 1508 3096 ipso
1539 3028 1633 3081 die
1662 3033 1909 3082 Annun-

256 3113 485 3169 tiationi
515 3114 663 3170 festo
694 3114 879 3170 classe
930 3115 1215 3169 instructa
1264 3115 1554 3171 hostiliter
1601 3118 1669 3171 ad
1723 3122 1905 3172 Buco-

2042 540 2308 614 βασιλέως
2337 536 2617 614 Θεόδωρος
2651 535 2775 612 ἔφη·
2811 561 2837 588 ‹‹
2880 537 2977 591 Διᾶ
3030 537 3092 591 τὸ
3149 535 3438 605 ἀπολέσαι,
3488 537 3534 590 ὧ
3593 533 3675 591 δέ·

2037 649 2246 695 σποινα,
2305 628 2505 682 Λέοντα
2569 629 2664 699 μὲν
2736 626 2827 680 τὸν
2909 631 3104 680 Φωκᾶν
3170 626 3237 679 τὰ
3321 622 3673 698 στρατόπεδα,

2034 723 2437 771 Κωνσταντῖνον
2470 714 2527 770 δὲ
2576 717 2662 770 τὸν
2719 716 3214 789 παρακοιμώμενον
3273 714 3336 769 τὸ
3385 712 3673 785 παλάτιον,

2032 809 2065 874 ἡ
2124 807 2344 876 τοιαύτη
2409 808 2593 880 γέγονε
2666 806 2901 875 κίνησις.
2961 828 2988 854 ››
3044 805 3103 860 Ὀ
3180 801 3434 878 βασιλεὺς
3493 802 3549 858 δὲ
3601 804 3675 866 εἰς

2034 895 2217 948 ἑαυτὸν
2268 896 2367 962 τήν
2426 894 2665 964 ἐξουσίαν
2728 895 2832 947 ἀπὸ
2887 896 2987 957 τῆς
3052 892 3259 967 μητρὸς
3314 891 3675 968 ἐφελκόμενος

2031 984 2119 1037 τὸν
2154 983 2497 1059 πατριάρχήν
2533 981 2799 1037 Νικόλαον
2843 980 2936 1036 σὺν
2968 985 3047 1054 τῷ
3091 980 3370 1057 μαγίστρῳ
3421 982 3674 1058 Στεφάνῳ

2030 1071 2289 1148 ἀνήγαγεν
2351 1072 2400 1126 ἦν
2462 1078 2541 1145 τῷ
2592 1071 2869 1143 παΛατίῳ,
2922 1070 3012 1125 καὶ
3068 1074 3136 1144 τῇ
3206 1068 3463 1143 ἐπαύριον
3520 1069 3673 1125 στέλ-

2031 1161 2215 1216 λουσιν
2252 1163 2512 1232 Ἰωάννην
2561 1163 2652 1216 τὸν
2708 1155 2993 1229 Τουὸάκην
3050 1160 3151 1229 τὴν
3209 1158 3525 1233 Αύγοῦσταν
3580 1163 3677 1213 τοῦ

2030 1250 2297 1306 παλατίου
2328 1246 2709 1307 καταϐιϐάσαι.
2743 1252 2805 1305 Ἣ
2848 1248 2904 1304 δὲ
2962 1250 3077 1322 μετ’
3122 1246 3398 1324 ὀλολυγῆς
3445 1248 3535 1303 καὶ
3577 1246 3671 1303 δα-

2028 1340 2207 1416 κρύων
2265 1344 2341 1413 τῷ
2392 1342 2586 1410 ἑαυτῆς
2654 1338 3062 1414 προσπλακεῖσα
3118 1339 3221 1410 υἱῷ
3279 1338 3415 1410 πρὸς
3464 1339 3676 1411 σσμπά-

2029 1441 2171 1493 θειαν
2232 1429 2389 1484 αὐτὸν
2456 1431 2727 1504 μητρικήν
2787 1428 2874 1482 καῖ
2927 1429 3102 1482 οἶκτον
3164 1425 3396 1496 ἆκίνησε.
3442 1427 3533 1480 Διὸ
3586 1427 3673 1481 καί

2027 1541 2157 1596 φησι
2214 1520 2348 1589 πρὸς
2396 1518 2523 1582 τοὺς
2574 1516 2821 1593 ἄγοντας·
2858 1543 2883 1567 ‹‹
2919 1518 3141 1571 Ἐάσατε
3195 1515 3329 1571 εἶναι
3398 1517 3511 1588 μετ’
3540 1514 3675 1587 ἐμοῦ

2024 1610 2121 1678 τήν
2159 1610 2366 1683 μητέρα
2401 1630 2526 1680 μου.
2565 1632 2585 1659 υ
2622 1608 2688 1665 Οἱ
2720 1605 2777 1662 δὲ
2808 1607 2921 1679 ἅμα
2968 1611 3047 1677 τῷ
3092 1604 3243 1681 λόγῳ
3290 1603 3491 1674 ταύτην
3544 1625 3670 1658 κατ-

2026 1696 2236 1754 έλιπον.
2301 1692 2642 1772 Προεϐάλετο
2698 1693 2745 1750 δ’
2795 1696 2823 1750 ὁ
2880 1693 3134 1770 βασιλεὺς
3187 1691 3505 1766 δομέστικον
3563 1698 3669 1747 τῶν

2026 1784 2267 1860 σχολῶν,
2329 1783 2707 1858 διαδεξάμενος
2781 1784 2869 1837 τὸν
2930 1787 3147 1852 Φωκᾶν,
3204 1782 3296 1835 τὸν
3378 1781 3669 1855 μάγιστρον

2030 1876 2284 1946 Ἰωάννην
2318 1875 2406 1929 τὸν
2444 1870 2692 1948 Γαριδᾶν,
2723 1874 2821 1940 τὴν
2868 1871 2927 1926 ἐκ
2976 1876 3074 1925 τοῦ
3124 1870 3354 1931 Λέοντος
3413 1867 3670 1932 δεδοικὼς

2025 1960 2398 2016 ἐπανάστασιν.
2459 1960 2540 2031 Τῇ
2595 1959 2806 2029 αἰτήσει
2865 1979 2925 2012 τε
2980 1956 3177 2010 τούτου
3242 1950 3665 2029 προεϐλήθησαν

2027 2049 2251 2123 Συμεὼν
2286 2051 2313 2104 6
2346 2050 2461 2111 υἱὸς
2513 2047 2675 2103 αὐτοῦ
2726 2046 2816 2101 καὶ
2871 2043 3149 2120 Θεόδωρος
3183 2045 3209 2098 ὁ
3242 2040 3667 2119 γυναικάδελφος

2024 2138 2205 2207 αὐτοῦ,
2262 2140 2289 2194 6
2344 2139 2683 2212 Ζουφινέζερ,
2746 2136 3139 2212 ἓταιρειάρχαι.
3187 2135 3411 2208 ’Ὀρκοις
3464 2153 3524 2186 τε
3578 2130 3669 2186 οὖν

2022 2226 2390 2299 καταληφθεὶς
2448 2228 2550 2280 ὑπὸ
2605 2229 2703 2281 τοῦ
2761 2222 3030 2300 βασιλέως
3093 2220 3360 2289 κατῆλθεν
3438 2220 3514 2284 εἷς
3577 2221 3669 2275 τὸν

2023 2318 2169 2370 οἶκον
2229 2316 2413 2384 αὐτοῦ,
2471 2316 2561 2369 καὶ
2637 2320 2982 2388 παραχρῆμα
3041 2313 3091 2365 οἱ
3163 2314 3431 2385 συγγενεῖς
3507 2309 3669 2364 αὐτοῦ

2021 2404 2366 2473 ἀπελύθησαν
2416 2407 2523 2457 τῶν
2606 2402 2935 2478 βασιλείων·
2998 2399 3128 2475 ὅπερ
3208 2400 3393 2472 μαθὼν
3463 2397 3664 2460 ἐκεῖνος

2022 2494 2231 2568 ἀγωνίᾳ
2275 2492 2365 2546 καὶ
2426 2486 2583 2566 φόϐῳ
2638 2490 2875 2564 ἐλήφθη.
2908 2489 3083 2552 Eheu:
3116 2486 3204 2542 οὖν
3239 2487 3663 2559 ἐξιππασάμενος

2019 2580 2231 2650 ἀπῆλθε
2288 2581 2422 2655 πρὸς
2479 2582 2571 2635 τὸν
2627 2580 2904 2651 Ῥωμανὸν
2976 2578 3067 2631 τὸν
3130 2574 3513 2653 δρουγγάριον,
3564 2577 3661 2644 τήν

2019 2665 2170 2745 ὕϐριν
2228 2672 2288 2738 ἣν
2350 2671 2549 2740 ὑπέστη
2608 2668 2818 2723 καὶτὸν
2852 2665 3314 2742 προπηλακισμὸν
3374 2662 3666 2739 διηγούμε-

2017 2780 2127 2822 νος.
2187 2761 2722 2834 Κοινοπραγήσαντες
2798 2756 2889 2810 οὖν
2962 2755 3052 2809 καὶ
3116 2754 3302 2829 ὅρκοις
3380 2752 3665 2823 ἀλλήλους

2015 2846 2588 2926 κατασφαλισάμενοι,
2669 2846 2759 2900 καὶ
2838 2843 3007 2915 κῆδος
3091 2843 3168 2905 εἷς
3256 2843 3385 2906 τοὺς
3457 2843 3660 2896 ἑαυτῶν

2017 2939 2380 3009 ποιησάμενοι
2438 2935 2657 3003 παῖδας,
2713 2934 2764 2989 ἰν
2840 2940 2921 3006 τῷ
2990 2937 3215 3009 κρυπτῷ
3287 2937 3541 3006 κατεῖχον
3598 2929 3660 2985 τὸ

2017 3024 2471 3098 σπουδαζόμενον.
2507 3027 2567 3083 Ὁ
2601 3023 2658 3079 δὶ
2704 3023 3004 3097 Ῥωμανὸς,
3036 3021 3254 3095 πέμψας
3315 3020 3391 3083 εἷς
3445 3022 3507 3075 τὸ
3564 3041 3663 3074 πα-

2017 3113 2203 3171 λάτιον
2235 3116 2481 3190 περὶτοῦ
2508 3112 2790 3188 γεγονότος
2849 3110 3195 3184 ἀπελογεῖτο,
3251 3110 3326 3182 μὴ
3376 3109 3658 3184 ἀνταρσίαν

252 3201 503 3258 leontem
551 3203 793 3258 accedit.
827 3204 1035 3259 Statim
1086 3203 1419 3275 Stephanus
1451 3207 1726 3276 magister
1772 3206 1906 3261 aula

2020 3210 2155 3258 εῖναι
2207 3201 2345 3275 μηδὲ
2384 3203 2674 3257 ἀπόστασιν
2718 3199 3024 3272 ὀμνύμενος
3083 3199 3148 3253 τὰ
3196 3198 3526 3273 πραχθέντα·
3560 3200 3657 3266 τὴν

252 3292 390 3357 exit,
437 3297 494 3346 et
542 3292 776 3347 Nicetas
826 3292 1107 3364 patricius
1158 3294 1399 3349 Romani
1448 3295 1813 3350 necessarius
1846 3297 1903 3349 in

262 3378 547 3449 palatium
580 3382 643 3446 it,
670 3381 921 3453 indeque
956 3382 1345 3453 patriarcham
1368 3384 1629 3438 abducit.
1655 3384 1906 3453 Impera-

249 3474 343 3523 tor
372 3473 568 3524 autem
621 3470 819 3525 missis
850 3471 1195 3526 venerandis
1227 3488 1291 3526 ac
1322 3472 1566 3526 viviﬁcis
1615 3473 1804 3527 crucis
1835 3472 1904 3526 1i-

251 3557 404 3629 gnis,
424 3575 455 3612 a
480 3558 741 3614 Romano
763 3559 1043 3613 adhibitis
1066 3559 1382 3614 dirissimis
1405 3560 1904 3616 exsecrationibus

250 3651 308 3700 et
350 3647 757 3716 jurejurandis
805 3647 1195 3718 gravissimis,
1224 3647 1543 3719 stipulatur
1574 3649 1724 3705 293
1758 3648 1903 3703 nihil

252 3750 513 3805 unquam
544 3750 676 3788 eum
711 3734 826 3790 doli
861 3737 1142 3791 adversus
1174 3737 1584 3808 imperatorem
1617 3737 1902 3808 cogitatu-

250 3838 412 3890 rum;
447 3822 739 3893 pauloque
786 3828 917 3895 post
967 3824 1300 3880 facultatem
1333 3827 1617 3880 redeundi
1650 3826 1704 3879 in
1742 3826 1901 3897 pala-

249 3909 399 3964 tium
432 3910 736 3982 permittit.
775 3912 841 3966 Et
890 3913 1229 3968 redeuntem
1281 3914 1574 3986 excipiens
1624 3916 1902 3987 precandi

248 4015 430 4055 causa
456 4000 516 4054 in
548 4000 835 4072 templum
858 4002 1013 4071 quod
1044 4007 1134 4057 est
1160 4003 1217 4057 in
1243 4003 1430 4058 Pharo
1462 4003 1715 4067 deducit,
1736 4006 1898 4059 data-

248 4105 363 4160 que
394 4088 471 4143 ibi
503 4094 559 4144 et
581 4094 816 4160 accepta
838 4090 949 4144 ﬁde
983 4106 1257 4161 magnum
1291 4090 1663 4147 sodalitatum
1699 4094 1898 4164 priefe-

248 4183 407 4232 ctum
460 4182 636 4234 creat.
671 4178 880 4233 Statim
914 4184 967 4233 et
1000 4181 1070 4234 ad
1119 4186 1358 4235 Leonem
1398 4181 1645 4235 Phocam
1695 4180 1897 4237 litteris

247 4266 584 4337 mittuntur,
612 4267 829 4339 quibus
874 4268 1024 4322 bono
1056 4284 1185 4323 esse
1236 4270 1430 4324 animo
1464 4285 1650 4341 neque
1680 4269 1766 4325 vel
1799 4270 1899 4325 ab-

238 4354 423 4425 jicere
453 4371 617 4426 spem
654 4373 841 4426 neque
871 4355 1139 4428 iniquum
1171 4358 1493 4429 quidquam
1520 4357 1706 4412 moliri
1732 4359 1898 4428 jube-

249 4451 360 4508 tur,
395 4444 496 4499 sed
526 4444 717 4514 quiete
747 4446 904 4499 domi
946 4461 1063 4499 suae
1100 4448 1317 4501 exitum
1355 4446 1673 4517 praestolari
1713 4463 1727 4501 :
1762 4465 1896 4503 nam

2013 3297 2110 3347 τοῦ
2142 3298 2310 3345 Φωκᾶ
2340 3289 2396 3345 δὲ
2428 3290 2660 3345 ἐπίθεσιν
2709 3289 3081 3366 ὑφορώμενος,
3137 3288 3292 3364 φησὶ,
3323 3286 3411 3341 καὶ
3472 3284 3661 3349 δεδιὼς

2015 3381 2137 3455 περὶ
2192 3385 2289 3434 τοῦ
2342 3377 2611 3455 βασιλέως
2674 3380 2747 3451 μή
2797 3399 2851 3432 τι
2881 3376 2972 3432 καὶ
3005 3376 3147 3451 πάθῃ
3182 3376 3441 3453 φλαῦρον,
3471 3376 3521 3430 έν
3580 3379 3661 3447 τῷ

2014 3468 2266 3541 παλατίῳ
2324 3464 2615 3539 ἠϐουλήθη
2673 3467 2914 3522 ἀνελθεῖν
2976 3466 3064 3521 καὶ
3141 3463 3388 3540 φυλακὴν
3459 3463 3659 3519 τούτου

2014 3561 2339 3629 ποιήσασθαι
2394 3558 2483 3612 καὶ
2538 3562 2661 3612 τοῦ·
2716 3554 3003 3631 βασιλέως.
3050 3557 3140 3624 Mi)
3200 3553 3547 3614 πιστεύοντος
3603 3551 3659 3608 δὲ

2010 3645 2106 3702 τοῦ
2163 3648 2508 3722 πατριάρχου
2561 3644 2699 3719 μηδὲ
2755 3645 2820 3699 τὰ
2870 3644 3138 3719 λεγόμενα
3176 3641 3502 3719 δεχομένου,
3539 3642 3656 3696 έπι-

2014 3737 2241 3812 σπέρχει
2318 3734 2601 3809 Θεόδωρος
2692 3735 2719 3789 6
2772 3732 3129 3809 παιδαγωγὸς
3208 3733 3300 3787 τὸν
3353 3731 3656 3805 Ῥωμανὸν,

2012 3824 2210 3899 ἄραντα
2267 3826 2439 3879 πάντα
2494 3825 2584 3879 τὸν
2635 3822 2855 3891 στόλον,
2916 3823 3195 3897 ἀφικέσθαι
3253 3822 3390 3896 πρὸς
3442 3820 3505 3875 τὸ
3562 3823 3657 3874 τοῦ

2010 3915 2280 3970 παλατίου
2331 3915 2556 3985 νεώριον
2592 3913 2641 3967 ἓν
2682 3918 2762 3985 τῷ
2810 3910 3197 3969 Βουκολέοντι.
3229 3909 3545 3970 Μέλλοντος
3600 3906 3657 3963 δὲ

2006 4004 2202 4058 τούτου
2260 4001 2350 4059 καί
2406 4000 2797 4074 ἀναδυομένου,
2856 4003 2909 4056 οἱ
2974 4001 3110 4074 πρὸς
3180 4001 3280 4069 τὴν
3365 3998 3659 4067 λεληθυῖαν

2007 4094 2196 4167 πρᾶξιν
2279 4095 2470 4146 τοῦτον
2559 4090 2842 4165 ἐνάγοντες
2915 4090 3193 4144 ἀνέπεισαν
3278 4085 3368 4143 καί
3456 4083 3659 4141 ἄκοντα

2007 4188 2233 4250 ποιῆσαι
2316 4181 2378 4236 τὸ
2453 4179 2835 4253 κελευόμενον.
2891 4177 3113 4250 Ἀμέλει
3170 4177 3259 4231 καὶ
3314 4176 3432 4231 κατ’
3489 4175 3655 4244 αὐτὴν

2005 4273 2105 4339 τὴν
2134 4271 2345 4345 ἡμέραν
2375 4276 2475 4339 τῆς
2505 4271 2697 4343 ἑορτῆς
2744 4273 2839 4323 τοῦ
2898 4265 3311 4342 Εὐαγγελισμοῦ
3369 4263 3655 4339 ἐξαρτύσας

2006 4361 2095 4415 τὸν
2156 4358 2350 4414 στόλον
2406 4357 2724 4430 πολεμικῶς
2781 4356 3080 4432 ἀφικνεῖται
3133 4355 3272 4427 πρὸς
3327 4352 3418 4406 τὸν
3450 4354 3654 4408 Βουκο-

2010 4447 2223 4504 λὲοντα.
2260 4447 2359 4503 Καὶ
2419 4446 2688 4524 Στέφανος
2749 4444 2841 4517 μὲν
2894 4442 3049 4507 εὐθὺς
3106 4442 3133 4496 6
3171 4441 3463 4517 μάγιστρος
3521 4442 3653 4495 κάτ-

244 4530 434 4603 ipsius
494 4548 628 4586 mox
687 4532 954 4587 habitum
1007 4534 1076 4587 iri
1127 4536 1435 4589 rationem.
1478 4536 1897 4591 Constantinus

2019 4558 2106 4592 ιισι
2165 4542 2270 4591 τῶν
2336 4534 2649 4611 βασιλείων,
2682 4532 2846 4589 ἄνεισι
2876 4530 2933 4587 δὲ
2963 4533 2990 4586 6
3039 4530 3323 4607 πατρίκιος
3382 4531 3649 4599 Νικήτας,

245 4635 479 4692 quoque
498 4620 898 4676 cubicularius
925 4622 994 4676 ad
1021 4637 1151 4677 eum
1178 4624 1235 4676 in
1260 4624 1522 4678 eamdem
1544 4626 1896 4679 sententiam

244 4709 503 4765 scribere
533 4710 783 4781 cogitur.
811 4709 1032 4765 Phocas
1056 4711 1268 4767 litteris
1300 4712 1431 4767 istis
1463 4714 1714 4783 acceptis
1740 4714 1896 4769 domi

245 4813 389 4865 suae,
419 4814 598 4869 quam
638 4798 697 4852 in
729 4800 1093 4870 Cappadocia
1139 4800 1411 4865 habebat,
1446 4802 1637 4870 quiete
1667 4819 1729 4857 se
1760 4819 1895 4858 con-

242 4886 441 4942 tinuit.

2006 4624 2275 4696 κηδεστής
2304 4625 2376 4679 ὣν
2410 4627 2714 4697 Ῥωμανοῦ,
2745 4624 2832 4678 καὶ
2886 4620 3102 4696 κατάγει
3145 4621 3237 4676 τὸν
3278 4618 3650 4696 πατριάργην.

2007 4718 2069 4770 Οἱ
2100 4713 2157 4770 δὲ
2188 4715 2310 4790 περὶ
2340 4716 2434 4769 τὸν
2470 4712 2697 4789 βασιλέα
2746 4714 2813 4768 τὰ
2862 4712 3020 4785 τίμια
3077 4711 3168 4766 καὶ
3229 4710 3472 4779 ζωοποιὰ
3519 4708 3654 4779 ξύλα

2006 4806 2315 4878 πέμψαντες
2372 4804 2508 4879 πρὸς
2564 4803 2656 4858 τὸν
2716 4802 2995 4875 Ῥωμανὸν
3069 4800 3159 4855 καὶ
3237 4798 3423 4873 ὅρκοις
3488 4799 3649 4853 αὐτὸν

2004 4891 2537 4971 κατασφαλισάμενοι
2622 4886 3022 4969 φοϐερωτάτοις
3079 4889 3164 4942 καὶ
3243 4888 3398 4964 ἀραῖς
3473 4884 3649 4943 παλα-

246 5003 591 5055 μναιοταταις
653 4982 926 5057 μηδέποτε
976 4984 1161 5041 δόλιον
1222 4989 1358 5042 κατὰ
1413 4992 1509 5042 τοῦ
1583 4988 1850 5061 βασιλέως
1923 4990 2292 5063 ἐννοήσασθαι,
2355 4994 2703 5065 συγχωροῦσι
2784 4989 2896 5060 μετ’
2975 4986 3176 5063 ὀλίγων
3250 4986 3410 5043 αὐτὸν
3492 4982 3649 5040 ἀνελ-

242 5078 351 5133 θεῖν
385 5070 437 5127 έν
460 5077 538 5144 τῷ
566 5070 843 5145 παλατίῳ.
879 5077 957 5146 [Ρ.
990 5077 1116 5148 617]
1160 5078 1361 5151 ’Ὀνπερ
1422 5074 1709 5150 δεξάμενος
1738 5079 1765 5130 ὀ
1803 5078 2055 5152 βασιλεὺς
2112 5075 2404 5134 ἀνελθόντα
2463 5078 2551 5132 καὶ
2602 5077 3049 5152 προσκυνήσαντα
3106 5073 3309 5152 εἷ’σάγιι
3365 5075 3501 5129 κατὰ
3554 5074 3646 5129 τὸν

241 5158 293 5213 ἐν
372 5165 449 5231 τῷ
533 5160 700 5237 Φάρῳ
777 5163 925 5230 ναὸν,
983 5164 1074 5217 καὶ
1140 5163 1346 5227 πίστεις
1424 5165 1570 5237 αύτῷ
1645 5163 1770 5227 δοὺς
1838 5166 1927 5221 καὶ
2006 5162 2187 5223 λαϐὼν
2264 5166 2676 5242 προχειρίζεται
2749 5167 2941 5219 τοῦτον
3019 5163 3180 5239 μέγαν
3241 5162 3647 5238 ὲταιρειάρχην.

237 5259 541 5332 Γράμματα
623 5258 712 5313 οὖν
783 5259 937 5324 εὐθὺς
1005 5259 1191 5339 ὶφοίτα
1265 5265 1400 5339 πρὸς
1476 5265 1678 5318 Λέοντα
1741 5264 1830 5319 τὸν
1914 5272 2111 5320 Φωκᾶν
2200 5267 2274 5339 μὴ
2337 5264 2674 5339 ὀλιγωρῆσαι
2733 5259 2862 5334 μηδ’
2896 5264 3208 5339 ἀπογνῶναι
3273 5259 3413 5334 μηδὲ
3463 5261 3648 5317 σκαιόν

235 5376 287 5409 τι
352 5355 763 5432 βουλεύσασθαι,
796 5357 940 5413 ἀλλά
1005 5367 1327 5436 προσμεῖναι
1365 5362 1553 5437 μικρὸν
1612 5362 1837 5437 ἡσύχως
1901 5361 1953 5417 ἐν
2008 5367 2086 5435 τῷ
2147 5362 2328 5434 οῗκείῳ
2387 5358 2520 5433 οἷ’κῳ
2552 5358 2900 5437 διοριζόμενα
2931 5363 3004 5424 ὡς
3038 5359 3349 5435 μελλούοης
3399 5357 3646 5434 γενέσθαι

239 5440 330 5499 διὰ
413 5445 648 5522 βραχέος
727 5450 828 5511 τῆς
902 5447 1066 5504 αὐτοῦ
1145 5454 1423 5527 προνοίας.
1482 5452 1560 5507 Τὰ
1636 5448 1993 5527 παραπλήσια
2078 5449 2134 5506 δὲ
2190 5452 2393 5527 γράψαι
2449 5450 2586 5525 πρὸς
2641 5449 2804 5505 αὐτὸν
2859 5451 2947 5506 καὶ
3001 5451 3091 5504 τὸν
3151 5447 3644 5525 παρακοιμώμενον

236 5542 644 5653 κατηνάγκασαν
703 5547 1126 5608 Κωνσταντῖνον.
1193 5552 1367 5626 "Amp
1450 5547 1736 5623 δεξάμενος
1794 5550 1821 5603 6
1881 5554 2077 5611 Φωκὶς
2148 5548 2380 5625 ἡσυχίαν
2456 5549 2583 5624 ἦγεν
2654 5546 2707 5604 ἐν
2781 5552 2860 5621 τῷ
2915 5548 3051 5603 κατά
3094 5548 3196 5617 τήν
3257 5541 3636 5604 Καππαδοκίαν

275 5632 303 5653 ,Ῐ
458 5632 471 5653 ι
550 5638 575 5649 θ

238 5651 379 5706 οικῳ
413 5654 600 5692 αυτου.
