4026 6210
261 341 335 399 27
1284 306 1287 307 ί
1620 347 1936 411 caoacu
1979 348 2318 410 causam
3586 354 3667 413 28

264 475 458 529 castra
507 475 865 545 pervenisset
907 478 1165 547 Simeon,
1212 485 1268 535 et
1314 478 1574 551 diploma
1631 481 1900 535 exercitui

2020 479 2296 553 πτομένην
2329 480 2494 535 αὐτοῦ
2548 500 2812 555 πονηριαν
2871 482 3271 558 φανερώσαντα,
3324 478 3448 537 οὔτε
3501 479 3665 556 δομέ-

267 564 515 619 missum
550 566 854 621 recitatum
882 568 1129 643 ejusque
1160 571 1392 641 cognita
1422 574 1576 625 esset
1606 570 1913 637 sententia,

267 660 567 724 cceperunt
596 671 799 711 omnes
823 674 856 711 a
877 657 1062 712 Leone
1089 658 1157 713 ad
1186 659 1511 714 Romanum
1548 659 1915 730 imperatoris

267 748 489 811 patrem
523 744 865 800 desciscere.
908 746 1017 801 Leo
1066 747 1354 818 principio
1404 748 1620 803 frustra
1667 755 1915 804 conatus

268 832 605 902 diplomatis
637 832 944 890 lectionem
980 837 1285 907 impedire,
1318 854 1451 891 mox
1483 837 1757 907 paulatim
1790 855 1850 892 se
1882 856 1915 892 a

265 922 387 975 suis
420 922 609 977 deseri
638 924 864 991 videns,
899 926 1223 994 desperatis
1268 927 1462 995 rebus,
1499 928 1631 998 fuga
1660 927 1912 982 salutem

266 1011 551 1081 quaesivit.
586 1014 654 1067 Et
685 1014 999 1069 comitatus
1044 1014 1244 1086 paucis
1285 1016 1638 1087 quibusdam
1669 1034 1910 1073 suorum

264 1098 570 1157 fidissimis
602 1102 673 1157 ad
707 1102 1011 1157 castellum
1046 1105 1308 1174 pervenit
1335 1105 1679 1162 cuirnomen
1710 1108 1910 1163 Ateus.

267 1188 406 1244 Inde
438 1190 708 1261 repulsus
741 1191 1047 1247 castellum
1080 1194 1333 1249 obtinuit
1374 1196 1468 1250 cui
1520 1213 1733 1252 nomen
1764 1200 1913 1251 Goe-

264 1277 513 1345 lcontos,
547 1281 715 1349 quasi
745 1281 1121 1351 ejulationem
1164 1284 1396 1351 Leonis,
1430 1284 1582 1341 malo
1630 1285 1909 1341 nimirum

264 1368 480 1422 omine.
515 1370 597 1423 Ibi
626 1386 658 1423 a
690 1369 971 1426 Michaelo
994 1374 1159 1427 Gravi
1195 1378 1251 1428 et
1282 1373 1486 1429 multis
1515 1374 1647 1429 aliis
1679 1374 1910 1445 agmine

263 1456 412 1511 facto
460 1458 705 1529 capitur.
744 1460 1053 1516 Mittuntur
1093 1477 1228 1533 ergo
1260 1463 1359 1533 qui
1405 1480 1537 1518 eum
1570 1464 1770 1535 Cpolin
1805 1464 1908 1518 ab-

263 1546 501 1611 ducant,
532 1546 789 1604 Joannes
818 1549 1082 1605 Tubaces
1113 1556 1168 1606 et
1213 1554 1318 1607 Leo
1350 1553 1636 1618 Pastelas;
1672 1553 1828 1624 iique
1859 1553 1910 1608 ei

260 1634 459 1689 oculos
492 1643 727 1703 eruunt,
755 1639 874 1693 sive
904 1640 1150 1710 occulto,
1178 1645 1242 1695 ut
1273 1641 1513 1711 quidam
1546 1641 1768 1709 dicunt,
1804 1643 1910 1697 Ro-

260 1723 416 1778 mani
441 1725 641 1794 jussu,
674 1726 813 1795 sive,
838 1729 992 1797 quod
1045 1730 1340 1785 Romanus
1382 1732 1774 1798 asseverabat,
1807 1732 1907 1802 qui

256 1823 314 1866 et
352 1812 551 1885 inique
582 1814 691 1869 hoc
739 1820 803 1871 ut
852 1816 1081 1872 nolente
1131 1836 1192 1873 se
1240 1820 1455 1874 factum
1491 1820 1638 1875 ferre
1669 1820 1905 1875 videba-

2026 590 2209 624 στικον
2244 570 2376 624 εἶναι
2437 569 2713 644 βουλεται,
2760 566 2872 633 οὗθ’
2903 565 2990 624 ἕνα
3028 570 3195 642 κρίνει
3244 575 3349 624 τῶν
3386 567 3663 645 ὑπηκόων,

2025 657 2151 713 ἀλλ’
2183 658 2491 729 ἀποστάτην
2524 660 2610 713 καὶ
2643 659 2920 735 τύραννον,
2951 658 3039 712 καὶ
3073 659 3249 733 χωρὶς
3281 657 3420 732 ἐμῆς
3458 658 3663 735 βουλῆς

2023 736 2137 815 τὴν
2163 747 2419 818 τοιαύτην
2482 746 2767 820 άνταρσίαν
2819 750 3177 818 συστήσαντα,
3232 746 3306 801 ²ίν’
3359 749 3435 811 είς
3479 750 3663 805 ἑαυτὸν

2022 838 2084 891 τὸ
2141 845 2239 905 τῆς
2301 835 2579 911 βασιλείας
2627 836 2991 906 ἐπισπάσηται
3057 836 3276 907 κράτος.
3336 840 3515 894 Τοῦτο
3573 838 3662 893 οὖν

2024 924 2205 996 εἷ’δὼς,
2238 929 2265 981 6
2296 926 2427 1000 ἐμὸς
2461 925 2608 998 λαὸς,
2658 926 2720 981 τὸ
2752 924 2868 980 δέον
2903 926 3133 980 συνιέναι
3168 928 3420 998 Θέλησον,
3451 928 3540 982 καὶ
3570 930 3661 982 τὸν

2021 1017 2351 1090 προγονικὸν
2402 1014 2651 1091 ἐπιγνοὺς
2703 1012 2970 1085 δεσπότην
3028 1022 3128 1085 τῆς
3176 1021 3371 1084 πικρᾶς
3415 1017 3663 1091 τυραννί-

2023 1103 2114 1167 δος
2146 1105 2435 1176 ἀπόστηθι.
2473 1130 2499 1156 ››
2530 1109 2633 1159 Τοῦ
2683 1102 2741 1159 δὲ
2786 1103 3011 1176 Συμεὼν
3068 1103 3368 1180 γενομένου
3399 1106 3535 1160 κατά
3560 1107 3658 1174 τὴν

2020 1190 2379 1267 παρεμϐολὴν
2430 1196 2517 1248 καὶ
2564 1194 2625 1247 τὸ
2682 1188 3124 1268 χρυσοϐούλλιον
3165 1199 3408 1271 φανερῶς
3458 1192 3655 1267 ἐκπέμ-

2020 1286 2218 1356 ψαντος
2245 1288 2324 1355 τῷ
2355 1282 2497 1355 λαῷ,
2546 1283 2620 1344 ὡς
2668 1287 2828 1337 τοῦτο
2879 1281 3184 1358 ἀνάγνωσαν
3233 1282 3327 1336 καὶ
3365 1282 3456 1337 τὸν
3497 1283 3664 1337 αὐτοῦ

2019 1376 2144 1426 νοῦν
2191 1369 2541 1441 κατενόησαν,
2591 1368 2822 1445 ἤρξαντο
2867 1370 3061 1433 πάντες
3105 1372 3410 1446 ἀναχωρεῖν
3459 1370 3548 1425 καὶ
3585 1375 3662 1442 τῷ

2024 1460 2443 1535 βασιλεοπάτορι
2493 1460 2852 1536 προσρύεσϐαι
2906 1464 3188 1532 ⁴Ρωμεινῷ.
3249 1460 3309 1517 Ὀ
3360 1457 3417 1514 δὲ
3470 1464 3664 1521 Φωκᾶς

2019 1555 2234 1623 πρῶτον
2299 1550 2392 1622 μὲν
2443 1549 2714 1624 πειραθεὶς
2771 1551 2871 1617 τήν
2924 1548 3218 1624 ἀνάγνωσιν
3271 1548 3513 1603 κωλῦσαι
3565 1552 3662 1602 τοῦ

2018 1635 2461 1715 χρυσοὸουλλίου
2519 1640 2608 1693 καὶ
2669 1640 2743 1710 μὴ
2804 1635 3074 1708 δυνηθεὶς,
3104 1639 3214 1692 εἶτα
3238 1637 3327 1691 καὶ
3366 1636 3659 1713 ὑπορρέου-

2018 1751 2111 1784 σαν
2164 1730 2299 1783 κατᾶ
2359 1730 2551 1800 μικρὸν
2611 1730 2707 1797 τὴν
2767 1727 2931 1782 αὐτοῦ
2988 1726 3205 1802 βλέπων
3260 1724 3509 1798 δύναμιν,
3541 1731 3658 1787 τοῖς

2018 1818 2170 1880 ὅλοις
2200 1817 2511 1892 ἀπειρηκὼς
2561 1822 2703 1891 φυγῇ
2749 1818 2845 1885 τήν
2899 1815 3170 1889 σωτηρίαν
3204 1814 3656 1890 ἐπραγματεύετο,

1930 1868 1977 1933 Β

254 1907 372 1969 tur,
405 1918 514 1958 sua
556 1909 783 1975 sponte.
817 1905 920 1961 Hic
974 1907 1106 1963 ﬁnis
1156 1908 1269 1963 fuit
1316 1908 1650 1965 rebellionis
1700 1909 1900 1965 Phocae

2017 1906 2103 1961 καὶ
2136 1908 2268 1979 μετά
2296 1927 2458 1960 τινων
2521 1904 2721 1980 ὀλίγων
2770 1909 2879 1958 τῶν
2923 1904 3258 1959 πιστοτάτων
3308 1904 3370 1958 τὸ
3401 1902 3656 1979 φρούριον

258 1992 488 2047 Leonis.
2016 1990 2307 2051 κατέλαϐεν
2369 1994 2613 2056 Ἀτεούς.
2665 1994 3085 2069 Ἀποκρουσθεὶς
3134 1990 3181 2047 δ’
3211 1992 3410 2056 ἐκεῖθεν
3442 1990 3493 2047 ἔν
3522 2013 3655 2047 τινι-

257 2077 455 2152 χωρίῳ
500 2082 835 2150 κατήντησεν
895 2083 923 2137 ὃ
972 2084 1386 2157 κατωνομάζετο
1444 2085 1814 2156 Γοηλήοντος,
1864 2087 1892 2140 ὃ
1945 2086 2034 2141 καὶ
2095 2090 2332 2161 φανερῶς
2378 2082 2581 2154 ἐδήλου
2639 2083 2722 2151 ὡή
2783 2084 3025 2137 Λέοντι·
3085 2083 3302 2137 κάκεῖσε
3357 2081 3502 2155 παρᾶ
3549 2083 3655 2138 Μι-

257 2165 411 2241 χαὴλ
466 2173 562 2224 τοῦ
622 2172 815 2245 Βαρέος
864 2172 953 2225 καί
1009 2194 1167 2228 τινων
1252 2171 1439 2228 ἄλλων
1516 2175 1785 2230 πλείστων
1843 2173 1924 2228 ἐπ’
2008 2174 2167 2229 αὐτὸν
2220 2174 2523 2228 συστάντων
2605 2166 3067 2243 συλλαμϐάνεται.
3117 2168 3411 2225 Στέλλεται
3477 2167 3656 2224 τοίνυν

258 2256 511 2326 Ἰωάννης
563 2259 590 2312 6
650 2255 932 2331 Τουϐάκης
989 2262 1076 2316 καὶ
1131 2264 1282 2317 Λέων
1341 2265 1369 2317 ὁ
1419 2264 1708 2334 Παστηλᾶς
1768 2264 2071 2339 εἰσαγαγεῖν
2129 2263 2287 2318 αὐτὸν
2347 2262 2421 2324 είς
2462 2264 2559 2330 τήν
2624 2259 3033 2336 βασιλεύουσαν.
3097 2261 3159 2313 Οἱ
3211 2257 3269 2313 δὲ
3318 2265 3509 2314 τοῦτον
3535 2279 3663 2333 κρα·

254 2347 515 2414 τήσαντες
575 2348 989 2422 άπετύφλωσαν,
1050 2352 1124 2412 ὡς
1184 2353 1276 2425 μὲν
1334 2348 1466 2407 ἔνιοι
1526 2352 1771 2427 λέγουσιν
1826 2351 2052 2421 ἐντολὴν
2104 2351 2362 2423 λαθραίαν
2432 2345 2692 2410 λαϐόντες
2749 2348 2807 2403 ὲκ
2854 2346 3164 2420 ⁸Ρωμανοῦ,
3197 2349 3270 2410 ὡς
3330 2345 3377 2402 δ’
3427 2348 3479 2401 οἱ
3537 2347 3659 2423 περὶ

254 2434 344 2488 τὸν
398 2435 678 2508 Ῥωμανὸν
764 2436 1116 2517 διενίσταντο,
1204 2440 1505 2515 αὐθαιρέτῳ
1561 2442 1754 2517 γνώμῃ
1825 2464 1912 2497 και
1998 2440 2353 2515 προαιρέσει·
2442 2439 2530 2494 καὶ
2588 2439 2688 2514 γὰρ
2748 2436 2814 2508 δὴ
2874 2438 2964 2492 καὶ
3022 2435 3195 2492 ἐδόκει
3254 2437 3570 2511 ἀγανακτεῖν
3632 2438 3659 2490 6

251 2524 538 2596 Ῥωμανὸς
570 2526 643 2587 ὡς
670 2528 815 2603 παρὰ
976 2528 1138 2585 αὐτοῦ
1186 2530 1407 2600 θέλησιν
1473 2532 1763 2606 γεγονότος
1820 2536 1915 2586 τοῦ
1965 2525 2143 2605 ἔργου.
2202 2533 2259 2586 Ἢ
2322 2530 2416 2602 μὲν
2474 2529 2563 2583 οὖν
2621 2532 2718 2583 τοῦ
2776 2528 3004 2589 Λέοντος
3054 2526 3356 2582 ἀποστασία
3410 2522 3654 2580 τοιοῦτον

255 2609 383 2687 ἔσχε
412 2615 472 2668 τὸ
503 2613 684 2677 τέλος.

324 2705 473 2759 297
517 2705 654 2761 Aliae
688 2724 857 2778 porro
887 2708 1113 2764 insidias
1146 2711 1405 2766 Romano
1438 2716 1577 2767 sunt
1606 2716 1839 2767 structae
1872 2729 1905 2766 a

258 2790 638 2848 Constantino
662 2795 915 2864 quodam
937 2797 1295 2867 Ctemateno,
1318 2798 1529 2853 Davido
1552 2798 1900 2869 Cumiliano,

255 2884 311 2933 et
351 2880 632 2937 Michaelo
683 2889 950 2939 curatore
999 2902 1447 2957 manganorum.
1479 2887 1522 2942 Ii
1570 2887 1901 2942 adolescen-

257 2967 413 3023 tibus
446 2970 800 3040 quibusdam
834 2974 1076 3030 armatis
1126 2976 1427 3046 negotium
1475 2977 1761 3031 dederunt
1791 2978 1900 3031 Ro-

257 3058 436 3127 mani,
458 3077 593 3114 cum
626 3061 675 3116 is
705 3068 980 3117 venatum
1006 3064 1205 3133 exiret,
1234 3064 1651 3120 interﬁciundi.
1676 3066 1901 3129 Quibus

255 3147 507 3218 cognitis
555 3155 612 3206 et
659 3154 1120 3223 comprehensis.
1162 3154 1501 3209 auctoribus
1551 3155 1901 3211 insidiarum

255 3237 407 3291 oculi
457 3245 596 3293 sunt
642 3241 860 3307 eﬂ‘ossi,
890 3246 945 3297 et
976 3241 1215 3298 ludibrii
1267 3260 1447 3299 causa
1493 3261 1597 3315 per
1645 3245 1900 3300 medium

256 3326 442 3382 forum
476 3330 886 3401 circumducti,
911 3331 1181 3404 interque
1207 3350 1305 3389 eos
1329 3335 1440 3391 Leo
1472 3334 1696 3391 Phocas
1727 3335 1899 3390 mulae

252 3415 538 3475 insidens.

321 3597 607 3652 Accusata
635 3601 723 3652 est
754 3599 930 3653 etiam
970 3601 1079 3655 Zoe
1123 3600 1466 3671 imperatrix
1497 3600 1665 3672 quasi
1696 3615 1896 3656 necem

254 3684 509 3740 Romano
560 3691 714 3741 esset
761 3687 1117 3757 machinata,
1150 3693 1205 3744 et
1256 3690 1470 3760 palatio
1519 3691 1794 3746 submota
1832 3705 1897 3743 ac

251 3789 383 3827 rasa
409 3773 470 3827 in
501 3776 921 3831 monasterium
944 3778 1002 3832 S.
1027 3778 1360 3850 Euphemiaa
1383 3780 1635 3834 detrusa.
1664 3779 1898 3848 Ejectus

250 3861 426 3916 etiam
471 3866 560 3917 est
606 3863 746 3919 urbe
777 3864 1249 3938 Tbeopbylactus
1279 3869 1575 3939 patricius,
1610 3885 1674 3923 ac
1705 3867 1897 3923 Tbeo-

250 3950 430 4005 dorus
461 3951 834 4022 imperatoris
884 3957 1252 4028 paedagogus,
1285 3959 1531 4028 ejusque
1579 3970 1897 4028 germanus

250 4039 507 4110 Simeon,
533 4042 687 4112 quod
720 4043 777 4097 in
811 4044 1139 4100 Romanum
1186 4046 1408 4118 aliquid
1461 4045 1646 4102 moliti
1677 4050 1894 4113 essent,

243 4129 518 4200 jussique
568 4131 627 4185 in
675 4133 907 4203 Opsicio
961 4135 1187 4206 degere.
1220 4137 1303 4191 Ad
1355 4137 1459 4191 bos
1502 4135 1897 4207 deportandos

250 4235 486 4290 operam
517 4221 765 4275 contulit
792 4222 1045 4278 Joannes
1077 4224 1333 4280 Curcuas
1364 4225 1718 4297 drungarius
1750 4224 1897 4293 vigi-

250 4304 358 4374 liae,
395 4308 493 4378 qui
532 4325 632 4364 eos
679 4309 873 4365 subito
903 4316 1166 4384 arreptos
1198 4314 1445 4369 navibus
1468 4313 1536 4369 in
1566 4314 1894 4385 oppositam

249 4396 643 4453 continentem
673 4399 921 4470 trajecit.

323 4576 683 4647 Septembris
724 4580 946 4635 mensis
993 4580 1086 4636 die
1131 4581 1200 4635 24
1247 4580 1507 4637 Romano
1536 4582 1776 4637 Caesaris
1808 4582 1896 4636 di-

248 4666 443 4736 gnitas
462 4666 651 4722 delata
672 4672 779 4735 est,
798 4676 850 4723 et
872 4686 1071 4725 mense
1094 4671 1389 4725 Decembri
1412 4670 1787 4742 imperatorio
1808 4676 1897 4727 est

249 4755 554 4812 redimitus
572 4757 921 4827 diademate,
938 4777 971 4815 ιι
986 4760 1320 4830 patriarcha
1336 4760 1891 4833 Nicolao,permissu

247 4843 639 4915 imperatoris.
674 4852 999 4903 Coronatus
1031 4854 1226 4904 autem
1262 4850 1355 4904 die
1386 4867 1686 4906 sacrorum
1718 4851 1895 4905 lumi-

244 4950 387 4988 num
421 4952 657 4990 uxorem
685 4952 919 5008 quoque
947 4954 1117 4992 suam
1149 4939 1512 4994 Theodoram
1545 4946 1802 5007 coronat,
1836 4945 1892 4995 et

244 5037 445 5078 mense
464 5023 737 5093 Maio,die
759 5025 1110 5082 Pentecosta
1126 5028 1273 5083 297
1300 5044 1486 5094 sacro,
1503 5028 1690 5084 ﬁlium
1715 5028 1890 5084 etiam

241 5126 417 5168 suum
476 5112 911 5185 Christiferum,
960 5116 1338 5173 Constantino
1398 5117 1595 5190 palam
1653 5116 1893 5189 quidem

2014 2706 2051 2777 ἤ
2110 2709 2347 2777 Συνέστη
2391 2707 2448 2761 δὲ
2498 2706 2587 2762 καὶ
2647 2705 2800 2781 ἑτέρα
2857 2700 3125 2773 ἆπιϐουλὴ
3170 2704 3305 2759 κατὰ
3350 2707 3653 2775 “Ρωμανοῦ,

2012 2800 2157 2873 παρά
2212 2818 2357 2858 τινος
2426 2795 2803 2858 Κωςταντίνου
2872 2798 3263 2867 Κτηματηνοῦ,
3326 2788 3491 2849 Δαϐἰδ
3560 2798 3654 2847 τοῦ

2013 2884 2434 2960 Κουμουλιανοῦ
2484 2886 2572 2940 καὶ
2640 2884 2872 2960 Μιχαὴλ
2928 2885 3273 2959 κουράτωρος
3340 2887 3445 2937 τῶν
3518 2903 3650 2955 μαγ-

2008 2976 2183 3052 γάνων
2215 2979 2327 3050 (62)
2363 2996 2375 3007 ’
2430 2976 2578 3030 οὗτοι
2627 2975 2731 3049 γὰρ
2780 2974 2991 3035 νεανίας
3033 2974 3184 3035 τινὰς
3228 2970 3650 3032 καθοπλίσαντες

2010 3063 2234 3120 κατὰτὰ
2292 3066 2550 3137 κυνήγιον
2593 3062 2873 3133 ἰξελθόντα
2905 3065 3013 3135 (63)
3071 3063 3163 3115 τὸν
3222 3061 3498 3133 Ῥωμανὸν
3556 3058 3646 3112 έπ-

2012 3153 2296 3229 ετρὲψαντο
2352 3150 2801 3227 διαχειρίσασθαι.
2854 3146 2971 3204 ὨΨ
2995 3148 3365 3225 γνωσθέντων,
3398 3148 3488 3202 καὶ
3521 3145 3653 3201 συλ-

2012 3242 2307 3316 ληφθέντες
2341 3242 2390 3294 oi.
2420 3248 2520 3309 τῆς
2560 3234 2862 3308 ἐπιϐουλῆς
2913 3239 3261 3313 πρωτουργοὶ
3290 3235 3416 3301 τούς
3446 3234 3649 3314 ὀφθαλ-

2015 3331 2150 3404 μοὺς
2182 3329 2541 3405 έπηρώθησαν
2592 3329 2683 3383 καὶ
2742 3326 2831 3383 διὰ
2891 3328 3059 3400 μέσης
3110 3335 3211 3398 τῆς
3266 3328 3469 3403 ἀγορᾶς
3500 3346 3651 3400 περι-

1929 3462 1971 3524 C
2010 3423 2280 3496 ήχθησαν.
2316 3422 2491 3484 Συνῆν
2540 3416 2595 3473 δὶ
2635 3419 2802 3492 ταύτῃ
2848 3421 2916 3491 τῇ
2966 3417 3146 3491 ἀτίμῳ
3194 3420 3509 3492 περιαγωγῇ
3560 3412 3650 3470 καὶ

2008 3511 2158 3564 Λέων
2193 3510 2220 3563 6
2254 3514 2473 3576 Φωκᾶς,
2502 3506 2721 3581 ἡμιόνῳ
2754 3506 3095 3584 ἰφεζόμενος.

2080 3597 2436 3673 Κατηγορήθη
2471 3594 2528 3651 δὲ
2559 3596 2646 3651 καὶ
2681 3597 2810 3664 Σωὴ
2841 3598 2875 3665 ἡ
2923 3593 3139 3671 βασιλὶς
3168 3598 3236 3669 τῇ
3273 3599 3385 3668 ζωῇ
3419 3589 3645 3649 ἐπιϐου-

2007 3686 2239 3743 λεύουσα
2268 3692 2363 3741 τοῦ
2417 3688 2718 3759 Ῥὦμινοῦ,
2750 3685 2839 3740 καὶ
2887 3689 2982 3740 τοῦ
3034 3683 3305 3739 παλασίου
3334 3685 3644 3759 κατάγεται,

2005 3777 2099 3831 κάν
2126 3781 2195 3851 τῇ
2235 3784 2335 3846 τῆς
2387 3776 2573 3851 Ἀγίας
2623 3774 2912 3852 Εύφημίας
2944 3778 3084 3848 μονῇ
3132 3773 3496 3847 ἀποκείρεται.
3532 3775 3647 3845 Ἐξ-

2006 3862 2215 3937 εϐλήθη
2250 3864 2307 3920 δὲ
2333 3872 2432 3935 τῆς
2464 3863 2679 3926 πόλεως
2710 3864 2795 3918 οιαὶ
2828 3862 3207 3937 Θεοφύλακτος
3238 3861 3538 3938 πατρίκιος,
3556 3861 3647 3916 καὶ

2006 3956 2286 4027 Θεόδωρος
2314 3956 2341 4008 6
2390 3952 2737 4028 παιδαγωγὸς
2782 3957 2881 4007 τοῦ
2935 3951 3227 4028 βασιλέως,
3258 3952 3347 4005 καὶ
3380 3952 3407 4005 6
3450 3950 3645 4005 τούτου

2006 4043 2259 4116 ὁμαίμων
2295 4043 2543 4116 Συμεὼν,
2582 4045 2662 4114 [Ρ.
2695 4044 2821 4114 619]
2870 4041 2959 4095 καὶ
3011 4040 3062 4095 ἐν
3104 4044 3182 4112 τῷ
3217 4040 3415 4114 ὸψικίῳ
3446 4037 3645 4114 διάγειν

2005 4133 2329 4208 ἐτάχθησαν,
2393 4134 2468 4194 ὡς
2524 4131 2668 4206 τάχα
2737 4131 2875 4185 κατὰ
2946 4132 3230 4201 Ῥωμανοῦ
3292 4127 3645 4201 μελετῶντες.

2005 4223 2341 4297 Ὑπούργῃσε
2388 4219 2444 4276 δὶ
2489 4222 2625 4297 πρὸς
2671 4222 2761 4275 τὸν
2807 4219 3190 4292 ἐξοτρακισμὸν
3230 4223 3337 4272 τῶν
3379 4218 3645 4271 τοιούτων

2007 4312 2033 4366 6
2090 4309 2444 4387 δρουγγάριος
2490 4317 2589 4380 τῆς
2660 4309 2850 4385 βίγλας
2916 4309 3171 4377 Ἰωάννης
3224 4308 3250 4359 6
3308 4303 3641 4379 Κουρκούας,

2005 4398 2273 4475 αιφνίδιον
2331 4401 2670 4474 συναρπάσας
2729 4398 2922 4459 αὐτοὺς
2986 4396 3076 4451 καὶ
3134 4394 3357 4456 πλοίοις
3412 4393 3488 4454 εἷς
3543 4394 3644 4462 τήν

2003 4488 2226 4565 περαίαν
2259 4483 2595 4551 διαϐιϐάσας.

2075 4583 2160 4652 Τῇ
2194 4576 2250 4632 δὲ
2279 4575 2361 4633 κδ’
2421 4582 2516 4632 νοῦ
2573 4571 2952 4653 Σεπτεμϐρίου
3006 4575 3178 4649 μηνὸς
3237 4573 3482 4648 ἀνάγεται
3521 4572 3648 4626 Ῥω-

2009 4668 2172 4741 μανὸς
2207 4666 2282 4729 εἷς
2329 4668 2425 4734 τὴν
2483 4670 2580 4721 τοῦ
2639 4665 2906 4739 Καίσαρος
2966 4663 3135 4735 ἀξίαν,
3184 4662 3274 4717 καὶ
3332 4655 3646 4733 Δεκεμϐρίῳ

2008 4757 2246 4831 μηνὶτῷ
2276 4763 2375 4826 τῆς
2411 4754 2687 4831 βασιλείας
2738 4751 3035 4826 διαδήματι
3074 4753 3340 4828 στίφεται,
3376 4749 3644 4824 ἐπιτροπῇ

1926 4833 2098 4903 ῡτοῦ
2149 4843 2417 4922 βασιλέως
2473 4844 2892 4910 Κωνσταντίνου,
2924 4845 3020 4895 τοῦ
3076 4840 3420 4915 πατριάρχου
3476 4840 3644 4895 Νικο-

2006 4934 2142 4991 λάου
2174 4935 2335 4990 αὐτὸν
2368 4932 2732 5003 άναδήσαντος
2769 4952 2781 4964 ·
2838 4930 3115 5002 Ῥωμανὸς
3150 4925 3206 4983 δὲ
3234 4926 3541 4992 ταινιωθεὶς
3568 4932 3645 4998 τῷ

2011 5024 2279 5102 βασιλικῷ
2338 5020 2633 5095 διαδήματι
2694 5020 2870 5096 στέφει
2920 5018 3037 5072 κατ’
3094 5017 3261 5088 αὐτὴν
3304 5018 3405 5086 τήν
3436 5016 3644 5090 ἡμέραν

2002 5119 2110 5170 τῶν
2145 5114 2306 5191 ἁγίων
2338 5113 2544 5169 Φώτων
2580 5112 2689 5185 (64)
2736 5106 2827 5163 καὶ
2878 5107 2978 5176 τὴν
3040 5106 3232 5164 εαυτοῦ
3262 5108 3489 5181 σύζυγον
3515 5111 3649 5162 Θεο-

1436 5271 1809 5327 XYLANDRI
1849 5270 1940 5326 ET
1980 5268 2197 5326 GOARI
2238 5267 2472 5323 NOTAE.

312 5390 421 5461 (62)
449 5390 713 5448 Curatore
740 5409 1169 5461 manganorum,
1211 5396 1268 5450 id
1318 5400 1426 5462 est,
1451 5396 1798 5452 balistarum
1829 5398 1886 5450 et

242 5461 487 5535 aliorum
531 5464 587 5518 id
633 5481 819 5535 genus
865 5470 1315 5533 tormentorum,
1356 5473 1419 5523 ut
1466 5469 1627 5523 alibi.
1661 5468 1885 5522 ΧΠ..-

241 5533 313 5589 Ut
339 5534 537 5611 palatii
565 5540 620 5590 et
637 5533 1241 5611 ‘illius‘aerariiicuram
1270 5545 1511 5611 gereret,
1537 5542 1689 5594 sicut
1718 5537 1885 5607 regite

241 5607 545 5681 praecipua;
572 5608 980 5681 curopalates.
1014 5610 1174 5665 Circa
1222 5607 1515 5667 machinas
1561 5616 1619 5665 et
1664 5611 1887 5665 balista:

242 5684 497 5750 nugatur
526 5678 620 5735 hic
650 5678 1014 5739 scboliastes.
1046 5683 1227 5739 Goaa.

2066 5392 2177 5463 (63)
2199 5391 2519 5468 _F_o_rtas_sis,
2542 5406 2688 5468 cum_
2707 5390 2860 5463 apud
2903 5386 3218 5468 pvnegium
3242 5384 3373 5468 (loci
3406 5399 3641 5468 nomen,

1995 5456 2148 5540 forte
2156 5456 2254 5519 ubi
2272 5464 2331 5519 in
2346 5464 2490 5519 urbe
2500 5456 2840 5540 Venationes
2852 5456 3200 5540 edebantur)
3214 5456 3638 5540 prodiretzxvn.

2066 5536 2192 5613 (64)
2211 5540 2359 5613 Puto
2380 5553 2520 5613 esse
2568 5553 2740 5613 quem
2790 5534 2935 5591 alias
2949 5528 3417 5613 _Purilica_tio.nis
3433 5528 3637 5613 ’Μαι-ξω

1992 5600 2222 5685 vocant,
2276 5600 2600 5685 Lichtmess:
2642 5611 2786 5665 XYL.
2826 5635 2895 5685 —_-
2941 5601 3177 5685 Caecutit
3230 5600 3637 5685 Xylanderuin

1994 5669 2242 5748 lumine,
2262 5684 2319 5737 et
2348 5697 2464 5753 quo
2494 5685 2705 5754 purget
2732 5677 2935 5737 oculos
2958 5672 3200 5747 collyrio
3230 5669 3378 5747 opus
3408 5675 3499 5730 est
3526 5669 3636 5742 illi,
