4004 6208
326 387 388 448 29
1416 386 1964 448 HISTORIARUM
1982 386 1987 391 ’
2008 385 2559 447 GOMPENDIUM.
3617 391 3699 450 30

326 515 473 590 δώραν
501 513 655 585 Μαΐῳ
714 512 771 568 δὲ
832 516 964 586 μηνὶ
1015 516 1150 571 κατὰ
1180 519 1276 585 τὴν
1328 524 1427 587 τῆς
1478 516 1627 592 ἁγίας
1660 522 1915 585 Πεντηκο·

2049 518 2401 574 concedente
2431 523 2487 572 et
2518 518 2820 588 probante,
2855 517 2992 588 quia
3026 516 3173 571 nihil
3214 522 3418 573 contra
3453 520 3569 575 vim
3604 537 3699 591 po-

330 612 433 673 στῆς
458 603 654 675 ἡμέραν
691 605 867 681 στέφει
902 605 989 659 καὶ
1028 606 1119 660 τὸν
1156 607 1346 661 ἑαυτοῦ
1399 608 1513 661 υἱον
1559 607 1932 682 Χριστοφόρον

335 694 403 749 διὰ
441 693 832 748 Κωνσταντίνου
886 696 1071 769 τάχα,
1144 697 1278 749 κατὰ
1340 697 1434 768 μὲν
1489 696 1551 749 τὸ
1610 695 1933 772 φαινόμενον

338 784 566 847 ἐθέλοντος
597 781 685 835 καί
738 781 1182 859 καταδεχομένου
1226 782 1314 839 διὰ
1340 787 1441 853 τὴν
1478 785 1619 859 βίαν,
1652 784 1705 837 ἐν
1756 781 1812 837 δί
1858 788 1936 854 τῷ

336 875 481 949 ἀρανεῖ
529 870 795 933 ἀλύοντος
855 874 942 927 καὶ
999 874 1097 942 τήν
1161 875 1441 950 συμφορὰν
1494 870 1934 945 ἀποκλαιομένου

334 963 389 1023 εἰς
414 958 600 1016 ἑαυτὸν,
636 961 738 1017 Καὶ
774 961 932 1033 μόνοι
966 963 1016 1015 οἱ
1046 959 1141 1017 δύο
1192 966 1303 1036 (65)
1350 964 1485 1017 κατᾶ
1528 964 1627 1031 τὴν
1677 962 1931 1031 τοιαύτην

327 1050 562 1123 προῆλθον
590 1049 935 1123 προέλευσιν.
971 1050 1191 1124 Ἰουλίῳ
1223 1049 1280 1107 δὶ
1305 1052 1461 1124 μηνὶ,
1491 1054 1541 1121 η’
1573 1048 1934 1119 ἶνδικτιῶνος,

322 1143 347 1208 ἡ
394 1147 478 1207 τῆς
521 1138 850 1210 Ἐκκλησίας
898 1139 1115 1215 γέγονεν
1181 1135 1394 1212 ἔνωσις,
1456 1140 1763 1204 ἑνωθέντων
1822 1145 1931 1194 τῶν

320 1227 686 1305 διαρερομένων
749 1228 1174 1305 μητροπολιτῶν
1232 1251 1291 1284 τε
1346 1231 1433 1284 καὶ
1484 1228 1765 1305 κληρικῶν
1822 1235 1930 1283 τῶν

317 1319 403 1371 ἀπὸ
450 1316 715 1371 Νικολάου
746 1317 1095 1394 πατριάρχου
1154 1321 1240 1373 καὶ
1304 1319 1581 1391 Εὐθυμίου
1615 1316 1931 1393 διεσχισμί-

313 1430 420 1461 νων.
471 1406 524 1462 Ὀ
586 1405 640 1460 δὲ
698 1406 954 1480 βασιλεὺς
1005 1409 1284 1479 Ῥωμανὸς
1347 1408 1571 1482 ἐξορίζει
1626 1408 1719 1461 τὸν
1773 1408 1930 1480 μάγι-

318 1516 447 1569 στρον
490 1496 753 1571 Στέφανον
790 1496 867 1557 εἷς
897 1498 995 1564 τήν
1049 1498 1365 1571 Ἀντιγόνου
1397 1500 1557 1565 νῆσον
1594 1497 1667 1558 ὡς
1697 1503 1796 1565 τῆς
1833 1498 1930 1571 βα-

314 1586 487 1647 σιλείας
513 1589 661 1661 τάχα
717 1586 1110 1663 ὀριγνώμενον,
1171 1589 1261 1643 καὶ
1326 1589 1569 1662 μοναχὸν
1624 1588 1929 1661 ἀποκείρει,

315 1676 392 1729 οὖν
422 1676 550 1747 αὐτῷ
582 1674 637 1730 δὲ
668 1676 757 1730 καὶ
792 1678 1069 1751 Θεοφάνην
1110 1678 1200 1732 τὸν
1248 1678 1589 1751 Τειχιώτην,
1639 1678 1725 1731 καὶ
1789 1675 1929 1730 1115-

315 1764 397 1819 λον
423 1765 500 1819 τὸν
530 1764 963 1841 ὀρῳανοτρὸφον,
994 1765 1123 1829 τοὺς
1152 1766 1514 1820 οἰκειοτάτοος
1547 1766 1718 1837 αύτῷ.
1780 1766 1927 1837 Πρό-

2047 611 2214 672 terat,
2250 608 2473 661 occulte
2506 612 2699 661 autem
2732 623 2881 678 azgre
2915 607 3134 661 ferente
3185 614 3242 661 et
3289 623 3455 662 suam
3493 608 3697 679 deplo-

2047 702 2212 751 rante
2244 713 2441 750 secum
2476 695 2893 750 calamitatem.
2928 698 3004 749 Ac
3056 694 3162 750 soli
3213 696 3329 750 duo
3388 695 3484 751 isti
3539 699 3695 753 eain

2044 803 2259 856 pompa
2274 784 2859 856 processerunt.Julio
2892 784 3445 851 mense,indictione
3468 792 3694 852 octava,

2045 875 2116 928 ad
2151 875 2521 930 concordiam
2558 874 2854 929 redierunt
2884 873 3262 945 metropolitas
3285 879 3341 928 et
3370 874 3695 942 clerici,Ni-

2045 962 2190 1017 colai
2222 969 2279 1017 et
2319 962 2613 1034 Euthymii
2666 962 3133 1033 patriarcharum
3184 979 3361 1017 causa
3410 963 3696 1019 hactenus

2045 1051 2636 1121 disjuncti.Ca9terum
2667 1053 2958 1107 Romanus
2980 1052 3298 1122 imperator
3327 1052 3691 1123 Stephanum

2046 1140 2398 1212 magistrum
2432 1140 2489 1195 in
2521 1140 2799 1211 Antigoni
2851 1141 3110 1196 insulam
3164 1139 3403 1212 relegat,
3459 1140 3695 1211 imperii

2044 1230 2295 1284 affectati
2326 1234 2691 1301 suspectum,
2728 1236 2783 1283 et
2817 1229 3170 1283 monachum
3206 1230 3363 1296 facit,
3397 1235 3606 1284 etcum
3628 1245 3694 1284 eo

2042 1319 2458 1390 Theophanem
2493 1318 2852 1372 Teichiotam
2886 1324 2942 1372 et
2987 1319 3234 1372 Paulum
3293 1318 3688 1389 Orphanotro.

2042 1408 2381 1479 phum,ejus
2409 1407 2818 1461 intimos.Cum
2855 1422 3177 1477 procensus
3216 1407 3378 1461 ﬁeret
3408 1406 3464 1460 in
3497 1407 3689 1460 tribu-

2042 1497 2460 1566 nalio,insidiis
2483 1496 3093 1567 delatisimperatores
3110 1496 3379 1551 subitoin
3405 1494 3688 1566 palatium

2042 1587 2589 1641 abiverunt.Earum
2624 1584 2775 1655 capti
2808 1590 3078 1639 auctores
3108 1584 3384 1639 Arsenius
3411 1584 3694 1654 patricius

2040 1682 2096 1730 et
2124 1675 2334 1730 Paulus
2359 1673 2723 1745 manglabita
2756 1690 2769 1727 :
2805 1674 2956 1727 oculi
3006 1674 3077 1727 iis
3124 1673 3320 1728 eﬁ‘ossi
3361 1678 3418 1727 et
3449 1672 3691 1744 relegati

2042 1766 2364 1833 sunt,bona
2394 1780 2593 1818 eorum
2630 1762 3170 1833 publicata.Eodem
3206 1778 3359 1815 anno
3392 1761 3691 1817 Romanus

314 1854 479 1907 κένσου
514 1851 571 1908 δε
628 1855 923 1928 γενομένου
982 1854 1034 1909 ἐν
1090 1859 1170 1925 τῷ
1223 1850 1610 1929 τριϐουναλίῳ,
1662 1852 1915 1931 αἰφνίδιον

2041 1854 2223 1908 ﬁliam
2258 1869 2424 1908 suam
2473 1852 2758 1922 Agatham
2822 1852 2881 1906 in
2941 1851 3387 1906 matrimonium
3446 1848 3693 1907 collocat

316 1943 361 1995 οἱ
392 1941 607 2016 βασιλεῖς
664 1942 741 2005 εἰς
796 1943 859 1996 τὸ
912 1941 1177 1998 παλάτιον
1236 1944 1661 2021 ὑποστρέφουσιν
1705 1939 1928 1998 ἐπιϐου-

315 2028 407 2098 λῆς
460 2031 776 2102 μηνυθείσης
808 2031 1015 2093 αὐτοῖς·
1065 2033 1478 2108 κατασχεθέντες
1512 2030 1569 2087 δὲ
1600 2034 1650 2086 οἱ
1682 2031 1926 2107 ἔξαρχοι,

2040 1943 2214 1998 Leoni
2250 1942 2450 2013 Argyri
2485 1940 2623 2007 ﬁlio,
2654 1942 2775 1995 viro
2816 1956 3099 2010 generoso
3149 1956 3215 1994 ac
3266 1940 3525 2011 corporis
3556 1939 3686 2011 pul-

2042 2031 2375 2087 chritudine
2405 2036 2459 2085 et
2491 2031 2802 2101 prudentia
2834 2028 3157 2100 praestanti.

307 2120 333 2172 ὅ
382 2140 433 2172 τε
474 2120 750 2194 πατρίκιος
820 2121 1097 2195 Ἀρσένιος
1156 2122 1244 2176 καὶ
1306 2124 1333 2176 ὁ
1391 2118 1769 2196 μαγκλαϐίτης
1816 2122 2053 2190 Παῦλος,
2106 2119 2474 2197 τυφλωθέντες
2528 2120 2615 2171 καὶ
2676 2116 3027 2189 δημευθέντες
3078 2115 3467 2187 ἐξωρίσθησαν.
3527 2116 3691 2191 Ἠγά-

302 2229 408 2279 γετο
462 2206 512 2263 εὶ
568 2210 746 2281 τούτῳ
799 2215 881 2281 τῷ
937 2206 1043 2264 ἔτει
1085 2214 1173 2265 καὶ
1226 2207 1471 2286 γαμϐρὸν
1530 2210 1618 2265 ἐπὶ
1677 2216 1745 2285 τῇ
1806 2211 1968 2266 αὐτοῦ
2026 2210 2245 2286 θυγατρὶ
2309 2209 2512 2282 Ἀγάθῃ
2568 2207 2848 2278 Ῥωμανός
2907 2208 2934 2261 ὁ
3008 2202 3264 2281 βασιλεὺς
3337 2206 3537 2260 Λέοντα
3600 2206 3691 2259 τὸν

299 2300 379 2347 του
432 2298 713 2372 ’Δργυροῦ,
770 2295 933 2373 ἄνδρα
1000 2305 1243 2373 γενναῖον
1294 2299 1383 2354 καὶ
1442 2297 1638 2354 κάλλει
1700 2301 1952 2373 σώματος
2008 2299 2097 2353 καὶ
2158 2295 2273 2367 ἰδέᾳ
2335 2296 2723 2371 ὑπερφέροντα,
2784 2295 2989 2349 συνέσει
3044 2314 3102 2347 τε
3151 2294 3241 2348 καὶ
3274 2295 3531 2369 φρονήσει
3562 2313 3691 2347 κοσ-

302 2385 569 2455 μούμενον.

355 2475 590 2549 Ἐγένετο
644 2473 701 2530 δὲ
750 2476 802 2531 ἐν
833 2482 915 2549 τῷ
964 2478 1115 2549 αύτῴ
1165 2477 1351 2552 χρόνῳ
1398 2479 1484 2533 καὶ
1540 2480 1608 2533 τὰ
1638 2480 1773 2534 κατὰ
1828 2479 1917 2533 τὸν

293 2564 591 2621 Ῥεντάκιον.
645 2564 820 2627 Οὗτος
871 2565 920 2636 ἐξ
971 2564 1241 2628 Ἑλλάδος
1291 2566 1625 2639 ὡρμημένος
1656 2568 1744 2621 τὸν
1801 2568 1920 2621 ἐαυ-

294 2657 373 2704 τνῦ
415 2656 711 2727 γεννήτορα
741 2655 1094 2729 ἐπεχείρησεν
1153 2655 1383 2711 ἀνελεῖν.
1436 2654 1635 2718 Δεδιὼς
1695 2654 1735 2710 δ’
1783 2656 1920 2710 ἐκεῖ·

290 2762 367 2802 νος
396 2744 487 2810 τήν
515 2741 616 2797 τοῦ
648 2744 771 2797 υἱοῦ
814 2743 1053 2814 ἀταξίαν,
1084 2743 1287 2799 πλοίου
1339 2740 1530 2805 ἐπιϐάς
1587 2742 1740 2799 ἔπλει
1784 2745 1921 2820 πρὸς

290 2831 341 2882 τὸ
391 2834 678 2900 Βυζάντιον
740 2833 814 2895 ὡς
866 2834 1008 2908 τάχα
1090 2837 1191 2887 τοῦ
1252 2831 1529 2905 βασιλέως
1587 2830 1917 2905 δεησόμενος

290 2917 540 2988 ἀνακοπὴν
569 2922 819 2995 γενέσθαι
849 2929 947 2990 τῆς
977 2926 1074 2976 τοῦ
1131 2923 1251 2975 υἱοῦ
1294 2920 1662 2985 ἀπαιδευσίας.
1724 2924 1917 2979 Ἀνιὼν

288 3004 334 3059 δὲ
356 3010 654 3083 κατεσχέθη
687 3011 834 3084 παρὰ
877 3014 985 3063 τῶν
1016 3016 1337 3085 Σαρακηνῶν
1369 3012 1475 3065 τῶν
1511 3010 1562 3066 έν
1594 3015 1660 3084 τῇ
1710 3013 1915 3087 Κρήτῃ.

287 3096 336 3152 Ὁ
394 3094 448 3151 δὲ
502 3097 709 3152 τούτου
769 3099 882 3161 υἱὸς
934 3100 1250 3174 ὑποχείριον
1311 3096 1454 3175 ἔχων
1513 3102 1605 3156 τὸν
1662 3106 1914 3174 πατρῷον

286 3183 523 3254 πλοῦτον,
584 3186 827 3243 ἀνελθὼν
894 3190 1008 3261 μετ’
1064 3190 1232 3243 αὑτοῦ
1278 3188 1352 3250 εἷς
1376 3190 1475 3257 τήν
1514 3187 1913 3264 μεγαλόπολιν,

282 3272 347 3343 τῷ
376 3277 500 3345 θείῳ
526 3275 747 3347 τεμένει
808 3279 906 3345 τῆς
963 3282 1059 3331 τοῦ
1090 3282 1224 3333 Θεοῦ
1284 3279 1490 3354 Σοφίας
1546 3275 1911 3353 προσέδραμε.

2105 2480 2225 2535 Sub
2242 2479 2393 2533 idem
2412 2482 2646 2548 tempus
2660 2476 2975 2531 Rentacius
2992 2473 3675 2537 nationeGrmcus,suum

2031 2578 2255 2640 patrem
2288 2567 2613 2622 interficere
2660 2583 2791 2620 cum
2851 2569 3179 2629 conaretur,
3236 2570 3398 2634 pater
3445 2562 3549 2616 ﬁlii
3581 2561 3677 2617 in-

2028 2660 2372 2729 temperiem
2406 2663 2675 2712 metuens
2705 2671 3025 2710 conscenso
3066 2654 3296 2724 navigio
3328 2651 3674 2724 Bysantium

2029 2764 2231 2802 versus
2257 2746 2653 2817 navigavit,ab
2686 2746 3032 2816 imperatore
3060 2744 3356 2815 petiturus
3387 2750 3453 2796 ut
3484 2741 3585 2795 lilii
3608 2741 3677 2795 li-

2028 2837 2289 2891 bidinem
2317 2836 2468 2892 29S
2502 2839 2897 2904 compesceret
2926 2851 2941 2901 ;
2972 2838 3176 2902 estque
3224 2848 3257 2885 a
3304 2830 3680 2886 Cretensibus

2027 2926 2331 2981 Saracenis
2352 2930 2580 2996 captus.
2614 2922 2796 2977 Filius
2824 2926 3201 2993 paternarum
3231 2935 3409 2990 opum
3442 2935 3681 2990 compos

2028 3016 2213 3069 factus
2250 3031 2383 3069 cum
2414 3014 2485 3068 iis
2519 3030 2581 3068 se
2610 3011 2815 3083 Cpolin
2849 3011 3100 3066 contulit
3130 3011 3201 3065 ad
3236 3009 3466 3080 SOphiaa
3528 3013 3677 3063 tem-

2027 3104 2227 3174 plum:
2263 3103 2460 3173 ibique
2491 3102 2767 3157 desidens
2801 3106 3041 3171 paterna
3061 3100 3214 3153 bona
3244 3097 3532 3169 prodegit.
3567 3098 3678 3152 Bo—

2027 3208 2239 3246 manus
2271 3208 2331 3246 re
2364 3196 2661 3261 comperta
2692 3190 2910 3260 templo
2952 3205 3085 3243 cum
3119 3188 3363 3242 educere
3410 3192 3467 3241 et
3495 3185 3677 3241 casti-

2026 3298 2161 3352 gare
2201 3281 2471 3335 intendit.
2516 3280 2677 3344 Quod
2729 3277 3041 3333 Rentacius
3102 3292 3235 3331 cum
3295 3275 3677 3330 subodorare-

279 3362 360 3414 κάν
388 3364 564 3435 τούτῳ
615 3367 1068 3437 προσκαθήμενος
1126 3367 1225 3434 τὴν
1284 3367 1550 3440 πατρικὴν
1608 3368 1915 3430 κατεσπάθα

2031 3378 2141 3437 tur,
2174 3368 2383 3425 litteris
2414 3370 2485 3423 ab
2526 3368 2874 3438 imperatore
2926 3366 2997 3420 ad
3049 3366 3377 3419 Simeonem
3410 3364 3674 3418 conﬁctis

281 3450 468 3507 οὖσίαν.
528 3452 654 3509 Ούκ
704 3451 863 3517 ἔλαθε
889 3453 1051 3509 τοῦτο
1080 3456 1172 3510 τὸν
1206 3455 1503 3529 Ῥωμανὸν,
1560 3453 1707 3510 ἀλλά
1751 3454 1910 3532 γνοὺς

279 3535 629 3595 ἰῧουλεύσατο
717 3541 989 3617 ἐξαγαγεῖν
1066 3548 1255 3598 τοῦτον
1329 3551 1430 3612 τῆς
1487 3542 1778 3614 ἐκκλησίας
1821 3545 1909 3599 καὶ

2021 3460 2090 3513 ad
2154 3458 2434 3529 Bulgaros
2494 3458 2863 3526 transfugere
2918 3453 3197 3517 instituit,
3252 3452 3672 3522 convictusque

2021 3546 2284 3602 criminis
2314 3545 2501 3601 oculis
2528 3551 2618 3601 est
2653 3551 2708 3599 et
2737 3545 2907 3599 bonis
2937 3542 3243 3613 spoliatus.

277 3626 566 3683 παιδεῦσαιυ
624 3631 682 3682 '0
741 3628 799 3684 δὲ
870 3629 1250 3707 πληροφορίαν
1316 3634 1488 3708 σγὼν,
1555 3630 1811 3706 βασιλικὰ
1867 3630 2215 3706 πλασάμενος
2268 3635 2562 3709 γράμματα
2616 3633 2688 3692 ὡς
2748 3628 2905 3699 δῆθεν
2957 3626 3331 3706 ἐκπεμφθέντα
3385 3627 3522 3699 πρὸς
3571 3626 3663 3681 τὸν

272 3718 506 3786 Συμεὼν,
564 3716 972 3791 αὐτομολήσειν
1024 3714 1382 3776 ἐϐουλεύσατο
1440 3722 1575 3795 πρὸς
1626 3722 1756 3784 τοὺς
1789 3720 2148 3797 βουλγάρους.
2178 3724 2276 3777 Καὶ
2308 3722 2593 3798 ἐλεγχθεὶς
2620 3725 2718 3789 τῆς
2757 3742 2815 3775 τε
2846 3720 3029 3781 οὐσίας
3058 3718 3151 3773 καὶ
3200 3722 3305 3771 τῶν
3366 3714 3665 3793 ὀφθαλμῶν

268 3824 537 3863 στεοειται.

325 3898 401 3966 [Ρ.
432 3898 561 3968 620]
609 3893 978 3971 ’Λδραλέστου
1012 3895 1068 3952 δὲ
1094 3903 1191 3953 τοῦ
1246 3896 1568 3972 δομεστίκου
1612 3905 1718 3953 τῶν
1771 3920 1905 3976 σχο-

262 3980 361 4035 λῶν
422 3985 844 4057 αποθανόντος,
910 3982 1233 4062 προεϐλήθη
1296 3989 1472 4052 Πόθος
1529 3990 1555 4043 ὁ
1612 3988 1903 4064 Ἀργυρός.

259 4076 346 4127 Καὶ
384 4082 493 4129 τῶν
558 4076 895 4153 Βουλγάρων
956 4077 1087 4153 ἄγρι
1142 4084 1249 4134 τῶν
1312 4084 1668 4152 Κατασυρτῶν
1723 4080 1904 4151 ἐξελα-

261 4165 454 4218 σάντων
516 4164 686 4235 ἔξεισι
740 4168 829 4220 καὶ
885 4166 1045 4230 αὐτὸς
1109 4168 1243 4241 μετὰ
1299 4174 1406 4223 τῶν
1433 4171 1753 4244 ταγμάτων,
1810 4172 1899 4225 καὶ

255 4260 579 4323 κατασκηνοῖ
625 4258 761 4310 κατᾶ
804 4257 904 4324 τήν
954 4255 1259 4332 λεγομένην
1307 4257 1677 4333 Θερμὸπολιν.
1725 4262 1900 4316 Ἐκεῖ-

257 4342 329 4394 θεν
386 4339 444 4397 δὲ
511 4343 758 4418 Μιχαὴλ
832 4350 1230 4423 ταγματάρχην
1306 4348 1401 4402 τὸν
1460 4353 1557 4403 τοῦ
1611 4348 1901 4423 πατρικίου

258 4430 656 4503 Μωρολέοντος
689 4433 804 4487 υἱὸν
863 4435 950 4488 ἐπὶ
1006 4439 1355 4506 κατασκοπὴν
1408 4442 1516 4491 τῶν
1578 4437 1901 4513 Βουλγάρων

257 4514 531 4591 ἐκπέμπει.
598 4522 661 4579 Ὀ
719 4519 777 4576 δὶ
834 4523 1158 4598 ἀπροόπτως
1214 4530 1333 4588 ταῖς
1395 4521 1752 4600 βαρϐαρικαῖς
1802 4526 1898 4599 ἆμ-

253 4610 409 4662 πεσὼν
452 4607 726 4685 ἐνέδραις,
777 4609 995 4687 ἐπείπερ
1050 4612 1259 4690 ἄφυκτα
1307 4616 1398 4684 ἦν,
1456 4613 1705 4689 τρέπεται
1762 4618 1899 4690 πρὸς

254 4695 434 4765 ἀλκὴν,
489 4700 590 4753 καὶ
654 4697 903 4762 πολλοὺς
968 4707 1074 4757 τῶν
1149 4703 1483 4779 Βουλγάρων
1541 4702 1747 4759 ἀνελὼν
1807 4705 1897 4758 καὶ

2090 3904 2318 3959 Mortuo
2350 3902 2654 3958 Adralesto
2705 3901 3037 3956 scholarum
3086 3898 3409 3954 domestico
3442 3897 3665 3953 Pothus

2016 3997 2277 4064 Argyrus
2308 3991 2703 4059 sufﬁcitusz,
2728 3988 2991 4061 Bulgaris
3025 3988 3350 4059 grassando
3383 4002 3570 4058 usque
3594 3987 3663 4040 ad

2014 4084 2316 4154 Catasyrta
2364 4080 2706 4152 progressis,
2778 4078 2977 4150 copias
3020 4082 3226 4132 contra
3272 4092 3371 4131 eos
3422 4074 3657 4139 educit;

2014 4172 2341 4243 castrisque
2354 4171 2424 4225 ad
2439 4168 2851 4240 Thermopolin
2868 4166 3073 4239 positis
3090 4165 3242 4220 Mich
3253 4164 3446 4219 aetum
3462 4164 3665 4219 cohor-

2011 4260 2088 4314 tis
2128 4262 2490 4331 prerl'ectum,
2524 4257 2755 4330 patricii
2788 4255 3143 4311 Moroleonis
3187 4254 3398 4319 ﬁlium,
3449 4268 3662 4323 specu-

2009 4347 2193 4404 latum
2226 4348 2460 4404 emittit.
2493 4347 2622 4415 Qui,
2670 4346 2987 4417 improviso
3046 4344 3105 4398 in
3161 4342 3501 4398 barbaricas
3558 4342 3659 4397 de-

2008 4437 2212 4508 lapsus
2259 4438 2529 4504 insidias,
2580 4453 2715 4491 eum
2769 4437 2915 4506 fugae
2968 4433 3132 4488 locus
3182 4449 3301 4487 non
3331 4435 3505 4498 esset,
3538 4430 3657 4485 vim

2010 4532 2215 4599 parat;
2251 4527 2574 4597 multisque
2619 4524 2885 4595 Bulgaris
2932 4521 3173 4593 dejectis
3206 4537 3271 4575 ac
3325 4518 3527 4591 pulsis,
3560 4536 3659 4574 ac-

2010 4622 2175 4687 cepto
2214 4615 2416 4671 lethali
2467 4614 2725 4678 vulnere,
2758 4612 2958 4684 Cpolin
3012 4611 3165 4665 redit
3206 4609 3496 4681 pauloque
3527 4612 3662 4679 post

2010 4705 2281 4760 moritur.
2315 4706 2479 4759 Tunc
2538 4708 2596 4759 et
2654 4704 2919 4757 Romano
2952 4703 3188 4755 detectae
3246 4707 3383 4753 sunt
3436 4696 3662 4752 insidiis

251 4787 611 4859 τρεψάμενος,
669 4790 879 4863 καιρίαν
939 4788 995 4846 δέ
1048 4793 1235 4855 τυπεὶς
1265 4793 1354 4847 καὶ
1398 4791 1578 4861 αύτὸς,
1638 4792 1897 4862 ἐπανῆκεν

2031 4810 2153 4864 [uos
2175 4794 2286 4864 ipsi
2319 4793 2662 4849 sacellarius
2685 4790 3036 4846 Anastasius
3057 4787 3662 4851 struxerat,nimirum

249 4873 312 4935 εἷς
340 4878 439 4945 τήν
505 4875 767 4951 βασιλίδα
810 4880 901 4933 καὶ
949 4882 1083 4953 μετὰ
1117 4883 1310 4956 μικρὸν
1368 4881 1709 4951 ἐνελεύτησε.
1767 4884 1907 4939 Τότε

248 4961 295 5017 δὲ
322 4966 408 5020 καὶ
464 4972 550 5037 τῷ
617 4968 832 5041 βασιλεῖ
874 4970 1140 5043 Ῥωμανῷ
1196 4967 1467 5041 ἐπιϐουλή
1508 4971 1766 5043 μηνύεται
1794 4958 1910 5027 κατ’

246 5052 425 5120 αὐτοῦ,
454 5058 778 5127 προστάτην
813 5056 1017 5132 ἔχουσα
1042 5060 1137 5114 τὸν
1166 5058 1529 5136 σακελλάριον
1564 5062 1679 5133 (66)
1748 5066 1915 5116 Ἀνα-

2018 4901 2121 4956 pro
2153 4884 2536 4938 Constantino
2562 4897 2961 4953 propugnans.
3015 4878 3234 4932 Harum
3283 4877 3552 4930 auctores
3597 4890 3663 4930 ac

2021 4974 2288 5027 conscios
2318 4988 2424 5026 suo
2464 4986 2758 5041 quemque
2790 4969 3078 5023 arbitratu
3121 4968 3418 5019 Romanus
3448 4960 3663 5033 puniit,

2021 5062 2331 5117 Anastasio
2366 5060 2650 5117 monacho
2683 5060 2851 5114 facto.
2876 5052 3440 5123 Constantinumque
3460 5049 3665 5105 exinde

1447 5254 1818 5314 XYLANDRI
1861 5257 1949 5313 ET
1991 5256 2209 5313 GOARI
2250 5255 2478 5313 NOT/E.

244 5419 353 5499 ubi
397 5423 840 5499 P_uriﬁcationis
893 5424 1050 5499 diem
1106 5426 1542 5498 interpretatur,
1603 5428 1733 5495 qui,
1793 5444 1896 5483 ceu

246 5496 1140 5577 notissimus,Theophaniorum
1164 5496 1293 5555 esse
1312 5499 1697 5577 dignoscitur.
1715 5502 1896 5577 Gem.

272 5633 279 5639 .
308 5566 419 5633 (65)
450 5567 761 5622 Obscurus
790 5566 973 5624 locus.
1008 5569 1175 5625 Forte
1205 5566 1582 5627 Constantino
1612 5572 1770 5625 domi
1804 5588 1896 5625 re-

244 5629 378 5714 licto
404 5629 469 5691 'et
500 5646 703 5709 spreto
734 5642 1033 5696 Romanus
1063 5659 1197 5697 cum
1228 5643 1371 5709 ﬁlio,
1408 5648 1607 5714 utpote
1636 5642 1896 5713 impera-

245 5706 414 5777 tores,
476 5706 713 5766 sacram
771 5727 1047 5785 pompam
1102 5706 1415 5771 duxerunt.
1475 5706 1552 5771 De
1607 5706 1895 5786 procensu

2010 5428 2170 5484 alibi.
2205 5426 2613 5483 Tribunalium
2645 5424 2809 5480 locus
2839 5423 3151 5479 tribunalis
3176 5420 3426 5475 videtur.
3458 5418 3598 5472 XYL.

2079 5502 2193 5568 (66)
2223 5501 2406 5564 Quem
2450 5496 2713 5553 thesauri
2758 5497 3094 5568 praefectum
3129 5486 3653 5568 etgcustoiiemsub

2006 5557 2313 5642 logotbeiaa
2337 5570 2723 5641 dispositione
2755 5557 3026 5642 positum,
3044 5566 3333 5642 existimo.
3369 5557 3655 5617 Pancirol-

2006 5639 2100 5699 lus
2133 5646 2187 5698 in
2222 5645 2397 5699 Notit.
2435 5639 2648 5712 lmper.
2684 5639 2778 5705 0r,
2812 5658 2862 5712 c.
2889 5642 2976 5696 47.
3012 5639 3255 5712 Lexicon
3288 5644 3647 5712 anhonymum

2004 5715 2371 5774 bibliothecae
2402 5704 2589 5788 Regia:
2622 5730 2635 5769 :
2670 5704 2971 5768 Σακέλλιον
3008 5709 3317 5784 βαλάντιον.
3342 5704 3521 5760 GOAR.
