4004 6208
256 354 329 413 31
1436 328 1439 329 ί
1614 357 1931 421 GEORGII
1970 352 2319 418 'CEDRENI
3584 361 3662 419 32

257 488 557 544 detrusum
589 491 847 547 secundo
879 491 1097 560 1000,86
1127 494 1321 565 priore
1354 498 1765 567 imperatorem
1786 492 1902 547 dici
1933 496 1987 561 Α
2017 491 2231 544 στάσιον
2267 532 2280 557 ,

249 578 827 649 jussit,praatendens
858 580 1009 637 hanc
1030 599 1204 637 unam
1235 584 1385 639 299
1410 582 1903 638 esseinsidiarum

258 669 706 723 evertendarum
740 670 1049 725 rationem.
1089 675 1173 726 Ita
1206 675 1278 727 ob
1312 689 1403 726 res
1434 674 1618 727 ﬂuxas
1678 679 1735 727 et
1790 672 1906 725 im-

258 754 485 823 perium
520 758 809 812 caducum
845 758 1144 814 Romanus
1170 761 1411 831 perjurii
1452 778 1514 815 se
1544 760 1822 833 obligavit.
1851 765 1907 814 et

258 860 291 895 υ.
329 844 438 898 Deo
471 846 840 901 abalienavit.
878 848 977 903 Hic
1010 856 1133 904 erat
1164 866 1358 905 rerum
1398 850 1757 905 urbanarum
1791 856 1906 904 sta-

256 934 375 989 tus.

2344 489 2475 562 ὑπὶρ
2525 494 2623 545 τοῦ
2684 489 2950 564 βασιλέως
3007 487 3164 559 δῆθεν
3216 488 3658 565 ἀγωνιζόμενον·

2016 580 2105 633 καὶ
2151 584 2257 633 τῶν
2291 577 2475 633 αἷτίων
2536 580 2913 652 συσχεθέντων
2944 576 3168 642 ἕκαστος
3222 580 3358 633 κατά
3394 580 3457 634 τὸ
3511 577 3664 649 δόξαν

2016 667 2335 741 ἐτιμωρήθη
2396 673 2474 739 τῷ
2527 666 2742 742 βασιλεῖ
2800 667 3067 739 Ῥωμανῷ
3143 672 3241 723 τοῦ
3316 668 3662 724 Ἀναστασίου

2015 757 2380 829 ἀποκαρέντος
2413 762 2684 832 μοναχοῦ.
2721 758 2807 827 Ἐξ
2840 758 2907 825 ἧς
2940 758 3113 819 αἰτίας
3165 758 3253 811 xui
3302 758 3329 811 6
3381 760 3663 814 Κωνσταν-

2014 853 2162 908 τῖνος
2198 841 2603 915 ὑποϐιϐάζιται,
2656 848 2747 901 καὶ
2804 845 3049 922 δεύτερος
3101 846 3457 922 ἀνηγορεύετο
3511 848 3662 922 βασι-

2018 935 2164 1005 λεὺς,
2196 941 2413 1010 πρῶτος
2444 934 2501 990 δὲ
2532 937 2560 991 6
2598 936 2894 1010 Ῥωμανὸς,
2954 935 3429 1011 προφασισάμενος
3489 937 3660 999 οὕτως

270 1023 450 1093 μόνως
508 1020 729 1078 δυνατὸν
785 1024 915 1078 εἶναι
965 1028 1383 1096 κατευνασθῆναι
1438 1027 1534 1090 τὰς
1588 1021 1905 1097 ἐπιϐουλὰς,
1969 1023 2056 1080 διά
2111 1047 2170 1080 τε
2233 1027 2531 1100 πράγματα
2588 1026 2889 1099 πρόσκαιρα
2942 1026 3032 1081 καὶ
3091 1024 3370 1101 βασιλείαν
3422 1028 3659 1104 φθαρτὴν

258 1112 349 1167 καὶ
404 1110 661 1186 ἐπίκηρον
718 1112 967 1187 ἐπιορκία
1021 1117 1326 1190 περιπεσὼν
1378 1116 1465 1171 καὶ
1525 1120 1616 1172 τοῦ
1667 1120 1801 1171 Θεοῦ
1857 1114 2150 1191 γενόμενος
2217 1117 2481 1187 μίκοθεν.
2545 1115 2642 1168 Καὶ
2701 1114 2766 1168 τὰ
2816 1114 2910 1187 μὲν
2962 1115 3097 1169 κατά
3125 1115 3224 1182 τήν
3254 1113 3414 1169 πόλιν
3447 1113 3661 1191 ἆφὲρετο

256 1200 407 1275 τῇδε.

326 1294 399 1346 At
444 1291 677 1346 Simeon
727 1292 940 1348 iterum
1007 1312 1287 1365 magnum
1340 1303 1544 1354 contra
1610 1302 1905 1353 Romanos

260 1379 479 1435 emittit
509 1382 849 1451 exercitum,
885 1384 1032 1438 duce
1053 1384 1472 1457 Ghagan0,uno
1503 1404 1745 1443 suorum
1779 1402 1906 1456 pro-

257 1485 482 1535 cerum,
515 1474 572 1524 et
599 1470 807 1525 Minico
840 1473 1190 1542 equisonum
1225 1477 1515 1548 principe;
1540 1476 1906 1546 mandatque

258 1564 323 1612 ut
354 1567 505 1612 recta
538 1560 606 1613 ad
640 1561 841 1613 urbem
874 1566 1580 1629 contendantJtomanus,
1605 1565 1675 1619 de
1704 1579 1905 1618 eorum

256 1647 503 1701 adventu
536 1649 750 1702 certior
782 1650 1392 1725 factus,metuensque
1424 1671 1495 1709 ne
1526 1654 1565 1709 ii
1598 1652 1912 1725 pulcherri-

256 1752 353 1790 ma
385 1736 514 1790 urbi
547 1737 1007 1809 propinquorum
1044 1742 1305 1797 locorum
1334 1743 1551 1813 palatia
1580 1750 1636 1797 et
1666 1742 1911 1796 aedificia

2084 1294 2144 1351 Ὁ
2195 1290 2251 1347 δὶ
2302 1293 2526 1364 Συμεὼν
2600 1290 2764 1347 πάλιν
2830 1290 3056 1365 δύναμιν
3122 1292 3338 1368 βαρεῖαν
3400 1291 3660 1364 ὶκπέμπει

2013 1384 2148 1436 κατά
2178 1381 2487 1453 Ῥωμαίων,
2532 1377 2758 1457 ἔξαρχον
2810 1378 3041 1457 ἔχουσαν
3090 1383 3352 1458 Χαγάνον,
3411 1379 3506 1436 ἕνα
3553 1386 3658 1435 τῶν

2016 1473 2140 1546 παρ’
2171 1471 2317 1542 αὐτῷ
2350 1471 2485 1546 μέγα
2518 1467 2852 1541 δυναμένων,
2895 1471 2984 1525 καὶ
3044 1472 3276 1527 Μινικὸν
3333 1475 3441 1525 τῶν
3500 1472 3663 1524 ἱππο-

2016 1561 2201 1633 κόμων
2260 1562 2348 1615 τὸν
2410 1566 2649 1635 πρῶτον,
2710 1563 2793 1623 οἷς
2846 1559 3144 1633 ἐπέσκηψεν
3195 1561 3312 1614 κατ’
3360 1561 3530 1629 αὐτῆς
3590 1560 3662 1620 ὡς

2016 1650 2247 1724 τάχιστα
2302 1656 2401 1717 τῆς
2447 1648 2661 1710 πόλεως
2712 1647 3109 1724 ἐκστρατεῦσαι.
3156 1652 3250 1702 Ὧν
3309 1650 3407 1717 τήν
3468 1645 3658 1725 ἔφοδον

2020 1740 2309 1811 ἀναμαθὼν
2343 1740 2369 1791 ὁ
2408 1737 2661 1811 βασιλεὺς
2693 1738 2997 1811 Ῥωμανὸς,
3039 1740 3128 1792 καὶ
3170 1738 3532 1812 λογισάμενος
3583 1740 3655 1809 μή

254 1826 527 1880 incendio
558 1832 876 1891 vastarent,
905 1830 1189 1885 Joannem
1241 1837 1523 1887 rectorem
1557 1848 1688 1887 cum
1725 1832 1905 1885 Leone

2018 1850 2127 1889 πως
2158 1827 2476 1890 ἐπελθόντες
2504 1827 2571 1881 τὰ
2616 1826 2884 1882 κάλλιστα
2938 1832 3047 1882 τῶν
3107 1825 3526 1898 πλησιαζόντων
3586 1831 3655 1900 τῇ

255 1922 311 1969 et
339 1914 521 1969 Potho
547 1916 786 1987 Argyris
817 1916 1044 1972 obviam
1078 1936 1159 1973 ire
1190 1920 1384 1991 jubet,
1446 1921 1763 1975 exercitum
1797 1921 1901 1973 du-

258 2010 456 2059 centes
512 2002 769 2059 validum
822 2021 888 2060 ex
920 2006 1315 2077 imperatoriis
1374 2009 1791 2065 sodalitatibus
1849 2012 1907 2062 et

260 2092 601 2147 cohortibus
686 2092 819 2148 aliis
876 2102 1258 2152 contractum.
1318 2099 1523 2153 Adfuit
1595 2100 1667 2153 iis
1726 2098 1903 2151 etiam

258 2180 496 2236 Alexius
531 2182 812 2253 patricius
844 2189 899 2238 et
931 2185 1288 2257 drungarius
1322 2188 1399 2243 rei
1436 2187 1681 2255 navalis,
1713 2194 1769 2240 et
1791 2187 1906 2241 Mo-

264 2269 417 2325 seles
452 2286 587 2324 cum
650 2271 793 2327 suis.
855 2272 1069 2337 Quinta
1119 2275 1488 2345 Jejuniorum
1556 2275 1904 2347 septimana,

262 2358 593 2414 exercituin
620 2359 861 2429 planitie
885 2362 1165 2433 Pegarum
1186 2365 1472 2421 instructo
1491 2364 1906 2419 substiterunt.

266 2448 347 2501 Ibi
381 2447 649 2518 Bulgaria
680 2465 743 2503 se
775 2450 968 2505 subito
992 2452 1375 2521 prodentibus
1408 2460 1465 2509 et
1493 2454 1745 2508 obscura
1772 2469 1906 2507 cum

260 2536 679 2592 vociferatione
711 2556 775 2592 ac
810 2555 1024 2609 magno
1057 2542 1280 2612 impetu
1333 2542 1695 2597 irruentibus
1723 2546 1910 2596 rector

255 2624 517 2681 Joannes
553 2628 751 2698 l‘ugam
786 2628 923 2682 facit
948 2645 960 2693 ;
990 2645 1055 2683 ac
1075 2631 1357 2700 patricius
1378 2631 1664 2686 Photinus
1682 2630 1908 2701 Latipe-

255 2713 346 2768 dis
379 2713 535 2769 (ilius
572 2732 673 2785 pro
706 2733 771 2770 eo
804 2734 1078 2789 pugnans
1129 2718 1349 2791 aliique
1394 2720 1549 2775 haud
1602 2721 1769 2791 pauci
1801 2720 1908 2774 ub-

254 2806 632 2859 truncantur.
665 2809 873 2860 Rector
900 2823 1050 2878 aegre
1083 2815 1349 2864 servatus
1382 2811 1439 2863 in
1487 2807 1737 2864 celocem
1770 2826 1906 2863 eva-

228 2889 355 2949 sit.
387 2891 546 2945 Idem
596 2890 781 2948 facere
824 2894 1026 2950 volens
1074 2895 1311 2951 Alexius
1361 2898 1740 2968 drungarius,
1771 2912 1904 2949 cum

256 2981 573 3035 ascendere
602 2982 891 3051 nequiret,
930 2985 1000 3038 de
1033 2984 1206 3040 scalis
1240 2984 1448 3041 celocis
1506 2986 1562 3039 in
1598 3001 1756 3040 mare
1805 2985 1908 3039 de-

266 3067 413 3124 oidit
447 3070 602 3124 300
633 3088 767 3126 cum
796 3088 904 3128 suo
937 3075 1469 3144 protomandatore,
1506 3079 1563 3130 et
1592 3074 1911 3129 suffocatus

257 3164 367 3213 est.
402 3159 514 3213 Leo
545 3164 601 3213 et
634 3159 851 3215 Potbus
882 3163 1086 3234 Argyri
1118 3163 1176 3217 in
1209 3163 1515 3219 castellum
1559 3164 1697 3230 fuga
1725 3180 1785 3219 se
1817 3180 1905 3217 re-

252 3251 554 3327 ceperunt.
590 3248 831 3319 Reliqua
864 3250 1178 3306 multitudo
1228 3252 1440 3323 partim
1491 3253 1749 3309 hostium
1784 3270 1900 3307 ma-

255 3353 364 3390 nus
396 3336 537 3390 dum
570 3338 824 3409 eii‘ugere
857 3340 1081 3411 volunt,
1150 3341 1208 3395 in
1270 3343 1415 3396 mari
1478 3348 1743 3412 pereunt,
1801 3342 1901 3395 alii

252 3423 402 3479 ferro
435 3431 737 3498 necantur,
764 3429 1003 3499 quidam
1038 3430 1644 3503 capiuntur.Bu1gari,
1666 3430 1901 3485 nemine

252 3513 621 3585 prohibente,
654 3521 907 3588 Pegense
951 3517 1235 3589 palatium
1285 3523 1596 3589 totumque
1653 3518 1898 3573 Stenum

254 3604 523 3659 incendio
554 3610 809 3659 vastant.

2012 1917 2172 1972 πόλει
2229 1914 2507 1971 παλατίων
2576 1917 2665 1970 καὶ
2726 1916 3041 1989 οἰκημάτων
3101 1915 3507 1992 πυρπολήσωσι
3564 1917 3655 1970 τὸν

2016 2006 2289 2081 ῥαίκτωρα
2364 2007 2610 2075 Ἰωάννην
2685 2006 2798 2078 ἅμα
2884 2005 3070 2061 Λέοντι
3146 2007 3234 2060 καὶ
3313 2005 3471 2078 Πόθῳ
3542 2011 3659 2067 τοῖς

2014 2097 2302 2170 Ἀργυροῖς
2334 2094 2597 2167 ἐκπέμπει
2634 2096 2768 2167 μετὰ
2830 2093 3083 2165 πλήθους
3140 2096 3329 2150 ἱκανοῦ
3359 2091 3419 2149 ἔκ
3472 2115 3531 2149 τε
3558 2101 3659 2164 τῆς

2019 2182 2307 2259 βασιλικῆς
2342 2183 2600 2256 ἑταιρείας
2651 2181 2739 2237 xui
2795 2188 2903 2238 τῶν
2958 2189 3307 2258 ταγματικῶν
3368 2186 3505 2257 (67),
3574 2186 3656 2245 οἷς

2014 2277 2176 2338 συνῆν
2227 2273 2315 2327 καὶ
2375 2274 2402 2327 6
2454 2273 2740 2347 πατρίκιος
2816 2271 3058 2343 Ἀλὲξιος
3130 2273 3222 2327 καὶ
3300 2270 3660 2347 δρουγγάριος

2013 2366 2119 2415 τῶν
2183 2358 2454 2433 πλωΐμῶν
2516 2362 2543 2413 6
2600 2361 2841 2430 Μωσηλὶ
2875 2364 3007 2434 μετὰ
3034 2366 3141 2416 τῶν
3178 2362 3264 2416 ὑπ’
3292 2361 3473 2418 αὐτόν.
3509 2360 3659 2417 Κατά

2018 2448 2072 2505 δὲ
2130 2452 2226 2519 τὴν
2285 2452 2320 2503 ε’
2369 2444 2647 2521 ἑϐδομάδα
2700 2454 2806 2503 τῶν
2862 2455 3138 2520 Νηστειῶν
3186 2447 3527 2521 διατάξαντες
3570 2450 3662 2503 τὸν

2017 2539 2145 2595 λαὸν
2180 2538 2230 2593 ἐν
2261 2544 2377 2600 τοῖς
2408 2536 2649 2600 πεδινοῖς
2680 2543 2787 2593 τῶν
2824 2544 3022 2614 Πηγῶν
3071 2540 3264 2601 τόποις
3302 2540 3657 2614 προσέμενον.

2017 2631 2250 2691 Ἐκεῖθεν
2310 2626 2367 2682 δὲ
2417 2634 2525 2682 τῶν
2586 2626 2913 2704 Βουλγάρων
2974 2629 3346 2706 ἀναφανέντων
3404 2629 3492 2683 καὶ
3553 2628 3657 2703 βοῇ

2015 2717 2379 2793 χρησαμένων
2421 2718 2618 2789 ἀσήμῳ
2668 2717 2758 2771 καὶ
2807 2714 3056 2793 σφοδρῶς
3112 2716 3486 2772 ἂπελασάντων
3541 2718 3658 2771 κατ’

2017 2807 2213 2873 αὐτῶν,
2276 2806 2459 2883 φεύγει
2520 2806 2614 2877 μὲν
2676 2805 2703 2859 6
2765 2804 2999 2880 ῥαίκτωρ
3059 2804 3333 2875 Ἰωάννης,
3368 2806 3653 2883 σφάττεται

2017 2894 2073 2951 δὶ
2131 2896 2263 2969 ὑπὲρ
2323 2896 2489 2949 αὐτοῦ
2542 2894 2943 2970 ἀγωνιζόμενος
3003 2894 3276 2957 Φωτεινὸς
3316 2894 3599 2967 πατρίκιος
3631 2896 3658 2948 6

2013 2990 2109 3041 τοῦ
2141 2982 2495 3045 Πλατόποδος
2525 2985 2638 3045 υἱὸς
2668 2984 2756 3038 καὶ
2789 2982 2951 3039 ἄλλοι
2992 2982 3091 3037 οὐκ
3118 2982 3326 3058 ὀλίγοι.
3360 2981 3535 3045 Μόλις
3567 2982 3655 3038 οὖν

2016 3077 2043 3130 6
2104 3074 2340 3149 ῥαίκτωρ
2401 3071 2681 3136 διασωθείς
2754 3072 3002 3142 εἰσῆλθεν
3074 3074 3151 3135 εἰς
3210 3074 3299 3127 τὸν
3353 3070 3655 3149 δρόμωνα.

2016 3167 2193 3221 Τοῦτο
2242 3163 2331 3217 καὶ
2379 3163 2619 3233 Ἀλέξιος
2676 3164 2702 3216 ὁ
2751 3160 3119 3236 δρουγγάριος
3171 3169 3397 3231 ποιῆσαι
3453 3160 3658 3237 βουλη-

2016 3253 2145 3322 Θεὶς,
2178 3252 2267 3305 καὶ
2329 3252 2403 3323 μὴ
2455 3250 2703 3321 δυνηθεὶς
2750 3248 3018 3319 ἀνελθεῖν,
3068 3249 3119 3305 ἐν
3151 3254 3219 3324 τῇ
3248 3256 3346 3306 τοῦ
3378 3249 3662 3325 δρόμωνος

2014 3336 2292 3413 ὑποϐάθρᾳ
2326 3339 2503 3393 πεσὼν
2533 3338 2583 3393 ἐν
2612 3343 2677 3411 τῇ
2737 3338 2977 3413 θαλάσσῃ
3027 3338 3120 3393 σὺν
3176 3344 3256 3411 τῷ
3289 3341 3455 3396 αὐτοῦ
3511 3360 3661 3414 πρω-

2008 3426 2388 3502 τομανδάτωρι
2421 3427 2721 3502 ἀπεπνίγη.
2775 3428 2921 3482 Λὲων
2978 3426 3035 3482 δὲ
3066 3428 3155 3482 καὶ
3188 3427 3360 3490 Πόθος
3415 3429 3467 3482 οἱ
3524 3430 3658 3501 Ἀρ-

2008 3518 2165 3590 γυροὶ
2224 3516 2275 3571 ἐν
2324 3515 2402 3588 τῷ
2449 3514 2760 3588 καστελλίῳ
2809 3514 3162 3592 διαφυγόντες
3214 3516 3513 3587 ἐσώθησαν.
3552 3517 3661 3573 Τοῦ

2011 3603 2068 3660 δὶ
2099 3604 2305 3660 λοιποῦ
2341 3604 2591 3675 πλήθους
2624 3606 2675 3660 οἰ
2709 3607 2801 3678 μὶν
2841 3606 2936 3667 τὰς
2982 3604 3090 3660 τῶν
3143 3605 3425 3678 πολεμίων
3474 3611 3661 3681 χεῖρας

254 3690 545 3763 φεύγοντες
576 3691 963 3765 ἀπεπνίγησαν,
995 3694 1047 3746 οἱ
1079 3690 1135 3748 δὲ
1165 3691 1392 3769 σιδήρου
1423 3692 1677 3768 γεγόνασι
1709 3694 2113 3770 παρανάλωμα,
2146 3696 2197 3750 οἳ
2231 3692 2287 3749 δὲ
2317 3696 2473 3770 χερσὶ
2536 3690 2891 3771 βαρϐαρικαῖς
2942 3694 3373 3773 συνελήφθησαν.
3418 3697 3502 3769 [Ρ.
3534 3698 3662 3766 621]

252 3779 320 3834 Οἱ
354 3776 411 3832 δὲ
444 3778 751 3854 Βοόλγαροι
781 3782 916 3835 κατὰ
947 3780 1165 3851 πολλὴν
1196 3788 1291 3839 τοῦ
1321 3782 1667 3846 κωλύσοντος
1701 3782 1927 3859 ἐρημίαν
1961 3784 2025 3839 τά
2053 3805 2111 3839 τε
2139 3789 2246 3839 τῶν
2279 3786 2480 3859 Πηγῶν
2515 3783 2812 3858 ἐνέπρησαν
2845 3782 3086 3838 παλάτια
3112 3784 3200 3838 καὶ
3227 3786 3361 3839 ἅπαν
3384 3785 3445 3838 τὸ
3469 3783 3663 3838 Στενὸν

256 3864 662 3942 ἐπυρπόλησαν.

326 3958 613 4014 Vicesima
642 3960 938 4016 Februarii
974 3962 1089 4031 die,
1134 3964 1452 4020 indictione
1480 3964 1725 4031 decima,
1760 3980 1905 4019 uxor

255 4047 503 4103 Romani
534 4048 831 4104 Theodora
863 4051 1111 4107 moritur
1134 4058 1191 4107 et
1212 4053 1269 4107 in
1297 4053 1563 4125 Myrelaeo
1596 4053 1902 4125 sepelitur.

252 4141 531 4207 Augustae
562 4154 771 4192 nomen
806 4140 1018 4195 deinde
1048 4142 1233 4212 gessit
1266 4159 1409 4198 uxor
1437 4143 1766 4197 Christiferi
1799 4144 1906 4199 So-

253 4226 407 4297 phia.
444 4227 607 4281 Tunc
639 4227 815 4283 etiam
847 4246 915 4283 ex
947 4230 1134 4286 Iberia
1166 4231 1321 4286 venit
1354 4232 1485 4287 Iber
1512 4233 1907 4304 curopalates,

251 4313 675 4386 Splendideque
706 4321 948 4373 ornatus
981 4336 1085 4390 per
1129 4320 1387 4375 medium
1422 4320 1614 4375 forum
1646 4321 1905 4391 transiit,

255 4420 321 4459 ac
353 4419 567 4475 magna
597 4421 730 4459 cum
763 4406 948 4477 gloria
978 4413 1033 4463 et
1067 4410 1281 4465 honore
1310 4415 1586 4482 exceptus
1614 4415 1721 4465 est.
1758 4411 1904 4465 Eum

256 4492 579 4566 imperator
606 4494 664 4548 in
697 4496 879 4551 cedem
920 4498 1146 4568 Sophia;
1192 4499 1372 4565 misit,
1421 4503 1485 4555 ut
1531 4501 1659 4569 ejus
1693 4499 1906 4555 molem

257 4599 324 4638 ao
357 4582 853 4654 pulchritudinem
898 4587 1136 4643 videret.
1173 4590 1310 4654 Quae
1360 4590 1411 4644 is
1468 4588 1905 4660 contemplatus

257 4687 472 4744 magna
504 4687 640 4726 cum
672 4674 1359 4747 admiratione,fatusque
1391 4678 1541 4732 hanc
1572 4678 1751 4733 aedem
1775 4693 1904 4733 vere

258 4777 387 4817 esse
437 4761 538 4816 Dei
590 4764 1050 4834 receptaculum,
1107 4767 1350 4821 domum
1402 4766 1595 4821 rediit.
1648 4767 1902 4822 Rursum

257 4848 481 4904 deinde
504 4848 738 4921 Bulgari
776 4850 1164 4923 impressione
1212 4855 1366 4909 facta
1411 4871 1599 4926 usque
1647 4856 1718 4911 ad
1747 4855 1904 4927 pala-

258 4939 411 4993 tium
434 4939 1030 5013 TheodoraeAugusta:
1044 4948 1455 5014 pervenerunt,
1474 4944 1649 5015 idque
1674 4944 1907 4999 nemine

257 5028 608 5083 defendente
639 5038 1062 5087 cremaverunt.
1101 5038 1399 5088 Romanus
1432 5035 1694 5089 convivio
1741 5052 1906 5089 sum-

257 5120 467 5190 ptuose
499 5117 788 5174 instructo
819 5121 890 5175 ad
921 5122 977 5175 id
1014 5122 1189 5177 duces
1223 5122 1570 5177 militarium
1632 5125 1905 5180 ordinum

263 5206 503 5271 vocavit,
538 5206 805 5279 interque
837 5210 941 5263 hos
974 5210 1292 5266 Sacticium
1327 5212 1586 5267 cohortis
1620 5213 1911 5268 excubito-

254 5311 387 5350 rum
419 5294 779 5366 praafectum.
814 5299 1165 5355 Procedente
1197 5301 1343 5355 30]
1410 5300 1673 5356 convivio
1711 5302 1909 5357 illatus

251 5387 341 5441 est
369 5384 440 5439 de
470 5380 739 5454 Bulgaria
764 5402 957 5443 sermo
982 5407 995 5456 ;
1039 5392 1095 5444 et
1126 5389 1480 5462 imperatore
1506 5390 1692 5446 multa
1717 5391 1789 5447 ad
1812 5407 1910 5447 ca-

2086 3962 2323 4036 Εἷκοστῇ
2386 3960 2441 4016 δὲ
2500 3957 2876 4038 Φεϐρουαρίου
2939 3962 3156 4034 μηνὸς,
3219 3959 3558 4023 ἷνδικτιῶνος
3611 3963 3662 4032 ι’,

2018 4054 2241 4123 θνήσκει
2288 4048 2541 4126 Θεοδώρα
2586 4054 2620 4119 ἠ
2672 4046 2903 4123 σόμϐιος
2958 4053 3282 4123 Ῥωμανοῦ,
3331 4049 3421 4105 xui
3479 4049 3668 4105 ϐάπτε-

2012 4164 2099 4198 ται
2162 4142 2213 4197 ἐν
2268 4146 2349 4212 τῷ
2404 4138 2719 4216 Μυρελαίῳ·
2781 4139 3122 4215 ἀνηγορεύθη
3181 4137 3239 4193 δὲ
3290 4139 3575 4214 Αὐγοῦστα
3628 4139 3662 4205 ἡ

2016 4236 2111 4285 τοῦ
2167 4229 2436 4305 βασιλέως
2494 4228 2874 4304 Χριστοφόρου
2932 4230 3065 4305 γυνή
3101 4231 3135 4297 ἡ
3180 4226 3372 4303 Σοφίᾳ.
3434 4227 3666 4300 Παρεγὲ-

2019 4340 2136 4374 νετο
2190 4316 2245 4373 δὲ
2294 4317 2383 4373 καὶ
2442 4318 2493 4388 ἐξ
2546 4312 2785 4390 Ἰϐηρίας
2838 4318 2866 4371 6
2924 4315 3343 4391 κουροπαλάτης
3401 4317 3428 4369 6
3484 4310 3667 4387 Ἴϐηρ,

1936 4393 2103 4462 Dxui
2158 4405 2248 4461 διὰ
2305 4408 2475 4480 μέσης
2515 4410 2613 4471 τῆς
2675 4405 2871 4481 ἀγορᾶς
2942 4400 3173 4459 διελθὼν
3239 4401 3665 4476 κεκοσμημένης

2020 4496 2290 4571 λαμπρῶς
2353 4496 2487 4569 μετά
2538 4492 2699 4565 δόξης
2748 4492 2967 4563 πολλῆς
3014 4493 3104 4547 καὶ
3131 4499 3299 4567 τιμῆς
3364 4488 3663 4565 ὑπεδέχθηο

2014 4584 2071 4640 6'v
2131 4584 2219 4640 xui
2280 4585 2331 4640 ἐν
2386 4588 2454 4658 τῇ
2512 4582 2667 4659 Ἂγίᾳ
2712 4587 2810 4638 τοῦ
2868 4587 3000 4638 Θεοῦ
3060 4581 3237 4659 Σοφίᾳ
3295 4579 3603 4636 ἀπέστειλεν
3638 4580 3667 4633 6

2020 4672 2293 4748 βασιλεὺς,
2342 4672 2406 4727 τὸ
2447 4670 2651 4734 κάλλος
2703 4672 2872 4742 αὐτῆς
2926 4672 3210 4736 θεάσασθαι
3266 4671 3353 4725 καὶ
3410 4670 3472 4723 τὸ
3508 4669 3665 4744 μέγε-

2014 4764 2126 4824 θος.
2181 4760 2465 4825 Ἀπελθὼν
2522 4761 2612 4815 οὗν
2670 4760 2759 4815 καὶ
2810 4764 2906 4814 τοῦ
2941 4764 3069 4813 ναοῦ
3097 4760 3197 4828 τὴν
3243 4756 3520 4825 καλλονήν
3570 4778 3667 4811 κα-

2013 4849 2311 4925 ταπλαγεὶς
2362 4850 2454 4905 καὶ
2491 4850 2583 4904 τὸν
2624 4846 2908 4917 πολυτελῆ
2964 4847 3170 4919 κόσμον
3231 4845 3663 4921 ὑπερθαύμάσας,

2016 4940 2108 4995 xu'i
2136 4939 2362 5011 ἀληθῶς
2392 4944 2525 4994 Θεοῦ
2554 4939 2892 5013 καταγώγιον
2919 4937 3009 4990 τὸν
3044 4936 3188 5009 ἱερὸν
3215 4934 3430 4989 τουτονί
3480 4939 3664 5009 χῶρον

2017 5030 2207 5097 εἰπὼν,
2245 5030 2569 5103 ὑπέστρεψεν
2605 5027 2680 5090 εἷς
2711 5027 2779 5082 τὰ
2802 5022 2931 5081 ἴδια.
2964 5027 3087 5081 Τῶν
3123 5022 3181 5078 δὲ
3211 5023 3541 5098 Βουλγάρων
3573 5022 3671 5078 πά·-

2019 5118 2105 5175 λιν
2139 5113 2399 5187 εἰσϐολὴν
2430 5114 2817 5189 ποιησαμίνων
2846 5114 2985 5169 κατὰ
3014 5120 3111 5183 τῆς
3150 5114 3437 5185 Ῥωμαίων
3462 5112 3671 5187 χώρας,

2018 5208 2106 5264 xui
2138 5213 2253 5269 τοῖς
2277 5206 2565 5267 παλατίοις
2585 5212 2683 5273 τῆς
2715 5199 2995 5279 βασιλίδος
3032 5202 3360 5277 ἐγγισάντων
3392 5198 3675 5273 Θεοδώρας

2022 5299 2095 5359 ὡς
2118 5295 2268 5351 οὐδὲν
2312 5298 2378 5365 ἦν
2418 5298 2480 5351 τὸ
2512 5292 2961 5371 προσιστάμενον,
2994 5292 3125 5365 πυρὶ
3156 5296 3323 5345 ταῦτα
3351 5288 3672 5364 παρέδοσαν.

2020 5389 2079 5445 Ὀ
2125 5385 2180 5441 δὲ
2240 5384 2496 5461 βασιλεὺς
2554 5383 2834 5459 Ῥωμανὸς
2886 5380 3102 5460 ἄριστον
3152 5382 3520 5454 ποιησάμενος
3577 5400 3675 5434 πο-

1460 5544 1827 5601 XYLANDRI
1866 5544 1954 5601 ET
1992 5541 2209 5600 GOARI
2248 5541 2480 5598 NOTJE.

330 5679 441 5754 (67)
471 5681 556 5737 Ex
583 5684 1078 5754 confoederatorum
1105 5694 1155 5744 et
1182 5685 1526 5744 subditorum
1555 5686 1865 5743 ordinibus.
1899 5684 2081 5745 Goea.
