4004 6208
308 323 383 383 33
1429 316 1976 379 HISTORIARUM
2020 318 2541 384 COMPENDIUM
2552 367 2568 386 .
3628 334 3707 393 3‘

313 450 516 511 λυτελὶς
566 448 693 509 τοὺς
763 452 869 502 τῶν
924 449 1215 523 ταγμάτων
1272 445 1541 523 ἄρχοντας
1581 445 1935 502 συνεκάλεσε.

2054 449 2404 507 lefaciendos
2462 454 2692 511 animos
2750 457 2940 528 adque
2989 458 3264 514 virtutem
3322 464 3697 520 concitandos

317 548 457 609 συνῆν
513 536 568 593 δὶ
620 536 838 600 τούτοις
892 535 980 591 καὶ
1014 538 1041 590 6
1090 538 1191 605 τὴν
1251 534 1562 609 ἐπωνυμίαν
1627 535 1933 603 Σακτίκιος,

317 636 395 687 τού
443 629 708 701 τάγματος
755 625 943 701 ἅρχων
992 631 1101 679 τῶν
1154 620 1501 695 ἐξκουϐίτων.
1548 622 1820 679 Ἐπίδοσιν
1882 623 1938 679 δέ

319 715 667 790 λαμδανούσης
720 722 819 782 τῆς
868 713 1105 789 εὐωχίας
1162 713 1324 787 λόγος
1377 713 1597 782 ἐκινήθη
1657 713 1778 785 περὶ
1828 717 1935 766 τῶν

328 806 634 881 Βενλγάρων.
672 805 777 859 Καὶ
808 808 903 857 τοῦ
940 802 1206 877 βασιλέως
1261 802 1519 877 ἐπαγωγὰ
1562 801 1747 856 πολλᾶ
1787 802 1940 876 είρη-

324 898 465 966 κότος,
494 894 625 963 πρὸς
678 894 855 966 ὁρμὴν
892 892 1261 946 ἐπανιστῶντα
1308 888 1642 959 ἐνθουσιώδη
1690 891 1780 944 καὶ
1833 911 1937 943 πα-

320 986 626 1060 ρακαλοῦντα
684 982 940 1056 εὐψύχως
1000 981 1232 1050 ἐξελθεῖν
1294 980 1430 1034 κατά
1503 984 1608 1034 τῶν
1688 978 1935 1033 ἐναντίων

315 1073 388 1126 καὶ
440 1078 534 1139 τῆς
592 1075 736 1146 σφῶν
819 1069 1317 1144 ὑπεραγωνίσασθαι
1401 1065 1681 1141 πατρίδος,
1742 1068 1938 1129 πάντες

316 1163 565 1216 συνέθεντο
625 1158 862 1230 ἑτοίμως
917 1156 1149 1226 ἐξελθεῖν
1226 1156 1315 1211 καὶ
1399 1161 1507 1210 τῶν
1598 1158 1935 1231 Χριστιανῶν

312 1248 819 1323 ὁπεραγωνίσασθαι.
877 1248 1083 1309 Ἕωθεν
1147 1244 1237 1299 οὖν
1305 1244 1689 1308 καθοπλισθείς
1746 1245 1773 1297 6
1834 1250 1935 1297 Σα-

308 1340 519 1405 κτίκιος,
555 1335 771 1399 ὄπισθεν
830 1339 937 1388 τῶν
1001 1334 1330 1409 Βουλγάρων
1386 1333 1675 1407 γινόμενος
1722 1331 1811 1387 καὶ
1863 1331 1937 1393 εἷς

312 1430 367 1482 τὸ
422 1421 772 1501 στρατόπεδον
818 1423 993 1477 αὐτῶν
1054 1422 1337 1491 εἴσελθὼν,
1370 1426 1475 1476 τῶν
1536 1421 1807 1477 πλειόνων
1850 1420 1935 1475 ἐπὶ

315 1516 591 1591 διαρπαγήν
652 1514 866 1567 σκύλων
930 1510 1323 1566 σκεδασθέντων
1383 1512 1520 1565 κατά
1569 1513 1670 1579 τὴν
1728 1511 1934 1584 χώραν,

306 1608 492 1668 πάντας
517 1604 642 1664 τοὺς
671 1602 723 1657 ἐν
755 1607 824 1674 τῇ
872 1597 1199 1675 πδρεμϐολῇ
1252 1601 1562 1675 εὑρεθέντας
1618 1600 1932 1675 κατέσφαξε,

309 1696 469 1749 Μαθὸν
504 1693 590 1746 οὖν
618 1693 679 1746 τὸ
712 1690 922 1759 πλῆθος
950 1695 1057 1743 τῶν
1096 1688 1423 1764 Βουλγαρων
1488 1690 1587 1742 ὑπὸ
1644 1692 1753 1741 τῶν
1815 1685 1934 1741 δια-

308 1782 526 1857 agam.»
579 1782 638 1835 τὸ
696 1780 917 1855 γεγονὸς
990 1777 1415 1854 ὑποστρέφουσιν
1466 1776 1516 1831 ἐν
1574 1780 1653 1846 τῷ
1710 1796 1932 1850 στρατο-

307 1871 462 1943 πέδῳ.
546 1870 641 1924 Καὶ
729 1866 1059 1941 συμπλοκῆς
1156 1865 1474 1941 γενομένης,
1560 1866 1799 1937 ἀκμῆτες
1886 1864 1934 1917 οἱ

312 1960 591 2035 Βούλγαροι
632 1959 767 2033 πρὸς
820 1955 1167 2029 κεκμηκότας
1228 1956 1535 2029 μαχόμενοι
1595 1954 1684 2007 καὶ
1745 1956 1933 2026 ἀκραι-

310 2056 447 2127 φνεῖς
477 2051 603 2123 πρὸς
632 2047 739 2116 ἤδη
765 2052 848 2119 τῷ
895 2045 1344 2122 προηγησαμένῳ
1402 2044 1637 2115 πολέμῳ
1694 2064 1933 2098 κεκακω-

302 2142 489 2212 μένους
548 2135 743 2212 ἄνδρας
801 2136 1058 2209 τρέπουσι
1108 2134 1200 2189 τὸν
1254 2133 1541 2187 Σακτίκιον
1573 2132 1666 2187 σὺν
1725 2131 1935 2207 ὀλίγοις

302 2231 391 2296 τήν
443 2222 758 2301 προσϐολὴν
808 2231 914 2279 τῶν
976 2224 1230 2279 ἐναντίων
1316 2220 1625 2294 δεξάμενον.
1682 2223 1933 2282 Γενναίως

302 2316 389 2371 οὖν
421 2318 821 2391 ἀγωνισάμενος
853 2314 944 2367 καὶ
976 2312 1222 2373 πολλοὺς
1255 2310 1463 2366 ἀνελὼν
1491 2316 1599 2365 τῶν
1631 2310 1936 2382 πολεμίων,

298 2405 470 2473 ἐπειδὴ
500 2404 851 2479 κατισχύετο,
879 2404 1095 2475 μεθίησι
1120 2406 1216 2455 τοῖ’)
1242 2400 1417 2455 ’ίππου
1446 2402 1537 2454 τὸν
1570 2400 1821 2474 χαλινὸν,
1847 2401 1933 2453 καὶ

298 2502 427 2550 νῶτα
458 2493 580 2555 δοὺς
610 2492 829 2569 ἔφυγεν.
861 2496 955 2546 ’Ἐν
984 2514 1089 2546 τινι
1125 2489 1181 2545 δὲ
1225 2495 1465 2561 ποταμῷ
1514 2489 1805 2563 γενόμενος
1847 2489 1936 2543 καὶ

296 2588 473 2639 τοῦτον
504 2582 803 2656 διαπερῶν,
825 2580 915 2635 καὶ
944 2584 1012 2653 τῇ
1047 2578 1164 2634 ίλύϊ
1214 2583 1311 2633 τοῦ
1361 2576 1535 2631 ἵππου
1578 2577 1936 2651 ἐμπαγέντος,

2047 536 2255 593 idonea
2288 540 2503 603 locuto.
2537 542 2956 614 cohortatoque
2988 561 3086 600 eos
3120 549 3182 600 ut
3213 548 3434 603 fortiter
3470 550 3525 603 in
3561 552 3696 607 hos-

2048 632 2162 681 tem
2199 629 2350 683 irent
2380 647 2444 685 ac
2478 649 2580 702 pro
2613 649 2721 687 sua
2750 642 3193 704 propugnarent
3222 637 3699 706 patria,universi

2048 716 2296 773 alacrem
2330 736 2500 774 suam
2557 736 2792 791 operam
2830 724 2887 776 in
2936 724 3320 779 defendendis
3351 727 3701 784 Christianis

2048 808 2467 875 promiserunt.
2504 809 2787 864 Postridie
2838 811 3029 881 prima
3060 812 3189 868 luce
3218 821 3480 870 armatus
3514 818 3699 877 Secti—

2049 894 2172 949 cius
2205 894 2486 967 Bulgaros
2518 914 2550 952 a
2573 903 2733 969 tergo
2762 900 3117 956 subsecutus
3134 907 3223 957 est
3245 919 3259 971 ;
3280 904 3699 977 ingressusque

2047 998 2251 1037 eorum
2278 986 2795 1058 castra,plerisque
2815 990 3136 1058 praedatum
3158 1007 3260 1061 per
3291 1008 3462 1061 agros
3494 1010 3702 1063 vagan-

2048 1071 2437 1139 tibus,omnes
2469 1075 2569 1144 qui
2604 1076 2659 1130 in
2692 1079 2903 1131 castris
2930 1085 3097 1132 erant
3126 1081 3359 1135 occidit.
3386 1083 3462 1135 Ex
3494 1083 3567 1137 iis
3598 1083 3699 1153 qui

2049 1161 2374 1232 etl'ugerant
2422 1164 2657 1235 Bulgari
2711 1180 2771 1218 re
2802 1167 3037 1237 cognita
3088 1167 3147 1221 in
3181 1174 3375 1223 castra
3406 1172 3651 1226 redeunt
3684 1190 3698 1228 :

2047 1250 2483 1322 commissaque
2516 1268 2711 1324 pugna
2742 1254 2855 1324 ipsi
2887 1254 3101 1327 integri
3148 1257 3376 1314 viribus
3406 1260 3696 1331 defatiga-

2046 1344 2137 1393 tos
2190 1345 2526 1408 antegrelso
2559 1340 2761 1412 prcelio
2792 1346 3084 1398 Romanos
3139 1346 3411 1417 fundunt,
3446 1348 3697 1404 Sacticio

2048 1444 2181 1482 cum
2215 1431 2419 1499 paucis
2451 1430 2583 1485 aliis
2625 1446 2823 1486 eorum
2874 1433 3157 1503 impetum
3212 1436 3439 1491 fortiter
3470 1439 3696 1494 subsis-

2045 1518 2519 1588 tentibus.Atque
2548 1518 2600 1573 is
2632 1535 2763 1572 cum
2786 1520 3127 1589 aliquandiu
3153 1524 3424 1592 praeclare
3447 1542 3702 1596 pugnas-

2048 1611 2135 1660 set
2166 1606 2501 1677 multosque
2528 1606 2787 1661 hostium
2822 1609 3287 1678 dejecisset,cum
3316 1621 3699 1683 premeretur,

2046 1710 2195 1765 equo
2227 1695 2487 1750 habenas
2538 1695 2693 1750 laxat
2742 1714 2805 1751 ac
2839 1699 2982 1767 fugae
3026 1716 3087 1753 se
3130 1701 3249 1755 dat.
3284 1702 3347 1755 In
3390 1705 3697 1773 cujusdam

2047 1790 2243 1839 autem
2275 1786 2467 1839 amnis
2518 1789 2772 1840 transitu
2806 1804 2994 1858 equus
3041 1789 3098 1841 in
3133 1806 3294 1845 emno
3327 1808 3459 1846 cum
3494 1793 3697 1849 haesis-

2046 1870 2404 1941 set,Bulgari
2440 1887 2572 1926 eum
2606 1880 3028 1943 assequuntur.
3064 1876 3396 1948 vulnusque
3427 1878 3485 1933 in
3519 1898 3696 1935 anum

2046 1965 2101 2014 et
2133 1959 2321 2013 femur
2372 1962 2741 2015 mortiferum
2775 1964 3004 2033 accipit.
3042 1965 3203 2035 Equo
3248 1972 3445 2023 tamen
3477 1984 3507 2023 e
3538 1986 3700 2025 coeno

2046 2048 2243 2103 evulso
2276 2048 2567 2104 industria
2598 2050 3162 2124 famulorum,atque
3189 2054 3258 2109 iis
3284 2056 3455 2111 modo
3480 2059 3702 2125 fugien-

2045 2138 2206 2192 tibus
2236 2139 2409 2192 modo
2441 2139 2511 2191 ad
2545 2138 2944 2207 ingruentium
2978 2142 3357 2213 Bulgarorum
3400 2126 3699 2217 depulsio-

2049 2240 2181 2278 nem
2215 2240 2276 2279 se
2307 2228 2686 2289 vertentibus,
2722 2243 2909 2297 usque
2940 2229 3010 2282 ad
3066 2229 3421 2286 Blachernas
3467 2236 3657 2290 evadit
3687 2261 3700 2301 ;

2048 2314 2392 2384 positusque
2423 2314 2479 2367 in
2517 2316 2671 2371 ξιθῖ
2706 2315 2922 2385 templo
2954 2318 3151 2372 Sancti
3199 2321 3457 2391 Sepulcri
3510 2325 3701 2395 proxi-

2048 2418 2144 2456 ma
2177 2408 2341 2455 nocte
2373 2401 2548 2456 vitam
2582 2420 2712 2457 cum
2752 2410 2936 2459 morte
2966 2413 3309 2479 commutat,
3337 2426 3548 2481 magno
3579 2412 3699 2466 luc-

2046 2496 2108 2545 tu
2144 2508 2258 2544 non
2286 2491 2623 2561 imperatori
2658 2492 2851 2559 modo,
2886 2494 2985 2547 sed
3019 2500 3076 2549 et
3108 2499 3379 2552 universo
3413 2501 3699 2555 exercitui

2047 2596 2113 2635 ac
2149 2580 2360 2649 populo
2396 2580 2657 2634 Romano
2690 2581 2918 2636 relicto.

296 2668 757 2744 καταλαμϐάνεται
815 2669 960 2739 παρά
1004 2673 1109 2723 τῶν
1172 2666 1497 2742 Βουλγάρων
1546 2667 1635 2720 καὶ
1696 2663 1912 2740 δεχεται
1969 2665 2189 2741 πληγὴν
2246 2666 2458 2741 καιρίαν
2514 2667 2649 2720 κατά
2702 2674 2803 2736 τῆς
2844 2666 2999 2739 ἔδρας
3054 2670 3143 2724 καὶ
3202 2677 3298 2725 τοῦ
3359 2679 3561 2746 μηροῦ.
3597 2678 3699 2733 Καὶ

295 2768 381 2814 τοῦ
428 2760 605 2815 ἵππου
666 2758 723 2814 δὲ
779 2758 1208 2813 ἀνασπασθέντος
1269 2755 1329 2810 ἐκ
1369 2763 1467 2824 τῆς
1530 2754 1684 2817 ἰλύος
1744 2753 1953 2829 σπουδῇ
2006 2756 2095 2809 καὶ
2156 2757 2409 2831 συνεργίᾳ
2460 2760 2567 2809 τῶν
2628 2756 2792 2810 αὐτοῦ
2852 2758 3216 2833 θεραπόντων,
3269 2766 3358 2816 νῦν
3427 2765 3520 2835 μὲν
3574 2766 3701 2842 φεύ-

630 2847 675 2865 κο

298 2871 421 2923 γων,
478 2854 570 2902 νῦν
626 2854 655 2903 δ

738 2847 1084 2923 ὑποστρέφων
1141 2845 1274 2918 μετά
1329 2849 1436 2898 τῶν
1482 2845 1567 2898 ὑπ’
1624 2845 1786 2898 αὐτὸν
1838 2845 1929 2898 καὶ
2004 2844 2131 2905 τοὺς
2199 2843 2444 2906 ἐπιόντας
2522 2845 2837 2899 ἀνακόπτων
2914 2846 3286 2923 Βουλγάρους,

3374 2850 3698 2921 διασώζεται

300 2940 452 3013 μέχρι
508 2944 621 2992 τῶν
688 2936 1037 3011 Βλαχερνῶν,
1070 2936 1158 2989 καὶ
1210 2933 1369 3005 ἐντῷ
1427 2938 1536 3003 ναῷ
1589 2940 1688 3001 τῆς
1718 2932 1898 3007 Ἃγίας
1960 2938 2139 3008 Σοροῦ
2193 2937 2302 3005 (68)
2332 2932 2505 2995 τεθεὶς
2562 2938 2628 3007 τῇ
2675 2934 2898 3008 ἐπιούσῃ
2955 2938 3106 2990 νυκτὶ
3164 2937 3500 3011 ἐτελεύτησε,
3566 2941 3703 3017 μέγα

297 3028 474 3087 πένθος
504 3028 568 3081 ού
601 3032 688 3098 τῷ
722 3025 937 3100 βασιλεῖ
970 3024 1154 3097 μόνον,
1188 3022 1333 3077 ἀλλά
1357 3023 1445 3075 καὶ
1498 3026 1577 3093 τῷ
1606 3027 1818 3095 στρατῷ
1848 3023 1936 3075 καὶ
1967 3023 2126 3077 παντὶ
2156 3027 2235 3093 τῷ
2264 3022 2464 3092 πλήθει
2498 3024 2778 3095 Ῥωμαίων
2814 3024 3124 3084 ἀπολιπών.

360 3120 434 3187 ξΡ.
457 3119 589 3187 622]
621 3117 864 3191 Ἐγένετο
896 3112 953 3168 δὲ
981 3116 1068 3167 καὶ
1120 3115 1273 3189 ἑτέρα
1328 3136 1412 3175 τις
1452 3112 1749 3167 ἀποστασία
1802 3114 1937 3168 κατά

2123 3116 2249 3170 Alia
2304 3118 2515 3172 deinde
2574 3120 2643 3173 ab
2704 3120 3055 3189 imperatore
3130 3118 3283 3173 facta
3339 3120 3585 3176 defectio
3644 3122 3701 3175 in

296 3209 382 3256 :03
438 3203 716 3277 βασιλέως
772 3203 824 3257 ἐν
879 3200 1091 3272 Χαλδίᾳ
1137 3204 1269 3275 (69),
1309 3204 1558 3274 ὑποθήκῃ
1601 3206 1696 3255 τοῦ
1751 3222 1939 3274 στρατ-

295 3297 551 3367 ηγοῦντος
618 3291 789 3356 αὐτῆς
820 3289 1002 3365 Βάρδα
1053 3291 1339 3365 πατρικίου
1384 3296 1481 3344 τοῦ
1533 3289 1718 3346 Βοίλα.
1754 3291 1943 3362 Ἐξῆρ-

296 3401 389 3455 χον
424 3380 480 3435 δέ
515 3386 624 3435 τοῦ
658 3383 1025 3453 νεωτερισμοῦ
1052 3378 1338 3454 Ἀδριανός
1384 3400 1465 3441 τις
1525 3376 1798 3439 Χαλδαῖος
1852 3378 1942 3432 καὶ

293 3470 559 3539 Τατζάτης
650 3471 677 3523 6
737 3468 1065 3543 Ἀρμένιος,
1125 3467 1382 3522 πλούσιοι
1463 3465 1707 3542 σφόδρα.
1767 3474 1942 3523 Κατα-

296 3560 510 3633 σχόντις
572 3557 671 3612 οὗν
730 3558 879 3611 οὗτοι
940 3556 1197 3631 φρούριον
1228 3557 1288 3611 τὸ
1338 3556 1633 3631 λεγόμενον
1680 3555 1945 3626 Ιιαΐπερτε

292 3648 420 3702 κατὰ
473 3652 573 3702 τοῦ
641 3646 913 3722 βασιλέως
962 3643 1293 3714 ὡπλίζοντο.
1355 3644 1510 3702 ’Λλλ’
1563 3645 1684 3715 ὀξὺς
1753 3645 1945 3722 ἐπιφα-

294 3738 396 3797 νεὶς
423 3738 609 3811 (ἔτυχε
660 3736 764 3811 γὰρ
821 3733 1071 3807 ἐνδημῶν
1130 3735 1181 3788 ἐν
1241 3735 1547 3807 Καισαρείᾳ)
1580 3736 1608 3789 6
1646 3736 1752 3788 τῶν
1808 3754 1943 3807 σχο-

296 3822 401 3878 λῶν
431 3824 805 3898 ἐξηγούμενος
838 3823 1091 3893 Ἰωάννης
1124 3825 1149 3876 6
1183 3822 1491 3897 Κουρκούας
1538 3824 1637 3890 τήν
1698 3822 1946 3875 σύστασιν

296 3911 622 3983 διεσκέδασε,
680 3911 808 3975 τοὺς
862 3912 1290 3989 ἐμφανεστέρους
1349 3916 1456 3965 τῶν
1512 3912 1949 3986 κατασχεθέντων

294 4000 698 4077 ἀποτυφλώσας
756 4002 847 4055 καὶ
906 4001 1001 4061 τὰς
1064 4000 1247 4062 οὐσίας
1279 4001 1455 4055 αὐτῶν
1490 3998 1789 4071 δημεύσας,
1822 3998 1948 4059 τοὺς

295 4088 347 4145 δὲ
397 4091 708 4166 πενιχροὺς
759 4090 847 4143 xui
912 4091 1161 4161 ἀσήμους
1225 4089 1437 4153 ἀθώους
1503 4088 1761 4149 κελεύσας
1836 4088 1943 4156 ὅπη

297 4180 594 4254 βούλονται
652 4180 885 4235 ἀπιέναι.
941 4179 1118 4239 Μόνος
1178 4176 1236 4232 δὲ
1294 4179 1630 4247 ὁΤατζάτης
1686 4178 1944 4252 φρούριον

294 4268 373 4322 ἐπί
410 4290 563 4330 τινος
622 4266 839 4340 ὑψηλοῦ
899 4266 1072 4345 λόφου
1131 4267 1621 4338 κατεσκευασμένον
1671 4285 1947 4341 κατεσχη-

290 4359 412 4425 κὼς,
438 4358 527 4412 καί
577 4356 751 4430 λόγον
778 4361 875 4410 τοῖ’)
909 4358 983 4427 μή
1016 4378 1068 4410 τι
1099 4358 1261 4410 κακὸν
1295 4358 1480 4410 παθεῖν
1522 4354 1809 4429 δεξάμενος
1842 4356 1948 4410 ἀπὸ

290 4449 376 4501 τοῦ
402 4446 745 4520 δομεστίκου
775 4450 883 4500 τῶν
932 4444 1156 4521 σχολῶν
1208 4447 1297 4499 xui
1361 4441 1568 4515 Λαϐὼν,
1600 4444 1848 4513 εἰσῆλθεν
1898 4444 1949 4497 ἐν

290 4540 351 4609 τῇ
408 4533 689 4612 βασιλίδι,
747 4536 839 4589 καὶ
911 4539 978 4608 τῇ
1050 4538 1147 4589 τοῦ
1221 4529 1592 4609 μαγκλαϐίτου
1652 4537 1768 4606 (70)
1828 4534 1947 4604 ἀξίᾳ

2051 3203 2292 3258 Chaldia
2320 3206 2603 3260 instinctu
2639 3208 2867 3277 patricii
2902 3208 3117 3276 Bardae,
3151 3219 3535 3279 cognomento
3568 3210 3704 3265 Boi-

2051 3293 2139 3361 laa,
2174 3294 2271 3360 qui
2302 3296 2352 3347 ei
2404 3294 2772 3365 praesidebat.
2826 3295 3129 3364 Principes
3180 3313 3462 3351 novarum
3509 3314 3705 3353 rerum

2053 3378 2481 3435 moliendarum
2511 3383 2747 3435 fuerunt
2788 3382 3079 3436 Adrianus
3111 3384 3350 3451 quidam
3402 3385 3707 3441 Chaldaeus

2055 3474 2113 3524 et
2165 3470 2430 3526 Tatzates
2506 3470 2839 3537 Armenius,
2902 3470 3170 3524 homines
3248 3472 3603 3541 praedivites.
3666 3476 3707 3529 li

2050 3566 2333 3629 occupato
2392 3559 2629 3613 castello
2688 3560 2967 3629 Paipertis
3026 3564 3232 3615 contra
3294 3560 3705 3630 imperatorem

2053 3664 2219 3702 arma
2247 3649 2583 3703 sumebant.
2618 3649 2728 3703 Sed
2760 3648 3020 3702 Joannes
3052 3652 3333 3716 Curcuas,
3370 3650 3708 3705 scholarum

2056 3737 2438 3801 domesticus,
2472 3737 2572 3807 qui
2605 3743 2730 3791 tum
2764 3738 2909 3791 forte
2964 3742 3236 3792 Caesarem
3268 3744 3415 3805 erat,
3448 3740 3713 3795 celeriter

2056 3826 2392 3896 supervenit
2416 3831 2474 3880 et
2505 3826 2814 3880 coitionem
2848 3842 2974 3881 eam
3018 3827 3343 3897 dissipavit.
3381 3829 3713 3900 Deprehen-

2057 3931 2378 3986 sorumque
2431 3915 2729 3986 primariis
2761 3914 2960 3969 oculos
2993 3916 3168 3980 eruit,
3203 3922 3261 3970 et
3311 3918 3464 3973 bona
3509 3934 3713 3973 eorum

2057 4002 2397 4074 publicavit,
2426 4002 2708 4057 obscuros
2735 4019 2800 4057 ac
2833 4020 3118 4073 pauperes
3146 4003 3389 4074 impune
3421 4022 3533 4076 quo
3566 4007 3713 4062 libe-

2058 4096 2146 4146 ret
2175 4091 2475 4145 discedere
2502 4092 2701 4159 jussit.
2737 4090 2899 4145 Unus
2950 4092 3236 4157 Tatzales,
3272 4093 3515 4149 castello
3564 4112 3712 4167 quo-

2060 4180 2194 4234 dam
2228 4185 2531 4250 occupato,
2567 4180 2721 4250 quod
2758 4181 2815 4234 in
2848 4180 3091 4234 sublimi
3136 4186 3261 4235 erat
3311 4184 3493 4237 situm
3541 4184 3708 4250 colle,

2058 4268 2172 4322 ﬁde
2204 4266 2578 4339 impunitatis
2608 4285 2641 4322 a
2690 4268 3010 4323 domestico
3063 4268 3403 4324 scholarum
3454 4277 3711 4343 accepta,

2058 4356 2257 4420 Gpolin
2295 4357 2474 4424 venit,
2508 4357 2707 4426 ibique
2740 4356 3116 4427 manglabitae
3170 4358 3385 4413 honore
3435 4362 3717 4430 preeditus

2058 4445 2119 4499 in
2178 4446 2351 4499 domo
2408 4460 2837 4515 manganorum
2897 4446 3226 4501 custoditus
3282 4453 3410 4515 est;
3463 4464 3716 4520 cumque

2058 4535 2257 4605 fugam
2310 4533 2634 4602 moliretur,
2667 4534 3031 4604 deprehenso
3092 4533 3242 4587 oculi
3306 4539 3445 4589 sunt
3494 4536 3711 4591 effossi.

1445 4669 1848 4729 XYLANDRI
1892 4668 1992 4727 ET
2038 4666 2273 4728 GOARI
2320 4666 2573 4725 NOTAE.

354 4787 469 4855 (68)
504 4784 727 4841 Dubito
758 4784 829 4838 de
860 4784 967 4839 hoc
997 4782 1140 4839 loco.
1177 4782 1349 4855 Σορός
1390 4783 1687 4855 tumulum
1722 4782 1952 4855 signiﬁ-

293 4865 380 4911 cat
410 4854 467 4913 et
522 4855 886 4927 sepulcrum.
921 4855 1085 4927 Forte
1116 4855 1227 4908 fuit
1260 4854 1427 4927 edes
1472 4856 1547 4927 in
1588 4854 1954 4927 Blachernis,

290 4930 550 5001 sepulcri
588 4925 647 4981 in
679 4944 794 4997 quo
824 4926 1093 5001 Christus
1133 4926 1437 5001 depositus
1470 4925 1581 4980 fuit
1610 4925 1952 5001 similitudi-

290 4997 419 5055 nem
482 4997 995 5069 referenquuale
1052 4998 1231 5068 Spirae
1291 4997 1596 5069 Nemetum
1658 4998 1949 5069 suburba-

290 5089 452 5136 num,
486 5077 548 5126 et
584 5071 698 5124 alia
744 5068 879 5123 alibi
928 5070 1215 5135 visuntur,
1248 5086 1374 5123 sum
1406 5068 1658 5138 heiligen
1693 5068 1860 5135 Grab,
1898 5073 1955 5124 et

292 5144 353 5197 ﬁt
384 5144 622 5198 mentio
672 5140 845 5213 paulo
877 5146 1023 5213 post.
1052 5142 1194 5213 XYL.
1229 5171 1296 5179 —-
1326 5140 1631 5213 Templum
1661 5145 1753 5213 est
1783 5140 1950 5206 illud,

290 5216 345 5268 in
379 5217 563 5285 cujus
597 5210 913 5285 sacratiore
940 5212 1133 5285 loculo
1156 5212 1544 5285 sanctissimae
1575 5210 1833 5281 Deiparze
1866 5230 1951 5267 ve-

292 5288 397 5340 stis
432 5282 491 5340 et
524 5302 679 5338 zona
712 5286 767 5337 in
799 5282 1134 5338 Biachernis
1165 5284 1635 5338 asservabantur.
1666 5287 1845 5337 Goaa.

359 5359 474 5427 (69)
510 5355 762 5411 Chaldia
810 5354 966 5426 regio
1018 5360 1124 5421 est,
1173 5360 1238 5409 ut
1272 5360 1546 5427 apparet,
1599 5355 1791 5425 Syriae,
1849 5354 1952 5408 hoc

292 5426 532 5497 quidem
591 5428 750 5493 loco;
786 5443 922 5481 nam
972 5427 1029 5479 in
1084 5426 1394 5496 Nicephori
1448 5426 1650 5480 Phoce:
1704 5427 1951 5497 imperio

292 5500 513 5554 diserte
568 5498 841 5553 Calabriae
872 5498 1202 5552 ascribitur.
1238 5499 1315 5552 Ex
1365 5497 1578 5553 Basilio
1612 5498 1856 5552 Romani
1893 5499 1947 5551 F.

293 5574 389 5625 ubi
425 5573 636 5625 Phocus
666 5575 869 5624 contra
902 5569 1122 5623 Durum
1159 5587 1251 5623 res
1283 5574 1456 5640 gesta:
1512 5570 1949 5636 describuntur,

292 5640 495 5695 lberiaa
523 5643 776 5696 vicinam
810 5642 989 5696 fuisse
1018 5642 1321 5696 Chaldiam
1351 5641 1533 5696 videri
1565 5646 1777 5711 potest.
1812 5641 1946 5695 XYL.

2131 4782 2241 4851 (70)
2275 4780 2546 4855 Quodsit
2578 4780 2971 4855 manglabitaa,
3001 4781 3090 4835 vel
3110 4786 3184 4855 ut
3209 4799 3389 4855 supra
3427 4784 3712 4855 scriptum

2062 4850 2175 4920 est,
2210 4850 2572 4906 manclabitae
2627 4850 2909 4921 ofﬁcium,
2964 4854 3179 4907 nescio.
3230 4850 3390 4909 Talia
3444 4850 3714 4910 videntur

2063 4924 2237 4979 etiam
2295 4922 2579 5001 mysticus
2626 4928 2682 5001 et
2727 4924 3018 5001 stypeiota
3060 4930 3133 5001 ‘et
3184 4941 3358 5001 quem
3407 4925 3715 5001 aliasi‘s'ai-

2061 5014 2263 5068 κτωρα,
2300 4990 2503 5069 paulu
2535 5000 2667 5066 post
2725 4990 2852 5069 ipse
2908 4990 3435 5069 παραδυναοῖτεύοντα
3490 4990 3715 5053 videtur

2062 5066 2278 5133 dicere,
2339 5066 2506 5140 quasi
2566 5067 2845 5140 vicarium
2900 5066 3291 5140 imperatoris.
3347 5070 3481 5125 XYL.
3515 5073 3709 5140 -—ATﬁ

2058 5141 2155 5192 τοῦ
2215 5130 2771 5225 μαγγλαϐίτουγάξίᾳ
2824 5130 3223 5221 τιμηθείςηᾼη
3284 5158 3397 5222 non
3463 5130 3711 5267 μαγέλαζ

2062 5205 2153 5262 ϐια
2198 5210 2532 5265 merebatur
2586 5210 2874 5268 leander
2931 5228 3198 5268 exneriri.
3232 5228 3332 5268 αυι
3392 5218 3510 5267 tam
3612 5230 3712 5268 ure

2062 5228 2153 5262 οια
2198 5228 2532 5265 merebatur
2586 5228 2630 5263 Α
2674 5228 2874 5265 ianoer
2931 5228 3198 5282 experiri,
3232 5228 3332 5280 qui
3392 5228 3510 5267 tam
3568 5228 3712 5269 dure

2062 5282 2388 5356 Cedrenum
2447 5228 2909 5356 tuaj{y{i6icsv?_
2938 5287 3011 5356 At
3066 5283 3354 5356 nescivit,
3388 5284 3599 5356 inquit.
3661 5286 3713 5339 ls

2060 5354 2258 5428 itaque
2308 5352 2732 5428 cornicularius
2763 5360 2820 5407 et
2864 5352 3273 5428 clavicularius
3304 5352 3520 5410 dicitur
3558 5357 3710 5428 apud

2060 5425 2454 5479 Pancirollum
2510 5425 2567 5478 in
2606 5426 2734 5481 Not.
2768 5428 2913 5494 Imp.
2950 5443 2998 5480 c.
3034 5426 3125 5493 11,
3158 5435 3214 5480 et
3262 5433 3353 5481 est
3402 5425 3709 5483 unius'co-

2060 5497 2247 5551 hortis
2282 5496 2605 5567 principem
2658 5495 2929 5565 stipantis
2982 5498 3346 5569 praepositus,
3381 5506 3437 5553 et
3484 5501 3553 5553 ad
3588 5500 3711 5565 ejus

2063 5574 2295 5633 nutum,
2340 5585 2442 5621 ceu
2494 5568 2805 5621 sententiis
2856 5568 3515 5640 reorum’exsequendis
3562 5586 3705 5640 prie-

2062 5640 2271 5707 fectus,
2302 5644 2501 5693 sontes
2559 5656 2825 5709 quosque
2883 5641 2954 5693 ab
3011 5658 3077 5696 eo
3137 5639 3462 5705 damnatos,
3503 5639 3707 5693 eodem
