4026 6210
264 342 342 409 35
1607 335 1923 397 GEORGII
1967 334 2307 399 CEDHENI

3596 350 3675 411 36

264 472 477 527 Bardas
528 470 745 541 Boilas,
794 471 950 541 quod
1001 470 1051 525 ei
1102 470 1417 542 imperator
1463 469 1610 524 bene
1658 467 1888 523 volebat

2023 469 2275 557 τιμηθεὶς
2330 469 2383 524 ἐν
2435 477 2517 545 τῷ
2569 472 2706 547 οἷᾏιῳ
2755 480 2863 531 τῶν
2917 478 3201 553 μαγγάνων
3233 478 3498 552 ἐτηρεῖτο.
3534 487 3672 557 Δρα-

264 561 487 616 nullam
520 560 695 615 aliam
746 576 980 631 pmnam
1013 559 1174 615 dedit
1217 576 1394 630 quam
1443 558 1595 628 quod
1630 572 1797 612 rasus
1853 559 1910 610 et

262 649 589 705 monachus
619 652 708 704 est
741 649 949 703 factus.

330 911 567 971 Interim
616 915 845 970 Simeon
883 913 1268 984 Bulgarorum
1320 912 1594 985 princeps
1624 912 1906 967 Adriano-

256 1006 435 1076 polim
465 1004 615 1060 vallo
646 1005 922 1073 fossaque
970 1002 1153 1073 cingit
1195 1002 1245 1056 ei
1300 1002 1531 1056 obsidet
1578 1018 1643 1056 ac
1693 1017 1906 1071 magno

255 1094 450 1149 studio
500 1097 818 1165 oppugnat.
864 1092 1111 1146 Prazerat
1158 1091 1209 1145 ei
1260 1092 1391 1145 urbi
1441 1090 1552 1145 Leo
1603 1090 1902 1157 patricius,

254 1184 408 1238 303
434 1200 606 1253 quem
642 1183 712 1236 ob
764 1196 1201 1251 praeproperum
1254 1179 1313 1233 in
1365 1180 1567 1234 hostes
1617 1179 1902 1249 impetum

251 1272 533 1325 vocabant
580 1269 967 1324 Moroleonem
1019 1268 1187 1339 quasi
1238 1268 1487 1322 stultum
1549 1266 1799 1322 leonem.
1850 1267 1904 1321 Is

227 1420 232 1426 I
251 1358 747 1431 oppugnationem
775 1357 999 1411 fortiter
1020 1355 1905 1427 sustinebat,etmodoBulgaros

251 1449 542 1502 irruentes
573 1447 644 1500 de
675 1462 844 1500 muro
878 1445 1439 1516 proﬂigabat,modo
1471 1445 1655 1515 portis
1687 1444 1905 1515 apertis

250 1537 308 1589 in
341 1552 441 1591 eos
474 1534 824 1590 acerrimum
860 1536 1145 1604 impetum
1181 1534 1358 1587 dabat
1391 1532 1673 1603 facileque
1724 1533 1904 1604 pelle-

251 1626 367 1679 bat.
406 1625 517 1679 Sed
549 1622 827 1695 oppidani
871 1622 997 1676 cibo
1031 1622 1337 1676 deﬁciente
1378 1639 1442 1676 ac
1475 1624 1624 1676 l'ame
1656 1622 1907 1693 graviter

252 1716 576 1786 premente,
609 1728 742 1766 cum
778 1710 1191 1766 alimentorum
1243 1709 1478 1765 aliunde
1511 1711 1900 1781 parandorum

250 1818 386 1871 spes
420 1800 580 1856 nulla
612 1800 936 1871 affulgeret,
975 1799 1219 1869 penuria
1245 1797 1407 1868 moti,
1443 1799 1669 1865 urbem,
1703 1816 1765 1854 se
1796 1800 1901 1854 du-

250 1906 499 1961 cemque
558 1888 825 1959 Bulgaris
888 1887 1275 1942 tradiderunt.
1337 1886 1571 1941 Simeon
1649 1887 1899 1943 Leonem

248 1984 474 2045 nactus,
502 1987 555 2033 et
586 1978 925 2033 recordatus
951 1980 1168 2047 quanta
1198 1975 1247 2030 is
1279 1975 1432 2030 mala
1464 1976 1725 2047 Bulgaris
1753 1977 1906 2031 intu-

246 2067 430 2135 lisset,
466 2068 791 2122 innumeris
813 2066 1239 2137 suppliciorum
1274 2065 1476 2119 formis
1507 2066 1900 2121 excruciatum

243 2158 479 2212 tandem
512 2157 719 2211 acerba
752 2160 938 2210 morte
960 2153 1636 2225 necavit,Bulgaricoque
1665 2155 1720 2208 in
1757 2156 1900 2211 urbe

245 2246 447 2301 relicto
480 2245 750 2316 praesidio
808 2244 1093 2299 discessit.
1148 2244 1266 2297 Hoc
1313 2243 1647 2314 praesidium
1696 2246 1897 2300 audito

244 2340 447 2389 contra
477 2351 537 2389 se
556 2334 752 2389 venire
794 2333 1123 2387 Romanum
1166 2334 1481 2387 exercitum
1518 2332 1662 2387 urbe
1694 2332 1897 2388 relicta

244 2424 393 2494 fugit
416 2440 429 2489 ;
454 2429 629 2493 atque
643 2422 727 2477 sic
748 2420 1158 2492 Adrianopolis
1181 2438 1213 2475 a
1236 2421 1512 2476 Romanis
1532 2425 1621 2476 est
1643 2427 1891 2492 recepta.

2018 558 2153 628 σμὸν
2187 554 2242 611 δὲ
2276 558 2714 634 βουλευσάμενος
2748 564 3025 620 ἁλίσκεται
3087 568 3173 621 καὶ
3229 572 3336 622 τῶν
3363 554 3667 643 ἀφθαλμῶν

2017 652 2304 733 στερεῖται.
2358 649 2569 722 Βάρδας
2627 650 2683 707 δὲ
2735 655 2762 708 6
2808 653 3006 716 Βοίλας
3066 655 3266 731 φιλίως
3324 658 3458 733 πρὸς
3509 659 3666 716 αὐτὸν

2018 730 2361 822 διακειμένου
2419 744 2513 793 τοῦ
2577 741 2845 815 βασιλέως
2898 730 3140 820 ἀπεκάρη
3204 730 3666 822 μοναχὸς,μηδὶν

2016 820 2156 877 ἄλλο
2183 828 2469 891 πεπονθὼς
2499 829 2739 906 ἀνιαρόν.

2087 916 2314 1003 Συμεὼν
2369 914 2425 971 δὲ
2483 921 2511 972 6
2560 924 2667 975 τῶν
2711 920 3048 996 Βουλγάρων
3083 921 3295 999 ἅρχων,
3324 927 3423 994 τὴν
3458 925 3665 1003 Ἀδρια-

2015 1002 2277 1057 νούπολιν
2308 1003 2629 1063 καταλαϐὼν
2662 1011 2750 1063 καὶ
2783 1010 2981 1082 ταύτην
3044 1014 3239 1089 χάραξι
3291 1016 3377 1070 καὶ
3439 1002 3664 1095 τάφροις

2013 1093 2443 1169 περιστοιχίσας,
2480 1095 2755 1169 ἐπιμελῶς
2822 1099 3155 1177 ἐπολιόρκει.
3212 1093 3559 1181 Ἐστρατήγει
3611 1105 3666 1162 δὶ

2012 1188 2113 1248 τῆς
2144 1181 2359 1245 πόλεως
2393 1186 2420 1238 6
2452 1186 2733 1261 πατρίκιος
2768 1188 2940 1262 Λέων,
2972 1191 3029 1245 ὃν
3081 1189 3170 1246 διὰ
3214 1195 3315 1263 τὴν
3370 1194 3667 1270 ὀξύρῥοπον

2012 1268 2148 1341 πρὸς
2206 1271 2335 1333 τοὺς
2400 1274 2681 1347 πολεμους
2738 1278 2916 1351 ὁρμὴν
2981 1279 3353 1356 Μωρολέοντα
3412 1268 3663 1341 ἐκάλουν.

2014 1359 2179 1420 Οὗτος
2235 1360 2492 1436 εὐψύχως
2549 1366 2648 1433 τὴν
2709 1366 3034 1443 πολιορκίαν
3114 1367 3347 1439 ἐδέξατο,
3407 1374 3497 1425 καὶ
3547 1395 3668 1446 γεν-

2012 1447 2305 1511 ναιοτάτως
2357 1453 2489 1505 ποτὶ
2552 1454 2645 1524 μὲν
2706 1455 2811 1509 ἀπὸ
2862 1461 2959 1510 τοῦ
3005 1457 3226 1533 τείχους
3253 1459 3378 1521 τοὺς
3410 1462 3665 1535 προσιόν-

2012 1556 2106 1599 τας
2152 1542 2258 1591 τῶν
2320 1538 2645 1616 Βουλγάρων
2691 1542 2949 1615 ἠμύνετο,
2985 1547 3115 1600 ποτὶ
3173 1544 3229 1601 δὲ
3284 1548 3377 1609 τὰς
3432 1548 3663 1614 πυλίδας

2015 1625 2376 1685 ἀναπεταννὺς
2432 1627 2708 1686 ἐπετίθετο
2768 1634 2859 1686 σὺν
2932 1633 3077 1709 ῥύμῃ
3161 1635 3513 1710 ἀνυποστάτῳ
3570 1640 3658 1694 καὶ

2016 1711 2214 1787 ῥᾳδίως
2272 1716 2544 1791 ἐτρέπετο.
2582 1720 2730 1775 Ἐπεὶ
2782 1719 2839 1775 δὶ
2892 1724 2919 1776 ὁ
2965 1728 3112 1785 σῖτος
3156 1723 3284 1786 τοὺς
3316 1724 3367 1779 ἐν
3398 1731 3466 1800 τῇ
3498 1726 3655 1783 πόλει

1966 1855 1977 1889 ξ
2014 1801 2472 1860 ἐπιλελοίπεικαῖ
2508 1807 2671 1879 λιμὸς
2716 1809 2888 1879 ἐπίεζε
2935 1811 3063 1873 τοὺς
3115 1810 3327 1877 ἔνδοθεν
3382 1818 3654 1889 κραταιὸς,

2014 1890 2329 1965 μηδαμόθεν
2385 1894 2582 1951 ἐλπίδα
2639 1893 2857 1973 ἔχοντες
2932 1900 3297 1973 ἐπισιτισμοῦ,
3353 1907 3422 1977 τῇ
3483 1903 3657 1977 ἐνδείᾳ

2015 1985 2316 2046 πεισθέντες
2376 1983 2755 2061 προδεδώκασι
2811 1990 2911 2057 τὴν
2963 1988 3127 2044 πόλιν
3157 1992 3247 2045 καὶ
3293 1993 3513 2056 ἑαυτοὺς
3569 1995 3659 2049 καὶ

2011 2070 2102 2123 τὸν
2151 2075 2447 2147 στρατηγὸν
2491 2081 2606 2137 τοῖς
2670 2076 3027 2153 Βουλγάροιςε
3065 2081 3124 2133 ὃν
3173 2083 3583 2155 χειρωσάμενος
3631 2086 3659 2138 6

2014 2162 2257 2231 Συμεὼν,
2317 2163 2404 2215 καὶ
2457 2165 2529 2216 ὧν
2604 2165 2679 2225 εἰς
2751 2165 2877 2227 τοὺς
2952 2166 3302 2243 Βουλγάρους
3365 2169 3658 2241 ἐνεδείξατο

2013 2250 2365 2321 μεμνημένος
2424 2256 2626 2319 κακῶν,
2680 2254 2896 2329 μυρίαις
2956 2256 3157 2320 αἰκίαις
3196 2260 3659 2333 τιμωρησάμενος

2006 2337 2316 2392 τελευταῖον
2403 2342 2679 2396 ἀπέκτεινε
2763 2346 2974 2417 θανάτῳ
3047 2352 3245 2418 πικρῷ.
3307 2348 3659 2425 Βουλγάρους

2008 2424 2097 2478 οὖν
2158 2425 2451 2496 ἐπιστήσας
2506 2429 2750 2505 φύλακας
2809 2436 2876 2505 τῇ
2930 2431 3090 2487 πόλει
3150 2424 3537 2511 ὑπεχώρησεν-ν
3577 2436 3654 2492 οτί-

240 2532 383 2571 τινες
440 2510 744 2582 Ῥωμαϊκὸν
804 2505 1162 2582 στρατόπεδον
1224 2508 1516 2577 ἀκηκοότες
1567 2508 1717 2577 ἥκειν
1772 2511 1887 2563 κατ’
1944 2513 2119 2568 αὐτῶν
2175 2518 2563 2580 καταλιπόντες
2617 2520 2715 2588 τὴν
2775 2519 2936 2575 πόλιν
2996 2516 3216 2600 ἔφυγον,
3250 2505 3355 2578 καὶ.
3390 2505 3554 2580 πάλιν
3615 2528 3648 2596 ἡ

242 2597 698 2674 Ἃδριανούπολις
737 2598 842 2652 ὑπὸ
873 2599 1178 2669 Ῥωμαίους
1208 2597 1438 2672 ἐγένετο.

314 2692 389 2745 Eo
409 2695 667 2761 tempore
688 2690 797 2744 Leo
822 2689 998 2743 etiam
1018 2688 1301 2758 'I‘ripolita
1318 2705 1450 2743 cum
1470 2704 1683 2759 magna
1706 2690 1895 2744 classe

242 2780 535 2834 Romanos
563 2778 794 2832 invasit.
820 2780 999 2843 Quem
1021 2778 1080 2831 in
1107 2778 1321 2833 Lemno
1346 2794 1518 2831 naves
1548 2776 1607 2831 in
1642 2780 1893 2832 statione

210 2940 211 2943 η
241 2868 554 2923 habentem
607 2867 800 2922 subito
828 2868 1071 2921 adortus
1114 2867 1368 2921 Joannes
1402 2866 1676 2920 Radenus
1707 2868 1891 2937 patri-

240 2958 389 3025 cius,
424 2957 502 3011 rei
539 2956 763 3010 navalis
804 2956 1175 3023 drungarius,
1214 2955 1377 3009 facile
1427 2954 1581 3023 vicit,
1608 2957 1890 3025 Agarenis

241 3048 357 3101 fere
413 3045 689 3100 omnibus
745 3044 1068 3110 exstinctis,
1103 3043 1345 3114 soloque
1405 3043 1689 3115 Tripolita
1748 3045 1890 3115 fuga

2073 2693 2206 2748 Τότε
2262 2692 2318 2748 δὲ
2375 2695 2462 2749 καὶ
2518 2698 2665 2751 Λέων
2718 2698 3108 2772 ὁΤριπολίτης
3173 2703 3307 2774 μετᾶ
3366 2701 3647 2775 δυνάμεως

2001 2777 2221 2848 πολλῆς
2287 2782 2375 2835 καὶ
2434 2780 2648 2837 πλοίων
2706 2791 3023 2857 πολεμικῶν
3080 2788 3273 2858 ἐξῆλθε
3337 2792 3472 2844 κατὰ
3528 2793 3657 2845 Ῥω-

2005 2867 2199 2938 μαίωψ
2243 2869 2299 2922 ὃν
2336 2870 2385 2923 ἐν
2418 2874 2485 2940 τῇ
2516 2874 2666 2944 νήσῳ
2706 2876 2917 2947 Λήμνῳ
2964 2874 3340 2951 ναυλογοῦντα
3393 2878 3647 2950 Ἰωάννης

1998 2958 2285 3032 πατρίκιος
2332 2961 2419 3013 καὶ
2479 2957 2839 3037 δρουγγάριος
2898 2968 3004 3017 τῶν
3060 2964 3334 3038 πλωίμων
3388 2968 3415 3021 ὁ
3447 2966 3640 3038 Ῥαδη-

1995 3046 2085 3107 νὸς
2134 3044 2400 3123 αἰφνίδιον
2453 3046 2727 3125 ἐπιφανεὶς
2783 3049 2979 3126 ῥαδίως
3027 3052 3307 3129 ἐτρέψατο,
3338 3060 3445 3109 τῶν
3476 3057 3637 3130 Ἀγα-

239 3136 460 3206 elapso.
523 3134 721 3187 Mense
795 3133 1144 3203 Septembri,
1205 3132 1526 3187 indictione
1602 3134 1881 3203 secunda,

2005 3139 2175 3203 οηνῶν
2209 3134 2403 3211 σχεδὸν
2436 3137 2649 3192 πάντων
2705 3141 3080 3215 ἀνῃρημένων,
3111 3147 3208 3196 τοῦ
3269 3140 3325 3197 δὲ
3376 3145 3645 3219 Τριπολί-

237 3225 457 3289 Simon,
490 3222 873 3295 Bulgarorum
908 3222 1199 3293 princeps,
1236 3238 1367 3276 cum
1402 3222 1680 3277 omnibus
1707 3223 1890 3294 copiis

235 3313 661 3385 expeditiodem
694 3316 895 3367 contra
925 3310 1125 3382 Cpolin
1146 3312 1396 3383 suscipit
1421 3330 1433 3379 ;
1457 3311 1889 3383 populatusque

240 3402 636 3457 Macedoniam
671 3406 726 3455 et
760 3401 813 3454 in
849 3400 1161 3455 Thraciam
1220 3401 1506 3455 incendiis
1556 3405 1883 3471 grassatus,

238 3491 423 3545 obviis
445 3491 781 3561 quibusque
804 3490 1337 3560 vastatis,proxime
1361 3488 1710 3543 Blachernas
1730 3490 1883 3543 304

238 3588 429 3637 castra
455 3580 637 3651 ponit.
666 3580 806 3634 Inde
859 3579 1119 3650 postulat
1152 3584 1213 3632 ut
1244 3581 1313 3633 ad
1347 3595 1405 3633 se
1447 3578 1757 3632 mittantur
1785 3578 1881 3632 Ni-

236 3671 433 3726 colaus
456 3668 786 3740 patriarcha
812 3667 1027 3738 aliique
1048 3668 1457 3738 procerum,de
1479 3668 1883 3738 componenda

236 3776 373 3829 pace
403 3756 769 3811 collocuturi.
808 3757 964 3810 Datis
998 3760 1199 3810 mutuo
1230 3756 1556 3825 obsidibus,
1591 3762 1654 3811 ut
1684 3757 1755 3809 ab
1787 3756 1880 3810 in-

234 3847 401 3900 sidiis
434 3845 633 3899 omnia
665 3848 789 3899 tuta
815 3848 1035 3909 essent,
1070 3861 1135 3899 ac
1166 3844 1501 3915 patriarcha
1524 3845 1880 3915 juramentis

231 3936 465 4000 fidente,
499 3933 811 4004 quaesitum
863 3938 952 3987 est
982 3933 1081 4004 qui
1133 3939 1433 3988 senatores
1464 3950 1598 3987 cum
1629 3951 1694 3989 eo
1727 3934 1881 3989 exire

228 4024 524 4079 deberent.
556 4022 769 4077 Delecti
804 4022 1085 4093 patricius
1134 4022 1461 4077 Michaelus
1492 4023 1789 4094 Stypeiota
1820 4028 1877 4078 et

227 4114 486 4168 Joannes
536 4111 821 4182 mysticus
850 4128 916 4165 ac
969 4116 1093 4165 tum
1127 4111 1650 4183 gubernandarum
1683 4128 1877 4166 rerum

231 4202 430 4256 socius
456 4219 468 4255 :
494 4217 629 4255 nam
652 4201 909 4255 Joannes
936 4204 1124 4254 rector
1153 4201 1307 4271 apud
1338 4201 1747 4270 imperatorem
1781 4200 1880 4254 de-

230 4292 387 4346 latus
417 4289 682 4344 criminis
706 4290 829 4359 jam
864 4294 989 4343 tum
1024 4288 1239 4360 palatio
1293 4289 1667 4355 discesserat,
1703 4288 1881 4359 inque

232 4397 337 4435 suo
389 4378 746 4432 monasterio
780 4378 1103 4432 monachus
1146 4378 1334 4432 factus
1366 4381 1508 4432 erat.
1539 4381 1679 4431 Cum
1711 4377 1879 4446 legati

1997 3244 2093 3277 του
2129 3224 2297 3295 μόνου
2329 3230 2471 3302 φυγῇ
2502 3228 2601 3295 τήν
2644 3228 2918 3302 σωτηρίαν
2972 3232 3363 3306 πορισαμένου.
3401 3240 3645 3306 Σεπτεμ-

1999 3308 2139 3385 ϐρίῳ
2171 3311 2227 3366 δὲ
2261 3314 2413 3385 μηνὶ,
2448 3312 2787 3377 ίνδικτιῶνος
2822 3318 2888 3393 β’,
2918 3321 2997 3391 [Ρ.
3031 3323 3156 3393 623]
3191 3323 3217 3375 6
3250 3320 3434 3397 ἄρχων
3468 3320 3642 3379 Βουλ-

1991 3400 2185 3473 γαρίας
2236 3402 2460 3473 Συμεὼν
2547 3407 2841 3481 πανστρατὶ
2910 3409 3047 3462 κατὰ
3126 3410 3224 3478 τῆς
3305 3412 3638 3466 Κωνσταντι-

1989 3487 2301 3551 νουπόλεως
2360 3490 2715 3565 ἐκστρατεύει,
2765 3496 2853 3548 καὶ
2928 3495 3173 3567 λη’ίζεται
3237 3500 3330 3569 μὲν
3390 3497 3636 3555 Μακεδο-

1989 3575 2123 3645 νίαν,
2171 3577 2416 3654 ἐμπιπρᾷ
2474 3578 2530 3634 δὲ
2586 3583 2652 3635 τὰ
2712 3581 2798 3637 ἐπὶ
2847 3585 3061 3660 Θρᾴκης
3094 3587 3295 3661 χωρία,
3323 3589 3410 3641 καὶ
3465 3588 3637 3644 πάντα

1987 3668 2335 3744 καταστρέφει
2389 3670 2456 3723 τὰ
2526 3670 2576 3722 ἐν
2641 3671 2789 3725 ποσί.
2853 3672 3105 3748 Ἔγγιστα
3170 3672 3226 3729 δὲ
3304 3676 3627 3751 Βλαχερνῶν

1988 3753 2348 3829 στρατόπεδον
2401 3759 2573 3828 πήξας
2644 3758 2969 3832 ἐπεζήτησεν
3049 3762 3418 3833 ἀποσταλῆναι
3488 3766 3632 3838 αὐτῴ

1986 3844 2076 3899 τὸν
2137 3847 2482 3921 πατριάρχην
2543 3847 2812 3903 Νικόλαον
2861 3851 2951 3905 καί
3008 3873 3158 3914 τινας
3215 3858 3321 3908 τῶν
3377 3854 3427 3910 ἐν
3485 3855 3631 3910 τέλει

1989 3931 2125 3987 ὥστε
2154 3935 2277 4007 περὶ
2328 3934 2552 4008 εἰρήνης
2599 3933 2979 4011 διαλεχθῆναι.
3036 3935 3306 4004 Λαϐόντες
3354 3939 3444 3994 οὖν
3491 3944 3634 4013 ὁμή-

1990 4042 2114 4096 ρους
2170 4022 2295 4096 παρ’
2327 4021 2591 4093 ἀλλήλων
2642 4026 2716 4087 ὡς
2773 4024 3003 4099 οὐδεμία
3059 4049 3140 4090 τις
3202 4028 3631 4100 ἐπακολουθήσει

1989 4105 2281 4179 ἐπιϐουλὴ,
2313 4113 2402 4165 καὶ
2456 4118 2550 4167 τοῦ
2608 4115 2952 4190 πατριάρχου
3008 4122 3128 4178 τοῖς
3179 4119 3365 4192 ὅρκοις
3411 4119 3635 4193 ἀναθαρ-

1991 4197 2269 4273 ρήσαντος,
2294 4200 2472 4274 γέγονε
2504 4199 2667 4277 λόγος
2700 4204 2926 4267 ὁποίους
2971 4201 3050 4258 δεῖ
3097 4209 3204 4259 τῶν
3255 4206 3632 4282 συγκλητικῶν

1987 4286 2165 4359 τούτῳ
2225 4289 2571 4360 συνεξελθεῖν.
2608 4293 2907 4368 ΙΙροεκρίΘη
2970 4298 3099 4367 γοῦν
3133 4296 3161 4349 6
3210 4297 3491 4371 πατρίκιος
3531 4302 3632 4350 Μι-

1992 4375 2143 4451 χαὴλ
2206 4378 2233 4430 6
2295 4381 2640 4449 Στυπειώτης
2701 4382 2789 4435 καὶ
2836 4383 3093 4453 Ἰωάννης
3145 4385 3173 4437 6
3241 4386 3494 4456 μυστικὸς
3544 4383 3632 4437 καὶ

230 4469 299 4523 ad
333 4468 664 4523 Simeonem
699 4466 995 4521 venissent
1034 4482 1099 4520 ao
1130 4467 1200 4521 de
1230 4483 1371 4537 pace
1401 4472 1599 4522 essent
1628 4466 1879 4521 collocu-

2005 4463 2468 4540 ταραδυναστεύων
2526 4472 2660 4539 (71)·
2699 4467 2807 4539 ἤδη
2867 4472 2968 4547 γὰρ
3026 4452 3276 4542 Ἰωάννη-ς
3336 4474 3363 4526 ὁ
3397 4472 3632 4547 ῥαίκτωρ

1370 4566 1774 4624 XYLANDRI
1821 4566 1920 4625 ET
1966 4566 2201 4626 GOAttI
2246 4567 2496 4626 NOTAE.

226 4656 545 4723 spectante,
580 4651 846 4722 castigat.
874 4652 1011 4705 Eam
1044 4650 1521 4723 Bardariotarum
1556 4652 1735 4723 fuisse
1769 4668 1875 4723 suo

232 4719 491 4796 tempore
533 4719 799 4796 ’Codinus
832 4724 1025 4796 refert,
1067 4724 1138 4796 de
1187 4722 1402 4796 quibus
1436 4741 1448 4777 :
1485 4721 1786 4796 Κρὲμανται
1822 4719 1878 4775 δὲ

233 4741 491 4796 tempore
541 4741 799 4780 uoalnus
832 4741 1025 4787 relert,
1067 4741 1138 4777 (le
1187 4741 1402 4793 qumus
1436 4741 1448 4777 :
1485 4741 1786 4846 λςεμανται
1822 4741 1878 4775 οε

233 4793 326 4868 ἐπὶ
346 4796 538 4868 Δζώνης
572 4792 795 4868 ἑκάστου
825 4793 1051 4868 τοότωνλ
1080 4793 1272 4868 λῶροι,
1328 4792 1419 4855 οὓς
1450 4813 1534 4868 ’κα
1572 4798 1878 4868 Δοῐξσιμμαγ-

227 4859 429 4941 γλάϐιλα
459 4859 567 4938 (sic
601 4867 701 4941 ille
734 4866 981 4941 scribit),
1016 4859 1187 4941 ἤγουν
1227 4859 1524 4941 βακτηρίας
1540 4864 1585 4941 Δἢ
1621 4859 1875 4941 ῥάϐδους.

238 4936 515 5009 μαστίζειν
558 4936 697 5009 τοὺς
724 4936 903 5009 ᾁξίους
965 4936 1325 5009 μασξιίζεσὸαι.
1375 4936 1483 5009 Leo
1529 4936 1881 4993 Grammati-

234 5003 338 5065 ous
386 5003 809 5081 ;”Λποστέλλει
866 5003 1206 5081 μαγλαὸίτην
1266 5010 1371 5081 (ita
1427 5008 1568 5081 legit
1624 5009 1742 5080 ille)
1789 5010 1877 5062 τὸν

236 5078 697 5155 Μαυροθεόδωρον
734 5078 875 5155 ξίφει
901 5078 1105 5155 ἀνελεῖν
1146 5081 1237 5134 τὸν
1275 5078 1555 5155 ’μοναχόν.
1600 5078 1799 5135 Tucca
1834 5100 1883 5155 Aa

232 5154 446 5209 Graecis
480 5153 648 5225 plura
700 5153 944 5207 mutuati
976 5154 1047 5207 ad
1080 5153 1468 5225 conspectum
1510 5153 1880 5222 imperatoris

235 5220 651 5297 praecursorem
688 5225 904 5279 habent
938 5220 1316 5297 μαγγλαϐίτην
1358 5220 1737 5294 (ὸιιριινάῐευδ
1768 5225 1880 5279 lin-

235 5315 351 5378 gua
381 5298 706 5378 vocantl,ad
744 5298 872 5378 ejus
906 5302 1110 5351 nutum
1141 5314 1299 5378 reum
1335 5312 1627 5378 quemque
1658 5297 1880 5378 suppli-

236 5368 341 5424 eiis
374 5370 648 5424 extremis
680 5369 967 5438 subjicere
1001 5375 1288 5439 paratum.
1325 5371 1397 5423 Ac
1432 5368 1698 5438 princeps
1729 5368 1879 5438 ipse,

236 5441 394 5511 regia
443 5441 711 5513 deposita
758 5441 1101 5511 plebeiaque
1146 5446 1453 5511 assumpta
1502 5445 1679 5513 veste,
1726 5442 1883 5513 vicos

236 5511 534 5567 circumit'
566 5528 992 5581 nonnunquam
1053 5519 1108 5567 et
1167 5514 1468 5568 anfractus
1520 5512 1770 5577 viarum,
1833 5511 1881 5565 si

234 5590 447 5664 cuncta
476 5585 533 5638 in
568 5599 707 5664 pace
738 5585 940 5664 ordine
963 5584 1154 5664 quiete
1192 5584 1524 5664 composita
1545 5582 1661 5637 sint
1691 5581 1882 5664 explo-

236 5661 477 5711 raturus
511 5671 524 5711 :
560 5656 649 5712 sin
681 5655 1107 5711 tumultuantes
1156 5658 1413 5712 rixantes
1464 5655 1882 5724 incompositos

239 5746 304 5784 ac
333 5728 562 5800 imperii
582 5730 750 5798 jussa
770 5734 1113 5800 spernentes
1138 5730 1291 5785 cives
1324 5730 1425 5781 aut
1447 5724 1668 5781 militiae
1700 5727 1882 5781 ascri-

1989 4656 2119 4723 ptos
2153 4654 2507 4732 comperiat,
2541 4672 2575 4709 a
2618 4656 2998 4732 manglabitis
3050 4659 3152 4713 viae
3186 4659 3521 4732 comitibus
3572 4675 3640 4732 ac

1993 4723 2417 4802 suppliciorum
2449 4723 2880 4802 instrumentis
2920 4730 3045 4802 jam
3109 4731 3272 4802 prius
3328 4731 3639 4785 instructis

1990 4795 2285 4873 extemplo
2312 4798 2760 4873 corripiujubet,
2795 4795 3324 4873 simulque-poenis
3369 4802 3460 4858 vel
3514 4802 3641 4857 neci

1989 4867 2410 4945 tradilomissis
2436 4867 2791 4945 judiciorum
2823 4867 3013 4927 tardis
3038 4867 3412 4945 ambagibus,
3452 4875 3640 4945 impe-

1994 4944 2103 4993 rat.
2140 4939 2318 4993 GOAR.

2066 5011 2178 5081 (71)
2209 5012 2585 5084 imperatoris
2638 5012 2886 5077 amicus,
2918 5013 3018 5084 qui
3062 5012 3348 5069 nimirum
3380 5013 3641 5070 consiliis

1993 5082 2316 5156 etmonitis
2345 5082 2684 5156 imperatori
2718 5085 2775 5138 in
2809 5082 3283 5141 administranda
3312 5102 3373 5140 re
3409 5086 3644 5156 publica

1993 5152 2242 5227 ﬁdeliter
2273 5152 2500 5227 assistit
2532 5174 2545 5210 :
2580 5172 2749 5224 quem
2783 5172 2939 5210 nunc
2988 5158 3217 5227 imperii
3252 5152 3641 5227 subadjuvam

1993 5230 2051 5279 et
2084 5225 2301 5295 publici
2334 5231 2523 5280 status
2559 5226 2973 5281 administrum
3007 5225 3263 5283 vocitare
3293 5225 3643 5283 solemus.Is

1994 5297 2316 5370 qu‘oquein
2350 5297 2565 5367 palatio
2599 5298 2953 5370 morabatur.
2986 5300 3239 5370 Jamjam
3272 5300 3428 5353 enim
3475 5318 3644 5351 ram—

2036 5362 2309 5433 ιϐάζεσθαι
2350 5362 2460 5420 ’τοῦ
2518 5366 2810 5437 παλατίου,
2845 5388 2911 5426 ex
2970 5388 3036 5426 eo
3096 5362 3419 5436 deturbari,
3463 5370 3641 5425 simul

1994 5443 2190 5517 tamen
2260 5444 2661 5517 συγχωρεῖσθαι
2742 5442 3077 5517 εἰσέρχεσθαι
3164 5444 3480 5514 προσκυνεῖν
3548 5441 3643 5517 τὸν

1999 5507 2244 5583 βασιλέα,
2279 5507 2461 5585 υιιίάί
2490 5507 2927 5585 imperatorem“
2951 5507 3336 5570 veneraturus
3384 5530 3451 5568 ac
3482 5513 3647 5568 salu-

1992 5587 2228 5708 taturéis
2284 5584 2607 5655 accederet,
2639 5591 2985 5658 potestatem
3034 5586 3300 5658 accipere
3330 5585 3648 5657 conspicie-

2021 5670 2109 5708 ur.
2195 5668 2325 5708 om.

1992 5658 2109 5708 tur.
2145 5658 2325 5708 Goaa.
