4026 6210
268 272 345 329 31
692 242 695 245 ⁷
1410 248 1957 315 HISTORIARUM

2071 248 2315 311 )MPEN
2327 250 2553 314 DIUM.
3617 256 3698 316 38

261 394 593 467 διαϐληθεὶς
618 394 757 467 πρὸς
806 391 898 446 τὸν
967 386 1223 464 βασιλέα,
1265 384 1538 441 κατελθὼν
1595 386 1692 437 τοῦ
1743 379 1933 436 παλα-

2071 381 2189 451 ιπί,
2221 382 2302 437 ita
2331 397 2430 438 eos
2464 383 2752 456 Bulgarus
2781 384 3011 441 dimisit
3059 390 3124 440 ut
3154 387 3486 442 ostenderet
3518 405 3577 444 se
3610 389 3693 460 ip-

262 489 408 555 τέου,
473 485 526 539 έν
577 486 646 556 τῇ
705 480 871 535 αὐτοῦ
925 482 1065 551 μονῇ
1123 477 1222 544 τήν
1276 474 1545 547 κοσμικὴν
1603 470 1929 545 ἀπεκείρατο

259 577 458 651 τείχα,
523 569 919 646 Ἀφικομένους
980 566 1070 621 οὖν
1129 564 1324 626 αὐτοὺς
1371 563 1506 635 πρὸς
1545 562 1638 616 τὸν
1697 560 1928 633 Συμεὼν

267 650 361 721 καὶ
398 661 710 736 μέλλοντας
758 664 927 713 κινεῖν
973 656 1168 730 λόγους
1227 654 1351 726 περὶ
1414 652 1654 724 εἰρήνης,
1703 650 1931 710 τούτους

283 758 375 828 μὲν
430 752 817 823 ἀπεπέμψατο,
879 746 1040 801 αὐτὸν
1091 742 1148 798 δὲ
1200 743 1290 797 τὸν
1356 740 1579 816 βασιλέα
1654 739 1931 811 Ῥωμανὸν

280 825 522 913 έπεζήτει
558 839 847 903 θεάσασθαι
883 855 896 867 '
946 832 1417 909 πεπληροφόρητο
1468 830 1569 903 γὰρ
1607 825 1777 902 ἄνδρα
1808 848 1935 881 συν-

281 936 391 989 ετὸν
426 931 589 985 αὐτὸν
626 928 758 982 εἶναι
803 924 893 979 καὶ
945 921 1152 992 ἀληθῆ,
1203 918 1509 980 Ἀσπασίως
1558 915 1615 971 δὲ
1659 917 1685 971 ὁ
1731 922 1937 987 Ῥωμα-

276 1026 365 1083 νὸς
397 1019 618 1090 ἐδέξατο
664 1020 849 1071 τοῦτο.
909 1010 1270 1071 Ἀποστείλας
1321 1007 1411 1063 οὖν
1461 1007 1511 1063 έν
1562 1011 1639 1077 τῷ
1684 1009 1779 1059 τοῦ
1830 1012 1937 1059 Κο-

272 1109 501 1185 σμιδίου
530 1105 769 1181 αἰγιαλῷ
818 1100 1201 1158 κατεσκεύασεν
1252 1098 1303 1153 έν
1331 1102 1401 1170 τῇ
1435 1096 1681 1168 θαλάσσῇ
1717 1095 1938 1169 ὀχυρω-

271 1182 443 1270 τάτην
490 1191 782 1261 ἀπόϐασιν,
846 1192 983 1246 ὥστε
1032 1192 1133 1258 τὴν
1198 1187 1487 1264 βασιλικὴν
1537 1187 1738 1260 τριήρη
1791 1182 1939 1237 διεκ-

272 1290 557 1345 πλέουσαν
647 1285 697 1338 ἐν
788 1281 924 1354 αὐτῇ
1019 1276 1526 1352 προσορμίζεσθαι,
1614 1274 1941 1349 περιφράξας

278 1379 448 1445 usus”
512 1376 774 1437 πάντοθεν
847 1368 1276 1443 διατειχίσμασι,
1348 1364 1523 1421 Μέσον
1591 1361 1648 1417 δὲ
1699 1362 1937 1437 θριγκίον

279 1468 526 1541 γενέσθαι
586 1460 929 1533 προσέταξεν,
990 1451 1110 1510 ἔνθα
1185 1453 1461 1524 ἀλλήλοις
1528 1448 1763 1541 ἔμελλον
1818 1451 1941 1523 ὁμι-

279 1554 421 1609 λεῖν.
480 1554 543 1609 Ὀ
605 1548 660 1604 δὲ
714 1549 941 1620 Συμεὼν
1011 1542 1336 1603 ἀποστείλας
1392 1541 1650 1616 ἐνέπρησε
1697 1540 1788 1594 τὸν
1846 1546 1944 1607 τῆς

286 1640 586 1717 ὑπεραγίας
617 1636 884 1693 Θεοτόκου
943 1635 1068 1688 ναὸν
1122 1634 1214 1687 τὸν
1267 1630 1319 1685 ἐν
1372 1635 1440 1695 τῆ
1470 1633 1655 1705 Πηγῇ,
1689 1631 1747 1683 ὃν
1782 1629 1809 1682 ὁ
1845 1629 1941 1703 βα-

2044 472 2169 527 sius
2199 471 2572 543 imperatoris
2623 491 3000 543 congressum
3032 479 3327 546 expetere,
3355 493 3529 547 quem
3562 495 3696 549 pre-

2044 566 2198 615 certo
2212 561 2465 617 habebat
2486 563 2675 617 virum
2699 580 2827 619 esse
2856 564 3199 634 prudentem
3222 569 3396 635 atque
3410 582 3695 623 veracem.

2041 651 2385 722 Pergratum
2431 652 2487 706 id
2536 652 2646 707 fuit
2696 653 2981 722 Romano,
3009 653 3285 725 misitque
3314 654 3471 711 illico
3505 658 3604 728 qui
3638 659 3695 712 in

2043 739 2237 795 littore
2260 741 2535 796 Cosmidii
2554 742 2610 796 in
2638 742 2785 797 mari
2809 743 3175 798 tutissimum
3202 746 3464 815 egressui
3488 764 3517 801 e
3552 764 3698 803 nave

2044 829 2236 884 locum
2272 840 2565 901 pararent,
2599 836 2661 885 ut
2687 848 2752 887 eo
2783 833 3159 902 imperatoria
3202 835 3461 889 triremis
3492 837 3697 907 appel-

2046 917 2163 972 lere
2196 923 2413 988 posset.
2449 920 2593 974 Eum
2628 920 2890 991 undique
2915 921 3342 977 munitionibus
3374 923 3699 979 circumde-

2049 1006 2169 1074 dit;
2206 1024 2271 1061 ac
2301 1006 2358 1061 in
2394 1008 2584 1063 medio
2626 1010 2809 1079 jussit
2855 1008 3179 1064 tabulatum
3234 1011 3445 1083 attolli,
3476 1013 3531 1067 in
3588 1032 3701 1086 quo

2049 1100 2215 1150 erant
2244 1095 2608 1152 collocuturi.
2639 1098 2876 1152 Interim
2900 1098 3129 1153 Simeon
3168 1100 3368 1155 missis
3400 1103 3522 1157 suis
3553 1107 3701 1158 tem-

2051 1185 2215 1256 plum
2233 1185 2330 1239 Dei
2343 1202 2493 1255 pera:
2507 1185 2824 1241 adFontem
2840 1186 3197 1253 incendit,ab
3218 1188 3553 1245 Justiniano
3569 1209 3704 1246 con-

2053 1274 2262 1327 ditum.
2296 1274 2404 1328 Sed
2438 1279 2495 1328 et
2524 1272 2714 1329 vicina
2744 1275 2964 1329 circum
2990 1277 3189 1329 omnia
3221 1277 3353 1346 igne
3392 1280 3697 1348 vastabat;

2052 1362 2315 1433 satisque
2346 1364 2666 1433 apparebat
2715 1380 2913 1434 pacem
2947 1364 2998 1417 ei
3038 1364 3198 1417 cordi
3248 1381 3362 1419 non
3413 1382 3562 1421 esse.
3591 1372 3703 1422 Ro-

2055 1468 2268 1505 manus
2320 1468 2454 1506 cum
2513 1451 2846 1523 patriarcha
2906 1452 3104 1506 fanum
3170 1452 3590 1510 Blnchernense
3650 1460 3706 1511 et

2053 1546 2295 1595 Sacrum
2326 1540 2671 1611 Sepulcrum
2704 1541 3029 1610 ingressus,
3068 1542 3244 1595 Deum
3278 1550 3711 1614 comprecatus,

2057 1635 2291 1701 accepto
2350 1631 2531 1684 beatae
2590 1630 2851 1701 Virginis
2910 1632 3058 1687 305
3123 1631 3432 1703 humerali,
3492 1634 3710 1705 templo

281 1714 488 1790 calibs
531 1726 913 1787 Ἰουστινιανὸς
962 1721 1290 1795 ὲδομήσατο,
1348 1718 1697 1792 ἐπυρπόλησε
1756 1714 1810 1771 δὲ
1852 1716 1942 1770 καὶ

2071 1718 2219 1773 exiit.
2244 1720 2509 1790 Cumque
2543 1723 2599 1773 et
2629 1736 2690 1774 se
2721 1719 3034 1791 diligenter
3067 1725 3356 1775 armasset
3386 1726 3441 1775 et
3471 1723 3714 1777 comita-

288 1822 362 1873 τὰ
415 1816 609 1887 κύκλῳ
660 1815 968 1885 σύμπαντα,
1027 1812 1115 1864 καὶ
1175 1807 1347 1873 δῆλος
1405 1808 1471 1876 ἦν
1532 1806 1592 1861 έκ
1636 1805 1827 1860 τούτου
1875 1806 1948 1877 μὴ

315 1908 544 1980 εἰρήνην
580 1908 769 1973 ζητῶν.
819 1903 881 1957 Ὁ
939 1897 995 1953 δὶ
1047 1896 1300 1973 βασιλεὺς
1346 1895 1399 1950 ἐν
1441 1900 1520 1967 τῷ
1563 1900 1675 1966 ναῷ
1724 1895 1955 1968 γενόμε-

311 2016 407 2058 νος
438 2000 544 2048 τῶν
590 1991 912 2065 Βλαχερνῶν
964 1988 1076 2059 ἅμα
1132 1990 1211 2057 τῷ
1266 1985 1601 2059 πατριάρχῃ,
1632 1984 1721 2037 καὶ
1779 1982 1830 2037 ἐν
1887 1986 1954 2055 τῇ

300 2084 461 2157 Ἀγῖᾳ
496 2086 655 2156 Σορῷ
687 2077 941 2133 εἰσελθὼν
975 2075 1064 2130 καὶ
1108 2073 1383 2146 ἱκετηρίας
1422 2070 1565 2145 ᾠδὰς
1614 2070 1849 2133 ἀποδοὺς
1879 2076 1957 2142 τῷ

304 2156 443 2244 Θεῷ,
503 2172 565 2224 τὸ
623 2167 939 2243 ὠμοφόριον
973 2166 1087 2236 (72)
1135 2167 1235 2229 τῆς
1284 2163 1550 2217 Θεὸτόκου
1596 2156 1779 2215 λαϐὼν
1816 2161 1955 2235 ἐξῄει

298 2266 399 2317 τοῦ
447 2264 603 2329 ναοῦ,
674 2256 875 2316 ὅπλοις
954 2252 1218 2331 ἀσφαλέσι
1294 2252 1650 2329 φραξάμενος.
1705 2252 1804 2304 Τὸν
1864 2250 1953 2303 σὺν

300 2353 452 2421 αὑτῷ
511 2350 603 2403 οὖν
666 2344 862 2401 στόλον
920 2344 1202 2416 κοσμήσας
1254 2342 1566 2415 ἀριπρεπῶς
1590 2341 1682 2394 τὸν
1716 2340 1956 2415 ὡρισμέ-

298 2462 387 2494 νον
436 2436 743 2513 κατείληφε
771 2434 960 2502 τόπον,
1009 2430 1235 2501 Ἐννάτη
1284 2435 1381 2485 τοῦ
1430 2424 1743 2505 Νοεμϐρίου
1790 2430 1961 2503 μηνὸς

300 2532 365 2597 ἦν
398 2530 491 2583 ὅτε
516 2531 689 2581 ταῦτα
746 2524 975 2598 ἐγίνετο.
1009 2522 1334 2597 Ηαρεγένετο
1393 2517 1450 2574 δὲ
1502 2520 1590 2575 καὶ
1640 2520 1668 2574 ὁ
1709 2518 1959 2590 Συμεὼν,

303 2619 524 2685 πλῆθος
557 2615 893 2688 ἐπαγόμενος
954 2611 1030 2672 εἷς
1089 2608 1304 2673 πολλὰς
1359 2607 1682 2684 διῃρημένον
1732 2609 1825 2671 τὰς
1854 2630 1960 2662 πα-

315 2706 557 2779 ρατάξεις
585 2704 801 2763 καὶτὰς
835 2700 977 2762 ἰδέας
1008 2720 1020 2731 ⁸
1068 2699 1117 2753 οἷ
1174 2700 1268 2771 μὲν
1318 2698 1417 2772 γὰρ
1478 2700 1613 2767 ἦσαν
1664 2698 1963 2772 χρυσάσπι-

319 2794 402 2855 δες
428 2796 513 2847 καὶ
567 2797 749 2867 χρυσᾶ
796 2788 994 2863 δόρατα
1051 2787 1292 2861 ἔχοντες,
1325 2788 1377 2841 οἱ
1437 2784 1494 2840 δὲ
1550 2784 1961 2861 ἀργυράσπιδες,

315 2886 363 2939 οἱ
396 2882 451 2937 δὲ
483 2877 891 2957 χαλκάσπιδες,
923 2880 974 2933 οἱ
1024 2876 1081 2931 δὲ
1131 2875 1274 2949 ἄλλῃ
1325 2881 1491 2950 χροιᾷ
1543 2876 1616 2937 ὥς
1647 2897 1722 2945 πη
1759 2874 1965 2947 ἑκάστῳ

310 2972 511 3038 ἐδόκει,
551 2970 946 3041 ἑκεκόσμηντο.
996 2964 1204 3027 Ο’ίτινες
1258 2966 1424 3037 μέσον
1470 2965 1627 3019 αὐτὸν
1677 2964 1965 3041 εἰληφότες

305 3064 400 3117 τὸν
438 3059 674 3133 Συμεὼν
708 3058 783 3119 ὡς
814 3054 1039 3131 βασιλέα
1070 3055 1345 3131 εὐφήμουν
1380 3056 1661 3127 Ῥωμαϊκῇ
1684 3058 1752 3127 τῇ
1786 3057 1961 3130 φωνῇ.

308 3153 517 3209 Πάντες
542 3147 605 3202 δὲ
634 3148 688 3201 οἱ
705 3146 756 3201 ἐν
785 3146 925 3201 τὲλει
949 3146 1039 3199 καὶ
1065 3146 1091 3198 ὁ
1113 3144 1329 3205 ἀστικὸς
1351 3141 1528 3215 δῆμος
1548 3142 1607 3197 έκ
1636 3142 1743 3197 τῶν
1765 3147 1965 3217 τειχῶν

307 3241 550 3304 ἐθεῶντο
581 3238 649 3291 τα
670 3234 943 3310 δρώμενα.
978 3238 1199 3307 Πριῖηος
1250 3232 1341 3287 οὖν
1393 3232 1423 3286 ὅ
1471 3231 1725 3307 βασιλεὺς
1755 3233 1966 3303 Ῥωμα-

308 3330 399 3390 va;
448 3328 556 3393 τὴν
617 3324 913 3399 εἰρημένην
969 3317 1280 3397 ἀποϐάθραν
1337 3315 1660 3375 καταλαϐὼν
1713 3320 1802 3374 τὸν
1865 3327 1967 3374 Συ-

314 3418 465 3490 μεὼν
500 3412 804 3488 ἐξεδέχετο.
835 3415 1062 3487 ’Ὁμηρα
1106 3408 1164 3465 δὲ
1213 3408 1396 3471 δόντες
1428 3408 1726 3479 ἀλλήλοις,
1757 3411 1843 3463 καὶ
1869 3412 1967 3478 τὴν

314 3501 643 3578 ἀποϐάθραν
702 3502 751 3556 οἱ
835 3500 1135 3576 Βοόλγαροι
1218 3496 1648 3573 διερευνήσαντες
1708 3494 1969 3573 ἀκριϐῶς,

318 3598 396 3668 μή
432 3596 546 3648 πού
578 3614 661 3653 τις
712 3589 875 3651 δόλος
915 3592 949 3659 ἢ
1000 3588 1185 3662 ἐνέδρα
1231 3587 1557 3662 κρόπτηται,
1607 3588 1729 3643 τότε
1779 3588 1973 3643 κατελ-

315 3687 429 3739 θεῖν
460 3684 557 3737 τὸν
591 3680 815 3753 Συμεὼν
864 3683 959 3733 τοῦ
1001 3676 1176 3732 ’ίππου
1222 3677 1620 3752 προετρέψαντο
1665 3677 1751 3731 καὶ
1805 3676 1976 3731 εἰσελ-

319 3776 431 3828 θεῖν
462 3772 604 3844 πρὸς
652 3770 745 3823 τὸν
808 3767 1054 3843 βασιλέα.
1103 3766 1437 3822 Ἠσπάσαντο
1485 3769 1612 3840 γοῦν
1664 3763 1973 3836 ἀλλήλους,

318 3863 410 3917 καὶ
471 3860 599 3932 περὶ
666 3859 889 3929 εἷρήνης
960 3855 1193 3930 ἤρξαντο
1270 3853 1635 3929 διαλέγεσθαι.
1705 3858 1789 3913 [Ρ.
1848 3858 1975 3928 624]

323 3951 470 4004 Φασὶ
501 3947 552 4003 δ’
584 3946 672 4001 οὖν
712 3947 877 4001 εἰπεῖν
905 3946 996 4000 τὸν
1046 3946 1324 4017 Ῥωμανὸν
1374 3946 1512 4020 πρὸς
1560 3944 1650 3999 τὸν
1702 3947 1928 4017 Συμεών
1960 3962 1973 3975 ·

326 4063 353 4089 «ι
410 4036 657 4106 Ἀκήκοά
716 4056 771 4089 σε
837 4035 1158 4109 Χριστιανὸν
1231 4031 1513 4109 ἄνθρωπον
1585 4033 1671 4087 καὶ
1726 4029 1974 4102 θεοσεϐῆ,

330 4125 537 4201 βλέπω
597 4122 650 4178 δὲ
698 4126 763 4178 τὰ
814 4118 942 4199 ἔργα
1005 4121 1275 4195 μηδαμῶς
1328 4128 1443 4183 τοῖς
1503 4120 1690 4197 λόγοις
1746 4117 1977 4194 συμϐαί-

322 4234 516 4269 νοντα.
577 4212 639 4267 Εἴ
700 4214 790 4284 μὶν
842 4213 946 4287 γὰρ
1023 4211 1247 4281 ἀληθῶς
1314 4211 1631 4285 Χριστιανὸς
1696 4211 1976 4286 ὑπάρχεις,

322 4308 533 4368 στῆσον
563 4322 694 4360 ποτε
722 4301 816 4363 τὰς
874 4299 1092 4361 ἀδίκους
1149 4301 1353 4377 σφαγὰς
1412 4301 1618 4361 καὶτὰς
1653 4299 1837 4374 χύσεις
1869 4305 1975 4354 τῶν

326 4392 561 4446 ἀνοσίων
596 4390 859 4463 αἱμάτων,
893 4390 981 4444 καὶ
1037 4396 1250 4444 σπεῖσαι
1310 4389 1428 4461 μεθ’
1484 4390 1644 4461 ἡμῶν
1702 4388 1808 4444 τῶν
1854 4391 1982 4462 Χρι-

2062 1814 2185 1863 tum
2211 1825 2384 1863 suum
2413 1809 2683 1863 decenter
2703 1811 3076 1877 ornasset,ad
3103 1810 3407 1866 definitum
3436 1812 3626 1867 locum
3654 1830 3714 1869 se

2064 1898 2329 1953 contulit.
2361 1900 2503 1952 Acta
2559 1897 2680 1951 haec
2738 1915 2893 1953 nona
2949 1897 3043 1953 die
3106 1900 3456 1955 Decembris.
3499 1900 3713 1956 Eodem

2062 1988 2220 2042 venit
2249 1991 2305 2040 et
2336 1986 3047 2052 Simeon,multitudinem
3082 1988 3381 2044 adducens
3412 1990 3591 2044 variis
3621 2008 3715 2045 or-

2066 2076 2305 2131 dinibus
2356 2093 2421 2130 ac
2453 2076 2656 2130 formis
2708 2077 3049 2131 distinctam
3086 2094 3098 2131 :
3137 2077 3231 2131 alii
3270 2095 3521 2149 namque
3552 2085 3718 2134 erant

2066 2165 2262 2219 aureis
2293 2166 2478 2219 scutis
2528 2165 2715 2219 ornati
2768 2169 2824 2219 et
2872 2165 3065 2219 aureis
3116 2165 3326 2232 hastis,
3362 2168 3460 2221 alii
3511 2184 3717 2239 argen-

2067 2254 2176 2308 teis
2210 2252 2567 2326 clypeis,alii
2600 2254 2787 2320 aereis,
2822 2254 2920 2308 alii
2953 2254 3201 2308 aliorum
3229 2255 3511 2326 colorum,
3549 2263 3720 2328 prout

2068 2344 2279 2413 cuique
2310 2343 2498 2397 visum
2534 2342 2742 2396 fuerat.
2777 2344 2821 2397 Ii
2851 2343 2910 2397 in
2944 2343 3201 2398 medium
3253 2345 3342 2399 sui
3378 2345 3715 2401 Simeonem

2068 2433 2524 2504 recipiebant,ac
2559 2432 2820 2487 Romana
2842 2448 2980 2486 voce
3011 2448 3204 2503 regem
3241 2435 3713 2490 consalutabant.

2069 2524 2285 2576 Omnes
2317 2537 2587 2591 proceres
2617 2523 2674 2575 et
2699 2520 2913 2575 civium
2948 2520 3423 2593 multitudo,quae
3454 2540 3720 2594 gereren-

2068 2618 2184 2677 tur,
2217 2611 2289 2665 de
2335 2610 2522 2665 muris
2570 2610 2933 2681 spectabant.
2978 2610 3139 2665 Prior
3188 2615 3485 2667 Romanus
3524 2613 3717 2670 locum

2071 2698 2469 2753 exsoensionis
2520 2697 2742 2752 dictum
2792 2698 3116 2769 occupavit,
3149 2705 3206 2753 et
3255 2701 3586 2756 Simeonem
3619 2720 3721 2757 ex-

2070 2788 2366 2859 spectavit.
2410 2788 2565 2842 Datis
2599 2788 2752 2843 ultro
2800 2788 3066 2859 citroque
3112 2788 3443 2853 obsidibus,
3478 2791 3715 2862 Bulgari

2071 2894 2204 2932 cum
2236 2877 2428 2932 locum
2455 2877 2762 2949 diligenter
2783 2876 3375 2949 pervestigassent,ne
3396 2881 3527 2951 quis
3549 2881 3722 2936 dolus

2071 2971 2173 3022 aut
2200 2966 2427 3022 insidia:
2472 2966 2739 3032 laterent,
2783 2966 3118 3021 Simeonem
3166 2983 3316 3039 equo
3366 2969 3720 3027 descendere

2072 3057 2380 3127 jusserunt
2431 3060 2487 3108 et
2517 3056 2587 3109 ad
2639 3056 3048 3125 imperatorem
3096 3056 3335 3111 intrare.
3370 3059 3454 3113 Ibi
3491 3076 3623 3115 cum
3658 3078 3722 3117 se

2079 3149 2283 3199 mutuo
2313 3142 2806 3212 consalutassent,
2841 3145 2911 3197 de
2943 3160 3081 3213 pace
3120 3145 3370 3214 colloqui
3402 3155 3723 3216 coeperunt.

2077 3236 2151 3288 Ac
2182 3233 2377 3287 ferunt
2421 3232 2751 3286 Romanum
2796 3232 2918 3286 haec
2963 3234 3140 3288 verba
3168 3235 3239 3288 ad
3290 3235 3606 3307 Bulgarum
3642 3240 3720 3294 fe-

2078 3323 2227 3378 cisse
2259 3339 2274 3378 :
2307 3344 2334 3371 ‹‹
2368 3321 2676 3376 Hominem
2724 3324 2780 3375 te
2826 3337 2954 3376 esse
3000 3321 3400 3377 Christianum
3451 3331 3508 3379 et
3559 3328 3722 3397 pium

2080 3410 2295 3477 audivi,
2330 3410 2429 3465 sed
2464 3410 2617 3464 facta
2644 3413 2746 3464 tua
2776 3410 2946 3464 fama;
2978 3409 3219 3465 minime
3258 3415 3633 3482 respondent.
3666 3416 3725 3470 Si

2081 3501 2239 3556 enim
2262 3514 2322 3553 re
2349 3515 2484 3553 vera
2515 3515 2577 3553 es
2604 3498 2996 3565 Christianus,
3026 3498 3199 3553 tinem
3231 3501 3467 3556 tandem
3498 3502 3589 3558 fac
3621 3520 3727 3558 caa-

2082 3590 2244 3644 dium
2267 3592 2324 3643 et
2345 3588 2624 3642 fundendi
2644 3587 2952 3659 sanguinis
2971 3588 3568 3663 insontis,pacemque
3591 3609 3724 3648 cum

2084 3678 2254 3733 nobis
2310 3676 2659 3733 Christianis
2709 3676 3078 3731 Christianus
3129 3681 3186 3731 et
3234 3678 3359 3749 ipse
3418 3696 3726 3752 compone,

2086 3783 2275 3838 neque
2306 3767 2391 3820 fac
2422 3770 2486 3819 ut
2510 3766 2719 3820 dextraa
2757 3765 3218 3821 Christianorum
3270 3767 3572 3839 polluatur
3600 3789 3731 3826 san-

2087 3857 2263 3929 guine
2294 3855 2565 3911 eumdem
2598 3854 2894 3909 Christum
2930 3854 3267 3911 colentium.
3300 3857 3484 3913 Homo
3519 3865 3575 3914 et
3604 3861 3733 3931 ipse

2086 3949 2427 4012 es,mortem
2457 3943 2765 4014 opperiens
2783 3947 2838 3997 et
2859 3944 3341 4000 resurrectionem
3368 3952 3426 4001 et
3442 3948 3732 4017 judicium

2088 4051 2155 4090 ac
2185 4034 2421 4104 dignam
2471 4032 2591 4087 vita
2622 4036 2750 4087 acta
2793 4033 2946 4087 306
2976 4035 3325 4089 mercedem.
3354 4036 3533 4091 Hodie
3566 4038 3734 4109 vivis,

2088 4128 2145 4180 et
2176 4140 2306 4178 cras
2338 4122 2397 4176 in
2431 4120 2727 4192 pulverem
2759 4121 3122 4177 dissolveris.
3158 4123 3215 4177 Si
3265 4124 3601 4180 divitiarum
3633 4144 3734 4183 cu-

2089 4211 2303 4284 piditas
2326 4216 2382 4265 te
2404 4212 2474 4265 ad
2498 4210 2620 4265 haec
2644 4212 2869 4281 agenda
2894 4211 3162 4280 impellit,
3182 4228 3285 4283 ego
3309 4214 3377 4267 ad
3402 4215 3733 4272 satietatem

2089 4318 2275 4372 usque
2305 4304 2361 4354 te
2392 4299 2465 4354 iis
2487 4299 2731 4370 opplebo
2758 4316 2770 4353 :
2797 4304 3023 4354 tantum
3078 4317 3276 4371 pacem
3304 4303 3653 4374 amplectere
3685 4311 3741 4361 et

2089 4388 2461 4445 concordiam
2493 4388 2687 4457 dilige,
2721 4393 2785 4442 ut
2814 4388 2940 4459 ipse
2970 4405 3203 4460 quoque
3246 4391 3423 4446 vitam
3474 4400 3737 4463 pacatam

330 4486 590 4551 στιανῶν,
626 4480 950 4554 Χριστιανὸς
984 4480 1070 4533 καὶ
1118 4478 1278 4542 αὐτὸς
1326 4473 1399 4532 ὥν
1432 4478 1521 4532 καὶ
1557 4477 1959 4551 ὀνομαζόμενος

2094 4480 2272 4549 degas
2302 4494 2367 4532 ac
2389 4478 2840 4542 incruentam,et
2862 4478 3097 4534 tandem
3123 4479 3442 4535 Christiani
3467 4484 3742 4538 desinant

326 4572 416 4625 καὶ
460 4572 538 4641 μὴ
590 4568 718 4633 θέλε
771 4567 1100 4641 μολύνεσθαι
1143 4571 1472 4641 Χριστιανῶν
1533 4561 1705 4637 δεξιὰς
1760 4566 1979 4640 αἶ’μασιν

331 4660 655 4731 ὁμοπίστων
714 4662 1066 4731 Χριστιανῶν.
1142 4658 1460 4729 ’Ἄνθρωπος
1529 4656 1579 4709 εἴ
1651 4656 1740 4710 καὶ
1798 4656 1981 4727 αὐτὸς,

331 4747 587 4811 θάνατον.
623 4742 943 4822 προσδοκῶν
1003 4744 1092 4799 καὶ
1142 4744 1448 4811 ἀναστασιν,
1500 4743 1589 4798 καὶ
1646 4743 1845 4818 κρίσιν,
1892 4745 1983 4799 καὶ

329 4833 702 4891 ἀνταπόδοσιν
755 4838 864 4888 τῶν
938 4828 1309 4908 βεϐιωμένων.
1389 4834 1639 4907 Σήμερον
1698 4832 1984 4909 ὑπάρχεις,

324 4926 416 4979 καὶ
460 4922 654 4998 αὔριον
706 4922 785 4983 εἷς
839 4921 985 4977 κόνιν
1043 4918 1366 4994 διαλυθήσῃ.
1426 4922 1493 4976 Et
1547 4920 1790 4976 πλούτου
1849 4921 1987 4997 ἐρῶν

322 5012 501 5069 ταῦτα
557 5017 756 5075 ποιεῖς,
814 5008 922 5085 ἐγώ
974 5032 1032 5065 σε
1089 5009 1286 5064 τούτου
1342 5007 1614 5082 ἐμπλήσω
1666 5011 1741 5072 εἰς
1798 5011 1983 5085 κόρον.

325 5104 517 5161 Μόνον
552 5100 785 5155 ἄσπασαι
816 5102 916 5168 τήν
965 5099 1185 5172 εἰρήνην
1243 5099 1331 5153 καὶ
1393 5099 1674 5173 ἀγάπησον
1724 5100 1821 5166 τὴν
1857 5100 1988 5172 ὁμό-

324 5189 625 5255 νοιαν,⁹ἱνα
654 5190 739 5244 καὶ
786 5189 947 5250 αὐτὸς
1000 5188 1116 5264 βίον
1179 5190 1346 5263 ζήσῃς
1392 5187 1658 5262 εἰρηνικὸν
1710 5189 1799 5241 καὶ
1829 5188 1985 5243 ἀναί-

330 5303 571 5356 μακτον,
632 5280 720 5333 καὶ
799 5278 852 5332 οἱ
911 5277 1229 5354 Χριστιανοὶ
1310 5277 1622 5331 παύσωνται
1680 5298 1813 5332 ποτε
1870 5279 1986 5332 κατ’

2093 4570 2293 4623 contra
2317 4582 2378 4621 se
2400 4566 2646 4621 invicem
2698 4582 2865 4621 arma
2886 4568 3056 4621 ferre.
3092 4591 3121 4618 »
3156 4569 3252 4623 His
3287 4570 3483 4626 verbis
3515 4572 3743 4645 hacque

2093 4655 2490 4711 submissione
2542 4654 2912 4725 imperatoris
2961 4656 3030 4711 ad
3067 4659 3476 4714 verecundiam
3529 4662 3744 4717 ductus

2092 4745 2323 4800 Simeon
2374 4744 2643 4815 promisit
2694 4760 2755 4799 se
2795 4761 2995 4816 pacem
3045 4746 3372 4817 facturum;
3405 4753 3460 4803 et
3510 4757 3746 4820 peracta

2095 4833 2446 4889 salutatione
2467 4832 2796 4888 discessum
2822 4840 3073 4901 est,cum
3098 4836 3337 4906 quidem
3366 4840 3747 4911 magnificen-

2093 4923 2325 4977 tissima
2354 4922 2506 4977 dona
2537 4921 2793 4977 Simeoni
2824 4923 3142 4993 imperator
3179 4926 3456 4981 dedisset.
3497 4929 3745 5001 Dignum

2096 5017 2181 5068 est
2213 5010 2397 5065 relatu
2431 5011 2764 5082 prodigium
2797 5013 2951 5082 quod
2976 5017 3116 5067 tunc
3139 5014 3521 5071 accidit.Nam
3556 5019 3751 5073 ferunt

2097 5101 2567 5171 colloquentibus
2598 5099 2964 5172 principibus
2998 5102 3145 5158 duas
3176 5104 3406 5174 aquilas
3438 5109 3616 5178 stlpra
3649 5124 3747 5163 eos

2094 5190 2389 5260 volitasse,
2426 5194 2481 5244 et
2512 5205 2644 5244 cum
2676 5188 2950 5261 clangore
2976 5208 3038 5246 se
3070 5195 3465 5265 conjunxisse,
3502 5214 3750 5268 moxque

2097 5280 2358 5335 divulsas
2389 5280 2593 5348 fuisse,
2628 5279 2709 5333 ita
2742 5285 2806 5334 ut
2855 5280 3038 5335 altera
3086 5284 3155 5337 ad
3218 5285 3423 5339 urbem
3478 5285 3662 5342 altera
3695 5288 3751 5340 in

1485 5459 1887 5521 XYLANDRI
1932 5460 2033 5519 ET
2074 5461 2309 5521 GOARI
2356 5460 2611 5521 NOTIE.

403 5597 527 5667 (72)
561 5592 920 5667 Ὠμοφορίου,
951 5597 1169 5650 vestem
1206 5593 1266 5648 Β.
1304 5591 1553 5664 Virginis
1583 5591 1663 5647 ibi
1694 5591 1960 5662 reposita:

2071 5592 2246 5648 GOAR.
