4004 6208
332 312 412 373 39
1140 356 1141 359 η
1680 297 1966 360 GEORGI

2080 299 2382 362 IEDRENI
2514 346 2515 349 γ
3659 317 3740 378 ω

330 442 637 501 Thraciam
666 439 936 496 avolaret.
972 436 1055 502 Id,
1088 434 1187 506 qui
1220 431 1466 504 augurio
1498 429 1717 501 aliquid
1753 431 1966 486 tribue-

2085 428 2352 501 ἀλλήλων
2405 432 2550 489 ὅπλα
2605 440 2897 499 κινοῦντες.
2933 460 2961 489 »
3017 440 3114 494 Καὶ
3178 444 3343 497 ταῦτα
3403 444 3498 515 μὶν
3532 446 3675 500 εἶπεν
3708 448 3736 501 6

335 539 492 599 bant,
528 533 756 602 signum
808 526 1245 597 inauspicatum
1295 519 1661 592 interpretati
1712 523 1871 585 sunt,
1923 526 1966 574 et

2093 517 2367 594 βασιλεὺς,
2400 521 2661 587 αἰδεσθεὶς
2712 522 2768 579 δὲ
2818 527 2845 580 6
2901 529 3129 601 Συμεὼν
3172 532 3271 600 τὴν
3312 531 3506 587 τοὺτου
3546 534 3733 589 ταπεί-

330 626 545 680 infecta
575 637 714 694 pace
769 617 1093 672 discessum
1126 612 1197 667 iri
1238 610 1602 681 judicarunt.
1637 608 1871 663 Simeon
1904 608 1966 663 ad

2088 628 2253 661 νωσιν
2288 610 2555 686 ὑπέσχετο
2602 615 2700 681 τήν
2745 613 2971 689 εἶ’ρηνην
3021 619 3372 687 ποιήσασθαι.
3408 622 3514 677 Καὶ
3560 622 3733 677 ἆσπασ

330 732 469 771 suos
500 726 768 769 reversus
798 705 1137 778 proceribus
1167 699 1627 757 moderationem
1672 697 1966 768 imperato

2089 698 2313 783 σάμενοι
2388 698 2676 770 ἀλλήλους
2772 700 3230 778 διεχωρίσθησαν,
3307 712 3404 762 τοῦ
3466 710 3736 783 βασιλέως

331 805 410 859 ris
445 807 502 858 et
530 797 940 857 liberalitatem
972 790 1248 849 narravit.
1598 868 1602 870 Δ

2091 782 2288 859 δώροις
2336 788 2771 865 μεγαλοπρεπὶσι
2852 791 3252 866 δεδιωσαμένου
3328 798 3421 852 τὸν
3468 782 3732 870 Συμεών.

332 884 655 963 Συμϐἑόηκε
708 884 765 939 δὲ
818 906 870 939 τι
920 880 1195 955 τεράστιον
1253 875 1395 943 τότε,
1456 875 1528 935 ὡς
1575 868 1718 963 ἄξιον
1779 874 1911 926 εἶναι
1968 872 2057 927 καὶ
2116 872 2493 951 διηγήσασθαι.
2550 879 2653 935 Δύο
2711 882 2870 953 φασὶν
2925 882 3113 945 ἀετοὺς
3139 889 3247 939 τῶν
3286 868 3570 961 βασιλέων.
3604 890 3731 962 ὁμι-

329 981 567 1037 λούντων
627 975 825 1031 ἄνωθεν
887 972 1061 1026 αὐτῶν
1122 969 1481 1036 ὑπερπτῆναι,
1532 961 1771 1053 ,κλάγξαι
1833 983 1891 1017 τε
1975 963 2066 1017 καὶ
2152 963 2426 1036 ἀλλήλοις
2500 973 2765 1043 συμμῖξαι
2821 972 2907 1025 καὶ
2960 972 3265 1048 παραυτίκα
3321 961 3729 1053 διαζενχθῆναι,

220 1114 223 1117 ν
327 1071 414 1124 καὶ
462 1069 553 1122 τὸν
615 1066 707 1140 μὲν
761 1063 848 1117 ἐπὶ
904 1061 1002 1128 τὴν
1049 1056 1210 1112 πόλιν
1245 1053 1446 1122 ἐλθεῖν,
1491 1052 1584 1106 τὸν
1628 1048 1685 1104 δὲ
1732 1049 1825 1105 ἐπέ
1870 1051 1967 1140 τὴν
2015 1052 2229 1128 Θρᾴκην
2282 1056 2610 1127 ἀποπτῆναι.
2657 1064 2825 1113 Τοῦτο
2860 1057 2915 1114 δὲ
2946 1061 2998 1114 οἱ
3039 1061 3161 1135 περὶ
3191 1064 3285 1125 τὰς
3317 1048 3728 1140 ὀρνιθοσκοπίας

326 1134 655 1253 «ἐπτοημένοέ
714 1154 817 1253 (ἐόν.
844 1150 1042 1253 ..αἶσιον
1104 1140 1644 1253 ἔκρινανῃοὶωνόν·
1725 1134 2073 1253 (ξσυμϐάτοιρς
2169 1143 2273 1217 γὰρ
2348 1141 2773 1253 διαλυθήσεσθαι
2860 1148 2948 1203 ἐπὶ
3008 1152 3076 1223 τῇ
3136 1134 3729 1231 εἴρήνῃάμφοτὲρους

327 1227 551 1322 ἔφησαν.
601 1246 663 1300 Ὁ
720 1241 777 1297 δὲ
840 1238 1063 1311 Συμεὼν
1122 1231 1662 1322 ὑποστρέψας-τοῖς⁸
1710 1228 1933 1290 οἰκείοις
1999 1227 2230 1306 ἄρχουσι
2302 1235 2400 1302 τὴν
2472 1240 2568 1290 τοῦ
2631 1237 2899 1310 βασιλέως
2955 1238 3197 1315 ἰξηγεῖτο
3254 1227 3729 1316 μετριότητανκαὶ

326 1316 385 1391 τδ
414 1316 549 1412 πρὸς
577 1335 644 1388 τὰ
664 1334 773 1408 χρή
788 1350 929 1403 ματα
958 1325 1242 1402 προετικόν
1274 1344 1333 1377 τε
1360 1321 1452 1376 καὶ
1483 1316 1809 1392 ἐλευθεριον.

396 1408 559 1482 Festo
590 1424 805 1479 Christi
859 1417 1146 1485 natalitio,
1190 1414 1511 1469 indictione
1559 1409 1837 1475 secunda,
1874 1408 1977 1463 Ro-

326 1533 538 1571 manus
561 1516 708 1568 duos
730 1528 869 1566 suos
888 1508 1037 1563 ﬁlios
1062 1504 1420 1575 Stephanum
1444 1504 1500 1556 et
1524 1497 1971 1553 Constantinum

322 1610 563 1659 coronat
611 1603 671 1655 in
720 1601 927 1671 Magno
957 1594 1196 1666 Templo
1231 1609 1242 1646 :
1280 1590 1569 1661 reliquum
1610 1586 1972 1657 Theophyla—

323 1700 481 1748 ctum
507 1691 838 1763 patriarcha
860 1687 1013 1741 radit
1061 1700 1126 1738 ac
1148 1681 1422 1737 clericum
1448 1677 1693 1741 facit,et
1723 1675 1963 1730 subdia-

322 1798 532 1836 conum
557 1796 622 1835 ac
645 1773 1414 1850 syncellumdesignat,cum
1432 1767 1593 1839 prius
1614 1765 1671 1819 in
1696 1768 1961 1819 sanctua-

2160 1411 2303 1465 Κατὰ
2334 1408 2390 1465 δὲ
2419 1414 2517 1481 τήν
2574 1414 2766 1488 ἑορτὴν
2824 1420 2934 1470 τῶν
2984 1417 3418 1493 Χριστουγίννων
3455 1417 3727 1477 ἰνδικτιῶ-

2082 1518 2173 1560 νος
2208 1501 2272 1575 β’,
2307 1502 2584 1573 Ῥωμανὸς
2637 1505 2664 1557 6
2726 1504 2978 1579 βασιλεὺς
3040 1506 3216 1584 στέφει
3274 1508 3402 1572 τοὺς
3449 1507 3543 1564 δύο
3576 1510 3728 1573 υἱοὺς

2079 1586 2269 1653 αὐτοῦ,
2331 1592 2598 1668 Στέφανον
2636 1594 2723 1647 καὶ
2787 1600 3209 1664 Κωνσταντῖνον,
3265 1596 3317 1651 ἐν
3378 1602 3445 1671 τῇ
3500 1598 3728 1675 Μεγάλῃ

2069 1677 2390 1750 Ἐκκλησία·
2422 1656 2514 1735 τιὸν
2548 1678 2605 1734 δὲ
2662 1680 2859 1736 λοιπὸν
2908 1684 3024 1737 υἱὸν
3080 1656 3245 1739 αὐτοῦ
3296 1656 3727 1764 Θεοιρυλακτονδ

2074 1769 2422 1842 πατριάρχης
2481 1770 2731 1845 ἀπέκειρε
2787 1770 3079 1845 κληρικὸν,
3120 1777 3513 1847 χειροτονήσας
3567 1776 3725 1829 αὐτὸν

323 1874 475 1925 rium
499 1869 777 1922 intrasset
798 1856 1417 1919 ofﬁciumsubdiaconi
1442 1851 1963 1926 gerens.JoarTnem

2080 1852 2449 1922 ὑποδιάκονον,
2496 1842 2991 1931 προχειρισάμενος
3060 1842 3160 1913 καὶ.
3208 1842 3532 1935 σύγκελλον,
3589 1862 3726 1938 πρό-

323 1976 495 2031 porro
527 1956 839 2029 mysticum
872 1960 930 2008 et
959 1947 1475 2023 gubernandarum
1517 1958 1711 1997 rerum
1743 1940 1966 1996 socium

322 2048 562 2121 patricia
606 2049 752 2102 307
814 2062 880 2100 ac
940 2039 1341 2115 proconsulari
1398 2036 1683 2107 dignitate
1742 2033 1970 2087 ornavit

321 2142 657 2209 imperator.
721 2136 822 2190 Die
879 2133 1013 2188 Maii
1071 2130 1297 2185 decima
1362 2126 1590 2197 quinta,
1652 2121 1969 2176 indictione

318 2226 773 2292 tertia,moritur
803 2222 1078 2277 Nicolaus
1112 2216 1462 2289 patriarcha,
1483 2229 1617 2268 cum
1649 2229 1683 2266 a
1712 2210 1972 2266 secunda

319 2316 726 2387 designatione
759 2328 977 2368 munus
1009 2326 1182 2365 suum
1232 2305 1515 2378 gessisset
1566 2318 1752 2357 annos
1781 2300 1970 2354 trede-

317 2406 451 2460 cim.
487 2410 751 2473 Augusto
796 2416 997 2455 mense
1028 2412 1335 2453 successor
1364 2393 1415 2448 ei
1465 2396 1698 2447 creatur
1735 2387 1967 2458 Stepha-

320 2512 449 2555 nus,
484 2492 734 2547 Amasitn
767 2487 1159 2559 metrOpolita.
1198 2485 1370 2538 Porro
1404 2481 1688 2551 mysticus
1723 2477 1978 2558 aﬂ'ectati

316 2583 546 2654 imperii
580 2583 857 2645 defertur,
894 2579 965 2631 ad
1002 2578 1107 2630 hoc
1144 2591 1287 2629 usus
1340 2570 1582 2625 consilio
1627 2569 1846 2623 Cosmus
1883 2581 1977 2636 pa-

315 2671 467 2726 tricii
500 2670 804 2741 logothetae
840 2670 1053 2729 dromi,
1087 2665 1187 2735 qui
1219 2677 1354 2716 eum
1388 2660 1501 2714 sibi
1535 2672 1813 2729 generum
1849 2672 1971 2708 am-

322 2763 533 2825 biebat,
562 2764 619 2814 et
652 2757 869 2830 palatio
901 2755 1153 2823 ejicitur,
1190 2750 1476 2822 permisso
1527 2754 1722 2801 tamen
1758 2749 1819 2798 ut
1845 2745 1976 2798 ado-

319 2849 487 2903 randi
518 2847 891 2919 imperatoris
922 2860 1101 2898 causa
1131 2842 1187 2894 id
1221 2839 1639 2909 ingrederetur.
1674 2834 1819 2887 Nam
1862 2833 1969 2886 im-

315 2945 547 3009 perator
575 2954 707 2993 eum
741 2936 1042 3005 diligebat,
1077 2932 1324 2999 ideoque
1376 2942 1617 2998 prorsus
1665 2922 1969 2977 excludere

320 3028 568 3082 nolebat.
606 3025 971 3081 [astantibus
1022 3029 1220 3076 tamen
1274 3014 1733 3077 accusatoribus,
1768 3015 1825 3065 et
1855 3011 1965 3065 cri-

322 3118 481 3172 mina
511 3118 559 3172 ei
594 3117 823 3185 objecta
838 3130 972 3167 vera
996 3126 1123 3165 esse
1145 3101 1967 3171 demonstrantibus,impera-

2076 1963 2228 2017 τερον
2259 1941 2541 2007 διελθόντα
2572 1944 2648 2006 εἷς
2679 1945 2745 1999 τὰ
2801 1943 2930 2020 ἅγια
2991 1948 3125 2019 μετὰ
3171 1952 3268 2002 τοῦ
3307 1950 3586 2023 τάγματος
3618 1956 3726 2005 τῶν

2080 2029 2473 2087 ὑποδιακόνων.
2533 2035 2793 2106 Ἐτίμησε
2825 2033 2880 2089 δὲ
2935 2036 3023 2091 καὶ
3084 2038 3173 2091 τὸν
3234 2039 3490 2111 μυστικὸν
3540 2040 3725 2096 Ἰωάν-

2077 2143 2170 2190 νην
2253 2121 2343 2175 καὶ
2427 2120 2963 2197 παραδυναστεύοντα
3059 2125 3341 2201 πατρίκιον
3431 2128 3520 2182 καὶ
3607 2130 3726 2184 ἀνο-

2082 2210 2303 2266 ύπατον.
2342 2213 2396 2265 ιε’
2429 2208 2485 2265 δὶ
2532 2210 2707 2267 Μαίου
2770 2214 2963 2284 μηνὸς,
3015 2212 3359 2277 ἰνδικτιῶνος
3388 2218 3454 2291 γ’,
3494 2214 3725 2288 τελευτᾷ

2082 2300 2109 2354 6
2159 2302 2506 2376 πατριάρχης
2562 2300 2853 2371 Νικόλαος,
2912 2305 3187 2378 κρατήσας
3250 2304 3302 2358 ἐν
3371 2310 3441 2378 τῇ
3500 2303 3723 2381 δευτέρᾳ

2081 2387 2371 2463 ἀναρῥήσει
2422 2386 2516 2459 ἓτη
2570 2392 2638 2465 ἱγ’
2672 2410 2683 2422 ·
2745 2391 2833 2444 καὶ
2898 2392 3210 2455 καθίσταται
3264 2393 3554 2467 Αὐγούστῳ
3588 2395 3723 2467 μηνὶ

2082 2477 2428 2552 πατριάρχης
2482 2480 2509 2533 6
2564 2486 2663 2547 τῆς
2721 2480 3009 2552 Ἀμασείας
3073 2480 3490 2555 μητροπολίτης
3521 2483 3726 2557 Στέφαο

2081 2586 2194 2627 νος.
2235 2569 2590 2641 Κατηγορήῧη
2622 2565 2678 2621 δὲ
2707 2568 2797 2622 καὶ
2843 2569 2871 2621 6
2924 2570 3180 2641 μυστικὸς
3210 2569 3285 2633 ὠς
3310 2571 3409 2638 τήν
3443 2571 3719 2644 βασιλείαν

2084 2654 2549 2728 σφετεριζόμενος,
2600 2656 2688 2709 καὶ
2766 2655 3011 2730 ὑποθήκῃ
3086 2663 3184 2712 τοῖ’)
3266 2660 3551 2733 πατρικίου
3610 2668 3722 2715 Ko-

2082 2748 2192 2815 σμᾶ
2222 2746 2335 2815 (73)
2366 2744 2453 2797 καὶ
2508 2743 2799 2817 λογοθὲτου
2845 2750 2941 2800 τοῦ
3000 2744 3231 2821 δρόμου,
3287 2749 3727 2821 μνηστευομένου

2079 2836 2268 2886 τοῦτον
2315 2832 2390 2896 εἷς
2426 2835 2524 2902 τήν
2584 2834 2773 2888 ἑαυτοῦ
2831 2834 3113 2909 θυγατέρα,
3172 2832 3595 2906 καταϐιϐάζεται
3628 2844 3727 2893 τοῦ

2078 2920 2372 2977 παλατίου.
2426 2928 2807 2996 Συγχωρεῖται
2884 2921 2929 2977 δ’
3006 2925 3158 2996 ὅμως
3233 2925 3573 3000 εἷσάρχεσθαι
3634 2927 3725 2981 καῖ

2078 3016 2398 3085 προσκυνεῖν
2435 3012 2526 3065 τὸν
2592 3010 2854 3085 βασιλὲα’
2918 3014 3151 3087 στέργων
3202 3015 3306 3089 γὰρ
3357 3014 3515 3069 αὐτὸν
3551 3016 3578 3070 6
3632 3017 3725 3091 βα-

2078 3098 2258 3161 σιλεὺς
2302 3099 2506 3161 τελὲως
2559 3099 2873 3154 ἀπώσασθαι
2934 3103 3035 3155 οὐκ
3105 3097 3384 3158 ἐϐούλετο.
3439 3105 3723 3179 Ἐγχειμὲ-

318 3211 409 3260 lor
436 3203 559 3259 rem
595 3208 1016 3275 perscrutatus,
1050 3214 1183 3252 cum
1217 3192 1679 3265 deprehenderet
1708 3208 1822 3244 non
1855 3190 1959 3244 ali-

2080 3210 2177 3243 νων
2231 3187 2288 3243 δὲ
2329 3194 2434 3243 τῶν
2491 3190 2810 3263 κατηγόρων
2887 3190 2976 3244 καὶ
3034 3198 3175 3264 σαφῆ
3237 3190 3560 3248 διεκνύντων
3618 3196 3722 3263 τὴν

318 3298 404 3349 ter
433 3309 604 3365 quem
635 3294 675 3346 ii
708 3291 1030 3346 retulerant
1061 3289 1293 3352 habere,
1325 3297 1531 3353 capere
1562 3280 1875 3351 mysticum
1908 3282 1964 3333 et

320 3383 671 3453 quaestiones
703 3382 774 3436 de
806 3397 871 3435 eo
903 3393 1166 3433 exercere
1203 3371 1595 3436 statuit.Quod
1628 3369 1680 3423 is
1708 3384 1963 3438 praesen-

318 3472 471 3527 tiens
528 3471 586 3525 in
651 3468 1072 3524 monasterium
1144 3465 1621 3519 Monocastanum
1680 3456 1961 3525 confugit,

322 3560 519 3631 ibique
570 3558 896 3615 monachus
945 3560 1036 3609 est
1083 3554 1293 3606 factus.
1329 3546 1643 3603 Patricium
1692 3549 1960 3599 Cosmam

315 3648 673 3720 logothetam
705 3648 763 3700 in
796 3641 1441 3713 Horologioimperator
1471 3635 1621 3689 male
1652 3633 1961 3688 multatum

317 3737 510 3791 ofﬁcio
555 3734 849 3806 deposuit.
886 3733 1031 3786 Loco
1072 3728 1301 3799 mystici
1343 3723 1649 3781 substituit
1699 3728 1960 3794 protove-

316 3826 587 3879 stiarium
637 3822 1054 3892 Theophanem
1088 3826 1145 3872 et
1196 3816 1398 3871 eadem
1450 3816 1733 3883 potestate
1780 3810 1961 3866 auxit.

315 3915 436 3968 Sub
468 3914 624 3967 idem
676 3918 911 3982 tempus
943 3909 1001 3962 in
1035 3906 1282 3962 Thracia
1311 3911 1476 3959 terras
1511 3906 1704 3957 motus
1739 3900 1960 3955 hiatus—

315 4019 428 4075 que
460 4001 751 4057 terribiles
782 4002 1037 4062 l'uerunt,
1074 3996 1388 4064 multasque
1418 3994 1628 4047 domus
1658 3996 1714 4045 ct
1744 3989 1963 4060 templa

315 4110 431 4148 una
460 4108 592 4147 cum
624 4091 765 4162 ipsis
798 4086 1137 4143 hominibus
1167 4084 1443 4153 absorpta
1471 4085 1629 4137 sunt.

386 4360 537 4415 Maio
569 4373 789 4422 mense,
824 4355 1142 4411 indictione
1175 4352 1259 4416 15,
1292 4350 1525 4404 Simeon
1574 4346 1959 4418 Bulgarorum

318 4451 588 4522 princeps
621 4449 679 4503 in
712 4446 1034 4503 Chrobatos
1082 4442 1283 4506 duxit;
1318 4440 1390 4493 ab
1422 4438 1610 4508 iisque
1652 4436 1711 4490 in
1746 4453 1962 4507 angus-

278 4532 289 4537 ’
316 4540 413 4594 tiis
438 4538 728 4594 montium
752 4533 953 4606 proelio
982 4533 1172 4587 victus
1199 4544 1433 4586 omnem
1458 4542 1631 4581 suum
1657 4526 1809 4581 308
1823 4525 1963 4580 ami-
1998 4569 2043 4634 Β

316 4626 1007 4684 sitexercitum.Joannes
1021 4627 1215 4675 autem
1230 4616 1469 4689 quidam
1484 4614 1965 4669 astronomusRo-

317 4732 557 4771 manum
610 4713 875 4779 accessit,
908 4725 1159 4781 eumque
1206 4706 1437 4761 monuit
1480 4704 1562 4757 uti
1612 4704 1811 4756 mittat
1859 4700 1961 4756 ali-

320 4821 494 4878 quem
548 4804 649 4876 qui
710 4805 973 4873 amputet
1031 4801 1206 4870 caput
1262 4794 1727 4862 columnas,quaa
1785 4808 1963 4861 supra

320 4893 630 4965 Xerolophi
654 4891 934 4947 fornicem
967 4888 1156 4960 posita
1184 4884 1545 4940 occidentem
1570 4880 1920 4952 respiciebat
1947 4897 1959 4935 :

323 4985 404 5039 ita
434 4985 588 5038 enim
615 4982 968 5045 Simeonem,
1001 4978 1093 5031 cui
1120 4975 1220 5030 illa
1242 4972 1436 5028 fatalis
1458 4976 1600 5037 erat,
1634 4971 1833 5025 statim
1867 4986 1963 5040 pe-

315 5075 588 5129 riturum.
626 5072 945 5125 Exsecutus
966 5067 1077 5121 hoc
1099 5070 1187 5120 est
1230 5063 1545 5134 imperator
1569 5078 1580 5115 :
1601 5068 1649 5114 el
1684 5076 1801 5131 qua
1821 5059 1965 5115 hora

2070 3276 2426 3350 κατηγορίαν,
2492 3280 2574 3350 [Ρ.
2633 3278 2759 3352 635]
2818 3278 3108 3352 ἐρευνήσας
3188 3281 3216 3335 6
3297 3281 3554 3356 βασιλεὺς
3628 3284 3722 3337 καὶ

2071 3365 2255 3434 ἀληθῆ
2283 3366 2350 3418 τὰ
2378 3367 2494 3420 κατ’
2541 3365 2704 3420 αὐτοῦ
2760 3366 2929 3440 εὑρὼν
2980 3366 3288 3438 λαληθέντα
3318 3368 3522 3443 ἔμελλε
3550 3392 3723 3425 κατα-

2072 3460 2222 3529 σχεῖν
2255 3453 2343 3507 καὶ
2398 3453 2630 3523 ἰξετάσαι
2668 3473 2680 3485 ⁸
2719 3455 2746 3509 6
2812 3453 2872 3509 δὲ
2924 3461 3085 3510 τοῦτο
3136 3458 3410 3531 προγνοὺς
3442 3480 3586 3535 φυγῃ
3618 3461 3717 3528 τήν

2069 3545 2478 3597 Μυνοκάστανον
2544 3544 2711 3615 μονήν
2778 3541 3185 3617 καταλαμϐάνει
3259 3548 3348 3601 καὶ
3435 3546 3716 3623 ἄποκείρε·

2067 3653 2156 3685 ται
2216 3632 2475 3706 μοναχός.
2510 3634 2607 3686 Τὸν
2644 3629 2699 3686 δὲ
2729 3631 3012 3704 πατρίκιον
3048 3640 3264 3707 Κοσμᾶν
3301 3635 3390 3689 καὶ
3422 3635 3719 3711 λογοθὲτην

2071 3720 2415 3793 αἰκισάμενος
2474 3723 2502 3776 6
2533 3720 2785 3796 βασιλεὺς
2847 3721 2897 3775 ἐν
2958 3726 3037 3793 τῷ
3083 3722 3401 3799 ὡρολογείῳ
3446 3723 3717 3799 παρέλυσε

2066 3818 2166 3879 τῆς
2232 3810 2431 3884 ἀρχῆς.
2512 3804 2894 3883 Ῑιροϐάλλεται
2984 3807 3042 3865 δὲ
3124 3812 3239 3866 ἀντὶ
3298 3817 3393 3867 τοῦ
3454 3820 3717 3885 μυστικοῦ

2071 3899 2317 3955 Ἰωάννου
2368 3900 2457 3953 τὸν
2515 3893 3010 3973 πρωτοϐεστιάριον
3070 3902 3349 3975 Θεοφάνην
3409 3900 3713 3976 παραδυνα-

2070 3988 2342 4044 στεύοντα.
2407 3988 2647 4062 Ἐγένετο
2698 3992 2997 4055 τηνικαῦτα
3071 3990 3161 4043 καὶ
3248 3991 3469 4062 σεισμὸς
3525 3990 3576 4045 ἐν
3635 3996 3716 4063 τῷ

2070 4078 2260 4148 θὲματι
2318 4080 2425 4129 τῶν
2487 4076 2807 4146 Θρᾳκησίων
2849 4076 2938 4130 καὶ
2998 4078 3255 4151 χάσματα
3294 4086 3398 4153 γῆς
3428 4080 3714 4151 καταπλη-

2068 4166 2246 4233 κτικά,
2280 4163 2417 4218 ὥστε
2445 4163 2630 4219 πολλά
2673 4164 2855 4239 χωρία
2905 4166 2993 4219 καὶ
3048 4165 3341 4237 ἐκκλησίας
3382 4165 3715 4244 αὐτάνδρους

2068 4254 2458 4322 καταποθῆναι.

2141 4342 2302 4413 Μαίῳ
2333 4339 2389 4395 δὲ
2424 4342 2577 4413 μηνὶ,
2622 4338 2959 4402 ἷνδικτιῶνος
3010 4350 3087 4412 ιε’,
3131 4337 3389 4413 εἰσϐολὴν
3426 4347 3651 4417 Συμεὼν
3684 4347 3713 4399 6

2070 4438 2169 4500 τῆς
2229 4427 2573 4505 Βουλγαρίας
2624 4427 2810 4504 ἄρχων
2894 4429 3190 4501 ἐποιήσατο
3271 4435 3406 4487 κατὰ
3478 4428 3714 4509 Χρωϐά-

2072 4542 2178 4575 των
2213 4521 2345 4592 (74),
2377 4518 2466 4572 καὶ
2500 4512 2798 4589 συμϐαλὼν
2860 4524 2975 4591 μετ’
3030 4519 3209 4575 αὐτῶν
3260 4522 3350 4575 καὶ
3380 4522 3631 4590 ἡττηθεὶς
3663 4521 3717 4576 ἐν

2072 4615 2192 4670 ταῖς
2221 4613 2325 4662 τῶν
2351 4607 2491 4682 ὀρῶν
2553 4604 2885 4681 δυσχωρίαις
2934 4605 3070 4662 ἅπαν
3119 4609 3181 4663 τὸ
3242 4609 3437 4664 ἑαυτοῦ
3467 4608 3719 4665 ἀπώλεσε

2074 4700 2400 4769 στράτευμα.
2436 4696 2690 4766 Ἰωάννης
2744 4694 2802 4750 δὲ
2852 4717 2935 4758 τις
2996 4697 3336 4771 ἀστρονόμος
3395 4698 3717 4772 προσελθὼν

2070 4793 2149 4860 τῷ
2182 4785 2396 4863 βασιλεῖ
2438 4782 2632 4861 ἔφησεν
2688 4785 2762 4846 ὡς
2819 4785 2864 4839 εί
2915 4784 3131 4859 πέμψας
3189 4788 3455 4860 ἀποκόψει
3496 4790 3596 4857 τήν
3628 4810 3719 4843 κε-

2074 4875 2253 4955 φαλὴν
2294 4882 2390 4944 τῆς
2452 4874 2747 4947 ἱσταμένης
2794 4872 2990 4927 ἄνωθεν
3046 4882 3145 4943 τῆς
3195 4875 3248 4929 ἐν
3274 4880 3353 4948 τῷ
3394 4878 3721 4956 Ξηρολόφῳ

2074 4963 2266 5040 ἁψῖδος
2295 4963 2385 5019 καὶ
2416 4966 2551 5037 πρὸς
2592 4959 2737 5016 δύσιν
2801 4960 3112 5037 βλεπούσης
3161 4964 3373 5035 στήλης
3416 4969 3548 5039 (75),
3582 4967 3719 5021 ἀπο-

2075 5060 2312 5121 θανεῖται
2345 5052 2373 5105 6
2406 5050 2632 5123 Συμεὼν
2687 5049 2988 5122 παραυτίκα
3022 5070 3033 5080 ·
3066 5049 3213 5123 αὐτῷ
3263 5053 3362 5126 γὰρ
3394 5051 3720 5127 ἐστοιχειῶ-

1451 5223 1852 5284 XYLANDRI
1897 5226 1998 5285 ET
2043 5220 2281 5285 GOARI
2326 5214 2582 5276 ΝΟΤᾸΕ.

387 5370 496 5441 (73)
526 5363 942 5441 Hunclocum,
972 5364 1211 5441 secutus
1266 5357 1630 5441 conjecturas
1654 5359 1802 5441 et'ea
1820 5372 1961 5441 Aquae

315 5426 669 5505 sequuntur,
703 5438 783 5492 ita
820 5426 966 5505 legi.
1002 5439 1067 5486 ut
1121 5433 1169 5488 si
1223 5430 1311 5483 καί
1361 5426 1473 5505 non
1526 5432 1659 5481 ante
1710 5426 1961 5505 ὑποθήκῃ

316 5500 415 5571 sed
476 5518 611 5568 ante
660 5500 1087 5573 ’καταϐιϐάζεται
1143 5508 1300 5558 esset
1356 5501 1969 5573 scriptum.“Apparet

315 5570 471 5643 enim
522 5584 792 5639 Cosmam
835 5570 1046 5651 genere
1069 5593 1175 5630 suo
1223 5574 1435 5651 favisse
1474 5571 1608 5651 etin
1643 5570 1966 5651 affectando

324 5674 503 5730 regno
526 5643 1054 5721 consiliisjiivisse,
1087 5662 1265 5719 quare
1289 5650 1343 5702 et
1365 5644 1747 5715 magistratus
1776 5643 1827 5697 ei
1861 5644 1969 5697 fuit

2073 5353 2413 5421 abrogatas,
2442 5351 2508 5399 ut
2537 5345 2781 5421 minime
2812 5346 3052 5421 credam
3084 5348 3191 5402 hoc
3223 5347 3425 5421 judice
3464 5347 3551 5402 vel
3584 5364 3723 5403 auc-

2075 5432 2199 5482 tore
2221 5417 2547 5492 mysticum
2584 5417 2764 5492 fuisse
2794 5418 2928 5492 aula
2960 5418 3214 5490 pulsum.
3246 5418 3379 5473 XYL.

2146 5496 2258 5563 (74)
2292 5482 2585 5563 ᾗραᾷάτων
2617 5488 2792 5563 habet
2823 5482 3097 5545 Zonaras.

2150 5559 2263 5637 (75)
2299 5559 2538 5637 Στήλης,
2572 5562 2878 5637 simulacri,
2913 5570 3131 5617 statuae.
3165 5559 3229 5615 Ei
3259 5576 3515 5632 namque
3546 5565 3725 5632 caput

2079 5634 2292 5711 dejecit
2322 5635 2659 5706 imperator.
2690 5634 2867 5696 Goaa.
