4026 6210
352 317 431 377 43
902 270 905 271 ί
1698 308 2020 371 GEORGII
2065 309 2406 373 ossuum
3684 321 3764 380 44

272 436 276 447 λ
344 446 607 503 convivio
659 448 913 514 Petrum,
964 443 1413 501 Constantinum
1468 443 1881 514 imperatorem
1932 457 1973 495 at

2112 438 2252 514 δρῶν
2327 440 2383 497 δὲ
2449 444 2538 499 καὶ
2612 445 2933 501 πολυτελῶν
3006 447 3309 521 γενομένων
3375 452 3479 502 τῶν
3548 450 3764 524 γάμων,

346 536 778 594 Christiferum.
806 534 887 590 Ibi
921 534 1075 590 haud
1101 534 1306 589 leviter
1327 530 1671 588 tumultuati
1698 534 1835 584 sunt
1868 528 1998 583 Bul-

344 624 903 698 gari,Christiferum
926 623 1309 678 Constantino
1334 621 1391 676 in
1410 620 1619 675 faustis
1634 618 1999 674 acclamatio-

347 717 521 770 nibus
552 713 809 786 praeponi
841 712 1049 767 debere
1080 709 1680 766 contendentes.Eoru
1695 724 1868 778 mque
1900 723 1996 778 pe-

342 806 533 861 titioni
566 805 884 876 imperator
916 819 1134 858 morem
1167 801 1370 873 gessit.
1405 798 1693 855 Omnibus
1745 796 1999 870 peractis

340 913 467 967 quas
496 895 557 949 in
584 893 684 948 tali
720 910 777 948 re
808 892 928 947 fieri
962 891 1241 947 assolent.
1300 889 1481 944 Maria
1530 904 1663 943 cum
1714 904 1821 942 suo
1874 903 1994 941 ma-

336 987 447 1040 rito
481 983 652 1040 solvit
696 986 753 1038 et
802 982 857 1036 in
914 980 1251 1053 Bulgariam
1307 980 1414 1033 iter
1462 978 1615 1045 iniit,
1665 977 1915 1031 deducta
1964 993 1997 1030 a

336 1072 676 1144 parentibus
696 1076 753 1127 et
780 1070 1222 1143 protovestiario
1248 1084 1436 1141 usque
1475 1068 1547 1123 ad
1599 1066 1990 1122 Hebdomum.

335 1164 450 1219 Hoc
484 1168 651 1234 pacto
684 1162 858 1216 resin
895 1161 1036 1215 urbe
1069 1165 1228 1215 actae.

2111 529 2359 599 εῗσῆλθεν
2414 534 2441 587 6
2516 531 3015 612 πρωτοϐεστιάριος
3076 537 3189 610 ἅμα
3257 541 3325 612 τῇ
3386 538 3603 614 θυγατρὶ
3658 543 3757 593 to?)

2114 618 2383 693 βασιλέως
2442 623 2492 677 ἐν
2554 629 2618 697 τῇ
2678 626 2859 681 πόλει.
2913 626 3114 701 Τρίτην
3162 624 3219 680 δὲ
3269 627 3401 700 μετὰ
3446 628 3531 681 τὸν
3584 629 3757 702 γάμον

2108 706 2337 762 ἑστίασιν
2398 709 2449 765 ἐν
2498 716 2566 785 τῇ
2614 718 2720 767 τῶν
2776 719 2974 788 Πηγῶν
3021 710 3305 791 ἀποϐάθρᾳ
3354 718 3463 789 (78)
3523 720 3761 787 ποιήσας

2108 796 2135 850 6
2184 796 2459 871 βασιλεὺς,
2512 803 2638 875 παρ’
2692 802 2827 877 αὐτῇ
2876 808 2942 877 τῇ
2994 799 3278 879 ἀποϐάθρᾳ
3335 809 3429 859 τοῦ
3472 805 3762 881 βασιλικοῦ

2107 882 2393 959 δρόμωνος
2502 891 2842 965 ἱσταμένου,
2928 893 3267 963 συνειστιάθη
3367 898 3446 966 τῷ
3546 896 3756 969 Πέτρῳ.

2105 979 2357 1048 Παρῆσαν
2393 975 2449 1032 δὲ
2475 983 2543 1053 τῇ
2596 982 2809 1057 εὐωχίᾳ
2849 983 2938 1036 καὶ
2988 988 3393 1045 Κωνσταντῖνος
3424 984 3450 1037 6
3504 983 3756 1058 βασιλεὺς

2103 1063 2190 1118 καὶ
2270 1067 2669 1145 Χριστοφόρος.
2748 1071 2990 1146 Ἐγένετο
3070 1069 3128 1126 δὲ
3204 1073 3387 1134 στάσις
3469 1072 3529 1127 οὗ
3590 1075 3759 1149 μικρά

2101 1153 2246 1227 παρὰ
2296 1159 2402 1209 τῶν
2457 1156 2810 1233 Βουλγάρων,
2863 1159 3218 1233 ἐνισταμένων
3278 1161 3539 1236 πρότερον
3587 1162 3763 1236 εὐφη,

336 1257 577 1323 μηθῆναι
607 1249 697 1303 τὸν
727 1244 1127 1325 Χριστοφόρον,
1163 1247 1276 1300 εἶτα
1303 1246 1394 1299 τὸν
1426 1248 1843 1299 Κωνσταντῖνον·
1881 1242 1954 1294 ὦν
2008 1244 2077 1314 τῇ
2138 1241 2377 1299 ἐνστάσει
2410 1252 2756 1322 παραχωρῶν
2791 1250 2817 1303 6
2862 1248 3118 1324 βασιλεὺς
3156 1250 3435 1322 Ῥωμανὸς
3483 1248 3761 1318 ἐκέλευσεν

335 1339 476 1393 οὕτω
505 1338 765 1413 γενέσθαι.
802 1336 1022 1391 Πάντων
1057 1334 1113 1390 δὲ
1143 1340 1247 1390 τῶν
1281 1334 1333 1389 ἐν
1364 1340 1481 1396 τοῖς
1510 1333 1780 1394 τοιούτοις
1807 1330 2075 1386 εἰωθότων
2098 1331 2336 1405 γίνεσθαι
2362 1336 2843 1409 συντελεσθέντων,
2869 1340 3072 1414 ἀπῆρεν
3098 1342 3131 1408 ἠ
3157 1339 3335 1413 Μαρία
3352 1340 3445 1393 σὺν
3468 1343 3545 1411 τῷ
3564 1339 3750 1411 οἶκείῳ

316 1427 531 1502 σλζῦγῳ
562 1426 651 1480 καὶ
684 1433 783 1495 τῆς
816 1426 951 1500 πρὸς
982 1424 1319 1500 Βουλγαρίαν
1346 1422 1550 1497 ἥψατο,
1580 1443 1687 1497 προ
1724 1423 2031 1498 πεμφθεῖσα
2061 1419 2205 1495 παρὰ
2231 1426 2336 1475 τῶν
2370 1424 2570 1497 γονέων
2603 1425 2767 1495 αὐτῆς
2796 1427 2884 1480 καὶ
2913 1432 3009 1481 τοῦ
3040 1422 3538 1502 πρωτοϐεστιαρίου
3593 1425 3757 1502 μέχρι

315 1521 412 1572 τοῦ
434 1511 731 1588 Ἑϐδόμου,
768 1514 865 1568 Καὶ
895 1514 962 1568 τὰ
996 1515 1093 1587 μὲν
1128 1513 1178 1568 ἐν
1212 1517 1280 1586 τῇ
1314 1510 1473 1567 πόλει
1507 1515 1699 1565 τοῦτον
1737 1509 1977 1564 ἐτελεῖτο
2009 1507 2101 1561 τὸν
2130 1509 2352 1583 τρόπον.

397 1611 461 1663 At
480 1608 738 1663 Joannes
760 1604 1333 1677 Curcuas,magister
1350 1621 1415 1659 ac
1434 1602 1772 1659 scholarum
1795 1601 1985 1655 dome-
2017 1601 2063 1665 B

320 1698 503 1752 sticus
534 1696 734 1768 Syriae,
755 1712 845 1750 res
876 1695 1103 1765 agendo
1136 1711 1202 1749 ac
1234 1694 1470 1749 ferendo
1502 1698 1558 1747 et
1587 1691 1758 1746 obvia
1791 1688 1990 1744 omnia

324 1785 675 1857 proruendo,
711 1784 1087 1855 plurimaque
1118 1782 1353 1838 castella
1384 1788 1439 1837 et
1488 1780 1847 1836 munitiones
1898 1782 1982 1833 at-

319 1891 437 1945 que
466 1874 645 1929 urbes
676 1872 1015 1928 barbaricas
1048 1872 1377 1938 evertendo,
1403 1887 1592 1942 usque
1622 1870 1693 1925 ad
1730 1867 1984 1924 nobilem

330 1966 493 2021 illam
527 1964 858 2021 Melitenam
893 1965 1427 2034 pervenit,eamque
1459 1962 1759 2017 obsessam
1794 1976 1859 2014 eo
1894 1975 1989 2013 ne-

326 2053 620 2110 cessitatis
652 2052 874 2124 redegit
909 2056 972 2107 ut
1002 2052 1069 2106 ad
1108 2050 1569 2122 paciﬁcationem
1612 2048 1838 2104 obsessi
1889 2063 1985 2103 co-

327 2149 606 2214 gerentur
636 2146 918 2214 spectare.
950 2141 1123 2197 Venit
1153 2156 1291 2212 ergo
1323 2147 1393 2195 ad
1426 2156 1560 2194 eum
1601 2137 1987 2209 Apochapsus

325 2234 475 2288 3H
514 2231 709 2287 Ameri
741 2235 1086 2303 prognatus,
1121 2229 1405 2285 Melitenae
1438 2244 1687 2294 ameras,
1732 2230 1787 2281 et
1840 2228 1983 2296 Apo-

340 2319 622 2389 salathus,
671 2319 771 2391 qui
824 2318 1108 2375 militibus
1149 2317 1433 2373 Melitenze
1487 2314 1816 2387 legentibus
1842 2331 1985 2385 prae-

340 2413 497 2476 erat;
522 2424 671 2481 quos
702 2409 946 2464 comiter
975 2412 1245 2479 exceptos
1274 2405 1629 2462 domesticus
1676 2404 1747 2458 ad
1799 2403 1986 2474 impe-

337 2502 589 2553 ratorem
624 2495 803 2563 misit,
830 2497 987 2568 iique
1019 2495 1420 2567 paciﬁcatione
1450 2494 1713 2549 confecta
1742 2492 1982 2546 domum

334 2588 652 2652 redierunt,
676 2584 850 2641 sociis
883 2602 949 2639 ac
981 2583 1183 2639 amicis
1217 2584 1607 2638 Romanorum
1644 2580 1904 2649 ascripti,
1928 2584 1983 2634 et

335 2692 465 2730 cum
500 2674 572 2730 iis
611 2679 814 2730 contra
842 2674 1157 2728 Saracenos
1187 2670 1515 2743 :populares
1559 2686 1699 2725 suos
1747 2670 1979 2724 armati.

330 2763 572 2819 Mortuis
604 2767 800 2818 autem
848 2761 1195 2833 Apochapso
1247 2764 1301 2815 et
1348 2757 1703 2830 Aposalatho
1755 2774 1866 2829 pax
1914 2774 1982 2812 ea

331 2858 505 2925 rupta
534 2856 644 2909 est.
680 2856 879 2922 Itaque
914 2849 1269 2906 domesticus
1300 2847 1587 2903 Melitenis
1618 2847 1836 2903 bellum
1890 2848 1977 2902 in-

330 2941 462 3011 fert,
497 2958 630 2997 cum
663 2957 776 3012 quo
808 2939 983 2995 etiam
1019 2938 1223 2994 Melies
1254 2942 1377 2993 erat
1418 2937 1717 3008 magister,
1768 2942 1973 2991 Arme-
2006 2965 2049 3031 ο

331 3031 459 3086 nios
490 3030 821 3085 ducens.Ac
844 3028 1011 3083 initio
1033 3027 1269 3099 quidem
1292 3026 1492 3082 hostes
1514 3030 1705 3081 castra
1735 3025 1845 3080 sub
1879 3025 1974 3081 dio

327 3119 519 3176 locare
548 3136 725 3175 ausos
756 3119 911 3172 intra
938 3132 1136 3172 muros
1169 3115 1330 3171 urbis
1360 3114 1737 3187 compellunt,
1769 3115 1979 3170 deinde

328 3225 459 3264 vero
493 3208 696 3263 urbem
727 3207 1026 3262 obseSsam
1062 3222 1275 3277 magna
1299 3205 1351 3259 vi
1373 3210 1783 3277 oppugnantes
1805 3222 1978 3276 expu-

327 3302 512 3370 gnant
539 3314 552 3352 :
584 3296 686 3352 sed
717 3299 776 3351 et
805 3295 1024 3351 circum
1057 3294 1172 3350 sita
1201 3294 1399 3349 omnia
1421 3294 1776 3365 pepulantur
1804 3298 1979 3364 atque

326 3387 608 3457 subigunt
664 3401 730 3440 ac
778 3384 1057 3461 Romanis
1106 3384 1324 3439 servire
1367 3388 1603 3455 cogunt.
1654 3386 1978 3454 Imperator

327 3475 660 3531 Melitenam
692 3479 748 3530 et
778 3476 933 3546 quod
966 3474 1187 3529 circum
1221 3476 1310 3528 est
1357 3472 1614 3542 regionis
1660 3471 1720 3525 in
1770 3471 1972 3541 praefe-

322 3570 497 3620 cturae
521 3566 941 3637 (Curatoreiam
978 3563 1088 3634 ipsi
1120 3562 1424 3629 vocabant)
1450 3562 1697 3615 formam
1728 3562 1971 3632 redegit,

322 3670 388 3710 ac
419 3670 663 3726 magnos
694 3653 830 3708 inde
862 3652 1084 3708 reditus
1116 3651 1317 3705 aerario
1366 3648 1632 3704 confecit.
1686 3648 1970 3704 Caeterum

320 3744 520 3798 Niceta
551 3740 829 3812 magister
858 3745 913 3795 et
943 3738 1267 3794 Christiferi
1294 3755 1459 3795 socer
1479 3740 1971 3809 accusatus,quod

320 3846 598 3902 generum
629 3830 931 3884 incitasset
960 3829 1031 3883 ad
1086 3828 1517 3883 deturbandum
1571 3827 1817 3899 imperio
1866 3846 1970 3900 pa-

320 3929 489 3985 trem,
518 3919 663 3973 urbe
686 3916 891 3988 pulsus
915 3933 1199 3988 rasusque
1222 3921 1279 3971 et
1300 3916 1622 3972 monachus
1650 3919 1837 3972 factus
1858 3923 1968 3973 est.

321 4009 416 4063 Die
446 4007 667 4062 mensis
695 4006 836 4061 Julii
866 4006 937 4060 25
968 4005 1290 4061 indictione
1321 4006 1843 4077 sexta,Stephanus
1876 4024 1970 4078 pa-

316 4096 573 4153 triarcha
593 4100 865 4150 mortuus
885 4099 1131 4164 est,cum
1147 4094 1195 4148 ei
1215 4093 1440 4148 muneri
1465 4093 1791 4165 praefuisset
1812 4094 1969 4149 bien-

318 4187 479 4240 nium
513 4189 570 4241 et
601 4199 830 4239 menses
864 4184 1157 4238 undecim.
1194 4182 1390 4237 Mense
1433 4183 1737 4237 Decembri
1768 4200 1968 4238 mona-

316 4275 462 4329 chus
483 4273 717 4353 Trypho
738 4272 1276 4344 producitur,eique
1300 4270 1729 4341 patriarobatus
1751 4273 1821 4326 ad
1849 4289 1968 4328 cer-

2166 1598 2227 1655 Ὀ
2277 1598 2333 1655 δὲ
2379 1599 2699 1676 δομέστικος
2746 1609 2855 1660 τῶν
2889 1604 3111 1680 σχολῶν
3146 1605 3403 1675 Ἰωάννης
3457 1606 3749 1680 μάγιστρος

2100 1687 2127 1741 6
2184 1691 2527 1766 Κουρκοῦας,
2588 1692 2730 1769 ἄγων
2785 1693 2874 1748 καὶ
2931 1694 3105 1769 φέρων
3155 1696 3221 1749 τά
3268 1698 3366 1759 τῆς
3423 1694 3617 1767 Συρίας
3663 1694 3753 1748 καὶ

2099 1776 2235 1831 ἃπαν
2288 1780 2529 1851 ἀντίξουν
2576 1784 3100 1859 καταστρεφόμενος,
3160 1784 3247 1838 καὶ
3307 1782 3535 1838 πλεῖστα
3579 1784 3749 1856 φρού-

2100 1887 2189 1941 ρια
2217 1869 2303 1921 καὶ
2358 1869 2696 1946 ὀχυρώματα
2725 1872 2814 1926 καὶ
2864 1870 3054 1935 πόλεις
3107 1868 3438 1949 βαρϐαριιᾶς
3482 1873 3747 1944 καθελὼν,

2098 1953 2293 2033 ἔφθασε
2375 1961 2465 2013 καὶ
2550 1962 2715 2035 μέχρι
2800 1968 2899 2030 τῆς
2978 1957 3308 2035 περιϐοήτου
3397 1961 3754 2034 Μελιτηνῆς,

2097 2043 2391 2121 πολιορκίᾳ
2452 2046 2508 2103 δὲ
2567 2050 2695 2112 τοὺς
2764 2047 2918 2105 ἔνδον
2981 2053 3397 2127 στενοχωρήσας
3478 2048 3751 2125 ἠνάγκασε

2096 2136 2231 2207 πρὸς
2288 2133 2581 2208 συμϐάσεις
2654 2136 2805 2194 ἰδεῖν.
2865 2139 3194 2215 Ηαρεγὲνετο
3253 2137 3344 2193 οὖν
3408 2140 3543 2213 πρὸς
3591 2139 3755 2193 αὐτὸν

2099 2224 2357 2299 Ἀπόχαψ
2416 2228 2442 2281 6
2502 2232 2596 2282 τοῦ
2652 2232 2829 2302 ’Ἀμερ
2888 2226 3105 2303 ἔκγονος
3142 2273 3155 2297 ,
3218 2228 3434 2303 ἀμηρᾶς
3489 2229 3752 2303 ὑπάρχων

2096 2314 2433 2387 Μελιτηνῆς,
2477 2317 2565 2371 καὶ
2597 2316 2910 2381 Ἀποσαλὰθ
2944 2317 2973 2371 6'
3023 2321 3128 2372 τῶν
3191 2316 3243 2371 ἐν
3296 2316 3433 2391 αὐτῇ
3463 2317 3756 2393 κατάρχων

2092 2405 2385 2477 ταγμάτων
2432 2407 2533 2478 [Ρ.
2600 2409 2726 2480 627]
2780 2406 2869 2468 οὕς
2920 2403 3350 2478 προσδεξάμενος
3409 2406 3435 2459 6
3493 2404 3745 2479 δομέστι-

2092 2512 2185 2554 κος
2217 2491 2422 2564 ἱλαρῶς
2470 2494 2560 2548 καὶ
2615 2495 2750 2567 μετὰ
2796 2495 3123 2570 προσηνείας
3172 2497 3307 2572 πρὸς
3351 2497 3439 2550 τὸν
3475 2496 3748 2570 αὐτοκρά-

2090 2600 2224 2653 τορα
2270 2581 2657 2651 ἐξαπέστειλεν.
2710 2585 3058 2658 Ἐντυχόντες
3121 2585 3211 2637 οὖν
3257 2583 3403 2655 αὐτῷ
3452 2585 3539 2639 καὶ
3595 2585 3745 2659 εἰρηο

2089 2670 2213 2723 νικά
2264 2673 2582 2741 ποιήσαντες
2639 2671 2905 2750 σύμφωνα
2963 2673 3290 2747 ὑπέστρεψαν
3353 2672 3428 2735 εἰς
3483 2672 3549 2727 τὰ
3606 2671 3742 2743 ἴδια,

2087 2763 2205 2819 τοῖς
2247 2756 2428 2832 φίλοις
2476 2761 2562 2814 καὶ
2613 2760 2931 2835 συμμάγοις
2980 2760 3264 2833 Ῥωμαίων
3310 2763 3739 2838 καταγραφέντες

2086 2848 2175 2899 καὶ
2211 2848 2325 2918 μετ’
2380 2848 2556 2903 αὐτῶν
2608 2848 2742 2903 κατᾶ
2769 2854 2878 2903 τῶν
2911 2847 3206 2926 ὁμοφύλων
3251 2846 3740 2923 καθοπλιζόμενοι.

2086 2933 2515 3006 Τελευτήσαντος
2563 2933 2619 2991 δὲ
2667 2941 2762 2991 τοῦ
2812 2936 3067 3013 Ἀπόχαψ
3114 2938 3202 2992 καὶ
3245 2942 3342 2991 τοῦ
3396 2938 3739 3009 Ἀποσαλὰθ,

2090 3020 2313 3095 διελύθη
2389 3025 2456 3079 τά
2521 3032 2620 3095 τῆς
2700 3025 2924 3098 είρήνης
2961 3069 2974 3082 .
3036 3026 3400 3102 Ἑκστρατεῦει
3462 3028 3552 3082 οὖν
3620 3028 3741 3081 κατ’

2087 3111 2260 3167 αὐτῶν
2317 3114 2344 3168 ὁ
2396 3113 2686 3189 εἰρημένος
2733 3111 3095 3187 δομὲστικος,
3147 3116 3191 3186 ᾧ
3241 3122 3402 3184 συνῆν
3452 3117 3585 3188 μετὰ
3627 3120 3737 3170 τῶν

2087 3202 2388 3275 Ἀρμενίων
2440 3204 2529 3256 καὶ
2561 3204 2588 3256 6
2625 3202 2919 3277 μάγιστρος
2969 3205 2996 3258 ὁ
3048 3201 3275 3265 Μελίας.
3321 3204 3423 3260 Καὶ
3471 3204 3738 3279 πρότερον

2090 3293 2183 3363 μὲν
2219 3290 2450 3363 πολέμῳ
2480 3290 2605 3351 τοὺς
2633 3290 2977 3361 Μελιτηνους
3023 3290 3329 3363 συνήλασαν
3358 3291 3485 3347 ε’ίσω
3513 3293 3743 3369 τείχους

2082 3377 2604 3451 κατατολμήσαντας
2692 3379 3141 3450 ἀντιποιήσασθαι
3222 3386 3328 3435 τῶν
3418 3382 3733 3457 ὑπαίθρωνο

2083 3463 2266 3522 ἔπειτα
2333 3466 2770 3542 περικαθίσαντες
2816 3469 2915 3537 τὴν
2983 3467 3145 3523 πόλιν
3218 3470 3305 3524 καὶ
3365 3472 3498 3543 μετά
3545 3492 3741 3526 συντο-

2082 3557 2195 3619 νίας
2226 3556 2427 3627 ταύτην
2460 3556 2927 3633 πολιορκήσαντες
2959 3557 3209 3631 πολέμου
3238 3560 3395 3632 νόμῳ
3442 3561 3734 3635 κατέσχον,

2082 3644 2430 3719 Κατέδραμον
2477 3644 2533 3701 δὲ
2585 3648 2673 3701 καὶ
2719 3646 2890 3700 πάντα
2936 3648 3003 3702 τὰ
3049 3649 3201 3723 πέριξ
3249 3649 3337 3703 καὶ
3370 3649 3736 3723 ἐχειρώσαντο

2079 3736 2170 3789 καὶ
2205 3732 2374 3790 δοῦλα
2405 3736 2706 3808 Ῥωμαίοις
2764 3734 3099 3810 εἲργάσαντο.
3157 3738 3270 3805 Τὴν
3325 3738 3417 3809 μὶν
3468 3738 3561 3791 οὗν
3616 3740 3734 3795 Με-

2082 3821 2306 3894 λιτηνὴν
2369 3825 2442 3886 εἰς
2496 3824 2891 3899 κουρατωρείαν
2959 3826 3297 3894 καταστήσας
3355 3826 3382 3879 ὀ
3451 3824 3729 3901 βασιλεὺς,

2079 3914 2167 3968 καὶ
2220 3920 2390 3967 πᾶσαν
2437 3915 2536 3983 τὴν
2599 3910 2949 3987 περιοικίδα,
3012 3912 3231 3981 πολλὴν
3287 3914 3591 3970 συντέλειαν
3648 3923 3734 3989 τῷ

2080 4000 2331 4075 δημοσίῳ
2388 4003 2730 4076 προσήγαγε.
2792 4004 3030 4071 Νικήτας
3086 4000 3143 4055 δὲ
3192 4003 3220 4056 6
3282 4002 3579 4078 μάγιστρος
3636 4005 3731 4059 καὶ

2076 4091 2329 4165 πενθερὸς
2409 4086 2781 4165 Χριστοφόρου
2854 4094 2951 4143 τοῦ
2998 4087 3267 4164 βασιλέως
3320 4094 3730 4167 κατηγορηθεὶς

2077 4180 2151 4241 ὡς
2213 4179 2598 4251 ὑποτιθέμενος
2661 4182 2740 4249 τῷ
2812 4173 3173 4254 Χριστοφόρῳ
3240 4179 3376 4233 κατὰ
3427 4184 3524 4235 τοῦ
3587 4179 3729 4237 ἰδίου

2075 4268 2314 4343 γενέσθαι
2363 4267 2564 4342 πατρὸς
2616 4266 2704 4321 καὶ
2762 4271 2951 4321 τοῦτον
3008 4266 3199 4337 ἆξῶσαι
3258 4274 3358 4337 τῆς
3414 4270 3726 4343 βασιλείας,

312 4369 439 4417 tum
470 4332 705 4432 tempus
736 4332 1139 4427 committitur,
1346 4359 1806 4431 TheOpbilactus
1854 4361 1963 4415 im-

2086 4332 2340 4428 ἐξεϐλήθη
2374 4332 2483 4425 τῆς.
2501 4354 2716 4416 πόλεως
2741 4355 2827 4410 καὶ
2862 4332 3104 4431 ἀπεκάρη
3160 4332 3423 4432 μοναχόςί
3474 4359 3618 4427 Μηνὶ

312 4451 598 4522 peratoris
628 4450 786 4504 filius
818 4450 888 4504 ad
915 4450 1139 4520 justam
1176 4450 1329 4505 312
1352 4453 1583 4503 {etatem
1617 4450 1961 4520 perveniret.

309 4541 523 4595 Eodem
548 4556 749 4594 mense
771 4538 1183 4609 gravissimum
1212 4537 1321 4592 fuit
1342 4537 1963 4608 frigus,adeo,utterra

308 4645 410 4699 per
438 4630 562 4683 dies
596 4628 699 4681 120
728 4627 912 4696 glacie
944 4628 1153 4681 durata
1185 4626 1451 4680 fuerit.ld
1483 4626 1612 4698 gelu
1649 4628 1964 4685 subsecuta

304 4721 396 4772 est
426 4722 647 4788 quanta
678 4731 1004 4786 numquam
1040 4715 1150 4769 fuit
1181 4719 1314 4769 ante
1348 4715 1550 4785 pestis,
1574 4730 1701 4785 quae
1733 4721 1959 4772 tantum

2075 4444 2289 4519 Ἰουλίῳ
2349 4453 2403 4500 ιε’
2456 4444 2655 4519 ἡμέρα,
2730 4441 3067 4506 ίνδικτιῶνος
3118 4447 3207 4517 ς’,
3291 4445 3631 4517 ἐτελεύτησεν
3694 4450 3725 4503 ὁ

2071 4536 2363 4608 Ἀμασείας
2438 4536 2751 4609 Στέφανος,
2824 4537 3239 4609 πατριαρχήσας
3322 4532 3411 4603 ἔτη
3475 4536 3540 4610 β’,
3613 4558 3727 4609 μη-

2073 4647 2163 4685 νας
2228 4626 2330 4680 ια’.
2395 4618 2712 4699 Δεκεμϐρίῳ
2774 4619 2830 4676 δὲ
2882 4623 3014 4694 μηνί
3073 4625 3259 4698 ἄγουσι
3311 4625 3571 4701 Τρύφωνα
3622 4647 3726 4697 μο-

2072 4715 2260 4789 ναχὸν,
2336 4711 2425 4766 καὶ
2505 4715 2884 4786 χειροτονοῦσι
2960 4712 3307 4787 πατριάρχην
3385 4713 3469 4768 ἐπὶ
3532 4716 3725 4789 χρόνῳ

1494 4840 1863 4897 XYLANDRI
1904 4844 1996 4901 ET
2036 4842 2254 4902 GOARI
2295 4840 2523 4896 NOTAE.

376 4940 487 5013 (78)
522 4941 722 4997 Locum
750 4939 845 5013 ubi
871 4955 900 4993 θ
928 4938 1161 5013 nauibus
1191 4937 1345 5013 exire
1390 4940 1588 5005 solent,
1636 4933 1945 5013 ἀποϐάθραν

306 5012 595 5137 Χγὶειηᾶοι·
623 5011 890 5083 exponit:
924 5010 1023 5064 sed
1075 5026 1129 5080 p.
1183 5011 1288 5065 623
1334 5013 1685 5066 excensiom's
1735 5010 1949 5074 locum;

306 5086 357 5137 fa
387 5102 451 5137 so
500 5084 809 5137 utrobique
859 5099 871 5136 :
924 5085 1013 5136 est
1061 5080 1214 5135 enim
1270 5082 1572 5137 tabulatum
1602 5084 1844 5137 lianeum
1876 5086 1945 5137 ad

305 5080 451 5139 falso
500 5080 809 5153 utrobique
859 5099 871 5136 :
924 5085 1013 5136 est
1061 5080 1214 5135 enim
1270 5082 1572 5137 tabulatum
1602 5084 1844 5152 ligneum
1876 5086 1945 5139 ad

302 5156 491 5211 instar
520 5157 731 5211 domus
762 5155 819 5209 in
856 5153 1035 5207 maris
1069 5158 1233 5224 portu
1291 5159 1679 5219 exstructum,
1727 5156 1946 5211 ibidem

298 5227 683 5299 descriptum,
711 5242 853 5299 Aque
900 5226 1079 5278 etiam
1111 5224 1373 5278 convivia
1406 5227 1764 5299 nuptiasque
1794 5228 1945 5282 cele-

297 5301 466 5354 brare
496 5296 793 5371 potuerint
825 5297 1219 5371 Romanorum
1254 5296 1733 5371 etABulgarornm
1785 5299 1943 5371 prin-

296 5367 859 5453 cip_e_s.”Aaaodzepav
924 5368 1135 5450 potius,
1199 5370 1261 5421 ut
1319 5367 1649 5453 frequenter
1706 5367 1945 5453 scripsit

293 5439 568 5510 Godinus,
603 5439 876 5513 legerem,
907 5439 1019 5513 nisi
1054 5455 1145 5492 me
1176 5447 1706 5513 versusauctorem
1740 5439 1943 5513 religio

290 5520 350 5567 et
380 5516 623 5581 repetita
650 5511 759 5566 vox
800 5512 1225 5579 detinerel,qua
1284 5511 1668 5567 nihilominus
1700 5511 1944 5567 idem'ac

287 5584 599 5658 ἀποοάθρας
660 5584 909 5639 indicari
972 5583 1247 5658 percipio,
1298 5583 1613 5658 tabulatum
1673 5586 1944 5639 videlicet

284 5654 819 5729 portui'terraeque
875 5656 1242 5726 contiguum,
1292 5654 1350 5709 in
1401 5658 1553 5725 quod
1602 5674 1632 5711 e
1662 5658 1941 5711 dromone

2062 4942 2361 4996 Romanus
2391 4940 2711 5009 imperator
2738 4935 3016 5011 exsiliret,
3043 4935 3246 4991 Petrus
3278 4944 3473 4995 autem
3511 4939 3727 5011 Bulga-

2062 5013 2157 5068 ria:
2192 5011 2429 5082 regulus
2462 5008 2492 5065 ο
2523 5016 2675 5064 terra
2706 5008 3145 5082 conscenderet,
3174 5025 3239 5063 ac
3270 5012 3444 5066 ambo
3474 5013 3545 5066 de
3579 5008 3726 5082 pace

2061 5079 2330 5139 collocuti
2360 5082 2584 5153 placide
2616 5079 3481 5153 convivarentur.Attendantur
3510 5079 3720 5139 aucto-

2059 5156 2142 5210 ris
2174 5152 2432 5223 verba’p.
2464 5154 2570 5207 6'33
2602 5153 2796 5216 citata,
2836 5166 2937 5203 nec
2970 5166 3081 5205 non
3116 5157 3173 5206 et
3202 5152 3321 5208 haec
3382 5155 3718 5212 Manuelem

2059 5232 2114 5283 et
2148 5222 2445 5280 sultanum
2478 5231 2799 5279 Ture-arum
2833 5222 3172 5294 Chrysopoli
3206 5224 3597 5280 collocuturos
3619 5229 3723 5282 de-

2058 5298 2377 5353 scribentis
2426 5298 2576 5366 apud
2632 5293 2911 5348 Phranzis
2939 5293 3331 5366 interpretem
3361 5312 3372 5348 :
3409 5298 3487 5350 lbi
3517 5301 3721 5355 trz'rem

2056 5372 2114 5424 in
2149 5372 2444 5425 tentorium
2468 5364 2589 5422 ζςιύθ
2619 5364 3044 5421 tabernaculum
3072 5366 3181 5420 sibi
3207 5370 3463 5434 paratum
3491 5384 3719 5425 conres—

2053 5443 2150 5496 sz't.
2184 5444 2490 5512 Imperator
2540 5455 2663 5493 rum
2712 5438 2849 5512 ﬁliis
2897 5438 2957 5491 in
3007 5438 3330 5491 triremibus
3372 5439 3603 5494 edebant
3648 5458 3721 5496 ac

2057 5511 2335 5583 bibebam,
2368 5517 2416 5566 et
2448 5516 2595 5565 inter
2623 5526 2677 5565 se
2708 5511 2823 5580 ipse
2853 5515 2904 5565 et
2931 5524 3146 5562 amara:
3172 5518 3362 5578 partes
3394 5512 3709 5568 mittebant.

2053 5583 2243 5649 Gom,
