4026 6210
354 338 433 399 47

1711 333 2032 395 GEORGII
2078 333 2420 396 CEDRENI

3701 333 3777 392 48

353 465 925 538 retur,Tryphonem
953 469 1084 520 astu
1119 464 1703 521 circumveniendum
1732 470 1919 532 ratus,
1940 465 1989 521 si

2104 461 2411 538 ﬂuuium;
2480 466 2577 533 τήν
2653 463 2968 540 ὑπόσχεσιν,
3027 463 3204 538 ἀπάτῃ
3274 462 3619 539 περιέρχεται
3681 464 3771 519 τὸν

352 555 664 630 compellat
698 573 710 611 :
753 575 779 608 ιι
804 554 1008 624 Multe,
1043 554 1298 621 domine,
1347 555 1656 609 adversum
1689 556 1743 609 te
1776 554 2015 609 molitur

355 649 697 720 imperator,
729 650 784 700 et
839 644 1085 700 crimina
1133 643 1429 715 conquirit
1468 644 1539 697 ob
1584 660 1711 714 qum
1761 647 1815 697 te
1867 642 2011 699 solio

356 736 606 805 dejicere
637 734 846 806 possit.
892 733 1279 797 Quantumvis
1329 736 1525 786 autem
1560 748 1772 803 magno
1814 731 2012 787 labore

358 824 504 881 nihil
533 823 911 894 consequitur
945 823 1138 877 :314
1170 822 1269 892 qui
1303 821 1459 875 enim
1489 820 1780 876 insontem
1814 822 2010 876 crimi-

359 913 575 969 netur?
598 929 782 969 unum
816 911 1123 983 proferunt
1153 910 1251 980 qui
1287 914 1342 964 te
1373 909 1706 981 depositum
1739 911 2009 981 cupiunt,

358 1019 598 1073 prorsus
626 1005 683 1057 te
714 1018 843 1057 esse
876 999 1211 1054 litterarum
1258 998 1534 1053 inscium.
1584 999 1643 1053 Id
1692 998 1909 1053 crimen
1960 1000 2009 1054 si

355 1091 585 1147 amoliri
644 1106 951 1163 queamus,
1008 1088 1208 1157 utique
1284 1087 1409 1157 lupi
1489 1087 1718 1142 hiantes
1794 1088 2012 1144 fuerint

354 1197 557 1236 omnes
616 1178 716 1250 qui
776 1179 880 1233 tibi
948 1178 1327 1232 insidiantur.
1402 1177 1551 1247 Ergo
1623 1176 1672 1229 si
1746 1193 1838 1231 me
1904 1195 2008 1233 au-

353 1270 464 1335 dis,
496 1285 688 1324 coram
723 1271 841 1323 toto
874 1264 1119 1322 concilio
1171 1266 1228 1320 in
1282 1266 1503 1321 munda
1545 1265 1751 1321 charta
1795 1283 2006 1323 nomen

349 1362 515 1411 tuum
572 1360 630 1411 et
671 1354 1047 1428 pontificatus
1099 1354 1449 1426 dignitatem
1513 1353 1720 1420 scribe,
1761 1371 2009 1427 eamque

352 1445 691 1516 imperatori
724 1444 911 1514 mitte,
943 1447 1009 1498 ut
1044 1448 1198 1498 certo
1240 1459 1598 1514 cognoscens
1632 1459 1793 1514 spem
1839 1443 2009 1499 istius

352 1533 615 1589 criminis
646 1532 871 1587 irritam
903 1548 1049 1596 esse,
1069 1532 1297 1586 desinat
1319 1532 1433 1587 ista
1453 1535 1658 1586 contra
1678 1536 1731 1586 te
1756 1531 2007 1587 moliri.»

354 1624 415 1679 Id
446 1620 760 1678 consilium
794 1619 936 1676 utile
966 1619 1405 1676 visum.Statim
1438 1636 1573 1691 ergo
1607 1622 1838 1692 cogitur
1866 1637 2007 1676 con-

354 1712 576 1781 cilium,
613 1714 669 1765 et
698 1709 1029 1782 patriarcha
1079 1714 1203 1765 tum
1255 1708 1340 1764 sic
1376 1708 1672 1780 loquitur:
1718 1730 1738 1758 ι
1774 1710 1882 1777 Qui
1916 1726 2006 1765 me

354 1802 571 1870 injuste
594 1799 935 1872 pontificatu
957 1798 1205 1870 dejicere
1221 1799 1521 1866 student,o
1545 1798 1725 1853 divini
1748 1798 2003 1871 collegae,

356 1889 541 1944 multa
597 1889 816 1944 frustra
869 1887 1054 1942 moliti
1107 1892 1172 1942 ut
1203 1886 1564 1959 probabilem
1616 1886 1869 1958 aliquam
1895 1888 2008 1943 mei

354 1977 604 2050 pellendi
635 1993 875 2033 causam
921 1977 1267 2045 invenirent,
1307 1981 1627 2031 extremam
1660 1976 1808 2031 hanc
1840 1992 2005 2032 exco-

348 2069 613 2139 gitarunt
641 2066 998 2122 calumniam
1024 2066 1179 2138 quod
1214 2081 1304 2121 me
1336 2066 1542 2120 rudem
1576 2064 1900 2120 litterarum
1927 2064 2007 2120 di-

349 2161 507 2211 cunt.
555 2156 805 2211 Proinde
828 2156 956 2226 jam
988 2155 1047 2210 in
1098 2158 1413 2226 conspectu
1446 2154 1711 2210 omnium
1744 2158 2004 2210 vestrum

350 2246 456 2301 has
485 2261 656 2300 exaro
691 2244 938 2311 litteras,
972 2248 1037 2297 ut
1065 2242 1328 2298 videntes
1376 2242 1768 2315 syeophantes
1821 2247 2003 2299 certo-

348 2350 460 2405 que
489 2333 737 2389 convicti
787 2337 974 2388 cesset
1006 2332 1151 2387 mihi
1182 2331 1341 2387 nullo
1383 2333 1518 2401 jure
1563 2332 1865 2404 negotium
1918 2332 2001 2387 fa-

346 2438 593 2478 cessere.
630 2443 658 2472 »
691 2422 820 2477 Haec
848 2421 1082 2477 locutus
1113 2420 1375 2476 chartam
1420 2438 1628 2492 puram
1676 2422 1916 2493 accepit,
1948 2427 2004 2477 et

348 2512 627 2568 omnibus
674 2511 1050 2566 cernentibus
1095 2509 1215 2565 haec
1259 2510 1500 2581 scripsit
1533 2527 1545 2565 :
1580 2533 1607 2560 ‹‹
1639 2511 1872 2582 Trypho
1907 2510 2001 2566 Dei

351 2600 724 2655 miseratione
753 2598 1228 2670 archiepiscopus
1258 2597 1473 2670 Cpolis,
1509 2616 1670 2655 novae
1699 2599 1915 2665 Rome,
1946 2605 2003 2656 et

350 2688 684 2760 patriarcha
713 2687 1134 2743 mcumenicus.
1162 2708 1189 2735 »
1210 2688 1271 2741 Et
1298 2688 1583 2758 scriptum
1603 2688 1713 2743 hoc
1743 2689 1997 2759 przesidi,

350 2796 524 2850 quem
545 2778 656 2851 ipsi
682 2777 1131 2850 protothronum
1154 2778 1460 2845 vocant,ad
1484 2776 1895 2848 imperatorem
1920 2777 1998 2832 fe-

350 2869 598 2924 rendum
617 2866 797 2922 dedit.
822 2867 983 2931 Quod
1007 2866 1056 2921 is
1082 2866 1181 2920 ubi
1213 2866 1715 2937 accepit,superne
1737 2866 1998 2921 chartam

347 2956 521 3014 aliam
546 2973 751 3028 puram
776 2956 1066 3022 attexit,in
1085 2972 1268 3027 eaque
1284 2954 1741 3026 resignationem
1759 2956 2001 3025 perscri-

343 3046 445 3115 bit,
479 3062 595 3118 qua
623 3045 857 3117 Trypho
889 3060 950 3100 se
980 3049 1140 3099 tanto
1192 3059 1431 3098 munere
1462 3042 1767 3112 indignum
1797 3043 1999 3099 cedere

342 3132 554 3191 solium
578 3134 629 3190 ei
651 3133 752 3206 qui
798 3132 971 3189 vellet
1005 3132 1505 3203 profitebatur.Ea
1528 3131 1917 3202 resignatione
1940 3131 1996 3186 in

2121 554 2492 628 πατριάρχην,
2526 554 2615 608 καὶ
2645 552 2964 627 προσελθὼν
2997 547 3096 630 ἔφη
3130 552 3264 627 πρὸς
3294 549 3475 606 αὐτόν·
3513 576 3541 602 ‹‹
3577 549 3767 622 Πολλή

2125 641 2243 713 μὲν,
2277 644 2320 695 ὧ
2353 640 2608 715 δέσποτα,
2640 645 2675 713 ἡ
2707 643 2842 697 κατὰ
2892 646 2987 696 σοῦ
3034 649 3134 710 τῆς
3198 639 3476 717 βασιλείας
3538 640 3771 706 ἐπίθεσις

2121 731 2209 784 xui
2264 730 2523 794 αἰτιάσεις
2585 737 2737 802 ζητεῖ
2794 728 3090 804 δυναμένας
3155 752 3212 785 σε
3284 736 3618 785 κατασπᾶσαι
3671 736 3768 786 τοῦ

2124 820 2336 893 θρόνου,
2365 818 2551 875 πολλά
2617 819 2673 875 δὲ
2734 822 2955 895 μοχθῶν
3008 819 3113 895 οὐχ
3165 818 3432 895 εὑρίσκει’
3491 824 3606 881 πῶς
3666 820 3767 897 γάρ

2122 905 2179 961 ἃν
2212 913 2308 962 τοῦ
2342 908 2589 964 ἀναιτίου
2622 908 2854 972 αἱτίασις
2889 910 3081 983 ἅψαιτο
3107 928 3120 979 ;
3151 910 3245 965 Ἓν
3297 905 3355 963 δὲ
3403 909 3764 983 προφέρουσιν

2120 993 2291 1051 αἶίιιον
2351 999 2402 1052 οἱ
2470 996 2801 1053 σπουδασταὶ
2870 1005 2969 1067 τῆς
3044 1000 3139 1067 σῆς
3226 999 3606 1073 καθαιρέσεως,
3661 1000 3767 1076 φά-

2122 1106 2339 1148 σκοντες
2420 1089 2494 1159 μή
2584 1087 2731 1149 ὅλως
2787 1085 2983 1141 εἰδέναι
3037 1109 3095 1141 σε
3170 1088 3484 1162 γράμματα.
3546 1086 3611 1142 Ei
3672 1087 3763 1143 οὖν

2119 1180 2280 1228 τοῦτο
2350 1174 2749 1252 ἀποτρέψασθαι
2844 1174 3242 1248 δυνηθείημεν,
3301 1175 3467 1240 λύκος
3549 1180 3764 1240 πάντως

2120 1265 2299 1338 χανὼν
2356 1267 2679 1343 φανήσονται
2740 1267 2792 1320 οἱ
2846 1266 2982 1321 κατὰ
3038 1269 3133 1320 σοῦ
3195 1264 3547 1339 μελετῶντες.
3595 1265 3667 1322 Ei’
3712 1288 3765 1320 τι

2123 1351 2214 1407 οὖν
2281 1375 2373 1426 μοι
2432 1353 2611 1428 πείθῃ,
2669 1355 2758 1409 ἐπὶ
2817 1354 3084 1430 παρουσίᾳ
3138 1353 3313 1425 πάσης
3363 1361 3466 1424 τῆς
3538 1352 3766 1410 συνόδου

2120 1443 2329 1517 γράψας
2363 1442 2414 1497 ἐν
2442 1443 2671 1520 ἀγράφῳ
2702 1442 2918 1520 χαρτίῳ
2947 1445 3009 1499 τὸ
3054 1444 3143 1498 σὸν
3194 1439 3365 1516 ὄνομα
3406 1444 3494 1499 xui
3551 1445 3613 1499 τὸ
3664 1452 3767 1514 τῆς

2118 1530 2416 1607 ἱερωσύνης
2444 1532 2657 1605 ἀξίωμα
2689 1532 2906 1607 πέμψον
2936 1537 3015 1605 τῷ
3048 1531 3282 1608 βασιλεῖ,
3316 1534 3389 1595 ὡς
3437 1532 3498 1589 ἃν
3550 1532 3766 1608 πληρο-

2119 1622 2333 1696 φορηθῇ
2361 1622 2447 1675 xui
2482 1628 2581 1690 τῆς
2610 1622 2864 1691 τοιαύτης
2897 1619 3117 1683 ἐλπίδος
3162 1620 3397 1676 ἐκπεσὼν
3450 1622 3765 1697 ἀπόσχηται

2114 1712 2211 1762 τοῦ
2258 1710 2393 1763 κατά
2445 1714 2540 1763 σοῦ
2593 1708 2841 1784 μελετᾷν.
2896 1736 2915 1760 ι
2968 1708 3158 1781 Ἔδοξε
3202 1710 3493 1779 Λυσιτελὴς
3536 1714 3570 1782 ἡ
3622 1733 3763 1788 παρ-

2120 1797 2335 1859 αίνεσις.
2390 1798 2559 1862 Εὐθὺς
2609 1798 2700 1854 οὖν
2768 1800 3152 1874 συνηθροίζετο
3206 1796 3448 1869 σύνοδος,
3492 1802 3579 1855 xui
3642 1823 3765 1855 συν-

2116 1887 2517 1963 αθροισθείσης,
2548 1889 2680 1967 φησί
2739 1891 2874 1965 πρὸς
2923 1889 3092 1958 αὐτὴν
3148 1890 3175 1943 ὁ
3233 1892 3600 1966 πατριάρχης
3636 1916 3662 1942 ‹‹
3702 1891 3767 1945 Ο⁹ί

2114 1979 2210 2029 τοῦ
2268 1976 2458 2049 θρόνου
2519 1999 2584 2050 με
2640 1984 2955 2051 καταγαγεῖν
3034 1976 3363 2053 βουλόμενοι
3435 1976 3657 2051 ἀδίκως,
3719 1979 3764 2033 ὦ

2117 2069 2253 2128 θεῖοι
2302 2064 2741 2141 συλλειτουργοί,
2790 2065 3003 2128 πολλὰς
3082 2068 3340 2141 μηχανάς
3413 2068 3763 2137 κεκινηκότες

2115 2151 2253 2207 ὥστε
2303 2152 2532 2228 εὔλογον
2584 2154 2756 2209 αἰτίαν
2820 2156 2995 2229 εὑρεῖν
3048 2154 3137 2209 καὶ
3196 2151 3266 2209 δι’
3319 2154 3487 2225 αὐτῆς
3546 2177 3612 2227 με
3679 2156 3762 2227 ἐξ·

2115 2242 2446 2315 οστρακίσαι,
2506 2243 2613 2318 οὐχ
2669 2245 2843 2319 εὗρον.
2904 2243 3220 2300 Τελευταίαν
3282 2242 3372 2299 οὖν
3452 2266 3543 2318 μοι
3597 2266 3764 2321 προσ-

2112 2330 2369 2385 άπτουσιν
2431 2330 2603 2385 αἰτίαν
2662 2330 2884 2403 ταύτην·
2921 2334 3047 2411 φασί
3098 2355 3163 2406 με
3219 2332 3574 2407 ἀγράμματον
3603 2333 3759 2388 εἶναι·

2112 2423 2217 2472 Νῦν
2279 2418 2368 2473 οὖν
2429 2419 2511 2474 ἐπ’
2559 2416 2677 2494 ὄψει
2737 2421 2950 2476 πάντων
3015 2422 3164 2495 ὑμῶν
3198 2419 3325 2476 τάδε
3376 2423 3637 2497 χαράσσω
3693 2423 3763 2479 τά

2111 2508 2429 2583 γράμματα,
2469 2507 2542 2563 ’ίν’
2595 2507 2798 2574 ἰδόντες
2844 2513 2935 2565 καί
2985 2510 3499 2588 πληροφορηθέντες
3557 2512 3613 2565 οἱ
3663 2533 3761 2567 συ-

2109 2598 2371 2674 κοφάνταε
2428 2598 2778 2674 ἀπόσχωνται
2837 2601 2932 2654 τοῦ
2991 2597 3193 2663 ἀδίκως
3252 2621 3345 2672 μοι
3399 2597 3671 2675 ἐνοχλεῖν.
3729 2624 3760 2653 ››

2112 2686 2262 2753 Eine,
2294 2686 2381 2739 xui
2417 2688 2627 2761 χάρτην
2659 2684 2896 2766 ἄγραφον
2948 2686 3192 2766 εἰληφὼς
3240 2688 3321 2743 ἐπ’
3367 2684 3485 2763 ὄψει
3535 2690 3756 2743 πάντων

2054 2784 2061 2790 ⁴
2114 2774 2414 2849 ὑπέγραψεν
2473 2776 2665 2839 οὔτως.
2717 2780 2799 2848 [Ρ.
2852 2780 2977 2851 620]
3029 2802 3055 2829 ››
3125 2776 3355 2856 Τρύφων
3422 2776 3562 2851 ἐλέῳ
3620 2783 3758 2834 Θεοῦ

2111 2863 2545 2939 ἀρχιεπίσκοπος
2627 2864 3280 2938 Κωνσταντινουπόλεως,
3332 2868 3455 2929 νέας
3510 2868 3753 2939 Ῥώμης,

2108 2955 2195 3007 καὶ
2233 2953 2611 3027 οῗκουμενικὸς
2640 2956 3010 3030 πατριάρχης.
3049 2980 3075 3005 ››
3110 2955 3209 3011 Καὶ
3240 2957 3451 3031 γράψας
3485 2955 3754 3029 ἐκπέμπει

2111 3036 2199 3094 διὰ
2227 3045 2324 3095 τοῦ
2369 3041 2762 3117 πρωτοθρόνου
2804 3048 2882 3116 τῷ
2935 3042 3167 3118 βασιλεῖ.
3200 3046 3372 3119 ’Όπερ
3428 3041 3613 3099 λαϐὼν
3670 3043 3761 3099 ἐπὶ

2109 3135 2299 3205 χεῖρας
2360 3131 2538 3202 οὗτος,
2584 3132 2672 3186 καὶ
2733 3129 2972 3209 ἄγραφον
3026 3129 3205 3209 ἓτερον
3265 3133 3474 3209 χάρτην
3552 3132 3758 3198 ἄνωθεν

340 3222 588 3279 concilio
620 3204 844 3295 prolata
862 3221 1095 3293 Trypho
1126 3220 1373 3276 ecclesia
1393 3221 1542 3277 815
1571 3220 1862 3275 abductus
1885 3225 1992 3288 est,

2110 3219 2538 3297 προσανυφάνας,
2587 3219 2913 3293 παραίτησιν
2974 3219 3221 3297 ἔγραψεν,
3277 3223 3351 3285 ὡς
3413 3222 3621 3292 ἀνάξιος
3679 3222 3755 3278 ὣν

340 3312 546 3368 multis
586 3311 876 3368 fallaciam
923 3309 1237 3381 deplorans
1280 3313 1338 3365 et
1384 3309 1691 3381 praesidem
1723 3308 1989 3380 culpane.

339 3402 475 3457 Post
504 3417 727 3457 annum
760 3404 816 3456 et
839 3416 1073 3456 menses
1095 3398 1355 3471 quinque
1377 3397 1845 3469 Theophylactus
1862 3397 1991 3468 (hoc

339 3491 495 3547 enim
527 3490 812 3563 temporis
858 3489 910 3545 ei
960 3489 1151 3544 adhuc
1201 3489 1274 3544 ad
1323 3486 1645 3559 legitimam
1706 3501 1989 3540 manuum

340 3579 777 3652 impositionem
835 3577 1116 3647 defuerat)
1163 3592 1365 3631 mense
1411 3574 1746 3641 Februario,
1796 3574 1989 3628 indic-

339 3671 496 3725 tione
524 3671 579 3739 2,
606 3666 941 3740 partiarcha
972 3670 1221 3721 creatur.

2106 3306 2367 3376 ἐξίσταται
2394 3312 2471 3379 τῷ
2506 3306 2830 3382 βουλομένῳ
2853 3314 2947 3365 τοῦ
2979 3312 3196 3386 θρόνου.
3235 3314 3343 3375 Τῆς
3394 3308 3450 3365 δὲ
3494 3311 3758 3381 τοιαύτης

2105 3398 2487 3471 παραιτήσεως
2534 3400 3002 3472 προκομισθείσης
3053 3398 3139 3454 ἐπὶ
3192 3398 3418 3455 συνόδου
3464 3401 3752 3477 κατάγεται

2102 3490 2203 3553 τῆς
2250 3482 2577 3554 Ἐκκλησίας
2636 3486 2662 3540 ὁ
2716 3487 2967 3564 Τρύφων,
3000 3486 3188 3542 πολλὰ
3219 3489 3316 3557 τὴν
3368 3488 3568 3555 ἀπάτην
3624 3489 3755 3545 ὀλο-

2103 3572 2412 3650 φυρόμενος
2467 3574 2556 3628 καὶ
2603 3579 2681 3646 τῷ
2728 3576 3093 3651 πρωτοθρόνῳ
3142 3576 3607 3655 ἐπιμεμφόμενος.
3643 3579 3747 3638 Καὶ

2106 3662 2239 3735 μετά
2284 3661 2482 3737 χρόνον
2533 3659 2626 3718 ἕνα
2671 3664 2760 3718 καὶ
2810 3672 2983 3737 μῆνας
3025 3666 3183 3720 πέντε
3232 3669 3506 3740 (τοσοῦτον
3565 3670 3664 3743 γὰρ
3714 3670 3745 3723 ὁ

338 3763 437 3826 τῆς
492 3752 717 3825 ἡλικίας
767 3757 863 3808 τοῦ
913 3750 1289 3829 Θεοφυλάκτου
1349 3747 1510 3811 ἐνέδει
1569 3748 1769 3825 χρόνος
1826 3749 1962 3825 πρὸς
2011 3749 2329 3821 τελειότητα
2370 3751 2459 3805 xui
2518 3752 2853 3828 χειροθεσίαν
2889 3754 3319 3830 ἀρχιερωσύνης)
3366 3751 3745 3833 Φεϐρουαρίῳ,

335 3842 673 3905 ίνδικτιῶνος
710 3842 774 3917 β’,
808 3845 1202 3916 χειροτονεῖται
1233 3840 1580 3915 πατριάρχης
1612 3837 1987 3917 Θεοφύλακτος
2019 3840 2046 3894 ὁ
2076 3844 2172 3893 τοῦ
2207 3839 2472 3913 βασιλέως
2507 3841 2646 3903 υἱός.

402 3971 523 4028 Sub
577 3971 732 4027 idem
790 3974 1025 4043 tempus
1081 3967 1335 4024 Basilius
1387 3968 1627 4039 quidam
1659 3968 1893 4023 Macedo
1926 3983 1989 4023 se

327 4060 778 4117 Constantinum
804 4064 972 4115 Ducis
1004 4058 1190 4113 filium
1223 4073 1352 4113 esse
1374 4058 1611 4127 jactans
1642 4056 1863 4113 multos
1886 4057 1985 4112 de-

326 4154 521 4221 ceptos
553 4149 666 4207 sibi
698 4149 953 4219 asciscit,
985 4152 1042 4204 et
1071 4148 1208 4203 hinc
1240 4147 1375 4202 inde
1408 4163 1628 4217 vagans
1679 4162 1780 4218 per
1809 4146 1984 4202 urbes

328 4240 621 4296 tumultus
653 4239 905 4295 concitat
936 4242 991 4293 et
1021 4237 1091 4292 ad
1124 4236 1511 4291 defectionem
1562 4240 1775 4289 movet.
1809 4234 1980 4289 Com-

330 4328 683 4401 prehensum
715 4328 872 4383 hunc
893 4327 1134 4398 quidam
1158 4324 1581 4396 Elephantinus
1606 4328 1813 4378 turma;
1832 4340 1978 4394 pree-

328 4418 513 4473 fectus
569 4417 639 4471 ad
702 4417 1109 4486 imperatorem
1163 4413 1430 4485 perducit
1481 4429 1492 4467 :
1541 4412 1591 4467 is
1632 4427 1763 4467 eum
1796 4410 1979 4466 altera

327 4511 665 4562 truncatum
696 4522 874 4560 manu
899 4502 1163 4558 dimittit.
1192 4502 1480 4557 Dimissus
1498 4518 1706 4557 aeream
1732 4517 1975 4555 manum

324 4595 631 4652 substituit
656 4594 951 4657 abscissa),
984 4592 1404 4665 ingentemque
1436 4591 1737 4646 accinctus
1772 4607 1971 4646 ensem

2170 3962 2456 4029 Βασίλειος
2495 3962 2552 4019 δέ
2597 3987 2682 4028 τις
2731 3964 3019 4036 Μακεδὼν,
3054 3972 3457 4022 Κωνσταντῖνον
3504 3970 3595 4024 τὸν
3648 3973 3747 4024 τοῦ

2098 4051 2273 4108 Δούκα
2358 4054 2544 4108 ἑαυτὸν
2633 4054 2993 4133 ἐπιφημίσας,
3070 4054 3319 4119 πολλοὺς
3409 4057 3743 4129 ἐξαπατήσας

2093 4142 2228 4217 πρὸς
2280 4141 2466 4198 ἐαυτὸν
2522 4144 2878 4217 ἐπεσπάσατο,
2920 4146 3007 4200 καὶ
3068 4150 3376 4222 περιπατῶν
3434 4146 3597 4203 ἐκύκα
3651 4147 3742 4203 xui

2094 4231 2439 4307 συνετάραττε
2469 4234 2561 4296 τὰς
2591 4232 2782 4296 πόλεις
2834 4235 2921 4290 xui
2976 4235 3112 4311 πρὸς
3167 4236 3495 4291 ἀποστασίαν
3553 4235 3737 4292 ἐκίνειο

2092 4320 2372 4396 συσχεθείς
2433 4320 2490 4377 δὲ
2546 4326 2692 4398 παρά
2739 4346 2886 4386 τινος
2941 4325 3298 4401 τουρμάρχου
3359 4324 3736 4403 Ἐλεφαντίνου

2087 4412 2185 4479 τὴν
2242 4414 2634 4490 προσηγορίαν,
2666 4414 2757 4469 καὶ
2813 4416 2889 4477 ὡς
2953 4414 3180 4491 βασιλέα
3209 4415 3397 4491 ἀχθεὶς
3454 4422 3553 4485 τῆς
3611 4420 3740 4487 μιᾶς

2088 4499 2475 4575 ἀλλοτριοῦται
2526 4504 2735 4578 χειρός.
2768 4505 2898 4559 Εἶτα
2958 4503 3142 4574 πάλιν,
3197 4506 3270 4567 ὡς
3323 4504 3539 4582 ἀφείθη,
3573 4509 3737 4580 χεῖρα

2086 4588 2302 4664 χαλκῆν
2362 4591 2534 4663 ἑαυτῷ
2610 4593 2845 4666 περιθεὶς
2933 4594 3025 4648 καὶ
3101 4593 3306 4664 σπάθην
3388 4593 3731 4669 ὑπερμεγέθη

321 4684 622 4756 Opsicium
672 4686 964 4754 peragrat,
990 4680 1452 4753 simplicioribus
1492 4681 1855 4752 persuadens
1911 4695 1973 4735 se

478 4773 514 4790 η
634 4777 674 4790 ,ν
738 4772 775 4790 ,υ
964 4772 1170 4790 “una-
1263 4770 1335 4790 η-
1376 4785 1581 4790 ______
1622 4785 1795 4790 μη--
1838 4786 1933 4790 ___

2104 4681 2487 4742 ιατασκευάσας
2542 4682 2873 4756 περιενόστει
2949 4682 3012 4737 τὸ
3072 4681 3341 4755 Ὀψίκιον,
3396 4682 3523 4744 τοὺς
3603 4683 3733 4761 ἀφε-

2104 4771 2111 4790 ι
2136 4789 2144 4790 κ
2167 4789 2185 4790 7
2203 4789 2206 4790 ,
2227 4767 2239 4790 ι
2260 4788 2270 4790 μ
2474 4767 2494 4790 Χ
2584 4775 2611 4786 ~
2729 4771 2742 4790 ι
2892 4770 2905 4790 ἳ
2955 4771 2971 4790 \
3101 4769 3125 4790 η
3243 4774 3285 4790 '7
3528 4777 3551 4788 οι
3710 4774 3722 4790 ι

318 4790 446 4829 esse
477 4772 927 4829 Constantinum
964 4772 1199 4826 Ducam.
1263 4770 1347 4826 Ita
1376 4785 1589 4840 magna
1622 4785 1797 4823 manu
1833 4786 1973 4824 con-

318 4866 505 4918 tracta
534 4862 915 4916 defectionem
949 4860 1126 4928 facit;
1173 4862 1230 4915 et
1277 4862 1560 4930 occupato
1611 4856 1848 4913 castello
1880 4858 1973 4913 cui

317 4952 500 5008 latum
550 4966 754 5005 saxum
804 4955 859 5004 et
905 4965 1140 5018 nomen,
1171 4965 1237 5003 eo
1270 4948 1463 5003 omnis
1493 4948 1723 5019 generis
1765 4963 1858 5003 res
1890 4965 1972 5003 re-

320 5041 504 5113 ponit,
536 5055 721 5111 eaque
762 5055 905 5094 usus
955 5054 1083 5094 arce
1132 5038 1397 5109 proxima
1455 5053 1699 5108 quisque
1747 5038 1971 5109 deprae-

318 5131 508 5185 datur.
552 5131 878 5201 Imperator
924 5129 1106 5183 misso
1157 5126 1408 5182 exercitu
1459 5126 1615 5181 hunc
1660 5144 1794 5181 cum
1844 5127 1968 5182 suis

316 5220 507 5289 capit;
542 5234 795 5289 cumque
825 5215 1275 5285 diligentissime
1295 5214 1645 5287 inquirendo
1667 5233 1739 5270 an
1766 5202 1966 5287 proce-

315 5325 443 5362 rum
479 5306 701 5377 aliquos
733 5306 1007 5360 facinoris
1037 5305 1342 5359 habuisset
1380 5305 1646 5360 conscios
1694 5304 1837 5359 nihil
1867 5306 1964 5360 de-

315 5396 741 5467 prehendisset,
774 5396 833 5449 in
866 5394 1236 5448 Amastriano
1288 5409 1421 5448 eum
1472 5401 1709 5462 cremat,
1755 5398 1961 5450 Roma-

316 5503 425 5541 nus
484 5501 654 5556 porro
714 5483 830 5538 filio
889 5500 996 5539 suo
1055 5482 1347 5554 Stephano
1425 5501 1660 5539 uxorem
1721 5483 1965 5539 collocat

311 5576 538 5630 Annam
570 5572 797 5629 Gabalaa
827 5571 1029 5639 ﬁliam,
1050 5572 1346 5643 simulque
1377 5590 1510 5628 eum
1533 5576 1688 5629 serto
1710 5572 1959 5645 nuptiali

312 5664 582 5732 Augustae
622 5675 896 5715 coronam
930 5660 979 5715 ei
1013 5660 1280 5731 imponit.

2091 4766 2376 4843 λεστέρους
2430 4767 2651 4825 πλανῶν
2713 4771 2787 4834 ὡς
2848 4770 3008 4833 αὐτὸς
3080 4769 3163 4842 ε’ίη
3242 4774 3644 4835 Κωνσταντῖνος
3703 4774 3731 4829 ὁ

2081 4861 2175 4910 τοῦ
2237 4856 2431 4914 Δούκα.
2482 4859 2735 4934 Μεγάλην
2810 4858 2902 4914 οὖν
2971 4865 3135 4935 χεῖρα
3193 4862 3541 4937 συναθροίσας
3592 4860 3728 4916 ἀπο-

2082 4944 2295 5001 στασίαν
2354 4954 2511 5004 κινεῖ.
2542 4949 2645 5004 Καὶ
2702 4951 2765 5004 τὸ
2811 4948 3069 5028 φρούριον
3102 4951 3393 5025 κατασχὼν
3426 4952 3454 5005 ’ὁ
3487 4950 3727 5006 Πλατεῖα

2078 5035 2247 5110 πέτρα
2277 5037 2723 5110 κατονομάζεται,
2774 5043 2877 5093 πᾶν
2934 5035 3073 5100 εἶδος
3134 5038 3186 5094 ἂν
3227 5039 3409 5111 τούτῳ
3473 5040 3724 5109 ἀπέθετο,

2079 5124 2170 5199 ἀφ’
2224 5126 2389 5201 οὗπερ
2453 5126 2831 5201 ἐξορμώμενος
2884 5124 3169 5196 ἐλεηλάτει
3228 5130 3296 5183 τά
3344 5129 3729 5203 παρατυχόντα

2076 5213 2164 5266 καὶ
2228 5212 2496 5283 ἐληίζετο.
2535 5214 2754 5287 Πέμψας
2812 5214 2901 5270 οὖν
2963 5216 2990 5271 ὁ
3048 5215 3304 5292 βασιλεὺς
3335 5218 3555 5293 στρατὸν
3608 5226 3729 5274 κατ’

2075 5302 2239 5356 αὐτοῦ
2300 5302 2456 5357 αὐτόν
2509 5325 2567 5357 τε
2617 5299 2993 5376 συλλαμϐάνει
3050 5305 3139 5360 καὶ
3197 5306 3323 5365 τοὺς
3391 5304 3481 5357 σὺν
3552 5306 3723 5379 αὐτῷ.

2075 5393 2171 5445 Καὶ
2203 5390 2389 5447 πολλὰ
2433 5392 2717 5467 ἀνακρίνας
2757 5400 2943 5465 μαθεῖν
3008 5396 3083 5466 μή
3138 5414 3283 5454 τινες
3342 5393 3443 5447 εἶεν
3498 5399 3604 5448 τῶν
3665 5396 3721 5451 ἐν

2071 5481 2217 5535 τέλει
2277 5480 2614 5554 συνίστομες,
2672 5481 2983 5538 τελευταῖον
3061 5480 3229 5555 μηδὲν
3290 5481 3495 5556 καίριον
3552 5504 3715 5538 κατα-

2072 5566 2279 5643 λαϐὼν,
2334 5569 2384 5624 ἐν
2466 5576 2545 5642 τῷ
2630 5573 2910 5647 λεγομένῳ
2960 5574 3336 5645 Ἀμαστριανῷ
3412 5572 3539 5645 πυρὶ
3624 5572 3716 5630 τὸν

2068 5663 2313 5713 τοιοῦτον
2374 5659 2764 5736 παραδίδωσιν.
2798 5668 3018 5735 ’Ἀγεται
3077 5659 3133 5716 δὲ
3182 5661 3271 5716 καὶ
3302 5666 3528 5738 γυναῖκα
3579 5668 3711 5717 Στε-
