4026 6210
238 373 305 431 49
1350 370 1903 434 HISTORIARUM
1951 369 2501 432 COMPENDIUM.
3553 361 3633 422 50

245 498 378 578 φάνῳ
423 501 533 573 (81)
586 504 669 571 τῷ
726 502 832 573 υίῷ
886 502 915 556 ὁ
976 501 1230 575 βασιλεὺς
1279 503 1559 575 Ῥωμανὸς
1613 505 1812 558 ’Ἅνναν
1869 501 1969 570 τὴν
2022 498 2282 575 θυγατέρα
2335 502 2431 553 τοῦ
2489 491 2709 551 Γαϐαλᾶ
2743 516 2755 529 ·
2818 492 2930 568 ἅμα
2986 491 3043 548 δὲ
3095 496 3173 564 τῷ
3223 495 3476 569 νυμφικῷ
3523 456 3645 547 an;

244 592 381 668 φάνφ
409 590 493 643 καὶ
523 590 585 643 τὸ
609 597 714 659 τῆς
749 590 1023 665 βασιλείας
1057 589 1469 666 διάδημωιαύτῇ
1500 592 1796 648 ἐπετίθετο.

306 715 538 788 Ἐγένετο
571 712 628 768 δὲ
658 715 747 769 καὶ
794 712 1058 785 εἶσϐολὴὴ
1108 717 1365 792 Τούρκων
1400 719 1535 771 κατά
1566 717 1876 788 Ῥωμαίων,

2067 717 2219 770 316
2253 716 2448 770 Mense
2504 712 2709 785 Aprili,
2770 708 3089 765 indictione
3142 709 3198 775 7,
3256 705 3429 761 Turci
3487 705 3640 761 facta

242 803 545 875 Ἀπριλλίῳ
604 804 761 877 μηνί,
838 803 1175 869 ἷνδικτιῶνος
1259 812 1317 876 ζ,
1388 807 1478 860 καὶ
1539 802 1877 877 κατέδραμον

246 899 400 947 πᾶσαν
457 893 557 961 τὴν
626 890 775 947 δύσιν
862 895 1020 970 μέχρι
1092 902 1190 965 τῆς
1268 894 1508 957 πόλεως.
1566 892 1873 965 Ἀπεσταλη

239 984 350 1055 γοῦν
405 982 432 1035 ὁ
503 982 788 1056 πατρίκιος
872 987 1152 1061 Θεοφάνης
1203 985 1293 1039 καὶ
1351 978 1874 1057 πρωτοϐεστιάριος,

240 1070 316 1123 καὶ
371 1069 638 1146 ἀλλάγιον
695 1073 812 1143 μετ’
868 1072 1044 1127 αὐτῶν
1096 1073 1412 1144 ἐποιήσατο,
1477 1071 1712 1147 μηδενὸς
1747 1074 1876 1146 κρή-

245 1180 398 1230 ματος
431 1161 760 1236 φεισαμένου
807 1166 903 1215 τοῦ
946 1160 1217 1237 βασιλέως
1270 1162 1346 1226 εἲς
1398 1163 1497 1231 τήν
1559 1166 1664 1216 τῶν
1699 1161 1878 1237 αῗχμ-

232 1246 441 1302 αλώτων
476 1247 782 1325 bifidum.
830 1251 1182 1328 Ἑνυμφεύθη
1250 1248 1308 1306 δὲ
1360 1251 1449 1305 καὶ
1495 1251 1878 1322 Κωνσταντίνῳ

234 1342 308 1409 τῷ
338 1337 521 1410 λοιπῷ
557 1339 659 1409 υἱῷ
703 1337 800 1393 τοὺ
860 1339 1129 1415 βασιλέως
1177 1340 1312 1415 κόρη
1345 1362 1427 1403 τις
1463 1339 1655 1411 Ἑλένη
1688 1337 1874 1394 τοῦνο-

242 1448 326 1499 μα,
378 1426 435 1481 έκ
491 1426 684 1503 γένους
742 1432 849 1482 τῶν
901 1431 1270 1505 Ἀρμενιακῶν
1329 1425 1564 1486 ἕλκουσα
1618 1432 1716 1499 τὴν
1776 1450 1882 1484 σει-

246 1516 353 1590 ρᾶν,
394 1516 637 1591 θυγάτηρ
688 1515 979 1592 Ἀδριανοῦ
1028 1521 1341 1590 πατρικίου.
1374 1522 1475 1581 Ἧς
1522 1519 1654 1592 μετά
1689 1519 1879 1592 μικρὸν

239 1604 604 1675 ἆποΘανουσης
660 1608 1044 1682 προσήρμοσεν
1122 1607 1268 1680 αὐτῷ
1347 1608 1553 1684 ἑτέραν,
1626 1609 1883 1685 Θεοφανὼ

234 1690 487 1766 τοῦνομα,
542 1695 597 1749 ἐκ
681 1697 872 1771 γένους
943 1697 1323 1771 καταγομένην
1395 1702 1489 1752 τοῦ
1569 1697 1882 1770 Μάμαντος.

244 1786 433 1858 Δεκάτῃ
494 1781 552 1837 δὲ
626 1785 713 1839 σαὶ
774 1798 1003 1861 τετάρτῃ
1077 1783 1398 1854 ἰνδικτιῶνι,
1459 1785 1667 1857 Ἰουνίῳ
1731 1784 1884 1859 μηνὶ,

248 1871 515 1936 ἔπέλευσις
599 1876 736 1928 κατὰ
839 1882 938 1944 τῆς
1013 1875 1234 1938 πόλεως
1332 1874 1539 1952 ἐγένετο
1625 1876 1887 1929 Ῥωσικοῦ

253 1960 439 2016 στόλου
491 1962 700 2018 πλοίῶν
759 1961 1032 2039 χιλιάδων
1100 1962 1246 2020 δέκα.
1305 1964 1561 2035 Ἐξῆλθεν
1623 1962 1713 2018 οὖν
1771 1964 1887 2017 κατ’

254 2050 420 2105 αὐτῶν
466 2053 493 2106 ὁ
568 2053 855 2128 πατρίκιος
903 2054 990 2108 καὶ
1062 2049 1558 2129 πρωτοϐεστιάριος
1617 2054 1888 2130 Θεοφάνης

255 2142 378 2211 μετᾶ
430 2147 529 2196 τοῦ
588 2141 807 2212 στόλου,
844 2145 925 2218 [Ρ.
985 2146 1111 2217 630]
1169 2144 1265 2198 κάν
1312 2148 1392 2215 τῷ
1434 2144 1588 2217 Ἰερῷ
1634 2162 1885 2218 προσωρ-

253 2229 459 2300 μίσατο,
511 2229 730 2285 ἐκείνων
791 2232 842 2286 ἐν
905 2236 984 2304 τῷ
1042 2234 1211 2309 Φάρῳ
1261 2231 1350 2287 καὶ
1411 2232 1461 2287 ἂν
1514 2236 1591 2303 τῷ
1644 2230 1889 2286 ἐπέκεινα

250 2318 473 2392 αἰγιαλῷ
522 2319 969 2395 ναυλοχούντων.
1022 2322 1479 2397 Καιροσκοπήσας
1531 2319 1621 2375 οὖν
1690 2320 1885 2394 ἀθρόον

249 2408 453 2470 τούτοις
476 2408 721 2482 ἐπέθετο,
767 2409 857 2465 καὶ
906 2411 1003 2478 τὴν
1054 2432 1111 2466 τι
1160 2410 1403 2483 σύνταξιν
1457 2409 1631 2464 αὐτῶν
1680 2406 1891 2464 διέλυσε

248 2498 329 2549 καὶ
384 2497 579 2553 πο).λᾶ
624 2503 731 2553 τῶν
806 2498 1017 2555 πλοίων
1063 2504 1142 2571 τῷ
1198 2503 1475 2571 σκευαστῷ
1520 2499 1649 2575 πυρὶ
1704 2497 1891 2553 ἀπετέ-

250 2606 439 2661 φρωσε,
470 2589 541 2641 τὰ
572 2585 628 2641 δὲ
657 2585 861 2649 τελέως
909 2587 1190 2662 ἐτρέψατο.
1247 2589 1315 2645 υἱ
1368 2586 1803 2663 περιλειφθέντες
1836 2584 1892 2640 δὲ

251 2678 348 2728 τῶν
404 2676 544 2737 Ῥὼς
601 2677 948 2752 περαιοῦνται
1000 2676 1076 2740 εἷς
1130 2678 1229 2746 τὴν
1264 2675 1566 2746 Ἀνατολὴν
1624 2677 1713 2731 καὶ
1759 2675 1895 2730 κατὰ

252 2764 312 2815 τὶ
363 2762 636 2837 λεγόμενα
695 2764 881 2839 Σγόρα
928 2768 1311 2841 προσίσχουσι.
1366 2762 1576 2837 Βάρδας
1615 2761 1671 2819 δὲ
1699 2765 1892 2837 πατρί-

256 2872 381 2922 κιος,
414 2854 441 2906 ὁ
474 2857 577 2907 τοῦ
618 2859 788 2907 Φωκᾶ
836 2854 970 2921 υἱὸς,
1021 2854 1149 2916 τοὺς
1211 2852 1495 2929 αἰγιαλοῦς
1534 2852 1891 2928 παρατρέχων

259 2944 363 3013 μεθ’
438 2941 654 2996 ἱππέων
734 2942 824 2997 καὶ
912 2941 1172 3018 ἐκκρίτων
1249 2941 1482 3019 ἀνδρῶν,
1566 2942 1893 3018 συντάγματι

256 3028 447 3085 τούτων
508 3033 683 3103 ἱκανῷ
739 3033 876 3105 πρὸς
937 3029 1214 3107 συλλογὴν
1275 3030 1633 3107 ἐκπεμφθέντι
1686 3038 1893 3107 τροφῆς

257 3121 586 3190 συναντήσας
652 3118 911 3195 ἐτρέψατο
971 3119 1060 3174 καὶ
1139 3121 1479 3195 κατέσφαξεν.
1553 3116 1728 3175 Ἀλλὰ
1788 3120 1892 3191 μὴν

256 3207 334 3260 καὶ
388 3208 414 3261 ὁ
480 3206 805 3281 δομέστικος
860 3208 967 3263 τῶν
1028 3207 1246 3285 σχολῶν
1310 3209 1336 3263 ὁ
1394 3207 1725 3282 Κουρκούας,
1775 3206 1896 3277 ὀξὺς

258 3296 524 3374 ἐπιφανεὶς
611 3297 747 3369 μετὰ
827 3303 933 3352 τῶν
1023 3295 1334 3372 ταγμάτων,
1413 3297 1501 3351 καὶ
1584 3294 1897 3358 ἀποσπάδας

257 3386 473 3448 τούτους
534 3385 791 3460 εὑρίσκων
869 3383 1001 3460 τῇδε
1061 3386 1278 3441 κάκεῖσε
1340 3385 1757 3459 πλανωμένους,
1809 3406 1898 3439 κα-

599 1876 736 1928 κατὰ

1921 2111 1967 2174 Β

1988 804 2376 877 impressione
2424 803 2666 859 occidua
2714 800 2913 856 omnia
2965 814 3153 869 usque
3187 796 3256 851 ad
3299 796 3503 851 urbem
3533 811 3641 866 po-

1989 893 2287 965 pulantur.
2332 894 2547 949 Missus
2614 888 2895 964 patricius
2947 886 3336 958 Theophanes
3367 888 3635 956 protove—

1987 983 2230 1038 stiarius
2262 998 2394 1037 cum
2447 981 2518 1036 iis
2569 994 2768 1052 pacem
2800 975 3120 1049 componit,
3153 976 3414 1030 Romano
3447 977 3510 1027 ut
3540 988 3634 1027 ca-

1987 1073 2179 1145 ptivos
2213 1071 2494 1143 reciperet
2516 1068 2663 1124 nulli
2690 1068 2771 1123 rei
2803 1070 3096 1138 parcente.
3119 1064 3379 1136 Nuptum
3403 1077 3636 1134 quoque

1986 1159 2369 1218 Constantino
2392 1158 2560 1214 tertio
2579 1156 2824 1213 Romani
2847 1153 2964 1210 filio
2986 1155 3160 1209 datur
3181 1152 3377 1224 puella
3396 1150 3633 1219 Helena,

1989 1252 2229 1308 Adriani
2282 1250 2510 1322 patricii
2563 1250 2706 1314 ﬁlia,
2757 1247 2961 1320 stirpis
3007 1245 3380 1301 Armeniaca.
3418 1245 3487 1298 Et
3532 1241 3637 1297 hac

1990 1341 2163 1414 paulo
2215 1344 2346 1412 post
2388 1343 2638 1407 mortua,
2671 1336 3026 1408 Theophano
3058 1351 3092 1390 a
3131 1333 3424 1389 Mamante
3453 1346 3639 1403 genus

1992 1433 2217 1487 ducens
2274 1430 2326 1485 ei
2404 1428 2776 1485 matrimonio
2833 1424 3117 1497 iungitur.
3170 1424 3237 1479 14
3295 1421 3636 1486 Indictione,

1990 1520 2169 1576 Junio
2232 1535 2453 1583 mense,
2518 1517 2759 1571 Rossica
2806 1514 3015 1570 classis
3062 1511 3291 1567 hostilis
3334 1511 3405 1565 ad
3438 1510 3640 1564 urbem

1993 1608 2254 1682 appuliit
2285 1608 2535 1663 navibus
2566 1608 2846 1660 constans
2888 1601 3080 1657 10000.
3114 1604 3325 1655 Contra
3352 1615 3480 1655 eam
3513 1614 3643 1669 pro-

1993 1700 2187 1754 fectus
2220 1714 2350 1753 cum
2406 1696 2591 1751 classe
2626 1692 3010 1765 Theophanes
3054 1689 3336 1762 patricius
3380 1691 3645 1760 protove-

1995 1788 2233 1844 stiarius
2283 1787 2353 1842 ad
2408 1786 2643 1840 Hierum
2695 1782 2956 1856 appellit.
2999 1780 3259 1836 hostium
3292 1778 3541 1834 navibus
3573 1776 3645 1830 ad

1995 1878 2249 1933 Pharum
2283 1876 2453 1946 eique
2484 1873 2741 1929 vicinum
2786 1872 2952 1926 littus
2982 1868 3305 1925 subductis.
3358 1866 3647 1938 Opportu-

1997 1983 2138 2022 num
2193 1969 2392 2020 autem
2443 1967 2677 2034 tempus
2722 1959 3058 2033 speculatus
3103 1956 3405 2013 confertim
3457 1955 3515 2009 in
3547 1972 3646 2010 eos

1996 2055 2203 2123 irruit;
2233 2053 2660 2123 ordinibusque
2690 2050 2991 2120 dissipatis
3042 2046 3259 2102 multas
3299 2061 3473 2100 naves
3504 2043 3645 2098 arti-

1998 2146 2194 2200 ﬁcioso
2227 2144 2361 2215 igne
2391 2140 2706 2205 comburit,
2738 2138 2997 2211 reliquas
3027 2136 3315 2208 proﬂigat.
3350 2132 3520 2189 Rossi
3546 2150 3645 2189 su-

1998 2234 2272 2307 perstites
2304 2233 2361 2286 in
2395 2232 2688 2286 Orientem
2734 2227 3053 2299 trajiciunt.
3088 2225 3171 2281 Ibi
3218 2224 3436 2279 Bardas
3469 2222 3649 2294 patri-

1999 2324 2125 2379 cius
2156 2323 2357 2377 Phocea
2400 2320 2559 2375 ﬁlius
2606 2335 2740 2373 cum
2790 2317 3049 2387 equitatu
3081 2318 3137 2370 et
3167 2313 3411 2368 delectis
3442 2310 3640 2366 militi-

2000 2413 2110 2468 bus
2142 2411 2305 2467 littus
2338 2424 2664 2481 pervagans
2696 2407 2753 2461 in
2786 2405 3082 2460 cohortem
3115 2418 3317 2458 eorum
3351 2400 3495 2456 satis
3537 2417 3650 2453 nu—

2004 2516 2294 2556 merosam
2325 2499 2396 2553 ad
2430 2497 2710 2552 alimenta
2740 2492 3068 2564 colligenda
3099 2490 3376 2546 emissam
3425 2487 3652 2553 incidit,

2002 2606 2251 2660 eamque
2280 2587 2473 2643 fundit
2494 2591 2551 2641 et
2579 2584 2853 2641 trucidat.
2877 2579 3243 2637 Domesticus
3272 2577 3450 2633 etiam
3483 2575 3654 2631 scho-

2003 2678 2193 2734 larum
2216 2679 2475 2733 Curcuas
2498 2674 2764 2730 celeriter
2784 2688 2915 2727 cum
2940 2670 3065 2725 suis
3087 2667 3426 2724 cohortibus
3449 2681 3651 2736 super-

2004 2768 2162 2824 venit
2190 2766 2414 2836 Rossis,
2440 2764 2795 2833 avulsosque
2827 2779 2859 2816 a
2890 2776 2952 2815 se
2987 2757 3235 2814 invicem
3266 2760 3323 2811 et
3353 2754 3491 2810 hinc
3523 2753 3660 2808 inde

2004 2862 2284 2929 vagantes
2335 2854 2487 2911 male
2532 2852 2767 2908 multat.
2801 2850 2971 2906 Omni
3004 2848 3153 2904 317
3191 2844 3474 2918 tragcsdia
3504 2848 3655 2898 atro-

2005 2948 2160 3003 ciora
2191 2949 2330 3001 sunt
2379 2961 2506 3016 quas
2552 2940 2745 3006 Rossi,
2788 2944 3105 3010 antequam
3152 2936 3311 2990 fuere
3350 2930 3653 2999 debellati,

2005 3038 2487 3108 perpetraverunt
2534 3030 2776 3103 ﬂagitia.
2828 3027 3053 3084 Etenim
3098 3023 3461 3096 captivorum
3511 3019 3658 3075 alios

2007 3126 2065 3179 in
2098 3140 2300 3179 cruces
2332 3124 2595 3193 egerunt,
2629 3118 2776 3174 alios
2803 3121 2974 3172 terra:
3013 3114 3344 3177 afﬁxerunt,
3376 3109 3522 3165 alios
3556 3123 3657 3179 pro

2008 3230 2183 3284 scopo
2242 3210 2597 3266 constituere
2656 3208 2834 3277 inque
2891 3220 2991 3259 eos
3021 3201 3269 3274 sagittas
3301 3198 3655 3253 direxerunt.

2009 3302 2352 3371 Quicunque
2408 3296 2773 3369 captivorum
2835 3290 3161 3348 sacerdotio
3214 3285 3443 3359 praediti
3469 3289 3657 3352 erant,

2008 3406 2209 3446 eorum
2242 3387 2431 3458 capita
2459 3385 2648 3440 acutis
2670 3381 2853 3437 clavis
2880 3374 3462 3452 perforarunt,multa
3483 3372 3659 3427 etiam

256 3480 361 3538 κῶς
409 3473 656 3538 διετίθει.
710 3478 778 3529 "A
812 3470 869 3529 δὲ
927 3476 1075 3529 οὗτοι
1135 3470 1390 3549 ἔνδρασαν
1442 3475 1581 3530 κακά
1637 3477 1742 3551 πρὸ
1800 3478 1889 3529 τοῦ

2010 3479 2227 3550 templa
2265 3476 2673 3532 incenderunt.
2706 3471 2920 3526 Verum
2970 3467 3068 3522 ubi
3099 3464 3295 3536 pralio
3327 3460 3540 3526 navali,
3576 3459 3662 3515 uti

259 3562 800 3635 καταπολεμηθῆναι,
854 3568 1024 3617 πᾶσαν
1099 3564 1482 3638 ὑπερεκπῖπτει
1541 3561 1846 3640 τραγῳδίαν
1883 3580 1896 3593 ⁸

258 3652 377 3713 τους
436 3655 532 3726 μὲν
588 3652 690 3727 γὰρ
747 3656 853 3705 τῶν
898 3650 1272 3725 ἁλισκομένων
1337 3652 1716 3727 ἀνεσταύρουν,
1773 3651 1899 3713 τοὺς

263 3740 316 3795 δὲ
342 3746 408 3814 τῇ
463 3745 539 3815 γῇ
587 3739 1118 3813 προσεπαττάλευον,
1161 3740 1289 3803 τοὺς
1340 3738 1395 3795 δὶ
1451 3740 1630 3814 ὥσπερ
1665 3739 1900 3801 σκοποὺς

262 3831 509 3890 ἱστῶντες
574 3828 751 3904 βέλεσι
802 3828 1165 3901 κατετόξευον,
1200 3830 1359 3886 Ὅσοι
1409 3827 1465 3884 δὶ
1502 3834 1609 3884 τῶν
1660 3828 1899 3883 ἁλόντων

243 3918 559 3991 ·ίερῶσο5νης
601 3918 855 3988 ἡξίωντο,
905 3916 1110 3973 νοῦτων
1168 3916 1329 3987 ⁴ἥλοις
1385 3918 1525 3988 ὀξέσι
1557 3915 1899 3989 διεπερόνουν

260 4010 350 4071 τὰς
425 4008 685 4086 κεφαλάς.
765 4007 879 4065 Οὐκ
954 4007 1173 4083 ὀλίγους
1247 4005 1303 4063 δὲ
1374 4008 1463 4062 καὶ
1515 4008 1687 4071 θείους
1742 4005 1903 4068 ναοὺς

264 4098 671 4171 ἐπυρπόλησαν.
718 4095 894 4153 Ἀλλᾶ
922 4102 1088 4152 ταῦτα
1148 4097 1241 4171 μὲν
1292 4097 1557 4173 πρότερον
1596 4117 1607 4130 ·
1654 4095 1768 4151 ἐπεὶ
1823 4093 1900 4166 δὲ,

264 4188 336 4249 ὡς
384 4186 586 4242 ἄνωθεν
640 4185 855 4263 ἐρρέθη,
916 4186 1495 4261 καταναυμαχηθέντες
1532 4184 1741 4240 καὶδιᾶ
1797 4192 1901 4260 γῆς

266 4276 365 4352 οὐχ
438 4275 637 4345 ἥκιστα
694 4276 1052 4346 κακωθέντες,
1133 4273 1478 4337 συσταλέντες
1552 4273 1794 4347 ἠρέμουν
1853 4273 1904 4328 έν

265 4371 374 4428 τοῖς
422 4366 706 4442 σφετέροις
764 4363 1002 4433 πλοίοις,
1062 4364 1148 4418 καὶ
1199 4361 1305 4433 ἤδη
1349 4363 1531 4425 αὐτοῖς
1564 4362 1905 4418 ἐπιλελοίπει

265 4456 324 4508 τά
380 4452 686 4524 ἐπιτήδεια,
744 4448 1102 4508 ἱϐσυλεύοντο
1164 4454 1259 4526 μὲν
1320 4452 1395 4515 εἷς
1444 4455 1512 4507 τά
1559 4450 1670 4508 ἴδια
1717 4453 1907 4507 ὑπονο-

270 4550 474 4613 στῆσαι,
539 4540 808 4597 ἐδεδίεσαν
867 4539 923 4597 δὲ
991 4542 1083 4596 τὸν
1154 4543 1349 4598 στύλον
1412 4546 1906 4617 παραγειτονοῦντα

267 4632 347 4685 καὶ
422 4634 515 4687 τὸν
579 4630 864 4687 ἀπόπλουν
933 4628 1294 4704 φυλάττοντα.
1364 4631 1558 4707 Καιρὸν
1634 4628 1679 4685 δ’
1751 4627 1903 4704 ὅμως

268 4723 595 4795 τηρήσαντες
642 4720 733 4775 καὶ
793 4719 1043 4792 σύνθημα
1098 4716 1279 4781 δόντες
1339 4722 1425 4775 καὶ
1478 4720 1544 4775 τὰ
1590 4722 1908 4795 πρυμνήσια

2012 3568 2342 3633 docuimus,
2388 3565 2524 3620 victi
2574 3567 2630 3618 et
2684 3561 2841 3616 haud
2891 3557 3085 3630 parvis
3114 3552 3382 3610 cladibus
3414 3550 3473 3603 in
3506 3554 3663 3603 terra

2011 3656 2200 3713 affecti
2251 3657 2506 3723 fuerunt,
2552 3652 2708 3707 intra
2757 3666 2896 3705 suas
2948 3663 3011 3702 se
3063 3659 3237 3700 naves
3269 3638 3541 3696 abdidere
3571 3642 3659 3691 at-

2012 3764 2121 3819 que
2152 3746 2231 3800 ibi
2270 3744 2633 3800 continuere.
2685 3739 2903 3795 Deinde
2951 3733 3250 3792 alimentis
3304 3726 3657 3799 absumptis,

2011 3815 2141 3891 cum
2178 3835 2418 3889 domum
2452 3830 2665 3886 vellent
2694 3827 2883 3883 redire
2914 3830 2971 3880 et
2991 3823 3105 3880 sibi
3127 3840 3160 3877 a
3180 3826 3443 3876 Romana
3472 3815 3660 3872 classe

2013 3926 2358 3988 metuerent,
2393 3938 2520 3991 quis
2550 3919 2709 3989 ipsos
2739 3917 2799 3971 in
2832 3914 3047 3970 vicinia
3090 3909 3453 3973 observabat,
3487 3909 3659 3975 capta

2012 4011 2448 4085 opportunitate
2480 4009 2767 4079 signoque
2797 4005 2934 4059 dato
2966 4000 3285 4058 solverunt.
3339 3996 3539 4065 Neque
3567 3998 3654 4047 ta-

2013 4119 2146 4157 men
2166 4099 2579 4170 Theophanem
2606 4094 2932 4149 fefellorunt
2956 4109 2971 4159 ;
3005 4090 3106 4146 sed
3128 4089 3178 4143 is
3199 4085 3429 4157 cognito
3451 4098 3655 4138 eorum

2013 4191 2276 4246 discessu
2308 4186 2507 4243 statim
2541 4186 2849 4241 adversum
2881 4197 2943 4235 se
2972 4179 3057 4234 eis
3085 4175 3368 4233 tulitJloc
3399 4170 3658 4228 secundo

2014 4277 2204 4335 navali
2234 4276 2431 4349 praalio
2463 4289 2699 4329 rursum
2724 4269 2895 4327 Rossi
2919 4268 3055 4323 victi
3085 4267 3226 4321 sunt
3244 4264 3459 4318 Eorum
3484 4272 3660 4314 naves

2014 4368 2139 4424 alias
2197 4368 2495 4435 demersa,
2554 4361 2679 4418 alia:
2733 4362 2883 4415 ferro
2941 4360 2998 4412 et
3044 4353 3165 4426 igni
3242 4350 3659 4424 pessumdata,

2015 4457 2282 4529 quaedam
2323 4471 2454 4509 cum
2488 4453 2632 4524 ipsis
2663 4447 2990 4505 vectoribus
3033 4446 3092 4499 in
3132 4443 3524 4498 Romanorum
3562 4452 3660 4508 po-

2018 4527 2290 4601 testatem
2316 4544 2601 4597 venerunt
2624 4555 2636 4594 :
2659 4552 2958 4609 perpaucae
2976 4551 3007 4589 e
3038 4530 3189 4588 bello
3220 4527 3392 4585 salva:
3419 4527 3663 4581 domum

2015 4633 2335 4690 redierunt.
2369 4632 2453 4687 0b
2487 4630 2593 4684 has
2623 4626 2898 4683 victorias
2928 4624 3251 4694 imperator
3282 4614 3666 4689 protovestia-

2015 4722 2167 4778 rium
2199 4721 2455 4792 probans
2491 4718 2837 4791 primarium
2871 4708 3300 4769 cubicularium
3334 4704 3492 4760 facit.

269 4809 521 4873 λύσαντες
579 4808 880 4866 ἀπέπλεον.
933 4808 1047 4867 Οὐκ
1095 4806 1286 4874 ἔλαθον
1347 4807 1405 4864 δὲ
1485 4810 1578 4865 τὸν
1634 4788 1944 4883 ’πατρῄίκιον
2000 4810 2089 4865 καὶ
2169 4788 2663 4885 πρωτοϐεστιάριον
2740 4800 3039 4879 Θεοφάνην,
3096 4794 3241 4853 ἀλλὰ
3294 4796 3456 4871 γνοῦς
3510 4788 3665 4850 οὗτος

265 4898 361 4964 τὴν
417 4900 596 4952 αὐτῶν
665 4898 1004 4973 ἀναχώρησιν
1058 4898 1365 4967 ὑπαντιάζει
1423 4897 1637 4963 τούτοις
1665 4899 1842 4967 εὐθὺς,
1930 4899 2019 4953 καὶ
2094 4877 2297 4974 γίνεται
2381 4877 2661 4969 ναυμαχία
2740 4877 2978 4964 δευτέρα,
3037 4887 3126 4941 καὶ
3202 4881 3445 4957 τρέονται
3501 4877 3663 4933 πάλιν

268 4987 317 5039 οἱ
371 4987 536 5049 Ῥώς.
597 4986 695 5042 Καὶ
753 4987 819 5041 τὰ
851 4965 970 5060 ’μὲν
1030 4992 1135 5042 τῶν
1193 4965 1411 5065 σκαφῶν
1470 4988 1620 5061 βυθῷ
1677 4965 1975 5062 παρεδόθη,
2027 4965 2117 5042 τά.
2152 4984 2208 5041 δὲ
2257 4965 2496 5059 σίδηρος⁷
2534 4965 2619 5039 καὶ
2675 4986 2781 5057 πῦρ
2840 4972 3273 5053 έμερίσαντο,τὰ
3304 4969 3360 5026 δὲ
3398 4965 3669 5043 αὔτανδρα

272 5075 369 5128 ὑπὸ
426 5081 547 5137 ταῖς
601 5081 709 5130 τῶν
766 5057 1053 5147 Ῥωμαίων
1112 5057 1319 5150 χιόσὶνν
1352 5057 1642 5149 ἐγένοντο-⁸
1710 5057 1872 5150 ὀλίγα
1932 5074 1988 5131 δὲ
2062 5078 2162 5146 τήν
2243 5080 2341 5130 τοῦ
2389 5057 2666 5146 -πολέμου
2744 5066 3071 5143 διαφυγόντα
3127 5063 3359 5137 ἀνάγκην
3416 5060 3550 5133 πρὸς
3602 5057 3668 5109 τὰ

268 5164 445 5306 0?ch;
506 5164 816 5239 ἐχώρησαν.
878 5165 1016 5228 Ἀνθ’
1069 5164 1141 5219 ὧν
1198 5165 1225 5218 ὁ
1281 5162 1533 5240 βασιλεὺς
1594 5166 1685 5220 τὸν
1778 5160 2274 5241 πρωτοϐεστιάριον
2338 5161 2736 5237 ἀποδεξάμενος
2805 5163 2895 5214 καί
2954 5153 3447 5232 παρακοιμώμενον
3506 5146 3668 5203 αὐτὸν

268 5274 401 5307 πσοι
442 5251 625 5307 άλετο.

268 5273 625 5328 προιοαΛετο.

1400 5448 1807 5509 XYLANDRI
1852 5448 1952 5509 ET
1998 5446 2233 5508 GOARI
2279 5444 2536 5506 NOT/E.

344 5632 462 5703 (81)
497 5635 715 5709 Annam
746 5638 991 5709 nuptam
1016 5637 1189 5709 simul
1231 5641 1285 5693 et
1315 5636 1638 5709 imperialis
1676 5636 1919 5692 honoris

2030 5650 2141 5706 que
2182 5649 2426 5691 coronas
2457 5631 2610 5688 sicut
2640 5632 2698 5685 et
2744 5625 2975 5700 imperii
3027 5641 3140 5682 uno
3187 5623 3278 5678 die
3322 5616 3673 5687 suscepisse.

282 5708 604 5763 consortem
636 5707 1031 5765 renuntiatam
1062 5708 1285 5766 indicat
1312 5707 1917 5781 auctor,nuptiarum-
2026 5708 2203 5762 Goan.
3530 5724 3533 5725 ν

2026 5708 2203 5762 ϐοΑιι.
