4004 6208
288 364 360 423 51
1638 366 1958 429 GEORGII

2103 366 2341 427 DRENI
3616 366 3691 426 52

359 495 649 552 Joannem
682 511 854 568 porro
892 496 1224 553 Curcunam
1276 498 1663 554 domesticum
1708 499 1985 567 schola-1

2124 496 2333 552 Φθόνου
2381 494 2438 552 δὶ
2492 493 2806 567 κινηθὲντος
2863 496 2998 551 κατᾶ
3055 499 3151 551 τοῦ
3214 493 3540 569 δομέστίκου
3587 499 3701 549 τῶν

296 600 431 640 rum
480 584 819 657 imperator,
881 586 1033 657 quod
1091 588 1218 658 ejus
1265 587 1445 643 filiam
1498 588 1946 660 Euphrosynam

2098 584 2279 661 χολῶν
2335 587 2588 643 Ἰωάννου
2625 589 2739 646 ,τοῦ
2798 586 3078 660 Κουρκοόα
3134 585 3279 655 παρὰ
3336 588 3443 639 τῶν
3514 581 3701 639 ἄλλων

294 674 493 745 nepoti
526 690 633 729 suo
665 674 1332 741 Romano,Gonstantini
1369 682 1508 732 natu
1548 678 1801 732 ﬁliorum
1839 678 1947 730 mi-

2098 675 2326 731 ασελέων
2391 670 2668 745 [ἐϐούλετο
2728 675 2828 749 γὰρ
2888 675 3164 748 Ῥωμανὸς
3212 676 3243 729 ά
3288 672 3543 748 βασιλεύς
3593 674 3699 728 Εὐ-

291 763 438 818 nimi
470 762 623 817 318
658 763 795 831 ﬁlio,
832 780 1066 819 uxorem
1103 766 1287 820 facere
1335 765 1581 833 volebat,
1624 783 1806 838 eaque
1857 784 1947 821 res

2100 763 2331 840 ροσύνην
2389 765 2486 832 τὴν
2554 768 2651 817 τοῦ
2727 761 3052 837 δομεστίκου
3138 761 3406 837 θυγατέρα
3482 762 3701 840 νύμφην

293 851 428 906 odia
459 851 751 907 Cassarum
795 852 855 906 in
909 854 1196 909 Curcuam
1231 854 1679 922 inﬂammasset,
1712 860 1949 911 coactus

2098 855 2349 929 γαγὲσθαι
2401 858 2479 925 τῷ
2538 853 2725 925 οἰκείῳ
2783 851 2983 927 ἐκγόνῳ
3041 854 3307 925 Ῥωμανῷ
3362 856 3441 924 τῷ
3472 852 3573 923 υἱῷ
3602 840 3701 905 τοῦ

293 948 378 996 est
408 940 599 995 officio
622 957 688 996 eo
713 942 1025 997 dimovere.
1054 943 1325 998 Cesserat
1357 945 1413 998 id
1446 961 1663 1000 munus
1693 945 1949 999 Curcuas

2098 944 2295 1017 πχάτου
2372 940 2565 1005 παιδὸς
2641 943 2807 996 αὐτοῦ
2876 943 3321 1015 Κωνστσντίνου),
3382 943 3699 1016 ἠναγκάσθη

296 1029 734 1085 continentibus
762 1032 832 1085 22
863 1032 1031 1085 annis
1076 1036 1132 1086 et
1160 1034 1192 1083 7
1226 1032 1552 1102 mensibus,
1587 1034 1953 1089 universam-

2098 1039 2158 1101 ἧς
2224 1032 2402 1106 ἀρχῆς
2458 1030 2616 1084 αὐτὸν
2674 1030 3003 1104 παραλῦσαι,
3053 1029 3140 1085 ἐπὶ
3205 1028 3323 1084 δυσί
3381 1029 3470 1084 καὶ
3531 1028 3703 1083 εἷ’κοσι

298 1135 411 1188 que
438 1135 617 1190 prope
663 1119 885 1191 Syriam
939 1126 1289 1192 pervagatus
1330 1126 1661 1193 subegerat.
1712 1122 1770 1178 Si
1821 1123 1953 1193 quis

300 1207 574 1279 praclara
603 1208 730 1278 ejus
763 1208 914 1263 facta
945 1208 1094 1264 scire
1125 1208 1434 1277 desiderat,
1472 1210 1745 1266 volumen
1777 1230 1810 1266 a
1832 1212 1954 1266 Μει-

299 1296 472 1352 nuelo
496 1296 747 1367 quodam
769 1298 1239 1369 protospathario
1258 1300 1643 1371 atquejudice
1660 1301 1954 1372 composi-

300 1391 424 1439 tum
458 1384 615 1456 legat
648 1402 660 1438 :
698 1385 748 1439 is
780 1387 935 1440 enim
971 1391 1098 1441 octo
1134 1387 1299 1443 libris
1328 1404 1422 1442 res
1472 1404 1505 1442 a
1551 1388 1779 1444 Curcua
1809 1406 1953 1460 prae-

302 1471 454 1527 clare
482 1476 678 1544 gestas
709 1474 1042 1545 descripsit.
1074 1476 1212 1530 Inde
1235 1480 1546 1548 cognoscet
1577 1482 1834 1548 quantus
1866 1477 1959 1533 hic

302 1559 390 1615 vir
422 1561 553 1617 belli
584 1563 759 1617 rebus
794 1563 987 1618 fuerit.

388 1829 769 1900 Theophilius
791 1846 1022 1902 quoque
1044 1832 1222 1887 frater
1235 1834 1383 1903 ejus,
1403 1850 1545 1889 avus
1564 1834 1809 1891 Joannis
1834 1835 1961 1905 ejus

321 1920 421 1991 qui
456 1921 762 1991 postmodo
811 1920 1057 1991 imperio
1106 1923 1327 1992 potitus
1375 1927 1484 1989 est,
1534 1924 1963 1995 Mesopotamiae

320 2010 646 2079 praefectus.
670 2009 871 2064 eodem
906 2010 1078 2064 modo
1101 2010 1521 2066 Saracenorum
1548 2013 1604 2066 in
1638 2028 1704 2067 ea
1734 2013 1967 2083 provin-

317 2098 407 2153 cia
464 2099 638 2153 urbes
693 2098 982 2167 tractavit,
1016 2100 1314 2169 oppressis
1367 2104 1542 2170 atque
1590 2102 1730 2156 adeo
1762 2102 1970 2157 deletis

320 2187 619 2258 Agarenis.
644 2187 714 2241 Et
738 2187 1037 2242 Romanus
1069 2188 1369 2259 patricius,
1392 2189 1638 2244 Joannis
1668 2190 1969 2245 domestici

318 2276 497 2343 ﬁlius,
531 2275 805 2330 exercitui
840 2277 1208 2345 praepositus,
1243 2276 1429 2331 multa
1477 2278 1717 2333 castella
1758 2278 1975 2348 recepit

321 2371 379 2419 et
408 2364 687 2421 Romanis
720 2363 971 2435 plurima
1002 2365 1191 2435 spolia
1220 2366 1464 2437 paravit.
1500 2368 1563 2420 In
1599 2367 1789 2422 locum
1833 2369 1973 2423 Cur-

321 2471 442 2509 cuae
476 2455 662 2508 factus
704 2452 793 2508 est
823 2452 1157 2508 scholarum
1219 2455 1576 2510 domesticus
1624 2457 1977 2513 Pantherius

324 2542 569 2598 Romani
600 2542 974 2613 imperatoris
1006 2548 1311 2614 cognatus.

2062 1120 2285 1196 χρόνοις
2316 1121 2403 1174 καὶ
2464 1119 2627 1193 μησὶν
2688 1119 2823 1174 ἑπτὰ
2883 1116 3193 1194 ἀδιαδόχως
3246 1120 3348 1188 τὴν
3401 1122 3497 1173 τοῦ
3544 1115 3708 1192 δομε-

2065 1209 2246 1264 στίκου
2301 1209 2478 1284 ἀρχὴν
2541 1207 2809 1273 ἰθύνοντα,
2844 1208 2931 1263 καὶ
2991 1213 3185 1277 πᾶσαν,
3246 1207 3321 1271 ὡς
3377 1206 3568 1275 εῗπεῖν,
3606 1208 3708 1273 τὴν

2067 1299 2263 1374 Συρίαν
2324 1296 2741 1373 καταδραμόντα
2814 1298 2903 1352 καὶ
2974 1297 3396 1353 ταπεινώσαντα.
3445 1299 3595 1369 ’Ὀτῷ
3654 1294 3715 1351 δὲ

2071 1385 2342 1462 βουλητὸν
2397 1388 2493 1450 τὰς
2551 1386 2759 1441 ἐκείνου
2816 1388 3007 1459 μαθεῖν
3065 1385 3363 1461 ἀριστείας,
3429 1385 3717 1456 ζητησάτω

2063 1477 2163 1545 τήν
2195 1480 2522 1546 πονηθεῖσαν
2574 1471 2764 1551 βίϐλον
2814 1477 2960 1551 παρά
3005 1496 3151 1537 τινος
3198 1476 3457 1544 Μανουῆλ
3487 1496 3708 1550 πρωτοο

2068 1565 2366 1640 σπαθαρίου
2396 1564 2484 1619 καὶ
2514 1568 2703 1632 κριτοῦ
2732 1564 2805 1637 (ἐν
2849 1564 2993 1619 ὀκτὼ
3036 1564 3136 1641 γὰρ
3174 1559 3389 1639 βίϐλοις
3420 1563 3619 1625 ἐκεῖνος
3648 1566 3721 1618 τὰ

2067 1654 2263 1709 τούτου
2322 1650 2783 1728 ἀνδραγαθήματα
2842 1654 3258 1729 συνεγράψατο),
3317 1653 3406 1708 καὶ
3456 1652 3506 1723 ἐξ
3549 1654 3718 1722 αὑτῆς

2070 1742 2263 1798 εἷ’σεται
2298 1746 2413 1804 οἷος
2440 1746 2505 1812 ἦν
2540 1744 2567 1797 6
2600 1742 2735 1817 ἀνὴρ
2765 1742 2833 1797 τὰ
2861 1741 3164 1815 πολεμικά.

2141 1835 2221 1900 [Ρ.
2254 1831 2382 1901 631]
2460 1826 2867 1903 Παραπλησίως
2932 1834 3110 1901 τούτῳ
3179 1830 3269 1883 καὶ
3359 1828 3620 1907 Θεόφιλος
3683 1830 3716 1883 6

2073 1918 2268 1972 τούτου
2296 1916 2576 1990 ὁμαίμων,
2610 1917 2638 1970 6
2687 1938 2905 1979 παππος
2952 1916 3203 1973 Ἰωάννου
3246 1921 3341 1971 τοῦ
3390 1918 3522 1990 μετᾶ
3551 1922 3721 1971 ταῦτα

2083 2005 2516 2083 βασιλεύσαντος,
2543 2005 2637 2067 τὰς
2695 2004 2747 2059 ἐν
2806 2005 3199 2079 Μεσοποταμίᾳ
3250 2010 3357 2060 τῶν
3389 2011 3723 2080 Σαρακηνῶν

2079 2096 2272 2158 πόλεις
2334 2093 2562 2161 διέθετο,
2634 2096 2933 2169 στρατηγὸς
3008 2095 3058 2148 ἐν
3140 2095 3275 2169 αὐτῇ
3334 2095 3575 2169 γεγονώς
3633 2096 3729 2149 καὶ

2079 2186 2417 2246 ταπεινώσας
2469 2183 2558 2238 καὶ
2600 2183 2805 2246 τελέως
2858 2184 3116 2261 ἀφανίσας
3157 2183 3283 2246 τοὺς
3314 2184 3372 2239 ἐκ
3398 2187 3495 2252 τῆς
3526 2186 3728 2259 Ἅγαρ.

2084 2276 2186 2332 Καὶ
2241 2274 2521 2346 Ῥωμανὸς
2573 2271 2630 2327 δὲ
2706 2274 2733 2327 ὁ
2805 2273 3115 2349 πατρίκιος,
3176 2275 3204 2328 6
3254 2278 3351 2329 τοῦ
3400 2270 3733 2346 δομεστίκου

2085 2366 2338 2420 Ἰωάννου
2419 2364 2556 2432 υἱὸς,
2664 2364 2965 2437 στρατηγὸς
3064 2363 3330 2425 καταστὰς
3404 2362 3591 2418 πολλά
3673 2385 3737 2418 τε

2087 2453 2318 2531 φρούρια
2360 2454 2736 2527 παρεστήσατο
2781 2452 2869 2506 καὶ
2920 2451 3188 2507 πλείστων
3250 2451 3505 2529 λαφύρων
3560 2449 3739 2514 αἶ’τιος

2090 2545 2292 2615 ὑπῆρξε
2347 2548 2465 2604 τοῖς
2521 2539 2835 2613 Ῥωμαίοις.
2915 2544 3028 2598 Τοῦ
3104 2540 3354 2597 Ἰωάννου
3429 2539 3486 2596 δὲ
3560 2562 3736 2617 παρα-

327 2630 580 2692 λυθέντος
630 2636 731 2700 τῆς
786 2630 989 2705 ἀρχῆς,
1044 2625 1415 2706 προϐάλλεται
1505 2629 1823 2704 δομέστικος
1896 2637 2005 2687 τῶν
2086 2630 2308 2707 σχολῶν
2393 2633 2421 2686 6
2507 2631 2850 2704 ΙΙανθήριος,
2904 2631 2931 2684 6
2986 2635 3083 2686 τοῦ
3144 2630 3414 2707 βασιλέως
3456 2633 3741 2705 Ῥωμανοῦ

327 2721 612 2795 συγγενής.

402 2809 709 2863 Enimvero
757 2806 1078 2878 imperator
1107 2808 1406 2864 Romanus
1438 2809 1777 2881 poenitentia
1801 2811 1979 2866 viola-

266 2950 275 2963 ,
333 2903 527 2953 torum
580 2897 1053 2968 juramentorum
1112 2914 1177 2951 ac
1234 2898 1489 2968 perfidiis
1546 2905 1868 2971 correptus,
1918 2904 1985 2953 ut

340 2994 518 3042 Deum
550 2984 823 3057 placaret,
851 3002 982 3040 cum
1016 2986 1128 3041 alia
1160 2986 1345 3041 multa
1374 2988 1520 3042 bene
1549 2988 1702 3055 fecit,
1735 3005 1860 3059 qua:
1892 3005 1983 3043 re-

337 3091 573 3130 censere
607 3075 681 3129 sit
710 3074 1085 3141 laboriosum,
1118 3081 1244 3130 tum
1277 3093 1354 3131 aes
1393 3076 1567 3131 etiam
1617 3076 1870 3132 alienum
1903 3077 1981 3132 ci-

2166 2807 2543 2881 Ἰλασκόμενος
2600 2805 2656 2862 δὲ
2706 2808 2798 2862 τὸν
2857 2807 2984 2862 Θεὸν
3055 2809 3083 2861 6
3145 2805 3400 2883 βασιλεὺς
3456 2807 3741 2880 Ῥωμανὸς

2094 2895 2184 2952 διὰ
2213 2898 2310 2965 τήν
2342 2901 2451 2951 τῶν
2484 2898 2659 2972 ὅρκων
2690 2891 3016 2970 παράϐασιν,
3072 2896 3162 2950 καὶ
3216 2900 3486 2969 μετανοῶν
3544 2895 3622 2971 ἐφ’
3656 2897 3745 2957 οἷς

2093 2990 2272 3049 κακῶς
2354 2983 2813 3059 παρεσπόνδησεν,
2875 2984 3045 3040 ἐποίει
3102 2986 3195 3058 μὲν
3263 2986 3353 3039 καὶ
3403 2982 3577 3047 ἄλλας
3652 2983 3743 3037 εὖ-

2093 3074 2298 3142 ποιίας,
2356 3073 2417 3136 ἃς
2488 3072 2799 3150 καταλέγειν
2877 3071 3051 3150 ἔργον,
3130 3074 3346 3128 ἀπέτισε
3403 3070 3459 3127 δὲ
3524 3072 3614 3126 καὶ
3672 3072 3745 3126 τὰ

336 3164 494 3219 vium
536 3163 772 3220 nomine
815 3163 1100 3233 dissolvit,
1133 3165 1380 3220 divitum
1415 3182 1480 3220 ac
1517 3183 1835 3238 pauperum
1874 3183 1886 3222 :
1922 3168 1980 3222 in

2098 3163 2232 3238 χρέα
2285 3170 2384 3232 τῆς
2431 3162 2647 3225 πόλεως
2698 3164 2803 3217 ἀπό
2877 3184 2935 3217 τε
3010 3162 3287 3217 πλουσίων
3344 3161 3434 3217 καὶ
3492 3163 3748 3231 πενήτων

337 3270 514 3325 quam
559 3269 681 3309 rem
725 3253 940 3308 dicitur
987 3254 1349 3325 impendisse
1378 3257 1715 3311 centenaria
1745 3257 1984 3313 undevi-

338 3343 517 3415 genti,
552 3358 618 3398 ac
648 3343 881 3398 tabulas
912 3344 1217 3398 nominum
1248 3346 1575 3400 combussit
1604 3347 1662 3399 in
1696 3363 1987 3419 purpureo

338 3434 437 3505 qui
472 3440 562 3488 est
591 3432 660 3487 ad
693 3432 917 3487 Chacen
952 3432 1250 3488 umbilico.
1284 3433 1475 3488 Pretia
1504 3450 1736 3505 quoque
1784 3436 1989 3489 domo-

340 3539 469 3577 rum
504 3538 605 3594 pro
637 3521 1094 3576 conductoribus
1139 3522 1439 3592 pependit,
1485 3523 1637 3577 319
1670 3540 1703 3577 a
1735 3522 1989 3577 maximo

342 3613 412 3666 ad
432 3611 782 3666 monimum.
816 3610 953 3673 Qum
982 3626 1115 3664 vero
1147 3610 1404 3664 instituit
1434 3616 1499 3663 ut
1533 3627 1636 3680 pro
1667 3612 1873 3664 animm
1906 3627 1993 3666 sa-

344 3704 462 3754 lute
492 3701 697 3754 fierent
733 3700 791 3753 in
844 3697 1090 3768 Myrelaei
1125 3698 1471 3762 ministerio,
1506 3699 1657 3770 quod
1696 3700 1822 3771 ipso
1856 3716 1993 3754 auc-

344 3796 468 3843 tore
514 3793 603 3843 est
648 3788 974 3853 conditum,
1006 3802 1073 3840 ea
1114 3786 1173 3840 in
1208 3786 1363 3841 hunc
1395 3803 1582 3858 usque
1613 3788 1766 3844 diem
1800 3788 1991 3861 peragi

347 3893 553 3932 omnes
584 3879 821 3930 norunt.
1560 3868 1563 3871 ’

416 3964 613 4020 Prima
640 3962 961 4019 indictione
993 3980 1125 4018 cum
1163 3980 1368 4019 rursus
1398 3965 1564 4020 Turci
1596 3965 1992 4021 incursionem

344 4055 404 4110 in
436 4058 831 4109 Romanorum
865 4054 1009 4107 tines
1034 4053 1327 4120 fecissent,
1352 4053 1738 4124 Theophanes
1757 4054 1994 4109 cubicu-

347 4142 527 4197 larius
552 4157 824 4213 egressus
846 4157 1044 4212 pacem
1068 4157 1200 4196 cum
1234 4143 1305 4196 iis
1338 4143 1686 4213 composuit,
1720 4143 1997 4215 acceptis-

349 4249 461 4303 que
491 4230 796 4286 obsidibus
829 4230 1015 4285 rediit.
1060 4231 1379 4286 lndictione
1431 4232 1709 4301 secunda,
1746 4231 1996 4286 Pascha-

350 4324 494 4377 lium
550 4318 1088 4392 protospatharium
1139 4324 1196 4375 et
1229 4320 1633 4391 Longibardiae
1666 4321 1996 4391 praelectum

352 4411 421 4466 ad
452 4411 752 4479 Hugonem
785 4424 978 4481 regem
1007 4408 1253 4463 Francia;
1277 4410 1453 4463 mittit
1489 4409 1997 4473 Romanusﬁliam

352 4501 479 4572 ejus
510 4504 714 4571 petens
761 4497 821 4553 in
869 4497 1307 4553 matrimonium
1339 4498 1709 4553 Constantini
1741 4498 2000 4569 Porphy-

2097 3250 2367 3323 δεδωκὼς,
2422 3247 2497 3315 ὥς
2554 3273 2701 3320 φασι,
2780 3254 3099 3327 κεντηνάρια
3166 3248 3291 3305 δέκα
3347 3249 3513 3318 ἐννέα,
3570 3250 3637 3304 τά
3686 3247 3751 3304 δὲ

2096 3346 2447 3415 γραμματεῖα
2501 3340 2837 3403 κατακαύσας
2899 3339 2950 3394 ἐν
3022 3345 3100 3412 τῷ
3175 3340 3311 3395 κατὰ
3362 3341 3462 3409 τήν
3519 3338 3749 3403 Χαλκῆν

2097 3434 2359 3505 πορφυρῷ
2418 3428 2697 3507 ὀμφαλίῳ.
2758 3427 2968 3485 Δὲδωκε
3025 3427 3081 3483 δὶ
3138 3428 3338 3484 καὶτὰ
3398 3427 3599 3484 ἐνοίκια
3645 3434 3751 3496 τῆς

2098 3518 2311 3579 πόλεως
2340 3518 2444 3572 ἀπὸ
2469 3523 2565 3573 τοῦ
2616 3516 2965 3593 ὕψηλοτάτου
3021 3520 3112 3574 καὶ
3167 3519 3333 3595 μέχρι
3364 3522 3458 3572 τοῦ
3490 3516 3749 3592 ἐσχάτου.

2097 3611 2165 3664 “Α
2214 3604 2269 3661 δὲ
2329 3605 2696 3663 διετυπώσατο
2747 3607 2985 3684 γίνεσθαι
3046 3608 3256 3685 ψυχικά
3312 3606 3560 3668 ἐπετεῒως
3592 3605 3642 3660 ἐν
3676 3610 3750 3679 τῇ

2099 3696 2491 3772 νεουργηθείσῃ
2569 3699 2696 3772 παρ’
2770 3698 2939 3752 αὐτοῦ
3025 3702 3166 3771 μονῇ
3250 3700 3346 3751 τοῦ
3403 3694 3749 3773 Μυρελαίου,

2102 3786 2244 3839 ἴσασι
2276 3786 2471 3848 πάντες
2507 3785 2672 3861 μέχρι
2703 3790 2799 3841 τοῦ
2820 3790 2910 3841 νῦν
2943 3784 3265 3859 τελούμενα.

2174 3964 2319 4017 Κατὰ
2376 3961 2433 4017 δὶ
2485 3965 2584 4033 τὴν
2643 3962 2866 4038 πρώτην
2946 3961 3261 4019 ἷ¹νδικτιῶνα
3322 3967 3429 4018 τῶν
3485 3961 3751 4037 Τούρκων

2104 4052 2267 4107 πάλιν
2329 4049 2634 4125 ἐπιδρομὴν
2695 4053 3078 4125 ποιησαμένων
3160 4054 3296 4108 κατά
3351 4052 3657 4124 Ῥωμαίων,
3723 4054 3753 4107 ὁ

2105 4141 2599 4215 παρακοιμώμενος
2649 4140 2922 4216 Θεοφάνης
2990 4140 3217 4211 ἐξελθὼν
3295 4140 3576 4196 ἐσπείσατο
3636 4142 3759 4213 μετ’

2106 4229 2281 4283 αὐτῶν
2332 4230 2422 4284 καὶ
2472 4225 2656 4283 λαϐὼν
2722 4230 2969 4304 ὁμήρους
3034 4230 3351 4304 ὑπέστρεψε.
3411 4229 3639 4303 Δευτὲρᾳ
3696 4226 3760 4282 δὲ

2110 4316 2403 4373 ἷνδικτιῶνι
2466 4316 2780 4393 [Ιασχάλιον
2828 4319 3318 4394 πρωτοσπαθάριον
3379 4318 3468 4371 καὶ
3520 4337 3758 4393 στρατη-

2106 4409 2196 4483 γὸν
2259 4402 2668 4483 Λαγγοϐαρδίας
2726 4406 3016 4479 ἐξέπεμψεν
3077 4408 3104 4461 6
3168 4405 3423 4481 βασιλεὺς
3474 4406 3608 4479 πρὸς
3661 4406 3757 4459 τὸν

2111 4496 2249 4571 ῥῆγα
2308 4496 2592 4571 Φραγγίας
2638 4492 2867 4570 Οὔγωνα
2919 4498 3052 4568 (82),
3120 4497 3219 4565 τὴν
3261 4496 3429 4550 αὐτοῦ
3487 4495 3762 4570 Θυγατὲρα

1488 4596 1888 4657 XYLANDRI
1935 4596 2035 4657 ET
2080 4598 2314 4656 GOARI
2360 4598 2614 4658 ΝΟΤᾸΞ.

429 4694 539 4767 (82)

355 4907 547 4967 tinum
562 4910 1118 4981 Porphyrogenitum
1134 4908 1394 4981 intellige
1413 4927 1525 4963 non
1542 4907 1789 4963 Romani
1815 4910 1997 4981 ﬁlium

357 4980 825 5047 Constantinum,
859 4982 957 5036 sed
993 4980 1221 5049 Leonis,
1255 4998 1385 5035 eum
1427 4984 1518 5035 cui
1555 4988 1617 5034 ut
1644 4996 1856 5051 genero
1889 4980 2001 5033 im-

358 5054 556 5127 posuit
596 5054 950 5125 Lacapenus,
985 5058 1042 5107 et
1078 5052 1215 5127 ipso
1261 5052 1316 5107 in
1350 5053 1617 5127 ordinem
1662 5052 1893 5127 redacto
1935 5066 2001 5106 ac

355 5123 797 5197 circumscripto
839 5127 954 5181 fere
1004 5123 1164 5180 solus
1198 5141 1328 5179 cum
1362 5123 1486 5178 suis
1519 5125 1655 5178 filiis
1686 5123 1995 5194 imperium

395 5199 554 5253 essit.
588 5198 1217 5270 Porphyrogenitorum
1247 5199 1484 5270 primus
1507 5213 1632 5250 com
1645 5201 2002 5270 memoratur

395 5215 554 5253 essu.
588 5215 1217 5270 rorpnyrogemtorum
1249 5215 1477 5266 primus
1507 5215 1999 5250 commemoratur

354 5215 774 5340 Eopronymus,
807 5289 840 5323 a
882 5268 1138 5324 conclavi
1170 5268 1364 5338 palatii
1396 5269 1489 5323 cui
1522 5266 1829 5340 Porphyrm
1861 5266 1999 5336 (for-

356 5338 536 5396 tassis
572 5343 725 5413 quod
761 5341 1072 5412 purpureis
1120 5340 1414 5410 tapetibus
1452 5338 1537 5393 vel
1591 5340 1807 5413 audeis
1847 5342 2002 5393 esset

355 5411 720 5483 exornatum)
743 5411 977 5473 nomen.
1004 5414 1059 5467 in
1087 5429 1201 5482 quo
1239 5417 1411 5467 natus
1431 5413 1623 5483 esset;
1668 5427 1731 5464 ac
1757 5411 2002 5483 fortasse

358 5487 533 5540 etiam
566 5481 794 5554 reliqui,
832 5490 1027 5555 utpote
1057 5481 1297 5554 genuini
1322 5489 1396 5555 et
1442 5481 1702 5555 suogloco
1733 5482 1853 5555 nati
1886 5481 2000 5536 iin-

403 5552 857 5627 οιιαιοτθε,“1οοο
901 5552 979 5611 εο
1041 5552 1365 5627 puerperiis
1423 5552 1731 5627 destinato.
1792 5553 2002 5627 Noster

411 5629 574 5685 conis
595 5628 674 5683 ﬁl.
693 5626 871 5683 etiam
895 5624 1057 5683 infra'
1082 5627 1166 5682 sic
1190 5624 1493 5698 exprimit,
1530 5624 1803 5698 inprime
1835 5624 2002 5698 Nice-

364 5701 531 5774 phori
556 5700 756 5756 Phocea
787 5695 1307 5756 anno.Romanum
1332 5695 1669 5754 Contantini
1689 5695 1769 5751 fil.
1799 5695 2001 5752 Leonis

596 4696 718 4750 Imo
764 4710 921 4760 vero,
969 4697 1034 4748 ut
1097 4692 1355 4749 historiae
1403 4692 1745 4764 loquuntur,
1806 4708 1998 4765 regem
2032 4696 2079 4759 D
2113 4693 2515 4748 N.Romanum
2541 4693 2778 4748 tertium
2804 4694 3021 4765 optime
3043 4693 3441 4765 dices,necum
3458 4691 3637 4765 altero
3658 4690 3767 4746 Ro-

359 4764 556 4823 Italiaé.
587 4768 695 4822 Sed
729 4768 787 4820 in
821 4766 914 4821 his
945 4766 1119 4821 rebus
1150 4781 1340 4837 neque
1369 4766 1574 4820 Noster
1604 4782 1793 4836 neque
1814 4764 2003 4820 caiteri

360 4842 536 4909 hujus
576 4838 773 4893 farina;
804 4839 1143 4909 scriptores,
1169 4838 1325 4909 fuere
1355 4838 1682 4907 diligentes.
1719 4838 2003 4909 constan-

2114 4782 2285 4819 mano
2315 4764 2982 4821 confundatur.Romani
3013 4771 3079 4819 Ν.
3113 4764 3441 4819 Christiferi
3465 4764 3521 4817 F.
3541 4778 3762 4819 nomen

2116 4836 2529 4908 liliieﬁugonis
2552 4837 2802 4891 traditur
2819 4837 3031 4892 Bertha
3052 4836 3309 4891 Eudoxia
3330 4838 3550 4908 XYL.—
3572 4835 3761 4898 Quem

2107 4902 2466 4979 περίϐλεπτῑον
2501 4908 2767 4964 nominat
2807 4908 3226 4964 Constantinus
3272 4908 3341 4962 de
3381 4907 3552 4979 Adm.
3604 4910 3760 4979 Imp.

2109 4996 2158 5035 c.
2192 4982 2281 5050 26,
2315 4984 2535 5050 patrem
2571 4979 2774 5035 habuit
2795 4981 3191 5046 Adelbertum,
3226 4984 3470 5035 matrem
3501 4978 3760 5047 Bertam,

2109 5068 2276 5106 avum
2314 5050 2647 5108 Lotharium
2682 5052 2955 5106 Ludovici
2985 5052 3067 5106 Pii
3102 5051 3308 5106 lilium.
3335 5054 3547 5119 Magnas
3579 5050 3763 5105 Fran-

2110 5124 2209 5178 ciae
2241 5141 2358 5191 rex,
2393 5132 2457 5178 ut
2486 5124 2677 5179 verbis
2708 5123 3069 5179 Constantini
3104 5131 3256 5193 utar,
3290 5138 3583 5193 nusquam
3629 5124 3764 5188 luit,

2126 5196 2224 5250 sed
2284 5212 2478 5251 comes
2539 5195 2845 5249 Provinciae
2897 5196 3017 5251 sive
3063 5195 3446 5251 Arelatensis.
3478 5195 3562 5249 Ab
3598 5193 3764 5248 Italis

2110 5270 2381 5350 vocatus,
2412 5266 2952 5350 ejecto'ltodqlpho,
2986 5267 3436 5350 Italie__regnum
3462 5264 3757 5350 obtinuit:

2112 5338 2266 5391 unde
2285 5336 2382 5411 ῥῆξ
2415 5336 2686 5411 Φραγγίας
2708 5355 2741 5391 a
2762 5340 2973 5394 Graecis
2995 5336 3526 5411 appellarimeruit.
3554 5336 3762 5411 Filiam

2110 5408 2341 5465 Bertam
2373 5426 2438 5464 ex
2472 5408 2798 5464 eoiicubina
2814 5408 3094 5481 genitam.
3118 5410 3418 5480 Sigefredo
3450 5408 3763 5463 Parmensi

2108 5481 2382 5563 episcopo
2413 5497 2641 5563 sponsis
2692 5481 3280 5563 du-ce,’jungendam
3320 5481 3761 5563 Romanopop-

2108 5554 2290 5636 stanti
2314 5551 2327 5553 ἡ
2346 5551 2829 5637 Ρριχρὺγιυοεεοῇἰ
2860 5551 3101 5637 ,βροΙξω
3128 5552 3358 5637 Inicit,“
3371 5569 3437 5609 ac
3484 5551 3760 5608 Eudoxia

2109 5624 2346 5681 nomine
2374 5623 2901 5697 deinceps‘audivit
2923 5623 3289 5696 insignitam.
3320 5627 3500 5682 Goaa.
