4004 6208
295 380 360 438 53

1384 370 1934 433 HISTORIARUM
1978 370 2528 432 COMPENDIUM.

3586 371 3666 429 54

297 509 534 575 ἐπιζητῶν
608 503 973 579 νυμφευθῆναι
1040 506 1119 574 τῷ
1200 505 1296 555 τοῦ
1382 501 1895 578 Πορφυρογεννήτου

2018 501 2265 572 rogeniti
2302 501 2424 557 ﬁlio
2459 501 2719 556 Romano
2753 498 2947 570 nepoti
2976 514 3104 553 suo.
3137 499 3273 563 Quae
3310 502 3367 553 et
3414 498 3667 554 adducta

296 599 381 668 υἱῷ
428 596 715 666 Ῥωμανῴ⁶
778 591 898 660 ἥτις
980 592 1067 646 καὶ
1147 591 1381 653 ἀχθεῖσα
1468 590 1601 662 μετὰ
1660 585 1902 642 πλούτού

300 683 483 741 πολλοῦ
565 682 803 757 συνῆφθη
884 682 1172 752 Ῥωμανῷ.
1242 673 1564 733 ’Συνεόίωσε
1648 674 1705 731 8t
1790 677 1903 749 μετ’

305 774 441 829 αὖτοῦ
504 768 588 841 ἔτη
640 772 681 823 ε’
726 771 817 823 καὶ
867 770 1113 825 ἀπέθανε.
1168 768 1413 842 Ἐγένετο
1466 765 1523 821 δὲ
1571 767 1661 821 καὶ
1725 765 1901 841 βίαιος

301 863 467 933 ἅνὶμος
520 861 644 933 μηνὶ
705 854 1061 933 Δεκεμϐρίῳ”
1121 858 1210 912 καὶ
1267 856 1663 916 παταπεσόντες
1713 857 1764 909 οἱ
1818 855 1901 909 λε-

300 952 495 1027 γόμενοι
544 956 717 1021 Δῆμοι
766 951 879 1021 (83)
930 947 1246 1021 συνέτριψαν
1316 948 1383 1000 τὰ
1437 945 1674 999 κάτωθεν
1724 943 1894 997 αὐτῶν

302 1042 445 1116 βάθρα
470 1039 552 1093 καὶ
579 1038 645 1093 τὰ
674 1038 941 1112 λεγόμενα
972 1038 1193 1107 στήθεα.

349 1132 449 1198 Τῆς
501 1126 711 1188 πόλεως
770 1124 827 1180 δὲ
903 1123 1160 1194 Ἐδέσσης
1214 1122 1693 1200 πολιορκουμένης
1752 1123 1899 1195 παρὰ

290 1222 378 1271 τῶν
449 1217 762 1287 Ῥωμαῖκῶν
856 1211 1159 1287 δυνάμεων,
1249 1212 1750 1287 στενοχωρηθὲντες
1844 1211 1895 1264 οἱ

289 1302 564 1372 Ἐδεσσηνοὶ
612 1308 732 1364 τοῖς
792 1302 852 1357 ἐκ
906 1309 1007 1371 τῆς
1064 1300 1390 1378 πολιορκίας
1442 1298 1640 1361 δεινοῖς
1683 1297 1893 1374 διεπρε-

291 1389 541 1448 σϐεύσαντο
594 1393 731 1465 πρὸς
803 1390 1047 1466 βασιλέα,
1127 1391 1441 1464 αἰτούμενοι
1527 1390 1893 1455 ἀπαναστῆναι

290 1490 372 1551 νῆς
420 1478 726 1557 προσεδρίας
771 1482 859 1535 τὸν
912 1479 1043 1535 λαόν
1079 1499 1091 1512 ’
1147 1481 1235 1534 καὶ
1292 1480 1653 1555 ὑπισχνοῦντο
1681 1475 1895 1531 ἀντίλυ-

288 1593 394 1647 τρον
444 1569 611 1626 δοῦναι
643 1572 706 1625 τὸ
726 1576 822 1624 τοῦ
855 1574 1093 1645 Χριστοῦ
1116 1570 1267 1644 ἅγιον
1296 1568 1601 1643 ἐκμαγεῖον.
1632 1566 1895 1634 Λυθείσης

298 1660 374 1715 οὖν
398 1667 486 1728 τῆς
510 1658 829 1732 πολιορκίας
881 1657 1038 1727 ἐδόθη
1083 1659 1145 1712 τὸ
1191 1663 1332 1721 θεῖον
1371 1656 1664 1729 ἐκτόπωμα
1694 1655 1781 1709 καὶ
1815 1654 1893 1717 εἲς

283 1750 366 1816 τὴν
396 1746 629 1824 βασιλίδα
660 1746 835 1824 ἤχθη.
871 1745 1275 1820 ὑποδεξαμένου
1308 1751 1466 1801 τοῦτο
1496 1749 1593 1800 τοῦ
1626 1743 1892 1820 βασιλέως

296 1841 409 1910 μετὰ
458 1838 703 1912 λαμπρᾶς
759 1836 849 1892 καὶ
927 1836 1242 1911 πρεπούσης
1309 1833 1655 1913 δορυφορίας,
1714 1836 1968 1939 καθὼςΒ

290 1926 551 2001 ἶμπροσθεν
580 1926 702 1982 εἷ’πο
712 1948 805 2000 μιν
817 1973 829 1985 .

349 2018 477 2072 Κατά
526 2016 716 2077 ταύτας
769 2016 865 2078 τὰς
922 2015 1132 2089 ἡμέρας
1185 2014 1236 2084 ἐξ
1295 2012 1583 2090 Ἀρμενίας
1638 2011 1891 2089 ἐφοίτησε

280 2107 411 2180 τέρας
454 2105 500 2160 έν
553 2109 620 2180 τῇ
672 2105 1057 2179 βασιλευούσῃ,
1105 2101 1295 2167 παῖδες
1349 2102 1563 2179 ἅρῥενες
1616 2106 1884 2178 συμφυεῖς

285 2194 335 2248 ἐκ
386 2196 499 2267 μιάς
550 2193 914 2269 προελθόντες
969 2193 1223 2269 γαστρός.
1269 2190 1642 2261 Ἐξηλάθησαν
1703 2188 1760 2243 δὲ
1787 2196 1889 2259 τῆς

286 2282 473 2347 πόλεως
524 2284 594 2345 ὡς
660 2284 895 2360 πονηρὸς
953 2282 1171 2344 οῗωνός.
1233 2281 1353 2337 Ἐπὶ
1412 2277 1469 2335 δὲ
1523 2278 1891 2334 Κωσταντίνου

276 2371 414 2424 πάλιν
459 2371 732 2437 εἰσῆλθον.
791 2371 946 2427 Ἐπεὶ
991 2368 1049 2425 δὶ
1100 2365 1296 2439 συνέϐη
1345 2369 1435 2423 τὸν
1483 2364 1575 2422 ἕνα
1628 2366 1890 2437 τελευτῆ-

278 2480 367 2528 σαι,
690 2459 1045 2536 ἐπειράθησαν
1158 2459 1209 2513 οἷ
1322 2456 1699 2532 ἐμπειρότεροι
1783 2461 1892 2511 τῶν

279 2549 448 2621 ξηρῶν
478 2550 773 2622 ἀποτεμεῖν
822 2551 885 2604 τὸ
924 2548 1187 2622 νεκρωθὶν
1249 2547 1432 2622 μέρος·
1481 2546 1541 2600 οὗ
1588 2544 1889 2619 τμηθέντος

278 2638 327 2691 τὸ
355 2644 446 2707 ζῶν
476 2634 835 2702 ὲπιόεϐιωκὸς
867 2638 1057 2714 μικρὸν
1090 2636 1457 2706 έτελεύτησεν.

332 2729 383 2783 Ὀ
412 2725 464 2781 δὲ
512 2727 770 2801 βασιλεὺς
828 2727 1107 2798 Ῥωμανὸς
1157 2725 1245 2780 καὶ
1304 2727 1508 2786 πάντας
1570 2724 1665 2796 μὲν
1734 2722 1893 2795 ἐτίμα

280 2817 383 2877 τοὺς
417 2815 711 2892 μοναχοῦς,
757 2813 1120 2893 διαφερόντως
1163 2812 1220 2869 δὲ
1264 2815 1353 2869 τὸν
1392 2810 1636 2888 μοναχὸδ
1670 2812 1889 2886 Σέργιον

274 2905 347 2958 τὸν
391 2905 605 2979 ἀνεψιὸν
652 2905 875 2959 Φωτίου
939 2908 1035 2959 τοῦ
1091 2904 1458 2978 πατριάρχου,
1506 2902 1719 2978 ἀρεταῖς
1770 2901 1893 2955 ὄντα

273 2994 579 3067 κιτάκοσμον
634 2995 730 3048 καὶ
787 2999 920 3047 πᾶσι
976 2991 1354 3065 κοσμούμενον
1396 2996 1511 3052 τοῖς
1569 2989 1785 3058 καλοῖς,
1836 2992 1895 3053 ὃς

276 3080 349 3135 διὰ
373 3086 557 3145 παντὸς
618 3084 855 3157 παρῄνει
906 3087 983 3154 τῷ
1034 3080 1251 3157 βασιλεῖ
1294 3081 1399 3135 τῶν
1450 3077 1656 3135 παίδων
1700 3078 1892 3151 ἐπιμε-

274 3171 460 3226 λεῖσθαι
512 3172 600 3227 κάξ
661 3174 739 3245 μή
798 3168 1154 3231 ἀπαιδεύτούς
1201 3170 1424 3230 τούτους
1472 3167 1582 3239 ὲᾷν,
1639 3170 1713 3241 μὴ
1774 3189 1889 3229 πως

272 3260 343 3313 καί
372 3261 524 3322 αὐτὸς
580 3242 734 3335 πάθῃ
790 3260 851 3313 τὸ
910 3263 1005 3313 τοῦ
1048 3257 1200 3313 Ἠλεί
1258 3260 1390 3331 (84).
1423 3261 1498 3330 Τῇ
1549 3255 1605 3311 δὲ
1644 3255 1777 3329 αύτῇ
1812 3256 1890 3310 ῗν-
1921 3242 1964 3309 C

273 3346 486 3403 δικτιῶνι
534 3352 848 3425 κατήγαγον
907 3349 997 3402 νὸν
1050 3346 1275 3421 βασιλέα
1318 3347 1598 3418 Ῥωμανὸν
1644 3350 1741 3400 τοῦ
1787 3367 1887 3399 πα-

271 3440 437 3493 Αατίου
486 3438 573 3493 καὶ
628 3437 709 3499 εἷς
764 3439 864 3505 τὴν
921 3440 1150 3512 Πρώτην
1211 3437 1323 3509 (85)
1382 3435 1672 3510 ἀγαγόντες
1726 3442 1887 3503 νῆσον

272 3527 525 3599 ἀπέκειραν
590 3526 858 3602 μοναχόν,
927 3526 1081 3589 Τίνες
1152 3523 1208 3580 δὲ
1264 3524 1320 3578 οἱ
1372 3530 1562 3579 τοῦτον
1616 3525 1891 3579 κατασπά-

270 3635 430 3677 σαντες
468 3623 562 3685 τῆς
616 3617 823 3691 ἀρχῆς,
867 3615 956 3669 καὶ
1004 3614 1126 3669 τίνα
1171 3614 1397 3685 τρόπον,
1430 3613 1480 3667 ἐν
1530 3618 1648 3677 τοῖς
1695 3612 1890 3688 ἐπαγο-

274 3702 432 3772 μὲνοις
462 3704 761 3776 λελέξεται.

330 3793 723 3848 Κωνσταντίνου
752 3797 848 3847 τοῦ
884 3790 1153 3868 βασιλέως
1193 3790 1245 3846 ἐν
1287 3789 1497 3865 κομιδῇ
1545 3792 1639 3863 νέᾳ
1666 3791 1733 3866 τῇ
1762 3790 1889 3860 ἡλι-

270 3882 348 3950 κίᾳ
388 3881 906 3958 ἀπορφανισθέντος,
963 3880 1054 3935 καὶ
1118 3884 1226 3935 τῶν
1286 3880 1622 3955 πραγμάτων
1686 3881 1788 3935 ὑπό
1835 3901 1893 3935 τε

270 3975 353 4036 τῆς
392 3971 593 4046 μητρὸς
626 3970 797 4025 αὐτοῦ
833 3976 988 4037 Ζωῆς
1035 3969 1124 4023 καὶ
1172 3974 1280 4023 τῶν
1330 3968 1635 4043 ἐπιτρόπων
1670 3968 1761 4031 οὕς
1794 3968 1891 4043 ἔμ-

272 4060 474 4130 προσθεν
527 4058 964 4133 ἠριθμησάμεθα
1035 4055 1453 4130 διοιλουμένων,
1524 4059 1551 4112 ὁ
1628 4079 1890 4133 παρακοι-

274 4147 501 4217 μώμενος
534 4152 942 4207 Κωνσταντῖνος
1002 4144 1213 4222 μεγάλα
1286 4146 1433 4219 παρᾶ
1500 4149 1568 4219 τῇ
1649 4146 1945 4222 βασιλίδι.

270 4231 557 4309 δυνάμενος,
620 4237 709 4291 έπ³
761 4234 970 4312 ἀδελφῇ
1022 4256 1081 4288 τε
1149 4230 1396 4309 γαμϐρὸν
1448 4233 1592 4310 ἔχων
1650 4236 1740 4290 τὸν
1797 4236 1892 4309 μά-

270 4342 460 4398 γιστρον
517 4326 728 4379 Λέοντα
783 4324 875 4378 τὸν
954 4329 1149 4377 Φωκᾶν
1228 4320 1548 4395 δομέστικον
1606 4320 1731 4378 ὄντα
1784 4330 1890 4380 τῶν

271 4412 463 4485 σχολῶν
520 4418 628 4479 τῆς
690 4412 1020 4483 Ἀνατολῆς,
1085 4413 1174 4466 καὶ
1232 4412 1378 4486 παρά
1430 4417 1591 4467 τοῦτο
1616 4413 1712 4475 τὰς
1741 4414 1893 4484 ἡνίας

276 4500 447 4563 ἁπάσας
474 4505 574 4570 τῆς
631 4500 912 4576 βασιλείας
963 4500 1070 4569 ὅπη
1120 4500 1208 4554 καὶ
1256 4499 1518 4575 βούλοιτο
1564 4502 1893 4579 περιφέρων,

2012 596 2101 647 est
2134 592 2362 663 magnis
2402 607 2536 646 cum
2587 589 2817 661 opibus,
2870 593 3088 643 etcum
3138 588 3398 642 Romano
3446 590 3662 645 exactis

2012 680 2066 734 in
2104 680 2377 749 conjugio
2409 681 2579 734 annis
2610 679 2873 749 quinque
2902 694 2931 732 e
2962 677 3080 731 vita
3124 675 3413 747 migravit.
3465 677 3660 733 Mense

2016 770 2309 824 Decembri
2340 769 2632 823 violentus
2657 772 2869 823 ventus
2920 765 3141 821 exstitit
3174 784 3185 821 :
3215 770 3271 820 et
3323 770 3657 821 corruentes

2010 860 2108 931 qui
2140 864 2425 914 vocantur
2455 860 2621 914 Demi
2654 860 3058 913 contriverunt
3111 873 3313 912 eorum
3348 856 3448 929 q‘ui
3506 856 3658 912 infra

2008 953 2176 1005 erant
2207 954 2439 1021 pectora
2473 954 2649 1020 atque
2682 949 2879 1020 pedes.

2078 1128 2222 1183 Cum
2239 1144 2305 1183 eo
2321 1137 2580 1199 tempore
2594 1128 2860 1183 Edessaa
2886 1126 3166 1181 Romanis
3194 1131 3657 1198 oppugnaretur,

2006 1216 2283 1287 oppidani
2328 1217 2514 1288 pressi
2541 1215 2951 1288 oppugationis
2969 1214 3407 1271 calamitatibus
3436 1215 3661 1287 legatos

2008 1307 2079 1360 ad
2112 1306 2523 1375 imperatorem
2558 1305 2823 1364 mittunt.
2864 1308 3096 1359 orantes
3152 1305 3232 1357 uti
3288 1304 3655 1359 obsidionem

2007 1394 2215 1455 solvat.
2250 1411 2314 1449 ac
2346 1393 2586 1465 polliciti
2624 1410 2727 1465 pro
2758 1394 2887 1463 ejus
2916 1392 2999 1447 rei
3030 1393 3269 1463 praemio
3308 1392 3525 1448 Christi
3557 1410 3655 1449 sa-

2006 1500 2161 1538 cram
2197 1484 2254 1538 in
2292 1484 2467 1538 linteo
2497 1498 2831 1554 expressam
2871 1481 3149 1553 efﬁgiem.
3181 1481 3438 1552 Eamque
3467 1482 3655 1554 impe-

2002 1578 2156 1629 trato
2188 1575 2341 1644 quod
2373 1572 2647 1628 volebant
2675 1572 2962 1627 dederunt
2995 1587 3007 1623 :
3042 1575 3099 1625 et
3128 1575 3217 1625 est
3244 1570 3303 1624 in
3335 1571 3541 1625 urbem
3574 1571 3654 1625 al-

2002 1663 2142 1729 lata,
2178 1662 2505 1733 excipiente
2560 1677 2689 1716 eam
2748 1664 3098 1730 imperatore
3156 1675 3287 1714 cum
3341 1658 3652 1731 splendida

2002 1767 2240 1823 pompa,
2273 1750 2425 1806 sicut
2455 1754 2589 1805 ante
2620 1748 2954 1805 retulimus.

2075 2021 2233 2077 3‘20
2264 2019 2367 2074 His
2400 2020 2545 2090 ipsis
2596 2018 2803 2074 diebus
2853 2035 2922 2074 ex
2969 2018 3243 2075 Armenia
3294 2018 3535 2075 allatum
3571 2023 3659 2074 est

2001 2116 2335 2166 monstrum
2370 2108 2598 2179 Cpolin,
2633 2108 2795 2180 pueri
2832 2108 3078 2163 masculi
3113 2108 3389 2173 concreti,
3413 2110 3655 2175 uterini;

2000 2200 2182 2270 iique,
2216 2204 2280 2253 ut
2310 2197 2512 2252 infelix
2542 2213 2735 2265 omen,
2770 2198 2912 2252 urbe
2944 2200 3082 2252 sunt
3115 2198 3303 2267 rjecti.
3338 2196 3659 2252 Redierunt
3766 2218 3774 2227 ·

2000 2289 2110 2343 sub
2142 2288 2521 2342 Constantino
2555 2306 2568 2353 ;
2598 2290 2654 2341 et
2684 2302 2816 2341 cum
2849 2285 2997 2340 alter
3026 2291 3295 2340 mortuus
3317 2286 3653 2357 esset,peri-

1999 2377 2180 2431 tiores
2217 2375 2425 2430 medici
2460 2376 2707 2429 cadaver
2736 2391 2769 2429 a
2807 2374 2932 2429 vivo
2981 2381 3357 2430 resecuerunt
3390 2392 3403 2429 :
3441 2391 3648 2445 parum

1998 2468 2197 2521 tamen
2229 2464 2328 2519 diu
2362 2463 2510 2519 alter
2536 2463 2874 2535 supervixit.

2073 2733 2374 2787 Romanus
2404 2732 2725 2803 imperator
2754 2748 2885 2787 cum
2921 2731 3067 2787 alios
3096 2731 3417 2787 monachos
3447 2732 3504 2785 in
3544 2731 3647 2786 ho—

2002 2838 2143 2877 nore
2176 2822 2398 2888 habuit,
2431 2825 2555 2875 tum
2606 2820 2874 2892 Sergium
2930 2820 3219 2893 prmcipue
3270 2821 3646 2886 monachum,

2002 2908 2418 2965 consobrinum
2436 2909 2621 2964 Photii
2640 2909 3312 2980 patriarchas,ﬂorentem
3336 2909 3652 2964 virtutibus

2002 3005 2055 3055 et
2088 2999 2363 3054 omnibus
2397 3003 2666 3053 ornatum
2699 2998 2868 3053 bonis
2901 2999 3157 3054 rebusls
3186 2997 3421 3068 Sergius
3443 2998 3651 3053 identi-

2002 3090 2134 3144 dem
2156 3088 2503 3141 hortabatur
2524 3087 2930 3158 imperatorem
2951 3092 3016 3141 ut
3039 3086 3189 3143 ﬁlios
3212 3088 3322 3143 sub
3344 3086 3655 3158 disciplina

2002 3177 2347 3237 contineret,
2382 3192 2453 3230 ne
2487 3175 2638 3229 idem
2666 3176 2776 3246 ipsi
2812 3176 2964 3247 quod
3002 3176 3085 3230 Eli
3117 3176 3389 3231 eveniret.
3432 3177 3649 3231 Eadem

2001 3265 2320 3321 indictione
2351 3268 2649 3318 Romanus
2681 3263 2996 3334 imperator
3016 3264 3231 3334 palatio
3259 3265 3506 3320 eductus
3538 3271 3648 3327 est,

2000 3360 2056 3410 et
2103 3355 2159 3408 in
2220 3355 2451 3408 Protam
2511 3352 2769 3407 insulam
2829 3352 3083 3423 relegato
3139 3352 3391 3423 capillus
3449 3370 3641 3420 rasus,

2003 3442 2387 3512 monacbique
2417 3441 2692 3512 imposita
2721 3440 3001 3494 conditio.
3066 3448 3107 3493 Α
3169 3440 3386 3511 quibus
3442 3445 3501 3495 et
3528 3458 3643 3511 quo

2003 3535 2174 3613 modo
2206 3532 2551 3586 deturbatus
2578 3530 2822 3601 imperio
2855 3528 3047 3600 fuerit,
3083 3530 3209 3600 jam
3268 3545 3424 3583 nunc
3464 3545 3643 3601 expo-

2002 3637 2233 3676 nemus.

2071 3795 2833 3867 Constantinusimperator
2878 3794 3088 3851 Leonis
3136 3793 3295 3849 ﬁlius
3323 3794 3645 3849 admodum

2001 3904 2147 3960 puer
2172 3886 2450 3941 amiserat
2472 3889 2694 3955 patrem
2723 3901 2735 3938 :
2763 3889 2819 3940 et
2837 3888 3025 3939 mater
3038 3885 3146 3939 Zoe
3163 3900 3229 3938 ac
3250 3886 3649 3952 tutores,quos

2002 3976 2275 4048 superius
2305 3974 2922 4043 commemoravimus,
2945 3972 3210 4027 omnium
3236 3988 3430 4027 rerum
3464 3970 3650 4025 admi-

2004 4064 2337 4120 nistrationi
2362 4063 2814 4135 praefuerantEo
2838 4078 3033 4117 rerum
3058 4065 3213 4117 statu
3236 4059 3653 4117 Constantinus

2002 4153 2403 4211 cubicularius
2436 4169 2659 4222 magnae
2689 4152 2844 4223 apud
2895 4152 3067 4206 Zoam
3126 4150 3419 4222 potentiae,
3479 4149 3651 4218 cujus

2002 4258 2259 4299 sororem
2290 4242 2348 4295 in
2385 4241 2756 4296 matrimonio
2790 4240 3057 4295 habebat.
3096 4240 3205 4293 Leo
3229 4238 3450 4294 Phocas
3475 4238 3656 4309 magi-

2003 4336 2125 4387 ster
2155 4336 2211 4386 et
2240 4330 2575 4386 scholarum
2609 4329 2960 4385 domesticus
2977 4328 3370 4397 orientalium,
3420 4326 3653 4398 imperii

2002 4421 2262 4476 habenas
2295 4435 2400 4473 suo
2429 4419 2712 4473 arbitratu
2746 4416 3176 4488 torquens,dies
3208 4420 3525 4487 noctesque
3556 4431 3654 4470 co—

2004 4508 2223 4581 gitabat
2255 4524 2371 4579 quo
2404 4507 2576 4562 modo
2597 4506 2655 4561 in
2679 4507 2935 4562 Phocam
2961 4506 3182 4561 sororis
3205 4506 3482 4560 maritum
3515 4508 3655 4559 Con-

1387 4612 1786 4673 XYLANDRI
1834 4617 1931 4678 ET
1976 4615 2211 4678 GOARI
2255 4616 2510 4675 NOTAE.

330 4704 432 4774 (83)
462 4707 521 4762 Id
544 4712 639 4763 est
661 4707 795 4779 pagi
818 4725 837 4762 :
859 4707 942 4763 sic
962 4706 1118 4779 enim
1152 4706 1350 4779 Cicero
1374 4708 1655 4763 convertit
1676 4709 1900 4766 Atticos

277 4768 482 4851 argos;
515 4768 817 4851 Ceterum
835 4783 937 4833 aut
971 4776 1142 4851 βάθρα
1188 4778 1362 4849 pedes
1408 4778 1764 4849 significant,
1800 4786 1901 4836 aut

275 4848 448 4923 στήθεα
478 4868 719 4923 quoque
749 4850 908 4905 aliud
951 4848 1129 4920 quam
1186 4848 1596 4923 communiter.
1658 4851 1799 4906 XYL.
1850 4887 1893 4892 -ρ

274 4922 449 4986 sigon.
485 4920 897 4979 Prominentes
929 4927 1214 4976 tectorum
1262 4920 1660 4977 tabulatorum
1712 4930 1901 4993 petra-

274 5005 501 5064 rnmque
532 5012 605 5049 ex
631 4994 895 5064 aedificiis
945 4993 1143 5059 facies,
1204 4995 1559 5064 suggrundze
1592 4998 1648 5047 et
1677 5012 1903 5052 coronae

275 5062 520 5142 parietis,
546 5072 692 5142 sunt
723 5062 914 5134 δῆμοι,
948 5069 1015 5119 ut
1045 5065 1145 5135 qui
1198 5062 1477 5142 populum
1515 5066 1897 5142 prospicient.

275 5135 434 5210 Biepa
466 5136 738 5210 diximus
760 5152 937 5208 supra
958 5151 1087 5191 esse
1116 5140 1395 5207 suggesta
1439 5135 1727 5210 sedeque
1756 5138 1904 5210 lapi-

275 5206 394 5283 dras
424 5209 695 5283 partibus
726 5206 1780 5283 imperatorem_ex¢epturis,ipsi_sque
1809 5206 1904 5283 ex-

276 5276 564 5350 cipiendis,
598 5282 763 5350 juxta
789 5276 1071 5350 palatium
1111 5276 1447 5350 dispositas.
1500 5276 1711 5349 Στήθεὰ
1744 5280 1907 5337 colu-

278 5347 614 5428 melle_sunt
642 5347 846 5407 ordine
868 5347 1253 5428 dispositaac
1272 5347 1907 5428 superpositolongiori

278 5420 524 5491 epistylio
548 5425 795 5494 junctae,
843 5420 1483 5494 circumjecticlathri,
1543 5420 1908 5479 circumdata

278 5492 1776 5574 geptaetrepagula,sive_cancellihumili_o_res,spatio
1799 5512 1907 5574 suo

278 5565 535 5621 interiore
568 5565 827 5638 receptos
849 5585 882 5623 a
902 5567 1325 5638 circumstante
1346 5567 1435 5622 vel
1459 5565 1715 5624 irruente
1736 5568 1910 5624 turba

280 5636 1080 5713 propugnantes—.‘German‘us
1110 5636 1560 5713 in_Mystagogia
1580 5656 1697 5694 non
1733 5639 1909 5713 longe

286 5703 346 5759 ab
374 5703 613 5766 exérdio
644 5726 657 5766 :
686 5709 759 5763 Τὰ
782 5708 961 5765 κιόνια
984 5707 1111 5780 ἤτοι
1132 5706 1201 5763 τὰ
1238 5703 1446 5779 iniec}:
1466 5703 1910 5784 ’διαχωρίζονῖα

2009 4710 2070 4764 τὸ
2102 4709 2254 4782 βῆμα
2284 4707 2389 4783 ἀπὸ
2446 4712 2541 4761 τοῦ
2587 4705 2785 4783 λοιποῦ
2828 4711 2993 4783 -ναοῦ,
3054 4706 3143 4761 καὶ
3202 4704 3495 4783 κάγκελλα.
3555 4706 3657 4762 His

2012 4780 2201 4837 tribus
2232 4782 2423 4836 verbis
2453 4781 2754 4853 expositis,
2790 4780 2963 4851 plana
2993 4787 3082 4836 est
3115 4780 3487 4851 mens’bujus
3520 4796 3656 4833 sen-

2010 4854 2205 4908 tentiaa
2239 4870 2251 4907 :
2292 4854 2522 4909 Violenti
2550 4863 2833 4908 ventorum
2857 4854 3019 4922 ﬂatus
3066 4856 3245 4908 exorti
3272 4857 3659 4923 sunt,quorum

2013 4928 2220 4995 impetu
2260 4925 2589 4995 suggrundae
2637 4927 2765 4979 tecti
2811 4935 2862 4977 et
2910 4925 3193 4994 parietum
3251 4923 3561 4978 decidentes
3608 4927 3660 4977 et

2016 4998 2181 5066 lapszr
2229 5001 2493 5068 suggesta
2546 4995 2800 5066 sedesque
2852 4996 2962 5050 sibi
3029 4996 3311 5067 subjectus,
3342 5011 3583 5068 necnon
3608 4998 3659 5050 et

2012 5068 2276 5137 repagula
2321 5067 2764 5123 eommz'nuerunt
2826 5069 2876 5119 ιι
2922 5069 3321 5139 contriverunt.
3371 5067 3662 5139 Xylander

2016 5136 2181 5209 quasi
2208 5155 2237 5192 e
2258 5156 2432 5193 scena
2457 5139 2637 5193 risum
2656 5140 2912 5193 facturus
2935 5154 2946 5190 :
2981 5136 3263 5192 Violentus
3284 5136 3468 5193 ventus
3488 5140 3658 5193 exsti-

2016 5210 2319 5280 tit,inquit;
2340 5215 2389 5266 et
2418 5214 2727 5265 carmentes
2757 5212 2852 5279 qui
2900 5219 3160 5264 vocantur
3189 5211 3359 5276 demi,
3383 5213 3660 5265 contrive-

2016 5286 2153 5336 runt
2179 5298 2371 5336 eorum
2395 5286 2489 5351 qui
2511 5282 2663 5349 infra
2682 5290 2837 5336 erant
2857 5285 3076 5352 pectore
3105 5286 3268 5352 atque
3288 5282 3655 5348 pedes.Goaa.

2086 5354 2200 5423 (84)
2230 5352 2347 5426 Elis
2376 5353 2617 5426 historia
2637 5369 2704 5426 ex
2736 5353 3020 5423 principio
3042 5351 3325 5426 1ibrﬁdrum
3360 5369 3658 5409 sacrorum

2015 5424 2273 5478 Samueli
2303 5430 2392 5478 est
2441 5424 2769 5479 notissima.
2821 5429 2895 5479 Et
2945 5425 3205 5479 narratio
3246 5426 3315 5479 de
3364 5426 3657 5481 Edessena

2016 5495 2404 5622 imagineimt,
2437 5511 2774 5567 quanquam
2808 5494 3000 5551 secius
3031 5501 3206 5567 atque
3236 5496 3539 5569 hic,supra
3563 5510 3660 5552 ex-

2017 5583 2143 5622 DOSI
2176 5584 2228 5622 a.
2317 5584 2402 5621 YL.

2060 5567 2228 5623 osita.
2259 5569 2402 5622 XYL.

2017 5583 2228 5639 posita.
2263 5583 2402 5622 λη.

2092 5640 2203 5711 (85)
2234 5636 2592 5710 Hellesponti
2622 5637 2693 5693 ad
2721 5636 2827 5693 CP.
2861 5636 3137 5695 insulam.
3172 5638 3351 5694 Goxa.
