4004 6208
296 326 368 386 51

1646 328 1965 392 GEORGII
2009 329 2347 390 CEDRENI
3624 329 3702 388 52

366 457 657 515 Joannem
689 474 862 530 porro
900 458 1231 516 Curcunam
1283 461 1671 517 domesticum
1715 461 1944 517 schola-
1974 490 1989 529 λ

2131 458 2340 515 Φθόνου
2388 457 2445 515 δὲ
2499 457 2813 530 κινηθὲντος
2869 458 3005 514 κατὰ
3062 462 3158 513 τοῖ’)
3220 455 3548 531 δομίστίκου
3595 461 3712 511 τῶν

304 563 438 602 rum
487 547 825 620 imperator,
889 549 1040 620 quod
1098 550 1225 621 ejus
1273 550 1453 606 ﬁliam
1505 551 1953 623 Euphrosynam

302 636 500 708 nepoti
534 653 640 692 suo
673 636 1340 704 Romano,Constantini
1376 646 1515 695 natu
1554 640 1808 694 ﬁliorum
1846 640 1953 693 mi-

299 725 445 779 nimi
478 725 630 779 318
664 726 803 793 ﬁlio,
839 743 1073 781 uxorem
1110 728 1295 783 facere
1342 728 1589 795 volebat,
1632 746 1814 800 eaque
1864 746 1955 783 res

301 813 435 868 odia
467 813 759 869 Ciesarum
804 814 863 869 in
916 816 1203 871 Curcuam
1238 816 1686 884 inﬂammasset,
1720 823 1956 873 coactus

300 910 385 958 est
415 902 607 957 ofﬁcio
630 919 695 958 eo
720 904 1032 960 dimovere.
1061 905 1333 961 Gesserat
1365 907 1420 960 id
1454 923 1670 962 munus
1700 908 1957 961 Curcuas

304 992 741 1047 continentibus
770 994 839 1047 22
870 994 1039 1047 annis
1084 999 1140 1048 et
1167 996 1199 1045 7
1232 995 1559 1065 mensibus,
1594 996 1960 1051 universam-

305 1097 419 1151 que
446 1097 624 1152 prope
670 1081 893 1153 Syriam
946 1089 1297 1154 pervagatus
1338 1088 1668 1156 subegerat.
1719 1085 1778 1140 Si
1828 1085 1960 1156 quis

308 1169 581 1241 praeclara
611 1170 738 1241 ejus
771 1171 922 1225 facta
952 1170 1101 1226 scire
1133 1171 1442 1239 desiderat,
1480 1172 1751 1228 volumen
1784 1192 1817 1229 a
1839 1174 1961 1229 Ma-

308 1258 480 1314 nuelo
504 1258 755 1329 quodam
778 1260 1247 1331 protospatbario
1266 1262 1651 1333 atquejudice
1668 1280 1793 1317 com
1805 1263 1962 1334 posi-

308 1354 431 1401 tum
465 1346 622 1418 legat
656 1364 668 1401 :
706 1347 755 1402 is
788 1349 944 1402 enim
979 1353 1106 1403 octo
1142 1350 1306 1404 libris
1336 1366 1430 1405 res
1479 1367 1512 1404 a
1558 1350 1787 1407 Curcua
1818 1369 1960 1423 prae-

309 1434 462 1490 clare
490 1438 687 1507 gestas
716 1436 1049 1507 descripsit.
1084 1438 1221 1493 Inde
1244 1443 1554 1509 cognoscet
1584 1444 1842 1510 quantus
1874 1440 1966 1495 hic

309 1522 398 1578 vir
429 1523 561 1579 belli
592 1525 767 1579 rebus
801 1525 995 1580 fuerit.

396 1791 777 1863 Theophilius
798 1808 1030 1864 quoque
1052 1793 1230 1849 frater
1243 1796 1390 1865 ejus,
1411 1812 1552 1850 avus
1571 1795 1816 1852 Joannis
1842 1797 1969 1867 ejus

329 1883 430 1953 qui
464 1883 770 1953 postmodo
819 1882 1065 1953 imperio
1114 1885 1335 1954 potitus
1383 1889 1492 1950 est,
1541 1886 1971 1956 Mesopotamia:

327 1972 654 2042 praafectus,
678 1970 879 2025 eodem
914 1972 1086 2026 modo
1109 1972 1529 2028 Saracenorum
1556 1974 1612 2028 in
1646 1990 1712 2029 ea
1741 1976 1975 2045 provin-

325 2060 415 2115 cia
472 2060 645 2115 urbes
701 2060 990 2129 tractavit,
1023 2061 1322 2132 Oppressis
1375 2066 1550 2132 atque
1598 2064 1738 2118 adeo
1770 2064 1978 2118 deletis

328 2150 627 2220 Agarenis.
652 2149 722 2203 Et
746 2148 1045 2204 Romanus
1077 2150 1377 2220 patricius,
1400 2151 1646 2205 Joannis
1675 2152 1977 2206 domestici

327 2238 505 2303 ﬁlius,
539 2237 813 2292 exercitui
847 2238 1215 2307 praepositus,
1250 2238 1437 2293 multa
1485 2240 1724 2294 castella
1765 2239 1983 2310 recepit

328 2332 385 2381 et
415 2326 695 2382 Romanis
727 2325 979 2397 plurima
1010 2326 1199 2397 spolia
1228 2328 1472 2398 paravit.
1508 2329 1571 2382 In
1607 2328 1796 2383 locum
1841 2331 1981 2384 Cur-

329 2432 449 2471 cuaa
484 2416 669 2470 factus
712 2413 801 2470 est
830 2413 1165 2470 scholarum
1227 2416 1583 2472 domesticus
1631 2418 1985 2475 Pantherius

332 2503 577 2560 Romani
608 2503 981 2575 imperatoris
1013 2509 1319 2575 cognatus.

2064 547 2286 623 σχολῶν
2343 550 2595 606 Ἰωάννου
2632 552 2745 608 ,τοῦ
2804 547 3085 622 Κουρκούα
3141 547 3285 619 παρᾶ
3343 550 3449 601 τῶν
3522 544 3711 601 ἄλλων

2068 638 2334 713 βασιλέων
2398 633 2674 709 (ἐϐούλετο
2735 638 2835 712 γὰρ
2895 638 3171 710 Ῥωμανὸς
3218 638 3251 690 ά
3295 634 3550 710 βασιλεύς
3601 636 3709 690 Εὐ-

2066 726 2337 805 φροσύνην
2396 728 2493 795 τὴν
2560 730 2657 780 τοῦ
2734 723 3058 798 δομεστίκου
3146 723 3412 799 θυγατέρα
3488 723 3711 803 νύμφην

2068 802 2356 892 άγαγὲσθαι
2408 821 2486 887 τῷ
2544 816 2732 887 οἰκείῳ
2789 814 2990 889 ἐκγόνῳ
3048 816 3314 887 Ῥωμανῷ
3364 802 3447 887 τῷ
3478 814 3581 885 υἱῷ
3610 818 3712 867 τοῦ

2069 906 2302 980 ἐσχάτου
2379 902 2571 968 παιδὸς
2648 905 2813 958 αὐτοῦ
2883 904 3327 977 Κωνστσντίνου),
3388 906 3709 977 ἠναγκάσθη

2066 1002 2165 1062 τῆς
2231 995 2408 1069 ἀρχῆς
2466 993 2623 1047 αὐτὸν
2680 992 3009 1066 παραλῦσαι,
3060 991 3147 1046 ἐπὶ
3212 990 3330 1046 δυσὶ
3388 992 3477 1046 καὶ
3539 990 3713 1045 εἷ’κοσι

2070 1082 2293 1158 χρόνοις
2324 1082 2410 1135 καὶ
2471 1082 2634 1154 μησὶν
2695 1081 2830 1135 ἒπτᾶ
2889 1078 3200 1156 ἆδιαδὸχως
3254 1081 3354 1150 τήν
3407 1085 3504 1135 τοῦ
3552 1077 3717 1153 δομε-

2072 1172 2253 1226 στίχου
2308 1172 2485 1247 ἀρχὴν
2549 1169 2816 1235 ἰθύνοντα,
2850 1171 2937 1225 καὶ
2997 1175 3192 1238 πᾶσαν,
3253 1169 3327 1233 ὡς
3384 1168 3576 1236 εἴπεῖν,
3614 1170 3717 1236 τὴν

2074 1261 2270 1336 Συρίαν
2332 1257 2748 1335 καταδραμόντα
2821 1260 2910 1314 καὶ
2981 1259 3403 1315 ταπεινώσαντα.
3452 1261 3603 1330 ’Ὁτῷ
3662 1255 3724 1313 δὲ

2078 1348 2350 1425 βουλητὸν
2404 1351 2500 1412 τὰς
2558 1349 2767 1403 ἐκείνου
2823 1350 3014 1421 μαθεῖν
3072 1348 3370 1423 ἀριστείας,
3436 1347 3727 1419 ζητησάτω

2071 1440 2170 1507 τήν
2202 1442 2529 1508 πονηθεῖσαν
2581 1432 2771 1513 βίϐλον
2822 1439 2967 1512 παρά
3012 1457 3158 1498 τινος
3205 1438 3464 1506 ΜανουῆΛ
3495 1457 3716 1512 πρωτο-

2076 1526 2373 1602 σπαθαρίου
2403 1526 2491 1580 καὶ
2522 1530 2710 1595 κριτοῦ
2739 1526 2812 1598 (ἐν
2856 1526 2999 1580 ὀκτὼ
3043 1525 3143 1602 γάρ
3181 1521 3396 1601 βίϐλοις
3427 1525 3627 1587 ἐκεῖνος
3656 1528 3729 1579 τὰ

2074 1616 2271 1671 τούτου
2328 1612 2790 1690 ἀνδραγαθήματα
2849 1616 3264 1691 συνεγράψατο),
3324 1614 3413 1669 καὶ
3463 1613 3726 1684 ἐξαυτῆς

2077 1703 2270 1759 εἴσεται
2306 1707 2420 1765 οἷος
2447 1707 2512 1773 ἦν
2547 1705 2575 1758 6
2606 1704 2742 1779 ἀνὴρ
2773 1703 2841 1758 τά
2868 1702 3171 1777 πολεμικά.

2149 1796 2229 1862 [Ρ.
2262 1793 2389 1863 631]
2468 1788 2873 1865 Ιίαραπλησίως
2939 1795 3117 1862 τούτῳ
3186 1791 3276 1844 καὶ
3366 1789 3629 1869 Θεόφιλος
3692 1791 3722 1844 6

2080 1880 2276 1934 τούτου
2304 1877 2584 1951 ὁμαίμων,
2617 1879 2645 1932 6
2694 1899 2912 1940 παππος
2959 1878 3209 1935 Ἰωάννου
3252 1883 3349 1932 τοῦ
3397 1880 3530 1951 μετὰ
3559 1884 3730 1933 ταῦτα

2090 1967 2524 2045 βασιλεύσαντος,
2550 1967 2644 2029 τὰς
2702 1965 2754 2021 ἐν
2813 1966 3205 2041 Μεσοποταμίᾳ
3257 1971 3364 2021 τῶν
3397 1973 3731 2042 Σαρακηνῶν

2086 2057 2279 2120 πόλεις
2341 2054 2569 2122 διέθετο,
2641 2057 2939 2130 στρατηγὸς
3015 2056 3065 2110 ἐν
3147 2056 3282 2131 αὐτῇ
3341 2056 3583 2131 γεγονώς
3642 2057 3737 2111 καὶ

2086 2148 2424 2208 ταπεινώσας
2476 2145 2565 2199 καὶ
2608 2144 2812 2207 τελέως
2864 2144 3122 2223 ἀφανίσας
3164 2144 3290 2207 τοὺς
3322 2145 3380 2200 ἐκ
3406 2149 3503 2214 τῆς
3534 2148 3735 2221 Ἅγαρ.

2093 2237 2193 2292 Καὶ
2249 2235 2528 2308 Ῥωμανὸς
2580 2232 2637 2289 δὲ
2713 2236 2740 2289 ὁ
2812 2234 3123 2310 πατρίκιος,
3184 2236 3211 2289 6
3261 2239 3358 2289 τοῦ
3408 2232 3741 2308 δομεστίκου

2093 2327 2346 2382 Ἰωάννου
2427 2325 2564 2393 υἱὸς,
2671 2325 2972 2399 στρατηγὸς
3071 2324 3338 2385 καταστὰς
3412 2323 3599 2379 πολλά
3681 2346 3745 2380 τε

2095 2414 2326 2493 φρούρια
2367 2415 2743 2487 παρεστήσατο
2788 2413 2876 2467 καὶ
2927 2412 3195 2468 πλείστων
3258 2412 3513 2490 λαφύρων
3568 2410 3747 2475 αἶ’τιος

2098 2506 2299 2575 ὑπῆρξε
2355 2508 2473 2565 τοῖς
2528 2500 2842 2574 Ῥωμαίοις.
2922 2505 3035 2559 Τοῦ
3110 2502 3361 2558 Ἰωάννου
3437 2500 3493 2557 δὲ
3568 2523 3744 2579 παρα-

334 2592 587 2653 λυθέντος
637 2599 739 2661 τῆς
793 2592 997 2667 ἀρχῆς,
1051 2587 1423 2667 προϐάλλεται
1513 2590 1831 2666 δομὲστικος
1904 2598 2013 2649 τῶν
2094 2592 2316 2668 σχολῶν
2401 2593 2428 2646 ὁ
2515 2592 2857 2665 ΙΙανθήριος,
2911 2592 2938 2645 6
2993 2596 3090 2647 τοῦ
3151 2590 3421 2667 βασιλέως
3463 2594 3748 2666 Ῥωμανοῦ

335 2683 562 2757 συγγενή
573 2703 597 2743 ς
606 2725 620 2738 .

410 2771 717 2826 Enimvero
765 2768 1086 2840 imperator
1115 2770 1414 2826 Romanus
1446 2771 1784 2843 pcenitentia
1810 2772 1986 2827 viola-

274 2914 283 2927 ,
342 2864 535 2915 torum
587 2859 1061 2930 juramentorum
1119 2875 1185 2912 ac
1243 2860 1497 2930 perﬁdiae
1554 2866 1876 2932 correptus,
1926 2865 1993 2914 ut

348 2956 525 3003 Deum
557 2946 831 3019 placaret,
859 2963 989 3001 cum
1024 2947 1137 3003 alia
1168 2947 1353 3003 multa
1382 2949 1527 3003 bene
1556 2950 1709 3016 fecit,
1743 2966 1868 3019 qua:
1899 2965 1991 3004 re-

344 3053 582 3092 censere
615 3036 689 3091 sit
718 3035 1093 3102 laboriosum,
1127 3042 1252 3091 tum
1285 3054 1362 3092 aes
1401 3037 1573 3093 etiam
1625 3038 1879 3093 alienum
1911 3037 1989 3093 ci-

2174 2768 2550 2841 Ἰλασκόμενος
2608 2766 2665 2823 δὲ
2713 2769 2805 2823 τὸν
2864 2768 2992 2823 Θεὸν
3062 2769 3090 2822 6
3152 2765 3407 2844 βασιλεὺς
3463 2768 3748 2840 Ῥωμανὸς

2102 2856 2192 2913 διὰ
2221 2858 2318 2925 τὴν
2350 2862 2459 2911 τῶν
2492 2858 2667 2933 ὅρκων
2698 2852 3023 2931 παράϐασιν,
3080 2856 3169 2911 καὶ
3224 2861 3493 2930 μετανοῶν
3551 2856 3631 2933 ἐφ’
3665 2858 3749 2918 οἷς

2100 2950 2280 3009 κακῶς
2361 2944 2821 3020 παρεσπόνδησεν,
2883 2945 3052 3001 ἐποίει
3110 2946 3203 3019 μὲν
3270 2947 3361 3000 καὶ
3410 2944 3585 3009 ἄλλας
3660 2944 3749 2999 εὖ·

2102 3034 2306 3104 ποιίας,
2364 3033 2425 3097 ἃς
2496 3033 2807 3111 καταλέγειν
2885 3033 3058 3111 ἔργον,
3136 3035 3355 3089 ἀπέτισε
3411 3031 3467 3088 δὲ
3532 3033 3621 3088 καὶ
3680 3033 3750 3087 τὰ

345 3126 503 3181 vium
543 3124 780 3181 nomine
823 3124 1108 3193 dissolvit,
1141 3126 1387 3180 divitum
1423 3143 1488 3181 ac
1524 3143 1843 3197 pauperum
1882 3143 1894 3182 :
1931 3128 1988 3182 in

2104 3123 2239 3198 χρέα
2293 3130 2392 3192 τῆς
2439 3122 2655 3185 πόλεως
2706 3125 2811 3178 ἀπό
2884 3144 2943 3178 τε
3018 3123 3294 3178 πλουσίων
3352 3123 3441 3177 καὶ
3500 3124 3753 3193 πενήτων

345 3232 523 3287 quam
567 3231 689 3270 rem
733 3214 947 3269 dicitur
994 3215 1357 3285 impendisse
1387 3216 1723 3271 centenaria
1753 3216 1992 3272 undevi-

345 3304 525 3376 genti,
560 3320 626 3359 ac
656 3304 888 3358 tabulas
920 3304 1224 3359 nominum
1256 3305 1583 3360 combussit
1612 3307 1669 3359 in
1705 3323 1996 3379 purpureo

346 3395 444 3466 qui
480 3400 570 3449 est
600 3393 667 3447 ad
701 3392 925 3448 Chacen
959 3392 1258 3448 umbilico.
1292 3393 1482 3448 Pretia
1512 3410 1744 3466 quoque
1791 3396 1997 3450 domo-

348 3499 478 3538 rum
512 3499 614 3554 pro
645 3481 1102 3537 conductoribus
1147 3483 1447 3553 pependit,
1493 3482 1645 3537 319
1678 3500 1711 3537 a
1742 3483 1997 3537 maximo

350 3574 421 3627 ad
440 3572 790 3627 monimum.
824 3572 960 3633 Quas
990 3586 1123 3624 vero
1154 3570 1412 3624 instituit
1442 3576 1507 3624 ut
1540 3587 1643 3640 pro
1674 3572 1881 3625 animai
1914 3588 2001 3625 sa-

353 3665 469 3715 lute
500 3662 706 3714 ﬁerent
741 3660 799 3712 in
852 3657 1098 3728 Myrelai
1132 3658 1478 3722 ministerio,
1513 3660 1665 3730 quod
1703 3660 1830 3731 ipso
1864 3676 2000 3714 auc-

352 3756 475 3803 tore
521 3753 610 3802 est
655 3747 982 3813 conditum,
1014 3762 1080 3801 ea
1121 3746 1181 3800 in
1215 3746 1371 3801 hunc
1403 3763 1589 3818 usque
1621 3748 1774 3803 diem
1807 3748 1999 3821 peragi

354 3854 559 3892 omnes
591 3839 830 3890 norunt.
1568 3828 1571 3829 ⁷

423 3924 620 3981 Prima
647 3923 969 3979 indictione
1000 3940 1133 3979 eum
1171 3941 1376 3979 rursus
1406 3925 1572 3980 Turci
1604 3925 2001 3981 incursionem

352 4016 412 4070 in
444 4018 838 4069 Romanorum
873 4014 1017 4067 lines
1041 4014 1334 4081 fecissent,
1361 4013 1745 4085 TbeOpbanes
1764 4014 2002 4069 cubicu-

354 4102 535 4158 larius
559 4118 831 4174 egressus
854 4117 1051 4173 pacem
1076 4117 1208 4156 cum
1242 4102 1313 4156 iis
1345 4103 1693 4173 composuit,
1728 4103 2005 4175 acceptis-

356 4210 468 4264 que
498 4191 803 4247 obsidibus
836 4190 1022 4246 rediit.
1068 4190 1387 4246 Indictione
1438 4192 1717 4261 secunda,
1754 4191 2004 4246 Pascha-

357 4284 501 4338 lium
557 4279 1096 4353 protospatharium
1147 4284 1204 4334 et
1237 4280 1641 4351 Longibardize
1673 4281 2004 4350 przelectum

358 4372 429 4427 ad
459 4372 759 4441 Hugonem
792 4385 986 4442 regem
1014 4368 1260 4423 Francia:
1285 4369 1461 4423 mittit
1496 4369 2005 4433 Romanus,ﬁliam

359 4462 486 4532 ejus
517 4466 722 4531 petens
768 4458 827 4513 in
875 4457 1314 4513 matrimonium
1346 4458 1717 4514 Constantini
1748 4458 2007 4529 Porphy-

2105 3210 2375 3283 δεδωκὼς,
2430 3208 2505 3275 ὥς
2562 3233 2709 3281 φασι,
2787 3214 3106 3288 κεντηνάρια
3174 3210 3299 3267 δέκα
3354 3210 3521 3279 ἐννέα,
3578 3211 3645 3266 τά
3694 3208 3756 3265 δὶ

2104 3306 2455 3375 γραμματεῖα
2509 3300 2845 3363 κατακαύσας
2907 3299 2957 3355 ἐν
3029 3306 3107 3373 τῷ
3182 3301 3319 3357 κατὰ
3369 3303 3469 3370 τὴν
3528 3299 3754 3364 Χαλκῆν

2105 3394 2368 3465 πορφυρῷ
2426 3388 2704 3466 ὀμφαλίῳ.
2766 3387 2975 3445 Δὲδωκε
3033 3387 3089 3444 δὲ
3146 3390 3235 3444 καὶ
3278 3391 3345 3445 τὰ
3405 3388 3607 3444 ὲνοίκια
3653 3395 3756 3457 τῆς

2108 3478 2319 3539 πόλεως
2348 3477 2451 3532 ἀπὸ
2478 3483 2573 3532 τοῦ
2624 3476 2973 3552 ὕψηλοτάτου
3029 3480 3119 3533 καὶ
3175 3480 3340 3556 μέχρι
3371 3484 3466 3533 τοῦ
3497 3477 3754 3553 ἐσχάτου.

2105 3570 2173 3624 “Α
2222 3565 2277 3621 δὲ
2336 3565 2704 3623 διετυπώσατο
2755 3568 2993 3645 γίνεσθαι
3054 3568 3264 3645 ψυχικὰ
3319 3566 3568 3629 ἐπετεῖως
3600 3566 3650 3622 ἐν
3684 3571 3755 3640 τῇ

2108 3656 2498 3731 νεουργηθείσῃ
2577 3658 2703 3732 παρ’
2778 3658 2947 3712 αὐτοῦ
3033 3662 3174 3731 μονῇ
3257 3662 3354 3712 τοῦ
3411 3655 3754 3734 Μυρελαίου,

2111 3746 2252 3800 ἴσασι
2283 3746 2479 3808 πάντες
2514 3744 2681 3821 μέχρι
2710 3750 2807 3801 τοῦ
2828 3750 2918 3801 νῦν
2951 3744 3273 3820 τελούμενα.

2182 3924 2326 3977 Κατά
2383 3920 2440 3977 δὶ
2492 3925 2591 3993 τὴν
2650 3922 2875 3999 πρώτην
2954 3921 3268 3980 ῗνδικτιῶνα
3330 3928 3437 3979 τῶν
3493 3922 3756 3998 Τούρκων

2112 4012 2274 4067 πάλιν
2337 4009 2641 4085 ἐπιδρομὴν
2702 4013 3086 4085 ποιησαμένων
3168 4015 3304 4068 κατὰ
3359 4013 3665 4085 Ῥωμαίων,
3728 4014 3758 4068 6

2112 4101 2607 4174 παρακοιμώμενος
2656 4100 2930 4176 Θεοφάνης
2998 4100 3224 4171 ἐξελθὼν
3303 4101 3584 4156 ἐσπείσατο
3644 4102 3763 4173 μετ’

2114 4189 2289 4243 αὐτῶν
2339 4189 2430 4243 καὶ
2480 4185 2663 4243 λαϐὼν
2730 4190 2977 4264 ὁμήρους
3041 4190 3358 4263 ὑπέστρεψε.
3419 4190 3647 4265 Δευτέρᾳ
3703 4186 3763 4243 δὲ

2118 4276 2410 4333 ίνδικτιῶνι
2473 4277 2787 4353 Πασχάλιον
2836 4280 3326 4355 πρωτοσπαθάριον
3386 4278 3475 4332 καὶ
3528 4298 3762 4353 στρατη-

2114 4370 2204 4443 γὸν
2266 4361 2676 4443 Λαγγοϐαρδίας
2733 4366 3024 4440 ἐξέπεμψεν
3084 4368 3111 4422 6
3176 4365 3431 4442 βασιλεὺς
3481 4366 3615 4439 πρὸς
3669 4366 3761 4419 τὸν

2119 4455 2256 4531 ῥῆγα
2316 4456 2599 4531 Φραγγίας
2645 4453 2874 4530 Οὕγωνσι
2927 4459 3060 4529 (82),
3127 4457 3226 4525 τὴν
3268 4456 3437 4511 αὐτοῦ
3494 4456 3765 4531 θυγατέρα

1495 4556 1896 4618 XYLANDRI
1942 4557 2042 4617 ET
2087 4558 2321 4616 GOARI
2368 4557 2622 4618 NOT/E.

436 4655 546 4728 (82)

362 4868 554 4926 tinum
570 4870 1126 4941 Porphyrogenitum
1142 4868 1401 4940 intellige
1420 4887 1532 4923 non
1550 4868 1795 4923 Romani
1823 4870 2006 4923 ﬁlium

364 4940 832 5007 Constantinum,
865 4943 964 4997 sed
1002 4941 1229 5009 Leonis,
1262 4958 1392 4995 eum
1434 4944 1525 4995 cui
1562 4948 1623 4995 ut
1650 4956 1863 5011 genero
1896 4940 2009 4993 im-

366 5015 564 5086 posuit
602 5014 957 5084 Lacapenus,
992 5019 1049 5067 et
1085 5012 1222 5086 ipso
1268 5012 1323 5067 in
1357 5013 1620 5086 ordinem
1668 5012 1900 5086 redacto
1942 5027 2009 5066 ac

363 5084 805 5156 circumscripto
846 5088 961 5141 fere
1012 5084 1171 5140 solus
1204 5101 1335 5139 cum
1369 5084 1493 5139 suis
1526 5085 1662 5138 ﬁliis
1692 5084 2003 5154 imperium

402 5160 561 5213 essit.
596 5157 1223 5229 Porphyrogenitorum
1257 5158 1484 5226 primus
1513 5160 2010 5209 commemoratur

361 5174 781 5283 Eonronvmus.
814 5249 847 5283 a
889 5228 1144 5283 conclavi
1178 5228 1371 5283 palatii
1403 5228 1496 5283 cui
1528 5226 1837 5283 POFDhVX‘EB
1868 5226 2006 5283 (for-

384 5226 847 5299 Iopronymus,'a
889 5228 1144 5284 conclavi
1176 5228 1371 5297 palatii
1403 5228 1496 5283 cui
1528 5226 1837 5299 Porphyraa
1868 5226 2006 5296 (for-

363 5297 543 5355 tassis
580 5297 732 5372 quod
768 5297 1079 5372 purpureis
1128 5299 1420 5369 tapetibus
1458 5297 1544 5353 vel
1598 5297 1814 5372 audibis
1854 5302 2010 5352 esset

362 5371 728 5443 exornatum)
751 5371 985 5434 nomen.
1011 5374 1065 5426 in
1094 5388 1208 5441 quo
1245 5377 1418 5427 natus
1438 5374 1630 5443 esset;
1675 5387 1739 5423 ac
1764 5371 2008 5443 fortasse

365 5445 541 5499 etiam
574 5440 802 5515 reliqui,
838 5450 1034 5515 utpote
1064 5440 1303 5513 genuini
1327 5449 1402 5515 et
1448 5442 1709 5515 suoloco
1739 5442 1860 5515 nati
1892 5440 2007 5496 iin-

410 5512 864 5580 eratoresfloco
908 5512 986 5570 ’eo
1048 5512 1371 5586 puerperiis
1429 5512 1737 5586 destinato.
1798 5512 2009 5586 Noster

418 5588 582 5645 eonis
602 5588 682 5643 ﬁl.
701 5586 878 5643 etiam
902 5584 1062 5642 infra
1089 5586 1173 5641 sic
1198 5584 1499 5658 exprimit,
1536 5585 1809 5658 inprime
1841 5584 2009 5658 Nice-

371 5661 537 5735 phori
563 5660 763 5716 Phocis
794 5677 969 5716 anno.
988 5655 1313 5715 Romanum
1338 5655 1676 5713 Contantini
1696 5655 1776 5711 ﬁl.
1805 5655 2008 5712 Leonis

604 4657 725 4710 Imo
771 4671 929 4721 vero,
976 4658 1042 4709 ut
1105 4653 1362 4709 historiae
1410 4653 1753 4725 loquuntur,
1813 4668 2006 4724 regem
2040 4656 2087 4720 D
2119 4654 2523 4708 N.Romanum
2549 4653 2786 4709 tertium
2812 4654 3029 4725 optime
3051 4652 3643 4719 dices,necumaltero
3664 4651 3771 4707 Ro-

366 4725 562 4783 Italiaé.
594 4728 703 4782 Sed
736 4729 794 4781 in
828 4726 921 4782 his
951 4726 1126 4781 rebus
1157 4742 1347 4797 neque
1377 4726 1581 4781 Noster
1612 4742 1800 4797 neque
1821 4725 2011 4780 caeteri

367 4801 542 4869 hujus
582 4799 780 4854 farina:
812 4799 1127 4868 scriptores
1176 4800 1333 4869 fuere
1362 4798 1689 4867 diligentes.
1726 4798 2010 4869 Gonstan~

2121 4743 2292 4780 mano
2323 4724 2989 4781 confundaturltomani
3021 4731 3087 4779 Ν.
3121 4724 3447 4780 Christit‘eri
3471 4725 3766 4779 F.nomen

2124 4797 2536 4867 liliaeﬁugonis
2559 4797 2810 4851 traditur
2827 4797 3039 4852 Bertba
3060 4797 3317 4851 Eudoxia
3338 4799 3557 4851 XYL.—
3580 4796 3765 4859 Quem

2115 4863 2473 4940 περίϐλεπῖον
2508 4868 2774 4940 nominat
2814 4868 3234 4924 Constantinus
3280 4869 3349 4922 de
3388 4868 3559 4940 Adm.
3612 4871 3764 4939 Imp.

2116 4957 2165 4996 c.
2188 4938 2288 5010 '26,
2322 4944 2543 5012 patrem
2578 4939 3199 5012 habuitAdelbertum,
3234 4944 3478 4994 matrem
3508 4938 3764 5012 Bertam,

2116 5029 2283 5067 avum
2320 5010 2654 5068 Lotharium
2689 5011 2963 5066 Ludovici
2992 5011 3075 5065 Pii
3109 5010 3316 5065 tilium.
3343 5013 3554 5077 Magnes
3585 5010 3767 5065 Fran-

2117 5084 2216 5138 cize
2249 5102 2365 5149 rex,
2401 5092 2464 5138 ut
2494 5084 2683 5139 verbis
2715 5082 3077 5138 Constantini
3111 5090 3264 5152 utar,
3298 5098 3590 5152 nusquam
3636 5085 3769 5148 luit,

2133 5156 2232 5210 sed
2291 5172 2485 5210 comes
2547 5154 2852 5209 Provinciaz
2904 5154 3025 5210 sive
3071 5154 3453 5211 Arelatensis.
3486 5155 3570 5208 Ab
3605 5154 3769 5208 Italis

2117 5231 2388 5309 vocatus,
2419 5225 2959 5309 ejecto'l‘toduhlpbo,
2993 5226 3444 5309 Italias_regnum
3470 5225 3763 5309 obtinuit:

2118 5298 2273 5351 unde
2292 5296 2389 5371 ῥῆξ
2421 5295 2692 5371 Φραγγίας
2714 5314 2747 5371 a
2768 5299 2981 5371 Gracia
3003 5295 3534 5371 appellarimeruit.
3560 5295 3766 5371 Filiam

2117 5368 2348 5425 Bertam
2379 5386 2445 5423 ex
2478 5368 2804 5423 Concubina
2821 5368 3102 5441 genitam.
3126 5370 3425 5440 Sigef’redo
3458 5368 3767 5423 Parmensi

2115 5441 2389 5523 episeopo
2419 5456 2647 5523 sponsis
2697 5441 3767 5523 duce,jungendamhﬂomapopon-

2115 5514 2297 5595 stanti
2319 5511 2332 5512 ί
2352 5511 2836 5598 Porphyrogeniti
2867 5511 3109 5598 .Cpolim
3135 5511 3445 5598 .misitLac
3490 5511 3766 5568 Eudoxim

2116 5584 2353 5641 nomine
2381 5582 2909 5657 deinceps—audivit
2930 5582 3296 5656 insignitam.
3327 5587 3507 5642 Gesn.
