4004 6208
297 367 361 425 53
1389 358 1940 421 HISTORIARUM
1984 358 2507 420 COMPENDIUM
2520 402 2534 417 .
3592 359 3673 417 54

298 496 538 563 ίπιζητῶν
612 491 979 567 νυμφευθῆναι
1046 494 1124 562 τῷ
1205 493 1301 543 τοῦ
1389 489 1901 566 Πορφυρογιννήτου

2024 489 2272 559 rogeniti
2307 489 2430 545 ﬁlio
2465 489 2725 544 Romano
2758 486 2953 559 nepoti
2982 502 3109 542 suo.
3143 488 3278 551 Qua;
3316 491 3373 541 et
3420 486 3673 542 adducta

296 587 382 655 υἷῷ
430 584 721 654 Ῥωμανῴ·
783 578 903 647 ⁴ἴίτις
986 580 1072 633 καὶ
1153 579 1387 641 ἀχθεῖσα
1473 578 1606 649 μετὰ
1666 573 1908 630 πλούτού

300 670 486 727 πολλοῦ
568 670 808 745 συνῆσθη
889 670 1178 740 Ῥωμανῷ.
1248 662 1569 721 -Συνεὸίωσε
1654 662 1710 719 δὶ
1796 665 1909 736 μετ’

305 762 443 816 αὐτοῦ
508 755 593 827 ἔτη
645 760 686 811 ε’
732 759 822 811 καὶ
872 758 1118 813 ἀπέθανε.
1173 756 1419 830 Ἐγένετο
1472 752 1529 809 δὲ
1576 755 1665 808 καὶ
1730 754 1906 829 βίαιος

300 850 470 921 ἄνὶμος
523 848 649 921 μηνὶ
709 842 1066 921 Δεκεμϐρίῳ’
1126 846 1216 900 καὶ
1273 844 1669 905 παταπεσόντες
1719 844 1769 897 οἱ
1823 843 1907 897 λε-

299 940 498 1015 γόμενοι
547 944 722 1008 Δῆμοι
772 939 885 1009 (83)
936 934 1251 1010 συνέτριψαν
1322 935 1388 989 τὰ
1443 933 1680 988 κάτωθεν
1730 931 1900 986 αὐτῶν

301 1029 447 1103 βάθρα
473 1026 556 1081 καὶ
584 1026 650 1080 τὰ
680 1025 947 1100 Αεγόμινα
978 1026 1198 1094 στήθεα.

349 1120 451 1185 Τῆς
505 1114 717 1176 πόλεως
776 1111 832 1168 δὶ
908 1111 1165 1182 Ἐδέσσης
1220 1111 1699 1187 πολιορκουμένης
1758 1111 1904 1183 παρὰ

288 1210 379 1259 τῶν
451 1205 767 1274 Ῥωμαῖκῶν
861 1199 1165 1274 δυνάμεων,
1255 1200 1756 1275 στενοχωρηθὲντες
1850 1198 1901 1251 οἱ

288 1290 567 1360 Ἐδεσσηνοὶ
617 1296 738 1351 τοῖς
797 1290 857 1345 ἐκ
912 1297 1013 1359 τῆς
1070 1288 1395 1365 πολιορκίας
1448 1286 1646 1349 δεινοῖς
1688 1285 1899 1361 διεπρε-

289 1376 545 1435 σϐεύσαντο
600 1381 736 1453 πρὸς
808 1378 1053 1453 βασιλέα,
1133 1379 1447 1451 αἰτούμενοι
1533 1377 1899 1441 ἀπαναστῆναι

288 1477 372 1538 νῆς
420 1467 732 1544 προσεδρίας
777 1470 864 1523 τὸν
917 1466 1049 1523 λαόν
1085 1487 1097 1500 ·
1153 1469 1241 1522 καὶ
1298 1467 1659 1542 ὑπισχνοῦντο
1687 1463 1901 1519 ἀντίλυ-

285 1580 394 1632 τρον
445 1556 617 1614 δοῦναι
649 1559 712 1612 τὸ
731 1564 827 1611 τοῦ
859 1561 1099 1632 Χριστοῦ
1121 1558 1273 1632 ἅγιον
1302 1556 1607 1630 ἐκμαγεῖον.
1638 1554 1900 1622 Λυθείσης

295 1647 373 1701 οὖν
397 1654 488 1715 τῆς
512 1646 835 1720 πολιορκίας
886 1645 1044 1715 ἐδόθη
1089 1647 1150 1699 τὸ
1196 1650 1338 1709 θεῖον
1377 1644 1670 1716 ἐκτόπωμα
1699 1643 1787 1697 καὶ
1820 1642 1899 1705 εἷς

280 1738 364 1804 τήν
397 1733 635 1811 βασιλίδα
666 1735 841 1811 ἤχθη.
877 1733 1281 1807 ὑποδεξαμένου
1314 1738 1472 1788 τοῦτο
1502 1737 1599 1788 τοῦ
1631 1731 1899 1808 βασιλέως

292 1828 408 1897 μετὰ
458 1824 709 1899 λαμπρᾶς
765 1824 854 1880 καὶ
932 1824 1247 1899 πρεπούσης
1314 1821 1661 1900 δορυφορίας,
1720 1823 1898 1885 καθὼς

286 1912 555 1989 εμπροσθεν
585 1914 709 1969 εἷ’πο
718 1936 811 1988 μεν
823 1960 835 1973 .

347 2006 478 2059 Κατᾶ
528 2004 723 2065 ταύτας
776 2004 871 2065 τὰς
928 2002 1138 2077 ἡμέρας
1191 2001 1241 2072 ἐξ
1301 1999 1588 2077 Ἀρμενίας
1644 1998 1896 2077 ἐφοίτησε

274 2094 410 2167 τέρας
455 2092 503 2147 ἐν
558 2096 627 2167 τῇ
679 2092 1062 2166 βασιλευούσῃ,
1111 2089 1300 2154 παῖδες
1354 2090 1568 2166 ἅρῥενες
1622 2094 1889 2165 συμφυεῖς

281 2182 331 2235 ὲκ
386 2184 502 2254 μιᾶς
554 2180 918 2256 προελθόντες
975 2181 1228 2256 γαστρός.
1275 2177 1648 2249 Ἑξηλάθησαν
1709 2175 1765 2231 δὲ
1794 2184 1894 2246 τῆς

283 2270 474 2335 πόλεως
527 2271 600 2332 ὡς
666 2272 900 2347 πονῃρὸς
959 2269 1176 2331 οἷωνός.
1238 2269 1359 2325 Ἐπὶ
1417 2265 1475 2321 δὲ
1530 2266 1896 2321 Κωσταντίνου

270 2359 414 2412 πάλιν
460 2358 738 2424 εἰσῆλθον.
797 2358 951 2414 Ἐπεὶ
996 2355 1053 2413 δὶ
1106 2352 1301 2426 συνέϐη
1351 2357 1441 2410 τὸν
1488 2351 1580 2409 ἕνα
1634 2354 1896 2423 τελευτῆ-

273 2468 366 2513 ni,
696 2448 1051 2523 ἐπειράθησαν
1164 2446 1214 2502 οἱ
1327 2443 1704 2519 ἐμπειρότεροι
1788 2448 1897 2498 τῶν

274 2536 449 2609 ἴατρῶν
481 2538 778 2608 ἀποτεμεῖν
828 2538 891 2591 τὸ
929 2536 1192 2609 νεκρωθὲν
1254 2534 1437 2609 μὲρος·
1486 2534 1547 2587 οῦ
1594 2530 1895 2606 τμηθέντος

274 2626 324 2678 τὸ
353 2631 447 2694 ζῶν
478 2621 841 2689 ἐπιϐεϐιωκὸς
872 2627 1063 2701 μικρὸν
1095 2623 1462 2693 ἰτελεύτησεν.

329 2716 382 2771 Ὀ
412 2712 467 2769 δὲ
515 2714 776 2789 βασιλεὺς
833 2714 1112 2785 Ῥωμανὸς
1162 2714 1251 2767 καὶ
1309 2714 1513 2773 πάντας
1576 2712 1670 2784 μὲν
1740 2710 1898 2783 ἐτίμα

274 2805 383 2863 τοὺς
417 2802 718 2879 μοναχούς,
763 2800 1125 2881 διαφερόντως
1168 2800 1226 2856 δὲ
1269 2802 1359 2856 τὸν
1397 2798 1641 2875 μοναχὸδ
1676 2799 1894 2874 Σέργιον

268 2894 344 2946 τὸν
390 2893 612 2966 ἀνεψιὸν
659 2892 880 2947 Φωτίου
945 2896 1040 2946 τοῦ
1098 2890 1463 2966 πατριάρχου,
1512 2890 1724 2965 ἀρεταῖς
1775 2889 1899 2943 ὅντα

268 2981 584 3054 κιτάκοσμον
641 2982 736 3036 καὶ
795 2986 925 3035 πᾶσι
982 2979 1360 3052 κοσμούμενον
1401 2983 1517 3040 τοῖς
1574 2976 1790 3045 καλοῖς,
1841 2980 1900 3041 ’ὸς

270 3068 346 3123 διὰ
370 3073 563 3132 παντὸς
625 3070 861 3145 παρῄνει
912 3074 990 3141 τῷ
1040 3067 1256 3145 βασιλεῖ
1299 3068 1405 3122 τῶν
1454 3064 1662 3122 παίδων
1706 3066 1897 3139 ἐπιμε-

269 3159 461 3213 λεῖσθαι
515 3159 607 3213 καὶ
668 3162 745 3232 μή
805 3156 1159 3219 ἀπαιδεύτούς
1206 3156 1429 3217 τούτους
1477 3154 1587 3227 ἐᾷν,
1644 3158 1719 3228 μὴ
1779 3176 1895 3216 πως

266 3246 339 3301 καὶ
370 3248 527 3309 αὐτὸς
586 3229 740 3322 πάθῃ
796 3248 858 3301 τὸ
916 3250 1011 3300 τοῦ
1054 3244 1205 3301 Ἠλεί
1263 3247 1395 3319 (84).
1428 3248 1503 3317 Τῇ
1554 3242 1610 3298 δὶ
1649 3242 1783 3317 αὐτῇ
1816 3243 1895 3296 ῗν-
1927 3229 1969 3296 C

267 3334 488 3391 εικτιῶνι
538 3340 855 3412 κατήγαγον
914 3336 1002 3389 νὸν
1056 3333 1280 3408 βασιλέα
1323 3334 1603 3406 Ῥωμανὸν
1650 3338 1746 3387 τοῦ
1792 3354 1892 3386 πα-

265 3427 438 3480 Latios
488 3426 578 3480 καὶ
636 3424 716 3486 εἲς
770 3426 870 3492 τὴν
926 3429 1155 3498 Πρώτην
1216 3425 1329 3496 (85)
1388 3422 1677 3497 ἀγαγόντες
1730 3430 1892 3490 νῆσον

264 3515 529 3587 ἂπὲκειραν
596 3514 864 3589 μοναχόν,
932 3513 1086 3576 Τίνες
1157 3510 1214 3567 δὲ
1270 3510 1325 3565 οἱ
1378 3517 1567 3567 τοῦτον
1621 3512 1896 3566 κατασπά-

264 3623 430 3665 σαντες
470 3611 568 3672 τῆς
623 3605 828 3678 ἀρχῆς,
873 3602 961 3656 καὶ
1009 3602 1131 3656 τίνα
1176 3602 1402 3672 τρόπον,
1436 3600 1485 3654 ἐν
1536 3605 1654 3664 τοῖς
1700 3599 1895 3675 ἆπαγο-

267 3692 432 3760 μένοις
462 3692 766 3763 λελέξεται.

328 3781 728 3835 Κωνσταντίνου
757 3784 853 3834 τοῦ
889 3778 1157 3855 βασιλέως
1198 3777 1250 3833 ἐν
1292 3776 1502 3852 κομιδῇ
1551 3778 1643 3849 νὲᾳ
1672 3777 1739 3852 τῇ
1767 3777 1894 3847 ἡλι-

262 3870 344 3938 κίᾳ
386 3868 912 3945 ἀπορφανισθέντος,
968 3867 1059 3921 καὶ
1123 3872 1231 3922 τῶν
1291 3867 1627 3943 πραγμάτων
1691 3868 1793 3921 ὑπό
1840 3888 1898 3922 τι

264 3962 350 4024 τῆς
391 3958 601 4032 μητρὸς
634 3957 802 4011 αὐτοῦ
838 3963 993 4023 Ζωῆς
1040 3956 1129 4009 καὶ
1177 3960 1285 4010 τῶν
1335 3955 1641 4030 ἐπιτρόπων
1675 3955 1766 4017 οὕς
1799 3955 1896 4029 ἔμ.

265 4047 475 4116 προσθεν
530 4044 968 4118 ἠριθμησάμεθα
1040 4041 1458 4117 διοιλουμὲνων,
1529 4045 1557 4098 ὁ
1633 4066 1895 4119 παρακοι-

268 4134 504 4205 μώμενος
538 4138 947 4194 Κωνσταντῖνος
1007 4131 1219 4209 μεγάλα
1292 4134 1438 4205 παρὰ
1505 4136 1573 4206 τῇ
1655 4133 1950 4208 βασιλίδι-

264 4219 562 4295 δυνάμενος,
628 4223 715 4277 ἔπ’
766 4220 975 4299 ἀδελφῇ
1028 4242 1087 4275 τε
1154 4216 1402 4297 γαμϐρὸν
1453 4220 1597 4296 ἔχων
1655 4223 1745 4277 τὸν
1802 4224 1897 4296 μά-

263 4330 461 4386 γιστρον
519 4312 734 4366 Λέοντα
788 4311 880 4365 τὸν
958 4316 1154 4365 Φωκᾶν
1234 4308 1553 4381 δομέστικον
1611 4308 1735 4365 ὄντα
1789 4316 1895 4366 τῶν

264 4400 464 4473 σχολῶν
524 4405 634 4466 τῆς
696 4399 1025 4469 Ἀνατολῆς,
1089 4400 1180 4453 καὶ
1236 4400 1383 4473 παρὰ
1436 4404 1596 4453 τοῦτο
1620 4400 1717 4462 τὰς
1747 4402 1898 4470 ἡνίας

268 4489 448 4550 ἁπάσας
476 4492 579 4557 τῆς
639 4488 917 4563 βασιλείας
968 4488 1075 4556 ὅπη
1124 4488 1213 4542 καὶ
1262 4486 1523 4563 βούλοιτο
1569 4489 1898 4565 περιφέρων,

1926 1861 1974 1926 Β

2018 583 2108 635 est
2140 580 2368 650 magnis
2408 595 2541 634 cum
2593 577 2823 649 Opibus,
2875 581 2932 631 et
2961 592 3094 630 cum
3144 576 3403 630 Romano
3452 578 3668 633 exactis

2017 668 2073 722 in
2110 668 2383 737 conjugio
2415 669 2585 722 annis
2616 668 2879 737 quinque
2908 682 2937 720 e
2969 666 3085 719 vita
3129 664 3419 736 migravit.
3471 665 3667 722 Mense

2022 757 2317 812 Decembri
2347 757 2639 811 violentus
2664 760 2875 810 ventus
2926 754 3147 809 exstitit
3179 772 3191 809 :
3221 758 3277 808 et
3329 759 3663 809 corruentes

2016 849 2114 919 qui
2147 853 2431 902 vocantur
2461 848 2629 902 Demi
2660 848 3063 901 contriverunt
3117 861 3318 900 eorum
3354 845 3454 917 q’ui
3513 844 3664 901 infra

2014 941 2182 992 erant
2213 942 2445 1009 pectora
2479 942 2655 1008 atque
2687 937 2885 1008 pedes.

2084 1116 2228 1170 Cum
2245 1132 2311 1171 eo
2327 1124 2586 1187 tempore
2601 1116 2866 1170 Edessaa
2892 1114 3172 1169 Romanis
3200 1119 3663 1186 oppugnaretur,

2011 1204 2288 1274 oppidani
2334 1205 2521 1275 pressi
2547 1203 2957 1276 oppugationis
2975 1202 3413 1260 calamitatibus
3442 1203 3667 1275 legatos

2014 1295 2084 1348 ad
2117 1293 2529 1363 imperatorem
2564 1292 2829 1352 mittunt.
2870 1296 3102 1346 orantes
3158 1293 3237 1345 uti
3294 1292 3661 1348 obsidionem

2013 1382 2221 1443 solvat.
2256 1398 2320 1437 ac
2353 1381 2593 1453 polliciti
2629 1398 2733 1453 pro
2764 1381 2893 1450 ejus
2923 1380 3004 1435 rei
3035 1381 3275 1451 praemio
3314 1380 3530 1436 Christi
3564 1398 3661 1436 sa-

2012 1488 2167 1526 cram
2203 1472 2260 1525 in
2298 1472 2473 1526 linteo
2503 1486 2837 1542 expressam
2877 1468 3155 1541 efﬁgiem.
3186 1469 3444 1540 Eamque
3474 1470 3661 1542 impe-

2008 1566 2162 1616 trato
2194 1562 2346 1631 quod
2378 1560 2653 1615 volebant
2682 1559 2968 1614 dederunt
3000 1574 3012 1611 :
3048 1563 3105 1612 et
3134 1562 3223 1613 est
3251 1558 3309 1611 in
3342 1559 3546 1613 urbem
3581 1558 3661 1613 al-

2007 1650 2147 1717 lata,
2184 1650 2510 1721 excipiente
2566 1664 2694 1703 eam
2753 1651 3104 1717 imperatore
3161 1663 3293 1702 cum
3348 1646 3658 1718 splendida

2009 1754 2245 1810 pompa,
2279 1738 2429 1793 sicut
2460 1742 2594 1792 ante
2626 1736 2960 1793 retulimus.

2081 2008 2238 2063 320
2270 2007 2372 2061 His
2405 2007 2550 2077 ipsis
2601 2006 2809 2061 diebus
2858 2022 2927 2061 ex
2974 2006 3249 2062 Armenia
3300 2006 3541 2061 allatum
3577 2011 3665 2061 est

2007 2103 2340 2153 monstrum
2376 2096 2603 2165 Cpolin,
2639 2096 2801 2168 pueri
2838 2096 3084 2151 masculi
3118 2096 3394 2159 concreti,
3418 2097 3662 2163 uter-ini;

2005 2187 2187 2257 iique,
2220 2192 2285 2241 ut
2316 2184 2517 2239 infelix
2548 2200 2741 2252 omen,
2775 2186 2917 2240 urbe
2950 2188 3087 2239 sunt
3121 2185 3308 2255 cjecti.
3344 2184 3665 2239 Redierunt
3772 2206 3781 2215 ο

2006 2276 2116 2330 sub
2147 2276 2526 2329 Constantino
2560 2293 2573 2341 ;
2603 2278 2659 2329 et
2689 2290 2822 2328 cum
2855 2273 3002 2328 alter
3033 2278 3301 2328 mortuus
3322 2274 3660 2345 esset,peri-

2004 2364 2185 2419 tiores
2222 2362 2431 2417 medici
2465 2364 2713 2417 cadaver
2742 2379 2775 2417 a
2813 2362 2937 2416 vivo
2987 2368 3363 2417 resecuerunt
3396 2380 3409 2418 :
3446 2379 3654 2433 parum

2003 2455 2202 2508 tamen
2235 2451 2334 2507 diu
2368 2450 2515 2507 alter
2542 2450 2880 2523 supervixit.

2079 2720 2379 2775 Romanus
2410 2719 2730 2790 imperator
2759 2736 2891 2775 cum
2926 2720 3073 2775 alios
3102 2719 3422 2775 monachos
3453 2720 3509 2773 in
3550 2719 3653 2773 ho-

2008 2826 2149 2865 nore
2182 2809 2403 2875 habuit,
2436 2812 2560 2862 tum
2612 2808 2879 2880 Sergium
2935 2809 3224 2881 prmeipue
3276 2808 3652 2873 monachum,

2007 2897 2423 2953 consobrinum
2442 2896 2627 2951 Pbotii
2645 2897 3318 2968 patriarchaeﬂorentem
3342 2898 3657 2952 virtutibus

2007 2992 2061 3043 et
2093 2986 2368 3041 omnibus
2402 2990 2671 3040 ornatum
2705 2986 2873 3041 bonis
2906 2987 3163 3042 rebusls
3192 2985 3427 3055 Sergius
3448 2985 3657 3041 identi—

2007 3077 2138 3131 dem
2161 3075 2509 3128 hortabatur
2529 3074 2936 3145 imperatorem
2956 3080 3021 3129 ut
3045 3074 3194 3130 filios
3217 3076 3327 3130 sub
3350 3074 3661 3147 disciplina

2006 3164 2352 3225 contineret,
2387 3180 2459 3217 ne
2493 3164 2644 3217 idem
2672 3164 2781 3233 ipsi
2817 3164 2970 3235 quod
3007 3163 3089 3218 Eli
3123 3164 3395 3219 eveniret.
3438 3165 3655 3219 Eadem

2007 3252 2326 3308 indictione
2356 3255 2655 3305 Romanus
2686 3251 3001 3322 imperator
3022 3251 3236 3321 palatio
3264 3254 3512 3308 eductus
3544 3259 3654 3315 est,

2005 3348 2061 3397 et
2108 3342 2165 3395 in
2225 3342 2457 3395 Protam
2517 3340 2774 3394 insulam
2834 3339 3089 3411 relegato
3144 3340 3396 3411 capillus
3454 3358 3647 3407 rasus,

2008 3429 2393 3499 monachique
2424 3428 2697 3499 imposita
2727 3428 3007 3482 conditio.
3072 3436 3113 3481 Α
3174 3428 3391 3498 quibus
3448 3433 3507 3483 et
3534 3446 3648 3499 quo

2008 3522 2179 3599 modo
2212 3519 2557 3573 deturbatus
2584 3517 2827 3589 imperio
2860 3516 3053 3587 fuerit,
3089 3517 3214 3587 jam
3274 3533 3430 3571 nunc
3470 3534 3649 3588 expo-

2007 3624 2239 3663 nemus.

2076 3785 2494 3842 Constantinus
2519 3783 2838 3855 imperator
2883 3782 3093 3838 Leonis
3142 3780 3301 3836 ﬁlius
3328 3781 3651 3837 admodum

2006 3892 2153 3946 puer
2178 3873 2455 3928 amiserat
2478 3877 2699 3943 patrem
2729 3888 2741 3925 :
2769 3876 2825 3927 et
2842 3876 3030 3926 mater
3044 3872 3152 3926 Zoe
3169 3888 3234 3925 ac
3256 3874 3654 3940 tutores,quos

2006 3964 2280 4034 superius
2310 3961 2927 4029 commemoravimus,
2951 3960 3215 4015 omnium
3242 3976 3435 4015 rerum
3470 3958 3655 4013 admi-

2009 4051 2341 4107 nistrationi
2367 4050 2819 4122 praefuerantEo
2844 4066 3039 4104 rerum
3064 4052 3218 4104 statu
3242 4047 3658 4104 Constantinus

2007 4140 2408 4197 cubicularius
2442 4155 2665 4210 magnae
2695 4139 2850 4210 apud
2901 4139 3073 4193 Zoam
3131 4138 3425 4209 potentiae,
3485 4136 3656 4206 cujus

2008 4245 2264 4286 sororem
2296 4229 2353 4282 in
2391 4228 2762 4283 matrimonio
2796 4226 3063 4281 habebat.
3102 4227 3210 4280 Leo
3235 4226 3456 4281 Phocas
3480 4226 3660 4296 magi-

2008 4324 2130 4374 ster
2160 4323 2217 4373 et
2245 4317 2580 4372 scholarum
2614 4315 2966 4372 domesticus
2983 4314 3376 4385 orientalium,
3426 4314 3659 4386 imperii

2007 4408 2268 4462 habenas
2300 4422 2405 4460 suo
2434 4405 2718 4461 arbitratu
2751 4404 3182 4475 torquens,dies
3214 4408 3530 4474 noctesque
3562 4419 3659 4457 co—

2009 4495 2228 4567 gitahat
2262 4511 2376 4566 quo
2409 4494 2581 4549 modo
2602 4493 2661 4548 in
2685 4494 2941 4549 Phocam
2967 4494 3188 4549 sororis
3212 4494 3488 4548 maritum
3521 4496 3660 4546 Con-

1392 4599 1791 4660 XYLANDRI
1838 4604 1936 4665 ET
1981 4603 2217 4665 GOARI
2261 4603 2515 4663 NOTIE.

327 4692 432 4762 (83)
462 4694 524 4749 ld
548 4699 646 4750 est
668 4694 800 4766 pagi
823 4712 842 4749 :
864 4694 947 4750 sic
967 4692 1123 4766 enim
1157 4693 1355 4766 Cicero
1378 4695 1661 4749 convertit
1682 4696 1905 4753 Atticos

269 4757 484 4838 δήμους.
518 4757 812 4822 Οείθίὐῖη
840 4771 941 4820 aut
976 4763 1147 4838 βάθρα
1191 4765 1367 4835 pedes
1412 4765 1769 4836 significant,
1804 4773 1906 4824 aut

268 4836 447 4900 στήθεα
480 4855 724 4909 quoque
755 4838 913 4891 aliud
956 4836 1134 4907 quam
1191 4841 1601 4909 communiter.
1663 4839 1804 4893 XYL.
1856 4874 1898 4879 -ι

266 4911 450 4974 Δῆμοι.
485 4907 902 4966 Prominentes
934 4913 1219 4963 tectorum
1267 4907 1665 4963 tabulatorum
1718 4918 1906 4980 petra-

266 4994 502 5051 rumque
536 4999 611 5036 ex
638 4981 900 5051 aediﬁciis
950 4980 1148 5046 facies,
1209 4982 1564 5051 suggrundze
1597 4985 1653 5034 et
1682 4999 1908 5039 coronae

267 5050 514 5123 parietis,
550 5059 699 5107 sunt
728 5049 919 5121 δῆμοι,
952 5055 1020 5106 ut
1050 5052 1151 5121 qui
1202 5049 1483 5122 populum
1521 5053 1903 5123 prospicient.

268 5121 432 5198 Βὶθρα
465 5124 745 5198 diximus
766 5139 943 5195 supra
963 5138 1091 5177 esse
1121 5121 1401 5193 suggesta
1445 5121 1732 5198 sedesque
1761 5126 1909 5198 lapi-

267 5194 391 5268 deas
422 5196 701 5264 partibus
732 5194 1146 5268 imperatorem
1163 5195 1786 5268 _excepturis,ipsisque
1815 5194 1910 5253 ex-

268 5264 568 5337 cipiendis,
602 5268 769 5337 juxta
795 5264 1076 5337 palatium
1117 5264 1453 5337 dispositas.
1507 5264 1717 5335 Στῆοεᾶ
1750 5268 1913 5325 colu-

271 5336 620 5411 mellae_sunt
649 5336 851 5393 ordine
874 5337 1170 5411 dispositae
1193 5336 1257 5411 ac
1277 5339 1911 5411 superpositolongiori

270 5406 526 5479 epistylio
550 5412 800 5481 junctae,
849 5406 1489 5481 circumjecticlathri',
1550 5406 1913 5467 circumdata

270 5484 427 5558 gepta
437 5486 496 5537 et
508 5479 1209 5558 répagula,sive_cancelli
1223 5479 1782 5558 humili_o_res,spatio
1805 5500 1913 5558 suo

270 5552 536 5609 interiore
570 5552 834 5625 receptos
856 5571 888 5610 a
909 5554 1330 5625 circumstante
1352 5556 1440 5610 vel
1464 5552 1721 5610 irruente
1742 5556 1916 5611 turba

274 5623 1086 5700 propugnantesg‘Germanus
1117 5623 1567 5700 in_Mys_tagogia
1586 5642 1703 5681 non
1740 5626 1915 5700 longe

279 5692 341 5748 ab
370 5692 618 5753 exérdio
650 5713 663 5752 :
693 5695 766 5749 Τὰ
788 5694 968 5751 κιόνια
991 5692 1117 5766 ἤτοι
1138 5693 1207 5749 τὰ
1244 5692 1452 5765 σῖτήθῖα
1473 5692 1917 5770 ’διαχωρίζονῖὲα

2015 4698 2076 4751 τὸ
2108 4696 2261 4770 βῆμα
2290 4695 2395 4750 ἀπὸ
2452 4700 2546 4749 τοῦ
2592 4693 2791 4749 λοιποῦ
2835 4699 3000 4770 -ναοῦ,
3060 4694 3149 4749 καὶ
3207 4691 3501 4770 κάγκελλα.
3561 4693 3663 4750 His

2018 4768 2208 4825 tribus
2238 4770 2428 4824 verbis
2458 4769 2759 4841 expositis,
2796 4768 2969 4839 plana
2999 4775 3088 4824 est
3122 4768 3297 4823 mens
3317 4769 3493 4839 hujus
3525 4784 3662 4821 seu-

2017 4842 2212 4896 tentiaa
2245 4858 2257 4895 ί
2299 4842 2527 4897 Violenti
2556 4851 2839 4897 ventorum
2864 4843 3025 4911 ﬂatus
3071 4844 3250 4896 exorti
3276 4844 3664 4910 sunt,quorum

2020 4915 2226 4983 impetu
2266 4913 2594 4982 suggrundaz
2642 4915 2771 4967 tecti
2817 4924 2869 4966 et
2916 4913 3199 4983 parietum
3256 4911 3566 4966 decidentes
3614 4914 3665 4964 et

2023 4986 2187 5054 lapsae
2235 4989 2498 5055 suggesta
2551 4983 2806 5054 sedesque
2859 4985 2968 5037 sibi
3034 4983 3316 5055 subjectus,
3348 4999 3589 5055 necnon
3614 4986 3664 5036 et

2018 5055 2281 5125 repagula
2327 5054 2770 5111 comminuerunt
2832 5057 2881 5107 ιι
2928 5057 3327 5125 contriverunt.
3377 5054 3668 5125 Xylander

2022 5124 2188 5197 quasi
2214 5143 2242 5180 e
2264 5143 2437 5181 scena
2462 5127 2642 5180 risum
2660 5127 2952 5180 facturus:
2985 5124 3268 5179 Violentus
3288 5124 3472 5180 ventus
3492 5127 3663 5180 exsti-

2022 5198 2325 5267 tit,inquit;
2346 5202 2395 5253 et
2423 5202 2733 5253 carmentes
2763 5199 2858 5267 qui
2906 5206 3165 5250 vocantur
3194 5198 3363 5261 demi,
3388 5200 3665 5252 contritio-

2022 5274 2157 5324 runt
2184 5286 2377 5324 eorum
2400 5273 2494 5339 qui
2516 5270 2667 5336 infra
2688 5278 2842 5323 erant
2862 5271 3080 5339 pectora
3110 5272 3273 5339 atque
3292 5268 3660 5334 pedes.Goaa.

2092 5341 2206 5411 (84)
2236 5340 2352 5395 Elis
2381 5337 2621 5395 historia
2642 5356 2709 5411 ex
2742 5339 3025 5410 principio
3047 5337 3331 5394 librorum
3364 5356 3663 5395 sacrorum

2021 5412 2277 5466 Samueli
2309 5417 2397 5466 est
2445 5412 2774 5466 notissima.
2827 5415 2901 5465 Et
2950 5412 3210 5466 narratio
3250 5412 3320 5466 de
3368 5413 3662 5468 Edessena

2022 5484 2408 5609 imaginexeat,
2441 5498 2780 5555 quanquam
2814 5481 3005 5538 secius
3036 5488 3211 5553 atque
3241 5482 3545 5556 hic,supra
3569 5498 3665 5539 ex-

2023 5571 2147 5609 nosi
2181 5572 2232 5609 a.
2321 5572 2406 5609 YL.

2065 5555 2232 5611 osita.
2265 5556 2406 5609 XYL.

2023 5572 2232 5627 posita.
2268 5572 2406 5609 λη.

2097 5627 2208 5698 (85)
2239 5624 2597 5697 Hellesponti
2628 5624 2699 5680 ad
2726 5624 2832 5681 ΟΡ.
2866 5623 3141 5681 insulam.
3177 5625 3356 5681 Goaa.
