4004 6208
300 365 372 425 51

1649 368 1969 431 GEORGII
2012 368 2352 430 CEDRENI
3628 369 3706 429 52

370 495 660 553 Joannem
694 512 866 569 porro
904 497 1236 554 Curcunam
1288 500 1674 556 domesticum
1720 501 1991 569 schola-j

2135 498 2344 555 Φθόνου
2392 497 2449 555 δὶ
2504 496 2817 570 κινηθέντος
2873 498 3009 554 κατὰ
3066 502 3162 554 τοῦ
3225 496 3551 571 δομέστίκου
3599 501 3716 552 τῶν

308 601 442 641 rum
492 586 830 658 imperator,
892 588 1045 658 quod
1103 589 1229 659 ejus
1279 589 1457 645 ﬁliam
1509 590 1957 663 Euphrosynam

306 675 505 746 nepoti
538 691 644 731 suo
676 675 1344 742 Romano,Constantini
1380 684 1519 733 natu
1560 680 1812 733 ﬁliorum
1850 680 1957 733 mi-

302 763 448 818 nimi
482 763 634 818 318
669 764 807 832 ﬁlio,
843 782 1077 820 uxorem
1115 767 1298 822 facere
1346 767 1592 835 volebat,
1635 784 1818 839 eaque
1868 786 1958 823 res

304 852 438 907 odia
471 852 763 908 Caesarum
807 853 866 907 in
920 856 1207 909 Curcuam
1242 855 1690 923 inﬂammasset,
1724 862 1960 912 coactus

304 949 388 996 est
419 941 610 996 ofﬁcio
633 958 698 997 eo
724 943 1037 998 dimovere.
1065 944 1337 999 Gesserat
1369 946 1423 999 id
1457 962 1674 1002 munus
1704 947 1961 1001 Curcuas

307 1030 745 1086 continentibus
773 1032 843 1086 22
874 1033 1043 1086 annis
1088 1039 1143 1087 et
1171 1034 1203 1085 7
1237 1034 1563 1104 mensibus,
1599 1036 1963 1090 universam-

309 1136 423 1189 que
450 1136 627 1191 prope
674 1120 896 1192 Syriam
950 1127 1301 1193 pervagatus
1342 1127 1672 1195 subegerat.
1723 1124 1782 1179 Si
1832 1125 1964 1195 quis

311 1208 585 1280 praclara
614 1208 741 1279 ejus
774 1210 925 1263 facta
956 1210 1105 1265 scire
1136 1210 1445 1278 desiderat,
1484 1211 1755 1267 volumen
1788 1232 1821 1268 a
1844 1214 1965 1268 Ma-

310 1296 483 1352 nuelo
507 1297 758 1368 quodam
781 1299 1251 1371 protospathario
1269 1301 1655 1372 atquejudice
1672 1302 1965 1373 composi-

311 1392 434 1439 tum
468 1384 625 1457 legat
659 1402 671 1439 :
710 1386 759 1441 is
791 1388 946 1441 enim
982 1392 1109 1442 octo
1145 1389 1310 1444 libris
1339 1405 1433 1443 res
1483 1406 1516 1443 a
1562 1389 1789 1445 Curcua
1822 1408 1963 1462 pra-

312 1472 465 1527 clare
493 1477 690 1545 gestas
720 1475 1053 1545 descripsit.
1087 1477 1224 1532 Inde
1246 1482 1557 1548 cognoscet
1587 1484 1846 1550 quantus
1877 1479 1969 1535 hic

312 1560 401 1615 vir
432 1561 564 1617 belli
597 1564 770 1618 rebus
804 1564 998 1619 fuerit.

398 1831 780 1902 TheOphilius
802 1847 1033 1903 quoque
1055 1833 1233 1888 frater
1246 1835 1393 1903 ejus,
1414 1851 1555 1890 avus
1575 1836 1819 1892 Joannis
1845 1836 1971 1907 ejus

331 1922 433 1992 qui
467 1922 773 1993 postmodo
822 1921 1068 1992 imperio
1117 1924 1338 1993 potitus
1386 1928 1495 1990 est,
1544 1925 1974 1996 Mesopotamia

330 2010 657 2080 prafectus.
680 2010 882 2065 eodem
917 2011 1088 2065 modo
1111 2012 1531 2067 Saracenorum
1559 2014 1615 2067 in
1649 2030 1715 2068 ea
1745 2015 1978 2084 provin-

328 2099 417 2153 cia
475 2099 648 2153 urbes
705 2099 993 2168 tractavit,
1025 2101 1325 2171 Oppressis
1378 2106 1552 2172 atque
1601 2104 1740 2157 adeo
1773 2103 1980 2157 deletis

330 2188 630 2258 Agarenis.
655 2188 725 2242 Et
748 2187 1047 2243 Romanus
1080 2189 1380 2260 patricius,
1402 2190 1649 2245 Joannis
1678 2191 1979 2246 domestici

330 2278 507 2342 ﬁlius,
542 2276 816 2330 exercitui
851 2278 1218 2346 praepositus,
1254 2278 1439 2332 multa
1487 2279 1727 2333 castella
1768 2279 1985 2349 recepit

331 2371 388 2420 et
418 2366 698 2421 Romanis
730 2364 982 2436 plurima
1013 2366 1201 2436 spolia
1231 2367 1474 2438 paravit.
1510 2368 1573 2421 In
1610 2368 1799 2422 locum
1843 2370 1983 2423 Cur-

332 2472 452 2509 cua
486 2455 672 2509 factus
714 2452 803 2509 est
832 2452 1167 2509 scholarum
1230 2455 1586 2511 domesticus
1633 2458 1987 2514 Pantherius

334 2542 579 2598 Romani
611 2542 984 2614 imperatoris
1016 2548 1322 2614 cognatus.

2069 586 2290 663 σχολῶν
2346 590 2599 646 Ἰωάννου
2636 592 2749 649 ,τοῦ
2808 588 3089 662 Κουρκούα
3145 588 3289 659 παρᾶ
3347 591 3453 642 τῶν
3526 584 3715 642 ἄλλων

2072 678 2337 753 βασιλέων
2402 674 2679 749 (ἐϐούλετο
2739 677 2840 751 γὰρ
2899 678 3175 750 Ῥωμανὸς
3222 678 3254 731 ἀ
3299 674 3554 751 βασιλεύς
3604 676 3713 731 Εὐ-

2071 766 2341 845 φροσύνην
2400 768 2497 835 τὴν
2565 770 2661 820 τοῦ
2738 764 3062 839 δομεστίκου
3149 764 3416 840 θυγατέρα
3492 764 3715 842 νύμφην

2072 857 2360 931 ἀγαγέσθαι
2412 860 2489 927 τῷ
2548 855 2735 927 οἰκείῳ
2793 854 2994 930 ἐκγόνῳ
3051 857 3318 927 Ῥωμανῷ
3373 859 3451 926 τῷ
3482 854 3584 925 υἱῷ
3614 858 3715 907 τοῦ

2073 945 2305 1020 ἐσχάτου
2384 942 2575 1008 παιδὸς
2652 946 2817 998 αὐτοῦ
2887 945 3332 1016 Κωνστσντίνου),
3392 945 3711 1017 ἠναγκάσθη

2069 1042 2169 1101 τῆς
2234 1035 2412 1108 ἀρχῆς
2469 1033 2627 1087 αὐτὸν
2685 1032 3013 1106 παραλῦσαι,
3063 1032 3151 1087 ἐπὶ
3215 1030 3333 1086 δυσὶ
3392 1032 3480 1086 καὶ
3542 1030 3717 1085 εἷ’κοσι

2073 1122 2296 1198 χρόνοις
2327 1123 2413 1176 καὶ
2475 1122 2638 1194 μησὶν
2699 1121 2834 1176 ἑπτά
2893 1118 3203 1196 ἀδιαδόχως
3257 1121 3358 1189 τὴν
3412 1124 3508 1175 τοῦ
3555 1117 3721 1193 δομε-

2076 1212 2257 1266 στίκου
2312 1212 2489 1286 ἀρχὴν
2552 1210 2820 1275 ἰθύνοντα,
2854 1211 2941 1265 καὶ
3000 1215 3195 1278 πᾶσαν,
3256 1209 3331 1272 ὡς
3388 1208 3580 1275 εἴπεῖν,
3618 1210 3722 1277 τήν

2078 1301 2274 1375 Συρίαν
2335 1297 2752 1375 καταδραμόντα
2824 1300 2913 1354 καὶ
2985 1299 3407 1355 ταπεινώσαντα.
3455 1301 3607 1371 ’Ὁτῷ
3664 1296 3729 1353 δὲ

2082 1387 2353 1464 βουλητὸν
2408 1390 2503 1452 τὰς
2562 1388 2770 1443 ἐκείνου
2826 1390 3017 1461 μαθεῖν
3075 1387 3374 1463 ἀριστείας,
3439 1387 3731 1458 ζητησάτω

2074 1479 2174 1546 τήν
2206 1483 2532 1547 πονηθεῖσαν
2585 1472 2774 1552 βίϐλον
2824 1478 2969 1552 παρά
3015 1497 3161 1539 τινος
3208 1478 3468 1546 Μανουῆλ
3498 1498 3721 1552 πρωτο-

2079 1566 2377 1641 σπαθαρίου
2406 1566 2494 1619 καὶ
2525 1570 2713 1635 κριτοῦ
2743 1565 2815 1637 (ἐν
2860 1565 3002 1620 ὀκτὼ
3046 1565 3146 1642 γάρ
3184 1561 3399 1641 βίϐλοις
3430 1565 3630 1627 ἐκεῖνος
3659 1568 3734 1620 τά

2078 1656 2274 1710 τούτου
2332 1652 2793 1730 ἀνδραγαθήματα
2852 1656 3268 1731 συνεγράψατο),
3327 1654 3416 1709 καὶ
3467 1654 3517 1725 ἐξ
3560 1655 3731 1724 αὐτῆς

2080 1743 2273 1799 εἷ’σεται
2309 1747 2423 1805 οἷος
2450 1747 2515 1812 ἦν
2550 1744 2578 1798 ὁ
2610 1744 2744 1819 ἀνὴρ
2776 1743 2843 1798 τὰ
2871 1742 3173 1817 πολεμικά.

2151 1836 2232 1901 [Ρ.
2265 1833 2392 1903 631]
2470 1827 2877 1904 ΙΙαραπλησίως
2942 1835 3120 1901 τούτῳ
3189 1831 3279 1884 καὶ
3369 1830 3631 1909 Θεόφιλος
3696 1832 3729 1884 6

2083 1919 2279 1973 τούτου
2307 1917 2586 1990 ὁμαίμων,
2620 1918 2648 1971 6
2697 1939 2914 1979 παππος
2962 1917 3213 1975 Ἰωάννου
3255 1923 3351 1973 τοῦ
3400 1920 3533 1991 μετά
3562 1924 3735 1973 ταῦτα

2093 2006 2526 2084 βασιλεύσαντος,
2552 2006 2647 2068 τάς
2705 2005 2757 2060 ἐν
2816 2007 3208 2081 Μεσοποταμίᾳ
3260 2012 3367 2061 τῶν
3399 2013 3736 2082 Σαρακηνῶν

2090 2097 2282 2159 πόλεις
2344 2094 2572 2161 διέθετο,
2644 2097 2943 2169 στρατηγὸς
3018 2096 3068 2149 ἐν
3150 2096 3285 2170 αὐτῇ
3344 2097 3585 2171 γεγονώς
3644 2098 3741 2150 καὶ

2089 2187 2427 2247 ταπεινώσας
2480 2184 2568 2239 καὶ
2610 2184 2815 2247 τελέως
2867 2185 3125 2262 ἀφανίσας
3167 2185 3292 2247 τοὺς
3324 2185 3382 2240 ἐκ
3408 2189 3506 2254 τῆς
3537 2188 3741 2260 Ἅγαρ.

2095 2276 2196 2332 Καὶ
2252 2275 2530 2348 Ῥωμανὸς
2582 2272 2639 2329 δὲ
2716 2276 2743 2329 ὁ
2815 2274 3125 2350 πατρίκιος,
3186 2276 3214 2329 ὁ
3264 2279 3360 2329 τοῦ
3410 2272 3747 2348 δομεστίκου

2096 2367 2349 2421 Ἰωάννου
2429 2365 2566 2432 υἱὸς,
2674 2365 2975 2438 στρατηγὸς
3074 2364 3340 2425 καταστάς
3414 2363 3601 2420 πολλά
3684 2386 3750 2420 τε

2098 2454 2328 2532 φρούρια
2370 2455 2746 2528 παρεστήσατο
2791 2454 2879 2508 καὶ
2929 2452 3198 2508 πλείστων
3260 2452 3515 2530 λαφύρων
3571 2450 3754 2515 αἴτιος

2101 2545 2302 2615 ὑπῆρξε
2358 2548 2475 2605 τοῖς
2531 2540 2844 2613 Ῥωμαίοις.
2925 2545 3037 2599 Τοῦ
3113 2541 3364 2598 Ἰωάννου
3439 2540 3495 2597 δὲ
3571 2563 3750 2619 παρα-

336 2631 590 2692 λυθέντος
640 2638 741 2700 τῆς
796 2631 999 2706 ἀρχῆς,
1054 2626 1426 2706 προϐάλλεται
1516 2630 1833 2705 δομὲστικος
1906 2638 2015 2688 τῶν
2096 2631 2319 2708 σχολῶν
2404 2633 2431 2687 ὁ
2517 2632 2859 2705 ΙΙανθήριος,
2913 2632 2940 2686 6
2995 2636 3092 2686 τοῦ
3153 2630 3424 2707 βασιλέως
3466 2633 3755 2706 Ῥωμανοῦ

338 2722 565 2796 συγγενή
575 2741 599 2782 ς
609 2764 622 2777 .

412 2810 719 2865 Enimvero
767 2808 1088 2880 imperator
1118 2809 1417 2865 Romanus
1448 2810 1787 2882 poenitentia
1812 2812 1989 2868 viola-

276 2952 285 2965 ,
344 2903 537 2954 torum
590 2898 1064 2969 juramentorum
1122 2915 1187 2952 ac
1245 2899 1499 2970 perﬁdia
1557 2906 1878 2971 correptus,
1929 2906 1995 2955 ut

351 2995 527 3043 Deum
560 2986 834 3059 placaret,
862 3003 992 3041 cum
1026 2986 1139 3043 alia
1171 2987 1356 3043 multa
1384 2989 1530 3043 bene
1560 2989 1712 3055 fecit,
1745 3006 1870 3060 qua
1901 3006 1993 3044 re-

348 3092 584 3131 censere
617 3076 691 3131 sit
720 3074 1095 3142 laboriosum,
1128 3082 1254 3131 tum
1288 3094 1365 3133 as
1403 3077 1576 3133 etiam
1627 3077 1880 3133 alienum
1913 3078 1991 3133 ci-

2176 2808 2552 2882 Ἰλασκόμενος
2610 2806 2665 2863 δὲ
2715 2808 2807 2862 τὸν
2866 2807 2994 2862 Θεὸν
3064 2809 3092 2862 6
3154 2805 3409 2883 βασιλεὺς
3466 2808 3755 2881 Ῥωμανὸς

2104 2896 2194 2953 διὰ
2223 2898 2320 2965 τὴν
2352 2902 2461 2952 τῶν
2494 2898 2669 2973 ὅρκων
2700 2892 3025 2971 παράϐασιν,
3082 2897 3171 2951 καὶ
3226 2902 3496 2971 μετανοῶν
3554 2896 3634 2973 ἐφ’
3668 2899 3756 2958 οἷς

2102 2991 2282 3049 κακῶς
2363 2984 2823 3059 παρεσπόνδησεν,
2885 2984 3054 3041 ἐποίει
3111 2986 3204 3058 μὲν
3273 2987 3362 3041 καὶ
3412 2984 3587 3049 ἄλλας
3662 2985 3755 3039 εὖ-

2103 3074 2307 3143 ποιίας,
2366 3074 2426 3135 ἃς
2498 3073 2809 3151 καταλέγειν
2887 3072 3060 3151 ἔργον,
3138 3075 3355 3129 ἀπέτισε
3413 3071 3470 3128 δὲ
3535 3073 3624 3128 καὶ
3684 3074 3757 3127 τὰ

347 3166 505 3221 vium
546 3164 783 3221 nomine
825 3164 1111 3233 dissolvit,
1144 3167 1390 3221 divitum
1425 3183 1490 3221 ac
1527 3183 1845 3237 pauperum
1884 3184 1896 3222 :
1932 3168 1989 3222 in

2106 3164 2241 3239 χρέα
2295 3170 2393 3233 τῆς
2440 3162 2657 3226 πόλεως
2708 3165 2812 3218 ἀπό
2887 3184 2945 3218 τε
3020 3162 3296 3218 πλουσίων
3354 3162 3445 3217 καὶ
3503 3164 3760 3231 πενήτων

348 3272 525 3326 quam
570 3271 691 3310 rem
736 3254 950 3309 dicitur
997 3255 1359 3325 impendisse
1388 3257 1725 3311 centenaria
1755 3257 1994 3312 undevi-

348 3344 527 3415 genti,
563 3359 628 3398 ac
658 3344 891 3398 tabulas
922 3344 1226 3398 nominum
1257 3346 1584 3400 combussit
1614 3347 1672 3399 in
1706 3362 1997 3419 purpureo

348 3435 445 3505 qui
482 3440 572 3488 est
601 3432 670 3487 ad
704 3432 927 3487 Cbacen
961 3432 1260 3488 umbilico.
1294 3434 1483 3488 Pretia
1513 3450 1746 3506 quoque
1793 3436 1999 3489 domo-

350 3539 479 3577 rum
514 3538 616 3594 pro
648 3521 1104 3576 conductoribus
1149 3523 1448 3592 pependit,
1494 3523 1647 3578 819
1679 3540 1712 3577 a
1745 3522 1999 3577 maximo

352 3613 421 3666 ad
442 3611 792 3667 monimum.
827 3611 962 3673 Qua
993 3626 1125 3663 vero
1156 3610 1414 3663 instituit
1443 3616 1509 3665 ut
1542 3628 1645 3681 pro
1676 3612 1883 3665 anima
1915 3628 2003 3666 sa-

354 3703 471 3754 lute
502 3701 709 3753 ﬁerent
745 3700 803 3752 in
854 3697 1100 3768 Myrelai
1135 3698 1481 3763 ministerio,
1515 3700 1667 3771 quod
1704 3700 1831 3771 ipso
1865 3716 2003 3754 auc-

354 3796 477 3843 tore
524 3792 613 3841 est
658 3787 985 3852 conditum,
1016 3802 1083 3840 ea
1125 3786 1183 3840 in
1218 3786 1373 3842 hunc
1405 3803 1591 3859 usque
1622 3789 1775 3844 diem
1808 3789 2001 3861 peragi

356 3892 562 3932 omnes
594 3878 833 3929 norunt.

426 3964 623 4020 Prima
651 3963 971 4018 indictione
1003 3980 1135 4018 cum
1174 3981 1379 4019 rursus
1409 3966 1573 4020 Turci
1606 3966 2002 4022 incursionem

354 4055 414 4110 in
446 4058 841 4109 Romanorum
876 4053 1019 4106 tinos
1044 4052 1338 4119 fecissent,
1363 4054 1747 4124 Theophanes
1766 4055 2003 4109 cubicu-

356 4142 537 4197 larius
561 4158 833 4214 egressus
856 4156 1054 4212 pacem
1078 4156 1211 4195 cum
1244 4141 1316 4195 iis
1348 4143 1694 4213 composuit,
1729 4144 2006 4215 acceptis-

358 4249 471 4303 que
500 4231 805 4286 obsidibus
838 4229 1025 4285 rediit.
1070 4230 1390 4285 lndictione
1441 4232 1719 4301 secunda,
1755 4232 2005 4286 Pascha-

360 4324 503 4377 lium
559 4318 1098 4392 protospatbarium
1150 4323 1206 4374 et
1240 4320 1643 4391 Longibardia
1675 4321 2005 4390 pratectum

361 4411 431 4465 ad
462 4411 761 4480 Hugonem
794 4424 987 4481 regem
1016 4408 1263 4462 Francia
1287 4409 1464 4463 mittit
1499 4408 2007 4473 Romanusﬁliam

362 4501 489 4571 ejus
520 4505 723 4571 petens
770 4497 829 4553 in
878 4496 1317 4553 matrimonium
1349 4498 1718 4554 Constantini
1751 4498 2009 4569 Porphy-

2107 3250 2376 3323 δεδωκὼς,
2432 3248 2507 3315 ὥς
2564 3274 2711 3321 φασι,
2790 3254 3108 3328 κεντηνάρια
3175 3250 3301 3307 δέκα
3356 3250 3523 3320 ἐννέα,
3580 3251 3647 3305 τά
3700 3249 3763 3305 δὶ

2106 3346 2457 3415 γραμματεῖα
2511 3341 2848 3403 κατακαύσας
2909 3340 2960 3395 ἐν
3031 3346 3110 3413 τῷ
3184 3341 3321 3396 κατὰ
3372 3342 3472 3411 τὴν
3531 3340 3761 3405 Χαλκῆν

2108 3434 2370 3504 πορφυρῷ
2428 3428 2707 3507 ὀμφαλίῳ.
2767 3428 2977 3485 Δέδωκε
3035 3428 3091 3484 δὶ
3147 3429 3236 3485 καὶ
3280 3431 3347 3485 τά
3407 3428 3609 3485 ἐνοίκια
3656 3436 3763 3498 τῆς

2109 3518 2321 3580 πόλεως
2350 3518 2454 3572 ἀπὸ
2480 3523 2575 3573 τοῦ
2625 3516 2975 3592 ὕψηλοτάτου
3031 3520 3121 3573 καὶ
3177 3520 3341 3595 μέχρι
3373 3524 3467 3574 τοῦ
3499 3518 3760 3594 ἐσχάτου.

2107 3610 2174 3664 “Α
2224 3605 2279 3661 δὲ
2338 3605 2706 3663 διετυπώσατο
2757 3608 2994 3685 γίνεσθαι
3056 3609 3265 3685 ψυχικὰ
3321 3607 3569 3670 ἐπετεῒως
3603 3607 3653 3662 ἐν
3688 3612 3761 3682 τῇ

2109 3696 2500 3772 νεουργηθείσῃ
2579 3699 2706 3772 παρ’
2780 3699 2948 3752 αὐτοῦ
3035 3702 3176 3772 μονῇ
3258 3702 3355 3753 τοῦ
3412 3695 3759 3774 Μυρελαίου,

2112 3786 2254 3839 ἴσασι
2286 3787 2480 3848 πάντες
2516 3785 2683 3861 μέχρι
2712 3790 2809 3841 τοῦ
2829 3790 2920 3841 νῦν
2953 3784 3275 3859 τελούμενα.

2184 3964 2328 4017 Κατά
2385 3961 2442 4018 δὶ
2494 3966 2593 4033 τὴν
2652 3962 2876 4039 πρώτην
2956 3961 3270 4020 ῗνδικτιῶνα
3332 3968 3439 4019 τῶν
3494 3962 3761 4037 Τούρκων

2114 4053 2277 4107 πάλιν
2339 4050 2643 4125 ἐπιδρομὴν
2704 4053 3087 4124 ποιησαμένων
3170 4054 3305 4107 κατά
3361 4053 3667 4125 Ῥωμαίων,
3734 4055 3763 4108 ὁ

2114 4142 2608 4215 παρακοιμώμενος
2657 4141 2932 4216 Θεοφάνης
3001 4140 3226 4211 ἐξελθὼν
3304 4140 3585 4196 ἐσπείσατο
3647 4142 3766 4212 μετ’

2115 4230 2290 4284 αὐτῶν
2342 4230 2432 4284 καὶ
2481 4224 2664 4283 λαϐὼν
2731 4230 2979 4304 ὁμήρους
3044 4230 3359 4304 ὑπέστρεψε.
3420 4230 3650 4304 Δευτὲρᾳ
3707 4226 3768 4283 δὲ

2119 4316 2412 4373 ἷνδικτιῶνι
2476 4316 2789 4393 [Ιασχάλιον
2838 4319 3327 4394 πρωτοσπαθάριον
3387 4318 3477 4372 καὶ
3530 4338 3767 4393 στρατη-

2114 4410 2205 4483 γὸν
2267 4402 2677 4482 Λαγγοϐαρδίας
2735 4405 3026 4481 ἐξέπεμψεν
3086 4408 3113 4462 ὁ
3177 4405 3432 4482 βασιλεὺς
3483 4407 3618 4480 πρὸς
3671 4408 3765 4460 τὸν

2120 4496 2257 4571 ῥῆγα
2317 4497 2601 4571 Φραγγίας
2647 4493 2875 4570 Οὕγωνιι
2928 4499 3062 4569 (82),
3128 4497 3228 4565 τὴν
3270 4496 3438 4551 αὐτοῦ
3496 4496 3769 4571 Θυγατὲρα

1498 4596 1898 4657 XYLANDRI
1945 4596 2044 4656 ET
2089 4598 2323 4657 GOARI
2369 4598 2623 4658 NOT/E.

438 4694 548 4767 (82)
606 4697 727 4749 Imo
773 4710 931 4760 vero,
978 4698 1043 4749 ut
1107 4694 1365 4749 historia
1413 4694 1755 4764 loquuntur,
1815 4707 2008 4764 regem

368 4768 565 4823 Italia.
596 4767 705 4822 Sed
738 4768 796 4820 in
830 4766 922 4821 his
953 4767 1128 4821 rebus
1159 4782 1350 4837 neque
1379 4766 1584 4819 Noster
1614 4781 1802 4836 neque
1823 4764 2012 4820 caeteri

369 4841 545 4908 hujus
585 4838 782 4893 farina
814 4839 1128 4907 scriptores
1178 4839 1334 4892 fuere
1364 4838 1692 4907 diligentes.
1728 4838 2012 4908 constan-

364 4907 555 4967 tinum
572 4909 1127 4981 Porphyrogenitum
1144 4908 1403 4981 intellige
1422 4927 1535 4963 non
1554 4907 1797 4963 Romani
1824 4910 2006 4963 ﬁlium

365 4980 834 5047 Constantinum,
868 4983 965 5037 sed
1003 4980 1230 5049 Leonis,
1264 4998 1394 5035 eum
1436 4984 1527 5035 cui
1564 4988 1627 5034 ut
1653 4995 1865 5051 genero
1897 4980 2010 5033 im-

368 5054 565 5127 posuit
604 5054 959 5124 Lacapenus,
994 5059 1051 5108 et
1087 5052 1223 5127 ipso
1270 5053 1325 5107 in
1359 5053 1627 5127 ordinem
1672 5051 1902 5127 redacto
1943 5066 2009 5105 ac

364 5122 807 5196 circumscripto
848 5128 963 5181 fere
1014 5122 1172 5181 solus
1206 5141 1337 5179 cum
1371 5124 1495 5179 suis
1528 5124 1665 5177 ﬁliis
1696 5122 2003 5193 imperium

404 5199 562 5253 essit.
597 5197 1225 5270 Porphyrogenitorum
1255 5200 1492 5270 primus
1516 5200 2011 5270 commemoratur

404 5215 562 5253 essu.
597 5215 1225 5270 rorpnyrogenitorum
1258 5215 1486 5266 primus
1516 5215 2007 5250 commemoratur

363 5215 783 5339 Eopronymus,
816 5289 849 5324 a
891 5268 1145 5324 conclavi
1178 5268 1373 5338 palatii
1405 5269 1498 5323 cui
1530 5266 1839 5339 Porphyra
1870 5266 2007 5336 (for-

365 5338 544 5395 tassis
581 5342 734 5413 quod
770 5341 1080 5411 purpureis
1128 5340 1422 5409 tapetibus
1460 5338 1545 5393 vel
1600 5338 1816 5413 audais
1856 5342 2011 5393 esset

363 5411 730 5483 exornatum)
752 5429 985 5474 nomen,
1012 5414 1067 5466 in
1094 5428 1209 5481 quo
1247 5416 1420 5467 natus
1440 5414 1597 5483 esset
1620 5428 1632 5475 ;
1676 5427 1739 5464 ac
1766 5411 2010 5483 fortasse

366 5486 543 5539 etiam
575 5481 803 5555 reliqui,
840 5489 1035 5555 utpote
1064 5484 1305 5553 genuini
1330 5489 1405 5555 et
1450 5482 1710 5555 suoloco
1742 5482 1861 5555 nati
1894 5481 2009 5536 im-

411 5553 864 5621 ουαιοτθεζιοοο
909 5553 986 5611 Leo
1050 5554 1374 5626 puerperiis
1432 5553 1739 5610 destinato.
1799 5553 2011 5626 Noster

420 5628 583 5684 eonis
604 5626 878 5683 ﬁ1.etiam
902 5624 1063 5682 infra
1090 5626 1175 5681 sic
1200 5624 1502 5699 exprimit,
1539 5626 1811 5699 inprime
1843 5624 2011 5699 Nice-

372 5701 539 5774 phori
566 5700 764 5757 Phocea
794 5716 969 5756 anno.
989 5696 1315 5756 Romanum
1340 5696 1677 5754 Contantini
1698 5696 1777 5753 ﬁl.
1807 5696 2011 5753 Leonis

606 4697 727 4749 Imo
773 4710 931 4760 vero,
978 4698 1043 4749 ut
1107 4693 1365 4749 historia
1413 4693 1755 4764 loquuntur,
1815 4707 2008 4766 regem
2042 4695 2089 4759 D
2122 4694 2525 4748 N.Romanum
2551 4693 2788 4749 tertium
2813 4694 3030 4766 optime
3052 4694 3450 4766 dices,necum
3466 4692 3645 4766 altero
3667 4692 3776 4747 Ro-

2123 4782 2293 4819 mano
2324 4764 2990 4821 cont'undatur.Romani
3022 4772 3088 4820 Ν.
3122 4764 3448 4820 Christiferi
3473 4765 3530 4819 F.
3550 4780 3770 4820 nomen

2126 4836 2538 4907 tiliaﬁugonis
2560 4837 2812 4891 traditur
2828 4838 3040 4892 Bertha
3061 4837 3318 4891 Eudoxia
3339 4839 3558 4891 XYL.—
3581 4837 3770 4900 Quem

2117 4901 2475 4978 περίϐλεπὲον
2510 4908 2777 4981 nominat
2816 4909 3234 4964 Constantinus
3280 4909 3351 4962 de
3390 4908 3560 4981 Adm.
3614 4912 3767 4981 Imp.

2117 4996 2167 5035 c.
2201 4981 2290 5049 26,
2324 4984 2544 5049 patrem
2579 4978 3200 5045 habuitAdelbertum,
3234 4984 3479 5035 matrem
3510 4978 3769 5049 Bertam,

2117 5068 2285 5105 avum
2322 5050 2656 5107 Lotharium
2691 5051 2963 5106 Ludovici
2994 5052 3075 5105 Pii
3111 5050 3317 5105 tilium.
3344 5053 3555 5119 Magna
3588 5051 3773 5106 Fran-

2118 5124 2217 5178 cia
2250 5141 2368 5189 rex,
2403 5132 2465 5177 ut
2495 5124 2686 5179 verbis
2717 5122 3078 5178 Constantini
3112 5130 3265 5192 utar,
3300 5139 3591 5192 nusquam
3638 5127 3775 5189 luit,

2134 5196 2233 5250 sed
2293 5212 2488 5250 comes
2548 5195 2854 5249 Provincia
2906 5195 3026 5249 sive
3073 5194 3455 5250 Arelatensis.
3487 5195 3571 5249 Ab
3608 5194 3776 5249 Italis

2118 5271 2390 5349 vocatus,
2421 5265 2960 5349 ejecto'ltodqlpho,
2994 5266 3445 5349 Italianregnum
3472 5266 3767 5349 obtinuit:

2120 5339 2274 5391 unde
2293 5336 2391 5411 ῥῆξ
2424 5335 2694 5411 Φραγγίας
2715 5354 2748 5411 a
2770 5338 2982 5411 Gracis
3004 5335 3291 5411 appellari
3305 5338 3536 5411 meruit.
3562 5336 3773 5411 Filiam

2118 5408 2349 5465 Bertam
2382 5426 2447 5464 ex
2481 5408 2805 5464 concubina
2822 5409 3103 5480 genitam,
3127 5408 3427 5479 Sigefredo
3460 5408 3774 5464 Parmensi

2116 5481 2390 5562 episcopo
2421 5496 2649 5562 sponsa
2699 5481 3773 5562 duce,fjquendam.‘Romapo_Cop-

2117 5554 2299 5635 stanti
2323 5551 2335 5552 ί
2354 5551 2837 5636 Ρουρὴγτοεθυῇἰ
2868 5551 3110 5636 ⁸βροιξιι]
3136 5552 3446 5636 ,τῃὶεἱιε-αο
3492 5551 3772 5608 Eudoxia

2118 5624 2355 5681 nomine
2384 5623 2658 5697 deinceps
2686 5624 2909 5681 audivit
2931 5623 3299 5696 insignitum.
3329 5626 3510 5682 Goaa.
