4004 6208
284 374 355 432 53
1411 367 1961 431 HISTORIABUM
2005 366 2555 429 COMPENDIUM.
3613 367 3694 424 54

286 503 551 571 ἐπιζητῶν
629 500 1000 576 νυμφευθῆναι
1066 503 1145 571 τῷ
1226 502 1322 552 τοῦ
1409 498 1923 574 Πορφυρογεννήτου

2044 498 2293 568 rogeniti
2328 498 2451 553 ﬁlio
2485 498 2746 553 Romano
2779 494 2974 567 nepoti
3003 510 3131 550 suo.
3164 496 3300 559 Quae
3338 498 3394 549 et
3441 494 3695 550 adducta

285 594 380 663 υἱῷ
433 593 741 663 Ῥωμανῷ·
803 588 925 657 ⁴ἥτις
1006 590 1093 643 καὶ
1174 588 1408 651 ἀχθεῖσα
1494 587 1627 659 μετὰ
1687 582 1929 639 πλούτού

289 678 499 735 πολλοῦ
586 680 829 755 συνῆφθη
910 680 1199 749 Ῥωμανῷ.
1268 670 1590 730 -Συνεῦίωσε
1674 672 1731 728 δὶ
1818 674 1931 745 μετ’

295 769 449 824 αὐτοῦ
522 764 611 837 ἔτη
664 770 707 820 ε’
752 769 843 820 καὶ
893 768 1139 821 ἀπέθανε.
1194 765 1440 839 Ἐγένετο
1493 762 1549 818 δὲ
1598 763 1688 817 καὶ
1752 762 1927 837 βίαιος

290 858 482 929 ἄνὶμος
539 858 670 930 μηνὶ
731 851 1088 930 Δεκεμϐρίῳ’
1147 855 1237 909 καὶ
1293 853 1690 913 παταπεσόντες
1740 853 1791 906 οἱ
1844 852 1929 905 λε-

290 948 513 1023 γόμενοι
565 954 743 1018 Δῆμοι
793 948 905 1017 (83)
957 943 1273 1019 συνέτριψαν
1343 944 1409 997 τὰ
1464 942 1701 996 κάτωθεν
1751 940 1921 994 αὐτῶν

292 1037 458 1112 βάθρα
487 1036 575 1090 καὶ
604 1036 670 1090 τὰ
700 1035 968 1109 Αεγὸμινα
999 1035 1219 1103 στήθεα.

346 1128 461 1195 Τῆς
520 1123 738 1184 πόλεως
797 1121 854 1177 δὲ
930 1120 1187 1191 Ἐδέσσης
1241 1120 1721 1197 πολιορκουμένης
1779 1120 1925 1192 παρὰ

280 1218 380 1267 τῶν
462 1214 789 1283 Ῥωμαῖκῶν
882 1208 1187 1284 δυνάμεων,
1276 1209 1777 1285 στενοχωρηθέντες
1871 1208 1923 1261 οἱ

278 1298 589 1369 Ἐδεσσηνοὶ
638 1306 760 1362 τοῖς
818 1299 878 1354 ἐκ
934 1306 1035 1369 τῆς
1091 1297 1417 1375 πολιορκίας
1469 1295 1667 1358 δεινοῖς
1710 1294 1921 1371 διεπρε-

281 1385 565 1444 σϐεύσαγτο
622 1390 758 1462 πρὸς
830 1387 1075 1463 βασιλέα,
1154 1387 1468 1461 αἰτούμενοι
1555 1387 1921 1451 ἀπαναστῆναι

281 1487 374 1548 vi;
428 1476 753 1553 προσεδρίας
799 1478 887 1532 τὸν
939 1476 1071 1532 λαόν
1106 1496 1119 1510 ο
1174 1478 1262 1531 καὶ
1319 1477 1680 1551 ὑπισχνοῦντο
1708 1472 1923 1528 ἀντίλυ-

280 1590 400 1643 τρον
458 1566 639 1623 δοῦναι
670 1569 733 1622 τὸ
752 1572 848 1621 τοῦ
882 1571 1120 1642 Χριστοῦ
1142 1568 1295 1641 ἅγιον
1324 1565 1628 1639 ἐκμαγεῖον.
1660 1563 1922 1631 Λυθείσης

291 1656 377 1712 οὖν
403 1664 503 1725 τῆς
532 1656 857 1729 πολιορκίας
908 1654 1066 1724 ἐδόθη
1111 1656 1172 1709 τὸ
1218 1660 1360 1718 θεῖον
1398 1654 1691 1725 ἐκτόπωμα
1722 1652 1809 1706 καὶ
1842 1651 1920 1714 εἷς

275 1748 368 1813 τὴν
404 1743 658 1821 βασιλίδα
687 1743 863 1821 ἤχθη.
898 1742 1303 1817 ὑποδεξαμένου
1335 1748 1493 1797 τοῦτο
1523 1746 1620 1797 τοῦ
1653 1740 1920 1817 βασιλέως

289 1837 417 1907 μετὰ
473 1834 731 1910 λαμπρᾶς
786 1833 877 1889 καὶ
954 1833 1269 1909 πρεπούσης
1336 1830 1683 1909 δορυφορίας,
1741 1832 1920 1893 καθὼς

283 1923 579 1998 ἔμπροσθεν
610 1922 857 1997 εἴπομεν.

350 2015 495 2069 Κατὰ
552 2013 744 2074 ταύτας
797 2013 893 2074 τὰς
950 2011 1160 2085 ἡμέρας
1213 2011 1263 2081 ἐξ
1323 2008 1610 2087 Ἀρμενίας
1665 2008 1918 2086 ἐφοίτησε

271 2104 421 2176 τέρας
471 2103 524 2157 ἐν
583 2105 651 2176 τῇ
700 2102 1084 2176 βασιλευούσῃ,
1133 2098 1322 2164 παῖδες
1376 2099 1590 2175 άῤῥενες
1644 2103 1911 2175 συμφυεῖς

278 2192 335 2245 ἐκ
394 2193 523 2264 μιᾶς
581 2190 940 2266 προελθόντες
996 2190 1250 2265 γαστρός.
1298 2186 1669 2258 Ἐξηλάθησαν
1731 2183 1787 2240 δὲ
1815 2192 1916 2255 τῆς

280 2280 493 2344 πόλεως
552 2281 627 2342 ὡς
689 2281 922 2356 πονηρὸς
980 2278 1199 2341 οἷωνός.
1260 2278 1381 2333 Ἐπὶ
1439 2274 1497 2331 δὲ
1550 2274 1918 2330 Κωσταντίνου

268 2369 428 2422 πάλιν
480 2368 760 2433 εἰσῆλθον.
819 2368 973 2424 Ἐπεὶ
1018 2364 1076 2422 δὲ
1128 2361 1324 2436 συνέϐη
1373 2366 1463 2419 τὸν
1510 2361 1602 2418 ἕνα
1656 2362 1917 2433 τελευτῆ-

271 2478 374 2525 σαι,
718 2456 1073 2532 ἐπειράθησαν
1186 2455 1237 2510 οἱ
1350 2452 1726 2528 ἐμπειρότεροι
1810 2456 1919 2507 τῶν

274 2548 468 2620 {atpti
503 2547 801 2618 ἀποτεμεῖν
850 2547 912 2600 τὸ
951 2545 1214 2618 νεκρωθὲν
1276 2543 1460 2618 μέρος·
1508 2543 1569 2596 οῦ
1616 2540 1917 2615 τμηθέντος

274 2636 329 2689 τὸ
362 2642 464 2705 ζῶν
500 2630 863 2699 ἐπιϐεϐιωκὸς
894 2635 1085 2710 μικρὸν
1118 2632 1484 2703 ἐτελεύτησεν.

335 2726 395 2781 Ὀ
427 2722 489 2779 δὲ
542 2724 798 2798 βασιλεὺς
855 2724 1135 2795 Ῥωμανὸς
1184 2722 1273 2776 καὶ
1332 2722 1535 2782 πάντας
1598 2721 1692 2793 μὲν
1762 2719 1920 2792 ἐτίμα

275 2815 394 2874 τοὺς
433 2812 741 2889 μοναχοῦς,
784 2810 1147 2890 διαφερόντως
1191 2809 1248 2866 δὲ
1292 2812 1381 2865 τὸν
1419 2806 1664 2884 μοναχὸδ
1698 2808 1917 2882 Σέργιον

268 2904 353 2956 τὸν
404 2902 639 2975 ἀνεψιὸν
684 2901 902 2956 Φωτίου
966 2905 1062 2955 τοῦ
1119 2900 1486 2975 πατριάρχου,
1534 2899 1746 2974 ἀρεταῖς
1797 2897 1921 2951 ὅντα

267 2992 613 3064 κατάκοσμον
668 2992 757 3045 καὶ
816 2995 947 3044 πᾶσι
1004 2988 1382 3061 κοσμούμενον
1424 2993 1539 3049 τοῖς
1596 2985 1813 3053 καλοῖς,
1864 2988 1923 3049 ὃς

272 3079 355 3134 διὰ
383 3082 591 3142 παντὸς
652 3080 883 3155 παρῄνει
934 3084 1012 3151 τῷ
1062 3076 1278 3154 βασιλεῖ
1321 3078 1427 3131 τῶν
1477 3073 1684 3130 παίδων
1728 3074 1920 3147 ἐπιμε-

270 3170 483 3225 λεῖσθαι
545 3168 636 3223 καὶ
694 3170 767 3242 μή
826 3164 1182 3228 ἀπαιδεύτούς
1229 3166 1452 3226 τούτους
1499 3163 1609 3235 ὲᾷν,
1667 3166 1741 3237 μὴ
1801 3184 1917 3224 πως

267 3258 349 3312 καὶ
384 3258 558 3319 αὐτὸς
615 3238 762 3331 πάθῃ
818 3257 880 3310 τὸ
938 3260 1033 3309 τοῦ
1076 3254 1228 3310 Ἠλεί
1285 3256 1417 3327 (84).
1450 3257 1526 3326 Τῇ
1577 3251 1632 3307 δὶ
1671 3251 1805 3325 αὐτῇ
1839 3251 1918 3305 ῗν-
1949 3238 1992 3304 C

268 3346 517 3401 δικτιῶνι
569 3349 877 3422 κατήγαγον
936 3346 1024 3398 νὸν
1078 3342 1302 3418 βασιλέα
1346 3343 1626 3415 Ῥωμανὸν
1672 3346 1769 3396 τοῦ
1815 3363 1915 3395 πα-

268 3438 458 3491 Αατίου
518 3434 608 3489 καὶ
662 3434 738 3495 εἷς
792 3436 893 3503 τὴν
950 3438 1178 3508 Πρώτην
1238 3434 1350 3506 (85)
1410 3432 1699 3506 ἀγαγόντες
1753 3438 1915 3498 νῆσον

267 3526 559 3597 ἇπὲκειραν
625 3523 887 3599 μοναχόν,
955 3522 1108 3586 Τίνες
1180 3519 1236 3577 δὲ
1292 3519 1347 3574 οἱ
1400 3526 1590 3575 τοῦτον
1643 3521 1918 3575 κατασπά-

267 3634 450 3675 σαντες
496 3620 597 3681 τῆς
650 3614 851 3688 ἀρχῆς,
896 3612 984 3665 καὶ
1032 3610 1153 3665 τίνα
1199 3611 1425 3681 τρόπον,
1457 3610 1507 3663 ἐν
1558 3614 1675 3673 τοῖς
1722 3609 1918 3683 ὶπάγο-

271 3703 453 3773 μένοις
488 3700 788 3772 λελέξεται.

338 3790 751 3845 Κωιδο-ταντίνου
780 3794 876 3843 τοῦ
912 3787 1180 3865 βασιλέως
1220 3786 1272 3843 ἐν
1314 3784 1525 3861 κομιδῇ
1573 3788 1666 3858 νὲᾳ
1694 3786 1761 3861 τῇ
1789 3786 1917 3856 ἡλι-

267 3882 358 3949 κίᾳ
404 3878 935 3955 ἆπορφανισθὲντος,
991 3876 1081 3931 καὶ
1146 3881 1253 3931 τῶν
1314 3876 1649 3951 πραγμάτων
1713 3877 1815 3930 ὑπό
1863 3897 1921 3930 τε

269 3975 363 4035 τῆς
410 3968 628 4042 μητρὸς
658 3966 825 4021 αὐτοῦ
860 3973 1016 4033 Ζωῆς
1063 3965 1152 4019 καὶ
1200 3969 1307 4019 τῶν
1358 3964 1663 4039 ἐπιτρόπων
1698 3963 1789 4027 οὕς
1822 3963 1919 4037 ἔμ-

271 4058 503 4129 προσθεν
558 4054 991 4128 ήριθμησάμεθα
1063 4051 1481 4125 διοιλουμένων,
1552 4054 1579 4107 ὁ
1656 4074 1918 4129 παρακοι-

275 4146 531 4217 μώμενος
566 4147 970 4203 Κωνσταντῖνος
1030 4140 1241 4217 μεγάλα
1315 4142 1461 4215 παρὰ
1527 4145 1596 4215 τῇ
1677 4141 1973 4217 βασιλίδι.

271 4230 591 4306 δυνάμενος,
653 4232 737 4287 ἔπ’
789 4229 999 4307 ἀδελφῇ
1050 4251 1109 4284 τε
1177 4225 1425 4305 γαμϐρὸν
1475 4228 1620 4305 ἔχων
1678 4231 1768 4285 τὸν
1825 4232 1920 4305 μά-

269 4342 487 4397 γιπρον
548 4322 756 4376 Λέοντα
812 4320 903 4374 τὸν
981 4325 1177 4374 Φωκᾶν
1257 4316 1575 4392 δομέστικον
1634 4317 1759 4374 ὄντα
1812 4325 1918 4375 τῶν

272 4410 493 4485 σχολῶν
554 4414 659 4475 τῆς
718 4408 1047 4479 Ἀνατολῆς,
1112 4409 1202 4462 καὶ
1260 4409 1406 4482 παρὰ
1458 4413 1619 4463 τοῦτο
1643 4410 1740 4471 τὰς
1770 4410 1921 4479 ἡνίας

276 4501 475 4561 ἁπάσας
505 4501 608 4567 τῆς
662 4497 941 4572 βασιλείας
991 4497 1098 4566 ὅπη
1147 4496 1236 4551 καὶ
1284 4495 1546 4572 βούλοιτο
1592 4498 1921 4574 περιφέρων,

1948 1870 1995 1935 Β

2039 592 2129 643 est
2161 589 2389 659 magnis
2429 604 2563 642 cum
2613 585 2844 657 opibus,
2896 590 3116 639 etcum
3165 583 3425 638 Romano
3473 586 3690 641 exactis

2038 676 2093 731 in
2130 677 2404 745 conjugio
2436 678 2605 731 annis
2638 676 2900 745 quinque
2929 690 2959 728 e
2989 673 3107 727 vita
3150 672 3440 744 migravit.
3492 673 3687 729 Mense

2044 766 2337 821 Decembri
2368 765 2659 820 violentus
2684 768 2895 818 ventus
2947 761 3169 818 exstitit
3200 780 3212 817 :
3242 766 3298 817 et
3350 767 3685 817 corruentes

2038 857 2135 927 qui
2169 861 2452 911 vocantur
2482 856 2650 911 Demi
2681 857 3085 910 contriverunt
3138 869 3339 909 eorum
3375 852 3475 926 q'ui
3533 852 3685 909 infra

2036 950 2203 1001 erant
2233 950 2465 1017 pectora
2500 950 2676 1016 atque
2709 945 2906 1017 pedes.

2106 1125 2249 1179 Cum
2266 1140 2332 1180 eo
2348 1133 2607 1195 tempore
2622 1124 2887 1179 Edessaa
2913 1122 3193 1177 Romanis
3221 1127 3683 1195 oppugnaretur,

2033 1213 2309 1283 oppidani
2356 1213 2541 1284 pressi
2568 1211 2979 1285 oppugationis
2996 1210 3434 1268 calamitatibus
3463 1211 3687 1283 legatos

2035 1303 2106 1357 ad
2139 1302 2551 1371 imperatorem
2585 1301 2850 1360 mittunt.
2891 1304 3123 1355 orantes
3179 1301 3259 1353 uti
3315 1300 3682 1355 obsidionem

2034 1391 2243 1452 solvat.
2277 1407 2341 1446 ac
2374 1390 2613 1462 polliciti
2650 1406 2754 1461 pro
2785 1390 2915 1459 ejus
2944 1388 3025 1443 rei
3056 1389 3297 1459 praemio
3336 1387 3551 1444 Christi
3585 1406 3683 1444 sa-

2034 1497 2189 1535 cram
2224 1482 2282 1534 in
2320 1481 2495 1535 linteo
2524 1494 2858 1551 expressam
2898 1476 3177 1549 efﬁgiem.
3208 1477 3465 1548 Eamque
3495 1478 3681 1549 impe-

2029 1574 2183 1625 trato
2216 1572 2368 1641 quod
2401 1569 2675 1624 volebant
2702 1568 2989 1623 dederunt
3022 1583 3034 1620 :
3069 1572 3126 1621 et
3156 1570 3245 1621 est
3272 1566 3330 1620 in
3363 1567 3568 1621 urbem
3602 1567 3681 1621 al-

2029 1659 2169 1725 lata,
2205 1658 2531 1730 excipiente
2587 1673 2715 1713 eam
2774 1660 3125 1726 imperatore
3182 1672 3314 1710 cum
3369 1654 3679 1727 splendida

2030 1763 2267 1819 pompa,
2300 1746 2451 1803 sicut
2482 1751 2616 1801 ante
2647 1744 2981 1801 retulimus.

2103 2017 2260 2073 3'20
2291 2016 2394 2071 His
2427 2016 2572 2086 ipsis
2622 2014 2831 2070 diebus
2880 2031 2948 2070 ex
2996 2014 3271 2071 Armenia
3321 2014 3562 2070 allatum
3598 2019 3687 2070 est

2028 2112 2363 2163 monstrum
2397 2104 2625 2175 Cpolin,
2660 2104 2822 2176 pueri
2859 2104 3105 2159 masculi
3139 2104 3416 2167 concreti,
3439 2105 3683 2171 uterini;

2027 2196 2209 2267 iique,
2243 2201 2307 2249 ut
2337 2194 2539 2248 infelix
2569 2209 2763 2260 omen,
2796 2194 2939 2248 urbe
2971 2196 3109 2247 sunt
3142 2194 3330 2263 rjecti.
3366 2192 3686 2248 Redierunt
3792 2214 3800 2222 ν

2028 2285 2138 2339 sub
2169 2284 2548 2338 Constantino
2582 2302 2595 2349 ;
2625 2286 2681 2337 et
2711 2298 2843 2337 cum
2876 2281 3024 2336 alter
3054 2286 3322 2336 mortuus
3344 2282 3679 2352 esset,peri-

2026 2373 2207 2427 tiores
2244 2370 2453 2426 medici
2487 2372 2734 2425 cadaver
2764 2387 2797 2425 a
2834 2370 2959 2425 vivo
3008 2376 3384 2425 resecuerunt
3418 2388 3430 2425 :
3467 2387 3674 2441 parum

2026 2464 2224 2517 tamen
2257 2460 2355 2515 diu
2390 2459 2538 2515 altor
2564 2458 2901 2531 supervixit.

2102 2729 2401 2784 Romanus
2432 2728 2752 2798 imperator
2780 2744 2913 2783 cum
2948 2727 3095 2783 alios
3123 2726 3444 2782 monachos
3474 2727 3531 2780 in
3571 2726 3674 2781 bo-

2030 2834 2171 2873 nore
2204 2818 2426 2883 habuit,
2458 2820 2582 2870 tum
2633 2816 2901 2888 Sergium
2957 2816 3246 2889 praecipue
3297 2816 3673 2881 monachum,

2029 2905 2445 2961 consobrinum
2464 2904 2649 2960 Photii
2667 2905 3339 2976 patriarchas,ﬂorentem
3364 2905 3679 2959 virtutibus

2029 3001 2083 3051 et
2115 2995 2390 3050 omnibus
2424 2998 2693 3048 ornatum
2726 2994 2896 3049 bonis
2928 2994 3185 3050 rebusls
3213 2992 3448 3063 Sergius
3469 2993 3679 3048 identi-

2030 3085 2161 3139 dem
2183 3084 2531 3137 hortabatur
2550 3083 2958 3153 imperatorem
2978 3088 3043 3137 ut
3067 3081 3216 3138 filios
3239 3083 3349 3137 sub
3372 3082 3683 3153 disciplina

2029 3172 2374 3233 contineret,
2409 3187 2480 3225 ne
2514 3172 2665 3225 idem
2694 3171 2803 3241 ipsi
2839 3172 2991 3243 quod
3028 3171 3111 3226 Eli
3144 3172 3416 3227 eveniret.
3460 3172 3677 3227 Eadem

2029 3260 2348 3316 indictione
2378 3263 2677 3314 Romanus
2708 3259 3023 3330 imperator
3044 3258 3258 3329 palatio
3286 3261 3533 3315 eductus
3566 3266 3675 3323 est,

2027 3356 2085 3406 et
2130 3351 2187 3403 in
2248 3350 2479 3404 Protam
2538 3348 2796 3403 insulam
2857 3347 3111 3419 relegato
3166 3347 3418 3419 capillus
3476 3365 3669 3414 rasus,

2030 3437 2415 3507 monacbique
2444 3436 2719 3507 imposita
2749 3436 3029 3490 conditio.
3094 3444 3135 3489 Α
3196 3435 3413 3506 quibus
3470 3441 3528 3491 et
3555 3453 3670 3507 quo

2030 3531 2202 3609 modo
2234 3527 2579 3582 deturbatus
2605 3526 2849 3597 imperio
2882 3524 3074 3595 fuerit,
3110 3525 3236 3595 jam
3295 3540 3451 3579 nunc
3491 3541 3670 3596 expo-

2029 3633 2261 3672 nemus.

2098 3791 2861 3863 Constantinusimperator
2905 3790 3115 3846 Leonis
3164 3788 3323 3844 filius
3350 3789 3673 3844 admodum

2029 3900 2175 3955 puer
2200 3882 2478 3937 amiserat
2500 3885 2722 3951 patrem
2752 3896 2763 3933 :
2791 3884 2847 3935 et
2864 3884 3052 3934 mater
3065 3880 3173 3934 Zoe
3190 3895 3256 3933 ac
3278 3882 3676 3948 tutores,quos

2029 3972 2303 4044 superius
2332 3970 2949 4037 commemoravimus,
2973 3967 3237 4022 omnium
3263 3984 3458 4023 rerum
3492 3966 3678 4021 admi-

2032 4060 2364 4115 nistrationi
2389 4058 2842 4130 praefuerantEo
2866 4073 3061 4112 rerum
3085 4060 3241 4112 statu
3264 4054 3680 4112 Constantinus

2030 4148 2430 4206 cubicularius
2464 4163 2687 4218 magnae
2717 4147 2871 4218 apud
2923 4147 3094 4201 Zoam
3153 4145 3447 4217 potentia},
3507 4144 3678 4213 cujus

2031 4253 2287 4294 sororem
2318 4237 2376 4291 in
2412 4236 2784 4291 matrimonio
2819 4235 3085 4289 habebat.
3123 4235 3232 4289 Leo
3256 4234 3478 4288 Phocas
3502 4233 3683 4303 magi-

2030 4332 2153 4383 ster
2183 4332 2239 4381 et
2268 4325 2603 4381 scholarum
2636 4324 2988 4380 domesticus
3005 4322 3398 4392 orientalium,
3448 4320 3682 4393 imperii

2029 4416 2290 4471 habenas
2323 4431 2428 4468 suo
2456 4414 2740 4469 arbitratu
2774 4412 3204 4483 torquens,dies
3235 4415 3553 4482 noctesque
3584 4426 3682 4465 co—

2031 4504 2250 4577 gitahat
2284 4519 2398 4574 quo
2432 4502 2604 4557 modo
2626 4502 2683 4556 in
2706 4502 2963 4557 Phocam
2989 4501 3210 4556 sororis
3233 4501 3510 4555 maritum
3543 4504 3683 4554 Con-

1414 4608 1814 4669 XYLANDRI
1861 4613 1959 4673 ET
2004 4611 2239 4674 GOARI
2283 4611 2538 4671 NOT/E.

341 4703 457 4773 (83)
490 4705 555 4760 Id
578 4709 668 4759 est
689 4704 823 4775 pagi
846 4721 865 4758 :
887 4703 970 4758 sic
991 4702 1147 4775 enim
1180 4702 1378 4775 Cicero
1401 4704 1684 4775 convertit
1705 4705 1927 4762 Atticos

280 4769 514 4844 δήμους.
548 4769 834 4831 Οιειέιδυῖη
864 4780 965 4830 aut
999 4772 1170 4847 βάθρα
1215 4774 1390 4844 pedes
1436 4774 1792 4846 signiﬁcant,
1827 4782 1929 4832 aut

278 4847 475 4913 στήθεα
510 4865 746 4919 quoque
778 4846 937 4901 aliud
979 4846 1157 4916 quam
1215 4851 1624 4919 communiter.
1686 4847 1827 4901 XYL.
1878 4883 1921 4888 --

278 4924 478 4986 siuei.
516 4916 925 4975 Prominentes
957 4923 1243 4972 tectorum
1290 4916 1688 4972 tabulatorum
1741 4926 1929 4989 petra-

277 5006 534 5060 rumque
567 5008 635 5045 ex
659 4990 923 5060 aediﬁciis
973 4989 1171 5055 facies,
1232 4990 1587 5059 suggrundze
1620 4994 1676 5043 et
1706 5008 1931 5047 coronas

278 5058 545 5131 parietis,
580 5069 721 5117 sunt
751 5058 942 5131 δῆμοι,
976 5065 1043 5115 ut
1073 5061 1173 5131 qui
1226 5058 1506 5131 populum
1543 5062 1925 5131 prospiciunt.

279 5132 460 5205 Βάθρα
496 5133 757 5188 diximus
789 5149 966 5204 supra
987 5148 1115 5187 esse
1144 5135 1423 5202 suggesta
1468 5133 1755 5205 sedesque
1785 5134 1932 5205 lapi-

279 5203 414 5285 deas
448 5203 1809 5287 partibusimperatorem-excepturis,ipsinsque
1838 5203 1932 5287 ex-

281 5276 595 5345 cipiendis,
626 5278 793 5347 juxta
818 5275 1115 5357 palatium.
1140 5275 1476 5346 dispositas.
1528 5275 1740 5343 Στήοεα
1773 5276 1936 5331 colu-

283 5346 641 5419 mellaisunt
669 5347 874 5403 ordine
897 5348 1193 5419 dispositas
1216 5362 1281 5419 ac
1299 5346 1935 5419 superpositolongiori

282 5418 557 5490 epistylio
578 5422 823 5491 junctae,
872 5417 1511 5491 circumjecticlathri,
1572 5417 1936 5475 circumdata

284 5487 1804 5571 etrépagula,sive_cancellihumili_o_res,spatio
1828 5508 1935 5571 suo

284 5561 567 5618 interiore
597 5561 857 5634 recisptos
878 5580 911 5619 a
932 5563 1353 5634 circumstante
1374 5563 1463 5617 vel
1487 5561 1744 5634 irruente
1764 5563 1939 5619 turba

287 5631 1109 5707 propugnantes-.‘Germanus
1139 5631 1589 5707 in‘Mystagogia
1609 5650 1726 5689 non
1764 5634 1938 5707 longe

294 5700 361 5759 ab
392 5700 639 5763 Exordio
666 5724 680 5764 :
711 5704 788 5759 “ra
811 5703 990 5760 κιόνια
1013 5701 1139 5775 ἤτοι
1161 5701 1229 5758 τὰ
1266 5700 1475 5774 σῖτήθῖα
1496 5700 1939 5779 ⁷διαχωρίζονῖὲα

2037 4706 2099 4759 τὸ
2130 4704 2283 4779 βῆμα
2312 4703 2417 4779 ἀπὸ
2474 4707 2569 4757 τοῦ
2615 4700 2813 4779 λοιποῦ
2857 4706 3021 4779 ⁸ναοῦ,
3082 4701 3171 4756 καὶ
3230 4699 3523 4779 κάγκελ-λα.
3582 4701 3685 4757 His

2040 4775 2230 4832 tribus
2261 4778 2451 4832 verbis
2481 4777 2782 4849 expositis,
2818 4775 2991 4846 plana
3020 4782 3110 4831 est
3144 4775 3515 4846 mens’hujus
3547 4791 3685 4827 sen-

2038 4850 2234 4904 tentia;
2267 4866 2279 4903 :
2321 4850 2549 4905 Violenti
2580 4858 2861 4903 ventorum
2886 4850 3047 4917 ﬂatus
3094 4851 3273 4903 exorti
3299 4852 3687 4917 sunt,quorum

2041 4923 2248 4991 impetu
2289 4921 2617 4991 suggrundae
2656 4922 2793 4991 tecti
2839 4930 2891 4973 et
2938 4920 3221 4990 parietum
3279 4918 3588 4973 decidentes
3636 4922 3687 4971 et

2045 4994 2210 5062 lapsa’
2257 4996 2521 5064 suggesta
2574 4990 2828 5061 sedesque
2880 4991 2990 5045 sibi
3056 4991 3339 5062 subjectos,
3370 4993 3687 5064 necnouet

2040 5060 2304 5133 repagula
2350 5060 2792 5119 comminuerunt
2855 5064 2904 5115 et
2950 5060 3349 5133 contriuerunt.
3399 5060 3690 5132 Xylander

2044 5132 2210 5204 quasi
2236 5151 2265 5187 e
2286 5151 2461 5189 scena
2484 5134 2664 5188 risum
2684 5134 2974 5187 facturus:
3009 5132 3291 5187 Violentus
3311 5143 3495 5187 ventus
3516 5134 3686 5188 exsti-

2044 5205 2347 5275 tit,inquit;
2368 5210 2417 5261 et
2446 5209 2755 5261 carmentes
2786 5207 2881 5275 qui
2928 5214 3188 5259 vocantur
3217 5206 3386 5269 demi,
3410 5207 3688 5260 contrive-

2044 5282 2181 5332 runt
2207 5292 2400 5331 eorum
2423 5281 2517 5346 qui
2539 5278 2691 5343 infra
2710 5285 2865 5331 erant
2885 5280 3103 5347 pectora
3133 5281 3295 5347 atque
3315 5276 3683 5342 pedes.Goan.

2115 5348 2229 5419 (84)
2258 5348 2375 5421 Elis
2404 5348 2645 5421 historia
2665 5364 2732 5421 ex
2764 5348 3048 5418 principio
3069 5346 3354 5421 librVOrum
3388 5364 3686 5403 sacrorum

2044 5419 2301 5473 Samueli
2331 5425 2420 5473 est
2468 5419 2797 5474 notissima.
2850 5423 2924 5473 Et
2973 5420 3233 5473 narratio
3273 5421 3343 5473 de
3391 5421 3685 5475 Edessena

2044 5491 2432 5617 imaginegst,
2464 5506 2802 5562 quanquam
2837 5489 3028 5545 secius
3059 5496 3234 5561 atque
3263 5490 3567 5563 hic,supra
3591 5505 3688 5546 ex-

2046 5578 2172 5617 D081
2204 5579 2255 5617 a.
2345 5579 2430 5617 YL.

2088 5562 2255 5618 osita.
2287 5564 2430 5617 XYL.

2046 5578 2255 5634 posita.
2292 5578 2430 5617 λη.

2120 5634 2231 5706 (85)
2262 5632 2620 5705 Hellesponti
2651 5632 2722 5688 ad
2750 5630 2855 5688 CP.
2890 5630 3164 5689 insulam.
3200 5632 3379 5689 Goaa.
