4004 6208
308 370 387 430 55
1656 365 1974 428 GEORGII
2019 363 2359 427 GEDRENI
3641 359 3724 419 56

311 503 571 562 stantino
595 501 828 559 sublato
850 503 1162 575 imperium
1186 502 1707 559 transferret.32l
1738 502 1800 557 Id
1824 517 1958 556 cum
1989 564 1991 570 η

2107 496 2284 570 όκτωρ
2336 497 2427 552 καὶ
2490 497 2606 571 μεθ’
2673 497 2880 571 ἡμέραν
2959 493 3188 568 ἐμελέτα
3238 494 3315 555 είς
3368 494 3462 547 τὸν
3521 493 3719 547 ἑαυτοῦ

313 594 559 650 sentiret
592 592 958 648 Constantini
1015 593 1372 665 pesdanogus
1420 592 1760 647 Theodorus
1805 591 1959 662 quod

314 689 372 739 et
402 700 581 753 supra
610 682 999 753 narravimus,
1033 698 1267 753 operam
1300 683 1538 736 dederat
1571 686 1635 735 ut
1673 680 1962 735 seniorem

319 774 702 843 Lacapenum,
736 772 818 827 rei
849 777 975 826 tum
1009 771 1235 825 navalis
1268 770 1745 842 drungarium,in
1771 769 1964 824 aulam

320 862 739 927 introduceret,
770 877 1023 931 eumque
1056 860 1391 929 imperatori
1426 866 1734 931 patronum
1768 859 1966 913 defen-

324 966 635 1021 soremque
665 949 1023 1005 conciliaret.
1059 952 1123 1003 At
1166 965 1296 1003 vero
1354 948 1413 1003 in
1446 948 1640 1003 aulam
1702 953 1969 1018 receptus

324 1039 643 1105 Romanus,
677 1043 733 1094 et
761 1036 1048 1108 paulatim
1080 1054 1146 1092 eo
1177 1053 1526 1108 progressus
1556 1041 1620 1091 ut
1673 1052 1965 1091 summam

324 1142 521 1182 rerum
553 1126 613 1180 in
646 1142 754 1180 sua
785 1125 1025 1180 haberet
1055 1130 1482 1196 potestate,non
1515 1128 1826 1180 contentus
1849 1141 1973 1196 per-

327 1216 551 1282 missis,
583 1214 800 1270 violato
832 1215 1007 1270 etiam
1031 1215 1418 1285 jurejurando
1469 1216 1628 1285 (nam
1662 1232 1724 1269 se
1779 1213 1971 1284 ipsum

329 1306 473 1360 diris
503 1305 829 1371 devoverat,
858 1304 907 1358 si
929 1320 1191 1374 unquam
1220 1304 1536 1374 imperium
1566 1308 1717 1358 esset
1738 1303 1974 1358 aﬂ'ecta-

330 1393 523 1464 turus)
554 1409 616 1448 se
642 1393 839 1463 ipsum
872 1393 1283 1463 imperatorem
1341 1396 1654 1461 creaverat,
1689 1392 1977 1447 Constan-

332 1483 456 1537 tino
485 1481 637 1537 ultro
673 1481 909 1553 quidem
944 1498 1005 1536 se
1031 1480 1227 1537 animo
1254 1480 1460 1547 invito,
1503 1481 1657 1552 quod
1704 1486 1793 1537 est
1822 1482 1977 1553 apud

334 1571 731 1637 Homerum,ei
765 1570 1037 1625 diadema
1066 1570 1628 1641 imponente.Neque
1661 1570 1765 1626 hoc
1785 1571 1978 1639 modo,

338 1669 437 1722 sed
469 1673 525 1723 et
554 1666 728 1737 paulo
752 1673 883 1737 post
903 1667 1088 1721 lilium
1110 1684 1284 1722 suum
1308 1668 1716 1724 Christiferum
1739 1673 1797 1723 et
1814 1668 1982 1738 paulo

338 1761 470 1827 post
499 1756 860 1827 Stephanum
884 1772 949 1810 ac
972 1756 1417 1811 Constantinum
1444 1757 1594 1812 filios
1617 1759 1687 1812 ad
1716 1759 1980 1813 eamdem

342 1850 607 1900 evexerat
628 1845 1115 1917 designationem.
1134 1846 1261 1917 Ipse
1284 1846 1601 1935 imperator
1631 1845 1981 1910 declaratus,
2018 1870 2062 1935 Β

345 1950 718 2006 nequaquam
753 1939 1064 1989 contentus
1096 1935 1353 1989 secundo
1404 1934 1550 2000 loco,
1603 1935 1984 2006 paedagogum

344 2028 399 2079 et
426 2022 571 2077 alios
604 2038 753 2094 quos
783 2023 894 2078 sibi
930 2024 1048 2077 fore
1090 2024 1333 2093 putabat
1380 2024 1801 2094 impedimento
1854 2024 1989 2077 sub-

346 2116 603 2167 moverat
637 2128 649 2165 :
685 2112 874 2182 primo
899 2112 1021 2167 loco
1053 2128 1115 2167 se
1137 2111 1379 2167 salutari
1407 2113 1819 2183 imperatorem
1847 2114 1988 2167 fece-

343 2205 519 2271 rat,et
534 2200 605 2256 ad
631 2217 691 2255 se
710 2201 973 2255 omnium
992 2218 1185 2255 rerum
1206 2201 1775 2257 administrationem
1792 2206 1986 2255 trans-

341 2288 575 2345 tulerat.
612 2290 861 2345 Proximi
895 2292 966 2344 ab
998 2290 1125 2361 ipso
1158 2290 1283 2360 ﬁlii,
1319 2289 1524 2345 ultimo
1550 2289 1674 2345 loco
1702 2291 1984 2345 Constan-

320 2378 500 2433 tinus
534 2379 745 2434 Leonis
778 2379 935 2433 filius
986 2380 1305 2450 imperator
1362 2380 1832 2450 nuncupabatur,
1893 2379 1986 2433 cui

341 2468 487 2523 nihil
512 2474 719 2541 praeter
740 2468 1004 2523 habitum
1029 2474 1085 2524 et
1114 2485 1325 2524 nomen
1348 2469 1719 2540 imperatoris
1740 2474 1866 2523 erat
1893 2485 1987 2522 re-

338 2556 570 2624 lictum,
601 2574 805 2613 omnes
848 2558 1072 2613 fructus
1134 2558 1215 2612 rei
1269 2558 1548 2629 adempti.
1610 2558 1811 2629 Itaque
1841 2561 1986 2612 Con-

342 2646 637 2702 stantinus
652 2664 955 2717 nunquam
974 2663 1087 2701 non
1109 2646 1334 2717 paterni
1358 2646 1584 2717 imperii
1605 2646 1989 2718 recuperandi

344 2734 550 2789 avidus
581 2743 637 2789 et
681 2734 1053 2805 surreptitios
1100 2734 1315 2789 elidere
1361 2735 1627 2805 cupiens,
1657 2736 1897 2790 tandem
1928 2735 1986 2789 id

345 2837 408 2878 se
439 2822 608 2878 aliter
637 2822 920 2878 conficere
951 2840 1066 2878 non
1098 2839 1270 2894 posse
1302 2824 1714 2879 animadvertit
1744 2840 1920 2895 quam
1941 2824 1991 2879 si

350 2910 499 2965 filios
530 2916 734 2967 contra
765 2916 988 2983 patrem
1031 2912 1324 2968 excitaret.
1379 2914 1532 2968 822
1579 2912 1713 2967 Jam
1763 2914 1821 2967 in
1873 2915 1993 2969 fata

349 3005 721 3056 concesserat
748 3000 1074 3070 Christifer,
1136 3007 1194 3056 et
1252 3007 1598 3073 supererant
1656 3003 1991 3074 Stephanus

351 3094 526 3161 atque
542 3089 985 3145 Constantinus.
1015 3092 1272 3155 Quorum
1296 3090 1452 3146 hunc
1477 3096 1541 3145 ut
1566 3091 1744 3146 animi
1771 3093 1994 3148 firmio-

353 3194 472 3234 rem
498 3177 811 3234 sollicitare
842 3195 959 3234 non
993 3186 1266 3247 ausus,ut
1287 3178 1623 3235 institutum
1657 3182 1990 3248 conficeret,

347 3275 666 3331 omniasua
680 3274 924 3331 consilia
945 3293 1011 3332 ac
1034 3278 1225 3332 studia
1252 3278 1321 3332 ad
1347 3278 1710 3348 Stephanum
1725 3296 1987 3334 corrum-

346 3364 602 3435 pendum
624 3365 867 3431 confert,
896 3365 1196 3420 vaniorem
1232 3365 1454 3421 scilicet
1493 3373 1549 3422 et
1577 3367 1636 3422 in
1681 3385 1827 3439 quas
1859 3368 1990 3439 quis

344 3452 513 3509 vellet
546 3458 736 3522 partes
776 3454 1230 3509 mutabiliorem.
1291 3455 1429 3509 Eam
1487 3458 1557 3510 ad
1593 3472 1715 3510 rem
1765 3460 1991 3512 socium

351 3541 507 3613 capit
533 3546 709 3613 atque
731 3542 1150 3597 administrum
1176 3543 1453 3598 Basiliam
1472 3550 1859 3616 cognomento
1888 3545 1996 3600 Vo-

355 3630 597 3698 lucrem,
631 3630 928 3685 hominem
953 3631 1209 3702 prompti
1243 3631 1457 3703 ingenii
1490 3639 1547 3687 et
1578 3634 1996 3690 machinanda-

354 3736 482 3772 rum
517 3718 879 3773 fallaciarum
912 3720 1179 3790 apprime
1208 3719 1506 3789 callidum,
1531 3726 1669 3776 tunc
1702 3716 1759 3778 in
1792 3723 1997 3778 cohor-

354 3813 472 3861 tem
496 3806 829 3861 sodalitatis
854 3805 1213 3873 allectum,et
1234 3809 1335 3878 qui
1366 3826 1399 3863 a
1419 3826 1599 3880 puero
1620 3812 2001 3868 Constantino

357 3895 544 3949 fuerat
566 3900 740 3949 notus
763 3900 937 3966 atque
968 3896 1419 3951 familiaris.Per
1443 3897 1601 3954 hunc
1623 3900 1732 3955 sibi
1756 3901 2001 3971 Stepha-

355 3999 497 4037 num
526 3998 704 4053 quam
737 3983 995 4054 primum
1029 3985 1285 4040 amicum
1317 3985 1501 4042 facere
1532 3988 2003 4056 studet,blandis

357 4071 667 4143 deceptum
700 4072 1075 4128 sermonibus
1107 4078 1163 4128 et
1191 4074 1497 4131 fraudibus
1529 4093 1563 4131 a
1592 4084 1752 4132 recta
1780 4078 2004 4133 abduc-

361 4165 484 4215 tum
520 4159 764 4216 ratione.
798 4160 1049 4216 Proinde
1080 4162 1353 4232 Basilius,
1388 4180 1517 4218 cum
1552 4166 1710 4219 omni
1743 4165 1851 4221 hoc
1875 4183 2007 4220 con-

362 4248 597 4305 fecisset
625 4255 834 4305 conatu
870 4254 935 4305 ut
966 4250 1118 4305 inter
1149 4251 1469 4307 familiares
1520 4253 1834 4309 haberetur
1881 4256 2005 4310 Ste-

360 4338 561 4409 phani,
595 4340 796 4394 crebro
830 4338 901 4394 ad
933 4355 1069 4394 eum
1099 4340 1404 4407 ventitare,
1437 4343 1922 4414 sermonibusque
1944 4360 2009 4398 ac

360 4434 626 4490 consiliis
656 4435 959 4491 hominem
992 4437 1369 4493 titillantibus
1397 4441 1569 4511 cmpit
1596 4456 1629 4494 a
1649 4458 1793 4496 sana
1817 4446 2010 4496 mente

361 4523 646 4595 paulatim
675 4525 1053 4591 dimovere,et
1081 4525 1141 4579 in
1175 4526 1324 4581 hanc
1356 4529 1474 4582 fere
1505 4528 1856 4600 compellare
1878 4546 2009 4584 sen-

2072 582 2321 662 γαμϐρὸν
2377 588 2477 655 τὴν
2538 583 2814 661 βασιλείαν
2877 589 3231 659 μετενεγκεῖν,
3279 582 3372 637 τὸν
3439 589 3721 636 Κωνσταν-

2072 682 2213 730 τῖνον
2267 673 2510 730 ἐκποδὼν
2581 676 2974 745 ποιησάμενος.
3034 675 3203 747 Ὀπερ
3263 671 3634 741 συνεννοηκὼς
3690 672 3724 724 6

2073 771 2170 820 τοῦ
2200 767 2715 843 πορφυρογεννήτου
2747 762 3094 837 παιδαγωγὸς
3124 759 3429 835 Θεόδωρος,
3460 761 3535 822 ὡς
3578 758 3723 814 ἄνω-

2078 858 2160 909 θεν
2213 853 2445 925 εἴρηται,
2498 851 2737 921 σπουδὴν
2806 851 2957 915 ἔθετο
3014 851 3106 905 τὸν
3161 845 3523 925 πρεσϐύτερον
3583 851 3728 902 Ῥω-

2084 944 2248 1017 μανὸν
2301 941 2652 1019 δρουγγάριον
2711 946 3007 1010 τηνικαῦτα
3049 945 3157 994 τῶν
3216 937 3489 1012 πλωΐμων
3551 938 3725 1011 ὑπάρ-

2080 1052 2251 1108 χοντα
2311 1032 2690 1095 οἰκειώσασθαι
2739 1031 2828 1084 καὶ
2875 1035 2997 1092 τοῖς
3046 1027 3362 1104 ἀνακτόροις
3416 1027 3729 1101 εἰσαγαγεῖν

2082 1123 2157 1184 ὡς
2186 1122 2333 1195 τάχα
2370 1119 2584 1197 φύλακα
2613 1120 2702 1175 xui
2734 1119 3125 1194 πρόμαχοντοῦ
3152 1116 3422 1193 βασιλέως
3442 1116 3729 1190 ἐσόμενον.

2084 1218 2284 1275 Οὑτοσὶ
2312 1216 2358 1273 δ’
2388 1217 2645 1292 ἀναχθεὶς
2668 1218 2756 1272 καὶ
2798 1221 2916 1278 ταῖς
2943 1216 3078 1271 uana
3125 1217 3315 1291 μικρόν
3376 1211 3591 1275 ἀνὸδοις
3630 1216 3735 1282 τῆς

2084 1309 2261 1378 πάσης
2320 1304 2623 1369 δυναστείας
2674 1305 2962 1382 γενόμενος
3010 1305 3281 1380 ἐγκρατὴς
3339 1304 3440 1359 οὐκ
3495 1302 3739 1377 ἐνέμεινε

2086 1398 2202 1459 τοῖς
2234 1395 2488 1463 δοθεῖσιν,
2521 1394 2669 1452 ἀλλὰ
2708 1396 2833 1457 τοὺς
2886 1393 3212 1469 δεδομένους
3244 1395 3503 1463 ἀθετήσας
3536 1392 3738 1466 ὅρκους

2088 1487 2174 1561 (ᾖν
2229 1488 2332 1561 γὰρ
2392 1483 2851 1561 φρικωδεστάταις
2918 1484 3287 1560 ὁρκωμοσίαις
3330 1484 3515 1538 ἑαυτὸν
3565 1503 3735 1537 κατα-

2091 1574 2367 1647 δεσμήσας
2428 1577 2503 1648 μὴ
2555 1573 2612 1629 ἄν
2656 1595 2787 1629 ποτε
2849 1573 3124 1647 βασιλείας
3174 1567 3352 1643 ἔφεσιν
3412 1570 3733 1647 ἐσχηκέναι)

2092 1664 2276 1720 έάυτόν
2309 1685 2367 1718 τε
2419 1663 2744 1739 ἀνηγόρευσε
2796 1662 3039 1737 βασιλέα,
3087 1662 3349 1725 έκουσίως
3392 1666 3489 1717 τοῦ
3518 1682 3738 1737 πορφυ-

2096 1756 2420 1829 ρογεννήτου
2451 1752 2662 1807 ἀέκοντί
2691 1773 2752 1826 γε
2800 1754 2958 1824 θυμῷ
3007 1754 3187 1825 (τοῦτο
3221 1750 3286 1821 δὴ
3318 1751 3381 1806 τὸ
3409 1753 3742 1829 Ὁμηρικὸν)

2094 1844 2401 1917 περιθέντας
2455 1841 2603 1913 αὐτῷ
2655 1842 2719 1896 τὸ
2773 1839 3035 1915 διάδημα,
3066 1840 3155 1895 xui
3194 1841 3255 1895 οὗ
3309 1840 3472 1915 μόνον
3524 1843 3742 1914 ἐαυτὸν,

2098 1931 2223 1987 ἀλλ’
2276 1929 2383 2002 ἤδη
2444 1930 2575 2003 μετά
2636 1931 2826 2006 μικρὸν
2878 1929 2968 1984 xui
3022 1929 3393 2006 Χριστοφόρον
3450 1930 3542 1986 τὸν
3596 1932 3741 1986 υἱὸν.

2099 2028 2373 2084 Διαλιπὼν
2409 2026 2456 2083 δ’
2485 2028 2670 2104 ὀλίγον
2725 2027 2813 2083 καὶ
2876 2028 3145 2102 Στέφανον
3197 2028 3287 2082 καὶ
3337 2035 3746 2083 Κωνσταντῖνον

2097 2119 2425 2195 ἀνηγόρευσε
2478 2117 2608 2180 τοὺς
2658 2118 2811 2179 υἱεῖς.
2863 2116 3128 2180 Βασιλεὺς
3179 2115 3235 2171 δε
3282 2116 3600 2193 ἀναρρηθεὶς
3643 2119 3750 2173 οὐκ

2097 2211 2351 2283 ἠγάπησε
2406 2211 2476 2281 τῇ
2533 2206 2843 2282 ἆναρρήσει,
2906 2204 3031 2261 οὐδὲ
3082 2208 3181 2275 τὴν
3244 2203 3493 2279 δευτέραν
3548 2208 3743 2283 χώραν

2099 2296 2245 2373 ἔχειν
2286 2298 2597 2369 ἧσμένισεν,
2632 2294 2756 2350 ἀλλ’
2804 2296 2863 2349 ἐκ
2913 2296 3079 2368 μέσου
3124 2296 3216 2350 τὸν
3262 2294 3604 2371 παιδαγωγὸν
3655 2297 3744 2360 θέ-

2102 2408 2261 2459 μενος
2283 2386 2373 2439 καὶ
2404 2384 2533 2446 τοὺς
2575 2382 2805 2447 λοιποὺς
2850 2384 2975 2446 τοὺς
3032 2383 3148 2438 ὅσοι
3200 2381 3420 2440 ἐδόκουν
3473 2384 3743 2460 προσίστα

2100 2488 2242 2545 σθαι,
2290 2473 2507 2549 πρῶτός
2556 2495 2614 2528 τε
2672 2473 3018 2549 αὐτοκράτωρ
3078 2473 3442 2551 ἀνευφημεῖτο
3498 2475 3588 2529 καὶ
3641 2476 3743 2543 τὴν

2099 2571 2269 2620 πᾶσαν
2322 2568 2429 2618 τῶν
2507 2562 2840 2638 πραγμάτων
2922 2560 3196 2636 διεκόσμει
3268 2561 3558 2634 διοίκησιν.
3614 2566 3746 2619 Μετ’

2100 2654 2256 2708 αὐτὸν
2293 2650 2350 2707 δὲ
2388 2651 2780 2728 ἀνηγορεύοντο
2825 2653 2876 2706 oi
2926 2653 3082 2721 υἱεῖς,
3128 2653 3217 2707 καὶ
3264 2652 3574 2715 τελευταῖος
3607 2654 3745 2709 πάν-

2098 2765 2205 2797 των
2263 2743 2289 2796 ὁ
2352 2747 2772 2803 Κωνσταντῖνος.
2829 2742 3002 2803 Οὗτος
3061 2742 3241 2796 τοίνυν
3303 2742 3330 2796 6
3370 2748 3746 2805 Κωσταντῖνος

2102 2834 2295 2907 σχῆμα
2329 2830 2491 2903 μόνον
2523 2830 2610 2884 καὶ
2662 2830 2836 2903 ὄνομα
2873 2831 2975 2899 τῆς
3026 2828 3301 2904 βασιλείας
3362 2826 3528 2905 ἔχων,
3558 2836 3667 2885 τῶν
3690 2828 3748 2885 δὲ

2101 2918 2276 2989 ἡδέων
2308 2920 2511 2990 ταύτης
2569 2918 2949 2994 ἐστερημένος,
3002 2922 3151 2992 [633]
3202 2916 3291 2973 διὰ
3337 2919 3538 2981 παντὸς
3592 2918 3748 2995 ἐγλί-

2102 3030 2234 3085 χετο
2294 3009 2383 3063 καὶ
2440 3008 2718 3084 ἐπηύχετο
2793 3009 2892 3076 τήν
2972 3008 3226 3084 πατρῴαν
3302 3007 3746 3063 ἐπανασώσασθαι

2104 3100 2306 3173 ἀρχὴν,
2367 3097 2492 3160 σοὺς
2543 3096 2891 3158 ἐπεισάκτους
2960 3095 3203 3152 ἐκποδὼν
3272 3096 3517 3171 Θέμενος.
3575 3102 3750 3153 Τοῦτο

2105 3185 2161 3241 δὲ
2188 3186 2285 3240 οὐκ
2313 3184 2502 3248 ἄλλως
2533 3183 2669 3258 ᾤετο
2701 3187 2918 3260 ἀγαγεῖν
2944 3186 3018 3247 εἷς
3040 3185 3215 3261 ἔργον,
3245 3186 3290 3240 εἰ
3326 3187 3402 3259 μὴ
3433 3186 3562 3249 τοὺς
3594 3187 3751 3249 υἱοὺς

2103 3275 2479 3348 ἐκπολεμώσει
2529 3279 2607 3346 τῷ
2663 3274 2846 3350 πατρί,
2919 3276 2979 3332 Ὀ
3065 3276 3157 3348 μὲν
3220 3275 3311 3331 οὖν
3370 3275 3752 3355 Χριστοφόρος

2101 3364 2294 3442 ἔφθασε
2342 3365 2431 3419 τὸν
2484 3363 2597 3438 βίον
2657 3364 2970 3432 ἀπολιπεῖν,
3003 3371 3265 3439 περιῆσαν
3312 3362 3359 3419 δ’
3405 3360 3482 3419 ἔτι
3534 3368 3750 3442 Στέφα-

2102 3475 2191 3515 νος
2247 3453 2335 3508 καὶ
2412 3460 2831 3515 Κωνσταντῖνος.
2882 3453 3094 3507 Τούτων
3171 3453 3387 3529 ἐγνώκει
3444 3454 3747 3529 ἀποπειραο

2106 3550 2281 3612 θῆναι,
2321 3544 2393 3615 μή
2438 3564 2555 3606 πως
2608 3540 2813 3616 δυνηθῇ
2866 3540 3217 3618 ἐκπληρῶσαι
3256 3542 3318 3596 τὸ
3364 3540 3746 3616 σπουδαζόμε-

2106 3654 2219 3687 νον.
2255 3633 2354 3687 Kui
2389 3636 2483 3685 τοῦ
2532 3633 2627 3705 μὶν
2678 3635 3081 3687 Κωνσταντίνου
3136 3631 3216 3705 (ᾖν
3267 3630 3369 3707 γὰρ
3429 3630 3587 3693 οὗτος
3639 3654 3757 3687 στε-

2111 3721 2374 3795 ρεωτέρας
2459 3720 2670 3797 φρενὸς)
2764 3720 3195 3795 ἀποπειραθῆναι
3280 3719 3379 3775 οὐκ
3455 3719 3756 3792 ἐτόλμησε,

2108 3810 2301 3884 τρέψαι
2333 3806 2389 3863 δὶ
2417 3810 2515 3877 τήν
2567 3814 2739 3863 πᾶσαν
2795 3810 3047 3884 μηχανὴν
3092 3808 3180 3864 καὶ
3226 3808 3522 3882 ἀπόπειραν
3579 3806 3758 3882 ἔκρινε

2111 3898 2246 3973 πρὸς
2279 3898 2369 3951 τὸν
2402 3898 2694 3975 Στέφανον⁹
2742 3897 3069 3974 κουφότερόν
3120 3918 3179 3952 τε
3207 3893 3335 3952 ὄντα
3361 3899 3452 3953 τὸν
3485 3896 3756 3972 λογισμὸν

2111 3989 2198 4042 καὶ
2237 3985 2435 4063 ῥᾳδίως
2471 3988 2906 4065 μεταφερόμενον
2964 3989 3099 4058 πρὸς
3156 3984 3183 4041 ὅ
3234 4009 3316 4051 τις
3353 3988 3442 4044 καὶ
3476 3986 3759 4063 βούλοιτο.

2116 4082 2392 4159 Λαμϐάνει
2425 4087 2561 4162 πρὸς
2590 4090 2749 4141 τοῦτο
2782 4084 3139 4163 συλλήπτορα
3163 4087 3252 4142 καὶ
3285 4088 3548 4163 συνεργὸγ
3591 4087 3766 4165 εὐφυῆ

2114 4197 2231 4230 τινα
2260 4173 2424 4251 ἄνδρα
2480 4176 2570 4229 xui
2630 4173 2830 4237 δόλους
2886 4173 3078 4246 πλέξαι
3139 4177 3229 4231 καὶ
3265 4176 3762 4255 μηχανορῥαφῆσαι

2119 4263 2287 4319 δεινόν
2324 4284 2336 4297 ·
2371 4261 2654 4326 Βασίλειος
2712 4262 2869 4325 οὗτος
2929 4264 3240 4340 ἑτύγχανεν,
3274 4266 3302 4319 ὁ
3358 4266 3606 4326 Πετεινὸς
3659 4266 3760 4333 τὴν

2118 4354 2513 4427 προσηγορίαν,
2569 4351 2619 4407 ἐν
2672 4357 2751 4424 τῷ
2816 4352 3048 4427 τάγματι
3108 4357 3205 4419 τῆς
3265 4353 3526 4429 ἑταιρείας
3580 4375 3765 4409 κατει-

2121 4441 2405 4516 λεγμένος,
2452 4442 2542 4496 καὶ
2603 4443 2842 4512 συνήθης
2906 4440 2993 4496 xui
3051 4440 3211 4517 φίλος
3260 4440 3392 4515 ἐξέτι
3422 4442 3554 4497 νέων
3586 4442 3765 4517 ὑπάρ-

2122 4550 2239 4607 χων
2280 4532 2358 4603 τῷ
2417 4530 2828 4603 Κωνσταντίνῳ.
2889 4534 3087 4584 Τοῦτον
3133 4532 3395 4586 κοινωνὸν
3453 4530 3767 4607 προσειλή-

361 4614 741 4684 tentiam,cur
764 4614 1003 4669 tandem
1036 4614 1349 4687 imperator
1371 4617 1604 4685 juvenis
1635 4634 1700 4672 ac
1732 4619 1937 4674 robore
1957 4635 1991 4674 e‘

2122 4602 2201 4698 φει
2234 4602 2337 4674 τοῦγ
2363 4618 2696 4692 σκέμματος,
2738 4618 2827 4673 καὶ
2887 4616 2957 4673 δι’
3016 4618 3177 4673 αὐτοῦ
3226 4619 3386 4695 φίλον
3422 4602 3601 4684 θέσθαι
3634 4602 3770 4675 κατ-

364 4701 548 4758 animi
577 4702 799 4759 viribus
832 4712 1138 4775 praestans,
1161 4705 1541 4776 munitusque
1564 4707 2008 4779 prudentia,pa-

364 4796 583 4846 teretur
606 4808 903 4847 summam
956 4810 1151 4848 rerum
1182 4811 1215 4848 a
1237 4801 1429 4849 vetere
1460 4800 1517 4849 et
1538 4796 1663 4866 jam
1697 4802 1869 4867 rupto
1892 4797 2010 4851 lilio

364 4879 472 4949 (sic
505 4884 730 4951 patrem
781 4880 1065 4952 Stephani
1118 4883 1375 4954 notabat)
1421 4884 1718 4955 pendere?
1748 4901 1851 4939 cur
1897 4902 2009 4939 non

364 4983 490 5024 sese
519 4970 821 5040 proferret,
852 4974 909 5024 et
953 4973 1115 5041 patre
1147 4970 1271 5025 suis
1328 4972 1801 5042 generosissimis
1852 4973 2011 5029 obsi-

364 5060 551 5113 stente
582 5057 891 5113 conatibus
904 5063 1200 5114 summoto
1224 5058 1347 5128 ipse
1370 5060 1790 5131 rempublicam
1816 5078 2011 5133 capes-

364 5145 557 5200 seret?
590 5162 723 5200 cum
758 5147 997 5217 quidem
1040 5163 1155 5201 non
1215 5151 1475 5203 Romano
1534 5154 1761 5204 tantum
1822 5151 1921 5204 sed
1956 5154 2013 5205 et

366 5233 771 5306 compluribus
794 5236 947 5291 823
979 5235 1377 5307 gubernandis
1406 5238 1671 5309 imperiis
1694 5238 2007 5294 sufficeret.

365 5332 813 5405 Ohtemperaret
845 5336 1034 5390 amico
1068 5336 1213 5391 bene
1249 5337 1528 5406 monenti,
1580 5343 1636 5393 et
1686 5338 1759 5393 ad
1790 5354 1883 5395 res
1913 5354 2011 5410 ge-

366 5421 579 5478 rendas
631 5424 921 5493 proderet.
949 5423 1267 5479 Pristinum
1306 5424 1504 5481 ﬂorem
1539 5426 1713 5481 rebus
1733 5427 2011 5482 Romanis

372 5516 765 5583 recuperaret,
798 5515 855 5567 et
903 5512 1104 5568 hostes
1133 5512 1508 5585 opprimeret,
1562 5516 2011 5587 ostenderetque

372 5616 435 5656 re
460 5598 590 5669 ipsa
620 5599 905 5656 divinitus
937 5618 1050 5655 non
1081 5601 1152 5656 ad
1188 5601 1420 5657 irritum
1480 5601 1539 5657 in
1598 5619 1659 5658 se
1714 5608 1831 5657 tam
1864 5620 2011 5674 prea-

374 5688 593 5749 stantia
650 5687 829 5744 animi
886 5689 1262 5761 corporisque
1319 5692 1471 5747 dona
1527 5708 1656 5748 esse
1710 5691 2003 5749 collocata.

2119 4709 2363 4783 ηπείχθη
2424 4709 2515 4762 τὸν
2582 4709 2876 4785 Στέφανον,
2936 4706 3127 4781 λόγοις
3182 4707 3462 4779 αἱμυλίοις
3522 4708 3769 4765 ὑποκλα-

2119 4800 2285 4852 πέντα
2314 4797 2403 4852 καὶ
2436 4798 2663 4859 ἀπάταις
2694 4797 2784 4851 καὶ
2840 4801 3115 4871 μηχαναῖς
3165 4798 3634 4873 παρενηνεγμένον
3667 4803 3769 4853 τοῦ

2120 4886 2413 4962 λογισμοῦο
2456 4885 2632 4940 Πάντα
2690 4885 2794 4960 γὰρ
2843 4886 3044 4961 τρόπον
3107 4883 3411 4949 σπουδάσας
3454 4888 3482 4942 6
3514 4888 3771 4952 Πετεινὸς

2119 4982 2198 5049 τῷ
2232 4977 2487 5052 Στεφάνῳ
2518 4972 2872 5054 φιλιωθῆναι,
2931 4970 3118 5043 ἐπειδὴ
3170 4974 3499 5050 πεφιλίωτο,
3528 4976 3769 5053 προσῄει

2118 5095 2175 5128 τε
2207 5077 2471 5149 συνεχῶς,
2500 5073 2586 5127 καὶ
2641 5070 2841 5146 λόγους
2901 5070 3061 5125 ἐκίνει
3105 5071 3195 5126 καὶ
3244 5080 3489 5148 προσῆγε
3520 5069 3771 5147 συμϐου-

2120 5160 2218 5224 λὰς
2269 5161 2658 5231 ὑνποκνιζοῦσας
2715 5158 2872 5213 αὐτὸν
2929 5159 3018 5213 καὶ
3073 5160 3208 5215 κατὰ
3270 5162 3462 5236 μικρὸν
3519 5164 3771 5237 ἁπαγού-

2122 5272 2213 5313 σας
2246 5256 2341 5305 τοῦ
2369 5249 2664 5325 λογισμοῦ.
2701 5273 2727 5300 ι(
2760 5250 2876 5303 Ἵνα
2930 5247 3005 5321 τί,
3056 5247 3253 5326 λέγων.
3286 5251 3332 5303 ὦ
3368 5252 3614 5325 βασιλεῦ,
3645 5254 3799 5319 νέος,

2123 5338 2194 5393 ὥν
2228 5338 2375 5400 ἳςκύϊ
2415 5359 2477 5393 τε
2508 5333 2814 5413 ῥωμαλέος,
2862 5336 2953 5391 καὶ
3001 5340 3189 5412 ψυχῆς
3233 5340 3570 5414 γενναιότητι
3602 5340 3772 5418 ὑπερ·-

2120 5427 2296 5505 φέρων
2354 5426 2443 5480 καὶ
2519 5426 2777 5500 φρονήσει
2851 5425 3297 5499 πεπυκνωμένος,
3354 5428 3418 5483 τὰ
3468 5429 3771 5504 πράγματα

2120 5518 2361 5591 παρορᾷς
2395 5515 2498 5569 ἀπὸ
2551 5518 2753 5570 Λεπτοῦ
2809 5514 2898 5570 καὶ
2957 5516 3195 5571 παλαιοὸ
3250 5516 3340 5572 καὶ
3400 5514 3769 5595 διεῤῥωγότος

2124 5604 2283 5678 μίτου
2318 5628 2345 5655 ››
2376 5604 2487 5679 (τὸν
2540 5604 2701 5659 αὐτοῦ
2744 5605 2947 5681 πατέρα
2994 5602 3463 5681 ὐπαινιττόμενος)
3523 5630 3552 5658 ‹‹
3609 5607 3771 5684 ἐξαρ-

2119 5694 2355 5767 τώμενα,
2388 5693 2478 5750 xui
2528 5692 2589 5749 οὐ
2634 5691 2990 5765 διανίστασαι,
3042 5694 3132 5751 xui
3187 5696 3375 5752 τοῦτον
3406 5695 3500 5770 μὶν
3552 5695 3629 5760 ὡς
3660 5697 3772 5771 ἐμ-
