4004 6208
310 352 390 409 57
1471 353 2017 417 HISTORIARUM
2059 353 2607 417 COMPENDIUM.
3648 356 3726 415 58

311 476 505 533 πόδιον
572 485 695 541 ταῖς
763 486 881 541 σαῖς
958 480 1356 555 γενναιοτάταις
1437 482 1633 557 ὁρμαῖς
1717 480 1961 538 ἐκποδὼν

2086 483 2339 539 Usurum
2368 485 2440 540 ad
2471 483 2593 539 hac
2624 483 2891 554 adjutore
2912 489 2969 539 et
2983 483 3139 540 socio
3160 483 3543 543 Constantino
3560 502 3721 557 soro-

312 572 513 637 ποιεῖς,
548 568 711 630 αὐτὸς
771 566 829 623 δὲ
880 573 987 623 τῶν
1046 571 1379 645 πραγμάτων
1433 566 1834 644 ἀντιλαμόἆνῃ,
1869 568 1964 624 δυ-

314 658 545 727 νάμενος
593 657 702 732 οὐχ
750 657 898 721 ὅπως
943 659 1043 726 τὴν
1094 660 1379 731 Ῥωμαίων
1437 657 1712 735 βασιλείαν
1768 659 1962 732 μόνην,

315 747 457 801 ἀλλὰ
483 747 580 801 xui
611 747 827 808 πολλὰς
885 748 1025 820 ὁμοῦ
1056 743 1315 823 κυϐερνᾷν
1344 770 1357 820 ς
1390 750 1518 823 ’Δγε
1580 746 1668 820 δὴ,
1715 747 1965 817 πείσθητί

320 857 408 907 μοι
455 836 525 890 τὰ
576 836 837 905 λυσιτελῆ
887 832 1343 910 συμϐουλεύοντι,
1391 839 1483 892 καὶ
1546 835 1829 899 διαναστὰς
1882 838 1969 892 ἀν-

312 923 595 999 τισχέσθαι
674 923 907 995 θέλησον
982 930 1090 980 τῶν
1167 928 1532 1001 πραγμάτων,
1582 928 1671 981 καὶ
1746 928 1812 981 τὰ
1871 926 1965 999 μὶν

314 1015 607 1084 Ῥωμαίων
699 1013 1044 1084 ἀναθηλῆσαι
1117 1014 1543 1090 παρασκεύασον,
1595 1016 1663 1071 τὰ
1742 1012 1799 1069 δέ
1864 1020 1970 1070 τῶν

312 1102 495 1177 έχθῶν
558 1103 914 1175 ταπείνωσον,
966 1105 1057 1158 καὶ
1112 1102 1283 1173 δεῖξον
1368 1098 1545 1179 ἔργοις
1627 1104 1813 1166 αὐτοῖς
1894 1104 1970 1165 ὡς

314 1192 375 1246 οὐ
411 1190 507 1246 διὰ
535 1200 700 1263 κενῆς
728 1191 853 1248 οὐδὲ
887 1192 1060 1266 μάτην
1092 1195 1127 1262 ἡ
1160 1192 1460 1248 ἐπανθοῦσά
1490 1215 1579 1248 σοι
1611 1194 1727 1270 ὥρα
1770 1194 1858 1248 καὶ
1905 1194 1972 1248 τὰ

317 1279 491 1336 λοιπὰ
516 1290 622 1350 τῆς
650 1285 837 1357 ψυχῆς
864 1282 927 1337 ἐκ
975 1287 1110 1337 θεοῦ
1160 1304 1247 1337 σοι
1302 1280 1637 1356 δεδώρηνται
1694 1285 1971 1359 προτερή-

321 1392 483 1442 ματα.
517 1373 696 1443 Ἔιξεις
743 1368 801 1425 δὲ
849 1371 923 1433 εἰς
964 1376 1125 1427 τοῦτο
1172 1373 1577 1441 συναγωνιστὴν
1619 1373 1708 1427 καὶ
1762 1371 1973 1442 συλλή-

320 1481 496 1536 πτορα
553 1461 643 1514 καί
690 1463 782 1515 τὸν
832 1462 921 1516 σὸν
984 1457 1231 1536 γαμϐρὸν
1307 1463 1398 1517 τὸν
1475 1461 1971 1540 ποιρυρογέννητον,

321 1548 441 1604 λίαν
498 1548 900 1613 θεοκλυτοῦντα
949 1552 1040 1605 καὶ
1117 1552 1466 1627 ἱμειρόμενω
1538 1558 1638 1620 τῆς
1704 1556 1801 1606 τοῦ
1877 1556 1973 1605 σοῦ

322 1640 522 1713 πατρὸς
558 1638 987 1714 ἐλευθερωθῆναι
1024 1640 1327 1715 βαρύτητος
1379 1641 1467 1694 καὶ
1513 1641 1659 1715 παρὰ
1704 1642 1800 1695 σοῦ
1841 1662 1972 1695 κατ-

326 1729 549 1801 όψεσθαι
608 1729 708 1797 τὴν
793 1726 1067 1803 βασιλείαν
1151 1726 1595 1805 κυϐερνωμένην.
1659 1754 1688 1780 ››
1745 1730 1971 1791 Τούτοις

334 1817 617 1891 ὕποσυρεὶς
648 1822 770 1880 τοῖς
799 1817 989 1892 λόγοις
1039 1819 1066 1872 6
1122 1819 1391 1895 Στέφανος
1438 1818 1738 1894 κατεσχέθη
1798 1840 1857 1873 τε
1905 1822 1973 1893 τῇ
2006 1860 2053 1924 Β

370 1913 395 1923 ς
501 1900 531 1924 ’ν
802 1907 813 1924 1
910 1906 924 1924 9
1005 1918 1022 1924 -
1119 1907 1130 1924 1
1295 1908 1308 1924 \
1377 1908 1397 1924 ιι
1655 1902 1679 1924 Ἰ
1750 1907 1770 1924 b
1892 1908 1905 1924 θ

330 1913 430 1974 τῆς
460 1900 877 1981 αὐτοκρατορίας
906 1906 1166 1979 ἐπιθυμίᾳ
1220 1908 1309 1962 καὶ
1369 1908 1597 1983 ἄσχετον
1652 1902 1825 1983 ὄρεξιν
1882 1908 1976 1962 ἀν-

336 1993 549 2065 εδέξατο
596 2000 691 2050 τοῦ
738 2001 1054 2071 καταγαγεῖν
1099 1997 1188 2051 τὸν
1237 1998 1427 2051 ἑαυτοῦ
1477 1998 1683 2070 πατέρα
1727 2004 1827 2067 τῆς
1877 2000 1971 2070 βα-

320 2083 563 2147 σιλείας.
598 2082 836 2142 Μέλλων
869 2082 927 2138 δὲ
968 2083 1237 2160 ἐγχειρεῖν
1276 2091 1393 2147 τοῖς
1444 2083 1689 2160 δοχθεῖσι
1747 2087 1834 2141 καὶ
1884 2084 1975 2140 λὸ-

329 2195 459 2248 γους
493 2173 899 2246 αἰνιττομένους
928 2174 989 2228 τὸ
1038 2171 1478 2247 σπουδαζόμενον
1534 2173 1840 2248 ἐποσπείρει
1895 2179 1975 2246 τῷ

330 2260 573 2339 ἀδελιρῷ.
612 2261 758 2318 Ἐπεὶ
790 2259 834 2315 δ’
865 2262 1021 2323 οὗτος
1074 2262 1330 2337 καὶπρὸς
1384 2265 1484 2333 τήν
1533 2264 1756 2340 πρώτην
1806 2264 1974 2332 ἀκοὴν

324 2353 582 2425 ἄτεγκτος
636 2354 725 2419 ἦν,
773 2350 865 2405 καὶ
927 2350 1153 2425 παρῄνει
1215 2348 1426 2423 μᾶλλον
1490 2354 1566 2425 μή
1628 2352 1838 2428 θαρρεῖν
1896 2356 1975 2425 τῷ

326 2434 610 2513 γαμϐρῷ,
663 2435 809 2493 ἀλλᾶ
876 2444 977 2507 τῆς
1052 2439 1308 2514 πατρῴας
1379 2438 1643 2495 ἐνουθέτει
1700 2439 1973 2515 έξέχεσθαι

2076 573 2156 628 ris
2190 573 2421 643 marito,
2456 572 2602 628 nihil
2636 572 2791 629 aliud
2846 574 2905 628 in
2954 574 3100 629 votis
3149 574 3399 629 habente
3449 590 3625 645 quam
3658 580 3723 631 ut

2078 664 2260 717 soceri
2293 667 2645 718 exoneratus
2679 663 3019 718 morositate
3040 663 3257 733 abipso
3286 664 3481 717 videat
3510 664 3721 735 guber-

2077 750 2204 804 nari
2236 751 2570 823 imperium.
2609 751 2709 807 His
2741 752 2932 807 verdis
2981 751 3207 806 illectus
3251 751 3585 823 Stephanus
3618 769 3723 806 cu-

2079 839 2321 911 piditate
2378 840 2611 909 imperii
2670 846 2825 896 totus
2876 846 3217 912 occupatur,
3274 840 3483 911 suique
3542 842 3723 912 patris

2077 928 2404 999 deponendi
2426 928 2728 985 infrwnem
2752 930 2948 985 animo
2970 929 3225 1001 concipit
3243 928 3721 985 libidinem.Rem

2079 1017 2279 1089 itaque
2306 1033 2695 1089 aggressurus
2723 1019 2887 1074 fratri
2917 1036 3039 1075 rem
3071 1034 3175 1090 per
3231 1019 3510 1090 ambages
3541 1018 3723 1089 signi-

2080 1106 2424 1172 ﬁcat.Quem
2456 1123 2586 1163 cum
2616 1108 2800 1179 primo
2831 1109 3033 1163 auditu
3057 1124 3297 1180 prorsus
3313 1108 3386 1163 ab
3415 1108 3523 1163 hoc
3550 1107 3724 1177 insti-

2079 1198 2206 1250 tuto
2221 1195 2478 1251 alienum
2496 1213 2625 1252 esse
2643 1197 3228 1267 videret,hortarique
3242 1204 3306 1253 ut
3323 1197 3382 1251 in
3402 1197 3515 1252 ﬁde
3528 1196 3724 1268 potius

2082 1285 2267 1356 patris
2284 1301 2461 1356 quam
2484 1285 2541 1339 in
2565 1287 2783 1342 sororis
2804 1286 3000 1341 mariti
3021 1286 3283 1342 amicitia
3304 1287 3723 1356 acquiesceret,

2082 1374 2300 1429 omisso
2330 1390 2419 1443 eo,
2452 1380 2514 1429 ut
2545 1391 2718 1444 quem
2744 1374 2855 1430 sibi
2884 1376 3301 1447 impedimento
3326 1374 3518 1446 potius
3540 1391 3717 1445 quam

2083 1461 2296 1517 auxilio
2326 1463 2447 1518 fore
2475 1463 2786 1534 iudicaret,
2831 1464 2957 1534 ipse
3007 1470 3293 1534 quantum
3343 1480 3437 1518 res
3486 1462 3725 1517 omnino

2083 1551 2279 1618 ferret,
2312 1553 2549 1623 exsequi
2582 1570 2752 1607 suam
2786 1553 3135 1608 sententiam
3168 1552 3440 1607 intendit.
3483 1552 3632 1623 Ergo
3664 1552 3723 1605 in

2082 1640 2423 1696 societatem
2455 1642 2655 1710 ascito,
2689 1650 2897 1713 praeter
2926 1640 3525 1709 Basilium,monacho
3548 1640 3724 1695 etiam

2084 1728 2366 1797 Mariano,
2395 1729 2513 1785 {ilio
2545 1731 2754 1786 Leonis
2783 1731 3053 1802 Argyri,a
3083 1731 3344 1785 Romano
3375 1730 3726 1801 imperatore

2084 1834 2262 1889 quam
2295 1818 2549 1874 maxime
2580 1818 2869 1889 dilecto,et
2904 1818 3204 1875 nonnullis
3237 1818 3605 1886 aliis,nactus
3630 1835 3728 1889 op-

2088 1907 2507 1978 portunitatem
2537 1907 2781 1979 imperio
2814 1913 3039 1980 patrem
3080 1908 3300 1978 dejicit,
3353 1907 3448 1963 die
3504 1908 3726 1962 mensis

2087 1997 2419 2052 Decembris
2456 1999 2541 2063 16,
2574 1997 2889 2054 indictione
2918 1998 2974 2065 3,
3005 2015 3158 2053 anno
3187 1998 3574 2061 6453,annum
3599 1998 3726 2067 jam

2082 2087 2153 2140 26
2182 2086 2568 2158 imperantem
2603 2103 2616 2141 :
2650 2104 2715 2142 ac
2746 2088 2804 2142 in
2838 2088 2992 2143 324
3028 2092 3259 2142 Protam
3293 2086 3550 2142 insulam
3585 2085 3727 2141 rele-

2085 2180 2219 2248 gato
2248 2175 2334 2231 vel
2362 2175 2542 2231 invito
2572 2182 2747 2247 caput
2777 2177 2928 2231 radit
2958 2182 3016 2232 ct
3046 2176 3317 2231 monachi
3338 2176 3519 2231 vitam
3542 2177 3730 2245 impo-

2086 2266 2193 2319 nit.
2236 2264 2452 2319 Exinde
2507 2265 2839 2336 Stephanus
2871 2265 3078 2335 majori
3140 2265 3334 2320 studio
3390 2266 3567 2319 rebus
3623 2265 3728 2318 ad-

2086 2354 2494 2409 ministrandis
2551 2370 2612 2410 se
2661 2354 2839 2423 dedit,
2895 2353 3133 2425 collegis
3186 2353 3395 2409 marito
3425 2352 3643 2409 sororis
3674 2356 3730 2407 et

2086 2443 2280 2498 fratre.
3552 2462 3561 2469 -

323 2527 560 2589 πίστεως
616 2527 705 2581 καὶ
765 2526 972 2601 φιλίας,
1033 2529 1116 2601 [Ρ.
1170 2530 1298 2601 634]
1354 2533 1543 2584 τοῦτον
1625 2529 1719 2602 μὶν
1790 2536 2030 2604 παρῆκεν
2086 2530 2162 2591 ὡς
2219 2526 2483 2603 ἐμπόδιον
2545 2527 2780 2602 μᾶλλον,
2838 2527 2962 2583 ἀλλ’
3022 2528 3083 2583 οὐ
3138 2529 3391 2603 συνεργὸν
3446 2527 3727 2600 ἐσόμενον,

321 2616 486 2677 αὐτὸς
546 2612 594 2669 δ’
638 2616 794 2687 ᾠήθη
857 2615 933 2678 ὡς
991 2616 1218 2671 ἀνυστὸν
1278 2616 1593 2693 ἐγχειρῆσαι
1647 2623 1762 2680 τοῖς
1820 2616 2192 2692 δεδογμένοις.
2250 2619 2803 2694 Προσεταιρισάμενος
2864 2616 2955 2673 οὗν
3015 2617 3108 2673 σὺν
3158 2622 3238 2690 τῷ
3296 2617 3510 2692 ῥηθέντι
3565 2619 3727 2672 Βασι-

323 2704 463 2777 λείῳ
494 2705 585 2760 καὶ
613 2706 705 2760 τὸν
741 2706 981 2780 μοναχὸν
1012 2706 1283 2782 Παριανὸν
1313 2708 1404 2761 τὸν
1455 2708 1568 2762 υἱὸν
1626 2707 1855 2769 Λέοντος
1910 2712 2007 2763 τοῦ
2038 2709 2330 2783 Ἀργυροῦ,
2392 2708 2495 2762 ὑπὸ
2539 2712 2636 2763 τοῦ
2697 2706 2963 2782 βασιλέως
2992 2709 3273 2781 Ῥωμανοῦ
3330 2705 3449 2762 λίαν
3506 2705 3595 2759 καὶ
3646 2726 3728 2758 τι-

330 2796 589 2867 μώμενον
649 2794 738 2849 καὶ
788 2796 1195 2868 πιστευόμενον,
1249 2797 1339 2850 καί
1388 2818 1535 2859 τινας
1594 2794 1801 2860 άλλους
1856 2796 1948 2850 σὺν
2008 2796 2214 2865 αὐτοῖς,
2274 2798 2599 2872 εὐκαιρήσας
2649 2802 2893 2867 κατασπᾷ
2964 2796 3054 2851 τὸν
3124 2796 3287 2851 αὐτοῦ
3362 2795 3566 2869 πατέρα
3629 2796 3728 2861 τῆς

322 2884 532 2958 ἀρχῆς,
592 2885 725 2955 μηνὶ
787 2879 1103 2960 Δεκεμϐρίῳ
1164 2891 1250 2954 ις’,
1308 2882 1643 2948 ίνδικτιῶνος
1700 2888 1766 2962 γ’,
1822 2882 1972 2947 ἔτους
2012 2888 2179 2960 ςυνγ’,
2234 2892 2312 2949 κς¹
2367 2885 2592 2940 ἀνύοντα
2648 2885 2700 2941 ἐν
2757 2890 2825 2959 τῇ
2880 2883 3128 2961 βασιλείᾳ
3208 2884 3468 2951 ἐνιαυτὸν,
3517 2884 3603 2937 καὶ
3656 2887 3725 2956 τῇ

323 2973 480 3044 νήσῳ
536 2974 734 3047 Πρώτη
810 2974 1131 3050 περιορίζει,
1190 2975 1484 3051 ἀποκείρας
1565 2975 1654 3030 καὶ
1731 2973 1927 3031 ἄκοντα
1998 2980 2190 3030 τοῦτον
2279 2975 2542 3050 μοναχόν.
2603 2976 3023 3050 Κατενεχθέντος
3108 2973 3198 3029 οὖν
3278 2978 3374 3028 τοῦ
3450 2974 3729 3045 Ῥωμανοῦ

318 3062 530 3124 εὐθέως
584 3063 613 3115 6
676 3063 952 3138 Στέφανος
1008 3064 1387 3139 γενναιοτέρως
1438 3064 1640 3135 ἥπτετο
1698 3071 1804 3120 τῶν
1858 3064 2217 3141 πραγμάτων.
2277 3070 2851 3141 κοινοπραγμονοῦντα
2902 3060 3045 3141 ἔχων
3098 3066 3190 3121 τόν
3236 3085 3294 3120 τε
3338 3057 3583 3138 γαμϐρὸν
3643 3061 3732 3117 καὶ

323 3152 417 3205 τὸν
454 3146 718 3227 ἀδελφόν.

395 3240 554 3294 Ἐπεὶ
595 3237 652 3294 δὲ
689 3240 766 3314 μή
816 3241 869 3295 ἐν
917 3247 1077 3296 πᾶσιν
1115 3242 1324 3316 ὁμοίως
1365 3244 1681 3319 ἠρέσκοντο,
1713 3242 1840 3299 ἀλλ’
1872 3241 1975 3307 ἔσθ’

2164 3245 2309 3308 Quia
2338 3262 2485 3313 vero
2507 3261 2619 3299 non
2651 3247 2853 3301 eadem
2886 3245 3161 3300 omnibus
3212 3246 3633 3316 probabantur,
3666 3258 3734 3297 ex

324 3332 442 3403 ὅπῃ
473 3330 564 3383 καὶ
598 3326 919 3406 διεφώνουν,
946 3331 1094 3407 ἀρχή
1144 3334 1611 3407 προσκρουμάτων
1665 3333 1725 3387 έκ
1777 3332 1978 3402 ταύτης

322 3426 429 3486 τῆς
493 3416 669 3481 αἰτίας
740 3417 951 3496 ἐφύετο,
1001 3423 1092 3475 καὶ
1153 3420 1468 3475 ὑπώπτευον
1548 3420 1831 3492 ἀλλήλους
1888 3422 1975 3475 καὶ

329 3508 658 3584 ὖιρωρῶντο,
715 3509 807 3562 τὸν
871 3509 964 3577 μὲν
1040 3511 1548 3586 πορφυρογέννητον
1596 3512 1625 3565 6
1683 3511 1979 3589 Στέφανος,

328 3595 541 3656 ἐκεῖνος
575 3594 631 3650 δὶ
680 3595 831 3660 αὖθις
864 3599 891 3651 6
921 3600 1448 3675 πορφυρογέννητος,
1481 3599 1570 3653 καὶ
1630 3602 1743 3654 κατ’
1801 3598 1979 3669 ἀλλή-

328 3682 447 3738 λων
473 3682 695 3739 ἕκαστον
723 3683 977 3757 ἐμελέτα.
1012 3687 1114 3744 Καὶ
1173 3685 1413 3757 σπουδὴν
1468 3688 1561 3761 μὲν
1621 3689 1649 3743 6
1708 3690 1981 3762 Στέφανος

325 3774 419 3825 καὶ
473 3773 658 3846 ἀγῶνα
705 3774 766 3829 οὐ
815 3774 908 3829 τὸν
948 3777 1187 3850 τυχόντα
1241 3772 1608 3832 κατεϐάλλετο
1635 3776 1712 3840 εἷς
1742 3779 1805 3832 τὸ
1859 3799 1982 3832 κατ-

328 3868 559 3936 αγαγεῖν
591 3864 685 3917 τὸν
716 3861 951 3940 ἀδελφὸν
982 3866 1072 3919 καί
1109 3867 1199 3920 τὸν
1258 3861 1506 3941 γαμϐρὸν
1564 3865 1655 3920 καὶ
1706 3866 1983 3941 μόναρχος

326 3949 731 4028 ὑπολειφθῆναι
782 3958 899 4014 τοῖς
947 3953 1281 4027 πράγμασιν’
1341 3955 1468 4010 ἀλλ’
1525 3954 1637 4010 ἐπεὶ
1696 3956 1833 4009 κατᾶ
1887 3956 1981 4011 τὸν

325 4040 571 4109 ποιητὴν
595 4042 708 4113 (86)
741 4040 847 4095 εἶσὶ
903 4039 994 4096 xui
1048 4039 1194 4097 ἄλλα
1248 4044 1419 4117 πυρὸς
1471 4043 1794 4119 θερμότερα,
1825 4039 1983 4108 ἔλαθε

321 4128 508 4181 πεθών
546 4126 760 4201 μᾶλλον
806 4131 840 4200 ἢ
876 4127 1095 4204 δράσας,
1135 4135 1231 4185 τοῦ
1288 4131 1709 4202 Κωνσταντίνου,
1760 4130 1980 4205 ἐπείπερ

326 4212 531 4288 ᾔσθετο
556 4212 1073 4291 ἐπιϐουλευόμενος,
1103 4214 1381 4290 ἀναϐολὴν
1427 4222 1501 4292 μὴ
1556 4218 1855 4283 δεδωκότος
1911 4225 1981 4295 τῇ

321 4304 664 4380 ἐγχωρήσει,
713 4306 899 4362 πολλὰ
940 4308 1031 4363 καὶ
1080 4315 1184 4379 τῆς
1231 4310 1481 4384 γυναικὸς
1539 4307 1703 4365 αὺτοῦ
1760 4309 1982 4379 Ἑλένης

322 4392 648 4468 ἐρεθισάσης
675 4395 835 4451 αὐτὸν
876 4398 1012 4472 πρὸς
1056 4398 1119 4453 τὸ
1164 4404 1488 4474 καταγαγεῖν
1540 4405 1640 4469 τῆς
1701 4398 1980 4475 βασιλείας

320 4481 447 4544 τοὺς
500 4481 792 4560 ἀδελφούς.
850 4486 1121 4562 Ἐκφήνας
1168 4484 1260 4541 οὖν
1305 4485 1369 4542 τό
1423 4490 1719 4563 μυστήριον
1769 4492 1847 4559 τῷ
1901 4487 1981 4542 εἱ-

322 4574 552 4645 ρημένῳ
610 4571 880 4647 Βασιλείῳ
926 4578 1007 4646 τῷ
1051 4578 1306 4647 Ηετεινῷ,
1339 4575 1431 4631 καὶ
1483 4573 1554 4630 δι’
1595 4575 1759 4631 αὐτοῦ
1807 4596 1978 4650 προσ-

316 4663 665 4734 κτησάμενος
740 4662 833 4717 τὸν
920 4665 1218 4738 Μαριανὸν,
1271 4661 1347 4720 ἔτι
1408 4664 1466 4719 δὲ
1521 4666 1835 4743 Νικηφόρον
1893 4665 1982 4720 καὶ

328 4750 535 4804 Λέοντα
567 4750 695 4813 τοὺς
724 4751 877 4813 υἱοὺς
908 4750 1089 4829 Βάρδα
1117 4757 1215 4808 τοῦ
1246 4759 1434 4822 Φωκᾶ,
1466 4750 1737 4809 Νικόλαόν
1788 4776 1846 4810 τι
1892 4754 1983 4811 καὶ

325 4838 528 4894 Λέοντα
573 4838 702 4902 τοὺς
766 4841 1086 4916 Τορνικίους
1143 4842 1235 4897 καὶ
1297 4841 1504 4905 ἄλλους
1577 4845 1679 4898 οὐκ
1736 4842 1980 4919 ὀλίγους,

324 4924 496 4995 μηδὲν
533 4926 921 5005 ὑφορωμένους
966 4931 1056 4985 τὸν
1105 4929 1376 5009 Στέφανον
1416 4930 1507 4986 καὶ
1549 4932 1641 4986 τὸν
1696 4937 1983 4988 Κωνσταν-

319 5020 494 5083 τῖνον,
527 5017 645 5070 κατ’
680 5016 839 5071 αὐτὸν
865 5018 957 5073 τὸν
985 5019 1170 5095 καιρὸν
1201 5024 1300 5074 τοῦ
1344 5021 1568 5089 ἀρίστου
1619 5025 1982 5097 συναριστῶν-

320 5124 415 5164 tu;
449 5103 623 5175 αὐτῷ,
652 5106 1025 5173 ἀναρπάστους
1079 5107 1262 5179 τίθησι
1313 5108 1406 5164 xui
1460 5104 1813 5179 καταϐιϐάζει
1872 5116 1979 5166 τῶν

330 5192 648 5264 βασιλείων,
676 5197 746 5267 τῇ
795 5196 873 5263 κζ’
914 5199 1009 5249 τοῦ
1052 5196 1381 5273 Ἰανουαρίου
1437 5199 1608 5271 μηνὸς
1666 5205 1766 5269 τῆς
1812 5198 1981 5268 αὐτῆς

319 5282 365 5355 γ’
418 5279 786 5353 ἰνδικτιῶνος,
828 5285 915 5339 καὶ
967 5283 1285 5362 πλοιαρίοις
1327 5285 1610 5361 ἰνθέμενος
1672 5287 1979 5363 ὑπερορίζει

2086 3333 2557 3388 dissensionibus
2601 3332 2933 3388 simultates
2965 3334 3117 3388 inter
3147 3348 3246 3388 eos
3278 3339 3452 3403 atque
3501 3332 3733 3387 offensae

2087 3422 2455 3489 exstiterunt;
2480 3427 2907 3493 suspectusque
2940 3421 3471 3493 porphyrogenitus
3490 3420 3734 3490 Stepha-

2089 3529 2163 3567 no
2195 3528 2323 3566 esse
2353 3516 2527 3580 atque
2560 3510 2651 3565 hic
2683 3510 2766 3564 illi
2809 3515 3130 3580 coeperunt,
3159 3508 3419 3579 alterque
3452 3509 3522 3563 de
3553 3506 3735 3562 altero

2091 3600 2492 3655 submovendo
2525 3600 2801 3671 cogitare.
2836 3599 2987 3654 Sane
3044 3598 3201 3652 haud
3263 3595 3539 3651 mediocri
3593 3611 3735 3649 cura

2091 3693 2262 3759 atque
2292 3693 2503 3744 conatu
2534 3689 2592 3743 in
2624 3688 2680 3743 id
2713 3673 2983 3743 incubuit
3012 3686 3367 3758 Stephanus,
3405 3690 3469 3740 ut
3497 3683 3737 3756 collegis

2089 3778 2337 3849 imperio
2368 3782 2564 3849 erepto
2598 3777 2760 3833 solus
2790 3794 3084 3832 summam
3117 3792 3313 3831 rerum
3353 3777 3596 3831 teneret.
3626 3773 3732 3827 Sed

2091 3868 2587 3937 quemadmodum
2629 3872 2798 3938 poeta
2845 3866 2927 3921 ait
2972 3883 3100 3921 esse
3145 3866 3412 3936 quaedam
3446 3863 3562 3919 alia
3614 3862 3735 3935 igni

2091 3955 2389 4022 calidiora,
2424 3955 2507 4011 ita
2537 3956 2588 4010 is
2618 3971 2851 4027 quoque
2882 3972 2997 4010 non
3030 3961 3150 4010 tam
3182 3953 3383 4009 intulit
3403 3970 3580 4024 quam
3606 3969 3737 4023 pas-

2091 4061 2194 4100 sus
2217 4050 2308 4100 est
2333 4043 3155 4113 damnum,Constantino,ubi
3187 4042 3433 4098 insidias
3461 4041 3574 4097 sibi
3592 4041 3738 4096 strui

2092 4133 2298 4200 sensit,
2332 4134 2592 4205 spatium
2616 4134 2695 4189 rei
2716 4133 2980 4204 gerendae
3010 4150 3126 4188 non
3157 4129 3738 4199 concedente,multis

2091 4224 2271 4278 etiam
2301 4223 2519 4278 Helena
2560 4237 2735 4277 uxore
2794 4223 2947 4277 hunc
2986 4222 3058 4276 ad
3110 4222 3318 4276 fratres
3378 4219 3737 4290 dejiciendos

2090 4312 2632 4382 instigante.1taque
2662 4328 2874 4367 arcano
2891 4311 3136 4366 consilio
3157 4309 3585 4365 communicato
3602 4324 3735 4363 cum

2091 4400 2577 4456 Basilio'Peteino
2637 4416 2739 4457 seu
2797 4399 3033 4455 Volucri
3092 4399 3226 4469 isto,
3259 4401 3318 4454 et
3374 4398 3502 4469 ejus
3560 4413 3736 4469 opera

2090 4490 2272 4545 ascito
2304 4490 2362 4543 in
2395 4490 2735 4545 societatem
2768 4489 3049 4555 Mariano,
3100 4487 3360 4559 itemque
3408 4486 3733 4557 Nicephoro

2091 4584 2145 4634 et
2178 4579 2366 4634 Leone
2398 4578 2536 4633 ﬁliis
2567 4578 2763 4633 Bardaa
2794 4580 3019 4647 Phocaa,
3073 4594 3138 4632 ac
3188 4575 3425 4632 Nicolao
3456 4582 3514 4631 et
3542 4575 3733 4631 Leone

2096 4667 2379 4722 Torniciis
2409 4666 2658 4738 aliisque
2688 4667 2843 4722 haud
2869 4665 3463 4739 paucis,Stephanum
3492 4666 3738 4735 ejusque

2097 4757 2330 4812 fratrem
2359 4757 2810 4812 Constantinum
2839 4772 3037 4812 secum
3071 4755 3425 4827 prandentes
3468 4755 3578 4809 sub
3607 4753 3736 4825 ipso

2095 4845 2341 4916 prandio
2386 4844 2604 4916 ‘corripi
2646 4845 2821 4915 jubet
2868 4844 3201 4916 paiatioque
3248 4843 3497 4914 extrahi,
3544 4843 3614 4897 27
3642 4842 3733 4897 die

2092 4935 2378 5001 Januarii,
2410 4934 2725 4990 indictione
2755 4935 2980 5003 eadem,
3013 4933 3381 5004 navibusque
3428 4932 3735 5004 impositos

2094 5022 2310 5093 relegat
2325 5023 2688 5092 Stephanum
2708 5022 2768 5078 in
2793 5023 3148 5079 Panormum
3169 5022 3735 5088 insulam,Constan-

2093 5112 2283 5167 tinum
2316 5112 2465 5169 325
2504 5112 2562 5166 in
2594 5110 3014 5167 Terebinthum
3042 5129 3055 5179 ;
3089 5127 3155 5166 ac
3187 5127 3364 5182 opera
3392 5109 3591 5165 Basilii
3625 5114 3739 5163 Cae-

2092 5217 2270 5257 sareae
2303 5206 2359 5256 et
2388 5200 2684 5257 Anastasii
2705 5200 2992 5257 Heracleae
3024 5200 3283 5271 episcopi
3306 5216 3470 5255 rasos
3494 5198 3736 5255 clericos

2093 5291 2248 5345 facit.
2259 5290 2436 5345 Paulo
2451 5294 2584 5362 post
2596 5290 2875 5346 transfert
2887 5290 3251 5361 Stephanum
3282 5289 3711 5346 Proconnssum
3722 5329 3735 5355 ,

1523 5466 1884 5524 XYLANDRI
1921 5466 2014 5523 ET
2054 5466 2268 5524 GOARI
2306 5467 2536 5523 NOTE.

361 5668 373 5680 .
401 5600 514 5670 (86)
542 5602 763 5680 Sensus
793 5606 881 5680 est
912 5620 926 5659 :
959 5603 1114 5680 sicut
1143 5605 1303 5662 calor
1330 5606 1484 5665 alius
1514 5608 1628 5665 alio
1658 5609 1975 5665 vehemen-

333 5672 451 5726 tior
478 5672 675 5743 est,ita
697 5674 977 5746 Stephani
997 5692 1234 5750 quoque
1250 5683 1452 5737 aetum
1470 5685 1533 5737 et
1548 5684 1820 5739 conatum
1848 5698 1972 5739 ma-

2075 5608 3063 5694 jore_Porphxrog_eniti.calliditate
3091 5627 3158 5668 ao
3184 5608 3378 5667 studio
3407 5606 3592 5664 fuisse
3616 5605 3733 5661 im-

2081 5683 2342 5755 peditum
2374 5682 2685 5739 et’irritum
2718 5682 2959 5741 factum.
2990 5683 3127 5739 XYL.
3542 5704 3545 5705 ν
