4004 6208
237 347 319 404 59
1591 345 1907 407 GEORGII
1950 345 2290 407 GEDRENI

3566 347 3663 406 60

239 476 376 541 inde
406 476 681 531 Rhodum
713 492 779 532 ac
803 476 1041 533 tandem
1065 476 1427 550 Mitylenam,
1445 477 1889 532 Constantinum

2015 477 2103 531 τὸν
2140 480 2235 549 μὶν
2288 478 2339 532 ἐν
2371 481 2439 551 τῇ
2471 478 2748 551 Πανόρμῳ
2776 477 2925 547 νήσῳ
2975 476 3107 548 (87),
3164 475 3255 530 τὸν
3315 482 3658 532 Κωνσταντι-

244 565 304 619 in
332 566 815 621 Samothraciam.
845 567 923 619 Ac
954 566 1288 637 Stephanus
1319 567 1557 638 quidem
1592 568 1887 622 fortunam

246 671 415 709 suam
448 670 726 726 generose
749 671 814 709 ac
845 670 1059 726 magno
1081 656 1276 710 animo
1312 656 1500 710 ferens
1532 672 1716 711 annos
1740 656 1806 710 19
1832 657 1889 709 in

247 744 430 798 Lesbo
463 744 637 797 vitam
656 744 1217 815 egit.Constantinus
1240 750 1433 800 autem
1455 744 1650 799 animo
1684 761 1890 815 parum

250 838 529 887 constans
574 838 630 887 et
671 833 953 887 audacius
995 850 1169 904 quam
1222 850 1326 903 par
1374 838 1499 888 erat
1553 833 1888 904 insurgens,

248 921 583 992 saepiusque
616 922 813 993 fugam
849 921 1272 991 molitus,anno
1304 928 1436 992 post
1465 923 1753 977 amissum
1781 921 1891 976 im-

246 1011 474 1081 perium
506 1012 784 1077 secundo,
819 1011 1123 1065 custodem
1157 1026 1329 1065 suum
1363 1027 1497 1065 cum
1530 1009 1662 1065 dolo
1697 1026 1893 1065 necas-

247 1103 356 1166 set,
389 1115 421 1152 a
452 1098 695 1170 reliquis
725 1098 1072 1154 custodibus
1118 1100 1241 1171 ipse
1296 1115 1531 1171 quoque
1572 1103 1662 1154 est
1708 1099 1891 1153 inter-

247 1190 455 1243 fectus.

2004 586 2092 620 vov
2155 564 2211 620 δὶ
2259 566 2309 620 ἓν
2379 571 2446 640 τῇ
2504 560 2809 642 Τερεϐίνθῳ
3057 564 3159 621 Καὶ
3223 561 3311 619 διά
3366 565 3660 621 Βασιλείου

1999 656 2095 706 τοῦ
2171 654 2493 729 Καισαρείας
2576 654 2667 707 καὶ
2727 651 3078 709 Ἀναστασίου
3170 657 3265 706 τοῦ
3331 654 3662 723 Ἡρακλείας

2001 743 2090 795 καὶ
2207 740 2373 820 ἐίμφω
2472 741 2775 817 κΛηρικοὺς
2876 741 3209 817 ἀποκείρει,
3314 746 3661 815 μεταστήσας

2003 830 2101 884 οὐκ
2151 831 2227 893 εἷς
2290 833 2495 906 μακρὰν
2554 832 2644 886 τὸν
2681 833 2775 904 μὲν
2815 833 3081 909 Στέφανον
3130 830 3180 885 ἐν
3236 833 3659 905 Προικοννήσῳ,

2003 919 2114 973 εἶτα
2163 919 2214 972 ἐν
2266 919 2436 993 Ῥόδῳ
2482 920 2570 976 καὶ
2627 919 2936 975 τελευταῖον
2989 920 3040 974 ἐν
3091 920 3403 995 Μιτυλήνῃ,
3460 922 3550 976 τὸν
3596 918 3662 975 δὲ

2004 1010 2402 1065 Κωνσταντῖνον
2458 1010 2509 1064 έν
2573 1009 2923 1084 Σαμοθρᾴκῃ.
2987 1007 3143 1065 Ἀλλ’
3197 1012 3225 1065 ὁ
3286 1010 3379 1082 μὲν
3440 1010 3659 1087 Στέφα-

2000 1116 2091 1157 νος
2126 1097 2486 1177 μεγαλοφυῶς
2533 1100 2623 1154 καὶ
2678 1096 3084 1175 μεγαλοψύχως
3133 1099 3228 1161 τάς
3278 1099 3663 1174 ἐπενεχθείσας

2004 1183 2151 1257 αὐτῷ
2200 1187 2374 1265 φέρων
2421 1187 2597 1262 τύχας
2644 1185 2937 1242 διετέλεσεν
2990 1186 3077 1242 ἐπὶ
3125 1185 3218 1257 ἔτη
3271 1189 3334 1251 ιθ¹
3392 1189 3657 1263 βιοτεύων

247 1274 301 1330 έν
331 1279 400 1349 τῇ
430 1270 643 1347 Λέσϐῳ·
676 1276 703 1330 ὁ
729 1281 1136 1338 Κωνσταντῖνος
1169 1274 1227 1331 δὲ
1257 1275 1549 1351 ὀλιγώρως
1579 1273 1840 1335 διατεθεὶς
1868 1274 1957 1328 καὶ
1989 1274 2313 1352 θερμότερον
2341 1282 2438 1333 τοῦ
2472 1275 2686 1340 δέοντος
2720 1276 3231 1350 κατεξανιστάμενος
3263 1277 3350 1332 καὶ
3379 1274 3661 1339 πολλάκις

252 1363 610 1439 ἐπιχειρήσας
640 1371 850 1443 φυγεῖν,
887 1365 1021 1438 μετά
1052 1364 1300 1440 δεύτερον
1331 1366 1531 1440 χρόνον
1562 1369 1658 1419 τοῦ
1682 1371 1782 1434 τῆς
1815 1361 2091 1439 βασιλείας
2130 1363 2371 1421 ἐκπεσεῖν
2400 1368 2493 1423 τὸν
2525 1367 2862 1445 φυλάττοντα
2885 1371 3074 1421 τοῦτον
3121 1364 3498 1445 δολοφονήσας
3550 1366 3662 1421 ὑπὸ

247 1459 353 1508 τῶν
381 1453 719 1529 περιλοίπων
748 1455 837 1508 καὶ
871 1454 1028 1516 αὐτὸς
1060 1456 1476 1533 ἀποσφάττεται,

322 1545 522 1599 Mense
552 1545 705 1600 Julio
738 1551 910 1600 sextae
958 1546 1298 1601 indictionis
1344 1547 1644 1601 Romanus
1692 1559 1896 1600 eorum

250 1640 414 1706 pater
444 1634 705 1688 debitum
740 1644 960 1689 natura;
995 1635 1290 1706 persolvit,
1321 1640 1379 1690 et
1421 1639 1511 1689 est
1539 1635 1595 1688 in
1632 1633 1896 1705 Myrelaeo

250 1721 539 1794 sepultus.
578 1724 821 1778 Proinde
877 1724 1304 1779 Constantinus
1363 1723 1896 1795 Porphyrogenitus

251 1812 527 1867 omnibus
567 1828 696 1882 quas
755 1818 1027 1883 suspecta
1057 1819 1227 1867 erant
1277 1813 1591 1881 submotis,
1648 1816 1705 1866 et
1733 1811 1896 1866 solus

244 1902 370 1970 jam
403 1899 724 1971 imperans,
743 1902 886 1955 festo
906 1902 1209 1957 Paschatis
1241 1903 1334 1957 die
1364 1903 1622 1957 Romano
1649 1901 1767 1955 [ilio
1789 1917 1896 1955 suo

2081 1546 2162 1615 [P.
2193 1547 2321 1617 635]
2356 1544 2495 1615 Μηνὶ
2556 1542 2614 1599 δὲ
2669 1542 2885 1617 Ἰουλίῳ
2930 1551 3031 1614 τῆς
3078 1546 3121 1608 ς’
3174 1542 3509 1606 ἷνδικτιῶνος
3560 1543 3657 1597 καὶ

2005 1634 2283 1706 Ῥωμανὸς
2309 1635 2336 1688 ὁ
2366 1634 2575 1688 τούτων
2623 1634 2803 1709 πατὴρ
2852 1633 3069 1690 ἀπέτισε
3112 1634 3175 1689 τὸ
3218 1634 3421 1708 χρεὼν,
3451 1634 3542 1687 καὶ
3600 1632 3658 1687 έν

2005 1728 2083 1794 τῷ
2126 1721 2420 1797 Μυρελαίῳ
2465 1725 2740 1786 θάπτεται.
2792 1724 2852 1779 Ὁ
2906 1719 2964 1777 δὲ
3021 1723 3531 1800 πορφυρογέννητος
3588 1722 3661 1776 «ca

2007 1812 2222 1867 ὕποπτα
2249 1811 2517 1886 περιελὼν
2560 1811 2619 1866 έκ
2667 1813 2859 1885 μέσου,
2888 1812 2978 1866 καὶ
3027 1812 3193 1884 μόνος
3239 1813 3338 1879 τὴν
3387 1810 3657 1884 αὐτοκρά-

2004 1923 2139 1975 τορα
2198 1902 2633 1973 περιζωσάμενος
2683 1902 2886 1976 ἀρχὴν,
2936 1900 3069 1956 κατά
3130 1902 3192 1955 τὸ
3259 1905 3399 1964 θεῖον
3460 1901 3657 1975 Πάστχα

253 1968 525 2043 diadema
550 1990 819 2061 imponit,
852 1995 984 2045 vota
1026 1991 1273 2046 faciente
1325 1990 1761 2062 Theopbylacto
1795 2006 1895 2060 pa-

2015 1968 2102 2061 τῆς
2152 1968 2317 2060 αὐτῆς
2342 1968 2727 2052 Ῠίνδικτιῶνοςί
2757 1968 2881 2045 καὶ.
2908 1991 2987 2063 τῷ
3015 1991 3119 2063 υἱῷ
3148 1992 3411 2062 Ῥωμανῷ
3438 1968 3651 2064 περιτί-

254 2077 817 2149 triarcha.Equidem
848 2079 1014 2134 initio
1045 2080 1338 2151 egregiam
1371 2081 1706 2136 ostenderat
1727 2079 1895 2133 indo-

255 2166 365 2221 lem
400 2166 857 2236 Constantinus;
891 2169 1408 2241 existimatumque
1440 2170 1627 2223 fuerat
1657 2184 1813 2233 eum,
1847 2168 1896 2222 si

257 2256 421 2311 solus
453 2273 647 2312 rerum
682 2258 986 2328 potiretur,
1020 2258 1293 2329 praeclare
1325 2259 1554 2330 imperii
1588 2276 1679 2313 res
1728 2274 1893 2312 cura-

263 2352 460 2400 turum
498 2362 509 2400 :
545 2346 646 2400 sed
699 2345 905 2401 fefellit
942 2347 1425 2417 expectationem,
1476 2363 1666 2418 neque
1711 2363 1779 2401 ea
1808 2345 1897 2399 di-

258 2449 439 2503 gnum
471 2450 533 2488 se
562 2434 763 2505 gessit.
797 2434 1021 2505 Quippe
1050 2435 1182 2489 vino
1214 2436 1446 2490 deditus
1476 2434 1786 2491 laboriosis
1817 2452 1902 2489 re-

262 2523 372 2589 bus
391 2521 608 2577 relictis
634 2523 875 2594 ignavia:
898 2523 1413 2590 studebat,delicta
1436 2528 1631 2580 autem
1650 2524 1897 2579 aliorum

260 2611 444 2665 durus
475 2611 601 2665 sine
632 2610 753 2666 ulla
786 2611 1158 2667 miseratione
1189 2612 1557 2683 puniebat.In
1592 2614 1899 2685 magistra-

260 2698 418 2754 tibus
440 2716 669 2771 quoque
696 2701 965 2756 creandis
982 2718 1094 2756 non
1118 2702 1408 2773 optimum
1433 2719 1724 2774 quemque
1747 2704 1900 2759 326

262 2788 727 2860 deligebat,quod
756 2790 1000 2861 dignum
1024 2791 1235 2846 fuisset
1248 2791 1559 2864 magniﬁca
1582 2796 1897 2863 potestate:

262 2878 365 2932 sed
397 2878 731 2948 promiscue
760 2885 819 2933 et
848 2880 975 2934 sine
1008 2878 1128 2935 ullo
1158 2881 1425 2936 examine
1472 2882 1761 2937 exercitus
1793 2883 1900 2937 du-

264 2966 428 3021 cendi
443 2971 545 3021 aut
559 2967 720 3023 urbis
742 2984 815 3039 gu
826 2968 1165 3023 rbernandae
1185 2986 1400 3025 munus
1414 2972 1674 3041 proximo
1688 2972 1903 3043 cuique

266 3056 708 3124 committebat;
742 3073 857 3127 quo
891 3058 1107 3113 factum
1139 3064 1229 3113 est
1258 3064 1322 3113 ut
1349 3059 1518 3114 multi
1559 3059 1766 3132 plebeii
1802 3066 1905 3115 aut

263 3144 507 3214 culpatis
521 3146 649 3199 vitae
682 3145 950 3202 homines
964 3163 1226 3202 summos
1241 3148 1297 3201 in
1316 3149 1616 3219 republica
1637 3155 1906 3222 gererent

263 3233 622 3289 honores.Ad
652 3250 827 3304 quam
862 3251 983 3290 rem
1016 3234 1272 3290 multum
1296 3236 1672 3293 conferebant
1692 3239 1905 3295 Helena

2005 2094 2128 2151 θησι
2176 2082 2239 2136 τὸ
2288 2077 2549 2151 διάδημα,
2593 2078 2912 2144 τελέσαντος
2972 2077 3037 2148 δὴ
3078 2079 3171 2141 τὰς
3222 2079 3389 2154 εύχάς
3444 2084 3654 2156 Θεοφυ-

2006 2168 2206 2224 λάκτου
2234 2174 2330 2223 τοῦ
2360 2167 2730 2245 πατριάρχου.
2771 2173 2952 2223 Δοκῶν
3004 2167 3061 2222 δέ
3106 2189 3189 2229 τις
3230 2174 3470 2243 γενναῖος
3525 2170 3654 2222 ἀνα-

2006 2264 2235 2333 φανῆναι
2266 2258 2356 2311 καὶ
2406 2261 2511 2311 τῶν
2543 2261 2612 2330 τῇ
2665 2254 2914 2330 βασιλείᾳ
2978 2253 3338 2334 διαφερόντων
3389 2255 3658 2329 ἐπιμελέ-

2008 2368 2195 2423 στερον
2254 2343 2666 2419 ἀντιλήψεσθαι,
2722 2345 2767 2400 εἰ
2841 2345 3007 2417 μόνος
3060 2346 3335 2418 κατάρξαι,
3392 2342 3657 2418 μαλακώ-

2007 2457 2161 2512 τερος
2223 2434 2379 2511 ὤφθη
2427 2442 2527 2504 τῆς
2579 2434 2928 2507 ὑπολήψεως,
2984 2431 3149 2507 μηδὲν
3200 2432 3345 2505 ἄξιον
3405 2437 3501 2503 τῆς
3580 2433 3662 2497 εἰς

2011 2524 2169 2581 αὐτὸν
2220 2520 2554 2596 προσδοκίας
2603 2520 3027 2596 ἐπιδειξάμενος.
3060 2520 3221 2578 Οἴνου
3254 2544 3314 2578 τε
3352 2523 3457 2599 γάρ
3482 2522 3656 2593 ἥττη-

2007 2636 2092 2685 το,
2123 2614 2213 2668 καὶ
2260 2618 2368 2668 τῶν
2411 2611 2681 2667 ἐπιπόνων
2729 2612 2795 2666 τὰ
2848 2612 3018 2688 ῥᾷστα
3062 2613 3363 2688 προέκρινε,
3414 2610 3657 2686 δυσπαρ-

2009 2704 2228 2773 αίτητός
2251 2723 2311 2758 τε
2339 2702 2404 2770 ἦν
2438 2701 2489 2756 ἓν
2525 2707 2643 2763 τοῖς
2692 2700 2993 2774 πταίσμασι
3039 2700 3129 2756 xui
3178 2702 3501 2774 ἀσυμπαθὴς
3554 2721 3660 2754 xo-

2012 2791 2236 2862 λαστής,
2269 2789 2563 2868 ἀδιάφορός
2619 2811 2678 2845 τε
2729 2790 2866 2865 πρὸς
2891 2789 2988 2851 τὰς
3018 2784 3299 2865 προϐολὰς
3356 2787 3461 2844 τῶν
3521 2788 3657 2864 ἀρχ-

2012 2887 2187 2957 ηγῶν,
2243 2881 2341 2936 οὐκ
2413 2876 2723 2953 ἀριστίνδην
2794 2878 2992 2942 ταύτας
3068 2879 3328 2943 ἰθύνεσθαι
3394 2877 3482 2932 καὶ
3532 2881 3658 2932 κατ’

2013 2968 2274 3046 έπιλογὴν
2355 2968 2579 3037 ἐθέλων,
2641 2967 2772 3043 ὅπερ
2830 2962 2982 3043 ἔργον
3032 2967 3144 3022 ἐστὶ
3205 2964 3660 3043 μεγαλοπρεποῦς

2011 3060 2276 3131 ἐξουσίας,
2319 3057 2466 3114 ἀλλά
2508 3062 2589 3129 τῷ
2639 3057 3010 3132 παρατυχόντι
3056 3056 3235 3131 ἀρχὴν
3293 3054 3658 3128 ἐμπιστεύων,

2012 3148 2337 3223 στρατηγίαν
2378 3148 2544 3222 τυχὸν
2606 3145 2641 3215 ἢ
2682 3144 3071 3221 πολιταρχίαν,
3128 3142 3528 3217 ἀδοκιμάστως,
3584 3145 3661 3203 ὡς

2013 3238 2072 3293 ἐκ
2125 3236 2322 3292 τούτου
2384 3230 2658 3307 συμϐῆναι
2725 3234 2897 3288 πάντα
2953 3233 3075 3287 τινά
3122 3230 3351 3308 χυδαῖον
3400 3234 3488 3287 καὶ
3540 3230 3661 3287 δια-

260 3326 525 3395 Augusta
552 3330 607 3378 et
639 3323 892 3379 Basilius
921 3324 1414 3380 cubiculariorum
1443 3326 1818 3400 intimus,qui
1849 3330 1901 3384 id

2021 3321 2363 3397 ϐεϐλημένον
2398 3322 2471 3384 είς
2517 3324 2613 3385 τάς
2667 3322 2923 3397 μεγίστας
2970 3327 3077 3378 τῶν
3124 3321 3424 3377 πολιτικῶν
3471 3322 3658 3397 ἀρχῶν

261 3412 513 3482 agebant
547 3416 611 3468 ut
640 3412 870 3469 venales
901 3418 1099 3469 essent
1130 3415 1536 3485 magistratus.

2020 3412 2481 3492 προχειρίζεσθαι,
2522 3408 2709 3466 πολλὰ
2764 3413 2902 3487 πρὸς
2940 3415 3101 3465 τοῦτο
3152 3409 3515 3487 συνεργούσης
3568 3411 3662 3465 καὶ

261 3495 484 3568 Ἑλένης
539 3505 640 3569 τῆς
698 3499 863 3554 αὐτοῦ
918 3506 1161 3574 γαμετῆς
1216 3501 1306 3555 καὶ
1362 3502 1649 3558 Βασιλείου
1718 3510 1814 3559 τοῦ
1870 3503 2393 3585 παρακοιμωμένου,
2452 3499 2649 3562 ὠνίους
2701 3501 2796 3562 τὰς
2854 3500 3027 3575 ἀρχὰς
3083 3504 3260 3555 ποιεῖν
3319 3518 3662 3571 παρασκευα-

267 3589 467 3657 ζόντων
478 3629 491 3643 .

331 3678 530 3750 Neque
560 3681 755 3734 tamen
791 3695 1032 3750 prorsus
1062 3679 1254 3734 omnis
1313 3680 1572 3751 praeclari
1630 3683 1908 3741 facinoris

262 3783 469 3837 expers
503 3768 611 3821 fuit
639 3767 1057 3823 Constantinus
1088 3784 1100 3822 :
1138 3785 1320 3823 unum
1352 3768 1505 3824 enim
1538 3771 1783 3828 referam
1815 3774 1903 3829 di-

262 3871 445 3925 gnum
480 3856 735 3926 profecto
766 3856 1178 3923 admiratione,
1239 3859 1484 3929 etquod
1540 3860 1729 3916 multa
1777 3863 1907 3933 ejus

265 3950 498 4016 peccata
518 3945 829 4000 obscurare
853 3945 1346 4016 possit.Scientias
1367 3948 1549 4018 enim,
1578 3951 1908 4007 arithmeti-

264 4032 1566 4107 cam,musicam,astronomiam,geometriam
1582 4041 1911 4095 etomnium

266 4122 589 4193 principem
623 4122 1078 4194 philosophiam,
1103 4140 1232 4194 qua
1257 4126 1381 4194 jam
1424 4128 1598 4199 longo
1648 4134 1911 4200 tempore

266 4212 338 4268 ob
368 4210 656 4267 incuriam
689 4218 745 4267 et
774 4212 1064 4268 inscitiam
1109 4212 1531 4285 imperatorum
1588 4218 1910 4288 perierunt,

266 4318 374 4358 sua
403 4301 698 4357 industria
727 4302 1453 4373 instauravit,conquisitis
1486 4304 1585 4375 qui
1620 4306 1678 4361 in
1710 4308 1913 4378 quovis

265 4406 475 4463 genere
505 4391 872 4458 excellerent,
902 4408 967 4446 ac
1000 4392 1336 4447 constitutis
1369 4393 1727 4463 doctoribus,
1786 4400 1909 4451 stu-

2085 3682 2158 3737 Ού
2188 3680 2495 3735 παντάπασι
2527 3675 2583 3732 δὶ
2631 3676 2860 3753 ἄμοιρος
2909 3679 2976 3746 ἦν
3021 3677 3110 3732 καὶ
3145 3678 3391 3753 πράξεων
3447 3677 3660 3752 ἀγαθῶν

2018 3773 2049 3826 ὁ
2098 3772 2523 3830 Κωνσταντῖνος.
2582 3768 2647 3822 Ἡ
2699 3766 2801 3841 γὰρ
2876 3767 3111 3843 ῥηθῆναι
3191 3765 3471 3839 μέλλουσα
3545 3766 3661 3836 ἀξι-

2016 3861 2243 3935 άγαστος
2290 3855 2421 3911 οὖσα
2467 3854 2557 3909 καὶ
2607 3855 2891 3927 θαυμαστή
2957 3854 3261 3909 έπισκιάσαι
3322 3853 3511 3930 ἴσχυσε
3568 3854 3661 3909 καὶ

2018 3950 2338 4024 ἀμαυρῶσαι
2414 3942 2603 3999 πολλά
2674 3949 2781 3997 τῶν
2847 3943 3010 3999 αὐτοῦ
3079 3942 3501 4018 ἐλαττωμάτων.
3550 3944 3661 4005 Τὰς

2016 4039 2116 4112 γάρ
2192 4036 2516 4107 έπιστήμας,
2584 4030 2976 4107 ἀριθμητικὴν,
3046 4034 3333 4105 μουσικήν,
3405 4034 3665 4108 ἀστρονο-

2024 4125 2181 4199 μίαν,
2256 4121 2628 4199 γεωμετρίαν,
2706 4121 3164 4196 στερεομετρίαν,
3246 4120 3335 4175 καὶ
3427 4121 3527 4188 τήν
3609 4118 3663 4174 έν

2019 4216 2213 4277 πάσοις
2241 4208 2444 4286 ἔποχον
2473 4208 2823 4288 φιλοσοφίαν,
2857 4208 2917 4264 ix
2951 4214 3159 4285 μακροῦ
3197 4210 3402 4285 χρόνου
3432 4208 3668 4281 ἀμελείᾳ

2019 4304 2109 4358 καὶ
2138 4301 2343 4377 ἀμαθίᾳ
2371 4304 2477 4356 τῶν
2506 4300 2844 4374 κρατούντων
2873 4297 3228 4361 ἀπολωλυίας
3248 4297 3423 4370 οίκείᾳ
3452 4295 3664 4372 σπουδῇ

2020 4392 2373 4462 ἀνεκτήσατο,
2407 4388 2535 4451 τοὺς
2568 4387 2650 4465 ἐφ’
2681 4387 2877 4462 ἑκάστῃ
2908 4388 3113 4442 τούτων
3164 4386 3414 4462 ἀρίστους
3465 4407 3524 4442 τε
3572 4386 3665 4441 καὶ

265 4481 564 4552 diosisque
590 4481 838 4551 receptis
869 4486 926 4535 et
956 4481 1284 4537 conductis.
1318 4482 1440 4548 Quo
1475 4482 1690 4539 factum
1723 4489 1813 4540 est
1848 4488 1901 4540 ut

2023 4477 2281 4553 δοκίμους
2312 4478 2647 4547 ἀναζητήσας
2670 4475 2759 4530 καὶ
2788 4475 2957 4550 εὑρὼν
3015 4475 3104 4530 καὶ
3152 4473 3511 4538 διδασκάλους
3540 4473 3666 4529 ἐπι-

264 4547 766 4641 οχὶευί-ιοωροιιῖε
799 4570 1049 4625 decursu
1082 4547 1353 4625 barbarie
1408 4571 1716 4644 proﬂigata
1768 4574 1901 4628 urbe

2021 4547 2243 4639 στήσας,
2269 4566 2359 4622 καὶ
2388 4565 2514 4627 τοὺς
2544 4547 2871 4625 σπουδαίους
2893 4560 3303 4639 ἀποδεχόμενός
3331 4584 3390 4618 τε
3417 4562 3507 4619 καί
3537 4583 3667 4637 συγ-

265 4657 480 4713 litteris
512 4658 789 4714 floruerit.
815 4657 1189 4713 Sedentarias
1220 4658 1395 4714 etiam
1426 4668 1599 4732 atque
1629 4661 1906 4733 Opificum

268 4752 421 4802 artes
446 4764 598 4803 cum
630 4746 857 4817 habuit,
913 4763 1315 4819 magnumque
1347 4747 1419 4803 iis
1476 4750 1909 4807 incrementum

269 4835 486 4891 attulit.
521 4838 658 4892 Pius
685 4853 823 4909 erga
857 4836 1040 4891 Deum
1098 4835 1207 4891 fuit
1264 4853 1329 4891 ac
1357 4835 1637 4905 liberalis,
1693 4844 1758 4894 ut
1811 4839 1908 4909 qui

268 4942 575 4997 nunquam
608 4926 666 4980 in
702 4925 1073 4997 processibus
1102 4926 1171 4980 ad
1208 4926 1343 4980 fana
1375 4926 1601 4998 legibus
1635 4926 1909 4983 ecclesia-

269 5014 433 5069 sticis
467 5015 636 5069 factis
667 5014 793 5069 sine
824 5014 1014 5068 fructu
1045 5018 1100 5068 et
1141 5029 1381 5069 munere
1411 5014 1468 5069 in
1528 5021 1908 5088 conspectum

266 5104 365 5159 Dei
400 5104 641 5171 venerit,
675 5103 773 5159 sed
803 5102 1047 5157 donaria
1088 5102 1294 5174 quovis
1326 5106 1585 5173 tempore
1637 5104 1913 5161 obtulerit

2018 4662 2247 4734 κροτῶν.
2284 4653 2378 4709 Διὸ
2403 4654 2493 4708 καὶ
2522 4654 2621 4723 τήν
2651 4652 2874 4729 ἀλογίαν
2916 4651 3189 4715 ἀπελάσας
3230 4652 3329 4707 οὐκ
3365 4651 3416 4707 έν
3467 4657 3665 4728 μακρῷ

2017 4750 2097 4818 τῷ
2128 4743 2311 4821 χρόνῳ
2339 4741 2427 4798 ἐπὶ
2475 4741 2536 4796 τὸ
2583 4740 2946 4819 λογικώτεσον
2990 4739 3381 4818 μετερῥύθμισε
3435 4741 3498 4795 τὸ
3556 4761 3666 4795 πο-

2019 4832 2269 4907 λίτευμα.
2331 4827 2677 4904 Ἐπεμελήθη
2764 4828 2821 4884 δὲ
2896 4830 2985 4885 καὶ
3045 4832 3153 4883 τῶν
3224 4828 3501 4904 βαναύσων
3574 4830 3667 4883 καὶ

2019 4920 2404 4999 χειρωνάκτων
2456 4923 2691 4995 τεχνῶν,
2722 4917 2810 4973 καὶ
2862 4917 2938 4982 εἷς
2994 4915 3236 4973 έπίδοσιν
3275 4915 3515 4993 μεγάλην
3573 4917 3663 4971 καὶ

2018 5011 2216 5074 ταύτας
2296 5010 2583 5085 ἀνήνεγκεν
2617 5049 2629 5063 .
2690 5010 2789 5061 Ἦν
2876 5004 2933 5061 δὲ
3024 5006 3114 5061 καὶ
3192 5006 3260 5060 τὰ
3322 5006 3461 5084 πρὸς
3533 5005 3666 5062 Θεὸν

2025 5096 2251 5168 εὐσεϐὴς
2282 5096 2371 5153 καὶ
2414 5094 2733 5175 φιλότιμος,
2767 5093 3042 5169 μηδέποτε
3086 5094 3136 5150 ἐν
3184 5100 3301 5157 ταῖς
3350 5096 3487 5170 πρὸς
3538 5095 3671 5151 Θεὸν

266 5192 576 5263 magniﬁca
597 5195 655 5246 et
675 5190 889 5247 Christi
907 5196 1202 5246 amantem
1218 5191 1626 5263 imperatorem
1650 5192 1901 5249 decentia

2022 5194 2274 5252 τυπικαῖς
2328 5190 2437 5243 τῶν
2492 5186 2645 5250 θείων
2705 5182 2845 5239 ναῶν
2918 5182 3301 5259 προσελεύσεσι
3369 5185 3522 5245 κενὸς
3577 5183 3670 5239 καὶ

265 5281 522 5337 Gratiam
553 5295 790 5351 quoque
822 5280 1022 5335 retulit
1045 5281 1193 5336 327
1224 5280 1295 5335 iis
1327 5297 1360 5335 a
1385 5281 1602 5351 quibus
1632 5281 1690 5335 in
1723 5281 1913 5337 detur-

265 5370 477 5426 bandis
526 5369 772 5443 imperio
824 5369 1021 5426 uxoris
1089 5369 1369 5425 fratribus
1425 5370 1661 5441 adjutus
1706 5370 1910 5425 fuerat.

2025 5276 2267 5350 ἄκαρπος
2301 5275 2488 5355 ὀφθεὶς
2515 5278 2595 5348 τῷ
2641 5279 2777 5347 θεῷ,
2806 5272 2933 5330 ἀλλ’
2967 5275 3273 5345 ἀναθήμασι
3326 5270 3672 5347 δωρούμενος

2032 5364 2468 5444 μεγαλοπρεπέσι
2523 5363 2614 5419 καὶ
2666 5362 3012 5442 φιλοχρίστῳ
3075 5359 3288 5437 βασιλεῖ
3348 5364 3669 5437 πρέπουσιν.

1454 5539 1820 5598 XYLANDRI
1858 5539 1946 5596 ET
1983 5537 2206 5596 GOARI
2243 5535 2476 5593 NOTIE.

337 5686 449 5760 (87)
481 5682 840 5759 Hellesponti
870 5679 1087 5740 insula.
1124 5680 1302 5739 Goaa.

2089 5679 2199 5753 (88)
2230 5681 2295 5736 In
2322 5679 2528 5736 eadem
2556 5674 2925 5749 Pmpontide.
2951 5673 3130 5732 Goaa.
