  <div class='ocr_page' id='page_1' title='image "/cluster/home/n/w/nwhite01/storage/ocr_20150623/122/hvd.32044073502460/040.png"; bbox 0 0 4026 6210; ppageno 0'>
   <div class='ocr_carea' id='block_1_1' title="bbox 304 331 3692 403">
    <p class='ocr_par' dir='ltr' id='par_1_1' title="bbox 304 331 3692 403">
     <span class='ocr_line' id='line_1_1' title="bbox 304 331 3692 403; baseline -0.002 -6"><span class='ocrx_word' id='word_1_1' title='bbox 304 339 368 403; x_wconf 75' lang='lat' dir='ltr'>6i</span> <span class='ocrx_word' id='word_1_2' title='bbox 1417 334 1965 397; x_wconf 80' lang='lat' dir='ltr'>HISTORIARUM</span> <span class='ocrx_word' id='word_1_3' title='bbox 2010 331 2552 394; x_wconf 84' lang='lat' dir='ltr'>COMPENDIUM.</span> <span class='ocrx_word' id='word_1_4' title='bbox 3611 332 3692 391; x_wconf 75' lang='lat'>62</span> 
     </span>
    </p>
   </div>
   <div class='ocr_carea' id='block_1_2' title="bbox 304 462 1945 541">
    <p class='ocr_par' dir='ltr' id='par_1_2' title="bbox 304 464 1932 541">
     <span class='ocr_line' id='line_1_2' title="bbox 304 464 1932 541; baseline -0.004 -16"><span class='ocrx_word' id='word_1_5' title='bbox 304 469 587 541; x_wconf 69' lang='grc' dir='ltr'>Ἡμείψατο</span> <span class='ocrx_word' id='word_1_6' title='bbox 639 464 693 520; x_wconf 76' lang='grc' dir='ltr'>δὲ</span> <span class='ocrx_word' id='word_1_7' title='bbox 737 465 827 519; x_wconf 75' lang='grc' dir='ltr'>καῖ</span> <span class='ocrx_word' id='word_1_8' title='bbox 886 464 1014 530; x_wconf 74' lang='grc' dir='ltr'>τους</span> <span class='ocrx_word' id='word_1_9' title='bbox 1068 468 1490 541; x_wconf 80' lang='grc' dir='ltr'>συνεργήσαντας</span> <span class='ocrx_word' id='word_1_10' title='bbox 1571 466 1718 538; x_wconf 86' lang='grc' dir='ltr'>αύτῷ</span> <span class='ocrx_word' id='word_1_11' title='bbox 1797 466 1932 541; x_wconf 87' lang='grc' dir='ltr'>πρὸς</span> 
     </span>
    </p>
   </div>
   <div class='ocr_carea' id='block_1_3' title="bbox 2061 462 3690 541">
    <p class='ocr_par' dir='ltr' id='par_1_3' title="bbox 2061 462 3690 536">
     <span class='ocr_line' id='line_1_3' title="bbox 2061 462 3690 536; baseline 0 -16"><span class='ocrx_word' id='word_1_12' title='bbox 2061 466 2195 520; x_wconf 69' lang='lat' dir='ltr'>Nam</span> <span class='ocrx_word' id='word_1_13' title='bbox 2228 464 2478 520; x_wconf 90' lang='lat' dir='ltr'>Bardam</span> <span class='ocrx_word' id='word_1_14' title='bbox 2528 462 2781 519; x_wconf 89' lang='lat' dir='ltr'>Phocam</span> <span class='ocrx_word' id='word_1_15' title='bbox 2832 462 3101 534; x_wconf 84' lang='lat' dir='ltr'>magistri</span> <span class='ocrx_word' id='word_1_16' title='bbox 3147 463 3368 519; x_wconf 88' lang='lat' dir='ltr'>hcnore</span> <span class='ocrx_word' id='word_1_17' title='bbox 3413 464 3690 536; x_wconf 84' lang='lat' dir='ltr'>dignatus</span> 
     </span>
    </p>
   </div>
   <div class='ocr_carea' id='block_1_4' title="bbox 304 552 1929 633">
    <p class='ocr_par' dir='ltr' id='par_1_4' title="bbox 304 552 1929 633">
     <span class='ocr_line' id='line_1_4' title="bbox 304 552 1929 633; baseline -0.002 -22"><span class='ocrx_word' id='word_1_18' title='bbox 304 560 391 626; x_wconf 74' lang='grc' dir='ltr'>τήν</span> <span class='ocrx_word' id='word_1_19' title='bbox 452 561 558 611; x_wconf 88' lang='grc' dir='ltr'>τῶν</span> <span class='ocrx_word' id='word_1_20' title='bbox 629 552 1071 633; x_wconf 71' lang='grc' dir='ltr'>γυναικαδὲλφων</span> <span class='ocrx_word' id='word_1_21' title='bbox 1166 555 1475 631; x_wconf 69' lang='grc' dir='ltr'>καθαίρεσιν</span> <span class='ocrx_word' id='word_1_22' title='bbox 1559 553 1743 610; x_wconf 73' lang='grc' dir='ltr'>ταῖσδε</span> <span class='ocrx_word' id='word_1_23' title='bbox 1811 561 1929 616; x_wconf 83' lang='grc' dir='ltr'>ταῖς</span> 
     </span>
    </p>
   </div>
   <div class='ocr_carea' id='block_1_5' title="bbox 306 642 1934 721">
    <p class='ocr_par' dir='ltr' id='par_1_5' title="bbox 306 642 1934 721">
     <span class='ocr_line' id='line_1_5' title="bbox 306 642 1934 721; baseline -0.002 -20"><span class='ocrx_word' id='word_1_24' title='bbox 306 645 638 721; x_wconf 70' lang='grc' dir='ltr'>εὐεργεσίαις,</span> <span class='ocrx_word' id='word_1_25' title='bbox 678 642 889 718; x_wconf 80' lang='grc' dir='ltr'>Βάρδαν</span> <span class='ocrx_word' id='word_1_26' title='bbox 953 646 1045 718; x_wconf 70' lang='grc' dir='ltr'>μὶν</span> <span class='ocrx_word' id='word_1_27' title='bbox 1103 645 1192 699; x_wconf 86' lang='grc' dir='ltr'>τὸν</span> <span class='ocrx_word' id='word_1_28' title='bbox 1257 652 1452 700; x_wconf 79' lang='grc' dir='ltr'>Φωκᾶν</span> <span class='ocrx_word' id='word_1_29' title='bbox 1511 646 1804 720; x_wconf 81' lang='grc' dir='ltr'>μάγιστρον</span> <span class='ocrx_word' id='word_1_30' title='bbox 1856 665 1934 698; x_wconf 87' lang='grc' dir='ltr'>τι-</span> 
     </span>
    </p>
   </div>
   <div class='ocr_carea' id='block_1_6' title="bbox 309 731 1931 809">
    <p class='ocr_par' dir='ltr' id='par_1_6' title="bbox 309 731 1931 809">
     <span class='ocr_line' id='line_1_6' title="bbox 309 731 1931 809; baseline 0 -21"><span class='ocrx_word' id='word_1_31' title='bbox 309 738 468 807; x_wconf 74' lang='grc' dir='ltr'>μήσας</span> <span class='ocrx_word' id='word_1_32' title='bbox 523 733 611 788; x_wconf 80' lang='lat' dir='ltr'>xui</span> <span class='ocrx_word' id='word_1_33' title='bbox 669 731 991 806; x_wconf 76' lang='grc' dir='ltr'>δομέστικον</span> <span class='ocrx_word' id='word_1_34' title='bbox 1052 739 1157 788; x_wconf 86' lang='grc' dir='ltr'>τῶν</span> <span class='ocrx_word' id='word_1_35' title='bbox 1207 731 1427 809; x_wconf 85' lang='grc' dir='ltr'>σχολῶν</span> <span class='ocrx_word' id='word_1_36' title='bbox 1474 742 1573 802; x_wconf 83' lang='grc' dir='ltr'>τῆς</span> <span class='ocrx_word' id='word_1_37' title='bbox 1606 732 1931 802; x_wconf 75' lang='grc' dir='ltr'>Ἀνατολῆς,</span> 
     </span>
    </p>
   </div>
   <div class='ocr_carea' id='block_1_7' title="bbox 307 821 1931 900">
    <p class='ocr_par' dir='ltr' id='par_1_7' title="bbox 307 821 1931 900">
     <span class='ocr_line' id='line_1_7' title="bbox 307 821 1931 900; baseline -0.002 -23"><span class='ocrx_word' id='word_1_38' title='bbox 307 822 597 900; x_wconf 59' lang='grc' dir='ltr'>Νικηφόρον</span> <span class='ocrx_word' id='word_1_39' title='bbox 640 821 696 877; x_wconf 72' lang='grc' dir='ltr'>δὲ</span> <span class='ocrx_word' id='word_1_40' title='bbox 735 824 824 877; x_wconf 85' lang='grc' dir='ltr'>καὶ</span> <span class='ocrx_word' id='word_1_41' title='bbox 862 826 1062 877; x_wconf 75' lang='grc' dir='ltr'>Λέοντα</span> <span class='ocrx_word' id='word_1_42' title='bbox 1090 823 1217 884; x_wconf 74' lang='grc' dir='ltr'>τοὺς</span> <span class='ocrx_word' id='word_1_43' title='bbox 1248 822 1440 877; x_wconf 84' lang='grc' dir='ltr'>τούτου</span> <span class='ocrx_word' id='word_1_44' title='bbox 1484 822 1653 889; x_wconf 74' lang='grc' dir='ltr'>υἱοὺς,</span> <span class='ocrx_word' id='word_1_45' title='bbox 1686 824 1778 877; x_wconf 90' lang='grc' dir='ltr'>τὸν</span> <span class='ocrx_word' id='word_1_46' title='bbox 1839 823 1931 895; x_wconf 75' lang='grc' dir='ltr'>μὲν</span> 
     </span>
    </p>
   </div>
   <div class='ocr_carea' id='block_1_8' title="bbox 303 908 1935 988">
    <p class='ocr_par' dir='ltr' id='par_1_8' title="bbox 303 908 1935 988">
     <span class='ocr_line' id='line_1_8' title="bbox 303 908 1935 988; baseline -0.001 -21"><span class='ocrx_word' id='word_1_47' title='bbox 303 920 396 967; x_wconf 85' lang='grc' dir='ltr'>τῶν</span> <span class='ocrx_word' id='word_1_48' title='bbox 444 912 814 967; x_wconf 83' lang='grc' dir='ltr'>Ἀνατολικῶν</span> <span class='ocrx_word' id='word_1_49' title='bbox 864 913 1163 988; x_wconf 83' lang='grc' dir='ltr'>στρατηγὸν</span> <span class='ocrx_word' id='word_1_50' title='bbox 1213 912 1306 967; x_wconf 84' lang='grc' dir='ltr'>τὸν</span> <span class='ocrx_word' id='word_1_51' title='bbox 1356 913 1696 988; x_wconf 74' lang='grc' dir='ltr'>Νικηφόρον,</span> <span class='ocrx_word' id='word_1_52' title='bbox 1727 913 1817 966; x_wconf 88' lang='grc' dir='ltr'>τὸν</span> <span class='ocrx_word' id='word_1_53' title='bbox 1879 908 1935 965; x_wconf 71' lang='grc' dir='ltr'>δὲ</span> 
     </span>
    </p>
   </div>
   <div class='ocr_carea' id='block_1_9' title="bbox 1415 1002 1931 1076">
    <p class='ocr_par' dir='ltr' id='par_1_9' title="bbox 1415 1002 1931 1076">
     <span class='ocr_line' id='line_1_9' title="bbox 1415 1002 1931 1076; baseline -0.006 -19"><span class='ocrx_word' id='word_1_54' title='bbox 1415 1002 1931 1076; x_wconf 80' lang='grc' dir='ltr'>προχειρισάμενος,</span> 
     </span>
    </p>
   </div>
   <div class='ocr_carea' id='block_1_10' title="bbox 300 1087 1931 1165">
    <p class='ocr_par' dir='ltr' id='par_1_10' title="bbox 300 1087 1931 1165">
     <span class='ocr_line' id='line_1_10' title="bbox 300 1087 1931 1165; baseline -0.001 -20"><span class='ocrx_word' id='word_1_55' title='bbox 300 1093 375 1145; x_wconf 80' lang='grc' dir='ltr'>καὶ</span> <span class='ocrx_word' id='word_1_56' title='bbox 409 1094 798 1147; x_wconf 81' lang='grc' dir='ltr'>Κωνσταντῖνον</span> <span class='ocrx_word' id='word_1_57' title='bbox 836 1090 1052 1165; x_wconf 83' lang='grc' dir='ltr'>θάτερον</span> <span class='ocrx_word' id='word_1_58' title='bbox 1086 1093 1189 1144; x_wconf 89' lang='grc' dir='ltr'>νῶν</span> <span class='ocrx_word' id='word_1_59' title='bbox 1246 1091 1378 1144; x_wconf 71' lang='grc' dir='ltr'>υἱῶν</span> <span class='ocrx_word' id='word_1_60' title='bbox 1432 1092 1532 1158; x_wconf 67' lang='grc' dir='ltr'>τῆς</span> <span class='ocrx_word' id='word_1_61' title='bbox 1596 1087 1931 1159; x_wconf 69' lang='grc' dir='ltr'>Σελευκείας,</span> 
     </span>
    </p>
   </div>
   <div class='ocr_carea' id='block_1_11' title="bbox 301 1176 1934 1255">
    <p class='ocr_par' dir='ltr' id='par_1_11' title="bbox 301 1176 1934 1255">
     <span class='ocr_line' id='line_1_11' title="bbox 301 1176 1934 1255; baseline -0.001 -22"><span class='ocrx_word' id='word_1_62' title='bbox 301 1180 562 1233; x_wconf 70' lang='grc' dir='ltr'>Βασίλειον</span> <span class='ocrx_word' id='word_1_63' title='bbox 624 1177 683 1233; x_wconf 65' lang='grc' dir='ltr'>δὲ</span> <span class='ocrx_word' id='word_1_64' title='bbox 732 1180 827 1233; x_wconf 81' lang='grc' dir='ltr'>τὸν</span> <span class='ocrx_word' id='word_1_65' title='bbox 885 1180 1137 1235; x_wconf 86' lang='grc' dir='ltr'>Ηετεινὸν</span> <span class='ocrx_word' id='word_1_66' title='bbox 1214 1178 1441 1255; x_wconf 80' lang='grc' dir='ltr'>ἔξαρχον</span> <span class='ocrx_word' id='word_1_67' title='bbox 1516 1186 1617 1249; x_wconf 83' lang='grc' dir='ltr'>τῆς</span> <span class='ocrx_word' id='word_1_68' title='bbox 1687 1176 1934 1253; x_wconf 80' lang='grc' dir='ltr'>μεγάλης</span> 
     </span>
    </p>
   </div>
   <div class='ocr_carea' id='block_1_12' title="bbox 302 1266 1935 1344">
    <p class='ocr_par' dir='ltr' id='par_1_12' title="bbox 302 1266 1935 1344">
     <span class='ocr_line' id='line_1_12' title="bbox 302 1266 1935 1344; baseline -0.001 -21"><span class='ocrx_word' id='word_1_69' title='bbox 302 1267 567 1344; x_wconf 66' lang='grc' dir='ltr'>ἑταιρείας.</span> <span class='ocrx_word' id='word_1_70' title='bbox 606 1271 693 1339; x_wconf 86' lang='grc' dir='ltr'>[Ρ.</span> <span class='ocrx_word' id='word_1_71' title='bbox 724 1270 851 1341; x_wconf 86' lang='grc'>636]</span> <span class='ocrx_word' id='word_1_72' title='bbox 886 1268 1155 1341; x_wconf 81' lang='grc' dir='ltr'>Μαριανὸν</span> <span class='ocrx_word' id='word_1_73' title='bbox 1191 1266 1247 1323; x_wconf 65' lang='lat' dir='ltr'>at</span> <span class='ocrx_word' id='word_1_74' title='bbox 1278 1270 1366 1323; x_wconf 88' lang='grc' dir='ltr'>τὸν</span> <span class='ocrx_word' id='word_1_75' title='bbox 1404 1268 1667 1343; x_wconf 81' lang='grc' dir='ltr'>Ἀργυρὸν</span> <span class='ocrx_word' id='word_1_76' title='bbox 1717 1268 1935 1339; x_wconf 86' lang='grc' dir='ltr'>κόμητα</span> 
     </span>
    </p>
   </div>
   <div class='ocr_carea' id='block_1_13' title="bbox 299 1352 1935 1433">
    <p class='ocr_par' dir='ltr' id='par_1_13' title="bbox 299 1352 1935 1433">
     <span class='ocr_line' id='line_1_13' title="bbox 299 1352 1935 1433; baseline -0.001 -22"><span class='ocrx_word' id='word_1_77' title='bbox 299 1361 387 1411; x_wconf 78' lang='grc' dir='ltr'>τοῦ</span> <span class='ocrx_word' id='word_1_78' title='bbox 418 1352 651 1413; x_wconf 70' lang='grc' dir='ltr'>στάϐλου</span> <span class='ocrx_word' id='word_1_79' title='bbox 682 1358 770 1412; x_wconf 87' lang='grc' dir='ltr'>καὶ</span> <span class='ocrx_word' id='word_1_80' title='bbox 800 1358 892 1411; x_wconf 81' lang='grc' dir='ltr'>τὸν</span> <span class='ocrx_word' id='word_1_81' title='bbox 924 1358 1224 1433; x_wconf 81' lang='grc' dir='ltr'>Κουρτίκην</span> <span class='ocrx_word' id='word_1_82' title='bbox 1267 1357 1535 1426; x_wconf 75' lang='grc' dir='ltr'>Μανουήλ</span> <span class='ocrx_word' id='word_1_83' title='bbox 1587 1364 1684 1426; x_wconf 80' lang='grc' dir='ltr'>τῆς</span> <span class='ocrx_word' id='word_1_84' title='bbox 1745 1355 1935 1431; x_wconf 86' lang='grc' dir='ltr'>βίγλας</span> 
     </span>
    </p>
   </div>
   <div class='ocr_carea' id='block_1_14' title="bbox 304 1443 1934 1521">
    <p class='ocr_par' dir='ltr' id='par_1_14' title="bbox 304 1443 1934 1521">
     <span class='ocr_line' id='line_1_14' title="bbox 304 1443 1934 1521; baseline -0.002 -20"><span class='ocrx_word' id='word_1_85' title='bbox 304 1443 667 1521; x_wconf 79' lang='grc' dir='ltr'>δρουγγάριον.</span> <span class='ocrx_word' id='word_1_86' title='bbox 740 1446 1115 1521; x_wconf 77' lang='grc' dir='ltr'>Ἐξευνούχισε</span> <span class='ocrx_word' id='word_1_87' title='bbox 1191 1444 1247 1501; x_wconf 70' lang='grc' dir='ltr'>δὲ</span> <span class='ocrx_word' id='word_1_88' title='bbox 1321 1445 1409 1501; x_wconf 82' lang='grc' dir='ltr'>καὶ</span> <span class='ocrx_word' id='word_1_89' title='bbox 1484 1446 1764 1519; x_wconf 88' lang='grc' dir='ltr'>Ῥωμανὸν</span> <span class='ocrx_word' id='word_1_90' title='bbox 1837 1448 1934 1499; x_wconf 76' lang='grc' dir='ltr'>τοῦ</span> 
     </span>
    </p>
   </div>
   <div class='ocr_carea' id='block_1_15' title="bbox 302 998 1320 1071">
    <p class='ocr_par' dir='ltr' id='par_1_15' title="bbox 302 998 1320 1071">
     <span class='ocr_line' id='line_1_15' title="bbox 302 998 1320 1071; baseline 0 -16"><span class='ocrx_word' id='word_1_91' title='bbox 302 1010 388 1071; x_wconf 82' lang='grc' dir='ltr'>τῆς</span> <span class='ocrx_word' id='word_1_92' title='bbox 473 998 858 1063; x_wconf 70' lang='grc' dir='ltr'>Καππαδοκίας</span> <span class='ocrx_word' id='word_1_93' title='bbox 942 1002 1035 1056; x_wconf 87' lang='grc' dir='ltr'>τὸν</span> <span class='ocrx_word' id='word_1_94' title='bbox 1117 1000 1320 1056; x_wconf 69' lang='grc' dir='ltr'>Λέοντα</span> 
     </span>
    </p>
   </div>
   <div class='ocr_carea' id='block_1_16' title="bbox 2042 553 3688 620">
    <p class='ocr_par' dir='ltr' id='par_1_16' title="bbox 2042 553 3688 620">
     <span class='ocr_line' id='line_1_16' title="bbox 2042 553 3688 620; baseline -0.001 -9"><span class='ocrx_word' id='word_1_95' title='bbox 2042 556 2432 611; x_wconf 90' lang='lat' dir='ltr'>domesticum</span> <span class='ocrx_word' id='word_1_96' title='bbox 2484 555 2820 610; x_wconf 83' lang='lat' dir='ltr'>scholarum</span> <span class='ocrx_word' id='word_1_97' title='bbox 2869 553 3120 609; x_wconf 82' lang='lat' dir='ltr'>Orientis</span> <span class='ocrx_word' id='word_1_98' title='bbox 3168 553 3491 620; x_wconf 77' lang='lat' dir='ltr'>constituit,</span> <span class='ocrx_word' id='word_1_99' title='bbox 3523 554 3688 610; x_wconf 83' lang='lat' dir='ltr'>Nice-</span> 
     </span>
    </p>
   </div>
   <div class='ocr_carea' id='block_1_17' title="bbox 2046 643 3688 717">
    <p class='ocr_par' dir='ltr' id='par_1_17' title="bbox 2046 643 3688 717">
     <span class='ocr_line' id='line_1_17' title="bbox 2046 643 3688 717; baseline -0.002 -17"><span class='ocrx_word' id='word_1_100' title='bbox 2046 645 2294 717; x_wconf 81' lang='lat' dir='ltr'>phorum</span> <span class='ocrx_word' id='word_1_101' title='bbox 2329 650 2384 699; x_wconf 93' lang='lat' dir='ltr'>et</span> <span class='ocrx_word' id='word_1_102' title='bbox 2414 645 2682 711; x_wconf 86' lang='lat' dir='ltr'>Leonem,</span> <span class='ocrx_word' id='word_1_103' title='bbox 2715 645 2842 714; x_wconf 85' lang='lat' dir='ltr'>ejus</span> <span class='ocrx_word' id='word_1_104' title='bbox 2891 643 3062 709; x_wconf 81' lang='lat' dir='ltr'>ﬁlios,</span> <span class='ocrx_word' id='word_1_105' title='bbox 3098 644 3253 699; x_wconf 91' lang='lat' dir='ltr'>hunc</span> <span class='ocrx_word' id='word_1_106' title='bbox 3292 644 3688 714; x_wconf 58' lang='lat' dir='ltr'>Cappadociae,</span> 
     </span>
    </p>
   </div>
   <div class='ocr_carea' id='block_1_18' title="bbox 2044 732 3686 801">
    <p class='ocr_par' dir='ltr' id='par_1_18' title="bbox 2044 732 3686 801">
     <span class='ocr_line' id='line_1_18' title="bbox 2044 732 3686 801; baseline -0.001 -14"><span class='ocrx_word' id='word_1_107' title='bbox 2044 733 2211 788; x_wconf 87' lang='lat' dir='ltr'>illum</span> <span class='ocrx_word' id='word_1_108' title='bbox 2244 732 2627 788; x_wconf 82' lang='lat' dir='ltr'>Orientalium</span> <span class='ocrx_word' id='word_1_109' title='bbox 2659 734 2868 787; x_wconf 89' lang='lat' dir='ltr'>ducem</span> <span class='ocrx_word' id='word_1_110' title='bbox 2900 733 3686 801; x_wconf 86' lang='lat' dir='ltr'>creavit,etConstantinum,</span> 
     </span>
    </p>
   </div>
   <div class='ocr_carea' id='block_1_19' title="bbox 2043 821 3687 893">
    <p class='ocr_par' dir='ltr' id='par_1_19' title="bbox 2043 821 3687 893">
     <span class='ocr_line' id='line_1_19' title="bbox 2043 821 3687 893; baseline 0.001 -18"><span class='ocrx_word' id='word_1_111' title='bbox 2043 822 2276 876; x_wconf 89' lang='lat' dir='ltr'>tertium</span> <span class='ocrx_word' id='word_1_112' title='bbox 2309 822 2436 892; x_wconf 83' lang='lat' dir='ltr'>ejus</span> <span class='ocrx_word' id='word_1_113' title='bbox 2492 821 2698 890; x_wconf 79' lang='lat' dir='ltr'>lilium,</span> <span class='ocrx_word' id='word_1_114' title='bbox 2751 821 3023 877; x_wconf 67' lang='lat' dir='ltr'>Seleuciae</span> <span class='ocrx_word' id='word_1_115' title='bbox 3068 822 3345 893; x_wconf 67' lang='lat' dir='ltr'>przefecit,</span> <span class='ocrx_word' id='word_1_116' title='bbox 3403 821 3687 876; x_wconf 88' lang='lat' dir='ltr'>Basilium</span> 
     </span>
    </p>
   </div>
   <div class='ocr_carea' id='block_1_20' title="bbox 2045 910 3687 983">
    <p class='ocr_par' dir='ltr' id='par_1_20' title="bbox 2045 910 3687 983">
     <span class='ocr_line' id='line_1_20' title="bbox 2045 910 3687 983; baseline 0 -18"><span class='ocrx_word' id='word_1_117' title='bbox 2045 911 2351 966; x_wconf 78' lang='lat' dir='ltr'>Volucrem</span> <span class='ocrx_word' id='word_1_118' title='bbox 2389 927 2608 981; x_wconf 70' lang='lat' dir='ltr'>magnas</span> <span class='ocrx_word' id='word_1_119' title='bbox 2638 910 2933 965; x_wconf 85' lang='lat' dir='ltr'>sodalitati</span> <span class='ocrx_word' id='word_1_120' title='bbox 2962 912 3282 983; x_wconf 68' lang='lat' dir='ltr'>praeposuit</span> <span class='ocrx_word' id='word_1_121' title='bbox 3310 931 3322 979; x_wconf 88' lang='lat'><strong>;</strong></span> <span class='ocrx_word' id='word_1_122' title='bbox 3359 911 3687 967; x_wconf 85' lang='lat' dir='ltr'>Marianum</span> 
     </span>
    </p>
   </div>
   <div class='ocr_carea' id='block_1_21' title="bbox 2043 999 3687 1072">
    <p class='ocr_par' dir='ltr' id='par_1_21' title="bbox 2043 999 3687 1072">
     <span class='ocr_line' id='line_1_21' title="bbox 2043 999 3687 1072; baseline -0.001 -18"><span class='ocrx_word' id='word_1_123' title='bbox 2043 1002 2328 1072; x_wconf 82' lang='lat' dir='ltr'>Argyrum</span> <span class='ocrx_word' id='word_1_124' title='bbox 2388 1000 2663 1054; x_wconf 87' lang='lat' dir='ltr'>comitem</span> <span class='ocrx_word' id='word_1_125' title='bbox 2722 999 2959 1067; x_wconf 84' lang='lat' dir='ltr'>stabuli,</span> <span class='ocrx_word' id='word_1_126' title='bbox 3017 999 3350 1055; x_wconf 89' lang='lat' dir='ltr'>Manuelum</span> <span class='ocrx_word' id='word_1_127' title='bbox 3393 1000 3687 1056; x_wconf 86' lang='lat' dir='ltr'>Curticem</span> 
     </span>
    </p>
   </div>
   <div class='ocr_carea' id='block_1_22' title="bbox 2042 1087 3692 1160">
    <p class='ocr_par' dir='ltr' id='par_1_22' title="bbox 2042 1087 3692 1160">
     <span class='ocr_line' id='line_1_22' title="bbox 2042 1087 3692 1160; baseline 0.001 -18"><span class='ocrx_word' id='word_1_128' title='bbox 2042 1089 2250 1159; x_wconf 68' lang='lat' dir='ltr'>vigilias</span> <span class='ocrx_word' id='word_1_129' title='bbox 2282 1088 2611 1160; x_wconf 85' lang='lat' dir='ltr'>designavit</span> <span class='ocrx_word' id='word_1_130' title='bbox 2640 1087 3018 1159; x_wconf 82' lang='lat' dir='ltr'>drungarium</span> <span class='ocrx_word' id='word_1_131' title='bbox 3047 1106 3060 1156; x_wconf 91' lang='lat'><strong>;</strong></span> <span class='ocrx_word' id='word_1_132' title='bbox 3088 1089 3414 1144; x_wconf 83' lang='lat' dir='ltr'>Romanum</span> <span class='ocrx_word' id='word_1_133' title='bbox 3447 1088 3692 1160; x_wconf 86' lang='lat' dir='ltr'>Stepha-</span> 
     </span>
    </p>
   </div>
   <div class='ocr_carea' id='block_1_23' title="bbox 2046 1177 3692 1249">
    <p class='ocr_par' dir='ltr' id='par_1_23' title="bbox 2046 1177 3692 1249">
     <span class='ocr_line' id='line_1_23' title="bbox 2046 1177 3692 1249; baseline 0.001 -18"><span class='ocrx_word' id='word_1_134' title='bbox 2046 1178 2103 1231; x_wconf 90' lang='lat' dir='ltr'>ni</span> <span class='ocrx_word' id='word_1_135' title='bbox 2140 1177 2324 1232; x_wconf 80' lang='lat' dir='ltr'>tilium</span> <span class='ocrx_word' id='word_1_136' title='bbox 2358 1177 2649 1246; x_wconf 82' lang='lat' dir='ltr'>castravit,</span> <span class='ocrx_word' id='word_1_137' title='bbox 2682 1195 2815 1232; x_wconf 89' lang='lat' dir='ltr'>cum</span> <span class='ocrx_word' id='word_1_138' title='bbox 2849 1178 2949 1249; x_wconf 89' lang='lat' dir='ltr'>qui</span> <span class='ocrx_word' id='word_1_139' title='bbox 2980 1184 3185 1249; x_wconf 85' lang='lat' dir='ltr'>postea</span> <span class='ocrx_word' id='word_1_140' title='bbox 3216 1178 3545 1249; x_wconf 76' lang='lat' dir='ltr'>Augustifer</span> <span class='ocrx_word' id='word_1_141' title='bbox 3571 1179 3692 1233; x_wconf 76' lang='lat' dir='ltr'>fac-</span> 
     </span>
    </p>
   </div>
   <div class='ocr_carea' id='block_1_24' title="bbox 2046 1265 3690 1336">
    <p class='ocr_par' dir='ltr' id='par_1_24' title="bbox 2046 1265 3690 1336">
     <span class='ocr_line' id='line_1_24' title="bbox 2046 1265 3690 1336; baseline 0.001 -16"><span class='ocrx_word' id='word_1_142' title='bbox 2046 1273 2140 1321; x_wconf 88' lang='lat' dir='ltr'>tus</span> <span class='ocrx_word' id='word_1_143' title='bbox 2184 1271 2292 1335; x_wconf 89' lang='lat' dir='ltr'>est,</span> <span class='ocrx_word' id='word_1_144' title='bbox 2326 1265 2585 1336; x_wconf 82' lang='lat' dir='ltr'>itemque</span> <span class='ocrx_word' id='word_1_145' title='bbox 2632 1266 2938 1334; x_wconf 86' lang='lat' dir='ltr'>Basilium,</span> <span class='ocrx_word' id='word_1_146' title='bbox 2992 1270 3252 1322; x_wconf 82' lang='lat' dir='ltr'>Romano</span> <span class='ocrx_word' id='word_1_147' title='bbox 3301 1267 3426 1322; x_wconf 88' lang='lat' dir='ltr'>seni</span> <span class='ocrx_word' id='word_1_148' title='bbox 3459 1284 3488 1322; x_wconf 92' lang='lat' dir='ltr'>e</span> <span class='ocrx_word' id='word_1_149' title='bbox 3526 1284 3690 1322; x_wconf 85' lang='lat' dir='ltr'>serva</span> 
     </span>
    </p>
   </div>
   <div class='ocr_carea' id='block_1_25' title="bbox 2044 1354 3687 1424">
    <p class='ocr_par' dir='ltr' id='par_1_25' title="bbox 2044 1354 3687 1424">
     <span class='ocr_line' id='line_1_25' title="bbox 2044 1354 3687 1424; baseline 0.001 -14"><span class='ocrx_word' id='word_1_150' title='bbox 2044 1361 2245 1410; x_wconf 88' lang='lat' dir='ltr'>natum</span> <span class='ocrx_word' id='word_1_151' title='bbox 2274 1372 2287 1421; x_wconf 93' lang='lat'><strong>;</strong></span> <span class='ocrx_word' id='word_1_152' title='bbox 2322 1359 2377 1410; x_wconf 91' lang='lat' dir='ltr'>et</span> <span class='ocrx_word' id='word_1_153' title='bbox 2426 1355 2794 1419; x_wconf 83' lang='lat' dir='ltr'>Michaelum,</span> <span class='ocrx_word' id='word_1_154' title='bbox 2829 1354 3154 1411; x_wconf 88' lang='lat' dir='ltr'>Christiferi</span> <span class='ocrx_word' id='word_1_155' title='bbox 3204 1356 3447 1412; x_wconf 67' lang='lat' dir='ltr'>Cresaris</span> <span class='ocrx_word' id='word_1_156' title='bbox 3479 1356 3687 1424; x_wconf 79' lang='lat' dir='ltr'>filium,</span> 
     </span>
    </p>
   </div>
   <div class='ocr_carea' id='block_1_26' title="bbox 2044 1444 2507 1500">
    <p class='ocr_par' dir='ltr' id='par_1_26' title="bbox 2044 1444 2507 1500">
     <span class='ocr_line' id='line_1_26' title="bbox 2044 1444 2507 1500; baseline -0.002 0"><span class='ocrx_word' id='word_1_157' title='bbox 2044 1444 2319 1500; x_wconf 87' lang='lat' dir='ltr'>clericum</span> <span class='ocrx_word' id='word_1_158' title='bbox 2353 1444 2507 1499; x_wconf 86' lang='lat' dir='ltr'>fecit.</span> 
     </span>
    </p>
   </div>
   <div class='ocr_carea' id='block_1_27' title="bbox 308 1528 3692 1614">
    <p class='ocr_par' dir='ltr' id='par_1_27' title="bbox 308 1528 3692 1614">
     <span class='ocr_line' id='line_1_27' title="bbox 308 1528 3692 1614; baseline -0 -26"><span class='ocrx_word' id='word_1_159' title='bbox 308 1537 557 1613; x_wconf 62' lang='grc' dir='ltr'>Στεφάνου</span> <span class='ocrx_word' id='word_1_160' title='bbox 615 1536 761 1604; x_wconf 73' lang='grc' dir='ltr'>υἱὸν,</span> <span class='ocrx_word' id='word_1_161' title='bbox 791 1536 888 1589; x_wconf 87' lang='grc' dir='ltr'>τὸν</span> <span class='ocrx_word' id='word_1_162' title='bbox 949 1538 1233 1608; x_wconf 68' lang='grc' dir='ltr'>μετέπειτα</span> <span class='ocrx_word' id='word_1_163' title='bbox 1290 1532 1686 1614; x_wconf 74' lang='grc' dir='ltr'>σεϐαστοφόρον</span> <span class='ocrx_word' id='word_1_164' title='bbox 1740 1534 2050 1610; x_wconf 84' lang='grc' dir='ltr'>γενόμενον,</span> <span class='ocrx_word' id='word_1_165' title='bbox 2082 1528 2157 1586; x_wconf 78' lang='grc' dir='ltr'>ἔτι</span> <span class='ocrx_word' id='word_1_166' title='bbox 2218 1529 2274 1585; x_wconf 68' lang='grc' dir='ltr'>δὲ</span> <span class='ocrx_word' id='word_1_167' title='bbox 2329 1532 2418 1586; x_wconf 84' lang='grc' dir='ltr'>καὶ</span> <span class='ocrx_word' id='word_1_168' title='bbox 2474 1530 2755 1586; x_wconf 76' lang='grc' dir='ltr'>Βασίλειον</span> <span class='ocrx_word' id='word_1_169' title='bbox 2810 1532 2901 1586; x_wconf 87' lang='grc' dir='ltr'>τὸν</span> <span class='ocrx_word' id='word_1_170' title='bbox 2962 1532 3022 1586; x_wconf 70' lang='grc' dir='ltr'>ὲκ</span> <span class='ocrx_word' id='word_1_171' title='bbox 3078 1528 3282 1602; x_wconf 81' lang='grc' dir='ltr'>δούλης</span> <span class='ocrx_word' id='word_1_172' title='bbox 3328 1532 3692 1607; x_wconf 70' lang='grc' dir='ltr'>ἀποτεχθέντα</span> 
     </span>
    </p>
   </div>
   <div class='ocr_carea' id='block_1_28' title="bbox 317 1619 2999 1701">
    <p class='ocr_par' dir='ltr' id='par_1_28' title="bbox 317 1619 2999 1701">
     <span class='ocr_line' id='line_1_28' title="bbox 317 1619 2999 1701; baseline -0.002 -22"><span class='ocrx_word' id='word_1_173' title='bbox 317 1629 552 1696; x_wconf 82' lang='grc' dir='ltr'>Ρωμανῷ</span> <span class='ocrx_word' id='word_1_174' title='bbox 582 1629 664 1696; x_wconf 77' lang='grc' dir='ltr'>τῷ</span> <span class='ocrx_word' id='word_1_175' title='bbox 694 1623 929 1701; x_wconf 69' lang='grc' dir='ltr'>γίροντιο</span> <span class='ocrx_word' id='word_1_176' title='bbox 966 1622 1198 1700; x_wconf 74' lang='grc' dir='ltr'>Μιχαὴλ</span> <span class='ocrx_word' id='word_1_177' title='bbox 1232 1622 1287 1679; x_wconf 71' lang='grc' dir='ltr'>δὲ</span> <span class='ocrx_word' id='word_1_178' title='bbox 1315 1626 1407 1679; x_wconf 85' lang='grc' dir='ltr'>τὸν</span> <span class='ocrx_word' id='word_1_179' title='bbox 1448 1625 1563 1679; x_wconf 77' lang='grc' dir='ltr'>υἱὸν</span> <span class='ocrx_word' id='word_1_180' title='bbox 1598 1624 1976 1700; x_wconf 78' lang='grc' dir='ltr'>Χριστοφόρου</span> <span class='ocrx_word' id='word_1_181' title='bbox 2006 1625 2100 1677; x_wconf 80' lang='grc' dir='ltr'>τοῦ</span> <span class='ocrx_word' id='word_1_182' title='bbox 2136 1620 2403 1696; x_wconf 72' lang='grc' dir='ltr'>βασιλέως</span> <span class='ocrx_word' id='word_1_183' title='bbox 2435 1619 2681 1697; x_wconf 72' lang='grc' dir='ltr'>ἀπέκειρε</span> <span class='ocrx_word' id='word_1_184' title='bbox 2710 1619 2999 1695; x_wconf 86' lang='grc' dir='ltr'>κληρικόν.</span> 
     </span>
    </p>
   </div>
   <div class='ocr_carea' id='block_1_29' title="bbox 364 1710 1937 1789">
    <p class='ocr_par' dir='ltr' id='par_1_29' title="bbox 364 1710 1937 1789">
     <span class='ocr_line' id='line_1_29' title="bbox 364 1710 1937 1789; baseline -0.002 -21"><span class='ocrx_word' id='word_1_185' title='bbox 364 1711 791 1787; x_wconf 77' lang='grc' dir='ltr'>Ἀδαμαντῖνοις,</span> <span class='ocrx_word' id='word_1_186' title='bbox 828 1711 919 1783; x_wconf 84' lang='grc' dir='ltr'>δι’,</span> <span class='ocrx_word' id='word_1_187' title='bbox 949 1714 1022 1776; x_wconf 85' lang='grc' dir='ltr'>ὡς</span> <span class='ocrx_word' id='word_1_188' title='bbox 1054 1710 1211 1785; x_wconf 76' lang='grc' dir='ltr'>ᾤετο,</span> <span class='ocrx_word' id='word_1_189' title='bbox 1246 1712 1467 1786; x_wconf 84' lang='grc' dir='ltr'>δεσμοῖς</span> <span class='ocrx_word' id='word_1_190' title='bbox 1497 1716 1595 1784; x_wconf 79' lang='grc' dir='ltr'>τήν</span> <span class='ocrx_word' id='word_1_191' title='bbox 1661 1711 1937 1789; x_wconf 88' lang='grc' dir='ltr'>βασιλείαν</span> 
     </span>
    </p>
   </div>
   <div class='ocr_carea' id='block_1_30' title="bbox 306 1800 1938 1877">
    <p class='ocr_par' dir='ltr' id='par_1_30' title="bbox 306 1800 1938 1877">
     <span class='ocr_line' id='line_1_30' title="bbox 306 1800 1938 1877; baseline 0 -21"><span class='ocrx_word' id='word_1_192' title='bbox 306 1800 753 1877; x_wconf 68' lang='grc' dir='ltr'>ἀσφαλισάμενος,</span> <span class='ocrx_word' id='word_1_193' title='bbox 808 1804 897 1857; x_wconf 80' lang='grc' dir='ltr'>καὶ</span> <span class='ocrx_word' id='word_1_194' title='bbox 958 1809 1127 1857; x_wconf 81' lang='grc' dir='ltr'>πᾶσαν</span> <span class='ocrx_word' id='word_1_195' title='bbox 1193 1803 1420 1877; x_wconf 75' lang='grc' dir='ltr'>ὑποψίαν</span> <span class='ocrx_word' id='word_1_196' title='bbox 1481 1802 1938 1875; x_wconf 82' lang='grc' dir='ltr'>ἀποσεισάμενος,</span> 
     </span>
    </p>
   </div>
   <div class='ocr_carea' id='block_1_31' title="bbox 307 1888 1938 1967">
    <p class='ocr_par' dir='ltr' id='par_1_31' title="bbox 307 1888 1938 1967">
     <span class='ocr_line' id='line_1_31' title="bbox 307 1888 1938 1967; baseline 0 -22"><span class='ocrx_word' id='word_1_197' title='bbox 307 1893 385 1945; x_wconf 76' lang='lat' dir='ltr'>xui</span> <span class='ocrx_word' id='word_1_198' title='bbox 443 1890 583 1961; x_wconf 71' lang='grc' dir='ltr'>δύξας</span> <span class='ocrx_word' id='word_1_199' title='bbox 643 1891 700 1945; x_wconf 73' lang='grc' dir='ltr'>ἐι</span> <span class='ocrx_word' id='word_1_200' title='bbox 753 1897 834 1964; x_wconf 77' lang='grc' dir='ltr'>τῷ</span> <span class='ocrx_word' id='word_1_201' title='bbox 894 1891 1126 1946; x_wconf 72' lang='grc' dir='ltr'>ἀσφαλεῖ</span> <span class='ocrx_word' id='word_1_202' title='bbox 1170 1895 1510 1961; x_wconf 77' lang='grc' dir='ltr'>καθεστάναι,</span> <span class='ocrx_word' id='word_1_203' title='bbox 1565 1896 1761 1967; x_wconf 73' lang='grc' dir='ltr'>μικροῦ</span> <span class='ocrx_word' id='word_1_204' title='bbox 1829 1888 1938 1945; x_wconf 81' lang='grc' dir='ltr'>δεῖν</span> 
     </span>
    </p>
   </div>
   <div class='ocr_carea' id='block_1_32' title="bbox 2122 1712 3692 1783">
    <p class='ocr_par' dir='ltr' id='par_1_32' title="bbox 2122 1712 3692 1783">
     <span class='ocr_line' id='line_1_32' title="bbox 2122 1712 3692 1783; baseline 0.001 -17"><span class='ocrx_word' id='word_1_205' title='bbox 2122 1714 2265 1766; x_wconf 78' lang='lat' dir='ltr'>Cum</span> <span class='ocrx_word' id='word_1_206' title='bbox 2324 1717 2517 1766; x_wconf 87' lang='lat' dir='ltr'>autem</span> <span class='ocrx_word' id='word_1_207' title='bbox 2575 1713 2871 1766; x_wconf 86' lang='lat' dir='ltr'>videretur</span> <span class='ocrx_word' id='word_1_208' title='bbox 2926 1713 3241 1783; x_wconf 90' lang='lat' dir='ltr'>imperium</span> <span class='ocrx_word' id='word_1_209' title='bbox 3294 1712 3692 1768; x_wconf 87' lang='lat' dir='ltr'>adamantinis</span> 
     </span>
    </p>
   </div>
   <div class='ocr_carea' id='block_1_33' title="bbox 2048 1799 3688 1873">
    <p class='ocr_par' dir='ltr' id='par_1_33' title="bbox 2048 1799 3688 1873">
     <span class='ocr_line' id='line_1_33' title="bbox 2048 1799 3688 1873; baseline 0.002 -20"><span class='ocrx_word' id='word_1_210' title='bbox 2048 1799 2297 1856; x_wconf 69' lang='lat' dir='ltr'>vinculis</span> <span class='ocrx_word' id='word_1_211' title='bbox 2330 1800 2618 1855; x_wconf 89' lang='lat' dir='ltr'>muniisse</span> <span class='ocrx_word' id='word_1_212' title='bbox 2668 1806 2726 1855; x_wconf 89' lang='lat' dir='ltr'>et</span> <span class='ocrx_word' id='word_1_213' title='bbox 2757 1801 2951 1856; x_wconf 86' lang='lat' dir='ltr'>omnia</span> <span class='ocrx_word' id='word_1_214' title='bbox 2998 1808 3275 1873; x_wconf 88' lang='lat' dir='ltr'>suspecta</span> <span class='ocrx_word' id='word_1_215' title='bbox 3324 1802 3601 1858; x_wconf 86' lang='lat' dir='ltr'>amolitus</span> <span class='ocrx_word' id='word_1_216' title='bbox 3631 1801 3688 1856; x_wconf 91' lang='lat' dir='ltr'>in</span> 
     </span>
    </p>
   </div>
   <div class='ocr_carea' id='block_1_34' title="bbox 2049 1889 3688 1961">
    <p class='ocr_par' dir='ltr' id='par_1_34' title="bbox 2049 1889 3688 1961">
     <span class='ocr_line' id='line_1_34' title="bbox 2049 1889 3688 1961; baseline 0.002 -18"><span class='ocrx_word' id='word_1_217' title='bbox 2049 1893 2173 1945; x_wconf 83' lang='lat' dir='ltr'>luto</span> <span class='ocrx_word' id='word_1_218' title='bbox 2205 1891 2706 1961; x_wconf 88' lang='lat' dir='ltr'>consistere,pene</span> <span class='ocrx_word' id='word_1_219' title='bbox 2737 1889 2795 1945; x_wconf 92' lang='lat' dir='ltr'>in</span> <span class='ocrx_word' id='word_1_220' title='bbox 2830 1907 3131 1946; x_wconf 91' lang='lat' dir='ltr'>summum</span> <span class='ocrx_word' id='word_1_221' title='bbox 3165 1891 3322 1948; x_wconf 88' lang='lat' dir='ltr'>venit</span> <span class='ocrx_word' id='word_1_222' title='bbox 3351 1892 3688 1959; x_wconf 88' lang='lat' dir='ltr'>discrimen,</span> 
     </span>
    </p>
   </div>
   <div class='ocr_carea' id='block_1_35' title="bbox 315 1976 1945 2056">
    <p class='ocr_par' dir='ltr' id='par_1_35' title="bbox 315 1976 1935 2056">
     <span class='ocr_line' id='line_1_35' title="bbox 315 1976 1935 2056; baseline 0.002 -23"><span class='ocrx_word' id='word_1_223' title='bbox 315 1978 625 2035; x_wconf 70' lang='grc' dir='ltr'>ἐκινδύνευσε</span> <span class='ocrx_word' id='word_1_224' title='bbox 688 1978 807 2035; x_wconf 76' lang='grc' dir='ltr'>δυσὶ</span> <span class='ocrx_word' id='word_1_225' title='bbox 878 1981 1149 2055; x_wconf 81' lang='grc' dir='ltr'>μεγίσταις</span> <span class='ocrx_word' id='word_1_226' title='bbox 1206 1976 1542 2044; x_wconf 63' lang='grc' dir='ltr'>ἐπιϐουλαῖς</span> <span class='ocrx_word' id='word_1_227' title='bbox 1608 1981 1935 2056; x_wconf 85' lang='grc' dir='ltr'>περιπεσών.</span> 
     </span>
    </p>
   </div>
   <div class='ocr_carea' id='block_1_36' title="bbox 2061 1976 3693 2056">
    <p class='ocr_par' dir='ltr' id='par_1_36' title="bbox 2061 1978 3693 2054">
     <span class='ocr_line' id='line_1_36' title="bbox 2061 1978 3693 2054; baseline 0.001 -21"><span class='ocrx_word' id='word_1_228' title='bbox 2061 1978 2381 2049; x_wconf 82' lang='lat' dir='ltr'>iuplicibus</span> <span class='ocrx_word' id='word_1_229' title='bbox 2443 1980 2659 2050; x_wconf 89' lang='lat' dir='ltr'>petitus</span> <span class='ocrx_word' id='word_1_230' title='bbox 2715 1980 2967 2043; x_wconf 86' lang='lat' dir='ltr'>insidiis,</span> <span class='ocrx_word' id='word_1_231' title='bbox 3002 1998 3136 2035; x_wconf 92' lang='lat' dir='ltr'>nam</span> <span class='ocrx_word' id='word_1_232' title='bbox 3195 1987 3253 2037; x_wconf 88' lang='lat' dir='ltr'>et</span> <span class='ocrx_word' id='word_1_233' title='bbox 3309 1982 3693 2054; x_wconf 87' lang='lat' dir='ltr'>Theophanes</span> 
     </span>
    </p>
   </div>
   <div class='ocr_carea' id='block_1_37' title="bbox 315 2064 1946 2145">
    <p class='ocr_par' dir='ltr' id='par_1_37' title="bbox 315 2064 1946 2145">
     <span class='ocr_line' id='line_1_37' title="bbox 315 2064 1946 2145; baseline 0.001 -23"><span class='ocrx_word' id='word_1_234' title='bbox 315 2069 570 2141; x_wconf 73' lang='grc' dir='ltr'>Θεοφάνης</span> <span class='ocrx_word' id='word_1_235' title='bbox 620 2089 683 2122; x_wconf 90' lang='grc' dir='ltr'>τε</span> <span class='ocrx_word' id='word_1_236' title='bbox 738 2070 839 2145; x_wconf 69' lang='grc' dir='ltr'>γὰρ</span> <span class='ocrx_word' id='word_1_237' title='bbox 891 2070 918 2123; x_wconf 98' lang='lat'>6</span> <span class='ocrx_word' id='word_1_238' title='bbox 967 2069 1461 2144; x_wconf 86' lang='grc' dir='ltr'>παρακοιμώμενος</span> <span class='ocrx_word' id='word_1_239' title='bbox 1517 2064 1793 2140; x_wconf 76' lang='grc' dir='ltr'>ἐϐουλήθη</span> <span class='ocrx_word' id='word_1_240' title='bbox 1854 2071 1946 2123; x_wconf 86' lang='grc' dir='ltr'>τὸν</span> 
     </span>
    </p>
   </div>
   <div class='ocr_carea' id='block_1_38' title="bbox 310 2152 1946 2234">
    <p class='ocr_par' dir='ltr' id='par_1_38' title="bbox 310 2152 1946 2234">
     <span class='ocr_line' id='line_1_38' title="bbox 310 2152 1946 2234; baseline 0.002 -25"><span class='ocrx_word' id='word_1_241' title='bbox 310 2152 594 2228; x_wconf 68' lang='grc' dir='ltr'>πρεσϐύτην</span> <span class='ocrx_word' id='word_1_242' title='bbox 654 2158 933 2229; x_wconf 79' lang='grc' dir='ltr'>Ῥωμανὸν</span> <span class='ocrx_word' id='word_1_243' title='bbox 991 2156 1047 2212; x_wconf 62' lang='lat' dir='ltr'>ix</span> <span class='ocrx_word' id='word_1_244' title='bbox 1099 2166 1198 2227; x_wconf 73' lang='grc' dir='ltr'>τῆς</span> <span class='ocrx_word' id='word_1_245' title='bbox 1253 2161 1420 2229; x_wconf 78' lang='grc' dir='ltr'>νήσου</span> <span class='ocrx_word' id='word_1_246' title='bbox 1474 2160 1705 2234; x_wconf 85' lang='grc' dir='ltr'>ΙῙρώτης</span> <span class='ocrx_word' id='word_1_247' title='bbox 1756 2158 1831 2219; x_wconf 77' lang='grc' dir='ltr'>εἷς</span> <span class='ocrx_word' id='word_1_248' title='bbox 1886 2159 1946 2212; x_wconf 86' lang='grc' dir='ltr'>τὸ</span> 
     </span>
    </p>
   </div>
   <div class='ocr_carea' id='block_1_39' title="bbox 310 2244 1950 2323">
    <p class='ocr_par' dir='ltr' id='par_1_39' title="bbox 310 2244 1950 2323">
     <span class='ocr_line' id='line_1_39' title="bbox 310 2244 1950 2323; baseline 0.001 -24"><span class='ocrx_word' id='word_1_249' title='bbox 310 2246 554 2300; x_wconf 80' lang='grc' dir='ltr'>παλάτιον</span> <span class='ocrx_word' id='word_1_250' title='bbox 585 2248 829 2322; x_wconf 78' lang='grc' dir='ltr'>ἀγαγεῖν,</span> <span class='ocrx_word' id='word_1_251' title='bbox 857 2247 947 2301; x_wconf 88' lang='lat' dir='ltr'>xui</span> <span class='ocrx_word' id='word_1_252' title='bbox 979 2244 1182 2309; x_wconf 66' lang='grc' dir='ltr'>ἄλλους</span> <span class='ocrx_word' id='word_1_253' title='bbox 1216 2246 1313 2302; x_wconf 68' lang='grc' dir='ltr'>οὐκ</span> <span class='ocrx_word' id='word_1_254' title='bbox 1370 2246 1591 2323; x_wconf 78' lang='grc' dir='ltr'>ὀλίγους</span> <span class='ocrx_word' id='word_1_255' title='bbox 1636 2244 1779 2323; x_wconf 76' lang='grc' dir='ltr'>ἔχων</span> <span class='ocrx_word' id='word_1_256' title='bbox 1836 2269 1950 2301; x_wconf 86' lang='grc' dir='ltr'>συν-</span> 
     </span>
    </p>
   </div>
   <div class='ocr_carea' id='block_1_40' title="bbox 312 2332 1945 2411">
    <p class='ocr_par' dir='ltr' id='par_1_40' title="bbox 312 2332 1945 2411">
     <span class='ocr_line' id='line_1_40' title="bbox 312 2332 1945 2411; baseline 0.001 -23"><span class='ocrx_word' id='word_1_257' title='bbox 312 2336 529 2409; x_wconf 84' lang='grc' dir='ltr'>ίστορας·</span> <span class='ocrx_word' id='word_1_258' title='bbox 590 2335 688 2390; x_wconf 83' lang='grc' dir='ltr'>καί</span> <span class='ocrx_word' id='word_1_259' title='bbox 743 2357 885 2398; x_wconf 87' lang='grc' dir='ltr'>τινες</span> <span class='ocrx_word' id='word_1_260' title='bbox 936 2333 993 2389; x_wconf 79' lang='grc' dir='ltr'>δὲ</span> <span class='ocrx_word' id='word_1_261' title='bbox 1048 2332 1247 2411; x_wconf 72' lang='grc' dir='ltr'>ἕτεροι,</span> <span class='ocrx_word' id='word_1_262' title='bbox 1306 2334 1434 2406; x_wconf 77' lang='grc' dir='ltr'>ἤτοι</span> <span class='ocrx_word' id='word_1_263' title='bbox 1500 2337 1649 2391; x_wconf 84' lang='grc' dir='ltr'>Λέων</span> <span class='ocrx_word' id='word_1_264' title='bbox 1710 2338 1737 2391; x_wconf 91' lang='lat'>6</span> <span class='ocrx_word' id='word_1_265' title='bbox 1800 2335 1945 2393; x_wconf 90' lang='grc' dir='ltr'>Κλά-</span> 
     </span>
    </p>
   </div>
   <div class='ocr_carea' id='block_1_41' title="bbox 312 2421 1950 2501">
    <p class='ocr_par' dir='ltr' id='par_1_41' title="bbox 312 2421 1950 2501">
     <span class='ocr_line' id='line_1_41' title="bbox 312 2421 1950 2501; baseline 0.001 -24"><span class='ocrx_word' id='word_1_266' title='bbox 312 2421 428 2491; x_wconf 78' lang='grc' dir='ltr'>ὂων,</span> <span class='ocrx_word' id='word_1_267' title='bbox 460 2425 768 2501; x_wconf 76' lang='grc' dir='ltr'>Γρηγόριος</span> <span class='ocrx_word' id='word_1_268' title='bbox 802 2425 830 2479; x_wconf 91' lang='lat'>6</span> <span class='ocrx_word' id='word_1_269' title='bbox 859 2422 1147 2497; x_wconf 79' lang='grc' dir='ltr'>Μακεδὼν,</span> <span class='ocrx_word' id='word_1_270' title='bbox 1180 2426 1269 2479; x_wconf 90' lang='lat' dir='ltr'>xui</span> <span class='ocrx_word' id='word_1_271' title='bbox 1329 2423 1614 2487; x_wconf 79' lang='grc' dir='ltr'>Θεοδόσιος</span> <span class='ocrx_word' id='word_1_272' title='bbox 1673 2426 1700 2480; x_wconf 90' lang='lat'>6</span> <span class='ocrx_word' id='word_1_273' title='bbox 1733 2424 1950 2499; x_wconf 83' lang='grc' dir='ltr'>πρῶτος</span> 
     </span>
    </p>
   </div>
   <div class='ocr_carea' id='block_1_42' title="bbox 309 2512 1947 2591">
    <p class='ocr_par' dir='ltr' id='par_1_42' title="bbox 309 2512 1947 2591">
     <span class='ocr_line' id='line_1_42' title="bbox 309 2512 1947 2591; baseline 0.001 -25"><span class='ocrx_word' id='word_1_274' title='bbox 309 2516 404 2566; x_wconf 82' lang='grc' dir='ltr'>τῶν</span> <span class='ocrx_word' id='word_1_275' title='bbox 456 2517 550 2566; x_wconf 75' lang='grc' dir='ltr'>τοῦ</span> <span class='ocrx_word' id='word_1_276' title='bbox 605 2512 887 2591; x_wconf 78' lang='grc' dir='ltr'>Στεφάνου</span> <span class='ocrx_word' id='word_1_277' title='bbox 943 2514 1298 2587; x_wconf 78' lang='grc' dir='ltr'>ἱπποκόμων,</span> <span class='ocrx_word' id='word_1_278' title='bbox 1328 2516 1411 2569; x_wconf 78' lang='grc' dir='ltr'>καὶ</span> <span class='ocrx_word' id='word_1_279' title='bbox 1476 2514 1788 2585; x_wconf 87' lang='grc' dir='ltr'>Ἰωάννηςὸ</span> <span class='ocrx_word' id='word_1_280' title='bbox 1831 2514 1947 2590; x_wconf 75' lang='grc' dir='ltr'>ῥαί-</span> 
     </span>
    </p>
   </div>
   <div class='ocr_carea' id='block_1_43' title="bbox 312 2598 1949 2679">
    <p class='ocr_par' dir='ltr' id='par_1_43' title="bbox 312 2598 1949 2679">
     <span class='ocr_line' id='line_1_43' title="bbox 312 2598 1949 2679; baseline 0.001 -24"><span class='ocrx_word' id='word_1_281' title='bbox 312 2621 463 2672; x_wconf 73' lang='grc' dir='ltr'>κτωρ,</span> <span class='ocrx_word' id='word_1_282' title='bbox 489 2602 581 2655; x_wconf 84' lang='grc' dir='ltr'>τὸν</span> <span class='ocrx_word' id='word_1_283' title='bbox 617 2603 894 2679; x_wconf 70' lang='grc' dir='ltr'>Στέφανον</span> <span class='ocrx_word' id='word_1_284' title='bbox 937 2598 1329 2658; x_wconf 74' lang='grc' dir='ltr'>ἐϐουλεύσαντο</span> <span class='ocrx_word' id='word_1_285' title='bbox 1360 2603 1419 2657; x_wconf 74' lang='grc' dir='ltr'>ἐκ</span> <span class='ocrx_word' id='word_1_286' title='bbox 1470 2603 1786 2674; x_wconf 76' lang='grc' dir='ltr'>Μιτυλήνης</span> <span class='ocrx_word' id='word_1_287' title='bbox 1817 2603 1949 2678; x_wconf 86' lang='grc' dir='ltr'>άγα-</span> 
     </span>
    </p>
   </div>
   <div class='ocr_carea' id='block_1_44' title="bbox 311 2688 1947 2767">
    <p class='ocr_par' dir='ltr' id='par_1_44' title="bbox 311 2688 1947 2767">
     <span class='ocr_line' id='line_1_44' title="bbox 311 2688 1947 2767; baseline 0.003 -26"><span class='ocrx_word' id='word_1_288' title='bbox 311 2694 409 2763; x_wconf 85' lang='grc' dir='ltr'>γεῖν</span> <span class='ocrx_word' id='word_1_289' title='bbox 440 2690 525 2743; x_wconf 77' lang='grc' dir='ltr'>καὶ</span> <span class='ocrx_word' id='word_1_290' title='bbox 566 2694 638 2763; x_wconf 78' lang='grc' dir='ltr'>τῇ</span> <span class='ocrx_word' id='word_1_291' title='bbox 696 2691 947 2765; x_wconf 77' lang='grc' dir='ltr'>βασιλείᾳ</span> <span class='ocrx_word' id='word_1_292' title='bbox 990 2688 1389 2767; x_wconf 75' lang='grc' dir='ltr'>ἐγκαθιδρῦσαι.</span> <span class='ocrx_word' id='word_1_293' title='bbox 1422 2691 1579 2749; x_wconf 83' lang='grc' dir='ltr'>Ἀλλ’</span> <span class='ocrx_word' id='word_1_294' title='bbox 1628 2692 1730 2746; x_wconf 86' lang='grc' dir='ltr'>ὑπό</span> <span class='ocrx_word' id='word_1_295' title='bbox 1785 2714 1947 2747; x_wconf 89' lang='grc' dir='ltr'>τινων</span> 
     </span>
    </p>
   </div>
   <div class='ocr_carea' id='block_1_45' title="bbox 314 2779 1947 2856">
    <p class='ocr_par' dir='ltr' id='par_1_45' title="bbox 314 2779 1947 2856">
     <span class='ocr_line' id='line_1_45' title="bbox 314 2779 1947 2856; baseline 0.002 -25"><span class='ocrx_word' id='word_1_296' title='bbox 314 2784 634 2851; x_wconf 76' lang='grc' dir='ltr'>συνωμοτῶν</span> <span class='ocrx_word' id='word_1_297' title='bbox 730 2780 1073 2852; x_wconf 80' lang='grc' dir='ltr'>μηνυθὲντων</span> <span class='ocrx_word' id='word_1_298' title='bbox 1137 2785 1244 2835; x_wconf 90' lang='grc' dir='ltr'>τῶν</span> <span class='ocrx_word' id='word_1_299' title='bbox 1315 2779 1699 2856; x_wconf 82' lang='grc' dir='ltr'>βουλευμάτων</span> <span class='ocrx_word' id='word_1_300' title='bbox 1769 2781 1795 2834; x_wconf 87' lang='grc' dir='ltr'>ὀ</span> <span class='ocrx_word' id='word_1_301' title='bbox 1853 2781 1947 2853; x_wconf 76' lang='grc' dir='ltr'>μὲν</span> 
     </span>
    </p>
   </div>
   <div class='ocr_carea' id='block_1_46' title="bbox 318 2867 1950 2945">
    <p class='ocr_par' dir='ltr' id='par_1_46' title="bbox 318 2867 1950 2945">
     <span class='ocr_line' id='line_1_46' title="bbox 318 2867 1950 2945; baseline 0.002 -25"><span class='ocrx_word' id='word_1_302' title='bbox 318 2867 577 2944; x_wconf 63' lang='grc' dir='ltr'>Θεοφάνης</span> <span class='ocrx_word' id='word_1_303' title='bbox 628 2867 894 2944; x_wconf 77' lang='grc' dir='ltr'>ἐξωρίσθη</span> <span class='ocrx_word' id='word_1_304' title='bbox 947 2869 1038 2923; x_wconf 81' lang='grc' dir='ltr'>σὺν</span> <span class='ocrx_word' id='word_1_305' title='bbox 1086 2875 1202 2931; x_wconf 85' lang='grc' dir='ltr'>τοῖς</span> <span class='ocrx_word' id='word_1_306' title='bbox 1250 2869 1416 2923; x_wconf 79' lang='grc' dir='ltr'>αὐτοῦ</span> <span class='ocrx_word' id='word_1_307' title='bbox 1448 2875 1748 2945; x_wconf 83' lang='grc' dir='ltr'>συνεργοῖς,</span> <span class='ocrx_word' id='word_1_308' title='bbox 1782 2870 1834 2923; x_wconf 77' lang='grc' dir='ltr'>οἱ</span> <span class='ocrx_word' id='word_1_309' title='bbox 1893 2867 1950 2923; x_wconf 73' lang='grc' dir='ltr'>δὲ</span> 
     </span>
    </p>
   </div>
   <div class='ocr_carea' id='block_1_47' title="bbox 313 2956 1948 3035">
    <p class='ocr_par' dir='ltr' id='par_1_47' title="bbox 313 2956 1948 3035">
     <span class='ocr_line' id='line_1_47' title="bbox 313 2956 1948 3035; baseline 0.002 -26"><span class='ocrx_word' id='word_1_310' title='bbox 313 2960 397 3009; x_wconf 68' lang='grc' dir='ltr'>τοῦ</span> <span class='ocrx_word' id='word_1_311' title='bbox 450 2958 730 3035; x_wconf 64' lang='grc' dir='ltr'>Στεφάνου</span> <span class='ocrx_word' id='word_1_312' title='bbox 782 2957 1225 3030; x_wconf 63' lang='grc' dir='ltr'>ἀντιποιούμενοι</span> <span class='ocrx_word' id='word_1_313' title='bbox 1274 2959 1558 3035; x_wconf 71' lang='grc' dir='ltr'>τυφθὲντες</span> <span class='ocrx_word' id='word_1_314' title='bbox 1607 2958 1696 3013; x_wconf 85' lang='grc' dir='ltr'>καὶ</span> <span class='ocrx_word' id='word_1_315' title='bbox 1742 2956 1948 3033; x_wconf 73' lang='grc' dir='ltr'>δημευ-</span> 
     </span>
    </p>
   </div>
   <div class='ocr_carea' id='block_1_48' title="bbox 317 3043 1660 3124">
    <p class='ocr_par' dir='ltr' id='par_1_48' title="bbox 317 3043 1660 3124">
     <span class='ocr_line' id='line_1_48' title="bbox 317 3043 1660 3124; baseline 0.005 -29"><span class='ocrx_word' id='word_1_316' title='bbox 317 3043 494 3111; x_wconf 72' lang='grc' dir='ltr'>θέντες,</span> <span class='ocrx_word' id='word_1_317' title='bbox 524 3046 615 3099; x_wconf 79' lang='grc' dir='ltr'>καὶ</span> <span class='ocrx_word' id='word_1_318' title='bbox 649 3047 747 3107; x_wconf 77' lang='grc' dir='ltr'>τὰς</span> <span class='ocrx_word' id='word_1_319' title='bbox 774 3045 925 3121; x_wconf 79' lang='grc' dir='ltr'>ῥῖνας</span> <span class='ocrx_word' id='word_1_320' title='bbox 950 3046 1244 3119; x_wconf 69' lang='grc' dir='ltr'>τμηθέντες</span> <span class='ocrx_word' id='word_1_321' title='bbox 1277 3045 1660 3124; x_wconf 80' lang='grc' dir='ltr'>ἐξωρίσθησαν.</span> 
     </span>
    </p>
   </div>
   <div class='ocr_carea' id='block_1_49' title="bbox 379 3131 1946 3210">
    <p class='ocr_par' dir='ltr' id='par_1_49' title="bbox 379 3131 1946 3210">
     <span class='ocr_line' id='line_1_49' title="bbox 379 3131 1946 3210; baseline 0.001 -21"><span class='ocrx_word' id='word_1_322' title='bbox 379 3133 449 3189; x_wconf 67' lang='grc' dir='ltr'>Οὐ</span> <span class='ocrx_word' id='word_1_323' title='bbox 482 3131 735 3188; x_wconf 73' lang='grc' dir='ltr'>διελιπον</span> <span class='ocrx_word' id='word_1_324' title='bbox 793 3132 851 3189; x_wconf 76' lang='grc' dir='ltr'>δὲ</span> <span class='ocrx_word' id='word_1_325' title='bbox 906 3134 995 3189; x_wconf 84' lang='grc' dir='ltr'>καὶ</span> <span class='ocrx_word' id='word_1_326' title='bbox 1044 3137 1095 3191; x_wconf 78' lang='lat' dir='ltr'>oi</span> <span class='ocrx_word' id='word_1_327' title='bbox 1146 3131 1654 3210; x_wconf 75' lang='grc' dir='ltr'>Τοῧρκοιεὶσϐολὰς</span> <span class='ocrx_word' id='word_1_328' title='bbox 1715 3136 1791 3198; x_wconf 80' lang='grc' dir='ltr'>είς</span> <span class='ocrx_word' id='word_1_329' title='bbox 1847 3139 1946 3207; x_wconf 76' lang='grc' dir='ltr'>τὴν</span> 
     </span>
    </p>
   </div>
   <div class='ocr_carea' id='block_1_50' title="bbox 316 3222 1947 3302">
    <p class='ocr_par' dir='ltr' id='par_1_50' title="bbox 316 3222 1947 3302">
     <span class='ocr_line' id='line_1_50' title="bbox 316 3222 1947 3302; baseline 0.004 -28"><span class='ocrx_word' id='word_1_330' title='bbox 316 3222 581 3293; x_wconf 84' lang='grc' dir='ltr'>Ῥωμαίων</span> <span class='ocrx_word' id='word_1_331' title='bbox 610 3222 936 3295; x_wconf 72' lang='grc' dir='ltr'>ποιούμενοι</span> <span class='ocrx_word' id='word_1_332' title='bbox 967 3225 1056 3278; x_wconf 87' lang='grc' dir='ltr'>καὶ</span> <span class='ocrx_word' id='word_1_333' title='bbox 1087 3223 1288 3295; x_wconf 86' lang='grc' dir='ltr'>ταύτην</span> <span class='ocrx_word' id='word_1_334' title='bbox 1323 3222 1598 3300; x_wconf 79' lang='grc' dir='ltr'>δῃοῦντες,</span> <span class='ocrx_word' id='word_1_335' title='bbox 1636 3224 1833 3302; x_wconf 75' lang='grc' dir='ltr'>μέχρις</span> <span class='ocrx_word' id='word_1_336' title='bbox 1888 3228 1947 3280; x_wconf 77' lang='grc' dir='ltr'>οὗ</span> 
     </span>
    </p>
   </div>
   <div class='ocr_carea' id='block_1_51' title="bbox 314 3308 2020 3415">
    <p class='ocr_par' dir='ltr' id='par_1_51' title="bbox 314 3308 2020 3415">
     <span class='ocr_line' id='line_1_51' title="bbox 314 3308 2020 3415; baseline 0.004 -53"><span class='ocrx_word' id='word_1_337' title='bbox 314 3308 680 3379; x_wconf 73' lang='grc' dir='ltr'>Βουλοσουδής</span> <span class='ocrx_word' id='word_1_338' title='bbox 714 3312 741 3365; x_wconf 92' lang='lat'>6</span> <span class='ocrx_word' id='word_1_339' title='bbox 771 3312 978 3366; x_wconf 88' lang='grc' dir='ltr'>τούτων</span> <span class='ocrx_word' id='word_1_340' title='bbox 1008 3312 1254 3388; x_wconf 80' lang='grc' dir='ltr'>ἀρχηγὸς</span> <span class='ocrx_word' id='word_1_341' title='bbox 1304 3315 1402 3382; x_wconf 75' lang='grc' dir='ltr'>τὴν</span> <span class='ocrx_word' id='word_1_342' title='bbox 1458 3312 1566 3368; x_wconf 83' lang='grc' dir='ltr'>τῶν</span> <span class='ocrx_word' id='word_1_343' title='bbox 1611 3316 1944 3390; x_wconf 81' lang='grc' dir='ltr'>Χριστιανῶν</span> <span class='ocrx_word' id='word_1_344' title='bbox 1978 3350 2020 3415; x_wconf 72' lang='lat' dir='ltr'>C</span> 
     </span>
     <span class='ocr_line' id='line_1_52' title="bbox 357 3399 1836 3415; baseline 0 0"><span class='ocrx_word' id='word_1_345' title='bbox 357 3399 366 3415; x_wconf 84' lang='lat'>.</span> <span class='ocrx_word' id='word_1_346' title='bbox 538 3400 551 3415; x_wconf 82' lang='lat'>.</span> <span class='ocrx_word' id='word_1_347' title='bbox 657 3400 711 3415; x_wconf 75' lang='grc' dir='ltr'>ι..</span> <span class='ocrx_word' id='word_1_348' title='bbox 780 3412 794 3415; x_wconf 83' lang='lat'>_</span> <span class='ocrx_word' id='word_1_349' title='bbox 929 3401 942 3415; x_wconf 90' lang='lat'>.</span> <span class='ocrx_word' id='word_1_350' title='bbox 1127 3403 1149 3415; x_wconf 76' lang='lat'>..</span> <span class='ocrx_word' id='word_1_351' title='bbox 1186 3402 1200 3415; x_wconf 63' lang='grc' dir='ltr'>ι</span> <span class='ocrx_word' id='word_1_352' title='bbox 1428 3401 1445 3415; x_wconf 61' lang='grc' dir='ltr'>ς</span> <span class='ocrx_word' id='word_1_353' title='bbox 1486 3404 1498 3415; x_wconf 94' lang='grc'>.</span> <span class='ocrx_word' id='word_1_354' title='bbox 1685 3406 1697 3415; x_wconf 87' lang='grc'><strong>.</strong></span> <span class='ocrx_word' id='word_1_355' title='bbox 1800 3410 1836 3415; x_wconf 84' lang='grc'>..</span> 
     </span>
    </p>
   </div>
   <div class='ocr_carea' id='block_1_52' title="bbox 314 3399 1949 3481">
    <p class='ocr_par' dir='ltr' id='par_1_52' title="bbox 314 3399 1949 3481">
     <span class='ocr_line' id='line_1_53' title="bbox 314 3399 1949 3481; baseline 0.004 -30"><span class='ocrx_word' id='word_1_356' title='bbox 314 3399 476 3453; x_wconf 81' lang='grc' dir='ltr'>πίστιν</span> <span class='ocrx_word' id='word_1_357' title='bbox 528 3400 862 3469; x_wconf 81' lang='grc' dir='ltr'>ἀσπάζεσθαι</span> <span class='ocrx_word' id='word_1_358' title='bbox 924 3401 1233 3478; x_wconf 75' lang='grc' dir='ltr'>ὑποκριθείς</span> <span class='ocrx_word' id='word_1_359' title='bbox 1273 3401 1591 3481; x_wconf 79' lang='grc' dir='ltr'>κατειλήφει</span> <span class='ocrx_word' id='word_1_360' title='bbox 1641 3406 1738 3473; x_wconf 81' lang='grc' dir='ltr'>τήν</span> <span class='ocrx_word' id='word_1_361' title='bbox 1798 3410 1949 3460; x_wconf 81' lang='grc' dir='ltr'>Κων-</span> 
     </span>
    </p>
   </div>
   <div class='ocr_carea' id='block_1_53' title="bbox 315 3489 1950 3566">
    <p class='ocr_par' dir='ltr' id='par_1_53' title="bbox 315 3489 1950 3566">
     <span class='ocr_line' id='line_1_54' title="bbox 315 3489 1950 3566; baseline 0.004 -26"><span class='ocrx_word' id='word_1_362' title='bbox 315 3489 591 3543; x_wconf 81' lang='grc' dir='ltr'>σταντίνου·</span> <span class='ocrx_word' id='word_1_363' title='bbox 629 3490 723 3543; x_wconf 83' lang='lat' dir='ltr'>xui</span> <span class='ocrx_word' id='word_1_364' title='bbox 774 3491 1085 3565; x_wconf 76' lang='grc' dir='ltr'>βαπτισθεὶς</span> <span class='ocrx_word' id='word_1_365' title='bbox 1123 3491 1227 3545; x_wconf 84' lang='grc' dir='ltr'>ὑπὸ</span> <span class='ocrx_word' id='word_1_366' title='bbox 1283 3495 1379 3546; x_wconf 76' lang='grc' dir='ltr'>τοῦ</span> <span class='ocrx_word' id='word_1_367' title='bbox 1438 3491 1706 3566; x_wconf 76' lang='grc' dir='ltr'>βασιλέως</span> <span class='ocrx_word' id='word_1_368' title='bbox 1764 3491 1950 3547; x_wconf 82' lang='grc' dir='ltr'>ἀναδέ-</span> 
     </span>
    </p>
   </div>
   <div class='ocr_carea' id='block_1_54' title="bbox 316 3580 1949 3656">
    <p class='ocr_par' dir='ltr' id='par_1_54' title="bbox 316 3580 1949 3656">
     <span class='ocr_line' id='line_1_55' title="bbox 316 3580 1949 3656; baseline 0.004 -26"><span class='ocrx_word' id='word_1_369' title='bbox 316 3598 457 3651; x_wconf 73' lang='grc' dir='ltr'>χεται</span> <span class='ocrx_word' id='word_1_370' title='bbox 500 3580 933 3648; x_wconf 78' lang='grc' dir='ltr'>Κωνσταντίνου,</span> <span class='ocrx_word' id='word_1_371' title='bbox 982 3583 1049 3653; x_wconf 75' lang='grc' dir='ltr'>τῇ</span> <span class='ocrx_word' id='word_1_372' title='bbox 1101 3584 1204 3633; x_wconf 88' lang='grc' dir='ltr'>τῶν</span> <span class='ocrx_word' id='word_1_373' title='bbox 1259 3581 1557 3656; x_wconf 74' lang='grc' dir='ltr'>πατρικίων</span> <span class='ocrx_word' id='word_1_374' title='bbox 1605 3582 1725 3654; x_wconf 80' lang='grc' dir='ltr'>ἀξίᾳ</span> <span class='ocrx_word' id='word_1_375' title='bbox 1784 3603 1949 3655; x_wconf 88' lang='grc' dir='ltr'>τιμη-</span> 
     </span>
    </p>
   </div>
   <div class='ocr_carea' id='block_1_55' title="bbox 318 3665 1951 3745">
    <p class='ocr_par' dir='ltr' id='par_1_55' title="bbox 318 3665 1951 3745">
     <span class='ocr_line' id='line_1_56' title="bbox 318 3665 1951 3745; baseline 0.004 -27"><span class='ocrx_word' id='word_1_376' title='bbox 318 3667 415 3727; x_wconf 75' lang='grc' dir='ltr'>θεὶς</span> <span class='ocrx_word' id='word_1_377' title='bbox 464 3667 550 3721; x_wconf 83' lang='lat' dir='ltr'>xui</span> <span class='ocrx_word' id='word_1_378' title='bbox 596 3665 872 3723; x_wconf 81' lang='grc' dir='ltr'>πλείστων</span> <span class='ocrx_word' id='word_1_379' title='bbox 941 3667 1246 3743; x_wconf 87' lang='grc' dir='ltr'>χρημάτων</span> <span class='ocrx_word' id='word_1_380' title='bbox 1310 3669 1544 3743; x_wconf 82' lang='grc' dir='ltr'>ὑπάρξας</span> <span class='ocrx_word' id='word_1_381' title='bbox 1601 3668 1811 3745; x_wconf 86' lang='grc' dir='ltr'>κύριος,</span> <span class='ocrx_word' id='word_1_382' title='bbox 1860 3672 1951 3724; x_wconf 66' lang='grc' dir='ltr'>εἶτ’</span> 
     </span>
    </p>
   </div>
   <div class='ocr_carea' id='block_1_56' title="bbox 318 3752 1954 3829">
    <p class='ocr_par' dir='ltr' id='par_1_56' title="bbox 318 3752 1954 3829">
     <span class='ocr_line' id='line_1_57' title="bbox 318 3752 1954 3829; baseline 0.004 -22"><span class='ocrx_word' id='word_1_383' title='bbox 318 3752 454 3817; x_wconf 75' lang='grc' dir='ltr'>αὖθις</span> <span class='ocrx_word' id='word_1_384' title='bbox 507 3753 698 3810; x_wconf 56' lang='grc' dir='ltr'>οἶκαδε</span> <span class='ocrx_word' id='word_1_385' title='bbox 756 3756 1117 3829; x_wconf 71' lang='grc' dir='ltr'>ὑποστρέψας.</span> <span class='ocrx_word' id='word_1_386' title='bbox 1149 3759 1281 3813; x_wconf 86' lang='grc' dir='ltr'>Μετ’</span> <span class='ocrx_word' id='word_1_387' title='bbox 1314 3758 1377 3812; x_wconf 84' lang='grc' dir='ltr'>ού</span> <span class='ocrx_word' id='word_1_388' title='bbox 1431 3757 1574 3812; x_wconf 81' lang='grc' dir='ltr'>πολὺ</span> <span class='ocrx_word' id='word_1_389' title='bbox 1607 3755 1663 3812; x_wconf 79' lang='grc' dir='ltr'>δὲ</span> <span class='ocrx_word' id='word_1_390' title='bbox 1720 3758 1807 3812; x_wconf 87' lang='lat' dir='ltr'>xui</span> <span class='ocrx_word' id='word_1_391' title='bbox 1859 3765 1954 3813; x_wconf 88' lang='grc' dir='ltr'>Γυ-</span> 
     </span>
    </p>
   </div>
   <div class='ocr_carea' id='block_1_57' title="bbox 319 3842 1951 3921">
    <p class='ocr_par' dir='ltr' id='par_1_57' title="bbox 319 3842 1951 3921">
     <span class='ocr_line' id='line_1_58' title="bbox 319 3842 1951 3921; baseline 0.003 -24"><span class='ocrx_word' id='word_1_392' title='bbox 319 3842 425 3909; x_wconf 74' lang='grc' dir='ltr'>λῖις,</span> <span class='ocrx_word' id='word_1_393' title='bbox 459 3842 644 3919; x_wconf 72' lang='grc' dir='ltr'>ἄρχων</span> <span class='ocrx_word' id='word_1_394' title='bbox 681 3843 754 3899; x_wconf 84' lang='grc' dir='ltr'>ὢν</span> <span class='ocrx_word' id='word_1_395' title='bbox 783 3845 873 3899; x_wconf 83' lang='grc' dir='ltr'>καὶ</span> <span class='ocrx_word' id='word_1_396' title='bbox 905 3846 1066 3906; x_wconf 82' lang='grc' dir='ltr'>αὐτὸς</span> <span class='ocrx_word' id='word_1_397' title='bbox 1110 3850 1220 3900; x_wconf 89' lang='grc' dir='ltr'>τῶν</span> <span class='ocrx_word' id='word_1_398' title='bbox 1274 3845 1552 3921; x_wconf 86' lang='grc' dir='ltr'>Τούρκων,</span> <span class='ocrx_word' id='word_1_399' title='bbox 1606 3844 1819 3902; x_wconf 82' lang='grc' dir='ltr'>εἷ’σεισιν</span> <span class='ocrx_word' id='word_1_400' title='bbox 1875 3847 1951 3910; x_wconf 75' lang='grc' dir='ltr'>εἷς</span> 
     </span>
    </p>
   </div>
   <div class='ocr_carea' id='block_1_58' title="bbox 318 3930 1955 4009">
    <p class='ocr_par' dir='ltr' id='par_1_58' title="bbox 318 3930 1955 4009">
     <span class='ocr_line' id='line_1_59' title="bbox 318 3930 1955 4009; baseline 0.004 -25"><span class='ocrx_word' id='word_1_401' title='bbox 318 3932 406 3999; x_wconf 65' lang='grc' dir='ltr'>τήν</span> <span class='ocrx_word' id='word_1_402' title='bbox 440 3930 701 4007; x_wconf 71' lang='grc' dir='ltr'>βασιλίδα</span> <span class='ocrx_word' id='word_1_403' title='bbox 725 3932 815 3987; x_wconf 80' lang='grc' dir='ltr'>καὶ</span> <span class='ocrx_word' id='word_1_404' title='bbox 853 3934 1188 4007; x_wconf 78' lang='grc' dir='ltr'>βαπτίζεται,</span> <span class='ocrx_word' id='word_1_405' title='bbox 1227 3939 1336 3989; x_wconf 85' lang='grc' dir='ltr'>τῶν</span> <span class='ocrx_word' id='word_1_406' title='bbox 1381 3932 1521 3989; x_wconf 67' lang='grc' dir='ltr'>’ίσων</span> <span class='ocrx_word' id='word_1_407' title='bbox 1571 3936 1815 4009; x_wconf 79' lang='grc' dir='ltr'>ἀξιωθεὶς</span> <span class='ocrx_word' id='word_1_408' title='bbox 1860 3937 1955 3991; x_wconf 73' lang='lat' dir='ltr'>xui</span> 
     </span>
    </p>
   </div>
   <div class='ocr_carea' id='block_1_59' title="bbox 321 4018 1953 4098">
    <p class='ocr_par' dir='ltr' id='par_1_59' title="bbox 321 4018 1953 4098">
     <span class='ocr_line' id='line_1_60' title="bbox 321 4018 1953 4098; baseline 0.004 -25"><span class='ocrx_word' id='word_1_409' title='bbox 321 4020 464 4081; x_wconf 73' lang='grc' dir='ltr'>αὐτὸς</span> <span class='ocrx_word' id='word_1_410' title='bbox 512 4022 837 4095; x_wconf 79' lang='grc' dir='ltr'>εὐεργεσιῶν</span> <span class='ocrx_word' id='word_1_411' title='bbox 902 4021 994 4076; x_wconf 88' lang='grc' dir='ltr'>καὶ</span> <span class='ocrx_word' id='word_1_412' title='bbox 1062 4027 1261 4087; x_wconf 83' lang='grc' dir='ltr'>τιμῶν.</span> <span class='ocrx_word' id='word_1_413' title='bbox 1316 4018 1635 4080; x_wconf 78' lang='grc' dir='ltr'>Ἀνελάὸετο</span> <span class='ocrx_word' id='word_1_414' title='bbox 1702 4022 1759 4078; x_wconf 72' lang='grc' dir='ltr'>δὲ</span> <span class='ocrx_word' id='word_1_415' title='bbox 1838 4024 1953 4098; x_wconf 87' lang='grc' dir='ltr'>μεθ’</span> 
     </span>
    </p>
   </div>
   <div class='ocr_carea' id='block_1_60' title="bbox 321 4108 1951 4188">
    <p class='ocr_par' dir='ltr' id='par_1_60' title="bbox 321 4108 1951 4188">
     <span class='ocr_line' id='line_1_61' title="bbox 321 4108 1951 4188; baseline 0.004 -27"><span class='ocrx_word' id='word_1_416' title='bbox 321 4108 494 4163; x_wconf 71' lang='grc' dir='ltr'>ἑαυτοῦ</span> <span class='ocrx_word' id='word_1_417' title='bbox 546 4110 638 4164; x_wconf 85' lang='grc' dir='ltr'>καί</span> <span class='ocrx_word' id='word_1_418' title='bbox 696 4131 818 4165; x_wconf 88' lang='grc' dir='ltr'>τινα</span> <span class='ocrx_word' id='word_1_419' title='bbox 868 4112 1109 4187; x_wconf 82' lang='grc' dir='ltr'>μοναχὸν</span> <span class='ocrx_word' id='word_1_420' title='bbox 1157 4113 1418 4188; x_wconf 83' lang='grc' dir='ltr'>Ἰερόθεον</span> <span class='ocrx_word' id='word_1_421' title='bbox 1477 4111 1736 4187; x_wconf 70' lang='grc' dir='ltr'>τοῦνομα,</span> <span class='ocrx_word' id='word_1_422' title='bbox 1798 4112 1951 4184; x_wconf 82' lang='grc' dir='ltr'>δόξαν</span> 
     </span>
    </p>
   </div>
   <div class='ocr_carea' id='block_1_61' title="bbox 321 4194 1953 4277">
    <p class='ocr_par' dir='ltr' id='par_1_61' title="bbox 321 4194 1953 4277">
     <span class='ocr_line' id='line_1_62' title="bbox 321 4194 1953 4277; baseline 0.004 -27"><span class='ocrx_word' id='word_1_423' title='bbox 321 4194 585 4260; x_wconf 71' lang='grc' dir='ltr'>εὐλαϐείας</span> <span class='ocrx_word' id='word_1_424' title='bbox 645 4197 865 4275; x_wconf 71' lang='grc' dir='ltr'>ἔχοντα,</span> <span class='ocrx_word' id='word_1_425' title='bbox 926 4199 1215 4255; x_wconf 81' lang='grc' dir='ltr'>ἐπίσκοπον</span> <span class='ocrx_word' id='word_1_426' title='bbox 1298 4201 1562 4277; x_wconf 89' lang='grc' dir='ltr'>Τουρκίας</span> <span class='ocrx_word' id='word_1_427' title='bbox 1632 4203 1780 4273; x_wconf 76' lang='grc' dir='ltr'>παρὰ</span> <span class='ocrx_word' id='word_1_428' title='bbox 1855 4207 1953 4257; x_wconf 78' lang='grc' dir='ltr'>τοῦ</span> 
     </span>
    </p>
   </div>
   <div class='ocr_carea' id='block_1_62' title="bbox 322 4286 1953 4365">
    <p class='ocr_par' dir='ltr' id='par_1_62' title="bbox 322 4286 1953 4365">
     <span class='ocr_line' id='line_1_63' title="bbox 322 4286 1953 4365; baseline 0.004 -26"><span class='ocrx_word' id='word_1_429' title='bbox 322 4286 691 4364; x_wconf 66' lang='grc' dir='ltr'>Θεοφυλάκτου</span> <span class='ocrx_word' id='word_1_430' title='bbox 746 4288 1225 4363; x_wconf 73' lang='grc' dir='ltr'>χειροτονηθέντα,</span> <span class='ocrx_word' id='word_1_431' title='bbox 1297 4291 1356 4352; x_wconf 74' lang='grc' dir='ltr'>’ὀς</span> <span class='ocrx_word' id='word_1_432' title='bbox 1425 4289 1595 4346; x_wconf 77' lang='grc' dir='ltr'>ἐκεῖσε</span> <span class='ocrx_word' id='word_1_433' title='bbox 1662 4290 1953 4365; x_wconf 71' lang='grc' dir='ltr'>γενόμενος</span> 
     </span>
    </p>
   </div>
   <div class='ocr_carea' id='block_1_63' title="bbox 321 4373 1954 4453">
    <p class='ocr_par' dir='ltr' id='par_1_63' title="bbox 321 4373 1954 4453">
     <span class='ocr_line' id='line_1_64' title="bbox 321 4373 1954 4453; baseline 0.004 -26"><span class='ocrx_word' id='word_1_434' title='bbox 321 4374 548 4439; x_wconf 74' lang='grc' dir='ltr'>πολλοὺς</span> <span class='ocrx_word' id='word_1_435' title='bbox 582 4377 692 4432; x_wconf 84' lang='grc' dir='ltr'>άπὸ</span> <span class='ocrx_word' id='word_1_436' title='bbox 724 4384 823 4445; x_wconf 82' lang='grc' dir='ltr'>τῆς</span> <span class='ocrx_word' id='word_1_437' title='bbox 873 4373 1209 4453; x_wconf 76' lang='grc' dir='ltr'>βαρϐαρικῆς</span> <span class='ocrx_word' id='word_1_438' title='bbox 1264 4378 1480 4449; x_wconf 90' lang='grc' dir='ltr'>πλάνης</span> <span class='ocrx_word' id='word_1_439' title='bbox 1538 4378 1615 4441; x_wconf 80' lang='grc' dir='ltr'>είς</span> <span class='ocrx_word' id='word_1_440' title='bbox 1666 4379 1755 4433; x_wconf 89' lang='grc' dir='ltr'>τὸν</span> <span class='ocrx_word' id='word_1_441' title='bbox 1814 4386 1954 4453; x_wconf 82' lang='grc' dir='ltr'>Χρι-</span> 
     </span>
    </p>
   </div>
   <div class='ocr_carea' id='block_1_64' title="bbox 326 4465 1954 4541">
    <p class='ocr_par' dir='ltr' id='par_1_64' title="bbox 326 4465 1954 4541">
     <span class='ocr_line' id='line_1_65' title="bbox 326 4465 1954 4541; baseline 0.004 -23"><span class='ocrx_word' id='word_1_442' title='bbox 326 4466 620 4537; x_wconf 80' lang='grc' dir='ltr'>στιανισμὸν</span> <span class='ocrx_word' id='word_1_443' title='bbox 683 4465 1059 4541; x_wconf 62' lang='grc' dir='ltr'>ἆπανήγαγενν</span> <span class='ocrx_word' id='word_1_444' title='bbox 1110 4465 1273 4524; x_wconf 81' lang='grc' dir='ltr'>Ἀλλ’</span> <span class='ocrx_word' id='word_1_445' title='bbox 1332 4468 1360 4521; x_wconf 92' lang='lat'>6</span> <span class='ocrx_word' id='word_1_446' title='bbox 1422 4468 1516 4540; x_wconf 73' lang='grc' dir='ltr'>μὲν</span> <span class='ocrx_word' id='word_1_447' title='bbox 1596 4466 1769 4531; x_wconf 86' lang='grc' dir='ltr'>Γυλᾶς</span> <span class='ocrx_word' id='word_1_448' title='bbox 1846 4468 1954 4524; x_wconf 78' lang='grc' dir='ltr'>ἐνέ-</span> 
     </span>
    </p>
   </div>
   <div class='ocr_carea' id='block_1_65' title="bbox 327 4552 1954 4634">
    <p class='ocr_par' dir='ltr' id='par_1_65' title="bbox 327 4552 1954 4634">
     <span class='ocr_line' id='line_1_66' title="bbox 327 4552 1954 4634; baseline 0.003 -27"><span class='ocrx_word' id='word_1_449' title='bbox 327 4573 458 4622; x_wconf 77' lang='grc' dir='ltr'>μεινε</span> <span class='ocrx_word' id='word_1_450' title='bbox 500 4558 569 4628; x_wconf 79' lang='grc' dir='ltr'>τῇ</span> <span class='ocrx_word' id='word_1_451' title='bbox 618 4553 819 4623; x_wconf 89' lang='grc' dir='ltr'>πίστει,</span> <span class='ocrx_word' id='word_1_452' title='bbox 852 4556 979 4627; x_wconf 87' lang='grc' dir='ltr'>μήτ’</span> <span class='ocrx_word' id='word_1_453' title='bbox 1028 4554 1187 4618; x_wconf 75' lang='grc' dir='ltr'>αὐτὸς</span> <span class='ocrx_word' id='word_1_454' title='bbox 1236 4552 1427 4634; x_wconf 76' lang='grc' dir='ltr'>ἔφοὸόν</span> <span class='ocrx_word' id='word_1_455' title='bbox 1470 4576 1602 4611; x_wconf 89' lang='grc' dir='ltr'>ποτε</span> <span class='ocrx_word' id='word_1_456' title='bbox 1642 4557 1777 4612; x_wconf 73' lang='grc' dir='ltr'>κατὰ</span> <span class='ocrx_word' id='word_1_457' title='bbox 1823 4558 1954 4612; x_wconf 75' lang='grc' dir='ltr'>Ῥω-</span> 
     </span>
    </p>
   </div>
   <div class='ocr_carea' id='block_1_66' title="bbox 328 4642 1953 4720">
    <p class='ocr_par' dir='ltr' id='par_1_66' title="bbox 328 4642 1953 4720">
     <span class='ocr_line' id='line_1_67' title="bbox 328 4642 1953 4720; baseline 0.004 -26"><span class='ocrx_word' id='word_1_458' title='bbox 328 4642 483 4710; x_wconf 80' lang='grc' dir='ltr'>μαίων</span> <span class='ocrx_word' id='word_1_459' title='bbox 505 4644 852 4720; x_wconf 77' lang='grc' dir='ltr'>πεποιηκῲς,</span> <span class='ocrx_word' id='word_1_460' title='bbox 889 4646 1027 4716; x_wconf 83' lang='grc' dir='ltr'>μήτε</span> <span class='ocrx_word' id='word_1_461' title='bbox 1071 4644 1199 4707; x_wconf 86' lang='grc' dir='ltr'>τοὺς</span> <span class='ocrx_word' id='word_1_462' title='bbox 1244 4644 1643 4718; x_wconf 76' lang='grc' dir='ltr'>ἁλισκομένους</span> <span class='ocrx_word' id='word_1_463' title='bbox 1702 4649 1953 4720; x_wconf 83' lang='grc' dir='ltr'>Χριστια-</span> 
     </span>
    </p>
   </div>
   <div class='ocr_carea' id='block_1_67' title="bbox 324 4718 1769 4806">
    <p class='ocr_par' dir='ltr' id='par_1_67' title="bbox 324 4718 1769 4806">
     <span class='ocr_line' id='line_1_68' title="bbox 324 4718 1769 4806; baseline 0.006 -25"><span class='ocrx_word' id='word_1_464' title='bbox 324 4730 434 4792; x_wconf 66' lang='grc' dir='ltr'>νοῦς</span> <span class='ocrx_word' id='word_1_465' title='bbox 514 4718 901 4805; x_wconf 76' lang='grc' dir='ltr'>ἀτημελήτους</span> <span class='ocrx_word' id='word_1_466' title='bbox 986 4731 1110 4799; x_wconf 84' lang='grc' dir='ltr'>ἐῶν,</span> <span class='ocrx_word' id='word_1_467' title='bbox 1196 4731 1324 4789; x_wconf 80' lang='grc' dir='ltr'>ἀλλ’</span> <span class='ocrx_word' id='word_1_468' title='bbox 1405 4718 1769 4806; x_wconf 63' lang='grc' dir='ltr'>ἐξωνούμενος</span> 
     </span>
    </p>
   </div>
   <div class='ocr_carea' id='block_1_68' title="bbox 324 4818 1953 4897">
    <p class='ocr_par' dir='ltr' id='par_1_68' title="bbox 324 4818 1953 4897">
     <span class='ocr_line' id='line_1_69' title="bbox 324 4818 1953 4897; baseline 0.004 -26"><span class='ocrx_word' id='word_1_469' title='bbox 324 4818 621 4891; x_wconf 72' lang='grc' dir='ltr'>ἄπιμελείας</span> <span class='ocrx_word' id='word_1_470' title='bbox 678 4821 838 4891; x_wconf 78' lang='grc' dir='ltr'>ἀξιῶν</span> <span class='ocrx_word' id='word_1_471' title='bbox 908 4821 996 4875; x_wconf 78' lang='grc' dir='ltr'>καὶ</span> <span class='ocrx_word' id='word_1_472' title='bbox 1072 4820 1393 4897; x_wconf 71' lang='grc' dir='ltr'>ἐλευθερῶν.</span> <span class='ocrx_word' id='word_1_473' title='bbox 1454 4820 1840 4892; x_wconf 77' lang='grc' dir='ltr'>Βουλοσουδής</span> <span class='ocrx_word' id='word_1_474' title='bbox 1896 4821 1953 4877; x_wconf 72' lang='grc' dir='ltr'>δὲ</span> 
     </span>
    </p>
   </div>
   <div class='ocr_carea' id='block_1_69' title="bbox 321 4908 1948 4984">
    <p class='ocr_par' dir='ltr' id='par_1_69' title="bbox 321 4908 1948 4984">
     <span class='ocr_line' id='line_1_70' title="bbox 321 4908 1948 4984; baseline 0.003 -24"><span class='ocrx_word' id='word_1_475' title='bbox 321 4908 403 4969; x_wconf 68' lang='grc' dir='ltr'>τὰς</span> <span class='ocrx_word' id='word_1_476' title='bbox 454 4910 588 4984; x_wconf 79' lang='grc' dir='ltr'>πρὸς</span> <span class='ocrx_word' id='word_1_477' title='bbox 639 4910 766 4965; x_wconf 83' lang='grc' dir='ltr'>Θεὸν</span> <span class='ocrx_word' id='word_1_478' title='bbox 825 4911 1092 4980; x_wconf 85' lang='grc' dir='ltr'>συνθήκας</span> <span class='ocrx_word' id='word_1_479' title='bbox 1169 4911 1451 4982; x_wconf 80' lang='grc' dir='ltr'>ήθετηκὼς</span> <span class='ocrx_word' id='word_1_480' title='bbox 1528 4911 1801 4975; x_wconf 83' lang='grc' dir='ltr'>πολλάκις</span> <span class='ocrx_word' id='word_1_481' title='bbox 1857 4912 1948 4966; x_wconf 80' lang='grc' dir='ltr'>σὺν</span> 
     </span>
    </p>
   </div>
   <div class='ocr_carea' id='block_1_70' title="bbox 2056 2068 3696 2143">
    <p class='ocr_par' dir='ltr' id='par_1_70' title="bbox 2056 2068 3696 2143">
     <span class='ocr_line' id='line_1_71' title="bbox 2056 2068 3696 2143; baseline 0.002 -21"><span class='ocrx_word' id='word_1_482' title='bbox 2056 2068 2453 2123; x_wconf 87' lang='lat' dir='ltr'>cubicularius</span> <span class='ocrx_word' id='word_1_483' title='bbox 2501 2069 2570 2122; x_wconf 90' lang='lat' dir='ltr'>de</span> <span class='ocrx_word' id='word_1_484' title='bbox 2602 2069 2863 2123; x_wconf 82' lang='lat' dir='ltr'>Romano</span> <span class='ocrx_word' id='word_1_485' title='bbox 2895 2086 2961 2123; x_wconf 85' lang='lat' dir='ltr'>ex</span> <span class='ocrx_word' id='word_1_486' title='bbox 3013 2070 3204 2125; x_wconf 88' lang='lat' dir='ltr'>insula</span> <span class='ocrx_word' id='word_1_487' title='bbox 3236 2071 3405 2127; x_wconf 90' lang='lat' dir='ltr'>Prota</span> <span class='ocrx_word' id='word_1_488' title='bbox 3435 2072 3493 2126; x_wconf 90' lang='lat' dir='ltr'>in</span> <span class='ocrx_word' id='word_1_489' title='bbox 3535 2071 3696 2143; x_wconf 78' lang='lat' dir='ltr'>pala‘</span> 
     </span>
    </p>
   </div>
   <div class='ocr_carea' id='block_1_71' title="bbox 2058 2157 3696 2225">
    <p class='ocr_par' dir='ltr' id='par_1_71' title="bbox 2058 2157 3696 2225">
     <span class='ocr_line' id='line_1_72' title="bbox 2058 2157 3696 2225; baseline 0.002 -15"><span class='ocrx_word' id='word_1_490' title='bbox 2058 2157 2203 2211; x_wconf 85' lang='lat' dir='ltr'>tium</span> <span class='ocrx_word' id='word_1_491' title='bbox 2264 2158 2591 2212; x_wconf 88' lang='lat' dir='ltr'>reducendo</span> <span class='ocrx_word' id='word_1_492' title='bbox 2651 2157 2896 2213; x_wconf 89' lang='lat' dir='ltr'>consilia</span> <span class='ocrx_word' id='word_1_493' title='bbox 2952 2159 3241 2225; x_wconf 84' lang='lat' dir='ltr'>tractavit,</span> <span class='ocrx_word' id='word_1_494' title='bbox 3276 2159 3479 2216; x_wconf 89' lang='lat' dir='ltr'>multis</span> <span class='ocrx_word' id='word_1_495' title='bbox 3521 2160 3696 2216; x_wconf 87' lang='lat' dir='ltr'>etiam</span> 
     </span>
    </p>
   </div>
   <div class='ocr_carea' id='block_1_72' title="bbox 2058 2244 3697 2320">
    <p class='ocr_par' dir='ltr' id='par_1_72' title="bbox 2058 2244 3697 2320">
     <span class='ocr_line' id='line_1_73' title="bbox 2058 2244 3697 2320; baseline 0.001 -19"><span class='ocrx_word' id='word_1_496' title='bbox 2058 2245 2187 2301; x_wconf 88' lang='lat' dir='ltr'>aliis</span> <span class='ocrx_word' id='word_1_497' title='bbox 2218 2244 2490 2301; x_wconf 89' lang='lat' dir='ltr'>consciis.</span> <span class='ocrx_word' id='word_1_498' title='bbox 2523 2251 2593 2301; x_wconf 89' lang='lat' dir='ltr'>Et</span> <span class='ocrx_word' id='word_1_499' title='bbox 2641 2247 2738 2300; x_wconf 86' lang='lat' dir='ltr'>alii</span> <span class='ocrx_word' id='word_1_500' title='bbox 2790 2247 3053 2317; x_wconf 89' lang='lat' dir='ltr'>quidam,</span> <span class='ocrx_word' id='word_1_501' title='bbox 3086 2266 3295 2320; x_wconf 89' lang='lat' dir='ltr'>nempe</span> <span class='ocrx_word' id='word_1_502' title='bbox 3343 2250 3451 2305; x_wconf 88' lang='lat' dir='ltr'>Leo</span> <span class='ocrx_word' id='word_1_503' title='bbox 3499 2249 3697 2320; x_wconf 85' lang='lat' dir='ltr'>Clado,</span> 
     </span>
    </p>
   </div>
   <div class='ocr_carea' id='block_1_73' title="bbox 2059 2334 3699 2409">
    <p class='ocr_par' dir='ltr' id='par_1_73' title="bbox 2059 2334 3699 2409">
     <span class='ocr_line' id='line_1_74' title="bbox 2059 2334 3699 2409; baseline 0.001 -20"><span class='ocrx_word' id='word_1_504' title='bbox 2059 2334 2374 2406; x_wconf 86' lang='lat' dir='ltr'>Gregorius</span> <span class='ocrx_word' id='word_1_505' title='bbox 2424 2334 2684 2401; x_wconf 86' lang='lat' dir='ltr'>Macedo,</span> <span class='ocrx_word' id='word_1_506' title='bbox 2727 2335 3093 2391; x_wconf 88' lang='lat' dir='ltr'>Theodosius</span> <span class='ocrx_word' id='word_1_507' title='bbox 3139 2338 3416 2409; x_wconf 90' lang='lat' dir='ltr'>Stephani</span> <span class='ocrx_word' id='word_1_508' title='bbox 3464 2341 3699 2409; x_wconf 88' lang='lat' dir='ltr'>protos-</span> 
     </span>
    </p>
   </div>
   <div class='ocr_carea' id='block_1_74' title="bbox 2057 2423 3698 2497">
    <p class='ocr_par' dir='ltr' id='par_1_74' title="bbox 2057 2423 3698 2497">
     <span class='ocr_line' id='line_1_75' title="bbox 2057 2423 3698 2497; baseline 0.002 -21"><span class='ocrx_word' id='word_1_509' title='bbox 2057 2429 2260 2489; x_wconf 75' lang='lat' dir='ltr'>irator,</span> <span class='ocrx_word' id='word_1_510' title='bbox 2313 2427 2369 2477; x_wconf 90' lang='lat' dir='ltr'>et</span> <span class='ocrx_word' id='word_1_511' title='bbox 2422 2423 2679 2478; x_wconf 83' lang='lat' dir='ltr'>Joannes</span> <span class='ocrx_word' id='word_1_512' title='bbox 2739 2428 2947 2493; x_wconf 87' lang='lat' dir='ltr'>rector,</span> <span class='ocrx_word' id='word_1_513' title='bbox 3005 2424 3368 2496; x_wconf 87' lang='lat' dir='ltr'>Stephanum</span> <span class='ocrx_word' id='word_1_514' title='bbox 3423 2426 3698 2497; x_wconf 78' lang='lat' dir='ltr'>Mitylene</span> 
     </span>
    </p>
   </div>
   <div class='ocr_carea' id='block_1_75' title="bbox 2060 2512 3697 2583">
    <p class='ocr_par' dir='ltr' id='par_1_75' title="bbox 2060 2512 3697 2583">
     <span class='ocr_line' id='line_1_76' title="bbox 2060 2512 3697 2583; baseline 0.002 -17"><span class='ocrx_word' id='word_1_515' title='bbox 2060 2528 2328 2567; x_wconf 86' lang='lat' dir='ltr'>revocare</span> <span class='ocrx_word' id='word_1_516' title='bbox 2377 2516 2435 2566; x_wconf 89' lang='lat' dir='ltr'>et</span> <span class='ocrx_word' id='word_1_517' title='bbox 2483 2512 2797 2583; x_wconf 88' lang='lat' dir='ltr'>imperium</span> <span class='ocrx_word' id='word_1_518' title='bbox 2859 2514 2907 2566; x_wconf 91' lang='lat' dir='ltr'>ei</span> <span class='ocrx_word' id='word_1_519' title='bbox 2962 2514 3267 2570; x_wconf 84' lang='lat' dir='ltr'>restituere</span> <span class='ocrx_word' id='word_1_520' title='bbox 3318 2514 3502 2569; x_wconf 91' lang='lat' dir='ltr'>moliti</span> <span class='ocrx_word' id='word_1_521' title='bbox 3537 2520 3697 2569; x_wconf 86' lang='lat' dir='ltr'>sunt.</span> 
     </span>
    </p>
   </div>
   <div class='ocr_carea' id='block_1_76' title="bbox 2059 2602 3699 2675">
    <p class='ocr_par' dir='ltr' id='par_1_76' title="bbox 2059 2602 3699 2675">
     <span class='ocr_line' id='line_1_77' title="bbox 2059 2602 3699 2675; baseline 0.002 -19"><span class='ocrx_word' id='word_1_522' title='bbox 2059 2605 2192 2668; x_wconf 74' lang='lat' dir='ltr'>Quae</span> <span class='ocrx_word' id='word_1_523' title='bbox 2225 2602 2471 2657; x_wconf 87' lang='lat' dir='ltr'>consilia</span> <span class='ocrx_word' id='word_1_524' title='bbox 2502 2619 2633 2657; x_wconf 88' lang='lat' dir='ltr'>cum</span> <span class='ocrx_word' id='word_1_525' title='bbox 2667 2609 2862 2657; x_wconf 89' lang='lat' dir='ltr'>essent</span> <span class='ocrx_word' id='word_1_526' title='bbox 2893 2620 2925 2657; x_wconf 89' lang='lat' dir='ltr'>a</span> <span class='ocrx_word' id='word_1_527' title='bbox 2955 2603 3310 2674; x_wconf 88' lang='lat' dir='ltr'>quihusdam</span> <span class='ocrx_word' id='word_1_528' title='bbox 3344 2604 3699 2675; x_wconf 87' lang='lat' dir='ltr'>conjuratio-</span> 
     </span>
    </p>
   </div>
   <div class='ocr_carea' id='block_1_77' title="bbox 2059 2691 3697 2773">
    <p class='ocr_par' dir='ltr' id='par_1_77' title="bbox 2059 2691 3697 2773">
     <span class='ocr_line' id='line_1_78' title="bbox 2059 2691 3697 2773; baseline 0.001 -28"><span class='ocrx_word' id='word_1_529' title='bbox 2059 2708 2199 2746; x_wconf 91' lang='lat' dir='ltr'>num</span> <span class='ocrx_word' id='word_1_530' title='bbox 2234 2691 2618 2763; x_wconf 89' lang='lat' dir='ltr'>p0pularibus</span> <span class='ocrx_word' id='word_1_531' title='bbox 2669 2693 2915 2758; x_wconf 85' lang='lat' dir='ltr'>detecta,</span> <span class='ocrx_word' id='word_1_532' title='bbox 2945 2693 3330 2765; x_wconf 87' lang='lat' dir='ltr'>Theophanes</span> <span class='ocrx_word' id='word_1_533' title='bbox 3361 2695 3513 2773; x_wconf 61' lang='grc' dir='ltr'>σεδ</span> <span class='ocrx_word' id='word_1_534' title='bbox 3564 2711 3697 2749; x_wconf 87' lang='lat' dir='ltr'>cum</span> 
     </span>
    </p>
   </div>
   <div class='ocr_carea' id='block_1_78' title="bbox 2060 2780 3699 2855">
    <p class='ocr_par' dir='ltr' id='par_1_78' title="bbox 2060 2780 3699 2855">
     <span class='ocr_line' id='line_1_79' title="bbox 2060 2780 3699 2855; baseline 0.002 -22"><span class='ocrx_word' id='word_1_535' title='bbox 2060 2781 2183 2834; x_wconf 88' lang='lat' dir='ltr'>suis</span> <span class='ocrx_word' id='word_1_536' title='bbox 2234 2780 2409 2835; x_wconf 89' lang='lat' dir='ltr'>sociis</span> <span class='ocrx_word' id='word_1_537' title='bbox 2460 2786 2548 2835; x_wconf 89' lang='lat' dir='ltr'>est</span> <span class='ocrx_word' id='word_1_538' title='bbox 2597 2780 2929 2853; x_wconf 86' lang='lat' dir='ltr'>relegatus:</span> <span class='ocrx_word' id='word_1_539' title='bbox 2965 2782 3063 2853; x_wconf 88' lang='lat' dir='ltr'>qui</span> <span class='ocrx_word' id='word_1_540' title='bbox 3106 2800 3236 2838; x_wconf 89' lang='lat' dir='ltr'>vero</span> <span class='ocrx_word' id='word_1_541' title='bbox 3289 2783 3569 2855; x_wconf 88' lang='lat' dir='ltr'>Stephani</span> <span class='ocrx_word' id='word_1_542' title='bbox 3598 2799 3699 2837; x_wconf 85' lang='lat' dir='ltr'>ne-</span> 
     </span>
    </p>
   </div>
   <div class='ocr_carea' id='block_1_79' title="bbox 2057 2869 3702 2943">
    <p class='ocr_par' dir='ltr' id='par_1_79' title="bbox 2057 2869 3702 2943">
     <span class='ocr_line' id='line_1_80' title="bbox 2057 2869 3702 2943; baseline 0.002 -19"><span class='ocrx_word' id='word_1_543' title='bbox 2057 2869 2281 2939; x_wconf 84' lang='lat' dir='ltr'>gotium</span> <span class='ocrx_word' id='word_1_544' title='bbox 2350 2874 2751 2941; x_wconf 86' lang='lat' dir='ltr'>susceperant,</span> <span class='ocrx_word' id='word_1_545' title='bbox 2809 2870 3094 2926; x_wconf 86' lang='lat' dir='ltr'>verberati</span> <span class='ocrx_word' id='word_1_546' title='bbox 3155 2879 3314 2943; x_wconf 87' lang='lat' dir='ltr'>sunt,</span> <span class='ocrx_word' id='word_1_547' title='bbox 3384 2873 3537 2927; x_wconf 89' lang='lat' dir='ltr'>bona</span> <span class='ocrx_word' id='word_1_548' title='bbox 3601 2888 3702 2927; x_wconf 90' lang='lat' dir='ltr'>eo-</span> 
     </span>
    </p>
   </div>
   <div class='ocr_carea' id='block_1_80' title="bbox 2061 2959 3701 3032">
    <p class='ocr_par' dir='ltr' id='par_1_80' title="bbox 2061 2959 3701 3032">
     <span class='ocr_line' id='line_1_81' title="bbox 2061 2959 3701 3032; baseline 0.002 -20"><span class='ocrx_word' id='word_1_549' title='bbox 2061 2974 2189 3012; x_wconf 86' lang='lat' dir='ltr'>rum</span> <span class='ocrx_word' id='word_1_550' title='bbox 2236 2959 2557 3029; x_wconf 85' lang='lat' dir='ltr'>publicata,</span> <span class='ocrx_word' id='word_1_551' title='bbox 2586 2964 2643 3014; x_wconf 91' lang='lat' dir='ltr'>et</span> <span class='ocrx_word' id='word_1_552' title='bbox 2700 2960 2940 3015; x_wconf 89' lang='lat' dir='ltr'>naribus</span> <span class='ocrx_word' id='word_1_553' title='bbox 2997 2960 3256 3032; x_wconf 69' lang='lat' dir='ltr'>praecisis</span> <span class='ocrx_word' id='word_1_554' title='bbox 3312 2961 3369 3016; x_wconf 89' lang='lat' dir='ltr'>in</span> <span class='ocrx_word' id='word_1_555' title='bbox 3428 2960 3701 3017; x_wconf 87' lang='lat' dir='ltr'>exsilium</span> 
     </span>
    </p>
   </div>
   <div class='ocr_carea' id='block_1_81' title="bbox 2058 3046 2192 3101">
    <p class='ocr_par' dir='ltr' id='par_1_81' title="bbox 2058 3046 2192 3101">
     <span class='ocr_line' id='line_1_82' title="bbox 2058 3046 2192 3101; baseline -0.007 -1"><span class='ocrx_word' id='word_1_556' title='bbox 2058 3046 2192 3101; x_wconf 90' lang='lat' dir='ltr'>acti.</span> 
     </span>
    </p>
   </div>
   <div class='ocr_carea' id='block_1_82' title="bbox 2131 3134 3700 3195">
    <p class='ocr_par' dir='ltr' id='par_1_82' title="bbox 2131 3134 3700 3195">
     <span class='ocr_line' id='line_1_83' title="bbox 2131 3134 3700 3195; baseline 0.003 -6"><span class='ocrx_word' id='word_1_557' title='bbox 2131 3134 2407 3191; x_wconf 59' lang='lat' dir='ltr'>Caeterum</span> <span class='ocrx_word' id='word_1_558' title='bbox 2441 3139 2607 3190; x_wconf 93' lang='lat' dir='ltr'>Turci</span> <span class='ocrx_word' id='word_1_559' title='bbox 2644 3154 2757 3192; x_wconf 91' lang='lat' dir='ltr'>non</span> <span class='ocrx_word' id='word_1_560' title='bbox 2799 3142 2931 3193; x_wconf 89' lang='lat' dir='ltr'>ante</span> <span class='ocrx_word' id='word_1_561' title='bbox 2979 3139 3156 3193; x_wconf 89' lang='lat' dir='ltr'>ﬁnem</span> <span class='ocrx_word' id='word_1_562' title='bbox 3208 3140 3469 3195; x_wconf 85' lang='lat' dir='ltr'>fecerunt</span> <span class='ocrx_word' id='word_1_563' title='bbox 3500 3139 3558 3193; x_wconf 91' lang='lat' dir='ltr'>in</span> <span class='ocrx_word' id='word_1_564' title='bbox 3590 3143 3700 3194; x_wconf 81' lang='lat' dir='ltr'>Ro-</span> 
     </span>
    </p>
   </div>
   <div class='ocr_carea' id='block_1_83' title="bbox 2060 3224 3700 3298">
    <p class='ocr_par' dir='ltr' id='par_1_83' title="bbox 2060 3224 3700 3298">
     <span class='ocr_line' id='line_1_84' title="bbox 2060 3224 3700 3298; baseline 0.003 -20"><span class='ocrx_word' id='word_1_565' title='bbox 2060 3241 2263 3278; x_wconf 76' lang='lat' dir='ltr'>manas</span> <span class='ocrx_word' id='word_1_566' title='bbox 2294 3224 2545 3279; x_wconf 91' lang='lat' dir='ltr'>ditiones</span> <span class='ocrx_word' id='word_1_567' title='bbox 2577 3227 2907 3296; x_wconf 85' lang='lat' dir='ltr'>grassandi,</span> <span class='ocrx_word' id='word_1_568' title='bbox 2944 3245 3119 3298; x_wconf 88' lang='lat' dir='ltr'>quam</span> <span class='ocrx_word' id='word_1_569' title='bbox 3151 3228 3468 3283; x_wconf 90' lang='lat' dir='ltr'>Bulosudes</span> <span class='ocrx_word' id='word_1_570' title='bbox 3500 3246 3700 3283; x_wconf 87' lang='lat' dir='ltr'>eorum</span> 
     </span>
    </p>
   </div>
   <div class='ocr_carea' id='block_1_84' title="bbox 2062 3312 3706 3384">
    <p class='ocr_par' dir='ltr' id='par_1_84' title="bbox 2062 3312 3706 3384">
     <span class='ocr_line' id='line_1_85' title="bbox 2062 3312 3706 3384; baseline 0.002 -18"><span class='ocrx_word' id='word_1_571' title='bbox 2062 3312 2333 3384; x_wconf 84' lang='lat' dir='ltr'>princeps</span> <span class='ocrx_word' id='word_1_572' title='bbox 2374 3313 2548 3367; x_wconf 83' lang='lat' dir='ltr'>fidem</span> <span class='ocrx_word' id='word_1_573' title='bbox 2582 3330 2644 3367; x_wconf 90' lang='lat' dir='ltr'>se</span> <span class='ocrx_word' id='word_1_574' title='bbox 2676 3313 2946 3384; x_wconf 90' lang='lat' dir='ltr'>amplecti</span> <span class='ocrx_word' id='word_1_575' title='bbox 2992 3315 3383 3371; x_wconf 86' lang='lat' dir='ltr'>Christianam</span> <span class='ocrx_word' id='word_1_576' title='bbox 3420 3316 3706 3371; x_wconf 89' lang='lat' dir='ltr'>simulans</span> 
     </span>
    </p>
   </div>
   <div class='ocr_carea' id='block_1_85' title="bbox 2059 3400 3707 3472">
    <p class='ocr_par' dir='ltr' id='par_1_85' title="bbox 2059 3400 3707 3472">
     <span class='ocr_line' id='line_1_86' title="bbox 2059 3400 3707 3472; baseline 0.002 -17"><span class='ocrx_word' id='word_1_577' title='bbox 2059 3400 2256 3472; x_wconf 88' lang='lat' dir='ltr'>Cpolin</span> <span class='ocrx_word' id='word_1_578' title='bbox 2289 3401 2468 3470; x_wconf 90' lang='lat' dir='ltr'>venit,</span> <span class='ocrx_word' id='word_1_579' title='bbox 2501 3402 2949 3472; x_wconf 88' lang='lat' dir='ltr'>baptizatusque</span> <span class='ocrx_word' id='word_1_580' title='bbox 2996 3403 3074 3457; x_wconf 90' lang='lat' dir='ltr'>ibi</span> <span class='ocrx_word' id='word_1_581' title='bbox 3120 3421 3153 3457; x_wconf 91' lang='lat' dir='ltr'>a</span> <span class='ocrx_word' id='word_1_582' title='bbox 3182 3404 3567 3459; x_wconf 87' lang='lat' dir='ltr'>Constantino</span> <span class='ocrx_word' id='word_1_583' title='bbox 3616 3409 3707 3459; x_wconf 83' lang='lat' dir='ltr'>est</span> 
     </span>
    </p>
   </div>
   <div class='ocr_carea' id='block_1_86' title="bbox 2061 3490 3705 3563">
    <p class='ocr_par' dir='ltr' id='par_1_86' title="bbox 2061 3490 3705 3563">
     <span class='ocr_line' id='line_1_87' title="bbox 2061 3490 3705 3563; baseline 0.001 -18"><span class='ocrx_word' id='word_1_584' title='bbox 2061 3494 2359 3561; x_wconf 84' lang='lat' dir='ltr'>exceptus,</span> <span class='ocrx_word' id='word_1_585' title='bbox 2410 3490 2480 3544; x_wconf 86' lang='lat' dir='ltr'>ab</span> <span class='ocrx_word' id='word_1_586' title='bbox 2529 3506 2713 3561; x_wconf 89' lang='lat' dir='ltr'>eoque</span> <span class='ocrx_word' id='word_1_587' title='bbox 2758 3491 2984 3561; x_wconf 85' lang='lat' dir='ltr'>patricii</span> <span class='ocrx_word' id='word_1_588' title='bbox 3034 3492 3319 3563; x_wconf 87' lang='lat' dir='ltr'>dignitate</span> <span class='ocrx_word' id='word_1_589' title='bbox 3366 3498 3423 3547; x_wconf 90' lang='lat' dir='ltr'>et</span> <span class='ocrx_word' id='word_1_590' title='bbox 3473 3493 3705 3563; x_wconf 85' lang='lat' dir='ltr'>magnis</span> 
     </span>
    </p>
   </div>
   <div class='ocr_carea' id='block_1_87' title="bbox 2061 3579 3704 3650">
    <p class='ocr_par' dir='ltr' id='par_1_87' title="bbox 2061 3579 3704 3650">
     <span class='ocr_line' id='line_1_88' title="bbox 2061 3579 3704 3650; baseline 0.003 -18"><span class='ocrx_word' id='word_1_591' title='bbox 2061 3579 2232 3634; x_wconf 90' lang='lat' dir='ltr'>donis</span> <span class='ocrx_word' id='word_1_592' title='bbox 2263 3584 2506 3634; x_wconf 89' lang='lat' dir='ltr'>ornatus</span> <span class='ocrx_word' id='word_1_593' title='bbox 2529 3579 2865 3650; x_wconf 86' lang='lat' dir='ltr'>ditatusque</span> <span class='ocrx_word' id='word_1_594' title='bbox 2883 3580 3122 3635; x_wconf 89' lang='lat' dir='ltr'>domum</span> <span class='ocrx_word' id='word_1_595' title='bbox 3150 3580 3339 3636; x_wconf 89' lang='lat' dir='ltr'>rediit.</span> <span class='ocrx_word' id='word_1_596' title='bbox 3371 3581 3496 3637; x_wconf 91' lang='lat' dir='ltr'>Non</span> <span class='ocrx_word' id='word_1_597' title='bbox 3520 3580 3704 3637; x_wconf 89' lang='lat' dir='ltr'>multo</span> 
     </span>
    </p>
   </div>
   <div class='ocr_carea' id='block_1_88' title="bbox 2063 3667 3701 3742">
    <p class='ocr_par' dir='ltr' id='par_1_88' title="bbox 2063 3667 3701 3742">
     <span class='ocr_line' id='line_1_89' title="bbox 2063 3667 3701 3742; baseline 0.002 -19"><span class='ocrx_word' id='word_1_598' title='bbox 2063 3673 2193 3739; x_wconf 83' lang='lat' dir='ltr'>post</span> <span class='ocrx_word' id='word_1_599' title='bbox 2223 3668 2417 3740; x_wconf 84' lang='lat' dir='ltr'>Gylas,</span> <span class='ocrx_word' id='word_1_600' title='bbox 2450 3667 2576 3740; x_wconf 89' lang='lat' dir='ltr'>ipse</span> <span class='ocrx_word' id='word_1_601' title='bbox 2607 3685 2839 3740; x_wconf 88' lang='lat' dir='ltr'>quoque</span> <span class='ocrx_word' id='word_1_602' title='bbox 2870 3669 3154 3725; x_wconf 90' lang='lat' dir='ltr'>Turcicus</span> <span class='ocrx_word' id='word_1_603' title='bbox 3186 3670 3477 3742; x_wconf 86' lang='lat' dir='ltr'>princeps,</span> <span class='ocrx_word' id='word_1_604' title='bbox 3500 3673 3701 3727; x_wconf 88' lang='lat' dir='ltr'>eodem</span> 
     </span>
    </p>
   </div>
   <div class='ocr_carea' id='block_1_89' title="bbox 2063 3757 3709 3831">
    <p class='ocr_par' dir='ltr' id='par_1_89' title="bbox 2063 3757 3709 3831">
     <span class='ocr_line' id='line_1_90' title="bbox 2063 3757 3709 3831; baseline 0.003 -21"><span class='ocrx_word' id='word_1_605' title='bbox 2063 3772 2125 3810; x_wconf 91' lang='lat' dir='ltr'>se</span> <span class='ocrx_word' id='word_1_606' title='bbox 2171 3757 2436 3826; x_wconf 87' lang='lat' dir='ltr'>ejusdem</span> <span class='ocrx_word' id='word_1_607' title='bbox 2486 3757 2567 3813; x_wconf 90' lang='lat' dir='ltr'>rei</span> <span class='ocrx_word' id='word_1_608' title='bbox 2619 3774 2797 3813; x_wconf 85' lang='lat' dir='ltr'>causa</span> <span class='ocrx_word' id='word_1_609' title='bbox 2840 3759 3099 3826; x_wconf 86' lang='lat' dir='ltr'>confert;</span> <span class='ocrx_word' id='word_1_610' title='bbox 3159 3761 3604 3831; x_wconf 87' lang='lat' dir='ltr'>baptizatusque</span> <span class='ocrx_word' id='word_1_611' title='bbox 3651 3767 3709 3817; x_wconf 88' lang='lat' dir='ltr'>et</span> 
     </span>
    </p>
   </div>
   <div class='ocr_carea' id='block_1_90' title="bbox 2062 3846 3706 3916">
    <p class='ocr_par' dir='ltr' id='par_1_90' title="bbox 2062 3846 3706 3916">
     <span class='ocr_line' id='line_1_91' title="bbox 2062 3846 3706 3916; baseline 0.003 -17"><span class='ocrx_word' id='word_1_612' title='bbox 2062 3846 2262 3900; x_wconf 92' lang='lat' dir='ltr'>eodem</span> <span class='ocrx_word' id='word_1_613' title='bbox 2284 3862 2398 3916; x_wconf 90' lang='lat' dir='ltr'>quo</span> <span class='ocrx_word' id='word_1_614' title='bbox 2422 3846 2581 3916; x_wconf 89' lang='lat' dir='ltr'>prior</span> <span class='ocrx_word' id='word_1_615' title='bbox 2601 3847 2773 3901; x_wconf 89' lang='lat' dir='ltr'>modo</span> <span class='ocrx_word' id='word_1_616' title='bbox 2795 3852 3080 3903; x_wconf 87' lang='lat' dir='ltr'>tractatus</span> <span class='ocrx_word' id='word_1_617' title='bbox 3121 3849 3475 3903; x_wconf 87' lang='lat' dir='ltr'>monachum</span> <span class='ocrx_word' id='word_1_618' title='bbox 3507 3866 3706 3904; x_wconf 89' lang='lat' dir='ltr'>secum</span> 
     </span>
    </p>
   </div>
   <div class='ocr_carea' id='block_1_91' title="bbox 2064 3932 3705 4009">
    <p class='ocr_par' dir='ltr' id='par_1_91' title="bbox 2064 3932 3705 4009">
     <span class='ocr_line' id='line_1_92' title="bbox 2064 3932 3705 4009; baseline 0.003 -22"><span class='ocrx_word' id='word_1_619' title='bbox 2064 3934 2305 3988; x_wconf 83' lang='lat' dir='ltr'>abduxit</span> <span class='ocrx_word' id='word_1_620' title='bbox 2336 3932 2976 4006; x_wconf 88' lang='lat' dir='ltr'>Hierotheum,pietatis</span> <span class='ocrx_word' id='word_1_621' title='bbox 3007 3937 3162 3991; x_wconf 83' lang='lat' dir='ltr'>fama</span> <span class='ocrx_word' id='word_1_622' title='bbox 3191 3937 3500 4005; x_wconf 89' lang='lat' dir='ltr'>celebrem,</span> <span class='ocrx_word' id='word_1_623' title='bbox 3531 3955 3705 4009; x_wconf 91' lang='lat' dir='ltr'>quem</span> 
     </span>
    </p>
   </div>
   <div class='ocr_carea' id='block_1_92' title="bbox 2062 4023 3708 4096">
    <p class='ocr_par' dir='ltr' id='par_1_92' title="bbox 2062 4023 3708 4096">
     <span class='ocr_line' id='line_1_93' title="bbox 2062 4023 3708 4096; baseline 0.002 -18"><span class='ocrx_word' id='word_1_624' title='bbox 2062 4023 2281 4078; x_wconf 76' lang='lat' dir='ltr'>Turcize</span> <span class='ocrx_word' id='word_1_625' title='bbox 2306 4023 2648 4095; x_wconf 88' lang='lat' dir='ltr'>episcopum</span> <span class='ocrx_word' id='word_1_626' title='bbox 2696 4024 3162 4095; x_wconf 84' lang='lat' dir='ltr'>Theophylactus</span> <span class='ocrx_word' id='word_1_627' title='bbox 3195 4026 3526 4096; x_wconf 87' lang='lat' dir='ltr'>patriarcha</span> <span class='ocrx_word' id='word_1_628' title='bbox 3555 4026 3708 4082; x_wconf 88' lang='lat' dir='ltr'>desi-</span> 
     </span>
    </p>
   </div>
   <div class='ocr_carea' id='block_1_93' title="bbox 2064 4112 3707 4184">
    <p class='ocr_par' dir='ltr' id='par_1_93' title="bbox 2064 4112 3707 4184">
     <span class='ocr_line' id='line_1_94' title="bbox 2064 4112 3707 4184; baseline 0.002 -19"><span class='ocrx_word' id='word_1_629' title='bbox 2064 4112 2281 4182; x_wconf 81' lang='lat' dir='ltr'>gnavit.</span> <span class='ocrx_word' id='word_1_630' title='bbox 2318 4113 2488 4184; x_wconf 88' lang='lat' dir='ltr'>Isque</span> <span class='ocrx_word' id='word_1_631' title='bbox 2520 4118 2582 4167; x_wconf 91' lang='lat' dir='ltr'>ut</span> <span class='ocrx_word' id='word_1_632' title='bbox 2629 4113 2688 4168; x_wconf 94' lang='lat' dir='ltr'>in</span> <span class='ocrx_word' id='word_1_633' title='bbox 2738 4113 3012 4169; x_wconf 90' lang='lat' dir='ltr'>Turciam</span> <span class='ocrx_word' id='word_1_634' title='bbox 3057 4114 3233 4181; x_wconf 88' lang='lat' dir='ltr'>venit,</span> <span class='ocrx_word' id='word_1_635' title='bbox 3269 4115 3485 4171; x_wconf 89' lang='lat' dir='ltr'>multos</span> <span class='ocrx_word' id='word_1_636' title='bbox 3516 4133 3549 4171; x_wconf 85' lang='lat' dir='ltr'>a</span> <span class='ocrx_word' id='word_1_637' title='bbox 3578 4116 3707 4172; x_wconf 82' lang='lat' dir='ltr'>bar-</span> 
     </span>
    </p>
   </div>
   <div class='ocr_carea' id='block_1_94' title="bbox 2064 4199 3705 4274">
    <p class='ocr_par' dir='ltr' id='par_1_94' title="bbox 2064 4199 3705 4274">
     <span class='ocr_line' id='line_1_95' title="bbox 2064 4199 3705 4274; baseline 0.003 -21"><span class='ocrx_word' id='word_1_638' title='bbox 2064 4199 2262 4255; x_wconf 81' lang='lat' dir='ltr'>barica</span> <span class='ocrx_word' id='word_1_639' title='bbox 2295 4201 2495 4255; x_wconf 75' lang='lat' dir='ltr'>fraude</span> <span class='ocrx_word' id='word_1_640' title='bbox 2524 4203 2596 4257; x_wconf 92' lang='lat' dir='ltr'>ad</span> <span class='ocrx_word' id='word_1_641' title='bbox 2628 4201 3019 4257; x_wconf 84' lang='lat' dir='ltr'>Christianam</span> <span class='ocrx_word' id='word_1_642' title='bbox 3053 4202 3393 4274; x_wconf 90' lang='lat' dir='ltr'>religionem</span> <span class='ocrx_word' id='word_1_643' title='bbox 3425 4205 3705 4259; x_wconf 82' lang='lat' dir='ltr'>traduxit.</span> 
     </span>
    </p>
   </div>
   <div class='ocr_carea' id='block_1_95' title="bbox 2065 4289 3708 4363">
    <p class='ocr_par' dir='ltr' id='par_1_95' title="bbox 2065 4289 3708 4363">
     <span class='ocr_line' id='line_1_96' title="bbox 2065 4289 3708 4363; baseline 0.003 -20"><span class='ocrx_word' id='word_1_644' title='bbox 2065 4294 2143 4344; x_wconf 87' lang='lat' dir='ltr'>Ac</span> <span class='ocrx_word' id='word_1_645' title='bbox 2174 4289 2349 4361; x_wconf 82' lang='lat' dir='ltr'>Gylas</span> <span class='ocrx_word' id='word_1_646' title='bbox 2378 4290 2614 4361; x_wconf 89' lang='lat' dir='ltr'>quidem</span> <span class='ocrx_word' id='word_1_647' title='bbox 2645 4291 2703 4344; x_wconf 89' lang='lat' dir='ltr'>in</span> <span class='ocrx_word' id='word_1_648' title='bbox 2736 4291 2848 4345; x_wconf 86' lang='lat' dir='ltr'>fide</span> <span class='ocrx_word' id='word_1_649' title='bbox 2888 4292 3245 4362; x_wconf 88' lang='lat' dir='ltr'>permansit;</span> <span class='ocrx_word' id='word_1_650' title='bbox 3279 4297 3335 4347; x_wconf 90' lang='lat' dir='ltr'>et</span> <span class='ocrx_word' id='word_1_651' title='bbox 3365 4308 3552 4363; x_wconf 90' lang='lat' dir='ltr'>neque</span> <span class='ocrx_word' id='word_1_652' title='bbox 3584 4292 3708 4363; x_wconf 89' lang='lat' dir='ltr'>ipse</span> 
     </span>
    </p>
   </div>
   <div class='ocr_carea' id='block_1_96' title="bbox 2066 4378 3708 4452">
    <p class='ocr_par' dir='ltr' id='par_1_96' title="bbox 2066 4378 3708 4452">
     <span class='ocr_line' id='line_1_97' title="bbox 2066 4378 3708 4452; baseline 0.002 -20"><span class='ocrx_word' id='word_1_653' title='bbox 2066 4379 2123 4433; x_wconf 89' lang='lat' dir='ltr'>in</span> <span class='ocrx_word' id='word_1_654' title='bbox 2158 4378 2451 4434; x_wconf 85' lang='lat' dir='ltr'>Romanos</span> <span class='ocrx_word' id='word_1_655' title='bbox 2500 4379 2918 4450; x_wconf 89' lang='lat' dir='ltr'>impressiones</span> <span class='ocrx_word' id='word_1_656' title='bbox 2948 4380 3102 4445; x_wconf 83' lang='lat' dir='ltr'>fecit,</span> <span class='ocrx_word' id='word_1_657' title='bbox 3134 4384 3189 4435; x_wconf 90' lang='lat' dir='ltr'>et</span> <span class='ocrx_word' id='word_1_658' title='bbox 3219 4381 3478 4452; x_wconf 90' lang='lat' dir='ltr'>captivos</span> <span class='ocrx_word' id='word_1_659' title='bbox 3506 4381 3708 4436; x_wconf 89' lang='lat' dir='ltr'>Chris—</span> 
     </span>
    </p>
   </div>
   <div class='ocr_carea' id='block_1_97' title="bbox 2065 4468 3704 4540">
    <p class='ocr_par' dir='ltr' id='par_1_97' title="bbox 2065 4468 3704 4540">
     <span class='ocr_line' id='line_1_98' title="bbox 2065 4468 3704 4540; baseline 0.001 -18"><span class='ocrx_word' id='word_1_660' title='bbox 2065 4468 2261 4522; x_wconf 89' lang='lat' dir='ltr'>tianos</span> <span class='ocrx_word' id='word_1_661' title='bbox 2310 4484 2510 4523; x_wconf 89' lang='lat' dir='ltr'>emens</span> <span class='ocrx_word' id='word_1_662' title='bbox 2559 4469 2802 4537; x_wconf 87' lang='lat' dir='ltr'>curavit,</span> <span class='ocrx_word' id='word_1_663' title='bbox 2850 4468 3296 4540; x_wconf 86' lang='lat' dir='ltr'>libertatemque</span> <span class='ocrx_word' id='word_1_664' title='bbox 3326 4469 3398 4526; x_wconf 92' lang='lat' dir='ltr'>iis</span> <span class='ocrx_word' id='word_1_665' title='bbox 3428 4470 3704 4525; x_wconf 86' lang='lat' dir='ltr'>reddidit.</span> 
     </span>
    </p>
   </div>
   <div class='ocr_carea' id='block_1_98' title="bbox 2066 4557 3706 4629">
    <p class='ocr_par' dir='ltr' id='par_1_98' title="bbox 2066 4557 3706 4629">
     <span class='ocr_line' id='line_1_99' title="bbox 2066 4557 3706 4629; baseline 0.001 -16"><span class='ocrx_word' id='word_1_666' title='bbox 2066 4557 2385 4613; x_wconf 87' lang='lat' dir='ltr'>Bolosudes</span> <span class='ocrx_word' id='word_1_667' title='bbox 2417 4560 2611 4612; x_wconf 89' lang='lat' dir='ltr'>autem</span> <span class='ocrx_word' id='word_1_668' title='bbox 2644 4558 2831 4627; x_wconf 88' lang='lat' dir='ltr'>pactis</span> <span class='ocrx_word' id='word_1_669' title='bbox 2862 4574 2989 4629; x_wconf 72' lang='lat' dir='ltr'>quas</span> <span class='ocrx_word' id='word_1_670' title='bbox 3040 4576 3172 4614; x_wconf 89' lang='lat' dir='ltr'>cum</span> <span class='ocrx_word' id='word_1_671' title='bbox 3208 4563 3320 4615; x_wconf 91' lang='lat' dir='ltr'>Deo</span> <span class='ocrx_word' id='word_1_672' title='bbox 3372 4559 3583 4615; x_wconf 83' lang='lat' dir='ltr'>inierat</span> <span class='ocrx_word' id='word_1_673' title='bbox 3615 4575 3706 4614; x_wconf 75' lang='lat' dir='ltr'>re~</span> 
     </span>
    </p>
   </div>
   <div class='ocr_carea' id='block_1_99' title="bbox 2065 4646 3707 4718">
    <p class='ocr_par' dir='ltr' id='par_1_99' title="bbox 2065 4646 3707 4718">
     <span class='ocr_line' id='line_1_100' title="bbox 2065 4646 3707 4718; baseline 0 -17"><span class='ocrx_word' id='word_1_674' title='bbox 2065 4646 2289 4715; x_wconf 88' lang='lat' dir='ltr'>scissis,</span> <span class='ocrx_word' id='word_1_675' title='bbox 2323 4662 2474 4716; x_wconf 66' lang='lat' dir='ltr'>saepe</span> <span class='ocrx_word' id='word_1_676' title='bbox 2504 4661 2637 4700; x_wconf 89' lang='lat' dir='ltr'>cum</span> <span class='ocrx_word' id='word_1_677' title='bbox 2671 4647 2946 4702; x_wconf 86' lang='lat' dir='ltr'>omnibus</span> <span class='ocrx_word' id='word_1_678' title='bbox 2976 4649 3099 4702; x_wconf 90' lang='lat' dir='ltr'>suis</span> <span class='ocrx_word' id='word_1_679' title='bbox 3132 4648 3191 4701; x_wconf 88' lang='lat' dir='ltr'>in</span> <span class='ocrx_word' id='word_1_680' title='bbox 3223 4648 3514 4703; x_wconf 77' lang='lat' dir='ltr'>Romanos</span> <span class='ocrx_word' id='word_1_681' title='bbox 3542 4663 3707 4718; x_wconf 80' lang='lat' dir='ltr'>expe-</span> 
     </span>
    </p>
   </div>
   <div class='ocr_carea' id='block_1_100' title="bbox 1869 4722 3700 4805">
    <p class='ocr_par' dir='ltr' id='par_1_100' title="bbox 1869 4722 3700 4805">
     <span class='ocr_line' id='line_1_101' title="bbox 1869 4722 3700 4805; baseline 0.001 -16"><span class='ocrx_word' id='word_1_682' title='bbox 1869 4734 1956 4789; x_wconf 88' lang='lat' dir='ltr'>xui</span> <span class='ocrx_word' id='word_1_683' title='bbox 1986 4722 2032 4786; x_wconf 88' lang='lat' dir='ltr'><strong>D</strong></span> <span class='ocrx_word' id='word_1_684' title='bbox 2064 4735 2344 4789; x_wconf 90' lang='lat' dir='ltr'>ditionem</span> <span class='ocrx_word' id='word_1_685' title='bbox 2380 4735 2835 4805; x_wconf 87' lang='lat' dir='ltr'>suscepit.Quod</span> <span class='ocrx_word' id='word_1_686' title='bbox 2870 4734 3024 4790; x_wconf 92' lang='lat' dir='ltr'>idem</span> <span class='ocrx_word' id='word_1_687' title='bbox 3056 4740 3261 4793; x_wconf 89' lang='lat' dir='ltr'>contra</span> <span class='ocrx_word' id='word_1_688' title='bbox 3292 4737 3543 4791; x_wconf 87' lang='lat' dir='ltr'>Francos</span> <span class='ocrx_word' id='word_1_689' title='bbox 3573 4741 3700 4791; x_wconf 81' lang='lat' dir='ltr'>ten-</span> 
     </span>
    </p>
   </div>
   <div class='ocr_carea' id='block_1_101' title="bbox 2061 4824 3729 4898">
    <p class='ocr_par' dir='ltr' id='par_1_101' title="bbox 2061 4824 3729 4898">
     <span class='ocr_line' id='line_1_102' title="bbox 2061 4824 3729 4898; baseline 0.001 -20"><span class='ocrx_word' id='word_1_690' title='bbox 2061 4830 2193 4879; x_wconf 85' lang='lat' dir='ltr'>tans</span> <span class='ocrx_word' id='word_1_691' title='bbox 2225 4828 2429 4893; x_wconf 89' lang='lat' dir='ltr'>captus</span> <span class='ocrx_word' id='word_1_692' title='bbox 2488 4829 2544 4879; x_wconf 88' lang='lat' dir='ltr'>et</span> <span class='ocrx_word' id='word_1_693' title='bbox 2585 4824 2656 4879; x_wconf 88' lang='lat' dir='ltr'>ab</span> <span class='ocrx_word' id='word_1_694' title='bbox 2688 4840 2890 4879; x_wconf 90' lang='lat' dir='ltr'>eorum</span> <span class='ocrx_word' id='word_1_695' title='bbox 2942 4842 3074 4897; x_wconf 88' lang='lat' dir='ltr'>rege</span> <span class='ocrx_word' id='word_1_696' title='bbox 3117 4826 3342 4882; x_wconf 87' lang='lat' dir='ltr'>Joanne</span> <span class='ocrx_word' id='word_1_697' title='bbox 3391 4826 3451 4881; x_wconf 91' lang='lat' dir='ltr'>in</span> <span class='ocrx_word' id='word_1_698' title='bbox 3501 4824 3729 4898; x_wconf 50' lang='lat' dir='ltr'>palum‘</span> 
     </span>
    </p>
   </div>
   <div class='ocr_carea' id='block_1_102' title="bbox 2060 4915 2442 4969">
    <p class='ocr_par' dir='ltr' id='par_1_102' title="bbox 2060 4915 2442 4969">
     <span class='ocr_line' id='line_1_103' title="bbox 2060 4915 2442 4969; baseline -0.01 0"><span class='ocrx_word' id='word_1_699' title='bbox 2060 4915 2309 4969; x_wconf 79' lang='lat' dir='ltr'>sufﬁxus</span> <span class='ocrx_word' id='word_1_700' title='bbox 2336 4918 2442 4968; x_wconf 90' lang='lat' dir='ltr'>est.</span> 
     </span>
    </p>
   </div>
   <div class='ocr_carea' id='block_1_103' title="bbox 320 4998 3701 5075">
    <p class='ocr_par' dir='ltr' id='par_1_103' title="bbox 320 4998 3701 5075">
     <span class='ocr_line' id='line_1_104' title="bbox 320 4998 3701 5075; baseline 0.002 -26"><span class='ocrx_word' id='word_1_701' title='bbox 320 5001 462 5053; x_wconf 82' lang='grc' dir='ltr'>παντὶ</span> <span class='ocrx_word' id='word_1_702' title='bbox 518 5004 599 5071; x_wconf 81' lang='grc' dir='ltr'>τῷ</span> <span class='ocrx_word' id='word_1_703' title='bbox 650 4998 784 5054; x_wconf 79' lang='grc' dir='ltr'>ἔθνει</span> <span class='ocrx_word' id='word_1_704' title='bbox 828 5000 964 5055; x_wconf 78' lang='grc' dir='ltr'>κατά</span> <span class='ocrx_word' id='word_1_705' title='bbox 1013 5001 1298 5074; x_wconf 84' lang='grc' dir='ltr'>Ῥωμαίων</span> <span class='ocrx_word' id='word_1_706' title='bbox 1342 4999 1589 5072; x_wconf 83' lang='grc' dir='ltr'>ἐξήλασε.</span> <span class='ocrx_word' id='word_1_707' title='bbox 1640 5002 1709 5056; x_wconf 87' lang='lat' dir='ltr'>T6</span> <span class='ocrx_word' id='word_1_708' title='bbox 1759 4999 1805 5056; x_wconf 86' lang='grc' dir='ltr'>δ’</span> <span class='ocrx_word' id='word_1_709' title='bbox 1848 5001 1976 5057; x_wconf 79' lang='grc' dir='ltr'>αὐτὸ</span> <span class='ocrx_word' id='word_1_710' title='bbox 2022 5006 2181 5056; x_wconf 80' lang='grc' dir='ltr'>τοῦτο</span> <span class='ocrx_word' id='word_1_711' title='bbox 2219 5001 2309 5056; x_wconf 79' lang='grc' dir='ltr'>καὶ</span> <span class='ocrx_word' id='word_1_712' title='bbox 2350 4999 2484 5055; x_wconf 81' lang='grc' dir='ltr'>κατὰ</span> <span class='ocrx_word' id='word_1_713' title='bbox 2522 5002 2792 5075; x_wconf 83' lang='grc' dir='ltr'>Φράγγων</span> <span class='ocrx_word' id='word_1_714' title='bbox 2825 5008 3051 5071; x_wconf 85' lang='grc' dir='ltr'>ποιῆσαι</span> <span class='ocrx_word' id='word_1_715' title='bbox 3080 4999 3383 5073; x_wconf 82' lang='grc' dir='ltr'>διανοηθεὶς</span> <span class='ocrx_word' id='word_1_716' title='bbox 3415 5003 3505 5057; x_wconf 85' lang='grc' dir='ltr'>καὶ</span> <span class='ocrx_word' id='word_1_717' title='bbox 3536 5001 3701 5064; x_wconf 79' lang='grc' dir='ltr'>ἁλοὺς</span> 
     </span>
    </p>
   </div>
   <div class='ocr_carea' id='block_1_104' title="bbox 322 5085 1952 5164">
    <p class='ocr_par' dir='ltr' id='par_1_104' title="bbox 322 5085 1952 5164">
     <span class='ocr_line' id='line_1_105' title="bbox 322 5085 1952 5164; baseline 0.006 -26"><span class='ocrx_word' id='word_1_718' title='bbox 322 5085 733 5156; x_wconf 69' lang='grc' dir='ltr'>ἀνεσκολοπίσθη</span> <span class='ocrx_word' id='word_1_719' title='bbox 772 5087 874 5142; x_wconf 80' lang='grc' dir='ltr'>ὑπὸ</span> <span class='ocrx_word' id='word_1_720' title='bbox 905 5088 1157 5142; x_wconf 80' lang='grc' dir='ltr'>Ἰωάννου</span> <span class='ocrx_word' id='word_1_721' title='bbox 1190 5091 1301 5161; x_wconf 87' lang='grc'>(89)</span> <span class='ocrx_word' id='word_1_722' title='bbox 1328 5093 1426 5143; x_wconf 77' lang='grc' dir='ltr'>τοῦ</span> <span class='ocrx_word' id='word_1_723' title='bbox 1462 5089 1730 5164; x_wconf 71' lang='grc' dir='ltr'>βασιλέως</span> <span class='ocrx_word' id='word_1_724' title='bbox 1756 5089 1952 5148; x_wconf 78' lang='grc' dir='ltr'>αὐτῶν.</span> 
     </span>
    </p>
   </div>
   <div class='ocr_carea' id='block_1_105' title="bbox 382 5176 1949 5253">
    <p class='ocr_par' dir='ltr' id='par_1_105' title="bbox 382 5176 1949 5253">
     <span class='ocr_line' id='line_1_106' title="bbox 382 5176 1949 5253; baseline 0.003 -24"><span class='ocrx_word' id='word_1_725' title='bbox 382 5178 469 5230; x_wconf 76' lang='grc' dir='ltr'>Καὶ</span> <span class='ocrx_word' id='word_1_726' title='bbox 501 5179 535 5245; x_wconf 77' lang='grc' dir='ltr'>ἡ</span> <span class='ocrx_word' id='word_1_727' title='bbox 568 5181 665 5231; x_wconf 72' lang='grc' dir='ltr'>τοῦ</span> <span class='ocrx_word' id='word_1_728' title='bbox 696 5197 828 5231; x_wconf 87' lang='grc' dir='ltr'>ποτε</span> <span class='ocrx_word' id='word_1_729' title='bbox 883 5178 1020 5231; x_wconf 84' lang='grc' dir='ltr'>κατὰ</span> <span class='ocrx_word' id='word_1_730' title='bbox 1067 5178 1353 5252; x_wconf 84' lang='grc' dir='ltr'>Ῥωμαίων</span> <span class='ocrx_word' id='word_1_731' title='bbox 1405 5176 1797 5241; x_wconf 74' lang='grc' dir='ltr'>ἐκπλεύσαντος</span> <span class='ocrx_word' id='word_1_732' title='bbox 1849 5176 1949 5253; x_wconf 75' lang='grc' dir='ltr'>ἅρ-</span> 
     </span>
    </p>
   </div>
   <div class='ocr_carea' id='block_1_106' title="bbox 318 5264 1948 5351">
    <p class='ocr_par' dir='ltr' id='par_1_106' title="bbox 318 5264 1948 5351">
     <span class='ocr_line' id='line_1_107' title="bbox 318 5264 1948 5351; baseline 0.002 -32"><span class='ocrx_word' id='word_1_733' title='bbox 318 5283 500 5339; x_wconf 84' lang='grc' dir='ltr'>χοντος</span> <span class='ocrx_word' id='word_1_734' title='bbox 538 5272 646 5320; x_wconf 83' lang='grc' dir='ltr'>τῶν</span> <span class='ocrx_word' id='word_1_735' title='bbox 694 5268 826 5327; x_wconf 83' lang='grc' dir='ltr'>Ῥὼς</span> <span class='ocrx_word' id='word_1_736' title='bbox 872 5268 1107 5351; x_wconf 46' lang='grc' dir='ltr'>γαμετὴ.</span> <span class='ocrx_word' id='word_1_737' title='bbox 1161 5267 1337 5343; x_wconf 79' lang='grc' dir='ltr'>Ἔλγα</span> <span class='ocrx_word' id='word_1_738' title='bbox 1382 5264 1646 5341; x_wconf 68' lang='grc' dir='ltr'>τοῦνομα,</span> <span class='ocrx_word' id='word_1_739' title='bbox 1696 5272 1793 5323; x_wconf 78' lang='grc' dir='ltr'>τοῦ</span> <span class='ocrx_word' id='word_1_740' title='bbox 1860 5268 1948 5323; x_wconf 81' lang='grc' dir='ltr'>ἀν-</span> 
     </span>
    </p>
   </div>
   <div class='ocr_carea' id='block_1_107' title="bbox 319 5350 1946 5433">
    <p class='ocr_par' dir='ltr' id='par_1_107' title="bbox 319 5350 1946 5433">
     <span class='ocr_line' id='line_1_108' title="bbox 319 5350 1946 5433; baseline 0.004 -28"><span class='ocrx_word' id='word_1_741' title='bbox 319 5350 431 5427; x_wconf 74' lang='grc' dir='ltr'>δρὸς</span> <span class='ocrx_word' id='word_1_742' title='bbox 481 5354 647 5425; x_wconf 69' lang='grc' dir='ltr'>αὐτῆς</span> <span class='ocrx_word' id='word_1_743' title='bbox 704 5350 1070 5419; x_wconf 75' lang='grc' dir='ltr'>ἀποθανόντος</span> <span class='ocrx_word' id='word_1_744' title='bbox 1130 5358 1454 5433; x_wconf 64' lang='grc' dir='ltr'>παρεγένετο</span> <span class='ocrx_word' id='word_1_745' title='bbox 1509 5357 1559 5413; x_wconf 74' lang='grc' dir='ltr'>ἰν</span> <span class='ocrx_word' id='word_1_746' title='bbox 1603 5360 1946 5414; x_wconf 84' lang='grc' dir='ltr'>Κωνσταντι-</span> 
     </span>
    </p>
   </div>
   <div class='ocr_carea' id='block_1_108' title="bbox 2130 5179 3703 5254">
    <p class='ocr_par' dir='ltr' id='par_1_108' title="bbox 2130 5179 3703 5254">
     <span class='ocr_line' id='line_1_109' title="bbox 2130 5179 3703 5254; baseline 0.001 -18"><span class='ocrx_word' id='word_1_747' title='bbox 2130 5182 2281 5238; x_wconf 73' lang='lat'><strong>329</strong></span> <span class='ocrx_word' id='word_1_748' title='bbox 2316 5182 2488 5237; x_wconf 88' lang='lat' dir='ltr'>Porro</span> <span class='ocrx_word' id='word_1_749' title='bbox 2535 5179 2675 5253; x_wconf 80' lang='lat' dir='ltr'>Elge</span> <span class='ocrx_word' id='word_1_750' title='bbox 2729 5184 3044 5236; x_wconf 81' lang='lat' dir='ltr'>Rossorum</span> <span class='ocrx_word' id='word_1_751' title='bbox 3090 5182 3373 5254; x_wconf 89' lang='lat' dir='ltr'>principis</span> <span class='ocrx_word' id='word_1_752' title='bbox 3406 5199 3570 5248; x_wconf 83' lang='lat' dir='ltr'>uxor,</span> <span class='ocrx_word' id='word_1_753' title='bbox 3602 5182 3703 5253; x_wconf 92' lang='lat' dir='ltr'>qui</span> 
     </span>
    </p>
   </div>
   <div class='ocr_carea' id='block_1_109' title="bbox 2058 5270 3703 5339">
    <p class='ocr_par' dir='ltr' id='par_1_109' title="bbox 2058 5270 3703 5339">
     <span class='ocr_line' id='line_1_110' title="bbox 2058 5270 3703 5339; baseline 0.001 -14"><span class='ocrx_word' id='word_1_754' title='bbox 2058 5272 2306 5326; x_wconf 89' lang='lat' dir='ltr'>classem</span> <span class='ocrx_word' id='word_1_755' title='bbox 2365 5270 2423 5324; x_wconf 92' lang='lat' dir='ltr'>in</span> <span class='ocrx_word' id='word_1_756' title='bbox 2481 5274 2774 5325; x_wconf 85' lang='lat' dir='ltr'>Romanos</span> <span class='ocrx_word' id='word_1_757' title='bbox 2833 5270 3097 5339; x_wconf 84' lang='lat' dir='ltr'>duxerat,</span> <span class='ocrx_word' id='word_1_758' title='bbox 3158 5273 3371 5327; x_wconf 89' lang='lat' dir='ltr'>marito</span> <span class='ocrx_word' id='word_1_759' title='bbox 3428 5272 3703 5328; x_wconf 81' lang='lat' dir='ltr'>defuncto</span> 
     </span>
    </p>
   </div>
   <div class='ocr_carea' id='block_1_110' title="bbox 2056 5358 3700 5433">
    <p class='ocr_par' dir='ltr' id='par_1_110' title="bbox 2056 5358 3700 5433">
     <span class='ocr_line' id='line_1_111' title="bbox 2056 5358 3700 5433; baseline 0.002 -18"><span class='ocrx_word' id='word_1_760' title='bbox 2056 5359 2257 5431; x_wconf 87' lang='lat' dir='ltr'>Cpolin</span> <span class='ocrx_word' id='word_1_761' title='bbox 2289 5358 2481 5428; x_wconf 87' lang='lat' dir='ltr'>venit;</span> <span class='ocrx_word' id='word_1_762' title='bbox 2514 5364 2570 5414; x_wconf 88' lang='lat' dir='ltr'>et</span> <span class='ocrx_word' id='word_1_763' title='bbox 2601 5358 3053 5430; x_wconf 80' lang='lat' dir='ltr'>baptizata,cum</span> <span class='ocrx_word' id='word_1_764' title='bbox 3086 5377 3367 5433; x_wconf 87' lang='lat' dir='ltr'>magnum</span> <span class='ocrx_word' id='word_1_765' title='bbox 3399 5378 3545 5417; x_wconf 64' lang='lat' dir='ltr'>verae</span> <span class='ocrx_word' id='word_1_766' title='bbox 3578 5362 3700 5433; x_wconf 85' lang='lat' dir='ltr'>pie-</span> 
     </span>
    </p>
   </div>
   <div class='ocr_carea' id='block_1_111' title="bbox 1485 5518 2523 5579">
    <p class='ocr_par' dir='ltr' id='par_1_111' title="bbox 1485 5518 2523 5579">
     <span class='ocr_line' id='line_1_112' title="bbox 1485 5518 2523 5579; baseline -0.006 0"><span class='ocrx_word' id='word_1_767' title='bbox 1485 5520 1869 5579; x_wconf 81' lang='lat' dir='ltr'>XYLANDRI</span> <span class='ocrx_word' id='word_1_768' title='bbox 1907 5520 1995 5578; x_wconf 91' lang='lat' dir='ltr'>ET</span> <span class='ocrx_word' id='word_1_769' title='bbox 2030 5518 2253 5578; x_wconf 83' lang='lat' dir='ltr'>GOARI</span> <span class='ocrx_word' id='word_1_770' title='bbox 2290 5518 2523 5576; x_wconf 69' lang='lat' dir='ltr'>NOTIE.</span> 
     </span>
    </p>
   </div>
   <div class='ocr_carea' id='block_1_112' title="bbox 386 5652 3164 5732">
    <p class='ocr_par' dir='ltr' id='par_1_112' title="bbox 386 5652 3164 5732">
     <span class='ocr_line' id='line_1_113' title="bbox 386 5652 3164 5732; baseline 0.002 -25"><span class='ocrx_word' id='word_1_771' title='bbox 386 5652 491 5725; x_wconf 86' lang='lat'>(89)</span> <span class='ocrx_word' id='word_1_772' title='bbox 531 5652 617 5708; x_wconf 82' lang='lat' dir='ltr'>Ab</span> <span class='ocrx_word' id='word_1_773' title='bbox 643 5652 866 5711; x_wconf 87' lang='lat' dir='ltr'>Othone</span> <span class='ocrx_word' id='word_1_774' title='bbox 894 5654 1271 5730; x_wconf 76' lang='lat' dir='ltr'>imperatore,</span> <span class='ocrx_word' id='word_1_775' title='bbox 1302 5657 1508 5715; x_wconf 89' lang='lat' dir='ltr'>scribit</span> <span class='ocrx_word' id='word_1_776' title='bbox 1536 5658 1932 5732; x_wconf 83' lang='lat' dir='ltr'>CurOpalates,</span> <span class='ocrx_word' id='word_1_777' title='bbox 1964 5657 2058 5717; x_wconf 89' lang='lat' dir='ltr'>cui</span> <span class='ocrx_word' id='word_1_778' title='bbox 2086 5657 2301 5715; x_wconf 83' lang='lat' dir='ltr'>veritas</span> <span class='ocrx_word' id='word_1_779' title='bbox 2330 5654 2585 5714; x_wconf 68' lang='lat' dir='ltr'>historias</span> <span class='ocrx_word' id='word_1_780' title='bbox 2617 5655 2951 5714; x_wconf 86' lang='lat' dir='ltr'>subscribit.</span> <span class='ocrx_word' id='word_1_781' title='bbox 2984 5658 3164 5716; x_wconf 69' lang='lat' dir='ltr'>Gem.</span> 
     </span>
    </p>
   </div>
  </div>
