4004 6208
294 328 372 386 63
1636 330 1956 393 GEORGII
2001 328 2340 389 CEDRENI
3645 329 3728 386 BI.

292 458 433 515 tatis
463 460 729 517 studium
784 462 1269 532 demonstrasset,
1304 463 1503 536 dignis
1554 480 1660 520 suo
1691 462 1955 519 instituto

2076 455 2357 513 νουπόλει.
2402 456 2503 512 Καὶ
2568 456 2916 531 βαπτισθήσα
2968 457 3059 510 καὶ
3114 455 3426 531 προαίρεσιν
3486 453 3726 531 εἰλικρι-

295 546 621 607 honoribus
651 550 857 607 affecta
891 552 1131 607 domum
1168 552 1360 608 rediit.

369 726 515 781 Filia
562 727 846 799 Hugonis,
881 746 1011 800 quae
1039 734 1299 786 Romano
1351 732 1539 785 fuerat
1568 731 1948 800 desponsata,

300 821 533 870 mortua
562 816 804 889 virgine,
841 819 925 873 uti
958 820 1238 887 diximus,
1274 820 1592 891 imperator
1622 819 1741 873 ﬁlio
1774 819 1949 874 aliam

299 921 535 960 uxorem
583 906 847 977 collocat,
898 924 1272 979 nequaquam
1322 908 1537 963 illustri
1593 925 1807 979 genere
1847 908 1949 963 sed

295 992 545 1061 plebeio,
608 1000 798 1050 ortam
858 996 1203 1067 parentibus
1262 996 1648 1069 cauponibus,
1714 996 1949 1052 nomine

296 1082 694 1138 Anastasiam.
729 1084 836 1138 Sed
886 1083 1013 1155 ipse
1042 1084 1093 1139 ei
1148 1085 1545 1158 TheOpbanus
1592 1103 1804 1142 nomen
1858 1085 1948 1140 in-

298 1170 464 1226 didit.

368 1349 512 1403 Cum
546 1352 741 1404 autem
775 1365 1006 1407 amaras
1038 1353 1207 1408 Tarsi
1239 1352 1389 1409 bello
1420 1357 1715 1409 Romanos
1748 1357 1947 1424 petens

299 1442 523 1507 partem
576 1438 864 1494 exercitus
921 1440 980 1494 in
1028 1458 1243 1513 pagum
1302 1442 1569 1498 Herculis
1623 1443 1942 1513 praedatum

296 1525 617 1595 emiSisset,
678 1529 979 1599 presbyter
1034 1530 1275 1600 quidam
1336 1531 1571 1586 nomine
1628 1530 1945 1586 Themelus

293 1619 438 1668 tunc
467 1614 841 1671 incruentum
874 1634 1159 1689 peragens
1186 1620 1807 1690 sacriﬁcium,cognito
1839 1618 1944 1674 Sa-

296 1719 645 1758 racenorum
697 1707 973 1775 adventu,
1006 1708 1227 1763 omisso
1276 1708 1583 1771 sacriﬁcio.
1617 1710 1698 1763 ita
1727 1713 1793 1762 ut
1822 1712 1945 1763 erat

2072 550 2199 607 νοῦς
2231 543 2579 618 ἐνδειξαμὲνη
2611 544 2867 609 πίστεως,
2900 544 3060 617 ἀξίως
3094 550 3388 618 τιμηθεῖσα
3441 550 3540 613 τῆς
3588 565 3724 620 προ-

2066 635 2324 709 αιρὲσεως
2359 632 2441 688 ἐπ’
2476 631 2631 687 οἷ’κου
2662 630 2952 707 ἀνέδραμε.

2133 726 2213 796 [P'
2247 726 2374 795 637]
2402 728 2508 792 Τῆς
2566 720 2623 776 δὲ
2672 727 2751 795 τῷ
2778 723 3044 795 Ῥωμανῷ
3100 721 3495 800 νυμφευοείσης
3540 722 3715 796 κόρης

2060 815 2159 881 τῆς
2192 809 2447 888 Οὕγωνος
2499 808 2690 874 παιδὸς
2738 811 3133 882 ἀποθανούσης,
3176 812 3252 873 ὡς
3302 809 3524 885 εἷίπομεν
3576 814 3714 885 (90),

2060 902 2350 976 παρθένου,
2408 900 2736 978 νυμφεύεται
2790 901 2938 972 αὐτῷ
2995 901 3023 955 ὁ
3081 899 3333 975 βασιλεὺς
3390 901 3477 954 καὶ
3529 900 3713 975 πατὴρ

2064 990 2241 1064 ἑτέραν
2303 996 2548 1065 γυναῖκα,
2584 986 2646 1044 οὔ
2702 1011 2823 1044 τινα
2878 994 2984 1044 τῶν
3037 988 3327 1067 ἐπιφανῶν,
3360 986 3484 1043 ἀλλ’
3519 988 3577 1043 ἐκ
3606 1009 3713 1064 χυ-

2065 1078 2230 1134 δαίων
2268 1085 2487 1155 φυεῖσαν
2518 1079 2607 1133 καὶ
2641 1079 2739 1148 τήν
2792 1079 2992 1154 τέχνην
3037 1078 3327 1148 καπήλων,
3361 1077 3709 1135 Ἀναστασίαν

2062 1168 2434 1243 καλουμένην,
2513 1169 2765 1247 Θεοφανὼ
2843 1165 2889 1222 δ’
2951 1169 3038 1223 ὑπ’
3117 1167 3317 1223 ἐκείνοο
3402 1188 3714 1242 μετονομα-

2062 1260 2273 1313 σθεῖσαν
2284 1300 2297 1314 .

2133 1350 2247 1404 Τοῦ
2296 1347 2486 1422 ἀμηρᾶ
2539 1344 2597 1401 δὲ
2654 1353 2751 1416 τῆς
2809 1349 3016 1419 Ταρσοῦ
3044 1344 3383 1422 ἐκστρατείαν
3416 1345 3716 1400 κατὰῬω-

2060 1436 2235 1510 μαίων
2295 1436 2689 1509 ποιησαμένου,
2724 1434 2776 1489 ἐν
2834 1434 2903 1508 τῇ
2963 1435 3128 1508 κώμῃ
3192 1432 3250 1489 δὲ
3295 1438 3365 1509 τῇ
3414 1434 3717 1510 Ἡρακλέος

2058 1524 2187 1580 λαὸν
2222 1525 2577 1603 πεπομφότος
2611 1524 2689 1588 είς
2718 1526 3028 1600 προνομὴν,
3074 1518 3439 1598 πρεσϐύτερός
3481 1544 3563 1585 τις
3615 1523 3713 1578 Θὲ-

2062 1614 2161 1688 μελ
2196 1614 2600 1687 ὀνομαζόμενος
2627 1614 2724 1681 τήν
2760 1612 3087 1685 ἀναίμακτον
3144 1610 3407 1667 ἐπιτελῶν
3461 1611 3710 1686 λειτουρ-

2054 1705 2195 1779 γίαν,
2240 1703 2313 1765 ὡς
2366 1702 2498 1777 ἔγνω
2555 1704 2653 1772 τήν
2707 1699 2811 1756 τῶν
2873 1705 3204 1771 Σαρακηνῶν
3256 1696 3471 1778 ἔφοδον,
3527 1699 3704 1756 λιπὼν

293 1796 485 1846 vestes
545 1810 741 1849 sacras
796 1795 1111 1851 indutus...
1164 1796 1369 1869 templi
1422 1797 1706 1870 corripuit
1761 1812 1944 1868 eoque

2072 1794 2153 1861 τὴν
2212 1792 2517 1868 ἱερουργίαν
2571 1791 2662 1845 καὶ
2720 1791 2793 1853 ὡς
2854 1791 2969 1866 εἶχε
3016 1788 3216 1857 στολῆς
3248 1788 3500 1859 ἐξελθὼν,
3530 1785 3699 1885 λαξό-

296 1880 498 1936 hostes
548 1881 841 1938 irruentes
890 1884 1169 1955 defendit,
1202 1902 1522 1957 eorumque
1568 1886 1788 1942 multos
1817 1885 1941 1940 vul-

296 1969 544 2038 neravit,
589 1970 920 2042 complures
969 1972 1279 2042 interfecit,
1331 1974 1588 2046 reliquos
1643 1975 1700 2030 in
1746 1974 1944 2047 fugam

294 2058 486 2113 vertit.
522 2058 807 2115 Exclusus
866 2061 1076 2116 deinde
1123 2064 1195 2117 ab
1254 2063 1525 2135 episcopo
1575 2065 1780 2131 sacris,
1811 2079 1946 2118 cum

298 2147 719 2203 admissionem
752 2166 866 2203 non
898 2149 1259 2221 impetraret,
1292 2154 1361 2207 ad
1394 2155 1690 2224 Agarenos
1718 2169 1780 2208 se
1810 2169 1946 2207 con-

297 2234 433 2289 tulit
490 2237 856 2309 ejuravitque
914 2238 1313 2296 Christianam
1374 2242 1735 2314 religionem,
1782 2258 1948 2297 cum-

298 2340 411 2395 que
462 2324 535 2379 iis
565 2324 761 2381 exiens
814 2343 931 2381 non
984 2329 1409 2399 Cappadociam
1442 2331 1615 2385 modo
1646 2336 1702 2385 et
1729 2330 1950 2385 vicinas

298 2412 567 2485 regiones
598 2420 687 2469 est
734 2415 1074 2487 populatus,
1109 2419 1208 2473 sed
1242 2424 1298 2474 et
1328 2436 1516 2489 usque
1564 2421 1635 2473 ad
1667 2420 1948 2475 Minorem

298 2502 493 2557 Asiam
569 2505 841 2574 perrexit.
902 2505 1056 2560 330
1114 2507 1183 2561 Et
1241 2525 1311 2563 ne
1382 2509 1638 2564 scribere
1711 2509 1951 2580 quidem

301 2591 390 2645 fas
447 2596 538 2646 est
590 2608 715 2662 quae
774 2594 902 2663 ejus
972 2594 1196 2649 fuerint
1252 2613 1318 2651 ac
1388 2613 1564 2669 quam
1626 2596 1754 2652 dira
1808 2598 1952 2653 faci-

304 2695 468 2738 nora.

372 2858 447 2911 At
480 2857 697 2913 Bardas
746 2858 969 2915 Phocas
1022 2861 1381 2917 domesticus
1421 2863 1757 2919 scholarum
1789 2880 1956 2919 crea-

310 2950 430 3015 tus,
463 2945 545 2999 uti
580 2945 902 3003 indicatum
952 2966 1131 3020 supra
1161 2956 1270 3021 est,
1301 2951 1448 3005 nihil
1491 2957 1818 3007 memoratu
1864 2953 1955 3007 di-

309 3048 493 3103 gnum
526 3034 896 3104 egit.Etenim
927 3036 1175 3093 aliorum
1207 3039 1488 3107 auspiciis
1518 3058 1641 3095 rem
1671 3058 1881 3114 gerens
1906 3040 1957 3096 is

309 3124 428 3176 dux
457 3122 769 3178 videbatur
798 3126 896 3194 qui
928 3125 1164 3182 laudem
1197 3131 1253 3182 et
1287 3128 1732 3185 admirationem
1764 3146 1950 3185 mere-

312 3214 473 3266 retur
504 3227 517 3265 :
554 3212 715 3266 omni
747 3213 859 3268 sibi
892 3214 1138 3286 imperio
1178 3218 1492 3273 commisso
1540 3218 1689 3273 nihil
1718 3225 1819 3274 aut
1850 3236 1949 3290 pa-

312 3317 445 3355 rum
478 3300 752 3356 Romanae
785 3304 1053 3373 proderat
1079 3304 1363 3376 rei,quod
1395 3308 1650 3363 avaritia:
1683 3306 1957 3364 laborans

310 3389 448 3446 vitio
479 3391 641 3446 sanis
699 3393 962 3450 consiliis
1022 3395 1448 3453 excutiebatur.
1492 3398 1650 3453 Unde
1702 3402 1759 3453 et
1810 3414 1958 3469 quo-

314 3481 450 3534 dam
478 3486 740 3551 tempore
770 3482 831 3537 in
862 3483 1161 3539 Chabdani
1192 3485 1512 3540 exercitum
1541 3488 1611 3541 de
1641 3485 1958 3557 improviso

310 3568 602 3638 incidens,
629 3570 702 3625 ab
751 3572 1029 3627 omnibus
1071 3573 1218 3640 suis,
1268 3578 1331 3628 ut
1362 3574 1566 3640 fertur,
1599 3575 1869 3629 desertus
1900 3575 1957 3629 in

313 3657 576 3713 hostium
648 3663 1002 3730 potestatem
1076 3660 1242 3717 vivus
1315 3662 1593 3730 venisset,
1652 3663 1765 3718 nisi
1824 3679 1960 3718 eum

314 3762 500 3800 cuneo
553 3752 681 3801 acto
730 3747 988 3803 ministri
1033 3748 1410 3820 eripuissent.
1442 3750 1673 3807 Vulnus
1722 3752 1960 3823 quidem

314 3834 375 3889 in
410 3834 595 3889 fronte
647 3836 872 3907 accepit
918 3852 1198 3908 magnum
1230 3843 1405 3910 atque
1447 3841 1828 3910 profundum,
1861 3856 1961 3894 cu-

304 3923 409 3993 jus
438 3938 698 3978 crassam
729 3922 1054 3980 cicatricem
1105 3942 1295 3998 usque
1332 3928 1402 3983 ad
1437 3934 1685 3985 mortem
1711 3929 1962 3985 circum-

313 4011 471 4068 tulit.

386 4101 748 4173 Nioephorus
796 4106 992 4159 autem
1023 4110 1081 4159 et
1117 4105 1245 4172 Leo,
1279 4105 1383 4159 filii
1426 4106 1576 4177 ejus,
1608 4108 1769 4162 omni
1800 4108 1964 4164 inbo-

317 4194 481 4246 nesta
511 4195 755 4261 captura
779 4192 1110 4263 superiores
1138 4209 1204 4249 ac
1237 4194 1507 4251 subditos
1533 4195 1721 4251 instar
1748 4195 1964 4253 libero-

2061 1882 2218 1954 μενός
2266 1902 2322 1936 τε
2363 1886 2483 1944 ταῖς
2539 1880 2697 1956 χερσὶ
2752 1884 2851 1933 τοῦ
2909 1880 3257 1955 σημαντῆρος
3287 1881 3421 1952 (91),
3460 1882 3557 1943 τῆς
3613 1876 3701 1932 ἐκ-

2053 1970 2290 2042 κλησίας
2337 1969 2389 2024 ἐν
2439 1968 2618 2041 τούτῳ
2664 1968 2792 2031 τοὺς
2830 1968 3079 2030 ἐπιόντας
3129 1967 3389 2040 ἠμύνετο,
3422 1966 3512 2021 καὶ
3568 1966 3703 2021 πολ-

2057 2061 2187 2123 λοὺς
2250 2060 2345 2133 μὲν
2404 2058 2813 2135 ἐτραυμάτισεν,
2875 2056 3149 2111 ἀπέκτεινε
3199 2053 3257 2111 δὲ
3310 2054 3400 2109 καὶ
3456 2055 3699 2123 ἱκανοὺς,

2056 2151 2182 2214 τοὺς
2234 2147 2291 2204 δὲ
2342 2147 2572 2209 λοιποὺς
2632 2148 2890 2223 ἐτρέψατο
2948 2145 3024 2207 εἷς
3067 2148 3263 2223 φυγήν.
3295 2144 3705 2207 ’Λποκλεισθεές

2059 2239 2116 2295 δὲ
2170 2240 2317 2315 παρὰ
2368 2242 2464 2292 τοῦ
2527 2236 2828 2292 ἐπισκόπου
2886 2242 2986 2304 τῆς
3061 2233 3393 2311 ἱερουργίας,
3451 2231 3565 2287 ἐπεὶ
3622 2234 3700 2306 μὴ

2059 2327 2240 2393 ἔπειθε
2296 2330 2408 2400 (92)
2464 2327 2919 2403 συγχωρηθῆναι,
2971 2329 3087 2386 τοῖς
3149 2325 3471 2398 ’Δγαρηνοῖς
3529 2342 3707 2395 προσ-

2060 2418 2223 2495 εῤῥύη
2278 2417 2364 2470 καὶ
2422 2416 2513 2471 τὸν
2581 2415 3001 2489 Χριστιανισμὸν
3064 2412 3396 2486 ἐξωμόσατο,
3453 2410 3541 2466 καὶ
3608 2410 3704 2464 σὺν

2061 2509 2247 2568 αὐτοῖς
2282 2504 2433 2575 ἐξιὼν
2484 2504 2544 2559 οὐ
2591 2505 2755 2577 μόνον
2802 2500 3183 2557 Καππαδοκίαν
3215 2500 3304 2556 καὶ
3333 2502 3399 2555 τὰ
3428 2498 3710 2576 ἐγγίζοντα

2058 2596 2224 2671 ταύτῃ
2256 2592 2419 2668 ἐδῄου
2453 2594 2678 2667 θέματα,
2711 2591 2857 2647 ἀλλὰ
2889 2589 2954 2661 δὴ
3004 2592 3091 2645 καὶ
3144 2589 3310 2665 μέχρι
3350 2596 3451 2660 τῆς
3511 2593 3706 2662 μικρᾶς

2061 2684 2367 2759 λεγομένης
2398 2682 2580 2744 Ἀσίας
2614 2680 2859 2760 ἔφθασεν.
2891 2684 3025 2735 Ὅσα
3056 2678 3113 2735 δὲ
3162 2676 3310 2733 δεινὰ
3358 2676 3705 2753 διεπράξατο,

2062 2771 2187 2829 οὐδὲ
2217 2772 2439 2849 γράφειν
2475 2774 2609 2844 ἡμῖν
2644 2769 2887 2843 θεμιτόν.

2134 2860 2275 2927 ’Ήδη
2334 2858 2411 2930 δὲ,
2466 2860 2541 2922 ὡς
2604 2857 2849 2931 ε’ίπομεν,
2909 2857 3313 2935 προχειρισθεὶς
3387 2852 3709 2928 δομέστικος

2060 2955 2167 3006 τῶν
2220 2949 2440 3025 σχολῶν
2487 2945 2697 3025 Βάρδας
2725 2950 2752 3003 ὁ
2784 2952 2980 3009 Φωκᾶς
3026 2944 3179 3001 οὐδὲν
3224 2944 3253 3000 ὅ
3297 2966 3351 2999 τι
3394 2944 3484 2999 καὶ
3534 2943 3706 3017 λόγου

2064 3038 2212 3112 ἄξιον
2246 3035 2631 3113 ἀπειργάσατο·
2668 3038 2830 3093 ὁπότε
2882 3036 2976 3110 μὲν
3023 3038 3126 3110 γὰρ
3172 3035 3260 3113 ὑφ’
3293 3034 3508 3109 ἐτέρους
3557 3032 3708 3087 ἐτάτ-

2062 3149 2206 3196 τετο,
2257 3127 2562 3201 στρατηγὸς
2610 3124 2915 3198 θαυμαστὸς
2971 3124 3302 3200 ἀνεφαίνετο,
3362 3121 3598 3192 ὁπηνίκα
3652 3118 3710 3174 δὲ

2064 3220 2098 3287 ἡ
2153 3214 2364 3287 ἐξουσία
2418 3219 2524 3270 τῶν
2593 3214 3004 3291 στρατευμάτων
3058 3213 3308 3267 ἁπάντων
3363 3217 3463 3281 τῆς
3519 3210 3711 3264 ἐαυτοῦ

2065 3307 2293 3381 γνώμης
2350 3303 2636 3379 ἐξήρτητο,
2685 3303 2851 3379 ὀλίγα
2900 3302 2936 3370 ἢ
2991 3299 3141 3356 οὐδὲν
3195 3297 3373 3371 ὤνησε
3424 3299 3521 3368 τὴν
3573 3298 3715 3352 Ῥω-

2073 3394 2243 3468 μαίων
2308 3394 2509 3468 ἆρχήν.
2567 3394 2822 3463 Νοσήσας
2870 3392 2972 3469 γάρ
3029 3392 3129 3459 τὴν
3165 3388 3473 3459 πλεονεξίαν
3526 3386 3708 3457 ἐξέστη

2065 3488 2173 3538 τῶν
2208 3482 2399 3536 ἑαυτοῦ
2430 3479 2737 3556 λογισμῶν.
2769 3482 2928 3544 ’Ὁθεν
2983 3480 3073 3535 καί
3128 3499 3262 3534 ποτε
3312 3484 3433 3540 τοῖς
3468 3480 3565 3531 τοῦ
3598 3481 3712 3529 Χα-

2070 3567 2199 3627 ϐδᾶν
2258 3567 2685 3646 ἀπροσδοκήτως
2747 3569 3077 3644 περιπεσὼν,
3126 3567 3366 3635 πάντων,
3419 3564 3492 3626 ὥς
3560 3585 3713 3638 φασι,

2068 3659 2544 3717 καταλελοιπότων
2581 3660 2763 3728 αὐτὸν,
2802 3663 2998 3735 μικροῦ
3031 3657 3139 3713 δεῖν
3187 3653 3546 3732 αἰχμάλωτος
3598 3651 3712 3726 ἐγε-

2066 3751 2230 3825 γόνει,
2264 3748 2311 3804 εἷ
2346 3750 2422 3823 μὴ
2456 3748 2870 3810 συνασπίσαντες
2903 3748 2955 3803 οἱ
3002 3746 3321 3820 θεράποντες
3365 3751 3465 3813 τῆς
3504 3742 3713 3816 αἰχμα-

2071 3838 2273 3900 λωσίας
2302 3837 2457 3893 αὐτὸν
2490 3837 2882 3909 ἐλυτρώσαντο.
2917 3838 3161 3912 Ἐτρώθη
3206 3832 3263 3888 δὶ
3290 3834 3423 3888 κατὰ
3471 3831 3533 3887 τὸ
3586 3831 3716 3904 μέτ-

2071 3939 2218 3983 ωπόν
2278 3925 2509 4002 γενναίῳ
2565 3926 2653 3981 καὶ
2712 3927 2867 4001 βαθεῖ
2909 3930 2988 3998 τῷ
3034 3924 3324 4001 τραύματι,
3357 3923 3429 3983 ὡς
3470 3919 3560 3975 καὶ
3621 3917 3715 3992 μὲ-

2072 4038 2168 4094 χρι
2199 4016 2456 4081 τελευτῆς
2486 4013 2647 4091 ἁδρὰν
2679 4017 2777 4084 τὴν
2808 4014 2981 4084 οὐλὴν
3012 4014 3337 4092 περιφέρειν.

2145 4104 2455 4182 Νικηφόρος
2512 4102 2569 4158 δὲ
2623 4105 2710 4159 καὶ
2773 4111 2921 4158 Λεων
2972 4103 3023 4157 οἱ
3067 4101 3263 4157 τούτου
3296 4102 3450 4169 υἱεῖς,
3486 4097 3716 4176 ἐφύπερ-

2073 4198 2157 4250 θεν
2219 4194 2371 4257 ὐοτες
2426 4195 2624 4258 παντὸς
2670 4192 2905 4269 αἲσχροῦ
2962 4191 3255 4265 λήμματος
3313 4186 3569 4249 καὶτοὺς
3624 4186 3720 4240 ὑπ-

1506 4301 1873 4359 XYLANDRI
1913 4304 2001 4359 ET
2037 4304 2261 4361 GOARI
2299 4302 2528 4359 NOTIE.

392 4384 506 4455 (90)
528 4384 632 4459 ᾼὶῐ
660 4402 723 4441 se
752 4386 811 4441 id
842 4404 1025 4459 supra
1054 4404 1285 4459 quoque
1314 4389 1549 4446 dixisse.
1582 4390 1693 4446 Sed
1736 4392 1796 4446 in
1829 4409 1964 4448 nos-

318 4459 408 4511 tro
439 4457 655 4542 codice,
684 4474 750 4512 eo
783 4457 934 4542 ipso'
958 4457 1107 4542 loco.
1132 4457 1248 4542 quo
1294 4476 1421 4542 eam
1473 4462 1727 4542 quinque
1778 4480 1963 4542 annos

318 4543 451 4605 cum
502 4527 761 4605 Romano
790 4527 1005 4585 vixisse
1034 4527 1289 4605 dicitur,
1318 4527 1649 4605 libra—rius-
1669 4535 1956 4605 quaedam,

363 4599 806 4679 uto,_emis_erat,
842 4618 968 4679 quae
995 4604 1066 4658 ab
1094 4602 1207 4658 alio
1238 4603 1448 4679 deinde
1478 4599 1708 4679 sunt,ut
1737 4611 1795 4661 et
1825 4599 1956 4662 aliis

340 4674 905 4735 ocis,inserta.Certe
932 4674 1054 4728 haec
1074 4690 1216 4746 cum
1251 4674 1653 4746 superioribus
1681 4694 1797 4732 non
1833 4695 1965 4734 con-

317 4748 559 4820 gruunt,
590 4746 745 4820 quod
796 4746 942 4801 satis
966 4745 1169 4820 _habui
1216 4745 1541 4820 adnotare.
1562 4749 1631 4802 Et
1653 4819 1656 4820 ν
1678 4750 1834 4820 quod
1867 4750 1963 4805 hic

319 4813 495 4902 paulo
521 4819 657 4902 an‘te
683 4817 936 4872 Joannes
965 4818 1320 4902 Francorum
1366 4835 1468 4901 _rex
1497 4818 1618 4874 sive
1646 4813 1964 4902 imperator

318 4884 555 4959 dicitur,
589 4886 798 4941 horum
849 4894 1123 4943 neutrum
1174 4888 1430 4944 historiae
1484 4884 1794 4959 consentit,
1827 4909 1962 4948 cum

362 4971 424 5032 er
474 4957 530 5032 id
582 4961 818 5030 tempus
874 4959 1271 5032 Romanorum
1316 4961 1699 5032 imperatores
1748 4957 1965 5019 fuerint

372 5026 603 5104 enricus
633 5026 854 5104 Anceps
887 5031 1304 5104 et_AOtto,cujus
1334 5026 1516 5104 paulo
1539 5039 1668 5104 post
1700 5034 1766 5089 fit
1796 5053 1963 5091 men-

317 5098 421 5167 tio,
441 5098 730 5176 _Saxones,
752 5098 823 5176 _in
855 5102 1041 5176 Gallia
1071 5098 1265 5176 autem
1294 5098 1593 5176 regnarint
1628 5107 1962 5163 Ludovicus

318 5175 375 5225 et
403 5170 533 5239 ejus
567 5171 722 5228 filius
750 5173 1079 5231 Lotharius.
1113 5175 1252 5230 XYL.

387 5241 502 5321 (91)
534 5241 713 5321 Quale
760 5244 847 5300 vel
879 5246 1252 5321 instrumenti
1304 5245 1392 5300 vel
1441 5262 1742 5303 armorum
1775 5265 1962 5321 genus

321 5310 776 5403 arripueritmon
808 5333 1062 5403 possum.
1084 5318 1365 5372 divinare.
1400 5321 1737 5403 Σημαντῆρα
1768 5310 1963 5403 accepi

320 5399 426 5464 pro
451 5388 737 5464 _custode,
788 5405 962 5461 quem
995 5389 1303 5464 _Homerus
1350 5405 1455 5460 pro
1494 5388 1735 5464 pastore
1776 5388 1961 5464 ponit,

322 5454 495 5536 [_liad.
535 5472 586 5521 0,
775 5454 824 5536 τί
845 5460 1201 5536 Σημάντορος
1245 5458 1305 5513 οὐ
1349 5454 1671 5536 παρεόντος,
1703 5454 1964 5535 δι’μῆλά

324 5525 628 5606 άσήμαντα,
664 5530 829 5606 Iliad.
862 5525 1055 5600 κζᾶ85,
1082 5525 1209 5606 quae
1232 5525 1468 5606 pastore
1490 5538 1631 5592 sunt
1657 5525 1959 5591 destituta.

324 5597 479 5675 gapd
505 5597 910 5675 'toonualvuv,
950 5597 1116 5675 quod.
1155 5597 1249 5659 est
1291 5601 1609 5673 ἐπιτάττειν,
1662 5608 1961 5664 mandare.

324 5668 625 5733 Quomodo
652 5668 711 5731 et
729 5668 1022 5749 ημάντῶρ
1052 5676 1236 5747 accipi
1256 5679 1448 5746 potest
1477 5668 1645 5735 initio
1666 5678 1875 5751 Odyss.
1907 5696 1961 5752 ρ.

2072 4391 2353 4468 _S_ed__quid
2384 4391 2479 4446 hic
2511 4390 3143 4468 signiﬁcet,o.bscurum
3175 4386 3467 4468 relinquo:
3498 4385 3720 4468 Evr..—

2071 4455 2305 4519 Nullam
2337 4455 2688 4535 σημαντῆρος
2716 4455 3207 4535 significationem
3238 4455 3475 4530 agnovit
3502 4455 3717 4535 Xylanf

2072 4536 2195 4600 der,
2247 4528 2630 4610 cum—:tame'n
2680 4528 2885 4610 signis
2910 4531 3230 4610 clarissime
3276 4528 3569 4610 personet.
3606 4528 3719 4610 ‘Est

2070 4599 2224 4662 enim
2254 4599 3466 4683 crotalus,lignuni_oblpngius,‘quadrum,
3490 4599 3718 4655 modice

2070 4682 2271 4757 tenue,
2300 4676 2610 4757 malleolo:
2628 4676 3033 4757 quatiendum,
3087 4679 3150 4730 ut
3186 4676 3451 4757 excitato
3498 4687 3642 4755 sono
3683 4686 3718 4725 a

2072 4751 2373 4823 sacerdote
2402 4745 2677 4823 ﬁdelibus
2708 4749 2768 4805 in
2817 4748 3122 4823 ecclesiam
3167 4745 3435 4823 veniendi
3477 4745 3716 4823 signum

2072 4823 2263 4877 detur.
2298 4822 2399 4876 Est
2441 4821 2618 4877 etiam
2667 4820 2952 4893 σημαντήρ
3008 4819 3192 4893 ferrea
3236 4815 3460 4893 lamina
3508 4813 3718 4893 bacillo

2073 4894 2256 4971 ferreo
2288 4894 2361 4971 ad
2391 4893 2543 4948 fores
2570 4886 2828 4971 ecclesiae
2856 4886 3274 4971 inexpositum
3308 4889 3484 4971 finem
3515 4886 3719 4971 verba:

2072 4965 2274 5041 randa,
2300 4965 2538 5041 deque,
2570 4964 2725 5041 sicut
2751 4963 2909 5041 et_de
2939 4959 3184 5041 signise
3217 4959 3623 5041 ligno,_docte,
3657 4962 3721 5011 ut

2072 5032 2268 5103 sollet,
2312 5032 2556 5091 Allatius
2605 5034 2756 5089 libro
2804 5034 2878 5088 de
2930 5032 3352 5087 reCentioribus
3389 5032 3721 5103 Graecorum

2071 5101 2334 5179 templis.
2359 5107 2507 5187 ¹Ηοο
2555 5106 2755 5187 itaque
2784 5105 2906 5161 sive
2937 5104 3146 5187 'ligneo
3178 5119 3280 5187 seu
3309 5103 3503 5187 potius
3530 5101 3720 5187 ferreo

2073 5170 2289 5253 aereove
2317 5181 2475 5253 signo
2506 5170 2760 5253 ecclesiae
2790 5170 3045 5253 munitm}
3074 5170 3399 5253 αννεριοξέν
3426 5170 3719 5253 αὐτῇΑτοὺς

2072 5248 2318 5310 ἐπιόντας
2350 5244 2611 5321 μύνετο,
2644 5252 2911 5319 ingressos
2932 5248 3003 5321 _in
3032 5263 3153 5321 eam
3173 5244 3512 5321 _(c-crctesiam)
3551 5244 3720 5297 Sara-

2071 5338 2227 5378 cenos
2284 5317 2603 5394 inuadebat,
2655 5317 3034 5394 prapulsabat,
3097 5317 3410 5374 debellabat
3463 5322 3721 5372 strenuus

2071 5395 2168 5450 ille
2193 5392 2459 5449 sacerdos.
2489 5392 2667 5449 Goaa.

2143 5465 2255 5537 (92)
2287 5463 2595 5537 Xylander,
2627 5480 2765 5537 cum,
2796 5462 3189 5537 admissioneyn
3230 5475 3338 5537 non
3370 5460 3717 5532 impetraret.

2073 5532 2302 5604 Verius,
2332 5532 2457 5592 eum
2484 5544 2550 5593 ut
2582 5532 2694 5593 sibi
2737 5536 2963 5607 facinus
3008 5532 3414 5589 condonaretur
3458 5546 3569 5587 non
3595 5544 3719 5601 per-

2070 5609 2265 5679 suasit,
2296 5607 2355 5663 id
2387 5612 2497 5678 est,
2529 5608 2884 5681 impetravit.
2921 5609 3101 5660 Goaa.
