  <div class='ocr_page' id='page_1' title='image "/cluster/home/n/w/nwhite01/storage/ocr_20150623/122/hvd.32044073502460/042.png"; bbox 0 0 4026 6210; ppageno 0'>
   <div class='ocr_carea' id='block_1_1' title="bbox 280 338 3673 421">
    <p class='ocr_par' dir='ltr' id='par_1_1' title="bbox 280 338 3673 421">
     <span class='ocr_line' id='line_1_1' title="bbox 280 338 3673 421; baseline 0.001 -23"><span class='ocrx_word' id='word_1_1' title='bbox 280 351 352 411; x_wconf 79' lang='lat'><strong>65</strong></span> <span class='ocrx_word' id='word_1_2' title='bbox 575 401 585 411; x_wconf 61' lang='grc'>,</span> <span class='ocrx_word' id='word_1_3' title='bbox 1402 338 1955 401; x_wconf 78' lang='lat' dir='ltr'>HISTORIARUM</span> <span class='ocrx_word' id='word_1_4' title='bbox 1999 339 2545 405; x_wconf 81' lang='lat' dir='ltr'>COMPENDIUM.</span> <span class='ocrx_word' id='word_1_5' title='bbox 3426 420 3429 421; x_wconf 16' lang='grc' dir='ltr'><em>ν</em></span> <span class='ocrx_word' id='word_1_6' title='bbox 3594 344 3673 403; x_wconf 83' lang='grc'>66</span> 
     </span>
    </p>
   </div>
   <div class='ocr_carea' id='block_1_2' title="bbox 283 466 1931 547">
    <p class='ocr_par' dir='ltr' id='par_1_2' title="bbox 283 466 1910 547">
     <span class='ocr_line' id='line_1_2' title="bbox 283 466 1910 547; baseline -0.006 -16"><span class='ocrx_word' id='word_1_7' title='bbox 283 478 468 547; x_wconf 70' lang='grc' dir='ltr'>ηκόους</span> <span class='ocrx_word' id='word_1_8' title='bbox 495 495 565 535; x_wconf 86' lang='grc' dir='ltr'>ως</span> <span class='ocrx_word' id='word_1_9' title='bbox 620 471 880 547; x_wconf 74' lang='grc' dir='ltr'>γνησίους</span> <span class='ocrx_word' id='word_1_10' title='bbox 934 468 1084 531; x_wconf 71' lang='grc' dir='ltr'>υἱοὺς</span> <span class='ocrx_word' id='word_1_11' title='bbox 1141 468 1513 545; x_wconf 66' lang='grc' dir='ltr'>περιέποντες,</span> <span class='ocrx_word' id='word_1_12' title='bbox 1568 466 1781 542; x_wconf 77' lang='grc' dir='ltr'>μεγάλα</span> <span class='ocrx_word' id='word_1_13' title='bbox 1808 468 1910 536; x_wconf 79' lang='grc' dir='ltr'>τὴν</span> 
     </span>
    </p>
   </div>
   <div class='ocr_carea' id='block_1_3' title="bbox 2046 466 3664 547">
    <p class='ocr_par' dir='ltr' id='par_1_3' title="bbox 2046 473 3664 547">
     <span class='ocr_line' id='line_1_3' title="bbox 2046 473 3664 547; baseline 0.003 -21"><span class='ocrx_word' id='word_1_14' title='bbox 2046 488 2159 526; x_wconf 77' lang='lat' dir='ltr'>-um</span> <span class='ocrx_word' id='word_1_15' title='bbox 2191 488 2259 527; x_wconf 81' lang='lat' dir='ltr'>ex</span> <span class='ocrx_word' id='word_1_16' title='bbox 2291 489 2353 528; x_wconf 89' lang='lat' dir='ltr'>se</span> <span class='ocrx_word' id='word_1_17' title='bbox 2401 478 2671 529; x_wconf 86' lang='lat' dir='ltr'>natorum</span> <span class='ocrx_word' id='word_1_18' title='bbox 2724 476 3066 544; x_wconf 76' lang='lat' dir='ltr'>tractantes,</span> <span class='ocrx_word' id='word_1_19' title='bbox 3100 473 3421 547; x_wconf 87' lang='lat' dir='ltr'>plurimum</span> <span class='ocrx_word' id='word_1_20' title='bbox 3470 474 3664 547; x_wconf 88' lang='lat' dir='ltr'>reipu-</span> 
     </span>
    </p>
   </div>
   <div class='ocr_carea' id='block_1_4' title="bbox 285 556 1916 636">
    <p class='ocr_par' dir='ltr' id='par_1_4' title="bbox 285 556 1916 636">
     <span class='ocr_line' id='line_1_4' title="bbox 285 556 1916 636; baseline -0.008 -14"><span class='ocrx_word' id='word_1_21' title='bbox 285 572 379 622; x_wconf 74' lang='grc' dir='ltr'>τῶν</span> <span class='ocrx_word' id='word_1_22' title='bbox 436 562 724 635; x_wconf 80' lang='grc' dir='ltr'>Ῥωμαίων</span> <span class='ocrx_word' id='word_1_23' title='bbox 781 560 959 636; x_wconf 72' lang='grc' dir='ltr'>ἀρχὴν</span> <span class='ocrx_word' id='word_1_24' title='bbox 1020 557 1333 636; x_wconf 65' lang='grc' dir='ltr'>ὠφέλησαν.</span> <span class='ocrx_word' id='word_1_25' title='bbox 1399 558 1499 611; x_wconf 78' lang='grc' dir='ltr'>Καὶ</span> <span class='ocrx_word' id='word_1_26' title='bbox 1554 556 1621 610; x_wconf 75' lang='grc' dir='ltr'>τὰ</span> <span class='ocrx_word' id='word_1_27' title='bbox 1678 557 1771 628; x_wconf 79' lang='grc' dir='ltr'>μὶν</span> <span class='ocrx_word' id='word_1_28' title='bbox 1822 560 1916 610; x_wconf 75' lang='grc' dir='ltr'>τοῦ</span> 
     </span>
    </p>
   </div>
   <div class='ocr_carea' id='block_1_5' title="bbox 291 644 1916 731">
    <p class='ocr_par' dir='ltr' id='par_1_5' title="bbox 291 644 1916 731">
     <span class='ocr_line' id='line_1_5' title="bbox 291 644 1916 731; baseline -0.007 -22"><span class='ocrx_word' id='word_1_29' title='bbox 291 654 589 731; x_wconf 43' lang='grc' dir='ltr'>Νικτδᾳόρου</span> <span class='ocrx_word' id='word_1_30' title='bbox 658 651 1067 725; x_wconf 68' lang='grc' dir='ltr'>προτερήματα,</span> <span class='ocrx_word' id='word_1_31' title='bbox 1116 646 1209 701; x_wconf 69' lang='grc' dir='ltr'>’ἱνα</span> <span class='ocrx_word' id='word_1_32' title='bbox 1278 648 1352 718; x_wconf 79' lang='grc' dir='ltr'>μὴ</span> <span class='ocrx_word' id='word_1_33' title='bbox 1404 646 1467 700; x_wconf 87' lang='grc' dir='ltr'>τὸ</span> <span class='ocrx_word' id='word_1_34' title='bbox 1523 652 1625 714; x_wconf 80' lang='grc' dir='ltr'>τῆς</span> <span class='ocrx_word' id='word_1_35' title='bbox 1677 644 1916 720; x_wconf 80' lang='grc' dir='ltr'>ἱστορίας</span> 
     </span>
    </p>
   </div>
   <div class='ocr_carea' id='block_1_6' title="bbox 291 731 1914 817">
    <p class='ocr_par' dir='ltr' id='par_1_6' title="bbox 291 731 1914 817">
     <span class='ocr_line' id='line_1_6' title="bbox 291 731 1914 817; baseline -0.007 -18"><span class='ocrx_word' id='word_1_36' title='bbox 291 743 500 817; x_wconf 57' lang='lat' dir='ltr'>travexit:</span> <span class='ocrx_word' id='word_1_37' title='bbox 528 739 910 809; x_wconf 82' lang='grc' dir='ltr'>διακόπτηται,</span> <span class='ocrx_word' id='word_1_38' title='bbox 942 736 996 791; x_wconf 73' lang='grc' dir='ltr'>ἐν</span> <span class='ocrx_word' id='word_1_39' title='bbox 1047 742 1162 798; x_wconf 81' lang='grc' dir='ltr'>τοῖς</span> <span class='ocrx_word' id='word_1_40' title='bbox 1207 737 1331 809; x_wconf 84' lang='grc' dir='ltr'>περὶ</span> <span class='ocrx_word' id='word_1_41' title='bbox 1364 734 1567 789; x_wconf 77' lang='grc' dir='ltr'>ἐκείνου</span> <span class='ocrx_word' id='word_1_42' title='bbox 1600 731 1870 803; x_wconf 71' lang='grc' dir='ltr'>λελέξεται</span> <span class='ocrx_word' id='word_1_43' title='bbox 1902 752 1914 766; x_wconf 91' lang='grc'><strong>·</strong></span> 
     </span>
    </p>
   </div>
   <div class='ocr_carea' id='block_1_7' title="bbox 291 820 1919 900">
    <p class='ocr_par' dir='ltr' id='par_1_7' title="bbox 291 820 1919 900">
     <span class='ocr_line' id='line_1_7' title="bbox 291 820 1919 900; baseline -0.007 -12"><span class='ocrx_word' id='word_1_44' title='bbox 291 837 314 888; x_wconf 87' lang='lat'>6</span> <span class='ocrx_word' id='word_1_45' title='bbox 363 830 416 887; x_wconf 73' lang='grc' dir='ltr'>δὲ</span> <span class='ocrx_word' id='word_1_46' title='bbox 466 830 611 888; x_wconf 77' lang='grc' dir='ltr'>Ᾱὲων</span> <span class='ocrx_word' id='word_1_47' title='bbox 687 826 1040 900; x_wconf 79' lang='grc' dir='ltr'>Ἀπολασαὴρ</span> <span class='ocrx_word' id='word_1_48' title='bbox 1112 824 1378 897; x_wconf 72' lang='grc' dir='ltr'>ἐπίσημον</span> <span class='ocrx_word' id='word_1_49' title='bbox 1455 820 1621 898; x_wconf 77' lang='grc' dir='ltr'>ἄνδρα</span> <span class='ocrx_word' id='word_1_50' title='bbox 1678 824 1767 877; x_wconf 88' lang='grc' dir='ltr'>καὶ</span> <span class='ocrx_word' id='word_1_51' title='bbox 1821 827 1919 877; x_wconf 75' lang='grc' dir='ltr'>τοῦ</span> 
     </span>
    </p>
   </div>
   <div class='ocr_carea' id='block_1_8' title="bbox 289 912 1917 994">
    <p class='ocr_par' dir='ltr' id='par_1_8' title="bbox 289 912 1917 994">
     <span class='ocr_line' id='line_1_8' title="bbox 289 912 1917 994; baseline -0.007 -16"><span class='ocrx_word' id='word_1_52' title='bbox 289 918 450 981; x_wconf 72' lang='grc' dir='ltr'>Χπϐἆν</span> <span class='ocrx_word' id='word_1_53' title='bbox 494 925 751 994; x_wconf 82' lang='grc' dir='ltr'>συγγενῆ,</span> <span class='ocrx_word' id='word_1_54' title='bbox 797 916 890 970; x_wconf 74' lang='grc' dir='ltr'>σὺν</span> <span class='ocrx_word' id='word_1_55' title='bbox 944 914 1151 989; x_wconf 80' lang='grc' dir='ltr'>ἀπείρῳ</span> <span class='ocrx_word' id='word_1_56' title='bbox 1198 913 1398 983; x_wconf 77' lang='grc' dir='ltr'>πλήθει</span> <span class='ocrx_word' id='word_1_57' title='bbox 1447 912 1583 967; x_wconf 82' lang='grc' dir='ltr'>κατὰ</span> <span class='ocrx_word' id='word_1_58' title='bbox 1632 912 1917 983; x_wconf 85' lang='grc' dir='ltr'>Ῥωμαίων</span> 
     </span>
    </p>
   </div>
   <div class='ocr_carea' id='block_1_9' title="bbox 289 1000 1917 1084">
    <p class='ocr_par' dir='ltr' id='par_1_9' title="bbox 289 1000 1917 1084">
     <span class='ocr_line' id='line_1_9' title="bbox 289 1000 1917 1084; baseline -0.007 -17"><span class='ocrx_word' id='word_1_59' title='bbox 289 1006 560 1081; x_wconf 73' lang='grc' dir='ltr'>ἐξελθόντα</span> <span class='ocrx_word' id='word_1_60' title='bbox 600 1010 940 1084; x_wconf 72' lang='grc' dir='ltr'>τρεψάμενος</span> <span class='ocrx_word' id='word_1_61' title='bbox 985 1004 1076 1059; x_wconf 78' lang='grc' dir='ltr'>καὶ</span> <span class='ocrx_word' id='word_1_62' title='bbox 1123 1003 1414 1077; x_wconf 87' lang='grc' dir='ltr'>κατασχὼν</span> <span class='ocrx_word' id='word_1_63' title='bbox 1480 1000 1533 1055; x_wconf 76' lang='grc' dir='ltr'>ἐν</span> <span class='ocrx_word' id='word_1_64' title='bbox 1578 1004 1917 1057; x_wconf 86' lang='grc' dir='ltr'>Κωνσταντι-</span> 
     </span>
    </p>
   </div>
   <div class='ocr_carea' id='block_1_10' title="bbox 285 1089 1917 1163">
    <p class='ocr_par' dir='ltr' id='par_1_10' title="bbox 285 1089 1917 1163">
     <span class='ocr_line' id='line_1_10' title="bbox 285 1089 1917 1163; baseline -0.007 -10"><span class='ocrx_word' id='word_1_65' title='bbox 285 1098 521 1155; x_wconf 59' lang='grc' dir='ltr'>ιουπόλει</span> <span class='ocrx_word' id='word_1_66' title='bbox 558 1096 865 1161; x_wconf 77' lang='grc' dir='ltr'>ἁπέστειλε,</span> <span class='ocrx_word' id='word_1_67' title='bbox 897 1098 994 1147; x_wconf 76' lang='grc' dir='ltr'>τοῦ</span> <span class='ocrx_word' id='word_1_68' title='bbox 1028 1091 1205 1147; x_wconf 79' lang='grc' dir='ltr'>ἄλλου</span> <span class='ocrx_word' id='word_1_69' title='bbox 1252 1090 1500 1161; x_wconf 84' lang='grc' dir='ltr'>πλήθους</span> <span class='ocrx_word' id='word_1_70' title='bbox 1547 1089 1610 1144; x_wconf 86' lang='grc' dir='ltr'>τὸ</span> <span class='ocrx_word' id='word_1_71' title='bbox 1638 1090 1731 1162; x_wconf 74' lang='grc' dir='ltr'>μὲν</span> <span class='ocrx_word' id='word_1_72' title='bbox 1766 1090 1818 1144; x_wconf 74' lang='grc' dir='ltr'>ἐν</span> <span class='ocrx_word' id='word_1_73' title='bbox 1850 1092 1917 1163; x_wconf 77' lang='grc' dir='ltr'>τῇ</span> 
     </span>
    </p>
   </div>
   <div class='ocr_carea' id='block_1_11' title="bbox 281 1177 1918 1260">
    <p class='ocr_par' dir='ltr' id='par_1_11' title="bbox 281 1177 1918 1260">
     <span class='ocr_line' id='line_1_11' title="bbox 281 1177 1918 1260; baseline -0.006 -17"><span class='ocrx_word' id='word_1_74' title='bbox 281 1194 368 1244; x_wconf 72' lang='grc' dir='ltr'>τοῦ</span> <span class='ocrx_word' id='word_1_75' title='bbox 397 1186 649 1260; x_wconf 82' lang='grc' dir='ltr'>πολέμου</span> <span class='ocrx_word' id='word_1_76' title='bbox 681 1178 961 1259; x_wconf 66' lang='grc' dir='ltr'>προςϐἑλῇ</span> <span class='ocrx_word' id='word_1_77' title='bbox 1011 1182 1244 1247; x_wconf 84' lang='grc' dir='ltr'>κτείνας,</span> <span class='ocrx_word' id='word_1_78' title='bbox 1274 1181 1338 1235; x_wconf 85' lang='grc' dir='ltr'>τὸ</span> <span class='ocrx_word' id='word_1_79' title='bbox 1390 1177 1447 1234; x_wconf 74' lang='grc' dir='ltr'>δὲ</span> <span class='ocrx_word' id='word_1_80' title='bbox 1479 1180 1787 1252; x_wconf 80' lang='grc' dir='ltr'>ζωγρήσας.</span> <span class='ocrx_word' id='word_1_81' title='bbox 1821 1180 1918 1235; x_wconf 84' lang='lat' dir='ltr'>&quot;Ov</span> 
     </span>
    </p>
   </div>
   <div class='ocr_carea' id='block_1_12' title="bbox 286 1264 1917 1353">
    <p class='ocr_par' dir='ltr' id='par_1_12' title="bbox 286 1264 1917 1353">
     <span class='ocr_line' id='line_1_12' title="bbox 286 1264 1917 1353; baseline -0.008 -20"><span class='ocrx_word' id='word_1_82' title='bbox 286 1277 505 1353; x_wconf 69' lang='grc' dir='ltr'>ἀχθέντα</span> <span class='ocrx_word' id='word_1_83' title='bbox 558 1276 697 1347; x_wconf 77' lang='grc' dir='ltr'>πρὸς</span> <span class='ocrx_word' id='word_1_84' title='bbox 743 1274 842 1342; x_wconf 80' lang='grc' dir='ltr'>τὴν</span> <span class='ocrx_word' id='word_1_85' title='bbox 880 1268 1136 1346; x_wconf 77' lang='grc' dir='ltr'>βασιλίδα</span> <span class='ocrx_word' id='word_1_86' title='bbox 1166 1271 1193 1324; x_wconf 95' lang='lat'>6</span> <span class='ocrx_word' id='word_1_87' title='bbox 1225 1265 1484 1332; x_wconf 75' lang='grc' dir='ltr'>ϐασιλεὺς</span> <span class='ocrx_word' id='word_1_88' title='bbox 1514 1264 1917 1330; x_wconf 81' lang='grc' dir='ltr'>Κωνστᾶντῖνος</span> 
     </span>
    </p>
   </div>
   <div class='ocr_carea' id='block_1_13' title="bbox 287 1357 1920 1443">
    <p class='ocr_par' dir='ltr' id='par_1_13' title="bbox 287 1357 1920 1443">
     <span class='ocr_line' id='line_1_13' title="bbox 287 1357 1920 1443; baseline -0.007 -22"><span class='ocrx_word' id='word_1_89' title='bbox 287 1361 542 1443; x_wconf 74' lang='grc' dir='ltr'>Θρίαμϐον</span> <span class='ocrx_word' id='word_1_90' title='bbox 596 1363 830 1433; x_wconf 89' lang='grc' dir='ltr'>ποίήσας</span> <span class='ocrx_word' id='word_1_91' title='bbox 883 1361 971 1415; x_wconf 82' lang='grc' dir='ltr'>καὶ</span> <span class='ocrx_word' id='word_1_92' title='bbox 1019 1361 1157 1415; x_wconf 84' lang='grc' dir='ltr'>κατᾶ</span> <span class='ocrx_word' id='word_1_93' title='bbox 1203 1363 1299 1413; x_wconf 76' lang='grc' dir='ltr'>τοῦ</span> <span class='ocrx_word' id='word_1_94' title='bbox 1349 1357 1644 1433; x_wconf 81' lang='grc' dir='ltr'>τραχήλου</span> <span class='ocrx_word' id='word_1_95' title='bbox 1674 1358 1920 1427; x_wconf 81' lang='grc' dir='ltr'>πατήσας</span> 
     </span>
    </p>
   </div>
   <div class='ocr_carea' id='block_1_14' title="bbox 282 1449 1595 1530">
    <p class='ocr_par' dir='ltr' id='par_1_14' title="bbox 282 1449 1595 1530">
     <span class='ocr_line' id='line_1_14' title="bbox 282 1449 1595 1530; baseline -0.006 -19"><span class='ocrx_word' id='word_1_96' title='bbox 282 1461 451 1530; x_wconf 78' lang='grc' dir='ltr'>τιμαῖς</span> <span class='ocrx_word' id='word_1_97' title='bbox 480 1475 541 1510; x_wconf 88' lang='grc' dir='ltr'>τε</span> <span class='ocrx_word' id='word_1_98' title='bbox 571 1452 662 1507; x_wconf 79' lang='grc' dir='ltr'>καὶ</span> <span class='ocrx_word' id='word_1_99' title='bbox 696 1450 927 1525; x_wconf 76' lang='grc' dir='ltr'>δωρεαῖς</span> <span class='ocrx_word' id='word_1_100' title='bbox 958 1449 1430 1527; x_wconf 67' lang='grc' dir='ltr'>ἐφιλοφρονήσατο</span> <span class='ocrx_word' id='word_1_101' title='bbox 1463 1450 1595 1520; x_wconf 86' lang='lat'>(93).</span> 
     </span>
    </p>
   </div>
   <div class='ocr_carea' id='block_1_15' title="bbox 351 1536 1920 1603">
    <p class='ocr_par' dir='ltr' id='par_1_15' title="bbox 351 1536 1920 1603">
     <span class='ocr_line' id='line_1_15' title="bbox 351 1536 1920 1603; baseline -0.008 -4"><span class='ocrx_word' id='word_1_102' title='bbox 351 1547 752 1599; x_wconf 74' lang='grc' dir='ltr'>Κωνσταντῖνου</span> <span class='ocrx_word' id='word_1_103' title='bbox 803 1538 858 1594; x_wconf 77' lang='grc' dir='ltr'>δὶ</span> <span class='ocrx_word' id='word_1_104' title='bbox 902 1540 993 1594; x_wconf 87' lang='grc' dir='ltr'>τὸν</span> <span class='ocrx_word' id='word_1_105' title='bbox 1045 1537 1237 1593; x_wconf 87' lang='grc' dir='ltr'>λοιπὸν</span> <span class='ocrx_word' id='word_1_106' title='bbox 1294 1536 1410 1590; x_wconf 75' lang='grc' dir='ltr'>υἱὸν</span> <span class='ocrx_word' id='word_1_107' title='bbox 1455 1540 1552 1590; x_wconf 81' lang='grc' dir='ltr'>τοῦ</span> <span class='ocrx_word' id='word_1_108' title='bbox 1602 1540 1771 1590; x_wconf 82' lang='grc' dir='ltr'>Φωκᾶ</span> <span class='ocrx_word' id='word_1_109' title='bbox 1819 1540 1920 1603; x_wconf 83' lang='grc' dir='ltr'>ζω-</span> 
     </span>
    </p>
   </div>
   <div class='ocr_carea' id='block_1_16' title="bbox 286 1622 1920 1710">
    <p class='ocr_par' dir='ltr' id='par_1_16' title="bbox 286 1622 1920 1710">
     <span class='ocr_line' id='line_1_16' title="bbox 286 1622 1920 1710; baseline -0.008 -21"><span class='ocrx_word' id='word_1_110' title='bbox 286 1635 427 1710; x_wconf 70' lang='grc' dir='ltr'>γρίαν</span> <span class='ocrx_word' id='word_1_111' title='bbox 460 1627 648 1686; x_wconf 72' lang='grc' dir='ltr'>λαϐὼν</span> <span class='ocrx_word' id='word_1_112' title='bbox 682 1631 709 1684; x_wconf 97' lang='lat'>6</span> <span class='ocrx_word' id='word_1_113' title='bbox 737 1623 951 1686; x_wconf 74' lang='grc' dir='ltr'>Χαϐδᾶν</span> <span class='ocrx_word' id='word_1_114' title='bbox 993 1627 1081 1682; x_wconf 74' lang='grc' dir='ltr'>καὶ</span> <span class='ocrx_word' id='word_1_115' title='bbox 1132 1626 1207 1689; x_wconf 75' lang='grc' dir='ltr'>εἷς</span> <span class='ocrx_word' id='word_1_116' title='bbox 1234 1626 1297 1680; x_wconf 86' lang='grc' dir='ltr'>τὸ</span> <span class='ocrx_word' id='word_1_117' title='bbox 1328 1622 1524 1679; x_wconf 82' lang='grc' dir='ltr'>Χάλεπ</span> <span class='ocrx_word' id='word_1_118' title='bbox 1555 1624 1920 1697; x_wconf 79' lang='grc' dir='ltr'>(94)ἀγαγὼν,</span> 
     </span>
    </p>
   </div>
   <div class='ocr_carea' id='block_1_17' title="bbox 284 1712 1922 1790">
    <p class='ocr_par' dir='ltr' id='par_1_17' title="bbox 284 1712 1922 1790">
     <span class='ocr_line' id='line_1_17' title="bbox 284 1712 1922 1790; baseline -0.008 -12"><span class='ocrx_word' id='word_1_119' title='bbox 284 1725 366 1779; x_wconf 82' lang='grc' dir='ltr'>καὶ</span> <span class='ocrx_word' id='word_1_120' title='bbox 395 1720 581 1777; x_wconf 79' lang='grc' dir='ltr'>πολλά</span> <span class='ocrx_word' id='word_1_121' title='bbox 631 1715 938 1778; x_wconf 75' lang='grc' dir='ltr'>σπουδάσας</span> <span class='ocrx_word' id='word_1_122' title='bbox 986 1716 1060 1777; x_wconf 70' lang='grc' dir='ltr'>εἲς</span> <span class='ocrx_word' id='word_1_123' title='bbox 1114 1716 1261 1790; x_wconf 84' lang='lat'>[638]</span> <span class='ocrx_word' id='word_1_124' title='bbox 1306 1716 1405 1784; x_wconf 78' lang='grc' dir='ltr'>τήν</span> <span class='ocrx_word' id='word_1_125' title='bbox 1470 1713 1706 1787; x_wconf 78' lang='grc' dir='ltr'>μτσαραν</span> <span class='ocrx_word' id='word_1_126' title='bbox 1760 1712 1922 1766; x_wconf 77' lang='grc' dir='ltr'>αὐτοῦ</span> 
     </span>
    </p>
   </div>
   <div class='ocr_carea' id='block_1_18' title="bbox 284 1798 1920 1887">
    <p class='ocr_par' dir='ltr' id='par_1_18' title="bbox 284 1798 1920 1887">
     <span class='ocr_line' id='line_1_18' title="bbox 284 1798 1920 1887; baseline -0.008 -20"><span class='ocrx_word' id='word_1_127' title='bbox 284 1812 551 1887; x_wconf 76' lang='grc' dir='ltr'>θρησκείαν</span> <span class='ocrx_word' id='word_1_128' title='bbox 610 1814 804 1863; x_wconf 67' lang='grc' dir='ltr'>τοῦτον</span> <span class='ocrx_word' id='word_1_129' title='bbox 868 1810 1215 1880; x_wconf 81' lang='grc' dir='ltr'>μεταγαγεῖν,</span> <span class='ocrx_word' id='word_1_130' title='bbox 1271 1805 1345 1867; x_wconf 82' lang='grc' dir='ltr'>ὡς</span> <span class='ocrx_word' id='word_1_131' title='bbox 1401 1802 1500 1857; x_wconf 78' lang='grc' dir='ltr'>οὐκ</span> <span class='ocrx_word' id='word_1_132' title='bbox 1550 1798 1749 1874; x_wconf 80' lang='grc' dir='ltr'>ἔπεισε,</span> <span class='ocrx_word' id='word_1_133' title='bbox 1783 1823 1920 1879; x_wconf 67' lang='grc' dir='ltr'>φαρ-</span> 
     </span>
    </p>
   </div>
   <div class='ocr_carea' id='block_1_19' title="bbox 291 1890 1923 1975">
    <p class='ocr_par' dir='ltr' id='par_1_19' title="bbox 291 1890 1923 1975">
     <span class='ocr_line' id='line_1_19' title="bbox 291 1890 1923 1975; baseline -0.007 -20"><span class='ocrx_word' id='word_1_134' title='bbox 291 1902 470 1975; x_wconf 63' lang='grc' dir='ltr'>μάκοις</span> <span class='ocrx_word' id='word_1_135' title='bbox 493 1899 651 1953; x_wconf 73' lang='grc' dir='ltr'>αὐτὸν</span> <span class='ocrx_word' id='word_1_136' title='bbox 679 1895 966 1974; x_wconf 68' lang='grc' dir='ltr'>διέφθειρε.</span> <span class='ocrx_word' id='word_1_137' title='bbox 1010 1899 1087 1967; x_wconf 74' lang='grc' dir='ltr'>Τῇ</span> <span class='ocrx_word' id='word_1_138' title='bbox 1129 1894 1267 1966; x_wconf 80' lang='grc' dir='ltr'>ἀκοῇ</span> <span class='ocrx_word' id='word_1_139' title='bbox 1316 1890 1373 1947; x_wconf 75' lang='grc' dir='ltr'>δὶ</span> <span class='ocrx_word' id='word_1_140' title='bbox 1419 1890 1586 1966; x_wconf 65' lang='grc' dir='ltr'>ταύτῃ</span> <span class='ocrx_word' id='word_1_141' title='bbox 1623 1890 1923 1966; x_wconf 59' lang='grc' dir='ltr'>περιαλγὴς</span> 
     </span>
    </p>
   </div>
   <div class='ocr_carea' id='block_1_20' title="bbox 289 1979 1926 2065">
    <p class='ocr_par' dir='ltr' id='par_1_20' title="bbox 289 1979 1926 2065">
     <span class='ocr_line' id='line_1_20' title="bbox 289 1979 1926 2065; baseline -0.007 -21"><span class='ocrx_word' id='word_1_142' title='bbox 289 1994 567 2065; x_wconf 80' lang='grc' dir='ltr'>γενόμενος</span> <span class='ocrx_word' id='word_1_143' title='bbox 595 1989 622 2041; x_wconf 90' lang='lat'>6</span> <span class='ocrx_word' id='word_1_144' title='bbox 669 1984 884 2062; x_wconf 74' lang='grc' dir='ltr'>Βάρδας</span> <span class='ocrx_word' id='word_1_145' title='bbox 932 1986 1133 2044; x_wconf 76' lang='grc' dir='ltr'>πάντας</span> <span class='ocrx_word' id='word_1_146' title='bbox 1181 1981 1275 2043; x_wconf 72' lang='grc' dir='ltr'>οὓς</span> <span class='ocrx_word' id='word_1_147' title='bbox 1324 1986 1573 2055; x_wconf 79' lang='grc' dir='ltr'>κατεῖχεν</span> <span class='ocrx_word' id='word_1_148' title='bbox 1626 1979 1926 2055; x_wconf 73' lang='grc' dir='ltr'>αἶ’χμαλώ-</span> 
     </span>
    </p>
   </div>
   <div class='ocr_carea' id='block_1_21' title="bbox 286 2068 1925 2152">
    <p class='ocr_par' dir='ltr' id='par_1_21' title="bbox 286 2068 1925 2152">
     <span class='ocr_line' id='line_1_21' title="bbox 286 2068 1925 2152; baseline -0.007 -19"><span class='ocrx_word' id='word_1_149' title='bbox 286 2101 405 2142; x_wconf 78' lang='grc' dir='ltr'>τους</span> <span class='ocrx_word' id='word_1_150' title='bbox 432 2082 705 2152; x_wconf 72' lang='grc' dir='ltr'>συγγενεῖς</span> <span class='ocrx_word' id='word_1_151' title='bbox 748 2079 844 2129; x_wconf 73' lang='grc' dir='ltr'>τοῦ</span> <span class='ocrx_word' id='word_1_152' title='bbox 889 2068 1105 2130; x_wconf 77' lang='grc' dir='ltr'>Χαϐδᾶν</span> <span class='ocrx_word' id='word_1_153' title='bbox 1154 2072 1290 2148; x_wconf 65' lang='grc' dir='ltr'>ξίφει</span> <span class='ocrx_word' id='word_1_154' title='bbox 1331 2070 1614 2144; x_wconf 72' lang='grc' dir='ltr'>κατέκοψε.</span> <span class='ocrx_word' id='word_1_155' title='bbox 1652 2069 1752 2126; x_wconf 80' lang='grc' dir='ltr'>Καὶ</span> <span class='ocrx_word' id='word_1_156' title='bbox 1780 2070 1925 2143; x_wconf 82' lang='grc' dir='ltr'>παρᾶ</span> 
     </span>
    </p>
   </div>
   <div class='ocr_carea' id='block_1_22' title="bbox 285 2156 1930 2240">
    <p class='ocr_par' dir='ltr' id='par_1_22' title="bbox 285 2156 1930 2240">
     <span class='ocr_line' id='line_1_22' title="bbox 285 2156 1930 2240; baseline -0.007 -18"><span class='ocrx_word' id='word_1_157' title='bbox 285 2171 433 2223; x_wconf 73' lang='grc' dir='ltr'>τοῦτο</span> <span class='ocrx_word' id='word_1_158' title='bbox 457 2169 484 2221; x_wconf 87' lang='grc' dir='ltr'>ὁ</span> <span class='ocrx_word' id='word_1_159' title='bbox 512 2167 580 2220; x_wconf 76' lang='grc' dir='ltr'>τὸ</span> <span class='ocrx_word' id='word_1_160' title='bbox 612 2164 883 2238; x_wconf 79' lang='grc' dir='ltr'>ἀλλάγιον</span> <span class='ocrx_word' id='word_1_161' title='bbox 916 2162 1181 2240; x_wconf 65' lang='grc' dir='ltr'>πεμφθεὶς</span> <span class='ocrx_word' id='word_1_162' title='bbox 1215 2161 1543 2229; x_wconf 83' lang='grc' dir='ltr'>πυιήσασθαι</span> <span class='ocrx_word' id='word_1_163' title='bbox 1579 2156 1791 2222; x_wconf 78' lang='grc' dir='ltr'>Παῦλος</span> <span class='ocrx_word' id='word_1_164' title='bbox 1832 2156 1930 2229; x_wconf 76' lang='grc' dir='ltr'>μά-</span> 
     </span>
    </p>
   </div>
   <div class='ocr_carea' id='block_1_23' title="bbox 286 2245 1929 2331">
    <p class='ocr_par' dir='ltr' id='par_1_23' title="bbox 286 2245 1929 2331">
     <span class='ocr_line' id='line_1_23' title="bbox 286 2245 1929 2331; baseline -0.006 -22"><span class='ocrx_word' id='word_1_165' title='bbox 286 2276 493 2331; x_wconf 84' lang='grc' dir='ltr'>γιστρος</span> <span class='ocrx_word' id='word_1_166' title='bbox 524 2256 553 2308; x_wconf 83' lang='grc' dir='ltr'>ὁ</span> <span class='ocrx_word' id='word_1_167' title='bbox 588 2253 930 2326; x_wconf 76' lang='grc' dir='ltr'>Μονομάχος</span> <span class='ocrx_word' id='word_1_168' title='bbox 978 2248 1251 2325; x_wconf 73' lang='grc' dir='ltr'>ἄπρακτος</span> <span class='ocrx_word' id='word_1_169' title='bbox 1292 2247 1644 2322; x_wconf 75' lang='grc' dir='ltr'>ὕπέστρεψεν.</span> <span class='ocrx_word' id='word_1_170' title='bbox 1674 2245 1929 2321; x_wconf 72' lang='grc' dir='ltr'>Ἀσχέτῳ</span> 
     </span>
    </p>
   </div>
   <div class='ocr_carea' id='block_1_24' title="bbox 287 2333 1929 2419">
    <p class='ocr_par' dir='ltr' id='par_1_24' title="bbox 287 2333 1929 2419">
     <span class='ocr_line' id='line_1_24' title="bbox 287 2333 1929 2419; baseline -0.008 -18"><span class='ocrx_word' id='word_1_171' title='bbox 287 2345 337 2401; x_wconf 73' lang='grc' dir='ltr'>δὲ</span> <span class='ocrx_word' id='word_1_172' title='bbox 385 2341 719 2419; x_wconf 74' lang='grc' dir='ltr'>περιωδυνίᾳ</span> <span class='ocrx_word' id='word_1_173' title='bbox 777 2339 1008 2417; x_wconf 69' lang='grc' dir='ltr'>ληφθεὶς</span> <span class='ocrx_word' id='word_1_174' title='bbox 1068 2341 1094 2394; x_wconf 89' lang='lat'>6</span> <span class='ocrx_word' id='word_1_175' title='bbox 1154 2333 1370 2395; x_wconf 75' lang='grc' dir='ltr'>Χαϐδᾶν</span> <span class='ocrx_word' id='word_1_176' title='bbox 1427 2334 1518 2390; x_wconf 76' lang='grc' dir='ltr'>διὰ</span> <span class='ocrx_word' id='word_1_177' title='bbox 1573 2335 1703 2397; x_wconf 80' lang='grc' dir='ltr'>τοὺς</span> <span class='ocrx_word' id='word_1_178' title='bbox 1766 2334 1929 2390; x_wconf 74' lang='grc' dir='ltr'>αὐτοῦ</span> 
     </span>
    </p>
   </div>
   <div class='ocr_carea' id='block_1_25' title="bbox 290 2423 1932 2509">
    <p class='ocr_par' dir='ltr' id='par_1_25' title="bbox 290 2423 1932 2509">
     <span class='ocr_line' id='line_1_25' title="bbox 290 2423 1932 2509; baseline -0.007 -20"><span class='ocrx_word' id='word_1_179' title='bbox 290 2438 556 2509; x_wconf 72' lang='grc' dir='ltr'>συγγενεῖς</span> <span class='ocrx_word' id='word_1_180' title='bbox 616 2429 956 2504; x_wconf 71' lang='grc' dir='ltr'>ἰκστρατεῦει</span> <span class='ocrx_word' id='word_1_181' title='bbox 1024 2429 1159 2482; x_wconf 82' lang='grc' dir='ltr'>κατᾶ</span> <span class='ocrx_word' id='word_1_182' title='bbox 1234 2426 1550 2497; x_wconf 79' lang='grc' dir='ltr'>Ῥωμαίων,</span> <span class='ocrx_word' id='word_1_183' title='bbox 1612 2423 1757 2499; x_wconf 80' lang='grc' dir='ltr'>ἄγων</span> <span class='ocrx_word' id='word_1_184' title='bbox 1818 2424 1932 2496; x_wconf 92' lang='grc' dir='ltr'>μετ’</span> 
     </span>
    </p>
   </div>
   <div class='ocr_carea' id='block_1_26' title="bbox 289 2515 1934 2596">
    <p class='ocr_par' dir='ltr' id='par_1_26' title="bbox 289 2515 1934 2596">
     <span class='ocr_line' id='line_1_26' title="bbox 289 2515 1934 2596; baseline -0.006 -17"><span class='ocrx_word' id='word_1_185' title='bbox 289 2526 444 2578; x_wconf 62' lang='grc' dir='ltr'>αὐτοῦ</span> <span class='ocrx_word' id='word_1_186' title='bbox 472 2523 567 2577; x_wconf 73' lang='grc' dir='ltr'>καὶ</span> <span class='ocrx_word' id='word_1_187' title='bbox 628 2523 720 2575; x_wconf 87' lang='grc' dir='ltr'>τὸν</span> <span class='ocrx_word' id='word_1_188' title='bbox 782 2519 929 2596; x_wconf 74' lang='grc' dir='ltr'>παρὰ</span> <span class='ocrx_word' id='word_1_189' title='bbox 979 2517 1243 2594; x_wconf 78' lang='grc' dir='ltr'>βασιλέως</span> <span class='ocrx_word' id='word_1_190' title='bbox 1300 2517 1613 2594; x_wconf 71' lang='grc' dir='ltr'>πεμφθέντα</span> <span class='ocrx_word' id='word_1_191' title='bbox 1667 2515 1740 2576; x_wconf 84' lang='grc' dir='ltr'>ὠς</span> <span class='ocrx_word' id='word_1_192' title='bbox 1776 2515 1934 2569; x_wconf 84' lang='grc' dir='ltr'>αὑτὸν</span> 
     </span>
    </p>
   </div>
   <div class='ocr_carea' id='block_1_27' title="bbox 290 2603 1931 2689">
    <p class='ocr_par' dir='ltr' id='par_1_27' title="bbox 290 2603 1931 2689">
     <span class='ocr_line' id='line_1_27' title="bbox 290 2603 1931 2689; baseline -0.006 -22"><span class='ocrx_word' id='word_1_193' title='bbox 290 2608 619 2689; x_wconf 64' lang='grc' dir='ltr'>πρεσϐευτὴν</span> <span class='ocrx_word' id='word_1_194' title='bbox 682 2610 805 2683; x_wconf 80' lang='grc' dir='ltr'>περὶ</span> <span class='ocrx_word' id='word_1_195' title='bbox 890 2608 1127 2683; x_wconf 83' lang='grc' dir='ltr'>εἰρήνης,</span> <span class='ocrx_word' id='word_1_196' title='bbox 1199 2607 1443 2675; x_wconf 88' lang='grc' dir='ltr'>Νικήταν</span> <span class='ocrx_word' id='word_1_197' title='bbox 1495 2604 1780 2679; x_wconf 86' lang='grc' dir='ltr'>πατρίκιον</span> <span class='ocrx_word' id='word_1_198' title='bbox 1838 2603 1931 2657; x_wconf 90' lang='grc' dir='ltr'>τὸν</span> 
     </span>
    </p>
   </div>
   <div class='ocr_carea' id='block_1_28' title="bbox 290 2691 1933 2770">
    <p class='ocr_par' dir='ltr' id='par_1_28' title="bbox 290 2691 1933 2770">
     <span class='ocr_line' id='line_1_28' title="bbox 290 2691 1933 2770; baseline -0.008 -13"><span class='ocrx_word' id='word_1_199' title='bbox 290 2701 666 2769; x_wconf 67' lang='grc' dir='ltr'>Χα).κοτ3τζην,</span> <span class='ocrx_word' id='word_1_200' title='bbox 727 2700 816 2752; x_wconf 81' lang='grc' dir='ltr'>καὶ</span> <span class='ocrx_word' id='word_1_201' title='bbox 868 2695 1114 2757; x_wconf 73' lang='grc' dir='ltr'>πολλοὺς</span> <span class='ocrx_word' id='word_1_202' title='bbox 1154 2694 1389 2770; x_wconf 78' lang='grc' dir='ltr'>ἀγαθοὺς</span> <span class='ocrx_word' id='word_1_203' title='bbox 1448 2691 1646 2768; x_wconf 82' lang='grc' dir='ltr'>ἄνδρας</span> <span class='ocrx_word' id='word_1_204' title='bbox 1691 2696 1799 2746; x_wconf 80' lang='grc' dir='ltr'>τῶν</span> <span class='ocrx_word' id='word_1_205' title='bbox 1849 2693 1933 2745; x_wconf 83' lang='grc' dir='ltr'>ἆν-</span> 
     </span>
    </p>
   </div>
   <div class='ocr_carea' id='block_1_29' title="bbox 289 2782 1930 2864">
    <p class='ocr_par' dir='ltr' id='par_1_29' title="bbox 289 2782 1930 2864">
     <span class='ocr_line' id='line_1_29' title="bbox 289 2782 1930 2864; baseline -0.005 -20"><span class='ocrx_word' id='word_1_206' title='bbox 289 2789 610 2864; x_wconf 74' lang='grc' dir='ltr'>δρειοτατων</span> <span class='ocrx_word' id='word_1_207' title='bbox 665 2788 755 2842; x_wconf 80' lang='grc' dir='ltr'>καὶ</span> <span class='ocrx_word' id='word_1_208' title='bbox 801 2785 1053 2862; x_wconf 78' lang='grc' dir='ltr'>γενναίων</span> <span class='ocrx_word' id='word_1_209' title='bbox 1120 2783 1410 2856; x_wconf 81' lang='grc' dir='ltr'>Ῥωμαίων</span> <span class='ocrx_word' id='word_1_210' title='bbox 1462 2782 1740 2857; x_wconf 78' lang='grc' dir='ltr'>ἐζώγρησε</span> <span class='ocrx_word' id='word_1_211' title='bbox 1797 2784 1930 2853; x_wconf 83' lang='grc'>(95).</span> 
     </span>
    </p>
   </div>
   <div class='ocr_carea' id='block_1_30' title="bbox 287 2869 1935 2949">
    <p class='ocr_par' dir='ltr' id='par_1_30' title="bbox 287 2869 1935 2949">
     <span class='ocr_line' id='line_1_30' title="bbox 287 2869 1935 2949; baseline 0 -15"><span class='ocrx_word' id='word_1_212' title='bbox 287 2886 381 2935; x_wconf 70' lang='grc' dir='ltr'>Τοῦ</span> <span class='ocrx_word' id='word_1_213' title='bbox 412 2879 469 2934; x_wconf 67' lang='grc' dir='ltr'>δὲ</span> <span class='ocrx_word' id='word_1_214' title='bbox 498 2880 724 2948; x_wconf 79' lang='grc' dir='ltr'>Νικήτα</span> <span class='ocrx_word' id='word_1_215' title='bbox 763 2875 940 2949; x_wconf 76' lang='grc' dir='ltr'>λάθρα</span> <span class='ocrx_word' id='word_1_216' title='bbox 981 2874 1057 2947; x_wconf 82' lang='grc' dir='ltr'>τῷ</span> <span class='ocrx_word' id='word_1_217' title='bbox 1107 2878 1274 2946; x_wconf 80' lang='grc' dir='ltr'>Φῳκᾷ</span> <span class='ocrx_word' id='word_1_218' title='bbox 1328 2871 1628 2945; x_wconf 73' lang='grc' dir='ltr'>μηνύοντος</span> <span class='ocrx_word' id='word_1_219' title='bbox 1666 2870 1838 2925; x_wconf 75' lang='grc' dir='ltr'>πάντα</span> <span class='ocrx_word' id='word_1_220' title='bbox 1869 2869 1935 2924; x_wconf 72' lang='grc' dir='ltr'>τά</span> 
     </span>
    </p>
   </div>
   <div class='ocr_carea' id='block_1_31' title="bbox 291 2955 1934 3045">
    <p class='ocr_par' dir='ltr' id='par_1_31' title="bbox 291 2955 1934 3045">
     <span class='ocr_line' id='line_1_31' title="bbox 291 2955 1934 3045; baseline -0.007 -21"><span class='ocrx_word' id='word_1_221' title='bbox 291 2968 665 3045; x_wconf 80' lang='grc' dir='ltr'>βουλευόμενα</span> <span class='ocrx_word' id='word_1_222' title='bbox 693 2970 773 3038; x_wconf 86' lang='grc' dir='ltr'>τῷ</span> <span class='ocrx_word' id='word_1_223' title='bbox 821 2958 1036 3021; x_wconf 72' lang='grc' dir='ltr'>Χαϐδᾶν</span> <span class='ocrx_word' id='word_1_224' title='bbox 1087 2966 1177 3017; x_wconf 84' lang='grc' dir='ltr'>καὶ</span> <span class='ocrx_word' id='word_1_225' title='bbox 1225 2962 1320 3023; x_wconf 75' lang='grc' dir='ltr'>τὰς</span> <span class='ocrx_word' id='word_1_226' title='bbox 1372 2959 1533 3021; x_wconf 77' lang='grc' dir='ltr'>ὁδοὺς</span> <span class='ocrx_word' id='word_1_227' title='bbox 1574 2955 1694 3013; x_wconf 70' lang='grc' dir='ltr'>ὅθεν</span> <span class='ocrx_word' id='word_1_228' title='bbox 1740 2957 1934 3033; x_wconf 70' lang='grc' dir='ltr'>μέλλει</span> 
     </span>
    </p>
   </div>
   <div class='ocr_carea' id='block_1_32' title="bbox 287 3047 1936 3130">
    <p class='ocr_par' dir='ltr' id='par_1_32' title="bbox 287 3047 1936 3130">
     <span class='ocr_line' id='line_1_32' title="bbox 287 3047 1936 3130; baseline -0.007 -16"><span class='ocrx_word' id='word_1_229' title='bbox 287 3062 612 3130; x_wconf 78' lang='grc' dir='ltr'>ηοιήσασθαι</span> <span class='ocrx_word' id='word_1_230' title='bbox 642 3057 744 3123; x_wconf 71' lang='grc' dir='ltr'>τὴν</span> <span class='ocrx_word' id='word_1_231' title='bbox 780 3054 1155 3128; x_wconf 70' lang='grc' dir='ltr'>ὑποστροφὴν,</span> <span class='ocrx_word' id='word_1_232' title='bbox 1205 3050 1415 3127; x_wconf 78' lang='grc' dir='ltr'>λόχους</span> <span class='ocrx_word' id='word_1_233' title='bbox 1445 3051 1473 3103; x_wconf 90' lang='lat'>6</span> <span class='ocrx_word' id='word_1_234' title='bbox 1517 3054 1713 3110; x_wconf 77' lang='grc' dir='ltr'>Φωκᾶς</span> <span class='ocrx_word' id='word_1_235' title='bbox 1747 3047 1936 3123; x_wconf 77' lang='grc' dir='ltr'>ἐγκαθ-</span> 
     </span>
    </p>
   </div>
   <div class='ocr_carea' id='block_1_33' title="bbox 292 3133 1930 3218">
    <p class='ocr_par' dir='ltr' id='par_1_33' title="bbox 292 3133 1930 3218">
     <span class='ocr_line' id='line_1_33' title="bbox 292 3133 1930 3218; baseline -0.007 -15"><span class='ocrx_word' id='word_1_236' title='bbox 292 3150 379 3218; x_wconf 80' lang='grc' dir='ltr'>ίζει</span> <span class='ocrx_word' id='word_1_237' title='bbox 433 3149 589 3217; x_wconf 78' lang='grc' dir='ltr'>παρά</span> <span class='ocrx_word' id='word_1_238' title='bbox 642 3166 765 3200; x_wconf 87' lang='grc' dir='ltr'>τινα</span> <span class='ocrx_word' id='word_1_239' title='bbox 810 3144 979 3198; x_wconf 87' lang='grc' dir='ltr'>τόπον</span> <span class='ocrx_word' id='word_1_240' title='bbox 1058 3138 1263 3195; x_wconf 78' lang='grc' dir='ltr'>εἷ’σοδον</span> <span class='ocrx_word' id='word_1_241' title='bbox 1342 3133 1547 3213; x_wconf 75' lang='grc' dir='ltr'>ἔχοντα</span> <span class='ocrx_word' id='word_1_242' title='bbox 1606 3139 1794 3207; x_wconf 74' lang='grc' dir='ltr'>στενὴν</span> <span class='ocrx_word' id='word_1_243' title='bbox 1846 3139 1930 3191; x_wconf 78' lang='grc' dir='ltr'>καὶ</span> 
     </span>
    </p>
   </div>
   <div class='ocr_carea' id='block_1_34' title="bbox 2027 559 3675 635">
    <p class='ocr_par' dir='ltr' id='par_1_34' title="bbox 2027 559 3675 635">
     <span class='ocr_line' id='line_1_34' title="bbox 2027 559 3675 635; baseline 0.003 -21"><span class='ocrx_word' id='word_1_244' title='bbox 2027 559 2189 614; x_wconf 70' lang='grc' dir='ltr'>ὺὶίοω</span> <span class='ocrx_word' id='word_1_245' title='bbox 2222 562 2495 617; x_wconf 65' lang='lat' dir='ltr'>Romanas</span> <span class='ocrx_word' id='word_1_246' title='bbox 2529 562 2903 618; x_wconf 90' lang='lat' dir='ltr'>contulerunt</span> <span class='ocrx_word' id='word_1_247' title='bbox 2932 563 3223 618; x_wconf 78' lang='lat' dir='ltr'>utilitatis.</span> <span class='ocrx_word' id='word_1_248' title='bbox 3255 565 3333 618; x_wconf 87' lang='lat' dir='ltr'>Ac</span> <span class='ocrx_word' id='word_1_249' title='bbox 3363 563 3675 635; x_wconf 85' lang='lat' dir='ltr'>Nicephori</span> 
     </span>
    </p>
   </div>
   <div class='ocr_carea' id='block_1_35' title="bbox 2028 651 3671 726">
    <p class='ocr_par' dir='ltr' id='par_1_35' title="bbox 2028 651 3671 726">
     <span class='ocr_line' id='line_1_35' title="bbox 2028 651 3671 726; baseline 0.002 -21"><span class='ocrx_word' id='word_1_250' title='bbox 2028 651 2266 722; x_wconf 87' lang='lat' dir='ltr'>quidem</span> <span class='ocrx_word' id='word_1_251' title='bbox 2302 653 2533 725; x_wconf 88' lang='lat' dir='ltr'>egregia</span> <span class='ocrx_word' id='word_1_252' title='bbox 2565 654 2733 721; x_wconf 87' lang='lat' dir='ltr'>facta,</span> <span class='ocrx_word' id='word_1_253' title='bbox 2768 670 2839 709; x_wconf 85' lang='lat' dir='ltr'>ne</span> <span class='ocrx_word' id='word_1_254' title='bbox 2869 653 2927 708; x_wconf 91' lang='lat' dir='ltr'>in</span> <span class='ocrx_word' id='word_1_255' title='bbox 2962 655 3270 726; x_wconf 71' lang='lat' dir='ltr'>praesentia</span> <span class='ocrx_word' id='word_1_256' title='bbox 3318 655 3671 709; x_wconf 77' lang='lat' dir='ltr'>narrationis</span> 
     </span>
    </p>
   </div>
   <div class='ocr_carea' id='block_1_36' title="bbox 2028 741 3676 815">
    <p class='ocr_par' dir='ltr' id='par_1_36' title="bbox 2028 741 3676 815">
     <span class='ocr_line' id='line_1_36' title="bbox 2028 741 3676 815; baseline 0.002 -21"><span class='ocrx_word' id='word_1_257' title='bbox 2028 741 2364 796; x_wconf 88' lang='lat' dir='ltr'>continuam</span> <span class='ocrx_word' id='word_1_258' title='bbox 2414 743 2622 797; x_wconf 84' lang='lat' dir='ltr'>seriem</span> <span class='ocrx_word' id='word_1_259' title='bbox 2681 742 3207 814; x_wconf 87' lang='lat' dir='ltr'>interrumpamus,</span> <span class='ocrx_word' id='word_1_260' title='bbox 3263 760 3377 815; x_wconf 92' lang='lat' dir='ltr'>quo</span> <span class='ocrx_word' id='word_1_261' title='bbox 3424 742 3548 798; x_wconf 92' lang='lat' dir='ltr'>loco</span> <span class='ocrx_word' id='word_1_262' title='bbox 3604 744 3676 797; x_wconf 90' lang='lat' dir='ltr'>de</span> 
     </span>
    </p>
   </div>
   <div class='ocr_carea' id='block_1_37' title="bbox 2028 829 3670 903">
    <p class='ocr_par' dir='ltr' id='par_1_37' title="bbox 2028 829 3670 903">
     <span class='ocr_line' id='line_1_37' title="bbox 2028 829 3670 903; baseline 0.001 -20"><span class='ocrx_word' id='word_1_263' title='bbox 2028 829 2157 900; x_wconf 90' lang='lat' dir='ltr'>ipso</span> <span class='ocrx_word' id='word_1_264' title='bbox 2189 831 2380 886; x_wconf 82' lang='lat' dir='ltr'>dicere</span> <span class='ocrx_word' id='word_1_265' title='bbox 2430 831 2663 902; x_wconf 86' lang='lat' dir='ltr'>jubebit</span> <span class='ocrx_word' id='word_1_266' title='bbox 2693 834 2855 900; x_wconf 83' lang='lat' dir='ltr'>ordo,</span> <span class='ocrx_word' id='word_1_267' title='bbox 2890 849 3269 903; x_wconf 84' lang='lat' dir='ltr'>exponemus.</span> <span class='ocrx_word' id='word_1_268' title='bbox 3320 838 3426 887; x_wconf 86' lang='lat' dir='ltr'>Leo</span> <span class='ocrx_word' id='word_1_269' title='bbox 3475 836 3670 887; x_wconf 91' lang='lat' dir='ltr'>autem</span> 
     </span>
    </p>
   </div>
   <div class='ocr_carea' id='block_1_38' title="bbox 2029 917 3677 992">
    <p class='ocr_par' dir='ltr' id='par_1_38' title="bbox 2029 917 3677 992">
     <span class='ocr_line' id='line_1_38' title="bbox 2029 917 3677 992; baseline 0.002 -21"><span class='ocrx_word' id='word_1_270' title='bbox 2029 917 2450 989; x_wconf 67' lang='lat' dir='ltr'>Apolasmrum,</span> <span class='ocrx_word' id='word_1_271' title='bbox 2484 919 2771 974; x_wconf 79' lang='lat' dir='ltr'>illustrem</span> <span class='ocrx_word' id='word_1_272' title='bbox 2805 920 2993 975; x_wconf 86' lang='lat' dir='ltr'>virum</span> <span class='ocrx_word' id='word_1_273' title='bbox 3043 924 3100 975; x_wconf 92' lang='lat' dir='ltr'>et</span> <span class='ocrx_word' id='word_1_274' title='bbox 3137 920 3432 975; x_wconf 87' lang='lat' dir='ltr'>Chabdani</span> <span class='ocrx_word' id='word_1_275' title='bbox 3464 937 3677 992; x_wconf 87' lang='lat' dir='ltr'>cogna-</span> 
     </span>
    </p>
   </div>
   <div class='ocr_carea' id='block_1_39' title="bbox 2028 1006 3674 1079">
    <p class='ocr_par' dir='ltr' id='par_1_39' title="bbox 2028 1006 3674 1079">
     <span class='ocr_line' id='line_1_39' title="bbox 2028 1006 3674 1079; baseline 0.002 -20"><span class='ocrx_word' id='word_1_276' title='bbox 2028 1010 2176 1076; x_wconf 89' lang='lat' dir='ltr'>tum,</span> <span class='ocrx_word' id='word_1_277' title='bbox 2222 1008 2444 1079; x_wconf 84' lang='lat' dir='ltr'>ingenti</span> <span class='ocrx_word' id='word_1_278' title='bbox 2495 1026 2627 1063; x_wconf 90' lang='lat' dir='ltr'>cum</span> <span class='ocrx_word' id='word_1_279' title='bbox 2686 1006 3063 1064; x_wconf 74' lang='lat' dir='ltr'>multitudine</span> <span class='ocrx_word' id='word_1_280' title='bbox 3116 1010 3397 1066; x_wconf 81' lang='lat' dir='ltr'>Romanis</span> <span class='ocrx_word' id='word_1_281' title='bbox 3456 1010 3674 1065; x_wconf 89' lang='lat' dir='ltr'>bellum</span> 
     </span>
    </p>
   </div>
   <div class='ocr_carea' id='block_1_40' title="bbox 2032 1095 3679 1170">
    <p class='ocr_par' dir='ltr' id='par_1_40' title="bbox 2032 1095 3679 1170">
     <span class='ocr_line' id='line_1_40' title="bbox 2032 1095 3679 1170; baseline 0.002 -21"><span class='ocrx_word' id='word_1_282' title='bbox 2032 1095 2337 1151; x_wconf 81' lang='lat' dir='ltr'>facientem</span> <span class='ocrx_word' id='word_1_283' title='bbox 2375 1097 2544 1161; x_wconf 87' lang='lat' dir='ltr'>fudit,</span> <span class='ocrx_word' id='word_1_284' title='bbox 2574 1102 2927 1169; x_wconf 88' lang='lat' dir='ltr'>captumque</span> <span class='ocrx_word' id='word_1_285' title='bbox 2957 1099 3157 1170; x_wconf 92' lang='lat' dir='ltr'>Cpolin</span> <span class='ocrx_word' id='word_1_286' title='bbox 3193 1098 3679 1169; x_wconf 86' lang='lat' dir='ltr'>misit,militihus</span> 
     </span>
    </p>
   </div>
   <div class='ocr_carea' id='block_1_41' title="bbox 2029 1185 3679 1258">
    <p class='ocr_par' dir='ltr' id='par_1_41' title="bbox 2029 1185 3679 1258">
     <span class='ocr_line' id='line_1_41' title="bbox 2029 1185 3679 1258; baseline 0.002 -20"><span class='ocrx_word' id='word_1_287' title='bbox 2029 1185 2158 1254; x_wconf 86' lang='lat' dir='ltr'>ejus</span> <span class='ocrx_word' id='word_1_288' title='bbox 2192 1185 2401 1255; x_wconf 81' lang='lat' dir='ltr'>partim</span> <span class='ocrx_word' id='word_1_289' title='bbox 2432 1185 2490 1240; x_wconf 90' lang='lat' dir='ltr'>in</span> <span class='ocrx_word' id='word_1_290' title='bbox 2511 1186 2707 1257; x_wconf 67' lang='lat' dir='ltr'>praelio</span> <span class='ocrx_word' id='word_1_291' title='bbox 2732 1187 3293 1258; x_wconf 90' lang='lat' dir='ltr'>interfectis,partim</span> <span class='ocrx_word' id='word_1_292' title='bbox 3319 1188 3679 1258; x_wconf 87' lang='lat' dir='ltr'>captis.Eum</span> 
     </span>
    </p>
   </div>
   <div class='ocr_carea' id='block_1_42' title="bbox 2029 1272 3680 1347">
    <p class='ocr_par' dir='ltr' id='par_1_42' title="bbox 2029 1272 3680 1347">
     <span class='ocr_line' id='line_1_42' title="bbox 2029 1272 3680 1347; baseline 0.002 -20"><span class='ocrx_word' id='word_1_293' title='bbox 2029 1272 2350 1344; x_wconf 84' lang='lat' dir='ltr'>imperator</span> <span class='ocrx_word' id='word_1_294' title='bbox 2408 1274 2464 1328; x_wconf 89' lang='lat' dir='ltr'>in</span> <span class='ocrx_word' id='word_1_295' title='bbox 2527 1274 2827 1346; x_wconf 88' lang='lat' dir='ltr'>triumpho</span> <span class='ocrx_word' id='word_1_296' title='bbox 2889 1277 3035 1331; x_wconf 76' lang='lat'><strong>331</strong></span> <span class='ocrx_word' id='word_1_297' title='bbox 3101 1277 3286 1345; x_wconf 84' lang='lat' dir='ltr'>duxit,</span> <span class='ocrx_word' id='word_1_298' title='bbox 3348 1275 3680 1347; x_wconf 88' lang='lat' dir='ltr'>collumque</span> 
     </span>
    </p>
   </div>
   <div class='ocr_carea' id='block_1_43' title="bbox 2031 1362 3676 1433">
    <p class='ocr_par' dir='ltr' id='par_1_43' title="bbox 2031 1362 3676 1433">
     <span class='ocr_line' id='line_1_43' title="bbox 2031 1362 3676 1433; baseline 0.002 -18"><span class='ocrx_word' id='word_1_299' title='bbox 2031 1363 2159 1433; x_wconf 86' lang='lat' dir='ltr'>ejus</span> <span class='ocrx_word' id='word_1_300' title='bbox 2192 1362 2453 1433; x_wconf 83' lang='lat' dir='ltr'>calcavit,</span> <span class='ocrx_word' id='word_1_301' title='bbox 2487 1379 2552 1418; x_wconf 90' lang='lat' dir='ltr'>ac</span> <span class='ocrx_word' id='word_1_302' title='bbox 2601 1363 2922 1419; x_wconf 89' lang='lat' dir='ltr'>honoribus</span> <span class='ocrx_word' id='word_1_303' title='bbox 2954 1370 3010 1419; x_wconf 90' lang='lat' dir='ltr'>et</span> <span class='ocrx_word' id='word_1_304' title='bbox 3051 1364 3396 1421; x_wconf 87' lang='lat' dir='ltr'>muneribus</span> <span class='ocrx_word' id='word_1_305' title='bbox 3428 1370 3676 1421; x_wconf 86' lang='lat' dir='ltr'>Leonem</span> 
     </span>
    </p>
   </div>
   <div class='ocr_carea' id='block_1_44' title="bbox 2031 1451 2491 1507">
    <p class='ocr_par' dir='ltr' id='par_1_44' title="bbox 2031 1451 2491 1507">
     <span class='ocr_line' id='line_1_44' title="bbox 2031 1451 2491 1507; baseline 0 -2"><span class='ocrx_word' id='word_1_306' title='bbox 2031 1451 2351 1506; x_wconf 89' lang='lat' dir='ltr'>demeritus</span> <span class='ocrx_word' id='word_1_307' title='bbox 2385 1456 2491 1507; x_wconf 86' lang='lat' dir='ltr'>est.</span> 
     </span>
    </p>
   </div>
   <div class='ocr_carea' id='block_1_45' title="bbox 2101 1541 3685 1611">
    <p class='ocr_par' dir='ltr' id='par_1_45' title="bbox 2101 1541 3685 1611">
     <span class='ocr_line' id='line_1_45' title="bbox 2101 1541 3685 1611; baseline 0.002 -15"><span class='ocrx_word' id='word_1_308' title='bbox 2101 1541 2826 1607; x_wconf 79' lang='lat' dir='ltr'>Constantinum,tertium</span> <span class='ocrx_word' id='word_1_309' title='bbox 2860 1541 3059 1597; x_wconf 71' lang='lat' dir='ltr'>Phocea</span> <span class='ocrx_word' id='word_1_310' title='bbox 3093 1542 3302 1611; x_wconf 82' lang='lat' dir='ltr'>filium,</span> <span class='ocrx_word' id='word_1_311' title='bbox 3336 1543 3685 1600; x_wconf 86' lang='lat' dir='ltr'>Chabdanus</span> 
     </span>
    </p>
   </div>
   <div class='ocr_carea' id='block_1_46' title="bbox 2034 1630 3685 1703">
    <p class='ocr_par' dir='ltr' id='par_1_46' title="bbox 2034 1630 3685 1703">
     <span class='ocr_line' id='line_1_46' title="bbox 2034 1630 3685 1703; baseline 0.002 -20"><span class='ocrx_word' id='word_1_312' title='bbox 2034 1630 2188 1700; x_wconf 84' lang='lat' dir='ltr'>cepit</span> <span class='ocrx_word' id='word_1_313' title='bbox 2217 1634 2273 1684; x_wconf 88' lang='lat' dir='ltr'>et</span> <span class='ocrx_word' id='word_1_314' title='bbox 2303 1630 2621 1701; x_wconf 88' lang='lat' dir='ltr'>Chalepum</span> <span class='ocrx_word' id='word_1_315' title='bbox 2657 1632 3177 1703; x_wconf 87' lang='lat' dir='ltr'>abduxit,cumque</span> <span class='ocrx_word' id='word_1_316' title='bbox 3210 1632 3413 1688; x_wconf 87' lang='lat' dir='ltr'>multis</span> <span class='ocrx_word' id='word_1_317' title='bbox 3442 1632 3685 1688; x_wconf 88' lang='lat' dir='ltr'>tentatis</span> 
     </span>
    </p>
   </div>
   <div class='ocr_carea' id='block_1_47' title="bbox 2034 1718 3684 1793">
    <p class='ocr_par' dir='ltr' id='par_1_47' title="bbox 2034 1718 3684 1793">
     <span class='ocr_line' id='line_1_47' title="bbox 2034 1718 3684 1793; baseline 0.004 -21"><span class='ocrx_word' id='word_1_318' title='bbox 2034 1718 2362 1775; x_wconf 84' lang='lat' dir='ltr'>rationibus</span> <span class='ocrx_word' id='word_1_319' title='bbox 2411 1737 2523 1775; x_wconf 92' lang='lat' dir='ltr'>non</span> <span class='ocrx_word' id='word_1_320' title='bbox 2558 1725 2757 1791; x_wconf 89' lang='lat' dir='ltr'>posset</span> <span class='ocrx_word' id='word_1_321' title='bbox 2800 1737 2932 1775; x_wconf 90' lang='lat' dir='ltr'>eum</span> <span class='ocrx_word' id='word_1_322' title='bbox 2967 1738 3000 1775; x_wconf 88' lang='lat' dir='ltr'>a</span> <span class='ocrx_word' id='word_1_323' title='bbox 3027 1738 3162 1776; x_wconf 88' lang='lat' dir='ltr'>vera</span> <span class='ocrx_word' id='word_1_324' title='bbox 3192 1721 3466 1793; x_wconf 85' lang='lat' dir='ltr'>religione</span> <span class='ocrx_word' id='word_1_325' title='bbox 3499 1722 3684 1778; x_wconf 88' lang='lat' dir='ltr'>abdu-</span> 
     </span>
    </p>
   </div>
   <div class='ocr_carea' id='block_1_48' title="bbox 2034 1809 3685 1874">
    <p class='ocr_par' dir='ltr' id='par_1_48' title="bbox 2034 1809 3685 1874">
     <span class='ocr_line' id='line_1_48' title="bbox 2034 1809 3685 1874; baseline 0.002 -11"><span class='ocrx_word' id='word_1_326' title='bbox 2034 1824 2182 1874; x_wconf 89' lang='lat' dir='ltr'>cere,</span> <span class='ocrx_word' id='word_1_327' title='bbox 2218 1826 2438 1864; x_wconf 90' lang='lat' dir='ltr'>veneno</span> <span class='ocrx_word' id='word_1_328' title='bbox 2470 1809 2732 1865; x_wconf 88' lang='lat' dir='ltr'>sustulit.</span> <span class='ocrx_word' id='word_1_329' title='bbox 2766 1814 2886 1865; x_wconf 89' lang='lat' dir='ltr'>Hoc</span> <span class='ocrx_word' id='word_1_330' title='bbox 2919 1810 3186 1865; x_wconf 87' lang='lat' dir='ltr'>auditum</span> <span class='ocrx_word' id='word_1_331' title='bbox 3219 1811 3420 1865; x_wconf 72' lang='lat' dir='ltr'>Bardae</span> <span class='ocrx_word' id='word_1_332' title='bbox 3451 1815 3685 1867; x_wconf 88' lang='lat' dir='ltr'>tantum</span> 
     </span>
    </p>
   </div>
   <div class='ocr_carea' id='block_1_49' title="bbox 2037 1897 3686 1970">
    <p class='ocr_par' dir='ltr' id='par_1_49' title="bbox 2037 1897 3686 1970">
     <span class='ocr_line' id='line_1_49' title="bbox 2037 1897 3686 1970; baseline 0.002 -19"><span class='ocrx_word' id='word_1_333' title='bbox 2037 1897 2236 1952; x_wconf 87' lang='lat' dir='ltr'>attulit</span> <span class='ocrx_word' id='word_1_334' title='bbox 2293 1898 2573 1968; x_wconf 89' lang='lat' dir='ltr'>dolorem,</span> <span class='ocrx_word' id='word_1_335' title='bbox 2608 1903 2672 1953; x_wconf 90' lang='lat' dir='ltr'>ut</span> <span class='ocrx_word' id='word_1_336' title='bbox 2730 1903 3019 1969; x_wconf 84' lang='lat' dir='ltr'>quotquot</span> <span class='ocrx_word' id='word_1_337' title='bbox 3075 1899 3339 1970; x_wconf 88' lang='lat' dir='ltr'>captivos</span> <span class='ocrx_word' id='word_1_338' title='bbox 3387 1900 3686 1955; x_wconf 86' lang='lat' dir='ltr'>Chabdani</span> 
     </span>
    </p>
   </div>
   <div class='ocr_carea' id='block_1_50' title="bbox 2037 1987 3685 2059">
    <p class='ocr_par' dir='ltr' id='par_1_50' title="bbox 2037 1987 3685 2059">
     <span class='ocr_line' id='line_1_50' title="bbox 2037 1987 3685 2059; baseline 0.001 -19"><span class='ocrx_word' id='word_1_339' title='bbox 2037 1991 2315 2057; x_wconf 89' lang='lat' dir='ltr'>cognatos</span> <span class='ocrx_word' id='word_1_340' title='bbox 2374 1987 2645 2055; x_wconf 90' lang='lat' dir='ltr'>habebat,</span> <span class='ocrx_word' id='word_1_341' title='bbox 2677 2004 2775 2043; x_wconf 90' lang='lat' dir='ltr'>eos</span> <span class='ocrx_word' id='word_1_342' title='bbox 2830 2004 3035 2043; x_wconf 91' lang='lat' dir='ltr'>omnes</span> <span class='ocrx_word' id='word_1_343' title='bbox 3085 1988 3282 2059; x_wconf 86' lang='lat' dir='ltr'>gladio</span> <span class='ocrx_word' id='word_1_344' title='bbox 3333 1990 3685 2044; x_wconf 88' lang='lat' dir='ltr'>concideret.</span> 
     </span>
    </p>
   </div>
   <div class='ocr_carea' id='block_1_51' title="bbox 2038 2076 3689 2149">
    <p class='ocr_par' dir='ltr' id='par_1_51' title="bbox 2038 2076 3689 2149">
     <span class='ocr_line' id='line_1_51' title="bbox 2038 2076 3689 2149; baseline 0.002 -21"><span class='ocrx_word' id='word_1_345' title='bbox 2038 2076 2161 2139; x_wconf 89' lang='lat' dir='ltr'>Qua</span> <span class='ocrx_word' id='word_1_346' title='bbox 2192 2092 2252 2130; x_wconf 89' lang='lat' dir='ltr'>re</span> <span class='ocrx_word' id='word_1_347' title='bbox 2282 2076 2498 2130; x_wconf 81' lang='lat' dir='ltr'>factum</span> <span class='ocrx_word' id='word_1_348' title='bbox 2535 2080 2623 2131; x_wconf 90' lang='lat' dir='ltr'>est</span> <span class='ocrx_word' id='word_1_349' title='bbox 2653 2081 2718 2130; x_wconf 90' lang='lat' dir='ltr'>ut</span> <span class='ocrx_word' id='word_1_350' title='bbox 2750 2076 2963 2132; x_wconf 85' lang='lat' dir='ltr'>Paulus</span> <span class='ocrx_word' id='word_1_351' title='bbox 2996 2077 3689 2149; x_wconf 86' lang='lat' dir='ltr'>magister,cognomento</span> 
     </span>
    </p>
   </div>
   <div class='ocr_carea' id='block_1_52' title="bbox 2040 2166 3693 2238">
    <p class='ocr_par' dir='ltr' id='par_1_52' title="bbox 2040 2166 3693 2238">
     <span class='ocr_line' id='line_1_52' title="bbox 2040 2166 3693 2238; baseline 0.002 -20"><span class='ocrx_word' id='word_1_352' title='bbox 2040 2166 2714 2233; x_wconf 84' lang='lat' dir='ltr'>monomachus,missus</span> <span class='ocrx_word' id='word_1_353' title='bbox 2747 2166 2818 2220; x_wconf 91' lang='lat' dir='ltr'>ab</span> <span class='ocrx_word' id='word_1_354' title='bbox 2845 2166 3193 2237; x_wconf 88' lang='lat' dir='ltr'>imperatore</span> <span class='ocrx_word' id='word_1_355' title='bbox 3214 2168 3284 2222; x_wconf 91' lang='lat' dir='ltr'>ad</span> <span class='ocrx_word' id='word_1_356' title='bbox 3309 2183 3511 2238; x_wconf 90' lang='lat' dir='ltr'>pacem</span> <span class='ocrx_word' id='word_1_357' title='bbox 3534 2184 3693 2223; x_wconf 89' lang='lat' dir='ltr'>com-</span> 
     </span>
    </p>
   </div>
   <div class='ocr_carea' id='block_1_53' title="bbox 2041 2254 3692 2326">
    <p class='ocr_par' dir='ltr' id='par_1_53' title="bbox 2041 2254 3692 2326">
     <span class='ocr_line' id='line_1_53' title="bbox 2041 2254 3692 2326; baseline 0.002 -17"><span class='ocrx_word' id='word_1_358' title='bbox 2041 2255 2371 2326; x_wconf 85' lang='lat' dir='ltr'>ponendam</span> <span class='ocrx_word' id='word_1_359' title='bbox 2428 2272 2489 2309; x_wconf 88' lang='lat' dir='ltr'>re</span> <span class='ocrx_word' id='word_1_360' title='bbox 2544 2254 2755 2310; x_wconf 86' lang='lat' dir='ltr'>infecta</span> <span class='ocrx_word' id='word_1_361' title='bbox 2802 2256 3056 2311; x_wconf 87' lang='lat' dir='ltr'>redierit.</span> <span class='ocrx_word' id='word_1_362' title='bbox 3108 2257 3283 2311; x_wconf 87' lang='lat' dir='ltr'>Porro</span> <span class='ocrx_word' id='word_1_363' title='bbox 3335 2256 3692 2312; x_wconf 86' lang='lat' dir='ltr'>Chabdanus</span> 
     </span>
    </p>
   </div>
   <div class='ocr_carea' id='block_1_54' title="bbox 2040 2341 3690 2415">
    <p class='ocr_par' dir='ltr' id='par_1_54' title="bbox 2040 2341 3690 2415">
     <span class='ocr_line' id='line_1_54' title="bbox 2040 2341 3690 2415; baseline 0.002 -19"><span class='ocrx_word' id='word_1_364' title='bbox 2040 2341 2327 2398; x_wconf 89' lang='lat' dir='ltr'>indomito</span> <span class='ocrx_word' id='word_1_365' title='bbox 2377 2344 2448 2397; x_wconf 91' lang='lat' dir='ltr'>ob</span> <span class='ocrx_word' id='word_1_366' title='bbox 2478 2359 2678 2398; x_wconf 86' lang='lat' dir='ltr'>necem</span> <span class='ocrx_word' id='word_1_367' title='bbox 2731 2348 3113 2414; x_wconf 89' lang='lat' dir='ltr'>cognatorum</span> <span class='ocrx_word' id='word_1_368' title='bbox 3160 2344 3356 2400; x_wconf 87' lang='lat' dir='ltr'>dolore</span> <span class='ocrx_word' id='word_1_369' title='bbox 3387 2350 3690 2415; x_wconf 88' lang='lat' dir='ltr'>correptus</span> 
     </span>
    </p>
   </div>
   <div class='ocr_carea' id='block_1_55' title="bbox 2041 2432 3688 2505">
    <p class='ocr_par' dir='ltr' id='par_1_55' title="bbox 2041 2432 3688 2505">
     <span class='ocr_line' id='line_1_55' title="bbox 2041 2432 3688 2505; baseline 0.001 -18"><span class='ocrx_word' id='word_1_370' title='bbox 2041 2433 2098 2487; x_wconf 89' lang='lat' dir='ltr'>in</span> <span class='ocrx_word' id='word_1_371' title='bbox 2134 2433 2425 2487; x_wconf 80' lang='lat' dir='ltr'>Romanos</span> <span class='ocrx_word' id='word_1_372' title='bbox 2458 2432 2643 2500; x_wconf 89' lang='lat' dir='ltr'>duxit,</span> <span class='ocrx_word' id='word_1_373' title='bbox 2698 2449 2897 2487; x_wconf 87' lang='lat' dir='ltr'>secum</span> <span class='ocrx_word' id='word_1_374' title='bbox 2947 2434 3168 2488; x_wconf 89' lang='lat' dir='ltr'>ducens</span> <span class='ocrx_word' id='word_1_375' title='bbox 3199 2438 3255 2488; x_wconf 92' lang='lat' dir='ltr'>et</span> <span class='ocrx_word' id='word_1_376' title='bbox 3285 2433 3544 2488; x_wconf 87' lang='lat' dir='ltr'>Nicetam</span> <span class='ocrx_word' id='word_1_377' title='bbox 3588 2451 3688 2505; x_wconf 90' lang='lat' dir='ltr'>pa-</span> 
     </span>
    </p>
   </div>
   <div class='ocr_carea' id='block_1_56' title="bbox 2041 2519 3692 2593">
    <p class='ocr_par' dir='ltr' id='par_1_56' title="bbox 2041 2519 3692 2593">
     <span class='ocr_line' id='line_1_56' title="bbox 2041 2519 3692 2593; baseline -0.001 -17"><span class='ocrx_word' id='word_1_378' title='bbox 2041 2520 2277 2576; x_wconf 90' lang='lat' dir='ltr'>tricium</span> <span class='ocrx_word' id='word_1_379' title='bbox 2310 2519 2681 2575; x_wconf 88' lang='lat' dir='ltr'>Chalcutzam</span> <span class='ocrx_word' id='word_1_380' title='bbox 2716 2519 3051 2593; x_wconf 88' lang='lat' dir='ltr'>multosque</span> <span class='ocrx_word' id='word_1_381' title='bbox 3091 2521 3237 2576; x_wconf 90' lang='lat' dir='ltr'>alios</span> <span class='ocrx_word' id='word_1_382' title='bbox 3267 2522 3692 2592; x_wconf 65' lang='lat' dir='ltr'>preastantissi-</span> 
     </span>
    </p>
   </div>
   <div class='ocr_carea' id='block_1_57' title="bbox 2046 2610 3691 2681">
    <p class='ocr_par' dir='ltr' id='par_1_57' title="bbox 2046 2610 3691 2681">
     <span class='ocr_line' id='line_1_57' title="bbox 2046 2610 3691 2681; baseline 0.001 -17"><span class='ocrx_word' id='word_1_383' title='bbox 2046 2626 2171 2665; x_wconf 91' lang='lat' dir='ltr'>mos</span> <span class='ocrx_word' id='word_1_384' title='bbox 2218 2626 2283 2664; x_wconf 91' lang='lat' dir='ltr'>ac</span> <span class='ocrx_word' id='word_1_385' title='bbox 2329 2610 2687 2666; x_wconf 90' lang='lat' dir='ltr'>fortissimos</span> <span class='ocrx_word' id='word_1_386' title='bbox 2735 2615 3050 2677; x_wconf 84' lang='lat' dir='ltr'>Romanos,</span> <span class='ocrx_word' id='word_1_387' title='bbox 3104 2627 3252 2680; x_wconf 91' lang='lat' dir='ltr'>quos</span> <span class='ocrx_word' id='word_1_388' title='bbox 3302 2614 3549 2681; x_wconf 84' lang='lat' dir='ltr'>ceperat.</span> <span class='ocrx_word' id='word_1_389' title='bbox 3606 2610 3691 2665; x_wconf 91' lang='lat' dir='ltr'>Ibi</span> 
     </span>
    </p>
   </div>
   <div class='ocr_carea' id='block_1_58' title="bbox 2043 2698 3693 2755">
    <p class='ocr_par' dir='ltr' id='par_1_58' title="bbox 2043 2698 3693 2755">
     <span class='ocr_line' id='line_1_58' title="bbox 2043 2698 3693 2755; baseline 0.001 -2"><span class='ocrx_word' id='word_1_390' title='bbox 2043 2699 2242 2753; x_wconf 89' lang='lat' dir='ltr'>Niceta</span> <span class='ocrx_word' id='word_1_391' title='bbox 2272 2698 2496 2753; x_wconf 90' lang='lat' dir='ltr'>occulte</span> <span class='ocrx_word' id='word_1_392' title='bbox 2529 2698 2727 2753; x_wconf 65' lang='lat' dir='ltr'>Phocea</span> <span class='ocrx_word' id='word_1_393' title='bbox 2754 2700 2951 2754; x_wconf 89' lang='lat' dir='ltr'>omnia</span> <span class='ocrx_word' id='word_1_394' title='bbox 2978 2700 3209 2754; x_wconf 89' lang='lat' dir='ltr'>barbari</span> <span class='ocrx_word' id='word_1_395' title='bbox 3262 2698 3507 2754; x_wconf 88' lang='lat' dir='ltr'>consilia</span> <span class='ocrx_word' id='word_1_396' title='bbox 3540 2701 3693 2755; x_wconf 88' lang='lat' dir='ltr'>indi-</span> 
     </span>
    </p>
   </div>
   <div class='ocr_carea' id='block_1_59' title="bbox 2045 2789 3697 2861">
    <p class='ocr_par' dir='ltr' id='par_1_59' title="bbox 2045 2789 3697 2861">
     <span class='ocr_line' id='line_1_59' title="bbox 2045 2789 3697 2861; baseline 0.002 -18"><span class='ocrx_word' id='word_1_397' title='bbox 2045 2794 2159 2855; x_wconf 89' lang='lat' dir='ltr'>cat,</span> <span class='ocrx_word' id='word_1_398' title='bbox 2210 2794 2265 2844; x_wconf 90' lang='lat' dir='ltr'>et</span> <span class='ocrx_word' id='word_1_399' title='bbox 2321 2790 2534 2859; x_wconf 81' lang='lat' dir='ltr'>quibus</span> <span class='ocrx_word' id='word_1_400' title='bbox 2584 2789 2893 2845; x_wconf 87' lang='lat' dir='ltr'>itineribus</span> <span class='ocrx_word' id='word_1_401' title='bbox 2943 2791 3181 2845; x_wconf 90' lang='lat' dir='ltr'>domum</span> <span class='ocrx_word' id='word_1_402' title='bbox 3232 2790 3283 2845; x_wconf 89' lang='lat' dir='ltr'>is</span> <span class='ocrx_word' id='word_1_403' title='bbox 3342 2791 3697 2861; x_wconf 84' lang='lat' dir='ltr'>repetiturus</span> 
     </span>
    </p>
   </div>
   <div class='ocr_carea' id='block_1_60' title="bbox 2046 2878 3698 2950">
    <p class='ocr_par' dir='ltr' id='par_1_60' title="bbox 2046 2878 3698 2950">
     <span class='ocr_line' id='line_1_60' title="bbox 2046 2878 3698 2950; baseline 0.001 -17"><span class='ocrx_word' id='word_1_404' title='bbox 2046 2882 2221 2933; x_wconf 87' lang='lat' dir='ltr'>esset.</span> <span class='ocrx_word' id='word_1_405' title='bbox 2255 2878 2477 2932; x_wconf 90' lang='lat' dir='ltr'>Phocas</span> <span class='ocrx_word' id='word_1_406' title='bbox 2502 2895 2636 2949; x_wconf 87' lang='lat' dir='ltr'>ergo</span> <span class='ocrx_word' id='word_1_407' title='bbox 2665 2878 2790 2933; x_wconf 74' lang='lat' dir='ltr'>loco</span> <span class='ocrx_word' id='word_1_408' title='bbox 2822 2880 3072 2950; x_wconf 90' lang='lat' dir='ltr'>quodam</span> <span class='ocrx_word' id='word_1_409' title='bbox 3117 2896 3418 2933; x_wconf 87' lang='lat' dir='ltr'>accessum</span> <span class='ocrx_word' id='word_1_410' title='bbox 3446 2880 3698 2935; x_wconf 90' lang='lat' dir='ltr'>habente</span> 
     </span>
    </p>
   </div>
   <div class='ocr_carea' id='block_1_61' title="bbox 2048 2967 3694 3040">
    <p class='ocr_par' dir='ltr' id='par_1_61' title="bbox 2048 2967 3694 3040">
     <span class='ocr_line' id='line_1_61' title="bbox 2048 2967 3694 3040; baseline 0.001 -19"><span class='ocrx_word' id='word_1_411' title='bbox 2048 2973 2238 3022; x_wconf 88' lang='lat' dir='ltr'>artum</span> <span class='ocrx_word' id='word_1_412' title='bbox 2274 2970 2449 3038; x_wconf 89' lang='lat' dir='ltr'>atque</span> <span class='ocrx_word' id='word_1_413' title='bbox 2503 2973 2862 3039; x_wconf 59' lang='lat' dir='ltr'>praeruptum</span> <span class='ocrx_word' id='word_1_414' title='bbox 2919 2967 3161 3023; x_wconf 86' lang='lat' dir='ltr'>insidias</span> <span class='ocrx_word' id='word_1_415' title='bbox 3194 2969 3376 3040; x_wconf 92' lang='lat' dir='ltr'>ponit.</span> <span class='ocrx_word' id='word_1_416' title='bbox 3409 2968 3529 3033; x_wconf 90' lang='lat' dir='ltr'>Quo</span> <span class='ocrx_word' id='word_1_417' title='bbox 3562 2985 3694 3023; x_wconf 93' lang='lat' dir='ltr'>cum</span> 
     </span>
    </p>
   </div>
   <div class='ocr_carea' id='block_1_62' title="bbox 2049 3055 3696 3127">
    <p class='ocr_par' dir='ltr' id='par_1_62' title="bbox 2049 3055 3696 3127">
     <span class='ocr_line' id='line_1_62' title="bbox 2049 3055 3696 3127; baseline 0.002 -17"><span class='ocrx_word' id='word_1_418' title='bbox 2049 3056 2409 3127; x_wconf 87' lang='lat' dir='ltr'>pervenisset</span> <span class='ocrx_word' id='word_1_419' title='bbox 2456 3055 2829 3122; x_wconf 88' lang='lat' dir='ltr'>Chabdanus,</span> <span class='ocrx_word' id='word_1_420' title='bbox 2881 3057 3312 3112; x_wconf 89' lang='lat' dir='ltr'>circumventus</span> <span class='ocrx_word' id='word_1_421' title='bbox 3356 3063 3445 3113; x_wconf 88' lang='lat' dir='ltr'>est</span> <span class='ocrx_word' id='word_1_422' title='bbox 3501 3058 3572 3112; x_wconf 91' lang='lat' dir='ltr'>ab</span> <span class='ocrx_word' id='word_1_423' title='bbox 3623 3058 3696 3113; x_wconf 88' lang='lat' dir='ltr'>iis</span> 
     </span>
    </p>
   </div>
   <div class='ocr_carea' id='block_1_63' title="bbox 2049 3143 3695 3217">
    <p class='ocr_par' dir='ltr' id='par_1_63' title="bbox 2049 3143 3695 3217">
     <span class='ocr_line' id='line_1_63' title="bbox 2049 3143 3695 3217; baseline 0.002 -20"><span class='ocrx_word' id='word_1_424' title='bbox 2049 3145 2152 3214; x_wconf 91' lang='lat' dir='ltr'>qui</span> <span class='ocrx_word' id='word_1_425' title='bbox 2182 3145 2240 3198; x_wconf 90' lang='lat' dir='ltr'>in</span> <span class='ocrx_word' id='word_1_426' title='bbox 2276 3143 2506 3199; x_wconf 87' lang='lat' dir='ltr'>insidiis</span> <span class='ocrx_word' id='word_1_427' title='bbox 2535 3143 2869 3200; x_wconf 86' lang='lat' dir='ltr'>latuerant:</span> <span class='ocrx_word' id='word_1_428' title='bbox 2906 3145 2963 3198; x_wconf 87' lang='lat' dir='ltr'>hi</span> <span class='ocrx_word' id='word_1_429' title='bbox 2996 3162 3251 3216; x_wconf 87' lang='lat' dir='ltr'>namque</span> <span class='ocrx_word' id='word_1_430' title='bbox 3283 3163 3343 3200; x_wconf 91' lang='lat' dir='ltr'>se</span> <span class='ocrx_word' id='word_1_431' title='bbox 3372 3146 3695 3217; x_wconf 88' lang='lat' dir='ltr'>proripien-</span> 
     </span>
    </p>
   </div>
   <div class='ocr_carea' id='block_1_64' title="bbox 284 3223 1931 3310">
    <p class='ocr_par' dir='ltr' id='par_1_64' title="bbox 284 3223 1931 3310">
     <span class='ocr_line' id='line_1_64' title="bbox 284 3223 1931 3310; baseline -0.009 -18"><span class='ocrx_word' id='word_1_432' title='bbox 284 3233 615 3310; x_wconf 74' lang='grc' dir='ltr'>κρημνώδη,</span> <span class='ocrx_word' id='word_1_433' title='bbox 649 3233 703 3289; x_wconf 72' lang='grc' dir='ltr'>ἰν</span> <span class='ocrx_word' id='word_1_434' title='bbox 746 3234 791 3304; x_wconf 84' lang='grc' dir='ltr'>ᾦ</span> <span class='ocrx_word' id='word_1_435' title='bbox 819 3230 1113 3307; x_wconf 88' lang='grc' dir='ltr'>γενόμενος</span> <span class='ocrx_word' id='word_1_436' title='bbox 1162 3231 1189 3283; x_wconf 91' lang='lat'>6</span> <span class='ocrx_word' id='word_1_437' title='bbox 1240 3223 1483 3295; x_wconf 71' lang='grc' dir='ltr'>Χαὸδὰν,</span> <span class='ocrx_word' id='word_1_438' title='bbox 1536 3225 1650 3280; x_wconf 73' lang='grc' dir='ltr'>ἐπεὶ</span> <span class='ocrx_word' id='word_1_439' title='bbox 1680 3225 1815 3280; x_wconf 82' lang='grc' dir='ltr'>κατὰ</span> <span class='ocrx_word' id='word_1_440' title='bbox 1850 3227 1931 3297; x_wconf 81' lang='grc' dir='ltr'>μὲ-</span> 
     </span>
    </p>
   </div>
   <div class='ocr_carea' id='block_1_65' title="bbox 2046 3223 3785 3310">
    <p class='ocr_par' dir='ltr' id='par_1_65' title="bbox 2052 3232 3785 3301">
     <span class='ocr_line' id='line_1_65' title="bbox 2052 3232 3785 3301; baseline 0.002 -15"><span class='ocrx_word' id='word_1_441' title='bbox 2052 3238 2139 3287; x_wconf 88' lang='lat' dir='ltr'>tes</span> <span class='ocrx_word' id='word_1_442' title='bbox 2172 3235 2230 3286; x_wconf 90' lang='lat' dir='ltr'>in</span> <span class='ocrx_word' id='word_1_443' title='bbox 2264 3232 2493 3287; x_wconf 88' lang='lat' dir='ltr'>hostem</span> <span class='ocrx_word' id='word_1_444' title='bbox 2524 3233 2785 3301; x_wconf 77' lang='lat' dir='ltr'>ingentia</span> <span class='ocrx_word' id='word_1_445' title='bbox 2815 3251 2953 3288; x_wconf 83' lang='lat' dir='ltr'>saxa</span> <span class='ocrx_word' id='word_1_446' title='bbox 2996 3234 3374 3289; x_wconf 85' lang='lat' dir='ltr'>devolverunt</span> <span class='ocrx_word' id='word_1_447' title='bbox 3421 3239 3476 3290; x_wconf 89' lang='lat' dir='ltr'>et</span> <span class='ocrx_word' id='word_1_448' title='bbox 3506 3236 3698 3290; x_wconf 89' lang='lat' dir='ltr'>omnis</span> <span class='ocrx_word' id='word_1_449' title='bbox 3782 3240 3785 3243; x_wconf 72' lang='grc'><em>’</em></span> 
     </span>
    </p>
   </div>
   <div class='ocr_carea' id='block_1_66' title="bbox 290 3315 1936 3400">
    <p class='ocr_par' dir='ltr' id='par_1_66' title="bbox 290 3315 1936 3400">
     <span class='ocr_line' id='line_1_66' title="bbox 290 3315 1936 3400; baseline -0.008 -19"><span class='ocrx_word' id='word_1_450' title='bbox 290 3349 381 3395; x_wconf 68' lang='grc' dir='ltr'>σην</span> <span class='ocrx_word' id='word_1_451' title='bbox 421 3325 641 3400; x_wconf 66' lang='grc' dir='ltr'>ἐγένετο</span> <span class='ocrx_word' id='word_1_452' title='bbox 698 3323 797 3390; x_wconf 73' lang='grc' dir='ltr'>τὴν</span> <span class='ocrx_word' id='word_1_453' title='bbox 852 3318 1239 3395; x_wconf 79' lang='grc' dir='ltr'>στενοχωρίαν,</span> <span class='ocrx_word' id='word_1_454' title='bbox 1290 3315 1586 3371; x_wconf 76' lang='grc' dir='ltr'>κυκλοῦται</span> <span class='ocrx_word' id='word_1_455' title='bbox 1640 3316 1787 3389; x_wconf 76' lang='grc' dir='ltr'>παρὰ</span> <span class='ocrx_word' id='word_1_456' title='bbox 1829 3320 1936 3369; x_wconf 81' lang='grc' dir='ltr'>τῶν</span> 
     </span>
    </p>
   </div>
   <div class='ocr_carea' id='block_1_67' title="bbox 293 3403 1942 3490">
    <p class='ocr_par' dir='ltr' id='par_1_67' title="bbox 293 3403 1942 3490">
     <span class='ocr_line' id='line_1_67' title="bbox 293 3403 1942 3490; baseline -0.007 -20"><span class='ocrx_word' id='word_1_457' title='bbox 293 3414 498 3490; x_wconf 74' lang='grc' dir='ltr'>λόχων.</span> <span class='ocrx_word' id='word_1_458' title='bbox 553 3408 973 3481; x_wconf 70' lang='grc' dir='ltr'>Ἑξαναστάντες</span> <span class='ocrx_word' id='word_1_459' title='bbox 1018 3409 1122 3483; x_wconf 80' lang='grc' dir='ltr'>γὰρ</span> <span class='ocrx_word' id='word_1_460' title='bbox 1170 3413 1270 3477; x_wconf 82' lang='grc' dir='ltr'>τῆς</span> <span class='ocrx_word' id='word_1_461' title='bbox 1316 3403 1530 3480; x_wconf 73' lang='grc' dir='ltr'>ἐνέδρας</span> <span class='ocrx_word' id='word_1_462' title='bbox 1565 3404 1615 3458; x_wconf 81' lang='grc' dir='ltr'>οἶ</span> <span class='ocrx_word' id='word_1_463' title='bbox 1648 3405 1734 3459; x_wconf 72' lang='grc' dir='ltr'>ἐπὶ</span> <span class='ocrx_word' id='word_1_464' title='bbox 1765 3405 1942 3477; x_wconf 74' lang='grc' dir='ltr'>τούτῳ</span> 
     </span>
    </p>
   </div>
   <div class='ocr_carea' id='block_1_68' title="bbox 292 3492 1941 3578">
    <p class='ocr_par' dir='ltr' id='par_1_68' title="bbox 292 3492 1941 3578">
     <span class='ocr_line' id='line_1_68' title="bbox 292 3492 1941 3578; baseline -0.007 -20"><span class='ocrx_word' id='word_1_465' title='bbox 292 3503 618 3578; x_wconf 74' lang='grc' dir='ltr'>τεταγμένοι</span> <span class='ocrx_word' id='word_1_466' title='bbox 646 3502 843 3575; x_wconf 69' lang='grc' dir='ltr'>πέτρας</span> <span class='ocrx_word' id='word_1_467' title='bbox 894 3519 952 3552; x_wconf 90' lang='grc' dir='ltr'>τε</span> <span class='ocrx_word' id='word_1_468' title='bbox 1011 3495 1392 3571; x_wconf 67' lang='grc' dir='ltr'>ὑπερμεγέθεις</span> <span class='ocrx_word' id='word_1_469' title='bbox 1451 3495 1569 3549; x_wconf 88' lang='grc' dir='ltr'>κατ’</span> <span class='ocrx_word' id='word_1_470' title='bbox 1617 3494 1794 3548; x_wconf 81' lang='grc' dir='ltr'>αὐτῶν</span> <span class='ocrx_word' id='word_1_471' title='bbox 1828 3492 1941 3548; x_wconf 76' lang='grc' dir='ltr'>ἐκύ-</span> 
     </span>
    </p>
   </div>
   <div class='ocr_carea' id='block_1_69' title="bbox 293 3580 1941 3667">
    <p class='ocr_par' dir='ltr' id='par_1_69' title="bbox 293 3580 1941 3667">
     <span class='ocr_line' id='line_1_69' title="bbox 293 3580 1941 3667; baseline -0.007 -19"><span class='ocrx_word' id='word_1_472' title='bbox 293 3594 405 3649; x_wconf 85' lang='grc' dir='ltr'>λιον</span> <span class='ocrx_word' id='word_1_473' title='bbox 433 3592 525 3647; x_wconf 81' lang='grc' dir='ltr'>καὶ</span> <span class='ocrx_word' id='word_1_474' title='bbox 560 3588 701 3667; x_wconf 77' lang='grc' dir='ltr'>βὲλη</span> <span class='ocrx_word' id='word_1_475' title='bbox 753 3587 830 3651; x_wconf 80' lang='grc' dir='ltr'>εἷς</span> <span class='ocrx_word' id='word_1_476' title='bbox 879 3585 1073 3647; x_wconf 73' lang='grc' dir='ltr'>αὐτοὺς</span> <span class='ocrx_word' id='word_1_477' title='bbox 1117 3583 1359 3657; x_wconf 73' lang='grc' dir='ltr'>ἔπεμπον</span> <span class='ocrx_word' id='word_1_478' title='bbox 1405 3580 1747 3639; x_wconf 84' lang='grc' dir='ltr'>παντοδαπά.</span> <span class='ocrx_word' id='word_1_479' title='bbox 1784 3583 1877 3637; x_wconf 77' lang='grc' dir='ltr'>Καὶ</span> <span class='ocrx_word' id='word_1_480' title='bbox 1913 3584 1941 3637; x_wconf 90' lang='lat'>6</span> 
     </span>
    </p>
   </div>
   <div class='ocr_carea' id='block_1_70' title="bbox 286 3667 1942 3750">
    <p class='ocr_par' dir='ltr' id='par_1_70' title="bbox 286 3667 1942 3750">
     <span class='ocr_line' id='line_1_70' title="bbox 286 3667 1942 3750; baseline -0.007 -17"><span class='ocrx_word' id='word_1_481' title='bbox 286 3679 375 3750; x_wconf 74' lang='grc' dir='ltr'>μὲν</span> <span class='ocrx_word' id='word_1_482' title='bbox 409 3676 774 3744; x_wconf 75' lang='grc' dir='ltr'>Χαλκούτζης</span> <span class='ocrx_word' id='word_1_483' title='bbox 822 3672 1383 3748; x_wconf 77' lang='grc' dir='ltr'>προευτρεπισάμενος</span> <span class='ocrx_word' id='word_1_484' title='bbox 1434 3669 1523 3724; x_wconf 86' lang='grc' dir='ltr'>καὶ</span> <span class='ocrx_word' id='word_1_485' title='bbox 1575 3667 1775 3744; x_wconf 83' lang='grc' dir='ltr'>δώροις</span> <span class='ocrx_word' id='word_1_486' title='bbox 1810 3670 1942 3723; x_wconf 82' lang='grc' dir='ltr'>ὑπο-</span> 
     </span>
    </p>
   </div>
   <div class='ocr_carea' id='block_1_71' title="bbox 283 3760 1941 3840">
    <p class='ocr_par' dir='ltr' id='par_1_71' title="bbox 283 3760 1941 3840">
     <span class='ocr_line' id='line_1_71' title="bbox 283 3760 1941 3840; baseline -0.006 -18"><span class='ocrx_word' id='word_1_487' title='bbox 283 3766 662 3840; x_wconf 75' lang='grc' dir='ltr'>ποιησάμενός</span> <span class='ocrx_word' id='word_1_488' title='bbox 717 3784 869 3826; x_wconf 89' lang='grc' dir='ltr'>τινας</span> <span class='ocrx_word' id='word_1_489' title='bbox 913 3767 1021 3817; x_wconf 80' lang='grc' dir='ltr'>τῶν</span> <span class='ocrx_word' id='word_1_490' title='bbox 1075 3764 1409 3835; x_wconf 79' lang='grc' dir='ltr'>Σαρακηνῶν</span> <span class='ocrx_word' id='word_1_491' title='bbox 1465 3766 1564 3828; x_wconf 81' lang='grc' dir='ltr'>τῆς</span> <span class='ocrx_word' id='word_1_492' title='bbox 1612 3766 1786 3836; x_wconf 74' lang='grc' dir='ltr'>φυγῆς</span> <span class='ocrx_word' id='word_1_493' title='bbox 1842 3760 1941 3813; x_wconf 82' lang='grc' dir='ltr'>ὑπ-</span> 
     </span>
    </p>
   </div>
   <div class='ocr_carea' id='block_1_72' title="bbox 282 3848 1941 3931">
    <p class='ocr_par' dir='ltr' id='par_1_72' title="bbox 282 3848 1941 3931">
     <span class='ocr_line' id='line_1_72' title="bbox 282 3848 1941 3931; baseline -0.006 -20"><span class='ocrx_word' id='word_1_494' title='bbox 282 3859 502 3931; x_wconf 76' lang='grc' dir='ltr'>ηρέτας,</span> <span class='ocrx_word' id='word_1_495' title='bbox 536 3850 729 3918; x_wconf 71' lang='grc' dir='ltr'>ἔλαθεν</span> <span class='ocrx_word' id='word_1_496' title='bbox 776 3848 1015 3925; x_wconf 79' lang='grc' dir='ltr'>ἀποδρὰς</span> <span class='ocrx_word' id='word_1_497' title='bbox 1072 3850 1205 3922; x_wconf 81' lang='grc' dir='ltr'>μετὰ</span> <span class='ocrx_word' id='word_1_498' title='bbox 1248 3848 1462 3904; x_wconf 82' lang='grc' dir='ltr'>πάντων</span> <span class='ocrx_word' id='word_1_499' title='bbox 1509 3848 1678 3902; x_wconf 77' lang='grc' dir='ltr'>αὐτοῦ</span> <span class='ocrx_word' id='word_1_500' title='bbox 1722 3853 1828 3902; x_wconf 83' lang='grc' dir='ltr'>τῶν</span> <span class='ocrx_word' id='word_1_501' title='bbox 1856 3848 1941 3902; x_wconf 79' lang='grc' dir='ltr'>οἰ·-</span> 
     </span>
    </p>
   </div>
   <div class='ocr_carea' id='block_1_73' title="bbox 2049 3320 3699 3393">
    <p class='ocr_par' dir='ltr' id='par_1_73' title="bbox 2049 3320 3699 3393">
     <span class='ocr_line' id='line_1_73' title="bbox 2049 3320 3699 3393; baseline 0.002 -17"><span class='ocrx_word' id='word_1_502' title='bbox 2049 3320 2278 3393; x_wconf 90' lang='lat' dir='ltr'>generis</span> <span class='ocrx_word' id='word_1_503' title='bbox 2310 3320 2425 3375; x_wconf 89' lang='lat' dir='ltr'>tela</span> <span class='ocrx_word' id='word_1_504' title='bbox 2452 3321 3201 3391; x_wconf 88' lang='lat' dir='ltr'>conjecerunt.Chalcutzes</span> <span class='ocrx_word' id='word_1_505' title='bbox 3228 3339 3357 3377; x_wconf 90' lang='lat' dir='ltr'>cum</span> <span class='ocrx_word' id='word_1_506' title='bbox 3394 3324 3463 3378; x_wconf 88' lang='lat' dir='ltr'>ad</span> <span class='ocrx_word' id='word_1_507' title='bbox 3493 3325 3547 3378; x_wconf 92' lang='lat' dir='ltr'>id</span> <span class='ocrx_word' id='word_1_508' title='bbox 3573 3326 3699 3393; x_wconf 88' lang='lat' dir='ltr'>jam</span> 
     </span>
    </p>
   </div>
   <div class='ocr_carea' id='block_1_74' title="bbox 2054 3410 3699 3483">
    <p class='ocr_par' dir='ltr' id='par_1_74' title="bbox 2054 3410 3699 3483">
     <span class='ocr_line' id='line_1_74' title="bbox 2054 3410 3699 3483; baseline 0.002 -19"><span class='ocrx_word' id='word_1_509' title='bbox 2054 3414 2188 3465; x_wconf 88' lang='lat' dir='ltr'>ante</span> <span class='ocrx_word' id='word_1_510' title='bbox 2220 3413 2484 3481; x_wconf 88' lang='lat' dir='ltr'>parasset</span> <span class='ocrx_word' id='word_1_511' title='bbox 2517 3410 2804 3482; x_wconf 88' lang='lat' dir='ltr'>quosdam</span> <span class='ocrx_word' id='word_1_512' title='bbox 2834 3414 3173 3477; x_wconf 82' lang='lat' dir='ltr'>Saracenos,</span> <span class='ocrx_word' id='word_1_513' title='bbox 3194 3415 3251 3465; x_wconf 86' lang='lat' dir='ltr'>et</span> <span class='ocrx_word' id='word_1_514' title='bbox 3282 3413 3355 3466; x_wconf 87' lang='lat' dir='ltr'>ad</span> <span class='ocrx_word' id='word_1_515' title='bbox 3386 3413 3699 3483; x_wconf 87' lang='lat' dir='ltr'>expedien-</span> 
     </span>
    </p>
   </div>
   <div class='ocr_carea' id='block_1_75' title="bbox 2054 3497 3699 3570">
    <p class='ocr_par' dir='ltr' id='par_1_75' title="bbox 2054 3497 3699 3570">
     <span class='ocr_line' id='line_1_75' title="bbox 2054 3497 3699 3570; baseline 0.001 -17"><span class='ocrx_word' id='word_1_516' title='bbox 2054 3500 2189 3553; x_wconf 90' lang='lat' dir='ltr'>dam</span> <span class='ocrx_word' id='word_1_517' title='bbox 2220 3498 2330 3552; x_wconf 90' lang='lat' dir='ltr'>sibi</span> <span class='ocrx_word' id='word_1_518' title='bbox 2361 3499 2557 3569; x_wconf 83' lang='lat' dir='ltr'>fugam</span> <span class='ocrx_word' id='word_1_519' title='bbox 2592 3497 2936 3553; x_wconf 89' lang='lat' dir='ltr'>muneribus</span> <span class='ocrx_word' id='word_1_520' title='bbox 2966 3500 3118 3555; x_wconf 74' lang='lat'>332</span> <span class='ocrx_word' id='word_1_521' title='bbox 3152 3499 3533 3570; x_wconf 86' lang='lat' dir='ltr'>corrupisset,</span> <span class='ocrx_word' id='word_1_522' title='bbox 3565 3517 3699 3555; x_wconf 89' lang='lat' dir='ltr'>cum</span> 
     </span>
    </p>
   </div>
   <div class='ocr_carea' id='block_1_76' title="bbox 2053 3587 3700 3659">
    <p class='ocr_par' dir='ltr' id='par_1_76' title="bbox 2053 3587 3700 3659">
     <span class='ocr_line' id='line_1_76' title="bbox 2053 3587 3700 3659; baseline 0.001 -17"><span class='ocrx_word' id='word_1_523' title='bbox 2053 3587 2332 3643; x_wconf 90' lang='lat' dir='ltr'>omnibus</span> <span class='ocrx_word' id='word_1_524' title='bbox 2357 3588 2483 3642; x_wconf 90' lang='lat' dir='ltr'>suis</span> <span class='ocrx_word' id='word_1_525' title='bbox 2518 3588 2653 3659; x_wconf 87' lang='lat' dir='ltr'>fuga</span> <span class='ocrx_word' id='word_1_526' title='bbox 2683 3587 2919 3659; x_wconf 86' lang='lat' dir='ltr'>elapsus</span> <span class='ocrx_word' id='word_1_527' title='bbox 2952 3592 3466 3659; x_wconf 88' lang='lat' dir='ltr'>est.Agarenorum</span> <span class='ocrx_word' id='word_1_528' title='bbox 3499 3588 3700 3643; x_wconf 83' lang='lat' dir='ltr'>inetl‘a-</span> 
     </span>
    </p>
   </div>
   <div class='ocr_carea' id='block_1_77' title="bbox 2053 3674 3704 3746">
    <p class='ocr_par' dir='ltr' id='par_1_77' title="bbox 2053 3674 3704 3746">
     <span class='ocr_line' id='line_1_77' title="bbox 2053 3674 3704 3746; baseline 0.002 -17"><span class='ocrx_word' id='word_1_529' title='bbox 2053 3674 2189 3731; x_wconf 87' lang='lat' dir='ltr'>bilis</span> <span class='ocrx_word' id='word_1_530' title='bbox 2222 3674 2531 3730; x_wconf 85' lang='lat' dir='ltr'>multitudo</span> <span class='ocrx_word' id='word_1_531' title='bbox 2562 3675 2643 3730; x_wconf 89' lang='lat' dir='ltr'>ibi</span> <span class='ocrx_word' id='word_1_532' title='bbox 2675 3676 2845 3746; x_wconf 90' lang='lat' dir='ltr'>periit</span> <span class='ocrx_word' id='word_1_533' title='bbox 2873 3694 2886 3743; x_wconf 92' lang='lat'><strong>;</strong></span> <span class='ocrx_word' id='word_1_534' title='bbox 2919 3679 2974 3731; x_wconf 91' lang='lat' dir='ltr'>et</span> <span class='ocrx_word' id='word_1_535' title='bbox 3004 3676 3354 3732; x_wconf 88' lang='lat' dir='ltr'>Chabdanus</span> <span class='ocrx_word' id='word_1_536' title='bbox 3384 3676 3704 3733; x_wconf 83' lang='lat' dir='ltr'>interfectis</span> 
     </span>
    </p>
   </div>
   <div class='ocr_carea' id='block_1_78' title="bbox 2059 3761 3703 3837">
    <p class='ocr_par' dir='ltr' id='par_1_78' title="bbox 2059 3761 3703 3837">
     <span class='ocr_line' id='line_1_78' title="bbox 2059 3761 3703 3837; baseline 0.004 -22"><span class='ocrx_word' id='word_1_537' title='bbox 2059 3778 2207 3832; x_wconf 92' lang='lat' dir='ltr'>quos</span> <span class='ocrx_word' id='word_1_538' title='bbox 2240 3761 2298 3816; x_wconf 91' lang='lat' dir='ltr'>in</span> <span class='ocrx_word' id='word_1_539' title='bbox 2348 3761 2598 3817; x_wconf 91' lang='lat' dir='ltr'>vinculis</span> <span class='ocrx_word' id='word_1_540' title='bbox 2631 3762 2903 3832; x_wconf 86' lang='lat' dir='ltr'>habebat,</span> <span class='ocrx_word' id='word_1_541' title='bbox 2938 3780 3071 3819; x_wconf 90' lang='lat' dir='ltr'>cum</span> <span class='ocrx_word' id='word_1_542' title='bbox 3123 3765 3329 3836; x_wconf 88' lang='lat' dir='ltr'>paucis</span> <span class='ocrx_word' id='word_1_543' title='bbox 3359 3763 3613 3837; x_wconf 89' lang='lat' dir='ltr'>turpiter</span> <span class='ocrx_word' id='word_1_544' title='bbox 3641 3771 3703 3822; x_wconf 87' lang='lat' dir='ltr'>et</span> 
     </span>
    </p>
   </div>
   <div class='ocr_carea' id='block_1_79' title="bbox 2053 3851 3210 3925">
    <p class='ocr_par' dir='ltr' id='par_1_79' title="bbox 2053 3851 3210 3925">
     <span class='ocr_line' id='line_1_79' title="bbox 2053 3851 3210 3925; baseline 0.003 -21"><span class='ocrx_word' id='word_1_545' title='bbox 2053 3854 2390 3922; x_wconf 88' lang='lat' dir='ltr'>promiscua</span> <span class='ocrx_word' id='word_1_546' title='bbox 2420 3851 2555 3922; x_wconf 84' lang='lat' dir='ltr'>fuga</span> <span class='ocrx_word' id='word_1_547' title='bbox 2584 3852 2843 3923; x_wconf 87' lang='lat' dir='ltr'>periculo</span> <span class='ocrx_word' id='word_1_548' title='bbox 2878 3870 2939 3908; x_wconf 88' lang='lat' dir='ltr'>se</span> <span class='ocrx_word' id='word_1_549' title='bbox 2972 3854 3210 3925; x_wconf 88' lang='lat' dir='ltr'>eripuit.</span> 
     </span>
    </p>
   </div>
   <div class='ocr_carea' id='block_1_80' title="bbox 284 3932 3707 4030">
    <p class='ocr_par' dir='ltr' id='par_1_80' title="bbox 284 3932 3707 4030">
     <span class='ocr_line' id='line_1_80' title="bbox 284 3932 3707 4030; baseline 0.005 -50"><span class='ocrx_word' id='word_1_550' title='bbox 284 3945 458 4013; x_wconf 56' lang='grc' dir='ltr'>κείων,</span> <span class='ocrx_word' id='word_1_551' title='bbox 510 3948 626 3998; x_wconf 72' lang='grc' dir='ltr'>τῶν</span> <span class='ocrx_word' id='word_1_552' title='bbox 687 3943 1001 4016; x_wconf 80' lang='grc' dir='ltr'>Ἀγαρηνῶν</span> <span class='ocrx_word' id='word_1_553' title='bbox 1084 3936 1141 3992; x_wconf 76' lang='grc' dir='ltr'>δὶ</span> <span class='ocrx_word' id='word_1_554' title='bbox 1214 3938 1467 3991; x_wconf 73' lang='grc' dir='ltr'>πέπτωκε</span> <span class='ocrx_word' id='word_1_555' title='bbox 1526 3935 1755 4030; x_wconf 56' lang='grc' dir='ltr'>Δπλῆθος</span> <span class='ocrx_word' id='word_1_556' title='bbox 1832 3936 2133 4030; x_wconf 61' lang='grc' dir='ltr'>ἀμυρητον.</span> <span class='ocrx_word' id='word_1_557' title='bbox 2194 3938 2249 3990; x_wconf 75' lang='grc' dir='ltr'><strong>Ὀ</strong></span> <span class='ocrx_word' id='word_1_558' title='bbox 2321 3935 2378 3992; x_wconf 74' lang='grc' dir='ltr'>δὶ</span> <span class='ocrx_word' id='word_1_559' title='bbox 2432 3932 2645 3994; x_wconf 78' lang='grc' dir='ltr'>Χαϐδᾶν</span> <span class='ocrx_word' id='word_1_560' title='bbox 2705 3938 2797 4001; x_wconf 76' lang='grc' dir='ltr'>οὓς</span> <span class='ocrx_word' id='word_1_561' title='bbox 2871 3939 2987 4014; x_wconf 77' lang='grc' dir='ltr'>εἶχε</span> <span class='ocrx_word' id='word_1_562' title='bbox 3045 3938 3299 4013; x_wconf 84' lang='grc' dir='ltr'>δεσμίους</span> <span class='ocrx_word' id='word_1_563' title='bbox 3369 3941 3707 4030; x_wconf 57' lang='grc' dir='ltr'>ἀποσφάξας,</span> 
     </span>
    </p>
   </div>
   <div class='ocr_carea' id='block_1_81' title="bbox 290 4023 2231 4108">
    <p class='ocr_par' dir='ltr' id='par_1_81' title="bbox 290 4023 2231 4108">
     <span class='ocr_line' id='line_1_81' title="bbox 290 4023 2231 4108; baseline -0.005 -20"><span class='ocrx_word' id='word_1_564' title='bbox 290 4035 375 4088; x_wconf 65' lang='grc' dir='ltr'>συν</span> <span class='ocrx_word' id='word_1_565' title='bbox 408 4033 637 4108; x_wconf 80' lang='grc' dir='ltr'>ἆλίγοις</span> <span class='ocrx_word' id='word_1_566' title='bbox 668 4028 879 4091; x_wconf 76' lang='grc' dir='ltr'>ἅκλεῶς</span> <span class='ocrx_word' id='word_1_567' title='bbox 911 4028 999 4083; x_wconf 80' lang='grc' dir='ltr'>καὶ</span> <span class='ocrx_word' id='word_1_568' title='bbox 1035 4025 1275 4089; x_wconf 81' lang='grc' dir='ltr'>ἀτάκτως</span> <span class='ocrx_word' id='word_1_569' title='bbox 1307 4025 1398 4081; x_wconf 86' lang='grc' dir='ltr'>τὸν</span> <span class='ocrx_word' id='word_1_570' title='bbox 1431 4023 1677 4081; x_wconf 82' lang='grc' dir='ltr'>κίνδυνον</span> <span class='ocrx_word' id='word_1_571' title='bbox 1708 4023 1903 4100; x_wconf 70' lang='grc' dir='ltr'>’ίσχυσε</span> <span class='ocrx_word' id='word_1_572' title='bbox 1934 4023 2231 4104; x_wconf 69' lang='grc' dir='ltr'>διαφυγεῖν,</span> 
     </span>
    </p>
   </div>
   <div class='ocr_carea' id='block_1_82' title="bbox 354 4113 1938 4190">
    <p class='ocr_par' dir='ltr' id='par_1_82' title="bbox 354 4113 1938 4190">
     <span class='ocr_line' id='line_1_82' title="bbox 354 4113 1938 4190; baseline -0.006 -13"><span class='ocrx_word' id='word_1_573' title='bbox 354 4124 503 4177; x_wconf 66' lang='grc' dir='ltr'>’Βτει</span> <span class='ocrx_word' id='word_1_574' title='bbox 568 4118 632 4175; x_wconf 76' lang='grc' dir='ltr'>δὲ</span> <span class='ocrx_word' id='word_1_575' title='bbox 689 4116 981 4190; x_wconf 80' lang='grc' dir='ltr'>δωδεκάτῳ</span> <span class='ocrx_word' id='word_1_576' title='bbox 1034 4122 1135 4187; x_wconf 85' lang='grc' dir='ltr'>τῆς</span> <span class='ocrx_word' id='word_1_577' title='bbox 1184 4114 1585 4170; x_wconf 85' lang='grc' dir='ltr'>Κωνσταντίνου</span> <span class='ocrx_word' id='word_1_578' title='bbox 1637 4113 1938 4189; x_wconf 87' lang='grc' dir='ltr'>βασιλείας,</span> 
     </span>
    </p>
   </div>
   <div class='ocr_carea' id='block_1_83' title="bbox 287 4199 1940 4281">
    <p class='ocr_par' dir='ltr' id='par_1_83' title="bbox 287 4199 1940 4281">
     <span class='ocr_line' id='line_1_83' title="bbox 287 4199 1940 4281; baseline -0.005 -17"><span class='ocrx_word' id='word_1_579' title='bbox 287 4215 382 4264; x_wconf 73' lang='grc' dir='ltr'>τοῦ</span> <span class='ocrx_word' id='word_1_580' title='bbox 414 4208 471 4264; x_wconf 69' lang='grc' dir='ltr'>δὲ</span> <span class='ocrx_word' id='word_1_581' title='bbox 515 4208 735 4281; x_wconf 80' lang='grc' dir='ltr'>κόσμου</span> <span class='ocrx_word' id='word_1_582' title='bbox 784 4203 961 4281; x_wconf 38' lang='grc' dir='ltr'>,ςυξδᾎ</span> <span class='ocrx_word' id='word_1_583' title='bbox 1018 4206 1147 4278; x_wconf 81' lang='grc' dir='ltr'>μηνὶ</span> <span class='ocrx_word' id='word_1_584' title='bbox 1208 4199 1569 4277; x_wconf 79' lang='grc' dir='ltr'>Φεϐρουαρίῳ</span> <span class='ocrx_word' id='word_1_585' title='bbox 1624 4204 1724 4272; x_wconf 85' lang='grc' dir='ltr'>κζ’,</span> <span class='ocrx_word' id='word_1_586' title='bbox 1776 4201 1940 4257; x_wconf 73' lang='grc' dir='ltr'>ξ’νδικ-</span> 
     </span>
    </p>
   </div>
   <div class='ocr_carea' id='block_1_84' title="bbox 286 4292 1941 4371">
    <p class='ocr_par' dir='ltr' id='par_1_84' title="bbox 286 4292 1941 4371">
     <span class='ocr_line' id='line_1_84' title="bbox 286 4292 1941 4371; baseline -0.005 -17"><span class='ocrx_word' id='word_1_587' title='bbox 286 4305 478 4361; x_wconf 82' lang='grc' dir='ltr'>τιῶνος</span> <span class='ocrx_word' id='word_1_588' title='bbox 513 4297 605 4365; x_wconf 82' lang='grc' dir='ltr'>ιδ’,</span> <span class='ocrx_word' id='word_1_589' title='bbox 636 4294 901 4351; x_wconf 65' lang='grc' dir='ltr'>κατέλυσε</span> <span class='ocrx_word' id='word_1_590' title='bbox 929 4296 1022 4350; x_wconf 79' lang='grc' dir='ltr'>τὸν</span> <span class='ocrx_word' id='word_1_591' title='bbox 1061 4294 1178 4369; x_wconf 88' lang='grc' dir='ltr'>βίον</span> <span class='ocrx_word' id='word_1_592' title='bbox 1209 4292 1587 4371; x_wconf 78' lang='grc' dir='ltr'>Θεοιρύλακτος</span> <span class='ocrx_word' id='word_1_593' title='bbox 1622 4294 1649 4346; x_wconf 92' lang='lat'>6</span> <span class='ocrx_word' id='word_1_594' title='bbox 1680 4293 1941 4365; x_wconf 76' lang='grc' dir='ltr'>πατριάρ-</span> 
     </span>
    </p>
   </div>
   <div class='ocr_carea' id='block_1_85' title="bbox 283 4380 1936 4465">
    <p class='ocr_par' dir='ltr' id='par_1_85' title="bbox 283 4380 1936 4465">
     <span class='ocr_line' id='line_1_85' title="bbox 283 4380 1936 4465; baseline -0.006 -21"><span class='ocrx_word' id='word_1_595' title='bbox 283 4410 409 4465; x_wconf 76' lang='grc' dir='ltr'>χης.</span> <span class='ocrx_word' id='word_1_596' title='bbox 460 4385 893 4464; x_wconf 75' lang='grc' dir='ltr'>ἀρχιερατεύσας</span> <span class='ocrx_word' id='word_1_597' title='bbox 952 4383 1033 4439; x_wconf 80' lang='grc' dir='ltr'>ἐπ’</span> <span class='ocrx_word' id='word_1_598' title='bbox 1083 4381 1175 4453; x_wconf 82' lang='grc' dir='ltr'>ἔτη</span> <span class='ocrx_word' id='word_1_599' title='bbox 1235 4384 1334 4455; x_wconf 83' lang='grc' dir='ltr'>κγ’,</span> <span class='ocrx_word' id='word_1_600' title='bbox 1390 4383 1602 4455; x_wconf 70' lang='grc' dir='ltr'>ἡμέρας</span> <span class='ocrx_word' id='word_1_601' title='bbox 1634 4388 1726 4449; x_wconf 86' lang='grc' dir='ltr'>κε’,</span> <span class='ocrx_word' id='word_1_602' title='bbox 1760 4380 1936 4451; x_wconf 78' lang='grc' dir='ltr'>ἑξκαί-</span> 
     </span>
    </p>
   </div>
   <div class='ocr_carea' id='block_1_86' title="bbox 287 4469 1935 4550">
    <p class='ocr_par' dir='ltr' id='par_1_86' title="bbox 287 4469 1935 4550">
     <span class='ocr_line' id='line_1_86' title="bbox 287 4469 1935 4550; baseline -0.005 -18"><span class='ocrx_word' id='word_1_603' title='bbox 287 4476 406 4532; x_wconf 76' lang='grc' dir='ltr'>δεκα</span> <span class='ocrx_word' id='word_1_604' title='bbox 454 4479 554 4550; x_wconf 71' lang='grc' dir='ltr'>μὲν</span> <span class='ocrx_word' id='word_1_605' title='bbox 612 4474 744 4530; x_wconf 82' lang='grc' dir='ltr'>ἐτῶν</span> <span class='ocrx_word' id='word_1_606' title='bbox 805 4473 877 4528; x_wconf 84' lang='grc' dir='ltr'>ὣν</span> <span class='ocrx_word' id='word_1_607' title='bbox 938 4472 1026 4527; x_wconf 75' lang='grc' dir='ltr'>ὅτε</span> <span class='ocrx_word' id='word_1_608' title='bbox 1074 4471 1437 4532; x_wconf 83' lang='grc' dir='ltr'>ἀκανονίστως</span> <span class='ocrx_word' id='word_1_609' title='bbox 1481 4469 1611 4532; x_wconf 80' lang='grc' dir='ltr'>τοὺς</span> <span class='ocrx_word' id='word_1_610' title='bbox 1655 4473 1754 4539; x_wconf 74' lang='grc' dir='ltr'>τῆς</span> <span class='ocrx_word' id='word_1_611' title='bbox 1809 4472 1935 4526; x_wconf 85' lang='grc' dir='ltr'>Ἐκ-</span> 
     </span>
    </p>
   </div>
   <div class='ocr_carea' id='block_1_87' title="bbox 2123 4115 3704 4189">
    <p class='ocr_par' dir='ltr' id='par_1_87' title="bbox 2123 4115 3704 4189">
     <span class='ocr_line' id='line_1_87' title="bbox 2123 4115 3704 4189; baseline 0.003 -17"><span class='ocrx_word' id='word_1_612' title='bbox 2123 4120 2356 4172; x_wconf 90' lang='lat' dir='ltr'>Annum</span> <span class='ocrx_word' id='word_1_613' title='bbox 2390 4115 2719 4188; x_wconf 88' lang='lat' dir='ltr'>imperante</span> <span class='ocrx_word' id='word_1_614' title='bbox 2770 4121 3150 4176; x_wconf 84' lang='lat' dir='ltr'>Constantino</span> <span class='ocrx_word' id='word_1_615' title='bbox 3187 4121 3272 4189; x_wconf 86' lang='grc'>12,</span> <span class='ocrx_word' id='word_1_616' title='bbox 3304 4138 3461 4178; x_wconf 92' lang='lat' dir='ltr'>anno</span> <span class='ocrx_word' id='word_1_617' title='bbox 3496 4123 3704 4178; x_wconf 90' lang='lat' dir='ltr'>mundi</span> 
     </span>
    </p>
   </div>
   <div class='ocr_carea' id='block_1_88' title="bbox 2046 4206 3702 4284">
    <p class='ocr_par' dir='ltr' id='par_1_88' title="bbox 2046 4206 3702 4284">
     <span class='ocr_line' id='line_1_88' title="bbox 2046 4206 3702 4284; baseline 0.004 -23"><span class='ocrx_word' id='word_1_618' title='bbox 2046 4207 2209 4274; x_wconf 77' lang='grc'>6464,</span> <span class='ocrx_word' id='word_1_619' title='bbox 2243 4206 2334 4260; x_wconf 88' lang='lat' dir='ltr'>die</span> <span class='ocrx_word' id='word_1_620' title='bbox 2368 4206 2668 4261; x_wconf 86' lang='lat' dir='ltr'>Februarii</span> <span class='ocrx_word' id='word_1_621' title='bbox 2699 4207 2789 4276; x_wconf 85' lang='lat'>27,</span> <span class='ocrx_word' id='word_1_622' title='bbox 2824 4208 3146 4265; x_wconf 90' lang='lat' dir='ltr'>indictione</span> <span class='ocrx_word' id='word_1_623' title='bbox 3196 4212 3283 4278; x_wconf 86' lang='grc'>14,</span> <span class='ocrx_word' id='word_1_624' title='bbox 3335 4211 3702 4284; x_wconf 87' lang='lat' dir='ltr'>Theopbyla-</span> 
     </span>
    </p>
   </div>
   <div class='ocr_carea' id='block_1_89' title="bbox 2049 4294 3701 4371">
    <p class='ocr_par' dir='ltr' id='par_1_89' title="bbox 2049 4294 3701 4371">
     <span class='ocr_line' id='line_1_89' title="bbox 2049 4294 3701 4371; baseline 0.004 -22"><span class='ocrx_word' id='word_1_625' title='bbox 2049 4301 2178 4350; x_wconf 91' lang='lat' dir='ltr'>ctus</span> <span class='ocrx_word' id='word_1_626' title='bbox 2202 4294 2533 4365; x_wconf 88' lang='lat' dir='ltr'>patriarcha</span> <span class='ocrx_word' id='word_1_627' title='bbox 2557 4295 2708 4350; x_wconf 91' lang='lat' dir='ltr'>diem</span> <span class='ocrx_word' id='word_1_628' title='bbox 2733 4313 2905 4351; x_wconf 91' lang='lat' dir='ltr'>suum</span> <span class='ocrx_word' id='word_1_629' title='bbox 2927 4298 3232 4364; x_wconf 88' lang='lat' dir='ltr'>obiit,cum</span> <span class='ocrx_word' id='word_1_630' title='bbox 3258 4299 3307 4354; x_wconf 91' lang='lat' dir='ltr'>ei</span> <span class='ocrx_word' id='word_1_631' title='bbox 3335 4301 3701 4371; x_wconf 81' lang='lat' dir='ltr'>pontificatui</span> 
     </span>
    </p>
   </div>
   <div class='ocr_carea' id='block_1_90' title="bbox 2048 4384 3703 4457">
    <p class='ocr_par' dir='ltr' id='par_1_90' title="bbox 2048 4384 3703 4457">
     <span class='ocr_line' id='line_1_90' title="bbox 2048 4384 3703 4457; baseline 0.004 -19"><span class='ocrx_word' id='word_1_632' title='bbox 2048 4384 2375 4456; x_wconf 71' lang='lat' dir='ltr'>praefuisset</span> <span class='ocrx_word' id='word_1_633' title='bbox 2433 4400 2619 4439; x_wconf 89' lang='lat' dir='ltr'>annos</span> <span class='ocrx_word' id='word_1_634' title='bbox 2648 4385 2717 4439; x_wconf 83' lang='lat'><strong>23</strong></span> <span class='ocrx_word' id='word_1_635' title='bbox 2746 4386 2872 4441; x_wconf 89' lang='lat' dir='ltr'>dies</span> <span class='ocrx_word' id='word_1_636' title='bbox 2901 4388 2991 4442; x_wconf 84' lang='lat'>25.</span> <span class='ocrx_word' id='word_1_637' title='bbox 3037 4389 3179 4442; x_wconf 88' lang='lat' dir='ltr'>Cum</span> <span class='ocrx_word' id='word_1_638' title='bbox 3230 4405 3364 4443; x_wconf 90' lang='lat' dir='ltr'>eum</span> <span class='ocrx_word' id='word_1_639' title='bbox 3416 4388 3614 4457; x_wconf 91' lang='lat' dir='ltr'>iniret,</span> <span class='ocrx_word' id='word_1_640' title='bbox 3645 4390 3703 4444; x_wconf 89' lang='lat' dir='ltr'>id</span> 
     </span>
    </p>
   </div>
   <div class='ocr_carea' id='block_1_91' title="bbox 2044 4473 3705 4544">
    <p class='ocr_par' dir='ltr' id='par_1_91' title="bbox 2044 4473 3705 4544">
     <span class='ocr_line' id='line_1_91' title="bbox 2044 4473 3705 4544; baseline 0.003 -17"><span class='ocrx_word' id='word_1_641' title='bbox 2044 4474 2198 4543; x_wconf 89' lang='lat' dir='ltr'>quod</span> <span class='ocrx_word' id='word_1_642' title='bbox 2230 4479 2435 4529; x_wconf 88' lang='lat' dir='ltr'>contra</span> <span class='ocrx_word' id='word_1_643' title='bbox 2482 4473 2638 4544; x_wconf 87' lang='lat' dir='ltr'>leges</span> <span class='ocrx_word' id='word_1_644' title='bbox 2669 4474 3100 4531; x_wconf 87' lang='lat' dir='ltr'>ecclesiasticas</span> <span class='ocrx_word' id='word_1_645' title='bbox 3134 4477 3336 4544; x_wconf 85' lang='lat' dir='ltr'>fiebat,</span> <span class='ocrx_word' id='word_1_646' title='bbox 3361 4494 3548 4533; x_wconf 90' lang='lat' dir='ltr'>annos</span> <span class='ocrx_word' id='word_1_647' title='bbox 3580 4482 3705 4533; x_wconf 88' lang='lat' dir='ltr'>erat</span> 
     </span>
    </p>
   </div>
   <div class='ocr_carea' id='block_1_92' title="bbox 285 4557 1931 4641">
    <p class='ocr_par' dir='ltr' id='par_1_92' title="bbox 285 4557 1931 4641">
     <span class='ocr_line' id='line_1_92' title="bbox 285 4557 1931 4641; baseline -0.005 -20"><span class='ocrx_word' id='word_1_648' title='bbox 285 4568 521 4635; x_wconf 74' lang='grc' dir='ltr'>πλησίας</span> <span class='ocrx_word' id='word_1_649' title='bbox 575 4562 913 4640; x_wconf 72' lang='grc' dir='ltr'>παρείληφεν</span> <span class='ocrx_word' id='word_1_650' title='bbox 969 4559 1336 4641; x_wconf 31' lang='grc' dir='ltr'>οἷάκαςηὺπὸ</span> <span class='ocrx_word' id='word_1_651' title='bbox 1392 4557 1777 4635; x_wconf 81' lang='grc' dir='ltr'>παιδαγωγοὺς</span> <span class='ocrx_word' id='word_1_652' title='bbox 1819 4565 1931 4636; x_wconf 72' lang='grc' dir='ltr'>(φεῦ</span> 
     </span>
    </p>
   </div>
   <div class='ocr_carea' id='block_1_93' title="bbox 2046 4557 3702 4641">
    <p class='ocr_par' dir='ltr' id='par_1_93' title="bbox 2048 4563 3702 4638">
     <span class='ocr_line' id='line_1_93' title="bbox 2048 4563 3702 4638; baseline 0.003 -22"><span class='ocrx_word' id='word_1_653' title='bbox 2048 4567 2222 4617; x_wconf 90' lang='lat' dir='ltr'>natus</span> <span class='ocrx_word' id='word_1_654' title='bbox 2252 4564 2341 4627; x_wconf 81' lang='lat' dir='ltr'>l6,</span> <span class='ocrx_word' id='word_1_655' title='bbox 2375 4567 2430 4617; x_wconf 90' lang='lat' dir='ltr'>et</span> <span class='ocrx_word' id='word_1_656' title='bbox 2463 4563 2792 4633; x_wconf 85' lang='lat' dir='ltr'>patriarcha</span> <span class='ocrx_word' id='word_1_657' title='bbox 2842 4566 2950 4619; x_wconf 91' lang='lat' dir='ltr'>sub</span> <span class='ocrx_word' id='word_1_658' title='bbox 3001 4567 3333 4638; x_wconf 64' lang='lat' dir='ltr'>paedagogis</span> <span class='ocrx_word' id='word_1_659' title='bbox 3380 4572 3506 4638; x_wconf 87' lang='lat' dir='ltr'>(pro</span> <span class='ocrx_word' id='word_1_660' title='bbox 3555 4567 3702 4621; x_wconf 91' lang='lat' dir='ltr'>indi-</span> 
     </span>
    </p>
   </div>
   <div class='ocr_carea' id='block_1_94' title="bbox 294 4646 1944 4730">
    <p class='ocr_par' dir='ltr' id='par_1_94' title="bbox 294 4646 1944 4730">
     <span class='ocr_line' id='line_1_94' title="bbox 294 4646 1944 4730; baseline -0.004 -20"><span class='ocrx_word' id='word_1_661' title='bbox 294 4662 400 4730; x_wconf 76' lang='grc' dir='ltr'>μοι)</span> <span class='ocrx_word' id='word_1_662' title='bbox 453 4659 484 4710; x_wconf 90' lang='lat'>6</span> <span class='ocrx_word' id='word_1_663' title='bbox 541 4652 835 4729; x_wconf 74' lang='grc' dir='ltr'>ἀρχιερεὺς</span> <span class='ocrx_word' id='word_1_664' title='bbox 895 4651 1059 4726; x_wconf 70' lang='grc' dir='ltr'>μέχρι</span> <span class='ocrx_word' id='word_1_665' title='bbox 1114 4650 1260 4711; x_wconf 84' lang='grc' dir='ltr'>τινὸς</span> <span class='ocrx_word' id='word_1_666' title='bbox 1322 4647 1653 4710; x_wconf 72' lang='grc' dir='ltr'>διατελέσας.</span> <span class='ocrx_word' id='word_1_667' title='bbox 1689 4648 1792 4705; x_wconf 82' lang='grc' dir='ltr'>Καὶ</span> <span class='ocrx_word' id='word_1_668' title='bbox 1838 4646 1944 4703; x_wconf 70' lang='grc' dir='ltr'>εἴθε</span> 
     </span>
    </p>
   </div>
   <div class='ocr_carea' id='block_1_95' title="bbox 288 4736 1940 4819">
    <p class='ocr_par' dir='ltr' id='par_1_95' title="bbox 288 4736 1940 4819">
     <span class='ocr_line' id='line_1_95' title="bbox 288 4736 1940 4819; baseline -0.005 -19"><span class='ocrx_word' id='word_1_669' title='bbox 288 4766 342 4819; x_wconf 83' lang='grc' dir='ltr'>γε</span> <span class='ocrx_word' id='word_1_670' title='bbox 393 4743 483 4800; x_wconf 76' lang='grc' dir='ltr'>διὰ</span> <span class='ocrx_word' id='word_1_671' title='bbox 536 4743 741 4803; x_wconf 84' lang='grc' dir='ltr'>παντὸς</span> <span class='ocrx_word' id='word_1_672' title='bbox 792 4745 953 4795; x_wconf 77' lang='grc' dir='ltr'>τοῦτο</span> <span class='ocrx_word' id='word_1_673' title='bbox 1009 4742 1073 4807; x_wconf 74' lang='grc' dir='ltr'>ἦν</span> <span class='ocrx_word' id='word_1_674' title='bbox 1111 4757 1121 4769; x_wconf 80' lang='grc'><em>’</em></span> <span class='ocrx_word' id='word_1_675' title='bbox 1178 4736 1353 4793; x_wconf 82' lang='grc' dir='ltr'>ἐδόκει</span> <span class='ocrx_word' id='word_1_676' title='bbox 1410 4739 1517 4815; x_wconf 75' lang='grc' dir='ltr'>γὰφ</span> <span class='ocrx_word' id='word_1_677' title='bbox 1568 4738 1695 4791; x_wconf 72' lang='grc' dir='ltr'>εἶναι</span> <span class='ocrx_word' id='word_1_678' title='bbox 1745 4739 1940 4810; x_wconf 83' lang='grc' dir='ltr'>σεμνὸς</span> 
     </span>
    </p>
   </div>
   <div class='ocr_carea' id='block_1_96' title="bbox 287 4825 1938 4910">
    <p class='ocr_par' dir='ltr' id='par_1_96' title="bbox 287 4825 1938 4910">
     <span class='ocr_line' id='line_1_96' title="bbox 287 4825 1938 4910; baseline -0.004 -22"><span class='ocrx_word' id='word_1_679' title='bbox 287 4834 371 4888; x_wconf 71' lang='grc' dir='ltr'>καὶ</span> <span class='ocrx_word' id='word_1_680' title='bbox 406 4836 656 4910; x_wconf 66' lang='grc' dir='ltr'>μέτριος.</span> <span class='ocrx_word' id='word_1_681' title='bbox 688 4832 797 4898; x_wconf 76' lang='grc' dir='ltr'>Τῆς</span> <span class='ocrx_word' id='word_1_682' title='bbox 847 4828 1217 4901; x_wconf 72' lang='grc' dir='ltr'>ἐντελεστέρας</span> <span class='ocrx_word' id='word_1_683' title='bbox 1280 4825 1337 4881; x_wconf 75' lang='grc' dir='ltr'>δὶ</span> <span class='ocrx_word' id='word_1_684' title='bbox 1392 4825 1617 4897; x_wconf 71' lang='grc' dir='ltr'>ἡλικίας</span> <span class='ocrx_word' id='word_1_685' title='bbox 1645 4826 1938 4899; x_wconf 74' lang='grc' dir='ltr'>ἀρξάμενος</span> 
     </span>
    </p>
   </div>
   <div class='ocr_carea' id='block_1_97' title="bbox 285 4914 1938 4993">
    <p class='ocr_par' dir='ltr' id='par_1_97' title="bbox 285 4914 1938 4993">
     <span class='ocr_line' id='line_1_97' title="bbox 285 4914 1938 4993; baseline -0.005 -15"><span class='ocrx_word' id='word_1_686' title='bbox 285 4920 387 4993; x_wconf 70' lang='grc' dir='ltr'>ἤδη</span> <span class='ocrx_word' id='word_1_687' title='bbox 422 4924 519 4977; x_wconf 79' lang='grc' dir='ltr'>καὶ</span> <span class='ocrx_word' id='word_1_688' title='bbox 549 4928 668 4986; x_wconf 74' lang='grc' dir='ltr'>καθ’</span> <span class='ocrx_word' id='word_1_689' title='bbox 718 4920 903 4974; x_wconf 72' lang='grc' dir='ltr'>ἑαυτὸν</span> <span class='ocrx_word' id='word_1_690' title='bbox 970 4919 1120 4993; x_wconf 76' lang='grc' dir='ltr'>βιοῦν</span> <span class='ocrx_word' id='word_1_691' title='bbox 1172 4916 1346 4980; x_wconf 76' lang='grc' dir='ltr'>ἑαθεὶς</span> <span class='ocrx_word' id='word_1_692' title='bbox 1400 4914 1555 4972; x_wconf 65' lang='grc' dir='ltr'>οὐδὲν</span> <span class='ocrx_word' id='word_1_693' title='bbox 1614 4921 1721 4971; x_wconf 83' lang='grc' dir='ltr'>τῶν</span> <span class='ocrx_word' id='word_1_694' title='bbox 1755 4917 1938 4993; x_wconf 79' lang='grc' dir='ltr'>αἰσχί-</span> 
     </span>
    </p>
   </div>
   <div class='ocr_carea' id='block_1_98' title="bbox 284 5004 1937 5081">
    <p class='ocr_par' dir='ltr' id='par_1_98' title="bbox 284 5004 1937 5081">
     <span class='ocr_line' id='line_1_98' title="bbox 284 5004 1937 5081; baseline -0.005 -13"><span class='ocrx_word' id='word_1_695' title='bbox 284 5034 417 5068; x_wconf 80' lang='grc' dir='ltr'>στων</span> <span class='ocrx_word' id='word_1_696' title='bbox 465 5011 560 5066; x_wconf 76' lang='grc' dir='ltr'>καὶ</span> <span class='ocrx_word' id='word_1_697' title='bbox 618 5006 903 5070; x_wconf 78' lang='grc' dir='ltr'>παντελῶς</span> <span class='ocrx_word' id='word_1_698' title='bbox 959 5005 1416 5081; x_wconf 72' lang='grc' dir='ltr'>ἀπηγορευμένων</span> <span class='ocrx_word' id='word_1_699' title='bbox 1470 5006 1722 5079; x_wconf 77' lang='grc' dir='ltr'>πράττειν</span> <span class='ocrx_word' id='word_1_700' title='bbox 1769 5004 1937 5060; x_wconf 65' lang='grc' dir='ltr'>ἐνέλι-</span> 
     </span>
    </p>
   </div>
   <div class='ocr_carea' id='block_1_99' title="bbox 2053 4651 3700 4726">
    <p class='ocr_par' dir='ltr' id='par_1_99' title="bbox 2053 4651 3700 4726">
     <span class='ocr_line' id='line_1_99' title="bbox 2053 4651 3700 4726; baseline 0.003 -21"><span class='ocrx_word' id='word_1_701' title='bbox 2053 4667 2225 4723; x_wconf 86' lang='lat' dir='ltr'>gnam</span> <span class='ocrx_word' id='word_1_702' title='bbox 2260 4668 2381 4705; x_wconf 87' lang='lat' dir='ltr'>rem</span> <span class='ocrx_word' id='word_1_703' title='bbox 2409 4651 2796 4723; x_wconf 85' lang='lat' dir='ltr'>l)aliquandiu</span> <span class='ocrx_word' id='word_1_704' title='bbox 2830 4652 2964 4725; x_wconf 82' lang='lat' dir='ltr'>egit.</span> <span class='ocrx_word' id='word_1_705' title='bbox 2999 4654 3347 4726; x_wconf 89' lang='lat' dir='ltr'>Quanquam</span> <span class='ocrx_word' id='word_1_706' title='bbox 3382 4655 3607 4711; x_wconf 89' lang='lat' dir='ltr'>utinam</span> <span class='ocrx_word' id='word_1_707' title='bbox 3642 4655 3700 4710; x_wconf 91' lang='lat' dir='ltr'>id</span> 
     </span>
    </p>
   </div>
   <div class='ocr_carea' id='block_1_100' title="bbox 2052 4741 3705 4812">
    <p class='ocr_par' dir='ltr' id='par_1_100' title="bbox 2052 4741 3705 4812">
     <span class='ocr_line' id='line_1_100' title="bbox 2052 4741 3705 4812; baseline 0.004 -18"><span class='ocrx_word' id='word_1_708' title='bbox 2052 4744 2399 4812; x_wconf 88' lang='lat' dir='ltr'>perpetuum</span> <span class='ocrx_word' id='word_1_709' title='bbox 2432 4741 2660 4796; x_wconf 87' lang='lat' dir='ltr'>fuisset.</span> <span class='ocrx_word' id='word_1_710' title='bbox 2685 4741 2829 4796; x_wconf 89' lang='lat' dir='ltr'>Nam</span> <span class='ocrx_word' id='word_1_711' title='bbox 2860 4746 3102 4799; x_wconf 85' lang='lat' dir='ltr'>eatenus</span> <span class='ocrx_word' id='word_1_712' title='bbox 3129 4745 3290 4800; x_wconf 83' lang='lat' dir='ltr'>visus</span> <span class='ocrx_word' id='word_1_713' title='bbox 3322 4749 3412 4801; x_wconf 91' lang='lat' dir='ltr'>est</span> <span class='ocrx_word' id='word_1_714' title='bbox 3443 4746 3705 4801; x_wconf 88' lang='lat' dir='ltr'>modeste</span> 
     </span>
    </p>
   </div>
   <div class='ocr_carea' id='block_1_101' title="bbox 2052 4830 3700 4905">
    <p class='ocr_par' dir='ltr' id='par_1_101' title="bbox 2052 4830 3700 4905">
     <span class='ocr_line' id='line_1_101' title="bbox 2052 4830 3700 4905; baseline 0.003 -21"><span class='ocrx_word' id='word_1_715' title='bbox 2052 4846 2117 4884; x_wconf 90' lang='lat' dir='ltr'>ac</span> <span class='ocrx_word' id='word_1_716' title='bbox 2166 4846 2301 4885; x_wconf 86' lang='lat' dir='ltr'>cum</span> <span class='ocrx_word' id='word_1_717' title='bbox 2360 4830 2642 4901; x_wconf 83' lang='lat' dir='ltr'>gravitate</span> <span class='ocrx_word' id='word_1_718' title='bbox 2702 4830 2893 4902; x_wconf 87' lang='lat' dir='ltr'>aliqua</span> <span class='ocrx_word' id='word_1_719' title='bbox 2949 4833 3126 4888; x_wconf 90' lang='lat' dir='ltr'>vitam</span> <span class='ocrx_word' id='word_1_720' title='bbox 3188 4850 3375 4904; x_wconf 83' lang='lat' dir='ltr'>agere.</span> <span class='ocrx_word' id='word_1_721' title='bbox 3409 4835 3700 4905; x_wconf 79' lang='lat' dir='ltr'>Adultior,</span> 
     </span>
    </p>
   </div>
   <div class='ocr_carea' id='block_1_102' title="bbox 2050 4919 3703 4994">
    <p class='ocr_par' dir='ltr' id='par_1_102' title="bbox 2050 4919 3703 4994">
     <span class='ocr_line' id='line_1_102' title="bbox 2050 4919 3703 4994; baseline 0.003 -22"><span class='ocrx_word' id='word_1_722' title='bbox 2050 4935 2181 4973; x_wconf 90' lang='lat' dir='ltr'>cum</span> <span class='ocrx_word' id='word_1_723' title='bbox 2209 4920 2334 4989; x_wconf 88' lang='lat' dir='ltr'>jam</span> <span class='ocrx_word' id='word_1_724' title='bbox 2386 4936 2491 4973; x_wconf 89' lang='lat' dir='ltr'>suo</span> <span class='ocrx_word' id='word_1_725' title='bbox 2523 4919 2766 4974; x_wconf 82' lang='lat' dir='ltr'>arbitrio</span> <span class='ocrx_word' id='word_1_726' title='bbox 2814 4921 3005 4976; x_wconf 87' lang='lat' dir='ltr'>vivere</span> <span class='ocrx_word' id='word_1_727' title='bbox 3056 4924 3514 4994; x_wconf 88' lang='lat' dir='ltr'>permitteretur,</span> <span class='ocrx_word' id='word_1_728' title='bbox 3558 4923 3703 4979; x_wconf 89' lang='lat' dir='ltr'>nihil</span> 
     </span>
    </p>
   </div>
   <div class='ocr_carea' id='block_1_103' title="bbox 2047 5008 3705 5086">
    <p class='ocr_par' dir='ltr' id='par_1_103' title="bbox 2047 5008 3705 5086">
     <span class='ocr_line' id='line_1_103' title="bbox 2047 5008 3705 5086; baseline 0.004 -23"><span class='ocrx_word' id='word_1_729' title='bbox 2047 5025 2247 5064; x_wconf 88' lang='lat' dir='ltr'>eorum</span> <span class='ocrx_word' id='word_1_730' title='bbox 2284 5026 2411 5080; x_wconf 76' lang='lat' dir='ltr'>quae</span> <span class='ocrx_word' id='word_1_731' title='bbox 2443 5008 2791 5080; x_wconf 89' lang='lat' dir='ltr'>turpissima</span> <span class='ocrx_word' id='word_1_732' title='bbox 2822 5014 2878 5065; x_wconf 88' lang='lat' dir='ltr'>et</span> <span class='ocrx_word' id='word_1_733' title='bbox 2899 5011 3134 5067; x_wconf 88' lang='lat' dir='ltr'>omnino</span> <span class='ocrx_word' id='word_1_734' title='bbox 3157 5013 3385 5086; x_wconf 85' lang='lat' dir='ltr'>legibus</span> <span class='ocrx_word' id='word_1_735' title='bbox 3409 5013 3705 5086; x_wconf 85' lang='lat' dir='ltr'>prohibita</span> 
     </span>
    </p>
   </div>
   <div class='ocr_carea' id='block_1_104' title="bbox 1450 5135 2483 5193">
    <p class='ocr_par' dir='ltr' id='par_1_104' title="bbox 1450 5135 2483 5193">
     <span class='ocr_line' id='line_1_104' title="bbox 1450 5135 2483 5193; baseline -0.002 -1"><span class='ocrx_word' id='word_1_736' title='bbox 1450 5135 1823 5192; x_wconf 82' lang='lat' dir='ltr'>XYLANDRI</span> <span class='ocrx_word' id='word_1_737' title='bbox 1862 5138 1953 5192; x_wconf 88' lang='lat' dir='ltr'>ET</span> <span class='ocrx_word' id='word_1_738' title='bbox 1990 5136 2212 5193; x_wconf 84' lang='lat' dir='ltr'>GOARI</span> <span class='ocrx_word' id='word_1_739' title='bbox 2250 5136 2483 5191; x_wconf 58' lang='lat' dir='ltr'>NOTIE.</span> 
     </span>
    </p>
   </div>
   <div class='ocr_carea' id='block_1_105' title="bbox 354 5234 1945 5316">
    <p class='ocr_par' dir='ltr' id='par_1_105' title="bbox 354 5234 1945 5316">
     <span class='ocr_line' id='line_1_105' title="bbox 354 5234 1945 5316; baseline -0.004 -21"><span class='ocrx_word' id='word_1_740' title='bbox 354 5244 471 5313; x_wconf 82' lang='lat'>(93)</span> <span class='ocrx_word' id='word_1_741' title='bbox 496 5245 560 5298; x_wconf 90' lang='lat' dir='ltr'>In</span> <span class='ocrx_word' id='word_1_742' title='bbox 585 5245 745 5316; x_wconf 78' lang='lat' dir='ltr'>textu</span> <span class='ocrx_word' id='word_1_743' title='bbox 771 5242 860 5293; x_wconf 90' lang='lat' dir='ltr'>est</span> <span class='ocrx_word' id='word_1_744' title='bbox 880 5239 1118 5316; x_wconf 77' lang='lat' dir='ltr'>perinde</span> <span class='ocrx_word' id='word_1_745' title='bbox 1141 5239 1426 5309; x_wconf 87' lang='lat' dir='ltr'>scriptum</span> <span class='ocrx_word' id='word_1_746' title='bbox 1453 5251 1519 5291; x_wconf 88' lang='lat' dir='ltr'>ac</span> <span class='ocrx_word' id='word_1_747' title='bbox 1541 5234 1589 5289; x_wconf 90' lang='lat' dir='ltr'>si</span> <span class='ocrx_word' id='word_1_748' title='bbox 1624 5234 1945 5316; x_wconf 37' lang='lat' dir='ltr'>ad.tr‘iu‘m-</span> 
     </span>
    </p>
   </div>
   <div class='ocr_carea' id='block_1_106' title="bbox 286 5305 1940 5387">
    <p class='ocr_par' dir='ltr' id='par_1_106' title="bbox 286 5305 1940 5387">
     <span class='ocr_line' id='line_1_106' title="bbox 286 5305 1940 5387; baseline -0.005 -18"><span class='ocrx_word' id='word_1_749' title='bbox 286 5305 967 5387; x_wconf 10' lang='lat' dir='ltr'>phatumrApolaseerum</span> <span class='ocrx_word' id='word_1_750' title='bbox 1012 5305 1341 5387; x_wconf 80' lang='lat' dir='ltr'>referretur,</span> <span class='ocrx_word' id='word_1_751' title='bbox 1378 5323 1622 5387; x_wconf 80' lang='lat' dir='ltr'>munera</span> <span class='ocrx_word' id='word_1_752' title='bbox 1652 5305 1719 5387; x_wconf 38' lang='lat' dir='ltr'>.ei</span> <span class='ocrx_word' id='word_1_753' title='bbox 1751 5305 1940 5387; x_wconf 37' lang='lat' dir='ltr'>et‘ho-</span> 
     </span>
    </p>
   </div>
   <div class='ocr_carea' id='block_1_107' title="bbox 286 5378 1939 5454">
    <p class='ocr_par' dir='ltr' id='par_1_107' title="bbox 286 5378 1939 5454">
     <span class='ocr_line' id='line_1_107' title="bbox 286 5378 1939 5454; baseline -0.005 -13"><span class='ocrx_word' id='word_1_754' title='bbox 286 5378 458 5441; x_wconf 78' lang='lat' dir='ltr'>nores</span> <span class='ocrx_word' id='word_1_755' title='bbox 510 5386 583 5439; x_wconf 87' lang='lat' dir='ltr'>ab</span> <span class='ocrx_word' id='word_1_756' title='bbox 622 5378 987 5454; x_wconf 70' lang='lat' dir='ltr'>imperatore</span> <span class='ocrx_word' id='word_1_757' title='bbox 1044 5384 1363 5454; x_wconf 88' lang='lat' dir='ltr'>obtigisse;</span> <span class='ocrx_word' id='word_1_758' title='bbox 1399 5380 1553 5454; x_wconf 84' lang='lat' dir='ltr'>quod</span> <span class='ocrx_word' id='word_1_759' title='bbox 1616 5378 1939 5454; x_wconf 80' lang='lat' dir='ltr'>absurdum</span> 
     </span>
    </p>
   </div>
   <div class='ocr_carea' id='block_1_108' title="bbox 287 5449 1939 5531">
    <p class='ocr_par' dir='ltr' id='par_1_108' title="bbox 287 5449 1939 5531">
     <span class='ocr_line' id='line_1_108' title="bbox 287 5449 1939 5531; baseline -0.006 -20"><span class='ocrx_word' id='word_1_760' title='bbox 287 5464 448 5531; x_wconf 87' lang='lat' dir='ltr'>puto,</span> <span class='ocrx_word' id='word_1_761' title='bbox 485 5462 546 5511; x_wconf 90' lang='lat' dir='ltr'>et</span> <span class='ocrx_word' id='word_1_762' title='bbox 574 5457 643 5531; x_wconf 77' lang='lat' dir='ltr'>ad</span> <span class='ocrx_word' id='word_1_763' title='bbox 677 5449 815 5531; x_wconf 78' lang='lat' dir='ltr'>eum</span> <span class='ocrx_word' id='word_1_764' title='bbox 845 5453 1038 5531; x_wconf 68' lang='lat' dir='ltr'>retuli,</span> <span class='ocrx_word' id='word_1_765' title='bbox 1075 5449 1451 5531; x_wconf 35' lang='lat' dir='ltr'>cujus‘opera</span> <span class='ocrx_word' id='word_1_766' title='bbox 1501 5449 1685 5531; x_wconf 74' lang='lat' dir='ltr'>hostis</span> <span class='ocrx_word' id='word_1_767' title='bbox 1734 5455 1939 5531; x_wconf 73' lang='lat' dir='ltr'>captus</span> 
     </span>
    </p>
   </div>
   <div class='ocr_carea' id='block_1_109' title="bbox 287 5519 1943 5602">
    <p class='ocr_par' dir='ltr' id='par_1_109' title="bbox 287 5519 1943 5602">
     <span class='ocr_line' id='line_1_109' title="bbox 287 5519 1943 5602; baseline -0.005 -18"><span class='ocrx_word' id='word_1_768' title='bbox 287 5519 341 5584; x_wconf 76' lang='lat' dir='ltr'>et</span> <span class='ocrx_word' id='word_1_769' title='bbox 372 5519 678 5602; x_wconf 84' lang='lat' dir='ltr'>triumpho</span> <span class='ocrx_word' id='word_1_770' title='bbox 728 5519 1031 5602; x_wconf 67' lang='lat' dir='ltr'>exhibitus</span> <span class='ocrx_word' id='word_1_771' title='bbox 1055 5519 1228 5581; x_wconf 69' lang='lat' dir='ltr'>esset.</span> <span class='ocrx_word' id='word_1_772' title='bbox 1262 5519 1460 5594; x_wconf 81' lang='lat' dir='ltr'>Neque</span> <span class='ocrx_word' id='word_1_773' title='bbox 1513 5522 1671 5576; x_wconf 90' lang='lat' dir='ltr'>enim</span> <span class='ocrx_word' id='word_1_774' title='bbox 1717 5519 1943 5602; x_wconf 79' lang='lat' dir='ltr'>solebat</span> 
     </span>
    </p>
   </div>
   <div class='ocr_carea' id='block_1_110' title="bbox 285 5598 1941 5675">
    <p class='ocr_par' dir='ltr' id='par_1_110' title="bbox 285 5598 1941 5675">
     <span class='ocr_line' id='line_1_110' title="bbox 285 5598 1941 5675; baseline -0.003 -21"><span class='ocrx_word' id='word_1_775' title='bbox 285 5598 672 5675; x_wconf 79' lang='lat' dir='ltr'>triumphatis</span> <span class='ocrx_word' id='word_1_776' title='bbox 719 5602 852 5675; x_wconf 78' lang='lat' dir='ltr'>post</span> <span class='ocrx_word' id='word_1_777' title='bbox 880 5598 1127 5675; x_wconf 77' lang='lat' dir='ltr'>pedibus</span> <span class='ocrx_word' id='word_1_778' title='bbox 1177 5612 1409 5675; x_wconf 80' lang='lat' dir='ltr'>pressas</span> <span class='ocrx_word' id='word_1_779' title='bbox 1455 5608 1655 5675; x_wconf 79' lang='lat' dir='ltr'>eorum</span> <span class='ocrx_word' id='word_1_780' title='bbox 1688 5598 1941 5675; x_wconf 67' lang='lat' dir='ltr'>cervices</span> 
     </span>
    </p>
   </div>
   <div class='ocr_carea' id='block_1_111' title="bbox 290 5663 1940 5743">
    <p class='ocr_par' dir='ltr' id='par_1_111' title="bbox 290 5663 1940 5743">
     <span class='ocr_line' id='line_1_111' title="bbox 290 5663 1940 5743; baseline -0.004 -17"><span class='ocrx_word' id='word_1_781' title='bbox 290 5663 609 5743; x_wconf 74' lang='lat' dir='ltr'>imperator</span> <span class='ocrx_word' id='word_1_782' title='bbox 655 5663 906 5743; x_wconf 75' lang='lat' dir='ltr'>gratiam</span> <span class='ocrx_word' id='word_1_783' title='bbox 956 5668 1137 5727; x_wconf 88' lang='lat' dir='ltr'>ullam</span> <span class='ocrx_word' id='word_1_784' title='bbox 1180 5663 1415 5734; x_wconf 70' lang='lat' dir='ltr'>tacere;</span> <span class='ocrx_word' id='word_1_785' title='bbox 1448 5670 1503 5721; x_wconf 91' lang='lat' dir='ltr'>et</span> <span class='ocrx_word' id='word_1_786' title='bbox 1535 5665 1585 5719; x_wconf 88' lang='lat' dir='ltr'>si</span> <span class='ocrx_word' id='word_1_787' title='bbox 1634 5680 1782 5719; x_wconf 89' lang='lat' dir='ltr'>novo</span> <span class='ocrx_word' id='word_1_788' title='bbox 1832 5663 1940 5720; x_wconf 88' lang='lat' dir='ltr'>hoc</span> 
     </span>
    </p>
   </div>
   <div class='ocr_carea' id='block_1_112' title="bbox 2057 5234 3763 5306">
    <p class='ocr_par' dir='ltr' id='par_1_112' title="bbox 2057 5234 3763 5306">
     <span class='ocr_line' id='line_1_112' title="bbox 2057 5234 3763 5306; baseline 0.004 -16"><span class='ocrx_word' id='word_1_789' title='bbox 2057 5234 2321 5306; x_wconf 81' lang='lat' dir='ltr'>exemplo</span> <span class='ocrx_word' id='word_1_790' title='bbox 2374 5235 2591 5289; x_wconf 89' lang='lat' dir='ltr'>factum</span> <span class='ocrx_word' id='word_1_791' title='bbox 2652 5234 2880 5301; x_wconf 83' lang='lat' dir='ltr'>fuisset,</span> <span class='ocrx_word' id='word_1_792' title='bbox 2929 5237 3015 5293; x_wconf 91' lang='lat' dir='ltr'>vel</span> <span class='ocrx_word' id='word_1_793' title='bbox 3067 5240 3321 5295; x_wconf 88' lang='lat' dir='ltr'>maxime</span> <span class='ocrx_word' id='word_1_794' title='bbox 3368 5242 3703 5297; x_wconf 83' lang='lat' dir='ltr'>adnotanda</span> <span class='ocrx_word' id='word_1_795' title='bbox 3756 5238 3763 5241; x_wconf 62' lang='grc'><em>’</em></span> 
     </span>
    </p>
   </div>
   <div class='ocr_carea' id='block_1_113' title="bbox 2051 5306 3700 5385">
    <p class='ocr_par' dir='ltr' id='par_1_113' title="bbox 2051 5306 3700 5385">
     <span class='ocr_line' id='line_1_113' title="bbox 2051 5306 3700 5385; baseline 0.004 -23"><span class='ocrx_word' id='word_1_796' title='bbox 2051 5312 2173 5362; x_wconf 79' lang='lat' dir='ltr'>erat</span> <span class='ocrx_word' id='word_1_797' title='bbox 2211 5306 2562 5385; x_wconf 79' lang='lat' dir='ltr'>_insolentia.</span> <span class='ocrx_word' id='word_1_798' title='bbox 2596 5306 2951 5385; x_wconf 70' lang='lat' dir='ltr'>Chabdanus</span> <span class='ocrx_word' id='word_1_799' title='bbox 3000 5316 3197 5385; x_wconf 85' lang='lat' dir='ltr'>autem</span> <span class='ocrx_word' id='word_1_800' title='bbox 3253 5312 3491 5385; x_wconf 87' lang='lat' dir='ltr'>Chalepi</span> <span class='ocrx_word' id='word_1_801' title='bbox 3542 5330 3700 5369; x_wconf 88' lang='lat' dir='ltr'>ame-</span> 
     </span>
    </p>
   </div>
   <div class='ocr_carea' id='block_1_114' title="bbox 2050 5378 3695 5506">
    <p class='ocr_par' dir='ltr' id='par_1_114' title="bbox 2050 5378 3695 5506">
     <span class='ocr_line' id='line_1_114' title="bbox 2050 5378 3695 5506; baseline 0.004 -72"><span class='ocrx_word' id='word_1_802' title='bbox 2050 5397 2147 5506; x_wconf 52' lang='lat' dir='ltr'>ggs</span> <span class='ocrx_word' id='word_1_803' title='bbox 2206 5378 2335 5446; x_wconf 87' lang='lat' dir='ltr'>fuit,</span> <span class='ocrx_word' id='word_1_804' title='bbox 2400 5383 2464 5434; x_wconf 89' lang='lat' dir='ltr'>ut</span> <span class='ocrx_word' id='word_1_805' title='bbox 2514 5379 2573 5433; x_wconf 90' lang='lat' dir='ltr'>in</span> <span class='ocrx_word' id='word_1_806' title='bbox 2647 5379 2907 5435; x_wconf 85' lang='lat' dir='ltr'>Romano</span> <span class='ocrx_word' id='word_1_807' title='bbox 2986 5383 3156 5439; x_wconf 87' lang='lat' dir='ltr'>tertio</span> <span class='ocrx_word' id='word_1_808' title='bbox 3233 5378 3450 5440; x_wconf 55' lang='lat' dir='ltr'>noster&#39;</span> <span class='ocrx_word' id='word_1_809' title='bbox 3506 5386 3695 5440; x_wconf 88' lang='lat' dir='ltr'>docet.</span> 
     </span>
     <span class='ocr_line' id='line_1_115' title="bbox 2108 5468 2194 5504; baseline 0 0"><span class='ocrx_word' id='word_1_810' title='bbox 2108 5468 2194 5504; x_wconf 73' lang='grc' dir='ltr'><strong>η.</strong></span> 
     </span>
    </p>
   </div>
   <div class='ocr_carea' id='block_1_115' title="bbox 2188 5523 3263 5553">
    <p class='ocr_par' dir='ltr' id='par_1_115' title="bbox 2188 5523 3263 5553">
     <span class='ocr_line' id='line_1_116' title="bbox 2188 5523 3263 5553; baseline 0 0"><span class='ocrx_word' id='word_1_811' title='bbox 2188 5523 2234 5553; x_wconf 84' lang='lat' dir='ltr'>I.\</span> <span class='ocrx_word' id='word_1_812' title='bbox 2261 5523 2330 5553; x_wconf 78' lang='grc' dir='ltr'>Τλ</span> <span class='ocrx_word' id='word_1_813' title='bbox 2361 5523 2465 5553; x_wconf 58' lang='grc' dir='ltr'>γει]</span> <span class='ocrx_word' id='word_1_814' title='bbox 2483 5540 2547 5553; x_wconf 70' lang='grc' dir='ltr'>ε.-</span> <span class='ocrx_word' id='word_1_815' title='bbox 2620 5523 2843 5553; x_wconf 65' lang='grc' dir='ltr'>Ποηκη-ιη</span> <span class='ocrx_word' id='word_1_816' title='bbox 2879 5524 3052 5553; x_wconf 53' lang='grc' dir='ltr'>απυδ...</span> <span class='ocrx_word' id='word_1_817' title='bbox 3130 5527 3263 5553; x_wconf 51' lang='lat' dir='ltr'>LA):</span> 
     </span>
    </p>
   </div>
   <div class='ocr_carea' id='block_1_116' title="bbox 2122 5517 3692 5667">
    <p class='ocr_par' dir='ltr' id='par_1_116' title="bbox 2122 5517 3692 5667">
     <span class='ocr_line' id='line_1_117' title="bbox 2122 5517 3691 5598; baseline 0.003 -23"><span class='ocrx_word' id='word_1_818' title='bbox 2122 5523 2234 5592; x_wconf 44' lang='grc'>(94)</span> <span class='ocrx_word' id='word_1_819' title='bbox 2261 5521 2331 5574; x_wconf 84' lang='grc' dir='ltr'>Τὸ</span> <span class='ocrx_word' id='word_1_820' title='bbox 2361 5517 2567 5585; x_wconf 79' lang='grc' dir='ltr'>Χάλεπ,</span> <span class='ocrx_word' id='word_1_821' title='bbox 2620 5520 2848 5577; x_wconf 87' lang='lat' dir='ltr'>Berrcea</span> <span class='ocrx_word' id='word_1_822' title='bbox 2879 5524 3074 5595; x_wconf 65' lang='lat' dir='ltr'>Syrias,</span> <span class='ocrx_word' id='word_1_823' title='bbox 3130 5527 3300 5584; x_wconf 90' lang='lat' dir='ltr'>hodie</span> <span class='ocrx_word' id='word_1_824' title='bbox 3329 5528 3479 5598; x_wconf 80' lang='lat' dir='ltr'>Alep.</span> <span class='ocrx_word' id='word_1_825' title='bbox 3512 5527 3691 5580; x_wconf 62' lang='grc' dir='ltr'>ϐου..</span> 
     </span>
     <span class='ocr_line' id='line_1_118' title="bbox 2123 5593 3692 5667; baseline 0.001 -20"><span class='ocrx_word' id='word_1_826' title='bbox 2123 5594 2447 5667; x_wconf 53' lang='lat' dir='ltr'>(95)_l.ocus</span> <span class='ocrx_word' id='word_1_827' title='bbox 2478 5593 2706 5647; x_wconf 89' lang='lat' dir='ltr'>videtur</span> <span class='ocrx_word' id='word_1_828' title='bbox 2749 5594 3107 5667; x_wconf 83' lang='lat' dir='ltr'>decurtatus,</span> <span class='ocrx_word' id='word_1_829' title='bbox 3141 5606 3197 5653; x_wconf 91' lang='lat' dir='ltr'>et</span> <span class='ocrx_word' id='word_1_830' title='bbox 3240 5600 3347 5654; x_wconf 89' lang='lat' dir='ltr'>hos</span> <span class='ocrx_word' id='word_1_831' title='bbox 3380 5603 3512 5654; x_wconf 88' lang='lat' dir='ltr'>ante</span> <span class='ocrx_word' id='word_1_832' title='bbox 3544 5597 3692 5650; x_wconf 88' lang='lat' dir='ltr'>hanc</span> 
     </span>
    </p>
   </div>
   <div class='ocr_carea' id='block_1_117' title="bbox 2050 5664 3377 5741">
    <p class='ocr_par' dir='ltr' id='par_1_117' title="bbox 2050 5664 3377 5741">
     <span class='ocr_line' id='line_1_119' title="bbox 2050 5664 3377 5741; baseline 0.002 -20"><span class='ocrx_word' id='word_1_833' title='bbox 2050 5664 2477 5738; x_wconf 81' lang='lat' dir='ltr'>expeditionem</span> <span class='ocrx_word' id='word_1_834' title='bbox 2509 5668 2709 5736; x_wconf 88' lang='lat' dir='ltr'>captos</span> <span class='ocrx_word' id='word_1_835' title='bbox 2740 5665 2921 5723; x_wconf 87' lang='lat' dir='ltr'>fuisse</span> <span class='ocrx_word' id='word_1_836' title='bbox 2951 5664 3211 5741; x_wconf 85' lang='lat' dir='ltr'>apparet.</span> <span class='ocrx_word' id='word_1_837' title='bbox 3244 5671 3377 5725; x_wconf 80' lang='lat' dir='ltr'>XYL.</span> 
     </span>
    </p>
   </div>
  </div>
