4004 6208
305 318 380 375 ϐἹ
1642 305 1960 368 GEORGII
2003 304 2346 367 GEDRENI

3633 300 3717 361 68

305 449 443 502 sunt
474 445 657 499 facere
679 440 900 508 omisit,
933 441 1151 514 gradus
1185 438 1609 495 ecclesiasticos
1640 442 1696 494 et
1728 438 1936 509 episco'

2069 456 2187 507 πεν,
2219 432 2413 495 ὦνίους
2453 434 2732 508 προτιθεὶς
2778 431 2907 496 τοὺς
2952 439 3053 502 τῆς
3100 430 3434 503 Ἐλκλησίας
3468 434 3715 510 βαθμοὺς

306 551 512 608 porum
545 533 861 588 electiones
891 528 1734 600 venumdans,aliaque:agens
1764 527 1955 583 aliena

304 624 419 679 veri
457 621 796 694 patriarchae
830 619 1045 688 ofﬁcio,
1072 619 1278 673 insano
1332 633 1619 688 equorum
1670 616 1865 672 studio
1898 620 1954 672 et

304 712 680 768 venationum
744 708 1029 782 perditus,
1083 707 1384 777 multaque
1443 705 1556 760 alia
1612 705 1953 761 indecenter

302 802 675 859 committens
702 825 717 867 ;
742 816 868 870 quas
893 796 1233 869 singulatim
1286 811 1557 850 enarrare
1580 800 1636 849 et
1676 796 1950 850 inconve-

302 893 469 949 niens
498 895 552 946 et
587 890 749 944 nefas
782 894 890 944 est.
944 886 1134 942 Unum
1188 902 1291 957 par
1340 890 1429 941 est
1476 886 1945 953 commemorari,

303 984 715 1053 argumentum
749 978 936 1050 ipsius
969 976 1121 1030 male
1151 974 1405 1029 instituti
1438 973 1944 1045 animi.Equorum

302 1070 697 1143 parandorum
757 1081 953 1121 amore
1006 1064 1226 1118 infraeni
1289 1064 1614 1131 tenebatur,
1651 1064 1948 1133 ferturque

307 1158 584 1215 habuisse
634 1155 785 1210 ultra
831 1155 945 1208 duo
992 1169 1278 1225 equorum
1330 1152 1533 1207 millia.
1594 1153 1668 1207 Iis
1719 1152 1947 1208 alendis

303 1252 583 1321 perpetuo
613 1250 737 1301 erat
783 1245 1064 1298 intentus.
1096 1243 1294 1314 Neque
1342 1258 1475 1298 vero
1521 1241 1589 1296 iis
1639 1242 1855 1296 fcenum
1892 1246 1949 1296 et

306 1338 587 1393 hordeum
622 1333 977 1406 pr0ponebat
1008 1332 1322 1399 edendum,
1356 1332 1456 1387 sed
1504 1336 1791 1386 metarum
1828 1332 1945 1385 fru-

299 1432 449 1493 ctus,
482 1423 676 1479 thasia
705 1426 762 1477 et
794 1421 1037 1494 pistacia
1069 1437 1132 1475 ac
1177 1419 1490 1491 palmulas,
1528 1436 1666 1474 uvas
1717 1436 1943 1490 passas,

298 1515 732 1583 caricas,eaque
755 1511 951 1565 omnia
970 1508 1453 1575 lectissima,vino
1478 1508 1944 1580 fragrantissimo

300 1606 619 1675 temperata
650 1602 803 1656 333
837 1599 1108 1655 admistis
1138 1598 1312 1653 ctiam
1345 1614 1529 1662 croco,
1548 1597 1943 1663 cinnamomo,

297 1692 560 1747 balsamo
579 1691 826 1761 aliisque
844 1688 1227 1743 aromatibus.
1248 1687 1534 1742 Memoriaa
1552 1688 1832 1742 traditum
1859 1693 1946 1743 est

298 1782 350 1837 ei
381 1779 699 1852 aliquando
749 1777 1105 1833 sacrificanti
1158 1792 1377 1848 magna:
1423 1793 1597 1831 coenae
1630 1775 1944 1831 Dominicze

300 1870 507 1942 quinta
539 1868 701 1937 furia,
735 1873 792 1922 et
815 1869 938 1938 jam
967 1883 1166 1938 preces
1201 1866 1611 1937 mysteriorum
1654 1865 1941 1935 recitanti,

297 1958 707 2032 supervenisse
754 1974 886 2013 eum
921 1957 1013 2011 cui
1068 1973 1353 2027 equorum
1387 1972 1526 2010 cura
1572 1954 1644 2009 ab
1684 1955 1811 2026 ipso
1846 1955 1942 2009 dc-

299 2048 577 2104 mandata
606 2044 1140 2117 fuerat,laatumque
1172 2043 1439 2100 attulisse
1475 2043 1941 2114 nuntium,quod

296 2136 667 2193 nobilissima
733 2151 1021 2205 equarum
1089 2133 1433 2204 peperisset,
1502 2133 1699 2188 addito
1764 2132 1940 2187 etiam

296 2241 456 2296 equa:
489 2223 743 2278 nomine.
781 2220 1173 2277 Patriarcham
1226 2237 1340 2292 prae
1394 2220 1575 2275 nimio
1614 2220 1846 2291 gaudio,
1881 2236 1941 2274 re

296 2330 464 2369 sacra
484 2316 781 2383 utcunque
804 2310 1090 2377 absoluta,
1112 2311 1182 2365 ad
1205 2310 1568 2365 Cosmidium
1593 2308 1938 2377 accurrisse,

295 2403 535 2474 visoque
570 2401 727 2473 pullo
759 2417 961 2456 recens
991 2399 1163 2468 edito,
1198 2405 1256 2454 et
1284 2399 1561 2454 satiatum
1603 2398 1938 2471 spectaculo

297 2492 455 2546 bruti
478 2492 533 2544 in
555 2507 831 2560 magnum
856 2488 1140 2560 templum
1169 2488 1505 2555 rediisse,ut
1527 2490 1595 2542 de
1618 2487 1941 2543 Servatoris

294 2581 477 2635 nostri
504 2597 605 2652 pro
629 2578 798 2633 nobis
823 2577 1061 2632 tolerato
1094 2577 1382 2648 supplicio
1406 2577 1757 2649 hymnorum
1788 2576 1939 2631 reei-

294 2669 573 2723 tationem
609 2669 679 2722 ad
714 2668 886 2722 finem
926 2667 1286 2738 perduceret.
1322 2666 1469 2730 Quin
1521 2668 1578 2719 et
1621 2664 1780 2719 hunc
1814 2681 1937 2718 mo-

296 2774 415 2811 rem
478 2756 819 2822 introduxit,
864 2754 963 2825 qui
1021 2754 1311 2825 hcdieque
1363 2754 1605 2823 obtinet,
1666 2754 1816 2824 quod
1878 2754 1937 2808 in

294 2844 622 2916 splendidis
674 2849 848 2915 atque
880 2842 1245 2897 solemnibus
1297 2841 1705 2897 festivitatibus
1737 2846 1849 2896 Deo
1882 2846 1937 2896 et

294 2938 634 2988 sanctorum
684 2931 1069 2988 recordationi
1121 2930 1181 2986 fit
1226 2930 1581 2985 contumelia
1612 2946 1714 3001 per
1756 2931 1935 2985 foedas

296 3022 620 3077 cantilenas
653 3038 718 3077 ac
772 3021 925 3075 risus
974 3028 1027 3074 et
1072 3019 1315 3074 insanos
1363 3018 1667 3085 clamores,
1719 3019 1935 3090 quibus

291 3111 573 3166 adhibitis
622 3110 804 3166 sancti
860 3108 1057 3180 hymni
1107 3112 1439 3175 cantantur,
1492 3124 1641 3179 quos
1685 3125 1719 3162 a
1766 3107 1934 3163 nobis

2062 524 2152 579 καὶ
2181 525 2278 586 τὰς
2310 518 2593 600 προϐαλὰς
2637 527 2745 577 τῶν
2798 521 3125 598 ἀρχιερέων,
3160 522 3249 577 καὶ
3282 520 3425 578 ἄλλα
3457 524 3708 599 πράττων

2063 612 2161 667 ὅσα
2188 618 2307 674 τοῖς
2345 613 2633 682 ἀΛηθινοῖς
2683 613 3028 687 ἀρχιερεῦσιν
3073 611 3367 667 ἀπεοικότα
3391 610 3711 688 ἐτύγχανεν,

2062 696 2387 775 ἱππομανῶν
2424 702 2511 756 xui
2553 700 2897 776 κυνηγεσίοις
2946 698 3414 776 ἐνασχολούμενος
3461 702 3550 756 καὶ
3583 702 3711 757 λοι-

2058 792 2163 853 πὰς
2197 793 2456 865 ἀπρεπεῖς
2513 788 2975 865 διαπραττόμενος
3024 791 3265 865 πράξεις,
3315 789 3376 853 ἃς
3425 793 3559 845 κατὰ
3609 793 3707 864 μὲ-

2061 902 2151 957 ρος
2194 879 2441 951 διεξιέναι
2491 880 2583 934 σὺν
2613 884 2691 952 τῷ
2720 880 2957 956 ἀπρεπεῖ
3001 881 3088 934 καὶ
3143 880 3417 953 ἀθέμιτον.
3458 887 3597 943 mag
3649 878 3709 936 δὲ

2058 968 2268 1025 δίκαιον
2319 970 2725 1042 ἐπεμνησθῆναι
2818 968 2893 1031 εἰς
2949 964 3168 1039 ἔνδειξιν
3218 976 3317 1039 τῆς
3377 967 3706 1025 ἀπαιδεύτου

2055 1060 2283 1135 γνώμης
2316 1056 2503 1114 αὐτοῦ.
2565 1061 2741 1134 Ἔρως
2800 1058 2961 1113 αὐτὸν
3019 1064 3272 1133 κατεῖχεν
3332 1055 3557 1134 ἄσχετος
3605 1067 3708 1130 τῆς

2100 1151 2126 1163 ⁹
2206 1147 2231 1169 "
2521 1146 2617 1202 ft
2672 1168 2693 1183 ς
2848 1147 2865 1200 ὶ
2924 1147 2985 1203 λὲ
3212 1148 3225 1168 ⁸
3279 1148 3305 1202 ὲ
3394 1145 3421 1203 δ
3551 1148 3605 1203 λ’

2054 1170 2161 1204 των
2218 1170 2394 1203 ιππων
2452 1169 2591 1218 κτλσ
2622 1168 2714 1217 ως,
2774 1169 2844 1201 κα
2988 1168 3138 1222 γεται
3207 1168 3337 1221 υπρ
3430 1169 3544 1223 ισχι
3591 1171 3706 1213 ιους

2055 1238 2399 1314 πορίσασθαι,
2433 1238 2506 1291 ὧν
2553 1243 2655 1305 τῆς
2704 1234 2938 1309 κομιδῆς
2994 1233 3082 1291 διὰ
3127 1237 3326 1291 παντὸς
3373 1237 3704 1314 ἐφρόντιζεν,

2057 1328 2117 1383 οὗ
2149 1328 2348 1404 χόρτον
2404 1325 2590 1387 αδτοῖς
2645 1325 2959 1401 παρατιθεὶς
3018 1326 3106 1380 καὶ
3167 1326 3375 1402 κριθὰς,
3424 1327 3611 1381 κώνων
3648 1325 3708 1383 δὲ

2054 1416 2296 1493 καρποὺς
2371 1418 2483 1489 (96)
2538 1414 2629 1469 καὶ
2712 1414 2870 1469 θάσια
2926 1417 3037 1488 (97)
3069 1416 3157 1469 xui
3225 1418 3374 1490 [639]
3428 1416 3703 1486 πιστάκια,

2055 1506 2131 1562 ἔτι
2167 1504 2223 1561 δὲ
2255 1506 2512 1584 φοινίκων
2546 1505 2635 1559 καὶ
2682 1501 2956 1582 σταφίδων
3009 1505 3099 1559 καὶ
3150 1503 3395 1580 ἰσχάδων
3444 1506 3510 1560 τὰ
3540 1504 3706 1561 λιπα-

2057 1598 2285 1672 ρώτερα,
2346 1591 2696 1666 εὐωδεστάτῳ
2754 1591 2887 1665 ο’ίνῳ
2947 1592 3159 1669 μιγνὺς,
3216 1593 3308 1648 καὶ
3362 1594 3555 1668 κρόκον
3613 1596 3707 1650 καὶ

2055 1708 2409 1760 κινναμωμον
2442 1686 2532 1740 καὶ
2599 1684 2879 1761 βάλσαμον
2938 1684 3027 1739 καὶ
3087 1679 3240 1761 ἔτερα
3291 1686 3554 1762 ἀρώματα
3585 1692 3708 1751 τοῖς

2058 1776 2268 1852 ῥηθεῖσι
2328 1774 2647 1853 συμφόρων,
2726 1775 2934 1847 ὲκαστῳ
3000 1778 3107 1828 τῶν
3188 1771 3375 1829 τίππων
3427 1775 3701 1850 παρετίθει

2058 1830 2065 1852 Ι
2113 1830 2158 1846 ⁶“’
2399 1830 2409 1848 ι
2453 1830 2464 1853 ι
2517 1830 2525 1849 δ
2635 1830 2647 1844 ⁷
2907 1830 2916 1847 Ι
3505 1830 3514 1850 l

1979 1830 2022 1893 Β
2059 1867 2283 1942 βρῶσιν.
2320 1864 2459 1920 Φασὶ
2493 1861 2539 1918 δ’
2588 1864 2669 1918 ὅτι
2725 1861 3137 1938 λειτουργοῦντί
3192 1885 3324 1918 ποτε
3379 1864 3527 1936 αὐτῷ
3568 1864 3706 1919 κατὰ

2051 1956 2150 2024 τήν
2186 1953 2431 2029 μεγάλην
2462 1951 2557 2007 τοῦ
2590 1953 2733 2017 θείου
2785 1949 3004 2007 δείπνου
3053 1953 3310 2025 πὲμτττην
3338 1952 3569 2029 ἡμέραν,
3608 1955 3702 2008 καὶ

2051 2043 2146 2105 τὰς
2172 2043 2335 2118 εὐχὰς
2366 2040 2473 2112 ἤδη
2520 2047 2626 2096 τῶν
2675 2040 2990 2116 μυστηρίων
3047 2042 3493 2118 ἀναγινώσκοντι,
3541 2043 3569 2097 ὁ
3598 2044 3697 2112 τήν

2052 2129 2367 2207 ἐπιμέλειαν
2398 2152 2506 2184 των
2549 2128 2735 2185 ’ίππων
2785 2129 3251 2205 ἐπιτετραμμένος
3299 2128 3547 2193 διάκονος
3580 2131 3701 2186 ἐπι-

2052 2222 2179 2283 στας
2230 2218 2541 2295 εὐαγγέλιον
2592 2219 2768 2292 τούτῳ
2816 2220 3126 2292 κεκόμικεν,
3181 2220 3254 2282 ὡς
3303 2217 3405 2295 ἄρα
3451 2226 3705 2275 τετοκυῖα

2052 2309 2135 2379 εἶή
2178 2312 2212 2379 ἠ
2248 2307 2623 2382 ἐπισημοτάτη
2680 2303 2905 2386 φορϐἆς,
2965 2310 3219 2383 προσθεὶς
3274 2309 3363 2364 καὶ
3411 2310 3473 2364 τὸ
3504 2310 3702 2384 ὄνομα,

2049 2401 2110 2457 Ὁ
2143 2396 2189 2453 δ’
2225 2397 2329 2454 ὑπὸ
2359 2398 2717 2474 περιχαρείας
2747 2399 2809 2452 τὸ
2856 2404 2955 2468 τῆς
3006 2398 3150 2461 θείας
3194 2398 3535 2476 λειτουργίας
3569 2399 3702 2454 ὑπό-

2051 2486 2244 2543 λοιπον
2308 2487 2383 2548 ὡς
2432 2481 2618 2562 ἔτυχεν
2675 2486 3036 2561 ἐκπληρώσας
3086 2485 3351 2562 δρομαῖος
3397 2489 3701 2563 ἀφικνεῖται

2047 2577 2187 2653 πρὸς
2244 2579 2308 2631 τὸ
2357 2574 2679 2649 Κοσμίδιον,
2719 2575 2809 2630 καὶ
2867 2578 2959 2630 τὸν
3004 2576 3265 2651 τεχθέντα
3307 2575 3494 2632 πῶλον
3527 2578 3699 2652 ἑωρα-

2049 2666 2159 2729 κὼς
2186 2665 2274 2720 καὶ
2320 2669 2419 2720 τοῦ
2467 2663 2676 2739 ἀλόγου
2726 2665 2994 2737 θεάματος
3054 2664 3386 2740 ἐμφορηθεὶς
3439 2665 3695 2742 ὑπέστρε-

2048 2758 2141 2827 ψεν
2189 2753 2264 2815 εἰς
2323 2756 2420 2822 τήν
2482 2750 2739 2829 Μεγάλην
2796 2752 3150 2823 Ἐκκλησίαν,
3207 2755 3305 2823 τήν
3365 2758 3475 2809 τῶν
3531 2755 3696 2831 ἁγίων

2047 2848 2233 2906 παθῶν
2283 2846 2379 2896 τοῦ
2464 2848 2721 2917 Σωτῆρος
2804 2844 2964 2915 ἡμῶν
3047 2841 3140 2897 καὶ
3203 2847 3335 2897 Θεοῦ
3395 2842 3690 2899 ὲκτελέσων

2046 2929 2348 3005 ὕμνῳδίαν.
2382 2933 2577 3007 Ἔργον
2633 2931 2835 2985 ἐκείνου
2882 2930 2972 2985 καὶ
3029 2933 3092 2986 τὸ
3146 2936 3236 2987 νῦν
3291 2936 3521 3008 κρατοῦν
3555 2928 3698 2999 ἔθος,

2048 3022 2100 3077 ἐν
2146 3027 2265 3082 ταῖς
2323 3020 2603 3096 λαμπραῖς
2660 3019 2749 3074 καὶ
2810 3018 3167 3094 δημοτελέσιν
3215 3022 3425 3096 ἑορταῖς
3479 3017 3698 3097 ὑϐρίζε-

2049 3110 2279 3165 σθαιτὸν
2313 3110 2439 3163 Θεὸν
2472 3110 2559 3163 xui
2621 3109 2717 3170 τὰς
2771 3115 2878 3164 τῶν
2929 3109 3099 3185 ἀγίων
3154 3113 3372 3183 μνήμας
3403 3108 3491 3165 διὰ
3537 3110 3697 3187 λυγι-

288 3200 594 3271 oportebat
636 3200 811 3254 corda
854 3197 1221 3267 compunctis
1280 3202 1452 3267 atque
1508 3196 1774 3251 contritis
1833 3213 1934 3267 pro

2047 3202 2265 3273 σμάτων
2298 3198 2551 3273 ἀπρεπῶν
2587 3198 2675 3252 καὶ
2725 3198 2980 3274 γελώτων
3022 3199 3111 3253 καὶ
3162 3200 3492 3276 παραφόρων
3526 3222 3697 3277 κραυ-

286 3294 488 3344 nostra
520 3288 708 3342 salute
751 3287 864 3342 Deo
913 3285 1127 3341 offerri.
1162 3287 1232 3339 At
1263 3285 1359 3340 ille
1409 3290 1557 3340 coetu
1611 3285 1931 3357 ﬂagitiose-

284 3394 414 3432 rum
468 3377 774 3431 hominum
808 3380 1026 3441 coacto,
1060 3376 1249 3446 iisque
1296 3374 1566 3446 praefecto
1616 3375 1929 3445 Euthymio

278 3468 556 3537 quodam,
590 3482 761 3537 quem
795 3464 1141 3537 cognomine
1169 3469 1399 3520 Casnen
1448 3463 1841 3535 appellabant,
1875 3467 1931 3518 et

278 3556 348 3610 ab
387 3556 514 3626 ipso
544 3561 633 3610 est
661 3554 1021 3609 domesticus
1051 3551 1255 3624 templi
1288 3552 1930 3619 constitutus,diaholi-

276 3661 376 3699 cas
408 3643 554 3699 istas
584 3643 945 3709 saltationes,
980 3642 1262 3695 obscuras
1300 3641 1763 3704 vociferationes,
1798 3658 1928 3695 ean-

280 3731 671 3801 tilenasquee
717 3730 903 3785 triviis
961 3733 1018 3784 et
1076 3729 1460 3800 lupanaribus
1519 3730 1728 3800 pelitas
1785 3736 1927 3785 tunc

280 3819 544 3874 adhiberi
574 3819 977 3874 instituit.Hac
1006 3818 1136 3873 vitae
1169 3835 1314 3874 usus
1346 3818 1569 3873 ratione
1608 3819 1830 3874 interiit
1860 3835 1929 3874 ex

281 3909 479 3979 inepta
526 3908 885 3978 equitatione
934 3908 1002 3961 ad
1052 3924 1285 3961 murum
1337 3908 1652 3977 quemdam
1706 3909 1927 3963 mariti-

279 4014 436 4053 mum
471 3997 742 4052 afﬂictus.
778 3998 858 4051 Ex
907 4013 1022 4068 quo
1055 4013 1191 4051 casu
1227 3997 1382 4051 334
1414 4013 1546 4051 cum
1580 3997 1924 4067 sanguinem

278 4087 600 4142 vomuisset
631 4103 698 4141 ac
748 4085 1051 4141 biennium
1087 4086 1291 4141 morbo
1339 4086 1707 4141 conﬂictatus
1750 4093 1923 4151 esset,

275 4193 429 4246 aqua
461 4176 745 4231 intercute
776 4177 1101 4231 exstinctus
1128 4179 1236 4229 est.

267 4263 355 4317 καὶ
410 4263 545 4335 αἷμα
598 4262 881 4337 ἀναγαγὼν
943 4259 1033 4316 διὰ
1077 4265 1171 4314 τοῦ
1235 4261 1526 4334 στὸματος.
1590 4262 1710 4317 Ἐπὶ
1770 4259 1864 4317 δύο
1933 4261 1979 4319 8'

275 4373 427 4422 τησε.

2040 3293 2150 3364 γῶν
2190 3288 2536 3360 τελουμένων
2592 3292 2699 3342 τῶν
2761 3287 2918 3341 θείων
2982 3286 3188 3361 ὕμνων,
3248 3288 3340 3351 οῦς
3400 3286 3506 3344 ἔδει
3560 3292 3697 3363 μετὰ

2042 3377 2371 3448 κατανύξεως
2427 3378 2515 3431 καὶ
2575 3382 2886 3452 συτριμμοῦ
2943 3375 3164 3452 καρδίας
3226 3380 3358 3455 ὑπὲρ
3414 3387 3515 3450 τῆς
3572 3382 3695 3435 ἑαυ-

2037 3472 2144 3522 τῶν
2204 3469 2352 3539 ήμᾶς
2410 3465 2681 3541 σωτηρίας
2755 3466 3077 3544 προσφέρειν
3134 3473 3215 3541 τῷ
3272 3474 3411 3541 Θεῷ.
3473 3467 3693 3539 Πλῆθος

2036 3557 2138 3631 γὰρ
2197 3554 2599 3628 συστησάμενος
2674 3554 2985 3632 ἐπιῤῥήτων
3053 3554 3261 3632 ἀνδρῶν
3316 3558 3405 3613 καὶ
3464 3555 3690 3635 ἔξαρχον

2037 3645 2221 3706 αὐτοῖς
2255 3644 2549 3715 ἐπιστήσας
2600 3643 2876 3718 Εὐθόμιόν
2918 3667 3036 3700 τινα
3090 3651 3311 3713 Κασνῆν
3365 3647 3692 3724 λεγόμενον,

2036 3733 2096 3788 ἀν
2129 3733 2289 3795 αὐτὸς
2322 3731 2642 3806 δομέστικον
2671 3741 2771 3803 τῆς
2804 3734 3133 3804 Ἐκκλησίας
3180 3738 3296 3807 (98)
3326 3733 3691 3811 προόϐάλετο,

2034 3822 2250 3883 καὶτὰς
2282 3824 2565 3884 σατανικὰς
2616 3823 2878 3898 ἀρχήσεις
2936 3825 3027 3877 καὶ
3078 3826 3173 3886 τὰς
3232 3825 3480 3898 ἀσήμους
3526 3847 3691 3902 κραυ-

2034 3912 2133 3985 γὰς
2187 3909 2278 3964 καὶ
2335 3910 2402 3964 τὰ
2452 3910 2512 3965 ἐκ
2565 3909 2796 3981 τριόδων
2871 3912 2961 3966 καὶ
3020 3914 3436 3987 χαμαιτυπείων
3498 3916 3688 3989 ἠρανι-

2037 4000 2208 4070 σμένα
2262 3996 2476 4071 ᾅσματα
2548 3999 2824 4063 τελεῖσθαι
2909 3997 3167 4071 ἓδίδαξεν.
3230 4002 3418 4065 Οὕτως
3479 4000 3535 4057 δὲ
3568 4004 3691 4077 βιο-

2033 4088 2203 4143 τεῦων
2236 4088 2588 4165 καταστρέφει
2618 4088 2711 4143 τὸν
2775 4088 2892 4164 βίον
2948 4089 2999 4143 ἐν
3049 4095 3127 4161 τῷ
3185 4090 3428 4153 ἀτάκτως
3461 4093 3688 4161 ἱππάζε-

2045 4178 2186 4245 σθαι,
2248 4174 2299 4229 ἔν
2354 4197 2460 4230 τινι
2517 4177 2691 4253 τείχει
2742 4182 2850 4232 τῶν
2899 4179 3349 4252 παραθαλασσίων
3413 4181 3692 4255 θραυσθεὶς

2035 4262 2128 4335 ἴτη
2211 4262 2645 4338 νοσηλευόμενος
2700 4266 2792 4320 καὶ
2854 4264 3028 4342 ὑδὲρῳ
3086 4269 3391 4343 περιπεσὼν
3454 4267 3691 4325 ἐτελεύ-

346 4443 563 4498 Eadem
622 4442 963 4510 indictione,
1023 4441 1193 4496 tertia
1250 4441 1464 4512 Aprilis
1522 4441 1636 4510 die,
1678 4442 1737 4495 in
1796 4442 1924 4512 ejus

2107 4442 2201 4497 Kui
2237 4447 2629 4518 χειροτονεῖται
2679 4444 2815 4498 κατᾶ
2858 4446 2958 4513 τήν
3009 4445 3198 4521 τρίτην
3224 4451 3321 4502 τοῦ
3355 4446 3687 4523 Ἀπριλλίου

270 4531 463 4587 locum
497 4531 791 4585 sufﬁcitur
811 4529 1152 4602 Polyeuctus
1176 4530 1523 4595 monachus,
1559 4530 1719 4601 Cpoli
1753 4538 1925 4587 natus

272 4627 448 4691 atque
499 4621 804 4683 educatus,
837 4624 1130 4674 castratus
1160 4636 1193 4674 a
1224 4619 1585 4690 parentibus,
1629 4618 1921 4693 longoque

268 4716 536 4780 tempore
567 4708 893 4763 monastica
924 4709 1043 4763 vita
1073 4724 1207 4763 cum
1238 4707 1412 4762 laude
1443 4709 1700 4775 functus,
1736 4710 1920 4779 impe-

275 4803 469 4853 ratore
523 4814 655 4852 eum
717 4798 791 4852 ob
843 4798 1184 4867 gravitatem
1238 4813 1469 4852 morum
1519 4802 1576 4851 et
1627 4797 1919 4870 insignem

270 4887 631 4959 sapientiam
664 4891 839 4959 atque
864 4886 1225 4958 paupertatis
1247 4902 1427 4941 causa
1458 4902 1523 4942 eo
1546 4887 1919 4958 provehente.

218 4962 219 4967 ‘
277 4977 422 5033 Huic
455 4992 569 5031 non
624 4976 932 5045 Heraclea,
966 4981 1032 5031 ut
1079 4992 1208 5031 mos
1247 4976 1487 5043 ferebat,
1521 4977 1618 5031 sed
1670 4976 1922 5032 Basilius

2040 4530 2234 4603 μηνὸς,
2297 4533 2395 4599 τῆς
2444 4530 2606 4600 άύτῆς
2653 4530 3013 4601 ἰνδικτιῶνος,
3063 4534 3175 4589 ἀντ’
3222 4536 3391 4590 αὐτοῦ
3431 4539 3691 4612 πατριάρ-

2028 4638 2139 4694 χης
2184 4617 2526 4684 Πολύευκτος
2580 4622 2843 4697 μοναχὸς,
2902 4630 3000 4693 τῆς
3060 4623 3690 4691 Κωνσταντινουπόλεως

2030 4708 2118 4762 καὶ
2153 4707 2372 4780 Θρὲμμα
2400 4710 2689 4783 τυγχάνων
2742 4711 2832 4764 καὶ
2878 4709 3170 4784 παίδευμα,
3205 4713 3308 4768 ὑπό
3336 4718 3443 4768 τῶν
3484 4714 3686 4791 γονίων

2035 4796 2127 4869 μὶν
2163 4796 2554 4873 εὐνουχισθιῖς,
2588 4798 2676 4852 ἐπὶ
2726 4798 2898 4855 πολὺν
2946 4798 3001 4855 δὲ
3048 4800 3247 4876 χρόνον
3306 4801 3376 4877 τῇ
3418 4800 3686 4878 μοναδικῇ

2030 4885 2285 4961 πολιτείῃ
2342 4885 2747 4962 ἐκδιαπρέψας’
2810 4890 2866 4943 ὃν
2918 4890 2946 4944 ὁ
3011 4888 3265 4965 βασιλεὺς
3327 4890 3417 4947 διὰ
3468 4894 3531 4949 τὸ
3588 4898 3687 4948 τοῦ

2033 4971 2201 5041 ἧθοῦς
2226 4977 2420 5049 σεμνὸν
2452 4979 2541 5033 καὶ
2570 4979 2631 5033 τὸ
2677 4982 2778 5043 τῆς
2836 4979 3027 5056 σοφίας
3074 4975 3421 5054 ὑπερϐάλλον
3463 4983 3552 5037 xui
3584 4983 3684 5052 τήν

1462 5136 1838 5193 XYLANDRI
1878 5137 1963 5193 ET
2002 5136 2222 5193 GOARI
2263 5138 2495 5195 NOT/E.

342 5275 456 5347 (96)
488 5276 640 5331 Vidit
670 5275 726 5330 in
766 5275 964 5329 Lexico
995 5273 1287 5346 Xylander
1316 5276 1513 5347 κῶνον,
1546 5289 1695 5329 ανεξδ
1727 5283 1923 5328 metam

270 5351 329 5401 et
350 5344 611 5419 ipin'rorum
659 5351 900 5419 [malum
951 5344 1325 5412 significare;
1372 5344 1670 5419 palearum
1724 5351 1924 5399 metam

270 5419 383 5474 sibi
415 5418 612 5487 elegit,
646 5420 917 5490 pinorum
950 5434 1084 5490 vero
1118 5420 1347 5471 fructus
1404 5418 1672 5487 permisit
1701 5419 1924 5472 inscius

269 5488 699 5563 Theophylacti‘
720 5490 907 5561 equis.
943 5488 1124 5563 Gesn.

340 5558 456 5631 (97)
487 5558 647 5617 A'lias
688 5558 1054 5634 λεπτοκαρύα,
1088 5575 1270 5615 nuces
1324 5558 1573 5616 Ponticae
1624 5576 1724 5615 seu
1778 5559 1925 5617 avel-

272 5633 437 5689 lanae.
474 5636 654 5691 ϐολῇ.

2104 5275 2217 5351 (9ξέ)
2251 5276 2510 5351 Praeterit
2562 5274 2719 5351 hunc
2750 5274 3415 5351 ofﬁcialemcatalogus
3458 5282 3683 5351 Codini,

2035 5346 2752 5421 geminnmdomesticum
2782 5354 2978 5403 noster
3006 5349 3239 5404 exhibet
3266 5346 3361 5403 τόῦ
3399 5349 3571 5421 δεξιοῦ
3598 5346 3684 5408 xui

2008 5418 2147 5491 trod
2190 5414 2473 5488 εὐωνύμου
2526 5421 2721 5491 χοροῦ,
2787 5423 3123 5490 primarium
3178 5414 3689 5482 videlicet-dextri

2035 5489 2362 5568 {inisti-ique
2392 5489 2869 5568 chori‘rantore’m,
2901 5492 3119 5568 quibus
3147 5493 3301 5549 alius
3328 5499 3436 5568 τῷν
3465 5495 3687 5568 ψαλτῶν

2036 5555 2358 5641 spctatam
2386 5564 2763 5641 praeponitur,
2797 5555 3071 5621 omnibus
3107 5555 3533 5641 πρωτοψάλτῆς.
3572 5572 3684 5627 Eu-

2035 5631 2398 5706 chologium.
2420 5631 2598 5692 ϐολῇ.
