4026 6210
260 316 339 373 69
1407 315 1947 379 HISTORIARUM
1995 315 2541 378 GOMPENDIUM.
3604 318 3681 377 70

261 445 642 518 ἀκτημοσόνην
684 451 998 522 χειροτονεῖ
1054 446 1422 522 πατριάρχην,
1477 446 1538 502 οὗ
1595 451 1691 502 τοῦ
1748 448 1909 523 Ἦρα-

2044 448 2298 505 laesareaa
2332 449 2646 520 episcopus
2677 465 2888 504 manus
2919 449 3377 522 imposuit,quod
3400 451 3683 523 Nicepho-

256 537 464 606 κλείοις,
497 536 571 596 ὡς
604 532 750 603 ἔθος,
786 534 931 591 ἀλλά
959 539 1055 591 τοῦ
1105 537 1431 610 Καισαρείας
1484 536 1775 593 Βασιλείου
1820 538 1918 605 τὴν

258 625 596 701 χειροθεσίαν
650 623 1125 697 πεπληρωκότος.
1176 625 1494 703 Νικηφόρος
1542 626 1679 700 γάρ,
1740 626 1766 679 6
1824 632 1924 693 τῆς

261 714 589 787 Ἡρακλείας
636 711 930 786 πρόεδρος,
988 718 1067 786 τῷ
1121 712 1335 789 βασιλεῖ
1380 714 1513 768 κατά
1577 736 1629 769 τι
1686 734 1922 787 προσκε-

260 802 507 873 κρουκὼς
541 802 605 856 οὗ
638 804 999 877 συνεχωρήθη
1032 804 1129 870 τήν
1171 804 1513 878 χειροθεσίαν
1564 806 1920 873 ποιήσασθαι.

260 896 413 955 Ὅθεν
448 891 537 946 καὶ
570 892 744 965 ψόγος
776 891 884 967 οὐχ
907 893 935 946 6
964 893 1151 967 τυχὼν
1184 887 1518 967 προσετρίϐη
1573 892 1633 947 οὐ
1664 898 1744 965 τῷ
1788 911 1923 967 προ-

258 982 509 1056 τρέψαντι
576 983 742 1053 μόνον
807 981 898 1034 καὶ
954 985 1035 1053 τῷ
1087 982 1572 1056 χειροθετήσαντι,
1632 980 1778 1035 ἀλλὰ
1834 982 1922 1034 καὶ

261 1071 408 1141 αὖτῷ
456 1074 537 1140 τῷ
587 1070 1030 1144 χειροτονηθέντι
1081 1070 1155 1131 ὡς
1203 1068 1616 1142 καταδεξαμὲνῳ
1646 1072 1745 1139 τὴν
1789 1071 1923 1123 ἀκα-

257 1160 501 1213 νόνιστον
585 1156 788 1227 ταύτην
892 1159 1236 1233 χειροθεσίαν
1272 1202 1286 1215 .
1380 1157 1792 1232 Χειροτοντ,θεὶς
1876 1150 1924 1222 δ’

258 1248 413 1321 ὅμως
489 1247 582 1301 καὶ
656 1246 1169 1322 παρρησιασάμενος
1234 1248 1332 1315 τὴν
1389 1246 1648 1317 ἀλήθειαν
1701 1246 1920 1316 πολλὴν

254 1335 617 1410 καταδρομὴν
687 1335 925 1390 ἐποιεῖτο
971 1343 1072 1405 τῆς
1135 1334 1447 1407 πλεονεξίας
1492 1342 1601 1391 τῶν
1654 1342 1923 1412 συγγενῶν

255 1432 355 1481 τοῦ
402 1420 714 1500 πρεσϐύτοτ
769 1426 1076 1497 Ῥωμανοῢ,
1137 1427 1221 1498 [Ρ.
1253 1428 1381 1499 640]
1438 1427 1534 1480 κάν
1585 1431 1665 1497 τῷ
1699 1424 1923 1500 μεγάλῳ

261 1511 538 1586 Σαϐϐάτῳ
562 1515 655 1568 τὸν
706 1513 934 1589 βασιλέα
992 1514 1067 1577 εἷς
1120 1516 1220 1583 τήν
1278 1514 1538 1591 Μεγάλην
1599 1513 1923 1585 Ἐκκλησίαν

260 1603 490 1668 ἐλθόντα
549 1602 707 1677 ἐνῆγε
756 1603 895 1677 πρὸς
924 1604 1024 1672 τὴν
1072 1607 1179 1657 τῶν
1226 1604 1578 1679 πραχθέντων
1624 1601 1918 1674 ἐκδίκησιν.

258 1698 437 1769 ’Ὁπερ
472 1692 581 1766 οὐχ
610 1689 787 1760 ἡδέως
816 1692 976 1755 οὗτος
1018 1689 1251 1761 ἐδέξατο.
1288 1690 1468 1748 Ἀλλά
1513 1692 1603 1746 καὶ
1636 1692 1919 1756 Βασίλειος

261 1786 289 1837 6
328 1783 463 1856 μετά
509 1785 677 1835 ταῦτα
726 1782 1245 1854 παρακοιμώμενος,
1294 1783 1323 1835 6
1374 1782 1480 1835 ἀπὸ
1539 1779 1744 1848 δούλης
1791 1802 1919 1857 τεχ-

258 1874 375 1931 θεὶς
450 1872 530 1943 τῷ
602 1864 879 1944 πρεσϐύτῃ
956 1870 1248 1942 Ῥωμανῷ.
1319 1869 1543 1941 Ἑλένην
1596 1872 1694 1940 τὴν
1758 1871 1919 1926 αὐττῦ

259 1958 511 2033 ἀδελφὴν
553 1957 641 2011 καὶ
688 1956 972 2012 δέσποιναν
1024 1958 1524 2031 ὁποποιησάμενος,
1583 1958 1724 2012 οὕτω
1782 1980 1917 2033 παρ-

260 2048 523 2103 εσκεύασε
576 2047 662 2100 καὶ
717 2044 936 2115 διέθηκε
986 2048 1078 2101 τὸν
1124 2050 1556 2113 Κωνσταντῖνον,
1619 2049 1693 2120 μή
1757 2068 1922 2121 μετα-

259 2140 547 2211 γινώσκειν
587 2135 750 2209 μὸνον
778 2134 865 2191 ἐπὶ
897 2140 967 2201 τῆ
998 2140 1094 2189 τοῦ
1126 2136 1469 2211 πατριάρχου
1496 2132 1925 2210 προϐολῇ,ἀλλά

2033 555 2134 592 rus
2164 538 2296 609 (hoc
2320 537 2475 592 enim
2510 554 2721 592 nomen
2754 537 3042 594 Heraclea
3073 539 3303 608 przesuli
3338 542 3505 609 erat),
3539 542 3679 612 quia

2031 626 2089 680 in
2123 628 2379 698 quadam
2412 643 2471 681 re
2504 627 2766 681 animum
2798 628 3169 698 imperatoris
3198 628 3676 698 offendissetmon

2034 717 2340 770 sinebatur
2371 732 2582 769 manus
2613 715 2933 786 imponere.
2968 716 3100 778 Qua:
3152 732 3249 770 rex
3299 717 3680 788 vituperatio-

2036 821 2166 859 nem
2202 805 2356 858 baud
2390 805 2691 875 vulgarem
2726 805 2967 875 paravit,
2992 822 3105 859 non
3138 806 3476 875 imperatori
3510 809 3679 861 modo

2035 898 2091 948 et
2142 894 2379 957 Basilio,
2431 894 2530 948 sed
2589 898 2646 947 et
2702 893 2812 963 ipsi
2876 892 3206 965 Polyeucto,
3263 895 3418 964 quod
3478 900 3681 951 contra

2034 998 2231 1036 sacros
2262 998 2513 1036 canones
2536 998 2597 1036 se
2627 982 2883 1036 ordinari
2919 999 3128 1053 passus
3161 988 3333 1037 esset.
3357 984 3455 1039 llic
3485 989 3678 1039 tamen

2032 1072 2114 1125 ita
2146 1071 2505 1142 designatus,
2538 1070 2837 1126 veritatem
2874 1070 3050 1125 libere
3103 1072 3423 1142 professus,
3478 1073 3682 1129 multis

2034 1161 2296 1215 invectus
2360 1164 2449 1214 est
2512 1160 2569 1213 in
2630 1159 2930 1214 avaritiam
2992 1164 3371 1231 cognatorum
3434 1163 3679 1218 Romani

2032 1249 2283 1305 senisEt
2305 1250 2363 1303 in
2389 1264 2599 1319 magno
2616 1249 2864 1303 Sabhato
2886 1250 3297 1319 imperatorem
3316 1251 3374 1304 in
3399 1268 3680 1323 magnum

2031 1337 2313 1407 templum
2338 1337 2662 1393 venientem
2688 1339 2755 1392 ad
2775 1337 3065 1407 judicium
3089 1355 3287 1393 eorum
3309 1341 3684 1410 quzefuerant

2033 1432 2161 1483 acta
2190 1427 2577 1482 exercendum
2627 1427 2895 1481 hortatus
2946 1432 3053 1482 est.
3109 1431 3233 1483 Non
3287 1434 3522 1499 gratum
3571 1430 3682 1485 hoc

2032 1516 2369 1588 imperatori
2405 1516 2533 1570 fuit.
2569 1516 2676 1571 Sed
2710 1521 2767 1570 et
2800 1515 3172 1587 Basilius,qui
3207 1517 3683 1575 deindeintimus

2032 1605 2431 1661 cubicularius
2495 1606 2681 1659 factus
2739 1610 2846 1668 est,
2901 1604 3056 1660 senis
3113 1606 3353 1660 Romani
3411 1622 3477 1661 ex
3520 1624 3686 1663 serva

2033 1695 2210 1761 ﬁlius,
2242 1712 2345 1766 per
2373 1711 2629 1750 sororem
2678 1712 2845 1749 suam
2902 1694 3176 1749 Helenam
3224 1697 3548 1765 Augustam
3603 1698 3684 1752 ita

2030 1784 2395 1840 Constantini
2427 1784 2689 1839 animum
2718 1782 2999 1853 aﬂ‘ecit,ut
3028 1800 3143 1837 non
3177 1785 3326 1840 835
3353 1785 3526 1840 modo
3548 1802 3680 1841 cum

2029 1875 2100 1930 ad
2141 1874 2602 1946 patriarcbatum
2646 1873 3016 1943 Polycuctum
3052 1872 3411 1943 promovisse
3441 1874 3685 1945 poznite-

2030 1968 2138 2031 ret,
2171 1963 2268 2018 sed
2304 1966 2360 2016 et
2388 1964 2459 2017 de
2490 1979 2556 2017 eo
2590 1979 2691 2033 per
2721 1962 3085 2016 occasionem
3118 1962 3442 2031 dejiciendo
3473 1963 3688 2035 cogita-

2032 2056 2138 2106 ret.
2174 2052 2242 2106 Et
2272 2053 2340 2105 ad
2376 2066 2501 2105 eam
2538 2065 2660 2105 rem
2694 2050 3093 2119 suﬂ'undebat,
3128 2051 3281 2120 quod
3313 2051 3498 2117 aiunt,
3524 2052 3689 2123 frigi-

2035 2140 2168 2194 dam
2193 2140 2534 2195 Theodorus
2566 2139 2747 2208 Cyzici
2774 2139 3108 2210 episcopus.

256 2228 349 2281 καὶ
392 2231 573 2295 ζητεῖν
602 2226 854 2302 ἀφορμὴν
885 2228 1003 2286 πῶς
1034 2225 1093 2287 ἂν
1126 2224 1285 2279 αὐτὸν
1325 2224 1623 2299 καταγάγοι
1676 2229 1772 2279 τοῦ
1805 2224 2017 2300 θρόνου,
2048 2224 2233 2281 πολλὰ
2259 2227 2345 2281 καὶ
2379 2223 2662 2301 Θεοδώρου
2692 2230 2787 2280 τοῦ
2821 2226 3052 2295 Κυζίκου
3081 2226 3197 2279 κατ’
3247 2225 3410 2280 αὐτοῦ
3459 2223 3687 2303 διερεθί-

260 2323 457 2385 ζοντος
486 2319 696 2369 τοῦτον.

329 2407 537 2476 θρα-περ
572 2400 629 2457 δὲ
656 2406 753 2456 τοῦ
792 2399 1000 2479 χρὸνου
1049 2401 1562 2480 φιλοτιμησαμένου
1609 2403 1746 2457 κατά
1796 2423 1923 2457 ταυ-

254 2495 350 2549 τὸν
394 2492 798 2567 ὁμογνώμονας
849 2489 1207 2561 ἐπιδείξασθαι
1259 2493 1626 2566 πατριάρχας,
1687 2490 1775 2545 καὶ
1824 2493 1925 2560 τήν

256 2589 370 2636 τῶν
402 2581 669 2653 ἐσπερίων
727 2580 1018 2652 Ῥωμαίων
1074 2583 1186 2649 (99)
1225 2579 1546 2650 Ἐκκλησίαν
1579 2578 1771 2634 ίθόνειν
1806 2576 1927 2635 ἕλαο

258 2693 362 2747 χεν
395 2672 654 2737 Ἰωάννης
686 2670 715 2723 ὁ
746 2673 843 2722 τοῦ
874 2664 1206 2743 Ἀλϐερίχου
1239 2669 1352 2731 υἱὸς
1406 2671 1504 2742 (1),
1564 2669 1700 2744 πρὸς
1749 2674 1923 2722 πᾶσαν

262 2759 551 2834 ἀσέλγειαν
594 2758 685 2811 καὶ
732 2756 921 2811 κακίαν
976 2758 1235 2832 ὑπάρχων
1276 2757 1595 2833 ἐπιρῥεπής’
1631 2756 1687 2811 δν
1749 2764 1924 2813 ’Ώτως

258 2851 287 2903 ὁ
322 2854 431 2902 τῶν
462 2847 728 2922 Φράγγων
765 2844 1019 2921 βασιλεὺς
1050 2846 1322 2908 ἀπελάσας
1352 2843 1534 2920 ἕτερον
1570 2846 1926 2923 ἀντεισήγαγε

256 2938 330 3012 τῇ
368 2935 669 3005 Ἐκκλησία
700 2935 956 3007 ποιμένα.
1560 2949 1565 2953 ’

334 3028 399 3083 Ὀ
430 3022 488 3079 δὲ
537 3023 881 3084 Πολύευκτος
926 3026 1004 3093 τῷ
1046 3023 1249 3097 πρώτῳ
1295 3030 1393 3093 τῆς
1442 3023 1704 3099 ἱερατείας
1762 3023 1926 3078 αὐτοῦ

256 3115 459 3192 χρόνῳ
511 3118 632 3173 τοῖς
695 3113 865 3187 ἱεροῖς
912 3111 1113 3183 ἐνὲταξε
1176 3109 1466 3188 διπτύχοις
1515 3112 1788 3186 Εὐθυμίου
1831 3117 1926 3167 τοῦ

257 3205 615 3279 πατριάρχου
666 3201 731 3255 τὸ
780 3197 977 3273 ὄνομα,
1024 3204 1120 3255 τοῦ
1158 3201 1248 3255 τὸν
1287 3201 1512 3276 βασιλέα
1540 3204 1743 3257 Λέοντα
1776 3200 1923 3272 δεξα-

2105 2410 2373 2462 Ceterum
2432 2406 2602 2476 quasi
2651 2406 2697 2461 si
2749 2409 2983 2476 tempus
3032 2406 3091 2459 in
3149 2421 3215 2461 eo
3272 2404 3564 2461 laboraret
3620 2412 3684 2461 ut

2036 2496 2254 2551 summi
2300 2496 2603 2567 pontifices
2651 2495 2913 2565 ejusdem
2964 2494 3265 2549 sententiae
3323 2501 3680 2563 crearentur,

2036 2588 2308 2639 Romanae
2340 2584 2595 2639 ecclesiae
2646 2584 2847 2640 eodem
2904 2588 3165 2654 tempore
3217 2584 3525 2655 praefectus
3577 2584 3687 2639 fuit

2034 2673 2292 2727 Joannes
2323 2671 2573 2728 Alberici
2606 2672 2778 2739 filius,
2805 2671 2977 2727 homo
3010 2672 3079 2726 ad
3113 2688 3348 2727 omnem
3384 2671 3685 2727 lasciviam

2036 2779 2103 2818 ac
2152 2761 2435 2817 malitiam
2498 2779 2858 2834 propensus;
2916 2778 3085 2831 quem
3139 2762 3272 2817 Otto
3328 2762 3682 2817 Francorum

2036 2850 2353 2921 imperator
2408 2850 2649 2922 expulit,
2709 2849 3010 2921 aliumque
3067 2850 3322 2905 ecclesia!
3384 2855 3681 2922 pastorem

2036 2938 2364 2995 constituit.

2106 3028 2453 3100 Polyeuclus
2483 3027 2671 3097 primo
2703 3027 2792 3082 sui
2826 3026 3255 3098 patriarchatus
3305 3045 3456 3084 anno
3505 3033 3682 3103 Euty-

2036 3116 2151 3171 chii
2186 3115 2526 3187 patriarcha:
2560 3132 2767 3169 nomen
2821 3115 2879 3170 in
2931 3109 3130 3171 sacras
3184 3117 3415 3171 tabulas
3463 3118 3684 3184 retulit,

2036 3206 2163 3275 ejus
2196 3204 2295 3275 qui
2327 3204 2739 3274 imperatorem
2776 3204 3026 3259 Leonem
3058 3205 3127 3259 ad
3176 3222 3472 3260 sacrorum
3526 3223 3684 3262 com-

380 3263 389 3279 .
474 3263 549 3278 ,η
881 3263 891 3273 .
964 3263 973 3268 -
1287 3263 1295 3276 ,
1846 3263 1858 3272 .

260 3295 439 3369 μένου
487 3293 562 3353 εἷς
600 3291 907 3359 κοινωνίαν,
958 3290 1193 3361 ὁπηνίκα
1233 3294 1332 3362 τὴν
1375 3295 1635 3366 τετάρτην
1690 3291 1923 3367 ἠγάγετο

2044 3291 2492 3348 municationem
2528 3292 2866 3360 admiserat,
2894 3309 3026 3347 cum
3060 3293 3111 3348 is
3143 3297 3411 3365 quartam
3446 3312 3680 3350 uxorem

254 3389 502 3460 γυναῖκα
517 3384 613 3453 (2).
646 3381 788 3455 Πρὸς
815 3379 974 3434 τοῦτό
1002 3402 1143 3441 τινες
1168 3385 1275 3435 τῶν
1309 3380 1608 3457 ἀρχιερέων
1641 3382 1779 3457 πρὸς
1812 3380 1929 3436 ὀλίσ

254 3495 364 3547 γον
399 3470 720 3541 ἀντέστησαν
777 3468 856 3540 τῷ
910 3466 1237 3541 Πολυεύκτῳ
1301 3471 1375 3540 μή
1409 3476 1710 3527 κοινωνεῖν.
1753 3468 1929 3525 Ἀλλά

255 3563 385 3617 κατ’
432 3560 621 3635 ὀλίγον
652 3558 733 3630 τῷ
760 3563 855 3612 τοῦ
884 3563 1211 3633 κρατοῦντος
1244 3558 1714 3629 ἀκολουθήσαντες
1756 3558 1925 3633 θελή-

263 3672 405 3725 ματι
438 3648 653 3725 γέλωτα
680 3647 958 3723 παρέσχον
986 3653 1104 3709 τοῖς
1133 3645 1590 3723 διακρινομένοις.

339 3830 534 3904 ⁷’Ἡχθη
569 3823 627 3881 δὲ
654 3825 791 3881 κατά
818 3824 910 3880 τὸν
941 3826 1101 3880 αὐτὸν
1135 3826 1321 3901 καιρὸν
1373 3825 1461 3880 καὶ
1514 3829 1548 3895 ἡ
1604 3825 1761 3899 τιμία
1804 3827 1928 3901 χεὶρ

254 3925 366 3975 τοῦ
413 3915 741 3993 Προδρόμου
773 3915 851 3978 εἷς
882 3914 979 3983 τὴν
1017 3912 1270 3990 βασιλίδα
1301 3915 1351 3986 ἐξ
1406 3914 1765 3989 Ἀντιοχείας,
1796 3915 1929 3969 ἀπο-

265 4008 549 4063 κὶιαπεῖσα
613 4004 759 4075 παρά
830 4024 977 4064 τινος
1036 4000 1289 4058 διακόνου
1358 3998 1481 4059 Ἰὼϐ
1538 4001 1801 4076 τοῦνομα·
1863 4002 1930 4072 ἤν

263 4090 691 4150 καταλαϐοῦσαν
740 4094 840 4162 τήν
891 4089 1219 4162 Χαλκηδόνα
1250 4094 1277 4147 6
1330 4089 1585 4167 βασιλεὺς
1630 4092 1728 4160 τὴν
1776 4094 1928 4166 βασι-

267 4184 445 4249 λικὴν
510 4182 789 4255 ἐκπέμψας
857 4182 1080 4255 τριήρη.
1140 4181 1227 4235 καὶ
1287 4187 1383 4249 τῆς
1442 4179 1752 4254 συγκλήτου
1807 4172 1929 4236 ὅσον

264 4272 548 4342 ἐπίσημον
579 4268 887 4340 ἐξελθόντος
937 4269 1025 4323 καὶ
1078 4273 1173 4324 τοῦ
1211 4269 1555 4345 πατριάρχου
1588 4269 1932 4325 Πολυεύκτου

266 4362 369 4415 σὺν
406 4360 565 4413 παντὶ
594 4363 676 4431 τῷ
722 4356 917 4433 κλήρῳ
960 4358 1094 4430 μετὰ
1148 4363 1332 4431 κηρῶν
1379 4358 1468 4412 καὶ
1505 4356 1809 4433 λαμπάδων
1841 4359 1931 4414 καὶ

263 4447 659 4521 θ)μιαμάτων,
693 4446 768 4508 εἷς
794 4446 860 4499 τὰ
892 4446 1143 4522 βασίλεια
1171 4445 1393 4522 ἤγαγεν.

342 4540 409 4594 Ὀ
458 4535 517 4591 δὲ
564 4542 670 4590 τῶν
726 4533 950 4611 σχολῶν
1012 4532 1331 4608 δομέστικος
1383 4534 1583 4612 βάρδας
1633 4537 1769 4590 κατά
1823 4540 1929 4591 τῶν

2035 3382 2473 3437 duxisset.Eam
2505 3380 2577 3436 ob
2610 3396 2729 3434 rem
2766 3379 3008 3451 quidam
3042 3397 3412 3437 summorum
3447 3384 3688 3453 pontifi-

2034 3488 2167 3526 cum
2187 3469 2529 3540 aliquandiu
2563 3467 2876 3523 noluerunt
2895 3485 2990 3525 res
3010 3485 3207 3524 sacras
3227 3485 3360 3524 cum
3382 3470 3690 3541 Polyeucto

2038 3576 2382 3615 communes
2438 3558 2653 3613 habere
2716 3573 2730 3611 :
2792 3574 2924 3611 mox
2981 3558 3348 3628 imperatoris
3402 3558 3685 3613 voluntati

2038 3650 2430 3720 obsequentes
2463 3648 2738 3702 ridendos
2772 3661 2834 3701 se
2866 3646 3332 3717 disceptantibus
3358 3649 3685 3702 controver-

2038 3738 2187 3795 siam
2217 3738 2629 3794 sxhibuerunt.

2109 3828 2225 3881 Sub
2259 3827 2410 3880 idem
2442 3830 2676 3897 tempus
2707 3826 3037 3881 veneranda
3068 3825 3444 3896 praecursoria
3476 3842 3689 3881 manus

2040 3916 2352 3971 Antiochia
2382 3914 2581 3986 Cpolin
2616 3913 2792 3968 allata
2821 3919 2929 3979 est,
2961 3920 3232 3985 surrepta
3262 3915 3332 3970 ab
3362 3915 3509 3970 Jobo
3542 3931 3689 3985 quo—

2041 4006 2176 4059 dam
2239 4005 2503 4059 diacono.
2556 4004 2636 4057 Ea
2684 4020 2818 4059 cum
2868 4002 3192 4075 appulisset
3242 4004 3690 4060 Chalcedonem.

2041 4095 2363 4164 Imperator
2392 4109 2559 4147 suam
2592 4093 2789 4148 emisit
2820 4093 3117 4148 triremem
3174 4110 3185 4148 :
3238 4097 3295 4147 ct
3340 4092 3693 4149 illustriores

2041 4186 2343 4238 senatores
2373 4182 2764 4252 praecedentes
2797 4182 3023 4236 obviam
3071 4198 3205 4236 cum
3259 4182 3589 4251 patriarcha
3639 4188 3695 4236 et

2042 4272 2314 4327 universo
2345 4269 2498 4325 clero
2530 4287 2660 4325 cum
2696 4271 2879 4324 cereis
2912 4270 3133 4325 facibus
3155 4270 3530 4325 etsufﬁtibus
3563 4288 3689 4327 eam

2042 4361 2102 4415 in
2134 4360 2420 4432 palatium
2455 4360 2847 4414 deduxerunt.

2115 4538 2268 4593 336
2333 4538 2569 4592 Interim
2639 4538 2861 4592 Bardas
2928 4536 3262 4593 scholarum
3336 4537 3696 4593 domesticus

262 4628 425 4699 ἑῴων
472 4627 791 4700 Ἀγαρηνῶν
852 4624 1238 4699 ὲκσνρατεύσας
1277 4626 1337 4679 τὸ
1398 4624 1449 4679 ἐν
1507 4625 1665 4679 ποσὶν
1726 4627 1924 4680 ἅπαντα

2044 4625 2407 4699 expeditione
2467 4627 2525 4679 in
2586 4625 2897 4680 orientales
2960 4628 3250 4698 Agarenos
3321 4626 3470 4680 facta
3530 4626 3699 4681 obvia

257 4715 702 4789 κατεστρέψατο,
756 4712 894 4769 ἐλὼν
939 4713 1028 4767 καὶ
1092 4713 1322 4789 φροῦρια
1378 4714 1575 4784 ἱκανὰ,
1636 4712 1932 4791 ἐκπολιορ-

259 4809 447 4874 κήσας
478 4804 568 4859 καὶ
621 4805 719 4874 τὴν
752 4798 1081 4879 περιϐόητον
1144 4800 1401 4858 ’Δδαπαν.
1458 4804 1518 4860 Ὁ
1571 4801 1628 4857 δὲ
1682 4802 1936 4878 βασιλεὺς

263 4895 619 4971 βουλόμενος
652 4893 741 4947 καὶ
774 4900 899 4955 τους
943 4891 992 4946 ἐν
1046 4891 1115 4967 τῇ
1159 4894 1349 4968 Κρήτῃ
1402 4892 1751 4968 Σαρακηνοὺς
1808 4916 1935 4948 συν-

257 4988 421 5059 εχῶς
452 4981 905 5059 ἔκστρατεύοντας
952 4980 1039 5035 καὶ
1086 4981 1153 5035 τὰ
1182 4979 1423 5055 παράλια
1468 4988 1571 5043 τῆς
1613 4983 1929 5055 Ῥωμαῖκῆς

2046 4733 2291 4788 quaeque
2393 4715 2661 4786 vastavit,
2769 4716 3060 4786 permulta
3162 4715 3401 4771 castella
3505 4715 3696 4787 cepit,

2042 4805 2357 4877 ipsamque
2405 4804 2547 4859 adeo
2608 4802 2862 4859 nobilem
2922 4805 3124 4859 urbem
3194 4805 3451 4876 Adapam
3519 4821 3697 4876 expu-

2043 4894 2256 4966 gnavit.
2320 4897 2641 4964 Imperator
2709 4897 2907 4947 autem
2976 4891 3283 4947 Cretenses
3351 4894 3693 4962 Saracenos,

2041 4982 2138 5054 qui
2197 4982 2399 5037 crebro
2453 4981 2778 5036 maritimas
2839 4982 3229 5037 Romanorum
3301 4981 3555 5036 ditiones
3614 4981 3701 5035 in—

1474 5162 1841 5219 XYLANDRI
1882 5164 1970 5220 ET
2008 5162 2228 5220 GOARI
2268 5162 2497 5218 NOT/E.

335 5292 459 5361 (99)
506 5290 708 5355 Graeci,
764 5290 1009 5343 Romani
1070 5289 1298 5362 imperii
1349 5306 1743 5345 successores.
1791 5290 1928 5344 Ῥω-

260 5364 469 5434 μαίους
506 5364 777 5418 Romanos
801 5378 863 5416 se
895 5377 1081 5433 usque
1112 5363 1171 5416 in
1202 5362 1548 5418 hodiernum
1584 5363 1736 5418 diem
1765 5363 1932 5432 jacti-

256 5440 566 5491 taverunt.
604 5437 779 5489 Veros
830 5440 1023 5503 autem
1076 5436 1369 5503 Romanos,
1421 5434 1477 5488 id
1529 5439 1619 5489 est
1671 5434 1927 5501 Latinos,

256 5507 516 5562 Cedreni
566 5522 706 5561 voce
754 5501 1041 5577 ἑσπερίους
1062 5501 1367 5577 Ῥωμαίους
1396 5505 1709 5576 appellant.
1746 5505 1928 5561 Goaa.

335 5579 426 5647 (Ι)
461 5580 514 5632 Is
562 5582 653 5633 est
695 5577 957 5631 Joannes
1001 5576 1103 5649 XII
1156 5594 1327 5649 papa.
1366 5576 1621 5649 (Alberici
1671 5578 1932 5634 consulis

258 5651 525 5707 Romani
559 5650 737 5717 tllius,
766 5648 835 5703 de
868 5666 979 5717 quo
1009 5648 1141 5703 vide
1167 5648 1780 5706 historicos.0ttonem
1815 5669 1932 5708 ma-

2042 5307 2225 5363 gnum
2257 5290 2651 5344 Romanorum
2680 5288 3093 5361 imperatorem
3119 5305 3311 5359 regem
3340 5290 3698 5363 Francorum

2041 5362 2239 5429 vocat;
2274 5363 2344 5416 de
2376 5378 2492 5431 qua
2540 5379 2598 5415 re
2649 5378 2827 5432 supra
2886 5363 3107 5417 monui.
3171 5365 3285 5418 Cur
3316 5366 3511 5417 autem
3544 5362 3700 5416 hunc

2044 5435 2351 5506 Polyeucto
2382 5433 2636 5488 similem
2670 5434 2846 5499 dicat,
2880 5452 2996 5489 non
3026 5434 3212 5490 video.
3249 5434 3380 5489 XYL.

2113 5502 2189 5575 (Ξ)
2243 5507 2316 5560 De
2366 5522 2641 5577 quarum,
2672 5506 3011 5577 nuptiarum
3054 5507 3189 5577 jure
3237 5506 3353 5560 vid.
3410 5502 3695 5559 Arcadius

2042 5577 2080 5631 1.
2116 5595 2191 5631 vn
2224 5576 2582 5633 Concurdiaa.
2618 5576 2798 5632 (ΞοΑα.
