4004 6208
320 280 393 336 71
1648 272 1967 336 GEORGII
2013 273 2353 334 CEDRENI
3648 281 3729 340 72

316 401 691 459 cursionibus
721 399 1022 467 vexabant,
1054 397 1298 469 cupiens
1326 399 1617 456 deterrere
1648 415 1966 470 eorumque

2080 405 2183 472 γῆς
2217 397 2478 474 δῃοῦντας
2525 400 2617 455 καὶ
2666 400 3098 475 κατατρέχοντας
3145 396 3443 479 ἐκφοϐῆσαι
3492 402 3584 458 καὶ
3628 410 3734 473 τῆς

318 492 668 547 immodicos
701 490 956 560 impetus
987 487 1652 559 reprimere,maximum
1680 489 1975 545 contrahit

316 580 627 636 sxercitum
662 578 1029 646 classemque
1062 593 1431 647 nequaquam
1458 579 1971 643 contemnendam,

315 686 562 740 eamque
631 669 688 723 in
758 667 983 721 Cretam
1053 666 1316 736 emittit,
1385 668 1655 737 praefecto
1722 669 1827 723 toti
1890 668 1972 723 rei

315 758 694 816 Constantino
728 756 971 828 patricio
1020 754 1303 825 Gongyla,
1352 755 1687 811 effeminato
1735 756 1971 812 homine

316 853 373 904 et
434 848 491 902 in
544 846 752 901 umbra
801 844 1043 899 educato
1103 842 1358 913 bellique
1425 843 1650 915 ignaro,
1720 862 1835 900 uno
1901 846 1973 900 de

317 937 593 1010 palatinis
643 931 1041 989 cubiculariis.
1072 936 1127 986 Is
1160 932 1217 985 in
1249 935 1477 986 Cretam
1510 934 1755 1003 trajecta
1786 934 1974 991 classe

316 1025 459 1082 nihil
493 1026 638 1081 duce
668 1023 912 1092 dignum
944 1020 1093 1091 egit;
1121 1036 1254 1075 nam
1291 1036 1479 1092 neque
1510 1028 1703 1078 castra
1731 1024 1966 1106 muniit,

316 1130 507 1185 neque
556 1111 952 1183 speculatores
1002 1113 1104 1163 aut
1152 1108 1547 1180 exploratores
1578 1112 1903 1179 collocavit,
1937 1130 1970 1168 a

317 1204 534 1275 quibus
580 1202 651 1255 de
700 1200 1089 1254 Barbarorum
1143 1199 1393 1253 adventu
1446 1207 1803 1266 moneretur,
1844 1219 1972 1273 qua:

317 1310 450 1349 eum
484 1289 717 1345 incuria
750 1288 808 1341 in
840 1302 1145 1341 summum
1177 1287 1421 1342 adduxit
1450 1290 1797 1360 periculum.
1827 1291 1971 1346 Nam

312 1380 606 1436 insulares
686 1375 955 1433 socordia
1020 1381 1078 1429 et
1146 1375 1441 1445 imperitia
1490 1377 1738 1433 Romani
1805 1380 1972 1435 ducis

317 1468 702 1541 deprehensa,
763 1473 1090 1537 opportuno
1147 1468 1313 1535 capto
1360 1471 1621 1538 tempore
1676 1473 1972 1524 Romanos

316 1559 514 1615 subito
562 1554 774 1625 adorti,
828 1553 987 1608 nullo
1040 1553 1268 1625 negotio
1321 1555 1631 1624 fuderunt;
1684 1558 1973 1629 multique

316 1648 527 1702 horum
564 1644 661 1700 alii
696 1642 869 1714 capti,
904 1642 1000 1697 alii
1036 1644 1185 1697 ferro
1234 1642 1593 1716 interempti,
1627 1650 1685 1700 et
1732 1645 1973 1717 reliquis

316 1735 690 1808 fugientibus
720 1739 913 1787 castra
941 1748 1173 1802 quoque
1204 1749 1438 1787 summo
1468 1750 1599 1788 cum
1636 1740 1970 1790 nostrorum

318 1796 601 1881 dedecore
668 1827 838 1893 capta
904 1796 1094 1875 sunt:
1126 1820 1254 1891 Ipse
1315 1821 1490 1877 etiam
1543 1824 1858 1895 Congylius
1910 1796 2048 1879 inB

317 1913 578 1970 hostium
616 1915 964 1983 potestatem
995 1909 1270 1976 venisset,
1296 1911 1407 1965 nisi
1442 1928 1476 1965 a
1505 1928 1687 1967 cuneo
1722 1913 1966 1968 famulo-

318 2021 449 2058 rum
485 2006 719 2074 ereptus
751 2005 809 2054 et
838 2000 895 2054 in
928 1999 1124 2054 navim
1154 1999 1486 2071 praetoriam
1520 2001 1730 2057 fuisset
1777 2002 1966 2075 impo-

317 2093 490 2147 situs.

386 2378 514 2433 Jam
545 2376 845 2430 Romanus
882 2372 1256 2445 imperatoris
1306 2372 1461 2428 ﬁlius
1516 2372 1774 2429 adultior
1819 2374 1969 2430 ferre

317 2484 432 2522 non
476 2469 700 2536 poterat
748 2480 779 2517 a
831 2466 993 2534 patre
1042 2463 1189 2517 337
1228 2479 1319 2518 res
1348 2462 1685 2533 gubernari,
1718 2462 1969 2535 ideoque

314 2572 447 2611 eum
479 2571 699 2609 veneno
752 2553 952 2609 tollere
1004 2552 1226 2619 statuit,
1282 2553 1515 2607 conscia
1564 2554 1739 2608 etiam
1790 2570 1967 2610 uxore

312 2662 421 2701 sua
451 2643 732 2713 cauponis
760 2641 898 2696 filia.
921 2646 1239 2713 Eapropter
1269 2658 1404 2696 cum
1435 2641 1606 2697 vellet
1634 2644 1964 2698 Constanti-

313 2751 427 2790 nus
457 2733 954 2788 medicamentum
989 2746 1246 2801 purgans
1276 2731 1495 2797 bibere,
1543 2730 1754 2787 lethale
1802 2749 1968 2788 vene-

317 2841 458 2879 num
522 2823 573 2877 ei
640 2826 881 2892 parant;
944 2820 1416 2891 persuadentque
1478 2820 1689 2875 Nicetaa
1748 2838 1964 2877 mensas

316 2912 667 2968 administro
699 2915 763 2964 ut
792 2908 849 2963 id
881 2909 1172 2963 infundat.
1208 2909 1531 2978 Imperator
1556 2925 1687 2963 cum
1731 2910 1856 2980 jam
1905 2912 1963 2966 id

314 3006 471 3057 esset
503 2997 1105 3069 hausturus,positum
1139 3002 1272 3052 ante
1303 3013 1499 3053 sacras
1529 2998 1965 3070 imagines,sive

318 3090 555 3146 fortuito
610 3089 731 3144 sive
787 3088 987 3142 dedita
1039 3103 1215 3156 opera
1292 3086 1515 3157 lapsus,
1575 3088 1764 3159 poculi
1835 3090 1964 3160 ejus

2080 488 2320 562 ἀσχέτου
2389 490 2652 562 ἀνακόψαι
2685 490 2885 565 ὁρμῆς,
2921 490 3145 565 στρατὸν
3174 491 3257 545 ’ὀτι
3289 489 3547 546 πλεῖστον
3596 491 3737 547 συλ-

2084 575 2238 649 λέξας
2293 575 2383 631 καὶ
2440 573 2635 632 στόλον
2695 578 3017 653 εὐτρεπίσας
3077 579 3179 634 οὐκ
3244 579 3432 655 ἀγεννῆ
3471 580 3738 654 ἐκπέμπει

2080 667 2214 721 κατὰ
2268 673 2367 735 τῆς
2422 668 2634 737 νήσου,
2692 668 2991 741 στρατηγὸν
3074 667 3371 739 ἐπιστήσας
3426 675 3543 731 τοῖς
3603 677 3734 725 πᾶσι

2083 761 2477 811 Κωνσταντῖνον
2523 756 2806 833 πατρίκιον
2878 757 2970 811 τὸν
3034 756 3354 833 Γογγύλην,
3435 757 3735 830 θηλυδρίαν

2080 842 2364 919 ἄνθρωπον
2408 846 2497 899 καὶ
2530 853 2829 924 σκιατραφῆ
2875 847 2966 901 καὶ
3014 846 3456 922 ἀπειροπόλεμον
3506 848 3596 902 καὶ
3642 847 3738 904 ἓτα

2078 938 2186 988 τῶν
2217 932 2267 987 ἐν
2299 937 2378 1005 τῷ
2407 932 2657 1007 παλατίῳ
2689 931 3127 1007 θαλαμηπόλωνο
3189 934 3245 997 6';
3299 938 3373 998 εἰς
3429 938 3529 1005 τὴν
3570 944 3734 1006 νῆσον

2082 1022 2402 1097 περαιωθεὶς
2447 1023 2535 1077 καὶ
2592 1021 2758 1096 μηδὲν
2826 1021 2975 1093 ἄξιον
3046 1021 3479 1097 διαπραξάμενος
3536 1047 3739 1102 στρατ-

2080 1117 2271 1187 τηγοῦ,
2336 1114 2476 1185 μήτο
2506 1110 2915 1187 στρατοπεδείαν
2970 1113 3276 1185 πηξάμενος
3306 1113 3544 1192 ἀσφαλῆ,
3597 1117 3740 1186 μήτε

2082 1199 2315 1261 σκοποὺς
2346 1198 2639 1270 ἐπιστήσας
2696 1200 2787 1255 καὶ
2834 1205 3203 1275 κατοπτῆρας,
3243 1205 3320 1275 [Ρ.
3354 1205 3483 1275 641]
3513 1203 3603 1257 καὶ
3664 1201 3738 1257 δι’

2082 1290 2258 1345 αὐτῶν
2318 1290 2414 1350 τὰς
2482 1284 2813 1364 βαρϐαρικὰς
2884 1288 3262 1367 φυλαξάμενος
3319 1288 3570 1368 ἐφόδους,
3620 1312 3739 1345 κιν-

2082 1377 2226 1450 δύνῳ
2258 1377 2498 1453 μεγίστῳ
2549 1377 2881 1453 περιπίπτει.
2915 1380 2982 1436 Οἱ
3011 1380 3112 1455 γὰρ
3144 1384 3407 1449 νησιῶται
3436 1381 3535 1449 τὴν
3585 1381 3740 1435 ἀπει-

2082 1466 2197 1542 ρίαν
2257 1468 2348 1523 καὶ
2405 1468 2503 1535 τὴν
2586 1466 2844 1540 ἀμέλειαν
2898 1467 3295 1537 κατανοηκότες
3354 1473 3452 1523 τοῦ
3511 1490 3741 1543 στρατη-

2081 1562 2205 1633 γοῦ,
2237 1557 2424 1631 καιρὸν
2478 1555 2901 1627 ἐπιζητήσαντες
2954 1554 3263 1627 ἐπιτήδειον
3316 1556 3565 1635 ἐξαίφνης
3617 1556 3741 1612 ἐπι-

2079 1647 2315 1701 τίθενται
2360 1650 2440 1717 τῷ
2485 1645 2867 1721 στρατεύματι,
2933 1646 3022 1700 καὶ
3076 1647 3365 1720 τρέπονται
3427 1647 3520 1719 μὶν
3570 1651 3735 1702 τοῦτο

2084 1734 2303 1810 ῥᾳδίως,
2335 1736 2407 1794 ὡς
2438 1733 2685 1797 πολλοὺς
2730 1738 2836 1789 τῶν
2882 1736 3173 1807 Ῥωμαίων
3227 1732 3586 1811 αἰχμαλωσίᾷ
3644 1736 3735 1790 καὶ

2080 1825 2255 1898 σιήρῳ
2303 1820 2735 1896 διαμερισθῆναι,
2787 1822 3055 1898 κατέσχον
3090 1821 3147 1878 δὲ
3184 1823 3273 1877 καὶ
3320 1824 3382 1878 τὸ
3434 1824 3732 1899 στρατόπε-

2079 1910 2167 1967 δον
2222 1911 2386 1979 αὐτὸ,
2445 1916 2553 1965 τῶν
2617 1912 2903 1983 Ῥωμαίων
2964 1911 3259 1987 αἰσχίστως
3312 1912 3732 1989 ἀποφυγόντων.

2078 2004 2292 2076 Μικροῦ
2324 1998 2369 2054 δ’
2401 2000 2460 2054 ἂν
2508 2000 2654 2054 ἐάΛω
2702 2000 2795 2055 καὶ
2825 2001 2853 2054 6
2896 1998 3224 2075 Γογγύλιος,
3258 1999 3303 2055 εί
3365 2002 3440 2073 μὴ
3470 2000 3733 2055 συνασπί-

2077 2110 2258 2151 σαντες
2316 2090 2367 2143 ot
2422 2089 2743 2165 θεράποντες
2798 2088 3142 2164 ἐξεῤῥύσαντο
3202 2089 3360 2144 αὺτὸν
3394 2097 3496 2159 τῆς
3554 2089 3736 2165 αἰχμ-

2076 2177 2333 2247 αλωσίας,
2388 2180 2476 2233 καὶ
2536 2177 2612 2240 εἷς
2668 2179 2770 2247 τὴν
2824 2177 3130 2253 ναυαρχίδα
3185 2173 3576 2251 ἐμϐιϐάσαντες
3621 2175 3736 2233 διε-

2078 2288 2338 2323 σωσαντο.

2145 2374 2427 2447 Ῥωμανὸς
2488 2370 2544 2428 δὲ
2588 2373 2616 2428 6
2672 2377 2770 2428 τοῦ
2825 2372 3094 2447 βασιλέως
3152 2372 3554 2431 Κωνσταντίνου
3611 2373 3735 2436 υίὸς

2073 2462 2404 2539 τελεωτέρας
2454 2460 2561 2533 ἤδη
2625 2462 2903 2536 ἁψάμενος
2961 2460 3206 2532 ἡλικίας,
3264 2462 3352 2517 καὶ
3416 2465 3491 2536 μὴ
3549 2464 3730 2538 φέρων

2076 2554 2203 2628 ὁρᾷν
2240 2554 2305 2607 τὰ
2361 2553 2651 2625 πράγματα
2706 2552 2808 2606 ὑπὸ
2858 2556 2955 2607 τοῦ
3002 2551 3207 2626 πατρὸς
3265 2551 3430 2606 αὐτοῦ
3484 2549 3729 2606 διοικού-

2078 2662 2211 2714 μενα
2242 2685 2256 2710 ,
2316 2640 2586 2717 φαρμάκῳ
2644 2638 2833 2695 τοῦτον
2895 2638 3140 2695 ἐκποδὼν
3196 2642 3525 2711 ποιήσασθαι
3578 2636 3729 2694 ἐϐου-

2075 2730 2325 2797 λεύσατο,
2385 2728 2587 2799 εἷδήσει
2638 2730 2727 2784 καὶ
2759 2737 2859 2799 τῆς
2909 2729 3073 2784 αὐτοῦ
3105 2734 3349 2804 γαμετῆς
3392 2736 3492 2799 τῆς
3542 2750 3726 2799 καπη-

2074 2818 2246 2884 λίδος.
2272 2818 2588 2881 Μέλλοντος
2620 2821 2723 2893 γὰρ
2754 2824 2850 2874 τοῦ
2906 2818 3310 2876 Κωνσταντίνου
3358 2821 3725 2893 καθαρτήριον

2072 2910 2225 2982 πόμα
2275 2905 2483 2978 λαϐεῖν,
2536 2909 2785 2970 λαθόντες
2833 2910 2989 2963 οὗτοι
3039 2906 3375 2982 δηλητήριον
3406 2907 3585 2981 τούτῳ
3614 2907 3731 2962 ἐκέ-

2076 3019 2261 3075 ρασαν,
2318 2998 2407 3052 καὶ
2486 3000 2723 3068 Νικήταν
2800 2998 2891 3052 τὸν
2953 2997 3037 3051 ἐπὶ
3096 3004 3196 3067 τῆς
3256 2996 3528 3073 τραπέζης
3584 3018 3727 3073 παρ⁶

2074 3089 2285 3143 ἑπεισαν
2320 3085 2508 3162 ἐγχέαι
2564 3091 2724 3140 τοῦτο
2779 3091 2861 3158 τῷ
2912 3085 3145 3161 βασιλεῖ.
3179 3085 3408 3141 Μέλκων
3443 3084 3499 3141 δὲ
3529 3085 3736 3149 ἐκεῖνος

314 3181 594 3248 majorem
665 3181 891 3249 partem
962 3175 1189 3245 effudit,
1241 3176 1551 3246 Reliquum
1603 3182 1841 3248 epotum
1890 3180 1963 3235 ob

2080 3176 2205 3231 αὐτὸ
2239 3171 2423 3230 λαϐεῖν
2455 3174 2704 3247 κείμενον
2734 3172 3041 3248 ἔμπροσθεν
3068 3179 3175 3229 τῶν
3231 3180 3440 3230 σεπτῶν
3485 3174 3735 3247 εἰκόνων,

315 3270 667 3342 paucitatem
697 3267 885 3322 visum
917 3270 1007 3321 est
1036 3283 1230 3321 carere
1261 3267 1627 3337 efﬁcacitate,
1662 3272 1719 3323 et
1752 3268 1964 3324 nihilo-

310 3360 509 3416 minus
541 3361 737 3414 tamen
772 3356 1191 3412 Constantinus
1222 3357 1383 3428 gravi
1427 3357 1631 3411 morbo
1683 3356 1965 3413 lateribus

306 3448 547 3504 tentatis
578 3465 611 3502 a
641 3462 860 3501 veneno
892 3462 1043 3517 agre
1072 3445 1273 3501 evasit.

2077 3263 2183 3319 εἴτε
2206 3264 2351 3339 τύχῃ
2385 3263 2490 3317 τινὶ
2544 3264 2650 3317 εἴτε
2693 3263 2782 3317 καὶ
2816 3263 3078 3325 ἑκουσίως
3110 3262 3408 3333 ὀλισθήσεις
3463 3264 3525 3317 τὸ
3566 3263 3737 3318 πλέον

2076 3353 2274 3429 ἐξέχεε.
2329 3354 2398 3407 Τὸ
2458 3350 2515 3406 δὲ
2574 3353 2768 3406 λοιπὸν
2821 3353 2983 3416 ποθὲν
3032 3352 3135 3407 ὑπὸ
3182 3356 3278 3406 τοῦ
3336 3353 3739 3407 Κωνσταντίνου

2078 3444 2238 3519 ἀργὸν
2278 3442 2444 3521 ἐφάνη
2492 3444 2582 3498 καὶ
2637 3441 2934 3519 ἄπρακτον,
2996 3440 3086 3498 διὰ
3143 3444 3240 3512 τήν
3304 3442 3607 3517 ὀλιγότητα
3637 3445 3740 3511 τῆν

307 3536 509 3592 οἰκείαν
542 3530 819 3590 ἆποϐαλὸν
858 3532 1145 3607 ἐνέργειαν.
1184 3532 1336 3600 ΙΙλήν
1384 3532 1473 3585 καὶ
1508 3530 1679 3593 οὕτως
1713 3534 1740 3586 6
1777 3535 2185 3596 Κωνσταντῖνος
2239 3532 2401 3606 μόλις
2430 3532 2804 3609 περιγενέσθαι
2828 3531 3081 3610 Ἷσχυσεν,
3122 3533 3519 3607 ἐπισκήψαντος
3550 3530 3615 3603 δὴ
3639 3537 3737 3587 τοῦ

307 3623 654 3700 δηλητηρίου
688 3622 741 3678 ἐν
768 3626 836 3696 τῇ
868 3621 1077 3693 πλευρᾷ
1108 3620 1271 3674 αὺτοῦ
1301 3620 1391 3674 καὶ
1422 3626 1601 3683 κακῶς
1637 3619 1953 3694 διαθεμένου
1984 3621 2168 3681 αὐτόν.

378 3737 542 3790 Anno
574 3733 807 3805 imperii
839 3730 1206 3788 Constantini
1243 3731 1328 3795 15,
1376 3730 1559 3785 mensi
1613 3732 1964 3803 Septembri,

303 3823 623 3879 indictione
666 3824 718 3889 3,
754 3838 906 3875 anno
967 3820 1172 3873 mundi
1204 3820 1366 3887 6568,
1402 3819 1697 3891 profectus
1730 3826 1819 3876 est
1849 3822 1965 3876 im-

301 3917 536 3986 perator
566 3913 638 3967 ad
674 3911 985 3984 Olympum
1020 3913 1299 3977 montem,
1333 3909 1390 3964 in
1426 3909 1702 3982 speciem,
1748 3917 1812 3967 ut
1863 3930 1964 3984 pa-

300 4008 458 4059 trum
492 4002 590 4075 qui
626 4001 700 4055 ibi
722 4000 996 4055 vivebant
1017 3998 1592 4069 comprecationibus
1615 4006 1878 4057 armatus
1902 4002 1961 4058 in

303 4094 529 4166 Syriam
561 4094 764 4146 contra
793 4089 1117 4143 Saracenos
1149 4088 1639 4159 proficisceretur,
1673 4104 1731 4143 re
1764 4095 1962 4145 autem

304 4183 455 4255 ipsa,
488 4185 554 4235 ut
585 4196 719 4235 cum
753 4177 1057 4233 Theodoro
1105 4176 1290 4248 Cyzici
1338 4176 1633 4248 episcopo,
1684 4178 1783 4248 qui
1834 4183 1962 4234 tum

304 4273 382 4328 ibi
416 4272 684 4343 degebat,
713 4269 783 4322 de
810 4266 1116 4337 Polyeucto
1144 4264 1470 4335 dejiciendo
1495 4266 1741 4322 consilia
1763 4267 1957 4324 iniret.

305 4362 441 4417 Inde
472 4361 590 4416 sive
622 4356 882 4429 corporis
915 4355 1204 4420 vitio,sivc
1236 4370 1441 4409 rursus
1490 4372 1523 4409 a
1573 4355 1690 4410 filio
1742 4356 1958 4426 petitus

2150 3737 2227 3788 ιε’.
2265 3729 2322 3786 δὲ
2361 3730 2550 3807 χρόνῳ
2604 3733 2701 3799 τῆς
2757 3730 2922 3785 αὐτοῦ
2978 3729 3279 3803 βασιλείας,
3335 3730 3471 3786 κατᾶ
3513 3731 3577 3785 τὸ
3631 3737 3736 3784 Σε-

2075 3816 2381 3895 πτέμϐριον
2420 3826 2567 3893 μῆνα
2594 3823 2693 3885 τῆς
2726 3820 2779 3896 γ’
2811 3817 3174 3885 ίνδικτιῶνος,
3226 3820 3275 3874 ἐν
3337 3814 3439 3874 ἔτει
3486 3824 3740 3891 κοσμικῷ

2074 3910 2254 3984 ,ςυξηζ
2311 3909 2469 3982 ἔξεισι
2528 3914 2927 3969 Κωνσταντῖνος
2986 3910 3013 3963 6
3078 3907 3330 3984 βασιλεὺς
3388 3907 3439 3962 ἐν
3496 3912 3575 3979 τῷ
3639 3912 3740 3963 τοῦ

2075 3998 2360 4072 Ὀλύμπου
2407 3994 2544 4073 ὄρει,
2573 4002 2651 4069 τῷ
2699 3997 2791 4069 μέν
2843 3994 3020 4052 δοκεῖν
3046 4002 3165 4059 ταῖς
3200 4000 3307 4051 τῶν
3361 3995 3532 4051 ἐκεῖσε
3563 3994 3738 4052 Πατέ-

2074 4108 2183 4162 ρωτ
2238 4088 2425 4163 εὐχαῖς
2465 4094 2867 4161 θωρακισθῆναι
2916 4087 3005 4140 καὶ
3057 4087 3173 4159 μετ’
3220 4086 3396 4141 αὐτῶν
3444 4087 3577 4140 κατᾶ
3626 4092 3733 4139 Σα-

2074 4181 2316 4252 ρακηνῶν
2368 4174 2427 4230 ἐκ
2486 4175 2657 4250 Συρίᾳ
2715 4174 3113 4251 ἐκστρατεῦσαι,
3192 4171 3389 4243 ἀληθεῖ
3455 4173 3512 4228 δὲ
3584 4172 3735 4248 λόγῳ

2072 4267 2333 4333 ἐνωθῆναι
2413 4261 2679 4337 Θεοδώρῳ
2735 4269 2815 4336 τῷ
2869 4270 2969 4334 τῆς
3030 4262 3260 4332 Κυζίκου
3326 4260 3731 4338 προεδρεύοντι,

2071 4353 2240 4409 ἐκεῖσε
2285 4352 2409 4408 τότε
2450 4353 2544 4415 τὰς
2609 4348 2888 4429 διατριϐὰς
2928 4353 3275 4425 ποιουμένῳ,
3334 4352 3423 4406 καὶ
3482 4352 3597 4424 μετ’
3642 4351 3730 4420 αὖ,

300 4466 541 4517 veneno,
576 4446 878 4503 doloribus
911 4447 1214 4513 correptus
1237 4441 1530 4509 discessit,
1555 4447 1612 4498 et
1642 4445 1751 4498 sub
1785 4444 1959 4501 finem

2080 4448 2163 4498 τοῦ
2196 4443 2319 4518 περὶ
2376 4449 2475 4512 τῆς
2522 4443 2883 4518 καθαιρέσεως
2940 4446 3036 4495 τοῦ
3095 4439 3445 4496 Πολυεύκτου
3493 4438 3729 4515 βουλεύ-

2182 4542 2194 4546 Α
2356 4532 2413 4546 οη
2479 4535 2502 4546 υ
2706 4535 2730 4544 η’
2944 4529 2955 4546 1
3277 4526 3301 4546 εν
3700 4531 3726 4542 ~

299 4538 565 4595 Octobris
588 4538 645 4592 in
673 4535 876 4591 lectica
902 4533 1102 4603 Cpolin
1128 4536 1458 4603 reportatus
1481 4536 1591 4601 est,
1610 4549 1676 4587 ac
1698 4533 1961 4590 consiliis

301 4629 425 4683 suis
452 4629 669 4683 exitum
694 4624 921 4678 nullum
938 4620 1269 4677 consecutis
1288 4626 1739 4691 mortuus,nona
1757 4622 1963 4679 dieNo-

302 4715 724 4781 vembris,vixit
742 4729 929 4768 annos
946 4710 1379 4781 quinquaginta
1398 4715 1650 4780 quatuor
1663 4715 1718 4766 et
1732 4728 1963 4768 menses

300 4808 438 4873 duo,
465 4803 796 4877 imperavit,
832 4800 985 4856 338
1015 4798 1255 4870 collegis
1289 4808 1469 4871 patre,
1502 4799 1826 4857 Alexandro
1860 4818 1959 4873 pa-

297 4902 430 4950 truo
452 4900 509 4949 et
530 4899 714 4949 matre
738 4908 865 4954 sua,
890 4904 1075 4944 annos
1108 4886 1411 4953 tredecim,
1445 4904 1653 4943 rursus
1684 4906 1817 4945 cum
1850 4894 1959 4945 Ro-

299 5001 473 5040 mano
498 4984 718 5054 injuste
741 4978 1053 5050 imperium
1082 4977 1290 5048 adepto
1314 4993 1499 5031 annos
1520 4976 1727 5048 viginti
1761 4995 1881 5046 sex,
1906 4983 1965 5034 et

301 5074 401 5129 illo
424 5074 697 5129 submoto
712 5085 899 5125 annos
914 5065 1561 5139 quindecim.Sepultus
1576 5068 1849 5138 estjuxta
1867 5085 1963 5140 pa-

300 5169 448 5219 trem
467 5159 755 5217 suum.Ad
776 5162 1101 5212 extremum
1123 5171 1310 5226 usque
1330 5154 1607 5225 spiritum
1627 5158 1966 5212 succensuit

305 5251 629 5325 Polyeucto,
656 5254 711 5304 et
733 5248 863 5316 ejus
887 5244 1311 5315 depositionem
1338 5244 1536 5297 animo
1559 5244 1818 5313 agitavit.
1847 5245 1963 5299 Ali-

302 5346 772 5414 quotantequam
792 5337 1117 5389 moreretur
1131 5332 1810 5403 diebus,postvesperam
1827 5334 1969 5405 lapi-

302 5434 404 5488 des
420 5431 490 5485 de
506 5425 744 5484 sublimi
759 5422 1067 5479 confertim
1086 5422 1145 5475 in
1169 5419 1358 5491 ipsius
1380 5420 1619 5475 domum
1638 5421 1963 5479 vehementi

300 5538 437 5578 cum
468 5519 694 5589 impetu
718 5513 965 5584 conjecti
992 5513 1292 5583 ingentem
1317 5508 1630 5566 ediderunt
1652 5512 1963 5584 fragorem.

305 5613 461 5676 Quos
492 5604 914 5664 Constantinus
950 5606 1167 5674 putans
1199 5617 1232 5655 a
1263 5598 1583 5655 cmuaculis
1631 5601 1969 5673 Magnauraa

2071 4542 2282 4595 σασοαι.
2356 4532 2561 4587 Ἐκεῖσε
2635 4535 2765 4605 γοῦν
2838 4529 3155 4605 γενόμενος,
3247 4526 3355 4583 εἷ’τε
3440 4531 3731 4601 σωματικῇ

2073 4618 2435 4693 πλημμελείᾳ
2494 4616 2597 4673 εἷίιτε
2653 4617 2821 4673 πάλιν
2853 4618 2957 4673 ὑπὸ
2992 4623 3088 4672 τοῦ
3120 4616 3314 4681 παιδὸς
3361 4615 3730 4692 φαρμαχθείς,

2076 4706 2420 4782 ὀδυνώμενος
2456 4708 2797 4783 ἀνεχώρησε,
2856 4706 3186 4778 κλινοπετής
3244 4728 3302 4761 τε
3358 4707 3493 4760 κατά
3548 4705 3608 4760 τὸ
3654 4707 3735 4760 τέο

2075 4796 2171 4861 λος
2230 4803 2324 4852 τοῦ
2382 4792 2714 4872 Ὀκτωϐρίου
2763 4798 2861 4865 τῆν
2920 4793 3174 4872 βασιλίδα
3204 4790 3493 4867 κατέλαϐε,
3543 4794 3633 4849 καὶ

2077 4897 2117 4953 θ’
2170 4893 2265 4944 τοῦ
2325 4883 2633 4963 Νοεμϐρίου
2680 4886 2847 4960 μηνὸς
2903 4885 3149 4957 τελευτᾷ,
3211 4887 3459 4961 ἄπρακτα
3516 4886 3581 4939 τὰ
3644 4885 3735 4960 βε-

2075 4972 2417 5051 ϐουλευμένα
2448 4975 2649 5047 λιπὼν,
2686 4976 2849 5043 ζήσας
2883 4974 3089 5028 ἅπαντα
3127 4974 3219 5028 τὸν
3260 4981 3360 5043 τῆς
3426 4979 3572 5043 ζωῆς
3631 4972 3732 5027 αύ-

2073 5072 2170 5123 τοῦ
2200 5066 2400 5144 ’χρόνον
2434 5062 2525 5136 ἔτη
2558 5062 2633 5119 νδ⁹
2681 5064 2769 5118 καὶ
2809 5069 2982 5136 μῆνας
3018 5063 3083 5138 β’,
3144 5060 3579 5135 συμϐασιλεύσας
3633 5062 3730 5135 μὲν

2072 5162 2154 5229 τῷ
2200 5156 2361 5231 πατρὶ
2411 5156 2501 5209 καὶ
2546 5149 2897 5225 ῨΑλεξάνδρῳ
2927 5157 3004 5225 τῷ
3035 5152 3159 5225 θείῳ
3202 5152 3291 5207 καὶ
3320 5155 3388 5225 τῇ
3422 5150 3586 5205 αὐτοῦ
3620 5173 3727 5224 μη-

2073 5245 2159 5321 τρὶ
2194 5244 2286 5314 ἔτη
2324 5246 2409 5319 ιγ’,
2451 5244 2604 5306 αὖθις
2652 5238 2709 5296 δὲ
2757 5244 2836 5311 τῷ
2883 5242 3151 5314 Ῥωμανῴ
3196 5243 3583 5315 τυραννήσαντι
3633 5237 3727 5309 ἔτη

2076 5336 2178 5401 κς’,
2232 5334 2320 5387 καὶ
2373 5332 2506 5405 μετὰ
2554 5333 2653 5399 τὴν
2688 5328 2908 5384 ἐκείνου
2954 5338 3054 5399 τῆς
3130 5328 3407 5405 βασιλείας
3462 5327 3729 5383 ἔκπτωσιν

2084 5423 2493 5498 μονοκρατήσας
2560 5419 2653 5491 ἔτη
2706 5426 2785 5476 ιε’.
2840 5420 3103 5475 Θάπτεται
3162 5417 3219 5474 δέ
3277 5419 3450 5473 θανὼν
3512 5417 3604 5471 σὺν
3654 5422 3734 5490 τῷ

2079 5510 2266 5583 οἴκείῳ
2313 5510 2496 5585 πατρὶ,
2565 5508 2729 5585 μέχρι
2789 5506 3099 5570 τελευταίας
3157 5509 3429 5578 ἀναπνοῆς
3492 5506 3731 5582 ἐγκοτῶν

2077 5606 2160 5673 τῷ
2229 5598 2555 5673 Πολυεύκτῳ
2596 5600 2685 5654 καὶ
2729 5599 2829 5668 τὴν
2893 5595 3056 5653 αὐτοῦ
3115 5598 3417 5674 καθαίρεσιν
3473 5595 3735 5677 φανταζό-
