4026 6210
260 308 340 366 73
1414 305 1964 369 HISTORIARUM
2009 309 2562 373 COMPENDIUM.
3089 271 3092 278 ’
3619 319 3699 378 τι
3741 354 3744 356 -

266 459 442 510 μενος.
501 439 615 513 Πρὸ
670 436 730 494 δὶ
776 460 945 494 τινων
1000 441 1223 516 ἡμερῶν
1276 444 1378 508 τῆς
1427 437 1590 494 αὐτοῦ
1643 435 1920 507 τελευτῆς,

2041 441 2273 511 deferri,
2309 459 2412 515 per
2440 444 2669 515 aliquot
2696 449 2897 502 noctes
2950 449 3224 504 custodes
3273 448 3598 515 collocavit,
3651 450 3703 506 si

265 528 354 582 ἐπί
406 549 526 581 τινα
582 530 788 603 χρόνον
841 530 1062 605 συχνὸν,
1119 530 1347 604 ἑσπέρας
1394 523 1928 600 καταλαμϐανούσης

265 618 414 673 λίθοι
450 619 653 680 ἄνωθεν
701 617 1108 690 ἐκπεμπόμενοι
1155 617 1243 672 καὶ
1285 617 1433 680 ἐντὸς
1459 623 1565 672 τῶν
1599 616 1763 671 αὐτοῦ
1795 614 1930 670 διαι-

264 707 529 778 τημάτων
568 708 659 760 σὺν
695 705 895 779 πολλῳ
949 707 1117 782 ῥοίζῳ
1167 708 1458 769 πίπτοντες
1513 707 1778 777 ἐξαισίους
1827 707 1928 760 ἀπ-

266 795 487 850 ετέλουν
534 796 796 858 κτύπους.
856 799 939 864 [Ρ.
1000 799 1126 870 642]
1186 797 1348 866 Δοξας
1406 793 1452 850 δ’
1503 797 1607 850 ἀπὸ
1663 801 1770 849 τῶν
1827 803 1926 865 τῆς

2041 547 2214 602 quem
2266 549 2470 587 eorum
2528 550 2703 604 opera
2754 535 3194 605 deprehendere
3227 542 3421 608 posset
3449 539 3562 594 ista
3593 557 3696 594 au-

2039 636 2171 674 sum
2202 621 2308 676 Sed
2345 622 2652 694 ignorabat
2686 624 2907 679 frustra
2939 642 3001 678 se
3033 625 3456 690 laborare,cum
3489 627 3544 682 id
3578 645 3696 684 non

2040 711 2110 764 ab
2157 709 2520 781 hominibus,
2573 713 2671 767 sed
2723 713 3068 770 sublimiore
3121 714 3318 786 aliqua
3372 716 3694 786 profectum

2039 798 2209 853 fuerit
2247 805 2552 870 potestate.

267 885 586 960 Μαγναύρας
619 886 880 960 ὑπερῴων
940 885 1165 947 τούτους
1224 887 1471 963 φέρεσθαι
1533 883 1776 963 φύλακας
1835 883 1920 938 ἐπὶ
1971 882 2210 947 πολλαῖς
2271 887 2410 959 νυξὶν
2465 888 2758 966 ἀφώρισεν,
2811 894 2860 943 εἷ
2911 890 3015 944 πού
3049 910 3170 944 τινα
3203 885 3345 964 λαϐῇ
3377 896 3483 946 τῶν
3533 897 3694 948 τοῦτο

263 972 626 1046 τολμώντων.
688 972 848 1030 Ἀλλ’
912 971 1072 1029 ἔλαθε
1133 996 1304 1048 ματην
1363 979 1591 1029 πονῶν’

265 1062 472 1135 λούμεν
481 1085 539 1117 ον
577 1060 877 1136 δυνάμεως.

331 1154 718 1216 Meus-tivth
779 1151 837 1208 δὲ
883 1157 980 1207 τοῦ
1034 1154 1444 1209 Κωνστακτίνου
1493 1153 1585 1208 καὶ
1638 1153 1774 1225 πρὸς
1821 1154 1919 1220 τήν

261 1241 462 1304 ἐκεῖθεν
524 1239 809 1303 διαὸαντος
867 1244 1212 1310 κατάστασιν,
1288 1244 1568 1316 Ῥωμανὸς
1643 1244 1670 1296 ὁ
1727 1242 1922 1297 τούτου

262 1332 374 1391 υἱὸς
434 1330 707 1404 ἐγκρατὴς
760 1332 968 1405 γίνεται
998 1337 1095 1400 τῆς
1119 1331 1321 1407 ἀρχῆς.
1356 1333 1457 1389 Καὶ
1491 1330 1761 1408 ἄρχοντας
1781 1351 1920 1406 προ-

261 1415 617 1490 εαλλύμενος
676 1419 957 1482 εὐνοϊκοὺς
1016 1420 1160 1492 αύτῷ
1216 1423 1305 1476 καὶ
1358 1422 1645 1496 θυμήρεις,
1678 1420 1766 1474 καὶ
1819 1421 1917 1488 τήν

262 1507 548 1582 βασιλείαν
601 1509 676 1571 ὡς
731 1508 855 1578 ἐνῆν
909 1510 1325 1584 κρατυνάμενος.
1390 1510 1524 1565 κατὰ
1576 1511 1677 1578 τήν
1730 1509 1922 1582 ἑορτὴν

258 1603 354 1652 τοῦ
387 1600 587 1672 Πάσχα
639 1602 739 1665 τῆς
792 1597 957 1667 αὐτῆς
1001 1607 1046 1674 γ’
1095 1598 1433 1660 ἷνδικτιῶνος
1490 1600 1668 1668 στέφει
1709 1599 1922 1652 καὶτὸν

259 1689 373 1740 υἱὸν
407 1687 578 1741 αὐτοῦ
615 1685 865 1762 βασιλέα,
901 1685 989 1742 διὰ
1038 1693 1144 1742 τῶν
1197 1692 1401 1763 χειρῶν
1451 1687 1796 1743 Πολυεύκτου
1824 1691 1920 1740 τοῦ

257 1778 632 1852 πατριάρχου,
665 1776 718 1831 ἐν
749 1781 818 1849 τῇ
874 1777 1098 1852 Μεγάλῃ
1153 1775 1473 1847 Ἐκκλησία.
1508 1779 1602 1848 Τῷ
1635 1773 1679 1829 δ’
1712 1775 1918 1830 ἐπιόντι

253 1863 355 1920 ἔτει
411 1867 652 1920 τίκτεται
710 1865 876 1921 πάλιν
930 1866 1078 1937 αύτῷ
1128 1862 1317 1941 ἔτερος
1373 1866 1487 1926 υἱὸς
1549 1865 1600 1919 ἐν
1647 1870 1765 1926 τοῖς
1813 1869 1921 1918 τῶν

256 1960 455 2028 Πηγῶν
513 1955 829 2022 παλατίοις,
891 1955 948 2009 ’ὃν
1013 1955 1096 2009 ἐπὶ
1171 1959 1251 2025 τῷ
1310 1955 1472 2027 πατρὶ
1521 1959 1916 2008 Κωνσταντῖνον

1651 973 1716 1041 ἦν
1771 974 1870 1047 γὰρ
1926 976 1989 1030 τὸ
2048 975 2338 1050 γινόμενον
2397 977 2495 1030 οὐκ
2553 977 2602 1050 ἐξ
2658 979 2956 1052 ἀνθρώπων
3017 977 3141 1034 ἀλλ’
3187 978 3236 1049 ἐξ
3269 981 3562 1058 ὑπερτέρας
3608 1004 3698 1038 τε-

2113 1157 2428 1228 Postquam
2489 1174 2557 1212 ex
2605 1157 2712 1212 hac
2759 1158 2878 1213 vita
2924 1159 3196 1228 migravit
3243 1162 3689 1232 Constantinus,

2037 1245 2192 1301 ﬁlius
2214 1248 2340 1315 ejus
2365 1246 2661 1300 Romanus
2683 1246 2996 1316 imperium
3022 1248 3358 1318 capessit.Is
3380 1251 3696 1322 magistra-

2034 1335 2192 1390 tibus
2223 1335 2334 1389 sibi
2367 1334 2665 1390 benevolis
2693 1340 2864 1406 atque
2897 1338 3148 1407 acceptis
3175 1339 3532 1409 constitutis,
3554 1357 3692 1395 con-

2034 1425 2264 1479 firmato
2301 1429 2364 1478 ut
2389 1441 2482 1478 res
2514 1424 2738 1479 ferebat
2768 1424 3036 1494 imperio,
3070 1426 3270 1481 eadem
3309 1427 3480 1482 tertia
3531 1428 3691 1483 indi-

2033 1514 2243 1580 ctione,
2293 1514 2437 1568 festo
2486 1513 2788 1568 Paschatis
2832 1513 2948 1580 die,
2982 1513 3099 1569 ﬁlio
3131 1532 3236 1570 suo
3268 1531 3540 1572 coronam
3575 1517 3687 1572 im-

2033 1601 2384 1674 peratoriam
2414 1619 2588 1674 opera
2619 1602 2911 1674 Polyeucti
2945 1603 3289 1674 patriarchas
3317 1604 3571 1676 imponit
3625 1607 3683 1660 in

2031 1697 2236 1763 Magno
2265 1691 2872 1763 Templo.lnsequenti
2901 1709 3054 1748 anno
3087 1709 3319 1748 rursum
3348 1694 3398 1748 ei
3432 1695 3590 1750 filius
3620 1696 3680 1750 in

2032 1783 2292 1836 Fontano
2325 1782 2477 1836 339
2510 1781 2728 1852 palatio
2759 1782 3041 1851 nascitur,
3073 1797 3247 1853 quem
3281 1799 3312 1836 a
3341 1787 3506 1854 patre
3533 1787 3684 1840 Con-

2030 1875 2360 1926 stantinum
2396 1869 2740 1925 nominavit.
2774 1874 3054 1925 Caeterum
3086 1870 3407 1941 imperator
3449 1873 3685 1942 juvenis

2027 1959 2428 2031 voluptatibus
2488 1959 2740 2024 deditus,
2789 1976 2989 2014 curam
3045 1959 3377 2030 reipublicaa
3424 1961 3680 2034 Josepho

253 2044 532 2117 ὠνόμασε.
571 2046 705 2106 Νέος
730 2042 776 2098 δ’
826 2042 898 2098 ὢν
941 2043 1030 2098 καὶ
1081 2043 1390 2107 εὐπαθείαις
1438 2044 1622 2098 ἑαυτὸν
1657 2041 1915 2098 ἐπιδεδω-

2034 2050 2305 2121 primario
2335 2066 2443 2104 suo
2475 2048 2835 2104 cubiculario
2865 2054 3250 2120 cognomento
3271 2050 3496 2123 Brings:
3527 2068 3684 2108 com-

255 2136 363 2196 κὼς
397 2135 494 2194 τὰς
526 2139 636 2188 τῶν
689 2131 833 2188 ὅλων
894 2131 1185 2210 φροντίδας
1247 2133 1448 2210 Ἰωσὴφ
1509 2132 1800 2208 ἐνεχείρισε
1831 2137 1910 2204 τῷ

252 2223 601 2298 πραιποσίτῳ
648 2223 737 2278 καὶ
791 2223 1295 2298 παρακοιμωμένῳ,
1328 2224 1373 2295 ᾦ
1425 2222 1644 2298 βρίγγας
1696 2225 1730 2291 ἡ
1774 2221 1909 2277 ἐπω-

249 2314 437 2384 νυμία.
479 2312 653 2373 Αὐτός
679 2310 736 2367 δὲ
767 2310 922 2367 οὐδὲν
972 2309 1114 2366 ἄλλο
1162 2310 1250 2366 διὰ
1298 2308 1580 2389 φροντίδος
1615 2308 1815 2386 εἶχενῆ
1848 2310 1910 2364 τὸ

255 2405 366 2473 μεθ’
407 2401 796 2476 ἡταιρηκότων
843 2401 932 2455 καὶ
990 2399 1240 2475 βεδήλων
1293 2399 1622 2475 ἀνδραρίων,
1673 2399 1763 2454 καὶ
1809 2421 1909 2473 μα-

251 2489 502 2566 χλεὶδων,
535 2491 627 2545 καὶ
665 2491 870 2562 μίμων,
905 2491 998 2544 καὶ
1029 2489 1420 2566 γελωτοποιῶν
1467 2491 1560 2552 τὰς
1594 2486 1910 2563 ἐκδεδιῃτη-

255 2583 414 2652 μένας
482 2578 838 2653 μεταδιώκειν
895 2585 1004 2634 τῶν
1074 2579 1340 2651 πράξεων.
1390 2579 1581 2636 Τοίνυν
1648 2579 1740 2632 καὶ
1781 2577 1917 2647 κλη-

253 2667 400 2745 ρικὸν
432 2690 557 2722 τινα
614 2670 862 2737 Ἰωάννην
916 2667 1177 2740 ἐκτομίαν
1241 2663 1390 2734 ὄντα,
1452 2665 1541 2722 διά
1589 2687 1741 2728 τινας
1797 2666 1913 2720 ἀσέ-

261 2781 425 2831 μνους
460 2759 682 2832 πράξεις
727 2759 828 2812 ὑπὸ
877 2758 1282 2812 Κωνσταντίνου
1326 2761 1423 2811 τοῦ
1461 2757 1727 2820 βασιλέως
1760 2756 1909 2810 ἀπει-

258 2848 515 2920 ληθέντα,
549 2849 639 2901 καὶ
675 2849 972 2922 μοναχικὸν
1005 2845 1414 2924 ἀμφιασάμενον
1442 2847 1652 2921 σχήμα.
1689 2845 1775 2899 καὶ
1821 2851 1912 2917 μέ-

259 2959 352 3014 χρι
386 2945 490 3006 τῆς
552 2936 756 2991 ἐκείνου
813 2935 1188 3010 κρυπτόμενον
1246 2933 1526 3004 τελευτῆς,
1559 2936 1635 2995 ὡς
1673 2932 1780 3004 ἤδη
1817 2933 1914 2988 ἐπ-

264 3023 492 3082 ελάϐετο
521 3033 622 3095 τῆς
655 3025 858 3101 ἀρχῆς,
884 3029 983 3080 τοῦ
1008 3028 1116 3079 τῶν
1153 3028 1411 3100 μοναχῶν
1459 3021 1730 3085 ἀποδύσας
1769 3025 1914 3098 σχή-

264 3139 431 3189 ματος
461 3116 555 3170 καὶ
589 3116 654 3169 τὰ
711 3121 819 3170 τῶν
877 3113 1162 3188 κληρικῶν
1218 3115 1590 3190 μεταμφιάσας
1629 3118 1748 3174 τοῖς
1799 3113 1915 3167 tuu-

259 3211 353 3260 τοῦ
413 3203 844 3277 θαλαμηπόλοις
899 3203 1168 3273 κατέταξε.
1228 3201 1414 3272 Ζήλου
1477 3199 1534 3256 δὲ
1589 3201 1854 3271 πλησθεὶς
1887 3203 1913 3254 ὁ

261 3293 610 3355 Πολύευκτος
659 3293 834 3356 πολὺς
892 3293 959 3361 ἧν
1036 3290 1343 3366 ἐγκείμενος
1419 3290 1507 3344 καὶ
1562 3295 1642 3362 τῷ
1703 3289 1917 3366 βασιλεῖ

2021 2138 2358 2210 misitzipse
2388 2138 2447 2192 in
2481 2137 2656 2193 aliam
2692 2137 2914 2193 nullam
2949 2154 3069 2194 rem
3104 2139 3375 2194 incubuit
3404 2157 3578 2211 quam
3613 2146 3676 2196 ut

2020 2243 2152 2282 cum
2185 2227 2427 2282 exoletis
2451 2245 2516 2282 ac
2564 2227 2816 2300 impuris
2866 2227 3388 2295 homuncionibus,
3438 2231 3672 2299 scortis,

2020 2315 2219 2370 mimis
2243 2320 2416 2385 atque
2437 2317 2863 2386 scurris,vitam
2892 2317 3244 2389 transigeret
3263 2317 3675 2374 infamem.Ea-

2021 2409 2258 2476 propter
2294 2404 2578 2460 Joannem
2631 2407 2947 2476 quemdam
2999 2406 3274 2462 clericum
3325 2408 3671 2478 spadonem,

2022 2509 2195 2565 quem
2256 2494 2328 2548 ob
2377 2493 2574 2565 turpia
2622 2494 2890 2565 quadam
2941 2496 3201 2551 facinora
3251 2497 3676 2551 Constantinus

2021 2584 2342 2654 imperator
2373 2583 2743 2654 proturbaret
2799 2588 2856 2638 et
2913 2585 3269 2640 monachum
3330 2586 3563 2651 fecerat,
3622 2590 3679 2641 et

2023 2672 2122 2743 qui
2154 2689 2341 2742 usque
2373 2672 2444 2727 ad
2472 2673 2600 2742 ejus
2629 2677 2879 2728 mortem
2913 2673 3150 2728 abditus
3182 2673 3456 2745 latuerat,
3486 2674 3675 2747 impe-

2023 2761 2108 2815 rio
2141 2761 2362 2830 potitus
2407 2761 2677 2815 monachi
2731 2761 2936 2816 habitu
2986 2763 3164 2832 exuit,
3216 2762 3524 2834 clericique
3552 2763 3680 2819 red-

2024 2848 2145 2902 dito
2179 2847 2394 2902 amictu
2426 2848 2580 2903 inter
2610 2864 2749 2902 suos
2780 2849 3000 2920 recepit
3027 2848 3444 2904 cubicularios.
3479 2854 3554 2903 At
3581 2850 3682 2904 Po-

2022 2935 2311 3008 lyeuctus,
2337 2937 2504 3006 justa
2535 2936 2940 3007 indignatione
2970 2939 3259 3007 concitus,
3309 2937 3682 2992 vehementer

2022 3025 2435 3096 imperatorem
2472 3026 2808 3095 urgebat,ut
2838 3043 2945 3080 sua
2974 3026 3198 3081 familia
3227 3027 3461 3097 ejiceret
3489 3027 3681 3082 homi-

2024 3130 2156 3168 nem
2191 3113 2288 3182 qui
2315 3118 2512 3168 votum
2548 3116 2939 3169 monastieum
2974 3118 3280 3184 ejurasset.
3313 3117 3529 3171 Tamen
3563 3116 3680 3170 im-

2025 3208 2287 3274 peratore
2355 3208 2690 3264 excusante.
2742 3204 2896 3273 quod
2967 3212 3205 3275 negaret
3271 3221 3402 3260 eum
3477 3221 3682 3259 revera

2026 3290 2297 3345 monachi
2328 3290 2692 3345 conditiones
2723 3290 3056 3362 amplexum
3091 3297 3191 3346 aut
3220 3291 3303 3346 illi
3336 3294 3531 3364 generi
3555 3293 3685 3348 vitae

257 3381 626 3458 παρενοχλῶν
682 3389 784 3450 τῆς
853 3383 1045 3436 ἑαυτοῦ
1100 3380 1380 3455 θεραπείας
1435 3383 1627 3434 τοῦτον
1687 3379 1911 3432 ἀπώσα-

2034 3381 2099 3434 ab
2150 3379 2268 3434 ullo
2319 3379 2619 3434 sacerdote
2664 3379 2815 3433 votis
2862 3385 3269 3434 consecratum
3322 3381 3526 3449 fuisse,
3579 3381 3680 3436 sed

255 3487 373 3537 σθαι
437 3474 516 3533 ὡς
573 3471 967 3542 ἐξομοσάμενον
1043 3470 1105 3523 τὸ
1165 3474 1272 3523 τῶν
1354 3467 1694 3541 μοναζόντων
1748 3467 1913 3540 ἐπάγ-

251 3563 456 3636 γελμα.
520 3561 757 3618 Ἐκείνου
790 3557 848 3613 δὲ
890 3558 1350 3632 παραιτουμένου,
1400 3558 1487 3610 καὶ
1525 3558 1600 3629 μή
1632 3561 1750 3616 ταῖς
1781 3556 1916 3625 ἀλη-

253 3653 426 3714 θείαις
460 3650 763 3726 φάσκοντος
819 3645 1130 3710 ἐνδεδύσθαι
1180 3650 1370 3701 τοῦτον
1425 3646 1487 3699 τὸ
1540 3643 1798 3721 σχῆμαῆ
1832 3644 1914 3699 εύ-

256 3742 368 3814 χήν
397 3739 550 3813 παρά
591 3759 739 3800 τινος
794 3742 902 3790 τῶν
959 3735 1147 3810 ἱερέων
1210 3729 1395 3790 λαϐεῖν
1441 3737 1542 3806 (3),
1571 3733 1717 3789 ἀλλὰ
1753 3734 1916 3806 μόνον

260 3828 656 3903 ὑποκρίνασθαι
684 3827 775 3880 τὸν
833 3821 1040 3898 μονάδα
1103 3823 1217 3898 βίον
1274 3820 1362 3878 διὰ
1390 3824 1482 3877 τὸν
1523 3828 1618 3877 τοῦ
1654 3823 1921 3898 βασιλέως

262 3913 460 3991 στίϐον,
544 3914 897 3985 ἐξαπατηθεὶς
982 3913 1010 3966 ὁ
1094 3911 1435 3973 Πολύευκτος
1509 3912 1683 3987 ἀφῆκε
1729 3915 1919 3965 τοῦτον

2027 3473 2257 3523 tantum
2291 3468 2405 3523 ista
2437 3472 2595 3522 metu
2623 3467 2999 3538 imperatoris
3027 3466 3364 3532 simulasse,
3401 3467 3684 3538 deceptus

2027 3573 2160 3612 eum
2195 3558 2440 3612 missum
2494 3555 2650 3622 fecit,
2699 3555 2952 3626 Josepho
3001 3555 3175 3610 etiam
3231 3554 3573 3627 diligentem
3625 3556 3684 3608 in

2027 3646 2136 3701 hac
2168 3663 2227 3701 re
2261 3650 2506 3701 navante
2537 3661 2797 3716 operam.
2833 3645 2916 3699 lta
2944 3645 3201 3700 Joannes
3231 3643 3331 3700 ille
3375 3661 3562 3716 usque
3613 3647 3680 3698 ad

2031 3743 2280 3789 mortem
2331 3733 2576 3788 Romani
2621 3733 2920 3803 profanam
2975 3750 3120 3789 novo
3174 3733 3449 3789 instituto
3501 3734 3685 3788 vitam

2033 3826 2216 3894 exegit
2251 3839 2265 3876 :
2301 3828 2532 3876 mortuo
2565 3837 2653 3888 eo,
2688 3839 2892 3876 rursus
2925 3823 3251 3878 monastico
3301 3821 3531 3878 velatus
3583 3822 3686 3877 ha-

2033 3912 2183 3977 bitu,
2207 3911 2472 3966 animum
2504 3915 2698 3965 tamen
2733 3927 2847 3965 non
2881 3911 3144 3966 mutavit.

264 4004 456 4061 πολλὰ
487 4003 576 4058 καὶ
627 4007 724 4057 τοῦ
773 4003 978 4078 Ἰωσὴφ
1021 3998 1444 4061 σπουδάσαννος.
1498 3999 1600 4057 Καὶ
1651 3997 1810 4074 διῆγε
1871 4019 2038 4074 μεχρι
2093 4005 2194 4068 τῆς
2251 3997 2509 4067 τελευτῆς
2555 3997 2836 4069 Ῥωμανοῢ
2883 4003 3166 4070 κοσμικῶς
3229 4002 3333 4067 ζῶν
3393 3998 3482 4053 καὶ
3547 4019 3688 4052 νεω-

263 4099 544 4169 τερικῶςο
578 4091 783 4148 ἐκείνου
839 4088 896 4146 δὲ
951 4089 1376 4161 τελευτήσαντος
1433 4091 1494 4144 τὸ
1556 4090 1651 4162 μὲν
1710 4095 1906 4164 σχῆμα
1969 4092 2076 4143 τῶν
2157 4090 2436 4161 μοναστῶν
2517 4083 2868 4160 ἀμφιέννυται
2925 4085 3095 4156 αὖθις,
3151 4090 3252 4156 τὴν
3315 4085 3373 4142 δέ
3429 4107 3488 4163 γε
3542 4087 3686 4166 γνώ-

269 4207 380 4255 μην
411 4182 575 4237 αὐτού
609 4181 709 4235 ούκ
735 4178 1036 4250 ἠλλοίωσε.

333 4273 527 4342 Τούτῳ
557 4275 638 4342 τῷ
676 4267 781 4324 ἔτει
832 4267 1146 4344 Νικηφόρον
1211 4268 1499 4341 μάγιστρον
1552 4267 1643 4320 τὸν
1700 4271 1919 4333 Φωκᾶν,

266 4360 588 4434 δριμίστικον
662 4356 770 4428 ἤδη
831 4351 1286 4427 προϐεϐλημένον
1374 4361 1479 4410 τῶν
1549 4354 1770 4430 σχολῶν
1821 4361 1922 4424 τῆς

269 4449 572 4516 ’.ὶνατολῆς
633 4449 780 4520 παρᾶ
836 4445 1252 4501 Κωνσταντίνου
1329 4450 1424 4499 τοῦ
1486 4444 1774 4518 βασιλέως,
1833 4443 1922 4497 καὶ

269 4538 456 4593 πολλὰ
513 4536 748 4610 τρόπαια
805 4537 1075 4604 στήσαντα
1135 4533 1270 4588 κατὰ
1327 4538 1435 4586 τῶν
1479 4534 1626 4604 ἑῴων
1673 4539 1921 4607 Σαρακη-

269 4635 397 4695 νῶν,
429 4627 641 4682 καὶτὸν
699 4645 758 4679 τε
812 4626 911 4692 τῆς
969 4626 1182 4698 Ταρσοῦ
1238 4623 1454 4696 ἀμηρᾶν
1482 4621 1806 4694 Καραμόνην
1833 4622 1923 4674 καὶ

2103 4269 2258 4322 340
2290 4267 2407 4322 Hoc
2437 4283 2590 4321 anno
2623 4265 3010 4334 Nicephorum
3044 4267 3300 4324 Phocam
3335 4267 3690 4336 magistrum

2032 4362 2090 4412 et
2121 4355 2456 4411 scholarum
2488 4355 2870 4410 Orientalium
2905 4357 3294 4412 domesticum
3329 4374 3362 4412 a
3401 4358 3689 4412 Constan-

2034 4447 2156 4500 tino
2189 4447 2541 4516 imperatore
2571 4451 2852 4508 creatum,
2887 4444 2984 4516 qui
3031 4446 3101 4500 de
3157 4445 3542 4502 orientalibus
3591 4449 3696 4499 Sa-

2035 4535 2262 4590 racenis
2286 4534 2469 4588 multa
2495 4539 2782 4589 statuerat
2803 4535 3695 4612 tropma,etTarsiCaramonem,

2036 4624 2415 4678 Chabdanem
2496 4622 2754 4694 Chalepi,
2819 4622 3078 4677 lzethum
3136 4623 3392 4695 Tripolis
3468 4639 3699 4679 ameras

277 4715 496 4774 Χαϐδᾶν
535 4717 623 4770 τὸν
655 4719 752 4770 τοῦ
780 4712 970 4770 Χάλεπ
1011 4714 1100 4768 καὶ
1133 4714 1222 4768 τὸν
1267 4710 1583 4788 Τριπολεῶς
1631 4713 1776 4781 Ἰζὴθ
1809 4711 1920 4768 ὀλοι

2041 4729 2284 4784 prorsus
2343 4706 2823 4782 'compescuerat,
2883 4711 3207 4782 imperator
3282 4729 3414 4768 cum
3474 4711 3697 4766 delecto

275 4811 492 4883 τχέρῶς
569 4804 995 4868 ταπεινώσαντα,
1082 4801 1284 4875 πέμπει
1374 4802 1509 4856 κατὰ
1589 4806 1699 4856 τῶν
1760 4800 1811 4855 ἐν
1861 4804 1928 4873 τῇ

276 4899 464 4971 Κρήτῃ
531 4897 884 4967 Σαρακηνῶν,
941 4889 1158 4960 πλῆθος
1233 4889 1530 4946 έπικλέτων
1586 4895 1928 4966 στρατιωτῶν

273 4983 496 5045 ἐπιδοὺς
549 4981 696 5054 αἱ)τῷ
753 4981 842 5035 καὶ
929 4980 1124 5036 στόλον
1219 4981 1651 5056 κατηρτισμένον
1721 4977 1927 5040 καλῶς.

272 5079 359 5144 ii).
396 5076 522 5142 643]
557 5074 645 5129 Ἑν
787 5071 941 5142 νήσῳ
973 5066 1018 5124 δ’
1072 5070 1228 5131 οὗτος
1289 5068 1630 5144 περαιωθεὶς,
1679 5069 1768 5123 καὶ
1799 5067 1934 5123 κατὰ

268 5167 374 5232 τήν
435 5165 660 5232 πρώτην
719 5153 990 5212 ἀποϐασιν
1043 5162 1274 5233 παροῦσι
1333 5157 1423 5212 καὶ
1475 5156 1750 5212 κωλύουσι
1798 5179 1933 5228 συμο

272 5251 503 5311 πλακεὶς
557 5254 675 5310 τοῖς
735 5247 1070 5322 Ἀγαρηνοῖς
1143 5246 1233 5301 καὶ
1291 5246 1519 5308 τούτους
1575 5245 1932 5320 τρεψάμενος,

2042 4801 2295 4856 militum
2330 4801 2586 4856 exercitu
2619 4805 2675 4854 et
2707 4801 2882 4871 probe
2930 4801 3216 4856 adornata
3264 4803 3450 4857 classe
3499 4805 3700 4855 contra

2041 4891 2349 4945 Cretenses
2380 4893 2698 4943 Saracenos
2729 4889 3227 4954 emittit.Phocas,
3251 4889 3441 4945 classe
3471 4889 3529 4942 in
3561 4892 3696 4945 Cre-

2042 4984 2160 5034 tam
2192 4979 2458 5048 trajecta,
2491 4993 2620 5032 cum
2652 4978 2905 5048 primum
2941 4980 3188 5034 navibus
3215 4996 3353 5034 suos
3406 4979 3677 5034 educeret

2041 5074 2342 5136 Agarenos
2372 5066 2679 5138 prohibere
2707 5083 3015 5137 aggressos
3038 5069 3240 5138 prcelio
3264 5067 3543 5134 fundit;et
3561 5083 3696 5122 cum

2045 5158 2173 5229 ipse
2203 5161 2327 5211 tuto
2360 5155 2615 5210 insulam
2649 5156 3095 5225 egreditur,tum
3129 5173 3269 5212 suos
3299 5157 3521 5223 absque
3554 5156 3701 5228 peri-

2048 5246 2181 5303 culo
2216 5247 2275 5301 in
2304 5263 2432 5302 eam
2465 5248 2749 5316 exportat.
2781 5245 2924 5300 Inde
2974 5246 3183 5303 castris
3227 5247 3460 5319 positis,
3512 5246 3704 5318 iisque
3732 5315 3738 5320 _

1472 5419 1847 5475 XYLANDRI
1889 5419 1978 5474 ET
2017 5419 2238 5476 GOARI
2280 5418 2512 5474 NOTAE.

353 5576 438 5647 (3)
457 5573 628 5628 Manu
655 5566 975 5647 sacerdotis
989 5564 1172 5647 longa
1193 5581 1432 5634 precum
1463 5563 1943 5647 serie‘priemissa

282 5636 714 5704 cohsecrantur
771 5639 924 5710 apud
984 5637 1213 5694 Graecos
1265 5636 1558 5703 monachi,
1609 5637 1680 5691 de
1729 5636 1943 5707 quibus

607 5769 873 5830 Pauor"
920 5767 1031 5827 Gn.
1082 5767 1321 5830 CXXII.

2053 5561 2707 5634 Eucliologium.Preces
2738 5559 2853 5617 ilia?
2883 5562 3203 5621 solemnem
3222 5566 3478 5621 reddunt
3498 5577 3701 5619 mona-

2054 5635 2296 5691 chorum
2321 5633 2774 5705 prolessionem.
2811 5634 3134 5694 Balsamon.
3170 5644 3351 5695 Gem.

3341 5763 3378 5819 3
