4004 6208
276 279 359 339 ’15
1622 275 1939 337 GEORGII
1983 275 2322 340 CEDRENI
3610 280 3693 341 '16

182 450 185 453 ι
275 409 393 467 alta
421 409 599 480 fossa,
632 408 780 467 vallo
813 425 878 466 ac
907 408 1056 482 palis
1089 408 1292 465 deﬁxis
1323 409 1902 476 communitis,nave:

2031 408 2194 471 κύτός
2220 430 2278 464 τε
2310 408 2567 486 ἀσφαλῶς
2619 405 2818 482 ἀπέϐη,
2848 410 2940 466 καὶ
2997 410 3090 466 τὸν
3139 412 3368 488 στρατὸν
3405 405 3688 468 ἀπεϐίϐα-

270 499 592 556 tutissimis
616 499 677 554 in
708 499 1066 555 stationibus
1094 500 1421 563 continens,
1442 498 1715 555 omnibus
1742 498 1921 570 probe

271 589 629 659 constitutis,
691 588 895 644 insula:
955 589 1131 644 urbes
1187 588 1345 643 omni
1397 588 1454 642 vi
1503 593 1823 659 oppugnat,
1856 604 1923 643 ac

270 682 495 751 septem
530 678 790 749 integros
822 694 923 751 per
952 694 1180 733 menses
1211 678 1484 733 omnibus
1511 677 1801 731 machinis
1850 677 1919 731 ad

268 784 397 823 eam
430 783 554 823 rem
585 767 939 823 facientibus
971 784 1114 822 usus
1148 782 1349 821 muros
1380 766 1925 837 prosternit,urbes-

266 873 375 927 que
405 860 464 912 et
491 856 732 913 castella
759 856 813 911 vi
846 856 1020 927 capit.
1048 855 1309 926 Septima
1339 854 1432 910 die
1461 854 1651 910 Martii
1681 855 1919 923 mensis,

264 945 581 1001 indictione
602 946 829 1001 decima
849 944 1446 1016 quarta,Cbandacem
1466 944 1538 999 ab
1560 943 1923 999 insularibus

263 1035 816 1101 vocatam,omnium
848 1037 1027 1089 Cretae
1059 1032 1293 1087 urbium
1328 1032 1918 1099 munitissimam,ex-

263 1126 521 1195 pugnat;
568 1124 858 1194 Curupem
908 1120 1115 1176 insulae
1169 1138 1454 1190 emeram,
1504 1126 1560 1177 et
1613 1125 1917 1192 Anemam,

262 1215 432 1283 cujus
465 1211 791 1266 secundum
836 1213 1129 1282 Curupam
1182 1226 1417 1266 summa
1465 1213 1587 1265 erat
1639 1214 1915 1281 potestas,

256 1300 418 1356 vivos
473 1299 534 1354 in
591 1316 758 1355 suam
812 1302 1163 1370 potestatem
1222 1298 1469 1369 redigit;
1528 1303 1767 1369 totaque
1788 1300 1914 1368 jam

257 1389 502 1445 subacta
531 1388 885 1458 insula,ejus
917 1387 1339 1442 constituendae
1371 1403 1548 1442 causa
1580 1386 1771 1442 adhuc
1807 1388 1915 1442 ali-

258 1478 398 1549 quid
433 1478 712 1549 temporis
743 1478 890 1532 3M
931 1476 1012 1531 ibi
1053 1476 1279 1546 exigere
1328 1475 1558 1530 statuit.
1603 1475 1913 1531 Enimvero

257 1567 593 1623 obtinuerat
621 1566 779 1621 fama
809 1581 943 1620 eum
972 1566 1301 1620 Romanum
1328 1564 1516 1619 virum
1551 1564 1652 1635 qui
1683 1566 1909 1620 Cretam

255 1659 412 1711 esset
441 1658 739 1724 capturus,
767 1652 1097 1709 necessario
1129 1654 1303 1708 etiam
1350 1653 1597 1725 imperio
1648 1658 1909 1709 Romano

256 1745 601 1816 potiturum.
666 1745 868 1813 Itaque
916 1742 1091 1797 simul
1143 1746 1320 1814 atque
1366 1742 1770 1797 renuntiatum
1824 1749 1909 1797 est

256 1833 485 1889 Cretam
533 1847 663 1888 esse
722 1836 974 1903 captam,
1030 1832 1328 1887 Romanus
1374 1831 1615 1903 Josepbi
1664 1832 1899 1887 hortatu

258 1922 444 1977 mittit
495 1920 595 1994 qui
654 1921 791 1977 inde
846 1921 1238 1993 Nicephorum
1298 1924 1556 1977 avocent.
1606 1921 1813 1977 Adhuc
1843 1922 1903 1977 in

258 2014 425 2067 Creta
452 2026 519 2066 eo
550 2016 780 2082 agente,
828 2027 900 2067 ne
946 2011 1166 2066 Arabes
1214 2010 1525 2066 orientales
1575 2011 1900 2066 Romanam

255 2100 536 2155 ditionem
568 2100 1304 2171 infestarent,Cbabdanus
1335 2100 1627 2172 precipue
1667 2100 1901 2173 Cbalepi

253 2205 505 2252 ameras.
529 2188 618 2244 vir
648 2188 961 2245 bellicosus
991 2194 1046 2245 et
1074 2185 1319 2260 reliquis
1350 2190 1665 2257 strenuior,
1687 2194 1901 2245 Roma-

251 2295 363 2333 nus
394 2278 641 2334 Leonem
673 2278 927 2334 Phocam
961 2278 1270 2350 Nicephori
1300 2279 1535 2335 fratrem
1578 2279 1902 2351 magisterii

248 2368 468 2423 honore
498 2354 772 2423 orbatum
794 2384 859 2423 eo
883 2368 1061 2424 mittit
1081 2384 1147 2422 ac
1170 2368 1474 2423 domestici
1503 2384 1722 2423 munus
1744 2369 1905 2424 obire

242 2457 435 2529 jubet.
462 2457 537 2526 Is,
566 2459 633 2510 ut
662 2456 721 2510 in
755 2456 1114 2527 provinciam
1145 2457 1323 2523 venit,
1357 2457 1672 2512 Cbabdano
1704 2474 1903 2513 occur-

250 2546 326 2600 rit
350 2545 423 2601 ad
454 2543 649 2600 locum
679 2545 771 2600 cui
806 2546 1062 2601 Adrasso
1113 2562 1346 2613 nomen,
1401 2545 1721 2617 proelioque
1765 2563 1901 2603 con-

252 2651 493 2706 gressus
522 2634 703 2691 vincit
733 2651 799 2690 ac
831 2635 1043 2690 fundit.
1076 2636 1154 2690 Eo
1186 2635 1243 2690 in
1278 2635 1477 2707 prmlio
1508 2636 1900 2707 Agarenorum

204 2794 207 2801 η
249 2723 704 2779 innumerabilis
733 2724 945 2779 cecidit
974 2724 1545 2795 multitudo;reliqui
1572 2724 1726 2796 capti
1758 2726 1921 2799 Cpo-g

253 2811 334 2867 lin
363 2816 503 2867 sunt
534 2812 724 2879 missi,
766 2816 931 2868 tanta
961 2813 1129 2885 copia
1168 2818 1235 2868 ut
1282 2814 1467 2868 servis
1490 2815 1702 2869 domus
1732 2816 1905 2870 urba-

252 2918 339 2957 nae
366 2906 424 2957 et
455 2901 574 2973 agri
607 2901 825 2957 fuerint
853 2903 1078 2974 repleti.
1101 2902 1504 2957 Cbalcedanus
1536 2919 1667 2958 cum
1704 2904 1903 2975 paucis

251 2990 569 3047 admodum
600 3006 845 3047 suorum
882 2992 1016 3063 fuga
1047 2990 1283 3063 elapsus
1325 2992 1567 3047 domum
1617 2994 1901 3065 pervenit.

246 3080 500 3136 Leonem
532 3082 592 3135 in
624 3080 829 3136 urbem
855 3097 1152 3137 reversum
1186 3080 1502 3152 imperator
1527 3082 1772 3138 comiter
1801 3085 1901 3139 ad-

2033 518 2128 552 εον
2182 494 2499 559 ἀκινδύνως.
2558 500 2783 575 Χάρακά
2842 520 2903 555 τε
2973 498 3063 554 οὖν
3125 500 3358 571 ἐπήξατο
3413 500 3696 578 καρτερὸν,

2030 586 2219 665 τάφρῳ
2287 587 2494 658 Βαθείᾳ,
2550 588 2639 641 καὶ
2698 587 3072 662 σταυρώμασι,
3128 586 3217 643 καί
3270 588 3571 653 πασσαλοις
3605 591 3684 665 (4)

2031 681 2220 730 τοῦτον
2252 676 2665 750 κατοχυρώσας,
2714 677 2804 731 καὶ
2861 678 2952 731 τὸν
3002 674 3195 731 στόλον
3247 677 3298 732 ἐν
3356 680 3555 754 ὅρμοις
3586 700 3689 755 γα-

2035 761 2356 835 ληνοτάτοις
2388 764 2640 840 ὁρμίσας,
2696 765 2783 820 καὶ
2825 766 2997 821 πάντα
3036 767 3510 840 καταστησάμενος
3543 771 3682 824 κατὰ

2032 855 2092 909 τὸ
2123 852 2383 930 ἀσφαλὲς,
2418 853 2644 928 ἐνεργῶς
2699 861 2902 923 ἥπτετο
2959 862 3059 925 τῆς
3112 854 3437 929 πολιορκίας
3483 862 3590 913 τῶν
3624 859 3676 915 ἐν

2030 946 2098 1017 τῇ
2130 945 2280 1014 νήσῳ
2311 940 2549 1011 πόλεων,
2601 942 2691 998 καὶ
2746 941 2815 998 δι’
2863 943 3007 999 ὅλων
3066 947 3105 1014 ζ’
3137 950 3324 1017 μηνῶν
3350 944 3546 1011 πάσαις
3579 970 3683 1021 μη-

2030 1038 2221 1107 χαναῖς
2264 1031 2712 1109 πολιορκητικῶν
2763 1034 3007 1109 ὀργάνων
3069 1035 3447 1109 χρησάμενος,
3476 1038 3562 1092 καὶ
3617 1037 3686 1092 τὰ

2027 1122 2190 1197 τείχη
2231 1122 2608 1200 καταστρέφων
2664 1124 2759 1185 τάς
2814 1144 2873 1179 τε
2924 1120 3115 1186 πόλεις
3181 1124 3273 1178 καὶ
3330 1124 3397 1180 τὰ
3453 1126 3686 1203 φρούρια

2027 1208 2384 1285 ἐχειρώσατο.
2442 1214 2527 1284 Τῇ
2591 1213 2630 1280 ζ’
2684 1209 2741 1266 δὶ
2798 1217 2893 1267 τοῦ
2941 1212 3186 1289 Μαρτίου
3239 1215 3435 1287 μηνὸς,
3479 1222 3577 1285 τῆς
3611 1213 3680 1270 ιδ’

2029 1297 2387 1367 ίνδικτιῶνος,
2419 1298 2510 1353 καὶ
2565 1301 2666 1369 τήν
2726 1305 2910 1355 πασῶν
2973 1300 3325 1378 ἀχυρωτέραν
3379 1301 3566 1373 πόλιν,
3606 1303 3673 1373 ἤν

2028 1386 2319 1463 ἐγχωρίως
2374 1386 2625 1444 Χάνδακα
2686 1387 2938 1457 ἐκάλουν,
2996 1390 3385 1465 πεπορθηκὼς,
3438 1392 3528 1447 καὶ
3584 1394 3678 1449 τὸν

2024 1476 2372 1552 ἀμηρεύοντα
2445 1485 2545 1547 τῆς
2602 1481 2768 1549 νήσου
2844 1479 3165 1555 Κουρούπην
3244 1479 3418 1550 ὄνομα
3493 1478 3679 1539 λαϐὼν

2021 1567 2384 1642 αἱχμάλωτον
2415 1567 2507 1621 καὶ
2563 1568 2795 1641 Ἀνεμᾶν
2844 1569 2938 1623 τὸν
2994 1570 3109 1641 μετ’
3150 1570 3309 1624 αὐτὸν
3343 1568 3394 1625 έν
3426 1574 3494 1644 τῇ
3527 1573 3680 1645 νήσῳ

2019 1655 2387 1729 πρωτεύοντα,
2448 1655 2537 1711 καὶ
2618 1658 2715 1726 τήν
2787 1665 2949 1727 νῆσον
3029 1657 3164 1729 ὅλην
3230 1656 3677 1733 δουλωσάμενος,

2018 1738 2219 1817 ἔμελλε
2280 1744 2373 1817 μὲν
2426 1743 2512 1798 ἐπὶ
2562 1744 2790 1801 πλείονα
2821 1747 3073 1819 ἐμμεῖναι
3102 1747 3301 1823 χρόνον
3335 1750 3425 1804 καὶ
3457 1749 3523 1804 τά
3549 1771 3650 1805 κατ

2017 1832 2183 1902 αὐτὴν
2241 1836 2690 1905 καταστήσεσθαι.
2751 1837 2958 1909 Φήμης
3025 1833 3081 1890 δὲ
3132 1838 3438 1911 κρατούσης
3498 1839 3574 1900 ὡς
3632 1840 3660 1893 6

2018 1920 2242 1995 μέλλωο
2271 1929 2563 1999 κατασχεῖν
2615 1922 2781 1995 αὐτὴν
2828 1926 3110 1998 Ῥωμαῖος
3164 1926 3302 2002 ἀνὴρ
3339 1926 3391 1998 ὶξ
3421 1926 3664 2003 ἀνάγκης

2019 2010 2325 2088 βασιλεύσει
2386 2014 2694 2086 Ῥωμαίων,
2741 2014 2854 2087 ἄμα
2926 2018 3006 2086 τῷ
3066 2017 3377 2089 γνωσθῆναι
3419 2017 3516 2085 τήν
3565 2024 3668 2085 τῆς

2013 2102 2184 2171 νήσου
2240 2100 2566 2176 κατάσχεσιν
2624 2107 2744 2164 ταῖς
2798 2106 2893 2156 τοῦ
2952 2103 3154 2178 Ἰωσήφ
3216 2104 3519 2175 ὑποθήκαις
3549 2127 3669 2161 πει-

2015 2190 2159 2254 σθεὶς
2216 2190 2243 2244 6
2323 2190 2605 2263 Ῥωμανὸς
2668 2190 3106 2265 προσεκαλέσατο
3179 2194 3271 2248 τὸν
3350 2193 3663 2272 Νικηφόρον

2014 2278 2241 2343 ἐκεῖθννε
2301 2281 2421 2336 Ἔτι
2486 2275 2543 2334 δὲ
2592 2283 2688 2335 τοῦ
2737 2280 3052 2358 Νικηφόρου
3116 2285 3185 2356 τῇ
3243 2284 3433 2359 Κρήτῃ
3494 2281 3666 2338 ἐνδια-

2011 2363 2318 2443 τρίϐοντος,
2347 2367 2438 2423 ’ίνα
2474 2370 2549 2442 μὴ
2580 2370 2678 2438 τὴν
2713 2370 2848 2442 ἑῴαν
2874 2371 3262 2446 κατατρέχοιεν
3296 2373 3349 2427 οἱ
3376 2379 3475 2442 τῆς
3506 2374 3663 2427 Ἀνα-

2009 2455 2188 2523 τολῆς
2228 2452 2463 2533 Ἀραϐες
2493 2459 2581 2512 καὶ
2645 2457 2855 2531 μᾶλλον
2919 2460 2946 2514 ὁ
3003 2454 3217 2516 Χαϐδᾶν
3279 2461 3431 2515 ὁτοῦ
3475 2461 3665 2518 Χάλεπ

2013 2547 2255 2622 ἀμηρᾶς,
2286 2545 2590 2620 πολεμικὸς
2621 2545 2693 2601 ὢν
2740 2549 2829 2603 καὶ
2882 2553 2988 2603 τῶν
3042 2548 3227 2605 ἄλλων
3263 2546 3662 2625 δραστηριώτε-

2014 2655 2128 2710 ρος,
2163 2636 2367 2691 Λέοντα
2394 2636 2488 2691 τὸν
2530 2641 2725 2692 Φωκᾶν
2762 2637 2854 2692 τὸν
2904 2642 3002 2693 τοῦ
3056 2637 3371 2715 Νικηφόρου
3424 2635 3660 2717 ἀδελφὸν

2018 2724 2311 2800 μάγιστρον
2345 2728 2582 2796 τιμήσας
2631 2727 2659 2780 6
2704 2727 2985 2799 Ῥωμανὸς
3040 2729 3140 2797 τὴν
3196 2732 3291 2783 τοῦ
3336 2726 3660 2801 δομεστίκου

2015 2809 2291 2868 διακονίαν
2344 2810 2544 2868 διέπειν
2607 2814 2937 2874 ἀπεστειλεν.
2992 2816 3166 2878 Οὗτος
3226 2814 3283 2871 δὶ
3332 2813 3657 2888 διαπεράσας

2012 2902 2101 2956 καὶ
2132 2907 2209 2974 τῷ
2238 2897 2452 2959 Χαϐδᾶν
2495 2906 2823 2974 συναντήσας
2853 2900 2904 2958 ἕν
2961 2926 3066 2959 τινι
3121 2904 3316 2980 χωρίῳ
3347 2902 3658 2979 Ἀνδρασσῷ

2014 2991 2298 3068 λεγομένῳ
2345 2990 2593 3066 τρέπεται
2645 2994 2835 3049 τοῦτον
2892 2995 3028 3049 κατᾶ
3083 2994 3279 3070 κράτος
3327 2992 3417 3050 καί
3474 2995 3662 3073 ἀφανι-

2016 3087 2139 3155 σμῷ
2168 3079 2507 3159 παραδίδωσι
2540 3102 2551 3114 ⁶
2583 3086 2689 3138 τῶν
2728 3083 2821 3155 μὲν
2875 3081 2926 3138 ἐν
2957 3086 3025 3157 τῇ
3065 3077 3352 3157 πόοσϐολῇ
3386 3082 3659 3138 πεσόντων

247 3168 488 3225 modum
514 3168 951 3241 bonoriflceque
980 3170 1651 3242 excepit,triumphoque
1679 3176 1737 3227 et
1761 3189 1902 3243 prae-

2020 3170 2132 3227 οὐδ’
2190 3155 2410 3244 ἀριθμῶ
2462 3167 2952 3243 καθυποϐληθῆναι
3003 3155 3373 3245 δυναμένων-⁸
3439 3176 3546 3228 τῶν
3605 3170 3665 3227 δὲ

246 3258 385 3315 miis
414 3258 613 3331 dignis
634 3263 1048 3314 remuneratus
1073 3258 1481 3315 est.Honorem
1505 3261 1676 3317 etiam
1702 3261 1909 3317 habuit

248 3347 492 3420 reliquis
525 3348 1081 3419 omnibus,quorum
1113 3365 1178 3404 eo
1202 3348 1356 3406 bello
1378 3354 1644 3422 spectata
1666 3351 1777 3407 fuit
1800 3351 1909 3406 vir-

246 3442 366 3506 tus,
400 3454 615 3510 eosque
644 3438 830 3495 evexit
869 3456 883 3495 :

2018 3261 2260 3316 ἁλόντων
2298 3261 2384 3315 καὶ
2433 3260 2485 3340 ἐν
2532 3264 2600 3334 τῇ
2659 3260 2818 3316 πόλει
2874 3261 3226 3339 πεμφθέντων
3275 3266 3534 3317 τοσοῦτον
3594 3263 3661 3331 ἠν

2016 3352 2077 3405 τὸ
2107 3348 2323 3419 πλῆθος
2355 3349 2429 3412 ὡς
2460 3348 2753 3425 πληρῶσαι
2802 3348 3013 3406 δούλων
3055 3351 3145 3406 καὶ
3192 3350 3287 3413 τὰς
3334 3351 3554 3413 ἀστικὰς
3589 3350 3667 3405 οἷ-

2017 3439 2136 3501 κίας
2162 3438 2251 3493 καὶ
2282 3437 2409 3500 τοὺς
2462 3437 2682 3514 ἀγρούς.
2741 3439 2923 3501 Μόνος
2984 3436 3041 3494 δὲ
3098 3440 3125 3494 6
3169 3438 3377 3494 τούτων
3410 3440 3664 3516 ἀρχηγὸς

246 3521 462 3583 Χαϐδᾶν
518 3524 609 3580 σὺν
674 3525 887 3601 ὀλίγοις
946 3524 1066 3581 λίαν
1131 3526 1224 3580 τὸν
1279 3523 1523 3580 κίνδυνοι
1585 3522 1804 3599 διαδρὰς
1857 3526 1931 3589 είς
1984 3529 2051 3582 τὰ
2091 3527 2267 3582 οἰκεῖα
2312 3524 2420 3598 ἤθη
2481 3527 2835 3600 ἀνεκομίσθη.
2868 3527 3199 3592 Εἰσελθόντα
3250 3526 3308 3583 δὲ
3336 3529 3427 3584 τὸν
3451 3530 3654 3584 Λέοντα

253 3613 400 3688 μάλα
445 3613 794 3693 φιλοφρόνως
853 3614 881 3667 6
956 3613 1210 3690 βασιλεὺς
1294 3611 1580 3684 ὑπεδέξατο
1653 3613 1939 3678 ἐπινικίοις
2013 3637 2072 3671 τε
2137 3611 2429 3690 θριάμϐοις
2486 3616 2748 3690 τετίμηκε
2802 3617 2892 3671 καὶ
2939 3620 3109 3692 γερῶν
3170 3620 3274 3671 τῶν
3330 3618 3447 3672 κατ’
3504 3617 3655 3688 ἀξίαν

248 3703 467 3774 ἠξίωσε,
500 3705 760 3777 τιμήσας,
789 3702 878 3758 καὶ
910 3698 1271 3777 προϐιϐάσας,
1302 3703 1392 3758 καὶ
1422 3704 1621 3766 πάντας
1640 3701 1766 3764 τοῦς
1799 3703 1889 3759 σὺν
1918 3706 2066 3778 αὐτῷ
2096 3706 2522 3779 ἀριστεύσαντας.

324 3796 654 3865 Imperante
712 3809 933 3848 annum
993 3794 1320 3849 secundum
1380 3794 1662 3864 Romano,
1724 3794 1897 3849 multi

248 3899 450 3938 eorum
472 3881 571 3954 qui
594 3881 651 3936 in
671 3880 976 3954 republica
993 3887 1161 3938 erant
1182 3882 1371 3953 primo
1388 3882 1894 3953 loco,insidiarum

246 3971 306 4026 in
337 3970 750 4044 imperatorem
783 3971 1066 4043 comperti
1097 3976 1257 4027 sunt.
1291 3972 1571 4045 Princeps
1603 3974 1757 4031 842
1789 3991 1895 4028 au-

246 4065 489 4132 ctorque
511 4058 933 4130 conjurationis
948 4058 1057 4115 fuit
1074 4060 1321 4117 Basilius
1334 4060 1598 4117 Volueris
1614 4062 1897 4134 magister

244 4150 434 4206 socios
457 4149 679 4205 habens
702 4165 770 4204 ex
791 4147 1123 4204 illustribus
1146 4150 1453 4220 patricium
1481 4150 1882 4218 Paschalium,

240 4238 553 4313 patricium
585 4238 834 4293 Bardam
869 4237 1025 4293 Libis
1056 4238 1267 4306 filium,
1299 4244 1355 4295 et
1384 4239 1689 4295 Nicolaum
1723 4240 1892 4296 Chal-

240 4327 539 4383 cutzam.1i
573 4331 1048 4399 statuerant,quo
1080 4328 1173 4382 die
1203 4327 1324 4383 ludi
1348 4333 1645 4397 equestres
1666 4330 1891 4396 fierent,

238 4416 648 4489 imperatorem
697 4433 730 4471 a
775 4415 990 4487 palatio
1040 4417 1491 4473 descendentem
1555 4433 1785 4485 necare,
1832 4417 1888 4471 in

241 4487 387 4561 solio
402 4505 532 4577 eius
562 4504 841 4561 Basilium
860 4504 1211 4562 collocareet
1232 4506 1641 4577 imperatorem
1668 4506 1893 4578 procla-
1928 4487 1972 4552 D

242 4612 422 4651 mare.
459 4596 568 4651 Sed
594 4594 869 4667 patefecit
889 4600 1148 4651 Romano
1171 4610 1373 4650 eorum
1424 4596 1763 4651 institutum
1797 4613 1889 4651 so-

242 4685 369 4741 cius
402 4684 853 4757 conspirationis
881 4684 1249 4755 Joannicius,
1275 4685 1511 4739 natione
1543 4686 1892 4741 Saracenus.

242 4775 445 4847 Itaque
467 4779 779 4846 antequam
805 4774 931 4831 dies
962 4774 1206 4829 deﬁnita
1236 4778 1554 4845 appeteret,
1578 4792 1610 4829 a
1638 4774 1894 4846 Josepho

239 4863 1388 4936 comprehensi,convicti,crudeliterque
1408 4880 1580 4918 excru
1591 4863 1751 4933 ciati,
1770 4863 1893 4919 solo

235 4953 452 5009 Basilio
483 4958 814 5027 excepto;ea
847 4953 976 5025 ipsa
1008 4952 1281 5008 ludorum
1312 4952 1675 5024 equestrium
1710 4953 1801 5008 die
1832 4954 1889 5007 in

236 5043 540 5118 triumpho
570 5045 731 5102 ducti
764 5048 903 5101 sunt
933 5047 990 5099 et
1017 5042 1533 5115 relegati,rasoque
1554 5043 1743 5115 capite
1771 5059 1893 5099 mo-

2077 3798 2167 3867 Τῷ
2201 3791 2257 3849 δὲ
2289 3792 2523 3871 δευτέρῳ
2562 3790 2667 3848 ἔτει
2715 3801 2816 3865 τῆς
2866 3791 3142 3870 βαςιλείας
3186 3795 3472 3868 Ῥωμανοῦ
3516 3793 3658 3851 πολ-

2006 3881 2096 3938 λοὶ
2149 3888 2256 3938 τῶν
2321 3882 2763 3956 πολιτευομένων
2838 3881 3082 3938 ἑάλωσαν
3145 3879 3659 3947 ἐπιϐεϐουλευκότες

2006 3973 2164 4044 αὐεῷ.
2229 3974 2396 4048 Εἶχον
2456 3970 2513 4027 δὲ
2579 3972 2668 4026 καὶ
2744 3972 3099 4048 πρωτουργὸν
3173 3974 3264 4027 καὶ
3322 3974 3659 4048 πρωταίτιον

2004 4061 2289 4120 Βασίλειον
2355 4062 2647 4138 μάγιστρον
2718 4062 2809 4117 τὸν
2890 4060 3189 4137 λεγόμενον
3264 4062 3511 4118 Πετεινὸν
3567 4064 3657 4117 καὶ

2001 4172 2145 4212 τινας
2178 4149 2380 4213 ἄλλους
2435 4156 2542 4206 τῶν
2606 4150 2915 4224 ἰπισήμων,
2964 4155 3071 4206 τῶν
3119 4151 3403 4227 πατρίκιον
3439 4154 3659 4228 Πασχά-

2004 4237 2147 4312 λιον,
2179 4241 2268 4294 τὸν
2302 4240 2583 4312 πατρίκιον
2632 4238 2837 4314 Βάρδαν
2891 4240 2981 4295 τὸν
3045 4245 3142 4296 τοῦ
3184 4236 3372 4311 Λιϐὸς,
3424 4242 3513 4296 καὶ
3549 4247 3657 4297 Νι-

2002 4327 2203 4384 λόλαον
2233 4329 2327 4384 τὸν
2378 4327 2731 4399 Χαλκούτζην
2768 4348 2781 4361 ’
2832 4332 2980 4401 [644]
3026 4327 3220 4391 οἷθτινες
3265 4324 3655 4385 ιϐουλεύσαντο

1999 4418 2134 4471 κατά
2189 4418 2286 4486 τὴν
2347 4417 2555 4492 ἡμέραν
2605 4422 2713 4472 τῶν
2788 4418 3028 4471 ἱππικῶν
3101 4417 3324 4492 ἀγώνων
3398 4412 3655 4472 κατιόντα

2006 4503 2434 4583 διαχειρίσασθαι
2492 4507 2581 4561 τὸν
2643 4503 2893 4582 βσσιλέα,
2948 4504 3037 4561 καὶ
3084 4506 3175 4561 τὸν
3230 4505 3516 4563 Βασιλειον
3563 4504 3654 4561 ἐπὶ

2000 4600 2097 4650 τοῦ
2164 4595 2451 4671 βασιλικοῦ
2509 4594 2820 4659 καθίσαντες
2902 4596 3095 4671 θρόνου
3154 4595 3500 4672 ἀναγορεῦσαι
3551 4590 3654 4650 ϐαο

2002 4683 2175 4740 σιλέα.
2230 4681 2406 4741 Ἀλλᾶ
2452 4692 2551 4754 τῆς
2599 4679 2903 4753 ἐπιϐουλῆς
2955 4683 3286 4757 μηνυθείσης
3314 4690 3393 4757 τῷ
3435 4685 3656 4759 βασιΑεῖ

2000 4774 2144 4850 παρά
2196 4795 2339 4838 τινος
2405 4778 2513 4828 τῶν
2594 4778 2947 4847 συνωμοτῶν.
3009 4772 3339 4831 Ἰωαννικίου
3382 4774 3649 4847 τοῦνομα,

1997 4869 2076 4937 τῷ
2122 4865 2261 4940 γένει
2325 4867 2669 4937 Σαρακηνοῦ,
2728 4862 2856 4938 πρὶν
2916 4863 2950 4932 ἢ
3004 4863 3104 4932 τὴν
3158 4863 3346 4937 κυρίαν
3398 4864 3650 4934 ἐνστῆναι

1997 4954 2354 5029 κρατηθέντες
2429 4952 2574 5029 παρὰ
2639 4956 2734 5007 τοῦ
2812 4952 3034 5029 Ἰωσὴφ,
3108 4953 3199 5007 καὶ
3274 4950 3647 5030 ἐλεγχθέντες,

1999 5044 2089 5097 καὶ
2165 5042 2388 5111 ἀπηνῶς
2478 5041 2809 5106 αἰκισθέντες
2887 5042 3011 5095 ἄνευ
3087 5041 3257 5115 μόνου
3326 5046 3425 5097 τοῦ
3485 5044 3656 5099 Βασι-

1427 5238 1798 5295 XYLANDRI
1842 5240 1929 5295 ET
1968 5238 2187 5296 GOARI
2226 5240 2458 5296 NOTfE.

309 5397 387 5468 (4)
418 5394 571 5451 Palis
600 5390 973 5468 nimirum‘in
996 5396 1212 5468 terram
1238 5390 1451 5468 ﬁxis,e‘t
1479 5390 1656 5446 clavis
1678 5390 1890 5461 ligneis

240 5461 324 5525 ad'
344 5461 589 5523 invicem
616 5463 1000 5538 tenacissime
1016 5463 1241 5535 junctis
1262 5461 1604 5538 :_Era6pwpa
1639 5479 1891 5538 namque

238 5540 400 5614 ραίιιδ
448 5543 554 5595 est.
613 5536 1005 5614 Hesychius;
1061 5534 1293 5614 Σταυροξ
1346 5536 1397 5614 οἱ
1446 5534 1887 5614 καταπεπηγότες

241 5603 534 5683 σκόλοπες,
572 5603 834 5684 χάρακας,
883 5603 972 5663 καί
1018 5603 1305 5663 πάνσα’τά
1352 5607 1557 5661 ἑστῶτα
1596 5603 1757 5678 ξύλα,
1784 5605 1890 5659 ἀπὸ

2001 5389 2336 5483 κοῦιὶστάναι
2394 5388 2472 5483 ﬁn
2491 5387 2549 5443 ἐκ
2598 5390 2693 5483 to?
2732 5387 2955 5483 :l‘q’fr‘lv
3007 5389 3491 5483 aiipaynic'r'daom.
3536 5392 3658 5447 Eu-

2001 5463 2255 5535 stathius
2292 5482 2303 5519 :
2342 5459 2619 5523 Σκόλοπες
2662 5460 2795 5533 ὀρθὰ
2825 5461 2957 5534 ξύλα
3005 5459 3094 5518 καὶ
3137 5463 3279 5535 ὀξέα,
3311 5462 3343 5516 ἃ
3374 5464 3463 5518 καὶ
3489 5482 3652 5517 σταυο

2000 5533 2129 5608 ροὺς
2161 5533 2408 5591 ἐκάλουν.
2444 5535 2625 5592 GOAR.
