4026 6210
273 423 350 482 ’Π
1422 414 1968 481 HISTORIARUM
2012 416 2529 483 GOMPENDIUM
2544 467 2559 483 .
3617 432 3698 492 78

276 552 459 619 λείου,
516 552 606 607 καὶ
669 553 786 607 κατ’
843 552 1007 621 αὐτὴν
1088 553 1189 621 τήν
1251 553 1461 628 ἡμέραν
1544 555 1641 606 τοῦ
1725 550 1930 625 ἀγῶνος

2053 552 2218 607 nachi
2250 553 2406 609 facti.
2439 555 2784 627 Quanquam
2816 572 2884 611 ea
2916 556 3030 611 fuit
3072 557 3133 611 in
3182 558 3341 628 ipsos
3374 561 3703 633 imperato-

280 638 770 716 θριαμϐευθέντες,
850 642 1028 719 ἐξορίᾳ
1106 641 1567 720 παρεπέμφθησαν
1643 641 1733 695 καὶ
1821 639 1945 694 ἀπε-

282 734 530 806 κάρησαν
590 732 853 805 μοναχοί.
914 733 1122 808 Χρόνον
1183 729 1240 787 δέ
1285 753 1405 786 τινα
1461 729 1669 807 βραχὺν
1720 728 1769 783 ἐν
1805 729 1942 801 αὐτῇ

279 821 799 896 ταλαιπωρηθέντες
852 823 1226 892 ἀνεκλήθησαν
1284 820 1687 898 φιλανθρώπως
1754 820 1946 881 αὐτοῖς

282 912 642 987 χρησαμένον
688 915 784 965 τοῦ
865 910 1157 987 βασιλέως.
1227 910 1405 973 Μόνος
1468 909 1525 964 δὲ
1582 908 1856 969 Βασίλειος
1915 909 1943 961 6

282 1002 533 1063 Πετεινὸς
608 1000 819 1079 ἔκφρων
898 1001 1187 1076 γενόμενος
1256 998 1602 1069 ἐτελεύτησεν
1668 998 1719 1052 ἐν
1779 1003 1940 1073 Προι-

2056 643 2135 697 ris
2158 642 2519 713 humanitas,
2554 651 2617 699 ut
2647 644 2920 717 exiguum
2964 648 3246 717 temporis
3299 650 3570 708 miserias
3601 670 3701 710 ex-

2056 731 2171 786 silii
2205 737 2472 803 expertos
2505 735 2877 790 revocaverit.
2914 735 3085 791 Solus
3135 736 3384 793 Basilius
3431 738 3701 797 Volueris

2054 821 2286 876 insania
2317 827 2618 893 correptus
2667 823 2725 877 in
2759 828 3124 880 Proconneso
3156 826 3346 897 periit,
3382 845 3704 902 poenasque

2054 910 2213 965 dedit
2265 911 2481 982 proditi
2531 913 2908 968 Constantino
2960 930 3062 985 per
3105 916 3373 971 lraudem
3422 918 3703 990 Stephani

2052 998 2447 1069 imperatoris.

275 1093 555 1163 κοννήσῳ,
587 1098 684 1160 τῆς
718 1088 877 1161 δίκης
907 1090 1063 1145 αὐτὸν
1102 1089 1468 1163 μετελθούσης
1503 1090 1614 1143 ἀνθ’
1643 1090 1715 1142 ὧν
1742 1086 1942 1149 δολίως
1974 1087 2051 1150 εἷς
2085 1086 2347 1165 Στέφανον
2381 1085 2670 1160 ἐνεδείξατο
2702 1089 2792 1143 τὸν
2833 1090 3078 1164 βασιλέα,
3109 1090 3477 1168 προδεδωκὼς
3507 1099 3699 1151 τοῦτον

276 1185 355 1252 τῷ
388 1180 798 1252 Κωνσταντίνῳ,

345 1270 423 1323 Τά
450 1267 507 1323 δὲ
538 1268 662 1344 περῖ
692 1269 784 1323 τὸν
831 1268 1078 1323 Ιῐετεινὸν
1130 1266 1219 1322 καὶ
1276 1266 1403 1331 τοὺς
1456 1264 1661 1329 ἄλλους
1723 1264 1853 1320 ἰδὼν
1913 1267 1940 1319 6

278 1356 580 1433 μάγιστρος
666 1359 947 1431 Ῥωμανὸς
1027 1359 1054 1412 6
1133 1356 1470 1431 Σαρωνίτης,
1546 1355 1631 1409 ἐπὶ
1716 1354 1937 1431 θυγατρὶ

271 1441 531 1521 γαμϐρὸς
591 1444 666 1501 ὢν
727 1451 1005 1520 Ῥωμανοῦ
1054 1447 1327 1523 γέροντος,
1377 1445 1466 1501 καὶ
1520 1445 1595 1518 μὴ
1656 1444 1721 1498 τὰ
1773 1442 1937 1516 ὅμοια

269 1536 363 1589 καὶ
430 1534 595 1597 αὐτὸς
651 1537 812 1598 πάθοι
873 1531 1171 1612 φοϐηθεὶς,
1246 1536 1612 1613 φθονούμενος
1684 1531 1772 1587 διὰ
1834 1534 1933 1601 τὴν

270 1628 471 1681 ἑαυτοῦ
517 1628 864 1703 περιφάνειαν
906 1627 996 1681 καὶ
1052 1628 1530 1699 ὑποπτευόμενος,
1589 1627 1687 1693 τὴν
1745 1626 1935 1679 ἑαυτοῦ

268 1714 463 1770 οὐσίαν
498 1722 616 1776 τοῖς
646 1717 853 1777 τέκνοις
897 1716 972 1779 ὡς
1008 1711 1264 1772 ἐϐούλετο
1323 1713 1639 1791 διαμερίσας
1686 1714 1773 1768 καὶ
1832 1715 1929 1782 τὴν

269 1806 585 1860 ὑπόλοιπον
614 1804 805 1875 πένησι
833 1803 1132 1879 διανείμας,
1163 1807 1225 1860 τὸ
1285 1810 1392 1860 τῶν
1456 1809 1715 1879 μοναχῶν
1773 1824 1929 1877 περι-

2124 1268 2189 1323 At
2240 1267 2396 1323 enim
2462 1267 2745 1339 magister
2820 1272 3120 1325 Romanus
3177 1271 3466 1341 Saronita,
3528 1290 3703 1345 gener

2049 1357 2207 1413 senis
2263 1356 2528 1424 Romani,
2580 1374 2705 1428 quae
2764 1358 2998 1414 Volucri
3056 1364 3112 1414 et
3170 1358 3303 1414 aliis
3361 1363 3698 1420 evenissent

2048 1463 2312 1512 cernens,
2346 1446 2683 1518 veritusque
2714 1464 2785 1503 ne
2816 1447 2970 1502 idem
3006 1448 3118 1503 sibi
3170 1450 3529 1521 contingeret
3558 1452 3699 1523 quia

2047 1537 2117 1591 ob
2149 1535 2521 1606 splendorem
2555 1553 2728 1590 suum
2764 1536 2990 1591 invisus
3042 1542 3465 1609 suspectusque
3516 1546 3693 1624 esset,

2045 1643 2183 1696 opes
2215 1642 2352 1680 suas
2385 1642 2491 1679 suo
2550 1626 2831 1680 arbitratu
2876 1627 3026 1681 inter
3065 1627 3282 1682 liberos
3316 1645 3455 1683 suos
3487 1630 3692 1685 distri-

2045 1712 2191 1779 buit,
2222 1720 2277 1768 et
2308 1714 2534 1785 reliqua
2565 1715 2921 1787 pauperibus
2970 1716 3254 1787 elargitus
3300 1716 3360 1773 in
3396 1723 3689 1774 monaste-

2043 1801 2195 1857 rium
2230 1804 2508 1875 Elegrnon
2542 1820 2603 1859 se
2635 1804 2902 1869 contulit,
2942 1804 3139 1876 ibique
3188 1806 3513 1863 monachus
3544 1808 3694 1863 mul-

267 1890 537 1949 ϐάλλεται
596 1892 835 1966 ἔνδυμα.
914 1895 1010 1949 Καὶ
1067 1894 1119 1949 ἐν
1178 1899 1247 1969 τῇ
1305 1900 1385 1966 τῷ
1443 1894 1728 1969 Ἐλεγμῶν
1792 1894 1931 1966 μονῇ

2053 1898 2132 1945 :os
2164 1908 2264 1963 per
2294 1894 2446 1948 343
2480 1910 2666 1949 annos
2696 1894 2854 1964 vixit,
2886 1898 3093 1965 estque
3124 1896 3195 1950 ab
3229 1896 3686 1969 imperatoribus

261 1985 701 2059 γενόμενος,καῖ
744 1987 942 2059 χρόνον
998 1986 1195 2060 συχνὸν
1256 1986 1307 2041 ἐν
1369 1984 1505 2059 αὐτῇ
1563 1983 1919 2060 παραμείνας,

266 2076 375 2128 ὑπὸ
403 2079 515 2127 τῶν
553 2076 688 2148 μετὰ
727 2078 892 2129 ταῦτα
944 2073 1209 2151 βασιλέων
1260 2074 1503 2147 ἐτιμήθη
1533 2071 1922 2152 διαφερόντως.

338 2165 494 2219 Κατὰ
548 2163 775 2225 τούτους
830 2163 960 2226 τοὺς
1019 2165 1251 2240 χρόνους
1326 2165 1461 2239 ἀνήρ
1535 2183 1619 2224 τις
1690 2162 1920 2237 ἀνεφάνη

262 2249 593 2327 Φιλώραιος
655 2250 1016 2325 καλούμενος,
1092 2253 1431 2321 ὑπασπιστὴς
1518 2249 1589 2306 ὣν
1645 2252 1927 2323 Ῥωμαδοῦ

266 2343 578 2418 μαγίστρου
610 2345 704 2398 τού
737 2341 1003 2414 Μωσηλὲ,
1051 2349 1149 2398 τοῦ
1208 2343 1431 2419 ἐκγόνου
1489 2344 1775 2415 Ῥωμανοῦ
1832 2345 1928 2396 τοῦ

262 2432 547 2506 γέροντος.
610 2432 777 2495 Οὗτος
852 2429 1052 2496 ἄνωθεν
1101 2430 1277 2487 ἵππου
1336 2430 1615 2486 ὠκυτάτου
1685 2429 1768 2485 ἐπὶ
1830 2434 1927 2494 τῆς

265 2518 584 2598 ἐφεστρίδος
640 2520 926 2593 ἷστάμενος
998 2517 1201 2598 ὄρθιος,
1256 2522 1345 2576 καὶ
1386 2520 1535 2598 ξίφος
1590 2526 1711 2581 ταῖς
1772 2518 1930 2595 χερσὶ

272 2611 578 2685 βαστάζων,
632 2615 730 2665 τοῦ
779 2608 953 2665 ’ἱππου
983 2612 1278 2688 τρέχοντος
1303 2611 1427 2665 ὅσον
1462 2607 1684 2665 ἐδύνατο
1715 2607 1932 2665 κυκλῶν

269 2700 425 2772 ἐπῄει
485 2701 577 2753 τὸν
640 2700 859 2774 εὔριπον
934 2708 1032 2769 τῆς
1090 2698 1465 2773 ἱπποδρομίας
1521 2700 1763 2775 στρέφων
1819 2696 1930 2753 ἄνω

266 2788 359 2841 καὶ
406 2789 558 2841 κάτω
599 2788 663 2843 τὸ
711 2787 861 2864 ξίφος
892 2790 979 2843 καὶ
1020 2786 1148 2861 μηδ’
1191 2786 1339 2851 ὅλως
1396 2787 1799 2853 ὑπολσσθαίνων
1830 2789 1927 2859 τῆς

270 2876 534 2939 στάσεως.

341 2964 615 3022 Ἑπέδωκε
660 2964 707 3022 δ’
768 2968 819 3021 ἐν
883 2972 1002 3029 ταῖς
1051 2966 1287 3043 ἡμέραις
1337 2966 1557 3028 ταύτης
1614 2965 1703 3021 καὶ
1757 2964 1927 3019 πάλαι

266 3058 368 3124 τήν
426 3057 717 3128 Ῥωμαίων
764 3055 914 3112 ἐπιόν
963 3077 1021 3112 τε
1067 3058 1155 3111 καὶ
1216 3056 1615 3129 λυμαινόμενον
1673 3054 1763 3109 καὶ
1810 3052 1928 3108 δια-

267 3147 491 3222 φθεῖρον
549 3144 677 3206 τοὺς
748 3146 878 3219 βόας
954 3147 1015 3201 τὸ
1075 3145 1328 3218 λοιμικὸν
1389 3146 1583 3213 πάθος,
1638 3143 1666 3198 6'
1719 3138 1930 3219 κράϐρα

265 3234 689 3306 κατονομάζετε.
752 3234 893 3289 Φασὶ
949 3232 1005 3289 δὲ
1060 3236 1157 3305 τήν
1218 3237 1399 3311 ἀρχὴν
1429 3238 1590 3290 τοῦτο
1623 3229 1808 3288 λαϐεῖν
1841 3232 1925 3287 ἐπὶ

264 3328 380 3377 τῶν
434 3326 655 3400 ἡμερῶν
706 3328 804 3378 τοῦ
851 3325 1109 3399 γέροντος
1150 3326 1454 3396 Ῥωμανοῖκ
1515 3325 1772 3398 Ἔγγιστα
1825 3324 1925 3394 γάρ

264 3420 370 3481 τῆς
421 3418 521 3467 τοῦ
577 3414 768 3468 Βώνου
816 3414 1132 3488 κινστέρνης
1171 3413 1458 3487 ἀναψυχὴν
1518 3412 1693 3483 ἑαυτῷ
1720 3414 1819 3475 τῆς
1851 3423 1932 3474 θε-

269 3509 429 3577 ρινῆς
466 3503 672 3574 θέρμης
731 3502 972 3557 παλάτια
1026 3506 1122 3556 τοῦ
1174 3503 1465 3575 Ῥωμανοῦ
1539 3502 1926 3576 ἀνεγείροντος,

266 3592 360 3644 καὶ
395 3596 502 3645 τῶν
536 3590 801 3663 θεμελίων
851 3586 1347 3663 καταϐαλλομένων
1412 3592 1538 3666 βοός
1569 3612 1725 3668 φασιν
1778 3591 1926 3665 εὑρε-

263 3687 430 3749 θῆναι
467 3681 811 3755 μαρμαρίνόυ
850 3680 1116 3757 κεφαλὴν,
1157 3683 1223 3751 ἣν
1258 3683 1310 3735 οἱ
1342 3682 1588 3755 εὑρόντες
1620 3679 1928 3755 συντρίψαν-

260 3790 350 3831 τες
385 3769 463 3832 εἰς
488 3771 589 3837 τήν
619 3774 714 3824 τοῦ
737 3769 953 3824 τιτάνου
982 3770 1205 3843 κάμινον
1240 3766 1627 3843 ἐμϐάλλουσιν.
1662 3770 1743 3840 Ἐξ
1794 3766 1929 3821 ἐκεί-

261 3879 360 3912 νου
397 3855 444 3911 δ’
472 3857 604 3933 ἄχρι
634 3863 743 3913 τῶν
776 3856 909 3933 τῇδε
941 3859 1153 3935 χρόνων
1190 3859 1294 3913 οὑκ
1322 3856 1623 3913 ἐπαύσαντο
1647 3861 1930 3932 πανταχοῦ

254 3955 361 4017 τῆς
394 3954 504 4020 γῆς
536 3948 746 4018 ὁπόσην
780 3950 815 4017 ἡ
842 3952 947 4003 τῶν
984 3947 1271 4021 Ῥωμαίων
1328 3948 1572 4023 περιέχει
1628 3943 1929 4014 δυναστεία,

250 4041 325 4091 τά
357 4042 469 4091 τῶν
510 4038 651 4113 βοῶν
685 4037 1083 4115 ςιαφθείρεσθαι
1114 4039 1263 4114 γένη.

330 4128 402 4183 Ὀ
462 4124 521 4180 δὲ
593 4128 878 4198 Ῥωμανὸς
949 4129 1383 4201 παρορμώμενος
1461 4126 1563 4181 ὑπὸ
1618 4132 1717 4193 τῆς
1767 4123 1931 4179 αὐτοῦ

628 4223 967 4291 κατενεγκεῖν
1057 4216 1311 4290 ἐπειράθη
1412 4220 1520 4269 τῶν
1638 4211 1928 4288 βασιλείων

257 4306 500 4373 Ἑλένην
556 4326 613 4359 τε
668 4307 769 4375 τήν
826 4307 1036 4379 μητέρα
1093 4305 1181 4360 καὶ
1239 4306 1334 4367 τὰς
1397 4302 1673 4381 ἀδελφάς,
1729 4302 1815 4357 καὶ
1878 4302 1929 4356 ἐν

262 4400 386 4455 toi;
439 4393 730 4455 παλατίοις
803 4400 912 4449 τῶν
982 4395 1274 4470 Ἀνςιόχου
1342 4394 1667 4470 περιορίσαι.
1730 4396 1933 4446 Γνοῦσα

266 4481 325 4536 is
386 4488 552 4536 τοῦτο
609 4486 643 4553 ἡ
680 4483 872 4551 Ἑλένη
901 4486 985 4557 [Ρ.
1018 4486 1148 4556 645]
1194 4482 1283 4538 καὶ
1332 4485 1467 4556 πρὸς
1516 4484 1745 4556 θρήνους
1804 4501 1933 4555 τρα-

265 4578 435 4625 πεῖσα
477 4572 570 4625 καὶ
630 4574 764 4647 ἀράς
821 4570 1141 4641 ἐδυσώπησε
1196 4574 1285 4627 τὸν
1349 4572 1486 4638 υἱὸν,
1520 4564 1936 4639 διευλαϐηθέντα

256 4217 530 4288 γυναικὸς

2039 1980 2541 2052 subsequentibus
2572 1983 2632 2038 in
2666 2000 2880 2056 magno
2911 1984 3133 2040 honore
3162 1985 3428 2045 habitus.

2108 2160 2215 2215 Per
2241 2160 2396 2216 idem
2428 2164 2658 2234 tempus
2690 2162 2777 2216 vir
2808 2162 3049 2235 quidam
3098 2164 3323 2219 exstitit
3370 2163 3684 2221 Philoreeus

2043 2249 2297 2317 nomine,
2314 2251 2563 2321 stipator
2594 2251 2860 2323 magistri
2880 2253 3121 2307 Romani
3155 2253 3687 2327 Moselis,prognati

2042 2356 2075 2394 a
2106 2340 2369 2395 Romano
2391 2357 2546 2395 sene.
2582 2343 2636 2395 Is
2668 2340 2755 2394 vir
2783 2340 2997 2412 injecta
3016 2347 3174 2397 veste
3203 2358 3355 2414 equo
3386 2343 3688 2398 celerrimo

2041 2428 2093 2483 ei
2144 2428 2461 2483 insistebat
2509 2433 2726 2495 rectus,
2778 2429 3041 2501 gladium
3100 2430 3377 2486 manibus
3425 2436 3686 2503 gestans,

2042 2534 2215 2589 quem
2248 2535 2398 2589 equo
2447 2518 2905 2575 concitatissime
2953 2525 3224 2577 currente
3267 2525 3490 2587 rotans,
3525 2521 3686 2577 euri-

2042 2623 2183 2679 pum
2215 2607 2361 2662 Circi
2385 2608 2779 2678 percurrebat,
2812 2608 3073 2681 gladium
3105 2627 3346 2666 sursum
3378 2611 3688 2666 deorsum-

2039 2712 2149 2767 que
2176 2712 2441 2763 versans,
2472 2702 2529 2753 et
2559 2714 2630 2753 ne
2662 2697 2976 2753 minimum
3010 2699 3245 2771 quidem
3295 2699 3538 2772 vestigio
3574 2716 3684 2757 suo

2039 2784 2295 2842 elabens.

2109 2967 2274 3021 Tunc
2303 2965 2481 3022 etiam
2512 2965 2769 3022 intendit
2797 2984 2925 3023 sese
2952 2968 3196 3023 morbus
3238 2968 3541 3040 pestilens,
3579 2984 3683 3041 no-

2042 3056 2197 3111 mine
2246 3056 2473 3127 crabra,
2517 3056 2856 3125 jamdulum
2900 3057 3074 3113 boves
3122 3062 3521 3115 Romanorum
3568 3061 3689 3115 ten-

2040 3149 2173 3200 tans
2205 3150 2379 3217 atque
2413 3146 2679 3216 perdens.
2717 3147 2932 3202 Ferunt
2962 3146 3021 3201 id
3071 3148 3317 3219 ccepisse
3359 3148 3687 3220 imperante

2043 3235 2303 3289 Romano
2337 3251 2494 3290 sene.
2528 3236 2670 3290 Cum
2704 3236 2860 3290 enim
2894 3235 3155 3307 proxime
3187 3238 3331 3293 Boni
3373 3238 3685 3294 cisternam

2042 3323 2325 3395 palatium
2358 3323 2454 3378 ille
2486 3324 2780 3388 conderet,
2817 3325 2874 3377 in
2917 3341 3031 3395 quo
3063 3342 3125 3379 se
3174 3326 3246 3379 ab
3290 3327 3500 3381 ardore
3547 3326 3689 3382 solis

2040 3413 2237 3467 aestivo
2296 3412 2686 3485 refrigeraret,
2739 3413 2880 3467 dum
2942 3414 3327 3470 fundamenta
3383 3421 3687 3486 parantur,

2039 3502 2317 3557 effossum
2351 3502 2548 3556 ferunt
2579 3500 2735 3555 bovis
2768 3502 3080 3557 marmorei
3112 3506 3307 3575 caput,
3340 3504 3496 3574 quod
3529 3504 3691 3559 abiis

2039 3591 2139 3661 qui
2171 3595 2507 3663 repererant
2548 3591 2911 3646 confractum
2964 3596 3021 3645 et
3058 3592 3116 3646 in
3169 3593 3463 3648 fornacem
3497 3592 3690 3647 calca-

2038 3680 2184 3735 riam
2217 3681 2498 3750 injectum
2529 3685 2638 3735 est.
2667 3681 2748 3735 Ex
2794 3696 2860 3735 eo
2909 3684 3171 3752 tempore
3210 3682 3267 3735 in
3316 3682 3473 3737 hunc
3505 3698 3693 3753 usque

2039 3769 2194 3824 diem
2230 3769 2411 3838 pestis
2441 3773 2703 3824 armenta
2746 3769 2921 3823 boum
2955 3785 3059 3840 per
3105 3770 3437 3826 universam
3472 3771 3690 3827 Roma-

2041 3875 2245 3913 norum
2281 3858 2558 3913 ditionem
2592 3857 2865 3914 infestare
2896 3876 3203 3931 nunquam
3235 3860 3431 3917 desiit.

2114 4126 2288 4180 Porro
2319 4124 2638 4196 imperator
2669 4124 2867 4180 uxoris
2911 4125 3195 4180 instinctu
3245 4125 3527 4181 Helenam
3574 4143 3695 4183 ma-

2043 4220 2193 4270 trem
2226 4218 2283 4268 et
2313 4229 2542 4268 sorores
2576 4230 2714 4267 suas
2746 4212 2879 4268 aula
2908 4230 3178 4269 amovere
3206 4220 3263 4269 et
3292 4215 3349 4268 in
3410 4216 3696 4286 palatium

2045 4303 2318 4358 Antiochi
2352 4302 2608 4374 relegare
2640 4303 2870 4357 statuit.
2904 4303 3069 4369 Quod
3102 4302 3202 4358 ubi
3253 4303 3487 4360 rescivit
3535 4306 3698 4360 344

2042 4392 2279 4459 Helena,
2314 4392 2382 4446 ad
2420 4390 2835 4461 quiritationes
2859 4400 2911 4446 el
2962 4392 3388 4448 exsecrationes
3419 4409 3701 4450 conversa

2046 4482 2231 4536 ﬁlium
2265 4496 2467 4536 earum
2502 4484 2659 4535 metu
2694 4498 2727 4535 a
2780 4483 3077 4552 proposito
3130 4481 3434 4550 deterruit,
3494 4488 3701 4554 estque

2047 4571 2400 4642 permissum
2429 4569 2479 4624 ei
2513 4573 2577 4623 ut
2604 4569 2660 4623 in
2688 4568 2902 4640 palatio
2932 4575 3214 4626 maneret.
3234 4575 3472 4627 Sorores
3500 4576 3700 4628 tamen

262 4662 364 4721 τας
423 4660 471 4732 ἐξ
526 4661 693 4726 αύτῆς
736 4663 992 4737 κατάρας.
1023 4660 1179 4718 Ἀλλ’
1234 4660 1369 4731 αὕτη
1410 4661 1503 4733 μὲν
1550 4660 1700 4729 εἷάθη
1762 4660 1931 4731 μένειν

2053 4674 2219 4730 opera
2246 4658 2511 4723 Joannis,
2546 4657 2647 4729 qui
2696 4658 2961 4713 Studiani
3014 4659 3354 4715 monasterii
3403 4667 3527 4717 erat
3558 4678 3702 4734 prae-

264 4750 411 4804 κατὰ
440 4750 648 4825 χώραν,
682 4753 776 4815 τὰς
810 4749 856 4805 δ’
888 4749 1127 4822 ἀδελφὰ)
1179 4752 1493 4826 καταγαγὼν
1546 4747 1636 4803 διὰ
1680 4748 1933 4802 Ἰωάννου

264 4839 651 4912 καθηγεμόνος
675 4846 784 4894 τῶν
836 4838 1101 4895 Στουδίου
1142 4840 1392 4914 ἀπέκειρε
1448 4840 1712 4913 μοναχάς.
1766 4838 1835 4892 Al
1878 4834 1934 4890 δὲ

524 4930 881 5004 ὑποχωρήσει
938 4930 1134 4983 τούτου
1191 4930 1290 4997 τήν
1365 4928 1672 5001 μοναχικὴν
1730 4923 1930 4980 ἀποδυ-

271 5018 511 5089 σάμεναι
534 5016 734 5086 ἐσθῆτα
767 5018 1140 5095 ἐκρεωφάγουν
1174 5021 1269 5092 (5).
1303 5019 1361 5075 Ἣ
1398 5014 1455 5071 δὲ
1484 5014 1676 5085 Ἑλένη
1707 5019 1775 5089 τῇ
1825 5018 1929 5069 τῶν

272 5108 589 5182 θυγατέρων
616 5112 915 5182 καταγωγῇ
956 5106 1393 5183 περιαλγήσασα,
1438 5106 1528 5160 καὶ
1582 5104 1775 5180 μικρὸν
1816 5103 1932 5158 ἐπι-

269 5200 486 5265 ζήσασα
518 5197 743 5271 χρόνον,
766 5200 835 5270 τῇ
867 5204 911 5252 κ’
942 5202 1039 5251 τοῦ
1073 5190 1448 5270 Σεπτεμϐρίου
1502 5194 1697 5267 μηνὸς,
1746 5199 1848 5261 τῆς
1897 5194 1939 5245 ε’

268 5284 619 5347 ἰνδικτιῶνος
649 5280 864 5340 ἀπεϐίω
894 5284 984 5340 καὶ
1019 5284 1317 5361 βασιλικῶς
1350 5283 1735 5357 ἐκκομισθεῖσα
1764 5280 1931 5360 ἐτάφη

272 5375 320 5429 ἐν
458 5375 687 5449 λάρνακι
719 5378 819 5430 τοῦ
849 5374 1068 5449 αατρός·

345 5466 666 5542 Νικηφόρος
729 5462 789 5519 δὲ
836 5465 866 5519 6
938 5467 1154 5534 Φωκᾶς,
1215 5463 1289 5526 ὡς
1338 5459 1638 5537 ἔμπροσθεν
1697 5456 1931 5535 εἷ’ρηται,

2046 4748 2252 4818 fectus,
2280 4746 2525 4802 abduxit
2556 4749 2872 4819 imperator
2901 4753 2959 4803 et
3003 4749 3324 4805 monochas
3357 4750 3531 4818 fecit;
3565 4768 3701 4823 quae

2046 4837 2243 4892 statim
2281 4854 2347 4891 eo
2387 4838 2651 4909 digresso
2701 4841 2917 4892 vestem
2969 4839 3355 4894 monasticam
3405 4847 3694 4897 exuerunt

2043 4932 2099 4981 et
2130 4942 2332 4981 carnes
2366 4927 2817 4982 manducarunt.
2852 4926 3067 4982 Helena
3115 4928 3265 4985 filias
3310 4927 3446 4984 aula
3500 4936 3691 4989 motas

2047 5017 2347 5086 aegerrime
2394 5015 2551 5085 tulit,
2611 5032 2801 5087 neque
2849 5016 2948 5071 diu
2998 5018 3338 5088 supervixit,
3391 5021 3490 5075 sed
3535 5021 3691 5077 diem

2048 5122 2218 5159 suum
2254 5106 2400 5160 obiit
2430 5105 2522 5160 die
2551 5107 2622 5160 20
2642 5106 3021 5179 Septembris,
3054 5106 3373 5164 indictione
3413 5109 3468 5163 5.
3504 5110 3571 5165 Et
3602 5127 3697 5167 re-

2048 5193 2166 5265 gali
2198 5194 2401 5249 funere
2433 5196 2584 5250 elata
2616 5195 2673 5249 in
2702 5212 2896 5251 arcam
2931 5195 3114 5267 patris
3146 5204 3233 5251 est
3262 5198 3588 5255 recondita.

2120 5460 2486 5532 Nicephorus
2517 5466 2712 5517 autem
2772 5462 2992 5519 Phocas
3041 5465 3228 5535 Creta,
3282 5466 3368 5522 uti
3419 5467 3682 5523 diximus

1474 5623 1852 5681 XYLANDRI
1893 5622 1984 5678 ET
2023 5621 2245 5678 GOARI
2286 5621 2519 5678 NOTE.

354 5764 441 5836 (5)
469 5762 810 5821 Nefandum
844 5760 1152 5822 monachis
1173 5759 1387 5817 Grecis
1417 5758 1667 5829 facinus,
1695 5758 1869 5814 etiam
1901 5757 2152 5830 aegrotis.
2181 5758 2360 5814 Goaa.
