4026 6210
280 346 360 413 ’19
1632 352 1951 413 GEORGII
1997 351 2335 413 GEDRENI

3610 355 3693 417 80

267 484 477 555 jussus
507 485 782 542 decedere
812 486 897 541 ita
926 491 1016 542 est
1048 492 1109 541 ut
1142 503 1255 541 non
1287 485 1487 542 liceret
1510 486 1561 542 ei
1592 486 1794 556 Cpolin
1829 485 1917 540 in-

2044 484 2396 561 προσταχθεὶς
2452 481 2513 538 ἐκ
2564 484 2787 557 Κρήτης
2844 480 3157 550 ἐπανελθεῖν
3199 486 3261 541 οὐ
3320 489 3683 562 συνεχωρήθη

277 575 349 629 de
380 574 568 629 redire
600 590 613 629 ε
649 576 747 631 sed
782 577 1125 631 mandatum
1158 580 1247 630 est
1273 581 1338 629 ut
1379 592 1513 629 cum
1564 576 1725 629 omni
1758 590 1923 629 exer-

278 667 393 718 citu
428 664 485 718 in
518 663 809 720 Orientem
842 665 1138 720 transiret.
1171 664 1317 718 Nam
1353 666 1424 719 ab
1473 670 1709 734 accepta
1762 662 1923 717 clade

276 769 339 807 se
369 752 715 824 recolligens
747 753 1103 809 Chabdanus
1124 753 1252 822 jam
1285 769 1413 806 sese
1443 752 1724 823 erigebat,
1759 767 1922 807 coac-

277 846 455 911 toque
485 842 554 895 ad
588 859 848 914 pugnam
880 844 1088 897 idoneo
1120 844 1383 896 exercitu
1432 842 1683 911 jamjam
1716 841 1774 894 in
1809 840 1923 894 Ro-

278 946 485 985 manos
517 937 805 985 moturus.
840 931 984 985 Eum
1016 930 1262 993 Phocas,
1296 929 1353 983 in
1391 932 1615 1000 Syriam
1651 934 1713 984 ut
1746 929 1922 995 venit,

276 1019 472 1091 praelio
504 1020 802 1092 superavit
830 1037 896 1074 ac
928 1019 1098 1085 fudit,
1152 1026 1208 1074 et
1237 1021 1296 1073 in
1329 1021 1557 1091 Syriam
1585 1019 1923 1074 interiorem

162 1144 167 1149 ι
275 1108 595 1179 compulit;
632 1109 834 1163 urbem
864 1109 1199 1164 Berrhoeam
1226 1115 1462 1178 excepta
1483 1125 1613 1163 arce
1645 1108 1927 1164 evastavit

278 1213 642 1268 magnasque
675 1198 755 1252 ibi
785 1214 945 1268 opes,
980 1201 1234 1268 praedam
1271 1197 1622 1269 locupletem
1682 1205 1739 1252 et
1772 1197 1925 1251 mul-

274 1291 365 1341 tos
397 1287 655 1357 captivos
692 1287 951 1356 abduxit,
1012 1287 1278 1341 liberatis
1336 1288 1514 1341 etiam
1570 1291 1628 1341 et
1682 1288 1922 1341 domum

278 1375 544 1430 dimissis
604 1374 953 1431 Christianis
985 1375 1084 1446 qui
1140 1374 1222 1431 ibi
1276 1375 1486 1447 captivi
1545 1375 1764 1430 detenti
1799 1374 1924 1428 fue-

280 1467 430 1519 rant.

347 1735 512 1788 Anno
545 1732 905 1788 mundi647l
934 1736 1203 1788 mortuus
1232 1736 1321 1789 est
1346 1733 1645 1788 Romanus
1676 1731 1924 1802 impera-

278 1826 389 1888 tor,
420 1822 489 1876 45
518 1822 611 1877 die
641 1822 832 1877 Martii
862 1823 1013 1877 345
1050 1822 1293 1890 mensis,
1334 1820 1651 1876 indictione
1679 1824 1926 1888 6,annos

280 1917 455 1967 natus
483 1912 572 1965 24.
600 1912 917 1982 Imperavit
936 1928 1122 1967 annos
1152 1912 1186 1965 3
1218 1927 1450 1966 menses
1482 1912 1514 1965 4
1536 1911 1662 1965 dies
1689 1911 1743 1965 5.
1776 1914 1925 1964 Mor-

279 2000 356 2055 tis
387 2017 622 2055 causam
656 2000 752 2056 alii
784 2000 968 2055 fuisse
1001 2000 1260 2065 tradunt,
1308 2000 1464 2070 quod
1524 2000 1825 2053 luxuriosa
1872 2002 1930 2052 et

282 2089 686 2162 voluptatibus
718 2089 912 2144 dedita
958 2090 1079 2144 vita
1117 2088 1531 2159 corpusculum
1565 2087 1881 2144 attrivisset
1914 2104 1925 2141 :

287 2178 386 2234 alii
445 2194 665 2234 veneno
721 2178 1074 2233 exstinctum
1130 2183 1361 2248 putant.
1424 2177 1745 2247 Imperium
1804 2179 1931 2246 ejus

290 2274 477 2322 morte
505 2267 576 2323 ad
609 2267 889 2322 Basilium
922 2272 979 2322 et
1004 2267 1449 2321 Constantinum
1482 2266 1673 2336 ipsius
1703 2265 1854 2319 filios
1879 2268 1936 2318 et

290 2372 490 2412 eorum
527 2366 767 2411 matrem
799 2355 1294 2425 Theophanonem
1328 2354 1539 2420 rediit;
1574 2369 1706 2424 quae
1754 2353 1933 2407 biduo

290 2451 424 2501 ante
455 2450 703 2501 mortem
736 2444 931 2499 mariti
963 2444 1143 2498 filiam
1176 2459 1411 2514 quoque
1442 2443 1799 2514 peperit,cui
1825 2446 1934 2495 An-

290 2552 379 2591 nae
411 2551 625 2590 nomen
659 2535 937 2589 fecerunt.
958 2533 1195 2588 Statura
1225 2533 1337 2586 fuit
1368 2531 1668 2587 Romanus
1702 2546 1934 2601 magna,

288 2639 623 2696 quanquam
652 2627 815 2693 patre
838 2622 1050 2686 minor,
1096 2623 1330 2691 ingenio
1382 2619 1607 2691 placido
1658 2636 1723 2673 ac
1770 2636 1933 2673 man-

288 2718 475 2779 sueto,
508 2717 566 2767 et
595 2712 967 2767 mediocriter
996 2711 1333 2775 animatus;
1367 2716 1424 2763 et
1480 2710 1753 2780 quamvis
1813 2714 1938 2762 erat

282 2802 542 2873 juvenis,
576 2800 720 2855 satis
750 2798 834 2853 illi
867 2804 1062 2854 tamen
1124 2799 1333 2854 fuisset
1370 2797 1589 2868 ingenii
1622 2813 1688 2851 ac
1720 2797 1938 2867 perspi-

290 2890 463 2947 cacize
492 2890 565 2945 ad
600 2888 1023 2959 rempublicam
1057 2888 1525 2960 gubernandam,
1558 2891 1608 2942 si
1640 2887 1689 2940 ei
1721 2886 1779 2940 id
1840 2903 1941 2957 per

292 2980 546 3037 famulos
575 2978 862 3043 licuisset,
896 2978 997 3047 qui
1029 2994 1161 3031 cum
1186 2976 1550 3047 juvenilibus
1604 2975 1939 3045 cupiditati-

292 3069 403 3124 bus
434 3084 500 3122 ac
531 3064 746 3123 studiis
777 3065 1040 3121 deditum
1073 3082 1201 3120 esse
1217 3065 1621 3131 voluerunt,ut
1649 3064 1762 3135 ipsi
1796 3080 1941 3119 rem-

293 3155 591 3229 publicam
620 3158 939 3211 tractantes
961 3155 1225 3226 ingentes
1247 3155 1622 3209 corraderent
1650 3169 1790 3224 opes
1823 3170 1836 3220 ;
1861 3158 1942 3207 at-

2035 573 2291 629 εἶσελθεῑν
2326 575 2402 635 είς
2431 574 2530 641 τήν
2571 572 2982 648 βασιλεύουσαν,
3022 573 3149 631 ἀλλ’
3210 576 3260 631 ἐν
3318 580 3386 649 τῇ
3419 577 3684 650 Ἀνατολῇ

2035 663 2321 733 ἐκελεύσθη
2394 662 2782 737 παραγενέσθαι
2844 663 2979 736 μετὰ
3023 666 3219 727 παντὸς
3277 669 3374 719 τοῦ
3432 670 3682 739 στρατοῦ.

2034 747 2466 824 Ἀναλαμϐάνων
2515 753 2613 827 γὰρ
2688 751 2873 807 ἑαυτὸν
2926 752 2986 808 ἐκ
3053 756 3150 824 τῆς
3205 756 3469 829 προτέρας
3518 754 3689 824 ἥττης

2036 842 2062 895 6
2120 836 2333 897 Χαϐδᾶν
2402 840 2684 919 ἀναφέρειν
2735 838 2936 911 ἤρξατο
3014 842 3224 912 πάλιν,
3296 844 3386 899 καὶ
3464 845 3687 916 στρατὸν

2035 927 2334 1002 ἀξιόμαχον
2390 931 2665 1002 ἡθροικὼς
2701 973 2714 996 ,
2773 927 3148 1003 προσδόκιμος
3206 934 3270 1000 ἧν
3342 930 3688 1001 ἐπιθήσεσθαι

2033 1023 2149 1079 τοῖς
2192 1016 2478 1090 Ῥωμαίων
2536 1016 2768 1093 ἄρχουσί
2816 1039 2873 1073 τε
2915 1020 3005 1073 καὶ
3053 1018 3388 1095 πράγμασιν.
3422 1018 3581 1075 Ἀλλ’
3635 1019 3689 1075 ἐν

2036 1107 2205 1181 Συρίᾳ
2235 1108 2525 1181 γενόμενος
2578 1109 2605 1161 6
2651 1113 2869 1175 Φωκᾶς,
2917 1108 3008 1162 καὶ
3044 1106 3267 1180 σταδαίᾳ
3301 1109 3452 1184 μάχῃ
3495 1107 3687 1164 τοῦτον

2032 1196 2385 1270 τρεψάμενος,
2437 1197 2526 1250 καὶ
2569 1197 2704 1251 κατὰ
2759 1197 2955 1269 κράτος
3005 1200 3286 1268 ἡττήσας,
3357 1199 3444 1253 καὶ
3500 1198 3575 1259 είς
3622 1200 3690 1253 τὰ

2036 1282 2289 1359 ὲνδότιρα
2336 1292 2435 1354 τῆς
2478 1290 2677 1360 Συρίας
2708 1284 3007 1356 ἀπελάσας,
3059 1289 3157 1355 τήν
3211 1284 3373 1341 πόλιν
3428 1286 3687 1363 Βὲῥροιαν

2036 1372 2358 1449 ἐξεπόρθησε
2389 1371 2521 1448 δίχα
2548 1381 2648 1443 τῆς
2678 1372 3051 1446 ἀκροπόλεως,
3082 1374 3172 1430 καὶ
3223 1373 3398 1430 πολὺν
3449 1376 3687 1431 πλοῦτον

2036 1460 2183 1517 λείαν
2214 1464 2303 1517 καὶ
2353 1461 2746 1538 αἰχμαλώτους
2800 1459 3011 1533 ἔλαϐεν,
3046 1461 3412 1539 ἐλευθερώσας
3440 1465 3529 1519 καὶ
3560 1466 3688 1528 τοὺς

2035 1550 2205 1605 ἐκεῖσε
2232 1548 2488 1623 δεσμίους
2511 1553 2911 1628 κατεχομὲνους
2931 1551 3283 1628 Χριστιανοὺς
3311 1554 3402 1607 xui
3430 1553 3513 1608 ἐπ’
3536 1550 3689 1608 οἷ’κου

2035 1639 2334 1713 ἐκπέμψας.

2111 1730 2167 1783 ιε’
2200 1727 2256 1783 δὲ
2289 1729 2535 1804 Μαρτίου
2588 1731 2782 1802 μηνὸς,
2814 1737 2915 1799 τῆς
2948 1733 2992 1795 ς’
3049 1729 3409 1798 ἷνδικτιῶνος,
3471 1730 3523 1786 ἐν
3580 1729 3690 1787 ἔτει

2036 1819 2216 1892 lquou',
2247 1815 2561 1887 ἐτελεύτησε
2590 1820 2862 1890 Ῥωμανὸς
2906 1820 2934 1873 6
2996 1817 3274 1894 βασιλεὺς,
3330 1817 3463 1874 ἐτῶν
3524 1820 3690 1896 ὑπάρο

2038 1927 2152 1983 χων
2188 1904 2289 1975 κδ’,
2329 1905 2649 1982 βασιλεύσας
2699 1907 2790 1977 ἔτη
2855 1910 2920 1982 ιγ’
2953 1912 3027 1979 (6)
3091 1914 3265 1981 μῆνας
3318 1905 3364 1962 δ’
3406 1910 3496 1963 xui
3548 1909 3688 1980 ἠμί-

2041 2016 2135 2071 ρας
2167 1996 2223 2064 ε’,
2284 1996 2359 2056 ὡς
2423 1995 2515 2068 μέν
2576 2017 2739 2063 τινες,
2779 1997 2842 2051 τὸ
2873 1997 3066 2052 ἑαυτοῦ
3099 1998 3315 2073 σαρκίον
3348 2018 3687 2072 προκατανα-

2041 2084 2221 2146 λώσας
2279 2089 2397 2146 ταῖς
2429 2084 2735 2160 αἶ’σχίσταις
2765 2085 2853 2139 καὶ
2903 2083 3221 2164 φιληδόννις
3279 2088 3553 2160 πράξεσιν,
3616 2088 3691 2149 ὡς

2042 2172 2087 2229 δ’
2115 2172 2297 2249 ἕτερος
2330 2168 2448 2249 ἔχει
2504 2174 2693 2250 λόγος,
2753 2176 3059 2253 φαρμάκοις
3119 2175 3437 2252 ἀναιρεθείς,
3499 2174 3689 2232 Διαδέ-

2044 2283 2235 2338 χονται
2297 2261 2353 2317 δὲ
2408 2265 2506 2332 τὴν
2540 2263 2704 2317 αὑτοῦ
2739 2263 3015 2337 βασιλείαν
3052 2264 3334 2327 Βασίλειος
3388 2265 3475 2319 καὶ
3537 2268 3695 2321 Κων-

2046 2357 2320 2414 σταντῖνος
2370 2353 2423 2406 οἱ
2481 2350 2670 2413 παῖδες
2720 2353 2883 2406 αὐτοῦ
2940 2352 3032 2407 σὺν
3086 2359 3351 2431 Θεοφανοῖ
3395 2358 3463 2427 τῇ
3528 2354 3694 2429 μητρὶ

2042 2442 2325 2517 τεχθείσης
2366 2440 2514 2514 αύτῷ
2550 2443 2640 2496 xui
2695 2444 2959 2518 θυγατρὸς
3015 2443 3120 2517 πρὸ
3176 2440 3270 2497 δύο
3316 2441 3538 2516 ἡμερῶν
3594 2450 3695 2511 τῆς

2047 2531 2211 2586 αὐτοῦ
2266 2529 2571 2602 τελευτῆς,
2629 2532 2690 2599 ἣν
2754 2532 2935 2586 ’Δνναν
2997 2532 3282 2603 ὠνόμασαν
3320 2577 3332 2589 .
3399 2534 3499 2589 Ἦν
3560 2528 3617 2586 δὲ
3671 2532 3698 2586 6

2046 2621 2346 2691 Ῥωμανὸς,
2384 2619 2548 2691 μέγας
2576 2621 2674 2687 τὴν
2709 2618 2953 2688 ἡλικίαν,
3015 2619 3061 2673 εί
3108 2622 3197 2674 καὶ
3228 2620 3467 2676 ἐλάττων
3500 2622 3565 2689 ἦν
3595 2625 3692 2675 τοῦ

2045 2710 2266 2783 πατρὸς,
2326 2709 2387 2762 τὸ
2447 2708 2581 2776 ἦθος
2633 2710 2839 2783 ἥμερον
2900 2706 3041 2782 ἔχων
3093 2710 3181 2763 καὶ
3232 2716 3426 2784 πρᾶον,
3487 2709 3576 2764 xui
3636 2710 3699 2764 τὸ

2047 2797 2304 2874 φρόνημα
2356 2798 2597 2870 μέτριον.
2659 2796 2865 2872 Καίπερ
2927 2794 2983 2851 δὲ
3015 2798 3133 2859 νὲος
3166 2794 3262 2866 ὣν,
3293 2798 3555 2873 ἀγχίνους
3601 2799 3689 2867 ἦν,

2047 2886 2135 2940 καὶ
2197 2884 2342 2955 ὀξὺς,
2403 2886 2493 2940 καὶ
2567 2886 2633 2940 τὰ
2684 2884 2944 2940 πολιτικά
3019 2881 3280 2962 κυϐερνᾷν
3327 2886 3691 2960 ιῖκανώτατος,

2050 2972 2197 3047 εἷ’περ
2230 2972 2331 3048 ἄρα
2360 2979 2724 3049 συνεχωρεῖτο
2753 2974 2899 3047 παρᾶ
2955 2980 3060 3028 τῶν
3115 2972 3478 3049 θεραπόντων.
3527 2974 3701 3031 Ἀλλὰ

2047 3068 2236 3118 τοῦτον
2273 3065 2326 3117 oi
2376 3062 2697 3118 οἰκειότατοι
2747 3068 2864 3124 ταῖς
2907 3070 3005 3131 τῆς
3033 3064 3287 3133 νεότητος
3342 3061 3702 3128 ὲκδεδωκότες

2052 3154 2272 3227 ὁρμαῖς,
2298 3149 2370 3204 'iv'
2422 3152 2617 3206 ἐκεῖνοι
2664 3151 2731 3205 τὰ
2775 3152 2931 3206 κοινὰ
2979 3151 3251 3225 μετιόντες
3280 3151 3519 3208 πλοῦτον
3561 3153 3700 3230 ἄφα-

292 3262 405 3318 que
436 3245 542 3301 hac
574 3245 798 3301 ratione
824 3260 959 3299 eum
990 3244 1265 3314 ignavum
1316 3247 1371 3298 et
1416 3243 1664 3298 inertem
1696 3242 1931 3313 redege-

2046 3262 2138 3295 τον
2201 3240 2729 3316 ἀποθησαυρίσωσιν,
2780 3239 3130 3315 ἆνενὲργητον
3178 3240 3266 3295 καὶ
3326 3238 3697 3311 ἀνεπιτήδειον

291 3339 449 3391 runt.

360 3424 577 3479 Eadem
608 3424 644 3477 6
676 3421 1016 3488 indictione,
1042 3436 1242 3476 mense
1266 3420 1641 3492 Aprilijussu
1664 3421 1940 3492 Augustae

288 3512 655 3584 Nicephorus
684 3511 908 3566 Phocas
958 3510 1165 3582 Cpolin
1224 3509 1404 3578 venit,
1462 3508 1739 3580 Josepho,
1794 3512 1858 3563 ut
1887 3519 1945 3569 et

287 3608 446 3672 ante,
478 3618 549 3657 ne
579 3600 688 3657 hoc
718 3600 885 3655 ﬂeret
914 3600 1203 3654 obstante.
1252 3598 1429 3653 Duxit
1484 3598 1851 3669 triumphum
1882 3596 1941 3650 in

289 3690 742 3758 Circo,inferens
776 3690 834 3743 in
859 3704 926 3743 eo
959 3688 1260 3743 Cretensia
1281 3692 1339 3743 et
1369 3687 1773 3742 Berrhmensia
1804 3704 1940 3757 spo-

288 3780 369 3835 lia
421 3778 633 3835 Attulit
689 3784 746 3832 et
810 3781 1036 3849 partem
1092 3776 1408 3846 quamdam
1466 3776 1647 3830 vestis
1699 3774 1943 3829 Joannis

292 3869 593 3940 Baptista),
661 3883 839 3938 quam
889 3865 1174 3921 Berrheete
1244 3864 1560 3935 repositam
1622 3864 1940 3919 invenerat.

297 3958 591 4014 Metuebat
620 3956 774 4011 hunc
799 3956 1039 4027 Bringas
1065 3960 1120 4009 et
1142 3960 1485 4025 suspectum
1519 3953 1774 4007 habebat
1801 3970 1813 4008 :
1839 3955 1941 4008 sed

294 4047 657 4118 Nicephorus
689 4062 822 4100 eum
857 4044 1064 4099 callide
1093 4044 1271 4098 elusit
1298 4041 1407 4096 hoc
1434 4040 1939 4096 commento.Pho-

295 4154 414 4201 cas,
437 4136 591 4192 846
622 4138 926 4204 assumpto
958 4149 1074 4187 uno
1116 4147 1360 4186 suorum
1418 4130 1792 4201 stipatorum,
1827 4130 1937 4185 sub

290 4226 497 4281 horam
532 4223 760 4297 prandii
793 4222 863 4277 ad
894 4222 1133 4275 domum
1190 4218 1433 4290 Josephi
1493 4234 1619 4272 sese
1668 4218 1933 4273 confert:

290 4313 543 4387 pulsatis
562 4310 1045 4381 foribus,janitori
1069 4309 1307 4364 mandat
1323 4318 1383 4363 ut
1397 4324 1459 4362 se
1473 4307 1675 4362 adesse
1698 4308 1935 4363 domino

288 4398 1097 4469 indicet.AdmissusJosepho
1109 4396 1351 4452 seorsim
1364 4396 1617 4451 abducto
1631 4396 1865 4451 indusiu
1878 4414 1932 4451 m

288 4507 356 4547 ex
388 4490 521 4561 pilis
552 4494 890 4545 contextum
924 4486 1198 4555 ostendit,
1235 4488 1687 4554 juramentoque
1718 4486 1932 4540 confir-

2049 3328 2389 3407 ἀπεφήναντο
2400 3372 2412 3385 .

2124 3415 2434 3490 Ἀπριλλίῴ
2517 3414 2574 3471 δὲ
2636 3416 2803 3490 μηνὶ,
2852 3424 2951 3487 τῆς
3014 3417 3180 3488 αὐτῆς
3239 3420 3283 3483 ς’
3341 3416 3699 3487 ἲνδικτιῶνος,

2054 3505 2267 3561 εἷ’σεισιν
2327 3507 2355 3560 6
2414 3511 2611 3568 Φωκᾶς
2671 3506 2983 3583 Νικηφόρος
3034 3510 3103 3571 τῆ
3133 3509 3231 3576 τῆς
3263 3504 3551 3577 δεσποίνης
3608 3528 3704 3562 κεν

2054 3594 2253 3661 λεύσει,
2310 3599 2407 3648 τοῦ
2451 3596 2651 3672 Ἰωσὴφ
2696 3596 2935 3670 καθάπερ
3002 3596 3089 3650 καὶ
3140 3595 3311 3651 πάλαι
3366 3595 3702 3668 κωλύοντος,

2052 3684 2104 3739 ἐν
2140 3682 2730 3740 Κωνσταντινουπόλει·
2792 3684 2880 3739 καὶ
2939 3683 3044 3739 ἀπὸ
3073 3690 3180 3740 τῶν
3215 3684 3274 3739 ἐκ
3324 3692 3424 3755 τῆς
3478 3687 3701 3759 Κρήτης

2054 3772 2307 3851 λαφύρων
2341 3773 2427 3827 καὶ
2477 3779 2576 3841 τῆς
2624 3771 2885 3849 Βερῥοίας
2932 3768 3314 3848 ἐθριάμϐευσεν
3363 3772 3413 3828 ἰν
3471 3774 3550 3845 τῷ
3609 3775 3702 3828 ἱπ-

2052 3857 2319 3935 ποδρόμῳ
2385 3860 2615 3934 κομίσας
2674 3860 2765 3915 καὶ
2844 3862 3006 3938 μέρος
3063 3882 3113 3916 τι
3184 3866 3280 3917 τοῦ
3328 3863 3553 3935 ἱματίου
3604 3866 3704 3917 τοῦ

2050 3953 2357 4007 Βαπτιστοῦ
2432 3949 2732 4020 Ἰωάννου,
2808 3950 2939 4025 ὅπερ
3017 3951 3160 4025 εὗρεν
3239 3949 3290 4005 ἐν
3344 3958 3410 4020 τῆ
3472 3950 3705 4027 Βερροίᾳ

2050 4039 2485 4111 ἐναποκείμενον.
2548 4043 2627 4109 [Ρ,
2673 4041 2798 4110 646]
2846 4043 3046 4093 Τοῦτον
3108 4038 3164 4094 δὲ
3234 4037 3423 4094 ἐδεδίει
3482 4039 3569 4094 καὶ
3631 4037 3707 4094 δι’

2051 4129 2281 4202 ὑποψίας
2314 4129 2456 4203 εἶχεν
2507 4129 2534 4182 ὁ
2588 4128 2841 4203 Βρίγγας·
2898 4126 3025 4184 ἀλλ’
3085 4128 3340 4191 ὑπούλως
3374 4127 3533 4191 οὗτος
3570 4130 3702 4184 ὑπο-

2043 4218 2368 4294 κρενάμενος
2398 4217 2723 4290 ἐξαπατῆσαι
2781 4221 2970 4272 τοῦτον
3035 4216 3225 4294 ἴσχυσε
3262 4215 3451 4295 τρόπῳ
3479 4216 3699 4291 τοιῷδε.

2046 4310 2172 4365 Ἕνα
2219 4307 2341 4362 τινὰ
2385 4311 2490 4361 τῶν
2548 4308 2894 4361 ὑπασπιστῶν
2952 4305 3197 4382 εἰληφὼς
3241 4309 3267 4363 6
3324 4313 3519 4370 Φωκᾶς
3573 4309 3700 4384 περὶ

2045 4397 2186 4471 ὤραν
2226 4396 2448 4471 ἀρίστου
2498 4395 2572 4457 εἷς
2623 4396 2712 4450 τὸν
2768 4396 2915 4450 οἷκον
2972 4396 3149 4451 ἄπεισι
3206 4400 3303 4451 τοῦ
3335 4398 3556 4474 Ἰωσὴφ,
3610 4398 3701 4451 xui

2038 4485 2209 4558 κόψας
2262 4486 2357 4552 τὴν
2416 4484 2578 4558 Θύραν
2643 4484 2789 4545 ὅστις
2853 4483 2933 4554 εἴη
3031 4486 3252 4556 μηνύειν
3325 4485 3569 4540 ἐκέλευσε
3619 4490 3703 4556 τῷ

287 4585 410 4635 mat
439 4595 501 4636 se
529 4579 662 4634 vita:
693 4576 1032 4632 monasticae
1053 4574 1331 4645 cupidum
1350 4574 1702 4643 jampridem
1726 4574 1928 4629 fuisse:

2044 4577 2283 4648 θυρωρῷ.
2370 4572 2719 4640 Μηνύσαντος
2791 4571 2847 4626 δὲ
2910 4572 3213 4636 κελευσθεὶς
3274 4573 3549 4641 ἐπείσεισι,
3606 4576 3698 4629 xui

281 4685 408 4724 eam
440 4668 620 4738 hujus
653 4666 848 4722 saeculi
898 4664 1055 4721 curis
1104 4662 1429 4734 repudiatis
1479 4662 1782 4731 initurum,
1815 4663 1927 4718 nisi

278 4758 495 4813 fuisset
520 4755 715 4812 studio
737 4761 793 4810 et
823 4754 935 4808 ﬁde
964 4754 1021 4806 in
1041 4751 1491 4807 Constantinum
1523 4756 1580 4805 et
1604 4751 1931 4806 Romanum

281 4863 394 4901 sua
422 4843 876 4917 impeditus.Sed
911 4857 971 4895 se
996 4840 1168 4911 paulo
1203 4844 1333 4911 post
1364 4839 1721 4895 desiderium
1754 4857 1926 4895 suum

284 4929 1363 5005 impleturum.Submissecontendere
1386 4929 1597 4997 abipso
1622 4946 1691 4984 ne
1717 4930 1930 4985 frustra

282 5026 353 5079 de
385 5040 446 5079 se
474 5021 729 5077 alienum
759 5019 977 5089 aliquid
1010 5019 1360 5089 suspicetur.
1394 5019 1508 5074 Hoc
1539 5020 1660 5074 viso
1686 5020 1929 5092 Bringas

280 5111 481 5167 statim
513 5108 715 5163 Phocea
738 5107 809 5162 ad
842 5107 1019 5178 pedes
1048 5108 1260 5161 accidit
1289 5112 1347 5162 et
1385 5107 1613 5162 veniam
1646 5107 1930 5180 ﬂagitavit

281 5197 577 5271 pollicitus
610 5195 829 5252 nemini
861 5212 922 5251 se
954 5195 1276 5267 quidquam
1311 5195 1382 5249 de
1412 5212 1478 5250 eo
1510 5196 1787 5250 deferenti
1812 5213 1929 5252 cre-

279 5286 564 5343 diturum.
588 5284 884 5341 Mctuebat
900 5284 1075 5340 etiam
1088 5283 1448 5356 Slephanum
1465 5284 1711 5339 Romani
1737 5286 1922 5340 lilium

2039 4663 2155 4717 κατ’
2212 4660 2348 4715 ἰδίαν
2410 4656 2739 4733 παραλαϐὼν
2808 4662 2898 4715 τὸν
2958 4663 3159 4738 Ἰωσὴφ
3220 4660 3486 4717 δείκνυσιν
3544 4664 3697 4717 αὑτῶ

2036 4752 2278 4826 τρίχινον
2309 4744 2534 4821 ἔνδυμα,
2572 4748 2702 4823 ὅπερ
2739 4746 2948 4803 ἔνδοθεν
2998 4755 3106 4805 τῶν
3138 4751 3371 4823 ἱματίων
3400 4751 3692 4829 ἠμφίεστο,

2037 4839 2126 4893 xui
2162 4840 2278 4911 μεθ’
2322 4838 2497 4910 ὅρκων
2528 4834 2981 4914 ἐπληροφόρησεν
3030 4839 3104 4899 ὡς
3136 4840 3233 4907 τήν
3266 4844 3372 4893 τῶν
3435 4844 3690 4914 μοναχῶν

2038 4928 2412 5000 ἀσπαζόμενος
2475 4924 2753 4980 πολιτείαν
2832 4923 3003 4980 πάλαι
3076 4925 3138 4980 ἂν
3211 4923 3563 5002 περιεϐάλετο
3629 4929 3693 4983 τὸ

2037 5024 2230 5091 σχῆμα
2274 5014 2363 5069 καὶ
2410 5018 2514 5068 τῶν
2581 5014 2850 5087 βιωτικῶν
2903 5014 3229 5090 ὑπεξήγαγεν
3278 5015 3464 5070 ἑαυτὸν
3520 5037 3691 5095 φρονο

2032 5104 2219 5175 τίδων,
2270 5103 2315 5158 εἰ
2366 5104 2441 5175 μή
2494 5100 2719 5177 ἐπέσχεν
2774 5101 2933 5157 αὐτὸν
2984 5105 3018 5171 ἡ
3062 5107 3166 5157 τῶν
3205 5102 3477 5180 βασιλέων
3526 5126 3692 5180 προσ-ι

2034 5195 2229 5248 πάθεια
2296 5190 2698 5245 Κωνσταντίνου
2766 5191 2857 5245 καὶ
2902 5193 3187 5265 Ῥωμανοῦ
3221 5235 3234 5261 ,
3304 5193 3394 5248 καὶ
3465 5192 3688 5266 μέλλειν

2034 5284 2156 5337 ὅσον
2190 5282 2344 5335 οὔπω
2385 5281 2473 5333 τὸν
2526 5279 2724 5333 οἰκεῖον
2777 5278 3128 5355 ἐκπληρῶσαι
3178 5282 3399 5337 σκοπόν
3460 5282 3549 5337 καὶ
3611 5284 3689 5357 μὴ

1462 5418 1827 5475 XYLANDRI
1866 5420 1959 5476 ET
1999 5418 2218 5476 GOARI
2259 5417 2490 5473 NOT/E.

345 5540 423 5610 (6)
458 5537 689 5594 Falsum
722 5552 860 5610 esse,
903 5536 1053 5610 hanc
1115 5534 1477 5610 numeralem
1539 5539 1757 5601 notam,
1812 5552 1925 5610 non

276 5607 534 5668 Zonaras
567 5608 867 5673 modo,sed
901 5608 1087 5663 multo
1121 5608 1336 5661 certius
1368 5622 1749 5661 numerorum
1782 5607 1928 5661 ratio

280 5688 467 5741 docet.
504 5683 711 5739 Confer
741 5682 896 5737 enim
930 5679 1087 5736 hunc
1118 5694 1338 5734 annum
1363 5693 1496 5733 cum
1538 5693 1690 5734 anno
1724 5678 1823 5750 qui
1855 5679 1926 5735 ad

2042 5538 2287 5589 mortem
2312 5532 2681 5605 Constantini
2716 5534 2895 5604 patris
2929 5535 3056 5605 ejus
3086 5538 3175 5589 est
3224 5535 3562 5602 adnotatus,
3595 5535 3689 5591 in-

2039 5607 2238 5734 ἔξωθε
2271 5604 2640 5661 intervallum
2679 5604 2967 5661 annorum
3014 5621 3128 5660 non
3185 5607 3443 5679 amplius
3481 5608 3685 5663 trium.

2098 5694 2186 5733 γε.

2098 5694 2186 5733 YL.
