4004 6208
282 381 347 441 8t
1424 369 1959 431 HISTORIARUM

2078 368 2175 429 3M
2189 367 2557 430 ῃΕΝῙΠΠΜ.
3624 354 3707 415 82

293 508 463 581 μάτην
526 504 917 561 ὑποπτεύεσθαι
968 504 1330 567 καθικέτευσε.
1378 506 1549 556 Τοῦτο
1600 502 1927 572 θεασάμενος

2083 500 2359 572 osephus,
2384 499 2675 553 viventem
2707 493 3030 550 etiamnum
3063 493 3122 543 et
3148 488 3499 559 Methymna)
3530 502 3705 542 exsu—

295 600 320 653 6
371 598 576 673 Ἰωσὴφ
635 596 819 649 πίπτει
881 592 1079 655 οὗθέως
1146 594 1280 668 πρὸς
1340 590 1464 651 τοὺς
1521 587 1692 651 πόδας
1738 589 1928 657 αὐτοῦ,

298 689 577 760 μετάνοιαν
612 686 879 754 ἐκζητῶν,
930 684 1016 737 καὶ
1069 684 1145 744 ὡς
1208 682 1271 736 o6
1329 682 1599 735 πιστεύσει
1649 680 1751 733 τινὶ
1803 678 1947 749 πλη-

298 781 539 853 ροφορῶν
601 774 816 851 λέγοντί
871 794 1003 827 ποτε
1058 773 1175 826 κατ’
1232 770 1415 827 αὐτοῦ.
1463 775 1767 847 Ὑφεωρᾶτο
1810 766 1867 822 δὲ
1914 769 1941 823 6

300 866 529 940 Βρίγγας
557 864 648 919 καὶ
683 865 955 940 Στέφανον
1007 861 1097 915 τὸν
1162 860 1410 934 βασιλέα,
1441 866 1559 922 τοῖς
1608 864 1740 927 ζῶσι
1776 860 1943 933 μέχρι

299 956 409 1009 τότε
441 951 951 1026 σδναριθμούμενον
1002 949 1091 1004 καὶ
1142 948 1415 1021 ἐξόριστον
1462 945 1514 1001 ἐν
1556 945 1835 1020 Μηθύμνῃ
1870 948 1947 1017 (7)

298 1046 657 1118 τδγχάνοντα,
725 1042 815 1095 καὶ
872 1038 960 1095 διὰ
1014 1038 1213 1099 παντός
1274 1036 1579 1114 ἐφρόντιζεν
1643 1036 1743 1089 ὑπὸ
1800 1034 1949 1104 ἀκρι-

2046 590 2303 656 lantem;
2350 602 2700 659 semperque
2759 581 3054 653 cogitabat
3112 577 3405 649 quomodo
3465 574 3702 631 arctiori

2052 696 2187 733 eum
2220 678 2487 734 custodia
2530 674 2979 744 constringeret.
3011 667 3227 722 Verum
3278 665 3610 736 Stephanus
3638 662 3697 717 in

2054 766 2369 822 festivitate
2424 764 2620 837 magni
2654 760 2894 819 Sabbati
2926 756 3141 814 divinis
3172 753 3511 825 impertitus
3544 768 3705 823 mys-

2055 856 2219 911 teriis
2252 857 2447 911 subito
2492 855 2673 909 vitam
2719 868 2853 907 cum
2887 851 3073 904 morte
3113 840 3516 904 commutavit,
3548 840 3710 896 nulla

2058 949 2401 1016 antegressa
2432 960 2628 999 causa.
2662 942 2774 997 Sed
2808 938 3087 995 nimirum
3139 932 3499 1004 Theophane
3548 944 3707 997 eum,

2060 1053 2399 1108 quanquam
2432 1034 2633 1108 procul
2667 1036 2984 1096 remotum,
3016 1025 3277 1084 sustulit.

302 1130 549 1204 ϐεστᾶραν
609 1132 767 1187 αὖτ’ὀν
820 1134 955 1185 εἶναι
1016 1127 1287 1202 φυλακήν.
1352 1125 1510 1182 Ἀλλ’
1570 1126 1769 1187 ἐκεῖνος
1827 1124 1964 1178 κατά
2019 1125 2117 1192 τὴν
2172 1125 2367 1199 ἑορτὴν
2416 1129 2511 1179 τοῦ
2589 1119 2833 1197 μεγάλου
2878 1112 3161 1173 Σαϐϐάτου
3208 1117 3314 1168 τῶν
3366 1109 3520 1176 θείων
3584 1128 3709 1181 μετ-

296 1223 551 1298 εσχηκὼς
612 1219 926 1294 μυστηρίων
1000 1214 1281 1293 αἰφνιδίως
1342 1215 1499 1277 εὐθὺς
1563 1216 1810 1281 τέθνηκε,
1888 1208 2163 1285 μηδεμιᾶς
2234 1196 2704 1288 προηγησαμένης
2784 1207 2976 1276 αἰτίας,
3027 1203 3175 1260 ἀλλὰ
3226 1208 3328 1271 τῆς
3385 1196 3710 1273 Θεοφανοὺς,

297 1312 337 1365 εἷ
364 1314 458 1366 καὶ
492 1311 779 1388 πόρῥωθεν
810 1309 1131 1381 κατῴκιστο.
1161 1304 1638 1382 κατεργασαμένης
1670 1302 1856 1365 αὐτὸν.

357 1418 564 1491 Πέτρος
594 1416 652 1472 δὶ
691 1420 719 1472 6
750 1422 858 1471 τῶν
898 1414 1229 1490 Βουλγάρων
1286 1413 1539 1487 βασιλεὺς
1584 1414 1683 1481 τὴν
1717 1410 1938 1485 εἰρήνην

287 1511 427 1583 τάχα
459 1506 853 1579 ἀνανεούμενος
894 1504 1268 1573 ἀποθανούσης
1310 1507 1410 1567 τῆς
1463 1502 1624 1557 αὐτοῦ
1656 1501 1937 1576 γυναικὸς,

298 1594 531 1661 σπονδὰς
560 1597 696 1671 πρὸς
724 1595 853 1656 τοὺς
904 1592 1147 1670 βασιλεῖς
1197 1588 1369 1660 ἔθετο,
1421 1593 1665 1665 ὁμήρους
1698 1587 1823 1650 δοὺς
1850 1587 1939 1642 καὶ

293 1688 412 1747 τοὺς
466 1685 700 1747 οἰκείους
759 1682 852 1738 δύο
901 1683 1052 1744 υἱοὺς
1098 1682 1331 1753 Βορίσην
1373 1682 1461 1735 καὶ
1493 1680 1769 1753 Ῥωμανόν
1806 1697 1818 1710 ·
1851 1677 1940 1731 καὶ

302 1776 429 1849 μετά
461 1776 659 1849 μικρὸν
691 1769 923 1829 ἀπεϐίω.
952 1774 1017 1830 Οἱ
1064 1770 1120 1827 δὲ
1165 1771 1275 1826 υἱοὶ
1326 1770 1493 1826 αὐτοῦ
1543 1769 1594 1823 ἐν
1627 1767 1942 1843 Βουλγαρίᾳ

2128 1411 2234 1466 Per
2266 1411 2419 1468 idem
2454 1416 2688 1483 tempus
2717 1410 2923 1464 Petrus
2969 1403 3356 1476 Bulgarorum
3406 1397 3708 1472 princeps,

2056 1505 2286 1556 mortua
2317 1520 2425 1557 sua
2474 1518 2671 1567 uxore,
2709 1496 3052 1554 renovandae
3099 1492 3261 1564 pacis
3313 1505 3493 1545 causa
3522 1486 3711 1542 fmdus

2052 1606 2187 1644 cum
2223 1590 2677 1663 imperatoribus
2707 1588 2833 1657 icit,
2863 1584 3220 1653 obsidesque
3244 1580 3344 1634 dat
3373 1578 3520 1632 841
3560 1575 3709 1630 ﬁlios

2051 1695 2191 1734 suos
2224 1682 2461 1736 Borisen
2496 1686 2553 1737 et
2583 1683 2914 1735 Romanum
2938 1701 2951 1741 ;
2974 1690 3040 1729 ac
3073 1669 3246 1744 paulo
3274 1671 3405 1742 post
3436 1664 3709 1721 moritur.

2052 1767 2181 1822 Filii
2212 1771 2341 1840 ejus
2372 1770 2431 1825 in
2462 1768 2800 1841 Bulgariam
2856 1764 3260 1830 remittuntur,
3292 1762 3357 1814 ut
3398 1760 3708 1828 paternum

300 1864 650 1941 ἐπέμφθησαν
716 1863 851 1936 μετὰ
902 1866 1070 1916 ταῦτα
1110 1861 1186 1939 ἐφ’
1240 1862 1285 1932 ᾧ
1332 1868 1433 1926 τῆς
1491 1860 1748 1933 πατρῴας
1798 1859 1943 1911 ἀντι-

2080 1860 2367 1929 mperium
2420 1862 2708 1931 occupent
2749 1862 2807 1912 et
2862 1850 3368 1923 cometopulorum
3417 1845 3707 1915 impetum

308 1956 529 2030 σχέσθαι
564 1952 867 2029 βασιλείας,
912 1951 1000 2005 καὶ
1046 1950 1174 2013 τοὺς
1220 1948 1680 2020 κομητοπούλους
1732 1950 1810 2020 (8)
1856 1946 1953 2000 ἀπ-

314 2043 539 2116 είρξουςι
568 2049 670 2110 τῆς
718 2041 903 2117 πρόσω
950 2047 1140 2117 φορᾶς.
1196 2034 1361 2093 Δαϐὶδ
1408 2039 1531 2114 γὰρ,
1582 2038 1669 2092 καὶ
1694 2043 1953 2104 Μωυσῆς,

308 2133 392 2186 καὶ
443 2132 681 2204 Ἀαρὼν,
742 2131 831 2185 καὶ
893 2128 1182 2203 Σαμουὴλ,
1232 2129 1345 2190 ἑνὸς
1403 2124 1547 2189 ὄντες
1605 2124 1793 2189 παῖδες
1844 2130 1951 2180 τῶν

312 2223 445 2295 μέγα
478 2220 819 2290 δυνηθέντων
868 2218 919 2273 ἐν
972 2216 1285 2291 Βουλγαρίᾳ
1328 2219 1614 2289 κομήτων,
1648 2217 1783 2291 πρὸς
1817 2217 1956 2270 ἀπο-

311 2312 527 2364 στασίαν
580 2305 801 2362 ἀπεῖδον
865 2307 954 2361 καὶ
1006 2308 1074 2362 τὰ
1144 2304 1472 2382 Βουλγάρων
1539 2306 1797 2364 ἀνέσειον.
1857 2304 1957 2360 Καὶ

307 2404 474 2454 ταῦτα
514 2398 611 2469 μὲν
646 2397 949 2472 συνηνέχθη
984 2393 1108 2452 ὧδε.

374 2495 432 2546 Ὀ
466 2486 527 2542 δί
576 2487 809 2561 Βρίγγας
859 2486 918 2540 ’ὸν
967 2484 1190 2557 εἴπομεν
1238 2484 1440 2558 τρόπον
1500 2483 1797 2554 ἀπατηθεὶς
1856 2484 1959 2539 ὑπὸ

310 2584 399 2633 τοῦ
459 2575 812 2653 Νικηφόρου,
863 2575 951 2629 καὶ
990 2581 1181 2629 τοῦτον
1230 2572 1386 2636 ἐάσας
1446 2571 1631 2628 οἷ’καδε
1682 2573 1961 2645 ἀπελθεῖν,

316 2666 668 2740 μετεμέλετο,
718 2664 807 2719 καὶ
882 2665 933 2719 ἐν
1023 2661 1186 2735 δεινῷ
1270 2662 1508 2719 ἐποιεῖτο
1567 2662 1752 2739 ὅτιπερ
1812 2663 1962 2724 ἐντὸς

312 2757 527 2831 ἀρκύων
588 2752 736 2830 ἔχωᾶ
802 2754 864 2809 τὸ
917 2756 1135 2829 θήραμα
1188 2750 1345 2816 ἔλαθε
1373 2758 1534 2807 τοῦτο
1574 2747 1961 2828 φρινοϐλαϐῶς

313 2845 724 2921 προηκάμενος.
772 2843 1070 2918 Ἐμερίμνα
1112 2846 1243 2918 γοῦν
1288 2846 1406 2906 πῶς
1446 2842 1535 2897 καὶ
1574 2843 1707 2913 ποίᾷ
1742 2845 1962 2917 μηχανῇ

310 2944 411 3005 τῆς
464 2935 572 2989 ἀπὸ
629 2933 837 2988 τούτων
902 2930 1203 3001 ἀπολυθείη
1260 2929 1564 3009 φροντίδος.
1627 2932 1725 2985 Καὶ
1787 2929 1962 3003 ἔδοξεν

318 3025 461 3096 αὖτῷ
512 3021 961 3079 λυσιτελέστατον
1020 3023 1153 3076 εἶναι
1197 3022 1331 3095 πρὸς
1363 3020 1617 3090 Ἰωάννην
1671 3020 1962 3096 μάγιστρον

313 3116 514 3189 γράψαι
546 3112 641 3167 τὸν
699 3116 1022 3183 Τζιμισκῆν,
1070 3107 1236 3184 ἄνδρα
1285 3107 1547 3181 θυμοειδῆ
1592 3110 1682 3164 καὶ
1733 3108 1965 3181 δραστή-

2061 1948 2397 2018 reprimant.
2434 1949 2579 2005 Nam
2612 1946 2889 2007 Davidus,
2921 1947 3128 2007 Moses,
3163 1941 3346 1993 Aaron
3377 1940 3434 1991 et
3461 1934 3713 1989 Samue-

2063 2038 2179 2106 lus,
2228 2038 2325 2094 ﬁlii
2378 2038 2689 2109 cujusdam
2740 2035 2798 2089 in
2851 2030 3119 2103 Bulgaria
3170 2027 3411 2097 largiter
3453 2020 3709 2096 potentis

2066 2129 2315 2197 comitis,
2351 2145 2443 2183 res
2475 2144 2650 2183 novas
2684 2123 3075 2181 moliebantur
3109 2122 3165 2174 et
3202 2115 3486 2187 Bulgaros
3517 2110 3710 2168 conci-

2064 2220 2288 2274 tabant.
2321 2220 2509 2289 Atque
2536 2216 2619 2271 ita
2646 2219 2787 2271 tunc
2818 2229 2911 2268 res
2941 2214 3088 2265 acta.

2142 2485 2379 2543 Interim
2412 2484 2718 2556 Bringas,a
2740 2478 3157 2550 Nicephero,ut
3183 2470 3583 2545 exposuimus,
3617 2469 3719 2523 de-

2070 2586 2293 2649 ceptus.
2329 2591 2585 2645 eumque
2616 2574 2857 2626 domum
2890 2583 3059 2623 suam
3093 2563 3252 2619 abire
3279 2557 3719 2634 passus,pmni-

2070 2647 2254 2720 tentia
2284 2665 2441 2728 duci,
2474 2668 2531 2717 et
2558 2662 2758 2731 inique
2793 2660 2940 2713 ferre
2972 2655 3127 2727 quod
3185 2651 3425 2723 petitam
3460 2647 3720 2719 praedam
3772 2678 3775 2687 ς

2072 2757 2253 2812 stulte
2284 2772 2349 2809 ex
2383 2754 2527 2825 ipsis
2559 2750 2826 2806 cassibus
2857 2738 3574 2810 dimisisset,solliciteque
3604 2751 3723 2790 me-

2072 2846 2245 2901 ditari
2277 2862 2395 2915 qua
2423 2848 2545 2897 arte
2594 2855 2779 2911 quave
2810 2835 3083 2891 machina
3132 2835 3314 2894 metu,
3347 2843 3521 2901 quem
3554 2826 3623 2880 de
3654 2839 3721 2878 eo

2074 2938 2438 3007 conceperat,
2472 2949 2531 2986 se
2555 2930 2847 2985 liberaret.
2872 2924 3127 2980 Tandem
3160 2918 3416 2976 maxime
3447 2933 3479 2972 e
3511 2932 3571 2970 re
3600 2914 3722 2970 fore

2074 3024 2266 3080 visum
2326 3022 2677 3093 magistrum
2742 3018 3025 3071 Joannem
3096 3009 3470 3072 'I‘zimiscem,
3528 3004 3722 3058 virum

2076 3114 2409 3168 animosum
2429 3092 2495 3163 ac
2521 3112 2827 3162 strenuum
2851 3107 2906 3156 et
2941 3099 3267 3156 secundum
3294 3095 3543 3150 Pbocam
3577 3092 3728 3145 inter

314 3223 429 3275 ριον
493 3198 621 3255 ὄντα
677 3199 767 3255 καὶ
827 3200 964 3270 μετὰ
1005 3199 1099 3253 τὸν
1152 3204 1346 3253 Φωκᾶν
1395 3198 1445 3253 ἐν
1504 3204 1620 3260 τοῖς
1674 3179 1959 3271 Ῥωμαίων

2078 3202 2372 3255 Romanos
2393 3199 2571 3252 duces
2597 3193 3049 3265 praecipuum,eo
3066 3193 3325 3258 tempore
3339 3179 3726 3239 Orientalium

314 3291 723 3364 ἐπισημότατον
774 3294 1121 3362 στρατηγοῖς,
1172 3289 1473 3362 στρατηγὸν
1519 3293 1814 3357 τηνικαῦτα
1855 3293 1962 3342 τῶν

312 3379 682 3437 Ἀνατολικῶν
743 3378 1079 3452 ὑπάρχοννα,
1126 3373 1203 3431 ἔτι
1256 3375 1313 3431 ’δὲ
1360 3378 1497 3452 πρὸς
1542 3376 1632 3431 τὸν
1670 3376 1966 3452 μάγιστρον

830 3466 1143 3541 Κουρκούαν
1222 3468 1369 3539 [647]
1446 3467 1819 3543 φανερώτατον
1879 3466 1968 3521 καὶ

316 3558 593 3631 ἐπίσημον
624 3556 715 3611 κάξ
746 3556 907 3611 αὐτὸν
942 3553 1321 3632 στρατηλάτην
1370 3550 1497 3610 ὄντα
1519 3557 1618 3623 τῆς
1651 3553 1968 3624 Ἀνατολῆς,

312 3470 600 3541 Ῥωμανὸν
658 3467 750 3522 τὸν

314 3668 619 3724 γραμματα
673 3644 907 3718 πέμψαι,
961 3645 1051 3699 καὶ
1112 3643 1445 3721 φιλοτιμιῶν
1509 3644 1832 3718 ὑποσγέσεσι
1882 3645 1970 3698 καὶ

318 3736 541 3809 δωρεῶν
585 3735 676 3789 καὶ
725 3739 903 3807 τιμῶν
949 3732 1210 3809 διεγεῖραι
1256 3733 1483 3796 τούτους
1535 3712 1689 3806 πρὸς.
1718 3734 1972 3808 καθαίρε-

321 3849 401 3881 σιν
429 3832 529 3882 τοῦ
592 3828 781 3881 Φωκᾶ.
842 3824 1128 3900 Ἐγένοντο
1184 3825 1253 3878 τὰ
1308 3825 1624 3900 γράμματα,
1656 3824 1743 3879 καὶ
1777 3825 1804 3878 6
1848 3823 1971 3886 νοῦς

318 3922 427 3971 τῶν
459 3914 858 3991 γεγραμμένων
921 3914 1165 3990 ὑπῆρχεν
1219 3914 1375 3975 οὗτος
1411 3932 1422 3943 ·
1478 3913 1539 3970 Εἰ
1600 3911 1973 3976 διαναστάντες

317 4007 716 4079 καθαιρήσουσι
773 4004 863 4058 τὸν
920 4009 1116 4058 Φωκᾶν
1167 4003 1259 4057 καὶ
1313 4004 1553 4077 μοναχὸν
1595 4003 1971 4076 ἀποκείρουσιν

319 4094 355 4161 ἦ
413 4115 620 4171 τροπον
684 4092 856 4147 ἄλλον
916 4092 974 4147 ὲκ
1037 4093 1203 4165 μέσου
1247 4094 1560 4162 ποιήσουσι,
1608 4092 1708 4161 τὴν
1763 4093 1857 4164 μὲν
1882 4096 1976 4147 τοῦ

324 4182 655 4257 δομεστίκου
709 4187 819 4237 τῶν
888 4180 1109 4257 σχολῶν
1185 4185 1284 4247 τῆς
1353 4180 1656 4250 Ἀνατολῆς
1721 4181 1976 4256 μεγίστην

322 4276 501 4349 ἀρχὴν
563 4273 803 4346 λήψεναι
859 4274 887 4326 6
941 4272 1221 4341 Ἰωάννης,
1272 4273 1370 4337 τήν
1423 4268 1479 4325 δὲ
1525 4275 1621 4325 τοῖ’)
1654 4268 1978 4344 δομεστίκου

320 4370 418 4431 τῆς
480 4364 695 4424 Δῦσεως
772 4363 801 4416 6
874 4361 1181 4434 Ῥωμανός.
1259 4359 1637 4433 Κομισθέντων
1707 4361 1797 4415 οὗν
1869 4366 1976 4415 τῶν

319 4452 663 4527 γραμμάτων
694 4456 812 4512 τοῖς
864 4448 1190 4521 δηλωθεῖσιν
1250 4447 1530 4523 ἀνδράσιν.
1592 4448 1809 4524 ἐπείπερ
1848 4470 1975 4525 σχε-

322 4546 487 4602 τικῶς
517 4540 715 4595 ἐκεῖνοι
746 4540 895 4615 εἶχον
920 4541 1055 4613 πρὸς
1082 4540 1173 4594 τὸν
1224 4543 1442 4607 Φωκᾶν,
1479 4539 1977 4593 ὑπανααινώσκουσί

320 4652 377 4684 τε
419 4630 569 4701 αὗτῷ
616 4629 817 4693 εὐθέως
862 4630 926 4683 τα
980 4630 1292 4703 γράμματα,
1323 4627 1411 4682 καὶ
1464 4625 1807 4696 διαναλτῆναι
1840 4629 1975 4701 πρὸς

2080 3288 2705 3356 ηνεεΐεοῐυωρῐθωᾳυθ
2721 3277 3397 3349 magistrumRomanum
3414 3273 3701 3326 Curcuam
3714 3308 3729 3337 ,

2079 3383 2371 3437 illustrem
2386 3369 2905 3447 etipsumOrientis
2919 3362 3499 3435 ducem,perlitteras
3520 3359 3589 3412 ad
3599 3373 3729 3410 ver-

2080 3489 2180 3528 sus
2205 3465 2595 3539 Nicephorum
2622 3460 2869 3515 Pbocam
2895 3457 3144 3510 excitare
3179 3447 3511 3522 magniﬁcis
3542 3447 3732 3499 dnuo-

2080 3577 2211 3616 rum
2235 3564 2293 3613 et
2314 3534 2602 3611 honorum
2626 3536 3484 3623 pollicitationibus.Sententia
3505 3534 3728 3589 littera-

2083 3666 2211 3705 rum
2236 3648 2358 3702 haec
2382 3649 2507 3699 erat
2539 3659 2551 3695 :
2590 3622 2648 3696 Si
2674 3638 2924 3693 Pbocam
2949 3632 3369 3705 opprimerent,
3400 3630 3458 3681 et
3485 3622 3572 3679 vel
3606 3638 3729 3677 mo-

2083 3738 2336 3794 nachum
2369 3735 2619 3789 facerent
2639 3728 2724 3782 vel
2766 3738 3117 3797 quocunque
3138 3719 3311 3774 modo
3335 3733 3366 3770 e
3399 3713 3593 3769 medio
3619 3709 3731 3766 tol-

2080 3827 2289 3889 lerent,
2319 3823 2606 3878 Joannem
2640 3814 2792 3872 348
2825 3814 2944 3868 fore
2975 3809 3366 3865 domesticum
3396 3802 3731 3858 cholarum

2082 3913 2356 3977 Orientis,
2392 3911 2721 3965 Romanum
2755 3900 3108 3959 Occidentis.
3142 3898 3185 3953 Ii
3217 3911 3353 3951 cum
3382 3893 3610 3948 litteras
3642 3905 3734 3943 ac-

2085 4004 2399 4075 cepissent.
2438 3999 2638 4052 Phocaa
2666 4011 2789 4055 eas,
2821 3991 2915 4047 cui
2946 3990 3189 4045 honeste
3221 3983 3555 4056 cupiebant,
3586 3977 3736 4033 reci-

2087 4067 2251 4158 tant;
2284 4090 2712 4154 hortanturque
2762 4085 2827 4136 ut
2856 4079 3125 4135 animum
3176 4076 3361 4146 erigat
3398 4087 3464 4126 ac
3513 4067 3742 4123 fortiter

2088 4199 2207 4238 rem
2242 4192 2514 4250 magnam
2549 4171 2928 4246 aggrediatur
2960 4184 2972 4221 :
3006 4164 3488 4237 tergiversantem
3520 4157 3645 4214 suis
3676 4170 3739 4210 se

2090 4269 2384 4332 manibus,
2423 4265 2479 4320 ni
2528 4265 2779 4335 pareret,
2834 4256 3242 4313 interfecturos
3293 4250 3613 4305 minantur.
3648 4246 3737 4299 ita

2087 4363 2324 4416 demum
2356 4356 2600 4420 Phocas,
2625 4350 2880 4422 periculo
2914 4344 3121 4401 mortis
3151 4341 3413 4407 territus,
3446 4334 3692 4393 assentit
3720 4350 3733 4398 ;

2088 4456 2144 4505 et
2194 4446 2449 4504 secunda
2504 4443 2597 4497 die
2654 4438 2795 4495 Julii
2852 4434 3097 4498 mensis,
3157 4431 3361 4485 eadem
3418 4424 3739 4481 indictione

2091 4542 2273 4604 sexta,
2310 4535 2380 4588 ab
2413 4528 2799 4587 orientalibus
2842 4522 3195 4581 exercitibus
3243 4517 3517 4574 omnibus
3548 4530 3580 4567 ιι
3608 4510 3734 4564 'I‘zi-

2090 4627 2274 4683 misca
2303 4619 2609 4678 concitatis
2640 4617 2959 4688 imperator
2988 4612 3388 4667 Romanorum
3421 4604 3733 4659 salutatur.

324 4720 500 4788 ιλκῆν
554 4720 647 4773 τὸν
714 4724 913 4773 Φωκᾶν
972 4718 1062 4772 καὶ
1116 4717 1362 4793 γενναῖόν
1415 4738 1468 4770 τι
1506 4717 1597 4771 καὶ
1655 4718 1898 4773 νεανικὸν
1960 4715 2306 4787 ἐννοήσασθαι
2372 4704 2737 4785 παρεκάλουν,
2799 4703 3089 4759 Ὀκνοῦντα
3136 4694 3194 4751 δὶ
3231 4694 3321 4750 καὶ
3370 4688 3734 4761 ἀναδυόμενον

322 4809 409 4864 καὶ
481 4806 823 4882 αὐτοχείρως
888 4805 1153 4876 ἠπείλουν
1231 4803 1686 4881 διαχειρίσασθαι.
1768 4808 1861 4861 Διὸ
1938 4809 2025 4862 καὶ
2101 4804 2237 4881 πρὸς
2312 4800 2405 4855 τὸν
2470 4800 2568 4851 τοῦ
2626 4794 2853 4848 θανάτου
2911 4785 3294 4845 ἄποδειλιάσας
3350 4778 3593 4837 κίνδυνον
3640 4778 3708 4844 τὴ

321 4896 636 4972 πρόκλησιν
673 4893 995 4966 ὖπεδέξατο.
1070 4895 1175 4951 Καὶ
1250 4892 1471 4969 δευτέρᾳ
1552 4899 1648 4949 τοῦ
1734 4894 1971 4951 Ἰουλίου
2061 4866 2251 4969 μηνὸς,
2335 4894 2436 4957 τῆς
2489 4884 2657 4953 αὐτῆς
2714 4883 2757 4946 ς’
2828 4877 3186 4944 ίνδικτιῶνος,
3236 4872 3339 4927 61:6
3394 4874 3502 4926 τῶν
3562 4867 3613 4921 ἐν
3669 4866 3742 4937 τῇ

318 4988 468 5060 Ἑῴᾳ
500 4985 916 5061 στρατευμάτων
947 4984 1197 5041 ἁπάντων
1226 4983 1743 5059 παρακικινημένωι
1777 4986 1980 5041 ὑπὸτοῦ
2010 4987 2279 5057 Τζιμισκῆ
2312 4974 2600 5050 Ῥωμαίων
2636 4968 3013 5048 ανᾶγορεύεται
3049 4961 3324 5042 βασιλεύς.

1528 5148 1899 5205 XYLANDRI
1940 5149 2027 5205 ET
2066 5145 2290 5203 GOARI
2328 5139 2566 5197 NOT/E.

322 5364 335 5373 .
395 5289 481 5359 (7)
514 5285 1044 5373 Supranl'tditylenaa
1094 5285 1280 5373 fertur
1309 5284 1490 5373 fuisse
1519 5284 1577 5373 in
1609 5285 1834 5373 exsilioz
1866 5285 1912 5339 si
1927 5300 1985 5341 re

319 5364 374 5415 is
404 5356 573 5415 error
601 5356 692 5415 est
716 5356 967 5426 librarii,
999 5357 1119 5412 sive
1145 5357 1365 5412 interea
1396 5356 1670 5428 Mitylene
1701 5356 1984 5428 Methym-

322 5448 468 5487 nam
518 5430 837 5486 translatus
893 5429 1243 5501 Stephanus.
1276 5428 1533 5500 Utraque
1586 5429 1725 5485 urbs
1776 5434 1865 5485 est
1922 5429 1983 5483 in

330 5503 525 5559 Lesbo
553 5502 769 5559 insula.
804 5504 943 5558 XYL.

402 5574 1043 5657 (Stilometopol‘isunt
1072 5572 1208 5657 dicti
1242 5570 1410 5643 quasi
1445 5570 1588 5657 pulli
1741 5576 1832 5627 est
1855 5571 1983 5657 ﬁlii)

330 5641 811 5702 comitis.XYL.;-
836 5647 1019 5703 Dictio
1034 5641 1563 5711 πολῶςάθτῐιᾶοιιὶο
1583 5641 1986 5714 ποῦλος,διΙίθῐ·ἰ

334 5717 572 5789 adjecta
599 5718 784 5787 ﬁlium
809 5718 989 5776 simul
1010 5724 1068 5776 et
1085 5714 1503 5774 diminutivum
1525 5713 1666 5786 quid
1698 5713 1988 5773 sonat.Sic

2096 5273 2544 5366 ἀρχοντόπουλον
2600 5273 2787 5344 ﬁlium
2844 5268 3068 5334 nobilis,
3136 5254 3538 5336 βασιλόπουλον
3598 5256 3745 5325 regis

2096 5354 2299 5406 filzum.
2330 5349 2606 5406 regulum,
2650 5351 2707 5400 et
2736 5342 2971 5398 tandem
3018 5326 3745 5406 xopqrono6loug_comttis

2092 5344 2299 5422 ﬁtz‘bm,
2330 5349 2606 5414 regulum,
2650 5351 2707 5400 et
2736 5344 2971 5398 tandem
3018 5357 3082 5391 κο
3134 5344 3479 5404 ητοπουλους
3529 5344 3745 5384 comins

2093 5426 2237 5481 filios
2268 5424 2439 5477 vocat
2486 5423 2728 5481 auctor;
2761 5418 2818 5469 et
2851 5418 2916 5467 ut
2962 5357 3163 5467 subdit
3208 5401 3397 5481 unﬁt;
3444 5404 3553 5456 τῶν
3593 5397 3745 5481 μέγα

2128 5472 2437 5563 ὧδ’ήθέᾄὲᾠέ
2576 5472 3230 5563 Βουλγαρίᾳικομήτων.
3288 5477 3442 5533 Infra
3483 5491 3538 5545 p.
3586 5472 3689 5563 οςξι
3725 5483 3739 5521 :

2097 5538 2428 5555 -..-.υ-.-..-
2488 5538 2531 5544 ν
2588 5538 2731 5544 ---κν
2786 5538 2791 5539 ν
3021 5538 3029 5554 ,
3084 5538 3093 5551 .
3483 5538 3500 5545 -

2095 5538 2351 5638 Κόμίηνος
2411 5558 2558 5638 ὄντες
2614 5538 2821 5619 παῖδέςΙ
2852 5538 2938 5611 καὶ
2983 5552 3071 5610 διὰ
3123 5554 3286 5607 τοῦτο
3341 5538 3747 5618 κομητοπῶλοι

2093 5633 2611 5709 κατονομαζόμενοι.
2645 5633 2824 5689 GOAB.
