4026 6210
284 276 362 336 83
1040 284 1043 285 '
1631 269 1950 333 GEORGII
1993 269 2334 332 CEDRENI
3619 268 3699 327 ει

363 409 565 464 Fertur
612 409 670 463 et
713 405 865 463 alius
926 404 1038 462 hac
1087 406 1159 461 de
1208 422 1288 472 re,
1346 404 1515 477 isque
1581 404 1936 476 probabilior

2118 402 2217 456 Καὶ
2280 404 2356 465 εἷς
2418 403 2514 474 μὲν
2572 400 2735 478 λόγος
2791 401 3003 479 φέρεται
3063 397 3262 471 οὕτως,
3320 396 3501 476 ἔτερος
3557 396 3636 468 δὶ,
3670 400 3698 454 6

291 513 485 554 sermo
516 514 529 552 :
557 495 915 567 jampridem
949 511 1084 550 eum
1118 494 1441 567 cupiditate
1469 492 1724 565 imperii,
1757 510 1946 564 neque

290 592 489 642 tamen
517 590 637 641 tam
670 585 849 656 hujus
879 602 1053 657 quam
1078 585 1471 655 Theophanus
1493 585 1764 654 Augustae
1788 600 1943 639 amo-

294 692 357 730 re
388 676 691 747 ﬂagrasse,
723 690 858 730 cum
892 690 1006 746 qua
1056 678 1112 729 et
1141 673 1465 729 collocutus
1514 672 1687 729 fuerit
1716 690 1849 728 cum
1883 672 1941 728 in

292 766 435 819 urbe
467 767 685 835 ageret,
719 767 775 819 et
807 780 959 835 saepe
1012 763 1084 818 ad
1120 779 1249 819 eam
1297 761 1649 817 Michaelum
1700 780 1941 818 suorum

290 853 648 908 famulorum
704 853 1059 908 ﬁdissimum
1120 852 1384 908 miserit:
1432 851 1609 922 idque
1667 852 1943 924 Bringam

292 942 774 1015 deprehendisse,
806 945 862 998 et
891 943 964 998 ob
995 940 1053 997 id
1084 941 1455 1013 suspiciones
1502 941 1782 997 adversus
1808 958 1944 997 eum

297 1031 654 1104 concepisse.

368 1120 783 1191 Designatione
827 1118 1028 1175 Phocae
1077 1119 1239 1192 Cpoli
1271 1120 1617 1177 annuntiata
1653 1120 1947 1192 rebusque

296 1209 684 1278 conturbatis,
713 1208 1029 1280 Josephus,
1062 1209 1164 1280 qui
1212 1227 1411 1265 ruram
1457 1211 1721 1266 omnium
1755 1226 1948 1266 rerum

300 1297 648 1366 sustinebat,
683 1297 863 1352 animi
896 1298 1242 1369 angebatur,
1279 1316 1469 1370 neque
1513 1300 1659 1355 satis
1690 1299 1947 1355 invenie-

302 1387 399 1442 bat
429 1386 570 1457 qnid
593 1386 823 1441 consilii
844 1392 1208 1459 sequeretur,
1241 1404 1373 1443 cum
1407 1404 1477 1443 ne
1524 1389 1678 1444 cives
1709 1390 1947 1460 quidem

302 1476 353 1532 ei
386 1476 532 1531 bene
562 1475 796 1543 vellent,
823 1476 1040 1547 quibus
1070 1494 1133 1531 se
1164 1476 1327 1532 aditu
1361 1477 1660 1533 difﬁcilem
1692 1480 1948 1551 praebere

303 1564 722 1620 consuevisset.
757 1567 902 1620 Cum
948 1570 1143 1622 autem
1174 1567 1326 1621 349
1377 1567 1760 1638 Nicephorus,
1814 1570 1949 1624 uni-

305 1670 471 1709 verso
492 1653 747 1709 exercitu
768 1654 980 1710 faustis
1001 1654 1518 1711 acclamationibus
1539 1662 1947 1728 prosequente,

2051 513 2139 546 και
2174 489 2352 546 δοκῶν
2393 489 2773 566 ἀληθέστερος,
2816 492 2892 553 ὡς
2938 489 3111 545 πολὺν
3155 488 3316 545 ὥδινε
3363 489 3566 565 χρόνον
3596 490 3695 558 τήν

2049 588 2148 651 τῆς
2213 579 2491 655 βασιλείας
2552 580 2860 653 ἐπιθυμίαν,
2902 580 2995 634 καὶ
3043 579 3102 634 οὐ
3148 583 3406 634 τοσοῦτον
3451 579 3606 633 αὐτὸν
3667 581 3695 635 6

2052 669 2249 740 ταύτης
2281 666 2417 743 ἔρως
2458 668 2739 748 ἐξέφλεγεν
2792 669 2914 724 ὅσον
2963 671 2990 724 6
3037 676 3136 739 τῆς
3173 666 3457 744 βασιλίδος
3486 675 3695 747 Θεοφα-

2052 763 2197 831 νοῦς,
2226 755 2517 835 ἐντυχόντα
2572 780 2631 814 τε
2679 758 2815 830 αὐτῇ
2858 757 2947 814 ὅτε
3008 761 3077 832 τῇ
3133 756 3488 833 βαςιλευούσῃ
3523 755 3694 833 διῆγε,

2054 848 2142 903 καὶ
2164 846 2436 909 πολλάκις
2468 849 2602 923 πρὸς
2650 847 2814 916 αὗτὴν
2859 846 3210 921 ἐκπέμψαντα
3239 848 3329 900 τὸν
3366 845 3696 900 οἰκειότατον

2058 938 2332 1013 ὑπηρέτην
2392 936 2557 992 αὐτοῦ
2614 934 2867 1013 Μιχαήλ.
2920 940 3093 993 Τοῦτο
3150 936 3251 1012 γάρ
3308 938 3699 1012 καταφωράσας

2057 1028 2084 1081 6
2113 1026 2341 1102 Βρίγγας
2365 1026 2622 1088 ὑπόπτως
2661 1023 2888 1081 διέκειτο
2920 1026 3057 1101 πρὸς
3088 1024 3270 1082 αὐτόν.

2125 1122 2235 1186 Τῆς
2299 1117 2479 1171 τοίνυν
2564 1114 2911 1192 ἀναρρήσεως
2987 1115 3150 1170 αὐτοῦ
3221 1114 3586 1193 φημισθείσης
3650 1114 3701 1170 έν

2057 1204 2650 1275 Κωνσταντινουπόλει,
2699 1205 2791 1259 καὶ
2839 1209 2944 1258 τῶν
3005 1205 3336 1279 πραγμάτων
3376 1204 3428 1259 ἐν
3487 1206 3703 1279 ταραχῇ

2055 1296 2429 1366 καθεστώτων,
2465 1297 2492 1350 6
2539 1296 2639 1365 τὴν
2690 1291 2955 1374 φροντίδα
3006 1299 3113 1348 τῶν
3164 1293 3310 1349 ὅλων
3340 1296 3707 1367 ἀνεζωσμένος

2057 1385 2260 1463 Ἰωσὴφ
2327 1384 2543 1460 ἠγωνία
2592 1384 2683 1439 καὶ
2744 1381 3063 1459 διηπορεῖτο
3121 1381 3374 1462 αφοδρῶς
3434 1382 3463 1438 6'
3513 1405 3566 1438 τι
3614 1383 3703 1438 καὶ

2060 1472 2323 1548 δράσειεν,
2382 1475 2463 1528 ὅτι
2527 1471 2667 1547 μηδὲ
2717 1479 2834 1538 τοῖς
2898 1471 3153 1537 πολίταις
3212 1470 3396 1535 εὔνους
3427 1474 3495 1541 ἧν
3524 1470 3702 1527 διὰτὸ

2061 1560 2458 1620 δυσέντευκτον.
2519 1562 2893 1627 Κατελθόντος
2950 1560 3007 1617 δὲ
3050 1560 3100 1617 ἐν
3149 1562 3525 1637 Χρυσουπόλει
3570 1562 3704 1635 μετά

2059 1653 2257 1714 παντὸς
2298 1657 2395 1707 τοῦ
2444 1657 2671 1729 στρατοῦ
2718 1652 3035 1730 Νικηφόρου
3081 1655 3182 1706 τοῦ
3232 1656 3397 1721 φωκᾶ
3448 1652 3564 1725 μετ’
3611 1651 3701 1706 εύ-

308 1742 685 1815 Chrysopolin
735 1744 1010 1814 venisset,
1043 1744 1114 1799 de
1145 1744 1497 1817 imperatore
1544 1745 1742 1817 aliquo
1790 1747 1939 1803 desi-

2060 1747 2304 1819 φημιῶν,
2356 1737 2715 1797 ἐϐουλεύσατο
2764 1743 2792 1797 6
2842 1741 3073 1817 Βρίγγας
3125 1739 3351 1817 βασιλέα
3395 1741 3517 1796 τινὰ
3563 1760 3703 1817 προ-

308 1833 539 1905 gnando
567 1832 861 1904 Josephus
882 1834 1179 1906 cogitavit,
1212 1840 1375 1890 ratus
1408 1852 1475 1891 ea
1504 1836 1729 1892 ratione
1754 1854 1817 1893 se
1847 1837 1952 1891 im-

312 1926 511 1993 petum
570 1922 825 1978 militum
886 1929 1246 1980 retusurum.
1300 1926 1388 1979 Ad
1448 1925 1725 1981 nuntium
1786 1943 1953 1998 porro

306 2010 480 2066 delati
513 2011 712 2067 Phocze
766 2012 997 2084 imperii
1029 2012 1207 2084 hujus
1257 2020 1421 2085 pater
1468 2016 1703 2081 Bardas,
1735 2020 1859 2070 tum
1893 2015 1952 2069 in

307 2102 447 2156 urbe
478 2101 970 2173 degens,supplex
1006 2102 1063 2156 in
1099 2103 1377 2174 Magnum
1411 2103 1721 2176 Templum
1753 2107 1953 2160 confu-

300 2190 423 2262 git;
459 2190 569 2246 Leo
618 2195 815 2245 autem
848 2191 1027 2246 frater
1055 2191 1385 2263 Nicephori,
1418 2192 1651 2249 tametsi
1683 2198 1952 2249 accurate

296 2279 758 2347 custodiebatur,
793 2286 992 2334 tamen
1044 2280 1195 2335 clam
1228 2298 1289 2336 se
1321 2282 1603 2337 subduxit
1640 2287 1695 2337 et
1726 2284 1798 2337 ad
1833 2284 1951 2338 fra-

291 2372 439 2423 trem
465 2369 746 2438 pervenit.
778 2370 881 2425 His
903 2368 987 2424 ita
1010 2370 1157 2425 actis
1181 2370 1437 2425 concidit
1462 2372 1659 2427 animo
1680 2373 1947 2442 Bringas,

270 2460 346 2511 ct
377 2457 435 2511 in
469 2458 722 2513 summis
753 2458 924 2514 haesit
955 2458 1555 2515 difﬁcultatibus.Non
1587 2461 1743 2516 enim
1776 2468 1950 2533 aptus

289 2552 414 2601 erat
443 2547 514 2602 ad
538 2546 989 2603 demulcendam
1012 2548 1360 2620 periculosis
1383 2550 1750 2620 temporibus
1795 2551 1947 2607 mul-

290 2636 739 2706 titudinem,sed
756 2636 855 2691 ubi
871 2637 1414 2709 oportebatblandis
1427 2641 1801 2696 sermonibus
1815 2644 1950 2697 adu'

294 2722 588 2795 landoque
617 2741 747 2779 eam
779 2725 1337 2799 demitigare,magis
1368 2732 1747 2801 exasperabat
1772 2735 1946 2798 atque

294 2813 587 2868 irritabat.
642 2815 727 2869 Ita
776 2818 902 2869 tum
954 2831 1186 2887 quoque
1233 2817 1509 2873 omnibus
1557 2818 1615 2872 in
1668 2819 1942 2889 Magnum

294 2901 605 2974 Templum
653 2904 1162 2976 concurrentibus,
1195 2907 1466 2978 superbis
1515 2912 1689 2978 atque
1719 2909 1943 2979 asperis

293 2991 481 3046 verbis
514 2993 798 3063 populum
844 2999 909 3048 ut
940 2998 1285 3064 perterreret
1316 3011 1330 3051 :
1365 2997 1503 3068 Ego,
1537 2998 1748 3069 inquit,
1784 3014 1940 3053 com-

292 3096 530 3150 pescam
552 3085 805 3136 vestram
832 3082 1107 3138 ferociam
1129 3090 1305 3155 atque
1324 3086 1782 3157 impudentiam:
1803 3104 1935 3141 nam

2065 1827 2342 1888 ϐαλέσθαι.
2381 1829 2471 1886 διὰ
2497 1831 2693 1886 τούτου
2739 1831 2990 1904 οἷομενος
3032 1831 3124 1886 τὸν
3169 1831 3330 1885 τόνον
3363 1828 3582 1885 ἐκλῦσαι
3603 1833 3702 1896 τῆς

2064 1921 2243 1995 ὁρμῆς
2288 1925 2386 1975 τοῦ
2445 1926 2693 1995 στρατοῦ.
2752 1916 2904 1982 Τέως
2961 1917 3019 1975 δὲ
3073 1928 3173 1989 τῆς
3227 1919 3596 1996 ἀκαρῥήσιως,
3630 1921 3705 1983 ὡς

2064 2009 2314 2082 εἷ’πομεν,
2347 2015 2444 2065 τοῦ
2484 2015 2652 2066 Φωκᾶ
2698 2013 3019 2084 γενομένης,
3067 2006 3272 2086 Βάρδας
3326 2010 3418 2083 μὲν
3453 2009 3480 2063 6
3505 2008 3704 2064 τούτου

2062 2101 2241 2174 πατὴρ
2296 2097 2480 2175 (ἔτυχε
2564 2102 2666 2176 γὰρ
2741 2096 3003 2175 ἐνδημῶγ
3073 2102 3141 2172 τῇ
3206 2096 3470 2175 βασιλίδι)
3526 2099 3707 2168 ἱκέτης

2063 2188 2366 2264 εἰσέρχεται
2414 2189 2547 2263 πρὸς
2598 2196 2697 2258 τῆν
2738 2185 2995 2262 Μεγάλην
3045 2187 3337 2258 ἐκκλησίαν
3374 2209 3387 2222 ·
3447 2188 3594 2242 Λέων
3650 2185 3705 2242 δὲ

2062 2278 2089 2331 6
2140 2276 2342 2332 ἐκείνου
2401 2275 2658 2355 ἀδελφὸς,
2728 2276 2923 2351 καίπερ
2975 2274 3381 2355 φυλαττόμενος
3439 2270 3702 2350 ἀκριϐῶς,

2063 2364 2242 2429 λαθὼν
2299 2364 2505 2441 ἀπέδρα
2559 2366 2647 2421 καὶ
2705 2371 2785 2439 τῷ
2833 2365 3016 2439 οἴκειῳ
3074 2366 3257 2437 ἡνώθη
3317 2366 3577 2438 ὁμαίμονι
3624 2363 3702 2419 Οὖ

2057 2456 2347 2529 γενομένου
2396 2454 2626 2531 παρείθη
2657 2456 2757 2524 τήν
2809 2457 2993 2530 ψυχήν
3044 2454 3133 2509 καὶ
3166 2453 3217 2509 ἐν
3247 2453 3390 2529 πάσῃ
3418 2452 3703 2529 ἀμηχανίᾳ

2055 2543 2148 2599 καί
2207 2540 2363 2620 φόϐῳ
2420 2544 2647 2615 κατέστη
2705 2546 2734 2599 6
2787 2544 3041 2619 Βρίγγας.
3090 2546 3190 2600 ἸΙν
3239 2542 3339 2619 γὰρ
3396 2544 3483 2597 καὶ
3517 2544 3700 2597 ἀνεπι-

2054 2631 2271 2703 τήδειος
2334 2636 2405 2707 (9)
2464 2632 2515 2687 ἐν
2560 2638 2772 2709 καιροῖς
2817 2629 3107 2695 δυσκόλοις
3155 2627 3328 2706 ὄχλον
3376 2635 3700 2685 κολακεῦσαι

2053 2722 2142 2775 καὶ
2173 2721 2707 2799 καταδημαγωγῆσαι
2764 2722 2978 2791 πλῆθος
3010 2741 3023 2753 ·
3078 2718 3195 2775 δέον
3254 2721 3359 2795 γὰρ
3408 2721 3701 2792 προσηνέσι

2056 2809 2244 2886 λόγοις
2273 2811 2363 2866 καὶ
2394 2813 2750 2874 θωπευτικοῖς
2778 2812 2877 2879 τὴν
2926 2814 3023 2865 τοῦ
3048 2809 3294 2881 πλήθους
3323 2808 3698 2883 καταμαλάξαι

2052 2900 2232 2973 ὁρμήν
2266 2903 2413 2975 [648]
2473 2902 2499 2956 6
2550 2899 2606 2955 δὲ
2662 2899 2872 2974 μᾶλλον
2923 2898 3236 2974 ἐξετράχυνε
3292 2900 3381 2954 καὶ
3428 2897 3689 2973 ἡγρίωσε.

2056 2992 2273 3045 Πάντων
2299 2992 2399 3066 γὰρ
2433 2989 2483 3045 ἐν
2532 2994 2601 3064 τῇ
2661 2988 2888 3067 Μεγάλῃ
2947 2989 3350 3065 συντρεχόντων
3380 2986 3697 3060 ἐκκκλησίᾳ,

2051 3078 2211 3140 αὐτὸς
2259 3080 2321 3135 τὸ
2374 3078 2584 3149 πλῆθος
2632 3076 2966 3151 ἐκδειματῶν
3008 3076 3207 3153 λόγους
3232 3076 3504 3154 ἐπαφῆκεν
3536 3078 3699 3150 ὑπιρο

288 3145 540 3223 efﬁciam
573 3174 636 3224 ut
668 3171 823 3241 quod
858 3188 960 3243 pro
1002 3145 1354 3229 nomismate
1385 3145 1601 3229 emitur
1631 3176 1932 3244 frumenti,

2051 3167 2290 3245 ηφάνους
2315 3190 2373 3224 τε
2409 3170 2496 3223 καὶ
2552 3174 2780 3244 τραχεῖς
2812 3186 2825 3202 ο
2868 3190 2889 3217 ιι
2920 3166 3081 3243 Ἐγὼ,
3133 3169 3329 3240 φήσας,
3369 3165 3696 3221 καταπαύσω

286 3259 345 3312 in
377 3256 511 3313 sinu
543 3257 716 3315 liceat
743 3264 995 3330 portare.
1031 3283 1058 3311 »
1094 3264 1298 3318 Actum
1330 3262 1440 3319 hoc
1471 3264 1563 3320 die
1606 3265 1931 3337 Dominica,

288 3363 441 3403 nona
486 3349 754 3419 Augusti.
788 3349 1032 3422 Vesperi
1066 3350 1246 3422 hujus
1294 3352 1483 3424 ipsius
1534 3355 1648 3409 diei
1681 3355 1935 3411 Basilius

286 3435 658 3493 Constantini
687 3437 1060 3508 imperatoris
1107 3440 1507 3498 cubicularius
1538 3443 1805 3513 intimus,
1836 3445 1933 3499 Jo-

288 3526 469 3597 sepho
488 3526 1167 3597 infensissimus,amicis
1196 3547 1261 3585 ac
1278 3531 1626 3602 pr0piuquis
1647 3533 1774 3588 suis
1795 3549 1935 3588 suos

294 3616 621 3686 adjungens
670 3617 826 3673 350
860 3616 1134 3685 famulos,
1170 3636 1272 3689 per
1297 3618 1514 3674 multas
1547 3621 1709 3676 urbis
1740 3627 1935 3692 partes

288 3703 533 3758 dimittit
561 3704 621 3758 in
673 3705 1139 3761 adversariorum
1190 3708 1415 3763 domos.
1451 3708 1495 3763 Ii
1526 3726 1559 3762 a
1588 3709 1780 3779 prima
1818 3712 1934 3767 diei

288 3790 439 3845 lunas
489 3791 633 3847 hora
662 3808 852 3863 usque
882 3794 955 3848 ad
987 3800 1209 3851 sextam
1260 3796 1545 3867 plurimas
1584 3799 1796 3856 civium
1831 3802 1933 3856 do-

287 3895 436 3951 mos,
485 3880 755 3952 interque
802 3883 906 3937 has
951 3883 1191 3955 Josepbi
1247 3885 1332 3940 vel
1386 3887 1757 3960 praecipuam,
1810 3888 1933 3946 solo

284 3973 683 4041 aequaverant.
736 3974 935 4041 Neque
982 3976 1217 4029 tantum
1265 3973 1587 4031 illustrium
1638 3983 1696 4032 et
1739 3978 1799 4033 in
1850 3996 1936 4034 re-

284 4058 522 4130 publica
550 4058 914 4115 versantium
949 4061 1121 4127 aedes,
1150 4079 1352 4119 eorum
1386 4066 1486 4135 qui
1518 4067 1811 4123 adversari
1845 4068 1931 4123 vi-

282 4146 701 4215 dehantur,sed
733 4152 789 4203 et
820 4150 1158 4205 tenuiorum
1182 4152 1501 4209 innumerae
1524 4155 1930 4211 diruebantur.

283 4235 425 4291 Etsi
454 4236 548 4290 cui
580 4235 719 4293 olim
752 4237 973 4309 aliquid
1024 4255 1159 4294 cum
1193 4240 1374 4296 altero
1422 4242 1729 4299 discordiae
1760 4245 1935 4300 inter-

285 4324 583 4395 cessisset,
642 4326 695 4381 is
746 4330 872 4381 tum
932 4328 1169 4384 turbam
1226 4330 1676 4403 incompositam
1732 4351 1931 4390 secum

280 4413 522 4469 trahens
555 4413 789 4471 nemine
839 4416 1107 4472 obstante
1138 4434 1271 4474 eum
1323 4421 1618 4491 perdebat.
1650 4423 1932 4495 Multique

2047 3257 2198 3330 ὑμῶν
2225 3259 2323 3326 τὴν
2372 3257 2676 3330 ίταμότητα
2730 3257 2821 3312 καὶ
2870 3256 3252 3333 ἀναισχυντίαν
3286 3276 3298 3288 ·
3342 3254 3557 3325 ποιήσω
3589 3255 3693 3331 γὰρ

2041 3347 2133 3401 τὸν
2188 3352 2284 3402 τοῦ
2341 3348 2679 3420 νομίσματος
2729 3345 3075 3419 ὠνουμένους
3124 3351 3270 3400 σῖτον
3328 3346 3689 3420 ἀποφέρεσθαι

2045 3434 2096 3489 έν
2155 3440 2234 3507 τῷ
2281 3432 2495 3508 κόλπῳ.
2533 3460 2561 3487 ››
2616 3435 2780 3490 Οῧπω
2829 3435 3110 3509 παρῆλθεν
3170 3432 3481 3509 ὁλόκληρος
3510 3434 3692 3509 ἡμέρᾳ

2043 3525 2132 3599 ἀφ’
2184 3523 2245 3578 οὗ
2318 3529 2477 3580 τοῦτο
2555 3523 2737 3600 ε’ίρηκε
2819 3524 3086 3598 (Κυριακή
3163 3524 3263 3601 γάρ
3316 3524 3406 3593 ἦν,
3457 3522 3679 3593 ἐννάτην

2044 3611 2274 3687 ἄγοντος
2329 3618 2426 3669 τοῦ
2474 3612 2787 3689 Αὔγούστου
2836 3615 3053 3687 μηνὸς),
3084 3613 3174 3668 καὶ
3218 3615 3290 3685 τῇ
3337 3613 3533 3687 ἑσπέρᾳ
3580 3619 3682 3681 τῆς

2044 3703 2209 3773 αὑτῆς
2264 3705 2476 3777 ἡμέρας
2533 3703 2812 3765 Βασίλειος
2860 3704 2888 3757 6
2944 3702 3342 3757 Κωνσταντίνου
3390 3706 3488 3756 τοῦ
3530 3702 3684 3775 βασι-

2044 3791 2183 3855 λέως
2213 3794 2729 3869 παρακοιμώμενος,
2779 3790 3051 3865 δυσμενὴς
3104 3791 3193 3845 καὶ
3227 3789 3480 3866 ἔχθιστος
3511 3787 3583 3844 ὥν
3605 3794 3685 3861 τῷ

2042 3882 2266 3960 Ἰωσὴφ,
2324 3888 2439 3944 τοῖς
2489 3883 2681 3937 ἑαυτιοῦ
2738 3880 2922 3957 φίλοις
2980 3880 3069 3934 κάὶ
3128 3880 3397 3956 συγγενέσι
3442 3880 3568 3936 τοὺς
3603 3879 3685 3933 οἷ-

2040 3971 2216 4033 κείους
2274 3971 2541 4044 συμμίξας
2599 3971 2925 4046 θεράποντας
2978 3968 3115 4024 κατὰ
3160 3968 3346 4024 πολλά
3398 3970 3536 4043 μέρη
3582 3975 3682 4038 τῆς

2040 4058 2255 4123 πόλεως
2283 4062 2568 4136 πέπομφεν
2616 4060 2692 4122 εἷς
2740 4058 2867 4121 τοὺς
2918 4058 3104 4121 οἷ’κους
3142 4063 3247 4112 τῶν
3296 4057 3683 4132 ἀντιπραττόν-

2038 4172 2146 4206 των
2179 4149 2346 4223 αὑτῷ.
2380 4153 2478 4203 Καὶ
2531 4150 2636 4204 ἀπὸ
2688 4150 2906 4223 τρώτης
2950 4148 3093 4221 ὥρας
3136 4154 3240 4216 τῆς
3271 4144 3518 4224 δευτέρας
3542 4144 3686 4219 ἠμέν

2044 4260 2139 4315 ρας
2173 4239 2369 4315 μέχρις
2397 4237 2555 4310 ἕκτης
2614 4240 2971 4315 κατέστρεψαν
3032 4237 3124 4292 καὶ
3157 4234 3477 4314 ἐξηδάφισαν
3513 4235 3686 4299 οἷκίας

2040 4327 2297 4391 πλείστας
2345 4333 2452 4383 τῶν
2511 4326 2779 4399 πολιτῶν,
2840 4328 2912 4381 ὧν
2970 4322 3333 4401 ἐπισημοτέρδ
3385 4325 3452 4393 ἦν
3501 4327 3536 4394 ἡ
3588 4327 3683 4379 τοῦ

2046 4420 2240 4495 Ἰωσήρ
2275 4438 2287 4450 ’
2346 4418 2408 4472 ού
2464 4418 2566 4494 γὰρ
2631 4417 2789 4489 μόνον
2842 4420 2950 4471 τῶν
2999 4410 3320 4471 ἀντιϐαίνειν
3381 4411 3686 4469 δοκούντων

282 4504 347 4558 in
368 4503 479 4559 hoc
499 4504 760 4559 tumultu
779 4506 958 4561 etiam
990 4507 1259 4563 homines
1281 4510 1468 4565 necati
1500 4516 1657 4567 sunt.
1694 4515 1933 4568 Interim

2051 4508 2287 4585 ίμφανῶν
2340 4508 2430 4561 καὶ
2470 4504 2771 4561 πολιτικῶν
2840 4504 3068 4581 ἀνδρῶν,
3120 4502 3265 4560 ἀλλά
3310 4503 3399 4558 καὶ
3454 4502 3683 4558 πολλῶν

289 4609 390 4664 per
420 4593 585 4649 urbis
616 4592 859 4665 plateas,
894 4596 1017 4651 fora
1047 4612 1114 4651 ac
1142 4598 1505 4669 angiportus,
1540 4600 1931 4672 Nicephorum

287 4681 633 4737 Callinicum
666 4682 984 4755 (praeclaris
1032 4686 1282 4757 potitum
1332 4689 1614 4761 victoriis)
1654 4690 1933 4747 inclama-

291 4770 451 4825 bant.
509 4774 645 4837 Quae
703 4773 845 4829 dum
901 4781 1208 4847 geruntur,
1255 4778 1475 4833 Bardas
1524 4795 1553 4833 e
1602 4780 1839 4850 templo,
1872 4781 1932 4835 in

287 4860 442 4931 quod
471 4860 643 4931 paulo
692 4867 829 4918 ante
858 4863 1107 4935 supplex
1153 4866 1565 4922 miserabiliter
1598 4869 1936 4938 confugerat

284 4954 340 5003 et
372 4952 631 5005 extrema
662 4951 776 5007 sibi
830 4952 1141 5009 imminere
1189 4959 1443 5026 putarat,
1477 4956 1673 5027 prodit
1701 4973 1717 5011 :
1749 4962 1807 5012 et
1835 4957 1932 5013 Jo-

282 5036 503 5109 sephus
532 5038 740 5095 salutis
771 5058 889 5097 sua
920 5047 1045 5098 tum
1079 5044 1360 5112 incertus,
1394 5046 1493 5115 qui
1526 5045 1697 5101 modo
1728 5045 1809 5100 ita
1837 5045 1930 5100 in-

282 5126 417 5182 flate
434 5128 889 5199 superbierat,in
913 5130 971 5186 id
996 5131 1176 5187 miser
1199 5138 1369 5203 atque
1400 5134 1719 5204 deprecans
1746 5135 1929 5190 subit.

277 5214 455 5271 Porro
511 5217 766 5275 Basilius
817 5220 1217 5277 cubicularius
1274 5236 1407 5276 cum
1477 5221 1603 5277 suis
1662 5221 1931 5279 triremes

2044 4596 2230 4653 ἄλλων
2263 4593 2667 4670 εύτελιστέρων,
2722 4595 2794 4649 ὧν
2848 4593 2945 4649 ούκ
2986 4593 3287 4669 ἀριθμητὸν
3326 4593 3392 4662 ἦν
3439 4593 3500 4647 τὸ
3539 4591 3685 4660 πλῆ-

2044 4690 2157 4756 θος,
2214 4676 2652 4761 κατεστράφησαν
2731 4682 2897 4739 οίκίαι
2934 4702 2947 4716 ⁸
2998 4684 3043 4755 ᾧ
3095 4683 3199 4758 γάρ
3267 4702 3398 4737 ποτε
3456 4678 3688 4759 διαφορά

2047 4777 2180 4849 μετά
2207 4796 2352 4836 τινος
2392 4774 2481 4843 ἦν,
2541 4774 2752 4842 πλῆθος
2801 4771 3043 4826 ἀτάκτων
3095 4771 3212 4843 μεθ’
3242 4771 3438 4825 ἑαυτοῦ
3487 4768 3687 4844 ἐπαγό-

2048 4885 2207 4936 μενος
2238 4862 2470 4937 μηδενὸς
2523 4861 2838 4922 κωλύοντος
2880 4860 3071 4915 τοῦτον
3119 4858 3365 4937 ἠφάνιζε.
3400 4856 3611 4914 Πολλοὶ
3645 4854 3691 4911 δ’

2043 4953 2094 5008 ἐν
2153 4956 2219 5027 τῇ
2274 4953 2497 5027 τοιαύτῃ
2563 4950 2749 5022 ἀταξίᾳ
2822 4948 2913 5004 καί
2967 4948 3242 5025 ἅνθρωποι
3302 4946 3685 5027 ἐφονεύθησαν.

2040 5042 2216 5100 Ταῢτύ
2276 5039 2332 5096 δὲ
2388 5045 2667 5102 ποιοῦντες
2714 5038 2764 5093 ἐν
2815 5043 2935 5099 ταῖς
2984 5036 3266 5099 πλατείαις
3321 5044 3424 5106 τῆς
3470 5034 3686 5097 πόλεως

2040 5131 2349 5209 λεωφόροις
2395 5125 2445 5185 ἕν
2494 5151 2553 5185 τε
2601 5133 2720 5189 ταῖς
2766 5127 2992 5203 ἀγοραῖς
3036 5124 3086 5183 ἔν
3144 5148 3203 5182 τε
3248 5131 3361 5188 τοῖς
3392 5130 3690 5209 στενωποῖς

2036 5206 2353 5299 Νικηφόρον
2395 5220 2738 5297 ὀνιυφήμουν
2790 5215 3138 5274 Καλλίνικον.
3197 5219 3366 5272 Τοῦτο
3413 5214 3475 5270 τὸ
3531 5206 3687 5289 ἔργον

1466 5390 1844 5448 XYLANDRI
1882 5393 1972 5450 ET
2008 5392 2227 5451 GOARI
2263 5393 2497 5450 NOTAE.

356 5530 433 5604 (9)
465 5532 528 5589 In
587 5534 869 5613 margine.
917 5534 1210 5613 “Tmoii'roc‘
1247 5534 1312 5613 ἦν
1368 5536 1544 5613 καὶ-δ
1594 5538 1929 5613 τυραννήσας

283 5600 461 5676 γέρων
492 5600 783 5680 προσεχῶς
829 5602 1033 5664 ἐκεῖνος
1090 5600 1453 5680 Ἀνδρόνικος.
1484 5610 1618 5667 Noti
1662 5600 1825 5667 sunt.
1857 5600 1928 5667 d6

2039 5538 2207 5613 plebe
2251 5556 2469 5613 versus
2503 5536 2744 5613 Lucani,
2779 5536 2995 5613 quibus
3024 5535 3279 5613 AB_ringas_
3327 5528 3687 5613 contrarium

2039 5601 2196 5669 inalo
2227 5629 2336 5669 suo
2366 5612 2503 5670 fecit
2536 5628 2549 5667 :
2584 5601 2767 5669 Nescit
2792 5601 2984 5682 plebe:
3004 5601 3204 5679 jejuni
3230 5608 3444 5662 timere.
3477 5601 3613 5660 Χγι..
