4004 6208
314 394 391 454 85
1456 390 1999 456 HISTORIARUM
2043 389 2589 452 COMPENDIUM.
3647 403 3726 464 86

316 524 474 599 ἐξάγει
552 524 649 596 μὶν
717 530 820 592 τῆς
896 522 1160 601 Μεγάλης
1231 523 1521 595 ἐκκλησίας
1596 520 1807 600 Βάρδὰν
1865 521 1919 575 τὲ

2032 574 2043 590 _
2074 522 2407 587 adornat,et
2439 521 2813 593 imperatoria
2842 522 3015 579 etiam
3033 524 3223 583 celoce
3254 537 3557 604 assumpta
3586 550 3723 592 cum

315 616 508 688 πατέρα
567 617 663 667 τοῦ
723 617 910 681 Φωκᾶ,
971 612 1182 692 φυγάδα
1211 612 1426 688 οἰκτρὸν
1468 613 1558 668 καὶ
1591 616 1717 667 ὅσον
1750 609 1915 666 οὐδέπ

2076 617 2197 667 tota
2226 610 2412 667 classe
2458 612 2838 686 Chrysopolin
2871 614 3191 686 trajiciunt,
3227 623 3285 674 et
3332 620 3723 693 Nicephorum

314 706 397 759 τὸν
426 703 675 759 κίνδυνον
712 703 1101 781 ἐκδεχόμενον,
1144 708 1236 760 τὸν
1294 705 1350 761 δὲ
1404 709 1605 781 Ἰωσήρ
1653 707 1747 759 τὸν
1794 723 1919 778 παρι

2072 701 2207 757 inde
2242 704 2311 757 ad
2346 702 2737 771 Hebdomum,
2769 710 2943 775 atque
2974 705 3110 761 hinc
3140 710 3300 764 omni
3346 712 3725 772 multitudine

313 797 673 869 κοιμώμενον⁴
732 797 823 851 τὸν
878 796 983 871 πρὸ
1034 796 1231 851 τούτου
1294 796 1507 870 μεγάλα
1562 800 1813 873 φυσῶντα
1868 814 1919 847 κι

2073 793 2299 847 urbana
2346 793 2670 847 deducente
2720 810 2853 848 cum
2916 796 3126 852 faustis
3178 799 3721 871 acclamationibus,

313 884 698 960 ἐπαιρόμενον,
759 885 834 948 εἷς
894 886 1061 954 αὐτὴν
1123 885 1418 961 ἀντεισάγει
1480 886 1663 955 ἱκὲτην
1723 882 1919 938 ἐλεεινὰ

2069 880 2396 951 plausibus,
2430 880 2590 936 tubis
2640 898 2705 937 ac
2754 883 3041 955 cymbalis
3087 886 3323 958 publica
3371 906 3585 963 pompa
3622 908 3727 963 per

311 970 730 1051 καὶάμφίὸολον
784 974 984 1050 ἔχοντα
1029 976 1130 1044 τήν
1170 976 1362 1030 ἑαυτοῦ
1421 974 1714 1051 σωτηρίαν.
1775 974 1841 1029 Οἱ
1901 969 1919 1025 ἓ

2066 972 2317 1026 Auream
2351 976 2581 1043 portam
2608 972 2755 1029 35]
2796 973 2853 1029 in
2888 975 3093 1030 urbem
3125 977 3448 1035 ducunt.Ut
3477 980 3538 1035 in
3563 984 3721 1054 Mag-

310 1066 422 1139 περί
464 1066 555 1119 τὸν
607 1066 1102 1142 παρακοιμώμενον
1152 1064 1432 1120 Βασίλειον
1489 1067 1735 1139 τριήρεις
1789 1082 1919 1116 κατα

2068 1077 2209 1115 num
2242 1060 2550 1132 Templum
2583 1066 2822 1117 ventum
2854 1068 2961 1132 est,
2997 1064 3343 1138 Polyeuctus
3386 1069 3723 1141 patriarcha

310 1155 643 1217 σκευάσαντες
710 1154 801 1209 καὶ
864 1154 957 1209 τὸν
1031 1153 1314 1230 βασιλικὸν
1358 1152 1649 1231 εἰληφότες
1697 1152 1915 1225 δρόμων

2064 1150 2135 1204 ad
2174 1150 2277 1205 hoc
2327 1156 2704 1221 comparatus
2734 1168 2869 1208 eum
2918 1154 2978 1209 in
3011 1162 3286 1227 suggesto
3339 1158 3720 1229 imperatoria

311 1245 434 1315 μετά
478 1244 679 1306 παντὸς
710 1248 807 1298 τοῦ
840 1243 1039 1299 στόλου
1070 1248 1418 1320 περαιοῦνται
1464 1242 1518 1298 ἰν
1547 1239 1919 1318 Χρυσουπόλει

2062 1238 2311 1311 insignit
2341 1255 2574 1306 corona,
2603 1241 2697 1296 die
2725 1242 3295 1317 dominico,Augusti
3328 1248 3555 1305 decimo
3588 1266 3716 1306 sex-

302 1332 383 1386 καὶ
461 1335 555 1387 τὸν
626 1332 937 1411 Νικηφόρον
1003 1333 1200 1388 ἐκεῖθεν
1274 1327 1671 1405 ἀνάλαϐόμενοι
1731 1330 1918 1405 ἄγουσι

2061 1332 2140 1395 to,
2173 1327 2492 1385 indictione
2524 1334 2706 1387 sexta.

301 1422 370 1482 εἷς
396 1424 456 1476 τὸ
484 1417 787 1494 Ἑϐδομον,
823 1422 1041 1477 αὐτόθεν
1068 1443 1127 1477 τε
1154 1422 1307 1477 αὐτοί
1334 1443 1393 1477 τε
1422 1424 1511 1476 καί
1541 1428 1645 1481 πᾶς
1678 1422 1705 1475 6
1739 1417 1917 1490 δῆμος
1946 1423 2045 1485 τῆς
2075 1414 2293 1478 πόλεως
2333 1420 2448 1489 μετ’
2481 1418 2790 1494 εὖφημιῶν,
2826 1421 2911 1474 καὶ
2944 1423 3177 1496 κρότων,
3228 1423 3319 1477 καὶ
3371 1423 3705 1501 σαλπίγγων,

298 1512 380 1564 καὶ
407 1506 701 1584 συμϐάλων
736 1510 1006 1585 δημοσίας
1036 1513 1333 1588 γενομένης
1364 1509 1605 1587 προόδου
1638 1508 1726 1564 διὰ
1754 1512 1852 1572 τῆς
1878 1512 2090 1581 Χρυσῆς
2123 1506 2335 1581 πόρτης
2364 1506 2668 1582 εἰσάγουσιν
2698 1508 2773 1570 είς
2803 1510 2904 1578 τὴν
2941 1509 3214 1584 βασιλίδα.
3250 1513 3535 1586 Γενόμενοι
3570 1513 3627 1569 δὲ
3658 1515 3711 1569 ἐν

296 1604 358 1672 τῇ
384 1601 611 1675 Μεγάλῃ
642 1599 908 1673 ἐκκλησίᾳ
953 1590 1300 1658 Πολύευκτον
1348 1600 1746 1673 παρεσκεύασαν
1797 1597 1889 1652 τὸν
1936 1593 2311 1669 πατριάρχην,
2343 1596 2433 1650 καὶ
2463 1601 2543 1668 τῷ
2578 1596 2848 1671 βασιλικῷ
2878 1599 3036 1653 αὐτὸν
3065 1605 3347 1656 ταινιῶσαι
3379 1600 3702 1678 διαδήματι.

298 1690 475 1767 Στέφει
509 1688 601 1744 οῦν
628 1695 819 1746 τοῦτον
847 1692 874 1746 6
898 1691 1240 1753 Πολύευκτος
1273 1692 1322 1745 ἐν
1356 1696 1434 1763 τῷ
1463 1687 1677 1763 ἅμϐωνι
1707 1691 1806 1754 τῆς
1830 1689 1927 1741 τοῦ
1957 1688 2090 1740 Θεοῦ
2120 1684 2374 1759 Μεγάλης
2402 1684 2692 1756 ἐκκλησίας
2720 1686 2901 1762 ἡμέρα
2959 1686 3015 1744 δὲ
3069 1690 3136 1760 ἦν
3190 1693 3437 1767 Κυριακὴ
3493 1700 3555 1758 ις’
3608 1698 3706 1749 τοῦ

296 1779 602 1853 Αὐγούστου
642 1782 815 1853 μηνὸς
850 1778 1095 1857 ἄγοντος,
1126 1788 1225 1851 τῆς
1261 1783 1304 1845 ς’
1334 1778 1698 1841 ίνδικτιῶνος.

359 1886 707 1951 Ἀποστείλας
768 1885 826 1943 δὲ
875 1890 967 1944 τὸν
1021 1889 1264 1964 μοναχὸν
1314 1887 1403 1942 καὶ
1476 1884 1774 1963 σῦγκελλον
1827 1884 1917 1938 Ἀν

2122 1883 2259 1939 Post
2288 1884 2411 1941 haec
2457 1886 2821 1960 Nicephorus
2850 1888 3171 1961 imperator
3208 1890 3527 1947 Antonium
3560 1892 3702 1948 Stu-

290 1976 471 2029 τώνιον
503 1976 599 2031 τὸν
640 1974 939 2047 Στουδίτην
970 1979 1068 2047 τὴν
1128 1978 1410 2055 Θεεοιρανὼ
1467 1981 1575 2031 τῶν
1641 1971 1929 2051 βασιλείων

290 2060 633 2135 καταϐιϐάζει
664 2066 755 2120 καὶ
787 2065 865 2128 εἷς
897 2067 960 2121 τὸ
991 2065 1255 2121 παλάτιον
1305 2065 1400 2120 τοῦ
1451 2063 1683 2134 Πετρίου
1732 2062 1934 2135 ἐκπέμ-

286 2172 389 2207 πει.
440 2153 574 2209 Μετ’
624 2152 811 2228 ὀλίγον
860 2151 917 2208 δὶ
964 2152 1235 2228 ἐξόριστον
1288 2154 1501 2222 τίθησιν
1554 2152 1645 2207 καὶ
1696 2151 1786 2205 τὸν
1836 2170 1933 2204 πα-

289 2242 935 2320 ρτκοιμώμενονἹωσὴφ
967 2241 1017 2297 ἐν
1074 2241 1448 2320 Παφλαγονίᾳ,
1514 2244 1598 2315 [Ρ.
1659 2241 1787 2315 649]
1843 2239 1931 2294 καὶ

284 2330 425 2393 αὖθις
457 2332 578 2403 μετ’
634 2331 696 2385 οὐ
727 2330 903 2386 πολὺν
937 2332 1134 2407 χρόνον
1173 2326 1519 2404 μεταϐιϐάζει
1579 2325 1631 2385 ἔν
1689 2352 1795 2384 τινι
1833 2350 1933 2402 μο-

282 2421 549 2494 ναστηρίῳ
606 2419 895 2494 λεγομένῳ
963 2424 1061 2474 τοῦ
1115 2422 1468 2493 Ἀσηκρῆτις,
1539 2420 1589 2474 ἐν
1650 2425 1765 2480 τοῖς
1824 2424 1931 2473 Πυ-

511 2509 572 2571 δς
622 2509 709 2564 ἰπὶ
762 2508 857 2565 δύο
916 2511 1080 2575 ’ὀλους
1140 2512 1312 2567 ἐκεῖσε
1364 2510 1705 2589 ἐνδιατρίψας
1756 2509 1934 2565 ἐνιαυ-

280 2598 393 2659 τοὺς
446 2594 686 2656 ἁπεόίω.
732 2602 1046 2675 Χειροτονεῖ
1105 2599 1161 2657 δὶ
1213 2603 1303 2656 καὶ
1353 2599 1558 2676 Βάρδαν
1589 2601 1682 2657 τὸν
1741 2601 1932 2655 ἑαυτοῦ

281 2688 471 2763 πατέρα
531 2690 795 2765 Καίσαρα.
854 2694 930 2756 Τῆ
991 2688 1047 2745 δὲ
1102 2698 1148 2745 κ’
1178 2697 1273 2746 τοῦ
1306 2686 1685 2767 Σεπτεμϐρίου
1738 2690 1929 2763 μηνὸς,

280 2776 332 2830 τὸ
362 2783 713 2852 προσωπεῖον
763 2779 853 2833 καὶ
909 2782 1008 2849 τὴν
1070 2783 1275 2851 σκηνὴν
1336 2782 1689 2853 ἀποθέμενος,
1751 2778 1932 2854 ἄγεται

277 2865 504 2939 νόμιμον
552 2869 799 2944 γαμετὴν
858 2870 955 2939 τήν
1011 2871 1286 2947 Θεοφανώ.
1340 2870 1470 2925 Τότε
1520 2868 1576 2924 δὲ
1618 2869 1707 2923 καὶ
1757 2873 1927 2944 κρεῶν

278 2952 609 3030 ἀπεγεύσατο
644 3000 658 3025 ,
738 2958 1000 3033 πρότερον
1060 2958 1405 3034 ἀπεχόμενος
1464 2956 1819 3036 κρεωδαισίας
1879 2956 1929 3027 ἐξ

274 3041 389 3097 ὅτου
444 3044 664 3119 Βάρδας
698 3047 726 3101 6
758 3045 818 3101 ἐκ
858 3054 961 3116 τῆς
1019 3049 1284 3123 προτέρας
1316 3048 1478 3103 αὐτοῦ
1510 3049 1763 3123 γυναικὸς
1794 3047 1927 3102 ἀπο-

271 3134 473 3208 τεχθεὶς
532 3134 687 3207 αὐτῷ
746 3136 881 3204 υἱὸς,
932 3137 1304 3209 ἱππαζόμενος
1364 3138 1414 3192 ἐν
1472 3142 1552 3210 τῷ
1607 3134 1779 3209 πεδίῳ
1838 3136 1927 3190 καὶ

284 2508 413 2571 eius;
435 2530 448 2542 ·

2045 1972 2227 2028 ditam
2257 1975 2614 2031 monachum
2631 1982 2689 2033 et
2710 1977 3036 2047 syncellum
3054 1978 3363 2053 mittit,qui
3380 1979 3698 2038 aulaTheo-

2044 2062 2379 2133 phanonem
2436 2066 2645 2121 educat
2682 2070 2741 2121 et
2786 2065 2845 2121 in
2893 2068 3175 2139 palatium
3208 2070 3361 2125 Petri
3409 2069 3691 2127 includat.

2045 2151 2222 2207 Paulo
2258 2156 2391 2223 post
2422 2154 2747 2226 Josephum
2780 2155 2837 2210 in
2872 2157 3329 2230 Paphlagoniam
3364 2159 3694 2233 relegat,.et

2044 2240 2180 2296 inde
2232 2259 2495 2308 rursum,
2530 2260 2645 2298 non
2699 2243 2873 2316 longo
2924 2246 3269 2319 interposito
3320 2252 3601 2321 tempore,
3633 2248 3695 2304 in

2045 2333 2471 2387 monasterium
2520 2332 2578 2387 in
2631 2333 2858 2404 Pythiis
2908 2336 3063 2405 quod
3095 2338 3134 2390 A
3169 2338 3409 2393 secretis
3459 2338 3696 2407 dicitur,

2047 2421 2147 2475 ubi
2180 2420 2229 2476 is
2264 2438 2365 2492 per
2393 2422 2543 2477 duos
2574 2440 2758 2477 annos
2809 2424 3053 2480 tolerata
3100 2426 3220 2481 vita
3251 2426 3416 2481 obiit.
3452 2426 3699 2482 Bardam

2044 2527 2277 2581 quoque
2300 2515 2522 2581 patrem
2549 2528 2723 2565 suum
2754 2515 3035 2569 Caesarem
3060 2514 3536 2569 creat.Vicesima
3558 2516 3701 2588 Sep-

2044 2600 2290 2655 tembris
2323 2602 2415 2655 die
2447 2600 2604 2656 larva
2635 2601 2901 2673 deposita
2932 2619 3172 2658 uxorem
3206 2603 3371 2658 duxit
3400 2604 3700 2676 Theopha-

2044 2689 2447 2745 nonem.Tunc
2479 2694 2538 2745 et
2567 2706 2773 2745 carnes
2804 2690 3081 2762 gustavit,
3116 2710 3150 2748 a
3172 2693 3391 2764 quibus
3413 2692 3700 2750 hactenus

2043 2780 2409 2835 abstinuerat
2440 2780 2512 2834 ab
2562 2797 2628 2835 eo
2674 2786 2956 2851 tempore,
2991 2798 3107 2853 quo
3159 2783 3381 2838 Bardas
3410 2800 3478 2839 ex
3510 2784 3697 2854 priore

2041 2870 2291 2941 conjuge
2341 2867 2498 2924 illius
2548 2869 2759 2939 ipsius,
2795 2870 2854 2923 in
2896 2886 3104 2942 campo
3153 2872 3426 2942 equitans
3474 2878 3531 2927 et
3560 2890 3695 2929 cum

2040 2958 2303 3030 patruele
2316 2957 2640 3013 suoPleusa
2654 2959 3063 3025 ludens,hasta
3077 2978 3110 3016 a
3133 2960 3366 3018 nolente
3387 2961 3539 3017 ictus
3562 2979 3695 3034 per-

2040 3047 2126 3103 iit.
2157 3048 2451 3103 Feceritne
2470 3047 2577 3103 hoc
2600 3048 2965 3103 abstinentia:
2993 3066 3191 3121 causa,
3219 3068 3291 3105 an
3319 3053 3381 3106 ut
3402 3051 3486 3107 sic
3508 3051 3694 3122 impe-

2040 3142 2188 3192 rato:
2202 3154 2263 3192 es
2279 3155 2384 3192 sua
2400 3136 2895 3205 conciliacelaret,
2917 3148 3123 3209 praeter
3146 3141 3339 3211 ipsum
3355 3140 3517 3196 solus
3538 3142 3697 3197 novit

270 3225 342 3293 τῷ
393 3222 592 3296 οἲκείῳ
646 3224 995 3299 προσπαίζων
1055 3225 1263 3301 ἀνεψίῷ
1327 3232 1405 3299 τῷ
1459 3226 1716 3301 Πλεύσῃ,
1791 3224 1919 3298 μετᾶ

2042 3226 2475 3281 Deus.Peractis
2498 3227 2653 3282 352
2679 3244 2752 3280 nu
2766 3227 2970 3297 ptiisin
2990 3244 3135 3282 novo
3150 3229 3221 3282 ad
3236 3228 3520 3299 palatium
3544 3236 3696 3285 tem-

273 3307 488 3384 δόρατος
544 3312 776 3388 βληθεὶς
844 3313 1109 3377 ἀκουσίως
1158 3314 1410 3386 τέθνηκε.
1468 3317 1643 3371 Τοῦτο
1705 3311 1762 3369 δὲ
1819 3310 1925 3369 εἴτε

271 3399 720 3476 ἐγκρατευόμενος
772 3401 940 3457 ἐποίει
997 3401 1102 3458 εἴτε
1153 3404 1242 3458 καὶ
1275 3402 1457 3458 λαθεῖν
1490 3402 1616 3466 τοὺς
1665 3406 1924 3479 κρατοῦν-

269 3510 356 3549 τις
419 3490 874 3563 ὑποκρινόμενος,
966 3490 1130 3563 μόνος
1204 3488 1263 3544 ἂν
1348 3489 1516 3560 εἰδείη
1608 3490 1742 3563 μετὰ
1799 3490 1925 3543 Θεὸν

272 3577 487 3640 ἇκεῖνος.
537 3583 649 3633 Τοῦ
698 3578 881 3655 γάμου
949 3578 1005 3633 δὲ
1055 3578 1399 3644 τελεσθέντος
1458 3579 1511 3634 ἐν
1551 3583 1617 3653 τῇ
1672 3579 1807 3633 κατᾶ
1861 3579 1923 3632 τὸ

268 3667 523 3723 παλάτιον
592 3669 682 3739 νέᾳ
755 3667 1059 3741 ἐκκλησίᾳ,
1119 3668 1335 3745 ἐπείπερ
1403 3666 1648 3743 ἤμελλεν
1712 3664 1921 3729 εἶ’σοδος

266 3756 310 3808 ἓν
382 3762 462 3828 τῷ
535 3758 907 3832 θυσιαστηρίῳ
973 3759 1240 3833 γενέσθαι,
1300 3766 1401 3828 τῆς
1440 3758 1627 3834 χειρὸς
1673 3755 1918 3832 κατέχων

266 3845 413 3900 αότόν
448 3848 477 3901 6
507 3845 856 3908 Πολύευκτος
913 3848 1003 3900 καὶ
1052 3852 1170 3909 ταῖς
1218 3849 1391 3923 ἱεραῖς
1433 3847 1647 3922 ἐγγίσας
1704 3846 1920 3920 κιγκλί-

268 3954 386 3999 σιν,
446 3935 641 3991 εἴσεισι
700 3937 797 4009 μὶν
854 3936 1015 3997 αὐτὸς
1075 3935 1150 3997 είς
1204 3936 1271 3992 τὰ
1347 3934 1552 4009 ἄδυτα,
1612 3935 1813 3991 ἐκεῖνον
1873 3931 1921 3990 δ’

266 4024 520 4095 ἰξώθησεν
587 4022 806 4080 ὄπισθεν
844 4070 857 4096 ,
928 4024 1162 4080 ἐπειπὼν
1240 4028 1315 4100 μὴ
1374 4026 1635 4103 πρότερον
1696 4046 1917 4101 συγχω-

268 4116 587 4184 ρηθήσεσθαι
664 4114 825 4169 αὐτὸν
905 4115 980 4179 εἰς
1050 4115 1114 4169 τὸ
1190 4116 1569 4190 θυσιαστήριον
1630 4114 1913 4185 εἰσελθεῖν,

266 4202 381 4270 πρὶν
441 4200 500 4257 ἂν
582 4201 800 4274 δέξηται
869 4202 1119 4277 ἆπιτίμια
1178 4201 1721 4281 δευτερογαμούντων
1778 4208 1912 4277 (40)·

266 4289 532 4361 Ἐλύπησε
565 4289 623 4346 δὶ
655 4291 707 4345 ἐν
756 4292 933 4365 τούτῳ
980 4293 1069 4347 τὸν
1104 4294 1438 4372 Νικηφόρον,
1488 4294 1581 4347 καὶ
1631 4294 1691 4348 οὐ
1743 4291 1914 4348 διέλι-

266 4400 347 4433 πεν
404 4379 648 4455 ἔγνω-σῶν
710 4380 858 4453 αὐτῷ
920 4383 1086 4459 μέχρι
1144 4389 1243 4452 τῆς
1300 4381 1578 4452 τελευτῆς.
1631 4380 1911 4437 Διεδέδοτο

269 4464 319 4521 ἃ
363 4470 449 4522 καὶ
511 4467 683 4543 λόγος
741 4471 1094 4546 ἁπανταχοῦ,
1147 4470 1205 4533 ὅς
1264 4471 1324 4526 οὐ
1387 4476 1596 4546 μικρῶς
1639 4469 1911 4546 διετάραξε

265 4558 352 4624 τήν
398 4557 757 4629 Ἐκκλησίαν,
805 4560 990 4633 ὅτιπερ
1040 4562 1067 4615 6
1116 4560 1428 4638 Νικηφόρος
1480 4561 1586 4615 ἀπὸ
1626 4564 1722 4615 τοῦ
1753 4562 1908 4634 ἁγίου

2041 3314 2296 3387 plo,cum
2317 3315 2374 3368 in
2392 3314 2795 3369 sanctuarium
2811 3319 2965 3369 esset
2980 3316 3529 3387 intrandum,manu
3559 3334 3695 3374 eum

2035 3409 2241 3459 tenens
2276 3401 2637 3475 Polyeuctus,
2672 3406 2733 3457 ut
2765 3402 2835 3456 ad
2869 3419 3068 3458 sacros
3122 3404 3414 3460 cancellos
3444 3410 3690 3461 ventum

2034 3500 2142 3563 est,
2178 3494 2303 3564 ipse
2333 3494 2393 3547 in
2426 3493 2668 3563 adytum
2700 3490 2905 3546 introit
2933 3497 2989 3546 et
3038 3492 3453 3564 imperatorem
3504 3494 3692 3565 repel-

2034 3582 2120 3648 lit,
2153 3584 2353 3653 aitque
2386 3599 2502 3637 non
2534 3581 2947 3635 intromissum
2981 3580 3077 3646 iri,
3112 3582 3459 3655 priusquam
3490 3599 3693 3654 poenas

2033 3688 2136 3742 pro
2187 3671 2462 3726 secundis
2517 3669 2740 3741 nuptiis
2792 3669 3022 3726 luisset.
3056 3670 3368 3727 Molestum
3418 3672 3529 3728 hoc
3583 3672 3693 3727 fuit

2030 3760 2380 3833 Nicephoro,
2408 3764 2464 3815 et
2489 3760 2560 3815 ad
2594 3760 2772 3814 ﬁnem
2807 3777 2995 3831 usque
3026 3761 3156 3817 vitae
3205 3761 3520 3834 Polyeucto
3553 3778 3687 3816 suc-

2030 3852 2277 3906 censuit.
2312 3850 2626 3905 Dicebatur
2673 3849 2847 3904 etiam
2881 3850 3106 3920 passim
3158 3868 3382 3915 rumor,
3417 3851 3516 3923 qui
3570 3867 3685 3906 non

2028 3940 2271 4011 exiguas
2300 3939 2358 3993 in
2411 3938 2659 3993 ecclesia
2686 3940 2891 3994 turbas
2930 3940 3113 4010 dedit,
3148 3957 3333 3996 unum
3362 3940 3683 3995 liberorum

2025 4028 2481 4100 Theophanonis
2514 4027 2695 4083 fuisse
2718 4046 2751 4082 a
2771 4028 3097 4099 Nicephoro
3130 4045 3161 4083 e
3193 4045 3359 4085 sacro
3390 4029 3684 4101 baptismo

2026 4123 2393 4190 susceptum.
2428 4117 2574 4171 Eum
2638 4121 2699 4171 ut
2748 4116 3076 4188 speciosam
3139 4134 3345 4174 ansam
3394 4118 3683 4190 arripiens

2026 4207 2395 4278 Polyeuctus,
2446 4205 2857 4276 imperatorem
2916 4210 3020 4260 aut
3079 4207 3389 4276 repudiare
3441 4223 3685 4263 uxorem

2017 4299 2189 4370 juxta
2211 4313 2390 4351 sacras
2413 4294 2853 4350 constitutionis
2877 4294 3286 4366 praascriptum
3311 4296 3522 4351 debere
3543 4313 3682 4352 con-

2022 4384 2316 4451 tcndebat,
2349 4387 2450 4437 aut
2479 4382 2726 4438 ecclesia
2758 4383 3073 4439 abstinere.
3109 4388 3300 4455 Atque
3334 4384 3443 4440 hoc
3481 4389 3679 4457 poste-

2021 4475 2144 4530 rius
2175 4473 2307 4529 fecit
2358 4471 2724 4544 Nicephorus
2758 4471 2923 4527 uxori
2955 4472 3213 4529 deditus.
3248 4474 3317 4529 Et
3347 4473 3678 4530 convocatis

2021 4564 2122 4636 qui
2154 4564 2211 4617 in
2244 4562 2387 4617 urbe
2418 4565 2544 4616 tum
2580 4561 2871 4633 peregrini
2905 4566 3071 4617 erant
3100 4562 3391 4635 episcOpis
3423 4580 3488 4619 ac
3519 4563 3675 4618 dele-

272 4646 639 4721 βαπτίσματος
670 4647 936 4723 ἆνάδοχος
966 4648 1167 4726 ἐγένετο
1197 4654 1303 4704 τῶν
1330 4657 1428 4719 τῆς
1457 4654 1761 4727 Θεοφανοῦς
1792 4651 1910 4712 ἑνὸς

2032 4625 2130 4708 itis
2161 4650 2554 4715 senatoribus,
2590 4666 2712 4704 rem
2743 4649 2827 4705 eis
2858 4650 3298 4706 deliberandam
3344 4652 3670 4723 proposuit.

268 4733 479 4794 παὶδων.
533 4737 749 4807 Ταύτης
802 4736 859 4792 δὲ
904 4744 1003 4808 τῆς
1051 4740 1244 4816 φήμης
1286 4739 1367 4800 ὡς
1398 4738 1624 4815 εὐλόγοτ
1656 4739 1910 4817 ἀφορμῆς

268 4821 583 4899 δραξάμενος
616 4827 644 4881 6
676 4825 1019 4889 Πολύευκτος
1051 4827 1086 4896 ἢ
1114 4829 1452 4902 χωρισθῆναι
1484 4829 1643 4883 αὐτὸν
1695 4830 1908 4901 ἀπεμά-

263 4932 381 4987 χετο
409 4923 508 4985 τῆς
540 4916 799 4991 γυναικὸς
829 4916 966 4969 κατὰ
1010 4918 1100 4971 τὸν
1146 4916 1346 4972 κανόνα
1394 4916 1430 4986 ἢ
1473 4920 1569 4986 τῆς
1620 4916 1912 4988 ἐκκλησίας

266 5002 579 5078 ἀναχωρεῖν.
611 5006 682 5061 ’Ὀ
714 5003 781 5072 δὴ
813 5004 903 5058 καὶ
935 5004 1219 5076 πεποίηκε,
1251 5012 1351 5067 ταῖς
1380 5012 1677 5084 Θεοφανοῦς
1723 5006 1910 5082 ἐξεχό-

266 5111 433 5161 μενος.
470 5092 959 5167 Συγκαλεσάμενος
998 5090 1055 5149 δὲ
1104 5094 1232 5157 τοὺς
1265 5092 1633 5168 ἕνδημοῦντας
1692 5095 1908 5151 ἐπισκό-

261 5180 459 5242 πουςέν
642 5180 803 5237 πόλει
854 5183 943 5237 καὶ
989 5183 1115 5245 τοὺς
1162 5191 1262 5254 τῆς
1312 5182 1621 5259 συγκλήτου
1654 5184 1912 5261 λογάδας,

264 5268 431 5342 σκέψιν
481 5270 610 5347 περὶ
676 5271 875 5326 τούτου
922 5270 1205 5347 προίθετο.
1258 5274 1459 5337 Πάντες
1507 5271 1563 5328 δὲ
1613 5270 1761 5328 οὗτοι
1820 5278 1915 5329 τοῦ

2020 4742 2063 4799 Ii
2088 4756 2291 4797 omnes
2313 4737 2796 4794 constitutionem
2810 4755 2937 4796 eam
2957 4738 3305 4813 Copronymi
3329 4756 3671 4813 esse,eaque

2020 4831 2433 4903 imperatorem
2485 4844 2601 4883 non
2649 4828 2853 4896 teneri,
2905 4828 3471 4901 pronuntiaverunt;
3508 4830 3670 4886 libel-

2022 4920 2265 4990 lumque
2309 4917 2698 4974 absolutionis
2728 4917 3131 4990 subscriptum
3163 4935 3197 4974 a
3225 4935 3289 4976 se
3340 4918 3451 4990 ipsi
3498 4920 3671 4975 dede-

2024 5014 2181 5065 runt.
2206 5006 2605 5063 Nihilominus
2626 5012 2843 5076 tamen,
2876 5009 3296 5079 tergiversante
3318 5008 3669 5080 patriarcha,

2023 5103 2081 5154 et
2111 5114 2203 5152 res
2233 5113 2430 5151 sacras
2480 5112 2613 5150 cum
2657 5096 3013 5167 imperatore
3061 5112 3406 5152 communes
3458 5098 3675 5155 habere

2025 5189 2354 5250 recusante,
2412 5185 2604 5240 Casar
2668 5184 2842 5240 ﬁdem
2905 5186 3041 5240 fecit
3100 5185 3496 5258 Nicephorum
3557 5206 3672 5244 non

2024 5277 2209 5333 fuisse
2258 5278 2681 5346 susceptorem.
2716 5274 2829 5330 Sed
2882 5281 2935 5329 et
2983 5273 3283 5347 Stylianus
3327 5276 3673 5348 pontiﬁcum

1447 5402 1819 5461 XYLANDRI
1859 5407 1950 5462 ET
1991 5405 2206 5463 GOARI
2245 5403 2473 5459 NOTAE.

322 5524 432 5603 (10)
462 5526 768 5603 Laudatur
799 5544 832 5584 a
853 5528 1069 5585 Graecis
1090 5528 1749 5603 m_onogamia,bigamia
1770 5530 1913 5588 tole-

265 5601 416 5683 ratur
472 5601 896 5688 eltumulta‘tur,
922 5600 1192 5688 τριγαμία
1251 5600 1441 5657 invisa
1498 5600 1606 5670 est,
1644 5621 1902 5688 τετραγα-

270 5664 357 5757 ξία
376 5670 676 5757 prohibita
693 5677 788 5757 est
799 5664 1060 5757 penitus.
1094 5664 1197 5757 Cui
1218 5688 1353 5729 vero
1375 5690 1559 5757 poema
1575 5664 1905 5757 subjicitur

276 5733 490 5812 διγείμία
507 5741 537 5797 ?
557 5733 823 5802 biennali
858 5749 1354 5803 sacramentorum
1375 5733 1652 5815 orbitati;
1685 5733 1757 5804 de
1786 5762 1905 5817 qua

2018 5529 2379 5611 Nicephorus
2427 5528 2487 5611 in
2537 5528 2895 5611 Canonibus,
2932 5528 3206 5611 Basilius,
3241 5528 3662 5611 Euchologium

2014 5607 2073 5657 et
2099 5601 2414 5673 canonistaz
2440 5600 2951 5657 GraeciRationem
2978 5601 3025 5657 si
3050 5600 3666 5673 quaras,incontinen-

2012 5672 2156 5731 tiam
2190 5671 2467 5729 cohibent
2492 5677 2550 5728 et
2581 5673 2857 5745 puniunt.
2892 5674 3073 5729 Com.
