4026 6210
328 401 409 463 87
1670 407 1989 470 GEORGII
2034 406 2373 468 CEDBENI
3666 403 3747 463 88

325 539 718 612 palatinorum
766 534 1038 608 princeps
1069 536 1204 608 (ipsi
1235 546 1621 612 protopapam
1664 542 1915 609 vocant),
1948 556 1980 595 a

2097 535 2477 612 Κοπρωνόμου
2536 535 2668 590 εἶναι
2717 534 2807 589 τὸν
2858 535 3029 606 νόμον
3078 528 3287 607 ἔλεγον,
3316 532 3405 587 καὶ
3435 528 3553 587 δέον
3584 532 3745 587 αὐτὸν

327 646 443 701 quo
476 642 785 684 emanasse
834 625 945 681 iste
993 642 1195 680 rumor
1246 628 1559 696 ferebatur,
1600 646 1795 684 coram
1829 629 1983 685 358

327 718 574 773 concilio
608 720 664 771 et
713 720 920 771 senatu
943 716 1168 785 juravit
1220 734 1279 771 se
1312 735 1499 789 neque
1549 720 1762 774 vidisse
1796 736 1984 791 neque

327 808 604 877 cuiquam
638 804 856 859 dixisse
906 805 1055 872 quod
1088 804 1176 859 vel
1210 805 1427 861 Bardas
1482 807 1571 862 vel
1620 809 1983 878 Nicephorus

326 900 479 951 esset
530 896 721 949 factus
767 902 1088 963 susceptor.
1143 894 1490 965 Polyeuctus
1543 913 1701 967 ergo,
1748 895 1985 952 tametsi

324 986 587 1056 pejerare
637 982 971 1054 Stylianum
1003 986 1160 1037 certo
1215 984 1456 1052 sciebat,
1490 987 1710 1040 crimen
1744 1003 1982 1057 compa-

326 1074 620 1129 ternitalis
654 1072 893 1138 omisit;
926 1075 984 1125 et
1013 1072 1113 1141 qui
1146 1079 1279 1127 ante
1312 1075 1559 1145 urgebat
1589 1081 1653 1130 ut
1678 1078 1748 1131 ob
1781 1092 1985 1130 secun-

322 1163 428 1217 das
478 1162 715 1232 nuptias
762 1176 932 1233 pmna
992 1160 1378 1232 inﬂigeretur,
1408 1163 1460 1219 ei
1504 1180 1737 1236 quoque
1770 1181 1983 1235 magno

325 1249 536 1305 delicto
570 1250 815 1321 ignovit.

2098 629 2173 698 μή
2236 623 2593 703 φυλάττεσθαι
2655 622 2902 698 ἔκριναν.
2963 624 3124 679 Τοῦτ’
3178 620 3279 697 ἄρα
3336 624 3424 675 καὶ
3485 616 3744 677 λίϐελλον

2095 716 2331 790 ἀφέσεως
2410 715 2819 790 ὀπογράψαντες
2904 712 3083 784 τούτῳ
3160 708 3569 767 ἐπιδεδώκασιν.
3627 714 3747 766 Ἔτι

2095 803 2164 859 δι’
2221 800 2668 877 ἀναϐαλλόμενον
2728 804 2817 857 τὸν
2878 801 3218 857 Πολύευκτον
3276 808 3605 870 κοινωνῆσαι
3667 806 3749 872 τῷ

2098 893 2369 969 βασιλεῖὸ
2430 896 2630 969 Καῖσαρ
2680 891 3133 969 ἐπληροφόρησεν
3192 891 3267 952 ὡς
3326 891 3427 945 οὐκ
3476 887 3749 964 ἀνάδοχος

2093 981 2331 1057 γέγονεν.
2383 980 2562 1037 Ἀλλὰ
2622 982 2710 1036 καὶ
2765 979 3058 1041 Στυλιανὸς
3120 980 3147 1033 6
3206 984 3578 1053 πρωτοπαπᾶς
3636 981 3756 1051 (11)

2091 1076 2187 1125 τοῦ
2258 1070 2504 1146 μεγάλου
2554 1070 2863 1137 παλατίου,
2926 1071 2975 1141 ἐξ
3041 1069 3102 1123 οὗ
3156 1069 3376 1143 πρώτου
3435 1066 3653 1142 ἐλέγετο
3711 1070 3747 1136 ἡ

2091 1163 2315 1233 τοιαύτη
2368 1165 2525 1240 φήμη
2581 1160 2923 1236 διαδραμεῖν,
2982 1159 3211 1213 ἐνώπιον
3261 1156 3436 1214 ἐλθὼν
3482 1164 3581 1226 τῆς
3626 1179 3749 1212 συν-

2094 1249 2223 1305 ὁδου
2271 1253 2357 1306 καὶ
2390 1256 2490 1316 τῆς
2517 1249 2829 1325 συγκλήτου
2883 1248 3194 1321 ἐξωμόσατο
3241 1248 3369 1319 μήτ’
3422 1246 3551 1302 ἰδεῖν
3612 1248 3751 1319 μήτε

323 1339 459 1411 πρός
490 1357 641 1398 τινας
671 1337 907 1391 ἀνειπεῖν
942 1338 1017 1399 ὡς
1048 1334 1149 1413 ἄρα
1181 1337 1390 1412 Βάρδας
1423 1341 1457 1411 ἢ
1492 1343 1826 1417 Νικηφόρως
1859 1339 2129 1415 ἀνάδοχος
2160 1342 2392 1417 γένοιτο.
2424 1342 2484 1397 Ὁ
2512 1339 2567 1395 δὲ
2618 1338 2959 1401 Πολύευκτος
3017 1338 3208 1412 καίπερ
3264 1340 3506 1413 φανερῶς
3564 1335 3749 1409 ἐπιορ-

321 1431 519 1479 κοῦντα
552 1423 712 1487 εῗδὼς
743 1427 835 1479 τὸν
869 1424 1189 1495 Στυλιανὸν,
1222 1430 1283 1481 τὸ
1312 1436 1411 1497 τῆς
1443 1432 1748 1492 συντεκνίας
1775 1430 2192 1506 συγκεχώρηκεν
2222 1427 2392 1504 ἔγκλή
2406 1451 2499 1503 μα,
2532 1430 2619 1484 καὶ
2653 1431 2680 1483 6
2713 1428 2885 1484 πάλαι
2936 1428 3283 1499 ἐνιστάμενος
3335 1422 3755 1501 δευτερογαμίας

326 1514 599 1587 ἐπιτίμιον
632 1514 893 1578 ἐπιθεῖναι
927 1515 1016 1569 καὶ
1047 1516 1108 1569 τὸ
1140 1517 1279 1591 μέγα
1306 1523 1466 1573 τοῦτο
1498 1527 1737 1596 παρῆκεν
1772 1519 2090 1594 ἁμάρτημα.

396 1606 761 1677 Nicephorus
784 1624 937 1661 anno
960 1608 1191 1679 imperii
1230 1610 1321 1663 sui
1356 1610 1545 1680 primo
1577 1618 1779 1667 contra
1810 1613 1980 1667 Sara-

325 1711 500 1750 cenos
551 1695 811 1750 Siciliam
864 1701 1132 1751 tenentes
1163 1699 1378 1753 emittit
1410 1716 1543 1754 cum
1585 1700 1771 1756 classe
1802 1707 1858 1756 et
1888 1717 1984 1755 va-

326 1782 445 1837 lido
472 1783 727 1838 exercitu
754 1784 1091 1840 Manuelum
1127 1788 1462 1857 patricium,
1496 1790 1765 1860 spurium
1793 1790 1979 1845 ﬁlium

326 1872 533 1927 Leonis
552 1872 743 1944 patrui
768 1873 880 1939 sui,
916 1873 1015 1944 qui
1041 1875 1403 1932 domesticus
1429 1878 1764 1933 scholarum
1787 1880 1982 1935 dictus

325 1978 358 2016 a
381 1961 644 2016 Romano
688 1963 917 2017 seniore
954 1962 1141 2018 oculis
1174 1964 1363 2019 fuerat
1401 1967 1680 2021 orbatus:
1709 1967 1979 2022 dedecori

2164 1606 2481 1687 Νικηφόρος
2557 1606 2614 1663 δὲ
2679 1612 2758 1680 τῷ
2833 1608 3037 1683 πρώτῳ
3093 1609 3193 1670 τῆς
3253 1604 3416 1659 αὐτοῦ
3468 1601 3753 1679 βασιλείας

2092 1696 2196 1752 ἔτει
2256 1697 2518 1771 ἐκπέμπει
2564 1699 2700 1752 κατά
2753 1698 2860 1750 τῶν
2917 1696 2967 1751 ἐν
3030 1694 3255 1765 Σικελίᾳ
3295 1698 3625 1767 Σαρακηνῶν
3659 1695 3752 1748 τὸν

2090 1788 2377 1863 πατρίκιον
2461 1786 2729 1855 Μανουήλ
2810 1787 2898 1840 καὶ
2967 1784 3123 1848 νόθον
3182 1784 3296 1837 υἱὸν
3363 1780 3744 1857 πατραδέλφου

2090 1876 2252 1931 αὐτοῦ
2311 1875 2564 1943 Λέοντος,
2624 1880 2704 1946 [Ρ.
2737 1878 2864 1948 650]
2922 1880 3017 1928 τοῦ
3074 1872 3518 1949 χρηματίσαντος
3572 1869 3740 1944 δομε-

2090 1965 2277 2020 στίχου
2350 1970 2457 2019 τῶν
2536 1962 2757 2039 σχολῶν
2839 1964 2927 2018 καὶ
3004 1962 3091 2017 ἐπὶ
3159 1964 3438 2035 Ῥωμανοῦ
3499 1964 3597 2016 τοῦ
3652 1962 3736 2036 γέ-

324 2067 581 2121 namque
605 2051 717 2105 sibi
762 2052 881 2107 fore
906 2053 1231 2121 judicabat,
1265 2054 1313 2109 si
1346 2054 1475 2125 ipso
1506 2058 1833 2127 imperante
1862 2062 1969 2111 Bo-

2091 2076 2271 2130 οοντος
2324 2054 2742 2132 τυφλωθέντος,
2798 2053 3021 2129 στρατὸν
3084 2052 3232 2124 αὐτῷ
3287 2049 3413 2115 δοὺς
3460 2049 3548 2105 καὶ
3606 2050 3731 2104 στό-

326 2155 569 2194 manum
603 2140 912 2211 imperium
948 2141 1165 2195 tributa
1197 2142 1503 2199 Saracenis
1543 2144 1807 2200 solveret.
1866 2146 1977 2201 Res

322 2227 461 2299 ipsa
486 2228 748 2299 postulat
782 2234 843 2284 ut
874 2233 1406 2303 exponamus,quid
1443 2233 1643 2288 tributi
1673 2236 1977 2290 Saracenis

325 2315 563 2372 solverit
607 2317 938 2372 Romanum
974 2318 1306 2389 imperium,
1352 2326 1532 2393 atque
1565 2324 1719 2378 unde
1768 2340 1835 2378 ea
1885 2340 1976 2379 res

326 2404 563 2459 initium
596 2405 888 2461 habuerit.
922 2408 1066 2462 Cum
1118 2410 1373 2463 Africani
1411 2410 1683 2466 Saraceni
1730 2417 1979 2484 Syracu-

335 2508 432 2546 sas
464 2493 1109 2566 cepissent,imperante
1141 2498 1357 2553 Basilio
1389 2500 1978 2573 Macedone,reliquas

328 2581 503 2636 etiam
536 2583 709 2638 urbes
727 2591 1080 2652 everterunt,
1105 2592 1223 2641 tota
1246 2586 1441 2643 insula
1474 2590 1977 2662 potiti,solamque

330 2670 688 2726 Panormum
741 2689 843 2742 pro
893 2689 1023 2727 arce
1072 2679 1129 2729 et
1179 2676 1542 2747 receptaculo
1595 2679 1973 2749 reliquerunt.

330 2758 469 2812 Inde
488 2761 726 2829 profecti
750 2764 1077 2832 oppositam
1104 2765 1495 2821 continentem
1523 2777 1976 2839 occupaverunt,

334 2847 701 2918 ulteriusque
722 2850 1013 2921 progressi
1044 2850 1270 2907 insulas
1290 2868 1477 2925 usque
1508 2857 1577 2910 ad
1614 2856 1976 2929 Peloponne-

333 2952 466 2989 sum
498 2952 702 2991 omnes
732 2939 1258 3012 vastabant,iisque
1290 2943 1530 3013 potituri
1560 2945 1734 3001 etiam
1770 2964 1976 3018 prope-

329 3023 483 3077 diem
514 3024 1065 3090 credebantur.Qua3
1098 3046 1189 3085 res
1215 3047 1348 3085 cum
1380 3036 1629 3099 graviter
1658 3035 1974 3091 sollicitum

326 3118 548 3168 teneret
595 3114 900 3180 Basilium,
949 3122 1005 3171 et
1056 3118 1103 3172 is
1152 3126 1436 3189 quaereret
1483 3121 1779 3180 hominem
1846 3127 1978 3182 huic

331 3201 660 3257 ministerio
689 3202 989 3271 idoneum,
1022 3207 1176 3263 354
1210 3209 1568 3280 Nicephorus
1602 3212 1820 3283 placuit
1875 3232 1976 3285 pa-

330 3288 536 3345 tricius
586 3294 644 3346 et
699 3292 1058 3350 domesticus
1109 3296 1469 3369 scholarum,
1503 3301 1601 3371 qui
1654 3319 1978 3373 cognomen

334 3376 535 3433 Phocea
553 3381 808 3451 gerebat,
825 3383 978 3452 quod
999 3384 1239 3454 quidam
1265 3387 1451 3456 ipsius
1476 3390 1767 3458 majorum
1800 3392 1976 3447 rebus

334 3467 609 3536 praeclare
655 3471 837 3539 gestis
897 3473 1087 3527 fuerat
1131 3474 1397 3529 meritus.
1437 3476 1536 3531 Hic
1591 3478 1979 3550 Nicephorus.

333 3555 643 3628 Nicephori
674 3559 1045 3629 imperatoris
1076 3579 1238 3627 avus,
1264 3564 1437 3619 homo
1468 3582 1809 3637 generosus,
1843 3587 1979 3640 pru-

336 3644 482 3699 dens
506 3661 570 3699 ac
594 3646 725 3715 pius
747 3647 805 3701 in
826 3646 1031 3714 Deum,
1063 3656 1118 3704 et
1138 3667 1275 3722 erga
1296 3652 1565 3710 homines
1588 3656 1811 3726 justus,
1844 3674 1979 3713 cum

333 3733 588 3787 exercitu
618 3735 677 3788 in
710 3735 967 3791 Siciliam
1002 3740 1318 3810 profectus,
1344 3742 1497 3797 brevi
1528 3747 1810 3815 temporis
1841 3764 1981 3818 spa-

333 3820 413 3874 tio
446 3820 613 3877 Italia
641 3826 959 3880 Saracenos
984 3828 1224 3897 expulit,
1256 3834 1555 3902 coegitque
1586 3850 1684 3890 eos
1733 3840 1797 3889 ut
1828 3852 1889 3889 se
1919 3836 1977 3890 in

331 3908 533 3965 Sicilia
582 3912 969 3970 continerent.
1005 3916 1221 3973 Ferunt
1254 3919 1426 3975 Italos
1480 3921 1615 3977 huic
1646 3924 1766 3979 viro
1797 3926 1977 3979 eadem

332 3998 604 4067 posuisse
625 4001 694 4054 ad
720 4007 1062 4073 perpetuam
1088 4006 1317 4062 virtutis
1341 4010 1467 4079 ejus
1490 4012 1979 4079 memoriam,non

334 4086 463 4143 ideo
495 4092 727 4144 tantum
761 4092 911 4161 quod
944 4110 1043 4149 eos
1075 4093 1465 4165 liberavisset,
1498 4101 1597 4155 sed
1631 4106 1687 4155 et
1718 4103 1788 4155 ob
1820 4102 1979 4157 aliud

336 4176 714 4232 memorabile
746 4178 984 4236 factum.
1018 4184 1245 4239 Etenim
1294 4186 1538 4242 Romani
1571 4190 1812 4244 domum
1845 4207 1979 4245 cum

335 4264 574 4320 ductore
604 4283 711 4322 suo
733 4271 1021 4325 reversuri
1054 4274 1272 4328 multos
1296 4275 1573 4331 Italorum
1599 4279 1981 4349 comprehen-

336 4352 717 4426 derant,quos
730 4356 1001 4413 volebant
1019 4360 1076 4415 in
1093 4364 1304 4417 servitu
1318 4371 1430 4419 tem
1450 4383 1649 4421 secum
1669 4368 1777 4423 abd
1791 4386 1977 4425 ucere.

336 4441 417 4497 Re
440 4449 737 4514 comperta
761 4446 1145 4519 Nicephorus,
1181 4450 1325 4506 nihil
1351 4454 1551 4509 dicens
1575 4473 1760 4527 neque
1798 4457 1979 4513 ullam

333 4532 673 4603 suspicandi
723 4538 1090 4593 occasionem
1152 4543 1434 4610 praebens,
1473 4550 1535 4598 ut
1586 4547 1980 4602 Brundusium

334 4624 424 4675 est
455 4628 795 4691 perventum
828 4625 985 4696 (inde
1015 4628 1169 4683 enim
1222 4636 1388 4684 erant
1431 4632 1486 4685 in
1535 4632 1825 4705 lllyricum
1857 4641 1980 4691 tra-

326 4708 723 4783 jecturi),ipse
747 4729 1227 4787 unumquemque
1259 4718 1695 4777 classiariorum
1728 4724 1981 4796 singula-

332 4772 347 4778 -
552 4772 586 4781 ..
621 4772 638 4783 .
956 4772 971 4785 .
1136 4772 1150 4787 .
1398 4772 1405 4773 κ
1728 4772 1963 4796 --πο-η.

332 4796 440 4852 tim
474 4799 531 4852 in
566 4800 759 4856 navim
793 4802 1018 4874 ingredi
1060 4805 1243 4875 jussit
1268 4812 1323 4861 et
1354 4811 1654 4879 trajicere;
1693 4817 1869 4884 atque
1900 4814 1982 4869 sic
2013 4772 2058 4836 D

337 4886 514 4942 Italos
546 4886 605 4942 in
648 4890 814 4945 Italia
863 4891 1117 4962 reliquit.
1152 4899 1359 4949 Pacata
1408 4898 1614 4953 exinde
1663 4901 1773 4955 fuit
1822 4902 1985 4957 Italia

338 4991 526 5045 usque
563 4977 635 5032 ad
668 4977 983 5048 imperium
1017 4982 1383 5038 Constantini
1416 4987 1899 5060 Porphyrogeniti
1928 4997 1986 5046 et

337 5064 543 5121 matris
599 5067 746 5137 ejus.
788 5068 937 5123 Tum
997 5086 1233 5126 rursum
1286 5076 1557 5130 Saraceni
1614 5079 1985 5149 insurgentes

339 5153 569 5210 Italiam
597 5157 833 5212 nemine
856 5158 1202 5229 prohibente
1225 5160 1601 5221 infestarunt.
1636 5172 1706 5222 Et
1736 5167 1984 5239 impera-
2038 5166 2053 5179 ⁴

334 5244 490 5298 tores
523 5244 1054 5302 animadvertentes
1085 5265 1145 5303 se
1181 5267 1295 5306 non
1330 5269 1496 5322 pares
1545 5270 1675 5309 esse
1715 5255 1865 5310 bello
1907 5257 1985 5312 si-

336 5330 456 5384 mul
490 5336 693 5385 contra
722 5334 1035 5390 orientales
1067 5343 1123 5392 et
1149 5345 1351 5395 contra
1390 5343 1781 5399 occidentales
1814 5345 1984 5400 Sara-

336 5432 512 5473 cenos
544 5421 816 5492 gerendo,
850 5427 1173 5494 prmsertim
1207 5434 1378 5501 rupto
1407 5431 1555 5489 355
1587 5434 1709 5503 jam
1746 5434 1921 5490 etiam
1954 5452 1988 5490 a

2087 2141 2181 2197 λον
2243 2144 2578 2219 ἀξιόμαχον·
2649 2141 2860 2215 ἀδοξίαν
2920 2143 3021 2218 γὰρ
3081 2139 3252 2195 ἐδόκει
3310 2134 3729 2215 προστρίϐεσθαι

2087 2233 2282 2305 ἑαυτῷ,
2328 2234 2378 2287 εἷ’
2418 2232 2614 2287 τούτου
2662 2235 2985 2307 κρατοῦντος
3045 2233 3080 2301 ἡ
3131 2230 3417 2303 Ῥωμάίων
3482 2228 3733 2303 βασιλεία

2087 2320 2421 2399 δασμοφορεῖ
2463 2328 2581 2383 τοῖς
2651 2327 3030 2395 Σαρακηνοῖς.
3092 2318 3251 2375 Ἀλλ’
3318 2319 3605 2394 ἀναγκαῖον
3660 2317 3733 2371 εἶ’-

2086 2417 2206 2465 πεῖν
2233 2409 2631 2486 ἐπιδραμόντας
2679 2410 2760 2474 τίς
2812 2413 2846 2479 ἡ
2898 2411 3033 2485 πρὸς
3084 2408 3211 2470 τοὺς
3266 2407 3615 2483 Σαρακηνοὺς
3642 2403 3736 2460 δα·

2088 2500 2381 2577 σμοφορία,
2430 2499 2517 2553 καὶ
2552 2500 2669 2563 ὅθεν
2721 2498 2915 2574 εἷ’ληφε
2961 2500 3061 2567 τὴν
3096 2500 3298 2574 ἀρχήν.
3357 2503 3466 2566 Τῆς
3522 2495 3737 2557 πόλεως

2084 2589 2184 2665 γὰρ
2241 2594 2347 2643 τῶν
2410 2594 2766 2663 Συρακουσῶν
2833 2589 2934 2643 ὑπὸ
2991 2593 3097 2642 τῶν
3159 2587 3210 2641 ἐν
3271 2589 3506 2664 Ἀφρικῇ
3568 2592 3736 2659 Σαρα-

2085 2684 2265 2747 κηνῶν
2295 2676 2536 2747 ἀλούσης
2583 2678 2670 2732 ἐπὶ
2724 2682 2831 2731 τῶν
2880 2677 3094 2753 χρόνων
3141 2674 3421 2751 βασιλείου
3469 2679 3567 2730 τοῦ
3617 2677 3733 2731 Μα-

2085 2764 2344 2831 κεδόνος,
2424 2766 2512 2821 καὶ
2570 2769 2670 2836 τήν
2730 2764 2865 2837 ὅλην
2927 2762 3122 2835 συνέϐη
3181 2772 3346 2834 νῆσον
3406 2764 3495 2819 ὐπ’
3553 2763 3731 2817 αὐτῶν

2086 2856 2485 2930 κατασχεθῆναι
2534 2856 2623 2910 καὶ
2675 2856 2771 2917 τὰς
2833 2854 2998 2923 αὐτῆς
3053 2853 3243 2916 πόλεις
3301 2859 3731 2929 κατασκαφῆναι,

2083 2952 2181 3013 τῆς
2252 2944 2541 3019 Πανόρμου
2621 2944 2791 3018 μόνης
2870 2943 3362 3017 περιποιηθείσης,
3432 2941 3482 3013 ἐξ
3540 2942 3606 3010 ἧς
3656 2941 3731 2999 ὡς

2086 3032 2146 3088 ἔκ
2194 3055 2342 3094 τινος
2393 3032 2743 3109 ὁρμητηρίου
2795 3035 3110 3107 ὁρμώμενοι
3179 3033 3229 3086 οἱ
3282 3030 3577 3106 Ἀγαρηνοὶ
3632 3030 3731 3099 τὴν

2087 3124 2432 3197 ἆντιπέραθεν
2480 3130 2582 3195 γῆν
2654 3122 3038 3191 ἐπεκτήσαντο.
3100 3123 3331 3175 Ἐκεῖθεν
3393 3117 3450 3173 δὶ
3508 3116 3733 3193 διαπορ-

2090 3212 2414 3285 θμευόμενοι
2464 3213 2559 3274 τὰς
2605 3214 2801 3282 νήσους
2844 3208 3036 3285 ἐδῄουν
3106 3208 3238 3286 ἄχρι
3295 3206 3737 3281 Πελοποννήσου,

2089 3303 2177 3355 καὶ
2254 3303 2377 3355 ὅσον
2452 3298 2605 3355 οὔπω
2664 3298 3028 3375 προσδόκιμοι
3078 3300 3508 3374 παραστήσεσθαι
3576 3298 3738 3367 ἦσαν.

2011 3403 2053 3468 C
2092 3392 2427 3465 Ἀμηχανῶν
2502 3388 2557 3444 δὲ
2625 3391 2653 3445 6
2734 3389 2987 3464 βασιλεὺς
3064 3389 3370 3456 Βασίλειος,
3446 3387 3535 3492 καὶ
3593 3384 3739 3492 ἄξιον

2094 3480 2366 3553 ὑπηρέτην
2435 3479 2709 3547 ἀναζητῶν
2782 3486 2882 3548 τῆς
2948 3478 3204 3547 τοιαύτης
3262 3476 3587 3552 ὑπηρεσίας,
3646 3476 3740 3529 τὸν

2090 3568 2369 3641 πατρίκιον
2445 3564 2615 3643 ἔκρινε
2680 3568 2996 3643 Νικηφόρον
3073 3566 3162 3621 καὶ
3241 3563 3560 3638 δομέστικον
3630 3568 3739 3617 τῶν

2092 3656 2335 3732 σχολῶν,
2386 3655 2699 3728 ἐπωνυμίαν
2758 3657 2989 3733 φέροντα
3041 3659 3137 3710 τοῦ
3197 3660 3385 3722 Φωκᾶ,
3427 3653 3531 3708 ἀπό
3596 3673 3745 3714 τινος

2088 3751 2193 3799 τῶν
2237 3745 2520 3819 προγόνων
2554 3747 2718 3800 αὑτοῦ
2749 3744 3182 3818 ἀριστεύσαντος.
3218 3746 3444 3804 Πάππος
3477 3743 3503 3795 6
3562 3748 3737 3812 Νικη-

2091 3834 2257 3911 φόρος
2288 3836 2350 3904 ἧν
2380 3840 2476 3889 τοῦ
2529 3832 2796 3909 βασιλέως
2841 3834 3175 3908 Νικηφόρου,
3213 3833 3345 3905 ἀνὴρ
3377 3830 3621 3906 γενναῖός
3678 3852 3739 3885 τε

2086 3922 2176 3977 καὶ
2234 3923 2471 3990 συνετὸς,
2524 3923 2589 3977 τὰ
2619 3928 2753 3998 πρὸς
2787 3922 2913 3979 Θεόν
2973 3943 3031 3975 τε
3087 3916 3311 3989 εὐσεϐὴς
3363 3919 3451 3974 καὶ
3509 3919 3575 3973 τὰ
3603 3919 3741 3993 πρὸς

2088 4012 2406 4085 ἀνθρώπους
2436 4010 2663 4074 δίκαιος.
2697 4013 2867 4073 Οὗτος
2903 4011 3033 4084 μετά
3061 4032 3203 4072 τινος
3238 4014 3467 4084 στρατοῦ
3495 4007 3569 4069 εἷς
3603 4009 3740 4064 Ἰτα-

2091 4099 2209 4155 λίαν
2260 4102 2579 4176 περαιωθεὶς
2629 4099 2779 4162 ἐντὸς
2829 4099 3018 4176 ὀλίγου
3064 4098 3193 4160 τοὺς
3239 4096 3589 4172 Σαρακηνοὺς
3638 4103 3741 4164 τῆς

2091 4187 2323 4251 Ἰταλίας
2357 4187 2604 4258 ἀπήλασε
2628 4188 2719 4243 καί
2750 4188 2801 4243 ἐν
2838 4188 3063 4258 Σικελίᾳ
3093 4190 3126 4256 ὴ
3161 4187 3411 4262 συχάζειν
3440 4187 3737 4259 ἠνάγκασε.

2088 4278 2290 4332 Τούτου
2340 4283 2434 4332 τοῦ
2483 4276 2677 4355 ἀνδρὸς
2717 4280 2801 4332 καὶ
2837 4278 2962 4333 ναὸν
2997 4276 3210 4352 λέγεται
3243 4273 3584 4348 δομήσασθαι
3614 4271 3745 4333 τοὺς

2092 4367 2329 4429 Ἰταλοὺς
2392 4367 2466 4430 είς
2518 4370 2738 4441 μνήμην
2791 4364 3029 4436 ἄληστοθ
3071 4372 3170 4435 τῆς
3203 4365 3368 4418 αὐτοῦ
3398 4363 3613 4438 ἀρετῆς,
3676 4362 3740 4415 οὗ

2092 4454 2181 4511 διὰ
2208 4459 2307 4525 τὴν
2340 4455 2647 4531 ἐλευθερίαν
2684 4456 2878 4528 μόνην,
2930 4453 3074 4509 ἀλλὰ
3102 4454 3190 4509 καὶ
3224 4450 3293 4507 δι’
3346 4450 3529 4522 ἕτερον
3577 4446 3738 4524 ἔργον

2091 4547 2477 4622 ἀξιαφήγητον’
2538 4546 2604 4601 O't
2651 4545 2752 4620 γὰρ
2810 4545 3074 4616 Ῥωμαῖοι
3132 4542 3181 4596 ἐν
3239 4547 3318 4613 τῷ
3378 4539 3598 4614 μέλλειν
3654 4538 3740 4593 οῗ-

2089 4632 2218 4689 καδε
2276 4632 2627 4710 ὑποστρέφειν
2695 4634 2828 4706 μετὰ
2882 4638 2979 4687 τοῦ
3029 4636 3177 4710 σφῶν
3237 4635 3540 4706 στρατηγοῦ
3592 4626 3738 4683 πολ-

2094 4724 2222 4785 λοὺς
2276 4729 2383 4778 τῶν
2453 4723 2675 4779 Ἰταλῶν
2752 4726 3117 4797 κατασχόντες
3190 4718 3444 4775 ἔσπευδον
3505 4717 3739 4779 δούλους

2094 4814 2169 4875 εἷς
2225 4814 2322 4880 τὴν
2386 4813 2605 4887 περαίαν
2636 4806 2967 4867 διαϐιϐάσαι·
3030 4810 3091 4865 οὗ
3148 4809 3503 4885 γνωσθέντος,
3567 4804 3737 4881 μηδὲν

2092 4900 2236 4964 ὅλως
2269 4902 2496 4956 εἰπὼνὸ
2556 4900 2867 4975 Νικηφόρος
2929 4896 3055 4971 μηδ’
3115 4899 3363 4953 ὑπόνοιάν
3392 4919 3512 4953 τινα
3576 4893 3743 4950 δεδω-

2092 4993 2201 5053 κὼς
2259 4992 2365 5067 πρὸ
2421 4994 2516 5045 τοῦ
2577 4990 2626 5044 ἐν
2704 4988 2998 5064 Βρεντεσίῳ
3070 4990 3308 5064 γενέσθαι
3362 4988 3583 5062 (ἐκεῖθεν
3636 4985 3741 5061 γὰρ

2095 5076 2327 5151 ἔμελλον
2388 5080 2521 5153 πρὸς
2578 5078 2677 5146 τὴν
2736 5073 3011 5151 Ἰλλυρίδα
3060 5074 3378 5151 διαπερᾷν)·
3436 5075 3511 5136 ὡς
3570 5073 3743 5127 ἐκεῖσε

2095 5167 2362 5242 ἐγένοντο,
2397 5166 2553 5228 αὐτὸς
2607 5163 2675 5221 δι’
2725 5167 2914 5219 ἑαυτοῦ
2965 5162 3185 5220 ἕκαστον
3237 5168 3343 5219 τῶν
3395 5165 3741 5236 στρατιωτῶν

2094 5251 2403 5328 ἐμϐιϐάζων
2470 5261 2588 5317 τοῖς
2664 5253 2883 5317 πλοίοις
2965 5258 3128 5330 περᾷν
3205 5251 3584 5327 παρεσκεύαξε,
3649 5249 3743 5303 καὶ

2097 5344 2238 5399 οὕτω
2268 5344 2393 5407 τους
2424 5344 2726 5420 ἐγχωρίους
2760 5341 2902 5398 εἷάσε
2928 5346 3027 5413 την
3088 5344 3287 5397 ἑαυτῶν
3342 5341 3531 5416 χώραν
3570 5335 3748 5401 ἀδεῶς

2094 5440 2386 5490 κατοικεῖν.
2475 5432 2778 5489 Διετέλεσεν
2864 5431 2954 5488 οὖν
3034 5430 3383 5508 εἶρηνεύουσα
3437 5432 3473 5499 ἡ
3534 5424 3746 5483 Ἰταλία

1535 5558 1897 5616 XYLANDRI
1938 5560 2028 5618 ET
2067 5562 2282 5617 GOARI
2320 5562 2552 5618 NOTZE.

409 5644 522 5716 (11)
545 5646 940 5728 Ἐεσιςιςίανιιρη-
971 5652 1183 5728 palatii
1222 5656 1681 5728 archipresbyter.
1714 5658 1986 5728 Speciose

338 5715 410 5773 do
442 5715 511 5773 eo
542 5718 805 5792 loquitur
832 5715 1150 5794 Xylander,
1165 5729 1221 5781 et
1246 5715 1569 5799 pontiﬁcatui
1591 5715 1981 5801 palatinorum

2086 5660 2399 5732 principem
2449 5661 2605 5717 facit.
2636 5666 2949 5718 Strenuum
3002 5656 3286 5729 pontiﬁcii
3335 5654 3587 5712 nominis
3616 5651 3744 5708 vin-

2089 5731 2284 5789 dicem
2309 5734 2448 5807 agit.
2479 5738 2658 5790 Gom.
