4026 6210
300 347 383 409 89
1447 348 1994 411 HISTORIARUM
2041 348 2595 412 COMPENDIUM.
3643 354 3724 412 90

308 476 477 552 μέχρι
534 481 643 531 τῶν
702 478 919 553 χρόνων
976 482 1074 534 τοῦ
1134 481 1653 557 ῐίορφυρογεννήτου
1686 487 1962 535 Κωνσταν-

2077 481 2346 554 Bulgaria
2364 483 2812 554 fcedere,pacem
2838 499 2970 538 cum
2993 481 3396 538 Siciliensibus
3418 484 3722 540 Saracenis

302 565 459 620 τίνοι)
506 566 596 620 καὶ
644 573 746 635 τῆς
805 567 971 622 αὐτοῦ
1023 564 1251 644 μητρός’
1287 568 1368 623 ἐπ’
1417 568 1633 624 ἐκείνων
1686 568 1743 624 δέ
1799 572 1964 627 πάλιν

302 656 616 723 κινηθέντες
648 658 699 710 o't
732 658 1042 733 Σαρακηνοὶ
1078 656 1305 731 μηδενὸς
1350 656 1659 722 κωλύοντος
1702 661 1799 729 τὴν
1834 663 1967 719 Ἰτα-

306 742 433 797 λίαν
492 746 847 821 κατέτρεχον.
903 744 1215 809 Συνιδόντες
1256 746 1344 803 οὖν
1400 749 1451 802 οἱ
1513 754 1834 822 κρατοῦντες
1892 752 1964 813 ὡς

304 834 408 907 ούγ
447 835 557 889 οἷοί
586 835 643 890 τέ
674 834 774 890 εἶσι
807 836 944 911 πρός
984 858 1043 892 τε
1088 836 1212 898 τοὺς
1262 838 1431 909 έῲους
1486 839 1833 914 Σαρακηνοὺς
1876 841 1965 895 καὶ

302 924 446 999 πρὸς
476 924 605 988 τοὺς
636 925 920 1002 ἑσπερίους
956 925 1221 1001 ἀντέχειν,
1251 925 1360 997 ἤδη
1421 927 1507 981 καὶ
1556 933 1662 982 τῶν
1722 927 1962 1006 Βουλγά-

306 1034 417 1087 ρων
458 1014 556 1077 τὰς
605 1012 838 1076 σπονδάς
886 1013 1222 1084 λελυκότων,
1274 1016 1585 1080 σπείσασθαι
1644 1017 1965 1093 έγνώκεισαν

310 1104 447 1174 μετά
502 1107 615 1158 τῶν
686 1103 737 1158 ἐν
801 1103 1028 1176 Σικελίᾳ
1092 1110 1447 1179 Σαρακηνῶν.
1510 1108 1792 1182 Ἐγένοντο
1874 1107 1963 1163 οὖν

308 1193 583 1266 σύμφωνα
640 1191 712 1247 δι’
766 1194 1066 1257 Εὐσταθίου
1121 1199 1219 1248 τοῦ
1262 1197 1569 1270 στρατηγοῦ
1628 1192 1963 1273 Καλαϐρίας,

306 1281 426 1342 ἑνὸς
486 1279 646 1339 ὄντος
706 1288 813 1336 τῶν
870 1283 1166 1359 βασιλικῶν
1215 1282 1651 1357 Θαλαμηπόλων,
1686 1286 1766 1363 ἐφ’
1797 1288 1841 1358 ᾧ
1874 1285 1964 1341 δα-

307 1369 450 1442 σμὸν
480 1369 698 1440 ἐτήσιον
730 1368 975 1436 δίδοσθαι
1025 1379 1141 1435 τοῖς
1191 1380 1530 1450 Σαρακηνοῖς
1584 1376 1812 1450 χρυσίου
1870 1396 1967 1451 χι-

304 1456 503 1520 λιάδας
557 1461 665 1535 κβ’.
728 1462 808 1534 [Ρ.
865 1464 994 1535 651]
1053 1464 1361 1536 Γενομένων
1424 1461 1481 1518 δὲ
1538 1468 1644 1517 τῶν
1723 1463 1968 1520 σπονδῶν

303 1547 567 1618 Ἰωάννην
602 1549 885 1621 πατρίκιον
929 1551 1020 1605 τὸν
1084 1550 1317 1622 ἐπίκλην
1378 1550 1719 1621 Μουζάλωνα
1776 1574 1965 1629 στρατ-

303 1638 445 1711 ηγὸν
505 1644 607 1706 τῆς
678 1633 1000 1713 Καλαϐρίας
1083 1635 1493 1716 προύϐάλοντο,
1552 1643 1613 1704 ὃς

301 1727 605 1801 κατάρχων
682 1731 791 1781 τῶν
871 1726 1161 1805 ἐγχωρίων

1698 1648 1969 1720 φορτικῶς

1252 1731 1343 1785 ὑπ’
1400 1728 1576 1785 αὐτῶν
1661 1732 1962 1809 ἀπεσφάγη,

305 1817 832 1922 προσχωρησάντων
864 1823 943 1890 τῷ
987 1818 1115 1894 ῥηγὶ
1166 1814 1565 1894 Λογγιϐαρδίας
1615 1818 1964 1898 Δανδούλφῳ,
1999 1858 2045 1922 Β

302 1907 597 1978 Ῥωμανοῦ
655 1910 753 1961 τοῦ
809 1907 1062 1982 γέροντος
1114 1909 1231 1983 ἄρτι
1284 1909 1350 1963 τά
1407 1916 1653 1984 σκῆπτρα
1700 1912 1968 1986 κατέχον-

303 2015 400 2055 τος
454 1995 768 2068 Ῥωμαίων.
823 1997 939 2074 Ὑφ’
994 1997 1055 2051 οὗ
1121 1999 1392 2074 συμφέρον
1475 1998 1738 2071 ἐνομίσθη
1817 2020 1971 2074 στρα-

304 2084 511 2145 τιώτας
564 2092 881 2161 πεμφθῆναι
976 2087 1110 2159 μετὰ
1181 2091 1338 2159 νεῶν,
1388 2088 1449 2142 τὸ
1517 2087 1823 2164 ἀπόῤῥαγεν
1873 2091 1969 2158 τῆς

305 2170 583 2242 ὁλάτητος
664 2174 825 2249 μέρος
892 2174 1359 2240 ἐπανασώσασθαι.
1435 2179 1837 2253 Προσεπέμφθη
1912 2178 1968 2232 δὲ

310 2267 535 2335 Κοσμᾶς
601 2262 885 2337 πατρίκιος
943 2262 1388 2333 Θεσσαλονικεὺς,
1434 2265 1714 2341 γνώριμος
1766 2266 1838 2321 ὢν
1891 2272 1969 2339 τῷ

308 2348 655 2427 Δανδούλφῳ
688 2354 821 2425 (12).
858 2354 959 2408 Καὶ
1013 2355 1335 2429 περαιωθεὶς
1390 2357 1547 2417 οὗτος
1608 2356 1683 2417 εἰς
1735 2355 1965 2412 Ἰταλίαν

302 2441 395 2494 καὶ
467 2446 548 2511 τῷ
623 2439 959 2519 Δανδούλιρῳ
1010 2443 1278 2517 συμμίξας
1337 2445 1564 2518 παρῄνει
1632 2446 1966 2521 ἀποσχέσθαι

304 2536 407 2597 τῆς
471 2532 665 2605 χώρας
722 2532 1010 2602 Ῥωμαίων
1064 2533 1154 2587 καὶ
1224 2537 1301 2605 τῷ
1380 2535 1595 2609 βασιλεῖ
1656 2533 1967 2613 συμφιλιω-

311 2625 475 2685 θῆναι
534 2622 624 2674 καὶ
669 2621 786 2674 ἀντὶ
842 2619 1118 2693 πολεμίου
1178 2623 1337 2700 φίλον
1400 2624 1558 2678 αὐτὸν
1602 2631 1828 2693 ποιῆσαι
1877 2625 1967 2679 καὶ

311 2708 642 2783 σύμμαχον.
700 2710 1164 2783 Ἀπαναινομένου
1213 2710 1267 2766 δὲ
1313 2712 1510 2767 τούτου
1566 2713 1627 2767 τὸ
1664 2718 1904 2788 πρῶτον,
1937 2715 1966 2768 '6

309 2804 535 2869 Κοσμᾶς
597 2798 736 2873 ἀνὴρ
805 2801 1071 2876 φρόνιμος
1131 2799 1201 2854 ὢν
1261 2802 1349 2855 καὶ
1414 2802 1653 2866 συνετός·
1720 2825 1742 2853 α
1799 2805 1965 2876 Ἐμοὶ

310 2886 431 2957 μὶν,
466 2888 583 2941 εἷπε
623 2888 759 2962 πρὸς
802 2889 893 2943 τὸν
947 2886 1311 2967 Δανδοῦλφον,
1342 2890 1506 2965 χρέος
1553 2890 1617 2957 ἦν
1667 2893 1733 2946 τά
1787 2894 1963 2963 σωτή-

304 2995 395 3047 ρια
450 2970 863 3047 συμϐουλεῦσαι
921 2982 999 3049 τῷ
1049 2978 1213 3055 φίλῳ·
1243 2979 1304 3033 Εἰ
1363 2977 1408 3033 δ’
1458 2980 1616 3042 αὐτὸς
1676 2982 1962 3047 πεισθῆναί

308 3084 403 3135 μοι
472 3065 537 3118 οὐ
608 3064 783 3125 Θέλεις
857 3068 922 3119 τά
998 3064 1257 3137 λυσιτελῆ
1336 3064 1787 3141 συμϐουλεύοντι,
1844 3069 1966 3124 τότε

2080 590 2427 643 componere
2460 578 2813 628 statuerunt.
2851 577 3206 643 Factumque
3238 575 3345 637 est,
3383 580 3579 643 agente
3603 591 3721 627 rem

2080 662 2341 716 Eustatio
2396 660 2672 715 Calabriae
2734 662 3024 733 praefecto,
3067 678 3181 715 uno
3228 662 3298 715 de
3356 660 3725 731 imperatoris

2078 750 2473 818 cubiculariis,
2518 757 2581 806 ut
2612 750 2912 806 Saracenis
2943 753 3223 806 darentur
3252 750 3456 804 tributi
3491 750 3725 805 nomine

2078 841 2393 911 quotannis
2425 857 2734 896 aureorum
2766 841 2836 893 22
2869 839 3049 895 milia.
3085 840 3346 894 Firmata
3375 855 3514 911 pace
3544 839 3725 894 Joan-

2076 946 2202 985 nem
2234 929 2541 1001 patricium
2595 933 2979 1001 cognomento
3027 927 3390 983 Muzalonem
3450 927 3722 983 Calabriae

2074 1020 2476 1091 prmfeccrunt.
2514 1019 2567 1073 ls
2592 1031 2725 1073 cum
2761 1034 2820 1072 se
2855 1018 3233 1089 imperiosius
3266 1017 3324 1071 in
3360 1017 3629 1073 subditos
3658 1034 3726 1087 ge

2076 1114 2248 1174 reret,
2280 1112 2369 1163 est
2398 1108 2469 1162 ab
2501 1107 2572 1162 iis
2610 1108 2973 1172 interfectus,
3029 1111 3204 1178 atque
3249 1107 3288 1162 ii
3342 1124 3404 1162 se
3437 1106 3729 1161 dederunt

2076 1196 2424 1267 Dandulpho
2458 1197 2571 1267 regi
2607 1197 3029 1267 Longibardiaa,
3073 1213 3204 1249 cum
3247 1196 3373 1266 jam
3422 1196 3722 1250 Romanus

2076 1286 2616 1357 senioriinperium
2657 1284 2997 1356 accepisset.
3060 1284 3162 1339 Hic
3224 1285 3523 1339 Romanus
3582 1284 3723 1339 utile

2077 1376 2305 1429 censuit
2330 1380 2393 1429 ut
2412 1374 2595 1429 missa
2616 1373 2801 1429 classe
2822 1391 2954 1444 pars
2981 1374 3212 1444 imperii
3237 1373 3459 1429 amissa
3480 1387 3719 1443 recupe-

2076 1463 2640 1519 raretur.Praemittit
2672 1466 2864 1518 tamen
2888 1462 3159 1518 Cosmam
3194 1461 3500 1534 patricium
3534 1462 3724 1517 Thes-

2073 1554 2520 1621 salonicensem,
2556 1557 2758 1607 notum
2795 1551 3162 1623 Dandulpho.
3200 1553 3252 1606 [s
3292 1568 3427 1607 cum
3460 1551 3721 1619 trajecis-

2075 1647 2163 1698 set
2194 1644 2250 1696 in
2287 1641 2687 1705 Italiam,cum
2720 1640 3070 1712 Dandulpho
3102 1640 3424 1695 collocutus
3453 1638 3722 1695 hortatur

2079 1738 2142 1787 ut
2173 1750 2206 1787 a
2236 1732 2628 1787 Romanorum
2665 1731 2883 1786 ditione
2932 1730 3225 1785 abstineat
3272 1736 3328 1785 et
3370 1746 3502 1784 cum
3533 1726 3724 1799 impe-

2078 1826 2266 1877 ratore
2298 1821 2487 1876 foedus
2520 1819 2694 1884 ineat,
2726 1836 2979 1891 eumque
3006 1835 3107 1888 pro
3140 1820 3305 1874 hoste
3338 1818 3593 1872 amicum
3620 1833 3724 1888 po-

2077 1912 2194 1966 tius
2225 1911 2566 1981 sociumque
2595 1909 2707 1965 sibi
2740 1908 3033 1964 conciliet.
3071 1906 3421 1979 Dandulpho
3466 1907 3723 1979 primum

2079 2004 2360 2055 renuente
2392 1999 2654 2067 Cosmas,
2689 2004 2749 2052 ut
2812 2004 2937 2053 erat
2968 1998 3144 2052 homo
3207 1997 3483 2067 prudens,
3525 2016 3545 2043 ι
3583 1996 3725 2051 Mihi

2076 2089 2333 2160 quidem,
2366 2088 2579 2158 inquit,
2615 2102 2853 2142 necesse
2898 2092 3023 2141 erat
3071 2086 3297 2140 homini
3346 2086 3534 2139 amico
3582 2102 3725 2157 sug-

2076 2194 2274 2249 gerere
2304 2177 2614 2231 consilium
2650 2175 3033 2231 salulare.Cui
3068 2176 3117 2229 si
3151 2181 3212 2229 tu
3243 2192 3445 2246 parere
3477 2191 3591 2229 non
3615 2174 3725 2242 vis,

2076 2267 2369 2339 experiere
2402 2266 2614 2321 falsum
2648 2265 2825 2319 animi
2862 2271 2915 2319 te
2947 2264 3264 2319 admodum
3293 2264 3495 2332 fuisse,
3529 2263 3626 2318 ubi
3668 2268 3726 2318 te

2076 2356 2439 2413 etnationem
2464 2360 2646 2409 totam
2668 2355 2725 2408 in
2755 2370 3050 2409 summum
3073 2353 3388 2408 adduxeris
3407 2353 3718 2408 discrimen

2076 2452 2132 2501 et
2156 2445 2346 2515 impar
2376 2450 2493 2499 tam
2527 2443 2779 2515 potentis
2811 2441 3041 2513 imperii
3074 2442 3294 2496 viribus
3329 2440 3725 2495 subsistendis

2077 2536 2145 2589 de
2178 2534 2353 2588 rebus
2383 2533 2502 2588 tuis
2554 2531 2974 2602 desperaveris.
3024 2555 3050 2580 ››
3106 2529 3517 2601 Dandulphus,
3568 2530 3721 2585 856

2076 2622 2407 2693 intelligens
2423 2623 2692 2677 Cosmam
2728 2629 2881 2675 recte
2897 2619 3377 2690 monore,accipit
3406 2619 3719 2674 consilium

2077 2717 2134 2767 et
2163 2712 2352 2767 fmdus
2373 2711 2473 2765 icit
2496 2727 2509 2764 :
2531 2710 2800 2764 hortatur
2829 2709 3003 2764 etiam
3040 2709 3334 2779 principes
3360 2707 3717 2779 reliquarum

2076 2818 2201 2873 quae
2231 2800 2563 2856 defecerant
2594 2798 3048 2870 provinciarum,
3092 2800 3157 2851 ut
3188 2797 3258 2851 ad
3321 2796 3572 2868 priorem
3629 2813 3720 2851 rc-

2075 2891 2251 2945 deant
2280 2896 2496 2945 statum
2554 2904 2850 2958 suumque
2903 2887 3315 2957 imperatorem
3377 2892 3718 2957 agnoscant.

2078 2980 2174 3035 His
2205 2980 2351 3036 actis
2384 2995 2592 3034 rursus
2624 2979 2681 3033 in
2716 2976 2880 3033 Italia
2911 2993 2978 3031 ae
3017 2976 3409 3047 Longibardia
3439 2976 3556 3031 alta
3613 2991 3722 3046 pax

2075 3073 2217 3124 erat.

297 3153 487 3224 Τδώση
542 3159 644 3221 τῆς
701 3152 962 3224 ἀληθείας
1024 3152 1397 3230 διαμαρτήσας
1454 3158 1589 3211 κατὰ
1645 3158 1813 3229 πολὺ,
1849 3160 1972 3212 ὅταν
2030 3155 2247 3210 σεαυτόν
2297 3176 2355 3209 τε
2405 3155 2493 3208 καὶ
2550 3153 2612 3209 τὸ
2680 3151 2830 3214 ἔθνος
2894 3153 3033 3207 ἅπαν
3080 3156 3197 3213 τοῖς
3263 3151 3539 3226 μεγίστοις
3596 3150 3731 3204 ὑπο-

297 3235 491 3295 ϐαλὼν
552 3239 823 3304 κινδύνοις
881 3243 1289 3318 ἀπαγορεύσεις,
1353 3247 1428 3318 μή
1490 3244 1806 3319 δυνάμενος,
1866 3247 2001 3321 πρὸς
2081 3244 2222 3299 οὕτω
2302 3242 2546 3319 μεγάλην
2625 3242 2713 3297 καὶ
2786 3242 3011 3317 ἰσχυρὰν
3088 3240 3487 3303 ἀντιτάττεσθαι
3568 3236 3724 3295 δυνα-

298 3330 506 3385 στείαν.
543 3354 571 3381 n
603 3332 790 3393 Συνεῖς
852 3331 942 3385 οὖν
967 3335 995 3387 ὁ
1029 3331 1370 3412 Δανδοῦλφος
1417 3338 1482 3389 τὰ
1535 3334 1721 3391 δέοντα
1778 3332 2170 3409 συμϐουλεύειν
2202 3335 2292 3388 τὸν
2326 3331 2627 3408 πατρίκιον,
2662 3328 2874 3400 ἐδέξατο
2906 3332 3004 3398 τήν
3037 3328 3343 3404 παραίνεσιν
3400 3329 3485 3382 καὶ
3548 3327 3724 3382 έσπεί-

295 3440 458 3490 σατο,
494 3424 829 3491 νουθετήσας
857 3422 947 3475 καὶ
977 3422 1108 3486 τοὺς
1138 3420 1407 3498 ἄρχοντας
1436 3426 1544 3479 τῶν
1598 3426 1940 3481 ἀποστάντων
1989 3423 2233 3497 θεμάτων
2275 3426 2343 3497 τῇ
2392 3421 2629 3497 προτέρᾳ
2671 3417 3040 3496 προσδραμεῖν
3086 3420 3231 3493 ἀρχῇ
3280 3416 3368 3470 καὶ
3426 3416 3516 3470 τὸν
3578 3421 3726 3489 σφῶν

295 3508 601 3581 ἐπιγνῶναι
666 3508 912 3583 βασιλέα,
972 3512 1047 3565 ὧν
1105 3512 1430 3576 πεισθέντων
1476 3515 1666 3589 εἰρήνη
1732 3516 1919 3591 βαθεῖα
1974 3512 2140 3568 πάλιν
2198 3516 2419 3587 κατεῖχε
2472 3510 2538 3564 τὰ
2567 3509 2617 3563 ἐν
2651 3508 2859 3580 Ἰταλίᾳ
2886 3507 2974 3561 καὶ
3014 3500 3379 3581 Λογγιϐαρδίᾳ
3408 3504 3722 3580 πράγματα.

373 3600 432 3652 Ὀ
487 3596 545 3652 δὲ
600 3604 710 3653 τῶν
764 3600 1092 3676 Βουλγάρων
1166 3603 1415 3679 ἀρχηγὸς
1475 3606 1700 3677 Συμεὼν
1775 3605 2035 3675 πσλλὰρ

298 3690 445 3741 κατά
507 3688 793 3761 Ῥωμαίων
875 3692 1075 3760 στήσας
1157 3691 1393 3767 τρόπαια
1476 3695 1567 3747 καὶ
1652 3714 1957 3771 φρονηματι

304 3778 455 3839 σθεὶς
516 3776 602 3831 ἐπὶ
664 3777 886 3841 τούτοις
937 3779 1025 3833 καὶ
1085 3780 1183 3849 τὴν
1243 3782 1532 3854 Ῥωμαίων
1608 3782 1963 3859 ὠνειροπύλει

310 3866 616 3939 βασιλείαν.
648 3866 841 3922 Τοίνυν
896 3870 1031 3944 πρὸς
1094 3868 1344 3925 Φατλοῦν
1393 3872 1484 3926 τὸν
1537 3869 1802 3943 δυνάστην
1855 3879 1962 3929 τῶν

305 3962 541 4029 ’Ἀορων
574 3954 859 4031 ἐκπέμψας
886 3959 1249 4032 προετρέπετο
1281 3958 1476 4015 στόλον
1509 3962 1645 4016 κατὰ
1668 3970 1766 4031 τῆς
1811 3964 1967 4037 βασι-

307 4042 467 4104 λίδος
503 4046 814 4121 ἀναγαγεῖν,
848 4048 1167 4123 ὑπισχνεῖτο
1200 4046 1256 4103 δὲ
1307 4048 1397 4103 καὶ
1442 4051 1604 4112 αὐτὸς
1636 4048 1724 4105 διά
1754 4052 1965 4126 Θρᾴκης

310 4132 495 4187 ἐλθεῖν
549 4132 725 4189 πολὺν
783 4136 873 4189 καὶ
937 4136 1102 4211 βαρὺν
1165 4138 1389 4212 στρατὸν
1460 4137 1816 4213 ἐπαγόμενος,
1874 4142 1964 4196 καὶ

305 4222 617 4298 γενομένων
712 4224 798 4301 ὑφ’
840 4224 897 4278 ἓν
944 4230 1051 4279 τῶν
1130 4228 1543 4302 στρατευμάτων
1610 4225 1697 4282 διά
1752 4250 1809 4284 τε
1863 4232 1965 4305 γῆς

306 4310 399 4364 καὶ
454 4310 735 4382 θαλάσσης
787 4311 1213 4385 ἐκπολιορκῆσαι
1265 4316 1362 4385 τὴν
1419 4315 1825 4391 βασιλεύουσαν,
1875 4318 1965 4372 καὶ

306 4402 400 4454 τὸν
474 4401 674 4471 ταύτης
747 4400 985 4456 πλοῦτον
1063 4402 1439 4477 διανείμασθαι
1516 4404 1599 4459 ἐπ’
1659 4403 1798 4476 ἴσης,
1874 4408 1960 4460 καὶ

310 4486 471 4542 αὐτὸν
534 4489 628 4560 μὲν
694 4488 777 4543 ἐπ’
836 4488 988 4543 οἷ’κου
1059 4490 1448 4561 ὑπονοστῆσαι,
1509 4496 1699 4546 τοῦτον
1764 4489 1821 4546 δὲ
1895 4496 1963 4567 τῇ

310 4576 891 4633 Κωνσταντινουπόλει
983 4579 1323 4637 καταλιπεῖν.
1394 4583 1628 4644 ’ΈΑαθον
1732 4579 1823 4635 οὖν
1913 4581 1964 4635 οἷ

308 4665 615 4740 Βούλγαροι
668 4667 806 4741 πρὸς
878 4669 978 4737 τὴν
1037 4669 1304 4743 Ἀφρικὴν
1374 4668 1839 4739 ἀποπλεύσαντες,
1874 4676 1964 4726 καί

309 4752 563 4825 δόξαντος
610 4760 711 4810 τοῦ
771 4757 1004 4829 Συμεὼν
1062 4756 1316 4833 ὠφέλιμα
1370 4764 1646 4833 παραινεῖν
1709 4757 1964 4836 εἷλήφασί

303 4864 457 4904 τινας
515 4844 872 4918 Σαρακηνοὺς
932 4843 1270 4921 ἰλλογίμους
1329 4846 1466 4903 ὥστε
1535 4846 1847 4923 έμπεδῶσαι
1899 4851 1965 4905 τὰ

2145 3604 2383 3659 Interim
2440 3603 2677 3659 Simeon
2747 3600 3134 3672 Bulgarorum
3195 3597 3467 3669 princeps
3526 3596 3723 3651 animo

2076 3695 2265 3749 elatus
2298 3694 2369 3749 ob
2402 3692 2621 3747 multas
2651 3693 2723 3746 de
2755 3691 3034 3746 Romanis
3081 3691 3407 3759 reportatae
3455 3685 3725 3740 victorias

2076 3783 2389 3854 imperium
2416 3798 2649 3854 quoque
2666 3785 2996 3836 Romanum
3019 3777 3352 3847 animojam
3378 3775 3724 3846 occupabat.

2074 3872 2251 3928 Mittit
2277 3871 2456 3942 igitur
2488 3871 2711 3943 legatos
2742 3871 2813 3925 ad
2854 3866 3237 3923 Phatlumum
3259 3865 3528 3920 Afrorum
3564 3865 3690 3936 prin
3712 3896 3727 3906 -

2075 3960 2284 4030 cipem,
2316 3959 2706 4029 hortaturque
2738 3962 2801 4012 ut
2832 3956 3079 4011 classem
3114 3954 3183 4009 ad
3219 3952 3420 4025 Cpolin
3455 3953 3722 4007 adducat.

2074 4050 2146 4104 Se
2178 4050 2379 4104 eodem
2412 4064 2515 4119 per
2574 4048 2884 4102 Thraciam
2943 4062 3076 4100 cum
3120 4042 3311 4099 valido
3370 4059 3435 4097 ac
3493 4041 3726 4113 copioso

2074 4139 2325 4194 exercitu
2352 4153 2727 4192 accessurum
2766 4152 2778 4191 :
2814 4136 3144 4206 conjunctis
3171 4132 3394 4187 viribus
3425 4148 3486 4186 se
3520 4132 3722 4186 urbem

2073 4232 2228 4283 terra
2259 4227 2521 4297 marique
2552 4230 3006 4298 expugnaturos,
3041 4229 3098 4279 et
3128 4222 3364 4277 divitias
3396 4222 3520 4291 ejus
3539 4220 3725 4291 aaquis

2077 4316 2442 4388 portionibus
2476 4316 2628 4371 inter
2648 4332 2709 4371 se
2741 4315 3117 4383 divisuros,et
3140 4310 3449 4367 Saracenis
3480 4311 3719 4365 domum

2075 4407 2323 4460 reversis
2353 4422 2415 4460 se
2442 4404 2640 4476 Cpolin
2670 4409 3056 4459 retenturum.
3090 4400 3324 4473 Bulgari
3375 4398 3539 4455 missi
3568 4399 3716 4453 clam

2075 4495 2133 4548 in
2163 4494 2416 4549 Africam
2448 4495 2726 4565 navigant
2759 4512 2770 4548 :
2805 4497 2859 4548 et
2890 4492 3184 4558 Saraceni,
3231 4507 3364 4545 cum
3390 4489 3721 4559 judicarent

2075 4582 2408 4638 Simeonem
2460 4582 2686 4638 utiliter
2744 4582 3070 4645 consulere,
3128 4579 3413 4651 quosdam
3475 4594 3712 4632 suorum

2075 4672 2383 4744 primarios
2415 4672 2572 4727 viros
2597 4671 2835 4726 mittunt
2859 4688 2990 4725 cum
3024 4669 3314 4741 Bulgaris,
3349 4667 3449 4739 qui
3481 4673 3716 4739 pactum

2074 4763 2443 4818 confirment.
2480 4766 2555 4816 Ea
2586 4760 2801 4832 legatio
2832 4760 2892 4815 in
2935 4760 3122 4814 reditu
3151 4776 3183 4813 a
3214 4756 3477 4813 Calabris
3536 4756 3721 4811 inter-

2075 4857 2260 4923 cepta,
2295 4856 2351 4907 et
2378 4850 2616 4923 Bulgari
2647 4850 3037 4919 Saracenique
3070 4849 3105 4901 ii
3140 4848 3210 4902 ab
3259 4846 3354 4902 his
3400 4845 3598 4917 Cpolin
3648 4847 3718 4901 ad

304 4930 634 5008 δεδογμένα.
700 4936 788 4990 Ἐν
867 4938 949 5007 τῷ
1024 4935 1373 5014 ὑποστρέφειν
1446 4934 1504 4992 δὶ
1577 4938 1959 5015 περιπίπτουσι

368 5029 391 5038 ο
452 5029 490 5041 π
534 5022 554 5041 Ἳ
610 5017 641 5041 Ρ
716 5027 739 5037 -ο
894 5024 908 5041 \
1050 5025 1064 5041 \
1196 5027 1209 5041 \
1275 5032 1310 5041 ε.
1354 5025 1407 5041 ..ρ
1627 5030 1642 5041 ο
1767 5029 1776 5041 Ι

2077 4941 2487 5022 imperatorem
2548 4941 2883 4996 Romanum
2935 4954 3137 4993 senem
3188 4935 3373 4992 missi.
3419 4936 3527 5003 Qui
3586 4952 3721 4991 cum

300 5029 421 5086 τοῖς
452 5017 766 5099 Καλαϐροῖς
821 5024 911 5077 καὶ
967 5025 1103 5100 πρὸς
1156 5027 1219 5081 τὸ
1275 5025 1560 5096 Βυζάντιον
1617 5029 1962 5102 ἀναπέμπον-

2076 5030 2389 5087 consilium
2420 5030 2565 5087 illud
2599 5030 2859 5086 hostium
2893 5029 2963 5085 de
2995 5027 3272 5085 societate
3302 5025 3566 5082 coeunda
3600 5041 3722 5097 per-

1492 5164 1875 5221 XYLANDRY
1911 5165 2003 5221 ET
2040 5166 2261 5223 GOARI
2300 5166 2531 5223 NOTIE.

308 5328 320 5339 .
378 5257 495 5339 (l2)
526 5258 886 5328 Temporum
907 5260 1255 5339 ‘supputatio
1280 5265 1341 5339 et
1368 5261 1490 5317 alia;
1518 5262 1787 5333 quaedam
1820 5278 1963 5318 con-

297 5330 545 5404 jecturae
567 5345 666 5404 me
692 5333 925 5404 movent
945 5336 1010 5404 ut
1036 5330 1190 5386 hunc
1213 5335 1445 5388 credam
1471 5330 1600 5389 esse
1630 5350 1764 5389 eum
1789 5350 1964 5404 quem

306 5400 579 5454 historici
610 5402 795 5477 nostri
832 5401 1205 5473 Rudolphum
1237 5412 1467 5471 vocant,
1502 5400 1852 5477 Burgundiae
1882 5422 1967 5460 re-

310 5486 472 5548 gem,
507 5478 561 5548 et
608 5471 789 5548 Italia:
834 5471 1039 5528 contra
1089 5477 1528 5548 Berengarium.
1582 5471 1711 5533 Haec
1760 5483 1819 5533 et
1851 5477 1966 5533 alia

310 5543 505 5621 multa
534 5544 689 5597 haud
731 5548 961 5621 temere
999 5548 1151 5616 apud
1176 5543 1321 5621 alios
1368 5549 1684 5621 scriptores
1726 5549 1962 5605 invene-

308 5613 415 5669 ris.
451 5614 608 5697 XYL.’
630 5646 703 5697 τ
729 5610 1067 5697 Ιξανδού-λφςξι
1097 5610 1619 5697 potiuscrede'rem
1651 5620 1964 5697 legendum

310 5685 556 5741 nomine
587 5685 807 5743 Latinis
837 5685 1739 5767 usitatior'e.Contemporaneutﬁ
1763 5696 1961 5751 autem

2071 5265 2452 5320 Constantino
2474 5260 3029 5332 octavo,Nicephoro
3061 5260 3195 5315 huic
3221 5258 3418 5313 Phocea
3439 5261 3496 5313 et
3508 5257 3719 5313 Joanni

2074 5337 2309 5391 Zimisci
2341 5336 2666 5391 successori
2701 5332 3493 5403 Pandulphum.Capuanum
3514 5335 3585 5403 et
3613 5334 3718 5403 Be-

2077 5415 2465 5463 neventanum
2491 5405 2837 5479 principem,
2872 5399 3024 5479 ῥῆγα,
3052 5399 3452 5479 Λογγιϐαρδίας
3512 5401 3617 5457 hac
3650 5402 3719 5455 dc

2075 5497 2253 5534 causa
2282 5484 2552 5535 vocatum
2584 5478 2653 5532 ab
2707 5477 2965 5543 auctore,
3017 5477 3535 5534 bella'etiamnum
3585 5489 3715 5526 cum

2076 5553 2291 5608 Graecis
2322 5556 2617 5621 gerentem
2652 5554 2937 5605 memorat
2975 5552 3262 5607 Baronius
3313 5546 3482 5602 annis
3527 5545 3631 5597 957
3662 5547 3718 5596 et

2069 5624 2176 5679 968
2206 5642 2274 5680 ex
2301 5623 2587 5683 Chronico
2619 5623 3132 5693 Longobardorum
3171 5622 3709 5679 Beneventanorum

2070 5696 2426 5768 principum.
2459 5694 2634 5751 Goaa.
