4004 6208
245 330 316 391 93
1376 335 1926 399 HISTORIARUM
1968 333 2519 405 COMPENDIUM.

3565 338 3651 397 94

246 465 467 535 λακηνὸν
525 463 597 526 εἷς
674 459 984 539 Καλαϐρίαν
1053 464 1388 538 ἀπέστειλεν,
1451 466 1716 537 ένωθῆναι
1783 463 2041 527 κελεύσας
2108 470 2189 538 τῷ
2260 468 2546 540 στρατηγῷ
2618 466 2714 532 τῆς
2793 464 2983 538 χώρας
3034 463 3369 537 (Πασχάλιος
3424 462 3495 519 δι’
3552 466 3640 519 οὗ-

244 576 325 616 τος
380 555 466 623 ἦν,
502 554 529 607 6
584 555 691 627 πρὸ
749 559 952 629 μικροῦ
1003 557 1413 630 μνημονευοείς)
1446 557 1533 611 καὶ
1584 560 1742 630 κοινῇ
1806 556 1921 629 μετ’
1979 556 2142 609 αὐτοῦ
2210 552 2553 625 ἀναδέξασθαι
2602 554 2692 608 τὸν
2743 553 2890 629 παρὰ
2944 556 3049 606 τῶν
3102 550 3491 627 Καρχηδονίων
3552 556 3641 609 καὶ

245 644 473 699 Σικελῶν
529 642 896 717 ἐπισειόμενον
940 643 1207 719 πόλεμον.
1243 646 1535 717 Ἐπέστησε
1577 645 1633 701 δὲ
1681 646 1768 700 καὶ
1816 650 1894 717 τῷ
1943 644 2240 722 πεμφθέντι
2289 642 2470 716 στόλῳ
2509 644 2599 699 τὸν
2649 641 3069 717 Μακροϊωάννην
3103 643 3235 714 (i3).
3269 640 3475 703 Oi'twsc
3509 646 3645 699 κατὰ

240 733 415 806 χώραν
446 732 728 805 γενόμενοι
762 731 928 808 μυρία
983 731 1153 808 ἔδρων
1187 734 1262 795 εἰς
1290 734 1417 796 τοὺς
1469 734 1803 809 αὐτόχθονας
1835 734 1993 800 κακὰ,
2027 730 2473 792 πλεονεκτοῦντες
2504 732 2591 785 καὶ
2645 730 2787 785 ἀλλα
2835 734 3117 791 ποιοῦντες
3164 728 3195 782 ἃ
3240 728 3331 782 καὶ
3384 728 3538 782 αὐτοὶ
3584 729 3645 783 ἃν

241 815 470 890 ὤκνησαν
505 821 555 874 οἱ
584 821 869 895 πολέμιοι.
903 828 1075 877 Ταῦτα
1117 824 1420 897 πυθόμενος
1453 826 1480 878 6
1510 829 1617 878 τῶν
1652 827 1981 896 Σαρακηνῶν
2012 822 2226 896 άμηρᾶς
2262 816 2605 896 Ἀϐοολχαρὲ
2637 819 2766 892 (ἤδη
2798 820 2897 895 γὰρ
2949 820 2976 872 6
3028 818 3297 891 Φατλοὺμ
3348 818 3644 889 ἐτεθνήκει)

238 910 319 963 καὶ
345 910 466 973 τοῦς
486 910 673 965 ἑαυτοῦ
701 912 1136 988 παραθαρρύνας,
1166 913 1255 968 καὶ
1292 916 1368 987 μή
1402 909 1707 991 φοϐηθῆναι
1734 910 2059 984 παραινέσας
2090 911 2313 985 στρατὸν
2344 915 2567 965 τοιαῦτα
2599 909 2673 973 εἰς
2715 908 2841 971 τοὺς
2872 908 3108 971 οἰκείους
3140 906 3545 981 ἐνδεικνύμενον
3577 908 3644 962 τὰ

236 1000 379 1067 κακὰ,
432 998 672 1072 πόλεμον
735 1001 1058 1064 ὑπαντιάσας
1108 1002 1381 1072 συνίστησι
1431 1003 1708 1080 κραταιὸν,
1756 1002 1843 1057 καί
1893 1001 2051 1072 νίκην
2102 1001 2274 1077 ἤρατο
2326 1000 2551 1075 ἀρίστην
2598 1021 2655 1054 τε
2703 1000 2792 1054 καὶ
2838 997 3165 1070 καλλίστην·
3212 1002 3413 1073 μικροῦ
3442 999 3543 1074 γάρ
3581 996 3639 1052 ἂν

239 1086 461 1142 ἑάλωσαν
491 1088 579 1143 καὶ
614 1089 665 1143 οἱ
695 1091 989 1166 στρατηγοί
1020 1091 1265 1167 ζωγρίαι.

299 1258 437 1313 Μετὰ
461 1256 518 1312 δὲ
545 1259 708 1313 τοῦτο
738 1265 1149 1323 Κωνσταντῖνος
1205 1263 1233 1317 6
1295 1261 1551 1339 βασιλεὺς
1608 1264 1861 1334 Ἰωάννην
1894 1264 1950 1329 Α

236 1348 536 1423 ἆσηκρῆτις,
567 1348 661 1403 τὸν
688 1350 788 1417 τὴν
824 1348 1139 1424 ἐπωνυμίαν
1175 1351 1438 1427 Πιλάτον,
1472 1353 1598 1430 περὶ
1657 1354 1879 1429 εἰρήνης

232 1436 479 1508 ἐκπέμπει
532 1434 913 1511 διαλεξόμενον
973 1445 1088 1502 τοῖς
1171 1448 1537 1517 Σαρακηνοῖς.
1603 1442 1875 1506 Εἰωθότες

232 1522 274 1578 δ’
303 1526 444 1579 οὗτοι
479 1528 556 1599 μή
582 1533 699 1588 ταῖς
731 1528 910 1590 νίκαις
943 1528 1279 1604 ἐπαίρεσθαι,
1312 1530 1457 1587 ἀλλὰ
1494 1533 1593 1601 τήν
1651 1532 1876 1606 εἰρήνην

226 1616 304 1668 καὶ
354 1620 675 1690 κρατοῦντες
752 1617 1102 1688 ἀσπάζεσθαι,
1158 1621 1457 1696 προθύμως
1536 1621 1875 1692 ὑπήκουσαν,

225 1703 306 1757 καὶ
336 1703 419 1758 ἐπί
474 1726 595 1759 τινα
621 1707 824 1782 χρόνον
856 1706 1076 1783 εἰρήνην
1120 1706 1320 1765 ἔθέντο.
1355 1709 1571 1767 Τούτου
1623 1707 1680 1766 δὲ
1739 1709 1877 1788 διερο

229 1792 484 1865 ῥυηκότος
517 1793 687 1849 πάλιν
732 1792 1090 1871 διαπερῶντες
1137 1797 1466 1870 ἐλεηλάτουν
1518 1798 1644 1862 τοὺς
1690 1799 1874 1855 Καλα-

228 1877 403 1953 ὅροῦς,
430 1882 539 1938 Καὶ
574 1882 739 1939 πάλιν
775 1887 803 1940 6
834 1892 1232 1950 Κωνσταντῖνος
1279 1885 1506 1963 δύναμιν
1552 1890 1669 1945 κατ’
1699 1890 1871 1946 αὐτῶν

231 1970 311 2024 καὶ
368 1974 626 2041 ναυτικὴν
680 1972 943 2048 ἐκπέμπει
994 1976 1081 2031 καὶ
1131 1980 1378 2048 πεζικήν’
1428 1980 1605 2054 ἦρχον
1660 1977 1716 2034 δὲ
1770 1987 1870 2051 τῆς

232 2059 318 2129 μὶν
369 2068 630 2131 ναυτικῆς
690 2059 973 2137 δυνάμεως
1003 2066 1030 2119 6
1077 2066 1175 2134 τὴν
1218 2065 1529 2140 ἐπωνυμίαν
1582 2063 1869 2144 Κραμϐέας

228 2148 308 2201 καὶ
340 2149 367 2202 6
396 2148 735 2225 Μωρολέων,
770 2151 1090 2229 ἐστρατήγει
1148 2151 1205 2208 δὶ
1249 2160 1356 2209 τῶν
1408 2161 1582 2225 πεζῶν
1618 2159 1645 2210 ὁ
1675 2157 1867 2232 πατρί-

227 2257 333 2298 κιος
360 2239 642 2312 Ῥωμανὸς
672 2242 700 2294 6
728 2242 1021 2317 Ἀργυρός.
1054 2242 1342 2316 Γενόμενοι
1392 2241 1438 2298 δ’
1492 2244 1543 2299 ἐν
1595 2243 1866 2321 Ὑδροῦντι

227 2325 303 2379 καὶ
350 2328 442 2389 τὰς
505 2332 639 2391 ναῦς
688 2328 1096 2400 νεωλκήσαντες
1145 2331 1533 2402 ηὐτρεπίζοντο
1590 2335 1725 2410 πρὸς
1774 2335 1863 2389 τὸν

230 2413 295 2500 εἷς
348 2414 604 2470 Σικελίαν
643 2415 951 2475 ἀπόπλουν.
1001 2420 1067 2477 Οἱ
1116 2418 1172 2474 δὲ
1224 2422 1525 2495 Σαρακῃνοὶ
1590 2426 1659 2487 τῆ
1710 2425 1866 2500 φήμῃ

228 2499 669 2582 διαταραχθέντες
701 2507 999 2581 (ἐπίσταται
1028 2510 1128 2584 γὰρ
1176 2508 1310 2581 αὕτη
1360 2513 1427 2565 τά
1476 2512 1643 2586 μικρά
1702 2499 1865 2588 μεγε-

227 2592 386 2653 θῦνειν
412 2594 504 2647 καὶ
540 2595 615 2649 τὰ
640 2598 933 2673 πράγματα
987 2598 1124 2673 πρὸς
1172 2599 1235 2654 τὸ
1280 2595 1653 2677 φοϐερώτερον
1711 2601 1861 2675 ἐξαγ-

224 2679 450 2755 γέλλειν)
480 2684 577 2737 καὶ
614 2687 690 2757 μή
724 2705 775 2738 τι
808 2688 1017 2750 πάθωσι
1051 2686 1315 2751 δείσαντες
1348 2687 1438 2743 διὰ
1465 2690 1527 2744 τὸ
1577 2687 1860 2769 αἰφνιδίως

228 2770 395 2831 αὐταῖς
426 2772 830 2849 ἀπαρασκεύοις
860 2784 1163 2850 γειτονῆσαι
1212 2776 1340 2840 τοὺς
1388 2778 1714 2852 πολεμίους,
1746 2785 1859 2835 Πα-

225 2863 345 2931 νικῷ
374 2858 593 2933 δείματι
630 2864 980 2937 συσχεθέντες
1016 2865 1106 2920 καὶ
1149 2866 1211 2921 τὸ
1260 2866 1461 2921 ἑαυτῶν
1521 2867 1859 2923 καταλιπόν-

223 2967 298 3007 τες
327 2948 694 3022 στρατόπεδον
727 2951 920 3029 ἔφυγον
954 2953 1012 3008 ἐκ
1036 2959 1132 3009 τοῦ
1163 2955 1384 3030 Ῥηγίου
1430 2955 1519 3009 καὶ
1576 2958 1713 3031 πρὸς
1757 2960 1855 3027 τὴν

225 3036 459 3092 Σικελίαν
518 3036 1009 3116 διεπεραιώθησαν.
1040 3044 1131 3098 Ἐν
1192 3040 1249 3097 δὲ
1293 3048 1372 3116 τῷ
1400 3045 1535 3121 πρὸς
1569 3045 1855 3121 Πάνορμον

222 3130 474 3183 ἀποπλεῖν
524 3131 817 3207 βαρυτάτῳ
869 3138 1106 3209 χειμῶνι
1155 3133 1555 3211 περιπεσόντες,
1608 3136 1695 3190 καὶ
1751 3142 1859 3191 τῶν

224 3222 421 3290 σκαφῶν
461 3219 571 3273 ὑπὸ
629 3224 728 3273 τοῦ
772 3218 1054 3284 κλύδωνος
1100 3218 1512 3297 συντριϐέντων,
1546 3223 1757 3297 μᾶλλον
1802 3222 1860 3280 δὶ

222 3306 315 3357 ὑπὸ
344 3309 585 3381 Χριστοῦ
624 3314 725 3364 τοῦ
774 3314 906 3366 Θεοῦ
963 3315 1056 3365 τοῦ
1103 3312 1230 3386 παρ’
1254 3312 1427 3367 αὐτῶν
1491 3312 1860 3389 βλασφημου-

222 3394 386 3465 μένου,
421 3393 765 3453 διολώλασιν
826 3399 1072 3461 ἅπαντες.
1119 3397 1447 3455 Σπένδονται
1505 3401 1682 3455 τοίνυν
1740 3408 1857 3464 τοῖς

216 3482 524 3555 Ῥωμαίοις,
551 3488 642 3540 καὶ
683 3483 977 3563 διετηρήθη
1027 3489 1092 3543 τά
1130 3496 1229 3558 τῆς
1273 3488 1494 3565 εἰρήνης
1544 3490 1708 3565 μέχρι
1756 3499 1857 3561 τῆς

218 3570 555 3648 ἀναῤῥήσεως
603 3580 705 3629 τοῦ
759 3577 949 3633 Φωκά.
981 3583 1143 3653 ’Ἃρτι
1188 3575 1231 3632 δ’
1278 3579 1434 3642 οὗτος
1482 3578 1859 3655 ἀναγορευθεὶς

220 3661 481 3735 βασιλεὺς,
562 3666 705 3741 πέρα
779 3663 969 3720 δεινῶν
1032 3666 1379 3743 ἡγησάμενος
1440 3665 1855 3746 δασμοφορῆσαι

219 3755 577 3825 Σιρακηνοῖς,
638 3755 729 3808 τὸν
784 3753 1069 3825 Μανουήλ,
1103 3756 1179 3818 ὡς
1233 3754 1477 3831 ε’ίπομεν,
1531 3756 1855 3813 ἀποστέλλει

217 3841 337 3909 μετὰ
366 3838 660 3916 δαναμεως
688 3846 806 3897 κατ’
836 3843 1029 3899 αὐτῶν.
1064 3846 1234 3907 Οὗτος
1286 3842 1343 3899 δὲ
1390 3846 1510 3900 νέαν
1560 3847 1702 3921 ἄγων
1760 3848 1858 3916 τὴν

218 3927 419 3995 ἠλικίαν
469 3934 560 3986 καὶ
646 3932 1001 4009 στρατιώταις
1062 3935 1476 4010 κατατετάχθαι,
1528 3936 1593 3989 οὐ
1646 3938 1751 4009 μήν
1797 3958 1858 4011 γε

214 4017 288 4071 καὶ
340 4027 671 4096 στρατηγεῖν
732 4022 877 4091 ἄξιος
931 4019 1026 4092 ὢν,
1064 4023 1324 4100 ὑπάρχων
1362 4021 1418 4079 δὲ
1474 4026 1561 4079 καὶ
1623 4024 1860 4088 πολλοῖς
1890 4012 1932 4078 C

2052 1262 2391 1317 Secundum
2438 1261 2559 1315 bmc
2592 1261 2912 1332 imperator
2959 1260 3246 1315 Joannem
3294 1275 3329 1312 a
3376 1258 3640 1329 secretis,

1992 1351 2340 1423 cognomine
2372 1349 2646 1420 Pilatum,
2680 1350 2750 1403 ad
2798 1350 3168 1403 tractandam
3220 1362 3352 1401 cum
3402 1350 3639 1401 Sarace-

1991 1444 2084 1497 nis
2116 1442 2584 1513 paciﬁcationem
2634 1440 2814 1495 misit.
2866 1439 2974 1503 Qui
3023 1455 3154 1493 cum
3203 1436 3641 1492 consuevissent

1988 1532 2248 1587 victoriis
2283 1549 2395 1586 non
2431 1531 2749 1597 eﬂ'erri,sed
2781 1544 2985 1600 pacem
3016 1527 3190 1583 etiam
3226 1526 3400 1581 rebus
3432 1542 3637 1581 secun-

1989 1620 2079 1675 dis
2112 1624 2399 1692 expetere,
2434 1620 2633 1675 iaciles
2662 1635 2790 1673 sese
2817 1617 2866 1672 ei
2900 1617 3295 1689 praebuerunt,
3328 1620 3384 1669 et
3414 1616 3486 1669 ad
3520 1631 3641 1669 cer-

1982 1714 2113 1764 .tum
2140 1715 2373 1781 tempus
2398 1708 2664 1765 inducias
2688 1707 2840 1779 pacti
2865 1704 3242 1776 sunt.Elapso
3274 1719 3339 1759 eo
3372 1707 3633 1773 tempore

1985 1815 2220 1854 rursum
2254 1800 2401 1855 mari
2435 1797 2787 1854 transmisso
2819 1794 3143 1851 Calabriam
3173 1797 3477 1848 vexarunt.
3514 1794 3634 1847 Ita-

1985 1904 2099 1958 que
2131 1889 2305 1943 etiam
2336 1889 2760 1944 Constantinus
2807 1890 3010 1941 contra
3039 1900 3138 1939 eos
3185 1880 3418 1937 navales
3450 1886 3634 1936 terre-

1984 1981 2251 2049 stresque
2271 1976 2964 2049 emisitcopias.Classem
2989 1970 3631 2036 ducebantCrambeas,

1982 2072 2039 2121 et
2068 2066 2383 2134 Moroleon,
2417 2067 2629 2122 alteras
2674 2065 2957 2137 patricius
3009 2064 3308 2117 Romanus
3356 2063 3629 2131 Argyrus.

1979 2156 2229 2228 Jamque
2249 2156 2307 2211 bi
2330 2157 2616 2211 Hidrunte
2644 2156 2890 2210 navibus
2922 2151 3229 2208 subductis
3252 2150 3321 2204 ad
3347 2149 3630 2220 navigan-

1978 2246 2118 2300 dum
2150 2246 2208 2299 in
2243 2246 2501 2301 Siciliam
2527 2262 2655 2301 sese
2674 2245 3119 2315 parabant,cum
3154 2238 3427 2295 Saraceni
3448 2239 3627 2308 fama,

1978 2353 2101 2405 quae
2133 2352 2311 2407 parva
2343 2335 2704 2407 amplificare
2732 2339 2788 2389 et
2818 2331 3141 2388 terribilius
3187 2344 3424 2383 narrare
3455 2327 3624 2393 solet,

1977 2425 2302 2496 perturbati
2321 2430 2377 2480 et
2395 2426 2539 2495 quod
2562 2424 2762 2479 hostes
2785 2422 2893 2477 sibi
2914 2418 3218 2491 imparatis
3246 2417 3443 2472 subito
3466 2416 3620 2471 360

1976 2514 2334 2585 ingruerent,
2368 2514 2437 2568 de
2480 2512 2671 2568 salute
2701 2528 2808 2567 sua
2856 2509 3114 2577 solliciti,
3164 2504 3371 2578 panico
3403 2510 3621 2559 terrore

1975 2603 2249 2658 concitati
2280 2610 2470 2658 castra
2492 2620 2601 2657 sua
2629 2602 3037 2666 deseruerunt,
3071 2596 3390 2666 relictoque
3443 2593 3620 2664 Regio

1972 2692 2179 2763 fugain
2196 2692 2453 2747 Siciliam
2474 2686 3320 2757 contenderunt.Cumquejam
3338 2688 3621 2737 Panormo

1965 2782 2327 2847 accederent,
2358 2780 2731 2837 atrocissima
2760 2779 2964 2834 oborta
2985 2772 3622 2847 tempestate,ejusque

1971 2871 2024 2925 vi
2054 2876 2181 2939 (aut
2208 2871 2423 2927 Christi
2453 2870 2668 2936 verius,
2702 2868 2796 2924 cui
2828 2866 2910 2922 illi
2942 2866 3122 2937 impie
3172 2861 3619 2931 maledicebant)

1970 2961 2217 3016 navibus
2250 2961 2518 3016 contritis
2552 2958 2806 3015 universi
2842 2957 3158 3029 perierunt.
3193 2952 3333 3007 Inde
3383 2966 3621 3005 rursum

1969 3067 2081 3121 pax
2112 3050 2264 3104 facta
2293 3066 2425 3104 cum
2460 3047 2762 3116 Romanis,
2785 3062 2912 3117 quae
2942 3040 3175 3097 duravit
3206 3054 3393 3110 usque
3423 3038 3495 3092 ad
3522 3036 3620 3091 Ni-

1967 3136 2203 3210 cephori
2229 3137 2561 3209 imperium.
2599 3142 2673 3203 Is,
2708 3133 2885 3191 simul
2916 3140 3094 3204 atque
3124 3128 3438 3201 imperium
3462 3142 3627 3180 acce-

1969 3230 2074 3298 pit,
2098 3244 2221 3282 rem
2240 3227 2717 3300 indignissimam
2746 3224 3089 3279 existimans
3103 3216 3415 3274 Saracenis
3440 3215 3624 3270 tribu-
3658 3282 3661 3285 γ

1968 3322 2094 3369 tum
2127 3317 2398 3387 pendere,
2428 3320 2629 3371 contra
2659 3331 2757 3370 eos
2788 3310 3149 3371 Manuelum,
3184 3313 3250 3361 ut
3275 3307 3399 3376 jam
3435 3322 3622 3375 supra

1969 3406 2388 3474 diximus,cum
2412 3402 2595 3476 copiis
2616 3402 2776 3457 misit
2802 3418 2814 3455 :
2837 3393 3401 3465 Manuelus,juvenis
3424 3398 3481 3446 et
3505 3392 3619 3445 mi-

1967 3492 2090 3549 litis
2121 3511 2298 3566 quam
2332 3495 2499 3550 ducis
2529 3492 2721 3549 ofﬁcio
2753 3488 2937 3545 multo
2961 3486 3173 3558 aptior,
3206 3481 3409 3537 multis
3440 3479 3615 3534 etiam

1968 3583 2097 3639 aliis
2116 3585 2403 3640 obnoxius
2433 3582 2809 3654 vitiis,neque
2840 3575 3173 3634 sanioribus
3203 3575 3617 3641 obtemperans

1967 3673 2252 3744 consiliis,
2285 3677 2341 3729 et
2370 3690 2432 3729 se
2462 3673 2658 3745 ipsum
2691 3678 2748 3726 et
2777 3667 3092 3725 exercitum
3124 3668 3309 3719 totum
3340 3657 3617 3732 perdidit,

1969 3762 2194 3835 asperis
2225 3764 2580 3834 quibusdam
2630 3760 2835 3816 Sicilire
2866 3763 2923 3813 et
2972 3754 3143 3809 inviis
3178 3750 3319 3807 locis
3348 3748 3618 3802 inclusus

1967 3858 2142 3922 atque
2173 3852 2351 3909 exitio
2382 3854 2708 3909 demersus.
2742 3851 2959 3919 Captus
3002 3843 3113 3899 fuit
3143 3841 3377 3896 Nicetas
3429 3851 3618 3891 eunu-

1967 3942 2136 4011 chus,
2169 3941 2449 4013 patricius
2480 3959 2545 3997 ac
2567 3940 2776 3997 classis
2798 3932 3244 4006 drungarius,et
3275 3928 3335 3983 in
3368 3925 3618 3981 Africam

1972 4030 2031 4084 in
2059 4031 2311 4086 vinculis
2342 4033 2658 4086 abductus.

214 4104 388 4169 mm;
417 4112 617 4164 πάθεσι
650 4111 986 4186 κατάσχντος
1010 4112 1097 4165 καὶ
1133 4109 1302 4184 μηδὲν
1334 4117 1441 4166 τῶν
1473 4113 1541 4167 τὰ
1584 4114 1813 4187 κρείττω
1844 4110 2333 4189 συμϐουλευόντων
2379 4117 2858 4194 ἐπιστρεφόμενος.
2896 4116 2976 4182 [Ρ.
3008 4110 3135 4180 654]
3179 4104 3233 4162 ἓν
3279 4125 3389 4159 τισι
3429 4100 3621 4162 τόποις

207 4199 415 4283 ⁸1ξραχὲσι
444 4221 504 4255 τε
532 4199 631 4254 καὶ
659 4194 944 4264 δυσϐάτοις
971 4207 1071 4271 τῆς
1104 4198 1359 4264 Σικελίας
1395 4202 1531 4275 μετὰ
1561 4203 1760 4264 παντὸς
1791 4204 2167 4270 ἀποκλεισθεὶς
2216 4212 2313 4261 τοῦ
2362 4189 2590 4283 στρατοῦ
2612 4189 2983 4279 ’παραδίδοται
3037 4194 3404 4269 πανωλεθρίᾳ.
3439 4189 3621 4248 Ἑάλω

216 4280 264 4337 δὲ
304 4289 536 4363 ζωγρίας
597 4288 690 4343 καὶ
754 4291 988 4360 Νικήτας
1051 4291 1336 4365 πατρίκιος
1398 4293 1487 4345 καὶ
1556 4296 1653 4346 τοῦ
1721 4292 1920 4348 στόλου
1984 4292 2345 4373 δρουγγάριος
2397 4279 2436 4351 ὁ-
2475 4296 2759 4371 εὐνοῦχος,
2801 4293 2891 4347 καὶ
2950 4289 3026 4351 εἰς
3081 4285 3346 4364 Ἀφρικὴν
3398 4279 3619 4354 δέσμιος

216 4374 483 4447 πέμπεται.
524 4378 631 4433 Καὶ
664 4380 691 4434 6
726 4379 819 4453 μὲν
846 4379 1111 4450 Μανουήλ
1142 4380 1403 4452 τοιαύτης
1431 4375 1591 4456 ἔτυχε
1615 4384 1714 4447 τῆς
1743 4370 2139 4462 καταστροφῆς,
2171 4370 2466 4460 παραίτιος
2524 4384 2799 4447 ἀπωλείας
2853 4381 3142 4457 γενόμενος
3190 4374 3279 4430 καὶ
3331 4370 3491 4427 παντὶ
3544 4375 3622 4443 τῷ

220 4483 425 4537 στρατῳ.

278 4553 332 4611 Ὀ
376 4554 431 4610 δὲ
467 4554 737 4633 βασιλεὺς
782 4556 836 4613 ἐν
892 4560 1071 4633 τούτῳ
1098 4563 1176 4632 τῷ
1208 4558 1397 4636 χρόνῳ
1429 4557 1694 4633 ἐκπέμπει
1723 4561 1859 4616 κατά

221 4640 444 4707 Κιλικίας
513 4646 781 4717 Ἰωάννην
838 4649 1133 4724 μάγιστρον
1200 4649 1289 4703 καὶ
1356 4646 1674 4721 δομέστικον
1746 4655 1853 4705 τῶν

224 4731 421 4807 σχολῶν
446 4743 551 4805 τῆς
583 4736 890 4807 Ἀνατολῆς
938 4735 1046 4809 ἤδη
1093 4734 1566 4816 προϐεϐλημένον,
1599 4741 1690 4794 τὸν
1733 4745 1856 4809 Τζι-

225 4828 418 4893 μισκῆν.
482 4827 787 4899 Γενόμενος
854 4825 899 4882 δ’
949 4829 1104 4891 οὗτος
1175 4829 1313 4906 πρὸς
1380 4828 1545 4885 πόλιν
1600 4827 1853 4902 νΑδαναν,

220 4912 291 4964 11‘:
344 4915 562 4986 πλῆθος
630 4913 952 4973 καταλαϐὼν
1008 4917 1306 4975 ἐπιλέκτων
1368 4921 1681 4997 Ἀγαρηνῶν
1735 4941 1853 4974 συν-

220 5000 529 5079 ειλεγμὲνων
609 5005 669 5061 ἐκ
741 5009 921 5078 πάσης
989 5015 1088 5079 τῆς
1155 5007 1427 5083 Κιλικίας,
1486 5006 1853 5082 συμπλέκεται

218 5092 370 5165 τούτῳ
416 5098 506 5148 καὶ
539 5096 795 5172 τρέπεται
846 5097 985 5153 κατὰ
1030 5098 1248 5173 κράτος.
1283 5100 1349 5157 Οἱ
1411 5099 1505 5172 μὲν
1549 5097 1638 5154 οὖν
1690 5096 1853 5154 ἄλλοι

218 5184 309 5263 τῶν
348 5185 675 5259 Ἀγαρηνῶν
733 5185 890 5259 νόμῳ
950 5186 1202 5261 πολέμου
1252 5189 1652 5259 κατεκόπησαν·
1689 5188 1854 5263 μέρος

222 5262 267 5353 ἒ
312 5276 404 5325 τοῦ
465 5278 702 5348 στρατοῦ
762 5275 889 5330 ὡσεὶ
955 5275 1392 5353 πεντακισχίλιοι
1463 5277 1555 5332 τὸν
1621 5262 1851 5353 ἀριθμὸν

220 5352 342 5421 ὄντες
398 5361 696 5441 τρεόγουσιν
746 5363 823 5427 εἴς
876 5386 997 5421 τινα
1046 5352 1531 5445 λόφονίδόσϐατον
1583 5366 1673 5421 καὶ
1717 5365 1851 5423 ἀπό-

2036 4566 2156 4622 Sub
2188 4566 2347 4623 idem
2377 4572 2613 4639 tempus
2646 4566 2969 4636 imperator
2995 4560 3057 4616 in
3086 4555 3353 4614 Ciliciam
3404 4551 3621 4607 emittit

1964 4654 2250 4713 Joannem
2282 4654 3008 4726 Tzimiscem,magistrum
3040 4645 3427 4704 domesticum
3452 4641 3619 4697 scbo-

1966 4743 2157 4800 larum
2189 4745 2442 4802 Orientis
2466 4747 2593 4817 jam
2627 4748 2913 4801 creatum.
2973 4740 3025 4795 Is
3084 4752 3219 4792 cum
3280 4732 3352 4788 ad
3411 4729 3616 4786 Adana

1966 4835 2345 4906 pervenisset,
2378 4836 2434 4890 in
2471 4834 2913 4889 multitudinem
2947 4826 3156 4883 incidit
3202 4841 3272 4879 ex
3317 4820 3478 4877 omni
3510 4820 3615 4873 de—

1963 4922 2247 4979 lectorum
2280 4924 2477 4980 Cilicia
2507 4925 2655 4979 361
2692 4924 3111 4994 Agarenorum,
3169 4925 3419 4981 eamque
3470 4923 3614 4962 con-

1963 5028 2203 5085 gressus
2236 5013 2734 5069 fundit.Hostibus
2762 5004 3259 5077 deletis,quinque
3279 5004 3475 5055 tamen
3504 4996 3615 5051 cir-

1964 5102 2107 5157 citer
2135 5105 2535 5175 Agarenorum
2579 5100 2770 5156 millia
2800 5098 2937 5171 equi
2993 5091 3213 5151 relictis
3270 5088 3497 5162 pedites
3554 5086 3614 5140 in

1964 5190 2171 5247 collem
2206 5194 2523 5265 quemdam
2558 5193 2922 5263 praruptum
2973 5185 3306 5247 evaserunt,
3369 5177 3618 5247 ejusque

1964 5286 2175 5337 natura
2199 5282 2328 5337 freti
2348 5282 2577 5338 fortiter
2598 5282 2886 5351 impetum
2916 5274 3177 5331 hostium
3202 5267 3613 5325 defenderunt.

1962 5370 2074 5425 Sed
2106 5370 2423 5428 Tzimisces
2455 5368 2817 5427 circumdato
2850 5363 3017 5432 colle,
3072 5362 3206 5434 quia
3254 5372 3432 5430 eques
3478 5370 3611 5410 cum

1386 5548 1756 5607 XYLANDRI
1794 5550 1889 5608 ET
1926 5550 2146 5608 GOARI
2185 5552 2419 5610 NOTAE.

284 5660 388 5736 (13)
419 5662 713 5722 Joannem
746 5682 781 5723 ι
810 5666 1067 5740 corporis
1103 5667 1452 5741 proceritate
1480 5666 1565 5726 sic
1595 5667 1841 5727 dictum.
1874 5669 2053 5728 (ἴση.
