  <div class='ocr_page' id='page_1' title='image "/cluster/home/n/w/nwhite01/storage/ocr_20150623/122/hvd.32044073502460/057.png"; bbox 0 0 4026 6210; ppageno 0'>
   <div class='ocr_carea' id='block_1_1' title="bbox 378 372 2033 467">
    <p class='ocr_par' dir='ltr' id='par_1_1' title="bbox 378 374 2033 467">
     <span class='ocr_line' id='line_1_1' title="bbox 378 374 2033 467; baseline 0.001 -34"><span class='ocrx_word' id='word_1_1' title='bbox 378 375 456 467; x_wconf 74' lang='lat'><strong>95</strong></span> <span class='ocrx_word' id='word_1_2' title='bbox 1728 374 2033 437; x_wconf 72' lang='lat' dir='ltr'>GEORGII</span> 
     </span>
    </p>
   </div>
   <div class='ocr_carea' id='block_1_2' title="bbox 2145 372 3802 467">
    <p class='ocr_par' dir='ltr' id='par_1_2' title="bbox 2145 372 3802 438">
     <span class='ocr_line' id='line_1_2' title="bbox 2145 372 3802 438; baseline -0.004 -2"><span class='ocrx_word' id='word_1_3' title='bbox 2145 376 2433 438; x_wconf 81' lang='lat' dir='ltr'><strong>EDRENI</strong></span> <span class='ocrx_word' id='word_1_4' title='bbox 3719 372 3802 431; x_wconf 86' lang='lat'>96</span> 
     </span>
    </p>
   </div>
   <div class='ocr_carea' id='block_1_3' title="bbox 378 499 2033 580">
    <p class='ocr_par' dir='ltr' id='par_1_3' title="bbox 378 505 2029 579">
     <span class='ocr_line' id='line_1_3' title="bbox 378 505 2029 579; baseline 0 -18"><span class='ocrx_word' id='word_1_5' title='bbox 378 506 464 561; x_wconf 91' lang='lat' dir='ltr'>eis</span> <span class='ocrx_word' id='word_1_6' title='bbox 497 522 610 560; x_wconf 92' lang='lat' dir='ltr'>non</span> <span class='ocrx_word' id='word_1_7' title='bbox 644 510 875 577; x_wconf 83' lang='lat' dir='ltr'>poterat</span> <span class='ocrx_word' id='word_1_8' title='bbox 899 505 1429 579; x_wconf 85' lang='lat' dir='ltr'>congredi,pedites</span> <span class='ocrx_word' id='word_1_9' title='bbox 1462 506 1545 562; x_wconf 93' lang='lat' dir='ltr'>ire</span> <span class='ocrx_word' id='word_1_10' title='bbox 1576 522 1642 561; x_wconf 91' lang='lat' dir='ltr'>eo</span> <span class='ocrx_word' id='word_1_11' title='bbox 1674 506 2029 576; x_wconf 84' lang='lat' dir='ltr'>suosjussit,</span> 
     </span>
    </p>
   </div>
   <div class='ocr_carea' id='block_1_4' title="bbox 2145 499 3802 580">
    <p class='ocr_par' dir='ltr' id='par_1_4' title="bbox 2146 499 3802 580">
     <span class='ocr_line' id='line_1_4' title="bbox 2146 499 3802 580; baseline -0.002 -20"><span class='ocrx_word' id='word_1_12' title='bbox 2146 526 2417 580; x_wconf 77' lang='grc' dir='ltr'>κρημνόν,</span> <span class='ocrx_word' id='word_1_13' title='bbox 2457 507 2614 576; x_wconf 84' lang='grc' dir='ltr'>πεζοὶ</span> <span class='ocrx_word' id='word_1_14' title='bbox 2659 505 2786 569; x_wconf 74' lang='grc' dir='ltr'>τοὺς</span> <span class='ocrx_word' id='word_1_15' title='bbox 2832 503 3039 568; x_wconf 70' lang='grc' dir='ltr'>’ίππους</span> <span class='ocrx_word' id='word_1_16' title='bbox 3089 499 3410 575; x_wconf 73' lang='grc' dir='ltr'>ἀποϐάντες,</span> <span class='ocrx_word' id='word_1_17' title='bbox 3439 505 3528 559; x_wconf 84' lang='grc' dir='ltr'>καὶ</span> <span class='ocrx_word' id='word_1_18' title='bbox 3574 506 3642 578; x_wconf 79' lang='grc' dir='ltr'>τῇ</span> <span class='ocrx_word' id='word_1_19' title='bbox 3702 510 3802 565; x_wconf 67' lang='grc' dir='ltr'>τοῦ⁹</span> 
     </span>
    </p>
   </div>
   <div class='ocr_carea' id='block_1_5' title="bbox 380 595 2034 668">
    <p class='ocr_par' dir='ltr' id='par_1_5' title="bbox 380 595 2034 668">
     <span class='ocr_line' id='line_1_5' title="bbox 380 595 2034 668; baseline 0.001 -19"><span class='ocrx_word' id='word_1_20' title='bbox 380 596 683 666; x_wconf 86' lang='lat' dir='ltr'>pedesque</span> <span class='ocrx_word' id='word_1_21' title='bbox 718 612 815 650; x_wconf 92' lang='lat' dir='ltr'>eos</span> <span class='ocrx_word' id='word_1_22' title='bbox 850 595 975 668; x_wconf 90' lang='lat' dir='ltr'>ipse</span> <span class='ocrx_word' id='word_1_23' title='bbox 1007 597 1191 652; x_wconf 83' lang='lat' dir='ltr'>duxit.</span> <span class='ocrx_word' id='word_1_24' title='bbox 1242 597 1422 654; x_wconf 85' lang='lat' dir='ltr'>Nemo</span> <span class='ocrx_word' id='word_1_25' title='bbox 1467 602 1887 651; x_wconf 87' lang='lat' dir='ltr'>Saracenorum</span> <span class='ocrx_word' id='word_1_26' title='bbox 1921 602 2034 650; x_wconf 89' lang='lat' dir='ltr'>ter-</span> 
     </span>
    </p>
   </div>
   <div class='ocr_carea' id='block_1_6' title="bbox 378 685 2032 757">
    <p class='ocr_par' dir='ltr' id='par_1_6' title="bbox 378 685 2032 757">
     <span class='ocr_line' id='line_1_6' title="bbox 378 685 2032 757; baseline 0.001 -19"><span class='ocrx_word' id='word_1_27' title='bbox 378 700 517 756; x_wconf 86' lang='lat' dir='ltr'>gum</span> <span class='ocrx_word' id='word_1_28' title='bbox 552 685 714 739; x_wconf 84' lang='lat' dir='ltr'>dedit</span> <span class='ocrx_word' id='word_1_29' title='bbox 750 703 761 740; x_wconf 90' lang='lat'><strong>:</strong></span> <span class='ocrx_word' id='word_1_30' title='bbox 797 687 972 741; x_wconf 86' lang='lat' dir='ltr'>occisi</span> <span class='ocrx_word' id='word_1_31' title='bbox 1006 692 1141 741; x_wconf 91' lang='lat' dir='ltr'>sunt</span> <span class='ocrx_word' id='word_1_32' title='bbox 1178 704 1401 753; x_wconf 57' lang='lat' dir='ltr'>omnes,</span> <span class='ocrx_word' id='word_1_33' title='bbox 1435 692 1491 741; x_wconf 92' lang='lat' dir='ltr'>et</span> <span class='ocrx_word' id='word_1_34' title='bbox 1531 686 1756 741; x_wconf 89' lang='lat' dir='ltr'>cruoris</span> <span class='ocrx_word' id='word_1_35' title='bbox 1790 685 1894 740; x_wconf 89' lang='lat' dir='ltr'>rivi</span> <span class='ocrx_word' id='word_1_36' title='bbox 1931 703 2032 757; x_wconf 88' lang='lat' dir='ltr'>per</span> 
     </span>
    </p>
   </div>
   <div class='ocr_carea' id='block_1_7' title="bbox 377 773 2029 845">
    <p class='ocr_par' dir='ltr' id='par_1_7' title="bbox 377 773 2029 845">
     <span class='ocr_line' id='line_1_7' title="bbox 377 773 2029 845; baseline 0.001 -19"><span class='ocrx_word' id='word_1_37' title='bbox 377 773 621 828; x_wconf 82' lang='lat' dir='ltr'>declivia</span> <span class='ocrx_word' id='word_1_38' title='bbox 653 774 710 829; x_wconf 92' lang='lat' dir='ltr'>in</span> <span class='ocrx_word' id='word_1_39' title='bbox 741 791 1014 845; x_wconf 84' lang='lat' dir='ltr'>campum</span> <span class='ocrx_word' id='word_1_40' title='bbox 1052 776 1365 840; x_wconf 84' lang='lat' dir='ltr'>ﬂuxerunt,</span> <span class='ocrx_word' id='word_1_41' title='bbox 1413 790 1744 845; x_wconf 85' lang='lat' dir='ltr'>nomenque</span> <span class='ocrx_word' id='word_1_42' title='bbox 1790 774 1921 829; x_wconf 89' lang='lat' dir='ltr'>colli</span> <span class='ocrx_word' id='word_1_43' title='bbox 1957 775 2029 829; x_wconf 89' lang='lat' dir='ltr'>ab</span> 
     </span>
    </p>
   </div>
   <div class='ocr_carea' id='block_1_8' title="bbox 377 862 2034 935">
    <p class='ocr_par' dir='ltr' id='par_1_8' title="bbox 377 862 2034 935">
     <span class='ocr_line' id='line_1_8' title="bbox 377 862 2034 935; baseline 0.001 -19"><span class='ocrx_word' id='word_1_44' title='bbox 377 868 585 917; x_wconf 89' lang='lat' dir='ltr'>eventu</span> <span class='ocrx_word' id='word_1_45' title='bbox 624 862 861 933; x_wconf 87' lang='lat' dir='ltr'>factum,</span> <span class='ocrx_word' id='word_1_46' title='bbox 897 870 959 918; x_wconf 91' lang='lat' dir='ltr'>ut</span> <span class='ocrx_word' id='word_1_47' title='bbox 990 864 1164 919; x_wconf 82' lang='lat' dir='ltr'>Collis</span> <span class='ocrx_word' id='word_1_48' title='bbox 1192 863 1511 933; x_wconf 74' lang='lat' dir='ltr'>Sanguinis</span> <span class='ocrx_word' id='word_1_49' title='bbox 1544 862 2034 935; x_wconf 87' lang='lat' dir='ltr'>appellaretur.ld</span> 
     </span>
    </p>
   </div>
   <div class='ocr_carea' id='block_1_9' title="bbox 381 951 2030 1025">
    <p class='ocr_par' dir='ltr' id='par_1_9' title="bbox 381 951 2030 1025">
     <span class='ocr_line' id='line_1_9' title="bbox 381 951 2030 1025; baseline 0.003 -22"><span class='ocrx_word' id='word_1_50' title='bbox 381 951 609 1006; x_wconf 83' lang='lat' dir='ltr'>facinus</span> <span class='ocrx_word' id='word_1_51' title='bbox 644 968 853 1007; x_wconf 85' lang='lat' dir='ltr'>nomen</span> <span class='ocrx_word' id='word_1_52' title='bbox 891 952 1191 1007; x_wconf 67' lang='lat' dir='ltr'>Tzimisca:</span> <span class='ocrx_word' id='word_1_53' title='bbox 1225 952 1515 1008; x_wconf 88' lang='lat' dir='ltr'>celebrius</span> <span class='ocrx_word' id='word_1_54' title='bbox 1556 953 1832 1025; x_wconf 85' lang='lat' dir='ltr'>reddidit,</span> <span class='ocrx_word' id='word_1_55' title='bbox 1862 958 2030 1009; x_wconf 86' lang='lat' dir='ltr'>Sara-</span> 
     </span>
    </p>
   </div>
   <div class='ocr_carea' id='block_1_10' title="bbox 380 1040 1327 1097">
    <p class='ocr_par' dir='ltr' id='par_1_10' title="bbox 380 1040 1327 1097">
     <span class='ocr_line' id='line_1_10' title="bbox 380 1040 1327 1097; baseline 0 -3"><span class='ocrx_word' id='word_1_56' title='bbox 380 1040 538 1095; x_wconf 88' lang='lat' dir='ltr'>cenis</span> <span class='ocrx_word' id='word_1_57' title='bbox 571 1046 768 1095; x_wconf 90' lang='lat' dir='ltr'>autem</span> <span class='ocrx_word' id='word_1_58' title='bbox 802 1058 977 1096; x_wconf 88' lang='lat' dir='ltr'>causa</span> <span class='ocrx_word' id='word_1_59' title='bbox 1010 1042 1170 1097; x_wconf 86' lang='lat' dir='ltr'>exitii</span> <span class='ocrx_word' id='word_1_60' title='bbox 1199 1040 1327 1095; x_wconf 78' lang='lat' dir='ltr'>fuit.</span> 
     </span>
    </p>
   </div>
   <div class='ocr_carea' id='block_1_11' title="bbox 2145 592 3806 673">
    <p class='ocr_par' dir='ltr' id='par_1_11' title="bbox 2145 592 3806 673">
     <span class='ocr_line' id='line_1_11' title="bbox 2145 592 3806 673; baseline -0.002 -24"><span class='ocrx_word' id='word_1_61' title='bbox 2145 596 2315 651; x_wconf 86' lang='grc' dir='ltr'>τόπου</span> <span class='ocrx_word' id='word_1_62' title='bbox 2346 596 2709 673; x_wconf 64' lang='grc' dir='ltr'>θαρρήσαντες</span> <span class='ocrx_word' id='word_1_63' title='bbox 2744 595 2987 669; x_wconf 77' lang='grc' dir='ltr'>εὐκαιρίᾳ</span> <span class='ocrx_word' id='word_1_64' title='bbox 3045 594 3328 670; x_wconf 84' lang='grc' dir='ltr'>εὐρώστως</span> <span class='ocrx_word' id='word_1_65' title='bbox 3375 593 3501 655; x_wconf 76' lang='grc' dir='ltr'>τοὺς</span> <span class='ocrx_word' id='word_1_66' title='bbox 3550 592 3806 653; x_wconf 79' lang='grc' dir='ltr'>ἐπιόντας</span> 
     </span>
    </p>
   </div>
   <div class='ocr_carea' id='block_1_12' title="bbox 2147 681 3804 760">
    <p class='ocr_par' dir='ltr' id='par_1_12' title="bbox 2147 681 3804 760">
     <span class='ocr_line' id='line_1_12' title="bbox 2147 681 3804 760; baseline -0.003 -20"><span class='ocrx_word' id='word_1_67' title='bbox 2147 686 2437 758; x_wconf 82' lang='grc' dir='ltr'>ἠμύνοντο.</span> <span class='ocrx_word' id='word_1_68' title='bbox 2473 685 2579 749; x_wconf 73' lang='grc' dir='ltr'>Οὓς</span> <span class='ocrx_word' id='word_1_69' title='bbox 2612 686 2699 740; x_wconf 82' lang='grc' dir='ltr'>καὶ</span> <span class='ocrx_word' id='word_1_70' title='bbox 2762 685 3173 760; x_wconf 85' lang='grc' dir='ltr'>περιστοιχίσας</span> <span class='ocrx_word' id='word_1_71' title='bbox 3215 685 3243 738; x_wconf 85' lang='grc' dir='ltr'>ὁ</span> <span class='ocrx_word' id='word_1_72' title='bbox 3275 683 3555 753; x_wconf 86' lang='grc' dir='ltr'>Ἰωάννης,</span> <span class='ocrx_word' id='word_1_73' title='bbox 3588 681 3669 736; x_wconf 81' lang='grc' dir='ltr'>ὅτι</span> <span class='ocrx_word' id='word_1_74' title='bbox 3725 682 3804 755; x_wconf 73' lang='grc' dir='ltr'>μή</span> 
     </span>
    </p>
   </div>
   <div class='ocr_carea' id='block_1_13' title="bbox 2149 767 3823 847">
    <p class='ocr_par' dir='ltr' id='par_1_13' title="bbox 2149 767 3823 847">
     <span class='ocr_line' id='line_1_13' title="bbox 2149 767 3823 847; baseline -0.004 -18"><span class='ocrx_word' id='word_1_75' title='bbox 2149 777 2264 847; x_wconf 82' lang='grc' dir='ltr'>μεθ’</span> <span class='ocrx_word' id='word_1_76' title='bbox 2292 774 2476 831; x_wconf 69' lang='grc' dir='ltr'>’ίππων</span> <span class='ocrx_word' id='word_1_77' title='bbox 2529 777 2643 838; x_wconf 79' lang='grc' dir='ltr'>οἷός</span> <span class='ocrx_word' id='word_1_78' title='bbox 2698 798 2757 831; x_wconf 88' lang='grc' dir='ltr'>τε</span> <span class='ocrx_word' id='word_1_79' title='bbox 2817 776 2882 845; x_wconf 76' lang='grc' dir='ltr'>ἦν</span> <span class='ocrx_word' id='word_1_80' title='bbox 2936 776 3122 835; x_wconf 79' lang='grc' dir='ltr'>αὐτοῖς</span> <span class='ocrx_word' id='word_1_81' title='bbox 3176 767 3499 846; x_wconf 77' lang='grc' dir='ltr'>συμϐαλεῖν,</span> <span class='ocrx_word' id='word_1_82' title='bbox 3549 774 3823 839; x_wconf 73' lang='grc' dir='ltr'>πεζεῦσαι</span> 
     </span>
    </p>
   </div>
   <div class='ocr_carea' id='block_1_14' title="bbox 2145 860 3803 940">
    <p class='ocr_par' dir='ltr' id='par_1_14' title="bbox 2145 860 3803 940">
     <span class='ocr_line' id='line_1_14' title="bbox 2145 860 3803 940; baseline -0.004 -21"><span class='ocrx_word' id='word_1_83' title='bbox 2145 864 2449 940; x_wconf 80' lang='grc' dir='ltr'>προστάξας</span> <span class='ocrx_word' id='word_1_84' title='bbox 2498 865 2625 927; x_wconf 83' lang='grc' dir='ltr'>τοὺς</span> <span class='ocrx_word' id='word_1_85' title='bbox 2669 866 3001 939; x_wconf 80' lang='grc' dir='ltr'>στρατιώτας</span> <span class='ocrx_word' id='word_1_86' title='bbox 3052 864 3218 918; x_wconf 83' lang='grc' dir='ltr'>ἄνεισι</span> <span class='ocrx_word' id='word_1_87' title='bbox 3271 863 3387 935; x_wconf 75' lang='grc' dir='ltr'>μετ’</span> <span class='ocrx_word' id='word_1_88' title='bbox 3418 860 3592 917; x_wconf 83' lang='grc' dir='ltr'>αὐτῶν</span> <span class='ocrx_word' id='word_1_89' title='bbox 3638 860 3803 929; x_wconf 80' lang='grc' dir='ltr'>πεζὸς</span> 
     </span>
    </p>
   </div>
   <div class='ocr_carea' id='block_1_15' title="bbox 2148 949 3801 1030">
    <p class='ocr_par' dir='ltr' id='par_1_15' title="bbox 2148 949 3801 1030">
     <span class='ocr_line' id='line_1_15' title="bbox 2148 949 3801 1030; baseline -0.003 -22"><span class='ocrx_word' id='word_1_90' title='bbox 2148 955 2235 1008; x_wconf 80' lang='grc' dir='ltr'>καὶ</span> <span class='ocrx_word' id='word_1_91' title='bbox 2294 954 2472 1018; x_wconf 81' lang='grc' dir='ltr'>αὐτός.</span> <span class='ocrx_word' id='word_1_92' title='bbox 2531 956 2626 1011; x_wconf 80' lang='grc' dir='ltr'>Καὶ</span> <span class='ocrx_word' id='word_1_93' title='bbox 2684 953 3191 1030; x_wconf 78' lang='grc' dir='ltr'>καταγωνισάμενος</span> <span class='ocrx_word' id='word_1_94' title='bbox 3249 952 3454 1013; x_wconf 83' lang='grc' dir='ltr'>πάντας</span> <span class='ocrx_word' id='word_1_95' title='bbox 3513 949 3801 1027; x_wconf 72' lang='grc' dir='ltr'>ἀπέσφαξε,</span> 
     </span>
    </p>
   </div>
   <div class='ocr_carea' id='block_1_16' title="bbox 2146 1039 3800 1119">
    <p class='ocr_par' dir='ltr' id='par_1_16' title="bbox 2146 1039 3800 1119">
     <span class='ocr_line' id='line_1_16' title="bbox 2146 1039 3800 1119; baseline -0.003 -22"><span class='ocrx_word' id='word_1_96' title='bbox 2146 1048 2288 1097; x_wconf 88' lang='grc' dir='ltr'>νῶτα</span> <span class='ocrx_word' id='word_1_97' title='bbox 2322 1042 2558 1119; x_wconf 87' lang='grc' dir='ltr'>μηδερὸς</span> <span class='ocrx_word' id='word_1_98' title='bbox 2594 1042 2918 1113; x_wconf 80' lang='grc' dir='ltr'>δεδωκότος,</span> <span class='ocrx_word' id='word_1_99' title='bbox 2954 1044 3026 1106; x_wconf 84' lang='grc' dir='ltr'>ὡς</span> <span class='ocrx_word' id='word_1_100' title='bbox 3059 1043 3239 1119; x_wconf 63' lang='grc' dir='ltr'>ῥεῦσαι</span> <span class='ocrx_word' id='word_1_101' title='bbox 3273 1039 3361 1096; x_wconf 86' lang='grc' dir='ltr'>διά</span> <span class='ocrx_word' id='word_1_102' title='bbox 3401 1045 3502 1095; x_wconf 78' lang='grc' dir='ltr'>τοῦ</span> <span class='ocrx_word' id='word_1_103' title='bbox 3562 1043 3800 1115; x_wconf 67' lang='grc' dir='ltr'>πρανοῦς</span> 
     </span>
    </p>
   </div>
   <div class='ocr_carea' id='block_1_17' title="bbox 382 1126 3805 1208">
    <p class='ocr_par' dir='ltr' id='par_1_17' title="bbox 382 1126 3805 1208">
     <span class='ocr_line' id='line_1_17' title="bbox 382 1126 3805 1208; baseline 0.001 -29"><span class='ocrx_word' id='word_1_104' title='bbox 382 1126 457 1189; x_wconf 62' lang='grc' dir='ltr'>εἶς</span> <span class='ocrx_word' id='word_1_105' title='bbox 513 1128 575 1181; x_wconf 86' lang='grc' dir='ltr'>τὸ</span> <span class='ocrx_word' id='word_1_106' title='bbox 619 1126 804 1182; x_wconf 81' lang='grc' dir='ltr'>πεδίον</span> <span class='ocrx_word' id='word_1_107' title='bbox 849 1150 910 1183; x_wconf 78' lang='grc' dir='ltr'>τι)</span> <span class='ocrx_word' id='word_1_108' title='bbox 955 1131 1091 1201; x_wconf 76' lang='grc' dir='ltr'>αἷμα</span> <span class='ocrx_word' id='word_1_109' title='bbox 1140 1126 1483 1200; x_wconf 86' lang='grc' dir='ltr'>ποταμηδὸν,</span> <span class='ocrx_word' id='word_1_110' title='bbox 1517 1130 1604 1183; x_wconf 79' lang='grc' dir='ltr'>καὶ</span> <span class='ocrx_word' id='word_1_111' title='bbox 1655 1130 1760 1184; x_wconf 87' lang='grc' dir='ltr'>ἀπὸ</span> <span class='ocrx_word' id='word_1_112' title='bbox 1808 1130 2003 1185; x_wconf 86' lang='grc' dir='ltr'>τούτου</span> <span class='ocrx_word' id='word_1_113' title='bbox 2049 1136 2147 1186; x_wconf 77' lang='grc' dir='ltr'>τοῦ</span> <span class='ocrx_word' id='word_1_114' title='bbox 2199 1135 2605 1207; x_wconf 78' lang='grc' dir='ltr'>συμπτώματος</span> <span class='ocrx_word' id='word_1_115' title='bbox 2651 1132 2926 1204; x_wconf 83' lang='grc' dir='ltr'>κληθῆναι</span> <span class='ocrx_word' id='word_1_116' title='bbox 2957 1137 3049 1187; x_wconf 85' lang='grc' dir='ltr'>τον</span> <span class='ocrx_word' id='word_1_117' title='bbox 3088 1132 3278 1208; x_wconf 83' lang='grc' dir='ltr'>βουνὸν</span> <span class='ocrx_word' id='word_1_118' title='bbox 3326 1129 3525 1187; x_wconf 85' lang='grc' dir='ltr'>Βουνὸν</span> <span class='ocrx_word' id='word_1_119' title='bbox 3556 1126 3805 1202; x_wconf 72' lang='grc' dir='ltr'>Αἵματος</span> 
     </span>
    </p>
   </div>
   <div class='ocr_carea' id='block_1_18' title="bbox 382 1214 3801 1298">
    <p class='ocr_par' dir='ltr' id='par_1_18' title="bbox 382 1214 3801 1298">
     <span class='ocr_line' id='line_1_18' title="bbox 382 1214 3801 1298; baseline -0 -27"><span class='ocrx_word' id='word_1_120' title='bbox 382 1220 554 1293; x_wconf 78' lang='grc' dir='ltr'>Τοῦτο</span> <span class='ocrx_word' id='word_1_121' title='bbox 606 1218 666 1271; x_wconf 86' lang='grc' dir='ltr'>τὸ</span> <span class='ocrx_word' id='word_1_122' title='bbox 711 1216 862 1293; x_wconf 82' lang='grc' dir='ltr'>ἔργον</span> <span class='ocrx_word' id='word_1_123' title='bbox 913 1216 999 1271; x_wconf 79' lang='grc' dir='ltr'>ἐπὶ</span> <span class='ocrx_word' id='word_1_124' title='bbox 1050 1216 1218 1272; x_wconf 86' lang='grc' dir='ltr'>πλέον</span> <span class='ocrx_word' id='word_1_125' title='bbox 1265 1218 1419 1293; x_wconf 79' lang='grc' dir='ltr'>ἐξῆρε</span> <span class='ocrx_word' id='word_1_126' title='bbox 1461 1220 1523 1274; x_wconf 90' lang='grc' dir='ltr'>τὸ</span> <span class='ocrx_word' id='word_1_127' title='bbox 1569 1214 1742 1293; x_wconf 74' lang='grc' dir='ltr'>ὄνομα</span> <span class='ocrx_word' id='word_1_128' title='bbox 1788 1224 1883 1274; x_wconf 77' lang='grc' dir='ltr'>τοῦ</span> <span class='ocrx_word' id='word_1_129' title='bbox 1933 1222 2201 1293; x_wconf 82' lang='grc' dir='ltr'>Ἰωάννου,</span> <span class='ocrx_word' id='word_1_130' title='bbox 2235 1223 2323 1277; x_wconf 79' lang='grc' dir='ltr'>καὶ</span> <span class='ocrx_word' id='word_1_131' title='bbox 2370 1229 2484 1285; x_wconf 88' lang='grc' dir='ltr'>τοῖς</span> <span class='ocrx_word' id='word_1_132' title='bbox 2530 1229 2865 1298; x_wconf 89' lang='grc' dir='ltr'>Σαρακηνοῖς</span> <span class='ocrx_word' id='word_1_133' title='bbox 2900 1221 3113 1286; x_wconf 88' lang='grc' dir='ltr'>τελείας</span> <span class='ocrx_word' id='word_1_134' title='bbox 3159 1221 3533 1295; x_wconf 65' lang='grc' dir='ltr'>καταστροφῆς</span> <span class='ocrx_word' id='word_1_135' title='bbox 3580 1218 3801 1293; x_wconf 85' lang='grc' dir='ltr'>γέγονεν</span> 
     </span>
    </p>
   </div>
   <div class='ocr_carea' id='block_1_19' title="bbox 385 1301 579 1358">
    <p class='ocr_par' dir='ltr' id='par_1_19' title="bbox 385 1301 579 1358">
     <span class='ocr_line' id='line_1_19' title="bbox 385 1301 579 1358; baseline 0 0"><span class='ocrx_word' id='word_1_136' title='bbox 385 1301 579 1358; x_wconf 60' lang='grc' dir='ltr'>αἶίτιον.</span> 
     </span>
    </p>
   </div>
   <div class='ocr_carea' id='block_1_20' title="bbox 456 1395 2036 1469">
    <p class='ocr_par' dir='ltr' id='par_1_20' title="bbox 456 1395 2036 1469">
     <span class='ocr_line' id='line_1_20' title="bbox 456 1395 2036 1469; baseline 0.006 -21"><span class='ocrx_word' id='word_1_137' title='bbox 456 1397 619 1449; x_wconf 87' lang='lat' dir='ltr'>Anno</span> <span class='ocrx_word' id='word_1_138' title='bbox 648 1395 879 1469; x_wconf 90' lang='lat' dir='ltr'>imperii</span> <span class='ocrx_word' id='word_1_139' title='bbox 907 1398 995 1451; x_wconf 92' lang='lat' dir='ltr'>sui</span> <span class='ocrx_word' id='word_1_140' title='bbox 1025 1399 1511 1467; x_wconf 90' lang='lat' dir='ltr'>secundo,mense</span> <span class='ocrx_word' id='word_1_141' title='bbox 1532 1399 2036 1469; x_wconf 87' lang='lat' dir='ltr'>Julio,indictione</span> 
     </span>
    </p>
   </div>
   <div class='ocr_carea' id='block_1_21' title="bbox 383 1483 2038 1560">
    <p class='ocr_par' dir='ltr' id='par_1_21' title="bbox 383 1483 2038 1560">
     <span class='ocr_line' id='line_1_21' title="bbox 383 1483 2038 1560; baseline 0.005 -23"><span class='ocrx_word' id='word_1_142' title='bbox 383 1483 655 1554; x_wconf 89' lang='lat' dir='ltr'>septima,</span> <span class='ocrx_word' id='word_1_143' title='bbox 690 1486 1051 1558; x_wconf 88' lang='lat' dir='ltr'>Nicephorus</span> <span class='ocrx_word' id='word_1_144' title='bbox 1086 1506 1366 1560; x_wconf 87' lang='lat' dir='ltr'>magnum</span> <span class='ocrx_word' id='word_1_145' title='bbox 1401 1490 1720 1544; x_wconf 84' lang='lat' dir='ltr'>exercitum</span> <span class='ocrx_word' id='word_1_146' title='bbox 1753 1489 2038 1546; x_wconf 82' lang='lat' dir='ltr'>Romano-</span> 
     </span>
    </p>
   </div>
   <div class='ocr_carea' id='block_1_22' title="bbox 383 1575 2037 1635">
    <p class='ocr_par' dir='ltr' id='par_1_22' title="bbox 383 1575 2037 1635">
     <span class='ocr_line' id='line_1_22' title="bbox 383 1575 2037 1635; baseline 0.005 -10"><span class='ocrx_word' id='word_1_147' title='bbox 383 1590 511 1626; x_wconf 98' lang='lat' dir='ltr'>rum</span> <span class='ocrx_word' id='word_1_148' title='bbox 546 1591 613 1628; x_wconf 89' lang='lat' dir='ltr'>ac</span> <span class='ocrx_word' id='word_1_149' title='bbox 644 1575 935 1629; x_wconf 91' lang='lat' dir='ltr'>sociorum</span> <span class='ocrx_word' id='word_1_150' title='bbox 970 1577 1266 1633; x_wconf 91' lang='lat' dir='ltr'>Iberorum</span> <span class='ocrx_word' id='word_1_151' title='bbox 1302 1582 1358 1633; x_wconf 91' lang='lat' dir='ltr'>et</span> <span class='ocrx_word' id='word_1_152' title='bbox 1381 1578 1790 1634; x_wconf 84' lang='lat' dir='ltr'>Armeniorum</span> <span class='ocrx_word' id='word_1_153' title='bbox 1814 1581 1871 1634; x_wconf 90' lang='lat' dir='ltr'>in</span> <span class='ocrx_word' id='word_1_154' title='bbox 1906 1579 2037 1635; x_wconf 89' lang='lat' dir='ltr'>Cili-</span> 
     </span>
    </p>
   </div>
   <div class='ocr_carea' id='block_1_23' title="bbox 381 1662 2033 1740">
    <p class='ocr_par' dir='ltr' id='par_1_23' title="bbox 381 1662 2033 1740">
     <span class='ocr_line' id='line_1_23' title="bbox 381 1662 2033 1740; baseline 0.006 -25"><span class='ocrx_word' id='word_1_155' title='bbox 381 1662 530 1716; x_wconf 84' lang='lat' dir='ltr'>ciam</span> <span class='ocrx_word' id='word_1_156' title='bbox 566 1663 746 1731; x_wconf 80' lang='lat' dir='ltr'>ducit,</span> <span class='ocrx_word' id='word_1_157' title='bbox 782 1665 1100 1721; x_wconf 80' lang='lat' dir='ltr'>comitatus</span> <span class='ocrx_word' id='word_1_158' title='bbox 1136 1684 1309 1723; x_wconf 84' lang='lat' dir='ltr'>uxore</span> <span class='ocrx_word' id='word_1_159' title='bbox 1362 1686 1469 1723; x_wconf 86' lang='lat' dir='ltr'>sua</span> <span class='ocrx_word' id='word_1_160' title='bbox 1511 1668 1945 1740; x_wconf 87' lang='lat' dir='ltr'>Theophanone</span> <span class='ocrx_word' id='word_1_161' title='bbox 1976 1674 2033 1725; x_wconf 88' lang='lat' dir='ltr'>et</span> 
     </span>
    </p>
   </div>
   <div class='ocr_carea' id='block_1_24' title="bbox 378 1750 2030 1827">
    <p class='ocr_par' dir='ltr' id='par_1_24' title="bbox 378 1750 2030 1827">
     <span class='ocr_line' id='line_1_24' title="bbox 378 1750 2030 1827; baseline 0.006 -23"><span class='ocrx_word' id='word_1_162' title='bbox 378 1750 601 1807; x_wconf 90' lang='lat' dir='ltr'>liberis.</span> <span class='ocrx_word' id='word_1_163' title='bbox 653 1755 733 1807; x_wconf 85' lang='lat' dir='ltr'>Ea</span> <span class='ocrx_word' id='word_1_164' title='bbox 783 1759 943 1808; x_wconf 82' lang='lat' dir='ltr'>extra</span> <span class='ocrx_word' id='word_1_165' title='bbox 1016 1756 1072 1809; x_wconf 91' lang='lat' dir='ltr'>in</span> <span class='ocrx_word' id='word_1_166' title='bbox 1142 1756 1384 1811; x_wconf 85' lang='lat' dir='ltr'>castello</span> <span class='ocrx_word' id='word_1_167' title='bbox 1434 1758 1623 1813; x_wconf 88' lang='lat' dir='ltr'>Drizio</span> <span class='ocrx_word' id='word_1_168' title='bbox 1675 1759 1894 1827; x_wconf 89' lang='lat' dir='ltr'>relicta,</span> <span class='ocrx_word' id='word_1_169' title='bbox 1943 1761 2030 1814; x_wconf 92' lang='lat' dir='ltr'>in-</span> 
     </span>
    </p>
   </div>
   <div class='ocr_carea' id='block_1_25' title="bbox 378 1842 2031 1913">
    <p class='ocr_par' dir='ltr' id='par_1_25' title="bbox 378 1842 2031 1913">
     <span class='ocr_line' id='line_1_25' title="bbox 378 1842 2031 1913; baseline 0.006 -19"><span class='ocrx_word' id='word_1_170' title='bbox 378 1856 614 1911; x_wconf 88' lang='lat' dir='ltr'>gressus</span> <span class='ocrx_word' id='word_1_171' title='bbox 673 1842 799 1913; x_wconf 84' lang='lat' dir='ltr'>ipse</span> <span class='ocrx_word' id='word_1_172' title='bbox 856 1843 1138 1911; x_wconf 84' lang='lat' dir='ltr'>Ciliciam,</span> <span class='ocrx_word' id='word_1_173' title='bbox 1218 1847 1603 1911; x_wconf 83' lang='lat' dir='ltr'>Anazarbam,</span> <span class='ocrx_word' id='word_1_174' title='bbox 1660 1848 1911 1904; x_wconf 82' lang='lat' dir='ltr'>Rossum</span> <span class='ocrx_word' id='word_1_175' title='bbox 1976 1853 2031 1904; x_wconf 88' lang='lat' dir='ltr'>et</span> 
     </span>
    </p>
   </div>
   <div class='ocr_carea' id='block_1_26' title="bbox 378 1930 2031 2009">
    <p class='ocr_par' dir='ltr' id='par_1_26' title="bbox 378 1930 2031 2009">
     <span class='ocr_line' id='line_1_26' title="bbox 378 1930 2031 2009; baseline 0.005 -26"><span class='ocrx_word' id='word_1_176' title='bbox 378 1930 643 1985; x_wconf 68' lang='lat' dir='ltr'>Adanam</span> <span class='ocrx_word' id='word_1_177' title='bbox 677 1932 853 1988; x_wconf 75' lang='lat' dir='ltr'>urbes</span> <span class='ocrx_word' id='word_1_178' title='bbox 882 1933 1111 2005; x_wconf 87' lang='lat' dir='ltr'>aliaque</span> <span class='ocrx_word' id='word_1_179' title='bbox 1137 1934 1291 1990; x_wconf 88' lang='lat' dir='ltr'>haud</span> <span class='ocrx_word' id='word_1_180' title='bbox 1324 1953 1513 2008; x_wconf 86' lang='lat' dir='ltr'>pauca</span> <span class='ocrx_word' id='word_1_181' title='bbox 1542 1937 1762 2009; x_wconf 85' lang='lat' dir='ltr'>subigit</span> <span class='ocrx_word' id='word_1_182' title='bbox 1792 1936 2031 1993; x_wconf 90' lang='lat' dir='ltr'>castella</span> 
     </span>
    </p>
   </div>
   <div class='ocr_carea' id='block_1_27' title="bbox 378 2018 2106 2125">
    <p class='ocr_par' dir='ltr' id='par_1_27' title="bbox 378 2018 2106 2125">
     <span class='ocr_line' id='line_1_27' title="bbox 378 2018 2106 2125; baseline 0.006 -53"><span class='ocrx_word' id='word_1_183' title='bbox 378 2018 635 2125; x_wconf 77' lang='lat' dir='ltr'>Cumque</span> <span class='ocrx_word' id='word_1_184' title='bbox 667 2022 737 2075; x_wconf 86' lang='lat' dir='ltr'>ad</span> <span class='ocrx_word' id='word_1_185' title='bbox 771 2023 1111 2125; x_wconf 42' lang='lat' dir='ltr'>T‘arsum‘et</span> <span class='ocrx_word' id='word_1_186' title='bbox 1160 2026 1579 2097; x_wconf 86' lang='lat' dir='ltr'>Mopsuestiam</span> <span class='ocrx_word' id='word_1_187' title='bbox 1644 2028 1856 2083; x_wconf 83' lang='lat' dir='ltr'>ducere</span> <span class='ocrx_word' id='word_1_188' title='bbox 1914 2045 2025 2083; x_wconf 90' lang='lat' dir='ltr'>non</span> <span class='ocrx_word' id='word_1_189' title='bbox 2058 2060 2106 2125; x_wconf 83' lang='lat' dir='ltr'><strong>B</strong></span> 
     </span>
    </p>
   </div>
   <div class='ocr_carea' id='block_1_28' title="bbox 381 2110 2025 2186">
    <p class='ocr_par' dir='ltr' id='par_1_28' title="bbox 381 2110 2025 2186">
     <span class='ocr_line' id='line_1_28' title="bbox 381 2110 2025 2186; baseline 0.007 -25"><span class='ocrx_word' id='word_1_190' title='bbox 381 2110 639 2178; x_wconf 85' lang='lat' dir='ltr'>auderet,</span> <span class='ocrx_word' id='word_1_191' title='bbox 673 2112 825 2181; x_wconf 87' lang='lat' dir='ltr'>quod</span> <span class='ocrx_word' id='word_1_192' title='bbox 860 2112 977 2179; x_wconf 77' lang='lat' dir='ltr'>iam</span> <span class='ocrx_word' id='word_1_193' title='bbox 1024 2112 1214 2169; x_wconf 88' lang='lat' dir='ltr'>hiems</span> <span class='ocrx_word' id='word_1_194' title='bbox 1264 2119 1587 2186; x_wconf 89' lang='lat' dir='ltr'>appeteret,</span> <span class='ocrx_word' id='word_1_195' title='bbox 1640 2116 1837 2172; x_wconf 87' lang='lat' dir='ltr'>relicto</span> <span class='ocrx_word' id='word_1_196' title='bbox 1870 2135 1937 2173; x_wconf 89' lang='lat' dir='ltr'>ea</span> <span class='ocrx_word' id='word_1_197' title='bbox 1966 2118 2025 2172; x_wconf 92' lang='lat' dir='ltr'>in</span> 
     </span>
    </p>
   </div>
   <div class='ocr_carea' id='block_1_29' title="bbox 380 2198 2028 2276">
    <p class='ocr_par' dir='ltr' id='par_1_29' title="bbox 380 2198 2028 2276">
     <span class='ocr_line' id='line_1_29' title="bbox 380 2198 2028 2276; baseline 0.005 -25"><span class='ocrx_word' id='word_1_198' title='bbox 380 2198 675 2268; x_wconf 86' lang='lat' dir='ltr'>provincia</span> <span class='ocrx_word' id='word_1_199' title='bbox 704 2199 893 2255; x_wconf 84' lang='lat' dir='ltr'>valido</span> <span class='ocrx_word' id='word_1_200' title='bbox 928 2203 1282 2273; x_wconf 67' lang='lat' dir='ltr'>praesidio,in</span> <span class='ocrx_word' id='word_1_201' title='bbox 1309 2204 1732 2276; x_wconf 84' lang='lat' dir='ltr'>Cappadociam</span> <span class='ocrx_word' id='word_1_202' title='bbox 1759 2206 2028 2260; x_wconf 90' lang='lat' dir='ltr'>hiberno-</span> 
     </span>
    </p>
   </div>
   <div class='ocr_carea' id='block_1_30' title="bbox 380 2291 2025 2349">
    <p class='ocr_par' dir='ltr' id='par_1_30' title="bbox 380 2291 2025 2349">
     <span class='ocr_line' id='line_1_30' title="bbox 380 2291 2025 2349; baseline 0.005 -10"><span class='ocrx_word' id='word_1_203' title='bbox 380 2303 511 2341; x_wconf 87' lang='lat' dir='ltr'>rum</span> <span class='ocrx_word' id='word_1_204' title='bbox 543 2303 719 2343; x_wconf 82' lang='lat' dir='ltr'>causa</span> <span class='ocrx_word' id='word_1_205' title='bbox 751 2291 894 2343; x_wconf 85' lang='lat' dir='ltr'>abit.</span> <span class='ocrx_word' id='word_1_206' title='bbox 930 2294 1173 2345; x_wconf 85' lang='lat' dir='ltr'>Ineunte</span> <span class='ocrx_word' id='word_1_207' title='bbox 1197 2310 1327 2347; x_wconf 87' lang='lat' dir='ltr'>vere</span> <span class='ocrx_word' id='word_1_208' title='bbox 1352 2311 1585 2349; x_wconf 88' lang='lat' dir='ltr'>rursum</span> <span class='ocrx_word' id='word_1_209' title='bbox 1644 2295 1901 2349; x_wconf 88' lang='lat' dir='ltr'>Ciliciam</span> <span class='ocrx_word' id='word_1_210' title='bbox 1936 2294 2025 2348; x_wconf 89' lang='lat' dir='ltr'>in-</span> 
     </span>
    </p>
   </div>
   <div class='ocr_carea' id='block_1_31' title="bbox 377 2377 2027 2453">
    <p class='ocr_par' dir='ltr' id='par_1_31' title="bbox 377 2377 2027 2453">
     <span class='ocr_line' id='line_1_31' title="bbox 377 2377 2027 2453; baseline 0.005 -24"><span class='ocrx_word' id='word_1_211' title='bbox 377 2380 495 2429; x_wconf 86' lang='lat' dir='ltr'>trat</span> <span class='ocrx_word' id='word_1_212' title='bbox 528 2393 540 2431; x_wconf 89' lang='lat'><strong>:</strong></span> <span class='ocrx_word' id='word_1_213' title='bbox 573 2377 826 2433; x_wconf 86' lang='lat' dir='ltr'>etdiviso</span> <span class='ocrx_word' id='word_1_214' title='bbox 850 2379 907 2433; x_wconf 91' lang='lat' dir='ltr'>in</span> <span class='ocrx_word' id='word_1_215' title='bbox 931 2380 1077 2435; x_wconf 89' lang='lat' dir='ltr'>duas</span> <span class='ocrx_word' id='word_1_216' title='bbox 1095 2383 1248 2438; x_wconf 67' lang='grc' dir='ltr'>εστ</span> <span class='ocrx_word' id='word_1_217' title='bbox 1277 2388 1471 2453; x_wconf 87' lang='lat' dir='ltr'>partes</span> <span class='ocrx_word' id='word_1_218' title='bbox 1492 2384 2027 2453; x_wconf 83' lang='lat' dir='ltr'>exercitu,Leonem</span> 
     </span>
    </p>
   </div>
   <div class='ocr_carea' id='block_1_32' title="bbox 379 2465 2028 2544">
    <p class='ocr_par' dir='ltr' id='par_1_32' title="bbox 379 2465 2028 2544">
     <span class='ocr_line' id='line_1_32' title="bbox 379 2465 2028 2544; baseline 0.005 -26"><span class='ocrx_word' id='word_1_219' title='bbox 379 2465 448 2519; x_wconf 77' lang='lat' dir='ltr'>ad</span> <span class='ocrx_word' id='word_1_220' title='bbox 489 2468 948 2537; x_wconf 86' lang='lat' dir='ltr'>oppugnandum</span> <span class='ocrx_word' id='word_1_221' title='bbox 982 2470 1227 2525; x_wconf 88' lang='lat' dir='ltr'>Tarsum</span> <span class='ocrx_word' id='word_1_222' title='bbox 1264 2489 1396 2527; x_wconf 91' lang='lat' dir='ltr'>cum</span> <span class='ocrx_word' id='word_1_223' title='bbox 1433 2472 1615 2527; x_wconf 86' lang='lat' dir='ltr'>altera</span> <span class='ocrx_word' id='word_1_224' title='bbox 1645 2478 1808 2544; x_wconf 89' lang='lat' dir='ltr'>parte</span> <span class='ocrx_word' id='word_1_225' title='bbox 1826 2472 2028 2539; x_wconf 90' lang='lat' dir='ltr'>mittit,</span> 
     </span>
    </p>
   </div>
   <div class='ocr_carea' id='block_1_33' title="bbox 382 2554 2029 2631">
    <p class='ocr_par' dir='ltr' id='par_1_33' title="bbox 382 2554 2029 2631">
     <span class='ocr_line' id='line_1_33' title="bbox 382 2554 2029 2631; baseline 0.004 -22"><span class='ocrx_word' id='word_1_226' title='bbox 382 2554 622 2610; x_wconf 82' lang='lat' dir='ltr'>alteram</span> <span class='ocrx_word' id='word_1_227' title='bbox 658 2558 780 2626; x_wconf 88' lang='lat' dir='ltr'>ipse</span> <span class='ocrx_word' id='word_1_228' title='bbox 812 2559 883 2613; x_wconf 89' lang='lat' dir='ltr'>ad</span> <span class='ocrx_word' id='word_1_229' title='bbox 918 2560 1329 2631; x_wconf 76' lang='lat' dir='ltr'>Mopsucstiam</span> <span class='ocrx_word' id='word_1_230' title='bbox 1363 2562 1690 2617; x_wconf 84' lang='lat' dir='ltr'>ducit.Eam</span> <span class='ocrx_word' id='word_1_231' title='bbox 1725 2562 2029 2617; x_wconf 72' lang='lat' dir='ltr'>cumscri-</span> 
     </span>
    </p>
   </div>
   <div class='ocr_carea' id='block_1_34' title="bbox 382 2649 2029 2721">
    <p class='ocr_par' dir='ltr' id='par_1_34' title="bbox 382 2649 2029 2721">
     <span class='ocr_line' id='line_1_34' title="bbox 382 2649 2029 2721; baseline 0.006 -25"><span class='ocrx_word' id='word_1_232' title='bbox 382 2649 469 2697; x_wconf 87' lang='lat' dir='ltr'>ter</span> <span class='ocrx_word' id='word_1_233' title='bbox 498 2654 884 2716; x_wconf 80' lang='lat' dir='ltr'>oppugnaret,</span> <span class='ocrx_word' id='word_1_234' title='bbox 921 2649 1071 2703; x_wconf 82' lang='lat' dir='ltr'>fame</span> <span class='ocrx_word' id='word_1_235' title='bbox 1105 2651 1281 2703; x_wconf 90' lang='lat' dir='ltr'>etiam</span> <span class='ocrx_word' id='word_1_236' title='bbox 1316 2651 1745 2721; x_wconf 85' lang='lat' dir='ltr'>Oppidanorum</span> <span class='ocrx_word' id='word_1_237' title='bbox 1768 2652 2029 2721; x_wconf 87' lang='lat' dir='ltr'>adjutus,</span> 
     </span>
    </p>
   </div>
   <div class='ocr_carea' id='block_1_35' title="bbox 383 2734 2032 2809">
    <p class='ocr_par' dir='ltr' id='par_1_35' title="bbox 383 2734 2032 2809">
     <span class='ocr_line' id='line_1_35' title="bbox 383 2734 2032 2809; baseline 0.005 -24"><span class='ocrx_word' id='word_1_238' title='bbox 383 2750 562 2787; x_wconf 89' lang='lat' dir='ltr'>unam</span> <span class='ocrx_word' id='word_1_239' title='bbox 598 2734 761 2789; x_wconf 86' lang='lat' dir='ltr'>urbis</span> <span class='ocrx_word' id='word_1_240' title='bbox 793 2741 1015 2806; x_wconf 87' lang='lat' dir='ltr'>partem</span> <span class='ocrx_word' id='word_1_241' title='bbox 1051 2738 1225 2809; x_wconf 89' lang='lat' dir='ltr'>capit.</span> <span class='ocrx_word' id='word_1_242' title='bbox 1264 2743 1336 2793; x_wconf 85' lang='lat' dir='ltr'>Ea</span> <span class='ocrx_word' id='word_1_243' title='bbox 1380 2740 1537 2794; x_wconf 88' lang='lat' dir='ltr'>enim</span> <span class='ocrx_word' id='word_1_244' title='bbox 1574 2740 1713 2794; x_wconf 91' lang='lat' dir='ltr'>urbs</span> <span class='ocrx_word' id='word_1_245' title='bbox 1774 2740 1969 2794; x_wconf 87' lang='lat' dir='ltr'>media</span> <span class='ocrx_word' id='word_1_246' title='bbox 1999 2756 2032 2794; x_wconf 77' lang='grc' dir='ltr'>ιι</span> 
     </span>
    </p>
   </div>
   <div class='ocr_carea' id='block_1_36' title="bbox 384 2821 2028 2895">
    <p class='ocr_par' dir='ltr' id='par_1_36' title="bbox 384 2821 2028 2895">
     <span class='ocr_line' id='line_1_36' title="bbox 384 2821 2028 2895; baseline 0.003 -18"><span class='ocrx_word' id='word_1_247' title='bbox 384 2822 526 2877; x_wconf 88' lang='lat' dir='ltr'>Saro</span> <span class='ocrx_word' id='word_1_248' title='bbox 560 2821 801 2878; x_wconf 83' lang='lat' dir='ltr'>flumine</span> <span class='ocrx_word' id='word_1_249' title='bbox 832 2832 1086 2895; x_wconf 85' lang='lat' dir='ltr'>secatur,</span> <span class='ocrx_word' id='word_1_250' title='bbox 1120 2828 1201 2882; x_wconf 84' lang='lat' dir='ltr'>ita</span> <span class='ocrx_word' id='word_1_251' title='bbox 1233 2832 1294 2883; x_wconf 92' lang='lat' dir='ltr'>ut</span> <span class='ocrx_word' id='word_1_252' title='bbox 1326 2830 1451 2883; x_wconf 63' lang='lat' dir='ltr'>dua;</span> <span class='ocrx_word' id='word_1_253' title='bbox 1484 2828 1658 2885; x_wconf 89' lang='lat' dir='ltr'>urbes</span> <span class='ocrx_word' id='word_1_254' title='bbox 1703 2829 2028 2883; x_wconf 88' lang='lat' dir='ltr'>videantur.</span> 
     </span>
    </p>
   </div>
   <div class='ocr_carea' id='block_1_37' title="bbox 383 2910 2036 2987">
    <p class='ocr_par' dir='ltr' id='par_1_37' title="bbox 383 2910 2036 2987">
     <span class='ocr_line' id='line_1_37' title="bbox 383 2910 2036 2987; baseline 0.004 -24"><span class='ocrx_word' id='word_1_255' title='bbox 383 2910 580 2965; x_wconf 84' lang='lat' dir='ltr'>Altera</span> <span class='ocrx_word' id='word_1_256' title='bbox 610 2911 879 2983; x_wconf 78' lang='lat' dir='ltr'>igitur,ut</span> <span class='ocrx_word' id='word_1_257' title='bbox 911 2914 1361 2987; x_wconf 82' lang='lat' dir='ltr'>diximus,parte</span> <span class='ocrx_word' id='word_1_258' title='bbox 1383 2917 1654 2987; x_wconf 88' lang='lat' dir='ltr'>capta,ad</span> <span class='ocrx_word' id='word_1_259' title='bbox 1675 2916 1917 2971; x_wconf 79' lang='lat' dir='ltr'>alterum</span> <span class='ocrx_word' id='word_1_260' title='bbox 1937 2916 2036 2971; x_wconf 85' lang='lat' dir='ltr'>Sa-</span> 
     </span>
    </p>
   </div>
   <div class='ocr_carea' id='block_1_38' title="bbox 388 2999 2035 3077">
    <p class='ocr_par' dir='ltr' id='par_1_38' title="bbox 388 2999 2035 3077">
     <span class='ocr_line' id='line_1_38' title="bbox 388 2999 2035 3077; baseline 0.003 -24"><span class='ocrx_word' id='word_1_261' title='bbox 388 2999 580 3054; x_wconf 86' lang='lat' dir='ltr'>raceni</span> <span class='ocrx_word' id='word_1_262' title='bbox 606 3002 1405 3077; x_wconf 83' lang='lat' dir='ltr'>confugiunt,undiquequod</span> <span class='ocrx_word' id='word_1_263' title='bbox 1435 3012 1671 3076; x_wconf 89' lang='lat' dir='ltr'>captum</span> <span class='ocrx_word' id='word_1_264' title='bbox 1696 3011 1820 3060; x_wconf 87' lang='lat' dir='ltr'>erat</span> <span class='ocrx_word' id='word_1_265' title='bbox 1840 3006 2035 3059; x_wconf 91' lang='lat' dir='ltr'>incen-</span> 
     </span>
    </p>
   </div>
   <div class='ocr_carea' id='block_1_39' title="bbox 388 3089 2035 3166">
    <p class='ocr_par' dir='ltr' id='par_1_39' title="bbox 388 3089 2035 3166">
     <span class='ocr_line' id='line_1_39' title="bbox 388 3089 2035 3166; baseline 0.004 -24"><span class='ocrx_word' id='word_1_266' title='bbox 388 3089 612 3144; x_wconf 87' lang='lat' dir='ltr'>dentes.</span> <span class='ocrx_word' id='word_1_267' title='bbox 646 3090 756 3145; x_wconf 92' lang='lat' dir='ltr'>Sed</span> <span class='ocrx_word' id='word_1_268' title='bbox 789 3092 984 3148; x_wconf 87' lang='lat' dir='ltr'>acrius</span> <span class='ocrx_word' id='word_1_269' title='bbox 1016 3094 1087 3149; x_wconf 90' lang='lat' dir='ltr'>ad</span> <span class='ocrx_word' id='word_1_270' title='bbox 1120 3095 1615 3166; x_wconf 86' lang='lat' dir='ltr'>oppugnationem</span> <span class='ocrx_word' id='word_1_271' title='bbox 1658 3095 2035 3150; x_wconf 83' lang='lat' dir='ltr'>incumbente</span> 
     </span>
    </p>
   </div>
   <div class='ocr_carea' id='block_1_40' title="bbox 387 3180 2035 3255">
    <p class='ocr_par' dir='ltr' id='par_1_40' title="bbox 387 3180 2035 3255">
     <span class='ocr_line' id='line_1_40' title="bbox 387 3180 2035 3255; baseline 0.005 -23"><span class='ocrx_word' id='word_1_272' title='bbox 387 3180 944 3251; x_wconf 86' lang='lat' dir='ltr'>imperatore,altera</span> <span class='ocrx_word' id='word_1_273' title='bbox 958 3200 1189 3254; x_wconf 92' lang='lat' dir='ltr'>quoque</span> <span class='ocrx_word' id='word_1_274' title='bbox 1202 3202 1338 3255; x_wconf 89' lang='lat' dir='ltr'>pars</span> <span class='ocrx_word' id='word_1_275' title='bbox 1354 3189 1522 3255; x_wconf 87' lang='lat' dir='ltr'>capta</span> <span class='ocrx_word' id='word_1_276' title='bbox 1535 3185 1885 3254; x_wconf 89' lang='lat' dir='ltr'>est,nemine</span> <span class='ocrx_word' id='word_1_277' title='bbox 1900 3185 2035 3239; x_wconf 87' lang='lat' dir='ltr'>inde</span> 
     </span>
    </p>
   </div>
   <div class='ocr_carea' id='block_1_41' title="bbox 388 3268 2037 3345">
    <p class='ocr_par' dir='ltr' id='par_1_41' title="bbox 388 3268 2037 3345">
     <span class='ocr_line' id='line_1_41' title="bbox 388 3268 2037 3345; baseline 0.004 -24"><span class='ocrx_word' id='word_1_278' title='bbox 388 3268 838 3340; x_wconf 68' lang='lat' dir='ltr'>effugienteLeo</span> <span class='ocrx_word' id='word_1_279' title='bbox 854 3277 1045 3326; x_wconf 75' lang='lat' dir='ltr'>autem</span> <span class='ocrx_word' id='word_1_280' title='bbox 1065 3274 1435 3345; x_wconf 83' lang='lat' dir='ltr'>imperatoris</span> <span class='ocrx_word' id='word_1_281' title='bbox 1451 3274 2037 3331; x_wconf 79' lang='lat' dir='ltr'>fraterTarsumobsi-</span> 
     </span>
    </p>
   </div>
   <div class='ocr_carea' id='block_1_42' title="bbox 387 3358 2036 3433">
    <p class='ocr_par' dir='ltr' id='par_1_42' title="bbox 387 3358 2036 3433">
     <span class='ocr_line' id='line_1_42' title="bbox 387 3358 2036 3433; baseline 0.005 -23"><span class='ocrx_word' id='word_1_282' title='bbox 387 3358 692 3423; x_wconf 88' lang='lat' dir='ltr'>dens,cum</span> <span class='ocrx_word' id='word_1_283' title='bbox 708 3362 993 3416; x_wconf 83' lang='lat' dir='ltr'>exercitus</span> <span class='ocrx_word' id='word_1_284' title='bbox 1008 3368 1228 3433; x_wconf 89' lang='lat' dir='ltr'>partem</span> <span class='ocrx_word' id='word_1_285' title='bbox 1249 3362 1582 3433; x_wconf 90' lang='lat' dir='ltr'>pabulatum</span> <span class='ocrx_word' id='word_1_286' title='bbox 1596 3365 2036 3419; x_wconf 85' lang='lat' dir='ltr'>frumentatum-</span> 
     </span>
    </p>
   </div>
   <div class='ocr_carea' id='block_1_43' title="bbox 2216 1394 3802 1480">
    <p class='ocr_par' dir='ltr' id='par_1_43' title="bbox 2216 1394 3802 1480">
     <span class='ocr_line' id='line_1_43' title="bbox 2216 1394 3802 1480; baseline -0.004 -26"><span class='ocrx_word' id='word_1_287' title='bbox 2216 1402 2272 1454; x_wconf 76' lang='grc' dir='ltr'><strong>Ὀ</strong></span> <span class='ocrx_word' id='word_1_288' title='bbox 2306 1400 2361 1457; x_wconf 74' lang='grc' dir='ltr'>δὲ</span> <span class='ocrx_word' id='word_1_289' title='bbox 2393 1401 2703 1480; x_wconf 78' lang='grc' dir='ltr'>Νικηφόρος</span> <span class='ocrx_word' id='word_1_290' title='bbox 2756 1402 2890 1457; x_wconf 72' lang='grc' dir='ltr'>κατᾶ</span> <span class='ocrx_word' id='word_1_291' title='bbox 2918 1402 2980 1455; x_wconf 83' lang='grc' dir='ltr'>τὸ</span> <span class='ocrx_word' id='word_1_292' title='bbox 3013 1398 3259 1473; x_wconf 82' lang='grc' dir='ltr'>δεύτερον</span> <span class='ocrx_word' id='word_1_293' title='bbox 3312 1394 3431 1459; x_wconf 80' lang='grc' dir='ltr'>ἔτος</span> <span class='ocrx_word' id='word_1_294' title='bbox 3476 1399 3575 1461; x_wconf 77' lang='grc' dir='ltr'>τῆς</span> <span class='ocrx_word' id='word_1_295' title='bbox 3633 1394 3802 1450; x_wconf 72' lang='grc' dir='ltr'>αὐτοῦ</span> 
     </span>
    </p>
   </div>
   <div class='ocr_carea' id='block_1_44' title="bbox 2149 1484 3799 1565">
    <p class='ocr_par' dir='ltr' id='par_1_44' title="bbox 2149 1484 3799 1565">
     <span class='ocr_line' id='line_1_44' title="bbox 2149 1484 3799 1565; baseline -0.004 -20"><span class='ocrx_word' id='word_1_296' title='bbox 2149 1490 2446 1565; x_wconf 78' lang='grc' dir='ltr'>βασιλείας,</span> <span class='ocrx_word' id='word_1_297' title='bbox 2498 1490 2549 1545; x_wconf 84' lang='grc' dir='ltr'>ἐν</span> <span class='ocrx_word' id='word_1_298' title='bbox 2618 1491 2748 1565; x_wconf 83' lang='grc' dir='ltr'>μηνὶ</span> <span class='ocrx_word' id='word_1_299' title='bbox 2809 1488 3048 1563; x_wconf 89' lang='grc' dir='ltr'>Ἰουλίῳ,</span> <span class='ocrx_word' id='word_1_300' title='bbox 3112 1486 3448 1549; x_wconf 80' lang='grc' dir='ltr'>ίνδικτιῶνος</span> <span class='ocrx_word' id='word_1_301' title='bbox 3520 1492 3580 1555; x_wconf 80' lang='grc' dir='ltr'>ζ“,</span> <span class='ocrx_word' id='word_1_302' title='bbox 3639 1484 3799 1555; x_wconf 76' lang='grc' dir='ltr'>ἔξεισι</span> 
     </span>
    </p>
   </div>
   <div class='ocr_carea' id='block_1_45' title="bbox 2144 1574 3797 1657">
    <p class='ocr_par' dir='ltr' id='par_1_45' title="bbox 2144 1574 3797 1657">
     <span class='ocr_line' id='line_1_45' title="bbox 2144 1574 3797 1657; baseline -0.004 -23"><span class='ocrx_word' id='word_1_303' title='bbox 2144 1583 2277 1635; x_wconf 87' lang='grc' dir='ltr'>κατά</span> <span class='ocrx_word' id='word_1_304' title='bbox 2354 1581 2602 1643; x_wconf 77' lang='grc' dir='ltr'>Κιλικίας</span> <span class='ocrx_word' id='word_1_305' title='bbox 2669 1580 2760 1636; x_wconf 80' lang='grc' dir='ltr'>σὺν</span> <span class='ocrx_word' id='word_1_306' title='bbox 2843 1582 2997 1657; x_wconf 90' lang='grc' dir='ltr'>βαρεῖ</span> <span class='ocrx_word' id='word_1_307' title='bbox 3064 1582 3276 1651; x_wconf 85' lang='grc' dir='ltr'>στρατῷ</span> <span class='ocrx_word' id='word_1_308' title='bbox 3331 1574 3615 1649; x_wconf 82' lang='grc' dir='ltr'>Ῥωμαίων</span> <span class='ocrx_word' id='word_1_309' title='bbox 3701 1574 3797 1628; x_wconf 79' lang='grc' dir='ltr'>καὶ</span> 
     </span>
    </p>
   </div>
   <div class='ocr_carea' id='block_1_46' title="bbox 2143 1664 3797 1746">
    <p class='ocr_par' dir='ltr' id='par_1_46' title="bbox 2143 1664 3797 1746">
     <span class='ocr_line' id='line_1_46' title="bbox 2143 1664 3797 1746; baseline -0.002 -24"><span class='ocrx_word' id='word_1_310' title='bbox 2143 1671 2453 1745; x_wconf 82' lang='grc' dir='ltr'>συμμάχων</span> <span class='ocrx_word' id='word_1_311' title='bbox 2513 1666 2743 1746; x_wconf 71' lang='grc' dir='ltr'>Ἰϐήρων</span> <span class='ocrx_word' id='word_1_312' title='bbox 2803 1668 2892 1723; x_wconf 79' lang='grc' dir='ltr'>καὶ</span> <span class='ocrx_word' id='word_1_313' title='bbox 2944 1668 3275 1745; x_wconf 81' lang='grc' dir='ltr'>Ἀρμενίων,</span> <span class='ocrx_word' id='word_1_314' title='bbox 3336 1664 3481 1741; x_wconf 75' lang='grc' dir='ltr'>ἔχων</span> <span class='ocrx_word' id='word_1_315' title='bbox 3540 1664 3797 1742; x_wconf 73' lang='grc' dir='ltr'>Θεοφανὼ</span> 
     </span>
    </p>
   </div>
   <div class='ocr_carea' id='block_1_47' title="bbox 2138 1753 3792 1834">
    <p class='ocr_par' dir='ltr' id='par_1_47' title="bbox 2138 1753 3792 1834">
     <span class='ocr_line' id='line_1_47' title="bbox 2138 1753 3792 1834; baseline -0.005 -20"><span class='ocrx_word' id='word_1_316' title='bbox 2138 1761 2237 1828; x_wconf 77' lang='grc' dir='ltr'>τήν</span> <span class='ocrx_word' id='word_1_317' title='bbox 2293 1760 2533 1834; x_wconf 79' lang='grc' dir='ltr'>γαμετὴν</span> <span class='ocrx_word' id='word_1_318' title='bbox 2587 1759 2677 1813; x_wconf 72' lang='grc' dir='ltr'>σὺν</span> <span class='ocrx_word' id='word_1_319' title='bbox 2728 1765 2847 1821; x_wconf 88' lang='grc' dir='ltr'>τοῖς</span> <span class='ocrx_word' id='word_1_320' title='bbox 2896 1762 3107 1820; x_wconf 86' lang='grc' dir='ltr'>τέκνοις</span> <span class='ocrx_word' id='word_1_321' title='bbox 3158 1757 3345 1825; x_wconf 76' lang='grc' dir='ltr'>αὐτῆς.</span> <span class='ocrx_word' id='word_1_322' title='bbox 3393 1754 3634 1824; x_wconf 86' lang='grc' dir='ltr'>Έκείνην</span> <span class='ocrx_word' id='word_1_323' title='bbox 3695 1753 3792 1825; x_wconf 77' lang='grc' dir='ltr'>μὲν</span> 
     </span>
    </p>
   </div>
   <div class='ocr_carea' id='block_1_48' title="bbox 2141 1840 3790 1922">
    <p class='ocr_par' dir='ltr' id='par_1_48' title="bbox 2141 1840 3790 1922">
     <span class='ocr_line' id='line_1_48' title="bbox 2141 1840 3790 1922; baseline -0.004 -20"><span class='ocrx_word' id='word_1_324' title='bbox 2141 1846 2231 1902; x_wconf 76' lang='grc' dir='ltr'>οὖν</span> <span class='ocrx_word' id='word_1_325' title='bbox 2282 1846 2470 1918; x_wconf 76' lang='grc' dir='ltr'>ἔξωθεν</span> <span class='ocrx_word' id='word_1_326' title='bbox 2519 1855 2621 1917; x_wconf 81' lang='grc' dir='ltr'>τῆς</span> <span class='ocrx_word' id='word_1_327' title='bbox 2668 1848 2923 1911; x_wconf 83' lang='grc' dir='ltr'>Κιλικίας</span> <span class='ocrx_word' id='word_1_328' title='bbox 2974 1844 3026 1901; x_wconf 83' lang='grc' dir='ltr'>ἔν</span> <span class='ocrx_word' id='word_1_329' title='bbox 3075 1866 3183 1899; x_wconf 88' lang='grc' dir='ltr'>τινι</span> <span class='ocrx_word' id='word_1_330' title='bbox 3232 1843 3476 1922; x_wconf 79' lang='grc' dir='ltr'>φρουρίῳ</span> <span class='ocrx_word' id='word_1_331' title='bbox 3512 1840 3790 1915; x_wconf 87' lang='grc' dir='ltr'>καταλιμ-</span> 
     </span>
    </p>
   </div>
   <div class='ocr_carea' id='block_1_49' title="bbox 2138 1931 3790 2010">
    <p class='ocr_par' dir='ltr' id='par_1_49' title="bbox 2138 1931 3790 2010">
     <span class='ocr_line' id='line_1_49' title="bbox 2138 1931 3790 2010; baseline -0.004 -19"><span class='ocrx_word' id='word_1_332' title='bbox 2138 1939 2316 2008; x_wconf 84' lang='grc' dir='ltr'>πάνει,</span> <span class='ocrx_word' id='word_1_333' title='bbox 2374 1938 2572 2010; x_wconf 72' lang='grc' dir='ltr'>Δριζίῳ</span> <span class='ocrx_word' id='word_1_334' title='bbox 2630 1935 2979 2009; x_wconf 73' lang='grc' dir='ltr'>καλουμένῳ,</span> <span class='ocrx_word' id='word_1_335' title='bbox 3032 1935 3196 1995; x_wconf 80' lang='grc' dir='ltr'>αὐτὸς</span> <span class='ocrx_word' id='word_1_336' title='bbox 3254 1931 3311 1988; x_wconf 75' lang='grc' dir='ltr'>δὲ</span> <span class='ocrx_word' id='word_1_337' title='bbox 3377 1931 3633 1995; x_wconf 68' lang='grc' dir='ltr'>εἰσελθὼν</span> <span class='ocrx_word' id='word_1_338' title='bbox 3710 1932 3790 1992; x_wconf 75' lang='grc' dir='ltr'>εἷς</span> 
     </span>
    </p>
   </div>
   <div class='ocr_carea' id='block_1_50' title="bbox 2138 2018 3785 2101">
    <p class='ocr_par' dir='ltr' id='par_1_50' title="bbox 2138 2018 3785 2101">
     <span class='ocr_line' id='line_1_50' title="bbox 2138 2018 3785 2101; baseline -0.004 -21"><span class='ocrx_word' id='word_1_339' title='bbox 2138 2025 2382 2081; x_wconf 78' lang='grc' dir='ltr'>Κιλικίαν</span> <span class='ocrx_word' id='word_1_340' title='bbox 2434 2021 2791 2101; x_wconf 77' lang='grc' dir='ltr'>Ἀνάζαρϐαν,</span> <span class='ocrx_word' id='word_1_341' title='bbox 2840 2024 2927 2079; x_wconf 76' lang='grc' dir='ltr'>καὶ</span> <span class='ocrx_word' id='word_1_342' title='bbox 2977 2024 3229 2091; x_wconf 80' lang='grc' dir='ltr'>Ῥωσσὸν,</span> <span class='ocrx_word' id='word_1_343' title='bbox 3262 2024 3349 2077; x_wconf 78' lang='grc' dir='ltr'>καὶ</span> <span class='ocrx_word' id='word_1_344' title='bbox 3393 2018 3629 2079; x_wconf 78' lang='grc' dir='ltr'>’Άδαναν</span> <span class='ocrx_word' id='word_1_345' title='bbox 3684 2020 3785 2081; x_wconf 78' lang='grc' dir='ltr'>τὰς</span> 
     </span>
    </p>
   </div>
   <div class='ocr_carea' id='block_1_51' title="bbox 2136 2109 3784 2191">
    <p class='ocr_par' dir='ltr' id='par_1_51' title="bbox 2136 2109 3784 2191">
     <span class='ocr_line' id='line_1_51' title="bbox 2136 2109 3784 2191; baseline -0.003 -20"><span class='ocrx_word' id='word_1_346' title='bbox 2136 2115 2345 2184; x_wconf 83' lang='grc' dir='ltr'>πόλεις,</span> <span class='ocrx_word' id='word_1_347' title='bbox 2396 2116 2481 2170; x_wconf 72' lang='grc' dir='ltr'>καὶ</span> <span class='ocrx_word' id='word_1_348' title='bbox 2532 2113 2689 2191; x_wconf 78' lang='grc' dir='ltr'>’ἑτερα</span> <span class='ocrx_word' id='word_1_349' title='bbox 2739 2114 2837 2169; x_wconf 83' lang='grc' dir='ltr'>οὐκ</span> <span class='ocrx_word' id='word_1_350' title='bbox 2886 2113 3044 2189; x_wconf 83' lang='grc' dir='ltr'>ὀλίγα</span> <span class='ocrx_word' id='word_1_351' title='bbox 3094 2112 3328 2187; x_wconf 85' lang='grc' dir='ltr'>φρούρια</span> <span class='ocrx_word' id='word_1_352' title='bbox 3366 2109 3784 2186; x_wconf 71' lang='grc' dir='ltr'>κατεστρέψατο.</span> 
     </span>
    </p>
   </div>
   <div class='ocr_carea' id='block_1_52' title="bbox 2137 2197 3785 2281">
    <p class='ocr_par' dir='ltr' id='par_1_52' title="bbox 2137 2197 3785 2281">
     <span class='ocr_line' id='line_1_52' title="bbox 2137 2197 3785 2281; baseline -0.004 -22"><span class='ocrx_word' id='word_1_353' title='bbox 2137 2206 2256 2259; x_wconf 69' lang='grc' dir='ltr'>Ἐπὶ</span> <span class='ocrx_word' id='word_1_354' title='bbox 2291 2204 2348 2260; x_wconf 73' lang='grc' dir='ltr'>δὲ</span> <span class='ocrx_word' id='word_1_355' title='bbox 2376 2207 2475 2273; x_wconf 80' lang='grc' dir='ltr'>τὴν</span> <span class='ocrx_word' id='word_1_356' title='bbox 2507 2206 2717 2281; x_wconf 88' lang='grc' dir='ltr'>Ταρσὸν</span> <span class='ocrx_word' id='word_1_357' title='bbox 2770 2205 2859 2258; x_wconf 85' lang='grc' dir='ltr'>καὶ</span> <span class='ocrx_word' id='word_1_358' title='bbox 2904 2204 3002 2271; x_wconf 77' lang='grc' dir='ltr'>τήν</span> <span class='ocrx_word' id='word_1_359' title='bbox 3054 2203 3252 2275; x_wconf 80' lang='grc' dir='ltr'>Μόψου</span> <span class='ocrx_word' id='word_1_360' title='bbox 3305 2199 3479 2255; x_wconf 70' lang='grc' dir='ltr'>ἑστίαν</span> <span class='ocrx_word' id='word_1_361' title='bbox 3530 2197 3785 2262; x_wconf 84' lang='grc' dir='ltr'>ἀπελθεῖν</span> 
     </span>
    </p>
   </div>
   <div class='ocr_carea' id='block_1_53' title="bbox 2138 2286 3786 2369">
    <p class='ocr_par' dir='ltr' id='par_1_53' title="bbox 2138 2286 3786 2369">
     <span class='ocr_line' id='line_1_53' title="bbox 2138 2286 3786 2369; baseline -0.005 -21"><span class='ocrx_word' id='word_1_362' title='bbox 2138 2294 2237 2348; x_wconf 77' lang='grc' dir='ltr'>οὐκ</span> <span class='ocrx_word' id='word_1_363' title='bbox 2267 2292 2550 2369; x_wconf 72' lang='grc' dir='ltr'>ἐθάρρησε,</span> <span class='ocrx_word' id='word_1_364' title='bbox 2593 2297 2869 2367; x_wconf 88' lang='grc' dir='ltr'>χειμῶνος</span> <span class='ocrx_word' id='word_1_365' title='bbox 2899 2289 3005 2361; x_wconf 75' lang='grc' dir='ltr'>ἤδη</span> <span class='ocrx_word' id='word_1_366' title='bbox 3039 2286 3461 2350; x_wconf 71' lang='grc' dir='ltr'>καταλαϐόντος.</span> <span class='ocrx_word' id='word_1_367' title='bbox 3495 2288 3591 2342; x_wconf 83' lang='grc' dir='ltr'>Καὶ</span> <span class='ocrx_word' id='word_1_368' title='bbox 3624 2308 3786 2360; x_wconf 80' lang='grc' dir='ltr'>στρα-</span> 
     </span>
    </p>
   </div>
   <div class='ocr_carea' id='block_1_54' title="bbox 2136 2375 3789 2457">
    <p class='ocr_par' dir='ltr' id='par_1_54' title="bbox 2136 2375 3789 2457">
     <span class='ocr_line' id='line_1_54' title="bbox 2136 2375 3789 2457; baseline -0.005 -20"><span class='ocrx_word' id='word_1_369' title='bbox 2136 2382 2227 2437; x_wconf 87' lang='grc' dir='ltr'>τὸν</span> <span class='ocrx_word' id='word_1_370' title='bbox 2259 2382 2349 2436; x_wconf 89' lang='grc' dir='ltr'>τὸν</span> <span class='ocrx_word' id='word_1_371' title='bbox 2379 2384 2708 2457; x_wconf 81' lang='grc' dir='ltr'>ἀποχρῶντα</span> <span class='ocrx_word' id='word_1_372' title='bbox 2738 2378 3055 2435; x_wconf 87' lang='grc' dir='ltr'>καταλιπὼν</span> <span class='ocrx_word' id='word_1_373' title='bbox 3090 2379 3259 2433; x_wconf 80' lang='grc' dir='ltr'>ἐκεῖσε</span> <span class='ocrx_word' id='word_1_374' title='bbox 3293 2376 3476 2451; x_wconf 75' lang='grc' dir='ltr'>ἔξεισιν</span> <span class='ocrx_word' id='word_1_375' title='bbox 3537 2375 3588 2431; x_wconf 81' lang='grc' dir='ltr'>ἐν</span> <span class='ocrx_word' id='word_1_376' title='bbox 3640 2383 3789 2430; x_wconf 78' lang='grc' dir='ltr'>Καπ-</span> 
     </span>
    </p>
   </div>
   <div class='ocr_carea' id='block_1_55' title="bbox 2139 2462 3791 2547">
    <p class='ocr_par' dir='ltr' id='par_1_55' title="bbox 2139 2462 3791 2547">
     <span class='ocr_line' id='line_1_55' title="bbox 2139 2462 3791 2547; baseline -0.004 -22"><span class='ocrx_word' id='word_1_377' title='bbox 2139 2469 2375 2542; x_wconf 75' lang='grc' dir='ltr'>παδοκίᾳ</span> <span class='ocrx_word' id='word_1_378' title='bbox 2420 2470 2872 2547; x_wconf 80' lang='grc' dir='ltr'>παραχειμάσων.</span> <span class='ocrx_word' id='word_1_379' title='bbox 2931 2471 3099 2544; x_wconf 87' lang='grc' dir='ltr'>Ἧρος</span> <span class='ocrx_word' id='word_1_380' title='bbox 3149 2466 3207 2522; x_wconf 75' lang='grc' dir='ltr'>δὲ</span> <span class='ocrx_word' id='word_1_381' title='bbox 3255 2468 3569 2543; x_wconf 72' lang='grc' dir='ltr'>ἀρχομένου</span> <span class='ocrx_word' id='word_1_382' title='bbox 3621 2462 3791 2520; x_wconf 76' lang='grc' dir='ltr'>πάλιν</span> 
     </span>
    </p>
   </div>
   <div class='ocr_carea' id='block_1_56' title="bbox 2141 2555 3791 2633">
    <p class='ocr_par' dir='ltr' id='par_1_56' title="bbox 2141 2555 3791 2633">
     <span class='ocr_line' id='line_1_56' title="bbox 2141 2555 3791 2633; baseline -0.004 -19"><span class='ocrx_word' id='word_1_383' title='bbox 2141 2559 2386 2629; x_wconf 76' lang='grc' dir='ltr'>εἰσῆλθεν</span> <span class='ocrx_word' id='word_1_384' title='bbox 2411 2558 2462 2614; x_wconf 88' lang='grc' dir='ltr'>ἐν</span> <span class='ocrx_word' id='word_1_385' title='bbox 2498 2558 2735 2631; x_wconf 82' lang='grc' dir='ltr'>Κιλικίᾳ,</span> <span class='ocrx_word' id='word_1_386' title='bbox 2776 2560 2865 2613; x_wconf 84' lang='grc' dir='ltr'>καὶ</span> <span class='ocrx_word' id='word_1_387' title='bbox 2898 2556 3030 2633; x_wconf 82' lang='grc' dir='ltr'>διχῆ</span> <span class='ocrx_word' id='word_1_388' title='bbox 3066 2555 3261 2613; x_wconf 87' lang='grc' dir='ltr'>διελὼν</span> <span class='ocrx_word' id='word_1_389' title='bbox 3294 2558 3359 2610; x_wconf 82' lang='grc' dir='ltr'>τὰ</span> <span class='ocrx_word' id='word_1_390' title='bbox 3390 2555 3791 2632; x_wconf 59' lang='grc' dir='ltr'>στρατεύματα,</span> 
     </span>
    </p>
   </div>
   <div class='ocr_carea' id='block_1_57' title="bbox 2138 2642 3792 2723">
    <p class='ocr_par' dir='ltr' id='par_1_57' title="bbox 2138 2642 3792 2723">
     <span class='ocr_line' id='line_1_57' title="bbox 2138 2642 3792 2723; baseline -0.005 -19"><span class='ocrx_word' id='word_1_391' title='bbox 2138 2651 2236 2718; x_wconf 71' lang='grc' dir='ltr'>τὴν</span> <span class='ocrx_word' id='word_1_392' title='bbox 2276 2651 2368 2723; x_wconf 74' lang='grc' dir='ltr'>μὲν</span> <span class='ocrx_word' id='word_1_393' title='bbox 2399 2650 2606 2720; x_wconf 85' lang='grc' dir='ltr'>Ταρσὸν</span> <span class='ocrx_word' id='word_1_394' title='bbox 2635 2648 2952 2723; x_wconf 77' lang='grc' dir='ltr'>πολιορκεῖν</span> <span class='ocrx_word' id='word_1_395' title='bbox 2987 2647 3161 2723; x_wconf 73' lang='grc' dir='ltr'>ἀφῆκε</span> <span class='ocrx_word' id='word_1_396' title='bbox 3190 2645 3392 2701; x_wconf 83' lang='grc' dir='ltr'>Λέοντα</span> <span class='ocrx_word' id='word_1_397' title='bbox 3415 2647 3506 2700; x_wconf 88' lang='grc' dir='ltr'>τὸν</span> <span class='ocrx_word' id='word_1_398' title='bbox 3531 2642 3792 2721; x_wconf 76' lang='grc' dir='ltr'>ἀδελφὸν,</span> 
     </span>
    </p>
   </div>
   <div class='ocr_carea' id='block_1_58' title="bbox 2140 2734 3792 2812">
    <p class='ocr_par' dir='ltr' id='par_1_58' title="bbox 2140 2734 3792 2812">
     <span class='ocr_line' id='line_1_58' title="bbox 2140 2734 3792 2812; baseline -0.004 -19"><span class='ocrx_word' id='word_1_399' title='bbox 2140 2739 2298 2801; x_wconf 79' lang='grc' dir='ltr'>αὐτὸς</span> <span class='ocrx_word' id='word_1_400' title='bbox 2335 2736 2391 2793; x_wconf 74' lang='grc' dir='ltr'>δὲ</span> <span class='ocrx_word' id='word_1_401' title='bbox 2420 2740 2481 2793; x_wconf 87' lang='grc' dir='ltr'>τὸ</span> <span class='ocrx_word' id='word_1_402' title='bbox 2514 2737 2707 2792; x_wconf 87' lang='grc' dir='ltr'>λοιπὸν</span> <span class='ocrx_word' id='word_1_403' title='bbox 2742 2737 3007 2812; x_wconf 83' lang='grc' dir='ltr'>ἀράμενος</span> <span class='ocrx_word' id='word_1_404' title='bbox 3036 2742 3136 2804; x_wconf 80' lang='grc' dir='ltr'>τῆς</span> <span class='ocrx_word' id='word_1_405' title='bbox 3181 2739 3429 2811; x_wconf 77' lang='grc' dir='ltr'>στρατιᾶς</span> <span class='ocrx_word' id='word_1_406' title='bbox 3478 2737 3546 2808; x_wconf 77' lang='grc' dir='ltr'>τῇ</span> <span class='ocrx_word' id='word_1_407' title='bbox 3597 2734 3792 2807; x_wconf 75' lang='grc' dir='ltr'>Μόψου</span> 
     </span>
    </p>
   </div>
   <div class='ocr_carea' id='block_1_59' title="bbox 2142 2821 3791 2903">
    <p class='ocr_par' dir='ltr' id='par_1_59' title="bbox 2142 2821 3791 2903">
     <span class='ocr_line' id='line_1_59' title="bbox 2142 2821 3791 2903; baseline -0.004 -21"><span class='ocrx_word' id='word_1_408' title='bbox 2142 2827 2290 2899; x_wconf 72' lang='grc' dir='ltr'>έστίᾳ</span> <span class='ocrx_word' id='word_1_409' title='bbox 2320 2829 2643 2903; x_wconf 79' lang='grc' dir='ltr'>προσέσχεν.</span> <span class='ocrx_word' id='word_1_410' title='bbox 2677 2829 2918 2903; x_wconf 79' lang='grc' dir='ltr'>Ἑνεργῷ</span> <span class='ocrx_word' id='word_1_411' title='bbox 2950 2823 3006 2880; x_wconf 69' lang='grc' dir='ltr'>δὲ</span> <span class='ocrx_word' id='word_1_412' title='bbox 3037 2826 3387 2900; x_wconf 82' lang='grc' dir='ltr'>χρησάμενος</span> <span class='ocrx_word' id='word_1_413' title='bbox 3434 2827 3503 2896; x_wconf 77' lang='grc' dir='ltr'>τῇ</span> <span class='ocrx_word' id='word_1_414' title='bbox 3555 2821 3791 2897; x_wconf 84' lang='grc' dir='ltr'>πολιορ-</span> 
     </span>
    </p>
   </div>
   <div class='ocr_carea' id='block_1_60' title="bbox 2141 2910 3787 2991">
    <p class='ocr_par' dir='ltr' id='par_1_60' title="bbox 2141 2910 3787 2991">
     <span class='ocr_line' id='line_1_60' title="bbox 2141 2910 3787 2991; baseline -0.005 -19"><span class='ocrx_word' id='word_1_415' title='bbox 2141 2918 2251 2989; x_wconf 82' lang='grc' dir='ltr'>κίᾳ,</span> <span class='ocrx_word' id='word_1_416' title='bbox 2284 2915 2427 2991; x_wconf 77' lang='grc' dir='ltr'>ἔχων</span> <span class='ocrx_word' id='word_1_417' title='bbox 2459 2915 2515 2971; x_wconf 76' lang='grc' dir='ltr'>δὲ</span> <span class='ocrx_word' id='word_1_418' title='bbox 2567 2916 2655 2971; x_wconf 87' lang='grc' dir='ltr'>καὶ</span> <span class='ocrx_word' id='word_1_419' title='bbox 2700 2918 2789 2971; x_wconf 87' lang='grc' dir='ltr'>τὸν</span> <span class='ocrx_word' id='word_1_420' title='bbox 2852 2915 3013 2988; x_wconf 87' lang='grc' dir='ltr'>λιμὸν</span> <span class='ocrx_word' id='word_1_421' title='bbox 3072 2914 3437 2989; x_wconf 79' lang='grc' dir='ltr'>ἐπαρήγοντα,</span> <span class='ocrx_word' id='word_1_422' title='bbox 3490 2910 3787 2984; x_wconf 83' lang='grc' dir='ltr'>παραλαμ-</span> 
     </span>
    </p>
   </div>
   <div class='ocr_carea' id='block_1_61' title="bbox 2143 2998 3795 3081">
    <p class='ocr_par' dir='ltr' id='par_1_61' title="bbox 2143 2998 3795 3081">
     <span class='ocr_line' id='line_1_61' title="bbox 2143 2998 3795 3081; baseline -0.005 -20"><span class='ocrx_word' id='word_1_423' title='bbox 2143 3004 2289 3061; x_wconf 73' lang='grc' dir='ltr'>ϐάνει</span> <span class='ocrx_word' id='word_1_424' title='bbox 2322 3008 2383 3061; x_wconf 88' lang='grc' dir='ltr'>τὸ</span> <span class='ocrx_word' id='word_1_425' title='bbox 2413 3006 2469 3061; x_wconf 77' lang='grc' dir='ltr'>ἓν</span> <span class='ocrx_word' id='word_1_426' title='bbox 2506 3005 2669 3081; x_wconf 89' lang='grc' dir='ltr'>μέρος</span> <span class='ocrx_word' id='word_1_427' title='bbox 2718 3012 2817 3075; x_wconf 82' lang='grc' dir='ltr'>τῆς</span> <span class='ocrx_word' id='word_1_428' title='bbox 2865 3004 3103 3065; x_wconf 88' lang='grc' dir='ltr'>πόλεως·</span> <span class='ocrx_word' id='word_1_429' title='bbox 3136 3002 3383 3075; x_wconf 85' lang='grc' dir='ltr'>τέμνεται</span> <span class='ocrx_word' id='word_1_430' title='bbox 3426 3000 3528 3075; x_wconf 71' lang='grc' dir='ltr'>γὰρ</span> <span class='ocrx_word' id='word_1_431' title='bbox 3560 3002 3595 3069; x_wconf 79' lang='grc' dir='ltr'>ἡ</span> <span class='ocrx_word' id='word_1_432' title='bbox 3627 2998 3795 3059; x_wconf 87' lang='grc' dir='ltr'>πόλις</span> 
     </span>
    </p>
   </div>
   <div class='ocr_carea' id='block_1_62' title="bbox 2145 3084 3795 3169">
    <p class='ocr_par' dir='ltr' id='par_1_62' title="bbox 2145 3084 3795 3169">
     <span class='ocr_line' id='line_1_62' title="bbox 2145 3084 3795 3169; baseline -0.005 -19"><span class='ocrx_word' id='word_1_433' title='bbox 2145 3095 2278 3164; x_wconf 77' lang='grc' dir='ltr'>αὕτη</span> <span class='ocrx_word' id='word_1_434' title='bbox 2317 3094 2476 3168; x_wconf 88' lang='grc' dir='ltr'>μέσον</span> <span class='ocrx_word' id='word_1_435' title='bbox 2508 3098 2587 3166; x_wconf 73' lang='grc' dir='ltr'>τῷ</span> <span class='ocrx_word' id='word_1_436' title='bbox 2620 3094 2781 3169; x_wconf 88' lang='grc' dir='ltr'>Σάρῳ</span> <span class='ocrx_word' id='word_1_437' title='bbox 2820 3097 3074 3165; x_wconf 77' lang='grc' dir='ltr'>ποταμῷ,</span> <span class='ocrx_word' id='word_1_438' title='bbox 3103 3092 3175 3153; x_wconf 84' lang='grc' dir='ltr'>ὡς</span> <span class='ocrx_word' id='word_1_439' title='bbox 3228 3088 3404 3145; x_wconf 84' lang='grc' dir='ltr'>δοκεῖν</span> <span class='ocrx_word' id='word_1_440' title='bbox 3455 3086 3549 3143; x_wconf 90' lang='grc' dir='ltr'>δύο</span> <span class='ocrx_word' id='word_1_441' title='bbox 3598 3084 3795 3148; x_wconf 85' lang='grc' dir='ltr'>πόλεις</span> 
     </span>
    </p>
   </div>
   <div class='ocr_carea' id='block_1_63' title="bbox 2147 3174 3796 3257">
    <p class='ocr_par' dir='ltr' id='par_1_63' title="bbox 2147 3174 3796 3257">
     <span class='ocr_line' id='line_1_63' title="bbox 2147 3174 3796 3257; baseline -0.007 -18"><span class='ocrx_word' id='word_1_442' title='bbox 2147 3184 2279 3239; x_wconf 75' lang='grc' dir='ltr'>εἶναι</span> <span class='ocrx_word' id='word_1_443' title='bbox 2315 3186 2448 3256; x_wconf 77' lang='grc'>(14).</span> <span class='ocrx_word' id='word_1_444' title='bbox 2474 3188 2577 3238; x_wconf 65' lang='lat' dir='ltr'>Teii</span> <span class='ocrx_word' id='word_1_445' title='bbox 2609 3183 2724 3243; x_wconf 73' lang='grc' dir='ltr'>ἐνὸς</span> <span class='ocrx_word' id='word_1_446' title='bbox 2756 3184 2873 3250; x_wconf 67' lang='grc' dir='ltr'>οὖν,</span> <span class='ocrx_word' id='word_1_447' title='bbox 2899 3183 2972 3243; x_wconf 83' lang='grc' dir='ltr'>ὡς</span> <span class='ocrx_word' id='word_1_448' title='bbox 3022 3178 3253 3257; x_wconf 67' lang='grc' dir='ltr'>εἶ’ρηται,</span> <span class='ocrx_word' id='word_1_449' title='bbox 3287 3179 3485 3251; x_wconf 87' lang='grc' dir='ltr'>μέρους</span> <span class='ocrx_word' id='word_1_450' title='bbox 3537 3174 3796 3240; x_wconf 81' lang='grc' dir='ltr'>ἀλόντος,</span> 
     </span>
    </p>
   </div>
   <div class='ocr_carea' id='block_1_64' title="bbox 2144 3263 3796 3348">
    <p class='ocr_par' dir='ltr' id='par_1_64' title="bbox 2144 3263 3796 3348">
     <span class='ocr_line' id='line_1_64' title="bbox 2144 3263 3796 3348; baseline -0.007 -20"><span class='ocrx_word' id='word_1_451' title='bbox 2144 3273 2230 3329; x_wconf 78' lang='grc' dir='ltr'>ἐπὶ</span> <span class='ocrx_word' id='word_1_452' title='bbox 2280 3274 2343 3327; x_wconf 92' lang='grc' dir='ltr'>τὸ</span> <span class='ocrx_word' id='word_1_453' title='bbox 2390 3270 2572 3348; x_wconf 67' lang='grc' dir='ltr'>ἕτερον</span> <span class='ocrx_word' id='word_1_454' title='bbox 2622 3273 2672 3326; x_wconf 73' lang='grc' dir='ltr'>οἱ</span> <span class='ocrx_word' id='word_1_455' title='bbox 2727 3271 3033 3344; x_wconf 85' lang='grc' dir='ltr'>Σαρακηνοὶ</span> <span class='ocrx_word' id='word_1_456' title='bbox 3078 3268 3494 3346; x_wconf 76' lang='grc' dir='ltr'>καταφεύγουσι,</span> <span class='ocrx_word' id='word_1_457' title='bbox 3526 3266 3587 3319; x_wconf 87' lang='grc' dir='ltr'>τὸ</span> <span class='ocrx_word' id='word_1_458' title='bbox 3618 3263 3796 3320; x_wconf 76' lang='grc' dir='ltr'>ὲαλωο</span> 
     </span>
    </p>
   </div>
   <div class='ocr_carea' id='block_1_65' title="bbox 2148 3354 3799 3438">
    <p class='ocr_par' dir='ltr' id='par_1_65' title="bbox 2148 3354 3799 3438">
     <span class='ocr_line' id='line_1_65' title="bbox 2148 3354 3799 3438; baseline -0.006 -22"><span class='ocrx_word' id='word_1_459' title='bbox 2148 3364 2241 3423; x_wconf 75' lang='grc' dir='ltr'>κὸς</span> <span class='ocrx_word' id='word_1_460' title='bbox 2278 3362 2614 3436; x_wconf 79' lang='grc' dir='ltr'>πανταχόθεν</span> <span class='ocrx_word' id='word_1_461' title='bbox 2686 3360 3007 3438; x_wconf 71' lang='grc' dir='ltr'>ὑφάψαντες.</span> <span class='ocrx_word' id='word_1_462' title='bbox 3062 3355 3408 3435; x_wconf 71' lang='grc' dir='ltr'>Σφοδροτέρᾳ</span> <span class='ocrx_word' id='word_1_463' title='bbox 3467 3354 3524 3409; x_wconf 77' lang='grc' dir='ltr'>δὲ</span> <span class='ocrx_word' id='word_1_464' title='bbox 3581 3374 3799 3429; x_wconf 82' lang='grc' dir='ltr'>χρησα-</span> 
     </span>
    </p>
   </div>
   <div class='ocr_carea' id='block_1_66' title="bbox 390 3428 2033 3527">
    <p class='ocr_par' dir='ltr' id='par_1_66' title="bbox 390 3448 2033 3522">
     <span class='ocr_line' id='line_1_66' title="bbox 390 3448 2033 3522; baseline 0.005 -23"><span class='ocrx_word' id='word_1_465' title='bbox 390 3463 502 3518; x_wconf 90' lang='lat' dir='ltr'>que</span> <span class='ocrx_word' id='word_1_466' title='bbox 528 3448 785 3503; x_wconf 88' lang='lat' dir='ltr'>misisset</span> <span class='ocrx_word' id='word_1_467' title='bbox 802 3451 949 3505; x_wconf 91' lang='lat' dir='ltr'>duce</span> <span class='ocrx_word' id='word_1_468' title='bbox 962 3454 1513 3520; x_wconf 83' lang='lat' dir='ltr'>Monasteriote,voti</span> <span class='ocrx_word' id='word_1_469' title='bbox 1534 3453 1777 3509; x_wconf 89' lang='lat' dir='ltr'>minime</span> <span class='ocrx_word' id='word_1_470' title='bbox 1795 3469 2033 3522; x_wconf 88' lang='lat' dir='ltr'>compos</span> 
     </span>
    </p>
   </div>
   <div class='ocr_carea' id='block_1_67' title="bbox 2145 3428 3796 3527">
    <p class='ocr_par' dir='ltr' id='par_1_67' title="bbox 2151 3428 3796 3527">
     <span class='ocr_line' id='line_1_67' title="bbox 2151 3428 3796 3527; baseline -0.007 -21"><span class='ocrx_word' id='word_1_471' title='bbox 2151 3454 2314 3525; x_wconf 84' lang='grc' dir='ltr'>μένου</span> <span class='ocrx_word' id='word_1_472' title='bbox 2345 3456 2440 3505; x_wconf 71' lang='grc' dir='ltr'>τοῦ</span> <span class='ocrx_word' id='word_1_473' title='bbox 2460 3428 2743 3527; x_wconf 47' lang='grc' dir='ltr'>’βασιλέως</span> <span class='ocrx_word' id='word_1_474' title='bbox 2772 3454 2840 3524; x_wconf 75' lang='grc' dir='ltr'>τῇ</span> <span class='ocrx_word' id='word_1_475' title='bbox 2872 3448 3165 3523; x_wconf 73' lang='grc' dir='ltr'>πολιορκίᾳ</span> <span class='ocrx_word' id='word_1_476' title='bbox 3189 3445 3335 3501; x_wconf 69' lang='grc' dir='ltr'>ἑάλω</span> <span class='ocrx_word' id='word_1_477' title='bbox 3364 3446 3453 3500; x_wconf 80' lang='grc' dir='ltr'>καὶ</span> <span class='ocrx_word' id='word_1_478' title='bbox 3500 3445 3562 3500; x_wconf 89' lang='grc' dir='ltr'>τὸ</span> <span class='ocrx_word' id='word_1_479' title='bbox 3610 3440 3796 3516; x_wconf 72' lang='grc' dir='ltr'>ἕτερον</span> 
     </span>
    </p>
   </div>
   <div class='ocr_carea' id='block_1_68' title="bbox 392 3536 2037 3613">
    <p class='ocr_par' dir='ltr' id='par_1_68' title="bbox 392 3536 2037 3613">
     <span class='ocr_line' id='line_1_68' title="bbox 392 3536 2037 3613; baseline 0.005 -25"><span class='ocrx_word' id='word_1_480' title='bbox 392 3536 495 3589; x_wconf 81' lang='lat' dir='ltr'>fuit</span> <span class='ocrx_word' id='word_1_481' title='bbox 528 3553 542 3590; x_wconf 88' lang='lat'><strong>:</strong></span> <span class='ocrx_word' id='word_1_482' title='bbox 570 3553 701 3591; x_wconf 90' lang='lat' dir='ltr'>nam</span> <span class='ocrx_word' id='word_1_483' title='bbox 727 3538 853 3593; x_wconf 89' lang='lat' dir='ltr'>sine</span> <span class='ocrx_word' id='word_1_484' title='bbox 878 3542 1119 3595; x_wconf 87' lang='lat' dir='ltr'>custode</span> <span class='ocrx_word' id='word_1_485' title='bbox 1144 3540 1462 3612; x_wconf 88' lang='lat' dir='ltr'>dissipatos</span> <span class='ocrx_word' id='word_1_486' title='bbox 1486 3543 1837 3613; x_wconf 76' lang='lat' dir='ltr'>praedatores</span> <span class='ocrx_word' id='word_1_487' title='bbox 1860 3546 2037 3596; x_wconf 86' lang='lat' dir='ltr'>noctu</span> 
     </span>
    </p>
   </div>
   <div class='ocr_carea' id='block_1_69' title="bbox 388 3628 2035 3699">
    <p class='ocr_par' dir='ltr' id='par_1_69' title="bbox 388 3628 2035 3699">
     <span class='ocr_line' id='line_1_69' title="bbox 388 3628 2035 3699; baseline 0.004 -23"><span class='ocrx_word' id='word_1_488' title='bbox 388 3628 704 3681; x_wconf 88' lang='lat' dir='ltr'>Tarsenses</span> <span class='ocrx_word' id='word_1_489' title='bbox 736 3629 977 3698; x_wconf 89' lang='lat' dir='ltr'>egressi,</span> <span class='ocrx_word' id='word_1_490' title='bbox 1015 3629 1094 3682; x_wconf 88' lang='lat' dir='ltr'>ita</span> <span class='ocrx_word' id='word_1_491' title='bbox 1126 3635 1187 3682; x_wconf 94' lang='lat' dir='ltr'>ut</span> <span class='ocrx_word' id='word_1_492' title='bbox 1220 3646 1389 3684; x_wconf 91' lang='lat' dir='ltr'>nemo</span> <span class='ocrx_word' id='word_1_493' title='bbox 1421 3647 1623 3684; x_wconf 90' lang='lat' dir='ltr'>eorum</span> <span class='ocrx_word' id='word_1_494' title='bbox 1669 3630 2035 3699; x_wconf 91' lang='lat' dir='ltr'>eruptionem</span> 
     </span>
    </p>
   </div>
   <div class='ocr_carea' id='block_1_70' title="bbox 392 3713 2035 3789">
    <p class='ocr_par' dir='ltr' id='par_1_70' title="bbox 392 3713 2035 3789">
     <span class='ocr_line' id='line_1_70' title="bbox 392 3713 2035 3789; baseline 0.003 -22"><span class='ocrx_word' id='word_1_495' title='bbox 392 3713 605 3768; x_wconf 91' lang='lat' dir='ltr'>sentire</span> <span class='ocrx_word' id='word_1_496' title='bbox 637 3717 911 3785; x_wconf 76' lang='lat' dir='ltr'>potuerit,</span> <span class='ocrx_word' id='word_1_497' title='bbox 944 3717 1250 3782; x_wconf 88' lang='lat' dir='ltr'>invadunt,</span> <span class='ocrx_word' id='word_1_498' title='bbox 1284 3724 1339 3771; x_wconf 92' lang='lat' dir='ltr'>et</span> <span class='ocrx_word' id='word_1_499' title='bbox 1370 3719 1526 3772; x_wconf 88' lang='lat' dir='ltr'>haud</span> <span class='ocrx_word' id='word_1_500' title='bbox 1568 3735 1780 3789; x_wconf 76' lang='lat' dir='ltr'>paucos</span> <span class='ocrx_word' id='word_1_501' title='bbox 1812 3718 2035 3772; x_wconf 82' lang='lat' dir='ltr'>interﬁ-</span> 
     </span>
    </p>
   </div>
   <div class='ocr_carea' id='block_1_71' title="bbox 392 3801 2037 3873">
    <p class='ocr_par' dir='ltr' id='par_1_71' title="bbox 392 3801 2037 3873">
     <span class='ocr_line' id='line_1_71' title="bbox 392 3801 2037 3873; baseline 0.004 -19"><span class='ocrx_word' id='word_1_502' title='bbox 392 3801 638 3869; x_wconf 91' lang='lat' dir='ltr'>ciunt,et</span> <span class='ocrx_word' id='word_1_503' title='bbox 670 3804 723 3855; x_wconf 92' lang='lat' dir='ltr'>in</span> <span class='ocrx_word' id='word_1_504' title='bbox 751 3802 842 3856; x_wconf 83' lang='lat' dir='ltr'>his</span> <span class='ocrx_word' id='word_1_505' title='bbox 868 3804 1694 3861; x_wconf 82' lang='lat' dir='ltr'>Monasteriotem.Tarsenses</span> <span class='ocrx_word' id='word_1_506' title='bbox 1718 3812 2037 3873; x_wconf 81' lang='lat' dir='ltr'>autem,co-</span> 
     </span>
    </p>
   </div>
   <div class='ocr_carea' id='block_1_72' title="bbox 390 3888 2036 3968">
    <p class='ocr_par' dir='ltr' id='par_1_72' title="bbox 390 3888 2036 3968">
     <span class='ocr_line' id='line_1_72' title="bbox 390 3888 2036 3968; baseline 0.005 -27"><span class='ocrx_word' id='word_1_507' title='bbox 390 3888 554 3960; x_wconf 87' lang='lat' dir='ltr'>gnita</span> <span class='ocrx_word' id='word_1_508' title='bbox 584 3890 952 3961; x_wconf 51' lang='lat' dir='ltr'>Mopsuestia</span> <span class='ocrx_word' id='word_1_509' title='bbox 983 3894 1433 3964; x_wconf 82' lang='lat' dir='ltr'>expugnatione,</span> <span class='ocrx_word' id='word_1_510' title='bbox 1466 3895 1851 3968; x_wconf 82' lang='lat' dir='ltr'>oppressique</span> <span class='ocrx_word' id='word_1_511' title='bbox 1881 3895 2036 3950; x_wconf 81' lang='lat' dir='ltr'>obsi-</span> 
     </span>
    </p>
   </div>
   <div class='ocr_carea' id='block_1_73' title="bbox 393 3978 2036 4056">
    <p class='ocr_par' dir='ltr' id='par_1_73' title="bbox 393 3978 2036 4056">
     <span class='ocr_line' id='line_1_73' title="bbox 393 3978 2036 4056; baseline 0.004 -24"><span class='ocrx_word' id='word_1_512' title='bbox 393 3978 562 4033; x_wconf 90' lang='lat' dir='ltr'>dione</span> <span class='ocrx_word' id='word_1_513' title='bbox 579 3983 636 4033; x_wconf 91' lang='lat' dir='ltr'>et</span> <span class='ocrx_word' id='word_1_514' title='bbox 670 3981 842 4045; x_wconf 82' lang='lat' dir='ltr'>fame,</span> <span class='ocrx_word' id='word_1_515' title='bbox 878 3979 1098 4053; x_wconf 88' lang='lat' dir='ltr'>legatos</span> <span class='ocrx_word' id='word_1_516' title='bbox 1131 3983 1199 4037; x_wconf 85' lang='lat' dir='ltr'>ad</span> <span class='ocrx_word' id='word_1_517' title='bbox 1237 3988 1479 4039; x_wconf 86' lang='lat' dir='ltr'>Leonem</span> <span class='ocrx_word' id='word_1_518' title='bbox 1514 3984 1757 4040; x_wconf 91' lang='lat' dir='ltr'>mittunt</span> <span class='ocrx_word' id='word_1_519' title='bbox 1784 3986 2036 4056; x_wconf 89' lang='lat' dir='ltr'>impera-</span> 
     </span>
    </p>
   </div>
   <div class='ocr_carea' id='block_1_74' title="bbox 390 4069 2035 4143">
    <p class='ocr_par' dir='ltr' id='par_1_74' title="bbox 390 4069 2035 4143">
     <span class='ocr_line' id='line_1_74' title="bbox 390 4069 2035 4143; baseline 0.005 -22"><span class='ocrx_word' id='word_1_520' title='bbox 390 4072 599 4132; x_wconf 88' lang='lat' dir='ltr'>torem,</span> <span class='ocrx_word' id='word_1_521' title='bbox 659 4069 996 4126; x_wconf 91' lang='lat' dir='ltr'>invocantcs</span> <span class='ocrx_word' id='word_1_522' title='bbox 1046 4077 1102 4126; x_wconf 91' lang='lat' dir='ltr'>et</span> <span class='ocrx_word' id='word_1_523' title='bbox 1148 4074 1529 4143; x_wconf 85' lang='lat' dir='ltr'>deprecantes</span> <span class='ocrx_word' id='word_1_524' title='bbox 1586 4078 1651 4129; x_wconf 92' lang='lat' dir='ltr'>ut</span> <span class='ocrx_word' id='word_1_525' title='bbox 1710 4074 2035 4129; x_wconf 89' lang='lat' dir='ltr'>incolumes</span> 
     </span>
    </p>
   </div>
   <div class='ocr_carea' id='block_1_75' title="bbox 390 4156 2037 4235">
    <p class='ocr_par' dir='ltr' id='par_1_75' title="bbox 390 4156 2037 4235">
     <span class='ocr_line' id='line_1_75' title="bbox 390 4156 2037 4235; baseline 0.005 -24"><span class='ocrx_word' id='word_1_526' title='bbox 390 4156 710 4213; x_wconf 89' lang='lat' dir='ltr'>dimitteret</span> <span class='ocrx_word' id='word_1_527' title='bbox 743 4160 883 4215; x_wconf 87' lang='lat' dir='ltr'>urbe</span> <span class='ocrx_word' id='word_1_528' title='bbox 914 4160 1130 4215; x_wconf 89' lang='lat' dir='ltr'>dedita.</span> <span class='ocrx_word' id='word_1_529' title='bbox 1166 4160 1295 4233; x_wconf 88' lang='lat' dir='ltr'>Ipse</span> <span class='ocrx_word' id='word_1_530' title='bbox 1327 4173 1523 4218; x_wconf 87' lang='lat' dir='ltr'>autem</span> <span class='ocrx_word' id='word_1_531' title='bbox 1568 4180 1700 4218; x_wconf 91' lang='lat' dir='ltr'>cum</span> <span class='ocrx_word' id='word_1_532' title='bbox 1734 4163 2037 4235; x_wconf 86' lang='lat' dir='ltr'>permisis-</span> 
     </span>
    </p>
   </div>
   <div class='ocr_carea' id='block_1_76' title="bbox 390 4249 2038 4323">
    <p class='ocr_par' dir='ltr' id='par_1_76' title="bbox 390 4249 2038 4323">
     <span class='ocr_line' id='line_1_76' title="bbox 390 4249 2038 4323; baseline 0.004 -22"><span class='ocrx_word' id='word_1_533' title='bbox 390 4250 479 4301; x_wconf 90' lang='lat' dir='ltr'>set</span> <span class='ocrx_word' id='word_1_534' title='bbox 509 4249 572 4301; x_wconf 92' lang='lat' dir='ltr'>ut</span> <span class='ocrx_word' id='word_1_535' title='bbox 629 4252 853 4304; x_wconf 91' lang='lat' dir='ltr'>certum</span> <span class='ocrx_word' id='word_1_536' title='bbox 912 4250 1202 4320; x_wconf 85' lang='lat' dir='ltr'>quoddam</span> <span class='ocrx_word' id='word_1_537' title='bbox 1263 4253 1493 4322; x_wconf 90' lang='lat' dir='ltr'>pondus</span> <span class='ocrx_word' id='word_1_538' title='bbox 1548 4253 1863 4323; x_wconf 83' lang='lat' dir='ltr'>auferrent,</span> <span class='ocrx_word' id='word_1_539' title='bbox 1925 4251 2038 4308; x_wconf 86' lang='lat' dir='ltr'>alia</span> 
     </span>
    </p>
   </div>
   <div class='ocr_carea' id='block_1_77' title="bbox 388 4336 2038 4413">
    <p class='ocr_par' dir='ltr' id='par_1_77' title="bbox 388 4336 2038 4413">
     <span class='ocr_line' id='line_1_77' title="bbox 388 4336 2038 4413; baseline 0.004 -23"><span class='ocrx_word' id='word_1_540' title='bbox 388 4336 585 4391; x_wconf 88' lang='lat' dir='ltr'>omnia</span> <span class='ocrx_word' id='word_1_541' title='bbox 617 4337 781 4392; x_wconf 90' lang='lat' dir='ltr'>urbis</span> <span class='ocrx_word' id='word_1_542' title='bbox 814 4339 966 4393; x_wconf 90' lang='lat' dir='ltr'>bona</span> <span class='ocrx_word' id='word_1_543' title='bbox 998 4339 1264 4410; x_wconf 86' lang='lat' dir='ltr'>diripuit.</span> <span class='ocrx_word' id='word_1_544' title='bbox 1299 4341 1641 4413; x_wconf 90' lang='lat' dir='ltr'>Triduoque</span> <span class='ocrx_word' id='word_1_545' title='bbox 1698 4343 1851 4397; x_wconf 77' lang='lat'>363</span> <span class='ocrx_word' id='word_1_546' title='bbox 1907 4345 2038 4412; x_wconf 89' lang='lat' dir='ltr'>post</span> 
     </span>
    </p>
   </div>
   <div class='ocr_carea' id='block_1_78' title="bbox 391 4427 2035 4503">
    <p class='ocr_par' dir='ltr' id='par_1_78' title="bbox 391 4427 2035 4503">
     <span class='ocr_line' id='line_1_78' title="bbox 391 4427 2035 4503; baseline 0.004 -24"><span class='ocrx_word' id='word_1_547' title='bbox 391 4427 904 4496; x_wconf 82' lang='lat' dir='ltr'>expugnationem,</span> <span class='ocrx_word' id='word_1_548' title='bbox 939 4427 1148 4484; x_wconf 87' lang='lat' dir='ltr'>classis</span> <span class='ocrx_word' id='word_1_549' title='bbox 1182 4430 1432 4485; x_wconf 78' lang='lat' dir='ltr'>maxime</span> <span class='ocrx_word' id='word_1_550' title='bbox 1460 4447 1529 4485; x_wconf 83' lang='lat' dir='ltr'>ex</span> <span class='ocrx_word' id='word_1_551' title='bbox 1573 4432 1814 4503; x_wconf 68' lang='lat' dir='ltr'>Egypto</span> <span class='ocrx_word' id='word_1_552' title='bbox 1863 4432 2035 4485; x_wconf 87' lang='lat' dir='ltr'>adve-</span> 
     </span>
    </p>
   </div>
   <div class='ocr_carea' id='block_1_79' title="bbox 391 4513 2036 4587">
    <p class='ocr_par' dir='ltr' id='par_1_79' title="bbox 391 4513 2036 4587">
     <span class='ocr_line' id='line_1_79' title="bbox 391 4513 2036 4587; baseline 0.004 -20"><span class='ocrx_word' id='word_1_553' title='bbox 391 4513 477 4568; x_wconf 88' lang='lat' dir='ltr'>nit</span> <span class='ocrx_word' id='word_1_554' title='bbox 508 4531 675 4587; x_wconf 89' lang='lat' dir='ltr'>opem</span> <span class='ocrx_word' id='word_1_555' title='bbox 707 4516 888 4572; x_wconf 87' lang='lat' dir='ltr'>Tarso</span> <span class='ocrx_word' id='word_1_556' title='bbox 938 4516 1147 4586; x_wconf 85' lang='lat' dir='ltr'>latura,</span> <span class='ocrx_word' id='word_1_557' title='bbox 1203 4519 1494 4575; x_wconf 86' lang='lat' dir='ltr'>frumento</span> <span class='ocrx_word' id='word_1_558' title='bbox 1544 4526 1756 4575; x_wconf 86' lang='lat' dir='ltr'>onusta</span> <span class='ocrx_word' id='word_1_559' title='bbox 1798 4526 1856 4574; x_wconf 91' lang='lat' dir='ltr'>et</span> <span class='ocrx_word' id='word_1_560' title='bbox 1904 4519 2036 4573; x_wconf 92' lang='lat' dir='ltr'>aliis</span> 
     </span>
    </p>
   </div>
   <div class='ocr_carea' id='block_1_80' title="bbox 391 4605 2036 4679">
    <p class='ocr_par' dir='ltr' id='par_1_80' title="bbox 391 4605 2036 4679">
     <span class='ocr_line' id='line_1_80' title="bbox 391 4605 2036 4679; baseline 0.004 -22"><span class='ocrx_word' id='word_1_561' title='bbox 391 4605 565 4659; x_wconf 89' lang='lat' dir='ltr'>rebus</span> <span class='ocrx_word' id='word_1_562' title='bbox 597 4623 725 4676; x_wconf 67' lang='lat' dir='ltr'>quae</span> <span class='ocrx_word' id='word_1_563' title='bbox 753 4607 821 4660; x_wconf 87' lang='lat' dir='ltr'>ad</span> <span class='ocrx_word' id='word_1_564' title='bbox 856 4607 1075 4663; x_wconf 86' lang='lat' dir='ltr'>victum</span> <span class='ocrx_word' id='word_1_565' title='bbox 1107 4612 1245 4662; x_wconf 91' lang='lat' dir='ltr'>sunt</span> <span class='ocrx_word' id='word_1_566' title='bbox 1276 4609 1635 4665; x_wconf 66' lang='lat' dir='ltr'>necessariae.</span> <span class='ocrx_word' id='word_1_567' title='bbox 1670 4609 1887 4663; x_wconf 91' lang='lat' dir='ltr'>Verum</span> <span class='ocrx_word' id='word_1_568' title='bbox 1912 4626 2036 4679; x_wconf 90' lang='lat' dir='ltr'>per-</span> 
     </span>
    </p>
   </div>
   <div class='ocr_carea' id='block_1_81' title="bbox 388 4693 2035 4769">
    <p class='ocr_par' dir='ltr' id='par_1_81' title="bbox 388 4693 2035 4769">
     <span class='ocr_line' id='line_1_81' title="bbox 388 4693 2035 4769; baseline 0.003 -22"><span class='ocrx_word' id='word_1_569' title='bbox 388 4693 571 4749; x_wconf 89' lang='lat' dir='ltr'>missa</span> <span class='ocrx_word' id='word_1_570' title='bbox 603 4712 716 4750; x_wconf 88' lang='lat' dir='ltr'>non</span> <span class='ocrx_word' id='word_1_571' title='bbox 748 4700 835 4751; x_wconf 91' lang='lat' dir='ltr'>est</span> <span class='ocrx_word' id='word_1_572' title='bbox 869 4698 939 4751; x_wconf 88' lang='lat' dir='ltr'>ad</span> <span class='ocrx_word' id='word_1_573' title='bbox 972 4703 1187 4752; x_wconf 90' lang='lat' dir='ltr'>terram</span> <span class='ocrx_word' id='word_1_574' title='bbox 1210 4697 1501 4769; x_wconf 83' lang='lat' dir='ltr'>appellere</span> <span class='ocrx_word' id='word_1_575' title='bbox 1526 4714 1713 4769; x_wconf 90' lang='lat' dir='ltr'>neque</span> <span class='ocrx_word' id='word_1_576' title='bbox 1736 4698 2035 4753; x_wconf 88' lang='lat' dir='ltr'>exsensio-</span> 
     </span>
    </p>
   </div>
   <div class='ocr_carea' id='block_1_82' title="bbox 2150 3529 3802 3614">
    <p class='ocr_par' dir='ltr' id='par_1_82' title="bbox 2150 3529 3802 3614">
     <span class='ocr_line' id='line_1_82' title="bbox 2150 3529 3802 3614; baseline -0.007 -19"><span class='ocrx_word' id='word_1_577' title='bbox 2150 3542 2332 3614; x_wconf 84' lang='grc' dir='ltr'>μέρος.</span> <span class='ocrx_word' id='word_1_578' title='bbox 2367 3543 2446 3614; x_wconf 86' lang='grc' dir='ltr'>[Ρ.</span> <span class='ocrx_word' id='word_1_579' title='bbox 2491 3542 2618 3613; x_wconf 83' lang='grc'>655]</span> <span class='ocrx_word' id='word_1_580' title='bbox 2673 3536 2901 3613; x_wconf 84' lang='grc' dir='ltr'>μηδενὸς</span> <span class='ocrx_word' id='word_1_581' title='bbox 2946 3537 3143 3601; x_wconf 76' lang='grc' dir='ltr'>ἐκεῖθεν</span> <span class='ocrx_word' id='word_1_582' title='bbox 3202 3533 3577 3613; x_wconf 63' lang='grc' dir='ltr'>διαιρυγόντος.</span> <span class='ocrx_word' id='word_1_583' title='bbox 3635 3533 3693 3585; x_wconf 74' lang='grc' dir='ltr'>Ὀ</span> <span class='ocrx_word' id='word_1_584' title='bbox 3741 3529 3802 3585; x_wconf 72' lang='grc' dir='ltr'>δὲ</span> 
     </span>
    </p>
   </div>
   <div class='ocr_carea' id='block_1_83' title="bbox 2144 3616 3800 3703">
    <p class='ocr_par' dir='ltr' id='par_1_83' title="bbox 2144 3616 3800 3703">
     <span class='ocr_line' id='line_1_83' title="bbox 2144 3616 3800 3703; baseline -0.006 -20"><span class='ocrx_word' id='word_1_585' title='bbox 2144 3633 2239 3698; x_wconf 74' lang='grc' dir='ltr'>τήν</span> <span class='ocrx_word' id='word_1_586' title='bbox 2300 3630 2506 3702; x_wconf 80' lang='grc' dir='ltr'>Ταρσὸν</span> <span class='ocrx_word' id='word_1_587' title='bbox 2567 3616 3023 3703; x_wconf 68' lang='grc' dir='ltr'>παρακαθήμενος</span> <span class='ocrx_word' id='word_1_588' title='bbox 3080 3628 3230 3681; x_wconf 89' lang='grc' dir='ltr'>Λέων</span> <span class='ocrx_word' id='word_1_589' title='bbox 3292 3626 3319 3678; x_wconf 89' lang='grc' dir='ltr'>ὁ</span> <span class='ocrx_word' id='word_1_590' title='bbox 3368 3626 3465 3678; x_wconf 79' lang='grc' dir='ltr'>τυῦ</span> <span class='ocrx_word' id='word_1_591' title='bbox 3520 3618 3800 3696; x_wconf 85' lang='grc' dir='ltr'>βασιλέως</span> 
     </span>
    </p>
   </div>
   <div class='ocr_carea' id='block_1_84' title="bbox 2146 3709 3798 3796">
    <p class='ocr_par' dir='ltr' id='par_1_84' title="bbox 2146 3709 3798 3796">
     <span class='ocr_line' id='line_1_84' title="bbox 2146 3709 3798 3796; baseline -0.006 -24"><span class='ocrx_word' id='word_1_592' title='bbox 2146 3717 2403 3796; x_wconf 73' lang='grc' dir='ltr'>ἀδελφὸς,</span> <span class='ocrx_word' id='word_1_593' title='bbox 2438 3718 2521 3772; x_wconf 79' lang='grc' dir='ltr'>ἐπὶ</span> <span class='ocrx_word' id='word_1_594' title='bbox 2558 3716 2928 3792; x_wconf 80' lang='grc' dir='ltr'>χορτολογίαν</span> <span class='ocrx_word' id='word_1_595' title='bbox 2978 3715 3067 3770; x_wconf 85' lang='grc' dir='ltr'>καὶ</span> <span class='ocrx_word' id='word_1_596' title='bbox 3114 3712 3394 3787; x_wconf 77' lang='grc' dir='ltr'>συλλογὴν</span> <span class='ocrx_word' id='word_1_597' title='bbox 3444 3716 3551 3765; x_wconf 88' lang='grc' dir='ltr'>τῶν</span> <span class='ocrx_word' id='word_1_598' title='bbox 3602 3709 3798 3774; x_wconf 71' lang='grc' dir='ltr'>ἐπιτη-</span> 
     </span>
    </p>
   </div>
   <div class='ocr_carea' id='block_1_85' title="bbox 2147 3797 3801 3882">
    <p class='ocr_par' dir='ltr' id='par_1_85' title="bbox 2147 3797 3801 3882">
     <span class='ocr_line' id='line_1_85' title="bbox 2147 3797 3801 3882; baseline -0.005 -22"><span class='ocrx_word' id='word_1_599' title='bbox 2147 3804 2304 3861; x_wconf 87' lang='grc' dir='ltr'>δείων</span> <span class='ocrx_word' id='word_1_600' title='bbox 2340 3806 2501 3882; x_wconf 86' lang='grc' dir='ltr'>μέρος</span> <span class='ocrx_word' id='word_1_601' title='bbox 2537 3805 2860 3866; x_wconf 81' lang='grc' dir='ltr'>ἀποστείλας</span> <span class='ocrx_word' id='word_1_602' title='bbox 2903 3811 3001 3874; x_wconf 77' lang='grc' dir='ltr'>τῆς</span> <span class='ocrx_word' id='word_1_603' title='bbox 3051 3803 3301 3877; x_wconf 83' lang='grc' dir='ltr'>στρατιὰς</span> <span class='ocrx_word' id='word_1_604' title='bbox 3354 3797 3580 3877; x_wconf 78' lang='grc' dir='ltr'>ἔξαρχον</span> <span class='ocrx_word' id='word_1_605' title='bbox 3629 3798 3801 3874; x_wconf 75' lang='grc' dir='ltr'>ἐχού-</span> 
     </span>
    </p>
   </div>
   <div class='ocr_carea' id='block_1_86' title="bbox 2146 3888 3800 3971">
    <p class='ocr_par' dir='ltr' id='par_1_86' title="bbox 2146 3888 3800 3971">
     <span class='ocr_line' id='line_1_86' title="bbox 2146 3888 3800 3971; baseline -0.007 -20"><span class='ocrx_word' id='word_1_606' title='bbox 2146 3918 2245 3967; x_wconf 85' lang='grc' dir='ltr'>σης</span> <span class='ocrx_word' id='word_1_607' title='bbox 2294 3897 2385 3951; x_wconf 89' lang='grc' dir='ltr'>τὸν</span> <span class='ocrx_word' id='word_1_608' title='bbox 2437 3896 2928 3971; x_wconf 80' lang='grc' dir='ltr'>Μοναστηριώτην,</span> <span class='ocrx_word' id='word_1_609' title='bbox 2961 3892 3274 3969; x_wconf 82' lang='grc' dir='ltr'>ἠτύχησεν·</span> <span class='ocrx_word' id='word_1_610' title='bbox 3310 3889 3635 3969; x_wconf 76' lang='grc' dir='ltr'>ἀφυλάκτως</span> <span class='ocrx_word' id='word_1_611' title='bbox 3693 3888 3800 3963; x_wconf 69' lang='grc' dir='ltr'>γὰρ</span> 
     </span>
    </p>
   </div>
   <div class='ocr_carea' id='block_1_87' title="bbox 2147 3978 3801 4059">
    <p class='ocr_par' dir='ltr' id='par_1_87' title="bbox 2147 3978 3801 4059">
     <span class='ocr_line' id='line_1_87' title="bbox 2147 3978 3801 4059; baseline -0.007 -19"><span class='ocrx_word' id='word_1_612' title='bbox 2147 3983 2618 4049; x_wconf 85' lang='grc' dir='ltr'>διασκεδασθέντας</span> <span class='ocrx_word' id='word_1_613' title='bbox 2668 3985 2793 4046; x_wconf 79' lang='grc' dir='ltr'>τοὺς</span> <span class='ocrx_word' id='word_1_614' title='bbox 2844 3984 3287 4059; x_wconf 72' lang='grc' dir='ltr'>προνομεύοντας</span> <span class='ocrx_word' id='word_1_615' title='bbox 3344 3980 3535 4039; x_wconf 86' lang='grc' dir='ltr'>νυκτὸς</span> <span class='ocrx_word' id='word_1_616' title='bbox 3569 3978 3619 4031; x_wconf 74' lang='grc' dir='ltr'>οἱ</span> <span class='ocrx_word' id='word_1_617' title='bbox 3656 3983 3801 4051; x_wconf 84' lang='grc' dir='ltr'>Ταρ-</span> 
     </span>
    </p>
   </div>
   <div class='ocr_carea' id='block_1_88' title="bbox 2146 4064 3802 4145">
    <p class='ocr_par' dir='ltr' id='par_1_88' title="bbox 2146 4064 3802 4145">
     <span class='ocr_line' id='line_1_88' title="bbox 2146 4064 3802 4145; baseline -0.006 -17"><span class='ocrx_word' id='word_1_618' title='bbox 2146 4080 2255 4138; x_wconf 90' lang='grc' dir='ltr'>σεῖς</span> <span class='ocrx_word' id='word_1_619' title='bbox 2298 4072 2625 4145; x_wconf 77' lang='grc' dir='ltr'>ἐξελθόντες,</span> <span class='ocrx_word' id='word_1_620' title='bbox 2676 4074 2752 4135; x_wconf 87' lang='grc' dir='ltr'>ὡς</span> <span class='ocrx_word' id='word_1_621' title='bbox 2810 4070 2999 4145; x_wconf 76' lang='grc' dir='ltr'>μηδενὶ</span> <span class='ocrx_word' id='word_1_622' title='bbox 3064 4071 3403 4140; x_wconf 70' lang='grc' dir='ltr'>συναίσθησιν</span> <span class='ocrx_word' id='word_1_623' title='bbox 3453 4075 3553 4137; x_wconf 83' lang='grc' dir='ltr'>τῆς</span> <span class='ocrx_word' id='word_1_624' title='bbox 3610 4064 3802 4135; x_wconf 79' lang='grc' dir='ltr'>ἐξόδου</span> 
     </span>
    </p>
   </div>
   <div class='ocr_carea' id='block_1_89' title="bbox 2144 4153 3803 4239">
    <p class='ocr_par' dir='ltr' id='par_1_89' title="bbox 2144 4153 3803 4239">
     <span class='ocr_line' id='line_1_89' title="bbox 2144 4153 3803 4239; baseline -0.006 -22"><span class='ocrx_word' id='word_1_625' title='bbox 2144 4164 2570 4239; x_wconf 73' lang='grc' dir='ltr'>παρεσχηκέναι,</span> <span class='ocrx_word' id='word_1_626' title='bbox 2619 4161 2943 4226; x_wconf 80' lang='grc' dir='ltr'>ἐπιτίθενται</span> <span class='ocrx_word' id='word_1_627' title='bbox 2994 4158 3407 4235; x_wconf 67' lang='grc' dir='ltr'>διεσπαρμένοις</span> <span class='ocrx_word' id='word_1_628' title='bbox 3469 4157 3679 4215; x_wconf 81' lang='grc' dir='ltr'>αὐτοῖς.</span> <span class='ocrx_word' id='word_1_629' title='bbox 3709 4153 3803 4208; x_wconf 83' lang='grc' dir='ltr'>καὶ</span> 
     </span>
    </p>
   </div>
   <div class='ocr_carea' id='block_1_90' title="bbox 2146 4246 3806 4329">
    <p class='ocr_par' dir='ltr' id='par_1_90' title="bbox 2146 4246 3806 4329">
     <span class='ocr_line' id='line_1_90' title="bbox 2146 4246 3806 4329; baseline -0.006 -22"><span class='ocrx_word' id='word_1_630' title='bbox 2146 4252 2243 4307; x_wconf 77' lang='grc' dir='ltr'>οὐκ</span> <span class='ocrx_word' id='word_1_631' title='bbox 2291 4252 2510 4328; x_wconf 76' lang='grc' dir='ltr'>ὀλίγους</span> <span class='ocrx_word' id='word_1_632' title='bbox 2574 4250 2905 4329; x_wconf 66' lang='grc' dir='ltr'>διέφθειραν,</span> <span class='ocrx_word' id='word_1_633' title='bbox 2939 4249 2991 4304; x_wconf 81' lang='grc' dir='ltr'>έν</span> <span class='ocrx_word' id='word_1_634' title='bbox 3044 4252 3124 4311; x_wconf 80' lang='grc' dir='ltr'>οἷς</span> <span class='ocrx_word' id='word_1_635' title='bbox 3184 4249 3251 4317; x_wconf 74' lang='grc' dir='ltr'>ἦν</span> <span class='ocrx_word' id='word_1_636' title='bbox 3305 4246 3393 4302; x_wconf 81' lang='grc' dir='ltr'>καὶ</span> <span class='ocrx_word' id='word_1_637' title='bbox 3444 4247 3472 4301; x_wconf 78' lang='grc' dir='ltr'>ὁ</span> <span class='ocrx_word' id='word_1_638' title='bbox 3518 4250 3806 4314; x_wconf 81' lang='grc' dir='ltr'>Μοναστη-</span> 
     </span>
    </p>
   </div>
   <div class='ocr_carea' id='block_1_91' title="bbox 2147 4332 3803 4417">
    <p class='ocr_par' dir='ltr' id='par_1_91' title="bbox 2147 4332 3803 4417">
     <span class='ocr_line' id='line_1_91' title="bbox 2147 4332 3803 4417; baseline -0.008 -20"><span class='ocrx_word' id='word_1_639' title='bbox 2147 4341 2349 4417; x_wconf 86' lang='grc' dir='ltr'>ριώτης</span> <span class='ocrx_word' id='word_1_640' title='bbox 2410 4342 2723 4411; x_wconf 75' lang='grc' dir='ltr'>αὐτός.Τήν</span> <span class='ocrx_word' id='word_1_641' title='bbox 2773 4338 2830 4394; x_wconf 76' lang='grc' dir='ltr'>δὲ</span> <span class='ocrx_word' id='word_1_642' title='bbox 2879 4347 2981 4409; x_wconf 81' lang='grc' dir='ltr'>τῆς</span> <span class='ocrx_word' id='word_1_643' title='bbox 3028 4339 3222 4411; x_wconf 79' lang='grc' dir='ltr'>Μόψου</span> <span class='ocrx_word' id='word_1_644' title='bbox 3282 4336 3456 4396; x_wconf 71' lang='grc' dir='ltr'>ἱστίας</span> <span class='ocrx_word' id='word_1_645' title='bbox 3510 4333 3717 4388; x_wconf 80' lang='grc' dir='ltr'>ἅλωσιν</span> <span class='ocrx_word' id='word_1_646' title='bbox 3749 4332 3803 4385; x_wconf 76' lang='grc' dir='ltr'>οἱ</span> 
     </span>
    </p>
   </div>
   <div class='ocr_carea' id='block_1_92' title="bbox 2142 4420 3801 4507">
    <p class='ocr_par' dir='ltr' id='par_1_92' title="bbox 2142 4420 3801 4507">
     <span class='ocr_line' id='line_1_92' title="bbox 2142 4420 3801 4507; baseline -0.006 -23"><span class='ocrx_word' id='word_1_647' title='bbox 2142 4437 2367 4505; x_wconf 86' lang='grc' dir='ltr'>Ταρσεῖς</span> <span class='ocrx_word' id='word_1_648' title='bbox 2416 4430 2730 4507; x_wconf 80' lang='grc' dir='ltr'>ἐγνωκότες,</span> <span class='ocrx_word' id='word_1_649' title='bbox 2782 4430 3095 4501; x_wconf 86' lang='grc' dir='ltr'>πιεζόμενοι</span> <span class='ocrx_word' id='word_1_650' title='bbox 3142 4425 3198 4481; x_wconf 73' lang='grc' dir='ltr'>δὲ</span> <span class='ocrx_word' id='word_1_651' title='bbox 3252 4429 3321 4499; x_wconf 79' lang='grc' dir='ltr'>τῇ</span> <span class='ocrx_word' id='word_1_652' title='bbox 3361 4422 3659 4498; x_wconf 80' lang='grc' dir='ltr'>πολιορκίᾳ</span> <span class='ocrx_word' id='word_1_653' title='bbox 3707 4420 3801 4475; x_wconf 74' lang='grc' dir='ltr'>καὶ</span> 
     </span>
    </p>
   </div>
   <div class='ocr_carea' id='block_1_93' title="bbox 2142 4511 3803 4595">
    <p class='ocr_par' dir='ltr' id='par_1_93' title="bbox 2142 4511 3803 4595">
     <span class='ocr_line' id='line_1_93' title="bbox 2142 4511 3803 4595; baseline -0.007 -20"><span class='ocrx_word' id='word_1_654' title='bbox 2142 4525 2224 4592; x_wconf 78' lang='grc' dir='ltr'>τῷ</span> <span class='ocrx_word' id='word_1_655' title='bbox 2282 4518 2453 4593; x_wconf 77' lang='grc' dir='ltr'>λιμῷ,</span> <span class='ocrx_word' id='word_1_656' title='bbox 2488 4515 2967 4595; x_wconf 81' lang='grc' dir='ltr'>διεπρεσϐεύσαντο</span> <span class='ocrx_word' id='word_1_657' title='bbox 3016 4516 3150 4593; x_wconf 88' lang='grc' dir='ltr'>πρὸς</span> <span class='ocrx_word' id='word_1_658' title='bbox 3206 4516 3293 4569; x_wconf 84' lang='grc' dir='ltr'>τὸν</span> <span class='ocrx_word' id='word_1_659' title='bbox 3354 4512 3575 4578; x_wconf 88' lang='grc' dir='ltr'>Λέοντα,</span> <span class='ocrx_word' id='word_1_660' title='bbox 3608 4511 3803 4565; x_wconf 79' lang='grc' dir='ltr'>ἐπικα-</span> 
     </span>
    </p>
   </div>
   <div class='ocr_carea' id='block_1_94' title="bbox 2146 4603 3803 4683">
    <p class='ocr_par' dir='ltr' id='par_1_94' title="bbox 2146 4603 3803 4683">
     <span class='ocr_line' id='line_1_94' title="bbox 2146 4603 3803 4683; baseline -0.006 -20"><span class='ocrx_word' id='word_1_661' title='bbox 2146 4607 2407 4681; x_wconf 76' lang='grc' dir='ltr'>λούμενοι</span> <span class='ocrx_word' id='word_1_662' title='bbox 2454 4609 2543 4662; x_wconf 86' lang='grc' dir='ltr'>τὸν</span> <span class='ocrx_word' id='word_1_663' title='bbox 2612 4606 2839 4683; x_wconf 87' lang='grc' dir='ltr'>βασιλέα</span> <span class='ocrx_word' id='word_1_664' title='bbox 2890 4607 2977 4661; x_wconf 83' lang='grc' dir='ltr'>καὶ</span> <span class='ocrx_word' id='word_1_665' title='bbox 3027 4604 3383 4680; x_wconf 71' lang='grc' dir='ltr'>λιπαροῦντες</span> <span class='ocrx_word' id='word_1_666' title='bbox 3426 4603 3646 4662; x_wconf 79' lang='grc' dir='ltr'>ἀπαθεῖς</span> <span class='ocrx_word' id='word_1_667' title='bbox 3706 4621 3803 4653; x_wconf 88' lang='grc' dir='ltr'>κα-</span> 
     </span>
    </p>
   </div>
   <div class='ocr_carea' id='block_1_95' title="bbox 2147 4687 3802 4775">
    <p class='ocr_par' dir='ltr' id='par_1_95' title="bbox 2147 4687 3802 4775">
     <span class='ocr_line' id='line_1_95' title="bbox 2147 4687 3802 4775; baseline -0.005 -24"><span class='ocrx_word' id='word_1_668' title='bbox 2147 4702 2253 4752; x_wconf 73' lang='grc' dir='ltr'>κῶν</span> <span class='ocrx_word' id='word_1_669' title='bbox 2313 4696 2666 4775; x_wconf 78' lang='grc' dir='ltr'>φυλαχθῆναι</span> <span class='ocrx_word' id='word_1_670' title='bbox 2739 4698 2827 4751; x_wconf 80' lang='grc' dir='ltr'>καὶ</span> <span class='ocrx_word' id='word_1_671' title='bbox 2899 4698 2997 4765; x_wconf 75' lang='grc' dir='ltr'>τήν</span> <span class='ocrx_word' id='word_1_672' title='bbox 3073 4696 3274 4749; x_wconf 76' lang='grc' dir='ltr'>ἑαυτῶν</span> <span class='ocrx_word' id='word_1_673' title='bbox 3351 4687 3802 4767; x_wconf 79' lang='grc' dir='ltr'>παραδεδωκέναι</span> 
     </span>
    </p>
   </div>
   <div class='ocr_carea' id='block_1_96' title="bbox 390 4779 2033 4862">
    <p class='ocr_par' dir='ltr' id='par_1_96' title="bbox 390 4784 2033 4858">
     <span class='ocr_line' id='line_1_96' title="bbox 390 4784 2033 4858; baseline 0.004 -23"><span class='ocrx_word' id='word_1_674' title='bbox 390 4798 521 4836; x_wconf 90' lang='lat' dir='ltr'>nem</span> <span class='ocrx_word' id='word_1_675' title='bbox 555 4784 740 4839; x_wconf 87' lang='lat' dir='ltr'>facere</span> <span class='ocrx_word' id='word_1_676' title='bbox 772 4786 841 4839; x_wconf 91' lang='lat' dir='ltr'>ab</span> <span class='ocrx_word' id='word_1_677' title='bbox 878 4785 948 4840; x_wconf 91' lang='lat' dir='ltr'>iis</span> <span class='ocrx_word' id='word_1_678' title='bbox 972 4786 1261 4841; x_wconf 90' lang='lat' dir='ltr'>militibus</span> <span class='ocrx_word' id='word_1_679' title='bbox 1282 4787 1500 4858; x_wconf 92' lang='lat' dir='ltr'>quibus</span> <span class='ocrx_word' id='word_1_680' title='bbox 1526 4792 1646 4842; x_wconf 87' lang='lat' dir='ltr'>erat</span> <span class='ocrx_word' id='word_1_681' title='bbox 1680 4788 1752 4842; x_wconf 84' lang='lat' dir='ltr'>ab</span> <span class='ocrx_word' id='word_1_682' title='bbox 1788 4788 2033 4858; x_wconf 88' lang='lat' dir='ltr'>impera-</span> 
     </span>
    </p>
   </div>
   <div class='ocr_carea' id='block_1_97' title="bbox 2145 4779 3803 4862">
    <p class='ocr_par' dir='ltr' id='par_1_97' title="bbox 2145 4779 3803 4862">
     <span class='ocr_line' id='line_1_97' title="bbox 2145 4779 3803 4862; baseline -0.005 -21"><span class='ocrx_word' id='word_1_683' title='bbox 2145 4784 2330 4842; x_wconf 81' lang='grc' dir='ltr'>πόλιν.</span> <span class='ocrx_word' id='word_1_684' title='bbox 2360 4788 2420 4843; x_wconf 90' lang='grc' dir='ltr'>Ὁ</span> <span class='ocrx_word' id='word_1_685' title='bbox 2478 4783 2536 4840; x_wconf 74' lang='grc' dir='ltr'>δὲ</span> <span class='ocrx_word' id='word_1_686' title='bbox 2595 4786 2757 4862; x_wconf 75' lang='grc' dir='ltr'>ῥητόν</span> <span class='ocrx_word' id='word_1_687' title='bbox 2816 4805 2867 4840; x_wconf 93' lang='grc' dir='ltr'>τι</span> <span class='ocrx_word' id='word_1_688' title='bbox 2924 4784 3146 4861; x_wconf 74' lang='grc' dir='ltr'>φορτίον</span> <span class='ocrx_word' id='word_1_689' title='bbox 3191 4780 3414 4837; x_wconf 72' lang='grc' dir='ltr'>ἕκαστον</span> <span class='ocrx_word' id='word_1_690' title='bbox 3462 4780 3612 4857; x_wconf 72' lang='grc' dir='ltr'>ἀφεὶς</span> <span class='ocrx_word' id='word_1_691' title='bbox 3663 4779 3803 4833; x_wconf 87' lang='grc' dir='ltr'>ἀπο-</span> 
     </span>
    </p>
   </div>
   <div class='ocr_carea' id='block_1_98' title="bbox 385 4874 2034 4948">
    <p class='ocr_par' dir='ltr' id='par_1_98' title="bbox 385 4874 2034 4948">
     <span class='ocr_line' id='line_1_98' title="bbox 385 4874 2034 4948; baseline 0.002 -21"><span class='ocrx_word' id='word_1_692' title='bbox 385 4878 509 4928; x_wconf 91' lang='lat' dir='ltr'>tore</span> <span class='ocrx_word' id='word_1_693' title='bbox 543 4874 839 4930; x_wconf 87' lang='lat' dir='ltr'>maritima</span> <span class='ocrx_word' id='word_1_694' title='bbox 871 4875 1138 4931; x_wconf 86' lang='lat' dir='ltr'>custodia</span> <span class='ocrx_word' id='word_1_695' title='bbox 1184 4876 1539 4943; x_wconf 84' lang='lat' dir='ltr'>commissa;</span> <span class='ocrx_word' id='word_1_696' title='bbox 1589 4893 1845 4948; x_wconf 91' lang='lat' dir='ltr'>cumque</span> <span class='ocrx_word' id='word_1_697' title='bbox 1887 4876 2034 4931; x_wconf 91' lang='lat' dir='ltr'>nihil</span> 
     </span>
    </p>
   </div>
   <div class='ocr_carea' id='block_1_99' title="bbox 386 4964 2038 5040">
    <p class='ocr_par' dir='ltr' id='par_1_99' title="bbox 386 4964 2038 5040">
     <span class='ocr_line' id='line_1_99' title="bbox 386 4964 2038 5040; baseline 0.004 -23"><span class='ocrx_word' id='word_1_698' title='bbox 386 4980 556 5034; x_wconf 85' lang='lat' dir='ltr'>agere</span> <span class='ocrx_word' id='word_1_699' title='bbox 578 4964 1704 5038; x_wconf 80' lang='lat' dir='ltr'>potuissent,redierunt,inquemaxime</span> <span class='ocrx_word' id='word_1_700' title='bbox 1730 4968 2038 5040; x_wconf 82' lang='lat' dir='ltr'>naufragia</span> 
     </span>
    </p>
   </div>
   <div class='ocr_carea' id='block_1_100' title="bbox 388 5054 2038 5127">
    <p class='ocr_par' dir='ltr' id='par_1_100' title="bbox 388 5054 2038 5127">
     <span class='ocr_line' id='line_1_100' title="bbox 388 5054 2038 5127; baseline 0.002 -19"><span class='ocrx_word' id='word_1_701' title='bbox 388 5054 460 5108; x_wconf 87' lang='lat' dir='ltr'>ob</span> <span class='ocrx_word' id='word_1_702' title='bbox 491 5059 799 5111; x_wconf 89' lang='lat' dir='ltr'>ventorum</span> <span class='ocrx_word' id='word_1_703' title='bbox 832 5055 946 5110; x_wconf 86' lang='lat' dir='ltr'>vim</span> <span class='ocrx_word' id='word_1_704' title='bbox 979 5055 1311 5111; x_wconf 90' lang='lat' dir='ltr'>inciderunt</span> <span class='ocrx_word' id='word_1_705' title='bbox 1333 5061 1389 5112; x_wconf 92' lang='lat' dir='ltr'>et</span> <span class='ocrx_word' id='word_1_706' title='bbox 1421 5056 1707 5127; x_wconf 90' lang='lat' dir='ltr'>impetum</span> <span class='ocrx_word' id='word_1_707' title='bbox 1735 5056 2038 5112; x_wconf 89' lang='lat' dir='ltr'>bellicosa-</span> 
     </span>
    </p>
   </div>
   <div class='ocr_carea' id='block_1_101' title="bbox 388 5142 2036 5218">
    <p class='ocr_par' dir='ltr' id='par_1_101' title="bbox 388 5142 2036 5218">
     <span class='ocr_line' id='line_1_101' title="bbox 388 5142 2036 5218; baseline 0.003 -23"><span class='ocrx_word' id='word_1_708' title='bbox 388 5158 518 5197; x_wconf 88' lang='lat' dir='ltr'>rum</span> <span class='ocrx_word' id='word_1_709' title='bbox 554 5142 925 5214; x_wconf 89' lang='lat' dir='ltr'>imperatoris</span> <span class='ocrx_word' id='word_1_710' title='bbox 958 5145 1487 5201; x_wconf 87' lang='lat' dir='ltr'>navium.1ncensis</span> <span class='ocrx_word' id='word_1_711' title='bbox 1510 5146 1690 5218; x_wconf 87' lang='lat' dir='ltr'>igitur</span> <span class='ocrx_word' id='word_1_712' title='bbox 1720 5152 1777 5201; x_wconf 92' lang='lat' dir='ltr'>et</span> <span class='ocrx_word' id='word_1_713' title='bbox 1796 5147 2036 5202; x_wconf 88' lang='lat' dir='ltr'>combu-</span> 
     </span>
    </p>
   </div>
   <div class='ocr_carea' id='block_1_102' title="bbox 386 5230 2035 5304">
    <p class='ocr_par' dir='ltr' id='par_1_102' title="bbox 386 5230 2035 5304">
     <span class='ocr_line' id='line_1_102' title="bbox 386 5230 2035 5304; baseline 0.001 -17"><span class='ocrx_word' id='word_1_714' title='bbox 386 5230 494 5287; x_wconf 84' lang='lat' dir='ltr'>stis</span> <span class='ocrx_word' id='word_1_715' title='bbox 528 5231 768 5304; x_wconf 90' lang='lat' dir='ltr'>reliquis</span> <span class='ocrx_word' id='word_1_716' title='bbox 800 5233 1009 5289; x_wconf 79' lang='lat' dir='ltr'>Cilicies</span> <span class='ocrx_word' id='word_1_717' title='bbox 1042 5233 1313 5302; x_wconf 90' lang='lat' dir='ltr'>urbibus,</span> <span class='ocrx_word' id='word_1_718' title='bbox 1344 5234 1577 5290; x_wconf 91' lang='lat' dir='ltr'>Octobri</span> <span class='ocrx_word' id='word_1_719' title='bbox 1610 5252 1835 5302; x_wconf 89' lang='lat' dir='ltr'>mense,</span> <span class='ocrx_word' id='word_1_720' title='bbox 1881 5235 2035 5288; x_wconf 88' lang='lat' dir='ltr'>indi-</span> 
     </span>
    </p>
   </div>
   <div class='ocr_carea' id='block_1_103' title="bbox 387 5321 2037 5394">
    <p class='ocr_par' dir='ltr' id='par_1_103' title="bbox 387 5321 2037 5394">
     <span class='ocr_line' id='line_1_103' title="bbox 387 5321 2037 5394; baseline 0.001 -19"><span class='ocrx_word' id='word_1_721' title='bbox 387 5321 579 5376; x_wconf 90' lang='lat' dir='ltr'>ctione</span> <span class='ocrx_word' id='word_1_722' title='bbox 614 5339 790 5393; x_wconf 88' lang='lat' dir='ltr'>nona,</span> <span class='ocrx_word' id='word_1_723' title='bbox 819 5322 1022 5394; x_wconf 91' lang='lat' dir='ltr'>Cpolin</span> <span class='ocrx_word' id='word_1_724' title='bbox 1077 5324 1275 5392; x_wconf 88' lang='lat' dir='ltr'>rediit,</span> <span class='ocrx_word' id='word_1_725' title='bbox 1303 5339 1500 5378; x_wconf 88' lang='lat' dir='ltr'>secum</span> <span class='ocrx_word' id='word_1_726' title='bbox 1536 5324 1833 5378; x_wconf 91' lang='lat' dir='ltr'>adducens</span> <span class='ocrx_word' id='word_1_727' title='bbox 1870 5322 2037 5378; x_wconf 89' lang='lat' dir='ltr'>Tarsi</span> 
     </span>
    </p>
   </div>
   <div class='ocr_carea' id='block_1_104' title="bbox 387 5411 2035 5483">
    <p class='ocr_par' dir='ltr' id='par_1_104' title="bbox 387 5411 2035 5483">
     <span class='ocr_line' id='line_1_104' title="bbox 387 5411 2035 5483; baseline 0.003 -19"><span class='ocrx_word' id='word_1_728' title='bbox 387 5415 589 5481; x_wconf 88' lang='lat' dir='ltr'>portas</span> <span class='ocrx_word' id='word_1_729' title='bbox 604 5411 1220 5483; x_wconf 73' lang='lat' dir='ltr'>etMopsuestiae,quas</span> <span class='ocrx_word' id='word_1_730' title='bbox 1233 5428 1366 5467; x_wconf 92' lang='lat' dir='ltr'>cum</span> <span class='ocrx_word' id='word_1_731' title='bbox 1384 5411 1746 5469; x_wconf 84' lang='lat' dir='ltr'>extrinsecus</span> <span class='ocrx_word' id='word_1_732' title='bbox 1760 5428 1900 5468; x_wconf 90' lang='lat' dir='ltr'>auro</span> <span class='ocrx_word' id='word_1_733' title='bbox 1914 5412 2035 5469; x_wconf 90' lang='lat' dir='ltr'>dis-</span> 
     </span>
    </p>
   </div>
   <div class='ocr_carea' id='block_1_105' title="bbox 2146 4868 3805 4953">
    <p class='ocr_par' dir='ltr' id='par_1_105' title="bbox 2146 4868 3805 4953">
     <span class='ocr_line' id='line_1_105' title="bbox 2146 4868 3805 4953; baseline -0.006 -23"><span class='ocrx_word' id='word_1_734' title='bbox 2146 4876 2423 4953; x_wconf 66' lang='grc' dir='ltr'>φέρεσθαι,</span> <span class='ocrx_word' id='word_1_735' title='bbox 2475 4875 2565 4929; x_wconf 85' lang='grc' dir='ltr'>τὸν</span> <span class='ocrx_word' id='word_1_736' title='bbox 2631 4872 2803 4930; x_wconf 71' lang='grc' dir='ltr'>ἄλλον</span> <span class='ocrx_word' id='word_1_737' title='bbox 2862 4874 3068 4927; x_wconf 73' lang='grc' dir='ltr'>ἅπαντα</span> <span class='ocrx_word' id='word_1_738' title='bbox 3124 4871 3361 4927; x_wconf 71' lang='grc' dir='ltr'>πλοῦτον</span> <span class='ocrx_word' id='word_1_739' title='bbox 3421 4868 3649 4943; x_wconf 76' lang='grc' dir='ltr'>κατέαγε</span> <span class='ocrx_word' id='word_1_740' title='bbox 3695 4871 3805 4935; x_wconf 67' lang='grc' dir='ltr'>τῆς</span> 
     </span>
    </p>
   </div>
   <div class='ocr_carea' id='block_1_106' title="bbox 2146 4956 3809 5039">
    <p class='ocr_par' dir='ltr' id='par_1_106' title="bbox 2146 4956 3809 5039">
     <span class='ocr_line' id='line_1_106' title="bbox 2146 4956 3809 5039; baseline -0.005 -20"><span class='ocrx_word' id='word_1_741' title='bbox 2146 4964 2385 5027; x_wconf 88' lang='grc' dir='ltr'>πόλεως.</span> <span class='ocrx_word' id='word_1_742' title='bbox 2412 4964 2563 5021; x_wconf 83' lang='grc' dir='ltr'>Μετά</span> <span class='ocrx_word' id='word_1_743' title='bbox 2593 4962 2650 5019; x_wconf 78' lang='grc' dir='ltr'>δὶ</span> <span class='ocrx_word' id='word_1_744' title='bbox 2678 4968 2823 5039; x_wconf 86' lang='grc' dir='ltr'>τρεῖς</span> <span class='ocrx_word' id='word_1_745' title='bbox 2854 4963 3063 5035; x_wconf 78' lang='grc' dir='ltr'>ἡμέρας</span> <span class='ocrx_word' id='word_1_746' title='bbox 3092 4965 3189 5016; x_wconf 78' lang='grc' dir='ltr'>τοῦ</span> <span class='ocrx_word' id='word_1_747' title='bbox 3232 4962 3334 5031; x_wconf 73' lang='grc' dir='ltr'>τὴν</span> <span class='ocrx_word' id='word_1_748' title='bbox 3381 4957 3543 5015; x_wconf 87' lang='grc' dir='ltr'>πόλιν</span> <span class='ocrx_word' id='word_1_749' title='bbox 3588 4956 3809 5012; x_wconf 84' lang='grc' dir='ltr'>ἁλῶναι</span> 
     </span>
    </p>
   </div>
   <div class='ocr_carea' id='block_1_107' title="bbox 2148 5049 3810 5127">
    <p class='ocr_par' dir='ltr' id='par_1_107' title="bbox 2148 5049 3810 5127">
     <span class='ocr_line' id='line_1_107' title="bbox 2148 5049 3810 5127; baseline -0.006 -18"><span class='ocrx_word' id='word_1_750' title='bbox 2148 5052 2343 5116; x_wconf 86' lang='grc' dir='ltr'>στόλος</span> <span class='ocrx_word' id='word_1_751' title='bbox 2396 5054 2649 5127; x_wconf 69' lang='grc' dir='ltr'>μέγιστος</span> <span class='ocrx_word' id='word_1_752' title='bbox 2694 5051 2744 5122; x_wconf 72' lang='grc' dir='ltr'>ἐξ</span> <span class='ocrx_word' id='word_1_753' title='bbox 2803 5050 3086 5125; x_wconf 74' lang='grc' dir='ltr'>Αἰγύπτου</span> <span class='ocrx_word' id='word_1_754' title='bbox 3138 5051 3428 5127; x_wconf 76' lang='grc' dir='ltr'>βοηθήσων</span> <span class='ocrx_word' id='word_1_755' title='bbox 3477 5051 3545 5121; x_wconf 80' lang='grc' dir='ltr'>τῇ</span> <span class='ocrx_word' id='word_1_756' title='bbox 3599 5049 3810 5121; x_wconf 84' lang='grc' dir='ltr'>Ταρσῷ</span> 
     </span>
    </p>
   </div>
   <div class='ocr_carea' id='block_1_108' title="bbox 2147 5132 3807 5220">
    <p class='ocr_par' dir='ltr' id='par_1_108' title="bbox 2147 5132 3807 5220">
     <span class='ocr_line' id='line_1_108' title="bbox 2147 5132 3807 5220; baseline -0.005 -23"><span class='ocrx_word' id='word_1_757' title='bbox 2147 5145 2498 5220; x_wconf 81' lang='grc' dir='ltr'>παρεγένετο,</span> <span class='ocrx_word' id='word_1_758' title='bbox 2544 5141 2769 5217; x_wconf 81' lang='grc' dir='ltr'>πλήρης</span> <span class='ocrx_word' id='word_1_759' title='bbox 2818 5139 3076 5216; x_wconf 83' lang='grc' dir='ltr'>ὑπάρχων</span> <span class='ocrx_word' id='word_1_760' title='bbox 3126 5141 3277 5194; x_wconf 87' lang='grc' dir='ltr'>σίτου</span> <span class='ocrx_word' id='word_1_761' title='bbox 3318 5138 3406 5193; x_wconf 86' lang='grc' dir='ltr'>καὶ</span> <span class='ocrx_word' id='word_1_762' title='bbox 3450 5142 3557 5192; x_wconf 89' lang='grc' dir='ltr'>τῶν</span> <span class='ocrx_word' id='word_1_763' title='bbox 3609 5132 3807 5191; x_wconf 75' lang='grc' dir='ltr'>ἄλλων</span> 
     </span>
    </p>
   </div>
   <div class='ocr_carea' id='block_1_109' title="bbox 2146 5223 3810 5308">
    <p class='ocr_par' dir='ltr' id='par_1_109' title="bbox 2146 5223 3810 5308">
     <span class='ocr_line' id='line_1_109' title="bbox 2146 5223 3810 5308; baseline -0.004 -22"><span class='ocrx_word' id='word_1_764' title='bbox 2146 5236 2253 5286; x_wconf 88' lang='grc' dir='ltr'>τῶν</span> <span class='ocrx_word' id='word_1_765' title='bbox 2287 5232 2422 5308; x_wconf 87' lang='grc' dir='ltr'>πρὸς</span> <span class='ocrx_word' id='word_1_766' title='bbox 2452 5231 2512 5285; x_wconf 87' lang='grc' dir='ltr'>τὸ</span> <span class='ocrx_word' id='word_1_767' title='bbox 2546 5234 2639 5304; x_wconf 81' lang='grc' dir='ltr'>ζῇν</span> <span class='ocrx_word' id='word_1_768' title='bbox 2670 5230 3002 5304; x_wconf 82' lang='grc' dir='ltr'>ἀναγκαίων.</span> <span class='ocrx_word' id='word_1_769' title='bbox 3036 5230 3116 5287; x_wconf 81' lang='grc' dir='ltr'>Οὐ</span> <span class='ocrx_word' id='word_1_770' title='bbox 3150 5228 3508 5304; x_wconf 75' lang='grc' dir='ltr'>συνεχωρήθη</span> <span class='ocrx_word' id='word_1_771' title='bbox 3543 5223 3600 5280; x_wconf 72' lang='grc' dir='ltr'>δὲ</span> <span class='ocrx_word' id='word_1_772' title='bbox 3628 5245 3810 5301; x_wconf 81' lang='grc' dir='ltr'>προσ-</span> 
     </span>
    </p>
   </div>
   <div class='ocr_carea' id='block_1_110' title="bbox 2146 5314 3809 5395">
    <p class='ocr_par' dir='ltr' id='par_1_110' title="bbox 2146 5314 3809 5395">
     <span class='ocr_line' id='line_1_110' title="bbox 2146 5314 3809 5395; baseline -0.004 -21"><span class='ocrx_word' id='word_1_773' title='bbox 2146 5326 2302 5395; x_wconf 85' lang='grc' dir='ltr'>σχεῖν</span> <span class='ocrx_word' id='word_1_774' title='bbox 2332 5324 2401 5394; x_wconf 79' lang='grc' dir='ltr'>τῇ</span> <span class='ocrx_word' id='word_1_775' title='bbox 2435 5323 2504 5393; x_wconf 82' lang='grc' dir='ltr'>γῇ</span> <span class='ocrx_word' id='word_1_776' title='bbox 2538 5317 2650 5374; x_wconf 82' lang='grc' dir='ltr'>οὐδ’</span> <span class='ocrx_word' id='word_1_777' title='bbox 2684 5314 2955 5390; x_wconf 79' lang='grc' dir='ltr'>ἀποϐῆναι</span> <span class='ocrx_word' id='word_1_778' title='bbox 2990 5318 3136 5395; x_wconf 81' lang='grc' dir='ltr'>παρὰ</span> <span class='ocrx_word' id='word_1_779' title='bbox 3188 5321 3295 5373; x_wconf 91' lang='grc' dir='ltr'>τῶν</span> <span class='ocrx_word' id='word_1_780' title='bbox 3350 5316 3449 5371; x_wconf 82' lang='grc' dir='ltr'>ὑπὸ</span> <span class='ocrx_word' id='word_1_781' title='bbox 3491 5321 3586 5371; x_wconf 80' lang='grc' dir='ltr'>τοῦ</span> <span class='ocrx_word' id='word_1_782' title='bbox 3642 5316 3809 5391; x_wconf 71' lang='grc' dir='ltr'>βατι-</span> 
     </span>
    </p>
   </div>
   <div class='ocr_carea' id='block_1_111' title="bbox 2149 5405 3807 5485">
    <p class='ocr_par' dir='ltr' id='par_1_111' title="bbox 2149 5405 3807 5485">
     <span class='ocr_line' id='line_1_111' title="bbox 2149 5405 3807 5485; baseline -0.001 -20"><span class='ocrx_word' id='word_1_783' title='bbox 2149 5408 2291 5473; x_wconf 85' lang='grc' dir='ltr'>λέως</span> <span class='ocrx_word' id='word_1_784' title='bbox 2322 5408 2632 5485; x_wconf 75' lang='grc' dir='ltr'>ταχθέντων</span> <span class='ocrx_word' id='word_1_785' title='bbox 2691 5411 2791 5479; x_wconf 77' lang='grc' dir='ltr'>τὴν</span> <span class='ocrx_word' id='word_1_786' title='bbox 2849 5405 3123 5485; x_wconf 85' lang='grc' dir='ltr'>παραλίαν</span> <span class='ocrx_word' id='word_1_787' title='bbox 3181 5412 3365 5481; x_wconf 84' lang='grc' dir='ltr'>τηρεῖν</span> <span class='ocrx_word' id='word_1_788' title='bbox 3427 5409 3807 5480; x_wconf 80' lang='grc' dir='ltr'>στρατιωτῶν.</span> 
     </span>
    </p>
   </div>
   <div class='ocr_carea' id='block_1_112' title="bbox 1566 5540 2598 5598">
    <p class='ocr_par' dir='ltr' id='par_1_112' title="bbox 1566 5540 2598 5598">
     <span class='ocr_line' id='line_1_112' title="bbox 1566 5540 2598 5598; baseline 0.001 -1"><span class='ocrx_word' id='word_1_789' title='bbox 1566 5541 1813 5597; x_wconf 83' lang='lat' dir='ltr'><strong>XYLAN</strong></span> <span class='ocrx_word' id='word_1_790' title='bbox 1824 5542 1938 5597; x_wconf 80' lang='lat' dir='ltr'>DRI</span> <span class='ocrx_word' id='word_1_791' title='bbox 1979 5542 2067 5596; x_wconf 89' lang='lat' dir='ltr'>ET</span> <span class='ocrx_word' id='word_1_792' title='bbox 2082 5568 2089 5575; x_wconf 86' lang='grc'><strong>·</strong></span> <span class='ocrx_word' id='word_1_793' title='bbox 2104 5540 2325 5597; x_wconf 82' lang='lat' dir='ltr'>GOARI</span> <span class='ocrx_word' id='word_1_794' title='bbox 2365 5540 2598 5598; x_wconf 73' lang='lat' dir='ltr'>NOT/E.</span> 
     </span>
    </p>
   </div>
   <div class='ocr_carea' id='block_1_113' title="bbox 460 5636 2027 5715">
    <p class='ocr_par' dir='ltr' id='par_1_113' title="bbox 460 5636 2027 5715">
     <span class='ocr_line' id='line_1_113' title="bbox 460 5636 2027 5715; baseline -0.003 -20"><span class='ocrx_word' id='word_1_795' title='bbox 460 5639 571 5711; x_wconf 81' lang='grc'>(14)</span> <span class='ocrx_word' id='word_1_796' title='bbox 604 5639 1061 5715; x_wconf 15' lang='grc' dir='ltr'>Βθβυοιίῐοιιὶιο.</span> <span class='ocrx_word' id='word_1_797' title='bbox 1098 5640 1396 5715; x_wconf 64' lang='lat' dir='ltr'>Librarius</span> <span class='ocrx_word' id='word_1_798' title='bbox 1429 5657 1442 5696; x_wconf 86' lang='lat'><strong>:</strong></span> <span class='ocrx_word' id='word_1_799' title='bbox 1474 5637 1661 5694; x_wconf 83' lang='grc' dir='ltr'>Λείπει</span> <span class='ocrx_word' id='word_1_800' title='bbox 1689 5636 1747 5692; x_wconf 71' lang='grc' dir='ltr'>’έν</span> <span class='ocrx_word' id='word_1_801' title='bbox 1792 5636 2027 5715; x_wconf 81' lang='grc' dir='ltr'>φύλλον,</span> 
     </span>
    </p>
   </div>
   <div class='ocr_carea' id='block_1_114' title="bbox 390 5708 2035 5785">
    <p class='ocr_par' dir='ltr' id='par_1_114' title="bbox 390 5708 2035 5785">
     <span class='ocr_line' id='line_1_114' title="bbox 390 5708 2035 5785; baseline 0.002 -21"><span class='ocrx_word' id='word_1_802' title='bbox 390 5708 531 5766; x_wconf 67' lang='grc' dir='ltr'>οὕτω</span> <span class='ocrx_word' id='word_1_803' title='bbox 556 5708 650 5765; x_wconf 69' lang='grc' dir='ltr'>καὶ</span> <span class='ocrx_word' id='word_1_804' title='bbox 682 5710 739 5765; x_wconf 80' lang='grc' dir='ltr'>έκ</span> <span class='ocrx_word' id='word_1_805' title='bbox 765 5714 862 5765; x_wconf 72' lang='grc' dir='ltr'>τοῦ</span> <span class='ocrx_word' id='word_1_806' title='bbox 893 5709 1247 5785; x_wconf 78' lang='grc' dir='ltr'>ἀντιγράφου.</span> <span class='ocrx_word' id='word_1_807' title='bbox 1307 5712 1557 5768; x_wconf 83' lang='lat' dir='ltr'>Possunt</span> <span class='ocrx_word' id='word_1_808' title='bbox 1612 5728 1681 5768; x_wconf 90' lang='lat' dir='ltr'>ea</span> <span class='ocrx_word' id='word_1_809' title='bbox 1732 5708 2035 5784; x_wconf 75' lang='lat' dir='ltr'>utcunque</span> 
     </span>
    </p>
   </div>
   <div class='ocr_carea' id='block_1_115' title="bbox 2143 5633 3808 5713">
    <p class='ocr_par' dir='ltr' id='par_1_115' title="bbox 2143 5633 3808 5713">
     <span class='ocr_line' id='line_1_115' title="bbox 2143 5633 3808 5713; baseline -0.002 -18"><span class='ocrx_word' id='word_1_810' title='bbox 2143 5656 2213 5695; x_wconf 88' lang='lat' dir='ltr'>ex</span> <span class='ocrx_word' id='word_1_811' title='bbox 2242 5641 2463 5713; x_wconf 85' lang='lat' dir='ltr'>Zonara</span> <span class='ocrx_word' id='word_1_812' title='bbox 2491 5640 2675 5713; x_wconf 85' lang='lat' dir='ltr'>repeti</span> <span class='ocrx_word' id='word_1_813' title='bbox 2710 5657 2722 5696; x_wconf 92' lang='lat'>:</span> <span class='ocrx_word' id='word_1_814' title='bbox 2758 5656 2894 5713; x_wconf 87' lang='lat' dir='ltr'>nam</span> <span class='ocrx_word' id='word_1_815' title='bbox 2918 5636 3135 5713; x_wconf 80' lang='lat' dir='ltr'>alioqui</span> <span class='ocrx_word' id='word_1_816' title='bbox 3160 5636 3368 5713; x_wconf 71' lang='lat' dir='ltr'>Noster</span> <span class='ocrx_word' id='word_1_817' title='bbox 3389 5641 3481 5713; x_wconf 73' lang='lat' dir='ltr'>est</span> <span class='ocrx_word' id='word_1_818' title='bbox 3511 5636 3567 5690; x_wconf 87' lang='lat' dir='ltr'>in</span> <span class='ocrx_word' id='word_1_819' title='bbox 3592 5633 3808 5713; x_wconf 67' lang='lat' dir='ltr'>inultis</span> 
     </span>
    </p>
   </div>
   <div class='ocr_carea' id='block_1_116' title="bbox 2149 5707 3805 5785">
    <p class='ocr_par' dir='ltr' id='par_1_116' title="bbox 2149 5707 3805 5785">
     <span class='ocr_line' id='line_1_116' title="bbox 2149 5707 3805 5785; baseline -0.002 -17"><span class='ocrx_word' id='word_1_820' title='bbox 2149 5712 2455 5785; x_wconf 87' lang='lat' dir='ltr'>copiosior.</span> <span class='ocrx_word' id='word_1_821' title='bbox 2489 5707 2622 5768; x_wconf 73' lang='grc' dir='ltr'>Χιῐι..</span> <span class='ocrx_word' id='word_1_822' title='bbox 2655 5742 2722 5753; x_wconf 90' lang='lat'>-—</span> <span class='ocrx_word' id='word_1_823' title='bbox 2754 5707 3167 5784; x_wconf 83' lang='lat' dir='ltr'>Supplevimus</span> <span class='ocrx_word' id='word_1_824' title='bbox 3198 5725 3267 5765; x_wconf 83' lang='lat' dir='ltr'>ex</span> <span class='ocrx_word' id='word_1_825' title='bbox 3310 5707 3577 5780; x_wconf 82' lang='lat' dir='ltr'>Scylitze.</span> <span class='ocrx_word' id='word_1_826' title='bbox 3610 5707 3805 5765; x_wconf 62' lang='lat' dir='ltr'>Gen.</span> 
     </span>
    </p>
   </div>
  </div>
