4026 6210
329 375 409 436 99
1682 363 1998 426 GEORGII
2041 363 2380 428 CEDRENI

3627 378 3747 440 100

332 507 480 580 quit,
512 503 817 577 praesidem
848 517 981 556 eum
1014 499 1200 555 Mauri
1223 499 1441 554 montis
1464 496 1782 569 appellans,
1809 512 1956 551 mani

2089 495 2505 586 tovhBoﬁp'rCnv
2577 500 2859 577 πατρίκιον
2917 504 3157 577 τιμήσας
3232 504 3285 560 ἐν
3354 506 3435 580 τῷ
3492 510 3741 586 φρουρίῳ

331 599 465 651 dato
499 598 562 649 ut
593 592 905 664 diligenter
930 589 1262 661 invigilaret
1294 587 1796 656 Antiochenosque
1818 586 1977 641 omni

329 701 502 755 opera
515 684 671 737 exitu
689 686 747 736 et
764 681 938 736 rebus
956 678 1302 734 necessariis
1322 676 1599 748 parandis
1622 676 1975 746 prohiberet.

329 773 563 826 Petrum
595 784 828 841 quoque
858 768 1202 836 spadonem,
1236 781 1419 819 unum
1456 765 1527 818 de
1559 764 1682 819 suis
1716 762 1975 829 famulis,

328 860 624 914 hominem
659 855 1332 926 strenuum,praefectum
1352 858 1675 907 castrorum
1700 852 1759 906 in
1779 852 1978 906 Cilicia

327 954 505 1018 creat,
530 948 817 1018 jubetque
858 945 1176 1000 exercitum
1228 942 1287 997 in
1331 941 1578 997 hiberna
1604 940 1973 1011 distribuere,

329 1053 621 1109 suumque
676 1037 987 1091 adventum
1036 1032 1380 1103 insequente
1430 1047 1581 1087 anno
1630 1029 1970 1103 praastolari.

248 1146 249 1151 ‘
333 1130 544 1182 Ferunt
596 1124 858 1197 potuisse
924 1138 1058 1177 eum
1116 1121 1302 1190 primo
1377 1136 1610 1175 accessu
1666 1118 1976 1174 Antiochia

328 1216 525 1288 potiri,
560 1214 659 1268 sed
696 1211 977 1275 noluisse,
1008 1226 1074 1265 ac
1097 1210 1287 1263 dedita
1320 1225 1494 1280 opera
1524 1208 1825 1263 distulisse
1845 1210 1973 1278 ejus

326 1304 847 1376 recuperationem,
898 1300 1052 1371 quod
1104 1299 1162 1354 in
1208 1315 1306 1353 ore
1350 1297 1612 1353 omnium
1664 1297 1970 1353 hominum

324 1398 479 1449 esset
510 1393 601 1447 hic
632 1407 853 1457 rumor,
885 1394 1119 1460 recepta
1146 1388 1453 1443 Antiochia
1483 1388 1682 1442 statim
1716 1388 1971 1458 impera-

326 1493 503 1539 torem
565 1482 882 1537 obiturum.
938 1479 1012 1533 Eo
1064 1478 1343 1531 nimirum
1393 1493 1662 1532 sermone
1708 1477 1969 1541 territus,

324 1589 512 1636 neque
541 1571 667 1641 ipse
712 1568 1081 1623 Antiochiam
1121 1566 1380 1632 tentavit,
1426 1569 1483 1620 et
1528 1571 1695 1621 Petro
1726 1582 1793 1620 ac
1827 1566 1968 1619 Bur-

321 1666 426 1717 tza:
451 1658 747 1715 mandavit
776 1674 844 1712 ne
866 1673 987 1711 eam
1008 1661 1436 1727 oppugnarent.
1463 1655 1769 1710 Enimvero
1794 1655 1969 1709 rebus

321 1752 401 1805 ita
423 1755 487 1805 ut
509 1752 897 1804 memoratum
921 1750 1009 1800 est
1031 1746 1389 1814 constitutis,
1415 1744 1774 1816 Nicephorus
1796 1743 1854 1799 in
1880 1760 1969 1798 ur-

323 1841 451 1894 bem
473 1838 664 1894 rediit.
684 1842 755 1890 At
774 1842 1013 1890 Burtzas
1030 1835 1349 1890 Antiochiam.
1367 1834 1520 1889 366
1535 1834 1780 1901 vicinus,
1804 1838 1934 1904 post

318 1930 519 1984 habito
549 1924 916 1998 imperatoris
948 1930 1251 1995 praecepto,
1277 1928 1477 1979 noctes
1500 1924 1742 1994 diesque
1766 1923 1835 1977 de
1864 1939 1964 1975 ur-

318 2019 387 2073 be
404 2034 470 2073 ea
492 2015 831 2087 occupanda
853 2014 1167 2085 cogitabat,
1184 2013 1337 2084 quod
1366 2013 1475 2067 hoc
1501 2020 1664 2083 pacto
1685 2015 1961 2067 aeternam

316 2124 378 2162 se
409 2106 655 2178 gloriam
678 2109 1128 2159 consecuturum
1148 2101 1443 2173 sperabat.
1471 2103 1675 2173 Itaque
1698 2102 1965 2171 frequen-

315 2200 403 2251 ter
432 2211 497 2250 eo
527 2194 732 2258 itabat,
763 2197 819 2246 et
848 2191 1241 2246 Antiochenos
1273 2192 1343 2245 ad
1375 2191 1841 2261 pacificationem
1874 2190 1960 2243 in-

311 2284 553 2350 vitabat,
588 2285 930 2353 arroganter
956 2296 1084 2335 eam
1114 2284 1517 2349 aspernantes.
1559 2278 1797 2333 Interim
1826 2294 1959 2332 cum

312 2375 599 2429 Saraceno
632 2371 885 2443 quodam
936 2367 1145 2441 (Aulax
1175 2369 1226 2423 is
1256 2368 1592 2438 vocabatur)
1639 2367 1960 2422 amicitiam

311 2462 619 2529 contrahit,
654 2461 726 2515 ab
760 2475 939 2530 eoque
971 2458 1315 2513 muneribus
1347 2463 1406 2513 et
1436 2456 1959 2529 pollicitationibus

308 2557 582 2621 corrupto
612 2565 950 2605 mensuram
977 2547 1155 2602 turris
1188 2546 1565 2602 occidentalis
1596 2547 1774 2601 unius
1807 2545 1958 2607 (Gala

311 2641 362 2696 ei
395 2656 608 2696 nomen
641 2639 776 2706 fuit)
818 2637 1059 2693 obtinet.
1113 2637 1253 2707 Ejus
1302 2634 1516 2691 auxilio
1548 2634 1736 2689 scalas
1780 2634 1957 2689 fabri-

309 2735 477 2784 catus
509 2745 634 2800 quas
668 2728 738 2782 ad
792 2742 1028 2781 summa
1057 2724 1237 2780 turris
1278 2725 1694 2796 pertingerent,
1730 2728 1953 2779 noctem

307 2819 618 2873 obscuram
651 2822 825 2887 atque
858 2814 1113 2887 pluviam
1146 2813 1540 2885 praestolatus,
1574 2830 1676 2885 per
1697 2829 1824 2868 eam
1857 2831 1953 2868 oc-

307 2907 465 2962 culte
497 2905 685 2961 scalas
710 2904 859 2959 turri
880 2904 1152 2975 applicat,
1172 2908 1228 2957 et
1258 2920 1389 2957 cum
1415 2902 1691 2958 trecentis
1712 2919 1954 2957 suorum

304 2998 362 3051 in
399 3013 527 3052 eam
574 2993 858 3049 ascendit.
912 2993 1100 3062 Hujus
1149 3009 1215 3046 ac
1246 2993 1518 3063 proximze
1568 2992 1743 3045 etiam
1773 2992 1955 3047 turris

304 3085 579 3141 custodes
591 3082 847 3137 trucidat
862 3098 875 3136 :
893 3081 1086 3152 itaque
1109 3081 1339 3135 duabus
1353 3079 1616 3135 turribus
1630 3079 1953 3151 occupatis,

306 3175 487 3231 misso
520 3172 727 3228 nuntio
760 3172 1012 3238 Petrum,
1048 3185 1222 3242 quem
1250 3175 1578 3225 castrorum
1612 3170 1949 3241 praefectum

2085 582 2383 673 κατέλιπε,
2446 591 2748 664 στρατηγὸν
2796 589 3067 665 ὀνομάσας
3116 598 3305 649 τοῦτον
3371 600 3467 651 τοῦ
3514 582 3743 673 Μαύῇρου

2087 670 2293 745 ὄρους,
2348 673 2649 751 ἐπισκήψας
2724 679 3051 755 προσμένειν
3127 682 3413 759 ἀγρύπνως
3471 686 3559 740 καὶ
3613 670 3741 750 τοὺς

2088 762 2395 838 Ἀντιοχεῖς
2466 768 2608 840 πάσῃ
2676 773 2904 843 μηχανῇ
2978 770 3211 826 κωλύειν
3288 772 3478 845 ἐξιέναι
3536 776 3742 832 καὶτὰ

2084 852 2220 926 πρὸς
2256 854 2399 922 ζωὴν
2431 853 2826 928 εἰσκομίζεσθαι
2886 858 3186 931 ἐπιτήδεια.
3222 862 3486 918 Κατέλιπε
3539 862 3596 920 δὲ
3643 866 3737 921 καὶ

2086 942 2285 1015 Πέτρον
2316 941 2408 997 ἕνα
2436 949 2545 999 τῶν
2577 946 2768 1002 ἑαυτοῦ
2801 948 3101 1024 εὐνούχων,
3162 948 3357 1006 δοῦλον
3394 954 3739 1030 ὑπάρχοντα,

2084 1028 2407 1108 δραστήριον
2442 1032 2745 1111 ἄνθρωπον,
2780 1036 2836 1092 ὅν
2871 1035 2927 1093 δὲ
2960 1039 3048 1093 καὶ
3105 1028 3585 1118 στρατοπεδάρχην
3615 1048 3734 1119 (16)

2081 1120 2378 1192 πεποίηκεν
2438 1122 2487 1177 ὲν
2551 1125 2796 1198 Κιλικίᾳ,
2833 1126 2910 1189 είς
2941 1130 3377 1205 παραχειμασίαν
3429 1133 3518 1187 τὸν
3578 1155 3739 1209 στρα-

2080 1212 2171 1265 τὸν
2233 1209 2611 1288 διασκορπίσαι
2665 1214 2970 1286 κελεύσας,
3036 1220 3123 1274 xui
3184 1221 3280 1287 τήν
3329 1220 3492 1276 αὑτοῦ
3554 1224 3734 1295 μένειν

2083 1299 2157 1361 εἷς
2188 1301 2413 1355 τούπιὸν
2474 1300 2592 1364 ἔτος
2650 1302 2876 1359 ἔλευσιν.
2910 1304 3159 1381 Ἐλέγετο
3220 1307 3265 1363 δ’
3318 1312 3399 1365 ὅτι
3434 1307 3735 1387 δυνάμενος

2083 1387 2132 1459 ἐξ
2166 1387 2359 1466 ἐφόδου
2426 1390 2562 1446 ἐκεῖν
2592 1395 2692 1462 τὴν
2724 1393 3060 1470 Ἀντιόχειαν
3113 1397 3140 1452 ὁ
3192 1398 3445 1474 βασιλεὺς
3480 1400 3576 1456 οὐκ
3604 1405 3735 1471 ἠθε-

2082 1477 2265 1547 λησεν,
2299 1478 2426 1534 ἀλλ’
2456 1480 2761 1553 ἐξεπίτηδες
2810 1483 3072 1559 παρεῖλκε
3118 1487 3205 1541 καὶ
3257 1484 3585 1563 παρεϐίϐαζε
3629 1493 3729 1560 τήν

2076 1568 2278 1637 ταύτης
2324 1570 2671 1656 κατάσχεσιν,
2723 1568 2913 1635 δεδιὼς
2958 1575 3051 1629 τὸν
3108 1578 3483 1652 φημιζόμενον
3536 1579 3728 1656 λόγον’

2077 1656 2323 1742 καὶγὰρ
2381 1654 2446 1727 δή
2507 1659 2597 1713 καὶ
2658 1658 2710 1714 ἐν
2758 1666 2877 1722 τοῖς
2907 1663 3157 1718 ἁπάντων
3190 1664 3407 1742 ἐφέρετο
3467 1654 3728 1742 στόμασιν

2077 1744 2151 1835 ὡς
2181 1741 2292 1835 ὀίμα
2320 1750 2388 1819 τῇ
2421 1746 2618 1802 ἁλώσει
2650 1756 2750 1819 τῆς
2782 1748 3001 1813 πόλεως
3033 1754 3371 1829 Ἀντιοχείας
3417 1757 3507 1811 xui
3639 1760 3733 1835 βα-

2075 1832 2255 1923 σιλεὺς
2311 1836 2616 1906 τεθνήξεται
2653 1881 2664 1893 .
2727 1838 2952 1910 Ἀμέλει
3009 1841 3097 1894 καὶ
3156 1847 3235 1915 τῷ
3285 1844 3520 1918 τοιούτῳ
3577 1832 3730 1923 λόγῳ

2075 1919 2485 1995 δειλαινόμενος
2534 1923 2646 1980 οὔτ’
2674 1926 2835 1989 αὐτὸς
2873 1928 3246 2003 προσεπέλασε
3292 1954 3359 2007 τῃ
3420 1919 3730 2012 Ἀντιοχείᾳ

2072 2011 2161 2065 καὶ
2217 2016 2296 2082 τῷ
2354 2011 2541 2098 Πέτρῳ
2575 2012 2631 2068 δὲ
2660 2015 2854 2088 καὶτῷ
2904 2018 3148 2094 Βούρτζῃ
3200 2024 3535 2097 παρήγγειλε
3570 2011 3728 2098 μηδε-

2077 2101 2200 2173 μίαν
2230 2097 2547 2175 προσϐολήν
2599 2106 2924 2175 ποιήσασθαι
2969 2109 3085 2162 κατ’
3143 2108 3331 2179 αὐτῆς.
3384 2111 3540 2169 Ἀλλ’
3573 2097 3724 2170 έκεῖ-

2072 2213 2163 2252 νος
2197 2191 2292 2263 μὲν
2323 2195 2488 2245 ταῦτα
2532 2194 3030 2267 καταστησάμενος,
3082 2196 3156 2259 ὡς
3203 2196 3426 2272 εἷ’πομεν
3460 2204 3543 2275 [Ρ.
3570 2205 3723 2279 657],

2074 2278 2288 2334 εἶ’σεισιν
2340 2279 2418 2344 εἷς
2471 2282 2569 2349 τήν
2645 2281 3058 2356 βασιλεύουσαν·
3116 2287 3143 2340 ὁ
3205 2289 3487 2364 Βούρτζης
3540 2289 3597 2347 δὲ
3653 2278 3721 2367 τῇ

2072 2368 2377 2443 Ἀντιοχείᾳ
2424 2374 2681 2443 γειτονῶν
2714 2371 2803 2425 καὶ
2844 2370 3003 2435 κλέος
3035 2375 3209 2448 ἑαυτῷ
3254 2372 3509 2433 ἄσϐεστον
3568 2402 3721 2457 περι-

2069 2461 2394 2529 ποιήσασθαι
2452 2461 2824 2536 ἱμειρόμενος,
2887 2465 3053 2541 μικρὰ
3105 2466 3392 2544 φροντίσας
3450 2475 3557 2526 τῶν
3613 2478 3713 2528 τοῦ

2073 2547 2338 2622 βασιλέως
2372 2549 2687 2620 ὑποθηκῶν,
2739 2550 2946 2627 νύκτωρ
3003 2554 3092 2609 καὶ
3154 2559 3272 2630 μεθ’
3326 2560 3538 2635 ἡμέραν
3570 2560 3721 2617 ἐσκέ-

2065 2657 2227 2692 πτετο
2286 2635 2341 2691 εἷ’
2383 2637 2498 2700 πῶς
2532 2636 2785 2711 δυνηθείη
2836 2650 3122 2719 κατασχεῖν
3180 2647 3278 2716 τὴν
3312 2647 3494 2707 πόλιν.
3524 2651 3718 2724 Ἀπῂει

2068 2724 2157 2779 οὖν
2187 2730 2427 2811 συνεχῶς
2460 2728 2547 2781 xui
2582 2727 2777 2802 λόγους
2833 2733 2966 2803 μετὰ
3012 2738 3117 2788 τῶν
3178 2736 3501 2811 Ἀντιοχέων
3556 2738 3718 2796 ἐκίιει

2065 2810 2463 2884 συμϐατικούς.
2524 2816 3029 2893 Ἀλαζονευομένων
3099 2820 3145 2877 δ’
3202 2810 3416 2881 ἐκείνων
3474 2828 3564 2883 καὶ
3620 2831 3716 2893 τὰς

2064 2899 2359 2976 συμϐάσεις
2428 2902 2831 2979 διωθουμένων,
2895 2906 3081 2965 ἔλαθεν
3161 2913 3363 2970 ἐκεῖνος
3436 2915 3719 2995 φιλιωθείς

2062 3015 2170 3082 τινι
2199 2997 2305 3047 τῶν
2341 3000 2668 3070 Σαρακηνῶν
2704 2995 2905 3069 (Αὕλαξ
2937 2997 3092 3063 οὗτος
3147 3004 3258 3076 ἦν),
3307 3005 3364 3059 δν
3402 3006 3716 3082 ὑποκλέψας

2065 3079 2262 3157 δώροις
2307 3083 2395 3138 καὶ
2430 3084 2778 3160 ὑποσχέσεσιν
2813 3084 3005 3162 ἴσχυσε
3036 3085 3223 3145 λαϐεῖν
3255 3093 3316 3148 τὸ
3360 3094 3553 3169 μέτρον
3596 3079 3713 3161 ἑνὸς

2059 3176 2166 3226 τῶν
2209 3171 2344 3249 πρὸς
2395 3169 2542 3227 δύσιν
2593 3181 2692 3243 τῆς
2741 3176 3080 3252 Ἀντιοχείας
3128 3180 3348 3257 πύργων
3396 3183 3547 3239 Κάλα
3593 3184 3722 3241 τοίί-

305 3264 588 3329 diximus,
621 3262 890 3316 hortatur
919 3264 984 3314 ut
1026 3258 1290 3313 celeriter
1321 3275 1451 3312 cum
1504 3258 1663 3313 omni
1695 3259 1949 3313 exercitu

2253 3237 2262 3249 1
2650 3237 2658 3243 ·
2928 3237 2966 3252 "-
3067 3237 3077 3240 ⁷
3206 3237 3213 3255 Ι
3251 3237 3263 3257 Ι
3419 3237 3430 3238 7
3480 3237 3544 3239 --Ἢ
3606 3237 3685 3241 --⁷

2067 3282 2221 3334 νομα.
2256 3263 2351 3317 Καὶ
2415 3263 2551 3335 μετὰ
2599 3263 2799 3319 τούτου
2828 3270 3225 3341 τεκτηνάμενος
3256 3271 3527 3345 κλίμακας
3578 3276 3720 3349 πρὸς

304 3351 679 3424 superveniat
708 3349 835 3404 urbi
865 3350 987 3417 jam
1016 3353 1214 3419 captis.
1252 3347 1476 3412 Petrus,
1501 3348 1605 3402 etsi
1638 3347 1804 3402 initio
1835 3352 1949 3401 ter-

301 3442 724 3511 giversabatur,
744 3436 1207 3509 indignationem
1227 3436 1600 3507 imperatoris
1626 3437 1863 3506 veritus,
1885 3453 1949 3490 ac

302 3536 571 3586 metuens
597 3546 666 3584 ne
690 3526 876 3599 ipsius
897 3527 1172 3581 mandato
1190 3524 1400 3580 violato
1422 3526 1533 3580 sibi
1557 3525 1946 3580 infortunium

301 3624 556 3693 pararet,
576 3625 773 3674 tamen
791 3616 1049 3670 instante
1066 3615 1273 3668 Burtza
1290 3621 1346 3669 et
1363 3615 1702 3685 properarej
1716 3614 1947 3681 ubente,

301 3716 358 3764 et
387 3726 447 3765 se
482 3706 705 3763 diutius
738 3703 1157 3775 oppugnationi
1195 3703 1455 3757 hostium
1489 3702 1799 3757 toleranda:
1833 3720 1946 3757 non

296 3814 426 3853 esse
458 3812 656 3868 parem
691 3794 933 3848 docente
953 3792 1191 3863 (etenim
1227 3790 1504 3862 oppidani
1536 3790 1734 3846 audito
1756 3796 1949 3847 turres

300 3889 612 3957 occupatas
643 3898 771 3938 esse
800 3881 1061 3952 undique
1096 3880 1519 3946 conﬂuxerant,
1554 3884 1609 3934 et
1641 3896 1737 3934 eas
1768 3897 1946 3951 expu-

296 3993 475 4049 gnare
507 3974 665 4030 omni
690 3973 883 4029 studio
915 3971 1282 4026 conabantur
1311 3970 1637 4026 missilibus
1669 3970 1949 4042 conjectis

298 4084 364 4121 ac
392 4065 584 4121 omnis
607 4064 837 4137 generis
856 4061 1135 4117 adhibitis
1154 4062 1302 4115 367
1327 4060 1638 4129 machinis,
1664 4060 1785 4132 igni
1808 4077 1948 4132 quo-

300 4173 414 4228 que
466 4153 810 4226 supposito;
866 4167 1056 4222 neque
1105 4150 1342 4204 omnino
1393 4150 1716 4220 quidquam
1748 4167 1947 4205 eorum

300 4246 647 4301 omittebant
667 4259 793 4314 quae
819 4256 986 4312 agere
1009 4238 1391 4293 conveniebat
1409 4238 1627 4309 quibus
1649 4255 1779 4293 cum
1806 4256 1949 4294 uxo-

301 4335 464 4390 ribus
487 4333 756 4388 etliberis
779 4327 1060 4402 pereundi
1082 4343 1147 4381 ac
1169 4326 1502 4381 amittendae
1520 4327 1680 4382 urbis
1704 4327 1951 4382 orienta-

298 4424 445 4479 lium
469 4422 735 4479 omnium
766 4416 1271 4492 praestantissimae
1296 4415 1619 4487 periculum
1640 4417 1950 4472 incumbe-

298 4514 403 4586 ret)
427 4517 655 4581 Petrus,
676 4510 891 4565 timens
914 4524 985 4562 ne
1008 4522 1177 4561 suam
1206 4506 1277 4560 ob
1310 4505 1690 4575 pertinaciam
1716 4511 1802 4561 tot
1822 4511 1949 4561 tan-

2057 3352 2118 3404 τὸ
2149 3348 2310 3425 ἄκρον
2344 3350 2718 3425 ἐξικνουμένας
2772 3358 2868 3409 τοῦ
2924 3356 3161 3433 πύόγου,
3195 3358 3359 3415 νύκτα
3412 3382 3471 3417 τε
3508 3348 3715 3441 ἀφεγγῆ

2058 3436 2392 3515 έπιτηρήσας
2422 3440 2511 3494 xui
2542 3435 2844 3516 ἔπομϐρον,
2898 3439 3059 3499 ἔλαϐε
3088 3448 3183 3509 τὰς
3212 3446 3487 3522 κλίμακας
3539 3435 3714 3525 προσ-

2060 3528 2265 3602 ερείσας
2340 3533 2419 3600 τῷ
2487 3527 2704 3604 πύργῳ.
2769 3531 2870 3587 Καὶ
2942 3529 3143 3599 ἀναϐὰς
3196 3538 3329 3609 μετὰ
3382 3541 3709 3612 τριακοσίων

2055 3621 2161 3670 τῶν
2224 3617 2311 3671 ὑπ’
2365 3615 2525 3672 αὑτὸν
2584 3617 2712 3681 τοὺς
2776 3622 2869 3692 μὶν
2928 3620 3172 3696 φύλακας
3225 3626 3549 3706 ἆποσφάτειει
3606 3636 3707 3685 τοῦ

2055 3703 2284 3782 πᾶργου,
2344 3705 2419 3761 ἔτι
2455 3704 2512 3761 δὲ
2555 3707 2644 3762 καὶ
2701 3713 2797 3763 τοῦ
2844 3717 3212 3785 γειτονοῦντος
3250 3703 3417 3789 αύτῷ-
3448 3719 3537 3772 καὶ
3572 3722 3711 3792 μετᾶ

2055 3800 2161 3849 τῶν
2190 3795 2512 3869 τριακοσίων
2564 3796 2690 3860 τοὺς
2742 3797 2838 3853 δύο
2885 3800 3108 3865 τούτους
3141 3804 3384 3881 πύργους
3431 3828 3707 3884 κατεσχη-

2055 3885 2165 3947 κὼς
2213 3884 2437 3961 ἆγγελον
2488 3884 2682 3949 εὐθέως
2724 3887 2985 3962 ἆκπέμπει
3035 3892 3171 3966 πρὸς
3228 3894 3317 3948 τὸν
3380 3896 3710 3970 στρατοπεδ-

2058 3974 2256 4048 άρχην,
2311 3972 2528 4046 μηνύων
2576 3974 2896 4053 έπιταχυναι
2945 3978 3033 4034 καὶ
3098 3979 3273 4037 ἐλθεῖν
3327 3985 3463 4057 μετὰ
3511 3990 3715 4053 παντὸς

2058 4066 2153 4116 τοῦ
2206 4068 2435 4136 στρατοῦ
2475 4064 2547 4126 ὡς
2592 4067 2691 4133 τῆς
2727 4064 2945 4131 πόλεως
2992 4066 3101 4138 ἤδη
3150 4074 3595 4147 κατασχεθείσης.
3647 4079 3711 4135 Ὁ

2059 4148 2116 4205 δὲ
2172 4150 2373 4227 Πέτρος
2440 4154 2535 4213 τὰς
2615 4152 2865 4230 ἀγγελίας
2925 4154 3208 4232 δεξάμενος
3264 4160 3422 4217 ὤκνει
3480 4166 3569 4219 xui
3624 4166 3717 4221 ἆν-

2059 4237 2266 4312 εδύετο,
2298 4241 2395 4309 τὴν
2428 4238 2487 4295 ἐκ
2536 4246 2631 4295 τοῦ
2692 4242 2961 4318 βασιλέως
3014 4244 3273 4311 δεδοικὼς
3320 4252 3710 4327 ἀγανάκτησιν,

2063 4330 2137 4402 μή
2170 4350 2219 4383 τι
2253 4330 2340 4383 καὶ
2397 4331 2557 4385 κακὸν
2614 4331 2899 4409 ἀπολαύσῃ
2951 4333 3024 4397 ὠς
3053 4332 3371 4411 παραϐάτης
3400 4346 3507 4395 τῶν
3539 4344 3710 4398 αὐτοῦ

2057 4419 2510 4492 προσταγμάτων.
2585 4421 2935 4495 Ἐγκειμένου
3004 4423 3061 4479 δὲ
3113 4431 3209 4480 τοῦ
3282 4429 3530 4505 Βούρτζη
3616 4435 3713 4487 καὶ

2058 4505 2228 4562 ἄλλον
2278 4506 2360 4562 ἐπ’
2406 4506 2563 4582 ἄλλῳ
2607 4510 2921 4582 πέμποντος
2966 4511 3198 4591 ἄγγελον
3227 4517 3315 4571 καὶ
3345 4521 3444 4589 τὴν
3497 4518 3708 4578 ἔλευσιν

296 4603 461 4674 tique
473 4601 575 4656 viri
594 4600 932 4671 perirent,et
944 4600 1120 4650 tantae
1134 4593 1598 4664 urbisjacturam
1617 4594 1949 4666 respublica

2067 4596 2522 4671 ἐπιταχύνοντος,
2585 4599 2674 4652 καὶ
2742 4599 3229 4681 πληροφοροῦντος
3279 4608 3352 4669 ὡς
3399 4607 3487 4664 ἐπὶ
3539 4611 3709 4668 πλέον

298 4698 561 4748 Romana
608 4691 841 4753 faceret,
890 4684 979 4740 vel
1027 4684 1248 4737 invitus
1297 4699 1532 4738 summa
1576 4684 1950 4740 festinatione

297 4781 632 4836 universum
668 4776 985 4832 exercitum
1035 4772 1294 4826 adducit.
1346 4774 1473 4824 Jam
1511 4788 1740 4827 omnem
1773 4790 1950 4844 prope

295 4887 458 4942 spem
492 4868 703 4924 salutis
726 4866 939 4919 Burtza
966 4877 1099 4917 cum
1124 4860 1249 4914 suis
1273 4860 1645 4929 dimiserant,
1668 4866 1784 4915 tres
1812 4878 1948 4916 con-

292 4961 549 5014 tinenter
589 4960 785 5011 noctes
840 4952 1084 5021 diesque
1136 4948 1453 5021 Oppugnati
1494 4949 1637 5003 :sed
1693 4950 1945 5005 adventu

297 5048 445 5104 Petri
476 5045 907 5117 oppidanorum
958 5037 1342 5093 conciderunt
1391 5036 1574 5092 animi
1626 5054 1691 5092 ac
1725 5040 1950 5108 remisit

292 5134 679 5199 vehementia,
696 5136 752 5185 et
773 5132 1013 5184 Burtzas
1038 5125 1369 5181 facultatem
1394 5130 1601 5181 nactus
1624 5127 1695 5181 ad
1719 5133 1945 5197 portam

294 5223 615 5286 descendit,
641 5236 705 5275 ac
731 5216 1007 5291 repagulo
1030 5232 1168 5271 ense
1189 5215 1462 5283 dissecto,
1484 5216 1701 5286 apertis
1724 5216 1947 5272 foribus

293 5316 527 5369 Petrum
552 5309 833 5365 admittit.
850 5305 1215 5377 Nicephorus
1232 5304 1405 5360 allato
1420 5304 1499 5359 rei
1527 5305 1702 5374 hujus
1722 5307 1944 5376 nuntio,

296 5418 429 5457 cum
481 5400 737 5472 gaudere
784 5398 857 5453 ob
906 5400 1132 5451 tantam
1181 5394 1385 5450 urbem
1437 5398 1495 5448 et
1526 5409 1618 5449 res
1667 5411 1805 5450 suas
1832 5400 1946 5451 Deo

2059 4685 2305 4760 ἀντέχειν
2357 4684 2417 4739 οὐ
2469 4684 2686 4741 δύναται
2736 4690 2870 4763 πρὸς
2913 4692 3011 4759 τὴν
3061 4693 3382 4769 πολιορκίαν
3444 4699 3550 4769 (καὶ
3607 4703 3712 4777 γὰρ

2060 4771 2127 4842 δὴ
2188 4769 2446 4847 μαθόντες
2496 4776 2546 4829 οἳ
2598 4778 2893 4853 Ἀντιοχεῖς
2958 4782 3057 4850 τὴν
3107 4787 3214 4837 τῶν
3272 4784 3497 4862 πύργων
3545 4769 3712 4844 κατά.-

2060 4883 2245 4938 σχεσιν
2303 4864 2579 4940 πνέρρεον
2632 4867 2968 4942 πανταχόθεν
3018 4870 3107 4924 καὶ
3157 4871 3531 4948 ἐκπολιορκεῖν
3578 4878 3709 4942 τοὺς

2058 4952 2296 5027 πύργους
2350 4952 2662 5030 ἠπείγοντο,
2713 4955 2846 5031 βέλη
2902 4954 2947 5010 δ’
2996 4958 3216 5034 ἀφέντες
3252 4963 3569 5020 παντοδαπὰ
3614 4970 3705 5024 καὶ

2060 5042 2314 5115 μηχανὰς
2345 5039 2602 5104 ποικίλας
2630 5044 2692 5098 τὸ
2722 5048 2827 5121 πῦρ
2859 5045 3127 5125 ὑφῆπτον,
3176 5053 3262 5106 καὶ
3297 5051 3440 5109 ἄλλα
3487 5054 3705 5111 ἐποίουν

2058 5128 2231 5183 ὁπόσα
2277 5136 2451 5184 ποιεῖν
2499 5125 2605 5185 ἔδει
2652 5132 2778 5195 τοὺς
2827 5132 3231 5201 κινδυνεύοντας
3263 5140 3354 5195 σὺν
3380 5147 3585 5218 γυναιξὶ
3616 5147 3708 5201 xui

2057 5219 2262 5279 τέκνοις
2309 5217 2677 5294 ἀπολωλέναι,
2727 5219 3024 5280 ἀποϐαλεῖν
3075 5225 3132 5283 δὲ
3176 5229 3264 5284 xui
3304 5230 3466 5287 πόλιν
3517 5217 3707 5290 πασῶν

2057 5306 2447 5381 ὑπερκειμένην
2479 5315 2587 5365 τῶν
2621 5310 2715 5365 ἆνά
2744 5313 2841 5382 τὴν
2873 5317 2985 5371 Ἕω
3016 5316 3274 5386 πόλεων)·
3307 5322 3565 5392 πτοηθεὴ
3598 5321 3645 5379 δ’
3676 5325 3710 5379 ὅ

2057 5393 2542 5474 στρατοπεδάρχης
2573 5401 2650 5473 μὴ
2680 5402 2952 5459 τοσούτων
3002 5404 3376 5464 ἀπολωλότων
3412 5410 3501 5465 καὶ
3539 5411 3703 5483 τηλι-

1420 5592 1424 5596 .
1478 5546 1853 5603 XYLANDRI
1889 5549 1983 5604 ET
2021 5548 2246 5605 GOARI
2282 5549 2512 5610 NOTJE.

364 5700 475 5775 (16)
510 5698 834 5756 Castrorum
860 5693 1203 5750 memoribus
1228 5690 1576 5764 praefectum,
1607 5693 1921 5747 metatorem
1949 5692 2318 5765 praecipuum.
2351 5690 2531 5753 GoAa.
