4026 6210
205 333 307 393 101

1336 330 1884 395 HISTORIARUM
1926 332 2474 399 GOMPENDIUM.

3497 348 3612 407 102

198 463 407 519 κοιίτων
438 460 651 539 ἀνδρῶν
681 460 772 518 διὰ
794 464 896 533 τήν
927 462 1129 519 ἐκείνου
1156 462 1427 527 ἀπείθειαν
1485 462 1575 518 καὶ
1633 460 1849 529 πόλεως

1970 469 2331 526 committere
2358 472 2615 543 deberet,
2646 473 2877 530 diversa
2906 480 3145 533 secutus
3174 476 3446 547 indoluit,
3479 482 3613 537 cul-

198 553 542 623 τηλικαῦτης
613 554 819 625 ὑποστῇ
896 553 1092 627 ζημίαν
1143 556 1177 622 ἡ
1228 551 1481 608 πολιτεία
1526 553 1847 626 Ῥωμαίων,

198 641 337 697 ἄκων
398 643 491 696 καὶ
554 643 631 714 μή
681 642 1020 715 βουλόμενος
1084 644 1467 717 καταταχήσας
1532 642 1855 720 παρεγένετο

197 731 286 785 σὺν
315 730 480 784 παντὶ
510 735 590 801 τῷ
622 731 857 805 στρατῷ,
888 730 1059 805 εὑρὼν
1090 730 1218 793 τοὺς
1259 730 1383 805 περὶ
1429 730 1520 784 τὸν
1573 733 1853 805 Βοῦρτζην

197 819 315 874 λίαν
360 820 759 895 ἀπειρηκότας·
814 819 900 873 ἐπὶ
947 820 1096 894 τρισὶ
1147 820 1251 895 γὰρ
1299 818 1672 895 νυχθημέροις
1720 820 1854 889 ἦσαν

194 908 683 982 πολιορκούμενοι.
716 910 789 961 Οὔ
832 910 933 977 τὴν
984 904 1175 986 ἔφοδον
1227 907 1525 983 ἐγνωκότες
1560 911 1611 963 oi
1648 911 1853 965 Ἀντιο-

1968 559 2242 631 pavitque
2272 560 2528 629 Petrum,
2563 568 2620 618 et
2652 568 2872 619 Burtzaa
2906 582 3018 621 non
3057 568 3231 622 modo
3264 585 3377 623 non
3409 574 3616 642 proba-

1964 646 2049 701 vit
2078 648 2440 706 alacritatem
2466 658 2640 724 atque
2663 654 3088 725 fortitudinem,
3113 661 3215 711 aut
3239 657 3415 729 digna
3446 662 3620 716 rebus
3680 654 3681 657 “

1966 738 2149 808 gestis
2183 741 2423 810 praemia
2455 743 2723 808 contulit,
2757 744 2857 798 sed
2908 750 2966 799 et
3012 746 3388 801 contumeliis
3420 749 3621 804 all‘ecto

1968 827 2188 882 ademit
2239 845 2457 883 munus
2510 848 2708 900 suum,
2742 837 2799 887 et
2848 834 3005 888 domi
3051 852 3112 889 se
3142 852 3276 890 eum
3327 837 3623 892 continere

1957 916 2163 985 jussit.

194 1005 314 1073 χεῖς
343 997 729 1073 παρελύθησαν
752 1000 850 1059 τὰς
878 999 1060 1073 ψυχὰς
1090 1000 1179 1053 καὶ
1208 1001 1306 1068 τῆς
1339 998 1615 1088 συντονίας
1642 997 1923 1059 ἐνέδωκαν.
1959 1001 2171 1065 Ἀδείας
2198 1002 2254 1059 δὲ
2302 1002 2608 1081 λαϐόμενος
2655 1009 2682 1064 ὁ
2734 1008 3013 1085 Βούρτζης
3073 1011 3275 1067 κάτεισι
3327 1014 3462 1088 πρὸς
3521 1016 3620 1084 τὴν

196 1088 398 1159 πύλην,
429 1088 524 1142 καὶ
556 1088 845 1162 σπαθητὸν
880 1087 1093 1164 μοχλὸν
1125 1096 1224 1159 τῆς
1252 1087 1469 1150 κλειδὸς
1500 1086 1770 1162 διατεμὼν
1800 1089 2077 1167 ἀνοίγνυσι
2106 1093 2202 1156 τὰς
2224 1094 2421 1165 πύλας,
2458 1098 2547 1153 xui
2582 1100 2670 1152 τὸν
2700 1100 2906 1174 ΠέτροΛ
2963 1101 3160 1175 εἲσάγει
3214 1101 3303 1155 σὺν
3354 1086 3513 1157 παντὶ
3543 1109 3622 1174 τῷ

194 1175 715 1268 στρατεύματι..Καὶ
774 1175 921 1268 οὕτω
976 1176 1302 1251 παρελήφθη
1363 1179 1396 1245 ἡ
1458 1176 1670 1251 μεγάλη
1731 1179 1821 1232 καὶ
1874 1183 2180 1268 περιφανής
2238 1186 2563 1260 Ἀντιόχεια.
2610 1188 2779 1261 ’Ὀπερ
2840 1189 3143 1260 πυθόμενος
3199 1190 3227 1243 ὁ
3280 1191 3621 1268 Νικηφόρος,

192 1266 559 1340 εὐφρανθῆναι
593 1262 711 1319 δέον
744 1265 831 1319 ἐπὶ
864 1262 1063 1320 ἁλώσει
1095 1265 1434 1336 τηλικαύτης
1465 1266 1683 1329 πόλεως
1709 1268 1797 1321 καὶ
1830 1267 1896 1322 τα
1924 1270 2041 1322 κατ’
2072 1270 2231 1325 αὐτὸν
2265 1271 2544 1347 ἐπιτρέψαι
2578 1280 2717 1347 Θεῷ,
2750 1277 2777 1331 ὁ
2813 1274 2869 1331 δὲ
2898 1276 3205 1332 τούναντίον
3256 1262 3475 1354 ἤλγησε
3505 1262 3620 1349 ’τὴν

191 1356 374 1429 ψυχήν
401 1356 496 1408 τὸν
528 1352 1004 1430 στρατεπεδάρχην
1034 1375 1093 1409 τε
1122 1354 1172 1408 ἐν
1198 1353 1396 1418 αἰτίαις
1425 1355 1560 1430 εἶχε,
1594 1358 1675 1428 [Ρ.
1708 1358 1835 1428 6581
1876 1358 1965 1411 καὶ
1997 1358 2086 1413 τὸν
2116 1360 2394 1436 Βούρτζην
2430 1362 2490 1416 οὐ
2527 1362 2691 1436 μόνον
2720 1364 2817 1419 οὐκ
2847 1364 3137 1437 ἀπεδέξατο
3168 1375 3265 1437 τῆς
3308 1352 3618 1442 προθυμίας

189 1444 273 1497 καὶ
305 1451 411 1513 τῆς
443 1442 719 1519 ἀνδρείας,
748 1445 839 1498 καὶ
864 1444 993 1519 γέρα
1022 1444 1290 1520 παρέσχεν
1320 1442 1510 1514 ἐπάξια
1532 1452 1634 1514 τῆς
1663 1444 1825 1500 αὐτοῦ
1859 1444 2238 1525 ἀνδραγαθίας,
2270 1450 2416 1507 ἀλλὰ
2440 1454 2529 1507 καὶ
2552 1449 2735 1529 ὕϐρεσι
2768 1452 2977 1518 πλύνας
3007 1456 3276 1531 παρέλυσε
3304 1462 3402 1527 τῆς
3437 1460 3616 1535 ἀρχῆς

188 1534 275 1587 καὶ
303 1534 459 1588 οἴκοι
494 1535 674 1607 μένειν
704 1532 975 1604 ἐπέταξεν.

260 1622 412 1692 Αὕτη
448 1628 486 1693 ὴ
522 1622 670 1677 αῗτία
698 1624 785 1676 xui
820 1622 886 1676 τὰ
916 1622 1085 1677 λοιπὰ
1113 1623 1180 1677 τὰ
1211 1623 1543 1698 ῥηθήσεσθαι
1581 1623 1856 1697 μέλλοντα
1892 1633 1938 1698 Β

191 1713 420 1783 μισητὸν
483 1718 603 1773 τοῖς
662 1717 790 1766 πᾶσι
851 1713 939 1766 καὶ
1006 1710 1302 1786 βδελυκτὸν
1384 1713 1476 1768 τὸν
1545 1714 1863 1792 Νικηφόρον

188 1802 538 1875 εἴργάσαντεο.
571 1806 795 1878 Πρῶτον
836 1803 929 1874 μὲν
964 1802 1089 1876 γαρ,
1121 1801 1211 1856 ὅτε
1241 1804 1338 1871 τὴν
1390 1803 1573 1879 ἀρχὴν
1620 1806 1687 1858 τὰ
1743 1824 1863 1859 κατ’

186 1891 345 1945 αὐτὸν
376 1891 631 1961 ἐκινήθη,
669 1892 887 1967 μυρίαις
919 1890 1343 1964 πλημμελείαις
1394 1894 1708 1968 χρωμένων
1751 1899 1858 1947 τῶν

184 1982 274 2035 σὺν
310 1981 462 2052 αὐτῷ
498 1986 847 2055 στρατιωτῶν
898 1980 1231 2059 ἐπιστροφὴν
1279 1982 1376 2037 οὐκ
1417 1981 1602 2049 ἐτίθει,
1640 1982 1819 2060 λέγων
1846 2018 1858 2030 υ

186 2094 215 2121 α(
246 2068 424 2126 Οὐδὲν
455 2071 769 2143 θαυμαστὸν
800 2070 843 2123 εἰ
875 2069 928 2125 ἐν
973 2070 1223 2142 τοσούτῳ
1273 2070 1474 2142 πλήθει
1539 2071 1675 2127 λαοῦ
1732 2074 1863 2127 ἀταο

180 2159 374 2212 κτοῧσί
433 2180 599 2222 τινες.
647 2181 676 2212 ι
734 2159 831 2214 Καὶ
886 2157 1038 2223 αὖθις
1083 2158 1346 2214 εἴσελθὼν
1404 2160 1485 2222 είς
1530 2163 1629 2231 τὴν
1695 2160 1860 2216 πόλιν

179 2247 411 2303 πολλῶν
452 2250 544 2302 καὶ
577 2247 855 2323 διαφανῶν
888 2250 980 2303 καὶ
1013 2246 1244 2303 ἰδιωτῶν
1294 2251 1639 2326 ἁρπαγέντων
1694 2249 1821 2305 οὐδε
1845 2264 1861 2272 ⁸

185 2337 311 2410 μίαν
374 2335 656 2407 ἐκδίκησιν
739 2336 1059 2407 ἐποιήσατο,
1118 2336 1264 2393 ἂλλᾶ
1325 2334 1704 2413 παρεϐλέπετο
1768 2340 1866 2433 τᾶι(ἶ

183 2428 424 2489 ἀτόπους
484 2428 730 2502 πράξεις,
804 2426 1246 2503 ἐνευωχοῦμενος
1323 2434 1441 2491 ταῖς
1520 2426 1862 2513 ἂσελγείαιςξ

184 2520 269 2577 αἷς
300 2518 353 2571 οἱ
386 2517 742 2578 ἇτακτοῦντες
788 2518 1174 2593 προσκείμενοι
1224 2523 1410 2582 κακῶς
1448 2519 1577 2580 τοὺς
1630 2518 1862 2581 πολίτας

186 2604 481 2673 διετίθουν,
530 2606 620 2661 καὶ
688 2610 855 2660 ταῦτα
908 2609 1334 2681 συνεργήσαντας
1385 2606 1530 2678 αὐτῷ
1581 2610 1716 2683 πρὸς
1762 2609 1860 2677 τὴν

183 2703 283 2765 τῆς
344 2696 627 2771 βασιλείας
690 2695 966 2769 ἀνάληψιν
1020 2697 1082 2751 οὐ
1120 2703 1355 2771 μικρῶς.
1394 2698 1526 2751 Εἶτα
1583 2697 1672 2752 καὶ
1724 2699 1860 2772 πρὸς

183 2783 460 2855 ταξείδιυν
521 2788 633 2857 (17)
689 2789 935 2859 συνεχῶς
993 2784 1144 2858 ἐξιὼν
1202 2783 1393 2841 δεινῶς
1436 2785 1633 2841 ἐκάκου
1662 2788 1725 2842 τὸ
1758 2788 1861 2858 ὑπὸ

190 2880 355 2949 χεῖρα
412 2874 477 2928 οὔ
534 2874 700 2946 μόνον
751 2877 1093 2947 προσθήκαις
1144 2874 1467 2930 συντελειῶν
1513 2875 1601 2929 καὶ
1661 2874 1859 2940 ἄλλαις

187 2969 571 3039 συνεισφοραῖς
612 2962 887 3017 παντοίων
939 2960 1119 3032 εἰδῶν,
1170 2961 1320 3018 ἀλλὰ
1379 2966 1467 3018 xui
1537 2962 1857 3035 λεηλασίαις

189 3052 609 3122 ἀνυποστάτοις,
674 3053 811 3127 πρὸς
876 3057 997 3114 τοῖς
1089 3052 1401 3128 εἰρημένοις
1470 3051 1702 3127 ἐκκόψας
1772 3076 1863 3142 καὶ

194 3141 365 3216 μέρος
416 3162 470 3194 τι
517 3146 630 3195 τῶν
679 3142 1074 3217 παρεχομένων
1106 3145 1174 3215 τῇ
1208 3141 1506 3216 συγκλήτῳ
1544 3142 1721 3218 βουλῇ
1778 3141 1864 3223 cpi;

191 3229 604 3302 λοτιμημάτων
662 3228 751 3285 διὰ
786 3252 873 3298 το,
906 3232 979 3292 ὡς
1029 3228 1201 3305 ἔλεγε,
1236 3230 1504 3299 σπανίζειν
1554 3235 1860 3307 χρημάτων

194 3318 243 3372 ἐν
272 3326 393 3382 τοῖς
422 3319 720 3393 πολέμοις,
757 3321 893 3395 πρὸς
927 3317 985 3374 δὲ
1012 3321 1103 3374 xui
1152 3321 1248 3382 τὰς
1293 3321 1628 3396 παρέχεσθαι
1671 3343 1858 3376 τυπω-

197 3408 373 3471 θείσας
432 3406 613 3470 δόσεις
672 3410 809 3483 πρὸς
869 3406 1081 3483 εὒαγεῖς
1139 3406 1329 3471 θ’ίκους
1387 3411 1478 3465 καὶ
1530 3410 1857 3481 Ἐκκλησίας

202 3498 345 3569 παρά
389 3518 556 3551 τινων
608 3493 843 3552 εὐσεϐῶν
900 3496 1167 3573 βασιλέων
1216 3498 1404 3554 τέλεον
1455 3498 1707 3573 ἐκκόψας,
1768 3501 1855 3555 καὶ

202 3587 369 3656 νόμον
433 3585 722 3658 ἐκθέμενος
772 3587 848 3658 μὴ
893 3588 987 3649 τὰς
1038 3585 1366 3657 Έκκλησίας
1417 3588 1696 3659 ἀκινήτοις
1740 3592 1854 3663 (18)

198 3673 577 3743 πλατύνεσθαι,
636 3680 818 3737 κακῶς
898 3676 1115 3750 φάσκων
1201 3676 1306 3731 ὑπὸ
1363 3681 1470 3731 τῶν
1543 3677 1854 3733 ἐπισκόπων

196 3762 547 3828 διαπανᾶσθαι
594 3766 662 3819 τὰ
724 3764 985 3840 πτωχικά
1043 3766 1308 3841 χρήματα
1352 3767 1442 3820 καὶ
1505 3765 1634 3827 τοὺς
1693 3788 1852 3841 στρα-

194 3853 514 3925 τευομένους
574 3853 918 3928 ὀλιγοῦσθαι,
971 3853 1059 3907 καὶ
1100 3854 1160 3907 τὸ
1213 3851 1279 3922 δὴ
1332 3856 1547 3909 πάντων
1593 3855 1854 3930 χαλεπώ-

189 3961 357 4012 τερον,
390 3944 482 3995 καὶ
511 3941 682 4013 νόμον
712 3941 1021 4015 ἰκθέμενος,
1058 3942 1108 3995 ἐν
1139 3943 1183 4014 ᾧ
1232 3942 1322 3997 καί
1367 3964 1508 4005 τινες
1559 3943 1849 4026 ἐπίσκοποι

191 4034 291 4083 τῶν
347 4032 674 4103 εὖριπίατων
735 4031 824 4084 καὶ
892 4030 1143 4085 κολάκων
1210 4030 1551 4108 ὑπέγραψαν,
1614 4030 1851 4108 διοριζό,

192 4141 355 4190 μενον
414 4123 490 4191 μὴ
548 4120 673 4174 ἄνευ
730 4126 832 4189 τῆς
892 4120 1053 4175 αὐτοῦ
1091 4123 1323 4195 γνώμης
1375 4121 1464 4175 καὶ
1523 4130 1847 4196 προτροπῆς

182 4208 475 4264 ἐπίσκοπον
537 4212 571 4281 ἢ
631 4209 959 4285 ψηφίζεσθαι
994 4210 1029 4278 ἢ
1076 4210 1545 4285 προχειρίζεσθαι.
1584 4212 1844 4267 Ἐπισκό-

188 4320 292 4352 που
346 4320 403 4353 τε
458 4299 780 4369 τεθνηκότος
856 4300 1140 4374 βασιλικὸν
1202 4299 1493 4373 ἐκπέμπων
1566 4298 1846 4374 ἄνθρωπον

2041 1631 2099 1685 Id
2132 1636 2189 1685 et
2224 1630 2336 1685 alia
2381 1649 2507 1703 quae
2558 1634 2896 1700 referemus,
2939 1634 3195 1690 invisum
3247 1638 3523 1694 omnibus
3556 1656 3624 1695 ac

1973 1720 2377 1775 detestabilem
2400 1722 2659 1777 fecerunt
2680 1724 3093 1796 Nicephorum.
3113 1725 3305 1781 Primo
3329 1729 3484 1798 quod
3509 1745 3623 1800 quo

1973 1808 2230 1879 primum
2254 1815 2515 1882 tempore
2538 1812 2855 1884 imperium
2883 1814 3113 1880 invasit,
3138 1833 3269 1870 cum
3296 1817 3512 1872 milites
3538 1819 3622 1889 ip-

1974 1897 2097 1951 sius
2120 1897 2446 1954 innumeris
2460 1900 2688 1956 delictis
2712 1903 2979 1973 querelas
2992 1904 3366 1975 excitassent,
3390 1906 3536 1961 nihil
3558 1908 3626 1962 de

1974 1986 2328 2041 correctione
2360 1989 2513 2044 368
2547 1992 2840 2061 cogitavit,
2873 1993 3023 2046 fatus
3074 1994 3292 2048 mirum
3326 2012 3439 2050 non
3472 2012 3623 2065 esse,

1974 2074 2021 2129 si
2056 2074 2111 2127 in
2142 2080 2305 2131 tanta
2322 2077 2629 2134 hominum
2656 2079 3037 2137 multitudine
3061 2083 3299 2153 quidam
3328 2083 3625 2156 incompo-

1975 2162 2082 2218 sile
2113 2181 2174 2219 se
2204 2172 2491 2237 gererent.
2526 2168 2746 2224 Deinde
2779 2171 2931 2240 quod
2968 2171 3024 2225 in
3060 2173 3263 2227 urbem
3298 2174 3622 2245 ingressus,

1974 2268 2108 2307 cum
2139 2254 2295 2309 bona
2344 2261 2399 2309 et
2429 2256 2748 2313 illustrium
2803 2265 2859 2313 et
2906 2260 3266 2331 plebeiorum
3300 2262 3622 2320 multorum

1975 2341 2391 2413 diriperentur,
2423 2346 2717 2401 vindicem
2742 2364 2799 2402 se
2825 2366 3193 2420 nequaquam
3224 2352 3485 2422 praebuit,
3521 2354 3621 2408 sed

1975 2432 2145 2501 quasi
2170 2432 2438 2488 delectari
2460 2434 2623 2490 visus
2646 2442 2734 2491 est
2754 2436 3101 2493 libidinibus
3124 2456 3322 2494 eorum
3349 2440 3447 2511 qui
3471 2441 3626 2497 cives

1972 2522 2279 2588 vexabant,
2312 2540 2409 2578 eos
2436 2524 2612 2579 etiam
2641 2527 2739 2596 qui
2771 2526 2882 2597 ipsi
2917 2528 2984 2581 ad
3021 2528 3334 2600 imperium
3356 2530 3624 2585 obtinen-

1974 2610 2116 2663 dum
2148 2610 2303 2665 haud
2338 2613 2607 2685 exiguam
2642 2621 2924 2670 navarant
2954 2633 3211 2686 operam.
3240 2618 3521 2673 Praeterea
3552 2619 3623 2674 ad

1970 2697 2315 2755 Taxeidium
2331 2702 2566 2757 assidue
2587 2705 2826 2759 veniens
2842 2706 3094 2774 graviter
3107 2707 3374 2762 subditos
3397 2707 3624 2780 afﬂixit,

1973 2804 2087 2842 non
2123 2790 2295 2844 modo
2326 2792 2669 2862 pensionum
2706 2798 2763 2847 et
2784 2794 3138 2849 tributorum
3174 2796 3502 2867 omnigenis
3530 2814 3622 2852 ra-

1970 2876 2255 2949 tionibus,
2307 2882 2409 2935 sed
2458 2885 2515 2936 et
2565 2883 2787 2953 rapinis
2834 2884 3321 2940 intelorabilibus;
3371 2887 3453 2940 Ad
3502 2886 3623 2941 haec

1960 2971 2199 3051 *partem
2233 2971 2547 3040 quamdam
2572 2988 2773 3027 eorum
2799 2990 2925 3043 quae
2958 2974 3327 3029 senatoribus
3354 2974 3623 3031 solebant

1976 3056 2361 3128 imperatores
2392 3059 2591 3131 largiri
2621 3063 2905 3115 donorum
2940 3061 2998 3115 in
3030 3062 3170 3117 ﬁsco
3202 3063 3459 3130 retinuit,
3485 3080 3622 3119 cau-

1976 3149 2142 3200 satus
2172 3146 2282 3201 sibi
2311 3148 2381 3201 ad
2438 3148 2589 3201 bella
2633 3150 2887 3220 gerenda
2918 3150 3119 3205 deesse
3152 3151 3479 3221 pecuniam.
3510 3152 3622 3207 Ne-

1974 3250 2089 3305 que
2133 3235 2242 3290 hoc
2291 3240 2546 3303 tantum,
2596 3239 2695 3293 sed
2746 3244 2802 3292 et
2848 3240 3195 3295 donationes
3247 3243 3625 3298 monasteriis

1972 3327 2149 3395 atque
2174 3324 2411 3396 templis
2432 3325 2654 3398 legatas
2679 3345 2712 3381 a
2733 3328 3090 3397 quibusdam
3112 3328 3222 3400 piis
3254 3330 3624 3401 imperatori-

1971 3413 2083 3468 bus
2113 3432 2355 3485 prorsus
2400 3416 2670 3481 abolevit,
2705 3415 2828 3487 lege
2876 3422 3054 3471 etiam
3100 3417 3220 3471 lata
3252 3435 3322 3471 ne
3353 3417 3621 3472 Ecclesiae

1970 3502 2375 3559 immobilibus
2426 3505 2928 3576 locupletarentur
2975 3507 3165 3574 bonis,
3196 3511 3470 3561 causatus
3503 3508 3623 3577 epi-

1968 3609 2176 3664 scopos
2196 3592 2347 3648 male
2364 3594 2670 3665 prodigere
2692 3612 2759 3648 ea
2781 3612 2905 3666 qua:
2936 3594 3295 3666 pauperibus
3318 3595 3618 3678 darentur,

1967 3682 2202 3737 interim
2252 3683 2545 3737 militibus
2596 3682 3029 3739 deﬁcientibus.
3077 3684 3139 3738 Id
3190 3700 3325 3739 vero
3356 3684 3620 3738 omnium

1965 3772 2406 3840 gravissimum,
2432 3773 2586 3843 quod
2612 3772 2798 3843 legem
2824 3771 2979 3840 tulit,
3004 3772 3097 3827 cui
3119 3777 3177 3828 et
3207 3773 3464 3844 episcopi
3491 3773 3620 3844 qui-

1966 3861 2098 3915 dam
2159 3862 2313 3916 leves
2364 3865 2537 3932 atque
2596 3862 2935 3917 adulatores
2997 3862 3501 3933 subscripserunt,
3551 3880 3624 3918 ne

1961 3948 2333 4021 imperatoris
2366 3951 2599 4020 injussu
2636 3951 2794 4007 ullus
2845 3956 3147 4007 crearetur
3187 3951 3521 4023 episcopus.
3555 3953 3625 4006 Et

1963 4044 2194 4093 mortuo
2221 4040 2419 4109 aliquo
2452 4040 2726 4111 episcopo
2760 4039 3015 4112 aliquem
3043 4057 3285 4097 suorum
3320 4040 3621 4110 submisit,

1959 4128 2057 4198 qui
2089 4129 2364 4183 deﬁnitos
2412 4131 2625 4184 faceret
2675 4135 2949 4200 sumptus
2987 4148 2999 4184 :
3034 4131 3179 4201 ipse,
3215 4131 3368 4201 quod
3400 4134 3523 4184 erat
3553 4129 3624 4184 de

1956 4218 2245 4272 reditibus
2305 4218 2622 4290 reliquum,
2676 4220 2922 4290 accepit.
2976 4220 3128 4274 369
3184 4220 3331 4274 Sunt
3384 4224 3440 4274 et
3494 4218 3619 4273 alia:

1954 4309 2083 4377 ejus
2137 4307 2893 4378 censtitutiones,omnem
2949 4309 3317 4364 necessitatis
3369 4309 3619 4362 formam

191 4390 609 4467 ἐπαθμημὲνην
664 4394 837 4443 ποιεῖν
896 4389 996 4457 τὴν
1046 4386 1231 4459 ἔξοδον
1261 4388 1611 4464 προσέταττε,
1644 4390 1732 4444 xui
1781 4393 1849 4446 τὰ

1970 4395 2479 4466 3xcedentes,quas
2498 4395 2845 4467 singulatim
2862 4398 3075 4452 referre
3092 4397 3288 4468 magni
3307 4396 3386 4452 sit
3402 4396 3625 4470 ingenii

1396 4550 1760 4606 XYLANDRI
1800 4555 1887 4608 ET
1923 4554 2142 4610 GOARI
2182 4554 2414 4609 NOT/E.

270 4678 383 4747 (17)
424 4678 613 4732 Locus
660 4676 899 4731 videtur
946 4674 1127 4730 fuisse
1180 4675 1280 4730 ubi
1329 4675 1702 4748 vectigalium
1754 4684 1859 4733 aut

200 4749 549 4815 pensionem
604 4749 859 4803 rationes
912 4748 1288 4802 ducerentur.
1341 4747 1505 4801 XYL.’
1538 4777 1608 4787 —
1666 4748 1853 4817 Ταξεί-

200 4818 315 4873 δεον
348 4827 436 4874 est
486 4822 771 4887 navigatio
811 4834 905 4873 seu
954 4821 1060 4873 ﬁer
1087 4821 1240 4873 mari
1287 4818 1710 4892 conﬁciendum,
1743 4839 1857 4892 quo

203 4893 420 4948 subditi
450 4897 791 4974 gravantur,
821 4906 951 4975 cum
981 4891 1858 4975 insperatoadvenientemim-

205 4962 523 5035 peratorem
545 4962 940 5035 suscipientes
964 4962 1133 5017 donis
1151 4962 1488 5033 conciliant,
1513 4963 1857 5019 comitatum

206 5034 384 5102 alunt,
419 5036 734 5091 abeuntem
786 5034 963 5090 etiam
1014 5040 1457 5104 prosequuntur
1488 5036 1860 5103 muneribus,

209 5125 267 5161 ac
298 5108 406 5162 sibi
439 5106 790 5161 necessariis
832 5107 902 5161 ad
935 5105 1113 5161 vitam
1162 5107 1587 5162 destituuntur.
1624 5109 1758 5172 Quae
1791 5109 1861 5163 de

210 5179 412 5233 tuidio
462 5177 1048 5250 profertAXylander,
1081 5177 1332 5250 ridicula
1380 5187 1534 5233 sunt.
1582 5180 1760 5235 Gem.
1792 5210 1863 5220 —-

212 5251 285 5304 Ct.
352 5248 599 5304 Hasium
655 5248 746 5322 ad,
788 5248 1050 5304 Leonem
1118 5249 1464 5318 Diaeonum,
1531 5252 1686 5322 apud
1755 5267 1862 5307 nos

210 5329 341 5377 tom.
374 5322 628 5388 CXVIII,
660 5319 772 5375 col.
806 5322 934 5386 753,
971 5324 1088 5376 not.
1126 5323 1216 5377 50.
1242 5322 1400 5379 EDIT.
1436 5319 1607 5378 ΡΑΤιὶ.

276 5394 382 5463 (18)
412 5393 539 5448 Non
559 5392 951 5449 dissimulabo
972 5393 1235 5450 studiose
1255 5411 1349 5449 me
1370 5395 1479 5451 hac
1502 5411 1677 5450 usum
1697 5410 1858 5463 voce,

214 5482 328 5535 qua
374 5466 825 5536 ambiguitatem
877 5466 1177 5523 retineret.
1229 5472 1375 5522 Nam
1427 5471 1484 5524 et
1526 5467 1691 5522 fundi
1724 5470 1863 5522 sunt

216 5537 523 5593 immobilia
564 5538 743 5608 bona,
775 5536 1065 5608 quidquid
1118 5555 1183 5594 eo
1214 5555 1422 5608 genere
1455 5542 1724 5595 censetur
1766 5556 1778 5594 :
1809 5541 1865 5594 et

217 5556 523 5593 ιιιιωοοιιιε.
564 5556 743 5602 nona,
775 5556 1065 5608 quiaquia
1118 5556 1183 5594 eo
1254 5556 1422 5595 enere
1455 5556 1724 5595 censetur
1766 5556 1863 5594 :et

217 5625 309 5679 ego
337 5614 531 5695 tamen
554 5607 881 5695 magisboc
903 5613 1045 5695 puto
1069 5556 1318 5695 intelligi
1340 5612 1411 5666 de
1433 5613 1688 5695 aeternis,
1714 5626 1863 5682 quas

217 5687 424 5750 vocant,
458 5680 912 5752 donationibus,
943 5682 1230 5740 heredem
1264 5680 1329 5739 in
1364 5692 1704 5756 perpetuam
1730 5680 1863 5740 suc-

1966 4680 2291 4735 cessionem
2318 4680 2718 4753 obligantibus
2753 4698 2765 4736 :
2801 4681 3076 4753 qualibus
3107 4682 3465 4753 ampliﬁcata
3495 4698 3622 4737 esse

1967 4752 2119 4806 bona
2149 4770 2273 4821 quae
2296 4752 2694 4807 ecclesiastica
2712 4752 3010 4822 dicantur,
3036 4772 3149 4808 non
3175 4752 3263 4808 est
3284 4756 3621 4809 obscurum.

1966 4823 2234 4890 Nolebat,
2286 4834 2444 4894 pulo,
2486 4841 2669 4879 unum
2724 4826 2978 4896 aliquem
3032 4827 3445 4896 imperatorem
3498 4826 3629 4881 aliis

1967 4898 2343 4967 praescribere
2376 4896 2738 4952 successuris
2774 4905 3060 4968 quantum
3113 4914 3180 4953 ex
3212 4914 3319 4952 suo
3352 4898 3491 4952 fisco
3527 4898 3627 4952 de-

1969 4968 2162 5039 cidere
2192 4972 2497 5039 cogeretur
2548 4968 2685 5023 huic
2714 4969 2804 5039 vel
2856 4970 2988 5025 huic
3037 4970 3415 5038 monasterio,
3451 4970 3626 5023 homo

1970 5038 2646 5114 bello_magn_us,_quod_
2689 5038 2756 5114 oti
2783 5046 3007 5095 σιτεῖται
3060 5042 3420 5114 μετρούμενα.
3476 5041 3623 5109 Ergo

1972 5110 2019 5165 si
2054 5110 2186 5180 quis
2234 5110 2405 5185 vellet
2448 5110 2672 5185 largiri,
2708 5113 2765 5167 id
2817 5114 2944 5170 sine
2986 5110 3427 5185 praescriptione
3477 5117 3535 5185 et
3569 5114 3623 5166 in

1972 5197 2230 5253 praesens
2262 5182 2616 5256 (semel‘p’ro
2666 5201 2919 5255 semper,
2956 5182 3110 5256 quod
3160 5182 3346 5256 aiunt)
3379 5184 3629 5255 putabat

1972 5253 2603 5340 praestare‘ﬁeri.‘Nam
2636 5256 2729 5340 vix
2776 5253 3113 5338 c‘redoieum
3142 5253 3522 5340 prohibuisse
3556 5273 3627 5312 ue

1972 5324 2105 5400 quis
2140 5324 2387 5380 fundum
2417 5325 2683 5400 donaret,
2712 5328 3034 5397 praesertim
3070 5324 3355 5400 privatus.
3389 5328 3502 5384 Sed
3538 5345 3626 5383 re-

1971 5396 2194 5468 ditibus
2242 5398 2602 5468 perpetuatis
2656 5396 2831 5455 fretos
2883 5396 3178 5457 sacrificos
3221 5401 3460 5462 ,videbat
3492 5420 3625 5453 σπα-

1969 5467 2160 5544 ταλᾷν.
2197 5467 2396 5544 Lector
2426 5474 2710 5544 sequetur
2739 5474 2892 5544 quod
2926 5473 3094 5528 volet.
3146 5473 3396 5528 Omnino
3428 5477 3625 5529 autem

1973 5541 2125 5597 male
2149 5542 2312 5615 apud
2343 5541 2451 5597 hoc
2482 5560 2669 5615 genus
2700 5541 3113 5601 historicorum
3148 5545 3416 5613 audiunt,
3451 5548 3622 5615 quot-

1973 5616 2119 5742 quot
2147 5614 2298 5669 bello
2342 5631 2467 5698 rem
2490 5614 2797 5686 publicam
2846 5622 3077 5675 tuentes
3110 5622 3165 5673 et
3195 5614 3483 5690 augentes
3506 5629 3622 5669 non

2017 5690 2238 5742 itarunt
2267 5688 2591 5742 sacriﬁcos.
2627 5686 2768 5741 XYL.

2017 5687 2166 5743 itaru
2176 5691 2238 5743 nt
2267 5688 2591 5744 sacriﬁcos.
2627 5686 2768 5741 XYL.
