4026 6210
313 327 429 387 103

1655 314 1977 378 GEORGII
2018 314 2363 377 GEDRENI

3596 313 3722 376 104

306 478 372 515 ac
402 456 705 514 facundiae.
722 454 914 512 Voluit
929 452 1103 509 etiam
1123 450 1309 523 legem
1331 449 1503 513 ferre,
1528 463 1644 519 qua
1668 444 1958 501 militibus

2079 448 2296 522 περιττά
2350 441 2774 519 ἀνελαμϐἀνετο.
2838 447 2938 502 Καὶ
2994 444 3140 502 ἄλλα
3200 447 3324 501 τινὰ
3381 445 3724 520 διατάγματα

306 551 359 604 in
396 547 547 604 bello
604 542 1091 601 occumbentibus
1139 544 1465 610 martyrum
1515 538 1967 592 decernerentur

303 641 576 701 honores,
612 640 675 690 ut
705 635 803 704 qui
836 633 953 688 alia
981 630 1140 685 nulla
1171 630 1230 683 in
1263 645 1323 682 re
1355 643 1531 698 quam
1563 626 1621 679 in
1656 623 1805 679 bello
1839 624 1961 678 ani-

305 747 412 783 mre
426 726 740 781 collocaret
754 722 1039 787 salutem;
1067 717 1577 791 patriarchamque
1592 714 1965 785 etepiscopos

301 821 552 873 conatus
584 818 674 869 est
705 813 773 867 ad
796 828 924 866 eam
949 809 1311 881 probandam
1335 806 1588 876 adigere.
1614 804 1725 858 Sed
1753 804 1962 858 horum

303 907 544 978 quidam
580 903 805 957 fortiter
836 900 1175 955 resistentes
1206 912 1339 951 eum
1372 912 1405 949 a
1444 892 1741 965 proposito
1771 894 1962 947 dimo-

303 998 535 1059 verunt,
572 991 794 1063 prolato
826 990 883 1043 in
921 988 1181 1043 medium
1239 983 1439 1039 Basilii
1492 983 1681 1054 Magni
1716 999 1959 1045 canone,

304 1086 402 1157 qui
438 1100 538 1155 per
576 1080 899 1135 triennium
943 1075 1127 1131 sacris
1178 1073 1358 1129 arceri
1387 1073 1556 1143 jubet
1585 1089 1683 1127 eos
1717 1072 1821 1143 qui
1853 1072 1961 1127 ho-

303 1180 453 1229 stem
511 1170 661 1225 bello
722 1166 1174 1222 interfecissent.
1252 1162 1556 1218 Nomisma
1634 1161 1808 1216 etiam
1873 1165 1959 1215 at-

301 1260 580 1326 tenuavit,
633 1260 909 1311 tetartero
961 1255 1308 1325 excogitato.
1355 1256 1618 1322 Cumque
1668 1267 1734 1305 eo
1788 1251 1961 1305 modo

305 1350 517 1421 duplex
538 1351 693 1401 esset
713 1361 1017 1411 nummus,
1035 1342 1345 1414 pensiones
1370 1340 1615 1412 publica:
1633 1340 1961 1411 graviorem

304 1438 633 1510 exigebant,
695 1436 884 1489 minor
938 1436 997 1487 in
1050 1432 1390 1503 sumptibus
1449 1430 1732 1485 faciendis
1788 1430 1960 1484 dissi-

307 1528 574 1600 pabatur.
611 1526 873 1595 Cumque
905 1526 1063 1578 esset
1107 1521 1231 1591 lege
1263 1524 1319 1575 et
1349 1519 1775 1575 consuetudine
1808 1534 1963 1572 rece-

306 1625 473 1690 ptum
500 1622 781 1671 utomnes
796 1611 1023 1667 nummi
1050 1608 1688 1681 imagineimperatoris
1712 1606 1964 1677 alicujus

307 1706 510 1770 notati,
544 1704 716 1757 modo
764 1700 1008 1771 ponderi
1051 1701 1215 1769 justo
1268 1698 1411 1753 nihil
1444 1698 1766 1762 decederet,
1805 1697 1960 1753 idem

305 1796 587 1858 valerent,
621 1793 746 1863 ipse
779 1807 887 1845 sua
920 1790 1185 1859 insignes
1220 1787 1474 1859 imagine
1508 1785 1788 1857 praeferri,
1820 1786 1959 1841 alio-

308 1902 440 1940 rum
474 1880 765 1953 depressis
788 1878 1013 1949 pretiis,
1034 1876 1237 1931 voluit.
1261 1877 1456 1946 anue
1489 1892 1548 1929 re
1582 1875 1733 1929 haud
1759 1873 1967 1929 leviter

312 1972 568 2030 subditis
602 1972 658 2025 in
693 1965 1227 2041 permutationibus
1258 1964 1736 2020 incommodavit.
1771 1963 1965 2019 Deter-

308 2064 523 2119 rimum
556 2061 665 2115 hoc
696 2059 825 2125 fuit,
862 2057 1042 2128 quod,
1079 2054 1376 2127 republica
1407 2054 1501 2109 his
1535 2055 1708 2109 rebus
1740 2053 1962 2120 attrita,

310 2151 547 2207 interim
582 2165 777 2204 rerum
810 2146 1102 2202 venalium
1137 2144 1298 2199 nulla
1328 2136 1437 2198 fuit
1459 2143 1748 2198 allevatio.
1776 2147 1964 2214 Atque

312 2243 432 2297 haec
464 2238 659 2295 omnia
690 2254 823 2293 cum
857 2239 1054 2291 essent
1088 2233 1529 2299 molestissima,
1552 2231 1857 2304 aegerrime
1891 2232 1967 2287 ci-

308 2349 407 2386 ves
424 2326 905 2398 tuleruntpalatii
928 2323 1340 2379 munitionem.
1364 2322 1505 2377 Nam
1535 2321 1737 2375 multis
1761 2338 1887 2392 qua:
1907 2319 1963 2374 in

311 2421 513 2475 orbem
560 2418 713 2473 circa
763 2414 1043 2486 palatium
1092 2417 1257 2467 erant
1305 2410 1570 2483 pulchris
1601 2412 1756 2465 370
1793 2416 1967 2481 atque

314 2509 545 2581 magnis
576 2506 853 2578 operibus
876 2503 1119 2572 dejectis
1149 2518 1340 2555 arcem
1376 2517 1441 2554 ac
1474 2500 1671 2554 sedem
1706 2499 1964 2570 tyranni-

313 2616 439 2653 cam
487 2601 690 2652 contra
740 2595 986 2649 miseros
1033 2591 1188 2646 cives
1238 2589 1455 2661 palatio
1506 2588 1777 2656 astruxit,
1811 2587 1869 2641 in
1905 2604 1969 2642 ea

315 2688 512 2753 cellas,
544 2685 838 2757 granaria,
871 2681 1132 2737 clibanos
1154 2684 1210 2735 ct
1242 2680 1443 2733 furnos
1467 2679 1723 2733 condens
1754 2681 1810 2731 et
1842 2694 1964 2732 om-

316 2776 488 2830 nibus
523 2790 719 2829 rerum
772 2769 1085 2842 generibus
1120 2766 1393 2838 implens.
1432 2766 1774 2819 Praedictum
1809 2765 1966 2819 enim

316 2866 507 2920 fuerat
546 2864 595 2918 ei
628 2863 688 2916 in
738 2859 953 2932 palatio
1006 2858 1197 2928 ipsum
1252 2855 1624 2910 moriturum.
1678 2854 1966 2908 Nimirum

317 2958 511 3008 autem
571 2950 879 3024 ignorabat
924 2947 1226 3001 incassum
1287 2942 1653 2999 excubitores
1704 2942 1966 3014 vigilare,

320 3050 431 3099 Deo
466 3042 669 3097 urbem
705 3057 818 3094 non
863 3036 1250 3093 custodiente.
1305 3033 1531 3087 Etenim
1563 3048 1677 3103 quo
1708 3037 1969 3103 tempore

322 3148 531 3186 murus
562 3126 765 3201 palatii
790 3125 1173 3189 condebatur,
1198 3126 1366 3176 nocte
1391 3120 1640 3191 quadam
1678 3136 1779 3190 per
1809 3135 1968 3175 mare

2078 532 2292 589 διετίθει
2357 540 2527 589 πᾶσαν
2605 532 2745 589 ἰδέαν
2820 534 3052 610 ἀνάγκης
3130 536 3631 611 ὑπερεκπίπτοντα,
3692 536 3724 590 ’ὰ

2074 625 2210 679 κατᾶ
2244 626 2405 699 μέρος
2437 622 2681 694 διεξιέναι
2746 624 3130 701 μεγαληγόρου
3172 622 3339 680 δεῖται
3391 626 3479 680 καὶ
3529 628 3723 701 φρενὸς

2076 713 2165 767 καὶ
2221 712 2493 788 γλώττης.
2540 711 2871 768 Ἐσποῦδασε
2919 711 2975 767 δὲ
3022 714 3110 769 καὶ
3159 714 3325 786 νόμον
3379 720 3546 777 θεῖναι
3596 713 3724 776 τοὺς

2075 801 2125 856 ἐν
2181 802 2449 875 πολέμοις
2497 802 2940 873 ἀποθνήσκοντας
3002 804 3333 877 στρατιώτας
3375 808 3723 877 μαρτυρικῷν

2073 891 2347 970 ἀξιοῦσθαι
2370 890 2631 965 γερῶν,ἐν
2659 888 2807 965 μόνῳ
2837 898 2913 965 τῷ
2938 892 3171 965 πολέμῳ
3200 894 3480 957 τιθέμενος
3511 893 3601 947 καὶ
3625 893 3730 947 οὐκ

2074 979 2125 1035 ἐν
2160 978 2317 1054 ἄλλῳ
2346 981 2454 1035 τινὶ
2484 982 2583 1049 τὴν
2615 984 2713 1050 τῆς
2757 985 2942 1057 ψυχῆς
2994 983 3289 1057 σωτηρίαν.
3324 984 3625 1058 Κατήπειγε
3669 979 3729 1036 δὲ

2070 1069 2161 1123 καὶ
2219 1070 2307 1124 τὸν
2360 1068 2704 1145 πατριάρχην
2767 1071 2855 1125 καὶ
2908 1069 3033 1132 τοὺς
3075 1066 3403 1134 ἐπισκόπους
3436 1071 3730 1135 συνθέσθαι

2072 1164 2151 1230 τῷ
2180 1156 2430 1235 δόγματι·
2468 1157 2613 1214 ἀλλά
2648 1180 2790 1221 τινες
2834 1159 3039 1214 τούτων
3073 1160 3334 1235 γενναίως
3388 1160 3728 1223 ἀντιστάντες

2074 1248 2326 1321 ἀπεῖρξαν
2386 1249 2544 1304 αὐτὸν
2599 1252 2693 1302 τοῦ
2754 1254 2979 1317 σκοποῦ,
3041 1251 3329 1322 προθέντες
3400 1249 3476 1310 εἷς
3558 1251 3728 1323 μέσον

2072 1339 2163 1392 τὸν
2241 1342 2336 1393 τοῦ
2410 1337 2652 1414 μεγάλου
2721 1336 3003 1393 Βασιλείου
3060 1340 3277 1408 κανόνα,
3345 1339 3432 1393 ἐπὶ
3494 1340 3733 1414 τριετίαν

2074 1428 2474 1497 ἀκοινωνήτους
2531 1429 2663 1482 εἶναι
2726 1427 2953 1502 λέγοντα
3048 1428 3139 1491 οῦς
3201 1428 3471 1501 πολέμιον
3515 1426 3567 1483 ’έν
3618 1450 3732 1483 τινι

2074 1516 2307 1589 πολέμῳ
2338 1518 2699 1592 ἀνῃρηκότας.
2741 1516 3055 1572 Ἠλάττωσε
3087 1515 3144 1572 δὲ
3200 1517 3289 1572 καὶ
3347 1518 3409 1573 τὸ
3457 1517 3728 1590 νόμισμα,

2073 1606 2135 1661 τὸ
2191 1606 2487 1680 λεγόμενον
2558 1608 2886 1681 τεταρτηρὸν
2938 1610 3052 1677 (19)
3094 1610 3175 1679 [Ρ.
3226 1610 3353 1681 659]
3413 1606 3729 1677 ἐπινοήσας.

2076 1693 2282 1749 Διπλοῦ
2341 1692 2396 1749 δὲ
2444 1700 2541 1749 τοῦ
2586 1697 2922 1768 νομίσματος
2968 1694 3150 1751 ἔκτοτε
3196 1695 3513 1772 γεγονότος,
3546 1698 3579 1765 ἡ
3629 1697 3732 1768 μὶν

2077 1782 2349 1856 εἶ’σπραξις
2380 1789 2487 1838 τῶν
2523 1782 2803 1857 δημοσίων
2839 1786 3021 1862 φόρων
3054 1786 3115 1840 τὸ
3150 1786 3443 1862 βαρύτερον
3504 1785 3727 1859 ἀπῄτει,

2075 1872 2126 1927 ἐν
2161 1871 2217 1926 δὲ
2246 1878 2362 1947 τρῖς
2397 1870 2600 1943 ἐξόδοις
2648 1874 2710 1927 τὸ
2763 1874 2951 1945 μικρὸν
3002 1872 3372 1946 ἐσκορπίζετο.
3424 1874 3616 1947 Νόμου
3668 1870 3733 1928 δὶ

2073 1963 2161 2017 καὶ
2196 1960 2347 2025 ἔθους
2380 1957 2549 2016 ὄντων
2582 1962 2783 2024 παντὸς
2835 1970 3157 2037 χαρακτῆρα
3213 1962 3507 2037 βασιλέως,
3542 1962 3589 2018 εἴ
3646 1965 3726 2034 μὴ

2074 2054 2152 2122 τῷ
2203 2056 2425 2123 σταθμῷ
2476 2050 2781 2117 έλαττοῖτο,
2816 2049 3044 2125 δύναμιν
3098 2048 3244 2127 ἔχειν
3297 2052 3567 2125 ἰσότιμον,
3605 2054 3632 2106 6
3665 2048 3729 2106 δί

2074 2140 2163 2194 τὸν
2212 2140 2401 2194 ἑαυτοῦ
2455 2139 2838 2215 προκεκρίσθαι
2913 2140 3326 2214 ἐνομοθέτησεν,
3392 2136 3733 2201 ὑποϐιϐἀσας

2074 2227 2201 2289 τοὺς
2228 2231 2335 2280 τῶν
2366 2224 2574 2283 ἄλλων.
2612 2229 2695 2296 Ἐξ
2722 2230 2786 2295 ἧς
2820 2227 2993 2290 αἶ’τίας
3039 2230 3103 2283 οὐ
3161 2234 3372 2304 μικρῶς
3423 2227 3609 2302 ἕθλιψε
3661 2229 3735 2283 τὸ

2079 2315 2320 2385 ὑπήκοον
2372 2315 2424 2369 ἐν
2474 2322 2589 2377 τοῖς
2642 2314 2961 2391 λεγομένοις
3013 2316 3319 2393 ἀλλαγίοις.
3374 2318 3470 2373 Καὶ
3545 2320 3606 2373 τὸ
3661 2316 3735 2387 δὴ

2077 2406 2376 2479 χείριστον,
2412 2404 2470 2459 ἐκ
2502 2409 2599 2469 τῆς
2647 2405 2916 2476 τοιαύτης
2963 2407 3134 2469 αἰτίας
3184 2412 3280 2462 τοῦ
3328 2405 3737 2481 πολιτεύματος

2078 2494 2402 2566 πιεζομένου
2436 2492 2693 2566 οὐδεμίαν
2726 2494 2967 2567 εὐθηνίαι
3015 2494 3258 2567 ἐδέξαντο
3310 2497 3377 2551 τά
3425 2497 3736 2570 ὠνούμενοι.

2078 2583 2249 2637 Ηλέον
2290 2582 2347 2637 δε
2375 2589 2481 2637 τῶν
2514 2582 2697 2639 ἄλλων
2732 2585 2919 2653 ἠνίασε
2974 2585 3101 2647 τοὺς
3150 2587 3489 2661 ἀνθρώπους,
3535 2586 3735 2660 καίπερ

2079 2672 2197 2727 λίαν
2234 2667 2402 2727 ὅντων
2447 2672 2881 2749 χαλεπωτάτων,
2914 2676 2946 2743 ἡ
2978 2679 3074 2729 τοῦ
3122 2674 3339 2750 τείχους
3397 2675 3568 2736 κτίσις
3620 2680 3731 2728 τῶν

2077 2761 2376 2817 παλατίων.
2414 2759 2607 2818 ΙΙολλά
2634 2762 2733 2837 γὰρ
2768 2760 2895 2838 ἔργα
2925 2762 3115 2835 κύκλῳ
3152 2760 3275 2817 ὅντα
3304 2767 3400 2817 τοῦ
3432 2760 3729 2830 παλατίου,

2079 2851 2153 2913 εἷς
2213 2850 2417 2913 καλλος
2476 2852 2563 2904 καὶ
2628 2850 2851 2925 μέγεθος
2915 2852 3315 2926 ἐξειργασμένα,
3359 2851 3729 2926 καταστρεψάο

2082 2962 2260 3013 μενος,
2311 2940 2612 3015 ἀκρόπολιν
2662 2940 2747 2995 καὶ
2803 2947 3109 3013 τυραννεῖον
3161 2945 3295 2995 κατὰ
3351 2946 3456 2995 τῶν
3522 2940 3732 3005 ἀθλίων

2028 3028 2317 3084 ⁴¹πολιτῶν
2398 3029 2783 3105 ἀπειργάσατο,
2852 3030 3133 3100 ἀποθήκας
3207 3030 3297 3084 καὶ
3359 3026 3733 3093 σιτοϐολῶνας

2079 3114 2288 3173 ἔνδοθεν
2347 3119 2436 3173 καὶ
2492 3119 2679 3180 ίπνους
2724 3119 2811 3173 καὶ
2862 3114 3154 3179 κλιϐάνους
3212 3120 3579 3195 ἐργασάμενος
3637 3119 3759 3173 καὶ’

322 3197 634 3276 subvectus
664 3214 879 3287 aliquis
914 3214 993 3267 ita
1031 3212 1383 3266 vociferatus
1413 3214 1500 3263 est
1533 3226 1544 3262 :
1582 3230 1606 3260 α
1643 3208 1685 3262 Ο
1716 3209 1965 3279 impera-

2079 3206 2380 3282 πληρώσας
2436 3205 2615 3265 εἰδῶν.
2661 3206 3086 3282 Προτεθέσπιστο
3143 3209 3242 3283 γὰρ
3320 3208 3466 3280 αὐτῷ
3515 3204 3732 3272 ἔνδοθεν

318 3316 432 3375 tor,
480 3307 653 3378 erigis
704 3320 949 3359 muros:
985 3306 1041 3356 et
1088 3300 1323 3355 tametsi
1368 3298 1456 3353 vel
1501 3298 1572 3353 ad
1614 3296 1821 3351 caelum
1869 3313 1966 3352 eos

316 3400 552 3467 educas,
586 3396 746 3451 intus
797 3409 928 3448 cum
979 3390 1055 3447 sit
1106 3388 1350 3457 malum,
1385 3387 1525 3442 urbs
1576 3391 1747 3457 captu
1782 3386 1967 3440 facilis

316 3493 424 3544 est.
461 3508 484 3539 ι
519 3485 627 3551 Qui
660 3484 782 3539 haec
815 3482 981 3548 dixit,
1006 3479 1107 3535 diu
1132 3478 1509 3547 multumque
1539 3480 1628 3530 est
1658 3474 1964 3545 quaesitus,

316 3596 431 3634 non
466 3582 659 3631 tamen
692 3574 989 3627 inventus.
1018 3570 1182 3623 Muro
1213 3567 1368 3622 enim
1393 3565 1662 3620 absoluto
1695 3569 1835 3618 tunc
1866 3580 1965 3634 pe-

316 3668 435 3733 riit,
469 3681 537 3720 ea
586 3664 713 3735 ipsa
743 3661 855 3726 die,
890 3674 1024 3713 cum
1075 3658 1126 3711 ei
1177 3656 1366 3710 claves
1414 3654 1463 3707 is
1494 3652 1587 3707 cui
1640 3654 1697 3706 id
1748 3653 1964 3724 negotii

317 3752 705 3810 commissum
738 3752 862 3802 erat
892 3746 949 3800 in
985 3761 1195 3799 manus
1228 3742 1499 3797 traderet.

2074 3301 2171 3350 τοῦ
2204 3296 2472 3351 παλατίυυ
2524 3298 2809 3351 ἀποθανεῖν
2860 3300 2995 3368 (20),
3043 3298 3227 3371 ἠγνόει
3278 3294 3345 3365 δ’,
3401 3298 3476 3362 ὡς
3533 3294 3733 3369 ἔοικεν⁹

2076 3386 2149 3446 ὡς
2210 3385 2253 3439 εἰ
2319 3387 2395 3457 μὴ
2456 3387 2651 3458 Κύριος
2712 3386 2930 3464 φυλάξει
2990 3386 3281 3459 πόλιν,εᾶ
3337 3386 3510 3460 μάτην
3552 3388 3733 3461 iure“

2074 3496 2275 3544 πνησεν
2308 3476 2334 3529 ὁ
2369 3474 2679 3548 φυλάσσων.
2712 3478 2843 3531 "Ore.
2873 3476 2975 3551 γὰρ
3009 3478 3069 3530 τὸ
3101 3483 3287 3552 τεῖχος
3320 3482 3414 3530 τοῦ
3463 3475 3734 3531 παλατίου

2074 3564 2512 3632 κατεσκευάζετο,
2566 3568 2661 3637 μιᾷ
2717 3569 2823 3619 τῶν
2885 3570 3090 3619 νυκτῶν
3148 3565 3247 3620 ἆνά
3306 3568 3403 3636 τὴν
3457 3564 3731 3630 θάλασσαν

2077 3652 2366 3707 ὑποπλέων
2418 3674 2501 3715 τις
2556 3648 2877 3723 ἐξεϐόησεν·
2940 3679 2966 3705 ‹‹
3032 3657 3095 3709 Ὠ
3159 3654 3402 3730 βασιλεῦ,
3449 3656 3607 3728 ὑψοῖς
3665 3656 3737 3709 τὰ

2073 3742 2255 3816 τείχη,
2314 3740 2410 3795 κᾶν
2470 3741 2637 3816 μέχρι
2690 3742 2865 3797 πόλου
2925 3745 3149 3821 φθάσῃς,
3210 3738 3364 3798 ἔνδον
3426 3745 3487 3798 τὸ
3537 3744 3733 3814 κακὸν,

314 3828 586 3899 εὐάλωτος
645 3839 679 3904 ἡ
731 3832 916 3889 πόλις.
950 3856 976 3884 ››
1013 3829 1206 3888 Πολλὰ
1261 3826 1317 3883 δέ
1378 3826 1727 3899 ἀναζητηθεὶς
1777 3828 1803 3883 ὁ
1846 3832 2004 3883 τοῦτο
2067 3830 2230 3884 εἰπὼν
2266 3830 2371 3904 οὐχ
2402 3829 2614 3904 εὑρέθη.
2651 3834 2762 3887 Τοῦ
2793 3831 3011 3907 τείχους
3041 3833 3143 3908 γὰρ
3172 3831 3576 3900 τελειωθέντος,
3608 3832 3736 3887 τότε

315 3921 509 3995 συνέϐη
542 3924 630 3979 καὶ
662 3921 821 3977 αὐτόν
854 3922 970 3975 κατ’
1002 3918 1166 3987 αὐτὴν
1192 3919 1290 3986 τήν
1320 3916 1526 3993 ἡμέραν
1563 3917 1872 3984 ἀποθανεῖν,
1901 3918 2136 3987 ὁπηνίκα
2164 3919 2257 3981 τὰς
2290 3918 2438 3981 κλεῖς
2473 3920 2499 3973 6
2532 3921 2629 3989 τὴν
2682 3918 2994 3993 ἐπιμέλειαν
3042 3920 3501 3997 ἐπιτετραμμένος
3553 3919 3737 3997 φέρων

312 4014 457 4086 αὗτῷ
487 4010 799 4088 ἐνεχείρισε.
1182 4065 1187 4070 ,

381 4103 641 4160 Accessit
663 4103 732 4156 ad
760 4101 876 4156 haec
909 4097 1092 4167 aliud,
1115 4096 1267 4168 quod
1294 4096 1423 4150 odia
1460 4095 1517 4149 in
1554 4096 1969 4168 imperatorem

311 4192 695 4266 exasperavit.
714 4194 846 4262 Ipso
865 4188 1165 4243 Paschatis
1184 4186 1329 4241 festo
1346 4186 1592 4255 die,orto
1619 4184 1768 4240 inter
1782 4187 1970 4242 socios

313 4283 545 4339 navales
579 4286 635 4337 et
678 4277 981 4335 Armenios
1033 4275 1311 4331 conﬂictu
1346 4274 1618 4345 utrinque
1668 4274 1838 4330 multi
1872 4293 1967 4347 pe-

312 4376 554 4440 rierunt,
582 4376 638 4427 et
670 4373 915 4424 mortem
950 4383 1101 4437 aegre
1131 4365 1315 4420 evasit
1361 4364 1617 4419 Sisinius
1664 4364 1969 4435 patricius,

314 4464 481 4519 urbis
508 4438 837 4533 praefectus.
858 4456 1075 4512 Exinde
1097 4456 1251 4509 fama
1275 4453 1529 4508 obtinuit
1554 4456 1966 4525 imperatorem
1997 4438 2045 4501 D

310 4553 533 4607 civibus
555 4550 870 4615 infensum,
891 4545 1044 4618 quod
1065 4562 1163 4599 eos
1180 4543 1360 4614 hujus
1384 4542 1673 4597 tumultus
1698 4547 1966 4599 auctores

311 4645 594 4705 censeret,
628 4638 908 4694 statuisse
938 4635 1095 4689 ludis
1126 4632 1501 4704 equestribus
1548 4650 1645 4687 eos
1681 4633 1738 4687 in
1770 4650 1966 4689 casses

313 4734 594 4786 attractos
630 4726 850 4783 ulcisci.
907 4723 1083 4779 Paulo
1120 4728 1249 4795 post
1298 4721 1421 4776 ludi
1473 4726 1773 4791 equestres
1806 4723 1964 4777 facti.

315 4821 399 4877 lbi
431 4819 811 4890 Nicephorus,
837 4819 901 4870 ut
927 4813 1152 4869 civibus
1176 4811 1511 4867 ostenderet
1544 4811 1682 4881 quid
1718 4811 1797 4865 rei
1831 4828 1963 4866 con-

313 4910 508 4965 ﬂictus
539 4923 746 4980 pugnae
772 4908 948 4969 esset,
968 4910 1064 4958 aut
1095 4901 1271 4957 etiam
1304 4905 1365 4954 ut
1386 4917 1485 4955 eos
1508 4904 1772 4969 terreret,
1790 4917 1967 4970 quos-

314 5000 449 5054 dam
482 4996 658 5052 nudis
710 4993 916 5064 gladiis
962 4990 1299 5047 dimicando
1350 4988 1532 5060 prmlii
1580 4988 1963 5044 simulacrum

2155 4095 2519 4172 ΙῙροσεγένετο
2580 4094 2636 4152 δὲ
2693 4102 2809 4159 τοῖς
2865 4096 3177 4170 εἰρημένοις
3232 4097 3319 4152 καὶ
3360 4095 3564 4173 ἕτερον.
3599 4099 3736 4176 ὅπερ

2083 4186 2168 4239 ἐπὶ
2203 4186 2371 4242 πλέον
2406 4186 2561 4261 ἐξῆρε
2590 4186 2651 4241 τὸ
2681 4190 2796 4242 κατ’
2828 4188 2993 4241 αὐτοῦ
3038 4194 3213 4260 μῖσος.
3252 4184 3551 4260 Συμϐολῆς
3585 4211 3743 4264 γενο-

2088 4273 2253 4347 μένης
2297 4280 2411 4329 κατ’
2457 4276 2626 4346 αὐτὴν
2667 4277 2765 4345 τὴν
2797 4277 2990 4349 ἑορτήν
3023 4281 3121 4330 τοῦ
3152 4276 3303 4353 ἁγίου
3340 4276 3532 4353 Πάσχα
3576 4279 3743 4349 μέσον

2081 4363 2354 4437 πλω’ίμων
2410 4366 2498 4418 καὶ
2558 4365 2878 4440 Ἀρμενίων,
2931 4365 3106 4429 πολὺς
3170 4366 3469 4442 ἀνθρώπων
3521 4366 3737 4441 ἐγένετο

2079 4453 2298 4531 φθόρος,
2339 4458 2535 4527 μικροῦ
2582 4451 2628 4508 δ’
2660 4452 2719 4508 ἃν
2768 4450 2978 4509 ἀπεϐίω
3021 4456 3106 4509 καὶ
3161 4456 3188 4509 6
3236 4456 3533 4532 μάγιστρος
3580 4456 3734 4510 Σισί-

2078 4563 2191 4603 νιος
2242 4541 2330 4596 καὶ
2379 4539 2645 4618 ἔπαρχοσ,
2682 4540 2961 4597 Διεδέδοτο
3012 4541 3069 4597 δὲ
3120 4545 3278 4621 φήμη
3328 4543 3382 4598 ἐγ
3415 4544 3610 4599 τούτου
3658 4545 3737 4610 ὡς

2076 4628 2431 4706 χαλεπαίνων
2486 4637 2602 4693 τοῖς
2652 4630 2901 4694 πολίταις
2954 4634 2981 4687 6
3031 4632 3369 4707 Νικηφόρος,
3406 4634 3478 4695 ὡς
3534 4634 3734 4697 αἰτίοις

2076 4721 2221 4795 τάχα
2272 4728 2369 4789 τῆς
2425 4721 2661 4793 ἀταξίας,
2722 4721 2773 4776 ἐν
2832 4724 3013 4795 ἡμέρᾳ
3089 4720 3457 4797 ἱπποδρομίας
3536 4722 3737 4796 μέλλει

2078 4808 2407 4883 σαγηνεύσας
2460 4812 2551 4864 τὸν
2605 4809 2781 4883 δῆμον
2828 4812 3262 4886 τιμωρήσασθαι.
3316 4812 3416 4868 Καὶ
3475 4809 3540 4880 δὴ
3597 4815 3741 4885 μετά

2084 4898 2278 4971 μικρὸν
2310 4896 2685 4972 ἱπποδρομίας
2716 4900 3075 4971 τελουμένης,
3109 4898 3444 4976 βουλόμενος
3496 4903 3523 4955 6
3552 4906 3741 4972 Νικη-

2081 4988 2247 5062 φόρος
2292 4984 2622 5059 ἐνδείξασθαι
2656 4993 2774 5050 τοῖς
2824 4986 3079 5053 πολίταις
3108 4990 3197 5044 καὶ
3229 4992 3325 5060 τήν
3358 4994 3455 5045 τοῦ
3486 4988 3741 5064 πολέμου

1520 5148 1876 5204 XYLANDRI
1916 5148 2005 5203 ET
2045 5148 2260 5204 GOARI
2300 5147 2532 5204 NOT/E.

395 5292 507 5379 $19)
538 5293 792 5379 2993’.”
809 5285 1145 5379 ἕτίὲῖὶθί
1157 5282 1416 5379 Ρέδῖίθὲἷομ
1428 5281 1519 5379 ΥΡ]
1535 5283 1872 5379 ,Ξῗκίῗίῗίῗ
1881 5298 1974 5379 δὶξῖ

324 5353 529 5435 ἐξάγιόν
577 5362 725 5432 lego)
773 5375 905 5435 eum
933 5356 1249 5435 redegisse
1296 5353 1667 5435 'EETGETnPO'V._
1697 5354 1857 5435 Quod
1893 5354 1976 5408 sic

322 5425 604 5505 intelligo,
633 5425 980 5505 posterioris
1012 5425 1332 5505 nummi-ad
1367 5425 1615 5505 priorem
1641 5426 1822 5480 fuisse
1844 5442 1969 5505 eam

324 5498 761 5580 proportionem
795 5519 921 5575 quae
968 5507 1057 5580 est
1102 5498 1288 5580 bassis
1324 5498 1392 5551 ad
1425 5505 1755 5580 assemnkut
1787 5500 1975 5580 major

324 5567 570 5635 minoris
617 5581 772 5644 esset
800 5567 1159 5644 sesquiplus.
1201 5570 1505 5644 Nan1_ut_a
1549 5571 1582 5622 6
1632 5567 1858 5644 ἑξάγιον,
1890 5570 1973 5644 ita

326 5670 358 5708 θ,
384 5652 415 5707 4
444 5642 773 5723 τεταρτηρόν
806 5640 1034 5703 videtur
1080 5643 1291 5699 dictus.
1326 5640 1397 5697 Ut
1429 5640 1477 5696 si
1507 5645 1669 5697 vetus
1712 5640 1747 5697 6
1789 5640 1970 5713 (verbi

2088 5282 2275 5366 gratia
2324 5280 2857 5366 ObOIOB,‘DOV.U_8‘4
2905 5285 3107 5366 obolos
3155 5286 3557 5366 appendisset.
3619 5286 3745 5359 "EE-

2088 5347 2621 5439 SSoxnpro‘sumptu
2662 5354 2892 5439 videtur
2922 5357 3012 5412 bis
3043 5347 3453 5439 hisp-cepisse.
3481 5360 3625 5439 Χγιε.

2132 5424 2271 5516 ⁷ςξΟ)
2306 5423 2603 5516 librarius
2654 5444 2767 5516 non
2818 5430 3032 5514 inepte,
3061 5423 3184 5512 ita?
3213 5428 3319 5516 μῂν
3358 5423 3475 5516 ’ἔδει
3511 5424 3731 5516 μᾶλλον

2082 5492 2393 5621 Ξύτένξιά
2449 5500 2608 5551 τοῦτο
2663 5492 2933 5569 διηνεκῶς
2992 5492 3088 5553 τοῦ
3167 5492 3436 5555 παλνατίου
3512 5492 3733 5575 ’διάγειν

2108 5584 2171 5617 κτ
2210 5586 2253 5626 ς.
2332 5586 2416 5623 YL.
