4026 6210
254 342 377 402 105

1414 337 1964 400 HISTORIARUM
2007 338 2553 405 COMPENDIUM.

3562 346 3681 411 106

253 467 549 545 συμϐολήν
602 468 765 527 ὁποία
813 467 952 537 ἐστὶ,
997 470 1143 544 τάχα
1191 466 1238 523 δ’
1288 466 1421 531 ἴσως
1464 469 1553 524 καὶ
1592 464 1890 545 ἐκφοϐῆσαι

2030 472 2176 528 371
2215 473 2488 530 exhibere
2509 474 2714 546 jussit,
2746 473 3228 533 oblectandorum
3267 478 3490 537 scilicet
3535 498 3679 557 spe-

244 563 385 640 ’ξίφη
435 560 617 637 γυμνὰ
664 554 935 621 λαϐόντας
978 558 1129 621 τινας
1178 558 1497 633 προσέταξεν
1550 558 1626 621 ὡς
1675 558 1727 614 ἐν
1778 580 1915 634 προ-

255 654 511 729 σχήματι
569 646 857 722 πολεμίων
913 648 1123 719 παῖξαι,
1179 647 1256 711 είς
1311 646 1544 703 ἑστίασιν
1608 650 1753 724 τάχα
1804 653 1911 703 τῶν

254 743 487 797 θεατῶν.
537 738 751 797 Τούτου
804 736 863 793 δὲ
911 738 1230 813 γενομένου,
1273 737 1366 793 τὸν
1407 741 1532 792 νοῦν
1563 741 1670 793 τῶν
1707 736 1913 815 βλεπο-

261 833 438 907 μένων
511 832 879 905 ἀγνοήσαντες
938 830 989 885 oi
1047 830 1265 905 θεωροὶ,
1323 830 1413 885 καὶ
1460 830 1559 898 τὴν
1613 834 1913 905 κρατοῦσαν

257 924 453 999 φήμην
509 920 669 981 τέλος
720 917 829 989 ἤδη
907 916 1206 992 λαμϐάνειν
1269 919 1725 991 ὑποτοπάσαντες,
1785 915 1910 990 δρο-

259 1016 412 1086 μαῖοι
465 1010 555 1066 ἐπὶ
604 1009 702 1071 τὰς
767 1005 982 1081 ἐξόδους
1038 1009 1284 1083 ἐχώρουν
1342 1006 1689 1083 κρημνώδεις
1749 1007 1911 1071 οὸσας

250 1101 341 1156 καὶ
422 1099 719 1177 σφαλερὰς,
796 1098 888 1153 καὶ
957 1098 1047 1153 ὑπ’
1119 1095 1387 1168 ἀλλήλων
1458 1096 1907 1171 συμπατούμενοι

251 1191 620 1260 ἀπέθνησκον.
654 1188 757 1247 Καὶ
808 1186 1098 1243 ἀπώλοντο
1151 1186 1212 1241 ἂν
1246 1188 1476 1249 ἅπαντες
1525 1188 1610 1241 ὑπ’
1638 1184 1904 1257 ἀλλήλων

248 1278 750 1351 καταπατούμενοι,
804 1278 888 1351 [Ρ.
939 1276 1067 1350 660]
1113 1275 1158 1330 εί
1212 1277 1288 1349 μὴ
1335 1277 1363 1331 6
1409 1273 1663 1352 βασιλεὺς
1716 1275 1901 1351 ὡράθη

2026 566 2318 619 ctatorum
2369 581 2566 621 causa.
2618 564 2832 621 Verum
2866 570 3221 638 spectatores
3251 569 3391 640 quid
3417 570 3528 627 hoc
3558 574 3670 629 sibi

2022 651 2195 709 vellet
2249 652 2611 727 ignorantes,
2650 654 2895 728 jamque
2942 655 3000 711 id
3050 655 3144 728 agi
3195 661 3466 729 putantes
3517 664 3671 732 quod

2023 758 2226 799 rumor
2255 744 2375 800 fore
2396 743 2867 815 conﬁrmarat,ad
2893 744 3082 800 exitus
3103 745 3318 802 theatri
3343 754 3671 821 prmruptos

2022 848 2088 888 ac
2130 831 2389 890 lubricos
2437 850 2613 890 cursu
2662 850 2724 890 se
2754 833 3192 906 contuluerunt,
3223 834 3426 909 ibique
3451 836 3550 892 alii
3596 839 3671 894 ab

2021 919 2152 977 aliis
2182 922 2501 979 cenculcati
2535 923 2834 995 perierunt
2863 923 3498 998 permulti,omnesque
3528 927 3672 984 adeo

2017 1009 2267 1067 invicem
2299 1012 2497 1068 obtriti
2528 1012 2864 1085 periissent,
2914 1012 3026 1070 nisi
3059 1019 3368 1086 conspecto
3414 1016 3673 1089 impera-

2018 1102 2268 1173 tore,qui
2303 1101 2361 1156 in
2394 1100 2539 1157 solio
2572 1102 2855 1158 immotus
2884 1119 2951 1158 ac
2980 1103 3174 1174 quiete
3206 1104 3670 1173 assidebat,sen-

2017 1190 2237 1246 sissent
2269 1190 2501 1247 nolente
2530 1208 2595 1247 eo
2628 1191 2787 1248 hunc
2816 1192 3099 1250 accidisse
3121 1192 3463 1262 tumultum,
3490 1212 3555 1252 ac
3578 1196 3670 1252 fu-

2015 1279 2213 1351 giendi
2246 1280 2422 1336 ﬁnem
2454 1280 2752 1338 fecissent.

248 1364 335 1419 ἐπὶ
365 1369 466 1420 τοῦ
499 1366 680 1429 θώκου
719 1365 1028 1437 καθήμενος
1054 1360 1214 1435 ἀδεής
1244 1385 1300 1418 τε
1342 1364 1431 1418 καὶ
1459 1361 1739 1438 ἄτρεπτος·
1791 1362 1847 1417 ὅν
1901 1361 2032 1419 ἰδὼν
2064 1366 2091 1419 6
2123 1362 2301 1438 δῆμος
2356 1367 2430 1440 μὴ
2475 1366 2930 1441 παρακινηθέντα,
2977 1366 3067 1422 καὶ
3115 1370 3542 1441 κατανοήσαντες
3589 1370 3664 1434 ὡς

248 1452 482 1516 ἄκοντος
514 1452 679 1508 αὑτοῦ
708 1453 902 1527 γέγονε
923 1452 986 1507 τὸ
1017 1451 1334 1526 γενόμενον,
1365 1449 1593 1523 ἔστησαν
1626 1457 1727 1521 τῆς
1759 1454 1954 1530 φυγῆς.

315 1558 565 1634 Πρόοδον
599 1556 658 1614 δὶ
706 1555 972 1631 δημοσίαν
1021 1559 1321 1628 ποιήσαντα
1367 1557 1460 1612 τὸν
1501 1556 1818 1635 Νικηφόρον
1853 1557 1906 1612 ἐν

242 1649 309 1723 τῇ
365 1653 529 1725 Πηγῇ
604 1648 743 1703 κατὰ
814 1649 914 1716 τὴν
976 1647 1168 1721 ἑορτήν
1240 1653 1341 1716 τῆς
1399 1645 1755 1719 Ἀναλήψεως
1808 1650 1905 1700 τοῦ

245 1740 485 1811 Χριστοῦ
514 1742 613 1793 τοῦ
662 1741 795 1793 θεοῦ
843 1738 1028 1809 ἡμῶν,
1080 1736 1169 1790 καὶ
1230 1734 1633 1812 ὑποστρέφοντα
1682 1736 1731 1789 οἰ
1782 1756 1904 1811 συγ-

242 1832 419 1902 γενεῖς
449 1832 561 1882 τῶν
612 1826 667 1882 ἐν
714 1830 793 1898 τῷ
840 1823 1175 1901 ἱπποδρόμῳ
1214 1822 1590 1880 ἀπολωλότων
1621 1822 1901 1898 δεξάμενοι

244 1916 293 1971 ἐν
463 1920 573 1971 τῶν
624 1918 1006 1991 Ἀρτοπρατῶν
1051 1914 1226 1990 ἀγορᾷ
1274 1908 1457 1988 ὕϐρεις
1507 1913 1733 1992 ἠφίεσαν
1783 1916 1902 1969 κατ’

2089 1561 2235 1618 Cum
2262 1563 2335 1618 ad
2366 1562 2606 1619 Fontem
2640 1562 2850 1623 deinde
2880 1565 3197 1637 imperator
3247 1565 3475 1638 publice
3524 1584 3664 1639 pro-

2017 1651 2293 1708 cessisset
2340 1652 2503 1709 feriis
2550 1655 2990 1726 Assumptionis
3038 1655 3276 1723 Christi,
3318 1657 3660 1713 redeuntem

2015 1742 2247 1811 cognati
2275 1759 2478 1797 eorum
2510 1742 2610 1814 qui
2641 1743 2701 1797 in
2731 1742 2892 1799 Circo
2924 1743 3216 1816 perierant
3247 1744 3305 1799 in
3338 1745 3461 1800 foro
3486 1747 3657 1803 Arto-

2012 1835 2219 1901 praton
2279 1834 2434 1887 nacti
2494 1832 2760 1887 convitiis
2814 1834 3239 1905 prosederunt,
3297 1834 3657 1907 ﬂagitiosum

2008 1918 2367 1976 homicidam
2399 1926 2457 1976 et
2496 1921 2870 1994 popularium
2892 1923 3179 1996 sanguine
3197 1923 3663 1981 contaminatum

242 2007 410 2061 αὑτοῦ
468 2006 755 2081 ἀπρεπεῖς,
808 2003 1085 2081 ἀλάστορα
1129 2004 1220 2058 καὶ
1278 2001 1624 2076 παλαμναῖον
1686 2003 1894 2059 ἀποκα-

2006 2008 2726 2083 vocantes,pulveremquc
2741 2012 3021 2067 adversus
3036 2029 3168 2067 eum
3199 2016 3255 2068 et
3276 2030 3414 2069 saxa
3430 2015 3665 2084 jactan-

240 2093 463 2159 λοῦντες
518 2094 611 2149 καὶ
669 2091 975 2172 ὁμοφύλοις
1044 2091 1235 2165 α’ίμασι
1294 2091 1488 2167 μιαρὸν
1524 2135 1539 2164 ,
1596 2091 1687 2147 καὶ
1744 2094 1892 2148 κόνιν

234 2186 323 2240 καὶ
358 2185 552 2249 λίθους
599 2179 841 2257 ἔπεμπον
895 2182 971 2247 εἷς
1018 2182 1176 2237 αὑτὸν
1224 2183 1352 2259 ἄχρι
1406 2189 1506 2251 τῆς
1554 2181 1753 2259 ἀγορᾶς
1798 2187 1895 2237 τοῦ

235 2274 496 2350 Μεγάλου
555 2273 1001 2331 Κωνσταντίνου.
1062 2273 1161 2327 Καὶ
1219 2270 1475 2343 ἀπεπάγη
1546 2273 1639 2345 μὶν
1701 2270 1760 2326 ἂν
1814 2277 1893 2341 τῷ

237 2361 365 2431 δέει,
418 2363 465 2418 εί
524 2365 600 2435 μή
646 2382 787 2424 τινες
840 2361 1177 2435 ἐντιμότεροι
1222 2366 1332 2418 τῶν
1386 2360 1634 2417 πολιτῶν
1682 2360 1893 2437 προλα-

235 2447 425 2514 ϐόντες
480 2452 612 2514 τοὺς
665 2452 761 2525 μὲν
816 2450 1173 2512 ἀτακτοῦντας
1231 2448 1560 2524 ἀνέστειλαν,
1620 2451 1782 2507 αὐτὸν
1837 2448 1895 2506 δὲ

236 2541 613 2619 εὐφημοῦντες
673 2540 806 2616 ἄχρι
860 2544 961 2596 τοῦ
1016 2539 1287 2596 παλατίου
1361 2540 1737 2616 προέπεμψαν.
1797 2540 1895 2595 Διὰ

233 2636 405 2685 ταῦτα
463 2630 643 2685 πάντα
698 2631 1054 2706 ἀπηχθῆσθαι
1114 2629 1264 2704 παρᾶ
1316 2634 1424 2685 τῶν
1483 2628 1726 2685 πολιτῶν
1776 2629 1893 2685 ἐπι-

235 2720 503 2793 στάμενος
551 2720 641 2775 καὶ
713 2719 949 2774 ἰπίθεσιν
1010 2720 1362 2796 ὑφορώμενος
1434 2721 1532 2789 τήν
1592 2718 1890 2795 ἀκρόπολιν

232 2806 572 2882 ξδομήσατο.
624 2805 787 2864 Ἀλλ’
843 2807 944 2864 οὐκ
997 2806 1246 2879 ἠδυνήθη
1280 2805 1554 2885 διαφυγεῖν
1581 2808 1643 2863 τὸ
1688 2809 1891 2885 χρεὼν,

2005 2104 2113 2161 tes,
2148 2098 2331 2154 donec
2363 2099 2435 2153 ad
2468 2099 2660 2155 forum
2702 2100 3071 2156 Constantini
3121 2101 3317 2174 Magni
3369 2103 3656 2175 pervenit.

2006 2187 2075 2241 Et
2104 2187 2315 2243 fuisset
2345 2205 2487 2244 sane
2517 2189 2886 2245 exanimatus
2920 2194 3099 2258 metu,
3136 2190 3247 2245 nisi
3280 2192 3495 2247 civium
3545 2192 3656 2248 ho-

2006 2274 2329 2331 noratiores
2361 2276 2603 2346 quidam
2634 2294 2768 2333 eum
2811 2278 3097 2351 repressis
3146 2279 3656 2338 tumultuantibus

2003 2364 2325 2436 stipassent
2347 2369 2404 2420 et
2438 2365 2645 2421 faustis
2677 2365 3199 2423 acclamationibus
3246 2370 3543 2439 prosecuti
3591 2370 3652 2427 in

2003 2452 2289 2525 palatium
2337 2453 2740 2510 deduxissent.
2786 2454 2867 2511 Ob
2917 2454 3039 2510 hac
3069 2456 3268 2512 omnia
3295 2456 3555 2513 invisum
3587 2474 3653 2515 se

2003 2543 2227 2599 civibus
2260 2559 2506 2600 cernens
2538 2548 2595 2599 et
2624 2543 2870 2600 insidias
2891 2544 3106 2602 timens
3128 2561 3323 2603 arcem
3345 2547 3648 2603 exstruxit.

2002 2631 2199 2704 Neque
2230 2636 2424 2689 tamen
2453 2632 2641 2689 fatum
2673 2632 3038 2703 evitavit,sed
3065 2650 3182 2706 quo
3204 2638 3469 2707 tempore
3493 2637 3648 2693 372

2003 2721 2203 2778 omnia
2233 2721 2346 2779 sibi
2380 2721 2438 2778 in
2473 2727 2595 2779 tuto
2626 2739 2755 2779 esse
2788 2722 3030 2795 putavit,
3048 2722 3229 2780 vitam
3260 2724 3649 2790 amisit.Quo-

2005 2811 2176 2866 modo
2210 2827 2304 2867 res
2329 2812 2407 2867 sit
2438 2815 2583 2880 acta,
2617 2828 2725 2867 suo
2752 2812 2980 2867 dicetur
3009 2812 3156 2869 loco.

226 2897 359 2952 ἀλλ’
422 2896 512 2953 ὅτε
566 2896 752 2961 καλῶς
809 2892 957 2974 ἔχειν
1013 2896 1161 2970 αὖτῷ
1214 2897 1282 2953 τὰ
1332 2898 1506 2953 πάντα
1563 2897 1742 2970 ᾠήθη,
1800 2895 2067 2973 ἀπέρρηξε
2121 2899 2219 2967 τὴν
2282 2900 2449 2970 ζωήν.
2509 2898 2609 2954 Καὶ
2667 2898 2839 2968 ὅπως,
2896 2898 2948 2954 ἒν
3002 2904 3082 2972 τῷ
3144 2899 3405 2976 πρέποντι
3470 2904 3647 2979 καιρῷ

228 2988 554 3064 ῥηθήσεται.

290 3096 556 3172 Τετάρτῳ
600 3092 659 3150 δὶ
704 3102 804 3165 τῆς
853 3094 1015 3150 αὑτοῦ
1069 3092 1342 3171 βασιλείας
1390 3090 1517 3165 ἔτει,
1573 3092 1705 3167 μηνὶ
1753 3094 1883 3150 Ἰου-

2062 3096 2230 3150 Anno
2261 3094 2495 3167 imperii
2526 3097 2616 3153 sui
2648 3098 2701 3168 4,
2735 3097 3056 3154 indictione
3089 3099 3176 3168 10,
3224 3115 3425 3157 mense
3468 3099 3645 3157 Junio

218 3184 343 3257 νὶῳ,
407 3187 510 3253 τῆς
568 3186 597 3239 ι’
654 3182 1015 3253 ἶνδικτιῶνος,
1070 3185 1166 3245 τὰς
1225 3182 1279 3238 ἰν
1327 3186 1396 3257 τῇ
1455 3183 1637 3259 Θρᾴκῃ
1689 3181 1882 3244 πόλεις

221 3274 365 3348 ἐξῄει
404 3273 862 3347 ἐπισκεψόμενος,
912 3273 1001 3328 καὶ
1049 3274 1339 3348 γενόμενος
1393 3270 1526 3347 ἄχρι
1570 3278 1672 3341 τῆς
1723 3270 1880 3348 λεγο⁶

224 3364 397 3435 μένης
462 3360 712 3439 μεγάλης
760 3360 954 3425 σοόδας
1002 3356 1203 3438 ἔγραψε
1270 3360 1458 3436 Πέτρῳ
1507 3365 1586 3433 τῷ
1636 3360 1882 3435 Βουλγα-

225 3454 350 3529 ρίας
406 3450 641 3529 ἄρχοντι
706 3453 783 3525 μὴ
843 3450 931 3523 ἰᾷν
989 3452 1117 3514 τοὺς
1163 3450 1434 3526 Τοόρκους
1483 3447 1738 3525 διαπερᾷν
1792 3450 1882 3505 τὸν

220 3545 453 3617 Ἴστρον
506 3542 598 3596 καὶ
654 3541 721 3596 τὰ
771 3540 1054 3613 Ῥωμαίων
1130 3538 1501 3612 λυμαίνεσθαι.
1558 3539 1769 3596 Τούτου
1827 3535 1885 3594 δὶ

226 3633 304 3704 μή
365 3632 749 3707 προσέχοντος
828 3629 973 3685 ἀλλὰ
1027 3630 1307 3691 παντοίαις
1363 3629 1637 3707 ἀφορμαῖς
1692 3648 1889 3705 παρα-

222 3722 549 3794 κρούοντος,
596 3719 690 3774 τὸν
738 3716 834 3774 τοῦ
882 3717 941 3773 ἐκ
982 3720 1267 3792 Χερσῶνος
1302 3718 1679 3794 πρωτεύοντος
1711 3717 1825 3772 υίὸν
1857 3718 1885 3772 6

220 3806 559 3883 Νικηφόρος
630 3804 723 3860 τὸν
800 3802 1118 3879 Καλοκυρὸν
1195 3804 1576 3877 πατρικιότητι
1650 3806 1889 3877 τιμήσας

222 3898 365 3967 πρὸς
428 3895 522 3949 τὸν
583 3893 827 3970 ἄρχοντα
875 3895 1103 3957 Ῥωσίας
1173 3894 1435 3967 ἐκπέμπει
1507 3891 1885 3971 Σφενδοσθλά-

224 3979 345 4054 ϐον,
391 3981 619 4058 δωρειῖιν
672 3981 996 4059 ὑποσχέσεσι
1040 3983 1129 4037 καὶ
1176 3981 1507 4060 φιλοτιμιῶν
1542 3982 1641 4037 οὐκ
1688 3980 1890 4057 ὀλίγων

225 4073 542 4136 ἀναπείθων
591 4070 971 4148 ἐκστρατεῦσαι
1023 4072 1159 4127 κατὰ
1209 4070 1577 4147 Βουλγάρων.
1628 4072 1887 4135 Πεισθέν-

223 4183 311 4223 τες
362 4163 469 4217 οῦν
508 4163 561 4216 οἱ
613 4161 751 4224 Ῥὼς
797 4162 888 4216 καὶ
938 4159 1255 4223 ἐπελθόντες
1299 4160 1367 4235 τῇ
1416 4159 1726 4236 Βουλγαρίᾳ
1755 4161 1891 4215 κατὰ

221 4253 315 4307 τὸν
380 4249 700 4326 Αὔγουστον
757 4257 922 4325 μῆνα,
981 4257 1080 4322 τῆς
1120 4252 1186 4305 ια’
1236 4248 1599 4322 ἷνδικτιῶνος,
1653 4242 1890 4322 πέμπτῳ

226 4349 329 4411 τῆς
397 4340 685 4415 βασιλείας
743 4338 848 4396 ἔτει
904 4344 1001 4395 τοῦ
1052 4340 1396 4417 Νικηφόρου,
1440 4336 1655 4402 πολλὰς
1696 4336 1889 4400 πόλεις

223 4432 313 4485 καὶ
345 4432 551 4506 χώρας
602 4426 870 4507 ἠδοὶφισαν
919 4433 1027 4485 τῶν
1072 4428 1427 4505 Βουλγαὶρων,
1472 4428 1561 4483 καὶ
1612 4426 1759 4483 λείαν
1806 4426 1889 4484 ὅτι

226 4518 504 4590 πλείστην
567 4514 997 4595 περιϐαλόμενοι
1066 4519 1395 4594 ὑπέστρεψαν
1474 4517 1549 4581 εἷς
1615 4516 1682 4572 τὰ
1758 4513 1887 4571 ἴδια.

227 4609 328 4663 Καὶ
382 4614 474 4681 τῷ
526 4606 669 4681 ἕκτῳ
720 4606 777 4663 δὲ
821 4607 984 4663 πάλιν
1034 4610 1130 4677 τῆς
1183 4605 1461 4684 βασιλείας
1507 4606 1671 4662 αὑτοῦ
1702 4607 1890 4683 χρόνῳ

228 4697 662 4772 ἐπεστράτευσαν
722 4698 858 4753 κατᾶ
904 4695 1265 4774 Βουλγαρίας,
1312 4695 1402 4751 καὶ
1459 4698 1526 4751 τὰ
1573 4694 1742 4769 ὅμοια
1786 4698 1893 4750 τῶν

230 4790 522 4865 προτέρων
581 4786 619 4856 ἢ
672 4785 762 4841 καὶ
817 4786 1038 4864 χείρονα
1094 4783 1486 4861 διεπράξαντο.
1547 4785 1777 4859 Δευτέρᾳ
1836 4781 1893 4838 δὶ

232 4871 628 4953 Σεπτεμϐρίου
664 4876 857 4949 μηνὸς,
888 4874 1004 4949 ὥρᾳ
1048 4881 1149 4945 τῆς
1195 4875 1381 4937 νυκτὸς
1440 4874 1509 4950 β’,
1560 4872 1893 4935 ἷνδικτιῶνος

232 4969 318 5036 ια’,
376 4966 582 5041 γέγονε
642 4964 886 5041 βρασμὸς
938 4965 1028 5019 καὶ
1086 4962 1283 5025 κλόνος
1334 4970 1437 5038 γῆς
1495 4962 1746 5036 ἐξαίσιος,
1801 4964 1891 5016 καὶ

227 5052 399 5118 ἔπαθε
459 5057 643 5115 κακῶς
701 5052 967 5128 Ὀνωριᾶς
1012 5050 1101 5108 καὶ
1160 5049 1553 5129 Παφλαγονία.
1610 5049 1890 5125 Ἐγένοντο

229 5141 408 5200 εὶκαί
467 5144 661 5215 ἄνεμοι
708 5142 843 5197 κατᾶ
884 5141 976 5196 τὸν
1025 5142 1201 5199 Μάϊον
1236 5147 1383 5215 μῆνα
1406 5146 1505 5211 τῆς
1549 5140 1714 5209 αὐτῆς
1748 5136 1893 5194 ἱνδι-

225 5238 478 5294 κτιῶνος
507 5230 741 5305 σκληροὶ
773 5230 863 5285 καὶ
909 5226 1309 5305 καυματώδεις,
1358 5229 1551 5291 οἵτινες
1598 5228 1723 5293 τοὺς
1765 5248 1893 5305 καρ-

229 5324 371 5385 1:06.;
426 5318 737 5399 διέφθειραν
788 5318 973 5383 αὐταῖς
1018 5316 1288 5393 ἀμπέλοις
1333 5319 1425 5375 καὶ
1477 5315 1767 5394 δένδρεσιν,
1815 5317 1891 5381 ὡς

229 5412 487 5476 ἐντεῦθεν
542 5410 678 5464 κατὰ
734 5409 834 5477 τὴν
881 5409 951 5483 ιβ’
1003 5406 1315 5463 ἶνδικτιῶνα
1366 5404 1732 5486 σφοδςότατον
1792 5406 1891 5462 έπ-

227 5502 528 5578 ενεχθῆναι
572 5497 761 5571 λιμόν.
797 5496 895 5554 Καὶ
949 5495 1065 5554 δέον
1109 5499 1200 5554 τὸν
1256 5496 1483 5574 βασιλέα
1518 5500 1617 5568 τῆς
1646 5501 1754 5553 τῶν
1788 5497 1895 5553 ὑπ-

228 5593 419 5663 ηκόων
482 5588 759 5668 φροντίσαι
810 5586 1103 5665 σωτηρίας,
1136 5588 1163 5643 6
1194 5585 1252 5643 δὲ
1278 5588 1370 5644 τὸν
1420 5586 1703 5664 βασιλικὸν
1746 5584 1893 5644 ο⁹ίτον

225 5680 535 5760 γλίσχρως
603 5676 835 5753 πωλῶν,
910 5676 998 5734 καὶ
1067 5675 1725 5755 καταπραγματευόμενος
1791 5678 1895 5752 τὴν

573 5808 839 5873 Ρλτιοι..
884 5808 995 5871 Gs.
1043 5806 1284 5872 CXXII.

1920 4488 1968 4551 D

1991 3184 2130 3240 exiit
2159 3184 2423 3239 Thracia
2454 3186 2626 3240 urbes
2646 3185 3134 3257 contemplatum.
3158 3188 3422 3260 Cumque
3454 3207 3648 3262 usque

1991 3274 2063 3329 ad
2094 3276 2365 3344 Magnam
2398 3274 2633 3329 Fossam
2668 3276 3045 3345 pervenisset,
3076 3277 3312 3333 Petrum
3356 3278 3643 3351 Bulgaria

1992 3363 2317 3434 principem
2353 3362 2621 3417 hortatus
2647 3368 2738 3417 est
2768 3379 2871 3433 per
2897 3364 3122 3420 litteras
3156 3381 3227 3420 ne
3257 3364 3476 3422 sineret
3502 3371 3644 3422 Tur-

1993 3467 2091 3507 cos
2125 3451 2341 3507 Istrum
2371 3452 2642 3521 trajicere
2671 3456 2728 3507 et
2757 3452 3153 3509 Romanorum
3184 3453 3469 3509 ditionem
3502 3454 3645 3509 infe-
3746 3516 3749 3517 ν

1994 3545 2167 3596 stare.
2204 3540 2449 3609 Bulgaro
2482 3557 2597 3595 non
2629 3540 3090 3612 obtemperante,
3121 3543 3221 3599 sed
3253 3542 3444 3598 omnis
3475 3558 3647 3615 gene-

1997 3630 2078 3684 ris
2130 3628 2411 3685 adhibitis
2468 3631 2847 3700 praatextibus
2896 3636 3226 3697 recusante,
3276 3632 3643 3703 Nicephorus

1996 3717 2335 3787 Calocyrum
2402 3719 2705 3774 Chersonii
2773 3720 3052 3790 principis
3121 3720 3330 3787 ﬁlium,
3397 3722 3646 3793 patricia

1996 3806 2284 3879 dignitate
2312 3813 2678 3874 exornatum,
2713 3809 2785 3863 ad
2812 3808 3389 3878 Sphendostblabum
3431 3808 3643 3865 Rosso-

1997 3913 2127 3951 rum
2163 3896 2488 3968 principem
2522 3896 2726 3966 mittit,
2753 3912 3007 3968 eumque
3037 3913 3349 3953 munerum
3398 3914 3465 3953 ac
3513 3898 3645 3954 ofﬁ-

2000 3985 2225 4040 ciorum
2257 3984 2780 4057 pollicitationibus
2829 3986 2899 4040 ad
2952 3985 3322 4043 inferendum
3374 3986 3646 4058 Bulgaria

2000 4071 2218 4130 bellum
2251 4072 2551 4130 sollicitat.
2586 4072 2753 4130 Rossi
2784 4073 3073 4142 obsecuti,
3104 4074 3424 4131 indictione
3456 4075 3648 4131 unde-

2000 4164 2446 4234 cima,Augusto
2460 4162 3400 4235 mense,annoimperiiNicepbori
3426 4164 3636 4236 quinto

1999 4250 2060 4306 in
2092 4250 2427 4323 Bulgariam
2460 4249 2845 4322 impressione
2894 4250 3044 4306 facta
3092 4250 3305 4307 multas
3355 4252 3530 4308 urbes
3581 4268 3647 4308 ao

2000 4338 2240 4396 castella
2286 4337 2672 4411 Bulgarorum
2722 4337 2845 4394 solo
2891 4343 3287 4411 aequaverunt,
3338 4341 3650 4413 praedaque

2002 4428 2170 4502 potiti
2202 4428 2426 4500 ingenti
2459 4428 2700 4483 domum
2736 4426 3052 4483 redierunt.
3088 4430 3303 4485 Eodem
3336 4430 3529 4501 modo,
3562 4433 3649 4485 at-

2001 4534 2116 4590 que
2145 4517 2319 4573 etiam
2352 4515 2657 4589 aliquanto
2688 4517 3079 4583 durius,anno
3104 4518 3363 4591 proxime
3387 4519 3652 4575 insecuto

2002 4606 2280 4678 Bulgaros
2321 4609 2739 4661 tractaverunt.
2793 4606 3115 4662 lndictione
3165 4607 3496 4674 undecima,
3550 4625 3653 4679 po-

2002 4696 2208 4753 stridie
2238 4694 2628 4752 Kalendarum
2658 4695 3189 4768 Septembris,hora
3220 4696 3410 4753 noctis
3440 4696 3656 4753 duode-

2002 4784 2378 4858 cima,fragor
2406 4790 2465 4841 et
2495 4789 2660 4841 terra:
2694 4790 2888 4841 motus
2919 4785 3249 4841 horrendus
3280 4786 3656 4856 fuit,afilixit-

2002 4891 2117 4946 que
2168 4874 2561 4931 Honoriadem
2611 4878 2669 4929 et
2719 4872 3202 4946 Paphlagoniam.
3254 4874 3406 4931 Maio
3474 4875 3653 4931 etiam

2002 4980 2203 5020 mense
2234 4963 2499 5034 ejusdem
2533 4963 2671 5019 anni
2690 4964 2845 5021 venti
2871 4964 3172 5036 spirarunt
3192 4964 3383 5037 asperi
3406 4968 3462 5021 et
3484 4982 3659 5021 uren-

2002 5053 2221 5125 tes,qui
2256 5053 2484 5109 fructus
2517 5069 2635 5108 una
2666 5069 2799 5108 curn
2828 5053 3048 5109 vitibus
3080 5070 3147 5110 ac
3168 5055 3322 5110 373
3346 5054 3658 5110 arboribus

2002 5142 2618 5215 perdiderunt.1taque
2650 5158 2802 5198 anno
2834 5143 3098 5215 proxime
3126 5144 3390 5201 insecuto
3413 5143 3661 5218 penuria

2003 5233 2227 5289 exstitit
2252 5230 2624 5306 gravissima.
2660 5231 2744 5287 Ibi
2776 5232 3114 5306 imperator,
3140 5250 3317 5306 quem
3349 5233 3658 5290 convenie-

2002 5322 2104 5381 bat
2136 5321 2348 5379 salutis
2377 5320 2751 5378 subditorum
2784 5337 2982 5377 curam
3022 5338 3245 5394 gerere,
3292 5323 3656 5380 frumentum

2003 5429 2178 5469 suum
2212 5427 2426 5485 magno
2459 5410 2713 5467 vendens
2736 5426 2804 5466 ac
2835 5426 2903 5467 ex
2933 5410 3269 5469 calamitate
3300 5429 3544 5470 suorum
3574 5412 3660 5467 lu-

2003 5518 2168 5557 crum
2204 5501 2447 5571 faciens,
2479 5498 2649 5573 quasi
2685 5513 2745 5554 re
2774 5499 3050 5571 praeclare
3099 5506 3265 5574 gesta
3306 5500 3552 5573 jactavit
3597 5516 3659 5555 se

2005 5589 2269 5647 modium
2301 5604 2476 5645 aureo
2510 5603 2755 5644 nummo
2786 5588 2957 5644 vendi
2990 5588 3231 5645 solitum
3263 5590 3498 5646 duobus
3526 5600 3660 5640 ven-

2003 5680 2246 5739 didisse.
2277 5680 2474 5753 Longe
2503 5676 2671 5736 aliter
2716 5676 2973 5735 Basilius
3022 5678 3261 5736 Macedo
3314 5676 3658 5750 imperator;

3304 5806 3346 5865 4
