4026 6210
354 320 468 381 107

1698 316 2015 379 GEORGII
2061 316 2400 379 CEDRENI

3644 328 3766 390 108

352 450 452 524 qui
485 466 621 506 cum
652 465 863 522 magna
890 448 1196 506 Dominica
1227 449 1319 506 die
1351 449 1410 505 in
1454 450 1636 506 eadem
1691 447 1989 520 Apostolo-

2110 467 2391 523 συμφοραν
2440 451 2550 503 τῶν
2598 449 2702 504 ὑπὸ
2751 453 2913 527 χεῖρα
2944 452 3027 524 [Ρ.
3059 454 3187 526 661]
3216 451 3381 530 ηὔχει
3428 453 3504 519 ὥς
3532 476 3585 511 τι
3621 458 3768 532 μέγα

350 559 483 597 rum
505 540 1062 612 venisset,civesque
1086 541 1375 612 quosdam
1402 539 1727 595 venerando
1761 541 1999 609 aspectu

360 631 578 687 videret
606 629 760 687 tristi
792 630 959 686 vultu
990 634 1047 685 et
1076 646 1383 685 maerorem
1414 646 1529 701 prae
1561 646 1622 683 se
1652 628 2003 695 ferentes,ad

356 738 418 777 se
448 725 685 776 vocatos
714 720 1087 792 interrogavit
1115 737 1218 775 cur
1248 736 1361 774 non
1394 718 1507 790 ipsi
1542 733 1775 789 quoque
1804 715 2003 789 splen-

357 810 493 866 dido
523 810 742 866 amictu
775 810 844 865 ad
878 826 1005 865 eam
1033 809 1466 865 solemnitatem
1489 806 2004 872 accessissent,sed

354 902 532 959 veluti
562 903 623 957 in
656 919 870 974 magna
900 901 1099 974 aliqua
1130 900 1383 957 civitatis
1414 899 1746 955 calamitate
1795 914 2007 954 maere—

354 996 515 1061 rent;
568 1008 821 1062 cumque
872 1008 1025 1046 unus
1074 1007 1275 1045 eorum
1331 989 1778 1062 respondisset:
1812 1010 1840 1037 «
1874 985 2006 1043 Tibi

352 1082 613 1154 quidem,
647 1080 905 1146 domine,
937 1084 995 1135 et
1024 1079 1097 1134 iis
1128 1079 1226 1150 qui
1276 1077 1385 1134 tibi
1433 1081 1649 1145 astant,
1701 1076 2004 1148 splendide

347 1169 545 1227 vestiri
566 1174 623 1225 et
647 1169 828 1224 laatari
852 1168 1122 1224 convenit
1147 1186 1159 1223 :
1186 1185 1302 1223 non
1333 1168 1474 1222 item
1499 1184 1597 1223 eos
1623 1166 1743 1222 haec
1775 1167 2003 1232 decent,

348 1259 448 1331 qui
473 1260 532 1313 in
555 1256 893 1312 discrimine
915 1257 1120 1312 mortis
1143 1274 1209 1312 su
1222 1255 1835 1312 ntconstituti.Videre
1848 1255 2002 1310 enim

348 1350 616 1420 ignorare
646 1348 718 1401 ob
743 1352 1050 1402 ventorum
1104 1346 1482 1417 asperitatem
1529 1346 1674 1401 duos
1724 1345 2003 1400 frumenti

351 1437 576 1492 modios
607 1452 783 1491 aureo
816 1451 1054 1491 nummo
1086 1435 1278 1502 vendi,
1315 1456 1343 1483 »
1376 1434 1485 1491 hac
1514 1451 1650 1489 voce.
1680 1433 1881 1488 audita
1910 1449 2004 1505 ge-

352 1526 565 1581 mitum
596 1542 663 1581 ex
696 1525 812 1581 imo
847 1524 1011 1579 duxit
1040 1528 1357 1595 pectore,et
1387 1524 1690 1580 miseratio
1710 1524 2001 1595 lacrymas

362 1615 415 1671 ei
471 1614 779 1686 expressit,
832 1612 1292 1684 consolatusque
1338 1629 1459 1682 eos,
1506 1619 1571 1669 ut
1620 1614 1679 1668 in
1712 1612 2001 1684 palatium

354 1704 552 1771 rediit,
600 1706 946 1759 convocatos
1001 1702 1215 1775 quibus
1280 1702 1471 1758 civilia
1517 1706 1576 1757 et
1623 1702 2001 1773 imperatoria

2115 538 2491 613 κατωρθωκὼς
2549 538 2633 595 ὅτι
2692 538 2887 612 μοδίου
2933 546 3013 615 τῷ
3060 543 3358 617 νομίσματι
3393 547 3767 621 πιπρασκομέ-

2111 647 2205 681 νου
2239 627 2400 691 αὐτὸς
2432 625 2528 683 δύο
2559 626 2864 684 πωλεῖσθαι
2913 634 3104 687 τοῦτον
3134 631 3371 703 ἐπέταξε,
3408 634 3484 706 μὴ
3516 636 3607 690 τὸν
3639 638 3768 693 Μα-

2110 713 2303 771 κεδόνα
2352 717 2736 793 μιμησάμενος
2799 719 3027 794 βασιλέα
3083 721 3389 778 Βασίλειον·
3452 724 3608 788 οὗτος
3662 726 3765 800 γὰρ

2110 808 2246 861 κατὰ
2283 808 2380 876 τὴν
2431 812 2623 878 καινὴν
2671 810 2951 881 Κυριακήν
3001 811 3381 887 ἀπερχόμενος
3430 811 3481 867 ἐν
3529 818 3609 885 τῷ
3660 810 3781 869 τῶν

2114 895 2387 969 Μεγάλων
2438 897 2791 954 Ἀποστόλων
2843 898 2980 972 ναῷ,
3030 899 3119 954 καὶ
3166 900 3490 973 θεασάμενος
3536 902 3767 966 πολίτας

2112 985 2261 1047 τινὰς
2295 984 2640 1061 ἱεροπρεπεῖς
2676 988 2770 1060 μὶν
2802 987 2891 1043 καὶ
2927 988 3178 1062 σεμνοὺς,
3212 987 3399 1053 ἄλλως
3432 988 3490 1047 δέ
3525 993 3767 1068 σκυθρω-

2112 1073 2249 1138 ποὺς
2277 1074 2367 1129 καὶ
2397 1080 2800 1154 κατηφιῶντας,
2852 1076 3014 1153 ἰγγὺς
3065 1078 3256 1132 ἑαυτοῦ
3285 1082 3766 1155 παραστησάμενος

2114 1160 2201 1218 διὰ
2244 1164 2293 1219 τί
2349 1167 2425 1237 μή
2476 1167 2563 1221 καὶ
2609 1165 2764 1221 αὐτοὶ
2814 1164 3337 1244 λαμπροφοροῦντες
3387 1167 3440 1225 έν
3493 1174 3561 1244 τῇ
3595 1171 3762 1247 ἑορτῇ

2111 1254 2354 1329 πάρεισιν
2410 1253 2684 1330 ἀνηρώτα,
2731 1254 2856 1310 ἀλλ’
2914 1257 2988 1319 ὡς
3047 1254 3107 1311 ἂν
3161 1255 3211 1311 έν
3268 1257 3477 1333 μεγάλῃ
3506 1266 3766 1336 συμφορᾷ

2110 1348 2208 1411 τῆς
2264 1341 2481 1407 πόλεως
2548 1340 2713 1414 οὔσης
2785 1344 3160 1421 στυγνάζουσι.
3222 1346 3366 1418 Πρὸς
3422 1348 3481 1403 ὃν
3536 1349 3763 1423 ἀπεκρί-

2110 1433 2234 1486 νατό
2273 1453 2356 1496 τις
2396 1436 2502 1487 τῶν
2559 1432 2822 1489 πολιτῶνο
2857 1458 2885 1487 ‹‹
2938 1434 3062 1505 Σοί,
3107 1436 3151 1489 ὢ
3203 1433 3456 1509 δέσποτα,
3505 1438 3591 1492 καὶ
3641 1443 3762 1501 τοῖς

2112 1520 2333 1575 ἑστῶσιν
2387 1517 2609 1598 ἔγγιστά
2656 1544 2750 1578 σου
2799 1524 2994 1599 πρέπει
3061 1524 3124 1579 τὸ
3194 1524 3610 1605 λαμπροφορεῖν
3661 1527 3762 1582 καὶ

2110 1611 2342 1685 χαίρειν
2379 1612 2459 1674 οἷς
2505 1610 2563 1666 δέ
2611 1616 2707 1667 τοῦ
2753 1614 2984 1678 θανάτου
3030 1613 3290 1690 πρόσεστι
3337 1613 3659 1691 προσδοκία,
3691 1617 3764 1673 τὰ

2106 1703 2331 1755 τοιαῦτα
2403 1700 2752 1775 ἂπεοίκασιν.
2813 1704 2881 1759 Ἢ
2932 1703 3143 1779 ἀγνοεῖς
3200 1702 3283 1759 ὅτι
3342 1700 3437 1760 δύο
3498 1701 3757 1779 μέδιμνοι

354 1792 586 1867 negotia
615 1792 1358 1860 commcndaverat,multis
1388 1796 1478 1847 est
1506 1792 1827 1848 insectatus
1857 1808 1989 1847 con-

2111 1788 2259 1844 σίτου
2304 1793 2382 1862 τῷ
2427 1791 2727 1865 νομίσματι
2776 1793 3171 1868 πιπράσκονται
3227 1789 3315 1847 διὰ
3361 1794 3460 1863 τὴν
3490 1798 3599 1848 τῶν
3630 1795 3756 1852 ἀνέ-

347 1884 512 1940 viciis
546 1884 1008 1954 detestatusque,
1043 1883 1198 1954 quod
1232 1883 1303 1938 de
1352 1882 1591 1938 caritate
1640 1898 1883 1937 annonas
1935 1895 1996 1936 se

347 1990 461 2027 non
513 1971 789 2028 fecissent
821 1972 1146 2028 certiorem.
1178 1970 1503 2043 Statimque
1532 1986 1741 2025 venum
1784 1986 1995 2042 propo-

344 2062 455 2117 sito
488 2063 642 2117 314
672 2077 778 2117 suo
805 2065 863 2116 et
892 2059 1126 2131 publico
1157 2061 1474 2131 frumento,
1515 2059 1825 2116 duodecim
1876 2075 1996 2115 mo-

344 2152 470 2207 dios
502 2166 677 2206 aureo
715 2149 1105 2220 vendijussit.
1140 2150 1303 2213 Quod
1335 2149 1463 2218 ejus
1492 2149 1707 2205 factum
1744 2148 1995 2220 probans

346 2246 498 2295 Deus
532 2239 897 2295 fertilitatem
930 2243 1019 2294 est
1050 2238 1314 2310 largitus.
1340 2243 1533 2309 Atque
1563 2237 1685 2293 haec
1715 2236 1995 2292 laudandi

344 2328 541 2386 Basilii
570 2328 759 2401 gratia
810 2328 945 2383 dixi.
992 2329 1062 2383 At
1108 2344 1243 2383 vero
1294 2328 1655 2400 Nicephorus
1705 2326 1997 2398 gaudebat

344 2420 539 2492 potius
565 2418 745 2489 afﬂigi
770 2435 1015 2475 cernens
1038 2418 1307 2473 subditos
1329 2434 1506 2489 quam
1529 2416 1674 2472 utiis
1697 2430 1996 2471 succurre-

344 2514 449 2564 ret.
484 2509 761 2580 ldemque
794 2507 1042 2563 faciebat
1072 2508 1181 2562 Leo
1214 2508 1393 2562 frater
1430 2506 1618 2577 ipsius
1654 2522 1993 2577 cauponan-

344 2599 503 2653 tibus
536 2612 830 2652 annonam
863 2600 917 2651 et
948 2612 1171 2651 merces
1202 2594 1548 2650 mulieribus
1580 2610 1642 2650 se
1668 2592 1993 2660 dans,mul-

343 2688 535 2757 tisque
584 2692 641 2742 et
686 2684 862 2740 variis
910 2684 1082 2740 malis
1132 2685 1330 2739 orbem
1378 2688 1666 2739 terrarum
1713 2682 1989 2754 implens.

340 2775 531 2846 Turpe
560 2774 798 2829 illorum
830 2778 1090 2843 quaestus
1125 2772 1389 2827 studium
1424 2772 1605 2827 facete
1649 2772 1801 2828 cives
1852 2772 1990 2827 sub-

340 2867 764 2921 sannaverunt.
831 2862 978 2917 Nam
1046 2879 1181 2917 cum
1250 2860 1570 2931 aliquando
1635 2862 1708 2917 ad
1771 2861 1989 2916 milites

340 2953 692 3011 exercendos
722 2952 782 3007 in
814 2969 1087 3023 campum
1122 2968 1470 3023 progressus
1501 2951 1816 3022 imperator
1844 2967 1989 3006 cano

340 3042 598 3114 cuidam,
630 3041 727 3113 qui
750 3042 902 3097 inter
924 3040 1142 3096 milites
1165 3057 1226 3096 se
1248 3040 1460 3096 ascribi
1488 3040 1739 3112 petebat,
1773 3039 1991 3095 diceret

340 3132 553 3205 ecquid
584 3131 759 3188 homo
790 3148 973 3188 canus
1003 3130 1061 3185 in
1094 3129 1366 3185 militiam
1401 3129 1571 3202 allegi
1606 3133 1990 3201 peteret,apte

2111 1900 2225 1951 μων
2275 1879 2632 1954 τραχύτητα;
2670 1904 2691 1932 ι
2728 1881 2871 1955 Ηρὸς
2915 1886 3082 1937 ταῦτα
3133 1882 3317 1957 βύθιον
3365 1882 3671 1956 ἀνοιμώξας
3721 1885 3751 1939 6

2110 1967 2363 2044 βασιλεὺς
2404 1969 2736 2044 συμπαθείας
2783 1970 3041 2042 ἀπέσταξε
3090 1967 3341 2047 δάκρυον,
3388 1972 3480 2026 καὶ
3521 1969 3750 2036 τούτους

2111 2058 2202 2131 μὶν
2258 2061 2683 2134 παρεμυθήσατο
2756 2057 3026 2134 δαψιλῶς,
3086 2058 3392 2115 ἐπανελθὼν
3447 2057 3495 2116 δ’
3551 2060 3627 2126 εἷς
3680 2062 3752 2117 τὰ

2109 2145 2358 2222 βασίλεια
2399 2148 2524 2211 τοὺς
2569 2148 2663 2211 τὰς
2710 2147 2999 2213 πολιτικάς
3040 2150 3129 2205 καὶ
3184 2149 3468 2225 βασιλικὰς
3526 2170 3753 2227 συναγα-

2104 2236 2211 2311 γὼν
2274 2236 2708 2313 μετερχομένους
2782 2236 3070 2317 φροντίδας
3146 2239 3365 2315 μυρίαις
3418 2234 3600 2315 ὕϐρεσι
3658 2240 3752 2294 καὶ

2106 2325 2259 2400 ἀραῖς
2305 2321 2672 2382 καθυπέϐαλεν
2714 2326 2796 2383 ὅτι
2845 2329 2921 2401 μὴ
2971 2329 3116 2401 αὑτῷ
3165 2327 3291 2403 περὶ
3341 2331 3443 2395 τῆς
3488 2324 3757 2391 σιτοδείας

2104 2413 2397 2487 ἐμήνυσαν,
2432 2418 2521 2470 καί
2554 2415 2711 2481 εὐθὺς
2740 2417 2831 2472 τὸν
2870 2416 3153 2492 βασιλικὸν
3183 2417 3274 2473 καὶ
3306 2414 3571 2491 δημόσιον
3603 2423 3756 2473 σῖτον

2102 2505 2433 2578 προθέμενος
2495 2502 2707 2560 δώδεκα
2761 2510 2858 2561 τοῦ
2914 2507 3252 2581 νομίσματος
3310 2503 3551 2563 δίδοσθαι
3611 2528 3757 2583 παρ-

2103 2593 2442 2649 εκελεύσατοο
2491 2592 2552 2647 οὗ
2597 2596 2697 2665 τὴν
2744 2594 3056 2671 προαίρεσιν
3109 2593 3504 2670 ἀποδεξάμενος
3552 2598 3579 2651 6
3619 2598 3753 2661 Θεὸς

2102 2681 2346 2752 εὐθηνίαν
2396 2680 2615 2752 πολλὴν
2663 2690 2780 2747 τοῖς
2829 2686 3137 2761 ἀνθρώποις
3183 2687 3513 2762 παρέσχετο.
3573 2686 3755 2743 Ἀλλᾶ

2099 2775 2266 2825 ταῦτα
2326 2772 2419 2844 μὲν
2477 2770 2551 2836 εἷς
2609 2770 2823 2828 ἔπαινον
2881 2773 3086 2829 ἐκείνου
3132 2773 3346 2851 ἐρρέθηο
3395 2777 3422 2830 6
3473 2773 3530 2831 δὲ
3577 2782 3751 2847 Νικη-

2101 2859 2267 2938 φόρος
2315 2858 2501 2935 ἔχαιρε
2556 2861 2766 2935 μᾶλλον
2816 2861 2851 2932 ἢ
2910 2858 3126 2935 ἐϐοήθει
3186 2859 3547 2937 θλιϐομένους
3603 2864 3747 2940 ὀρῶν

2098 2948 2227 3011 τούς
2262 2950 2556 3020 ὑπηκόους.
2588 2950 2684 3005 Καὶ
2738 2950 2844 3026 οὐχ
2887 2952 3043 3014 οὗτος
3078 2948 3265 3025 μὸνον,
3294 2952 3440 3009 ἀλλὰ
3474 2954 3562 3008 καὶ
3595 2956 3746 3010 Λέων

2101 3040 2129 3094 6
2158 3037 2391 3114 ἀδελφὸς
2441 3040 2628 3109 αὐτοῦ,
2659 3044 2779 3100 ταῖς
2824 3040 3153 3111 καπηλείαις
3198 3042 3589 3117 προσκείμενος
3632 3048 3746 3099 τῶν

2101 3125 2279 3197 εΐδῶν,
2312 3126 2538 3183 πολλῶν
2587 3129 2676 3184 καὶ
2721 3128 2989 3185 ποικίλων
3040 3126 3228 3185 δεινῶν
3275 3132 3373 3200 τήν
3417 3129 3750 3204 οίκουμένην

340 3219 398 3277 in
431 3220 734 3293 respondit
763 3236 827 3277 se
856 3219 1042 3275 multo
1074 3236 1231 3275 nunc
1259 3219 1598 3275 validiorem
1630 3234 1759 3275 esse
1808 3235 1985 3290 quam

2102 3214 2411 3287 ἐνέπλησεν.
2467 3219 2559 3271 Ὧν
2620 3218 2721 3286 τὴν
2775 3216 3219 3295 αἰσχροκέρδειαν
3283 3197 3630 3295 εὖτραπέλως
3690 3197 3751 3274 οἵ

343 3310 680 3367 adolescens
728 3309 953 3366 fuisset.
998 3311 1067 3365 Et
1098 3309 1197 3382 qui
1228 3309 1337 3366 hoc
1367 3326 1569 3366 verum
1602 3314 1778 3377 esset,
1811 3309 1993 3366 inter-

343 3408 582 3472 rogante
614 3400 1019 3473 imperatorem
1053 3399 1536 3472 Eo,inquit,quod
1570 3399 1709 3455 olim
1744 3416 1859 3455 uno
1892 3416 1994 3455 au-

344 3506 441 3547 reo
473 3493 669 3563 empto
717 3490 1010 3546 frumento
1062 3490 1211 3546 duos
1256 3491 1570 3546 onerabam
1618 3489 1817 3546 asinos
1874 3506 1886 3545 :
1936 3492 1994 3545 te

348 3584 544 3635 autem
577 3580 926 3653 imperante,
980 3583 1270 3650 quantum
1317 3579 1547 3634 duobus
1597 3579 1790 3634 aureis
1848 3577 1992 3634 emi-

344 3672 443 3723 tur
505 3666 809 3737 frumenti,
871 3667 1029 3722 haud
1097 3670 1335 3737 gravate
1399 3666 1662 3721 humeris
1716 3668 1903 3735 porto.
1961 3689 1984 3718 ι

344 3757 669 3828 Imperator
696 3756 1005 3812 dicterium
1050 3755 1311 3811 sentiens
1356 3755 1522 3826 abiit,
1571 3753 1718 3809 nihil
1768 3758 1993 3825 pertur-

337 3845 533 3900 batus.

2102 3305 2325 3361 πολῖται
2394 3302 2801 3380 διεκωμῴδουν.
2879 3305 3221 3379 Ἐεελθὸντος
3292 3310 3393 3387 γάρ
3463 3331 3595 3365 ποτε
3649 3314 3750 3365 τοῖ’)

2109 3392 2377 3470 βασιλέως
2409 3395 2459 3449 έν
2507 3399 2585 3467 τῷ
2633 3392 2806 3468 πεδίῳ
2855 3395 2991 3451 ὥστε
3039 3400 3311 3473 γυμνάσαι
3358 3399 3448 3453 τὸν
3496 3397 3749 3474 στρατὸν,

2103 3482 2219 3537 ἐπεί
2266 3504 2348 3545 τις
2397 3483 2535 3553 ἦλθε
2577 3483 2778 3547 πολιὸς
2824 3486 2923 3553 τὴν
2963 3485 3130 3561 τρίχα
3180 3485 3272 3541 καὶ
3324 3486 3573 3562 ἐπειρᾶτο
3622 3508 3749 3542 συν-

2101 3579 2472 3647 αριθμηθῆναι
2537 3579 2652 3635 τοῖς
2724 3574 3105 3651 στρατιώταις,
3162 3574 3293 3653 φησὶ
3367 3575 3503 3651 πρὸς
3560 3575 3746 3631 αὐτόν·

2104 3686 2132 3713 ‹‹
2166 3661 2239 3715 Σὺ
2273 3659 2348 3731 δὲ,
2382 3663 2426 3715 ὦ
2457 3663 2726 3735 ἄνθρωπε,
2758 3664 2928 3739 γέρων
2965 3660 3040 3717 ὣν
3083 3668 3202 3728 πῶς
3241 3669 3359 3728 τοῖς
3392 3663 3548 3737 ἐμοῖς
3580 3686 3749 3735 στρα-

2100 3751 2322 3812 τιώταις
2371 3749 2556 3826 ἐπείγῃ
2614 3753 3076 3828 συναριθμηθῆναι
3121 3772 3134 3823 ;
3188 3776 3215 3805 ››
3258 3754 3318 3811 Ὁ
3366 3750 3410 3808 δ’
3464 3753 3746 3829 εὐστόχως

2102 3836 2414 3911 ὑπολαϐὼν,
2448 3866 2477 3892 ‹‹
2509 3840 2657 3896 Πολὺ
2709 3838 3073 3918 δυνατώτερός
3129 3841 3242 3915 εἶμι
3287 3847 3400 3912 νῦν,
3432 3840 3557 3918 ἔφη,
3590 3843 3625 3913 ἢ
3654 3844 3748 3899 ὅτε

334 3929 609 4004 ἤκμαζον,
645 3953 673 3982 ››
704 3928 882 3987 Αὐτοῦ
914 3927 991 3998 δὶ,
1022 3953 1050 3981 ι(
1084 3930 1182 3984 Καὶ
1206 3933 1323 3991 πῶς
1352 3949 1365 4000 ;
1398 3928 1731 4005 «ἐρομένου,
1766 3954 1793 3981 ››
1819 3931 2062 4006 Ὀτιπερ,
2096 3924 2222 4005 ἔφη,
2253 3930 2344 3985 τὸν
2376 3934 2472 3985 τοῦ
2504 3929 2835 4003 νομίσματος
2887 3937 3031 3986 σῖτον
3077 3932 3338 4009 πρότερον
3383 3928 3527 3987 δυσὶν
3574 3932 3747 4006 ἡμιό-

331 4042 443 4084 νοις
468 4019 857 4099 έπιφορτίζων,
886 4018 971 4075 ἐπὶ
1002 4025 1102 4089 τῆς
1132 4026 1231 4089 σῆς
1268 4018 1541 4095 βασιλείας
1574 4016 1668 4074 δύο
1699 4019 2051 4095 νομισμάτων
2086 4026 2235 4076 σῖτον
2286 4014 2505 4096 ἀϐαρῶς
2533 4020 2619 4075 ἐπὶ
2648 4025 2756 4076 τῶν
2786 4021 2953 4095 ὤμων
3000 4022 3167 4098 φέρω.
3202 4046 3231 4074 ››
3265 4020 3452 4085 Συνεὶς
3500 4020 3589 4079 οὗν
3640 4025 3742 4094 τήν

330 4109 605 4187 εἰρωνείαν
632 4110 969 4185 ἀνεχώρησε,
1007 4106 1176 4183 μηδὲν
1207 4109 1521 4185 ταραχθείς.

397 4221 683 4276 Caeterum
717 4218 991 4275 Saraceni
1023 4217 1261 4274 amissis
1292 4217 1349 4273 in
1383 4216 1548 4290 Syria
1574 4220 1630 4273 et
1658 4217 1859 4273 Cilicia
1893 4235 1986 4274 ur-

325 4309 518 4380 bibus,
549 4309 839 4364 Joannem
870 4307 1383 4380 archiepiscopum
1428 4307 1847 4381 Hierosolymaa
1897 4308 1980 4362 vi-

322 4416 461 4454 vum
513 4398 987 4462 combusserunt,
1020 4397 1175 4468 quod
1209 4397 1666 4469 suspicarentur
1698 4398 1828 4468 ejus
1856 4397 1977 4453 ins-

2164 4218 2229 4275 Οἱ
2262 4214 2319 4272 δὲ
2351 4216 2659 4293 Σαρακηνοὶ
2695 4219 2830 4290 μετά
2856 4218 2920 4273 τὸ
2952 4216 3157 4273 ἁλῶναι
3206 4219 3302 4283 τὰς
3353 4219 3406 4276 έν
3450 4218 3619 4297 Συρίᾳ
3648 4221 3742 4278 καὶ

2091 4305 2317 4379 Κιλικίᾳ
2393 4306 2581 4368 πόλεις
2650 4309 2743 4363 τὸν
2823 4309 3081 4385 ἀρχιερέα
3162 4313 3267 4364 τῶν
3339 4310 3739 4387 Ἰεροσολύμων

2088 4398 2342 4467 Ἰωάννην
2393 4401 2565 4465 ζῶντα
2611 4398 2939 4452 κατέκαυσαν
2991 4398 3065 4462 ὡς
3089 4403 3206 4460 ταῖς
3242 4398 3542 4469 ὑποθήκαις
3575 4399 3741 4455 αὐτοῦ

322 4490 510 4544 tinctu
543 4488 938 4560 Nicephorum
971 4486 1115 4558 ipsis
1148 4486 1366 4541 bellum
1402 4486 1733 4542 illaturum.
1767 4491 1977 4543 Incen-

2102 4486 2228 4560 τάχα
2280 4482 2582 4558 μέλλοντος
2630 4489 2726 4539 τοῦ
2774 4486 3093 4564 Νικηφόρου
3142 4485 3417 4564 ἀφίξεσθαι
3466 4489 3603 4563 πρὸς
3637 4489 3735 4546 αὖ·

319 4579 535 4633 derunt
582 4549 762 4633 etiam
820 4549 1291 4647 pulcherrimum
1346 4575 1631 4648 templum
1687 4576 1977 4631 Dominici

2102 4573 2234 4637 τούς·
2270 4573 2563 4647 ἐνέπρησαν
2615 4571 2673 4628 δέ
2711 4576 2799 4629 καὶ
2850 4575 2944 4630 τὸν
2994 4574 3303 4651 περικαλλῆ
3348 4578 3473 4631 ναὸν
3502 4582 3598 4632 τοῦ
3630 4584 3739 4633 Κυ-

318 4667 605 4739 Sepulcri.
640 4667 856 4721 Eodem
908 4666 1085 4720 modo
1134 4664 1480 4720 Antiocheni
1536 4682 1769 4737 quoque
1821 4666 1970 4723 375

323 4755 809 4828 Christophorum
844 4772 1019 4811 suum
1052 4754 1391 4827 pontiﬁcem
1434 4772 1739 4810 summum
1790 4754 1971 4809 inter-

323 4844 701 4899 fecerunt.Ad
721 4844 1135 4916 imperatorem
1166 4861 1337 4915 porro
1361 4860 1421 4898 se
1446 4842 1821 4898 contulerunt
1839 4846 1977 4897 Gre-

321 4933 522 5004 gorius
548 4937 606 4988 et
638 4933 984 4988 Pancratius
1017 4933 1227 4988 fratres
1259 4933 1543 5005 germani,
1577 4931 1747 5003 eique
1796 4948 1965 4987 suam

321 5022 625 5093 ditionem,
677 5023 912 5078 nomine
963 5023 1171 5092 Taron,
1220 5025 1656 5077 concesserunt.
1689 5020 1842 5083 Quos
1873 5019 1970 5076 ille

321 5111 566 5182 patricia
598 5112 883 5185 dignitate
916 5115 1153 5167 ornatos
1185 5109 1418 5181 praediis
1468 5108 1695 5164 reditus
1738 5108 1966 5181 amplos

316 5200 671 5256 habentibus
702 5199 1071 5257 donavit.Die
1104 5198 1324 5254 mensis
1354 5197 1690 5253 Decembris
1718 5197 1967 5267 22,hora

313 5288 505 5361 tertia,
536 5294 737 5345 tantus
769 5290 881 5345 fuit
912 5288 1051 5343 solis
1104 5288 1370 5343 defectus
1420 5289 1484 5341 ut
1532 5290 1689 5342 astra
1736 5303 1967 5358 quoque

314 5378 713 5451 apparuerint.

384 5484 516 5540 Jam
547 5482 905 5554 Theophano
938 5484 1205 5553 Augusta
1253 5480 1736 5538 consuetudinem
1794 5482 1967 5541 Nice-

314 5573 483 5643 phori
516 5587 812 5639 aversans,
839 5569 1209 5636 Tzimiscam,
1233 5570 1363 5640 ejus
1385 5569 1765 5626 familiarium
1798 5572 1869 5627 ad
1903 5588 1965 5628 se

312 5660 504 5717 vocati
534 5659 845 5730 cujusdam
876 5657 1228 5731 ministerio,
1261 5660 1434 5717 domo
1464 5675 1576 5717 sua
1596 5658 1677 5733 (in
1699 5677 1814 5732 qua
1836 5664 1963 5717 tum

2088 4668 2278 4739 ριακυῢ
2329 4664 2530 4741 Τάφου.
2580 4665 2649 4718 Τὸ
2698 4660 2745 4717 δ’
2795 4663 2924 4719 αὐτὸ
2968 4669 3127 4719 τοῦτο
3175 4668 3505 4737 πεποιήκασι
3553 4667 3642 4722 καὶ
3685 4669 3739 4723 οἱ

2086 4753 2417 4826 Ἀντιοχεῖς,
2470 4752 2843 4830 Χριστοφόρον
2889 4755 2982 4808 τὸν
3025 4753 3200 4809 αὐτῶν
3235 4753 3513 4818 ἀνελόντες
3545 4756 3737 4833 ἀρχιε-

2086 4841 2199 4917 ρέα.
2236 4844 2313 4913 [Ρ.
2347 4843 2477 4914 662]
2524 4841 2936 4919 Προσερρὖησαν
2997 4840 3053 4897 δὲ
3110 4848 3189 4915 τῷ
3252 4843 3468 4919 βασιλεῖ
3526 4846 3739 4922 Γρηγό-

2087 4950 2204 5004 ριος
2257 4930 2345 4984 καὶ
2416 4930 2751 5007 Παγκράτιος
2811 4931 2861 4985 οἱ
2919 4929 3293 5007 αὐτάδελφοι,
3352 4940 3453 5003 τῆς
3524 4934 3727 4991 έαυτῶν

2088 5020 2588 5094 παραχωρήσαντες
2645 5020 2791 5092 αὐτῷ
2847 5019 3032 5096 χώρας
3081 5026 3178 5076 τοῦ
3228 5023 3438 5098 Ταρών’
3490 5022 3583 5088 οὓς
3630 5046 3736 5080 πα-

2077 5109 2316 5185 τρικίους
2404 5110 2643 5182 τιμήσας
2734 5108 2824 5163 καὶ
2902 5111 3173 5184 κτήμασιν
3262 5109 3739 5188 ἐφιλοφρονήσατο

2076 5193 2540 5271 πολυπροσόδοις.
2587 5196 2836 5272 Ἐγένετο
2898 5195 2956 5253 δὲ
3008 5200 3099 5254 καὶ
3153 5198 3318 5271 ἡλίου
3374 5198 3615 5276 ἔκλειψις
3666 5208 3739 5277 τῇ

2077 5286 2162 5361 κβ¹
2192 5287 2288 5339 τοῦ
2320 5281 2655 5361 Δεκεμϐρίου
2714 5286 2905 5362 μηνὸς,
2938 5289 3063 5365 περὶ
3109 5288 3298 5367 τρίτην
3334 5290 3497 5366 ὥραν,
3532 5293 3607 5356 ὡς
3642 5294 3739 5349 καὶ

2076 5372 2244 5451 ἄστρα
2274 5381 2530 5452 φανῆναι.

2145 5483 2209 5535 Ἥ
2240 5478 2299 5535 δὲ
2332 5478 2549 5555 βασιλὶς
2599 5482 2851 5562 Θεοφανὼ
2896 5482 3340 5562 ἀποστρεφομένη
3388 5486 3488 5556 τὴν
3539 5508 3739 5544 συνουο

2076 5569 2191 5625 σίαν
2238 5574 2334 5626 τοῦ
2383 5574 2722 5650 Νικηφόρου,
2771 5574 2894 5629 τίνὰ
2938 5578 3045 5629 τῶν
3105 5574 3201 5629 τοῦ
3246 5577 3518 5648 Τζιμισκῆ
3566 5597 3737 5650 μετα-

2073 5659 2402 5737 πεμψαμένη
2453 5661 2782 5720 εἶσκαλεῖται
2826 5666 3017 5720 τοῦτον
3059 5662 3112 5719 ἐν
3143 5666 3223 5738 τῷ
3270 5661 3395 5741 ΐδίφ
3425 5662 3563 5742 οἴκῳ
3594 5685 3735 5744 σχο-
