4004 6208
212 299 325 360 109

1360 286 1906 349 HISTORIARUM
1952 288 2486 354 COMI’ENDIUM.

3510 303 3627 365 110

212 428 467 499 λάζοντα·
529 422 666 504 ἔφθη
724 424 825 499 γὰρ
884 422 912 476 6
975 417 1228 496 βασιλεὺς
1307 415 1396 472 διὰ
1447 438 1566 473 τινα
1633 414 1867 491 ὑποψίαν

2000 420 2246 490 πίνειιυε
2277 423 2624 497 degebat,ob
2652 429 3049 502 suspicionem
3082 434 3400 503 quamdam
3432 435 3628 493 dome-

212 516 527 591 παραλύσας
555 521 748 570 τοῦτον
776 519 876 581 τῆς
924 514 1020 565 τοῦ
1076 506 1401 582 δομεστίκου
1449 508 1629 582 ἀρχῆς
1680 506 1768 561 καὶ
1814 505 1866 561 ἐν

212 614 291 679 τῷ
338 606 469 679 ἰδίῳ
515 602 653 676 οἷ’κῳ
703 601 961 676 ἀπρὸϊτον
1007 602 1141 655 εἶναι
1183 597 1442 660 κελεὺσας
1470 641 1482 652 .
1540 596 1866 673 Διεπράξατο

218 696 275 752 6‘s
326 698 363 764 ἡ
419 693 687 768 μοιχαλὶς
737 692 825 746 καὶ
874 688 1172 765 γράμματα
1216 692 1408 743 τοῦτον
1466 684 1711 756 δέξασθαι
1765 688 1865 755 τήν

216 784 449 850 κάθοδον
504 780 880 839 έπιτοέποντα.
930 780 1034 835 Καὶ
1082 779 1111 832 6
1156 778 1425 849 πεμφθεὶς
1476 775 1674 831 ἐκεῖθεν
1707 774 1867 831 αὑτὸν

218 869 627 946 ὼαλαῦόμενος
668 870 745 935 είς
792 865 1120 938 Χαλκηδόνα
1168 866 1409 944 ἀφίκετο.
1446 866 1541 919 Καὶ
1591 869 1687 919 τοῦ
1722 866 1870 940 βασι-

221 963 360 1024 λέως
409 959 853 1035 ὑπομνησθέντος
900 957 946 1013 εί
1013 955 1097 1011 δεῖ
1140 960 1332 1011 τοῦτον
1385 954 1642 1010 εἷσελθεῖν
1698 954 1749 1009 ἐν
1799 958 1867 1028 τῇ

220 1050 490 1129 βασιλίδι,
540 1051 795 1105 κάκείνου
847 1047 1169 1123 προσμένειν
1225 1046 1415 1119 μικρὸν
1462 1044 1867 1117 ἐπιτρέψαντος,

218 1142 396 1211 ἐκείνη
428 1142 624 1201 νυκτὸς
658 1140 723 1193 ια’
768 1142 865 1194 τοῦ
916 1134 1247 1210 Δεκεμϐρίου
1301 1135 1494 1207 μηνὸς,
1530 1132 1867 1195 ίνδικτιῶνος

219 1240 303 1305 ιτ,
352 1229 509 1291 ἔτους
555 1234 742 1304 ,ςυοηᾏ
790 1224 1158 1281 ἀποστείλασα
1204 1221 1319 1299 ἄγει
1356 1228 1546 1278 τοῦτον
1597 1223 1733 1297 πρὸς
1777 1224 1867 1277 τὸν

211 1322 455 1375 κάτωθεν
512 1323 616 1374 τοῦ
652 1314 925 1371 παλατίου
971 1313 1362 1390 χειροποίητον
1412 1310 1611 1385 λιμένα
1656 1313 1867 1384 νυκτὸς,

210 1411 300 1464 καὶ
372 1408 544 1479 κοίνῳ
612 1407 915 1478 ἀνιμήσατο
973 1404 1108 1477 μετᾶ
1162 1403 1377 1457 πάντων
1425 1405 1532 1456 τῶν
1590 1402 1711 1475 περὶ
1771 1402 1868 1456 αὐ-

212 1500 330 1552 τόν’
386 1497 524 1566 ἦσαν
576 1493 632 1550 δὲ
682 1496 710 1549 6
752 1492 1039 1569 πατρίκιος
1100 1489 1330 1567 Μιχαὴλ
1379 1491 1406 1545 6
1454 1489 1730 1564 Βοὺρτζης
1777 1490 1864 1544 καὶ

217 1588 367 1642 Λέων
413 1587 716 1660 ταξιαρχης
763 1586 793 1639 ὁ
843 1582 1155 1643 Βαλάντιος.
1189 1580 1280 1635 καὶ
1324 1584 1432 1634 τῶν
1462 1584 1557 1634 τοῦ
1595 1585 1866 1653 Τζιμισκῆ

213 1674 632 1731 πιστικωτάτων
693 1675 721 1729 6
781 1669 1295 1746 Ἀτζηποθεὸδωρος
1351 1670 1442 1725 καὶ
1497 1666 1673 1743 ἕτεροι
1733 1666 1866 1725 δύο.

217 1765 429 1828 Οῖτινες
468 1761 787 1827 ἀνελθόντες
835 1762 927 1817 καὶ
977 1762 1218 1839 ξιφήρεις
1245 1760 1319 1821 είς
1349 1760 1440 1815 τὸν
1470 1764 1567 1814 τοῦ
1604 1756 1869 1834 βασιλέως

214 1853 557 1918 εῗσελθόντες
612 1856 872 1920 κοιτῶνα,
934 1850 1050 1905 ἐπεὶ
1112 1851 1186 1923 μή
1266 1847 1419 1923 εὗρον
1478 1848 1636 1903 αὑτὸν
1698 1847 1749 1902 ἐν
1797 1850 1867 1921 τῇ

218 1946 437 2013 συνήθει
482 1942 665 2017 κλίνῃ,
715 1943 1033 2017 φωραθῆναι
1086 1940 1481 2010 ὑπονοήσαντες
1528 1941 1725 2014 μικροῦ
1757 1928 1866 1992 δεῖν

215 2034 445 2095 ἑαυτοὺς
492 2034 953 2105 κατεκρήμνισαν,
985 2029 1032 2085 εἴ
1081 2031 1156 2102 μή
1209 2049 1314 2083 ¹που
1365 2026 1653 2104 ἀνδράριόν
1684 2049 1735 2082 τι
1765 2031 1872 2081 τῶν

215 2123 275 2177 ἐκ
300 2127 403 2188 τῆς
437 2117 888 2198 γυναικωνίτιδος
932 2120 1224 2194 εὑρηκότες
1275 2119 1363 2173 ὑπ’
1408 2116 1573 2173 αὑτοῦ
1605 2114 1873 2193 ὁδηγοῦν-

216 2234 327 2268 ται.
392 2211 495 2266 Καὶ
546 2204 1058 2283 καταλαμϐάνουσιν
1108 2206 1267 2263 αὑτὸν
1321 2206 1403 2261 ἐπ’
1471 2203 1701 2284 ἐδάφους
1756 2205 1872 2260 κεί-

223 2322 383 2375 μενον
445 2300 539 2355 καὶ
598 2299 891 2374 στρωμνὴν
948 2293 1149 2373 ἔχοντα
1197 2296 1357 2353 πίλον
1417 2291 1735 2374 κοκκοϐαφῆ
1784 2294 1874 2350 καὶ

221 2391 429 2465 ἄρκτου
462 2386 658 2464 δέρμα,
691 2390 823 2463 ὅπερ
855 2382 1038 2442 λαϐὼν
1069 2388 1135 2457 ἦν
1168 2386 1315 2460 παρὰ
1344 2385 1577 2461 Μιχαὴλ
1628 2382 1876 2460 μοναχοῦ

220 2485 318 2534 τοῦ
369 2478 676 2547 Μαλείνου,
722 2482 820 2533 τοῦ
869 2477 1013 2541 θείου
1061 2476 1264 2533 αὑτοῦ.
1311 2479 1519 2534 Τοῦτον
1570 2474 1689 2550 ἄρτι
1739 2474 1878 2549 πρὸς

226 2569 391 2624 ὕπνον
453 2568 746 2644 τραπέντα,
818 2568 907 2622 καὶ
970 2563 1239 2640 μηδαμῶς
1315 2564 1701 2639 ἐπαισθόμενον
1778 2571 1877 2633 τῆς

228 2658 460 2733 ἀφίξεως
499 2662 610 2713 τῶν
662 2656 979 2729 μελλόντων
1027 2655 1188 2711 αὑτὸν
1232 2655 1489 2733 ἀναιρεῖν,
1522 2656 1549 2710 6
1578 2660 1878 2727 Τζιμισκῆς

225 2754 305 2819 τῷ
345 2745 482 2802 ποδὶ
529 2746 689 2817 νύξας
739 2745 1030 2819 έξύπνισεν.
1081 2743 1491 2816 Ἐξυπνισθέντα
1544 2743 1600 2799 δὲ
1648 2742 1735 2799 καὶ
1782 2750 1883 2814 τῆς

230 2833 405 2906 δεξιᾶς
456 2836 647 2911 χειρὸς
686 2835 780 2890 τὸν
826 2834 1047 2910 ἀγκῶνα
1083 2839 1152 2909 τῇ
1202 2838 1275 2909 γῇ
1328 2832 1747 2911 προσερείσαντα
1790 2835 1878 2887 καὶ

223 2927 323 2993 τὴν
394 2924 652 3003 κεφαλὴν
730 2924 1178 3003 ὁνακουφίσαντα,
1240 2923 1481 3003 ἐπιφέρει
1550 2927 1742 2998 γυμνῷ
1805 2927 1885 2995 τῷ

228 3016 363 3089 ξίφει
395 3016 540 3071 κατᾶ
594 3021 695 3084 τῆς
739 3022 985 3091 κορυφῆς
1032 3016 1295 3076 ἀσκεποῖκ
1345 3013 1510 3085 οῧσης
1560 3013 1885 3088 (ἐπεπτώκει

222 3106 324 3179 γάρ
385 3104 740 3179 ἐγειρομένου
793 3106 857 3159 τὸ
911 3108 1011 3170 τῆς
1065 3105 1307 3182 κεφαλῆς
1364 3103 1530 3159 αὑτοῦ
1592 3100 1888 3175 κάλυμμα)

1976 509 2104 564 stici
2138 511 2329 568 ofﬁcio
2362 514 2623 585 dejectus
2654 518 2726 573 ab
2774 518 3145 592 imperatore,
3195 525 3253 577 et
3298 522 3456 577 domi
3505 539 3625 579 suis

1976 616 2039 654 se
2068 600 2364 658 continere
2394 620 2581 676 neque
2612 624 2858 678 usquam
2891 611 3127 681 prodire
3151 613 3386 682 jussus)
3406 617 3625 682 evocat,

1976 688 2237 760 adeoque
2266 689 2491 749 litteras
2520 694 2695 752 etiam
2727 696 2993 755 adultera
3031 700 3109 755 ab
3140 700 3492 772 imperatore
3523 700 3631 757 ob-

1976 776 2145 847 tinet,
2177 779 2391 850 quibus
2438 782 2498 838 in
2547 785 2753 841 urbem
2810 787 2860 841 is
2906 789 3099 844 redire
3141 789 3471 860 juberetur.
3520 790 3630 857 Qui

1979 868 2197 923 missus
2228 868 2357 940 fuit,
2391 872 2442 926 is
2471 873 2819 931 Tzimiscam
2854 878 3030 933 domo
3059 896 3167 934 sua
3205 878 3631 935 Chalcedonam

1977 957 2503 1032 adducit,Cumque
2524 962 2842 1035 imperator
2861 968 3239 1024 submonitus
3268 973 3469 1025 utrum
3497 984 3632 1026 cum

1976 1046 2149 1102 vellet
2178 1048 2378 1120 Cpolin
2410 1051 2796 1122 ingredi,eum
2830 1055 3268 1128 aliquantulum
3299 1064 3633 1129 exspectare

1971 1135 2271 1205 jussisset,
2302 1138 2657 1211 Theophane
2711 1149 2898 1211 nocte,
2951 1147 3013 1200 11
3066 1145 3427 1216 Decembris,
3475 1147 3630 1202 indi-

1978 1227 2167 1281 ctione
2199 1227 2442 1296 13,anno
2475 1232 2680 1286 mundi
2710 1233 3085 1302 6&78,missis
3117 1236 3243 1292 suis
3276 1236 3629 1292 Tzimiscam

1979 1322 2153 1369 noctu
2187 1317 2256 1371 ad
2291 1323 2523 1388 portum
2558 1336 2736 1376 manu
2790 1326 3144 1394 contectum,
3196 1324 3294 1396 qui
3342 1330 3434 1381 est
3478 1325 3631 1382 infra

1978 1403 2286 1475 palatium,
2319 1406 2576 1475 deducit,
2607 1413 2663 1463 et
2696 1410 3037 1480 impetitum
3070 1411 3230 1468 corbi
3262 1430 3398 1468 cum
3450 1414 3630 1470 sociis

1976 1492 2036 1547 in
2096 1493 2381 1565 palatium
2446 1498 2689 1554 attrahit
2747 1499 2921 1555 Erant
2971 1519 3105 1556 cum
3165 1517 3232 1557 eo
3309 1502 3632 1559 Michaelus
3682 1570 3683 1575 η

1979 1586 2186 1638 Burtza
2207 1583 2625 1654 patricius,Leo
2647 1588 2998 1645 Ahalantius
3021 1590 3280 1646 cohortis
3302 1591 3632 1661 ductor,At-

1979 1673 2443 1744 zypotheodorus
2469 1676 2769 1732 Tzimisoes
2801 1678 3127 1734 amicorum
3162 1678 3635 1749 fidelissimus,»

1981 1762 2097 1816 duo
2129 1761 2411 1830 alii,376
2443 1764 2482 1819 ii
2514 1782 2646 1821 cum
2681 1768 2740 1821 in
2776 1768 3059 1837 palatium
3091 1772 3290 1825 essent
3320 1768 3631 1837 sublevati,
3716 1822 3721 1825 _

1978 1850 2191 1923 gladiis
2221 1851 2395 1908 cincti
2422 1853 2797 1925 imperatoris
2828 1857 3165 1914 cubiculum
3193 1858 3448 1927 intrant;
3475 1875 3634 1916 cum-

1980 1956 2093 2011 que
2122 1955 2257 1996 eum
2289 1958 2403 1997 non
2434 1942 2763 2001 invenirent
2796 1945 2853 2001 in
2887 1950 3167 2003 consueto
3197 1945 3633 2018 lecto,detectas

1978 2026 2228 2086 insidias
2256 2047 2384 2088 esse
2415 2032 2786 2105 suspicantes
2808 2036 2939 2107 jam
2972 2036 3201 2108 seipsos
3230 2041 3397 2093 erant
3427 2036 3637 2109 praeci-

1982 2119 2369 2192 pitaturi,nisi
2402 2121 2716 2179 homuncio
2748 2125 2989 2196 quidam
3022 2125 3332 2197 obtigisset
3352 2143 3421 2182 ex
3441 2140 3633 2199 gynae-

1983 2225 2101 2276 ceo,
2136 2225 2250 2281 quo
2280 2210 2429 2267 duce
2457 2211 2519 2267 in
2549 2212 2672 2268 solo
2694 2213 2988 2283 jacentem
3031 2214 3428 2285 Nicephorum
3480 2215 3633 2271 Pho-

1984 2315 2113 2353 cam
2136 2298 2461 2371 inveniunt,
2494 2317 2595 2372 pro
2618 2306 2776 2358 veste
2796 2303 3058 2375 stragula
3079 2304 3389 2359 habentem
3414 2303 3632 2376 pileum

1987 2404 2157 2443 cocco
2187 2388 2465 2444 infectum
2499 2394 2555 2445 et
2578 2391 2849 2447 exuvium
2882 2392 3028 2463 ursi,
3052 2392 3207 2464 quod
3239 2393 3311 2448 ab
3344 2392 3633 2449 avunculo

1989 2494 2097 2534 suo
2130 2477 2413 2534 Michaelo
2445 2480 2730 2535 monacho
2762 2481 3008 2537 Maleino
3038 2486 3358 2554 acceperat.
3410 2482 3633 2539 Recens

1989 2568 2309 2639 imperator
2356 2568 2808 2635 obdormiverat,
2862 2586 3052 2644 neque
3087 2588 3497 2643 percussorum
3532 2572 3634 2627 ad-

1988 2661 2229 2712 ventum
2287 2662 2570 2714 senserat.
2616 2658 2932 2715 Tzimisces
2985 2676 3119 2715 cum
3173 2660 3328 2718 calce
3376 2660 3558 2717 ictum
3609 2676 3640 2716 ο

1992 2762 2199 2801 somno
2231 2747 2799 2819 excitat:evigilanti
2832 2750 3166 2822 dextraeque
3200 2766 3413 2807 manus
3444 2749 3640 2806 cubito

1992 2840 2160 2889 terris
2192 2835 2464 2892 innitenti
2496 2842 2553 2891 et
2593 2841 2767 2909 caput
2816 2837 3104 2894 attollenti
3138 2839 3249 2896 Leo
3294 2838 3643 2896 Abalantius

1996 2924 2197 2980 stricto
2228 2942 2367 2981 ense
2394 2925 2610 2982 vulnus
2640 2930 2851 3000 ingens
2886 2928 2944 2983 in
2974 2929 3199 2984 nudum
3246 2932 3426 3001 caput
3472 2927 3652 2999 (deci-

1997 3014 2162 3069 derat
2190 3014 2345 3069 enim
2377 3015 2716 3087 operculum
2749 3017 2950 3088 capiti,
2981 3018 3122 3073 dum
3161 3034 3223 3075 se
3267 3017 3649 3088 sublevareti)

1997 3103 2234 3172 incutit,
2266 3104 2460 3160 medio
2492 3105 2692 3160 cranio
2725 3104 3000 3161 dissecto.
3024 3106 3246 3163 Deinde
3276 3123 3409 3163 eum
3442 3124 3476 3163 a
3504 3106 3652 3163 lecto

504 3174 870 3256 ”Αϐαλάντιος
915 3174 1157 3270 γενναίαν
1202 3191 1451 3268 πληγὴν,
1484 3191 1575 3247 καὶ
1615 3174 1871 3246 διελαύνει

2000 3193 2327 3250 auferentes
2357 3194 2428 3248 ad
2458 3193 2804 3249 Tzimiscam
2836 3196 3062 3251 ducunt
3092 3196 3151 3250 in
3200 3195 3347 3252 sella
3396 3197 3657 3267 impera-

230 3282 398 3355 μέσον
430 3283 497 3337 τὸ
528 3281 770 3354 κρανίον.
805 3283 938 3339 Εἶτα
974 3289 1072 3353 τῆς
1121 3289 1412 3357 στρωμνῆς
1458 3280 1616 3336 αὐτὸν
1663 3281 1892 3351 ἀναστή-

228 3392 421 3433 σαντες
478 3369 667 3448 ἄγουσι
718 3371 857 3447 πρὸς
899 3372 991 3426 τὸν
1033 3373 1341 3445 Τζιμισκῆν
1389 3372 1476 3425 ἐπὶ
1523 3376 1624 3439 τῆς
1675 3368 1890 3444 βασιλι-

226 3466 333 3527 κῆς
372 3459 679 3514 καθίσαντα
716 3459 933 3533 κλίνης,
980 3459 1070 3515 καὶ
1117 3457 1305 3515 πολλὰ
1344 3459 1771 3531 παροινήσαντες
1800 3455 1891 3512 καὶ

228 3546 707 3611 κατονειδίσαντες
753 3549 843 3603 καὶ
894 3547 1345 3628 δυσφημήσαντες
1392 3548 1469 3611 είς
1518 3548 1676 3603 αὑτὸν
1725 3544 1894 3621 μηδὲν

228 3638 381 3694 ἄλλο
416 3638 651 3713 λέγοντα
679 3637 807 3693 ἀλλ’
836 3638 895 3710 ἢ,
928 3664 956 3691 ‹‹
991 3639 1179 3715 Κύριε,
1222 3638 1465 3706 ἐλέησον,
1503 3661 1533 3691 ››
1565 3637 1678 3710 καὶ,
1712 3661 1740 3689 ι(
1772 3643 1898 3691 Θεο-

228 3729 383 3801 τόκε,
431 3728 649 3803 βοήθει,
683 3753 711 3779 ››
750 3726 1057 3783 τελευταῖον
1110 3726 1223 3783 ἐπεί
1280 3748 1383 3804 περ
1438 3727 1895 3805 κατεφωράθησαν

226 3820 387 3893 παρὰ
429 3822 542 3872 τῶν
593 3819 902 3893 προκοίτων
936 3820 1021 3891 [Ρ.
1051 3820 1181 3891 663]
1207 3822 1305 3872 τοῦ
1352 3814 1619 3872 παλατίου
1658 3815 1747 3871 καὶ
1779 3837 1900 3871 συν-

229 3907 423 3961 ίστατο
485 3906 573 3961 ίπ’
631 3905 826 3968 αὐτοὺς
885 3905 1098 3976 πλῆθος
1175 3904 1554 3979 ἀμυνομένων,
1622 3904 1901 3981 ἀποσφάτ-

1998 3282 2150 3338 toria
2180 3282 2501 3351 sedentem,
2536 3282 2858 3353 multisque
2886 3282 3257 3339 contumeliis
3287 3288 3344 3340 et
3382 3283 3655 3339 convitiis

2002 3372 2316 3444 exagitant,
2351 3370 2495 3426 nihil
2529 3370 2688 3427 aliud
2734 3371 3027 3427 dicentem
3060 3388 3240 3443 quam
3275 3388 3288 3429 :
3328 3393 3353 3425 ι
3388 3372 3653 3440 Domine,

2002 3460 2303 3527 miserere,
2336 3458 2643 3532 opitulare,
2677 3460 2941 3532 Deipara.
2981 3484 3004 3514 ι
3060 3460 3320 3517 Tandem
3376 3476 3511 3516 cum
3561 3476 3654 3516 res

2002 3549 2446 3606 excubitoribus
2477 3549 2677 3622 palatii
2710 3548 3086 3618 innotuisset,
3119 3554 3176 3605 et
3218 3548 3537 3605 multitudo
3581 3549 3654 3605 ad

2006 3638 2441 3694 defendendum
2473 3639 2884 3710 imperatorem
2908 3638 3658 3710 accurreret,Nicephorum

2000 3727 2602 3799 jugulant,caputque
2632 3728 2761 3798 ejus
2794 3733 3081 3783 resectum
3115 3728 3527 3784 defensoribus
3559 3744 3661 3799 per

2008 3818 2326 3873 fenestram
2357 3818 2697 3873 ostendunt.
2728 3820 2848 3872 Hoc
2879 3822 3047 3889 pacto
3079 3817 3154 3872 iis
3184 3817 3424 3888 sedatis,
3455 3816 3664 3873 Tzimi-

2011 3922 2120 3961 scaa
2154 3905 2333 3961 libere
2365 3922 2492 3977 quaa
2521 3905 2692 3962 vellet
2722 3906 2932 3977 agendi
2963 3905 3190 3963 occasio
3221 3906 3376 3962 data.

228 4017 395 4051 τουσι
428 4000 646 4067 τοῦτον,
678 3996 770 4049 καὶ
799 3996 897 4065 τὴν
930 3994 1172 4073 κεφαλὴν
1205 3996 1572 4069 ἀποτεμόντες
1603 3992 1690 4049 διά
1740 4015 1893 4057 τινος
1941 3991 2155 4069 θυρίδος
2202 3998 2318 4055 τοῖς
2366 3993 2441 4054 είς
2496 3994 2749 4067 βοήθειαν
2800 3994 3153 4069 συντρέχουσι
3204 3991 3525 4048 δεικνύουσι.
3568 3990 3666 4049 Καὶ

230 4086 287 4139 οῖ
326 4086 431 4158 μὲν
465 4082 611 4139 οὕτω
639 4086 1123 4157 κατεστορέθησαν.
1153 4090 1270 4148 τοῖς
1305 4082 1364 4139 δὲ
1393 4085 1516 4159 περὶ
1556 4084 1648 4140 τὸν
1700 4086 1998 4158 Τζιμισκῆν
2047 4082 2233 4155 καιρὸς
2279 4080 2440 4152 ἐδόθη
2491 4078 2662 4145 ἀδεῶς
2710 4081 2801 4136 καὶ
2848 4082 2965 4155 μετ’
3015 4078 3197 4143 ἀδείας
3245 4082 3419 4136 πάντα
3464 4086 3665 4138 ποιεῖν.

306 4212 551 4285 Λέγεται
626 4206 685 4264 δὲ
739 4210 821 4264 δτι
893 4210 999 4286 πρὸ
1058 4208 1185 4266 δέκα
1243 4213 1466 4285 ἡμερῶν
1516 4213 1611 4264 τοῦ
1672 4210 1906 4274 θανάτου

229 4298 444 4352 αὖτοῦν
495 4294 729 4377 ἔγγραφν
784 4300 932 4375 εὗρεν
967 4299 995 4354 6
1047 4296 1323 4375 βασιλεὺς,
1374 4296 1700 4376 ἐρριμμένον
1744 4297 1795 4353 ἐν
1828 4301 1907 4370 ἰᾦ

226 4393 472 4442 κοιτῶνι
525 4388 693 4441 αὑτοῦ
736 4388 824 4442 καὶ
881 4392 1089 4461 μηνῦον
1148 4386 1542 4463 ἀσφαλίσασθαι
1593 4388 1777 4442 ἑαυτὸν
1828 4386 1905 4449 ὡς

229 4472 756 4549 ἰπιεουλευόμενον
812 4476 915 4532 ὑπὸ
943 4481 1041 4531 τοῦ
1068 4479 1366 4551 Τζιμισκῆ.
1401 4476 1499 4531 Καί
1527 4496 1647 4531 τινα
1677 4473 1734 4531 δὲ
1763 4473 1904 4547 κλη-

2089 4211 2238 4267 377
2277 4210 2489 4265 Ferunt
2512 4209 2711 4264 decem
2739 4208 2949 4265 diebus
2972 4211 3289 4279 antequam
3314 4206 3673 4263 interficere-

2014 4302 2132 4366 tur,
2163 4298 2557 4369 Nicephorum
2587 4296 2647 4352 in
2681 4313 2785 4353 suo
2835 4295 3107 4352 cubiculo
3160 4295 3457 4351 invenisse
3507 4295 3674 4352 libel-

2015 4386 2164 4456 lum,
2212 4386 2382 4457 cujus
2431 4386 2724 4458 scriptura
2772 4385 3126 4440 monebatur
3155 4388 3219 4438 ut
3248 4383 3365 4439 sibi
3400 4389 3671 4440 caveret:

2016 4491 2153 4531 nam
2186 4492 2219 4531 a
2246 4473 2533 4530 Tzimisca
2559 4473 2675 4545 ipsi
2705 4472 2958 4529 insidias
2991 4472 3464 4535 ﬁeri.0uemdam
3496 4471 3674 4527 etiam

230 4567 397 4641 ρικόν
434 4585 571 4639 φασι
618 4565 755 4619 κατά
801 4566 902 4634 τήν
952 4565 1177 4642 ἑσπέραν
1225 4572 1325 4636 τῆς
1372 4565 1694 4640 ἀναιρέσεως
1744 4561 1871 4619 δεδιι

2024 4565 2301 4620 clericum
2335 4563 2646 4636 perhibent
2675 4562 2923 4634 vesperi,
2958 4578 3076 4634 qua
3105 4566 3275 4617 nocte
3307 4562 3514 4617 deinde
3546 4578 3675 4633 per-

228 4656 389 4709 κέναι
428 4654 581 4725 αὐτῷ
625 4652 860 4729 γράμμα
905 4655 1163 4731 περιέχον
1211 4656 1349 4731 πρὸς
1398 4651 1531 4716 ἔπος
1566 4658 1752 4710 ταῦτα·
1788 4676 1817 4705 ‹‹
1848 4657 1913 4707 Ὦ

233 4742 503 4817 gemis-3,
549 4740 849 4820 ἀσφαλισαι
898 4744 1138 4799 σεαυτὸν
1187 4740 1437 4807 κίνδυνος
1482 4746 1583 4821 γάρ
1641 4765 1726 4799 σοι
1779 4742 1917 4798 κατὰ

228 4832 456 4901 ταύτην
531 4833 637 4901 τὴν
695 4831 861 4887 νύκτα
917 4831 980 4888 οὐ
1043 4835 1237 4909 μικρὸς
1307 4834 1580 4910 ἀρτὺεται.
1640 4857 1669 4886 ››
1728 4833 1802 4888 Τὸ
1858 4828 1917 4885 δὲ

230 4924 610 4997 γραμμάτιον
641 4920 804 4977 ἄλλοι
833 4922 929 4995 μὲν
963 4921 1218 4998 λέγουσιν
1249 4924 1324 4986 ὡς
1368 4918 1663 4979 ὑπολαϐὼν
1695 4922 1724 4975 6
1759 4922 1919 4997 βασι-

235 5011 375 5073 λεὺς
414 5007 719 5084 δεητήριον
755 5011 885 5065 εἶναι
919 5012 1022 5065 οὐκ
1069 5011 1273 5089 ἀνέγνω
1313 5016 1496 5085 τοῦτο,
1548 5008 1710 5070 ἄλλοι
1746 5008 1791 5065 δ’
1835 5010 1918 5065 ὅτι

2024 4655 2114 4723 iit,
2149 4653 2377 4710 litteras
2410 4650 2463 4708 ei
2493 4650 2832 4707 exhibuisse
2863 4651 2921 4706 in
2975 4650 3192 4723 quibus
3241 4650 3362 4705 hmo
3410 4649 3677 4706 contine-

2025 4747 2229 4800 rentur
2269 4759 2283 4799 :
2335 4765 2363 4793 «
2412 4741 2570 4797 Muni
2620 4741 2903 4812 teipsum,
2950 4739 3273 4811 imperator
3317 4754 3333 4795 :
3378 4755 3511 4794 nam
3565 4739 3676 4795 hac

2027 4836 2195 4889 nocte
2222 4830 2328 4886 tibi
2351 4829 2678 4902 periculum
2702 4828 2996 4893 haudleve
3026 4828 3346 4900 impendet.
3379 4851 3407 4879 ››
3439 4829 3552 4884 Eas
3582 4826 3680 4884 lit-

2025 4927 2183 4978 teras
2195 4920 2293 4976 alii
2309 4920 2551 4976 tradunt
2565 4919 2980 4989 imperatorem
2997 4934 3111 4972 non
3129 4916 3680 4989 legisse,opinatum

2028 5011 2103 5067 iis
2135 5009 2476 5083 petitionem
2508 5008 2767 5080 aliquam
2800 5004 3228 5063 contineri.Alii
3259 5006 3468 5078 legisse
3497 5006 3684 5077 aiunt,

2030 5099 2134 5156 sed
2165 5098 2257 5155 sui
2278 5096 2649 5154 custodiendi
2696 5095 2985 5151 rationem
3035 5111 3151 5150 non
3199 5094 3439 5151 duxisse
3481 5094 3686 5162 ullam,

2032 5189 2149 5244 fato
2181 5188 2531 5259 impeditum
2566 5201 2579 5241 :
2614 5199 2831 5256 easque
2862 5183 3089 5239 litteras
3117 5182 3245 5255 ipso
3276 5184 3463 5240 occiso
3486 5184 3689 5241 inven-

2032 5282 2125 5334 tas
2155 5278 2360 5333 fuisse.
2392 5276 2520 5332 Non
2551 5275 2769 5331 desunt
2799 5274 2900 5345 qui
2933 5273 3006 5328 iis
3058 5271 3227 5329 lectis
3274 5272 3692 5346 imperatorem

2035 5369 2300 5423 asserant
2328 5364 2772 5437 inquisitionem
2801 5366 2856 5418 et
2899 5361 3181 5418 custodiae
3230 5379 3450 5420 munus
3493 5367 3691 5435 proto-

2037 5456 2306 5514 vestiario
2354 5454 2703 5522 mandasse;
2759 5449 3059 5522 simulque
3119 5451 3286 5506 fratri
3346 5468 3452 5507 suo
3514 5449 3691 5506 Leoni

2037 5546 2196 5604 domi
2215 5562 2333 5603 suis
2348 5543 2581 5617 degenti
2600 5541 2910 5615 scripsisse
2928 5544 2992 5595 ut
3013 5555 3149 5596 cum
3171 5544 3398 5596 armata
3417 5555 3596 5595 manu
3614 5537 3687 5595 ad

2039 5636 2323 5712 pelatium
2352 5634 2653 5692 celerrime
2681 5632 2917 5699 veniat;
2946 5629 3197 5687 Leonem
3225 5628 3454 5685 litteras
3483 5640 3689 5698 accep-

244 5102 470 5176 ανέγνω
504 5099 628 5171 μὶν,
664 5098 791 5154 ἀλλ’
836 5098 1090 5173 ἠμέλησε
1132 5108 1235 5172 τῆς
1283 5098 1475 5157 ’ἑαυτοῦ
1524 5100 1793 5177 φυλακῆς,
1825 5102 1922 5154 τοῦ

229 5190 429 5263 χρεὼν
486 5186 909 5261 ἐμποδίσαντας,
960 5190 1325 5255 ἀποθανόντος
1372 5188 1430 5246 δὲ
1483 5191 1679 5246 τούτου
1729 5189 1920 5264 εὑρέθη

232 5274 374 5355 ἔχον
410 5278 491 5332 τὰ
523 5279 898 5353 γεγραμμένα.
930 5278 1131 5336 ’Ἄλλοι
1164 5277 1211 5337 δ’
1240 5279 1324 5335 ὅτι
1362 5278 1626 5357 ἀναγνοὺς
1668 5278 1927 5351 ἐπέτρεψε

234 5371 343 5437 τὴν
380 5370 631 5438 ζήτησιν
662 5370 750 5423 καὶ
786 5368 1034 5447 φυλακὴν
1064 5374 1143 5443 τῷ
1184 5365 1691 5447 πρωτοϐεστιαρίῳ,
1724 5367 1927 5444 ἔγραψε

243 5456 301 5512 εἱ
354 5456 461 5511 καὶ
517 5460 598 5528 τῷ
650 5454 871 5535 ἁδελφῷ
924 5458 1112 5514 Λέοντι
1158 5457 1242 5515 ἐπ’
1292 5457 1447 5516 οἷ’κου
1498 5457 1741 5534 διάγοντι
1794 5456 1926 5514 λαὸν

246 5546 419 5603 ivra)
440 5567 509 5600 ον
556 5545 840 5623 εἰληφέναι
889 5548 979 5603 καὶ
1030 5556 1285 5627 φοιτῆσαι
1330 5550 1431 5619 τὴν
1477 5550 1747 5623 ταχίστην
1795 5547 1930 5621 πρὸς

245 5639 313 5694 τὸ
372 5633 685 5696 παλάτιον.
733 5640 904 5696 Τοῦτο
962 5635 1021 5696 δὲ
1093 5636 1441 5715 διακομισθὶν
1510 5638 1715 5703 ἐκεῖνος
1783 5634 1932 5712 δεξά-
