  <div class='ocr_page' id='page_1' title='image "/cluster/home/n/w/nwhite01/storage/ocr_20150623/122/hvd.32044073502460/065.png"; bbox 0 0 4026 6210; ppageno 0'>
   <div class='ocr_carea' id='block_1_1' title="bbox 417 308 528 369">
    <p class='ocr_par' dir='ltr' id='par_1_1' title="bbox 417 308 528 369">
     <span class='ocr_line' id='line_1_1' title="bbox 417 308 528 369; baseline 0.018 -2"><span class='ocrx_word' id='word_1_1' title='bbox 417 308 528 369; x_wconf 78' lang='lat' dir='ltr'><strong>III</strong></span> 
     </span>
    </p>
   </div>
   <div class='ocr_carea' id='block_1_2' title="bbox 1753 310 2455 375">
    <p class='ocr_par' dir='ltr' id='par_1_2' title="bbox 1753 310 2455 375">
     <span class='ocr_line' id='line_1_2' title="bbox 1753 310 2455 375; baseline 0.004 -3"><span class='ocrx_word' id='word_1_2' title='bbox 1753 310 2071 373; x_wconf 77' lang='lat' dir='ltr'><strong>GEORGII</strong></span> <span class='ocrx_word' id='word_1_3' title='bbox 2115 311 2455 375; x_wconf 79' lang='lat' dir='ltr'><strong>CEDRENI</strong></span> 
     </span>
    </p>
   </div>
   <div class='ocr_carea' id='block_1_3' title="bbox 3705 326 3823 386">
    <p class='ocr_par' dir='ltr' id='par_1_3' title="bbox 3705 326 3823 386">
     <span class='ocr_line' id='line_1_3' title="bbox 3705 326 3823 386; baseline -0.017 0"><span class='ocrx_word' id='word_1_4' title='bbox 3705 326 3823 386; x_wconf 73' lang='grc' dir='ltr'><strong>ΗΞ</strong></span> 
     </span>
    </p>
   </div>
   <div class='ocr_carea' id='block_1_4' title="bbox 404 442 2044 529">
    <p class='ocr_par' dir='ltr' id='par_1_4' title="bbox 404 442 2044 518">
     <span class='ocr_line' id='line_1_4' title="bbox 404 442 2044 518; baseline -0.001 -17"><span class='ocrx_word' id='word_1_5' title='bbox 404 449 508 513; x_wconf 83' lang='lat' dir='ltr'><strong>tas</strong></span> <span class='ocrx_word' id='word_1_6' title='bbox 538 462 653 503; x_wconf 86' lang='lat' dir='ltr'><strong>non</strong></span> <span class='ocrx_word' id='word_1_7' title='bbox 683 442 1164 518; x_wconf 83' lang='lat' dir='ltr'><strong>aperuisse,quod</strong></span> <span class='ocrx_word' id='word_1_8' title='bbox 1196 448 1321 501; x_wconf 92' lang='lat' dir='ltr'><strong>tum</strong></span> <span class='ocrx_word' id='word_1_9' title='bbox 1351 445 1496 502; x_wconf 86' lang='lat' dir='ltr'><strong>forte</strong></span> <span class='ocrx_word' id='word_1_10' title='bbox 1526 444 1662 502; x_wconf 88' lang='lat' dir='ltr'><strong>talis</strong></span> <span class='ocrx_word' id='word_1_11' title='bbox 1691 459 1827 500; x_wconf 89' lang='lat' dir='ltr'><strong>cum</strong></span> <span class='ocrx_word' id='word_1_12' title='bbox 1859 443 2044 517; x_wconf 77' lang='lat' dir='ltr'><strong>aliquc</strong></span> 
     </span>
    </p>
   </div>
   <div class='ocr_carea' id='block_1_5' title="bbox 2157 442 3829 529">
    <p class='ocr_par' dir='ltr' id='par_1_5' title="bbox 2174 442 3829 529">
     <span class='ocr_line' id='line_1_5' title="bbox 2174 442 3829 529; baseline 0.008 -32"><span class='ocrx_word' id='word_1_13' title='bbox 2174 462 2355 516; x_wconf 89' lang='grc' dir='ltr'>μενος,</span> <span class='ocrx_word' id='word_1_14' title='bbox 2398 442 2489 499; x_wconf 71' lang='grc' dir='ltr'><strong>καῖ</strong></span> <span class='ocrx_word' id='word_1_15' title='bbox 2538 442 2671 518; x_wconf 88' lang='grc' dir='ltr'>μηδ’</span> <span class='ocrx_word' id='word_1_16' title='bbox 2716 444 2962 517; x_wconf 78' lang='grc' dir='ltr'>ἀνελίεας</span> <span class='ocrx_word' id='word_1_17' title='bbox 3006 443 3194 525; x_wconf 82' lang='grc' dir='ltr'>(ἔτυχε</span> <span class='ocrx_word' id='word_1_18' title='bbox 3240 448 3343 527; x_wconf 77' lang='grc' dir='ltr'><strong>γάρ</strong></span> <span class='ocrx_word' id='word_1_19' title='bbox 3393 444 3634 508; x_wconf 76' lang='grc' dir='ltr'>κυϐεύων</span> <span class='ocrx_word' id='word_1_20' title='bbox 3691 454 3829 529; x_wconf 80' lang='grc' dir='ltr'>μετὰ</span> 
     </span>
    </p>
   </div>
   <div class='ocr_carea' id='block_1_6' title="bbox 417 533 2058 606">
    <p class='ocr_par' dir='ltr' id='par_1_6' title="bbox 417 533 2058 606">
     <span class='ocr_line' id='line_1_6' title="bbox 417 533 2058 606; baseline -0.003 -12"><span class='ocrx_word' id='word_1_21' title='bbox 417 540 665 595; x_wconf 82' lang='lat' dir='ltr'><strong>certaret</strong></span> <span class='ocrx_word' id='word_1_22' title='bbox 693 546 750 592; x_wconf 87' lang='lat' dir='ltr'><strong>et</strong></span> <span class='ocrx_word' id='word_1_23' title='bbox 778 534 1215 606; x_wconf 85' lang='lat' dir='ltr'><strong>impensissime</strong></span> <span class='ocrx_word' id='word_1_24' title='bbox 1244 535 1355 591; x_wconf 90' lang='lat' dir='ltr'><strong>isto</strong></span> <span class='ocrx_word' id='word_1_25' title='bbox 1385 533 1610 591; x_wconf 89' lang='lat' dir='ltr'><strong>ludicro</strong></span> <span class='ocrx_word' id='word_1_26' title='bbox 1650 533 2058 603; x_wconf 81' lang='lat' dir='ltr'><strong>delectaretur,</strong></span> 
     </span>
    </p>
   </div>
   <div class='ocr_carea' id='block_1_7' title="bbox 418 621 2060 697">
    <p class='ocr_par' dir='ltr' id='par_1_7' title="bbox 418 621 2060 697">
     <span class='ocr_line' id='line_1_7' title="bbox 418 621 2060 697; baseline -0.003 -14"><span class='ocrx_word' id='word_1_27' title='bbox 418 629 520 684; x_wconf 90' lang='lat' dir='ltr'><strong>sed</strong></span> <span class='ocrx_word' id='word_1_28' title='bbox 541 642 640 683; x_wconf 88' lang='lat' dir='ltr'><strong>eas</strong></span> <span class='ocrx_word' id='word_1_29' title='bbox 660 625 719 680; x_wconf 92' lang='lat' dir='ltr'><strong>in</strong></span> <span class='ocrx_word' id='word_1_30' title='bbox 743 623 835 680; x_wconf 85' lang='lat' dir='ltr'><strong>sui</strong></span> <span class='ocrx_word' id='word_1_31' title='bbox 858 621 1059 680; x_wconf 79' lang='lat' dir='ltr'><strong>lectuli</strong></span> <span class='ocrx_word' id='word_1_32' title='bbox 1081 624 1306 696; x_wconf 83' lang='lat' dir='ltr'><strong>sponda</strong></span> <span class='ocrx_word' id='word_1_33' title='bbox 1324 624 1687 697; x_wconf 81' lang='lat' dir='ltr'><strong>deposuisse.</strong></span> <span class='ocrx_word' id='word_1_34' title='bbox 1713 624 1872 679; x_wconf 88' lang='lat' dir='ltr'><strong>Ludo</strong></span> <span class='ocrx_word' id='word_1_35' title='bbox 1894 623 2060 679; x_wconf 85' lang='lat' dir='ltr'><strong>ﬁnito</strong></span> 
     </span>
    </p>
   </div>
   <div class='ocr_carea' id='block_1_8' title="bbox 415 713 2063 788">
    <p class='ocr_par' dir='ltr' id='par_1_8' title="bbox 415 713 2063 788">
     <span class='ocr_line' id='line_1_8' title="bbox 415 713 2063 788; baseline -0.001 -15"><span class='ocrx_word' id='word_1_36' title='bbox 415 717 616 774; x_wconf 83' lang='lat' dir='ltr'><strong>statim</strong></span> <span class='ocrx_word' id='word_1_37' title='bbox 678 714 929 788; x_wconf 82' lang='lat' dir='ltr'><strong>legisse,</strong></span> <span class='ocrx_word' id='word_1_38' title='bbox 998 717 1056 770; x_wconf 90' lang='lat' dir='ltr'><strong>et</strong></span> <span class='ocrx_word' id='word_1_39' title='bbox 1120 718 1389 786; x_wconf 82' lang='lat' dir='ltr'><strong>percepta</strong></span> <span class='ocrx_word' id='word_1_40' title='bbox 1455 714 1748 770; x_wconf 84' lang='lat' dir='ltr'><strong>sententia</strong></span> <span class='ocrx_word' id='word_1_41' title='bbox 1801 713 2063 786; x_wconf 82' lang='lat' dir='ltr'><strong>coegisse</strong></span> 
     </span>
    </p>
   </div>
   <div class='ocr_carea' id='block_1_9' title="bbox 415 803 2060 881">
    <p class='ocr_par' dir='ltr' id='par_1_9' title="bbox 415 803 2060 881">
     <span class='ocr_line' id='line_1_9' title="bbox 415 803 2060 881; baseline -0.003 -17"><span class='ocrx_word' id='word_1_42' title='bbox 415 811 700 881; x_wconf 87' lang='lat' dir='ltr'><strong>quantam</strong></span> <span class='ocrx_word' id='word_1_43' title='bbox 726 822 820 863; x_wconf 88' lang='lat' dir='ltr'><strong>res</strong></span> <span class='ocrx_word' id='word_1_44' title='bbox 853 806 1001 860; x_wconf 81' lang='lat' dir='ltr'><strong>ferre</strong></span> <span class='ocrx_word' id='word_1_45' title='bbox 1032 821 1299 873; x_wconf 88' lang='lat' dir='ltr'><strong>manum,</strong></span> <span class='ocrx_word' id='word_1_46' title='bbox 1350 820 1417 859; x_wconf 92' lang='lat' dir='ltr'><strong>ac</strong></span> <span class='ocrx_word' id='word_1_47' title='bbox 1467 804 1539 859; x_wconf 90' lang='lat' dir='ltr'><strong>ad</strong></span> <span class='ocrx_word' id='word_1_48' title='bbox 1584 803 1869 876; x_wconf 84' lang='lat' dir='ltr'><strong>palatium</strong></span> <span class='ocrx_word' id='word_1_49' title='bbox 1918 819 2060 859; x_wconf 90' lang='lat' dir='ltr'><strong>con-</strong></span> 
     </span>
    </p>
   </div>
   <div class='ocr_carea' id='block_1_10' title="bbox 414 897 2059 966">
    <p class='ocr_par' dir='ltr' id='par_1_10' title="bbox 414 897 2059 966">
     <span class='ocr_line' id='line_1_10' title="bbox 414 897 2059 966; baseline -0.004 -9"><span class='ocrx_word' id='word_1_50' title='bbox 414 900 696 957; x_wconf 89' lang='lat' dir='ltr'><strong>tendisse.</strong></span> <span class='ocrx_word' id='word_1_51' title='bbox 747 900 859 955; x_wconf 90' lang='lat' dir='ltr'><strong>Sed</strong></span> <span class='ocrx_word' id='word_1_52' title='bbox 910 914 1043 954; x_wconf 88' lang='lat' dir='ltr'><strong>cum</strong></span> <span class='ocrx_word' id='word_1_53' title='bbox 1073 897 1145 952; x_wconf 90' lang='lat' dir='ltr'><strong>ad</strong></span> <span class='ocrx_word' id='word_1_54' title='bbox 1176 897 1440 952; x_wconf 90' lang='lat' dir='ltr'><strong>Fundam</strong></span> <span class='ocrx_word' id='word_1_55' title='bbox 1467 897 1613 953; x_wconf 84' lang='lat' dir='ltr'><strong>Circi</strong></span> <span class='ocrx_word' id='word_1_56' title='bbox 1642 897 1917 966; x_wconf 85' lang='lat' dir='ltr'><strong>venisset,</strong></span> <span class='ocrx_word' id='word_1_57' title='bbox 1952 913 2059 953; x_wconf 85' lang='lat' dir='ltr'><strong>au-</strong></span> 
     </span>
    </p>
   </div>
   <div class='ocr_carea' id='block_1_11' title="bbox 413 985 2059 1061">
    <p class='ocr_par' dir='ltr' id='par_1_11' title="bbox 413 985 2059 1061">
     <span class='ocr_line' id='line_1_11' title="bbox 413 985 2059 1061; baseline -0.002 -15"><span class='ocrx_word' id='word_1_58' title='bbox 413 990 571 1047; x_wconf 90' lang='lat' dir='ltr'><strong>disse</strong></span> <span class='ocrx_word' id='word_1_59' title='bbox 599 989 888 1061; x_wconf 88' lang='lat' dir='ltr'><strong>quosdam</strong></span> <span class='ocrx_word' id='word_1_60' title='bbox 918 986 1072 1042; x_wconf 88' lang='lat' dir='ltr'><strong>inter</strong></span> <span class='ocrx_word' id='word_1_61' title='bbox 1121 1003 1182 1042; x_wconf 90' lang='lat' dir='ltr'><strong>se</strong></span> <span class='ocrx_word' id='word_1_62' title='bbox 1232 987 1305 1042; x_wconf 89' lang='lat' dir='ltr'><strong>de</strong></span> <span class='ocrx_word' id='word_1_63' title='bbox 1353 986 1659 1043; x_wconf 80' lang='lat' dir='ltr'><strong>interfecto</strong></span> <span class='ocrx_word' id='word_1_64' title='bbox 1706 985 2059 1059; x_wconf 80' lang='lat' dir='ltr'><strong>imperatore</strong></span> 
     </span>
    </p>
   </div>
   <div class='ocr_carea' id='block_1_12' title="bbox 408 1075 2059 1151">
    <p class='ocr_par' dir='ltr' id='par_1_12' title="bbox 408 1075 2059 1151">
     <span class='ocr_line' id='line_1_12' title="bbox 408 1075 2059 1151; baseline -0.002 -15"><span class='ocrx_word' id='word_1_65' title='bbox 408 1079 734 1151; x_wconf 87' lang='lat' dir='ltr'><strong>Nicephoro</strong></span> <span class='ocrx_word' id='word_1_66' title='bbox 766 1075 1187 1147; x_wconf 88' lang='lat' dir='ltr'><strong>colloquentes,</strong></span> <span class='ocrx_word' id='word_1_67' title='bbox 1218 1092 1323 1132; x_wconf 89' lang='lat' dir='ltr'><strong>nec</strong></span> <span class='ocrx_word' id='word_1_68' title='bbox 1354 1092 1470 1132; x_wconf 89' lang='lat' dir='ltr'><strong>non</strong></span> <span class='ocrx_word' id='word_1_69' title='bbox 1518 1080 1577 1133; x_wconf 88' lang='lat' dir='ltr'><strong>et</strong></span> <span class='ocrx_word' id='word_1_70' title='bbox 1624 1076 1682 1132; x_wconf 92' lang='lat' dir='ltr'><strong>in</strong></span> <span class='ocrx_word' id='word_1_71' title='bbox 1736 1075 1950 1149; x_wconf 80' lang='lat' dir='ltr'><strong>palatio</strong></span> <span class='ocrx_word' id='word_1_72' title='bbox 2000 1080 2059 1132; x_wconf 86' lang='lat' dir='ltr'><strong>et</strong></span> 
     </span>
    </p>
   </div>
   <div class='ocr_carea' id='block_1_13' title="bbox 411 1164 2055 1241">
    <p class='ocr_par' dir='ltr' id='par_1_13' title="bbox 411 1164 2055 1241">
     <span class='ocr_line' id='line_1_13' title="bbox 411 1164 2055 1241; baseline -0.003 -16"><span class='ocrx_word' id='word_1_73' title='bbox 411 1167 735 1241; x_wconf 81' lang='lat' dir='ltr'><strong>angiportis</strong></span> <span class='ocrx_word' id='word_1_74' title='bbox 760 1165 1047 1221; x_wconf 86' lang='lat' dir='ltr'><strong>Joannem</strong></span> <span class='ocrx_word' id='word_1_75' title='bbox 1098 1164 1509 1237; x_wconf 89' lang='lat' dir='ltr'><strong>imperatorem</strong></span> <span class='ocrx_word' id='word_1_76' title='bbox 1560 1165 2055 1237; x_wconf 84' lang='lat' dir='ltr'><strong>proclamantium</strong></span> 
     </span>
    </p>
   </div>
   <div class='ocr_carea' id='block_1_14' title="bbox 410 1253 2053 1327">
    <p class='ocr_par' dir='ltr' id='par_1_14' title="bbox 410 1253 2053 1327">
     <span class='ocr_line' id='line_1_14' title="bbox 410 1253 2053 1327; baseline -0.003 -13"><span class='ocrx_word' id='word_1_77' title='bbox 410 1273 577 1314; x_wconf 87' lang='lat' dir='ltr'><strong>voces</strong></span> <span class='ocrx_word' id='word_1_78' title='bbox 600 1255 960 1327; x_wconf 89' lang='lat' dir='ltr'><strong>percepisse:</strong></span> <span class='ocrx_word' id='word_1_79' title='bbox 984 1253 1177 1326; x_wconf 88' lang='lat' dir='ltr'><strong>itaque</strong></span> <span class='ocrx_word' id='word_1_80' title='bbox 1200 1272 1259 1310; x_wconf 90' lang='lat' dir='ltr'><strong>re</strong></span> <span class='ocrx_word' id='word_1_81' title='bbox 1287 1255 1584 1327; x_wconf 87' lang='lat' dir='ltr'><strong>insperata</strong></span> <span class='ocrx_word' id='word_1_82' title='bbox 1613 1258 2053 1310; x_wconf 89' lang='lat' dir='ltr'><strong>consternatum</strong></span> 
     </span>
    </p>
   </div>
   <div class='ocr_carea' id='block_1_15' title="bbox 409 1342 2053 1417">
    <p class='ocr_par' dir='ltr' id='par_1_15' title="bbox 409 1342 2053 1417">
     <span class='ocr_line' id='line_1_15' title="bbox 409 1342 2053 1417; baseline -0.001 -16"><span class='ocrx_word' id='word_1_83' title='bbox 409 1344 554 1401; x_wconf 87' lang='lat' dir='ltr'><strong>nihil</strong></span> <span class='ocrx_word' id='word_1_84' title='bbox 570 1344 989 1417; x_wconf 86' lang='lat' dir='ltr'><strong>magnaninum</strong></span> <span class='ocrx_word' id='word_1_85' title='bbox 1006 1344 1099 1397; x_wconf 77' lang='lat'><strong>37</strong></span> <span class='ocrx_word' id='word_1_86' title='bbox 1112 1343 1158 1399; x_wconf 88' lang='lat'><strong>8</strong></span> <span class='ocrx_word' id='word_1_87' title='bbox 1173 1344 1481 1415; x_wconf 83' lang='lat' dir='ltr'><strong>cogitasse,</strong></span> <span class='ocrx_word' id='word_1_88' title='bbox 1500 1344 1600 1400; x_wconf 87' lang='lat' dir='ltr'><strong>sed</strong></span> <span class='ocrx_word' id='word_1_89' title='bbox 1617 1342 1772 1400; x_wconf 91' lang='lat' dir='ltr'><strong>illico</strong></span> <span class='ocrx_word' id='word_1_90' title='bbox 1786 1360 1919 1399; x_wconf 89' lang='lat' dir='ltr'><strong>cum</strong></span> <span class='ocrx_word' id='word_1_91' title='bbox 1936 1343 2053 1399; x_wconf 80' lang='lat' dir='ltr'><strong>ﬁlio</strong></span> 
     </span>
    </p>
   </div>
   <div class='ocr_carea' id='block_1_16' title="bbox 407 1432 2055 1507">
    <p class='ocr_par' dir='ltr' id='par_1_16' title="bbox 407 1432 2055 1507">
     <span class='ocr_line' id='line_1_16' title="bbox 407 1432 2055 1507; baseline -0.001 -16"><span class='ocrx_word' id='word_1_92' title='bbox 407 1435 733 1507; x_wconf 79' lang='lat' dir='ltr'><strong>Nicephoro</strong></span> <span class='ocrx_word' id='word_1_93' title='bbox 762 1433 820 1488; x_wconf 92' lang='lat' dir='ltr'><strong>in</strong></span> <span class='ocrx_word' id='word_1_94' title='bbox 852 1433 1131 1504; x_wconf 87' lang='lat' dir='ltr'><strong>Magnum</strong></span> <span class='ocrx_word' id='word_1_95' title='bbox 1162 1432 1469 1504; x_wconf 90' lang='lat' dir='ltr'><strong>Templum</strong></span> <span class='ocrx_word' id='word_1_96' title='bbox 1502 1433 2055 1506; x_wconf 80' lang='lat' dir='ltr'><strong>confugisse.Atque</strong></span> 
     </span>
    </p>
   </div>
   <div class='ocr_carea' id='block_1_17' title="bbox 407 1521 2051 1593">
    <p class='ocr_par' dir='ltr' id='par_1_17' title="bbox 407 1521 2051 1593">
     <span class='ocr_line' id='line_1_17' title="bbox 407 1521 2051 1593; baseline -0.001 -12"><span class='ocrx_word' id='word_1_97' title='bbox 407 1524 529 1581; x_wconf 67' lang='lat' dir='ltr'><strong>haec</strong></span> <span class='ocrx_word' id='word_1_98' title='bbox 558 1521 844 1579; x_wconf 87' lang='lat' dir='ltr'><strong>memoria</strong></span> <span class='ocrx_word' id='word_1_99' title='bbox 872 1521 1101 1593; x_wconf 90' lang='lat' dir='ltr'><strong>prodita</strong></span> <span class='ocrx_word' id='word_1_100' title='bbox 1131 1525 1304 1591; x_wconf 92' lang='lat' dir='ltr'><strong>sunt;</strong></span> <span class='ocrx_word' id='word_1_101' title='bbox 1340 1539 1543 1578; x_wconf 86' lang='lat' dir='ltr'><strong>verene</strong></span> <span class='ocrx_word' id='word_1_102' title='bbox 1582 1540 1656 1577; x_wconf 93' lang='lat' dir='ltr'><strong>an</strong></span> <span class='ocrx_word' id='word_1_103' title='bbox 1710 1521 1880 1591; x_wconf 82' lang='lat' dir='ltr'><strong>falso,</strong></span> <span class='ocrx_word' id='word_1_104' title='bbox 1934 1539 2051 1579; x_wconf 90' lang='lat' dir='ltr'><strong>non</strong></span> 
     </span>
    </p>
   </div>
   <div class='ocr_carea' id='block_1_18' title="bbox 407 1610 2053 1687">
    <p class='ocr_par' dir='ltr' id='par_1_18' title="bbox 407 1610 2053 1687">
     <span class='ocr_line' id='line_1_18' title="bbox 407 1610 2053 1687; baseline -0.001 -18"><span class='ocrx_word' id='word_1_105' title='bbox 407 1613 745 1687; x_wconf 87' lang='lat' dir='ltr'><strong>pronuntio.</strong></span> <span class='ocrx_word' id='word_1_106' title='bbox 778 1612 838 1669; x_wconf 92' lang='lat' dir='ltr'><strong>Id</strong></span> <span class='ocrx_word' id='word_1_107' title='bbox 873 1610 1111 1684; x_wconf 86' lang='lat' dir='ltr'><strong>quidem</strong></span> <span class='ocrx_word' id='word_1_108' title='bbox 1142 1610 1348 1685; x_wconf 79' lang='lat' dir='ltr'><strong>liquet,</strong></span> <span class='ocrx_word' id='word_1_109' title='bbox 1373 1611 1767 1685; x_wconf 87' lang='lat' dir='ltr'><strong>Nicephorum</strong></span> <span class='ocrx_word' id='word_1_110' title='bbox 1802 1613 1859 1668; x_wconf 94' lang='lat' dir='ltr'><strong>in</strong></span> <span class='ocrx_word' id='word_1_111' title='bbox 1895 1612 2053 1686; x_wconf 89' lang='lat' dir='ltr'><strong>pala-</strong></span> 
     </span>
    </p>
   </div>
   <div class='ocr_carea' id='block_1_19' title="bbox 403 1700 1126 1759">
    <p class='ocr_par' dir='ltr' id='par_1_19' title="bbox 403 1700 1126 1759">
     <span class='ocr_line' id='line_1_19' title="bbox 403 1700 1126 1759; baseline -0.004 0"><span class='ocrx_word' id='word_1_112' title='bbox 403 1704 485 1759; x_wconf 89' lang='lat' dir='ltr'><strong>tio</strong></span> <span class='ocrx_word' id='word_1_113' title='bbox 519 1702 701 1759; x_wconf 79' lang='lat' dir='ltr'><strong>tuisse</strong></span> <span class='ocrx_word' id='word_1_114' title='bbox 733 1700 1126 1758; x_wconf 82' lang='lat' dir='ltr'><strong>interfectum.</strong></span> 
     </span>
    </p>
   </div>
   <div class='ocr_carea' id='block_1_20' title="bbox 474 1877 2049 1953">
    <p class='ocr_par' dir='ltr' id='par_1_20' title="bbox 474 1877 2049 1953">
     <span class='ocr_line' id='line_1_20' title="bbox 474 1877 2049 1953; baseline 0 -16"><span class='ocrx_word' id='word_1_115' title='bbox 474 1880 627 1937; x_wconf 72' lang='lat'><strong>379</strong></span> <span class='ocrx_word' id='word_1_116' title='bbox 656 1880 911 1937; x_wconf 85' lang='lat' dir='ltr'><strong>Joannes</strong></span> <span class='ocrx_word' id='word_1_117' title='bbox 943 1877 1263 1935; x_wconf 87' lang='lat' dir='ltr'><strong>Tzimiscas</strong></span> <span class='ocrx_word' id='word_1_118' title='bbox 1301 1878 1410 1935; x_wconf 89' lang='lat' dir='ltr'><strong>hoc</strong></span> <span class='ocrx_word' id='word_1_119' title='bbox 1455 1879 1689 1937; x_wconf 89' lang='lat' dir='ltr'><strong>sublato</strong></span> <span class='ocrx_word' id='word_1_120' title='bbox 1732 1879 2049 1953; x_wconf 89' lang='lat' dir='ltr'><strong>imperium</strong></span> 
     </span>
    </p>
   </div>
   <div class='ocr_carea' id='block_1_21' title="bbox 404 1966 2050 2040">
    <p class='ocr_par' dir='ltr' id='par_1_21' title="bbox 404 1966 2050 2040">
     <span class='ocr_line' id='line_1_21' title="bbox 404 1966 2050 2040; baseline 0 -15"><span class='ocrx_word' id='word_1_121' title='bbox 404 1970 557 2039; x_wconf 89' lang='lat' dir='ltr'><strong>iniit,</strong></span> <span class='ocrx_word' id='word_1_122' title='bbox 589 1967 871 2025; x_wconf 83' lang='lat' dir='ltr'><strong>adhibitis</strong></span> <span class='ocrx_word' id='word_1_123' title='bbox 903 1966 1141 2040; x_wconf 86' lang='lat' dir='ltr'><strong>collegis</strong></span> <span class='ocrx_word' id='word_1_124' title='bbox 1173 1966 1388 2024; x_wconf 86' lang='lat' dir='ltr'><strong>Basilio</strong></span> <span class='ocrx_word' id='word_1_125' title='bbox 1411 1971 1467 2023; x_wconf 91' lang='lat' dir='ltr'><strong>et</strong></span> <span class='ocrx_word' id='word_1_126' title='bbox 1499 1970 1882 2026; x_wconf 84' lang='lat' dir='ltr'><strong>Constantino</strong></span> <span class='ocrx_word' id='word_1_127' title='bbox 1934 1970 2050 2025; x_wconf 83' lang='lat' dir='ltr'><strong>Ro-</strong></span> 
     </span>
    </p>
   </div>
   <div class='ocr_carea' id='block_1_22' title="bbox 403 2056 2049 2131">
    <p class='ocr_par' dir='ltr' id='par_1_22' title="bbox 403 2056 2049 2131">
     <span class='ocr_line' id='line_1_22' title="bbox 403 2056 2049 2131; baseline 0 -16"><span class='ocrx_word' id='word_1_128' title='bbox 403 2059 566 2116; x_wconf 90' lang='lat' dir='ltr'><strong>mani</strong></span> <span class='ocrx_word' id='word_1_129' title='bbox 595 2058 753 2127; x_wconf 82' lang='lat' dir='ltr'><strong>ﬁliis,</strong></span> <span class='ocrx_word' id='word_1_130' title='bbox 786 2073 1037 2130; x_wconf 89' lang='lat' dir='ltr'><strong>quorum</strong></span> <span class='ocrx_word' id='word_1_131' title='bbox 1087 2056 1181 2112; x_wconf 94' lang='lat' dir='ltr'><strong>hic</strong></span> <span class='ocrx_word' id='word_1_132' title='bbox 1235 2057 1531 2129; x_wconf 91' lang='lat' dir='ltr'><strong>quintum,</strong></span> <span class='ocrx_word' id='word_1_133' title='bbox 1582 2058 1680 2115; x_wconf 91' lang='lat' dir='ltr'><strong>ille</strong></span> <span class='ocrx_word' id='word_1_134' title='bbox 1725 2059 2049 2131; x_wconf 89' lang='lat' dir='ltr'><strong>septimum</strong></span> 
     </span>
    </p>
   </div>
   <div class='ocr_carea' id='block_1_23' title="bbox 403 2145 2050 2220">
    <p class='ocr_par' dir='ltr' id='par_1_23' title="bbox 403 2145 2050 2220">
     <span class='ocr_line' id='line_1_23' title="bbox 403 2145 2050 2220; baseline 0 -16"><span class='ocrx_word' id='word_1_135' title='bbox 403 2148 588 2205; x_wconf 63' lang='lat' dir='ltr'><strong>etatis</strong></span> <span class='ocrx_word' id='word_1_136' title='bbox 606 2163 828 2204; x_wconf 89' lang='lat' dir='ltr'><strong>annum</strong></span> <span class='ocrx_word' id='word_1_137' title='bbox 850 2145 1257 2219; x_wconf 84' lang='lat' dir='ltr'><strong>agebat.1nitio</strong></span> <span class='ocrx_word' id='word_1_138' title='bbox 1279 2147 1479 2202; x_wconf 90' lang='lat' dir='ltr'><strong>statim</strong></span> <span class='ocrx_word' id='word_1_139' title='bbox 1503 2147 1733 2220; x_wconf 89' lang='lat' dir='ltr'><strong>imperii</strong></span> <span class='ocrx_word' id='word_1_140' title='bbox 1748 2148 2050 2215; x_wconf 88' lang='lat' dir='ltr'><strong>Basilium,</strong></span> 
     </span>
    </p>
   </div>
   <div class='ocr_carea' id='block_1_24' title="bbox 403 2235 2049 2308">
    <p class='ocr_par' dir='ltr' id='par_1_24' title="bbox 403 2235 2049 2308">
     <span class='ocr_line' id='line_1_24' title="bbox 403 2235 2049 2308; baseline -0.001 -15"><span class='ocrx_word' id='word_1_141' title='bbox 403 2236 829 2294; x_wconf 88' lang='lat' dir='ltr'><strong>cubicularium</strong></span> <span class='ocrx_word' id='word_1_142' title='bbox 853 2235 1157 2301; x_wconf 84' lang='lat' dir='ltr'><strong>intimum,</strong></span> <span class='ocrx_word' id='word_1_143' title='bbox 1189 2251 1365 2308; x_wconf 91' lang='lat' dir='ltr'><strong>quem</strong></span> <span class='ocrx_word' id='word_1_144' title='bbox 1396 2236 1759 2308; x_wconf 90' lang='lat' dir='ltr'><strong>Nicephorus</strong></span> <span class='ocrx_word' id='word_1_145' title='bbox 1788 2238 1863 2293; x_wconf 90' lang='lat' dir='ltr'><strong>ab</strong></span> <span class='ocrx_word' id='word_1_146' title='bbox 1893 2253 1958 2294; x_wconf 93' lang='lat' dir='ltr'><strong>eo</strong></span> <span class='ocrx_word' id='word_1_147' title='bbox 1990 2237 2049 2292; x_wconf 90' lang='lat' dir='ltr'><strong>in</strong></span> 
     </span>
    </p>
   </div>
   <div class='ocr_carea' id='block_1_25' title="bbox 403 2324 2051 2399">
    <p class='ocr_par' dir='ltr' id='par_1_25' title="bbox 403 2324 2051 2399">
     <span class='ocr_line' id='line_1_25' title="bbox 403 2324 2051 2399; baseline 0 -16"><span class='ocrx_word' id='word_1_148' title='bbox 403 2326 744 2399; x_wconf 89' lang='lat' dir='ltr'><strong>occupando</strong></span> <span class='ocrx_word' id='word_1_149' title='bbox 778 2325 1023 2398; x_wconf 91' lang='lat' dir='ltr'><strong>imperio</strong></span> <span class='ocrx_word' id='word_1_150' title='bbox 1058 2342 1172 2382; x_wconf 92' lang='lat' dir='ltr'><strong>non</strong></span> <span class='ocrx_word' id='word_1_151' title='bbox 1205 2324 1408 2382; x_wconf 87' lang='lat' dir='ltr'><strong>leviter</strong></span> <span class='ocrx_word' id='word_1_152' title='bbox 1457 2327 1700 2398; x_wconf 88' lang='lat' dir='ltr'><strong>adjutus</strong></span> <span class='ocrx_word' id='word_1_153' title='bbox 1750 2344 1896 2384; x_wconf 91' lang='lat' dir='ltr'><strong>novo</strong></span> <span class='ocrx_word' id='word_1_154' title='bbox 1949 2343 2051 2383; x_wconf 89' lang='lat' dir='ltr'><strong>no-</strong></span> 
     </span>
    </p>
   </div>
   <div class='ocr_carea' id='block_1_26' title="bbox 403 2414 2050 2488">
    <p class='ocr_par' dir='ltr' id='par_1_26' title="bbox 403 2414 2050 2488">
     <span class='ocr_line' id='line_1_26' title="bbox 403 2414 2050 2488; baseline 0 -16"><span class='ocrx_word' id='word_1_155' title='bbox 403 2417 562 2472; x_wconf 90' lang='lat' dir='ltr'><strong>mine</strong></span> <span class='ocrx_word' id='word_1_156' title='bbox 591 2417 723 2472; x_wconf 94' lang='lat' dir='ltr'><strong>novi</strong></span> <span class='ocrx_word' id='word_1_157' title='bbox 754 2415 1139 2487; x_wconf 84' lang='lat' dir='ltr'><strong>magistratus</strong></span> <span class='ocrx_word' id='word_1_158' title='bbox 1170 2414 1442 2471; x_wconf 89' lang='lat' dir='ltr'><strong>instituto</strong></span> <span class='ocrx_word' id='word_1_159' title='bbox 1476 2416 1781 2488; x_wconf 68' lang='lat' dir='ltr'><strong>praesidem</strong></span> <span class='ocrx_word' id='word_1_160' title='bbox 1822 2432 2050 2472; x_wconf 89' lang='lat' dir='ltr'><strong>creave-</strong></span> 
     </span>
    </p>
   </div>
   <div class='ocr_carea' id='block_1_27' title="bbox 400 2506 2048 2576">
    <p class='ocr_par' dir='ltr' id='par_1_27' title="bbox 400 2506 2048 2576">
     <span class='ocr_line' id='line_1_27' title="bbox 400 2506 2048 2576; baseline -0.001 -15"><span class='ocrx_word' id='word_1_161' title='bbox 400 2509 695 2576; x_wconf 90' lang='lat' dir='ltr'><strong>rat,noctu</strong></span> <span class='ocrx_word' id='word_1_162' title='bbox 714 2506 783 2562; x_wconf 86' lang='lat' dir='ltr'><strong>ad</strong></span> <span class='ocrx_word' id='word_1_163' title='bbox 806 2520 868 2561; x_wconf 89' lang='lat' dir='ltr'><strong>se</strong></span> <span class='ocrx_word' id='word_1_164' title='bbox 889 2508 1156 2559; x_wconf 91' lang='lat' dir='ltr'><strong>vocatum</strong></span> <span class='ocrx_word' id='word_1_165' title='bbox 1181 2521 1377 2559; x_wconf 90' lang='lat' dir='ltr'><strong>rerum</strong></span> <span class='ocrx_word' id='word_1_166' title='bbox 1399 2506 1789 2575; x_wconf 87' lang='lat' dir='ltr'><strong>gerendarum</strong></span> <span class='ocrx_word' id='word_1_167' title='bbox 1820 2506 2048 2561; x_wconf 92' lang='lat' dir='ltr'><strong>socium</strong></span> 
     </span>
    </p>
   </div>
   <div class='ocr_carea' id='block_1_28' title="bbox 399 2593 2050 2666">
    <p class='ocr_par' dir='ltr' id='par_1_28' title="bbox 399 2593 2050 2666">
     <span class='ocr_line' id='line_1_28' title="bbox 399 2593 2050 2666; baseline -0.001 -14"><span class='ocrx_word' id='word_1_168' title='bbox 399 2595 660 2660; x_wconf 88' lang='lat' dir='ltr'><strong>asciscit,</strong></span> <span class='ocrx_word' id='word_1_169' title='bbox 712 2594 933 2666; x_wconf 91' lang='lat' dir='ltr'><strong>quippe</strong></span> <span class='ocrx_word' id='word_1_170' title='bbox 982 2598 1040 2648; x_wconf 89' lang='lat' dir='ltr'><strong>et</strong></span> <span class='ocrx_word' id='word_1_171' title='bbox 1088 2593 1262 2664; x_wconf 88' lang='lat' dir='ltr'><strong>longo</strong></span> <span class='ocrx_word' id='word_1_172' title='bbox 1311 2598 1575 2664; x_wconf 91' lang='lat' dir='ltr'><strong>tempore</strong></span> <span class='ocrx_word' id='word_1_173' title='bbox 1631 2593 1692 2649; x_wconf 91' lang='lat' dir='ltr'><strong>in</strong></span> <span class='ocrx_word' id='word_1_174' title='bbox 1751 2594 2050 2665; x_wconf 88' lang='lat' dir='ltr'><strong>republica</strong></span> 
     </span>
    </p>
   </div>
   <div class='ocr_carea' id='block_1_29' title="bbox 400 2682 2047 2755">
    <p class='ocr_par' dir='ltr' id='par_1_29' title="bbox 400 2682 2047 2755">
     <span class='ocr_line' id='line_1_29' title="bbox 400 2682 2047 2755; baseline 0.001 -16"><span class='ocrx_word' id='word_1_175' title='bbox 400 2689 716 2752; x_wconf 87' lang='lat' dir='ltr'><strong>versatum,</strong></span> <span class='ocrx_word' id='word_1_176' title='bbox 742 2685 851 2738; x_wconf 87' lang='lat' dir='ltr'><strong>sub</strong></span> <span class='ocrx_word' id='word_1_177' title='bbox 869 2691 1032 2755; x_wconf 90' lang='lat' dir='ltr'><strong>patre</strong></span> <span class='ocrx_word' id='word_1_178' title='bbox 1046 2682 1302 2737; x_wconf 82' lang='lat' dir='ltr'><strong>Romano</strong></span> <span class='ocrx_word' id='word_1_179' title='bbox 1317 2682 1563 2753; x_wconf 89' lang='lat' dir='ltr'><strong>seniore,</strong></span> <span class='ocrx_word' id='word_1_180' title='bbox 1597 2687 1653 2738; x_wconf 92' lang='lat' dir='ltr'><strong>et</strong></span> <span class='ocrx_word' id='word_1_181' title='bbox 1665 2683 2047 2740; x_wconf 83' lang='lat' dir='ltr'><strong>Constantino</strong></span> 
     </span>
    </p>
   </div>
   <div class='ocr_carea' id='block_1_30' title="bbox 398 2771 2048 2845">
    <p class='ocr_par' dir='ltr' id='par_1_30' title="bbox 398 2771 2048 2845">
     <span class='ocr_line' id='line_1_30' title="bbox 398 2771 2048 2845; baseline 0 -18"><span class='ocrx_word' id='word_1_182' title='bbox 398 2771 897 2845; x_wconf 83' lang='lat' dir='ltr'><strong>Porphyrogenito</strong></span> <span class='ocrx_word' id='word_1_183' title='bbox 927 2771 1146 2827; x_wconf 89' lang='lat' dir='ltr'><strong>sororis</strong></span> <span class='ocrx_word' id='word_1_184' title='bbox 1179 2788 1297 2827; x_wconf 75' lang='lat' dir='ltr'><strong>suae</strong></span> <span class='ocrx_word' id='word_1_185' title='bbox 1330 2771 1563 2841; x_wconf 88' lang='lat' dir='ltr'><strong>marito,</strong></span> <span class='ocrx_word' id='word_1_186' title='bbox 1595 2776 1654 2828; x_wconf 90' lang='lat' dir='ltr'><strong>et</strong></span> <span class='ocrx_word' id='word_1_187' title='bbox 1702 2772 1801 2844; x_wconf 90' lang='lat' dir='ltr'><strong>qui</strong></span> <span class='ocrx_word' id='word_1_188' title='bbox 1852 2772 2048 2844; x_wconf 66' lang='lat' dir='ltr'><strong>sepis-</strong></span> 
     </span>
    </p>
   </div>
   <div class='ocr_carea' id='block_1_31' title="bbox 399 2861 2048 2933">
    <p class='ocr_par' dir='ltr' id='par_1_31' title="bbox 399 2861 2048 2933">
     <span class='ocr_line' id='line_1_31' title="bbox 399 2861 2048 2933; baseline -0.001 -15"><span class='ocrx_word' id='word_1_189' title='bbox 399 2862 552 2918; x_wconf 89' lang='lat' dir='ltr'><strong>sime</strong></span> <span class='ocrx_word' id='word_1_190' title='bbox 598 2877 722 2917; x_wconf 86' lang='lat' dir='ltr'><strong>rem</strong></span> <span class='ocrx_word' id='word_1_191' title='bbox 775 2864 978 2916; x_wconf 92' lang='lat' dir='ltr'><strong>contra</strong></span> <span class='ocrx_word' id='word_1_192' title='bbox 1024 2865 1323 2931; x_wconf 87' lang='lat' dir='ltr'><strong>Agarenos</strong></span> <span class='ocrx_word' id='word_1_193' title='bbox 1352 2865 1634 2933; x_wconf 85' lang='lat' dir='ltr'><strong>gesserat,</strong></span> <span class='ocrx_word' id='word_1_194' title='bbox 1666 2864 1724 2917; x_wconf 87' lang='lat' dir='ltr'><strong>et</strong></span> <span class='ocrx_word' id='word_1_195' title='bbox 1754 2861 1931 2917; x_wconf 90' lang='lat' dir='ltr'><strong>rebus</strong></span> <span class='ocrx_word' id='word_1_196' title='bbox 1961 2878 2048 2917; x_wconf 89' lang='lat' dir='ltr'><strong>ar-</strong></span> 
     </span>
    </p>
   </div>
   <div class='ocr_carea' id='block_1_32' title="bbox 401 2948 2051 3019">
    <p class='ocr_par' dir='ltr' id='par_1_32' title="bbox 401 2948 2051 3019">
     <span class='ocr_line' id='line_1_32' title="bbox 401 2948 2051 3019; baseline 0.001 -13"><span class='ocrx_word' id='word_1_197' title='bbox 401 2950 537 3007; x_wconf 90' lang='lat' dir='ltr'><strong>duis</strong></span> <span class='ocrx_word' id='word_1_198' title='bbox 569 2950 711 3006; x_wconf 90' lang='lat' dir='ltr'><strong>scite</strong></span> <span class='ocrx_word' id='word_1_199' title='bbox 743 2964 807 3006; x_wconf 92' lang='lat' dir='ltr'><strong>se</strong></span> <span class='ocrx_word' id='word_1_200' title='bbox 837 2949 1281 3006; x_wconf 91' lang='lat' dir='ltr'><strong>accommodare</strong></span> <span class='ocrx_word' id='word_1_201' title='bbox 1312 2948 1577 3006; x_wconf 77' lang='lat' dir='ltr'><strong>callebat.</strong></span> <span class='ocrx_word' id='word_1_202' title='bbox 1616 2954 1671 3006; x_wconf 93' lang='lat' dir='ltr'><strong>Is</strong></span> <span class='ocrx_word' id='word_1_203' title='bbox 1702 2949 2051 3019; x_wconf 89' lang='lat' dir='ltr'><strong>Basilius,ut</strong></span> 
     </span>
    </p>
   </div>
   <div class='ocr_carea' id='block_1_33' title="bbox 399 3039 2047 3113">
    <p class='ocr_par' dir='ltr' id='par_1_33' title="bbox 399 3039 2047 3113">
     <span class='ocr_line' id='line_1_33' title="bbox 399 3039 2047 3113; baseline 0 -17"><span class='ocrx_word' id='word_1_204' title='bbox 399 3040 659 3113; x_wconf 91' lang='lat' dir='ltr'><strong>primum</strong></span> <span class='ocrx_word' id='word_1_205' title='bbox 685 3039 1127 3095; x_wconf 89' lang='lat' dir='ltr'><strong>tractandarum</strong></span> <span class='ocrx_word' id='word_1_206' title='bbox 1160 3055 1355 3095; x_wconf 91' lang='lat' dir='ltr'><strong>rerum</strong></span> <span class='ocrx_word' id='word_1_207' title='bbox 1386 3055 1606 3095; x_wconf 85' lang='lat' dir='ltr'><strong>munus</strong></span> <span class='ocrx_word' id='word_1_208' title='bbox 1636 3039 1879 3111; x_wconf 90' lang='lat' dir='ltr'><strong>accepit,</strong></span> <span class='ocrx_word' id='word_1_209' title='bbox 1921 3057 2047 3097; x_wconf 93' lang='lat' dir='ltr'><strong>om-</strong></span> 
     </span>
    </p>
   </div>
   <div class='ocr_carea' id='block_1_34' title="bbox 397 3126 2046 3201">
    <p class='ocr_par' dir='ltr' id='par_1_34' title="bbox 397 3126 2046 3201">
     <span class='ocr_line' id='line_1_34' title="bbox 397 3126 2046 3201; baseline -0.001 -15"><span class='ocrx_word' id='word_1_210' title='bbox 397 3146 503 3186; x_wconf 89' lang='lat' dir='ltr'><strong>nes</strong></span> <span class='ocrx_word' id='word_1_211' title='bbox 555 3128 880 3201; x_wconf 88' lang='lat' dir='ltr'><strong>Nicephoro</strong></span> <span class='ocrx_word' id='word_1_212' title='bbox 910 3128 1216 3184; x_wconf 90' lang='lat' dir='ltr'><strong>studentes</strong></span> <span class='ocrx_word' id='word_1_213' title='bbox 1247 3144 1277 3184; x_wconf 91' lang='lat' dir='ltr'><strong>e</strong></span> <span class='ocrx_word' id='word_1_214' title='bbox 1309 3126 1503 3183; x_wconf 91' lang='lat' dir='ltr'><strong>medio</strong></span> <span class='ocrx_word' id='word_1_215' title='bbox 1535 3128 1862 3185; x_wconf 89' lang='lat' dir='ltr'><strong>submovet.</strong></span> <span class='ocrx_word' id='word_1_216' title='bbox 1900 3129 2046 3185; x_wconf 85' lang='lat' dir='ltr'><strong>Leo-</strong></span> 
     </span>
    </p>
   </div>
   <div class='ocr_carea' id='block_1_35' title="bbox 2080 1832 2128 1899">
    <p class='ocr_par' dir='ltr' id='par_1_35' title="bbox 2080 1832 2128 1899">
     <span class='ocr_line' id='line_1_35' title="bbox 2080 1832 2128 1899; baseline 0 0"><span class='ocrx_word' id='word_1_217' title='bbox 2080 1832 2128 1899; x_wconf 93' lang='lat' dir='ltr'><strong>B</strong></span> 
     </span>
    </p>
   </div>
   <div class='ocr_carea' id='block_1_36' title="bbox 2168 531 3826 616">
    <p class='ocr_par' dir='ltr' id='par_1_36' title="bbox 2168 531 3826 616">
     <span class='ocr_line' id='line_1_36' title="bbox 2168 531 3826 616; baseline 0.007 -28"><span class='ocrx_word' id='word_1_218' title='bbox 2168 554 2330 588; x_wconf 90' lang='grc' dir='ltr'>τινων</span> <span class='ocrx_word' id='word_1_219' title='bbox 2378 532 2469 589; x_wconf 84' lang='grc' dir='ltr'><strong>καὶ</strong></span> <span class='ocrx_word' id='word_1_220' title='bbox 2520 531 2818 608; x_wconf 74' lang='grc' dir='ltr'><strong>δαιμονίως</strong></span> <span class='ocrx_word' id='word_1_221' title='bbox 2866 539 2936 611; x_wconf 79' lang='grc' dir='ltr'><strong>τῇ</strong></span> <span class='ocrx_word' id='word_1_222' title='bbox 2986 534 3177 609; x_wconf 85' lang='grc' dir='ltr'>παιδιᾷ</span> <span class='ocrx_word' id='word_1_223' title='bbox 3227 540 3538 616; x_wconf 87' lang='grc' dir='ltr'>χρώμενος)</span> <span class='ocrx_word' id='word_1_224' title='bbox 3579 538 3729 607; x_wconf 72' lang='grc' dir='ltr'>ἔθετο</span> <span class='ocrx_word' id='word_1_225' title='bbox 3773 543 3826 599; x_wconf 72' lang='grc' dir='ltr'><strong>έν</strong></span> 
     </span>
    </p>
   </div>
   <div class='ocr_carea' id='block_1_37' title="bbox 2169 622 3828 705">
    <p class='ocr_par' dir='ltr' id='par_1_37' title="bbox 2169 622 3828 705">
     <span class='ocr_line' id='line_1_37' title="bbox 2169 622 3828 705; baseline 0.007 -29"><span class='ocrx_word' id='word_1_226' title='bbox 2169 625 2237 696; x_wconf 81' lang='grc' dir='ltr'><strong>τῇ</strong></span> <span class='ocrx_word' id='word_1_227' title='bbox 2270 623 2461 679; x_wconf 72' lang='grc' dir='ltr'>ἑαυτοῦ</span> <span class='ocrx_word' id='word_1_228' title='bbox 2518 622 2679 698; x_wconf 77' lang='grc' dir='ltr'>κλίνῃ</span> <span class='ocrx_word' id='word_1_229' title='bbox 2727 624 2831 681; x_wconf 78' lang='grc' dir='ltr'><strong>ὐπὸ</strong></span> <span class='ocrx_word' id='word_1_230' title='bbox 2877 626 2976 695; x_wconf 73' lang='grc' dir='ltr'>τὴν</span> <span class='ocrx_word' id='word_1_231' title='bbox 3027 626 3219 699; x_wconf 77' lang='grc' dir='ltr'>τύλην.</span> <span class='ocrx_word' id='word_1_232' title='bbox 3265 632 3421 705; x_wconf 73' lang='grc' dir='ltr'>’Ἄρτι</span> <span class='ocrx_word' id='word_1_233' title='bbox 3470 628 3527 686; x_wconf 73' lang='grc' dir='ltr'>δὲ</span> <span class='ocrx_word' id='word_1_234' title='bbox 3566 636 3664 687; x_wconf 89' lang='grc' dir='ltr'><strong>τοῦ</strong></span> <span class='ocrx_word' id='word_1_235' title='bbox 3694 654 3828 688; x_wconf 90' lang='grc' dir='ltr'>παι-</span> 
     </span>
    </p>
   </div>
   <div class='ocr_carea' id='block_1_38' title="bbox 2168 710 3825 792">
    <p class='ocr_par' dir='ltr' id='par_1_38' title="bbox 2168 710 3825 792">
     <span class='ocr_line' id='line_1_38' title="bbox 2168 710 3825 792; baseline 0.007 -26"><span class='ocrx_word' id='word_1_236' title='bbox 2168 711 2323 788; x_wconf 85' lang='grc' dir='ltr'>γνίου</span> <span class='ocrx_word' id='word_1_237' title='bbox 2376 710 2723 777; x_wconf 77' lang='grc' dir='ltr'><strong>διαλυθέντος</strong></span> <span class='ocrx_word' id='word_1_238' title='bbox 2783 715 2846 770; x_wconf 85' lang='grc' dir='ltr'><strong>τὸ</strong></span> <span class='ocrx_word' id='word_1_239' title='bbox 2894 716 3239 792; x_wconf 78' lang='grc' dir='ltr'><strong>γραμμάτιον</strong></span> <span class='ocrx_word' id='word_1_240' title='bbox 3301 718 3543 775; x_wconf 74' lang='grc' dir='ltr'>ἐπελθὼν</span> <span class='ocrx_word' id='word_1_241' title='bbox 3595 721 3686 777; x_wconf 81' lang='grc' dir='ltr'><strong>καὶ</strong></span> <span class='ocrx_word' id='word_1_242' title='bbox 3730 722 3825 778; x_wconf 85' lang='grc' dir='ltr'><strong>τὸν</strong></span> 
     </span>
    </p>
   </div>
   <div class='ocr_carea' id='block_1_39' title="bbox 2168 800 3824 887">
    <p class='ocr_par' dir='ltr' id='par_1_39' title="bbox 2168 800 3824 887">
     <span class='ocr_line' id='line_1_39' title="bbox 2168 800 3824 887; baseline 0.007 -31"><span class='ocrx_word' id='word_1_243' title='bbox 2168 800 2476 879; x_wconf 69' lang='grc' dir='ltr'>έγκείμενον</span> <span class='ocrx_word' id='word_1_244' title='bbox 2527 807 2652 857; x_wconf 90' lang='grc' dir='ltr'>νοῦν</span> <span class='ocrx_word' id='word_1_245' title='bbox 2704 802 2880 867; x_wconf 71' lang='grc' dir='ltr'>συνεῗς</span> <span class='ocrx_word' id='word_1_246' title='bbox 2922 808 3031 860; x_wconf 79' lang='grc' dir='ltr'><strong>τῶν</strong></span> <span class='ocrx_word' id='word_1_247' title='bbox 3080 808 3415 887; x_wconf 88' lang='grc' dir='ltr'>γραφέντων,</span> <span class='ocrx_word' id='word_1_248' title='bbox 3469 806 3695 885; x_wconf 82' lang='grc' dir='ltr'>δύναμιν</span> <span class='ocrx_word' id='word_1_249' title='bbox 3744 811 3824 876; x_wconf 87' lang='grc' dir='ltr'>ὣς</span> 
     </span>
    </p>
   </div>
   <div class='ocr_carea' id='block_1_40' title="bbox 2168 890 3823 977">
    <p class='ocr_par' dir='ltr' id='par_1_40' title="bbox 2168 890 3823 977">
     <span class='ocr_line' id='line_1_40' title="bbox 2168 890 3823 977; baseline 0.008 -33"><span class='ocrx_word' id='word_1_250' title='bbox 2168 891 2196 944; x_wconf 99' lang='lat'><strong>6</strong></span> <span class='ocrx_word' id='word_1_251' title='bbox 2255 891 2443 967; x_wconf 76' lang='grc' dir='ltr'>καιρὸς</span> <span class='ocrx_word' id='word_1_252' title='bbox 2498 890 2692 968; x_wconf 74' lang='grc' dir='ltr'>ἀπῄτει</span> <span class='ocrx_word' id='word_1_253' title='bbox 2753 895 3125 972; x_wconf 77' lang='grc' dir='ltr'>συνηθροικὼς</span> <span class='ocrx_word' id='word_1_254' title='bbox 3194 896 3357 973; x_wconf 75' lang='grc' dir='ltr'>ἀπῄει</span> <span class='ocrx_word' id='word_1_255' title='bbox 3414 900 3551 973; x_wconf 86' lang='grc' dir='ltr'>πρὸς</span> <span class='ocrx_word' id='word_1_256' title='bbox 3604 901 3673 955; x_wconf 83' lang='grc' dir='ltr'><strong>τὰ</strong></span> <span class='ocrx_word' id='word_1_257' title='bbox 3723 902 3823 977; x_wconf 80' lang='grc' dir='ltr'><strong>βα-</strong></span> 
     </span>
    </p>
   </div>
   <div class='ocr_carea' id='block_1_41' title="bbox 2168 978 3821 1066">
    <p class='ocr_par' dir='ltr' id='par_1_41' title="bbox 2168 978 3821 1066">
     <span class='ocr_line' id='line_1_41' title="bbox 2168 978 3821 1066; baseline 0.007 -32"><span class='ocrx_word' id='word_1_258' title='bbox 2168 978 2365 1038; x_wconf 79' lang='grc' dir='ltr'>σίλεια.</span> <span class='ocrx_word' id='word_1_259' title='bbox 2427 981 2720 1055; x_wconf 89' lang='grc' dir='ltr'>Γενόμενος</span> <span class='ocrx_word' id='word_1_260' title='bbox 2780 980 2838 1038; x_wconf 74' lang='grc' dir='ltr'>δὲ</span> <span class='ocrx_word' id='word_1_261' title='bbox 2891 985 3028 1040; x_wconf 73' lang='grc' dir='ltr'>κατὰ</span> <span class='ocrx_word' id='word_1_262' title='bbox 3082 987 3183 1056; x_wconf 73' lang='grc' dir='ltr'>τὴν</span> <span class='ocrx_word' id='word_1_263' title='bbox 3237 986 3288 1042; x_wconf 74' lang='grc' dir='ltr'>ἐν</span> <span class='ocrx_word' id='word_1_264' title='bbox 3338 992 3420 1060; x_wconf 85' lang='grc' dir='ltr'><strong>τῷ</strong></span> <span class='ocrx_word' id='word_1_265' title='bbox 3465 986 3821 1066; x_wconf 83' lang='grc' dir='ltr'>ἱπποδρομίῳ</span> 
     </span>
    </p>
   </div>
   <div class='ocr_carea' id='block_1_42' title="bbox 2167 1066 3824 1152">
    <p class='ocr_par' dir='ltr' id='par_1_42' title="bbox 2167 1066 3824 1152">
     <span class='ocr_line' id='line_1_42' title="bbox 2167 1066 3824 1152; baseline 0.007 -28"><span class='ocrx_word' id='word_1_266' title='bbox 2167 1066 2463 1144; x_wconf 71' lang='grc' dir='ltr'>σφενδόνην</span> <span class='ocrx_word' id='word_1_267' title='bbox 2492 1069 2693 1139; x_wconf 72' lang='grc' dir='ltr'>ἤκουσέ</span> <span class='ocrx_word' id='word_1_268' title='bbox 2722 1092 2884 1128; x_wconf 89' lang='grc' dir='ltr'>τινων</span> <span class='ocrx_word' id='word_1_269' title='bbox 2918 1070 3323 1150; x_wconf 71' lang='grc' dir='ltr'>διαλεγομένων</span> <span class='ocrx_word' id='word_1_270' title='bbox 3355 1086 3491 1152; x_wconf 80' lang='grc' dir='ltr'>πρὸς</span> <span class='ocrx_word' id='word_1_271' title='bbox 3535 1076 3824 1150; x_wconf 73' lang='grc' dir='ltr'>ἀλλήλους</span> 
     </span>
    </p>
   </div>
   <div class='ocr_carea' id='block_1_43' title="bbox 2165 1156 3821 1242">
    <p class='ocr_par' dir='ltr' id='par_1_43' title="bbox 2165 1156 3821 1242">
     <span class='ocr_line' id='line_1_43' title="bbox 2165 1156 3821 1242; baseline 0.007 -30"><span class='ocrx_word' id='word_1_272' title='bbox 2165 1159 2239 1221; x_wconf 88' lang='grc' dir='ltr'>ὡς</span> <span class='ocrx_word' id='word_1_273' title='bbox 2316 1156 2418 1234; x_wconf 72' lang='grc' dir='ltr'><strong>ἄρα</strong></span> <span class='ocrx_word' id='word_1_274' title='bbox 2492 1158 2576 1231; x_wconf 80' lang='grc' dir='ltr'><strong>εἷή</strong></span> <span class='ocrx_word' id='word_1_275' title='bbox 2654 1157 2965 1240; x_wconf 85' lang='grc' dir='ltr'>Νικηφόρος</span> <span class='ocrx_word' id='word_1_276' title='bbox 3041 1164 3383 1238; x_wconf 77' lang='grc' dir='ltr'>ἀνῃρημένος</span> <span class='ocrx_word' id='word_1_277' title='bbox 3451 1166 3480 1221; x_wconf 91' lang='lat'><strong>6</strong></span> <span class='ocrx_word' id='word_1_278' title='bbox 3540 1166 3821 1242; x_wconf 85' lang='grc' dir='ltr'>βασιλευς,</span> 
     </span>
    </p>
   </div>
   <div class='ocr_carea' id='block_1_44' title="bbox 2162 1246 3824 1326">
    <p class='ocr_par' dir='ltr' id='par_1_44' title="bbox 2162 1246 3824 1326">
     <span class='ocr_line' id='line_1_44' title="bbox 2162 1246 3824 1326; baseline 0.006 -24"><span class='ocrx_word' id='word_1_279' title='bbox 2162 1246 2363 1319; x_wconf 76' lang='grc' dir='ltr'>ἤκουσε</span> <span class='ocrx_word' id='word_1_280' title='bbox 2394 1246 2451 1304; x_wconf 73' lang='grc' dir='ltr'>δὶ</span> <span class='ocrx_word' id='word_1_281' title='bbox 2479 1249 2569 1304; x_wconf 85' lang='grc' dir='ltr'><strong>καὶ</strong></span> <span class='ocrx_word' id='word_1_282' title='bbox 2597 1254 2705 1305; x_wconf 81' lang='grc' dir='ltr'>τῶν</span> <span class='ocrx_word' id='word_1_283' title='bbox 2738 1249 2788 1305; x_wconf 85' lang='grc' dir='ltr'><strong>έν</strong></span> <span class='ocrx_word' id='word_1_284' title='bbox 2821 1256 2901 1324; x_wconf 81' lang='grc' dir='ltr'>τῷ</span> <span class='ocrx_word' id='word_1_285' title='bbox 2931 1250 3186 1326; x_wconf 83' lang='grc' dir='ltr'>παλατίῳ</span> <span class='ocrx_word' id='word_1_286' title='bbox 3236 1256 3322 1309; x_wconf 86' lang='grc' dir='ltr'><strong>καὶ</strong></span> <span class='ocrx_word' id='word_1_287' title='bbox 3376 1261 3493 1318; x_wconf 88' lang='grc' dir='ltr'>τοῖς</span> <span class='ocrx_word' id='word_1_288' title='bbox 3525 1264 3824 1323; x_wconf 82' lang='grc' dir='ltr'>στενωποῖς</span> 
     </span>
    </p>
   </div>
   <div class='ocr_carea' id='block_1_45' title="bbox 2162 1336 3818 1418">
    <p class='ocr_par' dir='ltr' id='par_1_45' title="bbox 2162 1336 3818 1418">
     <span class='ocr_line' id='line_1_45' title="bbox 2162 1336 3818 1418; baseline 0.005 -26"><span class='ocrx_word' id='word_1_289' title='bbox 2162 1336 2619 1416; x_wconf 74' lang='grc' dir='ltr'>ἀνευφημοόντων</span> <span class='ocrx_word' id='word_1_290' title='bbox 2668 1341 2762 1396; x_wconf 86' lang='grc' dir='ltr'><strong>τὸν</strong></span> <span class='ocrx_word' id='word_1_291' title='bbox 2804 1342 3087 1413; x_wconf 84' lang='grc' dir='ltr'>Ἰωάννην.</span> <span class='ocrx_word' id='word_1_292' title='bbox 3119 1345 3214 1417; x_wconf 78' lang='grc' dir='ltr'>Τῷ</span> <span class='ocrx_word' id='word_1_293' title='bbox 3265 1342 3578 1418; x_wconf 80' lang='grc' dir='ltr'>ἀνελπίστῳ</span> <span class='ocrx_word' id='word_1_294' title='bbox 3626 1344 3683 1401; x_wconf 78' lang='grc' dir='ltr'>δὶ</span> <span class='ocrx_word' id='word_1_295' title='bbox 3721 1368 3818 1401; x_wconf 83' lang='grc' dir='ltr'>κα-</span> 
     </span>
    </p>
   </div>
   <div class='ocr_carea' id='block_1_46' title="bbox 2160 1424 3819 1512">
    <p class='ocr_par' dir='ltr' id='par_1_46' title="bbox 2160 1424 3819 1512">
     <span class='ocr_line' id='line_1_46' title="bbox 2160 1424 3819 1512; baseline 0.006 -31"><span class='ocrx_word' id='word_1_296' title='bbox 2160 1424 2479 1503; x_wconf 81' lang='grc' dir='ltr'>ταπλαγεὶς,</span> <span class='ocrx_word' id='word_1_297' title='bbox 2529 1429 2619 1484; x_wconf 84' lang='grc' dir='ltr'><strong>καὶ</strong></span> <span class='ocrx_word' id='word_1_298' title='bbox 2670 1428 2839 1503; x_wconf 74' lang='grc' dir='ltr'>μηδὶν</span> <span class='ocrx_word' id='word_1_299' title='bbox 2896 1430 3152 1503; x_wconf 66' lang='grc' dir='ltr'>ἐννοήσας</span> <span class='ocrx_word' id='word_1_300' title='bbox 3216 1439 3483 1508; x_wconf 89' lang='grc' dir='ltr'>γενναῖον,</span> <span class='ocrx_word' id='word_1_301' title='bbox 3607 1437 3819 1512; x_wconf 81' lang='grc' dir='ltr'>τάχους</span> 
     </span>
    </p>
   </div>
   <div class='ocr_carea' id='block_1_47' title="bbox 2163 1516 3815 1602">
    <p class='ocr_par' dir='ltr' id='par_1_47' title="bbox 2163 1516 3815 1602">
     <span class='ocr_line' id='line_1_47' title="bbox 2163 1516 3815 1602; baseline 0.006 -31"><span class='ocrx_word' id='word_1_302' title='bbox 2163 1516 2279 1592; x_wconf 79' lang='grc' dir='ltr'>εἶχε</span> <span class='ocrx_word' id='word_1_303' title='bbox 2307 1516 2398 1571; x_wconf 80' lang='grc' dir='ltr'>σὺν</span> <span class='ocrx_word' id='word_1_304' title='bbox 2438 1522 2517 1590; x_wconf 80' lang='grc' dir='ltr'>τῷ</span> <span class='ocrx_word' id='word_1_305' title='bbox 2563 1519 2666 1592; x_wconf 82' lang='grc' dir='ltr'>υἱῷ</span> <span class='ocrx_word' id='word_1_306' title='bbox 2714 1520 3018 1597; x_wconf 76' lang='grc' dir='ltr'>Νικηφόρῳ</span> <span class='ocrx_word' id='word_1_307' title='bbox 3064 1525 3133 1597; x_wconf 76' lang='grc' dir='ltr'><strong>τῇ</strong></span> <span class='ocrx_word' id='word_1_308' title='bbox 3184 1522 3416 1599; x_wconf 75' lang='grc' dir='ltr'>Μεγάλῃ</span> <span class='ocrx_word' id='word_1_309' title='bbox 3450 1522 3815 1602; x_wconf 80' lang='grc' dir='ltr'>προσέρχεται</span> 
     </span>
    </p>
   </div>
   <div class='ocr_carea' id='block_1_48' title="bbox 2161 1605 3821 1687">
    <p class='ocr_par' dir='ltr' id='par_1_48' title="bbox 2161 1605 3821 1687">
     <span class='ocr_line' id='line_1_48' title="bbox 2161 1605 3821 1687; baseline 0.005 -24"><span class='ocrx_word' id='word_1_310' title='bbox 2161 1605 2479 1678; x_wconf 83' lang='grc' dir='ltr'>Ἐκκλησίᾳ.</span> <span class='ocrx_word' id='word_1_311' title='bbox 2527 1607 2624 1663; x_wconf 84' lang='grc' dir='ltr'>Καὶ</span> <span class='ocrx_word' id='word_1_312' title='bbox 2672 1608 2737 1663; x_wconf 80' lang='grc' dir='ltr'><strong>τὰ</strong></span> <span class='ocrx_word' id='word_1_313' title='bbox 2783 1610 2877 1683; x_wconf 76' lang='grc' dir='ltr'>μὶν</span> <span class='ocrx_word' id='word_1_314' title='bbox 2928 1608 3194 1686; x_wconf 85' lang='grc' dir='ltr'>λεγόμενα</span> <span class='ocrx_word' id='word_1_315' title='bbox 3247 1617 3433 1668; x_wconf 80' lang='grc' dir='ltr'>ταῦτα’</span> <span class='ocrx_word' id='word_1_316' title='bbox 3486 1615 3536 1670; x_wconf 77' lang='grc' dir='ltr'><strong>εἷ’</strong></span> <span class='ocrx_word' id='word_1_317' title='bbox 3578 1611 3636 1670; x_wconf 75' lang='grc' dir='ltr'>δὶ</span> <span class='ocrx_word' id='word_1_318' title='bbox 3676 1615 3821 1687; x_wconf 85' lang='grc' dir='ltr'>ἀλη-</span> 
     </span>
    </p>
   </div>
   <div class='ocr_carea' id='block_1_49' title="bbox 2161 1694 3815 1779">
    <p class='ocr_par' dir='ltr' id='par_1_49' title="bbox 2161 1694 3815 1779">
     <span class='ocr_line' id='line_1_49' title="bbox 2161 1694 3815 1779; baseline 0.007 -30"><span class='ocrx_word' id='word_1_319' title='bbox 2161 1696 2270 1758; x_wconf 79' lang='grc' dir='ltr'><strong>θῶς</strong></span> <span class='ocrx_word' id='word_1_320' title='bbox 2300 1695 2336 1765; x_wconf 78' lang='grc' dir='ltr'><strong>ἢ</strong></span> <span class='ocrx_word' id='word_1_321' title='bbox 2380 1694 2611 1770; x_wconf 80' lang='grc' dir='ltr'>ψευδῶς,</span> <span class='ocrx_word' id='word_1_322' title='bbox 2654 1698 2757 1754; x_wconf 79' lang='grc' dir='ltr'>οὐκ</span> <span class='ocrx_word' id='word_1_323' title='bbox 2804 1695 2919 1774; x_wconf 69' lang='grc' dir='ltr'>ἔχω</span> <span class='ocrx_word' id='word_1_324' title='bbox 2968 1699 3167 1777; x_wconf 83' lang='grc' dir='ltr'>λέγειν.</span> <span class='ocrx_word' id='word_1_325' title='bbox 3216 1704 3450 1773; x_wconf 76' lang='grc' dir='ltr'>Θνήσκει</span> <span class='ocrx_word' id='word_1_326' title='bbox 3492 1700 3539 1759; x_wconf 85' lang='grc' dir='ltr'>δ’</span> <span class='ocrx_word' id='word_1_327' title='bbox 3584 1702 3739 1779; x_wconf 75' lang='grc' dir='ltr'>ὅμως</span> <span class='ocrx_word' id='word_1_328' title='bbox 3786 1706 3815 1761; x_wconf 90' lang='lat'><strong>6</strong></span> 
     </span>
    </p>
   </div>
   <div class='ocr_carea' id='block_1_50' title="bbox 2159 1782 3520 1869">
    <p class='ocr_par' dir='ltr' id='par_1_50' title="bbox 2159 1782 3520 1869">
     <span class='ocr_line' id='line_1_50' title="bbox 2159 1782 3520 1869; baseline 0.004 -28"><span class='ocrx_word' id='word_1_329' title='bbox 2159 1784 2478 1862; x_wconf 87' lang='grc' dir='ltr'>Νικηφόρος</span> <span class='ocrx_word' id='word_1_330' title='bbox 2510 1782 2660 1841; x_wconf 70' lang='grc' dir='ltr'>ἔνδιον</span> <span class='ocrx_word' id='word_1_331' title='bbox 2690 1791 2787 1843; x_wconf 88' lang='grc' dir='ltr'><strong>τοῦ</strong></span> <span class='ocrx_word' id='word_1_332' title='bbox 2820 1786 3090 1845; x_wconf 87' lang='grc' dir='ltr'>παλατίου</span> <span class='ocrx_word' id='word_1_333' title='bbox 3120 1790 3520 1869; x_wconf 86' lang='grc' dir='ltr'>κατεργασθείς.</span> 
     </span>
    </p>
   </div>
   <div class='ocr_carea' id='block_1_51' title="bbox 2231 1872 3811 1959">
    <p class='ocr_par' dir='ltr' id='par_1_51' title="bbox 2231 1872 3811 1959">
     <span class='ocr_line' id='line_1_51' title="bbox 2231 1872 3811 1959; baseline 0.006 -31"><span class='ocrx_word' id='word_1_334' title='bbox 2231 1874 2489 1946; x_wconf 87' lang='grc' dir='ltr'>Ἰωάννης</span> <span class='ocrx_word' id='word_1_335' title='bbox 2568 1872 2625 1930; x_wconf 72' lang='grc' dir='ltr'>δὲ</span> <span class='ocrx_word' id='word_1_336' title='bbox 2683 1877 2711 1933; x_wconf 92' lang='lat'><strong>6</strong></span> <span class='ocrx_word' id='word_1_337' title='bbox 2768 1882 3077 1951; x_wconf 77' lang='grc' dir='ltr'>Τζιμισκῆς</span> <span class='ocrx_word' id='word_1_338' title='bbox 3146 1886 3246 1949; x_wconf 79' lang='grc' dir='ltr'><strong>τῆς</strong></span> <span class='ocrx_word' id='word_1_339' title='bbox 3307 1880 3573 1954; x_wconf 78' lang='grc' dir='ltr'>Ρωμαίων</span> <span class='ocrx_word' id='word_1_340' title='bbox 3631 1880 3811 1959; x_wconf 65' lang='grc' dir='ltr'>ἀρχῆς</span> 
     </span>
    </p>
   </div>
   <div class='ocr_carea' id='block_1_52' title="bbox 2158 1961 3805 2048">
    <p class='ocr_par' dir='ltr' id='par_1_52' title="bbox 2158 1961 3805 2048">
     <span class='ocr_line' id='line_1_52' title="bbox 2158 1961 3805 2048; baseline 0.007 -32"><span class='ocrx_word' id='word_1_341' title='bbox 2158 1961 2527 2048; x_wconf 79' lang='grc' dir='ltr'>ἀποθανόντος</span> <span class='ocrx_word' id='word_1_342' title='bbox 2556 1969 2654 2019; x_wconf 90' lang='grc' dir='ltr'><strong>τοῦ</strong></span> <span class='ocrx_word' id='word_1_343' title='bbox 2701 1967 3016 2045; x_wconf 78' lang='grc' dir='ltr'>Νικηφόρου</span> <span class='ocrx_word' id='word_1_344' title='bbox 3046 1966 3323 2039; x_wconf 80' lang='grc' dir='ltr'>ἀνεδέξατο</span> <span class='ocrx_word' id='word_1_345' title='bbox 3361 1969 3458 2033; x_wconf 77' lang='grc' dir='ltr'><strong>τάς</strong></span> <span class='ocrx_word' id='word_1_346' title='bbox 3490 1968 3805 2048; x_wconf 75' lang='grc' dir='ltr'>φροντίδας,</span> 
     </span>
    </p>
   </div>
   <div class='ocr_carea' id='block_1_53' title="bbox 2160 2047 3805 2131">
    <p class='ocr_par' dir='ltr' id='par_1_53' title="bbox 2160 2047 3805 2131">
     <span class='ocr_line' id='line_1_53' title="bbox 2160 2047 3805 2131; baseline 0.005 -25"><span class='ocrx_word' id='word_1_347' title='bbox 2160 2047 2663 2126; x_wconf 77' lang='grc' dir='ltr'>συμϐασιλεύοντας</span> <span class='ocrx_word' id='word_1_348' title='bbox 2730 2052 2873 2131; x_wconf 79' lang='grc' dir='ltr'>ἔχων</span> <span class='ocrx_word' id='word_1_349' title='bbox 2934 2055 3215 2113; x_wconf 82' lang='grc' dir='ltr'>Βασίλειον</span> <span class='ocrx_word' id='word_1_350' title='bbox 3262 2058 3349 2113; x_wconf 81' lang='grc' dir='ltr'><strong>καὶ</strong></span> <span class='ocrx_word' id='word_1_351' title='bbox 3409 2047 3805 2117; x_wconf 86' lang='grc' dir='ltr'>Κωνσταντῖνον</span> 
     </span>
    </p>
   </div>
   <div class='ocr_carea' id='block_1_54' title="bbox 2156 2140 3805 2222">
    <p class='ocr_par' dir='ltr' id='par_1_54' title="bbox 2156 2140 3805 2222">
     <span class='ocr_line' id='line_1_54' title="bbox 2156 2140 3805 2222; baseline 0.005 -26"><span class='ocrx_word' id='word_1_352' title='bbox 2156 2141 2285 2204; x_wconf 81' lang='grc' dir='ltr'>τοὺς</span> <span class='ocrx_word' id='word_1_353' title='bbox 2331 2140 2480 2205; x_wconf 72' lang='grc' dir='ltr'>υἱοὺς</span> <span class='ocrx_word' id='word_1_354' title='bbox 2536 2145 2837 2217; x_wconf 80' lang='grc' dir='ltr'>Ῥωμανοῦ,</span> <span class='ocrx_word' id='word_1_355' title='bbox 2888 2145 2962 2199; x_wconf 83' lang='grc' dir='ltr'>ὧν</span> <span class='ocrx_word' id='word_1_356' title='bbox 3006 2146 3034 2200; x_wconf 92' lang='lat'><strong>6</strong></span> <span class='ocrx_word' id='word_1_357' title='bbox 3090 2146 3183 2219; x_wconf 81' lang='grc' dir='ltr'>μὶν</span> <span class='ocrx_word' id='word_1_358' title='bbox 3230 2145 3513 2210; x_wconf 82' lang='grc' dir='ltr'>Βασίλειος</span> <span class='ocrx_word' id='word_1_359' title='bbox 3569 2142 3805 2222; x_wconf 72' lang='grc' dir='ltr'>ἕϐδομον</span> 
     </span>
    </p>
   </div>
   <div class='ocr_carea' id='block_1_55' title="bbox 2161 2226 3807 2310">
    <p class='ocr_par' dir='ltr' id='par_1_55' title="bbox 2161 2226 3807 2310">
     <span class='ocr_line' id='line_1_55' title="bbox 2161 2226 3807 2310; baseline 0.005 -25"><span class='ocrx_word' id='word_1_360' title='bbox 2161 2232 2310 2285; x_wconf 76' lang='grc' dir='ltr'>εἷλκε</span> <span class='ocrx_word' id='word_1_361' title='bbox 2352 2238 2450 2302; x_wconf 84' lang='grc' dir='ltr'><strong>τῆς</strong></span> <span class='ocrx_word' id='word_1_362' title='bbox 2497 2229 2719 2301; x_wconf 79' lang='grc' dir='ltr'>ἡλικίας</span> <span class='ocrx_word' id='word_1_363' title='bbox 2770 2226 2907 2303; x_wconf 76' lang='grc' dir='ltr'>ἔτος,</span> <span class='ocrx_word' id='word_1_364' title='bbox 2962 2234 3151 2310; x_wconf 77' lang='grc' dir='ltr'>ἅτερος</span> <span class='ocrx_word' id='word_1_365' title='bbox 3210 2232 3267 2290; x_wconf 79' lang='grc' dir='ltr'>δὶ</span> <span class='ocrx_word' id='word_1_366' title='bbox 3319 2236 3347 2291; x_wconf 94' lang='lat'><strong>6</strong></span> <span class='ocrx_word' id='word_1_367' title='bbox 3406 2243 3807 2301; x_wconf 79' lang='grc' dir='ltr'>Κωνσταντῖνος</span> 
     </span>
    </p>
   </div>
   <div class='ocr_carea' id='block_1_56' title="bbox 2158 2320 3813 2401">
    <p class='ocr_par' dir='ltr' id='par_1_56' title="bbox 2158 2320 3813 2401">
     <span class='ocr_line' id='line_1_56' title="bbox 2158 2320 3813 2401; baseline 0.005 -27"><span class='ocrx_word' id='word_1_368' title='bbox 2158 2320 2405 2393; x_wconf 88' lang='grc' dir='ltr'>πέμπτον</span> <span class='ocrx_word' id='word_1_369' title='bbox 2440 2322 2577 2394; x_wconf 85' lang='grc'>(21).</span> <span class='ocrx_word' id='word_1_370' title='bbox 2622 2320 2798 2385; x_wconf 78' lang='grc' dir='ltr'>Εὐθὺς</span> <span class='ocrx_word' id='word_1_371' title='bbox 2845 2320 2938 2378; x_wconf 80' lang='grc' dir='ltr'><strong>οὖν</strong></span> <span class='ocrx_word' id='word_1_372' title='bbox 2988 2321 3268 2380; x_wconf 87' lang='grc' dir='ltr'>Βασίλειον</span> <span class='ocrx_word' id='word_1_373' title='bbox 3316 2325 3407 2381; x_wconf 87' lang='grc' dir='ltr'>τὸν</span> <span class='ocrx_word' id='word_1_374' title='bbox 3452 2327 3813 2401; x_wconf 87' lang='grc' dir='ltr'>παρακοιμώ-</span> 
     </span>
    </p>
   </div>
   <div class='ocr_carea' id='block_1_57' title="bbox 2163 2410 3811 2490">
    <p class='ocr_par' dir='ltr' id='par_1_57' title="bbox 2163 2410 3811 2490">
     <span class='ocr_line' id='line_1_57' title="bbox 2163 2410 3811 2490; baseline 0.005 -27"><span class='ocrx_word' id='word_1_375' title='bbox 2163 2430 2341 2483; x_wconf 88' lang='grc' dir='ltr'>μενον,</span> <span class='ocrx_word' id='word_1_376' title='bbox 2393 2410 2450 2464; x_wconf 83' lang='grc' dir='ltr'>ὃν</span> <span class='ocrx_word' id='word_1_377' title='bbox 2490 2410 2802 2484; x_wconf 86' lang='grc' dir='ltr'>Νικηφόρος</span> <span class='ocrx_word' id='word_1_378' title='bbox 2853 2412 2882 2466; x_wconf 91' lang='lat'><strong>6</strong></span> <span class='ocrx_word' id='word_1_379' title='bbox 2952 2411 3207 2487; x_wconf 81' lang='grc' dir='ltr'>βασιλεὺς</span> <span class='ocrx_word' id='word_1_380' title='bbox 3265 2414 3329 2469; x_wconf 77' lang='grc' dir='ltr'>οὗ</span> <span class='ocrx_word' id='word_1_381' title='bbox 3381 2416 3551 2490; x_wconf 73' lang='grc' dir='ltr'>μικρὰ</span> <span class='ocrx_word' id='word_1_382' title='bbox 3598 2410 3811 2489; x_wconf 73' lang='grc' dir='ltr'>συμϐαο</span> 
     </span>
    </p>
   </div>
   <div class='ocr_carea' id='block_1_58' title="bbox 2158 2496 3813 2581">
    <p class='ocr_par' dir='ltr' id='par_1_58' title="bbox 2158 2496 3813 2581">
     <span class='ocr_line' id='line_1_58' title="bbox 2158 2496 3813 2581; baseline 0.005 -29"><span class='ocrx_word' id='word_1_383' title='bbox 2158 2496 2392 2571; x_wconf 86' lang='grc' dir='ltr'>λόμενον</span> <span class='ocrx_word' id='word_1_384' title='bbox 2451 2497 2598 2571; x_wconf 80' lang='grc' dir='ltr'><strong>αὐτῷ</strong></span> <span class='ocrx_word' id='word_1_385' title='bbox 2654 2500 2792 2573; x_wconf 83' lang='grc' dir='ltr'>πρὸς</span> <span class='ocrx_word' id='word_1_386' title='bbox 2847 2501 2946 2570; x_wconf 73' lang='grc' dir='ltr'>τὴν</span> <span class='ocrx_word' id='word_1_387' title='bbox 2994 2508 3098 2571; x_wconf 81' lang='grc' dir='ltr'><strong>τῆς</strong></span> <span class='ocrx_word' id='word_1_388' title='bbox 3151 2501 3430 2578; x_wconf 87' lang='grc' dir='ltr'>βασιλείας</span> <span class='ocrx_word' id='word_1_389' title='bbox 3484 2505 3813 2581; x_wconf 80' lang='grc' dir='ltr'>κατάσχεσιν</span> 
     </span>
    </p>
   </div>
   <div class='ocr_carea' id='block_1_59' title="bbox 2157 2584 3809 2669">
    <p class='ocr_par' dir='ltr' id='par_1_59' title="bbox 2157 2584 3809 2669">
     <span class='ocr_line' id='line_1_59' title="bbox 2157 2584 3809 2669; baseline 0.005 -28"><span class='ocrx_word' id='word_1_390' title='bbox 2157 2584 2421 2661; x_wconf 78' lang='grc' dir='ltr'>πρόεδρον</span> <span class='ocrx_word' id='word_1_391' title='bbox 2474 2590 2587 2661; x_wconf 88' lang='grc'>(22)</span> <span class='ocrx_word' id='word_1_392' title='bbox 2637 2587 2916 2662; x_wconf 83' lang='grc' dir='ltr'>τετίμηκε,</span> <span class='ocrx_word' id='word_1_393' title='bbox 2964 2591 3041 2663; x_wconf 78' lang='grc' dir='ltr'><strong>μή</strong></span> <span class='ocrx_word' id='word_1_394' title='bbox 3092 2612 3181 2646; x_wconf 89' lang='grc' dir='ltr'><strong>πω</strong></span> <span class='ocrx_word' id='word_1_395' title='bbox 3211 2590 3472 2669; x_wconf 86' lang='grc' dir='ltr'>πρότερον</span> <span class='ocrx_word' id='word_1_396' title='bbox 3525 2590 3678 2656; x_wconf 71' lang='grc' dir='ltr'>ὄντος</span> <span class='ocrx_word' id='word_1_397' title='bbox 3707 2598 3809 2649; x_wconf 81' lang='grc' dir='ltr'><strong>τοῦ</strong></span> 
     </span>
    </p>
   </div>
   <div class='ocr_carea' id='block_1_60' title="bbox 2156 2672 3803 2761">
    <p class='ocr_par' dir='ltr' id='par_1_60' title="bbox 2156 2672 3803 2761">
     <span class='ocr_line' id='line_1_60' title="bbox 2156 2672 3803 2761; baseline 0.006 -32"><span class='ocrx_word' id='word_1_398' title='bbox 2156 2672 2489 2749; x_wconf 78' lang='grc' dir='ltr'>ἀξιώματος,</span> <span class='ocrx_word' id='word_1_399' title='bbox 2569 2678 2792 2746; x_wconf 81' lang='grc' dir='ltr'>πρώτου</span> <span class='ocrx_word' id='word_1_400' title='bbox 2878 2675 2926 2734; x_wconf 88' lang='grc' dir='ltr'>δ’</span> <span class='ocrx_word' id='word_1_401' title='bbox 2982 2678 3113 2735; x_wconf 81' lang='grc' dir='ltr'>αὐτὸ</span> <span class='ocrx_word' id='word_1_402' title='bbox 3187 2685 3348 2737; x_wconf 90' lang='grc' dir='ltr'>τοῦτο</span> <span class='ocrx_word' id='word_1_403' title='bbox 3420 2681 3803 2761; x_wconf 77' lang='grc' dir='ltr'>έφευρηκότος,</span> 
     </span>
    </p>
   </div>
   <div class='ocr_carea' id='block_1_61' title="bbox 2158 2765 3804 2848">
    <p class='ocr_par' dir='ltr' id='par_1_61' title="bbox 2158 2765 3804 2848">
     <span class='ocr_line' id='line_1_61' title="bbox 2158 2765 3804 2848; baseline 0.005 -28"><span class='ocrx_word' id='word_1_404' title='bbox 2158 2765 2350 2828; x_wconf 84' lang='grc' dir='ltr'>νυκτὸς</span> <span class='ocrx_word' id='word_1_405' title='bbox 2402 2768 2891 2841; x_wconf 80' lang='grc' dir='ltr'>μεταπεμψάμενος</span> <span class='ocrx_word' id='word_1_406' title='bbox 2938 2770 3197 2825; x_wconf 88' lang='grc' dir='ltr'>κοινωνὸν</span> <span class='ocrx_word' id='word_1_407' title='bbox 3254 2778 3356 2841; x_wconf 84' lang='grc' dir='ltr'><strong>τῆς</strong></span> <span class='ocrx_word' id='word_1_408' title='bbox 3403 2771 3581 2848; x_wconf 80' lang='grc' dir='ltr'>ἀρχῆς</span> <span class='ocrx_word' id='word_1_409' title='bbox 3627 2793 3804 2848; x_wconf 85' lang='grc' dir='ltr'>προσ-</span> 
     </span>
    </p>
   </div>
   <div class='ocr_carea' id='block_1_62' title="bbox 2157 2848 3804 2935">
    <p class='ocr_par' dir='ltr' id='par_1_62' title="bbox 2157 2848 3804 2935">
     <span class='ocr_line' id='line_1_62' title="bbox 2157 2848 3804 2935; baseline 0.006 -28"><span class='ocrx_word' id='word_1_410' title='bbox 2157 2848 2407 2924; x_wconf 77' lang='grc' dir='ltr'>ελάϐετο,</span> <span class='ocrx_word' id='word_1_411' title='bbox 2443 2856 2533 2909; x_wconf 76' lang='grc' dir='ltr'><strong>ἅτε</strong></span> <span class='ocrx_word' id='word_1_412' title='bbox 2563 2855 2612 2909; x_wconf 78' lang='grc' dir='ltr'><strong>έν</strong></span> <span class='ocrx_word' id='word_1_413' title='bbox 2647 2855 2883 2919; x_wconf 73' lang='grc' dir='ltr'>πολλοῖς</span> <span class='ocrx_word' id='word_1_414' title='bbox 2916 2858 3140 2934; x_wconf 76' lang='grc' dir='ltr'>χρόνοις</span> <span class='ocrx_word' id='word_1_415' title='bbox 3184 2858 3252 2914; x_wconf 87' lang='grc' dir='ltr'><strong>τά</strong></span> <span class='ocrx_word' id='word_1_416' title='bbox 3291 2881 3349 2915; x_wconf 89' lang='grc' dir='ltr'><strong>τε</strong></span> <span class='ocrx_word' id='word_1_417' title='bbox 3379 2860 3637 2916; x_wconf 83' lang='grc' dir='ltr'>πολιτικὰ</span> <span class='ocrx_word' id='word_1_418' title='bbox 3667 2882 3804 2935; x_wconf 88' lang='grc' dir='ltr'>μετ-</span> 
     </span>
    </p>
   </div>
   <div class='ocr_carea' id='block_1_63' title="bbox 2157 2939 3802 3025">
    <p class='ocr_par' dir='ltr' id='par_1_63' title="bbox 2157 2939 3802 3025">
     <span class='ocr_line' id='line_1_63' title="bbox 2157 2939 3802 3025; baseline 0.006 -29"><span class='ocrx_word' id='word_1_419' title='bbox 2157 2939 2383 2998; x_wconf 84' lang='grc' dir='ltr'>ελθόντα</span> <span class='ocrx_word' id='word_1_420' title='bbox 2426 2942 2515 2999; x_wconf 77' lang='grc' dir='ltr'>ἐπὶ</span> <span class='ocrx_word' id='word_1_421' title='bbox 2560 2949 2657 3001; x_wconf 89' lang='grc' dir='ltr'><strong>τοῦ</strong></span> <span class='ocrx_word' id='word_1_422' title='bbox 2708 2945 2911 3002; x_wconf 76' lang='grc' dir='ltr'>οῗκείου</span> <span class='ocrx_word' id='word_1_423' title='bbox 2964 2949 3167 3020; x_wconf 83' lang='grc' dir='ltr'>πατρὸς</span> <span class='ocrx_word' id='word_1_424' title='bbox 3217 2953 3305 3021; x_wconf 85' lang='grc' dir='ltr'><strong>[Ρ.</strong></span> <span class='ocrx_word' id='word_1_425' title='bbox 3344 2952 3472 3024; x_wconf 75' lang='grc'>664]</span> <span class='ocrx_word' id='word_1_426' title='bbox 3515 2952 3802 3025; x_wconf 87' lang='grc' dir='ltr'>Ῥωμανοῦ</span> 
     </span>
    </p>
   </div>
   <div class='ocr_carea' id='block_1_64' title="bbox 2154 3032 3801 3117">
    <p class='ocr_par' dir='ltr' id='par_1_64' title="bbox 2154 3032 3801 3117">
     <span class='ocr_line' id='line_1_64' title="bbox 2154 3032 3801 3117; baseline 0.004 -31"><span class='ocrx_word' id='word_1_427' title='bbox 2154 3036 2251 3087; x_wconf 90' lang='grc' dir='ltr'><strong>τοῦ</strong></span> <span class='ocrx_word' id='word_1_428' title='bbox 2296 3032 2547 3110; x_wconf 82' lang='grc' dir='ltr'>γέροντος</span> <span class='ocrx_word' id='word_1_429' title='bbox 2590 3055 2679 3090; x_wconf 90' lang='grc' dir='ltr'><strong>και</strong></span> <span class='ocrx_word' id='word_1_430' title='bbox 2744 3036 3147 3093; x_wconf 84' lang='grc' dir='ltr'>Κωνσταντίνου</span> <span class='ocrx_word' id='word_1_431' title='bbox 3198 3043 3295 3093; x_wconf 90' lang='grc' dir='ltr'><strong>τοῦ</strong></span> <span class='ocrx_word' id='word_1_432' title='bbox 3349 3042 3801 3117; x_wconf 71' lang='grc' dir='ltr'>Πορφυρογεννή-</span> 
     </span>
    </p>
   </div>
   <div class='ocr_carea' id='block_1_65' title="bbox 2153 3118 3802 3199">
    <p class='ocr_par' dir='ltr' id='par_1_65' title="bbox 2153 3118 3802 3199">
     <span class='ocr_line' id='line_1_65' title="bbox 2153 3118 3802 3199; baseline 0.005 -24"><span class='ocrx_word' id='word_1_433' title='bbox 2153 3142 2251 3176; x_wconf 91' lang='grc' dir='ltr'><strong>του</strong></span> <span class='ocrx_word' id='word_1_434' title='bbox 2280 3126 2377 3177; x_wconf 90' lang='grc' dir='ltr'><strong>τοῦ</strong></span> <span class='ocrx_word' id='word_1_435' title='bbox 2426 3118 2681 3199; x_wconf 75' lang='grc' dir='ltr'>γαμϐροῦ</span> <span class='ocrx_word' id='word_1_436' title='bbox 2737 3124 2923 3195; x_wconf 75' lang='grc' dir='ltr'>αὐτοῦ,</span> <span class='ocrx_word' id='word_1_437' title='bbox 2972 3125 3061 3181; x_wconf 83' lang='grc' dir='ltr'><strong>καὶ</strong></span> <span class='ocrx_word' id='word_1_438' title='bbox 3120 3124 3436 3190; x_wconf 82' lang='grc' dir='ltr'>πλειστάκις</span> <span class='ocrx_word' id='word_1_439' title='bbox 3499 3130 3634 3184; x_wconf 78' lang='grc' dir='ltr'>κατὰ</span> <span class='ocrx_word' id='word_1_440' title='bbox 3689 3134 3802 3185; x_wconf 82' lang='grc' dir='ltr'><strong>τῶν</strong></span> 
     </span>
    </p>
   </div>
   <div class='ocr_carea' id='block_1_66' title="bbox 390 3210 2044 3294">
    <p class='ocr_par' dir='ltr' id='par_1_66' title="bbox 390 3216 2042 3291">
     <span class='ocr_line' id='line_1_66' title="bbox 390 3216 2042 3291; baseline 0 -17"><span class='ocrx_word' id='word_1_441' title='bbox 390 3235 529 3274; x_wconf 89' lang='lat' dir='ltr'><strong>nem</strong></span> <span class='ocrx_word' id='word_1_442' title='bbox 561 3218 962 3291; x_wconf 88' lang='lat' dir='ltr'><strong>curopalatam</strong></span> <span class='ocrx_word' id='word_1_443' title='bbox 995 3216 1055 3273; x_wconf 92' lang='lat' dir='ltr'><strong>in</strong></span> <span class='ocrx_word' id='word_1_444' title='bbox 1086 3216 1361 3285; x_wconf 86' lang='lat' dir='ltr'><strong>Lesbum,</strong></span> <span class='ocrx_word' id='word_1_445' title='bbox 1386 3216 1777 3290; x_wconf 85' lang='lat' dir='ltr'><strong>Nicephorum</strong></span> <span class='ocrx_word' id='word_1_446' title='bbox 1811 3217 2042 3275; x_wconf 81' lang='lat' dir='ltr'><strong>Bestam</strong></span> 
     </span>
    </p>
   </div>
   <div class='ocr_carea' id='block_1_67' title="bbox 2157 3210 3807 3294">
    <p class='ocr_par' dir='ltr' id='par_1_67' title="bbox 2157 3210 3807 3294">
     <span class='ocr_line' id='line_1_67' title="bbox 2157 3210 3807 3294; baseline 0.002 -27"><span class='ocrx_word' id='word_1_447' title='bbox 2157 3210 2466 3286; x_wconf 79' lang='grc' dir='ltr'>Ἀγαρηνῶν</span> <span class='ocrx_word' id='word_1_448' title='bbox 2527 3211 2977 3288; x_wconf 83' lang='grc' dir='ltr'>έκστρατεύσαντα</span> <span class='ocrx_word' id='word_1_449' title='bbox 3014 3260 3028 3284; x_wconf 86' lang='grc'><strong>,</strong></span> <span class='ocrx_word' id='word_1_450' title='bbox 3087 3216 3176 3270; x_wconf 72' lang='grc' dir='ltr'>καὶ</span> <span class='ocrx_word' id='word_1_451' title='bbox 3231 3213 3570 3292; x_wconf 82' lang='grc' dir='ltr'>δυσχερείαις</span> <span class='ocrx_word' id='word_1_452' title='bbox 3625 3238 3807 3294; x_wconf 85' lang='grc' dir='ltr'>πραγ-</span> 
     </span>
    </p>
   </div>
   <div class='ocr_carea' id='block_1_68' title="bbox 384 3304 2045 3383">
    <p class='ocr_par' dir='ltr' id='par_1_68' title="bbox 384 3304 2045 3383">
     <span class='ocr_line' id='line_1_68' title="bbox 384 3304 2045 3383; baseline -0.001 -19"><span class='ocrx_word' id='word_1_453' title='bbox 384 3309 514 3380; x_wconf 84' lang='lat' dir='ltr'><strong>ejus</strong></span> <span class='ocrx_word' id='word_1_454' title='bbox 548 3306 739 3363; x_wconf 83' lang='lat' dir='ltr'><strong>ﬁlium</strong></span> <span class='ocrx_word' id='word_1_455' title='bbox 764 3305 1305 3363; x_wconf 90' lang='lat' dir='ltr'><strong>Imbrum.Bardam</strong></span> <span class='ocrx_word' id='word_1_456' title='bbox 1325 3306 1495 3363; x_wconf 77' lang='lat' dir='ltr'><strong>Ducas</strong></span> <span class='ocrx_word' id='word_1_457' title='bbox 1519 3304 1705 3362; x_wconf 80' lang='lat' dir='ltr'><strong>filium</strong></span> <span class='ocrx_word' id='word_1_458' title='bbox 1722 3306 2045 3383; x_wconf 75' lang='lat' dir='ltr'><strong>juniorem,</strong></span> 
     </span>
    </p>
   </div>
   <div class='ocr_carea' id='block_1_69' title="bbox 387 3394 2049 3469">
    <p class='ocr_par' dir='ltr' id='par_1_69' title="bbox 387 3394 2049 3469">
     <span class='ocr_line' id='line_1_69' title="bbox 387 3394 2049 3469; baseline -0.001 -16"><span class='ocrx_word' id='word_1_459' title='bbox 387 3397 494 3469; x_wconf 91' lang='lat' dir='ltr'><strong>qui</strong></span> <span class='ocrx_word' id='word_1_460' title='bbox 519 3402 645 3453; x_wconf 89' lang='lat' dir='ltr'><strong>tum</strong></span> <span class='ocrx_word' id='word_1_461' title='bbox 694 3395 949 3453; x_wconf 77' lang='lat' dir='ltr'><strong>Chaldize</strong></span> <span class='ocrx_word' id='word_1_462' title='bbox 971 3398 1029 3451; x_wconf 90' lang='lat' dir='ltr'><strong>et</strong></span> <span class='ocrx_word' id='word_1_463' title='bbox 1047 3394 1296 3452; x_wconf 71' lang='lat' dir='ltr'><strong>Colonia:</strong></span> <span class='ocrx_word' id='word_1_464' title='bbox 1319 3399 1587 3467; x_wconf 70' lang='lat' dir='ltr'><strong>praeerat,</strong></span> <span class='ocrx_word' id='word_1_465' title='bbox 1618 3394 1896 3467; x_wconf 86' lang='lat' dir='ltr'><strong>abrogato</strong></span> <span class='ocrx_word' id='word_1_466' title='bbox 1928 3411 2049 3451; x_wconf 87' lang='lat' dir='ltr'><strong>ma-</strong></span> 
     </span>
    </p>
   </div>
   <div class='ocr_carea' id='block_1_70' title="bbox 390 3483 2044 3559">
    <p class='ocr_par' dir='ltr' id='par_1_70' title="bbox 390 3483 2044 3559">
     <span class='ocr_line' id='line_1_70' title="bbox 390 3483 2044 3559; baseline -0.002 -16"><span class='ocrx_word' id='word_1_467' title='bbox 390 3487 647 3559; x_wconf 83' lang='lat' dir='ltr'><strong>gistratu</strong></span> <span class='ocrx_word' id='word_1_468' title='bbox 671 3485 968 3542; x_wconf 82' lang='lat' dir='ltr'><strong>Amasiam</strong></span> <span class='ocrx_word' id='word_1_469' title='bbox 1001 3484 1239 3556; x_wconf 80' lang='lat' dir='ltr'><strong>relegat,</strong></span> <span class='ocrx_word' id='word_1_470' title='bbox 1270 3484 1543 3556; x_wconf 80' lang='lat' dir='ltr'><strong>aliosque</strong></span> <span class='ocrx_word' id='word_1_471' title='bbox 1573 3483 1659 3539; x_wconf 90' lang='lat' dir='ltr'><strong>vel</strong></span> <span class='ocrx_word' id='word_1_472' title='bbox 1711 3483 1909 3540; x_wconf 84' lang='lat' dir='ltr'><strong>civiles</strong></span> <span class='ocrx_word' id='word_1_473' title='bbox 1955 3483 2044 3539; x_wconf 89' lang='lat' dir='ltr'><strong>vel</strong></span> 
     </span>
    </p>
   </div>
   <div class='ocr_carea' id='block_1_71' title="bbox 381 3572 2042 3647">
    <p class='ocr_par' dir='ltr' id='par_1_71' title="bbox 381 3572 2042 3647">
     <span class='ocr_line' id='line_1_71' title="bbox 381 3572 2042 3647; baseline -0.005 -14"><span class='ocrx_word' id='word_1_474' title='bbox 381 3576 625 3633; x_wconf 88' lang='lat' dir='ltr'><strong>bellicos</strong></span> <span class='ocrx_word' id='word_1_475' title='bbox 654 3574 1040 3647; x_wconf 87' lang='lat' dir='ltr'><strong>magistratus</strong></span> <span class='ocrx_word' id='word_1_476' title='bbox 1070 3577 1340 3644; x_wconf 87' lang='lat' dir='ltr'><strong>gerentes</strong></span> <span class='ocrx_word' id='word_1_477' title='bbox 1378 3572 1434 3627; x_wconf 94' lang='lat' dir='ltr'><strong>in</strong></span> <span class='ocrx_word' id='word_1_478' title='bbox 1488 3572 1752 3628; x_wconf 91' lang='lat' dir='ltr'><strong>ordinem</strong></span> <span class='ocrx_word' id='word_1_479' title='bbox 1809 3572 2042 3645; x_wconf 83' lang='lat' dir='ltr'><strong>redigit,</strong></span> 
     </span>
    </p>
   </div>
   <div class='ocr_carea' id='block_1_72' title="bbox 383 3658 2045 3735">
    <p class='ocr_par' dir='ltr' id='par_1_72' title="bbox 383 3658 2045 3735">
     <span class='ocr_line' id='line_1_72' title="bbox 383 3658 2045 3735; baseline -0.002 -14"><span class='ocrx_word' id='word_1_480' title='bbox 383 3665 443 3721; x_wconf 91' lang='lat' dir='ltr'><strong>in</strong></span> <span class='ocrx_word' id='word_1_481' title='bbox 492 3679 815 3735; x_wconf 84' lang='lat' dir='ltr'><strong>eorumque</strong></span> <span class='ocrx_word' id='word_1_482' title='bbox 868 3662 996 3717; x_wconf 90' lang='lat' dir='ltr'><strong>loca</strong></span> <span class='ocrx_word' id='word_1_483' title='bbox 1044 3659 1356 3716; x_wconf 88' lang='lat' dir='ltr'><strong>substituit</strong></span> <span class='ocrx_word' id='word_1_484' title='bbox 1405 3658 1725 3716; x_wconf 82' lang='lat' dir='ltr'><strong>familiares</strong></span> <span class='ocrx_word' id='word_1_485' title='bbox 1772 3676 1933 3731; x_wconf 88' lang='lat' dir='ltr'><strong>suos,</strong></span> <span class='ocrx_word' id='word_1_486' title='bbox 1986 3665 2045 3717; x_wconf 89' lang='lat' dir='ltr'><strong>et</strong></span> 
     </span>
    </p>
   </div>
   <div class='ocr_carea' id='block_1_73' title="bbox 380 3748 2039 3826">
    <p class='ocr_par' dir='ltr' id='par_1_73' title="bbox 380 3748 2039 3826">
     <span class='ocr_line' id='line_1_73' title="bbox 380 3748 2039 3826; baseline -0.003 -16"><span class='ocrx_word' id='word_1_487' title='bbox 380 3770 531 3826; x_wconf 88' lang='lat' dir='ltr'><strong>quos</strong></span> <span class='ocrx_word' id='word_1_488' title='bbox 583 3769 729 3809; x_wconf 90' lang='lat' dir='ltr'><strong>novo</strong></span> <span class='ocrx_word' id='word_1_489' title='bbox 782 3748 1120 3822; x_wconf 89' lang='lat' dir='ltr'><strong>imperatori</strong></span> <span class='ocrx_word' id='word_1_490' title='bbox 1152 3749 1300 3804; x_wconf 83' lang='lat' dir='ltr'><strong>ﬁdos</strong></span> <span class='ocrx_word' id='word_1_491' title='bbox 1329 3753 1548 3805; x_wconf 90' lang='lat' dir='ltr'><strong>nosset.</strong></span> <span class='ocrx_word' id='word_1_492' title='bbox 1582 3750 1830 3807; x_wconf 86' lang='lat' dir='ltr'><strong>Reditus</strong></span> <span class='ocrx_word' id='word_1_493' title='bbox 1862 3749 2039 3806; x_wconf 87' lang='lat' dir='ltr'><strong>etiam</strong></span> 
     </span>
    </p>
   </div>
   <div class='ocr_carea' id='block_1_74' title="bbox 379 3837 2040 3910">
    <p class='ocr_par' dir='ltr' id='par_1_74' title="bbox 379 3837 2040 3910">
     <span class='ocr_line' id='line_1_74' title="bbox 379 3837 2040 3910; baseline -0.001 -13"><span class='ocrx_word' id='word_1_494' title='bbox 379 3843 654 3899; x_wconf 90' lang='lat' dir='ltr'><strong>decretus</strong></span> <span class='ocrx_word' id='word_1_495' title='bbox 722 3840 794 3895; x_wconf 92' lang='lat' dir='ltr'><strong>iis</strong></span> <span class='ocrx_word' id='word_1_496' title='bbox 859 3855 1006 3910; x_wconf 90' lang='lat' dir='ltr'><strong>quos</strong></span> <span class='ocrx_word' id='word_1_497' title='bbox 1082 3837 1453 3910; x_wconf 90' lang='lat' dir='ltr'><strong>Nicephorus</strong></span> <span class='ocrx_word' id='word_1_498' title='bbox 1537 3838 1729 3895; x_wconf 92' lang='lat' dir='ltr'><strong>solum</strong></span> <span class='ocrx_word' id='word_1_499' title='bbox 1812 3844 2040 3896; x_wconf 86' lang='lat' dir='ltr'><strong>vertere</strong></span> 
     </span>
    </p>
   </div>
   <div class='ocr_carea' id='block_1_75' title="bbox 374 3927 2033 4002">
    <p class='ocr_par' dir='ltr' id='par_1_75' title="bbox 374 3927 2033 4002">
     <span class='ocr_line' id='line_1_75' title="bbox 374 3927 2033 4002; baseline -0.002 -16"><span class='ocrx_word' id='word_1_500' title='bbox 374 3931 663 4002; x_wconf 79' lang='lat' dir='ltr'><strong>jusserat,</strong></span> <span class='ocrx_word' id='word_1_501' title='bbox 712 3928 1090 4000; x_wconf 82' lang='lat' dir='ltr'><strong>pontiﬁcibus</strong></span> <span class='ocrx_word' id='word_1_502' title='bbox 1151 3927 1442 3999; x_wconf 77' lang='lat' dir='ltr'><strong>praecipue</strong></span> <span class='ocrx_word' id='word_1_503' title='bbox 1500 3927 1839 3999; x_wconf 88' lang='lat' dir='ltr'><strong>primariis;</strong></span> <span class='ocrx_word' id='word_1_504' title='bbox 1900 3928 2033 4001; x_wconf 89' lang='lat' dir='ltr'><strong>qui-</strong></span> 
     </span>
    </p>
   </div>
   <div class='ocr_carea' id='block_1_76' title="bbox 378 4015 2034 4087">
    <p class='ocr_par' dir='ltr' id='par_1_76' title="bbox 378 4015 2034 4087">
     <span class='ocr_line' id='line_1_76' title="bbox 378 4015 2034 4087; baseline -0.002 -12"><span class='ocrx_word' id='word_1_505' title='bbox 378 4020 492 4075; x_wconf 91' lang='lat' dir='ltr'><strong>bus</strong></span> <span class='ocrx_word' id='word_1_506' title='bbox 563 4017 932 4075; x_wconf 88' lang='lat' dir='ltr'><strong>ostendimus</strong></span> <span class='ocrx_word' id='word_1_507' title='bbox 986 4015 1043 4071; x_wconf 90' lang='lat' dir='ltr'><strong>id</strong></span> <span class='ocrx_word' id='word_1_508' title='bbox 1099 4015 1254 4071; x_wconf 80' lang='lat'><strong>380</strong></span> <span class='ocrx_word' id='word_1_509' title='bbox 1320 4017 1600 4084; x_wconf 83' lang='lat' dir='ltr'><strong>evenisse,</strong></span> <span class='ocrx_word' id='word_1_510' title='bbox 1672 4018 1826 4087; x_wconf 83' lang='lat' dir='ltr'><strong>quod</strong></span> <span class='ocrx_word' id='word_1_511' title='bbox 1894 4034 2034 4073; x_wconf 85' lang='lat' dir='ltr'><strong>con-</strong></span> 
     </span>
    </p>
   </div>
   <div class='ocr_carea' id='block_1_77' title="bbox 377 4105 2034 4179">
    <p class='ocr_par' dir='ltr' id='par_1_77' title="bbox 377 4105 2034 4179">
     <span class='ocr_line' id='line_1_77' title="bbox 377 4105 2034 4179; baseline -0.001 -15"><span class='ocrx_word' id='word_1_512' title='bbox 377 4108 674 4165; x_wconf 91' lang='lat' dir='ltr'><strong>stitutioni</strong></span> <span class='ocrx_word' id='word_1_513' title='bbox 704 4108 776 4163; x_wconf 87' lang='lat' dir='ltr'><strong>ab</strong></span> <span class='ocrx_word' id='word_1_514' title='bbox 807 4123 873 4163; x_wconf 88' lang='lat' dir='ltr'><strong>eo</strong></span> <span class='ocrx_word' id='word_1_515' title='bbox 896 4106 1215 4179; x_wconf 62' lang='lat' dir='ltr'><strong>spolianda:</strong></span> <span class='ocrx_word' id='word_1_516' title='bbox 1240 4122 1306 4161; x_wconf 86' lang='lat' dir='ltr'><strong>ac</strong></span> <span class='ocrx_word' id='word_1_517' title='bbox 1328 4105 1684 4161; x_wconf 89' lang='lat' dir='ltr'><strong>contumelia</strong></span> <span class='ocrx_word' id='word_1_518' title='bbox 1715 4106 2034 4162; x_wconf 76' lang='lat' dir='ltr'><strong>afficiendos</strong></span> 
     </span>
    </p>
   </div>
   <div class='ocr_carea' id='block_1_78' title="bbox 372 4193 1829 4255">
    <p class='ocr_par' dir='ltr' id='par_1_78' title="bbox 372 4193 1829 4255">
     <span class='ocr_line' id='line_1_78' title="bbox 372 4193 1829 4255; baseline -0.003 -2"><span class='ocrx_word' id='word_1_519' title='bbox 372 4196 643 4255; x_wconf 75' lang='lat' dir='ltr'><strong>Ecclesiae</strong></span> <span class='ocrx_word' id='word_1_520' title='bbox 674 4213 852 4253; x_wconf 77' lang='lat' dir='ltr'><strong>causa</strong></span> <span class='ocrx_word' id='word_1_521' title='bbox 882 4197 1043 4251; x_wconf 70' lang='lat' dir='ltr'><strong>facta:</strong></span> <span class='ocrx_word' id='word_1_522' title='bbox 1076 4193 1407 4251; x_wconf 88' lang='lat' dir='ltr'><strong>noluissent</strong></span> <span class='ocrx_word' id='word_1_523' title='bbox 1436 4195 1829 4250; x_wconf 82' lang='lat' dir='ltr'><strong>subscribere.</strong></span> 
     </span>
    </p>
   </div>
   <div class='ocr_carea' id='block_1_79' title="bbox 2160 3296 3805 3379">
    <p class='ocr_par' dir='ltr' id='par_1_79' title="bbox 2160 3296 3805 3379">
     <span class='ocr_line' id='line_1_79' title="bbox 2160 3296 3805 3379; baseline 0.004 -26"><span class='ocrx_word' id='word_1_524' title='bbox 2160 3300 2343 3371; x_wconf 87' lang='grc' dir='ltr'>μάτων</span> <span class='ocrx_word' id='word_1_525' title='bbox 2378 3296 2556 3355; x_wconf 82' lang='grc' dir='ltr'>είδότα</span> <span class='ocrx_word' id='word_1_526' title='bbox 2606 3300 2816 3376; x_wconf 78' lang='grc' dir='ltr'>εὐφυῶς</span> <span class='ocrx_word' id='word_1_527' title='bbox 2860 3304 3351 3379; x_wconf 75' lang='grc' dir='ltr'>προσαρμόζεσοαι.</span> <span class='ocrx_word' id='word_1_528' title='bbox 3386 3306 3476 3366; x_wconf 82' lang='grc' dir='ltr'><strong>Ὁς</strong></span> <span class='ocrx_word' id='word_1_529' title='bbox 3522 3304 3673 3367; x_wconf 74' lang='grc' dir='ltr'>εὐθὺς</span> <span class='ocrx_word' id='word_1_530' title='bbox 3700 3308 3805 3374; x_wconf 78' lang='grc' dir='ltr'><strong>τήν</strong></span> 
     </span>
    </p>
   </div>
   <div class='ocr_carea' id='block_1_80' title="bbox 2157 3387 3805 3470">
    <p class='ocr_par' dir='ltr' id='par_1_80' title="bbox 2157 3387 3805 3470">
     <span class='ocr_line' id='line_1_80' title="bbox 2157 3387 3805 3470; baseline 0.005 -29"><span class='ocrx_word' id='word_1_531' title='bbox 2157 3387 2452 3461; x_wconf 72' lang='grc' dir='ltr'>ἐπιτροπὴν</span> <span class='ocrx_word' id='word_1_532' title='bbox 2511 3389 2755 3468; x_wconf 74' lang='grc' dir='ltr'>εἰληφὼς</span> <span class='ocrx_word' id='word_1_533' title='bbox 2825 3396 2934 3447; x_wconf 84' lang='grc' dir='ltr'>τῶν</span> <span class='ocrx_word' id='word_1_534' title='bbox 3010 3392 3341 3470; x_wconf 85' lang='grc' dir='ltr'>πραγμάτων</span> <span class='ocrx_word' id='word_1_535' title='bbox 3416 3393 3617 3457; x_wconf 90' lang='grc' dir='ltr'>πάντας</span> <span class='ocrx_word' id='word_1_536' title='bbox 3671 3393 3805 3459; x_wconf 73' lang='grc' dir='ltr'>τοὺς</span> 
     </span>
    </p>
   </div>
   <div class='ocr_carea' id='block_1_81' title="bbox 2155 3474 3805 3559">
    <p class='ocr_par' dir='ltr' id='par_1_81' title="bbox 2155 3474 3805 3559">
     <span class='ocr_line' id='line_1_81' title="bbox 2155 3474 3805 3559; baseline 0.005 -29"><span class='ocrx_word' id='word_1_537' title='bbox 2155 3474 2362 3531; x_wconf 72' lang='grc' dir='ltr'>εὔνοιαν</span> <span class='ocrx_word' id='word_1_538' title='bbox 2420 3483 2496 3549; x_wconf 83' lang='grc' dir='ltr'>τῷ</span> <span class='ocrx_word' id='word_1_539' title='bbox 2554 3479 2851 3559; x_wconf 84' lang='grc' dir='ltr'>Νικηφόρῳ</span> <span class='ocrx_word' id='word_1_540' title='bbox 2914 3478 3281 3559; x_wconf 84' lang='grc' dir='ltr'>φυλάττοντας</span> <span class='ocrx_word' id='word_1_541' title='bbox 3359 3482 3418 3538; x_wconf 66' lang='grc' dir='ltr'>ἐκ</span> <span class='ocrx_word' id='word_1_542' title='bbox 3485 3484 3648 3557; x_wconf 86' lang='grc' dir='ltr'>μέσου</span> <span class='ocrx_word' id='word_1_543' title='bbox 3704 3504 3805 3538; x_wconf 78' lang='grc' dir='ltr'>σπε-</span> 
     </span>
    </p>
   </div>
   <div class='ocr_carea' id='block_1_82' title="bbox 2151 3566 3805 3647">
    <p class='ocr_par' dir='ltr' id='par_1_82' title="bbox 2151 3566 3805 3647">
     <span class='ocr_line' id='line_1_82' title="bbox 2151 3566 3805 3647; baseline 0.005 -28"><span class='ocrx_word' id='word_1_544' title='bbox 2151 3566 2371 3636; x_wconf 84' lang='grc' dir='ltr'>ποίηκε,</span> <span class='ocrx_word' id='word_1_545' title='bbox 2430 3566 2633 3622; x_wconf 82' lang='grc' dir='ltr'>Λέοντα</span> <span class='ocrx_word' id='word_1_546' title='bbox 2706 3569 2800 3642; x_wconf 77' lang='grc' dir='ltr'><strong>μὶν</strong></span> <span class='ocrx_word' id='word_1_547' title='bbox 2868 3569 2961 3624; x_wconf 85' lang='grc' dir='ltr'>τὸν</span> <span class='ocrx_word' id='word_1_548' title='bbox 3020 3567 3444 3647; x_wconf 87' lang='grc' dir='ltr'>κουροπαλάτην</span> <span class='ocrx_word' id='word_1_549' title='bbox 3501 3570 3553 3626; x_wconf 68' lang='grc' dir='ltr'>ἄν</span> <span class='ocrx_word' id='word_1_550' title='bbox 3606 3566 3805 3645; x_wconf 74' lang='grc' dir='ltr'>Λέσϐῳ</span> 
     </span>
    </p>
   </div>
   <div class='ocr_carea' id='block_1_83' title="bbox 2150 3653 3799 3735">
    <p class='ocr_par' dir='ltr' id='par_1_83' title="bbox 2150 3653 3799 3735">
     <span class='ocr_line' id='line_1_83' title="bbox 2150 3653 3799 3735; baseline 0.004 -26"><span class='ocrx_word' id='word_1_551' title='bbox 2150 3655 2459 3732; x_wconf 84' lang='grc' dir='ltr'>περιορίσας</span> <span class='ocrx_word' id='word_1_552' title='bbox 2515 3656 2602 3711; x_wconf 82' lang='grc' dir='ltr'><strong>καὶ</strong></span> <span class='ocrx_word' id='word_1_553' title='bbox 2652 3653 2968 3735; x_wconf 81' lang='grc' dir='ltr'>Νικηφόρον</span> <span class='ocrx_word' id='word_1_554' title='bbox 3029 3660 3234 3730; x_wconf 74' lang='grc' dir='ltr'>Βέστην</span> <span class='ocrx_word' id='word_1_555' title='bbox 3290 3660 3381 3716; x_wconf 80' lang='grc' dir='ltr'>τὸν</span> <span class='ocrx_word' id='word_1_556' title='bbox 3431 3662 3625 3716; x_wconf 78' lang='grc' dir='ltr'>τούτου</span> <span class='ocrx_word' id='word_1_557' title='bbox 3678 3662 3799 3716; x_wconf 72' lang='grc' dir='ltr'>υἱὸν</span> 
     </span>
    </p>
   </div>
   <div class='ocr_carea' id='block_1_84' title="bbox 2149 3740 3800 3825">
    <p class='ocr_par' dir='ltr' id='par_1_84' title="bbox 2149 3740 3800 3825">
     <span class='ocr_line' id='line_1_84' title="bbox 2149 3740 3800 3825; baseline 0.004 -26"><span class='ocrx_word' id='word_1_558' title='bbox 2149 3742 2201 3799; x_wconf 81' lang='grc' dir='ltr'><strong>έν</strong></span> <span class='ocrx_word' id='word_1_559' title='bbox 2249 3749 2318 3810; x_wconf 77' lang='grc' dir='ltr'><strong>τῇ</strong></span> <span class='ocrx_word' id='word_1_560' title='bbox 2375 3740 2607 3821; x_wconf 73' lang='grc' dir='ltr'>Ἴμϐρῳ,</span> <span class='ocrx_word' id='word_1_561' title='bbox 2664 3744 2867 3822; x_wconf 84' lang='grc' dir='ltr'>Βάρδαν</span> <span class='ocrx_word' id='word_1_562' title='bbox 2924 3745 2981 3803; x_wconf 76' lang='grc' dir='ltr'>δὲ</span> <span class='ocrx_word' id='word_1_563' title='bbox 3026 3749 3119 3803; x_wconf 88' lang='grc' dir='ltr'><strong>τὸν</strong></span> <span class='ocrx_word' id='word_1_564' title='bbox 3164 3750 3425 3825; x_wconf 86' lang='grc' dir='ltr'>νεώτερον</span> <span class='ocrx_word' id='word_1_565' title='bbox 3470 3747 3635 3805; x_wconf 87' lang='grc' dir='ltr'>δοῦκα</span> <span class='ocrx_word' id='word_1_566' title='bbox 3671 3749 3800 3805; x_wconf 84' lang='grc' dir='ltr'>τότε</span> 
     </span>
    </p>
   </div>
   <div class='ocr_carea' id='block_1_85' title="bbox 2147 3830 3798 3919">
    <p class='ocr_par' dir='ltr' id='par_1_85' title="bbox 2147 3830 3798 3919">
     <span class='ocr_line' id='line_1_85' title="bbox 2147 3830 3798 3919; baseline 0.003 -30"><span class='ocrx_word' id='word_1_567' title='bbox 2147 3830 2392 3895; x_wconf 75' lang='grc' dir='ltr'>Χαλὸίας</span> <span class='ocrx_word' id='word_1_568' title='bbox 2444 3833 2533 3888; x_wconf 88' lang='grc' dir='ltr'><strong>καὶ</strong></span> <span class='ocrx_word' id='word_1_569' title='bbox 2578 3833 2893 3899; x_wconf 86' lang='grc' dir='ltr'>Κολωνείας</span> <span class='ocrx_word' id='word_1_570' title='bbox 2941 3840 3281 3914; x_wconf 85' lang='grc' dir='ltr'>τυγχάνοντα</span> <span class='ocrx_word' id='word_1_571' title='bbox 3325 3839 3425 3908; x_wconf 78' lang='grc' dir='ltr'>τὴν</span> <span class='ocrx_word' id='word_1_572' title='bbox 3470 3840 3650 3915; x_wconf 76' lang='grc' dir='ltr'>ἀρχὴν</span> <span class='ocrx_word' id='word_1_573' title='bbox 3692 3840 3798 3919; x_wconf 63' lang='grc' dir='ltr'><strong>ἃφ-</strong></span> 
     </span>
    </p>
   </div>
   <div class='ocr_carea' id='block_1_86' title="bbox 2149 3921 3802 4003">
    <p class='ocr_par' dir='ltr' id='par_1_86' title="bbox 2149 3921 3802 4003">
     <span class='ocr_line' id='line_1_86' title="bbox 2149 3921 3802 4003; baseline 0.003 -25"><span class='ocrx_word' id='word_1_574' title='bbox 2149 3921 2410 3998; x_wconf 78' lang='grc' dir='ltr'>ελὸμενος</span> <span class='ocrx_word' id='word_1_575' title='bbox 2464 3923 2516 3979; x_wconf 83' lang='grc' dir='ltr'><strong>έν</strong></span> <span class='ocrx_word' id='word_1_576' title='bbox 2568 3925 2834 3998; x_wconf 80' lang='grc' dir='ltr'>Ἀμασείᾳ</span> <span class='ocrx_word' id='word_1_577' title='bbox 2882 3926 3223 4003; x_wconf 69' lang='grc' dir='ltr'>παρέπεμψε.</span> <span class='ocrx_word' id='word_1_578' title='bbox 3280 3927 3377 3983; x_wconf 79' lang='grc' dir='ltr'>Καὶ</span> <span class='ocrx_word' id='word_1_579' title='bbox 3416 3927 3543 3992; x_wconf 78' lang='grc' dir='ltr'>τοὺς</span> <span class='ocrx_word' id='word_1_580' title='bbox 3590 3926 3802 3991; x_wconf 69' lang='grc' dir='ltr'>ἄλλους</span> 
     </span>
    </p>
   </div>
   <div class='ocr_carea' id='block_1_87' title="bbox 2147 4011 3800 4095">
    <p class='ocr_par' dir='ltr' id='par_1_87' title="bbox 2147 4011 3800 4095">
     <span class='ocr_line' id='line_1_87' title="bbox 2147 4011 3800 4095; baseline 0.003 -26"><span class='ocrx_word' id='word_1_581' title='bbox 2147 4011 2204 4069; x_wconf 69' lang='grc' dir='ltr'>δὲ</span> <span class='ocrx_word' id='word_1_582' title='bbox 2258 4016 2374 4070; x_wconf 81' lang='grc' dir='ltr'>ὅσοι</span> <span class='ocrx_word' id='word_1_583' title='bbox 2436 4013 2726 4079; x_wconf 79' lang='grc' dir='ltr'>πολιτικὰς</span> <span class='ocrx_word' id='word_1_584' title='bbox 2775 4016 2811 4085; x_wconf 72' lang='grc' dir='ltr'><strong>ἢ</strong></span> <span class='ocrx_word' id='word_1_585' title='bbox 2862 4018 3251 4093; x_wconf 73' lang='grc' dir='ltr'>στρατιωτικὰς</span> <span class='ocrx_word' id='word_1_586' title='bbox 3307 4017 3570 4093; x_wconf 67' lang='grc' dir='ltr'>μετῄεσαν</span> <span class='ocrx_word' id='word_1_587' title='bbox 3622 4020 3800 4095; x_wconf 78' lang='grc' dir='ltr'>ἀρχὰς</span> 
     </span>
    </p>
   </div>
   <div class='ocr_carea' id='block_1_88' title="bbox 2142 4104 3799 4182">
    <p class='ocr_par' dir='ltr' id='par_1_88' title="bbox 2142 4104 3799 4182">
     <span class='ocr_line' id='line_1_88' title="bbox 2142 4104 3799 4182; baseline 0.003 -24"><span class='ocrx_word' id='word_1_588' title='bbox 2142 4108 2250 4159; x_wconf 80' lang='grc' dir='ltr'><strong>τῶν</strong></span> <span class='ocrx_word' id='word_1_589' title='bbox 2300 4105 2486 4179; x_wconf 82' lang='grc' dir='ltr'>άρχῶν</span> <span class='ocrx_word' id='word_1_590' title='bbox 2541 4104 2877 4180; x_wconf 83' lang='grc' dir='ltr'>παραλύσας,</span> <span class='ocrx_word' id='word_1_591' title='bbox 2925 4106 3056 4171; x_wconf 78' lang='grc' dir='ltr'>τοὺς</span> <span class='ocrx_word' id='word_1_592' title='bbox 3107 4107 3342 4171; x_wconf 73' lang='grc' dir='ltr'>οἰκείους</span> <span class='ocrx_word' id='word_1_593' title='bbox 3390 4107 3653 4182; x_wconf 65' lang='grc' dir='ltr'>ἐπέστησε</span> <span class='ocrx_word' id='word_1_594' title='bbox 3707 4109 3799 4163; x_wconf 79' lang='grc' dir='ltr'><strong>καὶ</strong></span> 
     </span>
    </p>
   </div>
   <div class='ocr_carea' id='block_1_89' title="bbox 2140 4192 3803 4271">
    <p class='ocr_par' dir='ltr' id='par_1_89' title="bbox 2140 4192 3803 4271">
     <span class='ocr_line' id='line_1_89' title="bbox 2140 4192 3803 4271; baseline 0.004 -24"><span class='ocrx_word' id='word_1_595' title='bbox 2140 4198 2219 4265; x_wconf 78' lang='grc' dir='ltr'>τῷ</span> <span class='ocrx_word' id='word_1_596' title='bbox 2267 4194 2371 4267; x_wconf 83' lang='grc' dir='ltr'><strong>νέῳ</strong></span> <span class='ocrx_word' id='word_1_597' title='bbox 2423 4192 2642 4270; x_wconf 87' lang='grc' dir='ltr'>βασιλεῖ</span> <span class='ocrx_word' id='word_1_598' title='bbox 2688 4196 3057 4271; x_wconf 88' lang='grc' dir='ltr'>φυλάττοντας</span> <span class='ocrx_word' id='word_1_599' title='bbox 3106 4194 3336 4255; x_wconf 71' lang='grc' dir='ltr'>εὔνοιαν.</span> <span class='ocrx_word' id='word_1_600' title='bbox 3386 4203 3514 4259; x_wconf 88' lang='grc' dir='ltr'>Τοῖς</span> <span class='ocrx_word' id='word_1_601' title='bbox 3560 4197 3685 4252; x_wconf 85' lang='grc' dir='ltr'>τότε</span> <span class='ocrx_word' id='word_1_602' title='bbox 3743 4196 3803 4253; x_wconf 68' lang='grc' dir='ltr'>δὲ</span> 
     </span>
    </p>
   </div>
   <div class='ocr_carea' id='block_1_90' title="bbox 372 4278 3787 4362">
    <p class='ocr_par' dir='ltr' id='par_1_90' title="bbox 372 4278 3787 4362">
     <span class='ocr_line' id='line_1_90' title="bbox 372 4278 3787 4362; baseline -0 -21"><span class='ocrx_word' id='word_1_603' title='bbox 372 4285 520 4362; x_wconf 83' lang='grc' dir='ltr'>παρᾶ</span> <span class='ocrx_word' id='word_1_604' title='bbox 545 4290 642 4341; x_wconf 90' lang='grc' dir='ltr'><strong>τοῦ</strong></span> <span class='ocrx_word' id='word_1_605' title='bbox 670 4284 989 4360; x_wconf 83' lang='grc' dir='ltr'>Νικηφόρου</span> <span class='ocrx_word' id='word_1_606' title='bbox 1020 4278 1393 4361; x_wconf 81' lang='grc' dir='ltr'>φυγαδευθεῖσι</span> <span class='ocrx_word' id='word_1_607' title='bbox 1423 4278 1652 4336; x_wconf 85' lang='grc' dir='ltr'>κάθοδον</span> <span class='ocrx_word' id='word_1_608' title='bbox 1688 4280 1987 4354; x_wconf 76' lang='grc' dir='ltr'>ἐπιτρέπει,</span> <span class='ocrx_word' id='word_1_609' title='bbox 2014 4283 2103 4337; x_wconf 86' lang='grc' dir='ltr'><strong>καὶ</strong></span> <span class='ocrx_word' id='word_1_610' title='bbox 2156 4281 2261 4359; x_wconf 91' lang='grc' dir='ltr'><strong>πρό</strong></span> <span class='ocrx_word' id='word_1_611' title='bbox 2310 4302 2372 4357; x_wconf 87' lang='grc' dir='ltr'><strong>γε</strong></span> <span class='ocrx_word' id='word_1_612' title='bbox 2415 4286 2523 4337; x_wconf 83' lang='grc' dir='ltr'><strong>τῶν</strong></span> <span class='ocrx_word' id='word_1_613' title='bbox 2570 4282 2756 4339; x_wconf 84' lang='grc' dir='ltr'>ἄλλων</span> <span class='ocrx_word' id='word_1_614' title='bbox 2806 4289 2924 4346; x_wconf 87' lang='grc' dir='ltr'>τοῖς</span> <span class='ocrx_word' id='word_1_615' title='bbox 2969 4284 3305 4361; x_wconf 77' lang='grc' dir='ltr'>ἀρχιερεῦσι,</span> <span class='ocrx_word' id='word_1_616' title='bbox 3354 4290 3433 4357; x_wconf 82' lang='grc' dir='ltr'>τῷ</span> <span class='ocrx_word' id='word_1_617' title='bbox 3483 4288 3559 4359; x_wconf 80' lang='grc' dir='ltr'>μή</span> <span class='ocrx_word' id='word_1_618' title='bbox 3608 4284 3787 4341; x_wconf 83' lang='grc' dir='ltr'>θέλειν</span> 
     </span>
    </p>
   </div>
   <div class='ocr_carea' id='block_1_91' title="bbox 376 4366 3796 4452">
    <p class='ocr_par' dir='ltr' id='par_1_91' title="bbox 376 4366 3796 4452">
     <span class='ocr_line' id='line_1_91' title="bbox 376 4366 3796 4452; baseline -0 -21"><span class='ocrx_word' id='word_1_619' title='bbox 376 4375 689 4452; x_wconf 75' lang='grc' dir='ltr'>ὑπογράψαι</span> <span class='ocrx_word' id='word_1_620' title='bbox 722 4378 798 4445; x_wconf 82' lang='grc' dir='ltr'>τῷ</span> <span class='ocrx_word' id='word_1_621' title='bbox 826 4373 984 4447; x_wconf 85' lang='grc' dir='ltr'>τόμῳ</span> <span class='ocrx_word' id='word_1_622' title='bbox 1014 4372 1073 4426; x_wconf 83' lang='grc' dir='ltr'><strong>’ὸν</strong></span> <span class='ocrx_word' id='word_1_623' title='bbox 1106 4369 1181 4432; x_wconf 82' lang='grc' dir='ltr'><strong>είς</strong></span> <span class='ocrx_word' id='word_1_624' title='bbox 1206 4372 1519 4447; x_wconf 80' lang='grc' dir='ltr'>κατατομὴν</span> <span class='ocrx_word' id='word_1_625' title='bbox 1554 4368 1644 4426; x_wconf 79' lang='grc' dir='ltr'>καί</span> <span class='ocrx_word' id='word_1_626' title='bbox 1675 4366 1829 4446; x_wconf 75' lang='grc' dir='ltr'>ὕϐριν</span> <span class='ocrx_word' id='word_1_627' title='bbox 1859 4372 2046 4450; x_wconf 72' lang='grc' dir='ltr'>ἐφεῦρε</span> <span class='ocrx_word' id='word_1_628' title='bbox 2074 4378 2175 4443; x_wconf 75' lang='grc' dir='ltr'><strong>τῆς</strong></span> <span class='ocrx_word' id='word_1_629' title='bbox 2216 4369 2547 4442; x_wconf 88' lang='grc' dir='ltr'>Ἐκκλησίας</span> <span class='ocrx_word' id='word_1_630' title='bbox 2594 4371 2793 4435; x_wconf 74' lang='grc' dir='ltr'>ἐκεῖνος</span> <span class='ocrx_word' id='word_1_631' title='bbox 2842 4372 3209 4450; x_wconf 80' lang='grc' dir='ltr'>έξορισθεῖσιν,</span> <span class='ocrx_word' id='word_1_632' title='bbox 3260 4375 3335 4437; x_wconf 86' lang='grc' dir='ltr'>ὡς</span> <span class='ocrx_word' id='word_1_633' title='bbox 3382 4372 3489 4447; x_wconf 70' lang='grc' dir='ltr'><strong>ἤδη</strong></span> <span class='ocrx_word' id='word_1_634' title='bbox 3534 4376 3740 4450; x_wconf 81' lang='grc' dir='ltr'>φθάσας</span> <span class='ocrx_word' id='word_1_635' title='bbox 3768 4376 3796 4431; x_wconf 91' lang='lat'><strong>6</strong></span> 
     </span>
    </p>
   </div>
   <div class='ocr_carea' id='block_1_92' title="bbox 372 4460 866 4541">
    <p class='ocr_par' dir='ltr' id='par_1_92' title="bbox 372 4460 866 4541">
     <span class='ocr_line' id='line_1_92' title="bbox 372 4460 866 4541; baseline -0.006 -19"><span class='ocrx_word' id='word_1_636' title='bbox 372 4460 535 4541; x_wconf 83' lang='grc' dir='ltr'>λόγος</span> <span class='ocrx_word' id='word_1_637' title='bbox 562 4464 866 4540; x_wconf 77' lang='grc' dir='ltr'>ἱστόρησεν.</span> 
     </span>
    </p>
   </div>
   <div class='ocr_carea' id='block_1_93' title="bbox 446 4550 2031 4624">
    <p class='ocr_par' dir='ltr' id='par_1_93' title="bbox 446 4550 2031 4624">
     <span class='ocr_line' id='line_1_93' title="bbox 446 4550 2031 4624; baseline -0.003 -11"><span class='ocrx_word' id='word_1_638' title='bbox 446 4555 642 4613; x_wconf 82' lang='lat' dir='ltr'><strong>Rebus</strong></span> <span class='ocrx_word' id='word_1_639' title='bbox 708 4554 818 4612; x_wconf 89' lang='lat' dir='ltr'><strong>hoe</strong></span> <span class='ocrx_word' id='word_1_640' title='bbox 885 4558 1058 4610; x_wconf 92' lang='lat' dir='ltr'><strong>modo</strong></span> <span class='ocrx_word' id='word_1_641' title='bbox 1122 4550 1486 4624; x_wconf 87' lang='lat' dir='ltr'><strong>constitutis,</strong></span> <span class='ocrx_word' id='word_1_642' title='bbox 1549 4568 1617 4608; x_wconf 90' lang='lat' dir='ltr'><strong>ea</strong></span> <span class='ocrx_word' id='word_1_643' title='bbox 1675 4551 1805 4624; x_wconf 90' lang='lat' dir='ltr'><strong>ipsa</strong></span> <span class='ocrx_word' id='word_1_644' title='bbox 1862 4556 2031 4608; x_wconf 88' lang='lat' dir='ltr'><strong>nocte</strong></span> 
     </span>
    </p>
   </div>
   <div class='ocr_carea' id='block_1_94' title="bbox 2213 4546 3799 4627">
    <p class='ocr_par' dir='ltr' id='par_1_94' title="bbox 2213 4546 3799 4627">
     <span class='ocr_line' id='line_1_94' title="bbox 2213 4546 3799 4627; baseline 0.001 -20"><span class='ocrx_word' id='word_1_645' title='bbox 2213 4547 2369 4607; x_wconf 79' lang='grc' dir='ltr'>Οὕτω</span> <span class='ocrx_word' id='word_1_646' title='bbox 2440 4546 2497 4604; x_wconf 72' lang='grc' dir='ltr'>δὶ</span> <span class='ocrx_word' id='word_1_647' title='bbox 2573 4554 2681 4604; x_wconf 87' lang='grc' dir='ltr'>τῶν</span> <span class='ocrx_word' id='word_1_648' title='bbox 2731 4552 3061 4626; x_wconf 87' lang='grc' dir='ltr'>πραγμάτων</span> <span class='ocrx_word' id='word_1_649' title='bbox 3111 4550 3609 4627; x_wconf 81' lang='grc' dir='ltr'>οἷκονομηθέντων,</span> <span class='ocrx_word' id='word_1_650' title='bbox 3660 4552 3799 4609; x_wconf 79' lang='grc' dir='ltr'>κατᾶ</span> 
     </span>
    </p>
   </div>
   <div class='ocr_carea' id='block_1_95' title="bbox 1566 4683 2597 4741">
    <p class='ocr_par' dir='ltr' id='par_1_95' title="bbox 1566 4683 2597 4741">
     <span class='ocr_line' id='line_1_95' title="bbox 1566 4683 2597 4741; baseline -0.002 -1"><span class='ocrx_word' id='word_1_651' title='bbox 1566 4684 1944 4741; x_wconf 78' lang='lat' dir='ltr'><strong>XYLANDRI</strong></span> <span class='ocrx_word' id='word_1_652' title='bbox 1982 4685 2071 4741; x_wconf 88' lang='lat' dir='ltr'><strong>ET</strong></span> <span class='ocrx_word' id='word_1_653' title='bbox 2109 4683 2328 4741; x_wconf 82' lang='lat' dir='ltr'><strong>GOARI</strong></span> <span class='ocrx_word' id='word_1_654' title='bbox 2364 4683 2597 4741; x_wconf 60' lang='lat' dir='ltr'><strong>NOTIE.</strong></span> 
     </span>
    </p>
   </div>
   <div class='ocr_carea' id='block_1_96' title="bbox 447 4801 2100 4878">
    <p class='ocr_par' dir='ltr' id='par_1_96' title="bbox 447 4801 2100 4878">
     <span class='ocr_line' id='line_1_96' title="bbox 447 4801 2100 4878; baseline -0.002 -18"><span class='ocrx_word' id='word_1_655' title='bbox 447 4806 558 4878; x_wconf 85' lang='grc'>(21)</span> <span class='ocrx_word' id='word_1_656' title='bbox 588 4805 652 4860; x_wconf 92' lang='lat' dir='ltr'><strong>Id</strong></span> <span class='ocrx_word' id='word_1_657' title='bbox 684 4819 887 4859; x_wconf 89' lang='lat' dir='ltr'><strong>verum</strong></span> <span class='ocrx_word' id='word_1_658' title='bbox 921 4801 1243 4878; x_wconf 12' lang='lat' dir='ltr'><strong>essernullo</strong></span> <span class='ocrx_word' id='word_1_659' title='bbox 1277 4801 1450 4878; x_wconf 74' lang='lat' dir='ltr'><strong>modo</strong></span> <span class='ocrx_word' id='word_1_660' title='bbox 1484 4804 1696 4878; x_wconf 74' lang='lat' dir='ltr'><strong>potest,</strong></span> <span class='ocrx_word' id='word_1_661' title='bbox 1724 4816 1858 4855; x_wconf 89' lang='lat' dir='ltr'><strong>cum</strong></span> <span class='ocrx_word' id='word_1_662' title='bbox 1893 4816 2019 4856; x_wconf 90' lang='lat' dir='ltr'><strong>om-</strong></span> <span class='ocrx_word' id='word_1_663' title='bbox 2051 4809 2100 4873; x_wconf 82' lang='grc' dir='ltr'><strong>ι)</strong></span> 
     </span>
    </p>
   </div>
   <div class='ocr_carea' id='block_1_97' title="bbox 2198 4798 3795 4875">
    <p class='ocr_par' dir='ltr' id='par_1_97' title="bbox 2198 4798 3795 4875">
     <span class='ocr_line' id='line_1_97' title="bbox 2198 4798 3795 4875; baseline 0.006 -23"><span class='ocrx_word' id='word_1_664' title='bbox 2198 4798 2312 4875; x_wconf 83' lang='lat'><strong>(2_2)</strong></span> <span class='ocrx_word' id='word_1_665' title='bbox 2345 4799 2483 4870; x_wconf 86' lang='lat' dir='ltr'><strong>Ejus</strong></span> <span class='ocrx_word' id='word_1_666' title='bbox 2514 4815 2736 4875; x_wconf 81' lang='lat' dir='ltr'><strong>munus</strong></span> <span class='ocrx_word' id='word_1_667' title='bbox 2771 4800 2881 4875; x_wconf 80' lang='lat' dir='ltr'><strong>fuit</strong></span> <span class='ocrx_word' id='word_1_668' title='bbox 2909 4800 2967 4875; x_wconf 82' lang='lat' dir='ltr'><strong>in</strong></span> <span class='ocrx_word' id='word_1_669' title='bbox 3001 4801 3157 4875; x_wconf 83' lang='lat' dir='ltr'><strong>cives</strong></span> <span class='ocrx_word' id='word_1_670' title='bbox 3204 4805 3262 4875; x_wconf 83' lang='lat' dir='ltr'><strong>et</strong></span> <span class='ocrx_word' id='word_1_671' title='bbox 3310 4817 3431 4875; x_wconf 87' lang='lat' dir='ltr'><strong>rem</strong></span> <span class='ocrx_word' id='word_1_672' title='bbox 3487 4802 3795 4875; x_wconf 86' lang='lat' dir='ltr'><strong>publicam</strong></span> 
     </span>
    </p>
   </div>
   <div class='ocr_carea' id='block_1_98' title="bbox 375 4871 3791 4948">
    <p class='ocr_par' dir='ltr' id='par_1_98' title="bbox 375 4871 3791 4948">
     <span class='ocr_line' id='line_1_98' title="bbox 375 4871 3791 4948; baseline 0 -15"><span class='ocrx_word' id='word_1_673' title='bbox 375 4871 514 4933; x_wconf 82' lang='lat' dir='ltr'><strong>nino</strong></span> <span class='ocrx_word' id='word_1_674' title='bbox 540 4871 791 4948; x_wconf 81' lang='lat' dir='ltr'><strong>uterque</strong></span> <span class='ocrx_word' id='word_1_675' title='bbox 822 4882 995 4931; x_wconf 89' lang='lat' dir='ltr'><strong>natus</strong></span> <span class='ocrx_word' id='word_1_676' title='bbox 1026 4874 1102 4930; x_wconf 88' lang='lat' dir='ltr'><strong>sit</strong></span> <span class='ocrx_word' id='word_1_677' title='bbox 1131 4880 1295 4948; x_wconf 85' lang='lat' dir='ltr'><strong>patre</strong></span> <span class='ocrx_word' id='word_1_678' title='bbox 1325 4871 1585 4948; x_wconf 82' lang='lat' dir='ltr'><strong>Romano</strong></span> <span class='ocrx_word' id='word_1_679' title='bbox 1615 4872 1669 4936; x_wconf 90' lang='lat'><strong>3,</strong></span> <span class='ocrx_word' id='word_1_680' title='bbox 1703 4878 2019 4948; x_wconf 85' lang='lat' dir='ltr'><strong>antequam</strong></span> <span class='ocrx_word' id='word_1_681' title='bbox 2056 4871 2078 4873; x_wconf 64' lang='grc'><strong>⁷</strong></span> <span class='ocrx_word' id='word_1_682' title='bbox 2130 4871 2400 4942; x_wconf 73' lang='lat' dir='ltr'><strong>prmfecto</strong></span> <span class='ocrx_word' id='word_1_683' title='bbox 2446 4872 2609 4948; x_wconf 75' lang='lat' dir='ltr'><strong>urbis</strong></span> <span class='ocrx_word' id='word_1_684' title='bbox 2657 4888 2773 4948; x_wconf 81' lang='lat' dir='ltr'><strong>n_on</strong></span> <span class='ocrx_word' id='word_1_685' title='bbox 2800 4872 3093 4948; x_wconf 71' lang='lat' dir='ltr'><strong>absimile</strong></span> <span class='ocrx_word' id='word_1_686' title='bbox 3140 4892 3162 4948; x_wconf 86' lang='lat'><strong>:_</strong></span> <span class='ocrx_word' id='word_1_687' title='bbox 3201 4874 3253 4930; x_wconf 88' lang='lat' dir='ltr'><strong>is</strong></span> <span class='ocrx_word' id='word_1_688' title='bbox 3300 4874 3459 4948; x_wconf 79' lang='lat' dir='ltr'><strong>enirn</strong></span> <span class='ocrx_word' id='word_1_689' title='bbox 3487 4871 3568 4948; x_wconf 55' lang='lat' dir='ltr'><strong>&#39;in</strong></span> <span class='ocrx_word' id='word_1_690' title='bbox 3603 4876 3791 4948; x_wconf 78' lang='lat' dir='ltr'><strong>lexico</strong></span> 
     </span>
    </p>
   </div>
   <div class='ocr_carea' id='block_1_99' title="bbox 374 4944 2019 5021">
    <p class='ocr_par' dir='ltr' id='par_1_99' title="bbox 374 4944 2019 5021">
     <span class='ocr_line' id='line_1_99' title="bbox 374 4944 2019 5021; baseline -0.004 -16"><span class='ocrx_word' id='word_1_691' title='bbox 374 4954 564 5005; x_wconf 91' lang='lat' dir='ltr'><strong>mater</strong></span> <span class='ocrx_word' id='word_1_692' title='bbox 592 4944 947 5021; x_wconf 78' lang='lat' dir='ltr'><strong>Theophane</strong></span> <span class='ocrx_word' id='word_1_693' title='bbox 972 4944 1170 5021; x_wconf 68' lang='lat' dir='ltr'><strong>Phocis</strong></span> <span class='ocrx_word' id='word_1_694' title='bbox 1190 4946 1517 5021; x_wconf 75' lang='lat' dir='ltr'><strong>Nicephoro</strong></span> <span class='ocrx_word' id='word_1_695' title='bbox 1547 4944 1890 5021; x_wconf 76' lang='lat' dir='ltr'><strong>imperatori</strong></span> <span class='ocrx_word' id='word_1_696' title='bbox 1920 4961 2019 4999; x_wconf 82' lang='lat' dir='ltr'><strong>nu-</strong></span> 
     </span>
    </p>
   </div>
   <div class='ocr_carea' id='block_1_100' title="bbox 374 4962 2026 5093">
    <p class='ocr_par' dir='ltr' id='par_1_100' title="bbox 374 4962 2026 5093">
     <span class='ocr_line' id='line_1_100' title="bbox 374 4962 2019 5072; baseline -0.004 -67"><span class='ocrx_word' id='word_1_697' title='bbox 374 4962 564 5005; x_wconf 85' lang='lat' dir='ltr'><strong>mater</strong></span> <span class='ocrx_word' id='word_1_698' title='bbox 592 4962 947 5021; x_wconf 73' lang='lat' dir='ltr'><strong>Theophane</strong></span> <span class='ocrx_word' id='word_1_699' title='bbox 973 4962 1170 5003; x_wconf 68' lang='lat' dir='ltr'><strong>Phocis</strong></span> <span class='ocrx_word' id='word_1_700' title='bbox 1194 4962 1517 5072; x_wconf 59' lang='lat' dir='ltr'><strong>mceﬁnoro</strong></span> <span class='ocrx_word' id='word_1_701' title='bbox 1547 4962 1624 4998; x_wconf 84' lang='lat' dir='ltr'><strong>1m</strong></span> <span class='ocrx_word' id='word_1_702' title='bbox 1635 4962 1890 5015; x_wconf 76' lang='lat' dir='ltr'><strong>peratori</strong></span> <span class='ocrx_word' id='word_1_703' title='bbox 1920 4962 2019 4999; x_wconf 85' lang='lat' dir='ltr'><strong>nu-</strong></span> 
     </span>
     <span class='ocr_line' id='line_1_101' title="bbox 374 5015 2026 5093; baseline -0.004 -16"><span class='ocrx_word' id='word_1_704' title='bbox 374 5022 557 5077; x_wconf 89' lang='lat' dir='ltr'><strong>beret.</strong></span> <span class='ocrx_word' id='word_1_705' title='bbox 591 5022 670 5077; x_wconf 80' lang='lat' dir='ltr'><strong>Ex</strong></span> <span class='ocrx_word' id='word_1_706' title='bbox 700 5022 771 5077; x_wconf 92' lang='lat' dir='ltr'><strong>iis</strong></span> <span class='ocrx_word' id='word_1_707' title='bbox 802 5038 928 5093; x_wconf 64' lang='lat' dir='ltr'><strong>quas</strong></span> <span class='ocrx_word' id='word_1_708' title='bbox 960 5018 1300 5093; x_wconf 80' lang='lat' dir='ltr'><strong>Panvinius,</strong></span> <span class='ocrx_word' id='word_1_709' title='bbox 1376 5033 1507 5093; x_wconf 85' lang='lat' dir='ltr'><strong>omo</strong></span> <span class='ocrx_word' id='word_1_710' title='bbox 1556 5017 1727 5093; x_wconf 81' lang='lat' dir='ltr'><strong>longe</strong></span> <span class='ocrx_word' id='word_1_711' title='bbox 1770 5015 2026 5093; x_wconf 74' lang='lat' dir='ltr'><strong>diligen-</strong></span> 
     </span>
    </p>
   </div>
   <div class='ocr_carea' id='block_1_101' title="bbox 371 5086 2025 5169">
    <p class='ocr_par' dir='ltr' id='par_1_101' title="bbox 371 5086 2025 5169">
     <span class='ocr_line' id='line_1_102' title="bbox 371 5086 2025 5169; baseline -0.003 -22"><span class='ocrx_word' id='word_1_712' title='bbox 371 5093 645 5169; x_wconf 89' lang='lat' dir='ltr'><strong>tissimus</strong></span> <span class='ocrx_word' id='word_1_713' title='bbox 676 5098 733 5169; x_wconf 85' lang='lat' dir='ltr'><strong>_e_t</strong></span> <span class='ocrx_word' id='word_1_714' title='bbox 764 5086 1180 5169; x_wconf 69' lang='lat' dir='ltr'><strong>peritissimus,</strong></span> <span class='ocrx_word' id='word_1_715' title='bbox 1214 5088 1537 5169; x_wconf 54' lang='lat' dir='ltr'><strong>adnotavit,</strong></span> <span class='ocrx_word' id='word_1_716' title='bbox 1573 5086 2025 5169; x_wconf 64' lang='lat' dir='ltr'><strong>deprehendere</strong></span> 
     </span>
    </p>
   </div>
   <div class='ocr_carea' id='block_1_102' title="bbox 370 5159 2022 5248">
    <p class='ocr_par' dir='ltr' id='par_1_102' title="bbox 370 5159 2022 5248">
     <span class='ocr_line' id='line_1_103' title="bbox 370 5159 2022 5248; baseline -0.004 -30"><span class='ocrx_word' id='word_1_717' title='bbox 370 5168 537 5248; x_wconf 78' lang='lat' dir='ltr'><strong>potes</strong></span> <span class='ocrx_word' id='word_1_718' title='bbox 560 5159 839 5221; x_wconf 64' lang='lat' dir='ltr'><strong>Basiliam</strong></span> <span class='ocrx_word' id='word_1_719' title='bbox 866 5161 1413 5248; x_wconf 66' lang='lat' dir='ltr'><strong>t4,Constantinum</strong></span> <span class='ocrx_word' id='word_1_720' title='bbox 1528 5159 2022 5248; x_wconf 62' lang='lat' dir='ltr'><strong>circiter-annum</strong></span> 
     </span>
    </p>
   </div>
   <div class='ocr_carea' id='block_1_103' title="bbox 368 5230 2025 5307">
    <p class='ocr_par' dir='ltr' id='par_1_103' title="bbox 368 5230 2025 5307">
     <span class='ocr_line' id='line_1_104' title="bbox 368 5230 2025 5307; baseline -0.002 -18"><span class='ocrx_word' id='word_1_721' title='bbox 368 5230 483 5291; x_wconf 83' lang='lat' dir='ltr'><strong>isto</strong></span> <span class='ocrx_word' id='word_1_722' title='bbox 512 5240 775 5307; x_wconf 90' lang='lat' dir='ltr'><strong>tempore</strong></span> <span class='ocrx_word' id='word_1_723' title='bbox 804 5230 1139 5307; x_wconf 75' lang='lat' dir='ltr'><strong>egisSe,quo</strong></span> <span class='ocrx_word' id='word_1_724' title='bbox 1172 5230 1498 5307; x_wconf 86' lang='lat' dir='ltr'><strong>adimperii</strong></span> <span class='ocrx_word' id='word_1_725' title='bbox 1523 5231 1862 5307; x_wconf 78' lang='lat' dir='ltr'><strong>societatem</strong></span> <span class='ocrx_word' id='word_1_726' title='bbox 1885 5234 2025 5307; x_wconf 86' lang='lat' dir='ltr'><strong>sunt</strong></span> 
     </span>
    </p>
   </div>
   <div class='ocr_carea' id='block_1_104' title="bbox 371 5301 2026 5376">
    <p class='ocr_par' dir='ltr' id='par_1_104' title="bbox 371 5301 2026 5376">
     <span class='ocr_line' id='line_1_105' title="bbox 371 5301 2026 5376; baseline -0.004 -15"><span class='ocrx_word' id='word_1_727' title='bbox 371 5323 405 5361; x_wconf 89' lang='lat' dir='ltr'><strong>a</strong></span> <span class='ocrx_word' id='word_1_728' title='bbox 434 5301 690 5363; x_wconf 75' lang='lat' dir='ltr'><strong>Zimisca</strong></span> <span class='ocrx_word' id='word_1_729' title='bbox 719 5301 908 5371; x_wconf 66' lang='lat' dir='ltr'><strong>asciti,</strong></span> <span class='ocrx_word' id='word_1_730' title='bbox 960 5301 1008 5376; x_wconf 55' lang='grc' dir='ltr'>εις</span> <span class='ocrx_word' id='word_1_731' title='bbox 1038 5301 1157 5376; x_wconf 77' lang='lat' dir='ltr'><strong>qua</strong></span> <span class='ocrx_word' id='word_1_732' title='bbox 1203 5301 1450 5376; x_wconf 77' lang='lat' dir='ltr'><strong>vitricus</strong></span> <span class='ocrx_word' id='word_1_733' title='bbox 1499 5317 1598 5356; x_wconf 90' lang='lat' dir='ltr'><strong>eos</strong></span> <span class='ocrx_word' id='word_1_734' title='bbox 1648 5301 1739 5355; x_wconf 90' lang='lat' dir='ltr'><strong>vel</strong></span> <span class='ocrx_word' id='word_1_735' title='bbox 1788 5304 2026 5376; x_wconf 79' lang='lat' dir='ltr'><strong>propter</strong></span> 
     </span>
    </p>
   </div>
   <div class='ocr_carea' id='block_1_105' title="bbox 373 5373 2020 5444">
    <p class='ocr_par' dir='ltr' id='par_1_105' title="bbox 373 5373 2020 5444">
     <span class='ocr_line' id='line_1_106' title="bbox 373 5373 2020 5444; baseline -0.004 -11"><span class='ocrx_word' id='word_1_736' title='bbox 373 5383 603 5435; x_wconf 71' lang='lat' dir='ltr'><strong>aetatem</strong></span> <span class='ocrx_word' id='word_1_737' title='bbox 628 5375 1007 5443; x_wconf 89' lang='lat' dir='ltr'><strong>arcuerat,vel</strong></span> <span class='ocrx_word' id='word_1_738' title='bbox 1038 5373 1245 5430; x_wconf 77' lang='lat' dir='ltr'><strong>saltem</strong></span> <span class='ocrx_word' id='word_1_739' title='bbox 1271 5373 1415 5428; x_wconf 86' lang='lat' dir='ltr'><strong>nihil</strong></span> <span class='ocrx_word' id='word_1_740' title='bbox 1446 5377 1653 5444; x_wconf 85' lang='lat' dir='ltr'><strong>praeter</strong></span> <span class='ocrx_word' id='word_1_741' title='bbox 1672 5388 1884 5427; x_wconf 90' lang='lat' dir='ltr'><strong>nomen</strong></span> <span class='ocrx_word' id='word_1_742' title='bbox 1917 5373 2020 5427; x_wconf 90' lang='lat' dir='ltr'><strong>ha-</strong></span> 
     </span>
    </p>
   </div>
   <div class='ocr_carea' id='block_1_106' title="bbox 373 5444 2019 5504">
    <p class='ocr_par' dir='ltr' id='par_1_106' title="bbox 373 5444 2019 5504">
     <span class='ocr_line' id='line_1_107' title="bbox 373 5444 2019 5504; baseline -0.004 0"><span class='ocrx_word' id='word_1_743' title='bbox 373 5450 642 5504; x_wconf 90' lang='lat' dir='ltr'><strong>buerant.</strong></span> <span class='ocrx_word' id='word_1_744' title='bbox 669 5453 815 5503; x_wconf 87' lang='lat' dir='ltr'><strong>Nam</strong></span> <span class='ocrx_word' id='word_1_745' title='bbox 840 5448 898 5501; x_wconf 93' lang='lat' dir='ltr'><strong>in</strong></span> <span class='ocrx_word' id='word_1_746' title='bbox 931 5447 1047 5501; x_wconf 84' lang='lat' dir='ltr'><strong>ﬁne</strong></span> <span class='ocrx_word' id='word_1_747' title='bbox 1072 5446 1269 5501; x_wconf 86' lang='lat' dir='ltr'><strong>Basilii</strong></span> <span class='ocrx_word' id='word_1_748' title='bbox 1295 5446 1544 5500; x_wconf 86' lang='lat' dir='ltr'><strong>Zonaras</strong></span> <span class='ocrx_word' id='word_1_749' title='bbox 1570 5444 1651 5497; x_wconf 87' lang='lat' dir='ltr'><strong>ait</strong></span> <span class='ocrx_word' id='word_1_750' title='bbox 1680 5444 1850 5498; x_wconf 81' lang='lat' dir='ltr'><strong>etiam</strong></span> <span class='ocrx_word' id='word_1_751' title='bbox 1884 5459 2019 5499; x_wconf 92' lang='lat' dir='ltr'><strong>cum</strong></span> 
     </span>
    </p>
   </div>
   <div class='ocr_carea' id='block_1_107' title="bbox 370 5514 2019 5588">
    <p class='ocr_par' dir='ltr' id='par_1_107' title="bbox 370 5514 2019 5588">
     <span class='ocr_line' id='line_1_108' title="bbox 370 5514 2019 5588; baseline -0.005 -11"><span class='ocrx_word' id='word_1_752' title='bbox 370 5521 566 5578; x_wconf 89' lang='lat' dir='ltr'><strong>Phoca</strong></span> <span class='ocrx_word' id='word_1_753' title='bbox 596 5537 695 5576; x_wconf 90' lang='lat' dir='ltr'><strong>eos</strong></span> <span class='ocrx_word' id='word_1_754' title='bbox 724 5520 1067 5588; x_wconf 85' lang='lat' dir='ltr'><strong>imperasse.</strong></span> <span class='ocrx_word' id='word_1_755' title='bbox 1120 5516 1393 5572; x_wconf 89' lang='lat' dir='ltr'><strong>Panvinio</strong></span> <span class='ocrx_word' id='word_1_756' title='bbox 1442 5514 1839 5588; x_wconf 78' lang='lat' dir='ltr'><strong>astipulantur</strong></span> <span class='ocrx_word' id='word_1_757' title='bbox 1892 5531 2019 5585; x_wconf 60' lang='lat' dir='ltr'><strong>quas</strong></span> 
     </span>
    </p>
   </div>
   <div class='ocr_carea' id='block_1_108' title="bbox 358 5586 2023 5663">
    <p class='ocr_par' dir='ltr' id='par_1_108' title="bbox 358 5586 2023 5663">
     <span class='ocr_line' id='line_1_109' title="bbox 358 5586 2023 5663; baseline -0.006 -12"><span class='ocrx_word' id='word_1_758' title='bbox 358 5593 539 5651; x_wconf 88' lang='lat' dir='ltr'><strong>initio</strong></span> <span class='ocrx_word' id='word_1_759' title='bbox 563 5592 772 5649; x_wconf 89' lang='lat' dir='ltr'><strong>horum</strong></span> <span class='ocrx_word' id='word_1_760' title='bbox 793 5586 1024 5663; x_wconf 81' lang='lat' dir='ltr'><strong>imperii</strong></span> <span class='ocrx_word' id='word_1_761' title='bbox 1047 5588 1230 5663; x_wconf 72' lang='lat' dir='ltr'><strong>multo</strong></span> <span class='ocrx_word' id='word_1_762' title='bbox 1248 5603 1427 5663; x_wconf 81' lang='lat' dir='ltr'><strong>quam</strong></span> <span class='ocrx_word' id='word_1_763' title='bbox 1441 5586 1563 5663; x_wconf 72' lang='lat' dir='ltr'><strong>haec</strong></span> <span class='ocrx_word' id='word_1_764' title='bbox 1580 5587 1804 5663; x_wconf 87' lang='lat' dir='ltr'><strong>aptiora</strong></span> <span class='ocrx_word' id='word_1_765' title='bbox 1820 5586 2023 5663; x_wconf 80' lang='lat' dir='ltr'><strong>legun-</strong></span> 
     </span>
    </p>
   </div>
   <div class='ocr_carea' id='block_1_109' title="bbox 361 5657 2015 5739">
    <p class='ocr_par' dir='ltr' id='par_1_109' title="bbox 361 5657 2015 5739">
     <span class='ocr_line' id='line_1_110' title="bbox 361 5657 2015 5739; baseline -0.005 -15"><span class='ocrx_word' id='word_1_766' title='bbox 361 5671 471 5724; x_wconf 91' lang='lat' dir='ltr'><strong>tur</strong></span> <span class='ocrx_word' id='word_1_767' title='bbox 500 5665 654 5739; x_wconf 85' lang='lat' dir='ltr'><strong>apud</strong></span> <span class='ocrx_word' id='word_1_768' title='bbox 674 5657 952 5721; x_wconf 48' lang='lat' dir='ltr'><strong>Nostru‘m</strong></span> <span class='ocrx_word' id='word_1_769' title='bbox 975 5666 1034 5720; x_wconf 86' lang='lat' dir='ltr'><strong>et</strong></span> <span class='ocrx_word' id='word_1_770' title='bbox 1058 5657 1367 5719; x_wconf 83' lang='lat' dir='ltr'><strong>Zonarium</strong></span> <span class='ocrx_word' id='word_1_771' title='bbox 1398 5657 2015 5716; x_wconf 48' lang='lat' dir='ltr'><strong>habeat&#39;tentemXYL.</strong></span> 
     </span>
    </p>
   </div>
   <div class='ocr_carea' id='block_1_110' title="bbox 2138 4942 3789 5031">
    <p class='ocr_par' dir='ltr' id='par_1_110' title="bbox 2138 4942 3789 5031">
     <span class='ocr_line' id='line_1_111' title="bbox 2138 4942 3789 5031; baseline 0.001 -33"><span class='ocrx_word' id='word_1_772' title='bbox 2138 4959 2431 5031; x_wconf 68' lang='lat' dir='ltr'><strong>anonyrno</strong></span> <span class='ocrx_word' id='word_1_773' title='bbox 2481 4942 2622 5029; x_wconf 64' lang='lat' dir='ltr'><strong>bibl.</strong></span> <span class='ocrx_word' id='word_1_774' title='bbox 2650 4943 2863 5031; x_wconf 51' lang='lat' dir='ltr'><strong>‘Regjm</strong></span> <span class='ocrx_word' id='word_1_775' title='bbox 2894 4944 3113 5031; x_wconf 59' lang='lat' dir='ltr'><strong>dicitur</strong></span> <span class='ocrx_word' id='word_1_776' title='bbox 3143 4944 3170 4998; x_wconf 94' lang='lat'><strong>6</strong></span> <span class='ocrx_word' id='word_1_777' title='bbox 3200 4949 3300 5031; x_wconf 67' lang='grc' dir='ltr'>τῇς</span> <span class='ocrx_word' id='word_1_778' title='bbox 3332 4942 3613 5030; x_wconf 72' lang='grc' dir='ltr'>πολιτείας</span> <span class='ocrx_word' id='word_1_779' title='bbox 3641 4944 3789 5031; x_wconf 54' lang='lat' dir='ltr'><strong>dex-</strong></span> 
     </span>
    </p>
   </div>
   <div class='ocr_carea' id='block_1_111' title="bbox 2138 4966 3791 5138">
    <p class='ocr_par' dir='ltr' id='par_1_111' title="bbox 2138 4966 3791 5138">
     <span class='ocr_line' id='line_1_112' title="bbox 2138 4966 3789 5031; baseline 0.001 -33"><span class='ocrx_word' id='word_1_780' title='bbox 2138 4966 2431 5015; x_wconf 75' lang='lat' dir='ltr'><strong>anonymo</strong></span> <span class='ocrx_word' id='word_1_781' title='bbox 2482 4966 2622 4997; x_wconf 85' lang='grc' dir='ltr'>υιυι.</span> <span class='ocrx_word' id='word_1_782' title='bbox 2676 4966 2863 5013; x_wconf 73' lang='lat' dir='ltr'><strong>neglcu</strong></span> <span class='ocrx_word' id='word_1_783' title='bbox 2894 4966 3113 5000; x_wconf 79' lang='grc' dir='ltr'>αιοιιυι·</span> <span class='ocrx_word' id='word_1_784' title='bbox 3143 4966 3170 4998; x_wconf 91' lang='grc' dir='ltr'><strong>ο</strong></span> <span class='ocrx_word' id='word_1_785' title='bbox 3200 4966 3300 5013; x_wconf 85' lang='grc' dir='ltr'><strong>της</strong></span> <span class='ocrx_word' id='word_1_786' title='bbox 3332 4966 3613 5007; x_wconf 80' lang='grc' dir='ltr'>ποΑιτειας</span> <span class='ocrx_word' id='word_1_787' title='bbox 3641 4966 3675 5000; x_wconf 88' lang='grc' dir='ltr'><strong>α</strong></span> <span class='ocrx_word' id='word_1_788' title='bbox 3714 4966 3789 5031; x_wconf 71' lang='grc' dir='ltr'>χ·</span> 
     </span>
     <span class='ocr_line' id='line_1_113' title="bbox 2138 4966 3791 5088; baseline 0.008 -25"><span class='ocrx_word' id='word_1_789' title='bbox 2138 5012 2293 5087; x_wconf 80' lang='grc' dir='ltr'>ηγὸς,</span> <span class='ocrx_word' id='word_1_790' title='bbox 2327 5011 2546 5088; x_wconf 78' lang='grc' dir='ltr'>ἡγεμὼν</span> <span class='ocrx_word' id='word_1_791' title='bbox 2578 5012 2666 5066; x_wconf 73' lang='grc' dir='ltr'><strong>καὶ</strong></span> <span class='ocrx_word' id='word_1_792' title='bbox 2702 5017 2940 5087; x_wconf 83' lang='grc' dir='ltr'>πρῶτος.</span> <span class='ocrx_word' id='word_1_793' title='bbox 2972 5016 3094 5072; x_wconf 88' lang='lat' dir='ltr'><strong>Nisi</strong></span> <span class='ocrx_word' id='word_1_794' title='bbox 3127 5016 3407 5073; x_wconf 86' lang='lat' dir='ltr'><strong>malueris</strong></span> <span class='ocrx_word' id='word_1_795' title='bbox 3438 5035 3472 5073; x_wconf 87' lang='lat' dir='ltr'><strong>a</strong></span> <span class='ocrx_word' id='word_1_796' title='bbox 3518 4966 3791 5076; x_wconf 59' lang='lat' dir='ltr'><strong>consiIns</strong></span> 
     </span>
     <span class='ocr_line' id='line_1_114' title="bbox 2138 5085 3783 5138; baseline 0 0"><span class='ocrx_word' id='word_1_797' title='bbox 2138 5087 2500 5138; x_wconf 71' lang='lat' dir='ltr'><strong>praecipuum</strong></span> <span class='ocrx_word' id='word_1_798' title='bbox 2552 5085 2871 5138; x_wconf 79' lang='lat' dir='ltr'><strong>afﬁrmare-</strong></span> <span class='ocrx_word' id='word_1_799' title='bbox 2918 5104 3051 5138; x_wconf 89' lang='lat' dir='ltr'><strong>cum</strong></span> <span class='ocrx_word' id='word_1_800' title='bbox 3080 5088 3502 5138; x_wconf 79' lang='lat' dir='ltr'><strong>Constantinus</strong></span> <span class='ocrx_word' id='word_1_801' title='bbox 3533 5093 3783 5138; x_wconf 72' lang='lat' dir='ltr'><strong>Romani</strong></span> 
     </span>
    </p>
   </div>
   <div class='ocr_carea' id='block_1_112' title="bbox 2135 5086 3790 5237">
    <p class='ocr_par' dir='ltr' id='par_1_112' title="bbox 2135 5086 3790 5237">
     <span class='ocr_line' id='line_1_115' title="bbox 2137 5086 3787 5158; baseline 0.005 -19"><span class='ocrx_word' id='word_1_802' title='bbox 2137 5086 2500 5158; x_wconf 68' lang='lat' dir='ltr'><strong>praecipuum</strong></span> <span class='ocrx_word' id='word_1_803' title='bbox 2552 5086 2872 5156; x_wconf 81' lang='lat' dir='ltr'><strong>afﬁrmare,</strong></span> <span class='ocrx_word' id='word_1_804' title='bbox 2918 5104 3051 5142; x_wconf 90' lang='lat' dir='ltr'><strong>cum</strong></span> <span class='ocrx_word' id='word_1_805' title='bbox 3080 5088 3502 5145; x_wconf 90' lang='lat' dir='ltr'><strong>Constantinus</strong></span> <span class='ocrx_word' id='word_1_806' title='bbox 3533 5093 3787 5147; x_wconf 86' lang='lat' dir='ltr'><strong>Romani</strong></span> 
     </span>
     <span class='ocr_line' id='line_1_116' title="bbox 2135 5157 3790 5237; baseline 0.005 -26"><span class='ocrx_word' id='word_1_807' title='bbox 2135 5157 2298 5237; x_wconf 61' lang='lat' dir='ltr'><strong>(ilius</strong></span> <span class='ocrx_word' id='word_1_808' title='bbox 2316 5158 2516 5211; x_wconf 90' lang='lat' dir='ltr'><strong>statim</strong></span> <span class='ocrx_word' id='word_1_809' title='bbox 2546 5158 2658 5211; x_wconf 87' lang='lat' dir='ltr'><strong>sub</strong></span> <span class='ocrx_word' id='word_1_810' title='bbox 2683 5158 2889 5237; x_wconf 73' lang='lat' dir='ltr'><strong>primis</strong></span> <span class='ocrx_word' id='word_1_811' title='bbox 2911 5159 3138 5237; x_wconf 66' lang='lat' dir='ltr'><strong>imperii</strong></span> <span class='ocrx_word' id='word_1_812' title='bbox 3161 5161 3441 5237; x_wconf 77' lang='lat' dir='ltr'><strong>auspiciis</strong></span> <span class='ocrx_word' id='word_1_813' title='bbox 3463 5166 3584 5218; x_wconf 90' lang='lat' dir='ltr'><strong>tres</strong></span> <span class='ocrx_word' id='word_1_814' title='bbox 3603 5162 3790 5219; x_wconf 91' lang='lat' dir='ltr'><strong>simul</strong></span> 
     </span>
    </p>
   </div>
   <div class='ocr_carea' id='block_1_113' title="bbox 2132 5225 3785 5305">
    <p class='ocr_par' dir='ltr' id='par_1_113' title="bbox 2132 5225 3785 5305">
     <span class='ocr_line' id='line_1_117' title="bbox 2132 5225 3785 5305; baseline 0.006 -25"><span class='ocrx_word' id='word_1_815' title='bbox 2132 5225 2434 5305; x_wconf 76' lang='grc' dir='ltr'>προέδρους</span> <span class='ocrx_word' id='word_1_816' title='bbox 2456 5225 2758 5305; x_wconf 74' lang='lat' dir='ltr'><strong>creaverit,</strong></span> <span class='ocrx_word' id='word_1_817' title='bbox 2782 5225 3118 5305; x_wconf 82' lang='lat' dir='ltr'><strong>scholarum</strong></span> <span class='ocrx_word' id='word_1_818' title='bbox 3144 5225 3554 5299; x_wconf 73' lang='lat' dir='ltr'><strong>domesticum,</strong></span> <span class='ocrx_word' id='word_1_819' title='bbox 3585 5238 3785 5305; x_wconf 83' lang='lat' dir='ltr'><strong>proto-</strong></span> 
     </span>
    </p>
   </div>
   <div class='ocr_carea' id='block_1_114' title="bbox 2131 5299 3789 5374">
    <p class='ocr_par' dir='ltr' id='par_1_114' title="bbox 2131 5299 3789 5374">
     <span class='ocr_line' id='line_1_118' title="bbox 2131 5299 3789 5374; baseline 0.005 -21"><span class='ocrx_word' id='word_1_820' title='bbox 2131 5299 2475 5374; x_wconf 80' lang='lat' dir='ltr'><strong>vestiarium</strong></span> <span class='ocrx_word' id='word_1_821' title='bbox 2508 5305 2565 5355; x_wconf 91' lang='lat' dir='ltr'><strong>et</strong></span> <span class='ocrx_word' id='word_1_822' title='bbox 2592 5300 3007 5374; x_wconf 84' lang='lat' dir='ltr'><strong>drungarium,</strong></span> <span class='ocrx_word' id='word_1_823' title='bbox 3041 5318 3188 5374; x_wconf 91' lang='lat' dir='ltr'><strong>quos</strong></span> <span class='ocrx_word' id='word_1_824' title='bbox 3222 5319 3335 5359; x_wconf 90' lang='lat' dir='ltr'><strong>non</strong></span> <span class='ocrx_word' id='word_1_825' title='bbox 3369 5299 3789 5361; x_wconf 58' lang='lat' dir='ltr'><strong>ofﬁciis&#39;adau-</strong></span> 
     </span>
    </p>
   </div>
   <div class='ocr_carea' id='block_1_115' title="bbox 2131 5370 3783 5449">
    <p class='ocr_par' dir='ltr' id='par_1_115' title="bbox 2131 5370 3783 5449">
     <span class='ocr_line' id='line_1_119' title="bbox 2131 5370 3783 5449; baseline 0.004 -24"><span class='ocrx_word' id='word_1_826' title='bbox 2131 5372 2420 5449; x_wconf 11' lang='lat' dir='ltr'><strong>gere,rsed</strong></span> <span class='ocrx_word' id='word_1_827' title='bbox 2454 5370 2513 5449; x_wconf 81' lang='lat' dir='ltr'><strong>in</strong></span> <span class='ocrx_word' id='word_1_828' title='bbox 2548 5370 2933 5449; x_wconf 80' lang='lat' dir='ltr'><strong>negotiorum</strong></span> <span class='ocrx_word' id='word_1_829' title='bbox 2959 5370 3536 5449; x_wconf 81' lang='lat' dir='ltr'><strong>administrationem</strong></span> <span class='ocrx_word' id='word_1_830' title='bbox 3582 5377 3783 5449; x_wconf 84' lang='lat' dir='ltr'><strong>magis</strong></span> 
     </span>
    </p>
   </div>
   <div class='ocr_carea' id='block_1_116' title="bbox 2131 5443 3784 5516">
    <p class='ocr_par' dir='ltr' id='par_1_116' title="bbox 2131 5443 3784 5516">
     <span class='ocr_line' id='line_1_120' title="bbox 2131 5443 3784 5516; baseline 0.004 -18"><span class='ocrx_word' id='word_1_831' title='bbox 2131 5446 2411 5516; x_wconf 80' lang='lat' dir='ltr'><strong>secretum</strong></span> <span class='ocrx_word' id='word_1_832' title='bbox 2446 5443 2726 5516; x_wconf 78' lang='lat' dir='ltr'><strong>advocare</strong></span> <span class='ocrx_word' id='word_1_833' title='bbox 2776 5444 2983 5516; x_wconf 91' lang='lat' dir='ltr'><strong>potuit,</strong></span> <span class='ocrx_word' id='word_1_834' title='bbox 3034 5450 3092 5501; x_wconf 90' lang='lat' dir='ltr'><strong>et</strong></span> <span class='ocrx_word' id='word_1_835' title='bbox 3125 5447 3252 5516; x_wconf 87' lang='lat' dir='ltr'><strong>jam</strong></span> <span class='ocrx_word' id='word_1_836' title='bbox 3294 5447 3592 5516; x_wconf 87' lang='lat' dir='ltr'><strong>communi</strong></span> <span class='ocrx_word' id='word_1_837' title='bbox 3624 5443 3784 5505; x_wconf 72' lang='lat' dir='ltr'><strong>facta</strong></span> 
     </span>
    </p>
   </div>
   <div class='ocr_carea' id='block_1_117' title="bbox 2129 5515 3777 5593">
    <p class='ocr_par' dir='ltr' id='par_1_117' title="bbox 2129 5515 3777 5593">
     <span class='ocr_line' id='line_1_121' title="bbox 2129 5515 3777 5593; baseline 0.006 -25"><span class='ocrx_word' id='word_1_838' title='bbox 2129 5515 2412 5593; x_wconf 63' lang='lat' dir='ltr'><strong>dignitate</strong></span> <span class='ocrx_word' id='word_1_839' title='bbox 2443 5515 2802 5593; x_wconf 68' lang='lat' dir='ltr'><strong>praecipuum</strong></span> <span class='ocrx_word' id='word_1_840' title='bbox 2833 5518 3017 5593; x_wconf 54' lang='lat' dir='ltr'><strong>circis</strong></span> <span class='ocrx_word' id='word_1_841' title='bbox 3057 5515 3540 5593; x_wconf 72' lang='grc' dir='ltr'>πρωτοπρὸεδρον,</span> <span class='ocrx_word' id='word_1_842' title='bbox 3574 5524 3639 5577; x_wconf 86' lang='lat' dir='ltr'><strong>ut</strong></span> <span class='ocrx_word' id='word_1_843' title='bbox 3667 5518 3777 5578; x_wconf 73' lang='lat' dir='ltr'><strong>ha-</strong></span> 
     </span>
    </p>
   </div>
   <div class='ocr_carea' id='block_1_118' title="bbox 2128 5586 3603 5660">
    <p class='ocr_par' dir='ltr' id='par_1_118' title="bbox 2128 5586 3603 5660">
     <span class='ocr_line' id='line_1_122' title="bbox 2128 5586 3603 5660; baseline 0.004 -18"><span class='ocrx_word' id='word_1_844' title='bbox 2128 5586 2227 5643; x_wconf 90' lang='lat' dir='ltr'><strong>bet</strong></span> <span class='ocrx_word' id='word_1_845' title='bbox 2257 5586 2633 5660; x_wconf 88' lang='lat' dir='ltr'><strong>Curopalates</strong></span> <span class='ocrx_word' id='word_1_846' title='bbox 2658 5592 2718 5645; x_wconf 89' lang='lat' dir='ltr'><strong>et</strong></span> <span class='ocrx_word' id='word_1_847' title='bbox 2744 5588 2848 5647; x_wconf 84' lang='lat' dir='ltr'><strong>Jus</strong></span> <span class='ocrx_word' id='word_1_848' title='bbox 2878 5588 2974 5646; x_wconf 90' lang='lat' dir='ltr'><strong>Gr.</strong></span> <span class='ocrx_word' id='word_1_849' title='bbox 3008 5586 3388 5649; x_wconf 82' lang='lat' dir='ltr'><strong>constituere.</strong></span> <span class='ocrx_word' id='word_1_850' title='bbox 3422 5586 3603 5649; x_wconf 53' lang='lat' dir='ltr'><strong>&#39;GoAa.</strong></span> 
     </span>
    </p>
   </div>
  </div>
