4004 6208
240 378 353 439 H3

1373 375 1920 441 HISTORIARUM
1967 378 2520 445 COMPENDIUM.

3534 385 3655 447 ιιι

232 510 329 578 τὴν
384 506 553 577 αὐτὴν
612 506 779 563 νύκτα
834 504 1011 578 πάσης
1064 504 1296 582 ὑποψίας
1356 506 1652 572 ἀπολυθεὶς
1706 506 1864 565 ἄπεισ

2003 514 2164 569 omni
2194 514 2482 572 liberatus
2514 515 2851 589 suspicione
2877 514 3188 588 Tzimisca,
3217 516 3402 589 'paulo
3433 522 3566 591 post
3594 518 3655 575 in

239 599 350 671 μετ’
378 596 578 674 ὀλίγων
609 597 637 651 6
671 594 931 673 βασιλεὺς
960 594 1039 659 εἲς
1067 598 1168 668 τὴν
1223 595 1479 672 Μεγάλην
1532 597 1883 672 Ἐκκλησίαν,

234 686 386 763 χερσὶ
415 691 516 741 τοῦ
546 683 892 763 πατριάρχου
925 681 1115 741 λαϐεῖν
1151 685 1494 761 βουλόμενος
1523 687 1585 741 τὸ
1618 685 1882 763 διάδημα.

233 780 330 834 Ὃν
383 776 614 840 ἐλθόντα
663 774 924 830 εἰσελθεῖν
970 776 1073 830 ούκ
1119 773 1290 830 εἴασεν
1333 777 1361 830 6
1390 773 1752 845 Πολύευκτος,
1807 779 1883 851 μή

237 867 378 937 ἄξιον
437 867 570 921 εἶναι
631 866 839 943 φήσσας
897 859 1151 933 ἐπιϐῆναι
1185 864 1331 919 θείου
1380 869 1511 920 ναοῦ
1568 871 1744 939 νεαρῷ
1793 866 1883 921 καὶ

237 955 511 1028 ἆτμίζοντι
564 952 643 1009 ἔτι
691 958 774 1027 τῷ
821 958 1120 1029 συγγενικῷ
1170 950 1362 1027 αἶ’ματι
1404 957 1736 1029 σταζομένας
1789 956 1882 1019 τὰς

236 1051 423 1120 χεῖρας
470 1040 690 1119 ἔχοντα,
742 1040 888 1098 ἀλλὰ
938 1047 1160 1098 σπεῦσαι
1208 1039 1342 1119 ἔργα
1388 1042 1673 1116 μετανοίας
1712 1042 1883 1099 ἐνδεί-

237 1135 437 1206 ξασθαι,
477 1133 570 1187 καὶ
600 1133 772 1193 οὕτως
803 1131 1039 1211 ἐφίεσθαι
1086 1136 1274 1187 πατεῖν
1321 1128 1518 1210 ἔδαφος
1567 1132 1726 1188 οἰκου
1775 1135 1882 1190 Κυ-

237 1223 371 1296 ρίου.
417 1224 532 1279 Τοῦ
582 1218 641 1276 δὲ
692 1220 946 1278 Ἰωάννου
1004 1221 1187 1291 ἠπίως
1243 1218 1532 1294 δεξαμένου
1575 1224 1674 1292 τήν
1718 1220 1883 1277 ἒπιτί-

237 1334 396 1385 μησίν
449 1312 541 1366 καὶ
595 1310 770 1365 πάντα
838 1310 1034 1386 πρᾶξαι
1099 1311 1215 1384 μετ’
1274 1309 1571 1374 εὐπειθείας
1629 1310 1882 1389 ἐπαγγει-

231 1400 511 1475 λαμένου,
560 1398 1034 1475 ἀπολογισαμὲνου
1090 1397 1137 1454 δ’
1194 1398 1278 1454 δτι
1324 1399 1412 1455 καὶ
1466 1399 1724 1477 αῦτόχειρ
1779 1402 1882 1457 οὐκ

227 1490 381 1551 αὐτὸς
409 1490 623 1565 ἐγένετο
652 1493 749 1543 τοῦ
778 1487 1122 1566 Νικηφόρου,
1162 1486 1291 1543 ἀλλ’
1341 1490 1368 1544 6
1399 1488 1701 1552 Βαλάντιος
1728 1491 1819 1545 καὶ
1851 1494 1878 1547 6

225 1574 739 1653 Ἀτζυποθεόδωρος
796 1576 1066 1653 ἐπιτροπῇ
1117 1584 1217 1648 τῆς
1272 1575 1563 1649 δεσποίνης
1594 1624 1608 1649 ,
1674 1580 1876 1651 ταύτην

227 1669 323 1741 μὲν
376 1669 405 1723 6
450 1665 807 1744 πατριάρχης
853 1667 1181 1743 προσέταττε
1229 1670 1338 1722 τῶν
1386 1666 1694 1742 ἀνακτόρων
1748 1690 1878 1726 κατ-

223 1758 514 1833 ενεχθῆναι
561 1756 654 1812 καὶ
697 1753 750 1811 ἓν
782 1777 890 1811 τινι
940 1757 1091 1829 νήσῳ
1136 1757 1572 1832 περιορισθῆναι,
1628 1756 1877 1833 ἰξοστρα-

222 1848 469 1916 πεισθῆναι
548 1842 608 1900 δὲ
676 1845 768 1899 γαὶ
825 1843 955 1909 τοὺς
1008 1848 1109 1899 τοῦ
1160 1844 1477 1924 Νικηφόρου
1527 1845 1873 1922 αὐτόχειρας,

225 1933 581 2012 διαρραγῆναι
615 1931 671 1989 δὶ
709 1934 801 1988 καὶ
855 1933 945 1988 τὸν
1002 1943 1172 2007 τόμον
1206 1935 1320 2008 (23)
1378 1932 1435 1988 ὅν
1496 1932 1581 1989 επὶ
1613 1935 1873 2011 συγχύσει

219 2032 327 2082 τῶν
382 2025 853 2095 ἒκκλησιαστικῶν
926 2020 1259 2100 πραγμάτων
1338 2023 1367 2079 6
1424 2023 1740 2102 Νικηφόρος
1798 2023 1875 2096 ἐξ·

212 2116 380 2173 ἕθετο.
440 2115 665 2179 Εὐθέως
723 2113 815 2168 οὗν
848 2114 877 2167 6
909 2111 1164 2183 Ἰωάννης
1204 2110 1440 2175 ἐκείνους
1471 2134 1529 2167 τε
1559 2112 1721 2184 ὲξῶσε
1766 2118 1869 2179 τῆς

209 2204 427 2267 πόλεως
474 2204 568 2259 καὶ
616 2204 716 2273 τὴν
768 2203 1023 2280 Θεοφανὼ
1067 2200 1124 2256 ἓν
1170 2204 1559 2278 Προικοννήσῳ
1590 2202 1863 2279 ἐξώρισεν.

208 2298 358 2358 Ἤτις
388 2295 597 2350 ὶκεῖθεν
630 2293 849 2369 ὕστερον
886 2291 1060 2369 λάθρα
1090 2296 1335 2369 φυγοῦσα
1381 2290 1470 2347 καὶ
1518 2291 1588 2367 τῇ
1639 2293 1865 2368 Μεγάλῃ

203 2386 601 2459 προσφυγοῦσα
646 2379 952 2453 Ἐκκλησία
981 2424 997 2453 ,
1057 2378 1147 2436 διὰ
1212 2384 1311 2436 τοῦ
1362 2383 1864 2456 παρακοιμωμένου

200 2472 500 2530 Βασιλείου
531 2466 865 2541 ἐκϐληθεῖσα
929 2468 981 2524 ἐν
1036 2474 1119 2543 τῷ
1175 2469 1369 2543 θᾶματι
1408 2475 1515 2525 τῶν
1576 2472 1863 2547 Ἀρμενια-

198 2564 305 2617 κῶν
347 2560 623 2637 ἐξωρίσθη
675 2559 750 2621 εἰς
781 2561 881 2630 τήν
927 2559 1074 2636 παρὰ
1127 2564 1224 2614 τοῦ
1286 2559 1556 2635 βασιλέως
1592 2581 1859 2637 νεουργη-

201 2656 376 2714 θεῖσαν
442 2651 619 2724 μονὴν
703 2650 803 2717 τὴν
854 2646 1092 2721 Δάμιδος
1124 2691 1138 2717 ,
1208 2644 1531 2724 ἐνυϐρίσασα
1588 2650 1857 2725 πρότερον

199 2740 272 2802 εἷς
322 2740 419 2795 τὸν
484 2737 713 2814 βασιλέα
741 2735 927 2793 πολλὰ
956 2738 1045 2792 καὶ
1077 2737 1152 2800 εἷς
1186 2739 1279 2793 τὸν
1306 2737 1605 2807 Βασίλειον,
1641 2738 1855 2810 Σκύθην

198 2830 283 2884 καὶ
337 2823 622 2905 βάρϐαρον
685 2823 1068 2882 ἁποκαλέσασα
1112 2826 1203 2882 καὶ
1260 2826 1396 2882 κατὰ
1449 2827 1655 2904 κόῤῥης
1708 2828 1855 2903 αύτῷ

198 2916 504 2980 κονδύλονς
554 2916 901 2994 ἐπιτρίψασα.
954 2915 1250 2993 Ἐξωρίσθη
1285 2915 1343 2972 δὲ
1374 2917 1466 2973 σὺν
1500 2917 1637 2993 αὐτῇ
1676 2919 1767 2973 καὶ
1816 2922 1851 2990 ἡ

1996 602 2276 677 Magnum
2308 605 2618 678 Templum
2653 622 2715 662 se
2747 607 3072 671 confert,ut
3102 622 3279 661 manu
3313 608 3652 678 patriarchas

1997 692 2269 750 diadema
2300 694 2412 751 sibi
2442 695 2805 768 imponatur.
2856 695 3075 752 Verum
3126 712 3260 751 eum
3307 696 3649 769 Polyeuctus

1997 799 2113 838 non
2144 784 2425 855 admittit,
2474 802 2590 841 non
2628 783 2805 841 licere
2853 785 3133 857 inquiens
3182 785 3403 858 templo
3450 786 3651 843 subire

1996 888 2129 928 eum
2164 874 2335 945 cujus
2384 891 2599 930 manus
2650 874 2842 930 adhuc
2893 876 3109 931 recenti
3160 877 3389 948 cognati
3442 891 3648 933 cruore

1994 961 2286 1018 stillarent
2316 968 2491 1035 atque
2523 964 2821 1020 fumarent
2849 985 2862 1034 ;
2896 982 3131 1038 operam
3163 966 3329 1021 daret
3356 965 3439 1021 uti
3464 966 3648 1037 paeni-

1993 1051 2188 1107 tentia:
2220 1052 2413 1108 ofﬁcia
2443 1057 2748 1126 praestaret
2774 1072 2786 1110 :
2811 1054 2893 1109 ita
2923 1055 3161 1110 demum
3194 1055 3550 1127 permissum
3576 1055 3650 1112 iri

1994 1145 2060 1196 ut
2088 1140 2279 1196 solum
2331 1142 2543 1197 domus
2596 1142 2689 1199 Dei
2739 1142 2936 1199 calcet.
2992 1144 3131 1198 Eam
3180 1143 3648 1214 objurgationem

1994 1229 2221 1302 placide
2245 1230 2355 1285 fert
2373 1230 3031 1303 Tzimisca,promittens
3062 1249 3123 1288 se
3152 1232 3350 1288 omnia
3366 1233 3647 1288 obedien-

1991 1322 2082 1373 ter
2113 1319 2425 1389 facturum,
2464 1337 2525 1375 se
2547 1337 2781 1393 quoque
2803 1336 3063 1393 purgans
3096 1325 3161 1377 ut
3192 1322 3288 1393 qui
3315 1338 3526 1377 manus
3547 1321 3647 1375 Ni-

1991 1407 2241 1480 cephoro
2290 1425 2407 1463 non
2451 1408 2775 1479 intulisset,
2826 1410 2897 1465 ab
2947 1409 3249 1466 Abalantio
3298 1414 3355 1465 et
3397 1411 3644 1482 Atzypo-

1989 1496 2267 1551 theodoro
2293 1497 2468 1568 jussu
2500 1499 2776 1571 Augusta:
2806 1499 3117 1554 trucidato.
3160 1498 3502 1554 Patriarcha
3530 1499 3641 1571 igi-

1988 1587 2088 1639 tur
2112 1584 2261 1640 hanc
2293 1585 2511 1658 palatio
2542 1586 2687 1657 exigi
2712 1588 2882 1659 jubet
2913 1591 2970 1643 et
3000 1588 3059 1642 in
3092 1587 3350 1660 aliquam
3379 1588 3638 1644 insulam

1989 1674 2322 1745 deportari;
2374 1675 2618 1747 relegari
2666 1676 2841 1731 etiam
2891 1675 3198 1747 Nicephori
3246 1693 3641 1749 percussores,

1988 1766 2045 1817 et
2076 1762 2376 1818 conscindi
2407 1763 2665 1820 libellum
2699 1765 2872 1820 edicti
2904 1765 3061 1838 quod
3093 1766 3165 1820 ad
3197 1766 3643 1823 confundendas

1987 1867 2079 1907 res
2109 1852 2559 1925 ecclesiasticas,
2593 1854 2957 1926 Nicephorus
2989 1855 3266 1911 ediderat.
3293 1856 3507 1911 Statim
3539 1856 3643 1929 igi-

1985 1946 2083 1996 tur
2133 1942 2419 1998 Tzimisca
2473 1959 2847 2015 percussores
2902 1944 3045 2000 istos
3091 1948 3346 2001 extorres
3392 1945 3530 2014 agit,
3582 1949 3641 2001 et

1982 2030 2473 2103 Theophanonem
2542 2034 2601 2088 in
2670 2034 3100 2090 Proconnesum
3169 2034 3408 2107 relegat.
3469 2035 3636 2092 Unde

1981 2124 2183 2191 postea
2211 2121 2436 2176 occulte
2467 2138 2599 2177 cum
2633 2123 2990 2195 profugisset
3018 2123 3080 2178 in
3130 2123 3406 2195 Magnum
3456 2126 3630 2179 Tem-

1976 2209 2162 2280 plum,
2197 2212 2501 2266 exturbata
2532 2228 2600 2267 eo
2633 2229 2666 2268 a
2686 2211 2902 2268 Basilio
2927 2211 3289 2268 oubiculario
3318 2210 3376 2266 in
3401 2214 3632 2284 provin-

1975 2298 2121 2353 ciam
2155 2300 2524 2356 Armenicam
2558 2308 2644 2355 est
2675 2302 2820 2357 88‘!
2881 2303 3204 2372 deportata,
3258 2301 3317 2356 in
3366 2302 3626 2359 Damidis

1974 2390 2396 2444 monasterium
2429 2404 2635 2444 recens
2666 2390 2737 2445 ab
2768 2389 3117 2461 imperatore
3149 2390 3627 2460 conditum,cum

1972 2477 2139 2550 prius
2170 2477 2227 2533 in
2260 2477 2678 2551 imperatorem
2711 2478 2898 2534 multa
2920 2479 3161 2550 jecisset
3204 2478 3456 2534 convitia
3482 2483 3539 2535 et
3566 2478 3628 2534 in

1972 2567 2277 2637 Basilium,
2310 2567 2404 2623 cui
2422 2567 2645 2637 Scythas
2672 2572 2731 2622 et
2754 2568 2987 2624 barbari
3020 2566 3258 2623 nomine
3279 2568 3628 2640 compellato

1970 2656 2144 2712 etiam
2182 2672 2408 2728 pugnos
2440 2657 2789 2729 ingesserat.
2823 2657 3006 2713 Mater
3026 2673 3261 2728 quoque
3308 2656 3625 2729 Theopha-

1969 2746 2142 2800 nonis
2172 2745 2230 2800 in
2263 2746 2625 2801 Mantineum
2658 2746 2847 2802 exsilii
2870 2763 3049 2802 causa
3076 2745 3257 2802 missa
3286 2764 3300 2813 ;
3333 2744 3625 2819 edictique

1966 2832 2200 2889 libellus
2231 2834 2494 2905 prolatus
2520 2839 2576 2889 et
2604 2834 2936 2908 discerptus
2967 2837 3076 2905 est,
3116 2834 3483 2907 pristinaque
3513 2835 3620 2890 Ec-

1964 2922 2153 2979 clesiae
2185 2922 2426 2979 libertas
2456 2925 2705 2981 reddita.

202 3009 403 3081 ταύτης
470 3010 655 3083 μήτηρ
709 3008 761 3062 ἐν
801 3009 1128 3082 Μαντινείῳ.
1184 3008 1460 3084 Ἐνεχθεὶς
1523 3006 1581 3084 δι
1624 3010 1651 3063 6
1702 3008 1874 3083 τόμος
1922 3009 2149 3089 ἐρῥάγη,
2205 3011 2295 3067 καὶ
2334 3016 2402 3078 τῆ
2461 3009 2764 3085 Ἐκκλησία
2793 3012 3057 3089 ἐχαρίσθη
3089 3014 3125 3083 ἡ
3174 3013 3414 3091 προτέρα
3456 3011 3611 3069 ἰλευ-

198 3110 285 3174 θερ
295 3098 371 3156 ia.

261 3189 349 3262 [Ρ.
404 3189 543 3259 565]
602 3189 807 3242 τοῦτων
863 3185 956 3242 οὖν
1012 3185 1392 3263 πραχθιντων,
1457 3185 1846 3262 ὑποσχομένου

2032 3190 2135 3245 His
2165 3189 2684 3263 actis,Polyeuctus
2706 3192 2925 3263 peccati
2947 3192 3220 3264 expiandi
3238 3192 3429 3266 gratia
3449 3192 3621 3265 polli-

193 3274 249 3331 δί
301 3281 403 3331 τοῦ
466 3274 721 3332 Ἰωάννου
770 3273 860 3329 καὶ
920 3274 997 3337 είς
1068 3273 1333 3349 ἐείλασμα
1389 3282 1489 3345 τῆς
1547 3273 1855 3353 ἁμαρτάδος

190 3367 382 3436 πίνησι
450 3362 730 3438 διανεῖμαι
786 3366 847 3433 ἣν
908 3362 1204 3419 ἰδιωτεύων
1263 3365 1379 3440 εἶχε
1433 3365 1768 3439 περιουσίαν,
1830 3367 1857 3421 6

190 3454 551 3516 Πολύευκτος
610 3453 883 3528 ἐπιτρέπει
943 3455 1044 3522 τὴν
1100 3450 1347 3521 εἴσοδον,
1415 3453 1506 3508 καὶ
1564 3454 1700 3509 κατὰ
1755 3455 1854 3523 τὴν

188 3544 380 3616 ἑορτὴν
411 3549 524 3611 τῆς
554 3547 796 3617 Χριστοῦ
845 3546 942 3597 τοῦ
974 3546 1108 3598 Θεοῦ
1151 3544 1186 3612 ἡ
1198 3546 1313 3614 μῶν
1346 3545 1649 3614 Γεννήσεως
1678 3540 1857 3597 εἷσελ⁹

196 3633 353 3696 θέντα
411 3636 615 3686 τοῦτον
661 3636 743 3703 τῷ
797 3638 900 3701 τῆς
958 3630 1237 3707 βασιλείας
1297 3628 1483 3687 ἆναδεῖ
1538 3629 1852 3705 διαδήματι.

188 3720 375 3779 Πολῦν
411 3719 482 3776 εὶ
537 3718 703 3775 σάλον
752 3721 843 3775 καὶ
883 3721 1130 3796 ταραχὴν
1165 3718 1405 3795 ἔχούσης
1433 3724 1535 3786 τῆς
1585 3720 1860 3796 βασιλείας

191 3808 241 3864 ἔν
297 3832 361 3866 τε
417 3814 501 3885 τῇ
528 3812 646 3882 Ἕῳ
674 3810 857 3883 καῖτῇ
916 3810 1150 3883 Ἐσπὲρᾳ
1208 3807 1283 3881 (αἵ
1334 3830 1394 3865 τε
1433 3810 1533 3886 γὰρ
1566 3808 1856 3888 ληφθεὶσαι

188 3899 325 3954 κατὰ
369 3901 483 3968 τὴν
543 3896 793 3954 Κιλικίαν
842 3898 933 3953 καὶ
990 3896 1250 3968 Φοινίκην
1299 3898 1391 3953 καὶ
1421 3896 1629 3967 Κοίλην
1664 3898 1861 3973 Συρίαν

198 3988 389 4053 πόλεις
437 3992 554 4043 τῶν
608 3988 948 4063 Ἀγαρηνῶν,
998 3988 1075 4059 μὴ
1132 3986 1360 4063 σχόντος
1404 3990 1501 4042 τοῦ
1538 3987 1859 4065 Νικηφόρου

191 4080 380 4154 καιρὸν
439 4078 511 4131 τὰ
559 4077 679 4132 κατ’
744 4076 912 4137 αὐτὰς
975 4073 1245 4140 διαθέσθαι
1300 4074 1485 4138 καλῶς
1544 4076 1635 4131 καὶ
1688 4076 1857 4155 ἄσφα-

190 4166 470 4232 λίσασθαι,
530 4167 671 4241 πρὸς
724 4165 1058 4221 ἀποστασίαν
1121 4159 1455 4229 ἀπέϐλεπον,
1514 4166 1603 4220 καὶ
1663 4167 1699 4234 ἠ
1748 4170 1855 4220 τῶν

1965 3278 2144 3336 citum
2178 3294 2242 3334 se
2272 3279 2554 3351 quidquid
2582 3279 2843 3352 privatus
2875 3281 3298 3352 possederat,in
3332 3284 3635 3355 pauperes

1964 3368 2377 3440 elargiturum,
2405 3369 2820 3440 imperatorem
2852 3370 2910 3424 in
2942 3369 3229 3441 templum
3262 3363 3544 3439 admittit,
3565 3360 3627 3428 et

1966 3457 2127 3513 feriis
2157 3457 2375 3514 Christi
2421 3457 2710 3513 natalitiis
2758 3458 3094 3529 ingressum
3143 3474 3233 3525 eo,
3292 3458 3623 3514 diademate

1966 3547 2342 3619 imperatorio
2376 3546 2628 3602 redimit.
2660 3547 2741 3602 Eo
2789 3552 3053 3618 tempore
3098 3550 3156 3601 et
3203 3546 3261 3601 in
3312 3546 3628 3603 Occidente

1966 3641 2023 3692 et
2072 3638 2127 3691 in
2182 3636 2414 3691 Oriente
2462 3652 2553 3690 res
2601 3636 2833 3708 imperii
2887 3635 3204 3691 admodum
3263 3635 3625 3691 conturbata)

1967 3725 2518 3780 ﬂuctuabant.Nam
2539 3730 2597 3779 et
2617 3725 2792 3780 urbes
2823 3725 3106 3797 Agarenis
3136 3724 3195 3779 in
3226 3723 3626 3792 Cilicia,th-

1968 3813 2120 3868 nicia
2149 3817 2205 3869 et
2235 3812 2545 3885 Coalesyria
2574 3818 2811 3885 ereptae,
2862 3813 3017 3883 quod
3065 3813 3391 3885 Nicephoro
3421 3830 3624 3870 earum

1968 3903 2514 3957 constituendarum
2548 3906 2722 3973 atque
2750 3902 3205 3958 muniendarum
3220 3902 3446 3958 occasio
3477 3920 3623 3975 prte-

1968 3996 2134 4062 repta
2189 3991 2318 4058 fuit,
2374 3991 2445 4045 ad
2505 3991 2891 4047 defectionem
2951 3992 3334 4063 spectabant;
3381 3992 3623 4049 Rossica

1968 4080 2276 4136 adversum
2311 4078 2592 4151 Bulgaros
2625 4096 2739 4135 non
2772 4083 2924 4135 recte
2946 4079 3270 4152 excogitata
3298 4080 3463 4151 prius
3487 4097 3623 4137 con-

1969 4168 2168 4224 citatio
2217 4184 2500 4239 magnum
2553 4169 2612 4222 in
2644 4168 2970 4239 periculum
2995 4184 3115 4224 rem
3146 4169 3465 4224 Romanam
3486 4185 3624 4226 con-

187 4256 325 4318 Ῥως
389 4254 617 4326 κίνησις
669 4254 732 4309 ού
790 4251 975 4315 καλῶς
1033 4253 1296 4330 πρότερον
1357 4252 1442 4308 ἐπὶ
1504 4252 1855 4329 Βουλγάρους

1977 4257 2204 4328 iiciebat
2231 4274 2244 4324 ;
2278 4262 2335 4311 et
2368 4256 2613 4328 penuria
2632 4257 2893 4329 quinque
2914 4258 3174 4330 integros
3194 4274 3379 4313 annos
3410 4274 3623 4330 pressa

195 4342 567 4415 μιλετηθεῖσα
614 4344 869 4418 μέγιστον
921 4340 1126 4397 ἐπὲσειε
1181 4346 1299 4404 τοῖς
1358 4341 1638 4418 πράγμασι
1684 4340 1859 4397 κίνδυ-

189 4455 276 4487 νον
329 4434 427 4488 καὶ
493 4432 668 4505 λιμὸς
723 4430 809 4486 ἰπὶ
860 4432 1018 4486 πέντε
1069 4429 1235 4494 ὅλους
1281 4428 1558 4493 ἐνιαυτοὺς
1589 4434 1688 4499 τήν
1720 4432 1856 4487 Ῥω-

1965 4347 2140 4402 urbes
2163 4346 2221 4400 in
2250 4348 2502 4401 summis
2519 4350 2686 4402 erant
2704 4347 3177 4402 difﬁcultatibus.
3200 4347 3281 4402 Ea
3303 4346 3623 4402 sollicitum

1964 4436 2245 4491 tenebant
2264 4435 2701 4506 imperatorem,
2721 4435 3294 4507 circumspicientem
3322 4435 3623 4508 quodnam

195 4522 369 4593 μαίων
449 4522 854 4595 ἰπινεμόμενος
918 4518 1127 4595 σφόδρα
1187 4518 1284 4581 τὰς
1366 4518 1557 4581 πόλεις
1636 4518 1852 4591 ἐπίεζε),

1977 4523 2146 4579 :antis
2175 4522 2348 4579 malis
2378 4523 2705 4579 remedium
2740 4524 3066 4589 adhiberet,
3099 4528 3156 4578 et
3197 4523 3621 4595 rempublicam

192 4608 544 4667 διεσκοπεῖτο
620 4611 709 4665 καὶ
809 4608 1076 4683 ὲμερίμνα
1169 4612 1288 4669 πῶς
1363 4607 1425 4663 ἂν
1500 4611 1567 4663 τὰ
1638 4614 1860 4663 τοιαῦτα

1977 4628 2142 4681 quam
2168 4628 2235 4667 ea
2265 4612 2631 4667 incutiebant
2660 4613 2953 4668 liberaret.
2985 4613 3127 4668 Cum
3182 4617 3376 4667 autem
3422 4611 3625 4668 Antio-

191 4691 553 4771 θεραπευθείη
613 4698 751 4754 κατὰ
813 4698 904 4752 καὶ
958 4698 1021 4752 τὸ
1081 4696 1132 4767 ἐξ
1186 4695 1359 4752 αὐτῶν
1427 4698 1855 4767 ἀποσκευασθείη

191 4786 569 4862 ἓλπιζὸμενον
638 4786 795 4850 δέος.
847 4786 991 4849 Τέως
1052 4783 1110 4842 δὲ
1159 4794 1259 4857 τῆς
1318 4787 1453 4861 πρὸς
1507 4791 1586 4858 τῷ
1636 4788 1859 4862 Ὀρόντη

190 4878 551 4953 Ἀντιοχείας
619 4874 970 4952 χηρευούσης
1026 4874 1352 4950 ἀρχιερέως,
1409 4874 1687 4950 Θεόδωρόν
1742 4897 1859 4931 τινα

190 4966 612 5042 προχειρίζεται
667 4965 912 5039 μοναχὸν
955 4970 1084 5019 πᾶσι
1148 4968 1407 5037 κομῶντα
1462 4969 1580 5026 τοῖς
1630 4964 1855 5039 ἀγαθοῖς

188 5056 273 5108 καὶ
363 5054 529 5124 αὐτῷ
615 5052 1052 5126 προθεσπίσαντα
1139 5053 1240 5122 τὴν
1336 5050 1630 5128 ἀτάῤῥησιν
1665 5094 1679 5121 ,
1766 5053 1856 5108 καὶ

189 5140 718 5220 παρεγγυησάμενον
768 5142 844 5214 μή
896 5139 1210 5196 ἐπισπεῦσαι
1266 5142 1339 5204 ὡς
1378 5145 1474 5196 τοῦ
1534 5146 1667 5197 Θεοῦ
1721 5140 1855 5214 μέλ-

189 5231 377 5294 λοντος
412 5230 582 5286 αὐτὸν
616 5230 693 5292 εἷς
748 5231 813 5284 τὸ
859 5237 959 5300 τῆς
1009 5230 1289 5307 βασιλείας
1330 5229 1467 5303 ὕψος
1512 5224 1855 5301 ἀναϐιϐάσαι,

190 5322 222 5391 ἢ
256 5323 366 5394 μὴν
394 5320 694 5398 γινώσκειν
726 5320 799 5381 ὡς
830 5319 879 5375 εἴ
903 5318 1197 5396 ὀλιγώρως
1240 5317 1501 5383 διατεθεὶς
1553 5319 1853 5395 ὲπιταχύνῃ

1968 4701 2100 4756 chia
2129 4701 2200 4755 ad
2234 4704 2509 4756 Orontem
2542 4702 2783 4756 ﬂuvium
2833 4702 2949 4757 sita
2994 4701 3334 4772 aliquandiu
3386 4717 3620 4756 summo

1968 4790 2241 4863 pontifice
2271 4789 2577 4856 caruisset,
2610 4791 2681 4845 ad
2713 4791 2770 4845 id
2804 4807 3024 4846 munus
3054 4790 3317 4862 provehit
3364 4790 3621 4860 impera-

1965 4885 2056 4934 tor
2084 4878 2454 4934 Theodorum
2487 4880 2804 4950 quemdam
2836 4880 2989 4936 382
3020 4879 3397 4947 monachum,
3430 4878 3622 4935 omni-

1965 4968 2076 5023 bus
2106 4968 2411 5023 ﬂorsutem
2444 4968 2655 5034 bonis;
2690 4968 2790 5039 qui
2822 4969 2873 5023 ei
2907 4969 3083 5023 etiam
3130 4968 3475 5039 praedixerat
3504 4967 3620 5022 im-

1967 5057 2127 5128 perio
2162 5056 2513 5128 potiturum,
2545 5056 2659 5112 Deo
2688 5057 2883 5127 ipsum
2907 5058 2978 5113 ad
3004 5056 3111 5112 hoc
3134 5056 3366 5111 culmen
3396 5056 3621 5112 elaturo

1966 5144 2356 5216 hortatusque
2373 5144 2564 5200 fuerat
2585 5161 2656 5201 ne
2674 5144 3101 5217 praecipitanter
3129 5149 3326 5217 ageret
3355 5165 3368 5213 ;
3402 5145 3623 5216 alioqui

1966 5232 2019 5287 si
2050 5235 2311 5289 monitus
2342 5250 2482 5289 suos
2512 5239 2838 5305 sperneret,
2863 5251 2982 5289 suae
3006 5234 3195 5306 ipsius
3223 5235 3356 5290 vita:
3388 5251 3449 5290 se
3472 5235 3622 5292 insi-

1966 5322 2195 5377 diatum
2227 5322 2410 5379 fuisse
2439 5323 2897 5379 intellecturum.
2930 5324 3321 5381 Contenderat
3349 5324 3525 5380 etiam
3549 5324 3622 5381 ab

1388 5503 1766 5562 XYLANDRI
1805 5504 1895 5560 ET
1930 5503 2147 5560 GOABl
2185 5504 2425 5560 NO’l'IE.

262 5648 379 5719 (23)
413 5647 627 5724 Exstat
652 5644 714 5702 in
743 5645 1361 5724 Jpris__Grascoromani
1392 5646 1687 5724 volumine
1715 5646 1756 5703 l.
1789 5664 1850 5720 II,
1884 5647 1944 5705 in
1977 5664 2114 5721 quo,
2147 5665 2274 5722 quae
2303 5650 2614 5724 Nicephori
2644 5649 2913 5708 Novellas
2943 5650 3206 5723 revulsit,
3257 5650 3455 5708 Basilii
3480 5650 3590 5706 Por

197 5717 581 5795 phyrogeniti
605 5718 864 5778 sanctior
892 5717 1128 5779 Novella
1156 5718 1556 5793 subjungitur.
1590 5720 1764 5777 Gem.
