4004 6208
338 338 453 425 iis
1687 331 2008 395 osoneu

2123 326 2399 389 BDRENI
2946 330 2951 333 ”
3636 333 3753 394 116

334 489 401 529 eo
432 474 497 529 ut
527 469 878 530 Manichmos
904 485 1008 543 per
1035 472 1224 527 totum
1258 469 1555 526 Orientem
1600 469 1901 539 serpentes
1935 467 1991 520 et

2123 460 2201 529 τὴν
2250 464 2349 529 τῆς
2416 455 2694 543 βασιλείας
2751 457 3105 535 κατάσχεσιν,
3162 468 3262 533 τῆς
3316 460 3507 519 ἑαυτοῦ
3562 444 3751 543 ψυχῆς

335 560 683 631 contagione
716 576 833 615 sum
860 542 1104 631 impurae
1136 557 1433 631 religionis
1482 555 1678 612 omnia
1727 571 1986 611 corrum-

2123 544 2399 610 ,πίϐουλος
2434 542 2601 602 ἔσται’
2635 549 2934 618 ἀξιώσαντα
2974 548 3031 604 δὲ
3071 551 3162 606 καὶ
3208 553 3335 616 τοὺς
3382 542 3751 631 Μανιχαίουςθ

336 655 541 723 pentes
575 650 633 705 in
664 649 1040 706 Occidentem
1065 648 1123 703 in
1155 648 1444 702 desertam
1490 646 1747 717 aliquam
1782 642 1991 699 solitu-

2123 638 2197 707 εὴν
2246 637 2416 709 Ἐῴαν
2463 643 2635 691 πᾶσαν
2682 637 3110 712 έπινεμομένους
3176 642 3265 696 καὶ
3312 641 3751 717 λυμαινομένους

341 739 538 795 dinem
572 740 941 810 deportaret;
974 737 1031 791 id
1084 738 1236 809 quod
1286 742 1482 807 postea
1532 734 1810 806 temporis
1858 732 1995 787 fecit

2208 724 2489 800 μεταδόσει
2544 733 2643 796 τῆς
2700 732 2939 802 μυσαρᾶς
2999 730 3176 785 αὐτῶν
3232 733 3552 807 θρησκείας,
3615 735 3753 809 πρὸς

341 829 911 900 imperator,eosque
934 825 1324 898 Pilippopolin
1347 842 1414 879 ex
1435 822 1670 880 Oriente
1693 821 1996 877 translulit

2123 817 2199 885 εήν
2234 816 2461 890 ἑσπέραν
2505 816 2783 871 ἀποικίσαι
2834 817 2921 872 καῗ
2977 816 3053 881 εἷ’ς
3111 841 3232 875 τινα
3258 820 3507 898 ἐσχατιάν
3558 821 3751 896 ἐγκατ-

342 918 692 990 Polyeuctus
724 920 853 987 post
901 915 1197 971 Tzimiscaa
1251 913 1717 985 designationem
1766 916 1993 968 tantum

2123 906 2303 961 ιικίσαι
2357 904 2689 981 πανέρημον,
2751 908 2781 962 ὅ
2828 908 2917 962 καὶ
2972 908 3294 982 πεποίηκεν,
3352 911 3594 987 ὕστερον,
3650 912 3757 967 ἀπ-

340 1008 586 1078 triginta
616 1006 873 1077 quinque
907 1005 1030 1059 dies
1052 1004 1215 1059 vixit.
1247 1007 1309 1059 In
1342 1004 1469 1074 ejus
1490 1003 1681 1057 locum
1713 1002 1995 1057 suffectus

2123 998 2405 1066 ιναστήσας
2438 995 2663 1058 τούτους
2693 996 2782 1051 καὶ
2828 1003 2897 1071 τῇ
2953 996 3399 1057 Φιλιππουπόλει
3448 1000 3757 1077 ίγκατοικίο

342 1095 598 1152 Basilius
633 1093 958 1150 monachus
990 1094 1483 1162 Scamandrenus,
1518 1094 1784 1165 perfectas
1814 1091 1996 1146 virtu-

2123 1107 2225 1156 τας,
2306 1085 2426 1139 Ἐπὶ
2504 1082 2551 1139 λ’
2611 1082 2668 1140 δὲ
2722 1086 2812 1141 καὶ
2877 1088 2913 1143 ε’
2974 1087 3141 1161 μόνας
3191 1088 3401 1164 ἡμέρας
3464 1092 3598 1163 μετὰ
3650 1091 3754 1159 τὴν

342 1186 421 1242 tis
448 1183 799 1240 testimoniis
831 1183 1047 1239 clarus.
1083 1184 1139 1238 Is
1171 1199 1307 1255 ergo
1339 1187 1462 1238 tum
1496 1198 1689 1237 rerum
1737 1180 1997 1237 civilium

2123 1174 2457 1250 ἰναγόρευσιν
2526 1175 2613 1230 καὶ
2692 1176 2720 1230 ὁ
2794 1175 3138 1239 Πολύευκτος
3196 1173 3443 1241 ἐπιϐιοὺς
3497 1179 3763 1235 κατέλυσε

345 1271 457 1328 fuit
487 1276 699 1327 status.

2123 1266 2207 1333 τήν
2238 1267 2405 1334 ζωήν.
2438 1264 2543 1319 Καὶ
2577 1264 2984 1341 προχειρίζεται
3041 1267 3149 1321 ἀντ’
3197 1266 3361 1323 αὐτοῦ
3410 1270 3763 1345 πατριάρχης

344 1357 628 1421 Βασίλειος
680 1360 924 1434 μοναχὸς
982 1360 1011 1416 ὁ
1060 1356 1509 1433 Σκαμανδρηνὸς,
1561 1357 1644 1412 ἐπ’
1693 1357 1887 1432 ἀρετῆς
1937 1348 2242 1425 τελειότητι
2306 1353 2774 1430 μαρτυρούμενος.
2822 1354 2921 1411 Καὶ
2970 1356 3037 1411 τὰ
3090 1357 3185 1430 μὲν
3238 1355 3499 1413 πολιτικὰ
3543 1358 3764 1434 έφέρετο

343 1444 500 1523 τῇδε.

423 1562 498 1614 At
516 1558 768 1631 Agareni
791 1558 1127 1630 ubicunque
1146 1561 1437 1614 terrarum
1452 1554 2004 1629 degentes,aliaaque

2181 1556 2257 1625 Τῇ
2304 1549 2507 1607 ἁλώσει
2563 1548 2619 1607 δὲ
2675 1558 2774 1622 τῆς
2835 1553 3179 1629 Ἀντιοχείας
3235 1555 3323 1610 καὶ
3385 1558 3492 1610 τῶν
3551 1558 3764 1611 Αοιπῶν

352 1647 625 1705 nationes
655 1648 920 1703 eamdem
952 1664 1087 1702 cum
1127 1647 1220 1703 his
1251 1646 1592 1720 religionem
1624 1645 1905 1715 colentes,
1937 1648 2004 1699 ut

2123 1639 2350 1708 πόλεων,
2428 1639 2488 1703 ἃς
2566 1638 2767 1705 ἄνωθεν
2838 1640 3365 1719 ἀπηριθμησάμεθα,
3446 1642 3759 1720 περιαλγεῖς

356 1736 630 1811 Egyptii,
664 1736 872 1804 Persae,
906 1736 1142 1803 Arabes,
1189 1736 1471 1804 Elamitas,
1510 1740 1567 1791 et
1613 1734 1713 1806 qui
1757 1733 2002 1790 Felicem

2123 1728 2391 1803 γεγονότες
2419 1730 2473 1784 οἱ
2499 1728 2817 1805 ἅπανταχοῦ
2846 1738 2951 1805 γῆς
3014 1728 3162 1794 ὅντες
3228 1732 3524 1809 Ἀγαρηνοὶ
3561 1734 3649 1788 καὶ
3710 1733 3781 1788 τὰ

360 1825 636 1881 Arabiam
667 1825 952 1898 incolunt,
983 1826 1304 1897 Sabasique,
1338 1823 1687 1897 gravissimo
1719 1823 1791 1880 ob
1824 1823 2003 1879 amis-

2123 1817 2284 1873 λοιπὰ
2330 1818 2456 1889 ἔθνη
2486 1820 2554 1873 τὰ
2610 1821 2710 1889 τήν
2741 1819 2934 1893 ὁμοίαν
2966 1818 3152 1885 αὐτοῖς
3180 1815 3407 1877 σέϐοντα
3455 1820 3771 1897 θρησκείαν,

359 1930 488 1981 sam
532 1913 904 1971 Antiochiam
955 1915 1329 1986 reliquasque
1378 1914 1575 1983 urbes,
1628 1929 1776 1985 quas
1824 1929 2006 1984 supra

2123 1906 2421 1983 Αἲγύπτιοι,
2483 1908 2705 1983 Πέρσαι,
2763 1902 3023 1981 “Αρα6ες,
3073 1908 3385 1983 Ἐλαμῖται,
3433 1910 3523 1965 καὶ
3581 1911 3634 1966 οἱ
3663 1912 3766 1979 τὴν

362 2002 653 2071 recensui,
686 2002 885 2059 dolore
916 2003 1165 2075 permoti
1196 2004 1382 2059 fmdus
1406 2003 1631 2069 iciunt;
1665 2001 2008 2073 magnisque

2123 1993 2437 2069 Εὐδαίμονα
2494 1995 2798 2072 λεγομένην
2859 1998 3132 2062 οἷκοῦντες
3187 1999 3277 2054 καὶ
3331 2000 3394 2055 τὸ
3426 1995 3597 2071 Σαόἆ,
3631 2021 3772 2073 συμ-

362 2092 627 2164 undique
648 2093 963 2149 contractis
983 2090 2008 2164 copiis,etCarthaginensibus,quod

2127 2087 2469 2163 φωνήσαντες
2518 2086 2609 2140 καὶ
2639 2086 2947 2161 ὁμαιχμίαν
2983 2086 3220 2161 θέμενοι,
3281 2086 3507 2162 δύναμιν
3566 2110 3776 2143 παντα-

365 2181 428 2236 hi
458 2180 596 2236 belli
624 2184 781 2237 terra
810 2181 1078 2253 marique
1117 2182 1359 2253 gerendi
1407 2184 1605 2236 essent
1655 2180 2016 2252 peritissimi,

370 2285 605 2326 summa
653 2270 735 2325 rei
783 2270 1125 2337 commissa,
1178 2272 1430 2326 Zochare
1477 2270 1848 2341 imperatore,
1892 2269 2018 2325 viro

370 2359 637 2430 apprime
688 2364 929 2417 strenuo
979 2364 1154 2432 atque
1210 2359 1510 2426 bellicoso,
1573 2375 1707 2413 cum
1760 2359 2016 2414 exercitu

369 2447 523 2505 383
555 2448 767 2503 100000
793 2448 944 2503 bello
975 2449 1314 2505 idoneorum
1346 2448 1602 2503 virorum
1636 2448 1695 2503 in
1728 2452 2018 2503 Romanos

371 2538 621 2604 ducunt,
654 2542 711 2592 et
738 2537 1105 2593 Antiochiam
1139 2554 1266 2608 quae
1300 2542 1390 2593 est
1418 2538 1488 2591 ad
1523 2537 1820 2608 Daphnem
1860 2536 2017 2591 obsi—

368 2625 541 2680 dione
571 2626 851 2697 cingunt;
887 2642 1061 2696 quam
1098 2626 1435 2681 diuturnam
1478 2626 1611 2680 fecit
1640 2626 2012 2681 obsessorum

369 2713 649 2770 fortitudo
681 2718 857 2787 atque
900 2714 1380 2787 magnanimitas.
1431 2716 1753 2786 Imperator
1801 2714 1898 2769 ubi
1948 2716 2018 2769 de

362 2803 749 2860 barbarorum
783 2803 1034 2858 coitione
1062 2809 1153 2858 est
1186 2803 1377 2859 factus
1419 2804 1648 2871 certior,
1681 2802 1837 2858 illico
1868 2820 2013 2874 prae-

359 2891 580 2948 fectum
614 2892 1044 2964 Mesopotamiae
1066 2892 1343 2965 colligere
1374 2892 1691 2949 exercitum
1723 2896 1779 2948 et
1809 2893 2014 2947 obses-

360 2980 444 3037 sis
474 2979 786 3036 subvenire
815 2981 1034 3052 scripto
1057 2981 1249 3052 jubet.
1285 2981 1700 3037 Simulducem
1725 2982 1827 3038 toti
1853 2998 2011 3037 exer-

358 3069 502 3126 citui
534 3070 921 3141 prmfuturum
948 3086 1080 3125 cum
1114 3070 1356 3143 reliquis
1387 3072 1569 3142 copiis
1603 3072 1783 3127 mittit
1830 3071 2011 3143 patri-

358 3158 515 3214 cium
548 3157 875 3225 Nicolaum,
906 3174 1092 3215 unum
1142 3174 1211 3215 ex
1258 3159 1483 3216 intimis
1527 3160 1651 3215 suis
1697 3160 2006 3217 eunuchis.

358 3246 414 3303 Is
446 3246 545 3303 ubi
575 3262 637 3302 se
681 3263 817 3302 cum
866 3248 993 3303 suis
1042 3249 1366 3319 conjunxit,
1420 3249 1721 3318 barbaros,
1771 3250 2006 3306 tametsi

2127 2175 2290 2249 χόθεν
2350 2175 2668 2250 ἠθροικότες
2727 2173 2975 2251 μεγάλην
3044 2178 3134 2231 καὶ
3197 2177 3543 2249 ἡγεμονεύειν
3604 2177 3783 2246 αὐτῆς

2126 2265 2373 2335 τάξαντες
2450 2262 2862 2339 Καρχηδονίους
2940 2269 3137 2342 Ζώχαρ
3213 2264 3439 2341 ἔχοντας
3512 2268 3779 2343 ἄρχοντα,

2127 2355 2420 2425 πρακτικὸν
2481 2352 2647 2425 ἄνδρα
2704 2354 2889 2409 καὶτᾶ
2920 2354 2997 2417 εἷς
3053 2355 3333 2429 πολέμους
3364 2354 3557 2428 δεινὸν,
3610 2356 3684 2419 ὡς
3713 2357 3777 2410 ἄν

2126 2438 2368 2518 ἀκριϐεῖς
2427 2442 2516 2496 καὶ
2598 2443 2963 2515 ἐπιστήμονας
3034 2448 3140 2498 τῶν
3217 2464 3276 2498 τε
3343 2445 3477 2498 κατὰ
3530 2451 3629 2518 γῆν
3686 2446 3779 2499 καὶ

2128 2530 2395 2587 θάλατταν
2444 2530 2617 2605 ίργων
2655 2574 2668 2599 ,
2746 2530 2969 2601 ἐξῆλθον
3040 2534 3177 2587 κατά
3235 2532 3522 2605 Ῥωμαίων
3582 2534 3668 2611 ὑφ’
3716 2532 3777 2588 ’έν

2124 2622 2219 2682 τὰς
2279 2620 2449 2682 πάσας
2508 2619 2895 2696 συναγαγόντες
2958 2618 3233 2694 δυνάμεις,
3267 2622 3341 2684 εἷς
3374 2622 3559 2677 ἑκατὸν
3611 2622 3780 2697 μαχί-

2130 2731 2244 2782 μων
2305 2707 2512 2783 ἀνδρῶν
2567 2706 2825 2785 χιλιὰδας
2898 2709 3297 2785 ἀριθμουμένας
3364 2714 3443 2783 [Ρ.
3506 2713 3633 2784 666]
3682 2711 3776 2765 καὶ

2122 2801 2221 2868 τὴν
2296 2798 2433 2854 κατά
2506 2800 2720 2875 Δάφνην
2780 2799 3121 2874 ’Λντιόχειαν
3180 2794 3578 2862 καταλαϐόντες
3638 2797 3776 2855 ἕπο-

2126 2888 2382 2960 λιόρκουν
2461 2885 2759 2961 ἐπιμελῶς.
2838 2892 3106 2951 Γενναίως
3181 2885 3239 2943 δὲ
3310 2892 3419 2943 τῶν
3469 2883 3620 2943 ἔνδον
3680 2889 3775 2944 καὶ

2124 2978 2379 3054 εὐψύχως
2438 2979 2537 3045 τὴν
2596 2975 2925 3052 πολιορκίαν
2986 2976 3362 3052 ὑφίσταμένων
3422 2977 3510 3031 ἐπὶ
3562 2979 3770 3053 μακρὸν

2122 3068 2426 3125 ἐπετείνετο
2473 3068 2507 3135 ἡ
2566 3064 2888 3140 πολιορκία.
2946 3065 3339 3142 Ἀγγελθείσης
3392 3064 3448 3121 δὶ
3503 3073 3604 3135 τῆς
3656 3070 3769 3121 τῶν

2121 3157 2286 3223 έθνῶν
2348 3154 2574 3211 συνόδου
2630 3160 2709 3228 τῷ
2767 3154 2982 3231 βασιλεῖ
3009 3156 3305 3231 γράμματα
3354 3155 3569 3230 ταχέως
3599 3153 3772 3227 έπέμ-

2118 3266 2286 3302 ποντο
2324 3246 2462 3320 πρὸς
2489 3246 2580 3299 τὸν
2609 3245 2907 3320 στρατηγὸν
2962 3242 3407 3317 Μεσοποταμίας,
3454 3245 3549 3306 τὰς
3598 3242 3773 3300 ἐκεῖσε

357 3351 559 3394 eorum
587 3336 881 3393 exercitus
908 3337 1002 3394 vix
1030 3338 1341 3394 minimam
1376 3344 1602 3411 partem
1636 3339 1763 3395 suis
1817 3339 2000 3411 cepiis

2123 3335 2409 3392 κελεύοντα
2475 3332 2731 3408 δυνάμεις
2807 3334 3054 3409 ἀθροῖσαι
3115 3333 3206 3389 καὶ
3285 3334 3555 3407 βοηθῆσαι
3621 3332 3770 3409 ταχὺ

357 3426 644 3496 ωςυιώιιῐ,
674 3425 889 3483 illustri
922 3427 1121 3501 praelio
1143 3428 1291 3485 fudit
1320 3446 1555 3501 unaque
1585 3445 1783 3502 pugna
1828 3429 2000 3485 dissi-

353 3514 529 3586 pavit,
554 3516 847 3588 urbesque
883 3517 1165 3573 Romanis
1205 3519 1475 3575 subditas
1506 3522 1667 3575 tutas
1699 3518 1997 3590 prazstitit.

2112 3430 2231 3487 τοῖς
2292 3421 2805 3499 πολιορκουμένοις·
2861 3417 3069 3496 ἔπεμψε
3117 3419 3174 3477 δὲ
3228 3424 3317 3477 καὶ
3375 3418 3614 3498 ἄρχοντα
3666 3427 3769 3478 τοῦ

2111 3512 2246 3569 ὅλου
2304 3516 2541 3587 στρατοῦ
2576 3511 2710 3586 μετά
2738 3510 2827 3567 καὶ
2859 3509 3136 3584 δυνάμεων
3178 3508 3363 3567 ἄλλων
3420 3512 3511 3566 τὸν
3569 3511 3773 3586 πατρί-

350 3620 466 3655 κιον
497 3599 790 3671 Νικόλαον,
849 3598 938 3657 ἕνα
968 3599 1097 3657 ὄντα
1142 3608 1248 3657 τῶν
1282 3604 1640 3677 ᾠκειωμένων
1674 3604 1821 3676 αὐτῷ
1853 3604 2146 3680 εὐνούχων,
2181 3600 2240 3664 ὅς
2268 3606 2385 3662 ταῖς
2416 3600 2637 3665 λοιπαῖς
2666 3600 2968 3677 προσμίξας
3004 3598 3280 3674 δυνάμεσι,
3302 3600 3395 3655 καὶ
3427 3599 3776 3674 συμπλακεὶς

351 3694 470 3751 τοῖς
506 3684 801 3764 βαρϐάροις
838 3691 1261 3765 μυριοπλασίοις
1290 3693 1461 3760 οὖσιν,
1498 3692 1755 3767 έτρέψατο
1787 3690 2058 3769 λαμπρῶς
2086 3692 2174 3747 καὶ
2210 3687 2486 3746 έσκέδασεν
2524 3690 2599 3745 ένὶ
2630 3690 2888 3765 πολέμῳ,
2918 3690 3009 3745 καὶ
3036 3690 3131 3752 τὰς
3164 3690 3265 3746 ὑπὸ
3310 3690 3617 3764 Ῥωμαίους
3665 3690 3766 3745 οὗ-

354 3797 448 3840 σας
478 3775 670 3842 πόλεις
701 3777 754 3833 έν
786 3783 863 3851 τῷ
894 3778 1127 3857 ἀσφαλεῖ
1154 3782 1537 3852 κατεστήσατο.

420 3886 704 3940 Cmterum
738 3886 1104 3953 Bossis,cum
1130 3889 1169 3943 ii
1192 3888 1520 3960 Bulgariam
1542 3906 1657 3960 quo
1691 3889 2002 3946 retulimus

352 3972 527 4028 modo
558 3973 951 4046 subegissent,
985 3977 1176 4049 captis
1207 3978 1385 4033 etiam
1418 3978 1648 4034 duobus
1680 3979 1833 4035 Petri
1868 3978 2003 4035 ﬁliis

354 4060 556 4119 Borisa
583 4066 641 4118 et
664 4063 950 4132 Romano,
981 4067 1224 4121 domum
1256 4068 1463 4122 reverti
1485 4084 1859 4140 nequaquam
1885 4069 2002 4140 pla-

354 4149 477 4205 cuit
504 4166 518 4206 :
552 4152 651 4207 sed
675 4152 937 4210 locorum
960 4155 1432 4212 commoditatem
1458 4157 2001 4229 admirati,longum

354 4238 483 4295 vale
495 4240 756 4298 dicentes
779 4244 964 4311 pactis
981 4260 1114 4300 cum
1128 4245 1451 4317 Nicephoro
1466 4245 1818 4317 imperatore
1841 4247 2001 4304 initis

352 4326 435 4384 ibi
467 4332 812 4387 commorari
846 4332 1246 4406 ditionemque
1275 4334 1443 4390 istam
1465 4333 1761 4406 possidere
1782 4339 2000 4391 statue-

352 4422 511 4474 runt.
545 4419 705 4475 Hanc
735 4436 939 4477 eorum
970 4424 1323 4479 sententiam
1357 4424 1543 4496 magis
1574 4424 1751 4480 etiam
1784 4427 2000 4481 conﬁr-

2181 3890 2269 3958 Τῷ
2323 3883 2456 3941 ἔθνει
2509 3882 2569 3940 δέ
2641 3888 2751 3940 τῶν
2803 3883 2937 3949 Ῥὼς
2990 3885 3050 3941 δν
3120 3882 3344 3958 εἷ’πομεν
3400 3884 3601 3959 τρόπον
3658 3886 3766 3955 τήν

2112 3973 2453 4050 Βουλγαρίαν
2530 3974 2942 4050 χειρωσαμένῳ,
3030 3972 3401 4048 δοριαλώτους
3476 3972 3533 4029 δὶ
3593 3995 3766 4030 κατα-

2112 4064 2301 4139 σχόντι
2353 4063 2445 4117 καὶ
2474 4063 2601 4125 τοὺς
2652 4060 2748 4118 δύο
2797 4063 2949 4127 υἱοὺς
2988 4068 3086 4119 τοῦ
3134 4064 3340 4138 Πέτρου
3382 4065 3616 4139 Βορίσην
3667 4064 3765 4120 καὶ

2110 4151 2420 4225 Ῥωμανὸν,
2476 4151 2657 4207 οὐκέτι
2714 4152 2782 4221 ἦν
2846 4150 3117 4227 βουλητὸν
3177 4154 3212 4222 ἡ
3272 4150 3356 4207 ἐπ’
3411 4151 3564 4207 οἷ’κου
3623 4153 3766 4208 ὑπο-

2109 4243 2340 4319 στροφὴ,
2373 4239 2521 4296 ἀλλὰ
2572 4242 2672 4310 τήν
2730 4246 2827 4296 τοῦ
2872 4240 3044 4296 τόπου
3097 4241 3463 4314 θαυμάσαντες
3515 4239 3763 4319 εὐφυΐαν,

2114 4331 2293 4405 μακρὰ
2348 4332 2561 4407 χαίρειν
2634 4329 2874 4393 εἰπόντες
2930 4334 3050 4393 ταῖς
3109 4332 3243 4407 πρὸς
3295 4330 3605 4409 Νικηφόρον
3662 4331 3763 4386 τὸν

2113 4418 2337 4495 βασιλέα
2385 4418 2702 4495 γενομέναις
2761 4419 3096 4489 συνθήκαις,
3160 4420 3435 4497 συμφέρον
3504 4419 3761 4493 ἐνόμισαν

354 4506 534 4563 mavit
592 4508 923 4582 Calocyrus,
983 4512 1104 4581 qui,
1155 4513 1205 4568 si
1271 4513 1343 4568 ab
1392 4512 1537 4584 ipsis
1602 4513 1997 4569 Romanorum

2123 4509 2292 4570 ιύτοῖς
2356 4514 2536 4581 μεῖναι
2592 4506 2725 4562 κάτά
2781 4508 2970 4583 χώραν
3022 4507 3111 4562 καὶ
3158 4515 3260 4578 τῆς
3315 4514 3419 4583 γῆς
3465 4507 3758 4582 κυριεύειν.

351 4595 762 4668 designaretur
808 4598 1146 4671 imperator,
1215 4601 1489 4673 Bulgaria
1536 4601 1621 4659 eis
1667 4618 1997 4671 cessurum,

2125 4604 2298 4672 Ενῆγε
2355 4596 2413 4652 δὲ
2459 4597 2596 4671 πρὸς
2640 4600 2803 4652 τοῦτο
2850 4594 3015 4652 πλέον
3075 4596 3272 4659 αὐσοὺς
3329 4597 3419 4651 καὶ
3480 4599 3508 4653 ὁ
3568 4595 3763 4653 Καλό-

352 4684 544 4741 fmdus
576 4696 924 4758 perpetuum
980 4689 1260 4755 ictorum,
1304 4692 1587 4746 tributum
1641 4692 1795 4749 584
1852 4694 1998 4765 ipsis

2123 4708 2288 4761 ιυρος,
2323 4686 2519 4763 λέγων,
2552 4685 2634 4741 ὅτι
2668 4686 2713 4741 εἷ
2743 4687 2870 4762 παρ’
2902 4686 3077 4741 αὐτῶν
3113 4686 3445 4762 ἀναγορευθῇ
3492 4684 3759 4762 βασιλεὺς

349 4772 711 4845 promissum
748 4776 1295 4849 multiplicaturum,
1329 4780 1634 4852 sociosque
1672 4785 1729 4836 et
1775 4782 1997 4837 amicos

2125 4774 2394 4851 Ρωμαίων
2428 4819 2442 4845 ,
2512 4775 2669 4838 αὐτὸς
2740 4777 2839 4847 τῆς
2910 4795 2969 4830 τε
3044 4773 3379 4852 Βουλγαρίας
3436 4774 3755 4847 έκστήσεται

348 4877 450 4918 eos
481 4878 583 4934 per
612 4880 848 4921 omnem
880 4865 1060 4922 vitam
1088 4867 1425 4924 habiturum
1468 4868 1866 4940 pollicebatur.
1902 4871 2003 4928 His

2123 4868 2198 4921 ml
2254 4863 2487 4928 σπονδάς
2517 4867 2735 4935 ποιήσει
2766 4862 3055 4933 διηνεκεῖς,
3092 4863 3181 4919 καὶ
3223 4864 3319 4928 τὰς
3370 4867 3759 4941 συμφωνηθεί-

350 4949 518 5007 Bessi
546 4952 789 5010 vocibus
821 4953 1033 5025 inﬂati,
1065 4960 1121 5011 et
1174 4956 1505 5029 Bulgariam
1551 4962 1615 5013 ut
1658 4958 1809 5014 bello
1859 4976 1892 5015 a
1940 4977 2001 5016 se

2123 4977 2206 5018 τας
2256 4952 2481 5025 δοθῆναι
2558 4951 2736 5016 δόσεις
2782 4953 2969 5015 αὐτοῖς
3017 4956 3229 5030 παρέξει
3286 4953 3757 5027 πολλαπλασίως,

353 5039 659 5097 subactam
690 5041 806 5097 sibi
820 5043 1347 5114 vindicaverunt,et
1367 5045 1590 5118 legatos
1608 5048 1997 5118 imperatoris,

2123 5046 2199 5099 ιαὶ
2258 5044 2588 5119 συμμάχους
2654 5040 2757 5113 ἔξει
2832 5043 2922 5096 καὶ
2975 5039 3171 5119 φίλους
3223 5042 3417 5105 αὐτοὺς
3470 5040 3558 5099 διὰ
3610 5044 3757 5118 βίου.

354 5128 555 5185 omnia
584 5130 671 5187 eis
691 5147 724 5187 ιι
739 5132 1065 5205 Nicephoro
1088 5138 1253 5205 pacta
1274 5151 1336 5190 se
1358 5134 1792 5206 persoluturum
1825 5136 1998 5208 polli-

2123 5134 2313 5187 ὶῖστισι
2370 5132 2574 5209 ῥήμασι
2632 5132 3005 5207 χαυνωθέντες
3060 5132 3112 5185 οἱ
3171 5132 3306 5195 Ῥὼς
3352 5139 3451 5203 τῆς
3481 5152 3540 5189 τε
3574 5130 3761 5190 Βουλ-

354 5217 561 5287 contis,
592 5218 908 5279 barbarica;
938 5223 1281 5296 arrogantiae
1312 5223 1503 5295 plenis
1523 5226 1824 5297 responsis
1846 5227 1998 5281 datis

2123 5222 2291 5295 (αρίας
2346 5223 2421 5285 ὡς
2482 5220 2805 5296 δορικτήτου
2865 5221 3246 5276 ἀντεποιοῦντο
3304 5224 3604 5295 κτήματος,
3662 5222 3761 5277 καὶ

352 5306 953 5377 rejecerunt.Proinde
980 5312 1299 5384 imperator
1314 5312 1493 5369 armis
1516 5329 1641 5369 eam
1664 5329 1786 5369 rem
1809 5314 1995 5369 disce-

2123 5305 2665 5385 Ξιαπρεσϐευσάμενον
2730 5310 2822 5364 τὸν
2903 5306 3130 5384 βασιλέα
3212 5310 3303 5365 καὶ
3374 5308 3757 5385 ὑποσχόμενον

349 5399 511 5465 ptsre
536 5403 793 5468 coactus,
827 5402 1027 5459 missis
1059 5402 1271 5457 litteris
1302 5402 1564 5458 celeriter
1601 5404 1889 5459 exercitus
1924 5406 1993 5459 ab

2123 5399 2431 5455 ιπιτελέσειν
2494 5399 2697 5453 ἅπαντα
2749 5400 2817 5454 τὰ
2871 5403 2952 5470 τῷ
3018 5399 3323 5476 Νικηφόρῳ
3374 5397 3761 5473 ἐπηγγελμένα

344 5483 578 5543 Oriente
610 5487 667 5543 in
698 5489 1070 5548 Occidentem
1095 5491 1392 5559 transfert,
1418 5491 1618 5563 eisque
1646 5494 1852 5547 ducem
1877 5509 1908 5548 a
1932 5509 1993 5548 se

2123 5486 2164 5543 ιύ
2243 5484 2635 5563 προσεδέξαντο
2672 5533 2687 5559 ,
2770 5486 3085 5563 ἀποκρίσεις
3155 5485 3337 5549 δόντες
3415 5481 3759 5563 βαρϐαρικῆς

342 5573 712 5633 nominatum
730 5579 1229 5652 praaﬂoitBardam
1244 5579 1992 5653 magistrum,cognomento

2123 5575 2541 5652 πεπληρωμένας
2600 5576 2937 5647 ἀλαζονείας,
2987 5577 3062 5639 ὡς
3111 5575 3508 5650 ἀναγκασθῆναι
3556 5578 3754 5631 τοῦτον

340 5660 692 5735 Sclerum,id
716 5671 806 5724 est
822 5669 1238 5741 Durum,cujus
1259 5685 1519 5726 sororem
1540 5669 1783 5728 Mariam
1805 5670 1990 5743 priva-

2123 5666 2187 5722 ἰιὰ
2218 5668 2405 5744 μάχης
2434 5674 2614 5745 κρῖναι
2663 5667 2729 5723 τά
2772 5666 3090 5745 πράγματα.
3143 5663 3462 5742 Γράμμασιν
3507 5664 3598 5721 οὗν
3660 5661 3749 5720 έν-
