4026 6210
235 370 345 431 117

1371 362 1916 429 BISTORIARUM
1961 364 2511 430 COMPENDIUM.

3527 371 3665 435 “8‘

238 502 401 577 ὀλίγῳ
451 502 551 562 τὰς
615 500 785 572 Ἐᾤας
837 496 1091 571 δυνάμεις
1137 497 1274 573 πρὸς
1328 499 1428 568 τὴν
1461 497 1720 573 Ἑσπέραν
1754 494 1869 552 δια-

1988 504 2087 557 tus
2118 501 2311 558 adhuc
2342 503 2603 575 legitimo
2636 504 2747 561 sibi
2802 506 3172 562 matrimonio
3226 509 3645 584 conjunxerat;

237 586 475 658 ϐιϐάσας,
523 588 768 666 ἄρχοντά
812 608 872 643 τε
920 587 1109 649 αὐταῖς
1164 585 1461 658 ἐπιστήσας
1518 585 1575 641 δν
1632 586 1881 661 ὠνόμασε

234 679 605 755 στρατηλάτην
656 675 868 752 Βάρδαν
937 676 1228 751 μάγιστρον
1305 678 1398 731 τὸν
1470 676 1757 752 Σκληρὸν,
1818 675 1880 731 οὗ

236 772 326 839 τὴν
403 767 647 847 ἀδελφὴν
726 768 935 843 Μαρίαν
1026 766 1265 839 νόμιμον
1342 766 1579 843 ἠγάγετο
1637 767 1875 842 γαμετὴν

241 857 527 914 ἰδιωτεύων
589 860 618 914 6
677 854 955 933 βασιλεὺς,
1015 854 1245 929 ἔμελλεν
1304 854 1461 933 ἐαρος
1523 855 1878 933 ἐφισταμένου

231 948 312 1003 καὶ
366 948 534 1009 αὐτὸς
583 947 929 1021 ἐξορμῆσαι.
992 946 1058 1003 Οἱ
1124 945 1258 1007 Ῥὼς
1314 943 1371 1000 δὲ
1438 945 1529 999 καὶ
1585 948 1612 999 6
1669 944 1876 999 τούτων

234 1038 466 1112 ἀρχηγὸς
501 1037 530 1091 6
564 1030 1037 1114 Σφενδοσθλάϐος,
1075 1036 1173 1103 τήν
1224 1033 1320 1089 τοῦ
1369 1033 1684 1107 Ῥωμαϊκοῦ
1716 1054 1876 1108 στρα-

232 1128 488 1197 τεύματος
539 1127 615 1189 ὡς
666 1124 929 1188 ἐπύθοντο
978 1123 1297 1197 περαίωσιν,
1346 1126 1876 1199 κοινοπραγήσαντες

234 1214 664 1287 δεδουλωμένοις
701 1212 811 1285 ἤδη
854 1218 972 1275 τοῖς
1024 1212 1384 1289 Βουλγάροις,
1446 1210 1877 1289 προσειληφότες

232 1303 283 1360 δὲ
338 1306 427 1359 καὶ
498 1305 830 1379 συμμάχους
889 1301 1018 1357 τούς
1074 1322 1134 1357 τε
1193 1302 1526 1370 Πατζινάκας
1587 1302 1677 1355 καὶ
1747 1300 1875 1363 τους

230 1395 355 1469 πρὸς
414 1392 566 1448 δύσιν
638 1392 688 1447 ἐν
755 1396 1021 1462 Παννονίᾳ
1074 1390 1514 1463 κατῳκισμένους
1574 1389 1874 1464 Τούρκους,

227 1492 308 1547 καὶ
365 1489 448 1546 διὶ
496 1491 712 1546 πάντων
772 1491 997 1564 στρατὸν
1056 1487 1401 1563 πολεμιστὴν
1444 1484 1763 1563 ἠθροικότες
1820 1487 1873 1551 ἐς

228 1580 673 1656 όκτακῖσχιλίους
701 1579 785 1634 ἐπὶ
819 1578 1108 1653 τριάκοντα
1170 1586 1391 1654 μυριάσι
1440 1577 1873 1655 κορυφούμενον,

228 1671 307 1724 καὶ
365 1672 462 1725 τὸν
522 1672 698 1742 Αἷμον
756 1664 1039 1730 διαϐάντες
1070 1715 1083 1739 ,
1141 1674 1312 1722 πᾶσαν
1372 1664 1715 1743 ἐπυρπόλουν
1774 1670 1875 1737 τήν

230 1759 437 1834 Θρᾴκην
490 1759 583 1814 καὶ
617 1757 926 1830 ἐληΐζοντο,
958 1758 1261 1831 πηξάμενοι
1302 1751 1665 1832 παρεμϐολὴν
1700 1758 1874 1833 ἀγχοῦ

226 1868 325 1901 που
396 1853 510 1903 τῶν
578 1852 780 1923 τειχῶν
859 1844 1391 1923 Ἀρκαδιουπόλεως,
1472 1846 1688 1901 κάκεῖσε
1768 1848 1869 1915 τήν

224 1935 547 2009 συμπλοκὴν
626 1934 981 2013 ἐκδεχόμενοι
1050 1941 1147 1991 τοῦ
1224 1934 1475 2010 πολέμου
1535 1938 1748 2009 [Ρ.667]
1805 1936 1865 1992 Ὁ

224 2024 277 2080 δὶ
332 2028 634 2101 μάγιστρος
691 2023 896 2100 Βάρδας
955 2026 983 2079 6
1040 2024 1293 2097 Σκληρὸς
1353 2025 1427 2087 ὡς
1490 2021 1685 2099 ᾔσθετο
1732 2024 1868 2079 κατᾶ

221 2114 356 2169 πολὺ
409 2120 494 2187 τῷ
551 2114 754 2185 πλήθει
814 2112 1141 2189 λειπόμενος
1195 2114 1527 2191 (περιίστατο
1576 2115 1676 2189 γὰρ
1722 2113 1868 2185 αὐτῷ

220 2209 354 2259 πᾶσα
399 2208 435 2274 ἡ
471 2204 700 2280 στρατιᾶ
729 2203 804 2266 εἷς
839 2206 910 2280 ιβ’
936 2202 1245 2281 χιλιάδας),
1306 2209 1691 2281 στρατηγικαῖς
1727 2199 1867 2279 ἔγνω

220 2293 438 2357 ἀπάταις
497 2293 629 2355 τοὺς
701 2293 972 2356 ἐναντίους
1043 2292 1349 2371 περιελθεῖν
1408 2294 1499 2348 καὶ
1552 2294 1723 2369 τέχνῃ
1777 2292 1868 2347 καὶ

226 2382 439 2459 μηχανῇ
495 2383 568 2438 τὰ
620 2386 855 2438 τοσαῦτα
902 2383 1326 2461 κατεργάσασθαι
1374 2380 1566 2454 πλήθη
1596 2423 1607 2438 .
1677 2385 1741 2436 Ὀ
1800 2379 1867 2451 δὴ

221 2472 303 2527 καὶ
356 2470 573 2547 γέγονε.
637 2470 967 2547 Συγκλείσας
1015 2474 1117 2548 γὰρ
1174 2473 1360 2527 ἑαυτὸν
1394 2471 1486 2526 σὺν
1545 2475 1614 2545 τῇ
1647 2471 1872 2547 στρατίᾷ

223 2560 343 2616 εἴσω
370 2565 607 2638 τειχῶν,
667 2558 859 2616 πολλὰ
912 2560 1373 2640 προκαλουμένων
1430 2565 1540 2615 τῶν
1581 2558 1866 2634 πολεμίων

222 2648 447 2723 ἐξελθεῖν
511 2650 608 2705 καὶ
681 2652 803 2727 περὶ
880 2655 988 2707 τῶν
1042 2649 1184 2705 ὅλων
1245 2648 1703 2725 διαγωνίσασθαι,
1763 2649 1871 2723 οὔχ

225 2741 551 2811 ὑπήκουσεν,
610 2740 738 2795 ἀλλ’
796 2739 1067 2816 ἐκαρτέρει
1117 2740 1192 2802 ὡς
1218 2739 1363 2816 τάχα
1418 2736 1713 2806 δειλιάσας,
1750 2736 1871 2813 βλέ-

220 2848 324 2883 πων
355 2829 487 2891 τοὺς
554 2829 890 2893 ἂντιπάλους
946 2830 1013 2884 τὰ
1064 2828 1453 2905 παρατυχόντα
1507 2829 1767 2901 φέροντάς
1811 2848 1871 2883 τε

218 2920 301 2970 mi
351 2919 612 2993 ἄγοντας.
667 2922 845 2976 Τοῦτο
877 2916 934 2973 δὶ
969 2920 1031 2974 τὸ
1079 2916 1360 2995 βούλευμα
1406 2916 1647 2993 μεγάλην
1701 2939 1869 2973 κατα-

223 3008 474 3083 φρόνησιν
530 3006 819 3078 ἐνεποίησε
881 3013 997 3071 τοῖς
1050 3003 1368 3084 βαρϐάροις·
1430 3006 1705 3079 οἲηθέντες
1764 3008 1868 3083 γὰρ

232 3096 299 3157 ὡς
382 3102 508 3159 ταῖς
572 3096 853 3168 ἀληθείαις
911 3094 1057 3169 ειλίᾳ
1112 3095 1477 3172 συνεχόμενος
1531 3097 1558 3151 ὁ
1618 3095 1872 3172 Σκληρὸς

223 3184 622 3260 συγκεκλεικὼς
672 3184 791 3261 ἕχει
872 3186 1088 3261 τείχους
1170 3180 1323 3241 ἔνδον
1388 3187 1483 3248 τὰς
1558 3186 1869 3259 Ῥωμαϊκὰς

218 3274 515 3350 φάλαγγας,
576 3274 874 3345 ἐπεξελθεῖν
938 3276 1013 3347 μὴ
1070 3272 1319 3348 τολμῶν,
1380 3271 1551 3337 ἀδεως
1604 3296 1662 3329 τε
1718 3274 1867 3329 ἐσκε·

212 3358 465 3419 ϐάννυντο
542 3366 635 3419 καὶ
712 3363 937 3437 ἀμελῶς
1012 3361 1532 3441 ἐστρατοπεδεύοντο
1600 3365 1690 3418 καὶ
1768 3371 1867 3433 τῆς

213 3462 527 3535 πρεπούσης
585 3459 833 3534 ἠμέλουν
865 3461 1135 3540 φυλακῆς,
1176 3463 1366 3524 πότοις
1415 3462 1503 3516 καὶ
1540 3463 1725 3534 μέθαις
1776 3464 1865 3517 καὶ

224 3549 406 3612 αὐλοῖς
486 3551 587 3605 καὶ
663 3547 971 3624 κυμϐάλοις
1027 3553 1115 3607 καὶ
1183 3552 1452 3626 ἀρχήσεσι
1517 3547 1870 3627 βαρϐαρικαῖς

214 3636 719 3712 διανυκτερεύοντες
790 3641 880 3695 καὶ
944 3638 1175 3712 μηδενὸς
1223 3644 1331 3695 τῶν
1392 3637 1620 3694 δεόντων
1678 3640 1868 3714 ἐπιμε-

217 3728 459 3801 λόμενοι.
553 3734 754 3802 Καιροῦ
834 3731 1015 3785 τοίνυν
1096 3727 1409 3800 ἐπιτηδείου
1490 3725 1793 3802 λαϐόμενος
1841 3732 1868 3784 6

215 3816 441 3891 Βάρδας,
499 3818 597 3873 καὶ
657 3818 806 3880 ὅπως
866 3818 1116 3890 ἐπίθηται
1157 3824 1276 3880 τοῖς
1330 3818 1551 3894 ἐχθροῖς
1608 3820 1663 3873 εὗ
1724 3818 1870 3891 μάλα

219 3904 611 3978 διασκοπήσας,
668 3907 756 3962 καὶ
794 3908 1134 3981 τὴνήμέραν
1172 3908 1260 3963 καὶ
1311 3909 1412 3976 τὴν
1466 3902 1611 3979 ὥραν
1664 3908 1865 3982 ὁρίσας,

213 3992 410 4070 λόχους
471 3996 574 4051 καὶ
627 3994 847 4071 ἐνέδρας
901 3998 1092 4059 νυκτὸς
1124 3996 1213 4051 ἐπί
1253 4018 1417 4052 τινων
1479 3996 1869 4071 εὐκαιροτάτων

214 4086 432 4157 χωρίων
494 4086 847 4158 στησάμενος
907 4087 1160 4157 Ἰωάννην
1218 4083 1503 4161 πατρίκιον
1560 4086 1654 4141 τὸν
1707 4084 1869 4142 Ἀλα-

216 4173 370 4226 udi:
431 4174 580 4245 μετά
633 4194 775 4234 τινος
825 4172 1016 4249 ὀλίγης
1068 4172 1348 4247 δυνάμεως
1394 4172 1683 4248 ἐκπέμπει,
1732 4195 1868 4249 προ-

210 4261 422 4336 τρέχειν
475 4259 745 4325 κελεύσας
799 4264 890 4318 καὶ
940 4260 1250 4318 διασκοπεῖν
1303 4263 1432 4325 τοὺς
1494 4262 1726 4339 ἐχθροὺς
1778 4263 1867 4317 καὶ

218 4350 349 4421 θαμά
382 4351 532 4426 πρὸς
567 4349 731 4404 αὐτὸν
793 4350 1016 4423 μηνύειν
1061 4350 1151 4405 καὶ
1218 4353 1327 4422 δπη
1384 4353 1628 4427 πάρεισιν
1686 4348 1869 4407 ἀναδι-

220 4434 447 4510 δάσκειν,
508 4439 821 4513 ἐπισκήψας
854 4439 911 4495 δὲ
941 4441 1027 4495 καὶ
1072 4443 1336 4515 συμμῖξαι
1366 4440 1580 4503 τούτοις
1629 4440 1869 4517 ἐγγίσασι

218 4538 297 4591 κεί
353 4540 469 4612 ἅμα
518 4538 595 4613 τῇ
650 4539 948 4614 συμπλοκῇ
999 4539 1178 4596 δοῦναι
1234 4543 1301 4597 τὰ
1356 4547 1501 4597 νῶτα
1524 4543 1612 4597 καὶ
1646 4540 1867 4613 δόκησιν

1992 592 2289 664 statuique
2319 594 2469 649 veris
2500 594 2667 650 initio
2706 596 2830 667 ipse
2881 612 3113 667 quoque
3158 596 3216 651 in
3268 597 3483 653 bellum
3515 616 3648 670 pro-

1990 680 2307 737 ficisci.Sed
2340 683 2505 738 Rossi
2530 700 2846 755 eorumque
2867 686 3075 741 ductor
3090 686 3649 757 Spbendosthlabus

1991 770 2191 825 audito
2224 771 2517 826 Romanas
2550 774 2748 845 copias
2779 776 3097 845 trajecisse,
3134 777 3470 846 conjunctis
3503 794 3649 848 quos

1982 860 2109 930 jam
2141 860 2197 913 in
2215 878 2320 915 sua
2334 862 2625 917 habebant
2649 869 2934 934 potestate
2947 865 3450 935 Bulgaris,ascitis
3467 864 3649 923 etiam

1990 950 2061 1003 ad
2080 949 2208 1004 belli
2224 952 2582 1005 consortium
2601 953 3009 1019 Patzinacis,ot
3026 955 3123 1025 qui
3142 955 3199 1009 in
3220 956 3647 1011 Pannoniaver-

1989 1055 2091 1093 sus
2123 1055 2392 1094 occasum
2427 1040 2773 1095 habitabant
2803 1043 3028 1111 Turcis,
3063 1046 3313 1099 exercitu
3368 1044 3646 1101 bellicoso

1988 1133 2337 1199 congregato
2360 1130 2432 1184 ad
2464 1130 2566 1183 308
2598 1131 2857 1186 virorum
2900 1133 3105 1203 millia,
3138 1134 3368 1188 {Emam
3421 1135 3642 1207 egressi

1988 1217 2321 1272 universam
2366 1218 2673 1273 Thraciam
2727 1220 3015 1276 incendiis
3064 1239 3130 1276 ac
3183 1224 3642 1294 praedationibus

1984 1311 2327 1372 vastarunt;
2370 1308 2697 1379 castrisque
2748 1326 2925 1380 prope
2998 1327 3195 1366 muros
3239 1313 3642 1384 Arcadiopolis

1979 1395 2155 1452 factis
2187 1398 2367 1469 praelii
2390 1399 2750 1455 occasionem
2787 1399 3100 1471 praestolati
3135 1406 3377 1457 sunt.At
3398 1404 3639 1471 Bardas,

1986 1488 2086 1558 qui
2117 1503 2179 1542 se
2210 1504 2453 1543 numero
2483 1487 2754 1545 hostibus
2786 1489 2968 1545 multo
3000 1489 3334 1547 inferiorem
3368 1493 3637 1562 sentiret,

1985 1577 2523 1648 quippeduodecim
2539 1578 2779 1633 omnino
2798 1579 3047 1634 millium
3076 1580 3365 1635 excercitu
3384 1581 3639 1635 instruc-

1984 1669 2102 1736 tus,
2137 1666 2365 1721 artibus
2396 1666 2791 1738 imperatoriis
2823 1669 3028 1722 statuit
3048 1669 3329 1723 barbaros
3360 1670 3507 1725 885
3528 1669 3638 1723 cir-

1985 1755 2322 1810 cumvenire
2353 1759 2603 1826 astuque
2632 1761 2690 1811 et
2723 1756 3014 1812 machinis
3045 1760 3267 1812 tantam
3316 1757 3640 1828 opprimere

1986 1844 2653 1917 multitudinem.Neque
2677 1862 2806 1901 eum
2829 1846 2879 1901 is
2902 1850 3146 1902 conatus
3166 1846 3485 1902 frustratus
3505 1846 3635 1901 fuit.

1977 1945 2199 2017 Quippe
2226 1960 2286 2001 se
2315 1961 2444 2001 cum
2478 1944 2603 2001 suis
2634 1946 2792 2000 intra
2822 1962 3021 2001 muros
3053 1944 3383 2017 continens,
3416 1946 3634 2001 Barba-

1978 2034 2177 2105 risque
2208 2033 2409 2089 crebro
2423 2034 2872 2105 provocantibus
2894 2035 2964 2089 ad
2988 2038 3281 2090 certamen
3305 2035 3375 2090 de
3396 2050 3631 2090 summa

1976 2139 2171 2179 rerum
2186 2123 2400 2178 ineund
2414 2140 2507 2178 um
2526 2141 2639 2179 non
2655 2125 3441 2196 obtemperans,metumque
3455 2123 3633 2177 simu-

1975 2213 2127 2279 lans,
2160 2210 2541 2284 quantumvis
2570 2229 2813 2268 suorum
2844 2230 2936 2268 res
2966 2213 3037 2268 ab
3068 2212 3235 2268 hoste
3265 2212 3359 2283 agi
3379 2211 3635 2282 ferrique

1979 2307 2262 2372 cerneret,
2296 2306 2491 2357 tamen
2542 2318 2716 2356 suum
2770 2302 3049 2357 tenebant
3096 2302 3481 2372 propositum.
3518 2300 3634 2355 Hoc

1979 2395 2145 2463 pacto
2164 2405 2444 2461 magnum
2463 2389 2551 2443 sui
2567 2394 2970 2460 contemptum
2994 2390 3147 2460 apud
3167 2389 3459 2444 Barbaros
3482 2389 3635 2443 exci-

1978 2480 2152 2535 tavit:
2176 2478 2214 2532 ii
2243 2478 2401 2533 enim
2422 2477 2782 2533 ratiomnino
2800 2477 3365 2533 formidineductum
3390 2477 3631 2533 bardam

1980 2584 2116 2623 suos
2132 2566 2423 2621 mmnibus
2438 2566 2695 2622 inclusos
2711 2568 3190 2638 detinere,neque
3209 2568 3424 2622 audere
3438 2566 3636 2637 egredi

1977 2654 2159 2711 libere
2192 2671 2360 2726 porro
2393 2655 2610 2727 vagari,
2663 2659 2854 2710 castra
2902 2655 3269 2727 negligenter
3316 2655 3547 2721 metari,
3582 2660 3639 2709 et

1979 2745 2254 2801 excubias
2285 2744 2511 2799 debitas
2561 2744 2929 2815 posthabere,
2965 2750 3166 2799 noctes
3221 2745 3478 2816 potando
3534 2759 3639 2815 per

1978 2834 2315 2891 ebrietatem
2349 2834 2502 2890 inter
2532 2832 2763 2890 fistulas
2795 2837 2851 2887 et
2888 2832 3142 2889 cimbala
3187 2840 3239 2889 et
3290 2832 3635 2889 saltationes

1978 2924 2310 2979 barbaricas
2342 2924 2572 2991 ducere,
2610 2922 2864 2993 denique
2905 2922 3051 2977 nihil
3085 2940 3289 2979 eorum
3340 2940 3467 2995 quaa
3500 2923 3635 2977 atti-

1978 3014 2153 3069 nebat
2184 3030 2407 3067 curare.
2438 3013 2583 3082 Ergo
2630 3012 2850 3068 Bardas
2898 3012 3263 3068 occasionem
3315 3013 3546 3077 nactus,
3579 3014 3637 3067 et

1978 3102 2271 3174 quomodo
2302 3101 2500 3156 hostes
2532 3101 2863 3156 adoriretur
2891 3105 3161 3157 accurate
3193 3100 3635 3168 meditatus,die

1980 3201 2239 3271 horaque
2279 3200 2349 3253 ad
2384 3200 2489 3253 hoc
2518 3198 2865 3271 designatis,
2898 3199 3200 3270 dispositis
3223 3216 3326 3271 per
3356 3202 3635 3270 opportu-

1982 3290 2229 3345 nissima
2257 3287 2385 3343 loca
2411 3286 2958 3355 insidiis,Joannem
2983 3288 3297 3358 patricium
3320 3287 3636 3342 Alacasen-

1979 3396 2103 3436 sem
2136 3394 2269 3434 cum
2320 3377 2547 3432 modica
2598 3393 2772 3431 manu
2822 3377 3058 3442 emittit,
3114 3376 3214 3447 qui
3266 3376 3637 3446 speculatum

1978 3469 2175 3524 hostes
2197 3466 2776 3538 excurreret,ubique
2799 3466 2835 3519 ii
2863 3471 3064 3521 essent
3096 3466 3250 3521 illico
3275 3464 3386 3519 sibi
3414 3481 3640 3519 renun-

1978 3558 2168 3625 tiaret,
2201 3558 2469 3613 hostibus
2502 3555 3114 3627 appropinquantibus
3146 3570 3385 3609 manum
3431 3569 3633 3609 conse-

1980 3647 2465 3717 reret,subitoque
2486 3650 2652 3715 terga
2674 3647 2824 3699 dans
2848 3645 3105 3716 speciem
3137 3646 3282 3714 fugin
3315 3643 3633 3713 exhiberet,

1980 3754 2093 3793 non
2127 3736 2365 3807 quidem
2399 3740 2461 3789 ut
2491 3734 2673 3789 effuse
2703 3733 2912 3788 laxatis
2944 3749 3235 3804 equorum
3267 3732 3513 3787 habenis
3545 3734 3665 3813 ων

1978 3831 2202 3898 gerent,
2236 3826 2334 3879 sed
2391 3822 2675 3896 paulatim
2723 3827 2781 3878 et
2831 3822 2984 3897 389
3038 3822 3355 3894 composito
3403 3821 3637 3893 agmine

1978 3915 2334 3984 recederent,
2366 3928 2797 3984 nonnunquam
2828 3912 3005 3967 etiam
3032 3929 3196 3982 azquo
3222 3911 3346 3966 loco
3368 3909 3637 3965 conversi

1977 4020 2110 4059 cum
2144 4003 2308 4057 hoste
2341 4005 2691 4073 pugnarent,
2726 4003 2910 4055 donec
2947 4017 3081 4055 eum
3118 4002 3174 4055 in
3226 4000 3474 4054 insidias
3504 4016 3636 4070 per-

1978 4093 2280 4148 traherent
2313 4109 2324 4146 :
2356 4096 2484 4147 tum
2515 4107 2648 4145 vero
2692 4092 2871 4146 effuse
2902 4094 2957 4146 et
2990 4089 3150 4145 nullo
3202 4090 3405 4144 ordine
3437 4089 3637 4158 fugam

1981 4182 2257 4236 facerent.
2310 4181 2486 4235 Erant
2530 4180 2765 4236 barbari
2816 4179 2874 4233 in
2926 4184 3044 4235 tres
3090 4178 3261 4233 divisi
3303 4182 3521 4249 partes.
3576 4178 3639 4231 In

1978 4269 2168 4342 prima
2198 4274 2525 4325 erantcum
2580 4268 2783 4324 Rossis
2836 4268 3095 4339 Bulgari,
3143 4267 3388 4323 seorsim
3439 4265 3637 4330 Turci,

1978 4359 2223 4416 seorsim
2257 4359 2431 4413 etiam
2464 4358 2804 4413 Patzinaczn.
2840 4363 2979 4413 Fors
3011 4358 3092 4412 ita
3120 4356 3255 4412 tulit
3288 4360 3351 4411 ut
3379 4355 3639 4410 Joannes

1980 4448 2169 4520 primo
2200 4447 2464 4501 omnium
2497 4447 2557 4501 in
2601 4446 2943 4501 Patzinacas
2994 4446 3298 4500 incideret.
3351 4448 3635 4515 Cumque,

1979 4539 2065 4594 uti
2098 4539 2442 4593 mandatum
2474 4537 2525 4592 ei
2558 4536 2740 4592 fuisse
2788 4535 3343 4599 demonstravimus,
3395 4533 3635 4604 oblique

223 4628 524 4701 φευγόντων
608 4613 1059 4705 παρεσχηκέναι,
1134 4632 1210 4704 μή
1270 4631 1514 4706 ἀκρατῶς
1575 4634 1752 4704 μέντοι
1810 4652 1869 4707 γε

1979 4628 2254 4683 recedens
2288 4628 2483 4697 fugam
2517 4624 2842 4692 simularet,
2878 4625 3196 4680 Patzinacae
3221 4622 3475 4679 turbatis
3509 4622 3631 4677 suis

214 4715 440 4791 σεύγειν,
513 4717 639 4790 ὅλῳ
721 4718 915 4795 ῥυτῆρι
991 4716 1241 4783 ἐνδόντας
1316 4726 1435 4782 τοῖς
1489 4719 1682 4783 ’ἱπποις
1738 4720 1865 4784 τοὺς

214 4807 490 4879 χαλινοὺς,
575 4806 704 4863 ἀλλ’
760 4807 943 4884 ἠρέμα
997 4809 1085 4863 καὶ
1150 4810 1283 4883 μετὰ
1335 4809 1569 4879 τάξεως,
1629 4810 1736 4880 ὅπη
1809 4807 1865 4863 δὲ

214 4896 453 4967 παρείκοι
485 4940 501 4965 ,
584 4896 675 4951 καὶ
754 4897 1185 4977 ὑποστρέφοντας
1264 4897 1663 4974 συρῥήγνυσθαι
1745 4903 1861 4960 τοῖς

216 4981 447 5057 ἐχθροῖς,
512 4984 609 5039 καὶ
640 4984 783 5040 οὕτω
813 4992 987 5040 ποιεῖν
1052 4987 1248 5062 μέχρις
1306 4986 1365 5041 διν
1395 4988 1469 5049 εἷς
1500 4988 1626 5051 τοὺς
1656 4986 1862 5063 λόχους

215 5072 453 5145 τούτους,
486 5074 586 5127 καὶ
628 5074 703 5135 εἷς
748 5074 843 5136 τὰς
874 5073 1089 5149 ἐνέδρας
1119 5074 1569 5147 ἐναπσκλείσωσι,
1628 5078 1751 5131 τότε
1809 5074 1865 5131 δὲ

220 5159 464 5234 ἀκόσμως
523 5161 742 5237 ῳεύγειν
796 5163 885 5218 καὶ
942 5163 1350 5239 προτροπάδην.
1410 5172 1591 5240 Τριχῇ
1644 5164 1701 5220 δὲ
1754 5171 1861 5220 τῶν

221 5246 503 5325 βαρϐάρων
575 5248 948 5324 διαιρεθέντων
1042 5252 1373 5329 (Βούλγαροι
1441 5255 1534 5327 μὲν
1608 5255 1706 5330 γὰρ
1774 5254 1862 5308 καὶ

219 5336 341 5401 Ῥὼς
403 5341 506 5408 τήν
577 5342 798 5415 πρώτην
866 5338 1173 5417 ἀνεπλήρου
1228 5340 1459 5417 μερίδα,
1516 5348 1747 5418 Τοῦρκοι
1808 5341 1865 5398 δὲ

214 5429 317 5480 καθ’
375 5430 613 5489 ἑαυτοὺς
671 5432 803 5497 ἦσαν
840 5430 994 5502 μόνοι
1042 5430 1131 5485 καὶ
1185 5434 1511 5500 Πατζινάκαι
1562 5433 1862 5505 ὡσαύτως),

218 5520 516 5600 ἔρχόμενος
566 5524 656 5581 οὖν
710 5528 738 5581 6
782 5526 1039 5597 Ἰωάννης
1086 5527 1453 5601 συμπλέκεται
1511 5535 1626 5593 τοῖς
1676 5536 1865 5599 Πατζι-

215 5612 385 5675 νίκαις
416 5615 565 5669 κατὰ
596 5614 767 5691 τύχην
800 5618 1167 5687 συνηντηκὼς,
1214 5618 1304 5672 καὶ
1354 5619 1534 5694 ὥσπερ
1591 5621 1655 5688 ἦν
1714 5621 1863 5693 αὐτῷ

220 5702 714 5782 πιρηγγελμὲνον,
758 5710 1134 5782 προσποιεῖται
1184 5709 1382 5785 φυγὴν,
1434 5706 1702 5785 σχολαίαν
1761 5710 1862 5779 τὴν

1974 4717 2279 4773 ordinibus
2311 4716 2747 4786 instabant,spe
2772 4714 3056 4784 fugientes
3080 4714 3272 4769 subito
3304 4728 3509 4768 omnes
3539 4711 3632 4767 de-

1971 4806 2151 4863 lendi.
2185 4805 2431 4861 Romani
2464 4806 2635 4861 modo
2667 4805 2900 4875 agmine
2946 4804 3268 4876 composito
3314 4801 3629 4873 fugientes,

1976 4903 2148 4958 modo
2181 4902 2449 4957 hostibus
2481 4917 2609 4957 sese
2640 4902 3007 4956 obvertentes
3057 4916 3124 4955 ac
3172 4898 3529 4971 praeliantes,
3558 4896 3629 4950 ad

1972 4992 2223 5047 insidias
2254 5008 2495 5046 cursum
2528 4992 2843 5056 tenebant;
2878 4990 2935 5043 in
2970 5006 3117 5059 quas
3152 4987 3375 5043 medias
3408 4985 3506 5040 ubi
3534 5001 3631 5039 ve-

1974 5086 2209 5146 nerunt,
2241 5079 2449 5135 laxatis
2481 5079 2727 5135 habenis
2761 5080 2942 5135 effuse
2978 5079 3345 5150 fugerunt,ac
3367 5076 3635 5131 Patzina-

1974 5187 2049 5225 ca:
2081 5169 2382 5240 dissipatis
2407 5168 2713 5224 ordinibus
2738 5169 3064 5239 promiscue
3083 5184 3179 5222 eos
3203 5170 3343 5223 sunt
3373 5163 3631 5220 insecuti

1972 5260 2081 5315 Sed
2116 5260 2214 5313 ubi
2248 5258 2460 5313 Bardas
2493 5258 2686 5313 subito
2717 5275 2850 5312 cum
2885 5262 3005 5313 toto
3038 5258 3293 5312 exercitu
3337 5253 3629 5326 apparuit,

1974 5366 2034 5403 re
2066 5348 2385 5419 improvisa
2417 5349 2771 5403 consternati
2805 5348 3024 5401 omissa
3074 5346 3480 5418 persecutione
3512 5359 3629 5399 non

1974 5437 2211 5508 quidem
2245 5437 2397 5507 fugae
2425 5437 2525 5491 sed
2559 5435 2883 5490 defensioni
2917 5452 3047 5490 sese
3088 5438 3388 5507 pararunt.
3439 5431 3627 5486 Vehe-

1973 5525 2151 5581 menti
2186 5531 2382 5581 autem
2414 5543 2547 5581 cum
2580 5526 2803 5597 impetu
2836 5525 3031 5579 Bardas
3064 5525 3315 5581 exercitu
3339 5522 3620 5583 irruente,

1973 5627 2147 5695 atque
2177 5623 2359 5679 altera
2408 5640 2640 5696 quoque
2662 5641 2705 5677 'a
2736 5628 2896 5693 tergo
2946 5622 3235 5695 phalange
3282 5616 3618 5688 compositis

1990 5714 2313 5770 ordinibus
2355 5714 2892 5785 ingruente,stalim
2926 5711 3234 5766 fortissimi
3266 5708 3479 5778 quique
3508 5705 3619 5774 Scy
