4004 6208
304 315 420 380 U9
1656 309 1959 374 GEORGII

2070 308 2357 370 EDRENI
3601 307 3721 369 120

282 451 523 508 tharum
556 449 933 520 ceciderunt;
963 452 1022 505 et
1050 465 1251 505 eorum
1280 447 1569 521 phalange
1617 447 1731 502 alte
1761 445 1940 502 dissi-

2070 441 2405 518 Ῐιναχώρησιν
2459 436 2804 511 ποιούμενος·
2860 438 3125 496 ένέκειντο
3174 438 3220 495 δ’
3272 441 3325 496 οἱ
3380 440 3709 509 Ιιατζινάκαι

283 545 443 614 pata,
478 538 756 595 cornibus
787 542 1188 595 Romanorum
1234 537 1583 595 coeuntibus
1632 536 1693 591 in
1750 534 1947 589 medio

2070 533 2150 593 τὰς
2201 532 2403 586 ἑαυτῶν
2458 527 2715 594 λύσαντες
2759 530 2955 603 τάξεις,
3016 531 3090 593 ὡς
3140 529 3285 605 τάχα
3313 528 3439 592 τοὺς
3483 528 3717 607 φεύγον-

286 627 636 702 deprehensi
668 627 986 684 Patzinacm
1019 632 1193 699 atque
1235 625 1293 681 in
1326 627 1527 683 orbem
1561 622 1948 680 circumventi

2070 642 2149 683 τας
2207 619 2516 698 ἀφανίσαιεν
2549 615 2741 694 ἄρδην.
2793 619 3021 674 Ἐκεῖνοι
3080 616 3138 674 δὶ
3166 624 3255 673 νῦν
3293 619 3389 691 μὶν
3423 617 3720 697 φεύγοντες

288 737 404 778 non
439 720 541 775 diu
568 719 687 774 vim
721 718 1154 789 sustinuerunt,
1187 717 1285 773 sed
1322 715 1602 771 inclinata
1624 715 1746 771 acie
1768 729 1947 787 prope

2070 710 2195 783 μετὰ
2226 711 2448 782 τάξεως,
2501 712 2593 763 νῦν
2642 706 2686 763 δ’
2743 709 3168 787 ὑποστρέφοντες
3227 707 3318 763 καὶ
3378 707 3718 781 ἀμυνόμενοι

289 808 551 866 universi
582 812 725 864 sunt
754 807 954 864 occisi.

2070 794 2205 864 ἔθεον
2267 799 2405 875 πρὸς
2461 798 2589 860 τοὺς
2638 797 2844 874 λόχους
2876 842 2890 856 .
2943 799 3091 855 Ἐπεὶ
3144 795 3203 853 δὲ
3260 797 3351 853 καὶ
3404 796 3457 860 ές
3520 798 3723 871 μέσους

291 896 542 973 ἐγένοντο
598 893 848 963 τούτους,
924 895 1049 949 τότε
1125 892 1191 963 δή
1270 892 1475 955 ἀνέντες
1548 890 1679 955 τοὺς
1752 889 2036 968 χαλινοὺς
2109 890 2354 964 ἀκρατῶς
2425 884 2670 965 ἔφευγον,
2737 888 2830 942 καὶ
2900 887 2955 942 οἳ
3015 887 3342 959 Πατζινάκρι
3401 885 3724 963 ἐκχυθέντες

295 986 542 1047 ἀτάκτως
601 981 851 1040 ἐδίωκον.
932 983 1315 1059 Ἐπιφανέντος
1386 979 1430 1037 δ’
1506 980 1756 1057 ἐξαίφνης
1833 983 1931 1034 τοῦ
2003 976 2300 1053 μαγίστρου
2374 976 2508 1050 μετὰ
2570 976 2771 1039 παντὸς
2843 980 2940 1031 τοῦ
2998 980 3250 1051 στρατοῦ,
3305 979 3386 1048 τῷ
3441 973 3725 1051 ἀπροσδο-

296 1077 449 1148 κήτῳ
501 1072 935 1148 καταπλαγέντες
993 1072 1092 1141 τὴν
1157 1072 1251 1145 μὲν
1313 1069 1493 1144 δίωξιν
1550 1069 1781 1145 έπέσχον
1842 1069 1929 1144 [Ρ.
1963 1071 2089 1140 668]
2141 1066 2203 1122 οὐ
2263 1068 2369 1140 μήν
2431 1088 2493 1142 γε
2546 1065 2637 1121 καὶ
2680 1065 2734 1130 ές
2783 1066 2961 1145 φυγήγ
3018 1063 3261 1139 ἀπεῖδον⁹
3314 1064 3440 1121 ἀλλ’
3499 1063 3716 1139 ἔμενον,

298 1162 365 1233 ἤν
416 1183 497 1223 τις
556 1161 701 1217 ἐπίοι
755 1159 1054 1234 δεξόμενοι.
1112 1161 1264 1219 Μετά
1310 1158 1544 1236 σφοδρᾶς
1602 1158 1660 1214 δὲ
1719 1157 1899 1235 ῥύμης
1952 1162 2060 1211 τῶν
2120 1157 2243 1232 περὶ
2296 1156 2388 1211 τὸν
2445 1155 2739 1231 μάγιστρον
2801 1153 3189 1229 συμπεσόντων
3248 1154 3582 1223 αὐτοῖς,καὶ
3612 1162 3716 1224 τῆς

304 1253 507 1322 λοιπῆς
567 1251 842 1330 φάλαγγος
888 1246 1105 1306 ὄπισθεν
1165 1249 1476 1326 ἐρχομένης
1539 1250 1651 1322 μετ’
1712 1247 2002 1322 εὐκοσμίας
2059 1247 2148 1301 καὶ
2204 1246 2425 1319 τάξεως,
2485 1244 2776 1301 πίπτουσιν
2841 1244 2998 1309 εὐθὺς
3078 1245 3131 1299 οἱ
3178 1242 3557 1320 ἀλκιμώτεροι
3609 1249 3723 1299 τῶν

300 1342 545 1397 Σκυθῶν.
607 1339 705 1394 Καὶ
763 1340 900 1394 κατά
960 1338 1126 1413 βάθος
1174 1345 1271 1408 τῆς
1327 1335 1608 1415 φάλαγγος
1682 1335 1998 1413 σχισθείσης
2069 1333 2123 1399 ές
2191 1334 2389 1407 μέσους
2438 1333 2768 1408 έμπίπτουσι
2815 1332 2945 1395 τοὺς
2994 1330 3202 1409 λόχους
3253 1332 3306 1387 οἱ
3365 1332 3722 1404 Πατζινάκαι,

295 1433 404 1484 τῶν
447 1428 689 1504 κεράτων
722 1427 1091 1484 συνελθόντων
1124 1425 1399 1499 ἀλλήλοις
1430 1426 1519 1482 καὶ
1548 1424 1824 1482 κύκλωσιν
1849 1421 2316 1481 ἀποτελεσάντων.
2352 1425 2469 1482 Ἐπ’
2507 1422 2692 1502 ὀλίγον
2747 1421 2839 1479 οὖν
2884 1421 3233 1498 ἀντισχόντες
3283 1417 3583 1489 ἐνέκλιναν,
3630 1421 3725 1476 καὶ

298 1518 494 1580 πάντες
525 1514 721 1593 σχεδὸν
754 1515 1148 1586 κατεκόπησαν.

377 1625 527 1681 387
566 1626 665 1681 His
695 1625 806 1681 hoc
829 1624 1003 1680 modo
1035 1623 1224 1693 victis,
1252 1624 1471 1680 Bardas
1503 1640 1638 1679 cum
1669 1639 1737 1679 ex
1767 1619 1954 1694 capti-

2133 1618 2290 1678 Οὕτω
2331 1618 2389 1676 δὲ
2444 1620 2671 1685 τούτους
2724 1617 3061 1696 τρεψάμενος
3124 1618 3152 1672 ὁ
3212 1614 3438 1693 Βάρδας,
3493 1617 3583 1673 καὶ
3634 1615 3727 1673 διὰ

305 1716 396 1772 vis
428 1714 817 1770 intellexisset
846 1712 1103 1785 reliquos
1134 1713 1327 1769 adhuc
1375 1715 1633 1785 integros
1676 1712 1968 1768 instructa

311 1804 435 1861 acie
464 1819 727 1877 pugnam
758 1806 1115 1875 exspectare,
1147 1807 1302 1859 recta
1331 1802 1392 1858 in
1422 1819 1520 1859 eos
1549 1802 1731 1858 ducit.
1768 1800 1810 1856 Ii
1834 1816 1965 1856 vero

311 1893 548 1950 tametsi
598 1908 800 1948 recens
850 1896 1127 1963 acceptus
1192 1892 1262 1948 de
1311 1891 1751 1948 Patzinacarum
1801 1888 1966 1945 clade

309 1981 557 2038 nuntius
583 1981 810 2037 animos
840 1996 1045 2036 eorum
1070 1980 1369 2052 insperata
1396 1978 1966 2050 calamitateﬂractos

305 2071 819 2141 dejeoerat,tamen
848 2074 1055 2124 mutuo
1088 2084 1219 2125 sese
1248 2067 1764 2138 cohortati,ascitis
1784 2066 1963 2124 etiam

305 2159 408 2232 qui
437 2175 506 2214 ex
536 2159 674 2231 fuga
702 2157 1099 2226 conﬂuebant,
1132 2160 1415 2214 Romanis
1444 2162 1781 2224 occurrunt,
1814 2173 1960 2229 prae-

304 2246 507 2303 missis
537 2246 837 2319 equitibus
867 2263 933 2302 ac
967 2247 1468 2319 subsequentibus
1498 2264 1597 2304 eos
1644 2245 1959 2319 peditibus.

303 2336 495 2393 Primo
526 2352 847 2409 congressu
876 2337 1104 2407 equites
1149 2353 1185 2392 a
1238 2336 1541 2405 Romanis,
1590 2353 1841 2408 quorum
1874 2333 1960 2390 vis

304 2424 545 2481 subsisti
580 2441 696 2481 non
730 2441 902 2497 posse
932 2425 1259 2493 videbatur,
1293 2426 1491 2496 rejecti
1523 2425 1704 2496 inque
1736 2424 1959 2495 pedita-

302 2518 429 2569 tum
456 2514 746 2586 compulsi
778 2514 1028 2570 sunt.lbi
1050 2531 1114 2571 se
1142 2513 1571 2586 recollegerunt
1590 2517 1648 2569 et
1668 2517 1957 2568 Romano-

306 2618 439 2658 rum
461 2602 750 2675 impetum
764 2602 1557 2675 sustinuerunt.Aliquandiu
1579 2602 1754 2657 dubio
1774 2601 1958 2656 Marte

306 2696 637 2764 pugnatum
655 2695 766 2761 est,
793 2692 978 2748 donec
1007 2690 1217 2764 Scytha
1245 2692 1485 2764 quidam
1516 2691 1667 2747 mole
1698 2688 1959 2762 corporis

310 2784 369 2836 et
398 2779 606 2835 robore
636 2779 818 2835 animi
867 2779 1078 2846 elatus,
1128 2785 1264 2836 ante
1312 2779 1457 2836 alios
1508 2795 1866 2851 progressus,
1897 2778 1956 2833 in

309 2868 509 2941 ipsum
540 2867 724 2925 fertur
770 2868 1044 2937 Bardam,
1096 2867 1199 2940 qui
1243 2884 1424 2939 eques
1472 2869 1708 2925 ordines
1759 2867 1959 2924 obibat

2074 1729 2182 1763 των
2228 1707 2605 1785 αἰχμαλώτων
2665 1710 2848 1783 μαθὼν
2904 1708 2979 1771 ὡς
3031 1706 3121 1763 καὶ
3154 1707 3207 1762 o't
3264 1706 3451 1763 λοιποὶ
3480 1705 3729 1781 ἀκμῆτες

2075 1797 2224 1861 ὄντες
2298 1799 2661 1874 προσμένουσι
2746 1797 3165 1872 συντεταγμένοι
3252 1795 3343 1851 τὸν
3422 1795 3669 1869 πόλεμον
3708 1838 3724 1864 ,

2072 1886 2323 1961 τρέπεται
2397 1888 2496 1956 τήν
2571 1886 2834 1961 ταχίστην
2903 1887 3041 1962 πρὸς
3118 1883 3370 1947 ἐκείνους.
3448 1886 3604 1959 Ἄρτι
3677 1881 3728 1938 δ’

2075 1975 2269 2031 ἐκεῖνοι
2341 1976 2404 2032 τὸ
2479 1979 2586 2031 τῶν
2658 1978 3007 2045 Πατζινακῶν
3089 1973 3382 2051 έγνωγότες
3456 1972 3727 2049 ἀτύχημα

2071 2064 2514 2138 κατεκλάσθησαν
2577 2066 2673 2128 τὰς
2722 2064 2919 2140 ίψυχᾶς
2996 2068 3074 2137 τῷ
3129 2061 3384 2136 ἀδοκήτῳ
3439 2070 3538 2132 τῆς
3588 2084 3728 2135 συμ-

2071 2161 2262 2234 φορᾶς.
2340 2158 2529 2229 Ὅμως
2605 2154 3076 2231 παρακαλέσαντες
3141 2152 3363 2215 ἑαυτοὺς
3437 2152 3527 2207 καὶ
3590 2152 3726 2215 τοὺς

2072 2244 2132 2301 ἐκ
2168 2252 2277 2315 τῆς
2336 2252 2509 2324 φυγῆς
2584 2241 2963 2309 σκεδασθέντας
3024 2242 3487 2315 ἀνακαλεσάμενοι
3544 2262 3720 2313 προσ·

2070 2329 2336 2391 ϐάλλουσι
2413 2340 2529 2396 τοῖς
2587 2334 2917 2407 Ῥωμαίοις,
2976 2334 3031 2388 οἱ
3083 2333 3179 2406 μὶν
3230 2333 3415 2394 ἱππεῖς
3471 2328 3722 2407 προδρα-

2072 2423 2283 2497 μόντες,
2346 2425 2397 2479 οἱ
2456 2421 2513 2479 δὲ
2568 2424 2722 2493 πεζοί
2773 2422 2999 2477 κατόπιν
3059 2420 3374 2497 ἐρχόμενοι.
3418 2422 3507 2483 Ὧς
3538 2417 3595 2476 δὲ
3625 2421 3718 2477 καὶ

2067 2514 2203 2568 κατά
2256 2515 2354 2584 τὴν
2407 2512 2628 2589 πρώτην
2688 2507 3005 2589 προσϐολὴν
3038 2510 3374 2580 ἀνεκόπησαν
3429 2511 3483 2565 οἱ
3524 2511 3714 2573 ἱππεῖς

2064 2601 2159 2664 τὰς
2217 2602 2389 2679 ὁρμὰς
2452 2602 2554 2657 ὑπὸ
2626 2601 2914 2675 Ῥωμαίων
2983 2598 3360 2655 ἀνυποστάτων
3420 2600 3718 2674 φανέντων,

2068 2688 2405 2755 ἐκκλίναντες
2460 2691 2535 2753 εἰς
2589 2690 2718 2754 τοὺς
2774 2689 2969 2759 πεζοὺς
3030 2687 3409 2760 συνηλάθησαν
3441 2732 3455 2747 ,
3511 2690 3721 2745 Ἐκεῖσε

2068 2777 2125 2834 δὲ
2180 2778 2347 2835 πάλιν
2415 2779 2698 2856 γενόμενοι
2754 2774 3131 2854 ἀνελάμϐανον
3191 2776 3433 2845 ἑαυτοὺς,
3464 2776 3721 2839 καὶτοὺς

2067 2869 2367 2943 Ῥωμαίους
2414 2871 2745 2945 προσέμενον
2810 2868 3258 2945 ἐπερχομένους.
3336 2865 3435 2921 Καὶ
3492 2866 3560 2935 ἦν
3623 2866 3721 2939 μὶν

309 2962 487 3029 atque
517 2957 687 3013 dictis
719 2957 1039 3014 animabat.
1072 2958 1261 3029 Hujus
1293 2957 1507 3013 cassidi
1557 2957 1773 3030 Scytha
1820 2973 1954 3013 cum

2070 2954 2201 3034 ἄχρι
2234 2958 2378 3021 τινὸς
2406 2960 2441 3029 ὴ
2477 2960 2630 3034 μάχη
2664 2958 3027 3035 ἀγχώμαλος,
3083 2958 3187 3020 ἓως
3246 2955 3309 3013 οὗ
3364 2956 3578 3026 Σκύθης
3638 2977 3726 3019 τις

306 3045 573 3119 gladium
603 3046 935 3118 inﬂixisset,
964 3046 1083 3102 ictu
1124 3045 1429 3102 delabente
1460 3052 1708 3102 conatus
1756 3045 1961 3102 irritus

309 3134 439 3191 fuit.
473 3135 691 3192 Bardas
711 3151 846 3192 vero
877 3151 1017 3192 ense
1046 3135 1273 3208 galeam
1308 3136 1532 3209 Scythas
1575 3135 1768 3192 feriit:
1801 3140 1858 3191 et
1887 3136 1959 3192 ob

308 3224 424 3280 vim
440 3240 649 3280 manus
675 3241 743 3280 ac
764 3226 901 3281 ferri
914 3230 1287 3297 prtestantem
1306 3226 1489 3281 tinctu
1500 3242 1621 3280 ram
1641 3226 1781 3281 ictui
1800 3230 1962 3282 tanta

309 3312 419 3370 fuit
449 3312 773 3370 efﬁcacitas
804 3318 868 3370 ut
897 3313 1156 3369 medium
1181 3314 1459 3386 Scytham
1480 3314 1959 3370 dissecuerit.Sed

306 3410 361 3457 et
392 3402 816 3458 Constantinus
850 3403 1362 3475 patricius,Bardzs
1394 3405 1594 3472 frater,
1626 3403 1809 3459 alium
1832 3404 1964 3475 Scy-

307 3491 495 3561 tham,
528 3491 628 3562 qui
657 3508 776 3546 una
803 3508 937 3547 cum
968 3492 1161 3563 priore
1189 3492 1502 3564 ingruebat
1533 3510 1597 3547 ac
1623 3509 1686 3548 se
1714 3493 1962 3548 ferocius

308 3580 570 3651 gerebat,
607 3584 669 3635 ut
701 3580 867 3635 fratri
913 3580 1323 3650 Opitularetur,
1373 3586 1549 3651 caput
1605 3581 1772 3636 ferire
1818 3582 1960 3635 dum

308 3668 449 3736 vult,
484 3668 813 3723 declinante
861 3668 979 3722 ictu
1013 3668 1279 3735 barbaro,
1313 3668 1490 3738 hujus
1520 3670 1653 3740 equi
1685 3669 1962 3724 cervicem

309 3754 506 3825 gladio
526 3756 716 3827 tangit
734 3761 1025 3827 caputque
1038 3761 1333 3828 amputat;
1359 3756 1803 3830 collapsumque
1824 3760 1960 3832 Scy-

309 3843 495 3911 tham,
529 3844 681 3899 388
714 3845 787 3899 ab
818 3861 967 3915 equo
1001 3845 1380 3909 descendens,
1417 3862 1593 3901 manu
1619 3854 1809 3902 menlo
1831 3848 1961 3918 ejus

309 3932 819 4006 arreptojugulat.
837 3937 955 3989 Hoc
980 3933 1205 3990 facinus
1226 3934 1505 3990 Romanis
1527 3936 1755 3991 animos
1778 3937 1958 4006 auxit,

309 4020 555 4094 Scythas
604 4028 800 4077 autem
852 4033 1007 4078 metu
1058 4023 1350 4094 implevit;
1385 4024 1582 4097 itaque
1630 4023 1794 4080 obliti
1829 4042 1962 4081 mox

2074 3048 2284 3125 μεγέθει
2359 3049 2612 3121 σώματος
2689 3049 2779 3103 καὶ
2852 3044 3041 3121 ἀνδρίᾳ
3097 3050 3283 3121 ψυχῆς
3339 3045 3721 3119 ἐπαιρόμενος,

2066 3141 2175 3191 τῶν
2232 3134 2419 3192 ἄλλων
2480 3134 2891 3212 ὑπερπηδήσας,
2950 3136 3032 3191 ἐπ’
3091 3135 3252 3191 αὐτὸν
3289 3135 3381 3190 τὸν
3419 3136 3720 3209 μάγιστρον

2070 3226 2285 3304 φέρεται
2338 3225 2748 3302 παριππεύοντα
2828 3224 2918 3281 καὶ
2992 3224 3088 3288 τὰς
3141 3222 3318 3297 τάξεις
3372 3221 3720 3299 παραθαρρύ-

2069 3336 2245 3382 νοντα,
2305 3315 2392 3369 καὶ
2454 3315 2593 3389 ξίφει
2650 3312 2796 3370 παίει
2852 3313 2987 3369 κατά
3037 3316 3134 3368 τοῦ
3187 3314 3439 3389 κράνους.
3495 3315 3600 3366 Τοῦ
3660 3307 3720 3365 δὶ

2072 3402 2257 3476 ξίφους
2306 3401 2811 3479 παρολισθήσαντος
2867 3400 3137 3479 ἄπρακτος
3196 3401 3400 3478 ἐγένετο
3458 3402 3492 3470 ἡ
3546 3398 3715 3475 βολή.

2070 3495 2270 3547 Τοῦτον
2331 3488 2387 3546 δὲ
2441 3492 2468 3546 ὁ
2530 3491 2820 3568 μάγιστρος
2875 3491 3013 3569 ξίφει
3066 3489 3215 3545 παίει
3272 3488 3409 3545 κατά
3454 3492 3547 3544 τοῦ
3576 3488 3715 3563 κρά-

2070 3600 2213 3645 νους·
2252 3579 2402 3657 βάρει
2454 3577 2511 3635 δὲ
2561 3588 2659 3651 τῆς
2718 3582 2905 3657 χειρὸς
2957 3581 3047 3635 καὶ
3109 3580 3290 3657 βραφῇ
3342 3582 3439 3634 τοῦ
3484 3574 3717 3653 σιδήρου

2072 3669 2213 3724 οὕτω
2244 3668 2454 3745 γέγονεν
2490 3668 2702 3745 ένεργὸς
2758 3672 2792 3740 ἡ
2853 3669 3051 3742 πλῆξις
3103 3670 3177 3731 ὡς
3238 3666 3370 3744 δίχα
3408 3663 3537 3723 ὅλον
3596 3664 3711 3720 διαο

2068 3760 2347 3833 τμηθῆναι
2403 3759 2494 3814 τὸν
2554 3758 2791 3830 Σκύθην.
2850 3760 2945 3814 Καὶ
2999 3764 3400 3819 Κωνσταντῖνος
3436 3754 3493 3812 δὲ
3521 3754 3716 3832 πατρί-

2069 3869 2186 3911 κιος
2218 3849 2246 3903 ὁ
2274 3852 2370 3903 τοῦ
2404 3847 2701 3925 μαγίστρου
2749 3844 3004 3924 ἀδελφὸς,
3060 3852 3143 3921 τῷ
3198 3844 3419 3925 ἀδελφῷ
3472 3846 3716 3922 βοηθῶν,

2069 3938 2252 4013 ἓτερον
2284 3936 2496 4008 Σκύθην
2549 3933 2935 4011 συναιρόμενον
3001 3942 3081 4009 τῷ
3140 3936 3355 4014 ῥηθέντι
3386 3935 3475 3991 καὶ
3504 3934 3717 4008 ἰταμώ-

2067 4046 2223 4101 τερον
2282 4026 2579 4104 φερόμενον
2643 4030 2833 4081 παῖσαι
2892 4025 3027 4081 κατὰ
3073 4027 3172 4097 τῆς
3219 4022 3466 4102 κεφαλῆς
3511 4022 3719 4079 ἐσπού-

306 4109 542 4168 virtutis
572 4114 735 4185 terga
785 4112 1094 4184 dederunt,
1144 4117 1499 4186 turpemque
1549 4113 1710 4169 nullo
1760 4116 1959 4171 ordine

2070 4113 2242 4170 δασεν-
2316 4113 2522 4170 ἐκείνου
2600 4112 2645 4171 δ’
2721 4113 2808 4171 ἐπὶ
2862 4114 3056 4190 θάτερα
3135 4112 3421 4176 κλίναντος
3502 4113 3717 4180 ἑαυτὸν,

308 4199 507 4272 fugam
556 4200 839 4269 fecerunt,
896 4218 1045 4274 quos
1088 4203 1334 4259 insecuti
1388 4203 1634 4259 Romani
1684 4221 1957 4277 campum

2070 4201 2443 4278 διαμαρτήσας
2494 4204 2522 4259 ὁ
2567 4206 2972 4267 Κωνσταντῖνος
3020 4204 3308 4282 καταφέρει
3361 4202 3423 4258 τὸ
3457 4201 3607 4279 ξίφος
3638 4200 3719 4265 εἷς

306 4288 690 4346 cadaveribus
732 4289 1132 4362 oppleverant.
1184 4291 1384 4347 Plures
1435 4291 1756 4348 interfectis
1804 4292 1956 4364 capti

2070 4295 2156 4349 τὸν
2189 4293 2391 4370 αὐχένα
2436 4298 2533 4349 τοῦ
2574 4293 2750 4351 ’ίππου
2780 4294 2870 4349 καὶ
2919 4292 3214 4368 ἀποτέμνει
3271 4297 3369 4348 τοῖ’)
3422 4291 3717 4368 τραχήλου

306 4381 468 4448 sunt,
499 4384 558 4435 et
588 4355 1168 4453 superstites,paucis
1199 4380 1701 4453 demptis,omnes
1722 4355 1959 4438 fuerunt

2070 4386 2163 4453 τὴν
2214 4355 2479 4459 κέφαλήν.
2540 4385 2806 4447 Πεσόντος
2837 4382 2895 4439 δὶ
2950 4387 3048 4439 τοῦ
3108 4381 3318 4446 Σκύθου
3375 4376 3590 4444 ἀποϐὰς
3616 4384 3715 4435 τοῖ’)

305 4466 513 4523 saucii.
547 4468 831 4532 Quodnisi
867 4485 978 4525 nox
1016 4468 1295 4541 ingruens
1338 4471 1628 4526 Romanos
1679 4488 1712 4527 a
1759 4487 1953 4544 perso-

2070 4473 2240 4530 ίππου
2286 4476 2375 4530 καὶ
2416 4478 2486 4550 τῇ
2538 4476 2687 4553 χειρὶ
2733 4482 2834 4546 τῆς
2861 4472 3138 4552 γενειάδος
3195 4472 3526 4549 δραξάμενος
3583 4472 3715 4526 ἀπο.

303 4556 538 4629 quendo
566 4555 735 4614 hoste
769 4562 1116 4629 revocasset,
1149 4576 1320 4615 nemo
1366 4576 1506 4616 sane
1545 4560 1844 4617 evasisset.
1877 4562 1957 4618 De

2070 4566 2281 4643 σφάττει
2343 4568 2557 4622 τοῦτον.
2632 4563 2810 4623 Τοῦτο
2886 4565 2948 4621 τὸ
3023 4561 3197 4640 ἔργον,
3256 4561 3558 4637 Ῥωμαίους
3617 4560 3716 4633 μὶν

303 4648 392 4701 tot
423 4644 735 4703 millitibus
769 4646 1150 4704 barbarorum
1184 4648 1457 4722 perpauci
1491 4651 1907 4721 superfuerunt
1940 4668 1953 4708 ε

2070 4652 2339 4730 έπέρῥωσε
2396 4653 2484 4709 καὶ
2543 4651 3018 4731 θαρραλεωτέρους
3075 4651 3330 4723 ἐποίησε,
3390 4647 3597 4713 δειλίας
3657 4646 3717 4705 δὶ

303 4733 375 4789 de
410 4734 686 4792 Romanis
719 4736 778 4793 in
819 4735 941 4793 acie
992 4736 1330 4794 ceciderunt
1367 4737 1474 4793 viri
1525 4737 1615 4809 25,
1668 4738 1956 4796 vulnerati

2070 4741 2155 4798 καὶ
2213 4736 2385 4820 φόϐου
2441 4740 2570 4807 τοὺς
2624 4743 2833 4807 Σκύθας
2879 4740 3163 4815 ένέπλησε’
3213 4739 3303 4796 καὶ
3332 4738 3476 4815 ταχὺ
3522 4735 3717 4793 ἐπιλε-

303 4829 445 4880 sunt
472 4824 750 4881 universi.

2070 4829 2334 4905 λησμένοι
2368 4828 2541 4901 ἀλκῆς
2567 4832 2634 4887 τὰ
2660 4834 2809 4887 νῶτα
2853 4828 3141 4900 δεδώκασι,
3207 4828 3297 4885 καὶ
3345 4827 3595 4903 ἀσέμνως
3623 4828 3714 4883 καὶ

309 4912 445 4985 μετά
473 4910 695 4983 πολλῆς
727 4907 952 4993 ἔφευγον
981 4912 1267 4988 ἀκοσμίας.
1306 4911 1539 4969 Εἴποντο
1573 4912 1631 4970 δὲ
1662 4915 1946 4990 Ῥωμαῖοι,
1977 4921 2067 4975 καὶ
2094 4921 2230 4976 ἅπαν
2256 4921 2318 4976 τὸ
2348 4918 2534 4976 πεδίον
2565 4925 2767 4997 νεκρῶν
2802 4918 3240 4994 ἐμπεπλήκασιν.
3263 4917 3516 4977 Ἦλωσαν
3548 4914 3607 4972 δὶ
3626 4917 3720 4971 καὶ

304 5000 529 5078 ζωγρίαι
557 5006 664 5058 τῶν
698 5003 970 5059 πεσόντων
1001 5002 1247 5067 πλείους.
1281 5005 1564 5080 Ἐγένοντο
1599 5003 1655 5060 δὲ
1683 5006 1772 5061 καὶ
1803 5007 1950 5078 πλὴν
1984 5009 2186 5086 ὀλίγων
2218 5013 2411 5074 πάντες
2444 5012 2496 5066 οἱ
2526 5009 2962 5088 περιλειφθέντες
3007 5012 3356 5087 τραυματίαι.
3404 5013 3500 5068 Καὶ
3536 5009 3719 5074 οὐδεὶς

297 5090 357 5146 ἂν
392 5088 577 5167 διέδρα
602 5092 695 5147 τὸν
724 5088 964 5147 κίνδυνον
996 5094 1076 5167 [Ρ.
1109 5095 1235 5167 669]
1268 5093 1313 5148 εἶ
1348 5095 1422 5166 μὴ
1451 5094 1537 5166 νὺξ
1565 5094 1932 5170 ἐπιγενομένη
1967 5096 2165 5175 ἐπέσχε
2188 5106 2291 5170 τῆς
2324 5096 2558 5173 διώξεως
2585 5098 2711 5161 τοὺς
2745 5098 3068 5174 Ῥωμαίους.
3103 5102 3206 5158 Καὶ
3238 5105 3345 5155 τῶν
3377 5100 3471 5175 μὶν
3510 5094 3717 5177 βαρϐά-

301 5200 409 5257 ρων
439 5179 498 5237 ἐκ
524 5180 797 5237 τοσούτων
832 5182 1110 5259 μυριάδων
1144 5181 1328 5259 ὀλίγοι
1360 5182 1644 5248 παντελῶς
1675 5182 1997 5262 διεγένοντο.
2039 5190 2304 5263 Ῥωμαῖοι
2337 5187 2394 5245 δὲ
2424 5186 2612 5244 ἔπεσον
2644 5187 2696 5244 έν
2724 5193 2793 5264 τῇ
2830 5190 2984 5265 μάχῃ
3014 5191 3107 5264 κε’,
3130 5190 3456 5267 τραυματίαι
3509 5187 3555 5245 δ’
3600 5189 3718 5265 έγέ-

299 5291 391 5326 νον
421 5272 631 5347 τοὸμοῢ
659 5292 712 5328 τι
752 5271 1081 5347 σύμπαντες.

374 5378 649 5438 Nondum
696 5382 956 5438 confecto
1005 5382 1274 5456 Scythico
1324 5380 1498 5451 bello,
1540 5399 1674 5439 cum
1709 5383 1946 5455 quidem

301 5468 565 5524 nondum
596 5486 862 5526 cruorem
888 5470 1061 5527 istius
1092 5470 1272 5542 praelii
1303 5470 1539 5527 abluere
1569 5472 1849 5528 Romanis
1880 5471 1948 5527 1i-

305 5557 765 5626 cuisset,litteris
794 5559 1166 5632 imperatoris
1195 5560 1416 5617 Bardas
1445 5560 1636 5617 Durus
1667 5561 1740 5617 ad
1773 5561 1953 5634 impe-

304 5651 561 5712 ratorem
592 5654 885 5708 evocatur.
918 5649 1026 5718 Qui
1060 5654 1121 5707 ut
1149 5666 1216 5710 eo
1246 5648 1424 5721 venit,
1458 5650 1662 5709 statim
1706 5650 1952 5725 jubetur

2129 5380 2298 5442 Οὔπω
2351 5380 2513 5448 τέλος
2567 5384 2683 5461 εἶχε
2735 5390 2818 5458 τῷ
2872 5385 3111 5463 Σκληρῷ
3164 5387 3233 5442 τὰ
3286 5390 3382 5443 τοῦ
3441 5391 3714 5453 Σκυθικοῦ

2059 5474 2331 5547 πολέμου,
2389 5471 2514 5529 οὐδέ
2570 5476 2926 5551 προσεγένετο
2976 5482 3096 5541 τοῖς
3142 5476 3440 5551 Ῥωμαίοις
3496 5478 3589 5533 τὸν
3650 5476 3714 5533 ἐκ

2058 5569 2157 5633 τῆς
2241 5564 2429 5638 μάχης
2496 5562 2912 5629 ἀποπλύνασθαι
2982 5561 3202 5637 λύθρον,
3261 5566 3352 5621 καὶ
3408 5567 3711 5642 γράμματα

2059 5650 2244 5731 έφοίτα
2322 5649 2581 5731 βασιλικὰ
2639 5652 2983 5729 μετάκλητον
3043 5659 3301 5713 ποιοῦντα
3343 5654 3419 5720 εἷς
3478 5652 3709 5731 βασιλέα
