4004 6208
266 299 386 360 {Si

1419 289 1972 357 msroauaum
2015 290 2564 357 GOMPENDIUM.

3582 307 3699 369 122

262 432 355 485 τὸν
411 431 715 505 μάγιστρον
748 448 762 463 ⁸
816 429 878 484 ὃν
935 427 1267 507 ἀφικόμενον
1331 426 1384 490 ἐς
1440 426 1540 496 τὴν
1594 423 1777 481 ’Δσίαν
1836 444 1922 479 κε-

2039 440 2173 482 cum
2204 425 2745 500 exercitu,quantus
2758 430 3059 503 proposito
3070 434 3379 491 certamini
3404 437 3703 499 videretur

270 520 424 575 κεῦει
510 521 933 594 περαιωθῆναι,
1013 519 1083 575 τὰ
1166 518 1304 593 πρὸς
1389 517 1482 572 τὸν
1574 513 1930 590 προκείμενον

274 611 550 683 ἀρκοῦντα
624 608 807 684 ἀγῶνα
905 606 1173 686 εἰληφότα
1258 606 1655 683 στρατεύματα,
1727 606 1933 677 Ἔτυχε

268 698 372 774 γὰρ
430 695 646 773 Βάρδας
703 699 732 753 6
788 702 986 760 Φωκᾶς
1062 694 1304 772 ἀποδρὰς
1373 695 1424 766 ἕξ
1483 691 1802 767 ’Λμασείας,
1861 690 1927 761 ἥν

273 788 445 843 οἴκεῖν
500 788 872 862 κατεκᾶκριτο,
924 786 1058 860 μετά
1130 789 1398 861 συγγενῶν
1467 783 1557 839 καὶ
1616 780 1790 859 φίλων
1838 780 1929 837 καὶ

274 879 550 948 σνυνςθων,
630 878 748 951 μεθ’
814 877 889 931 ὧν
962 875 1179 955 ἀφανῶς
1244 875 1603 953 φυνωμόσατο
1682 873 1782 941 τῆν
1870 869 1920 925 ἐν

276 964 641 1038 Καππαδοκίᾳ
704 961 1034 1021 καταλαϐεῖν
1113 966 1455 1039 Καισάρειαν,
1512 964 1727 1018 κάκεῖσε
1778 961 1926 1016 ὶται-

274 1056 426 1130 ρικὸν
459 1056 567 1111 οὐκ
616 1054 805 1131 ὀλίγον
848 1054 1125 1129 ἀθροίσας,
1171 1054 1243 1109 ὥν
1301 1054 1438 1123 ἦσαν
1486 1046 1707 1128 ἕξαρχοι
1750 1051 1802 1105 οἱ
1830 1054 1927 1105 τοῦ

276 1144 568 1219 πατρικίου
655 1141 963 1200 Θεοδούλου
1039 1140 1229 1205 παῖδες
1303 1145 1400 1196 τοῦ
1478 1142 1927 1214 Ιιαρσακουτηνοῦ

270 1233 557 1309 Θεόδωρος
614 1233 706 1288 καὶ
767 1233 1081 1311 Νικηφόρος
1137 1231 1229 1287 καί
1282 1252 1367 1295 τις
1423 1228 1706 1299 πατρίκιος
1754 1226 1927 1290 ἄλλος

272 1323 501 1396 Συμεών
551 1323 581 1377 6
629 1320 931 1395 Ἀμπελᾶς,
1009 1319 1253 1393 διάδημα
1300 1320 1545 1396 περιθεὶς
1603 1319 1781 1391 ὶαυτῷ
1839 1316 1927 1372 καὶ

265 1413 333 1468 τά
390 1411 568 1467 λοιπὰ
644 1418 746 1481 τῆς
828 1410 1104 1486 βασιλείας
1186 1407 1495 1485 ἀνειληφὼς
1578 1407 1929 1483 γνωρίσματα

267 1501 607 1557 ἀποστασίαν
658 1500 794 1556 κατά
843 1505 942 1556 τοῦ
996 1498 1265 1576 βασιλέως
1315 1505 1553 1568 κινῆσαι,
1598 1501 1695 1552 τοῦ
1724 1497 1929 1570 πατρὸς

270 1591 440 1647 αὐτοῦ
468 1590 705 1653 Λᾶοντος
754 1594 852 1646 τοῦ
907 1588 1327 1665 κουροπαλάτου
1371 1586 1501 1650 τοὺς
1562 1588 1655 1660 μὲν
1710 1585 1927 1641 ἀναπεί-

269 1700 460 1741 σαντος
490 1677 693 1753 δώροις
744 1679 818 1739 είς
862 1678 1047 1746 τοῦτο,
1082 1682 1209 1740 τοῦς
1262 1675 1319 1733 δὶ
1364 1676 1715 1753 ὑποσχὲσεσιν
1766 1675 1929 1747 ἀξιω-

272 1770 461 1841 μάτων
518 1768 609 1823 καὶ
656 1770 922 1840 κτήσεων,
986 1767 1229 1843 ὕπηρὲτῃ
1289 1766 1426 1840 πρὸς
1489 1770 1649 1821 τοῦτο
1709 1784 1925 1840 χρησα-

273 1858 441 1929 μένου
469 1857 554 1929 τῷ
602 1864 704 1926 τῆς
759 1852 992 1913 Ἀϐύδου
1041 1856 1345 1930 ἕπισκόπῳ.
1403 1851 1694 1913 Ἐϐούλετο
1755 1851 1930 1909 δὲκαὶ

267 1946 435 2007 αὐτός
492 1946 554 2002 lx
595 1953 696 2017 τῆς
754 1941 966 2002 Λέσϐου
1025 1943 1283 2022 διαπερᾷν
1346 1944 1520 2021 λάθρα
1578 1944 1672 1999 σὺν
1722 1948 1800 2015 τῷ
1829 1944 1934 2014 υἱῷ

270 2037 588 2111 Νικηῳόρῳ
618 2035 695 2098 εἰς
725 2037 791 2090 τὰ
840 2034 929 2091 ἐπὶ
982 2032 1202 2110 Θρῆκην
1254 2034 1457 2110 χωρία.
1505 2033 1844 2096 Γνωσθὲντος
1878 2029 1933 2085 δὲ

268 2123 471 2180 τοῦτου
520 2128 599 2195 τῷ
649 2123 887 2200 βασιλεῖ,
940 2123 1052 2179 ἐπεὶ
1102 2124 1190 2179 καὶ
1225 2125 1253 2178 6
1297 2122 1591 2183 ἐπίσκοπος
1630 2119 1929 2193 συνειλημ-

279 2213 443 2285 μένος
474 2213 567 2267 καὶ
597 2213 727 2275 τοὺς
757 2211 1025 2289 ἆλὲγχους
1059 2213 1170 2288 οὐχ
1199 2212 1315 2275 οἷός
1335 2232 1391 2266 τε
1424 2212 1496 2267 ὥν
1533 2207 1932 2287 διαδιδράσκειν

274 2303 452 2357 πάντα
479 2302 678 2372 ἐξοῖσεν
709 2302 784 2364 εἷς
811 2301 1140 2377 τούμφανὶς,
1189 2299 1464 2378 παρεδόθη
1508 2305 1625 2363 τοῖς
1659 2297 1933 2360 δικασταῖς

278 2392 308 2447 6
334 2390 784 2466 κουροπαλάτης,
818 2393 907 2446 καὶ
958 2390 1063 2447 ὐπὸ
1111 2393 1329 2446 πάντων
1380 2390 1587 2445 τούτων
1624 2395 1931 2465 προστιμᾶ-

274 2500 367 2536 ται
414 2482 660 2536 τεθνάναι
707 2480 801 2535 σὺν
851 2485 932 2552 τῷ
976 2482 1079 2551 υἱῷ
1110 2499 1124 2513 ⁸
1176 2478 1567 2554 ἐπιεικέστερον
1615 2475 1672 2533 δὲ
1713 2477 1932 2553 χρησα-

284 2571 455 2643 μὶνου
511 2574 612 2625 τοῦ
666 2567 958 2641 βασιλέως,
1018 2568 1268 2645 ἀειφυγίᾳ
1340 2569 1431 2623 καὶ
1502 2565 1610 2623 τῶν
1665 2566 1928 2641 ὀμμάτων

280 2658 535 2733 πηρώσει
581 2657 671 2713 καὶ
731 2659 899 2733 ἄμφω
954 2655 1423 2727 καταδικάζονται,
1483 2654 1821 2727 λεληθότως,
1856 2656 1932 2717 ὡς

282 2745 653 2822 λέγεται,τοῦ
700 2747 971 2823 βασιλέως
1028 2745 1493 2823 παραγγείλαντος
1531 2751 1648 2809 τοῖς
1705 2743 1929 2818 δημίοις

277 2834 553 2909 μηδαμῶς
624 2836 724 2899 τὰς
811 2832 963 2910 ὄψεις
1044 2838 1251 2892 τούτων
1343 2831 1715 2907 λωϐήσασθαι,
1784 2832 1930 2889 ἀλλά

282 2924 509 2996 δόκησιν
591 2925 687 2999 μὶν
767 2931 1068 3003 παρασχεῖν
1159 2922 1574 3004 ἐκτυφλώσεως,
1655 2920 1796 2999 ἔργῳ
1881 2920 1928 2977 δ’

281 3014 434 3070 iam:
492 3016 721 3080 τούτους
774 3015 837 3070 τὸ
903 3014 1105 3070 οἰκεῖον
1183 3014 1544 3090 ἀποφέρεσθαι
1603 3018 1734 3092 φῶς,
1788 3012 1925 3067 ἀπο-

278 3103 485 3177 rip-idm:
525 3100 585 3158 δὲ
640 3103 732 3158 καὶ
781 3104 864 3159 ὅτι
917 3102 1382 3180 προστεταγμένον
1439 3103 1504 3173 ἢν
1560 3107 1721 3158 τοῦτο
1780 3101 1926 3177 παρᾶ

2040 516 2484 585 suﬁecturus,in
2517 518 2717 575 Asiam
2749 520 3273 592 trajicere.Etenim
3305 528 3523 585 Bardas
3544 531 3697 588 Pho-

2039 620 2138 661 cas
2170 620 2239 660 ex
2274 606 2513 662 Amasis
2542 609 2914 681 profugus,in
2946 627 3126 682 quam
3159 612 3454 686 relegatus
3488 617 3695 691 fuerat,

2040 694 2192 749 facta
2220 694 2445 752 occulte
2475 698 2909 769 conspiratione
2941 716 3075 756 cum
3106 703 3612 774 cognatis,amicis
3641 715 3701 765 et

2036 782 2429 841 familiaribus
2449 785 3001 860 suis,occupaverat
3040 790 3364 848 Caesaream
3395 794 3697 867 Cappado-

2037 872 2364 945 cize,ibique
2400 874 2591 931 socios
2612 875 2768 932 haud
2816 894 3036 950 paucos
3084 880 3415 954 collegerat,
3438 900 3689 955 quorum

2036 962 2332 1035 principes
2362 969 2529 1020 erant
2558 964 2662 1020 filii
2696 966 2926 1038 patricii
2982 967 3269 1025 'l‘beoduli
3311 975 3690 1029 Parsacuteui

2036 1050 2378 1108 Theodorus
2390 1053 2913 1127 etNicepborus,ac
2926 1056 3159 1128 quidam
3173 1059 3692 1131 patriciusSimeon

2037 1139 2444 1211 Ampelas.His
2466 1144 2651 1199 fretus
2672 1145 2825 1200 389
2854 1147 3067 1202 Bardas
3089 1147 3315 1203 Phocas
3332 1149 3691 1221 opibus,dia-

2036 1230 2267 1285 demate
2296 1230 2656 1304 reliquisque
2684 1233 2917 1305 imperii
2958 1234 3296 1307 insignibus
3345 1240 3693 1311 assumptis,

2035 1319 2316 1375 adversus
2346 1319 2759 1392 imperatorem
2792 1323 3137 1380 seditionem
3162 1328 3534 1383 moverat.Ad
3561 1344 3692 1384 eam

2036 1408 2413 1465 defectionem
2443 1414 2607 1482 pater
2627 1412 2756 1482 ejus
2778 1412 2886 1468 Leo
2906 1414 3275 1487 curepalates
3304 1416 3453 1472 alios
3484 1433 3693 1473 mune-

2036 1496 2227 1565 ribus,
2256 1497 2402 1555 alios
2431 1498 2786 1571 dignitatum
2836 1506 2893 1557 et
2936 1518 3115 1574 opum
3167 1504 3694 1576 pollicitationibus

2037 1590 2574 1657 permoverat,usus
2595 1590 2662 1644 ad
2698 1589 2807 1646 hoc
2830 1590 3156 1647 ministerio
3187 1593 3444 1667 episcopi
3467 1596 3695 1667 Abyde-

2038 1674 2137 1744 ni;
2171 1680 2349 1747 atque
2396 1678 2522 1748 ipse
2570 1682 2858 1735 statuerat
2905 1679 3243 1737 clanculum
3292 1698 3362 1738 ex
3407 1683 3589 1739 Lesbo
3635 1684 3693 1739 in

2037 1763 2346 1821 Thraciam
2371 1783 2489 1823 una
2503 1783 2636 1823 cum
2670 1768 2788 1823 filio
2810 1786 2918 1826 suo
2938 1769 3263 1842 Nicephoro
3283 1772 3574 1842 trajicere.
3592 1772 3695 1829 Hic

2042 1854 2406 1925 curOpalates
2445 1871 2507 1912 re
2555 1856 2894 1929 imperatori
2940 1859 3163 1915 delecta
3211 1862 3696 1935 (comprehensus

2042 1942 2196 1998 enim
2228 1944 2540 2017 episcopus
2568 1946 2883 2017 Abydenus
2913 1952 2971 2002 et
2992 1948 3293 2006 convictus
3326 1966 3448 2006 rem
3504 1956 3691 2008 totam

2041 2031 2413 2105 patefecerat)
2435 2034 2740 2104 judicibus
2769 2036 3044 2103 traditus,
3077 2038 3151 2093 ab
3182 2040 3376 2110 iisque
3401 2046 3589 2097 morte
3608 2045 3701 2097 est

2042 2136 2176 2176 cum
2206 2120 2324 2176 filio
2347 2122 2683 2179 damnatus.
2715 2124 2826 2180 Sed
2860 2126 3182 2198 imperator
3221 2128 3305 2184 ita
3335 2130 3695 2187 sententiam

2043 2210 2334 2283 mitigavit
2380 2217 2444 2267 ut
2488 2218 2729 2284 uterque
2792 2215 2980 2271 oculis
3046 2217 3287 2273 orbatus
3340 2224 3691 2290 perpetuum

2041 2299 2352 2356 exsularet.
2398 2302 2718 2374 Ferturque
2761 2303 2911 2359 clam
2957 2305 3333 2361 carnificibus
3382 2308 3697 2364 mandasse

2042 2405 2116 2444 ne
2146 2388 2333 2447 oculis
2363 2406 2463 2447 eos
2493 2391 2810 2463 privarent,
2852 2394 2953 2448 sed
3000 2393 3278 2450 simulato
3310 2410 3408 2451 eos
3440 2413 3502 2451 se
3548 2398 3694 2453 effo-

2041 2478 2200 2534 disse
2228 2479 2421 2535 visum
2451 2480 2803 2537 incolumem
2839 2481 2985 2554 ipsis
3030 2482 3452 2555 relinquerent,
3502 2500 3694 2557 neque

2043 2568 2320 2624 mandato
2349 2569 2405 2623 id
2439 2585 2502 2625 se
2528 2570 2918 2642 imperatoris,
2949 2572 3049 2627 sed
3086 2572 3452 2629 humanitate
3500 2578 3689 2631 motos

2040 2656 2249 2713 fecisse
2276 2674 2390 2729 prae
2423 2675 2486 2714 se
2536 2659 2771 2715 ferrent.
2826 2662 2880 2716 Is
2928 2664 3055 2716 tum
3104 2661 3212 2716 fuit
3255 2662 3446 2718 exitus
3495 2679 3690 2719 rerum

2040 2746 2710 2819 curopalatie.Cteterum
2745 2749 2940 2806 Durus
2972 2756 3037 2805 ut
3064 2749 3123 2806 in
3158 2752 3354 2807 Asiam
3403 2753 3473 2807 ad
3508 2752 3689 2826 Dory-

2036 2834 2207 2891 lmum
2239 2836 2521 2908 pervenit,
2556 2838 2745 2909 primo
2775 2838 3027 2895 Pbocam
3059 2844 3117 2895 et
3144 2841 3274 2911 ejus
3302 2841 3691 2913 conspiratio-

2037 2925 2130 2979 nis
2154 2924 2461 2996 populares
2474 2926 2969 2998 promissionibus
2991 2928 3364 3000 splendidisa
3388 2930 3689 3003 proposito

2035 3012 2321 3069 deducere
2351 3014 2615 3071 tentavit.
2648 3015 3026 3072 Mandaverat
3055 3018 3211 3073 enim
3238 3018 3349 3091 ipsi
3369 3018 3692 3091 imperator

2034 3105 2100 3157 ut
2130 3103 2320 3174 quoad
2352 3105 2482 3174 ejus
2528 3104 2767 3160 omnino
2800 3106 2924 3161 fieri
2975 3111 3196 3178 posset,
3244 3124 3456 3164 manus
3502 3108 3691 3165 civilis

271 3197 371 3247 τοῦ
434 3190 734 3268 βασιλέως,
789 3193 1002 3255 ὶαυτοῖς
1062 3190 1120 3248 δὲ
1174 3193 1237 3247 τὸ
1296 3190 1453 3269 ἔργον
1510 3191 1788 3247 ἀναθέσθαι
1848 3191 1922 3253 ὡς

2038 3192 2346 3265 sanguinis
2376 3209 2555 3263 puras
2584 3199 2860 3250 servaret.
2892 3195 3207 3266 Postquam
3241 3213 3374 3252 vero
3406 3197 3465 3253 id
3498 3199 3604 3255 abs
3627 3215 3690 3255 re

264 3283 413 3356 τάχα
498 3280 1144 3360 φιλανθρωπευσαμένοις
1226 3282 1316 3337 καὶ
1390 3282 1784 3357 χαρισαμένοις
1860 3281 1923 3335 τὸ

267 3370 497 3447 βλέπειν
538 3371 745 3434 αὑτοῖς.
807 3369 907 3425 Καὶ
963 3371 1031 3426 τὰ
1088 3372 1183 3444 μὶν
1240 3374 1337 3426 τοῦ
1379 3368 1795 3447 κουροπαλάτου
1849 3369 1925 3433 εἷς

260 3465 429 3514 τοῦτο
492 3457 791 3515 ἐτελεύτα·
886 3454 1074 3521 διαϐάς
1156 3457 1215 3515 δὲ
1294 3460 1324 3513 6
1383 3459 1636 3533 Σκληρὸς
1692 3458 1767 3520 εἰς
1822 3459 1922 3526 τὴν

267 3549 460 3605 Ἀσίαν
510 3548 611 3603 κάν
662 3553 743 3620 τῷ
814 3546 1101 3622 Δορυλαίῳ
1176 3547 1459 3625 γενόμενος
1545 3552 1760 3623 πρῶτον
1827 3549 1921 3620 μὲν

266 3637 607 3713 ἀπεπειρᾶτο
636 3641 731 3691 τοῦ
772 3643 940 3693 Φωκᾶ
987 3637 1075 3693 καὶ
1119 3642 1228 3693 τῶν
1271 3658 1451 3711 τουτῳ
1497 3636 1919 3713 συναιρομίνων⁹

267 3726 321 3780 εἴ
370 3748 498 3787 πως
558 3726 812 3797 συνηθείη
877 3726 1037 3790 αὐτὸς
1110 3728 1322 3802 ἀγαθῶν
1384 3727 1737 3802 ὑποσχέσεσιν
1796 3728 1923 3780 ἀπο-

264 3821 463 3884 στῆναι
510 3820 696 3869 πεῖσαι
756 3818 861 3869 τῶν
908 3812 1359 3891 βεϐουλευμένων
1411 3817 1519 3889 (καὶ
1576 3817 1676 3892 γὰρ
1735 3812 1801 3885 δὴ
1830 3815 1921 3869 καὶ

260 3903 641 3981 παραγγελίαν
703 3904 847 3979 εἶχεν
897 3903 959 3959 ἐκ
1006 3903 1275 3980 βασιλέως
1324 3905 1401 3967 ὡς
1448 3904 1670 3959 ἀνυστὸν
1719 3904 1922 3979 ἀγωνί-

261 4006 455 4057 cus-oar.
544 3992 822 4071 ἐμφυλίου
928 3989 1162 4067 αἵματος
1254 3995 1490 4068 καθαρὰς
1593 3991 1919 4070 διατηρῆσαι

264 4083 363 4143 τὶς
448 4085 714 4158 χεῖρας)·
777 4082 849 4144 ὡς
930 4080 977 4136 δ’
1061 4082 1346 4153 ἀνηνύτοις
1422 4082 1565 4158 ἔγνω
1622 4081 1917 4157 ἐπιχειρῶν

270 4170 657 4246 (ἐθρασύνοπο
702 4171 803 4247 γὰρ
862 4168 1075 4244 μᾶλλον
1152 4168 1189 4240 ἤ
1241 4170 1571 4247 ἐχαυνοῦντο
1618 4178 1737 4234 ταῖς
1794 4193 1920 4248 πρε-

267 4255 473 4321 σϐείαις
506 4261 562 4315 οἱ
623 4259 965 4328 ἀποστάται),
1024 4258 1189 4336 ἔργου
1242 4258 1351 4331 ἤδη
1408 4258 1663 4317 ἅπτεσθαι
1721 4259 1915 4337 ἔκρινε,

270 4348 350 4423 [Ρ.
399 4350 531 4421 670]
584 4348 676 4403 καὶ
722 4347 813 4402 τὸν
874 4348 1099 4423 στρατὸν
1155 4347 1370 4425 ἀγείρας
1425 4349 1589 4422 ἀπῄεί
1639 4350 1771 4424 πρὸς
1814 4351 1913 4418 τήν

261 4440 614 4513 Καισάρειαν.
673 4438 839 4512 Ὅπερ
907 4438 961 4491 οἱ
1030 4436 1123 4492 σὺν
1202 4443 1283 4511 τῷ
1360 4443 1529 4509 Φωκᾷ
1597 4437 1914 4514 ἐγνωκότες,

258 4526 350 4579 καὶ
378 4527 459 4616 Δτὸ
508 4524 593 4580 ἐπ’
630 4522 883 4616 *ἀδήλοις
942 4524 1150 4581 ἐλπίσιν
1213 4526 1462 4616 όχεῖσβαι
1517 4526 1787 4616 ἐάσαντες
1822 4528 1913 4582 καί
1945 4550 1992 4616 D

258 4616 328 4671 τὰ
374 4613 427 4670 ἐν
485 4613 649 4691 χερσῖ
706 4616 1167 4689 προτιμήσαντες,
1224 4616 1319 4678 τὰς
1371 4615 1430 4671 ἐκ
1483 4620 1585 4671 τοῦ
1647 4614 1916 4692 βασιλέως

267 4702 561 4777 διδομένας
613 4701 802 4767 αὐτοῖς
858 4701 1064 4777 δωρεὰς
1111 4702 1387 4779 δεξάμενοι
1433 4705 1624 4768 νυκτὸς
1670 4704 1911 4782 ἐπιγενο-

267 4795 437 4865 μὲνης
493 4790 869 4865 αὐτομολοῦσι
921 4794 1062 4866 πρὸς
1106 4794 1199 4849 τὸν
1254 4794 1529 4869 Σκληρὸν,
1556 4799 1772 4870 πρῶτος
1814 4796 1908 4867 μὶν

262 4885 290 4937 ὁ
325 4882 585 4957 Διογένης
640 4878 1031 4956 Ἀδράλεστος,
1094 4884 1205 4939 εἶτα
1258 4883 1348 4938 καὶ
1408 4884 1436 4938 6
1488 4881 1768 4958 ’Δμπελᾶς
1821 4883 1909 4938 καὶ

255 4973 304 5026 οἱ
336 4975 435 5026 τοῦ
463 4966 774 5025 Θεοδοῦλου
824 4967 1038 5039 παῖδες,
1070 4973 1123 5026 οἱ
1170 4971 1259 5027 καὶ
1302 4973 1365 5027 τὸ
1402 4978 1504 5027 πᾶν
1544 4979 1646 5043 τῆς
1676 4974 1911 5027 ἀποστα-

259 5062 380 5122 σίας
461 5058 1020 5135 προκαταρτόσαντες,
1099 5060 1190 5116 καὶ
1286 5059 1476 5138 ἐφεξῆς
1558 5064 1622 5117 τὸ
1712 5060 1906 5117 λοιπὸν

261 5153 401 5205 ἅπαν
459 5151 696 5216 πλῆθος,
756 5148 833 5211 ὡς
897 5148 1060 5221 μόνον
1110 5150 1306 5225 ἀθρόον
1383 5151 1517 5223 μετὰ
1560 5154 1668 5205 τῶν
1717 5150 1908 5206 ἑαυτοῦ

261 5236 604 5314 θεραπόντων
678 5236 1100 5315 περελειφθῆναι
1175 5240 1268 5294 τὸν
1330 5245 1552 5298 Φωκᾶν.
1608 5240 1797 5310 ΙΙάσης
1851 5237 1908 5294 δὲ

256 5326 511 5403 βοηθείας
592 5318 803 5399 ἕρημος
890 5326 1048 5389 οὗτος
1147 5326 1516 5407 ἀπολειφθεὶς,
1604 5329 1692 5383 καὶ
1784 5327 1906 5399 ἀνίᾳ

258 5414 572 5492 βαπτισθεὶς
633 5413 723 5468 καὶ
796 5412 945 5489 λύπῃ
1026 5418 1163 5472 κατά
1232 5422 1341 5473 τῶν
1397 5417 1904 5492 παρακινησάντων,

334 5634 353 5668 ⁸
382 5629 541 5689 Psal.
570 5644 765 5701 xxxrv,
798 5631 852 5688 3.

2035 3297 2096 3337 se
2110 3281 2307 3337 conari
2330 3282 2485 3337 890
2522 3281 2667 3337 vidit
2694 3283 2931 3355 (quippe
2948 3283 3209 3340 seditiosi
3237 3284 3445 3355 legatis
3468 3287 3689 3343 auditis

2034 3372 2235 3444 potius
2265 3370 2657 3427 efferebantur
2711 3388 2889 3443 quam
2940 3377 3006 3428 ut
3048 3374 3372 3445 quidquam
3403 3376 3684 3431 concede-

2032 3463 2206 3530 rent),
2256 3476 2377 3516 rem
2427 3476 2624 3531 gerere
2691 3461 2965 3530 intendit,
3020 3461 3379 3534 collectoque
3426 3465 3682 3521 exercitu

2032 3555 2351 3606 Caesaream
2383 3550 2572 3622 petiit.
2596 3553 2663 3605 At
2702 3550 2842 3606 socii
2873 3551 3077 3607 Phocea
3109 3568 3175 3607 eo
3233 3551 3509 3623 cognito,
3546 3569 3682 3624 spes

2030 3641 2285 3696 incertas
2317 3641 2695 3713 repudiantes
2724 3640 2916 3712 iisque
2944 3641 3004 3697 in
3037 3649 3307 3713 promptu
3342 3642 3455 3697 sita
3486 3643 3680 3714 praefe-

2031 3734 2249 3795 rentes,
2288 3729 2544 3800 acceptis
2586 3746 2714 3801 quaa
2763 3730 2838 3785 ab
2879 3729 3231 3801 imperatore
3289 3730 3683 3787 offerebantur

2030 3819 2395 3885 muneribus,
2429 3827 2595 3875 nocte
2625 3820 2777 3875 facta
2807 3820 2879 3874 ad
2912 3820 3161 3875 Bardam
3208 3821 3681 3892 transfugerunt,

2029 3909 2257 3980 primus
2310 3909 2575 3963 omnium
2629 3908 2916 3980 Diogenes
2962 3909 3330 3976 Adralestus,
3384 3910 3594 3965 deinde
3624 3916 3682 3967 et

2028 3997 2299 4068 Ampelas
2346 4002 2403 4051 et
2460 3997 2743 4053 Theoduli
2806 3997 2933 4067 filii,
3004 3999 3103 4069 qui
3179 4002 3446 4055 auctores
3494 4000 3679 4056 totius

2027 4084 2368 4140 defectionis
2400 4084 2665 4152 fuerant;
2698 4088 2825 4140 tum
2856 4084 3084 4157 reliqua
3108 4085 3302 4141 omnis
3334 4087 3679 4157 multitudo,

2026 4173 2108 4229 ita
2135 4179 2199 4229 ut
2244 4173 2407 4229 solus
2456 4190 2590 4229 cum
2643 4174 2769 4230 suis
2820 4174 3060 4229 famulis
3102 4175 3327 4230 Pbocas
3370 4176 3678 4233 manserit.

2024 4266 2215 4333 Atque
2262 4262 2357 4318 hic
2422 4262 2582 4318 omni
2647 4262 2967 4319 destitutus
3032 4262 3271 4329 auxilio,
3342 4264 3675 4335 mgritudini

2024 4350 2207 4407 animi
2245 4356 2416 4422 atque
2462 4351 2854 4422 indignationi
2914 4352 3195 4407 adversus
3247 4368 3346 4408 eos
3394 4353 3495 4423 qui
3538 4368 3673 4408 eum

2022 4439 2187 4512 prius
2214 4442 2283 4495 ad
2315 4439 2696 4495 rebellionem
2726 4440 3040 4495 incitarant
3075 4444 3254 4511 atque
3297 4446 3420 4496 tum
3473 4442 3676 4513 prodi-

2022 4528 2225 4583 derant
2272 4528 2612 4598 immersus,
2670 4532 2839 4584 nocte
2879 4529 3004 4599 jam
3074 4529 3383 4599 ingruente
3442 4530 3672 4601 sopitus

2023 4624 2132 4673 est.
2167 4618 2270 4672 Per
2298 4633 2569 4672 somnum
2618 4617 2971 4689 imaginatus
3004 4622 3093 4672 est
3120 4617 3385 4687 quiritari
3431 4634 3495 4673 se
3542 4618 3675 4672 ani-

2023 4722 2238 4778 moque
2268 4706 2492 4778 angi,et
2518 4709 2587 4761 de
2616 4705 2690 4762 iis
2720 4706 2819 4777 qui
2852 4706 3073 4776 injuria
3102 4707 3297 4777 ipsum
3330 4707 3671 4773 affecerant,

2022 4795 2107 4851 sic
2140 4796 2251 4851 Deo
2283 4795 2563 4866 conqueri
2598 4812 2611 4850 :
2648 4817 2669 4845 ι
2708 4794 2974 4865 Domine,
3005 4794 3287 4850 ulciscere
3312 4812 3434 4864 eos,
3457 4795 3556 4868 qui
3581 4812 3673 4851 me

2020 4884 2377 4939 infestarunt
2406 4885 2444 4936 ¹.
2477 4906 2505 4933 ››
2535 4888 2799 4956 Cumque
2850 4884 3147 4956 reliquum
3191 4883 3405 4956 psalmi
3454 4885 3670 4941 addere

2019 4972 2211 5043 vellet,
2242 4988 2441 5028 vocem
2492 4973 2699 5028 audire
2748 4990 2872 5044 quea
2925 4974 3193 5045 progredi
3238 4977 3480 5038 vetaret,
3512 4975 3669 5045 quod

2018 5061 2235 5117 diceret
2257 5061 2542 5133 reliquam
2568 5062 2849 5118 carminis
2877 5065 3238 5135 partemjam
3269 5078 3398 5119 esse
3428 5080 3464 5119 a
3486 5063 3671 5119 Barda

2018 5157 2411 5222 anteceptam.
2446 5152 2710 5209 Surrexit
2738 5168 2875 5225 ergo
2906 5152 3353 5219 tremebundus,
3389 5152 3673 5224 omnique

2018 5258 2080 5297 se
2118 5259 2221 5314 spe
2251 5241 2536 5298 excidisse
2576 5242 2803 5309 videns,
2847 5246 2912 5297 ut
2964 5246 3089 5296 erat
3135 5241 3486 5312 instructus,
3534 5258 3669 5298 cum

2016 5331 2141 5386 suis
2181 5347 2362 5403 equos
2407 5331 2769 5401 conscendit,
2825 5332 3077 5403 fugaque
3120 5330 3427 5387 castellum
3486 5331 3673 5404 Tyro-

2016 5436 2209 5492 poeum
2243 5418 2425 5492 petiit.
2459 5420 2679 5476 Bardas
2730 5418 2829 5475 ubi
2860 5420 2933 5476 de
2980 5420 3119 5493 fuga
3165 5420 3296 5492 ejus
3339 5419 3553 5476 certior
3582 5422 3673 5475 est
