  <div class='ocr_page' id='page_1' title='image "/cluster/home/n/w/nwhite01/storage/ocr_20150623/122/hvd.32044073502460/071.png"; bbox 0 0 4004 6208; ppageno 0'>
   <div class='ocr_carea' id='block_1_1' title="bbox 184 274 365 359">
    <p class='ocr_par' dir='ltr' id='par_1_1' title="bbox 184 274 365 359">
     <span class='ocr_line' id='line_1_1' title="bbox 184 274 365 359; baseline 0.006 -1"><span class='ocrx_word' id='word_1_1' title='bbox 184 274 365 359; x_wconf 58' lang='lat'><strong>123</strong></span> 
     </span>
    </p>
   </div>
   <div class='ocr_carea' id='block_1_2' title="bbox 1595 294 2295 373">
    <p class='ocr_par' dir='ltr' id='par_1_2' title="bbox 1595 294 2295 373">
     <span class='ocr_line' id='line_1_2' title="bbox 1595 294 2295 373; baseline 0 -16"><span class='ocrx_word' id='word_1_2' title='bbox 1595 295 1912 357; x_wconf 75' lang='lat' dir='ltr'><strong>GEORGII</strong></span> <span class='ocrx_word' id='word_1_3' title='bbox 1954 294 2295 373; x_wconf 72' lang='lat' dir='ltr'><strong>cannam</strong></span> 
     </span>
    </p>
   </div>
   <div class='ocr_carea' id='block_1_3' title="bbox 3538 296 3661 356">
    <p class='ocr_par' dir='ltr' id='par_1_3' title="bbox 3538 296 3661 356">
     <span class='ocr_line' id='line_1_3' title="bbox 3538 296 3661 356; baseline 0 0"><span class='ocrx_word' id='word_1_4' title='bbox 3538 296 3661 356; x_wconf 70' lang='grc'><strong>124</strong></span> 
     </span>
    </p>
   </div>
   <div class='ocr_carea' id='block_1_4' title="bbox 240 425 1905 507">
    <p class='ocr_par' dir='ltr' id='par_1_4' title="bbox 240 428 1893 504">
     <span class='ocr_line' id='line_1_4' title="bbox 240 428 1893 504; baseline -0.001 -17"><span class='ocrx_word' id='word_1_5' title='bbox 240 430 442 502; x_wconf 86' lang='lat' dir='ltr'><strong>frctas,</strong></span> <span class='ocrx_word' id='word_1_6' title='bbox 478 429 783 503; x_wconf 86' lang='lat' dir='ltr'><strong>expeditos</strong></span> <span class='ocrx_word' id='word_1_7' title='bbox 831 430 1060 504; x_wconf 88' lang='lat' dir='ltr'><strong>equites</strong></span> <span class='ocrx_word' id='word_1_8' title='bbox 1113 431 1321 498; x_wconf 81' lang='lat' dir='ltr'><strong>mittit,</strong></span> <span class='ocrx_word' id='word_1_9' title='bbox 1386 430 1488 504; x_wconf 90' lang='lat' dir='ltr'><strong>qui</strong></span> <span class='ocrx_word' id='word_1_10' title='bbox 1534 428 1801 487; x_wconf 81' lang='lat' dir='ltr'><strong>celeriter</strong></span> <span class='ocrx_word' id='word_1_11' title='bbox 1842 431 1893 488; x_wconf 92' lang='lat' dir='ltr'><strong>ei</strong></span> 
     </span>
    </p>
   </div>
   <div class='ocr_carea' id='block_1_5' title="bbox 2015 425 3653 507">
    <p class='ocr_par' dir='ltr' id='par_1_5' title="bbox 2015 425 3653 507">
     <span class='ocr_line' id='line_1_5' title="bbox 2015 425 3653 507; baseline 0 -23"><span class='ocrx_word' id='word_1_12' title='bbox 2015 428 2123 484; x_wconf 74' lang='grc' dir='ltr'>εἶτα</span> <span class='ocrx_word' id='word_1_13' title='bbox 2176 425 2627 504; x_wconf 68' lang='grc' dir='ltr'><strong>προδεδωκότων,</strong></span> <span class='ocrx_word' id='word_1_14' title='bbox 2705 430 3015 507; x_wconf 68' lang='grc' dir='ltr'>κατηνέχθη</span> <span class='ocrx_word' id='word_1_15' title='bbox 3080 428 3217 505; x_wconf 84' lang='grc' dir='ltr'>πρὸς</span> <span class='ocrx_word' id='word_1_16' title='bbox 3302 427 3467 484; x_wconf 74' lang='grc' dir='ltr'>ὕπνον</span> <span class='ocrx_word' id='word_1_17' title='bbox 3541 425 3653 500; x_wconf 70' lang='grc' dir='ltr'><strong>ἤδη</strong></span> 
     </span>
    </p>
   </div>
   <div class='ocr_carea' id='block_1_6' title="bbox 242 520 1899 594">
    <p class='ocr_par' dir='ltr' id='par_1_6' title="bbox 242 520 1899 594">
     <span class='ocr_line' id='line_1_6' title="bbox 242 520 1899 594; baseline -0.001 -16"><span class='ocrx_word' id='word_1_18' title='bbox 242 524 553 578; x_wconf 89' lang='lat' dir='ltr'><strong>occurrant</strong></span> <span class='ocrx_word' id='word_1_19' title='bbox 581 524 641 577; x_wconf 90' lang='lat' dir='ltr'><strong>et</strong></span> <span class='ocrx_word' id='word_1_20' title='bbox 683 523 1001 593; x_wconf 76' lang='lat' dir='ltr'><strong>antequam</strong></span> <span class='ocrx_word' id='word_1_21' title='bbox 1050 520 1357 577; x_wconf 79' lang='lat' dir='ltr'><strong>castellum</strong></span> <span class='ocrx_word' id='word_1_22' title='bbox 1413 522 1590 577; x_wconf 83' lang='lat' dir='ltr'><strong>intret</strong></span> <span class='ocrx_word' id='word_1_23' title='bbox 1631 536 1899 594; x_wconf 90' lang='lat' dir='ltr'><strong>compre-</strong></span> 
     </span>
    </p>
   </div>
   <div class='ocr_carea' id='block_1_7' title="bbox 244 609 1900 682">
    <p class='ocr_par' dir='ltr' id='par_1_7' title="bbox 244 609 1900 682">
     <span class='ocr_line' id='line_1_7' title="bbox 244 609 1900 682; baseline 0.001 -17"><span class='ocrx_word' id='word_1_24' title='bbox 244 610 526 666; x_wconf 85' lang='lat' dir='ltr'><strong>hendant.</strong></span> <span class='ocrx_word' id='word_1_25' title='bbox 576 609 616 665; x_wconf 90' lang='lat' dir='ltr'><strong>li</strong></span> <span class='ocrx_word' id='word_1_26' title='bbox 665 610 859 667; x_wconf 78' lang='lat' dir='ltr'><strong>citatis</strong></span> <span class='ocrx_word' id='word_1_27' title='bbox 903 611 1051 666; x_wconf 73' lang='lat'><strong>891</strong></span> <span class='ocrx_word' id='word_1_28' title='bbox 1120 611 1289 682; x_wconf 89' lang='lat' dir='ltr'><strong>equis</strong></span> <span class='ocrx_word' id='word_1_29' title='bbox 1335 610 1485 666; x_wconf 88' lang='lat' dir='ltr'><strong>vecti</strong></span> <span class='ocrx_word' id='word_1_30' title='bbox 1532 610 1789 667; x_wconf 87' lang='lat' dir='ltr'><strong>Phocam</strong></span> <span class='ocrx_word' id='word_1_31' title='bbox 1839 612 1900 667; x_wconf 93' lang='lat' dir='ltr'><strong>in</strong></span> 
     </span>
    </p>
   </div>
   <div class='ocr_carea' id='block_1_8' title="bbox 247 700 1900 774">
    <p class='ocr_par' dir='ltr' id='par_1_8' title="bbox 247 700 1900 774">
     <span class='ocr_line' id='line_1_8' title="bbox 247 700 1900 774; baseline 0.001 -18"><span class='ocrx_word' id='word_1_32' title='bbox 247 716 452 771; x_wconf 86' lang='lat' dir='ltr'><strong>campo</strong></span> <span class='ocrx_word' id='word_1_33' title='bbox 509 704 914 772; x_wconf 82' lang='lat' dir='ltr'><strong>assequuntur</strong></span> <span class='ocrx_word' id='word_1_34' title='bbox 970 700 1215 771; x_wconf 88' lang='lat' dir='ltr'><strong>jamiam</strong></span> <span class='ocrx_word' id='word_1_35' title='bbox 1266 700 1385 755; x_wconf 89' lang='lat' dir='ltr'><strong>imo</strong></span> <span class='ocrx_word' id='word_1_36' title='bbox 1437 701 1619 756; x_wconf 88' lang='lat' dir='ltr'><strong>monti</strong></span> <span class='ocrx_word' id='word_1_37' title='bbox 1675 701 1733 756; x_wconf 89' lang='lat' dir='ltr'><strong>in</strong></span> <span class='ocrx_word' id='word_1_38' title='bbox 1787 718 1900 774; x_wconf 89' lang='lat' dir='ltr'><strong>quo</strong></span> 
     </span>
    </p>
   </div>
   <div class='ocr_carea' id='block_1_9' title="bbox 259 787 1902 846">
    <p class='ocr_par' dir='ltr' id='par_1_9' title="bbox 259 787 1902 846">
     <span class='ocr_line' id='line_1_9' title="bbox 259 787 1902 846; baseline 0.001 -2"><span class='ocrx_word' id='word_1_39' title='bbox 259 787 567 845; x_wconf 83' lang='lat' dir='ltr'><strong>castellum</strong></span> <span class='ocrx_word' id='word_1_40' title='bbox 626 793 752 844; x_wconf 89' lang='lat' dir='ltr'><strong>erat</strong></span> <span class='ocrx_word' id='word_1_41' title='bbox 779 789 959 844; x_wconf 89' lang='lat' dir='ltr'><strong>situm</strong></span> <span class='ocrx_word' id='word_1_42' title='bbox 1005 789 1382 845; x_wconf 85' lang='lat' dir='ltr'><strong>subeuntem.</strong></span> <span class='ocrx_word' id='word_1_43' title='bbox 1438 789 1573 844; x_wconf 86' lang='lat' dir='ltr'><strong>Erat</strong></span> <span class='ocrx_word' id='word_1_44' title='bbox 1624 790 1776 845; x_wconf 88' lang='lat' dir='ltr'><strong>inter</strong></span> <span class='ocrx_word' id='word_1_45' title='bbox 1804 806 1902 846; x_wconf 90' lang='lat' dir='ltr'><strong>eos</strong></span> 
     </span>
    </p>
   </div>
   <div class='ocr_carea' id='block_1_10' title="bbox 248 876 1901 951">
    <p class='ocr_par' dir='ltr' id='par_1_10' title="bbox 248 876 1901 951">
     <span class='ocr_line' id='line_1_10' title="bbox 248 876 1901 951; baseline 0.001 -18"><span class='ocrx_word' id='word_1_46' title='bbox 248 878 495 933; x_wconf 80' lang='lat' dir='ltr'><strong>audacia</strong></span> <span class='ocrx_word' id='word_1_47' title='bbox 525 881 583 933; x_wconf 91' lang='lat' dir='ltr'><strong>et</strong></span> <span class='ocrx_word' id='word_1_48' title='bbox 630 876 825 934; x_wconf 90' lang='lat' dir='ltr'><strong>indole</strong></span> <span class='ocrx_word' id='word_1_49' title='bbox 872 878 1144 951; x_wconf 85' lang='lat' dir='ltr'><strong>princeps</strong></span> <span class='ocrx_word' id='word_1_50' title='bbox 1195 879 1619 936; x_wconf 81' lang='lat' dir='ltr'><strong>Constantinus</strong></span> <span class='ocrx_word' id='word_1_51' title='bbox 1649 880 1901 936; x_wconf 90' lang='lat' dir='ltr'><strong>Charon.</strong></span> 
     </span>
    </p>
   </div>
   <div class='ocr_carea' id='block_1_11' title="bbox 248 966 1899 1040">
    <p class='ocr_par' dir='ltr' id='par_1_11' title="bbox 248 966 1899 1040">
     <span class='ocr_line' id='line_1_11' title="bbox 248 966 1899 1040; baseline 0.002 -19"><span class='ocrx_word' id='word_1_52' title='bbox 248 968 305 1022; x_wconf 93' lang='lat' dir='ltr'><strong>Is</strong></span> <span class='ocrx_word' id='word_1_53' title='bbox 338 966 579 1037; x_wconf 87' lang='lat' dir='ltr'><strong>reliquis</strong></span> <span class='ocrx_word' id='word_1_54' title='bbox 628 983 662 1021; x_wconf 88' lang='lat' dir='ltr'><strong>a</strong></span> <span class='ocrx_word' id='word_1_55' title='bbox 711 970 873 1040; x_wconf 90' lang='lat' dir='ltr'><strong>tergo</strong></span> <span class='ocrx_word' id='word_1_56' title='bbox 924 967 1145 1024; x_wconf 87' lang='lat' dir='ltr'><strong>relictis</strong></span> <span class='ocrx_word' id='word_1_57' title='bbox 1195 967 1453 1023; x_wconf 88' lang='lat' dir='ltr'><strong>Phocam</strong></span> <span class='ocrx_word' id='word_1_58' title='bbox 1502 968 1674 1024; x_wconf 80' lang='lat' dir='ltr'><strong>citato</strong></span> <span class='ocrx_word' id='word_1_59' title='bbox 1724 985 1899 1025; x_wconf 86' lang='lat' dir='ltr'><strong>cursu</strong></span> 
     </span>
    </p>
   </div>
   <div class='ocr_carea' id='block_1_12' title="bbox 246 1056 1902 1128">
    <p class='ocr_par' dir='ltr' id='par_1_12' title="bbox 246 1056 1902 1128">
     <span class='ocr_line' id='line_1_12' title="bbox 246 1056 1902 1128; baseline 0.003 -18"><span class='ocrx_word' id='word_1_60' title='bbox 246 1056 557 1112; x_wconf 87' lang='lat' dir='ltr'><strong>insecutus</strong></span> <span class='ocrx_word' id='word_1_61' title='bbox 606 1063 714 1123; x_wconf 85' lang='lat' dir='ltr'><strong>est,</strong></span> <span class='ocrx_word' id='word_1_62' title='bbox 765 1072 972 1128; x_wconf 84' lang='lat' dir='ltr'><strong>agmen</strong></span> <span class='ocrx_word' id='word_1_63' title='bbox 1023 1074 1267 1113; x_wconf 90' lang='lat' dir='ltr'><strong>suorum</strong></span> <span class='ocrx_word' id='word_1_64' title='bbox 1317 1057 1687 1114; x_wconf 85' lang='lat' dir='ltr'><strong>claudentem</strong></span> <span class='ocrx_word' id='word_1_65' title='bbox 1744 1064 1800 1115; x_wconf 91' lang='lat' dir='ltr'><strong>et</strong></span> <span class='ocrx_word' id='word_1_66' title='bbox 1829 1059 1902 1114; x_wconf 87' lang='lat' dir='ltr'><strong>ad</strong></span> 
     </span>
    </p>
   </div>
   <div class='ocr_carea' id='block_1_13' title="bbox 245 1145 1902 1219">
    <p class='ocr_par' dir='ltr' id='par_1_13' title="bbox 245 1145 1902 1219">
     <span class='ocr_line' id='line_1_13' title="bbox 245 1145 1902 1219; baseline 0.002 -19"><span class='ocrx_word' id='word_1_67' title='bbox 245 1149 484 1201; x_wconf 88' lang='lat' dir='ltr'><strong>strenue</strong></span> <span class='ocrx_word' id='word_1_68' title='bbox 516 1145 938 1201; x_wconf 86' lang='lat' dir='ltr'><strong>defendendam</strong></span> <span class='ocrx_word' id='word_1_69' title='bbox 970 1147 1093 1202; x_wconf 91' lang='lat' dir='ltr'><strong>vim</strong></span> <span class='ocrx_word' id='word_1_70' title='bbox 1142 1151 1434 1219; x_wconf 88' lang='lat' dir='ltr'><strong>paratum.</strong></span> <span class='ocrx_word' id='word_1_71' title='bbox 1476 1148 1643 1203; x_wconf 89' lang='lat' dir='ltr'><strong>Hunc</strong></span> <span class='ocrx_word' id='word_1_72' title='bbox 1673 1148 1902 1205; x_wconf 87' lang='lat' dir='ltr'><strong>Charon</strong></span> 
     </span>
    </p>
   </div>
   <div class='ocr_carea' id='block_1_14' title="bbox 244 1234 1900 1309">
    <p class='ocr_par' dir='ltr' id='par_1_14' title="bbox 244 1234 1900 1309">
     <span class='ocr_line' id='line_1_14' title="bbox 244 1234 1900 1309; baseline 0.002 -20"><span class='ocrx_word' id='word_1_73' title='bbox 244 1234 477 1290; x_wconf 90' lang='lat' dir='ltr'><strong>eminus</strong></span> <span class='ocrx_word' id='word_1_74' title='bbox 509 1239 889 1307; x_wconf 89' lang='lat' dir='ltr'><strong>conspectum</strong></span> <span class='ocrx_word' id='word_1_75' title='bbox 921 1252 1056 1291; x_wconf 90' lang='lat' dir='ltr'><strong>cum</strong></span> <span class='ocrx_word' id='word_1_76' title='bbox 1081 1238 1647 1309; x_wconf 84' lang='lat' dir='ltr'><strong>agnasceret,turpia</strong></span> <span class='ocrx_word' id='word_1_77' title='bbox 1676 1238 1735 1293; x_wconf 92' lang='lat' dir='ltr'><strong>in</strong></span> <span class='ocrx_word' id='word_1_78' title='bbox 1767 1254 1900 1293; x_wconf 91' lang='lat' dir='ltr'><strong>eum</strong></span> 
     </span>
    </p>
   </div>
   <div class='ocr_carea' id='block_1_15' title="bbox 234 1324 1905 1399">
    <p class='ocr_par' dir='ltr' id='par_1_15' title="bbox 234 1324 1905 1399">
     <span class='ocr_line' id='line_1_15' title="bbox 234 1324 1905 1399; baseline 0.002 -21"><span class='ocrx_word' id='word_1_79' title='bbox 234 1324 382 1393; x_wconf 85' lang='lat' dir='ltr'><strong>jecit</strong></span> <span class='ocrx_word' id='word_1_80' title='bbox 406 1324 679 1391; x_wconf 87' lang='lat' dir='ltr'><strong>convitia,</strong></span> <span class='ocrx_word' id='word_1_81' title='bbox 724 1325 1069 1397; x_wconf 83' lang='lat' dir='ltr'><strong>degenerem</strong></span> <span class='ocrx_word' id='word_1_82' title='bbox 1129 1331 1187 1382; x_wconf 90' lang='lat' dir='ltr'><strong>et</strong></span> <span class='ocrx_word' id='word_1_83' title='bbox 1243 1326 1517 1381; x_wconf 89' lang='lat' dir='ltr'><strong>timidum</strong></span> <span class='ocrx_word' id='word_1_84' title='bbox 1574 1327 1905 1399; x_wconf 88' lang='lat' dir='ltr'><strong>appellans,</strong></span> 
     </span>
    </p>
   </div>
   <div class='ocr_carea' id='block_1_16' title="bbox 239 1413 1903 1486">
    <p class='ocr_par' dir='ltr' id='par_1_16' title="bbox 239 1413 1903 1486">
     <span class='ocr_line' id='line_1_16' title="bbox 239 1413 1903 1486; baseline 0.002 -19"><span class='ocrx_word' id='word_1_85' title='bbox 239 1413 579 1485; x_wconf 86' lang='lat' dir='ltr'><strong>jubensque</strong></span> <span class='ocrx_word' id='word_1_86' title='bbox 626 1413 925 1486; x_wconf 85' lang='lat' dir='ltr'><strong>paulisper</strong></span> <span class='ocrx_word' id='word_1_87' title='bbox 973 1414 1167 1486; x_wconf 89' lang='lat' dir='ltr'><strong>operi,</strong></span> <span class='ocrx_word' id='word_1_88' title='bbox 1213 1414 1352 1470; x_wconf 92' lang='lat' dir='ltr'><strong>dum</strong></span> <span class='ocrx_word' id='word_1_89' title='bbox 1407 1414 1715 1486; x_wconf 65' lang='lat' dir='ltr'><strong>praemium</strong></span> <span class='ocrx_word' id='word_1_90' title='bbox 1748 1416 1903 1471; x_wconf 88' lang='lat' dir='ltr'><strong>defe-</strong></span> 
     </span>
    </p>
   </div>
   <div class='ocr_carea' id='block_1_17' title="bbox 243 1501 1904 1573">
    <p class='ocr_par' dir='ltr' id='par_1_17' title="bbox 243 1501 1904 1573">
     <span class='ocr_line' id='line_1_17' title="bbox 243 1501 1904 1573; baseline 0.002 -16"><span class='ocrx_word' id='word_1_91' title='bbox 243 1501 455 1558; x_wconf 87' lang='lat' dir='ltr'><strong>ctionis</strong></span> <span class='ocrx_word' id='word_1_92' title='bbox 499 1501 807 1573; x_wconf 89' lang='lat' dir='ltr'><strong>acciperet.</strong></span> <span class='ocrx_word' id='word_1_93' title='bbox 857 1502 1076 1558; x_wconf 84' lang='lat' dir='ltr'><strong>Phocas</strong></span> <span class='ocrx_word' id='word_1_94' title='bbox 1125 1501 1517 1559; x_wconf 90' lang='lat' dir='ltr'><strong>contumelias</strong></span> <span class='ocrx_word' id='word_1_95' title='bbox 1565 1503 1904 1572; x_wconf 90' lang='lat' dir='ltr'><strong>inaudiens,</strong></span> 
     </span>
    </p>
   </div>
   <div class='ocr_carea' id='block_1_18' title="bbox 246 1590 1904 1667">
    <p class='ocr_par' dir='ltr' id='par_1_18' title="bbox 246 1590 1904 1667">
     <span class='ocr_line' id='line_1_18' title="bbox 246 1590 1904 1667; baseline 0.001 -21"><span class='ocrx_word' id='word_1_96' title='bbox 246 1606 433 1661; x_wconf 90' lang='lat' dir='ltr'><strong>neque</strong></span> <span class='ocrx_word' id='word_1_97' title='bbox 485 1590 765 1662; x_wconf 84' lang='lat' dir='ltr'><strong>ignorans</strong></span> <span class='ocrx_word' id='word_1_98' title='bbox 817 1591 919 1663; x_wconf 88' lang='lat' dir='ltr'><strong>qui</strong></span> <span class='ocrx_word' id='word_1_99' title='bbox 983 1608 1079 1647; x_wconf 89' lang='lat' dir='ltr'><strong>eas</strong></span> <span class='ocrx_word' id='word_1_100' title='bbox 1112 1592 1383 1663; x_wconf 89' lang='lat' dir='ltr'><strong>jactaret,</strong></span> <span class='ocrx_word' id='word_1_101' title='bbox 1451 1592 1705 1651; x_wconf 87' lang='lat' dir='ltr'><strong>inhibito</strong></span> <span class='ocrx_word' id='word_1_102' title='bbox 1753 1610 1904 1667; x_wconf 88' lang='lat' dir='ltr'><strong>equo</strong></span> 
     </span>
    </p>
   </div>
   <div class='ocr_carea' id='block_1_19' title="bbox 245 1679 1908 1755">
    <p class='ocr_par' dir='ltr' id='par_1_19' title="bbox 245 1679 1908 1755">
     <span class='ocr_line' id='line_1_19' title="bbox 245 1679 1908 1755; baseline 0.003 -20"><span class='ocrx_word' id='word_1_103' title='bbox 245 1696 311 1736; x_wconf 89' lang='lat' dir='ltr'><strong>se</strong></span> <span class='ocrx_word' id='word_1_104' title='bbox 341 1679 619 1736; x_wconf 90' lang='lat' dir='ltr'><strong>Charonti</strong></span> <span class='ocrx_word' id='word_1_105' title='bbox 648 1679 920 1747; x_wconf 87' lang='lat' dir='ltr'><strong>obvertit,</strong></span> <span class='ocrx_word' id='word_1_106' title='bbox 953 1684 1011 1737; x_wconf 90' lang='lat' dir='ltr'><strong>et</strong></span> <span class='ocrx_word' id='word_1_107' title='bbox 1056 1703 1085 1731; x_wconf 86' lang='grc'><strong>‹‹</strong></span> <span class='ocrx_word' id='word_1_108' title='bbox 1111 1682 1288 1753; x_wconf 84' lang='lat' dir='ltr'><strong>Heus,</strong></span> <span class='ocrx_word' id='word_1_109' title='bbox 1340 1682 1555 1754; x_wconf 82' lang='lat' dir='ltr'><strong>inquit,</strong></span> <span class='ocrx_word' id='word_1_110' title='bbox 1600 1684 1908 1755; x_wconf 88' lang='lat' dir='ltr'><strong>oportebat</strong></span> 
     </span>
    </p>
   </div>
   <div class='ocr_carea' id='block_1_20' title="bbox 2009 516 3657 593">
    <p class='ocr_par' dir='ltr' id='par_1_20' title="bbox 2009 516 3657 593">
     <span class='ocr_line' id='line_1_20' title="bbox 2009 516 3657 593; baseline 0.001 -21"><span class='ocrx_word' id='word_1_111' title='bbox 2009 519 2199 580; x_wconf 83' lang='grc' dir='ltr'>νυκτὸς</span> <span class='ocrx_word' id='word_1_112' title='bbox 2256 518 2572 589; x_wconf 76' lang='grc' dir='ltr'>ἐπιστάσης.</span> <span class='ocrx_word' id='word_1_113' title='bbox 2642 516 2865 591; x_wconf 82' lang='grc' dir='ltr'>Ἐὃοξεν</span> <span class='ocrx_word' id='word_1_114' title='bbox 2940 517 3031 574; x_wconf 76' lang='grc' dir='ltr'>οὖν</span> <span class='ocrx_word' id='word_1_115' title='bbox 3111 518 3403 574; x_wconf 82' lang='grc' dir='ltr'><strong>ὑπνώττων</strong></span> <span class='ocrx_word' id='word_1_116' title='bbox 3463 517 3657 593; x_wconf 84' lang='grc' dir='ltr'>ἀγανα-</span> 
     </span>
    </p>
   </div>
   <div class='ocr_carea' id='block_1_21' title="bbox 2009 605 3659 684">
    <p class='ocr_par' dir='ltr' id='par_1_21' title="bbox 2009 605 3659 684">
     <span class='ocr_line' id='line_1_21' title="bbox 2009 605 3659 684; baseline 0.001 -23"><span class='ocrx_word' id='word_1_117' title='bbox 2009 612 2153 661; x_wconf 88' lang='grc' dir='ltr'>κτεῖν</span> <span class='ocrx_word' id='word_1_118' title='bbox 2204 607 2294 663; x_wconf 81' lang='grc' dir='ltr'><strong>καὶ</strong></span> <span class='ocrx_word' id='word_1_119' title='bbox 2350 607 2534 665; x_wconf 84' lang='grc' dir='ltr'>ἀλύειν</span> <span class='ocrx_word' id='word_1_120' title='bbox 2587 607 2678 663; x_wconf 87' lang='grc' dir='ltr'><strong>καὶ</strong></span> <span class='ocrx_word' id='word_1_121' title='bbox 2742 607 2866 684; x_wconf 85' lang='grc' dir='ltr'>περὶ</span> <span class='ocrx_word' id='word_1_122' title='bbox 2912 613 3024 664; x_wconf 83' lang='grc' dir='ltr'><strong>τῶν</strong></span> <span class='ocrx_word' id='word_1_123' title='bbox 3068 605 3439 678; x_wconf 83' lang='grc' dir='ltr'>ἀδικησάντων</span> <span class='ocrx_word' id='word_1_124' title='bbox 3478 605 3659 663; x_wconf 64' lang='grc' dir='ltr'>διαλί-</span> 
     </span>
    </p>
   </div>
   <div class='ocr_carea' id='block_1_22' title="bbox 2010 696 3662 773">
    <p class='ocr_par' dir='ltr' id='par_1_22' title="bbox 2010 696 3662 773">
     <span class='ocr_line' id='line_1_22' title="bbox 2010 696 3662 773; baseline 0 -22"><span class='ocrx_word' id='word_1_125' title='bbox 2010 708 2199 772; x_wconf 76' lang='grc' dir='ltr'>γεσθαι</span> <span class='ocrx_word' id='word_1_126' title='bbox 2250 704 2331 771; x_wconf 77' lang='grc' dir='ltr'><strong>τῷ</strong></span> <span class='ocrx_word' id='word_1_127' title='bbox 2390 703 2524 771; x_wconf 75' lang='grc' dir='ltr'>Θεῷ,</span> <span class='ocrx_word' id='word_1_128' title='bbox 2588 721 2617 751; x_wconf 91' lang='grc'>‹‹</span> <span class='ocrx_word' id='word_1_129' title='bbox 2693 699 2941 767; x_wconf 87' lang='grc' dir='ltr'>Δίκασον,</span> <span class='ocrx_word' id='word_1_130' title='bbox 3020 697 3204 773; x_wconf 85' lang='grc' dir='ltr'>Κύριε,</span> <span class='ocrx_word' id='word_1_131' title='bbox 3272 696 3464 773; x_wconf 70' lang='grc' dir='ltr'>λέγων,</span> <span class='ocrx_word' id='word_1_132' title='bbox 3530 696 3662 761; x_wconf 71' lang='grc' dir='ltr'>τοὺς</span> 
     </span>
    </p>
   </div>
   <div class='ocr_carea' id='block_1_23' title="bbox 2011 782 3663 861">
    <p class='ocr_par' dir='ltr' id='par_1_23' title="bbox 2011 782 3663 861">
     <span class='ocr_line' id='line_1_23' title="bbox 2011 782 3663 861; baseline 0 -20"><span class='ocrx_word' id='word_1_133' title='bbox 2011 785 2330 850; x_wconf 78' lang='grc' dir='ltr'>ἀδικοῦντάς</span> <span class='ocrx_word' id='word_1_134' title='bbox 2363 809 2450 861; x_wconf 83' lang='grc' dir='ltr'>με.</span> <span class='ocrx_word' id='word_1_135' title='bbox 2486 810 2515 839; x_wconf 91' lang='grc'><strong>››</strong></span> <span class='ocrx_word' id='word_1_136' title='bbox 2560 789 2646 845; x_wconf 85' lang='grc' dir='ltr'>Ἐν</span> <span class='ocrx_word' id='word_1_137' title='bbox 2693 786 2739 861; x_wconf 83' lang='grc' dir='ltr'>ᾧ</span> <span class='ocrx_word' id='word_1_138' title='bbox 2790 785 2847 843; x_wconf 75' lang='grc' dir='ltr'>δὲ</span> <span class='ocrx_word' id='word_1_139' title='bbox 2897 782 3100 861; x_wconf 76' lang='grc' dir='ltr'>ἔμελλε</span> <span class='ocrx_word' id='word_1_140' title='bbox 3129 788 3193 842; x_wconf 75' lang='grc' dir='ltr'><strong>τὰ</strong></span> <span class='ocrx_word' id='word_1_141' title='bbox 3223 787 3463 860; x_wconf 74' lang='grc' dir='ltr'>ἑπόμενα</span> <span class='ocrx_word' id='word_1_142' title='bbox 3492 785 3663 842; x_wconf 81' lang='grc' dir='ltr'>εἰπεῖν</span> 
     </span>
    </p>
   </div>
   <div class='ocr_carea' id='block_1_24' title="bbox 2011 874 3661 954">
    <p class='ocr_par' dir='ltr' id='par_1_24' title="bbox 2011 874 3661 954">
     <span class='ocr_line' id='line_1_24' title="bbox 2011 874 3661 954; baseline -0.001 -22"><span class='ocrx_word' id='word_1_143' title='bbox 2011 881 2108 932; x_wconf 77' lang='grc' dir='ltr'><strong>τοῦ</strong></span> <span class='ocrx_word' id='word_1_144' title='bbox 2139 876 2387 951; x_wconf 74' lang='grc' dir='ltr'>ψαλμοῦ,</span> <span class='ocrx_word' id='word_1_145' title='bbox 2420 875 2620 947; x_wconf 73' lang='grc' dir='ltr'>ἤκουσε</span> <span class='ocrx_word' id='word_1_146' title='bbox 2648 877 2749 954; x_wconf 79' lang='grc' dir='ltr'>γὰρ</span> <span class='ocrx_word' id='word_1_147' title='bbox 2795 878 2823 932; x_wconf 98' lang='lat'><strong>6</strong></span> <span class='ocrx_word' id='word_1_148' title='bbox 2874 874 3130 952; x_wconf 88' lang='grc' dir='ltr'>Σκληρὸς</span> <span class='ocrx_word' id='word_1_149' title='bbox 3170 875 3567 954; x_wconf 65' lang='grc' dir='ltr'><strong>προειληφέναι</strong></span> <span class='ocrx_word' id='word_1_150' title='bbox 3596 877 3661 931; x_wconf 85' lang='grc' dir='ltr'>τὸ</span> 
     </span>
    </p>
   </div>
   <div class='ocr_carea' id='block_1_25' title="bbox 2015 964 3665 1042">
    <p class='ocr_par' dir='ltr' id='par_1_25' title="bbox 2015 964 3665 1042">
     <span class='ocr_line' id='line_1_25' title="bbox 2015 964 3665 1042; baseline -0.001 -22"><span class='ocrx_word' id='word_1_151' title='bbox 2015 964 2310 1022; x_wconf 77' lang='grc' dir='ltr'>ἐπίλοιπον</span> <span class='ocrx_word' id='word_1_152' title='bbox 2370 973 2471 1036; x_wconf 81' lang='grc' dir='ltr'><strong>τῆς</strong></span> <span class='ocrx_word' id='word_1_153' title='bbox 2528 964 2698 1040; x_wconf 82' lang='grc' dir='ltr'>ᾠδῆς.</span> <span class='ocrx_word' id='word_1_154' title='bbox 2769 965 3060 1027; x_wconf 80' lang='grc' dir='ltr'>Διαναστὰς</span> <span class='ocrx_word' id='word_1_155' title='bbox 3109 964 3200 1021; x_wconf 77' lang='grc' dir='ltr'><strong>οὗν</strong></span> <span class='ocrx_word' id='word_1_156' title='bbox 3231 966 3552 1042; x_wconf 81' lang='grc' dir='ltr'>σύντρομος,</span> <span class='ocrx_word' id='word_1_157' title='bbox 3588 967 3665 1029; x_wconf 84' lang='grc' dir='ltr'>ὡς</span> 
     </span>
    </p>
   </div>
   <div class='ocr_carea' id='block_1_26' title="bbox 2016 1062 3663 1140">
    <p class='ocr_par' dir='ltr' id='par_1_26' title="bbox 2016 1062 3663 1140">
     <span class='ocr_line' id='line_1_26' title="bbox 2016 1062 3663 1140; baseline 0 -22"><span class='ocrx_word' id='word_1_158' title='bbox 2016 1062 2152 1140; x_wconf 79' lang='grc' dir='ltr'>ἔγνω</span> <span class='ocrx_word' id='word_1_159' title='bbox 2217 1065 2395 1135; x_wconf 90' lang='grc' dir='ltr'>πάσης</span> <span class='ocrx_word' id='word_1_160' title='bbox 2476 1062 2698 1127; x_wconf 77' lang='grc' dir='ltr'>ἐλπίδος</span> <span class='ocrx_word' id='word_1_161' title='bbox 2780 1063 3129 1135; x_wconf 83' lang='grc' dir='ltr'>ὠλισθηκὼς,</span> <span class='ocrx_word' id='word_1_162' title='bbox 3188 1066 3261 1127; x_wconf 85' lang='grc' dir='ltr'>ὡς</span> <span class='ocrx_word' id='word_1_163' title='bbox 3317 1064 3459 1140; x_wconf 76' lang='grc' dir='ltr'>εἶχεν</span> <span class='ocrx_word' id='word_1_164' title='bbox 3519 1064 3663 1134; x_wconf 77' lang='grc' dir='ltr'>ἐξιπ-</span> 
     </span>
    </p>
   </div>
   <div class='ocr_carea' id='block_1_27' title="bbox 2013 1152 3658 1232">
    <p class='ocr_par' dir='ltr' id='par_1_27' title="bbox 2013 1152 3658 1232">
     <span class='ocr_line' id='line_1_27' title="bbox 2013 1152 3658 1232; baseline -0.001 -24"><span class='ocrx_word' id='word_1_165' title='bbox 2013 1154 2324 1228; x_wconf 83' lang='grc' dir='ltr'>πασάμενος</span> <span class='ocrx_word' id='word_1_166' title='bbox 2385 1154 2517 1228; x_wconf 85' lang='grc' dir='ltr'><strong>μετά</strong></span> <span class='ocrx_word' id='word_1_167' title='bbox 2568 1158 2677 1208; x_wconf 78' lang='grc' dir='ltr'>τῶν</span> <span class='ocrx_word' id='word_1_168' title='bbox 2725 1152 2846 1228; x_wconf 83' lang='grc' dir='ltr'>περὶ</span> <span class='ocrx_word' id='word_1_169' title='bbox 2906 1154 3065 1208; x_wconf 83' lang='grc' dir='ltr'>αὐτὸν</span> <span class='ocrx_word' id='word_1_170' title='bbox 3114 1155 3254 1229; x_wconf 83' lang='grc' dir='ltr'>πρὸς</span> <span class='ocrx_word' id='word_1_171' title='bbox 3300 1153 3364 1208; x_wconf 85' lang='grc' dir='ltr'><strong>τὸ</strong></span> <span class='ocrx_word' id='word_1_172' title='bbox 3397 1152 3658 1232; x_wconf 80' lang='grc' dir='ltr'>φρούριον</span> 
     </span>
    </p>
   </div>
   <div class='ocr_carea' id='block_1_28' title="bbox 2016 1240 3660 1321">
    <p class='ocr_par' dir='ltr' id='par_1_28' title="bbox 2016 1240 3660 1321">
     <span class='ocr_line' id='line_1_28' title="bbox 2016 1240 3660 1321; baseline -0.002 -23"><span class='ocrx_word' id='word_1_173' title='bbox 2016 1240 2206 1321; x_wconf 74' lang='grc' dir='ltr'>ἔφευγε</span> <span class='ocrx_word' id='word_1_174' title='bbox 2259 1244 2350 1298; x_wconf 84' lang='grc' dir='ltr'><strong>τὸν</strong></span> <span class='ocrx_word' id='word_1_175' title='bbox 2406 1242 2738 1319; x_wconf 85' lang='grc' dir='ltr'>Τυροποιόν.</span> <span class='ocrx_word' id='word_1_176' title='bbox 2786 1245 3126 1306; x_wconf 78' lang='grc' dir='ltr'>Γνωσθιντος</span> <span class='ocrx_word' id='word_1_177' title='bbox 3178 1240 3235 1297; x_wconf 71' lang='grc' dir='ltr'>δὲ</span> <span class='ocrx_word' id='word_1_178' title='bbox 3275 1247 3372 1297; x_wconf 77' lang='grc' dir='ltr'><strong>τοῦ</strong></span> <span class='ocrx_word' id='word_1_179' title='bbox 3420 1241 3660 1316; x_wconf 78' lang='grc' dir='ltr'>δρανμοῦ</span> 
     </span>
    </p>
   </div>
   <div class='ocr_carea' id='block_1_29' title="bbox 2011 1330 3661 1410">
    <p class='ocr_par' dir='ltr' id='par_1_29' title="bbox 2011 1330 3661 1410">
     <span class='ocr_line' id='line_1_29' title="bbox 2011 1330 3661 1410; baseline -0.001 -23"><span class='ocrx_word' id='word_1_180' title='bbox 2011 1338 2090 1405; x_wconf 79' lang='grc' dir='ltr'>τῷ</span> <span class='ocrx_word' id='word_1_181' title='bbox 2141 1332 2425 1409; x_wconf 85' lang='grc' dir='ltr'>μαγίστρῳ</span> <span class='ocrx_word' id='word_1_182' title='bbox 2484 1331 2664 1410; x_wconf 80' lang='grc' dir='ltr'>Βάρδᾳ</span> <span class='ocrx_word' id='word_1_183' title='bbox 2712 1331 2791 1405; x_wconf 84' lang='grc' dir='ltr'><strong>τῷ</strong></span> <span class='ocrx_word' id='word_1_184' title='bbox 2836 1331 3099 1407; x_wconf 80' lang='grc' dir='ltr'>Σκληρῷ,</span> <span class='ocrx_word' id='word_1_185' title='bbox 3159 1333 3347 1395; x_wconf 77' lang='grc' dir='ltr'>ἱππεῖς</span> <span class='ocrx_word' id='word_1_186' title='bbox 3393 1330 3661 1387; x_wconf 71' lang='grc' dir='ltr'>ἀπεστέλ-</span> 
     </span>
    </p>
   </div>
   <div class='ocr_carea' id='block_1_30' title="bbox 2015 1416 3663 1497">
    <p class='ocr_par' dir='ltr' id='par_1_30' title="bbox 2015 1416 3663 1497">
     <span class='ocr_line' id='line_1_30' title="bbox 2015 1416 3663 1497; baseline -0.002 -19"><span class='ocrx_word' id='word_1_187' title='bbox 2015 1421 2180 1478; x_wconf 81' lang='grc' dir='ltr'>λοντο</span> <span class='ocrx_word' id='word_1_188' title='bbox 2213 1420 2439 1492; x_wconf 68' lang='grc' dir='ltr'>εὔζωνοι</span> <span class='ocrx_word' id='word_1_189' title='bbox 2468 1425 2842 1497; x_wconf 65' lang='grc' dir='ltr'>κπαταχῆσαι</span> <span class='ocrx_word' id='word_1_190' title='bbox 2880 1421 2970 1477; x_wconf 88' lang='grc' dir='ltr'><strong>καί</strong></span> <span class='ocrx_word' id='word_1_191' title='bbox 3008 1416 3335 1477; x_wconf 85' lang='grc' dir='ltr'>καταλαϐεῖν</span> <span class='ocrx_word' id='word_1_192' title='bbox 3367 1420 3524 1477; x_wconf 78' lang='grc' dir='ltr'>αὐτὸν</span> <span class='ocrx_word' id='word_1_193' title='bbox 3553 1421 3663 1495; x_wconf 82' lang='grc' dir='ltr'><strong>πρὸ</strong></span> 
     </span>
    </p>
   </div>
   <div class='ocr_carea' id='block_1_31' title="bbox 2012 1508 3663 1589">
    <p class='ocr_par' dir='ltr' id='par_1_31' title="bbox 2012 1508 3663 1589">
     <span class='ocr_line' id='line_1_31' title="bbox 2012 1508 3663 1589; baseline -0.002 -22"><span class='ocrx_word' id='word_1_194' title='bbox 2012 1516 2109 1567; x_wconf 79' lang='grc' dir='ltr'>τοῦ</span> <span class='ocrx_word' id='word_1_195' title='bbox 2170 1511 2245 1573; x_wconf 75' lang='grc' dir='ltr'><strong>είς</strong></span> <span class='ocrx_word' id='word_1_196' title='bbox 2288 1516 2386 1566; x_wconf 77' lang='grc' dir='ltr'><strong>τοῦ</strong></span> <span class='ocrx_word' id='word_1_197' title='bbox 2459 1510 2716 1589; x_wconf 79' lang='grc' dir='ltr'>φρούριον</span> <span class='ocrx_word' id='word_1_198' title='bbox 2791 1510 3091 1567; x_wconf 83' lang='grc' dir='ltr'>είσελθεῖν’</span> <span class='ocrx_word' id='word_1_199' title='bbox 3169 1508 3364 1575; x_wconf 66' lang='grc' dir='ltr'>οἵτινες</span> <span class='ocrx_word' id='word_1_200' title='bbox 3421 1510 3663 1583; x_wconf 84' lang='grc' dir='ltr'>συντόνῳ</span> 
     </span>
    </p>
   </div>
   <div class='ocr_carea' id='block_1_32' title="bbox 2019 1605 3664 1687">
    <p class='ocr_par' dir='ltr' id='par_1_32' title="bbox 2019 1605 3664 1687">
     <span class='ocr_line' id='line_1_32' title="bbox 2019 1605 3664 1687; baseline -0.003 -20"><span class='ocrx_word' id='word_1_201' title='bbox 2019 1611 2455 1687; x_wconf 81' lang='grc' dir='ltr'>χρησάμενοιτῇ</span> <span class='ocrx_word' id='word_1_202' title='bbox 2488 1607 2665 1682; x_wconf 78' lang='grc' dir='ltr'>διώξει</span> <span class='ocrx_word' id='word_1_203' title='bbox 2707 1605 3287 1683; x_wconf 82' lang='grc' dir='ltr'>καταταλαμϐάνουσιν</span> <span class='ocrx_word' id='word_1_204' title='bbox 3336 1607 3497 1664; x_wconf 79' lang='grc' dir='ltr'>αὐτὸν</span> <span class='ocrx_word' id='word_1_205' title='bbox 3525 1607 3664 1663; x_wconf 73' lang='grc' dir='ltr'>κατὰ</span> 
     </span>
    </p>
   </div>
   <div class='ocr_carea' id='block_1_33' title="bbox 2013 1697 3662 1773">
    <p class='ocr_par' dir='ltr' id='par_1_33' title="bbox 2013 1697 3662 1773">
     <span class='ocr_line' id='line_1_33' title="bbox 2013 1697 3662 1773; baseline -0.002 -19"><span class='ocrx_word' id='word_1_206' title='bbox 2013 1700 2075 1754; x_wconf 86' lang='grc' dir='ltr'><strong>τὸ</strong></span> <span class='ocrx_word' id='word_1_207' title='bbox 2106 1697 2290 1755; x_wconf 81' lang='grc' dir='ltr'>πεδίον</span> <span class='ocrx_word' id='word_1_208' title='bbox 2348 1699 2439 1755; x_wconf 84' lang='grc' dir='ltr'><strong>καὶ</strong></span> <span class='ocrx_word' id='word_1_209' title='bbox 2500 1699 2775 1773; x_wconf 69' lang='grc' dir='ltr'>μέλλοντα</span> <span class='ocrx_word' id='word_1_210' title='bbox 2817 1698 2941 1755; x_wconf 73' lang='grc' dir='ltr'>ὅσον</span> <span class='ocrx_word' id='word_1_211' title='bbox 2974 1697 3187 1755; x_wconf 75' lang='grc' dir='ltr'>οὐδέπω</span> <span class='ocrx_word' id='word_1_212' title='bbox 3217 1703 3338 1760; x_wconf 89' lang='grc' dir='ltr'>ταῖς</span> <span class='ocrx_word' id='word_1_213' title='bbox 3364 1702 3461 1753; x_wconf 76' lang='grc' dir='ltr'><strong>τοῦ</strong></span> <span class='ocrx_word' id='word_1_214' title='bbox 3492 1717 3662 1773; x_wconf 77' lang='grc' dir='ltr'>φρου-</span> 
     </span>
    </p>
   </div>
   <div class='ocr_carea' id='block_1_34' title="bbox 251 1768 1905 1875">
    <p class='ocr_par' dir='ltr' id='par_1_34' title="bbox 251 1768 1901 1830">
     <span class='ocr_line' id='line_1_34' title="bbox 251 1768 1901 1830; baseline 0.004 -6"><span class='ocrx_word' id='word_1_215' title='bbox 251 1773 307 1826; x_wconf 88' lang='lat' dir='ltr'><strong>te</strong></span> <span class='ocrx_word' id='word_1_216' title='bbox 336 1768 786 1825; x_wconf 89' lang='lat' dir='ltr'><strong>instabilitatem</strong></span> <span class='ocrx_word' id='word_1_217' title='bbox 825 1769 1099 1826; x_wconf 62' lang='lat' dir='ltr'><strong>humana</strong></span> <span class='ocrx_word' id='word_1_218' title='bbox 1140 1771 1387 1826; x_wconf 69' lang='lat' dir='ltr'><strong>fortunas</strong></span> <span class='ocrx_word' id='word_1_219' title='bbox 1435 1772 1901 1830; x_wconf 89' lang='lat' dir='ltr'><strong>considerantem</strong></span> 
     </span>
    </p>
   </div>
   <div class='ocr_carea' id='block_1_35' title="bbox 2015 1768 3658 1875">
    <p class='ocr_par' dir='ltr' id='par_1_35' title="bbox 2015 1768 3658 1866">
     <span class='ocr_line' id='line_1_35' title="bbox 2015 1768 3658 1866; baseline -0.002 -22"><span class='ocrx_word' id='word_1_220' title='bbox 2015 1788 2136 1866; x_wconf 84' lang='grc' dir='ltr'>ρίου</span> <span class='ocrx_word' id='word_1_221' title='bbox 2168 1768 2542 1865; x_wconf 74' lang='grc' dir='ltr'>προσεγγίζειν</span> <span class='ocrx_word' id='word_1_222' title='bbox 2598 1788 2909 1865; x_wconf 86' lang='grc' dir='ltr'>ὑπωρείαις.</span> <span class='ocrx_word' id='word_1_223' title='bbox 2960 1791 3055 1852; x_wconf 84' lang='grc' dir='ltr'><strong>Εἷς</strong></span> <span class='ocrx_word' id='word_1_224' title='bbox 3112 1788 3170 1844; x_wconf 83' lang='grc' dir='ltr'>δὶ</span> <span class='ocrx_word' id='word_1_225' title='bbox 3217 1786 3426 1844; x_wconf 89' lang='grc' dir='ltr'>τούτων</span> <span class='ocrx_word' id='word_1_226' title='bbox 3468 1768 3658 1862; x_wconf 80' lang='grc' dir='ltr'>τολμῃ</span> 
     </span>
    </p>
   </div>
   <div class='ocr_carea' id='block_1_36' title="bbox 252 1859 1903 1934">
    <p class='ocr_par' dir='ltr' id='par_1_36' title="bbox 252 1859 1903 1934">
     <span class='ocr_line' id='line_1_36' title="bbox 252 1859 1903 1934; baseline 0.002 -20"><span class='ocrx_word' id='word_1_227' title='bbox 252 1875 370 1914; x_wconf 89' lang='lat' dir='ltr'><strong>non</strong></span> <span class='ocrx_word' id='word_1_228' title='bbox 404 1859 773 1929; x_wconf 84' lang='lat' dir='ltr'><strong>exprobrare,</strong></span> <span class='ocrx_word' id='word_1_229' title='bbox 805 1875 995 1930; x_wconf 91' lang='lat' dir='ltr'><strong>neque</strong></span> <span class='ocrx_word' id='word_1_230' title='bbox 1025 1859 1311 1916; x_wconf 83' lang='lat' dir='ltr'><strong>insultare</strong></span> <span class='ocrx_word' id='word_1_231' title='bbox 1358 1861 1584 1917; x_wconf 89' lang='lat' dir='ltr'><strong>homini</strong></span> <span class='ocrx_word' id='word_1_232' title='bbox 1630 1862 1758 1934; x_wconf 89' lang='lat' dir='ltr'><strong>ejus</strong></span> <span class='ocrx_word' id='word_1_233' title='bbox 1789 1862 1903 1918; x_wconf 90' lang='lat' dir='ltr'><strong>im-</strong></span> 
     </span>
    </p>
   </div>
   <div class='ocr_carea' id='block_1_37' title="bbox 248 1947 1906 2020">
    <p class='ocr_par' dir='ltr' id='par_1_37' title="bbox 248 1947 1906 2020">
     <span class='ocr_line' id='line_1_37' title="bbox 248 1947 1906 2020; baseline 0.004 -18"><span class='ocrx_word' id='word_1_234' title='bbox 248 1947 537 2019; x_wconf 88' lang='lat' dir='ltr'><strong>probitate</strong></span> <span class='ocrx_word' id='word_1_235' title='bbox 569 1948 629 2003; x_wconf 90' lang='lat' dir='ltr'><strong>in</strong></span> <span class='ocrx_word' id='word_1_236' title='bbox 677 1947 829 2004; x_wconf 91' lang='lat' dir='ltr'><strong>hane</strong></span> <span class='ocrx_word' id='word_1_237' title='bbox 868 1949 1131 2020; x_wconf 87' lang='lat' dir='ltr'><strong>conjecto</strong></span> <span class='ocrx_word' id='word_1_238' title='bbox 1180 1950 1616 2020; x_wconf 83' lang='lat' dir='ltr'><strong>necessitatem,</strong></span> <span class='ocrx_word' id='word_1_239' title='bbox 1667 1953 1768 2007; x_wconf 87' lang='lat' dir='ltr'><strong>sed</strong></span> <span class='ocrx_word' id='word_1_240' title='bbox 1802 1952 1906 2008; x_wconf 90' lang='lat' dir='ltr'><strong>mi-</strong></span> 
     </span>
    </p>
   </div>
   <div class='ocr_carea' id='block_1_38' title="bbox 250 2036 1906 2113">
    <p class='ocr_par' dir='ltr' id='par_1_38' title="bbox 250 2036 1906 2113">
     <span class='ocr_line' id='line_1_38' title="bbox 250 2036 1906 2113; baseline 0.002 -19"><span class='ocrx_word' id='word_1_241' title='bbox 250 2038 434 2094; x_wconf 85' lang='lat' dir='ltr'><strong>serari</strong></span> <span class='ocrx_word' id='word_1_242' title='bbox 467 2036 662 2108; x_wconf 87' lang='lat' dir='ltr'><strong>potius</strong></span> <span class='ocrx_word' id='word_1_243' title='bbox 692 2053 883 2094; x_wconf 83' lang='lat' dir='ltr'><strong>meam</strong></span> <span class='ocrx_word' id='word_1_244' title='bbox 919 2038 1341 2113; x_wconf 86' lang='lat' dir='ltr'><strong>calamitatem,</strong></span> <span class='ocrx_word' id='word_1_245' title='bbox 1373 2040 1496 2097; x_wconf 89' lang='lat' dir='ltr'><strong>nati</strong></span> <span class='ocrx_word' id='word_1_246' title='bbox 1538 2044 1703 2113; x_wconf 89' lang='lat' dir='ltr'><strong>patre</strong></span> <span class='ocrx_word' id='word_1_247' title='bbox 1734 2059 1906 2098; x_wconf 86' lang='lat' dir='ltr'><strong>curo-</strong></span> 
     </span>
    </p>
   </div>
   <div class='ocr_carea' id='block_1_39' title="bbox 254 2118 1908 2204">
    <p class='ocr_par' dir='ltr' id='par_1_39' title="bbox 254 2118 1908 2204">
     <span class='ocr_line' id='line_1_39' title="bbox 254 2118 1908 2204; baseline 0.004 -23"><span class='ocrx_word' id='word_1_248' title='bbox 254 2118 477 2197; x_wconf 86' lang='lat' dir='ltr'><strong>palata,</strong></span> <span class='ocrx_word' id='word_1_249' title='bbox 522 2142 627 2183; x_wconf 90' lang='lat' dir='ltr'><strong>avo</strong></span> <span class='ocrx_word' id='word_1_250' title='bbox 673 2128 917 2198; x_wconf 82' lang='lat' dir='ltr'><strong>Caesare,</strong></span> <span class='ocrx_word' id='word_1_251' title='bbox 968 2132 1179 2200; x_wconf 89' lang='lat' dir='ltr'><strong>patruo</strong></span> <span class='ocrx_word' id='word_1_252' title='bbox 1222 2129 1610 2202; x_wconf 84' lang='lat' dir='ltr'><strong>imperatore;</strong></span> <span class='ocrx_word' id='word_1_253' title='bbox 1659 2131 1908 2204; x_wconf 88' lang='lat' dir='ltr'><strong>ejusque</strong></span> 
     </span>
    </p>
   </div>
   <div class='ocr_carea' id='block_1_40' title="bbox 257 2213 1910 2288">
    <p class='ocr_par' dir='ltr' id='par_1_40' title="bbox 257 2213 1910 2288">
     <span class='ocr_line' id='line_1_40' title="bbox 257 2213 1910 2288; baseline 0.004 -17"><span class='ocrx_word' id='word_1_254' title='bbox 257 2216 428 2286; x_wconf 88' lang='lat' dir='ltr'><strong>adeo,</strong></span> <span class='ocrx_word' id='word_1_255' title='bbox 480 2213 583 2288; x_wconf 89' lang='lat' dir='ltr'><strong>qui</strong></span> <span class='ocrx_word' id='word_1_256' title='bbox 628 2232 761 2272; x_wconf 89' lang='lat' dir='ltr'><strong>cum</strong></span> <span class='ocrx_word' id='word_1_257' title='bbox 811 2221 871 2273; x_wconf 90' lang='lat' dir='ltr'><strong>et</strong></span> <span class='ocrx_word' id='word_1_258' title='bbox 917 2218 1035 2273; x_wconf 85' lang='lat' dir='ltr'><strong>dux</strong></span> <span class='ocrx_word' id='word_1_259' title='bbox 1082 2218 1294 2275; x_wconf 85' lang='lat' dir='ltr'><strong>fuisset</strong></span> <span class='ocrx_word' id='word_1_260' title='bbox 1339 2223 1396 2276; x_wconf 89' lang='lat' dir='ltr'><strong>et</strong></span> <span class='ocrx_word' id='word_1_261' title='bbox 1440 2220 1596 2276; x_wconf 88' lang='lat' dir='ltr'><strong>inter</strong></span> <span class='ocrx_word' id='word_1_262' title='bbox 1644 2236 1910 2278; x_wconf 89' lang='lat' dir='ltr'><strong>summos</strong></span> 
     </span>
    </p>
   </div>
   <div class='ocr_carea' id='block_1_41' title="bbox 250 2306 1906 2381">
    <p class='ocr_par' dir='ltr' id='par_1_41' title="bbox 250 2306 1906 2381">
     <span class='ocr_line' id='line_1_41' title="bbox 250 2306 1906 2381; baseline 0.004 -21"><span class='ocrx_word' id='word_1_263' title='bbox 250 2309 621 2375; x_wconf 87' lang='lat' dir='ltr'><strong>numeratus,</strong></span> <span class='ocrx_word' id='word_1_264' title='bbox 653 2322 808 2361; x_wconf 91' lang='lat' dir='ltr'><strong>nunc</strong></span> <span class='ocrx_word' id='word_1_265' title='bbox 837 2307 1114 2363; x_wconf 83' lang='lat' dir='ltr'><strong>extremis</strong></span> <span class='ocrx_word' id='word_1_266' title='bbox 1145 2306 1579 2365; x_wconf 86' lang='lat' dir='ltr'><strong>calamitatibus</strong></span> <span class='ocrx_word' id='word_1_267' title='bbox 1612 2313 1789 2381; x_wconf 88' lang='lat' dir='ltr'><strong>atque</strong></span> <span class='ocrx_word' id='word_1_268' title='bbox 1817 2311 1906 2366; x_wconf 91' lang='lat' dir='ltr'><strong>in-</strong></span> 
     </span>
    </p>
   </div>
   <div class='ocr_carea' id='block_1_42' title="bbox 255 2393 1909 2469">
    <p class='ocr_par' dir='ltr' id='par_1_42' title="bbox 255 2393 1909 2469">
     <span class='ocr_line' id='line_1_42' title="bbox 255 2393 1909 2469; baseline 0.004 -20"><span class='ocrx_word' id='word_1_269' title='bbox 255 2393 529 2449; x_wconf 76' lang='lat' dir='ltr'><strong>fortuniis</strong></span> <span class='ocrx_word' id='word_1_270' title='bbox 557 2409 809 2466; x_wconf 89' lang='lat' dir='ltr'><strong>premor.</strong></span> <span class='ocrx_word' id='word_1_271' title='bbox 844 2425 913 2436; x_wconf 88' lang='lat'><strong>—-</strong></span> <span class='ocrx_word' id='word_1_272' title='bbox 946 2417 976 2446; x_wconf 87' lang='lat'><strong><em>»</em></strong></span> <span class='ocrx_word' id='word_1_273' title='bbox 1007 2397 1092 2451; x_wconf 82' lang='lat' dir='ltr'><strong>Ad</strong></span> <span class='ocrx_word' id='word_1_274' title='bbox 1125 2396 1247 2453; x_wconf 65' lang='lat' dir='ltr'><strong>haec</strong></span> <span class='ocrx_word' id='word_1_275' title='bbox 1276 2397 1526 2465; x_wconf 88' lang='lat' dir='ltr'><strong>Charon,</strong></span> <span class='ocrx_word' id='word_1_276' title='bbox 1557 2422 1586 2450; x_wconf 89' lang='lat'><strong>«</strong></span> <span class='ocrx_word' id='word_1_277' title='bbox 1621 2400 1909 2469; x_wconf 83' lang='lat' dir='ltr'><strong>Recte,in-</strong></span> 
     </span>
    </p>
   </div>
   <div class='ocr_carea' id='block_1_43' title="bbox 263 2483 1907 2561">
    <p class='ocr_par' dir='ltr' id='par_1_43' title="bbox 263 2483 1907 2561">
     <span class='ocr_line' id='line_1_43' title="bbox 263 2483 1907 2561; baseline 0.004 -22"><span class='ocrx_word' id='word_1_278' title='bbox 263 2483 413 2555; x_wconf 85' lang='lat' dir='ltr'><strong>quit,</strong></span> <span class='ocrx_word' id='word_1_279' title='bbox 445 2483 643 2556; x_wconf 86' lang='lat' dir='ltr'><strong>pueris</strong></span> <span class='ocrx_word' id='word_1_280' title='bbox 668 2483 813 2551; x_wconf 80' lang='lat' dir='ltr'><strong>haec,</strong></span> <span class='ocrx_word' id='word_1_281' title='bbox 854 2484 1120 2557; x_wconf 88' lang='lat' dir='ltr'><strong>sceleste,</strong></span> <span class='ocrx_word' id='word_1_282' title='bbox 1168 2487 1520 2557; x_wconf 89' lang='lat' dir='ltr'><strong>dicerentur,</strong></span> <span class='ocrx_word' id='word_1_283' title='bbox 1572 2490 1673 2561; x_wconf 91' lang='lat' dir='ltr'><strong>qui</strong></span> <span class='ocrx_word' id='word_1_284' title='bbox 1715 2491 1907 2548; x_wconf 89' lang='lat' dir='ltr'><strong>verbis</strong></span> 
     </span>
    </p>
   </div>
   <div class='ocr_carea' id='block_1_44' title="bbox 260 2571 1904 2648">
    <p class='ocr_par' dir='ltr' id='par_1_44' title="bbox 260 2571 1904 2648">
     <span class='ocr_line' id='line_1_44' title="bbox 260 2571 1904 2648; baseline 0.005 -21"><span class='ocrx_word' id='word_1_285' title='bbox 260 2571 386 2627; x_wconf 89' lang='lat' dir='ltr'><strong>ludi</strong></span> <span class='ocrx_word' id='word_1_286' title='bbox 416 2577 673 2644; x_wconf 88' lang='lat' dir='ltr'><strong>queant:</strong></span> <span class='ocrx_word' id='word_1_287' title='bbox 706 2589 801 2629; x_wconf 91' lang='lat' dir='ltr'><strong>me</strong></span> <span class='ocrx_word' id='word_1_288' title='bbox 828 2573 924 2629; x_wconf 91' lang='lat' dir='ltr'><strong>his</strong></span> <span class='ocrx_word' id='word_1_289' title='bbox 954 2575 1129 2648; x_wconf 89' lang='lat' dir='ltr'><strong>nugis</strong></span> <span class='ocrx_word' id='word_1_290' title='bbox 1158 2592 1276 2631; x_wconf 89' lang='lat' dir='ltr'><strong>non</strong></span> <span class='ocrx_word' id='word_1_291' title='bbox 1322 2576 1601 2648; x_wconf 88' lang='lat' dir='ltr'><strong>decipies.</strong></span> <span class='ocrx_word' id='word_1_292' title='bbox 1631 2600 1660 2629; x_wconf 87' lang='lat'>»</span> <span class='ocrx_word' id='word_1_293' title='bbox 1692 2579 1904 2635; x_wconf 88' lang='lat' dir='ltr'><strong>Simul-</strong></span> 
     </span>
    </p>
   </div>
   <div class='ocr_carea' id='block_1_45' title="bbox 258 2661 1902 2733">
    <p class='ocr_par' dir='ltr' id='par_1_45' title="bbox 258 2661 1902 2733">
     <span class='ocr_line' id='line_1_45' title="bbox 258 2661 1902 2733; baseline 0.004 -17"><span class='ocrx_word' id='word_1_294' title='bbox 258 2678 371 2731; x_wconf 88' lang='lat' dir='ltr'><strong>que</strong></span> <span class='ocrx_word' id='word_1_295' title='bbox 415 2677 564 2733; x_wconf 90' lang='lat' dir='ltr'><strong>equo</strong></span> <span class='ocrx_word' id='word_1_296' title='bbox 605 2661 932 2718; x_wconf 86' lang='lat' dir='ltr'><strong>calcaribus</strong></span> <span class='ocrx_word' id='word_1_297' title='bbox 996 2663 1298 2719; x_wconf 90' lang='lat' dir='ltr'><strong>stimulato</strong></span> <span class='ocrx_word' id='word_1_298' title='bbox 1358 2664 1609 2722; x_wconf 88' lang='lat' dir='ltr'><strong>ferocius</strong></span> <span class='ocrx_word' id='word_1_299' title='bbox 1658 2667 1902 2723; x_wconf 86' lang='lat' dir='ltr'><strong>invadit.</strong></span> 
     </span>
    </p>
   </div>
   <div class='ocr_carea' id='block_1_46' title="bbox 252 2749 1911 2829">
    <p class='ocr_par' dir='ltr' id='par_1_46' title="bbox 252 2749 1911 2829">
     <span class='ocr_line' id='line_1_46' title="bbox 252 2749 1911 2829; baseline 0.005 -24"><span class='ocrx_word' id='word_1_300' title='bbox 252 2750 403 2806; x_wconf 89' lang='lat' dir='ltr'><strong>Tum</strong></span> <span class='ocrx_word' id='word_1_301' title='bbox 437 2749 659 2806; x_wconf 87' lang='lat' dir='ltr'><strong>Pbocas</strong></span> <span class='ocrx_word' id='word_1_302' title='bbox 690 2750 938 2820; x_wconf 87' lang='lat' dir='ltr'><strong>clavam,</strong></span> <span class='ocrx_word' id='word_1_303' title='bbox 971 2768 1149 2824; x_wconf 90' lang='lat' dir='ltr'><strong>quam</strong></span> <span class='ocrx_word' id='word_1_304' title='bbox 1181 2753 1291 2809; x_wconf 90' lang='lat' dir='ltr'><strong>sub</strong></span> <span class='ocrx_word' id='word_1_305' title='bbox 1325 2753 1740 2825; x_wconf 87' lang='lat' dir='ltr'><strong>paludamento</strong></span> <span class='ocrx_word' id='word_1_306' title='bbox 1772 2772 1911 2829; x_wconf 88' lang='lat' dir='ltr'><strong>pen-</strong></span> 
     </span>
    </p>
   </div>
   <div class='ocr_carea' id='block_1_47' title="bbox 253 2840 1903 2915">
    <p class='ocr_par' dir='ltr' id='par_1_47' title="bbox 253 2840 1903 2915">
     <span class='ocr_line' id='line_1_47' title="bbox 253 2840 1903 2915; baseline 0.005 -21"><span class='ocrx_word' id='word_1_307' title='bbox 253 2840 483 2894; x_wconf 87' lang='lat' dir='ltr'><strong>dentem</strong></span> <span class='ocrx_word' id='word_1_308' title='bbox 516 2840 763 2911; x_wconf 87' lang='lat' dir='ltr'><strong>ferebat,</strong></span> <span class='ocrx_word' id='word_1_309' title='bbox 797 2840 1025 2912; x_wconf 87' lang='lat' dir='ltr'><strong>arripit,</strong></span> <span class='ocrx_word' id='word_1_310' title='bbox 1055 2841 1409 2912; x_wconf 90' lang='lat' dir='ltr'><strong>obviumque</strong></span> <span class='ocrx_word' id='word_1_311' title='bbox 1435 2860 1499 2900; x_wconf 91' lang='lat' dir='ltr'><strong>se</strong></span> <span class='ocrx_word' id='word_1_312' title='bbox 1544 2845 1757 2915; x_wconf 88' lang='lat' dir='ltr'><strong>ferens,</strong></span> <span class='ocrx_word' id='word_1_313' title='bbox 1791 2847 1903 2903; x_wconf 82' lang='lat' dir='ltr'><strong>ictu</strong></span> 
     </span>
    </p>
   </div>
   <div class='ocr_carea' id='block_1_48' title="bbox 250 2928 1908 3009">
    <p class='ocr_par' dir='ltr' id='par_1_48' title="bbox 250 2928 1908 3009">
     <span class='ocr_line' id='line_1_48' title="bbox 250 2928 1908 3009; baseline 0.005 -25"><span class='ocrx_word' id='word_1_314' title='bbox 250 2928 307 2984; x_wconf 91' lang='lat' dir='ltr'><strong>in</strong></span> <span class='ocrx_word' id='word_1_315' title='bbox 344 2933 520 3003; x_wconf 89' lang='lat' dir='ltr'><strong>caput</strong></span> <span class='ocrx_word' id='word_1_316' title='bbox 549 2928 825 3002; x_wconf 87' lang='lat' dir='ltr'><strong>impacto,</strong></span> <span class='ocrx_word' id='word_1_317' title='bbox 852 2930 1007 2987; x_wconf 70' lang='lat'><strong>892</strong></span> <span class='ocrx_word' id='word_1_318' title='bbox 1033 2930 1147 2987; x_wconf 92' lang='lat' dir='ltr'><strong>leto</strong></span> <span class='ocrx_word' id='word_1_319' title='bbox 1180 2933 1281 2987; x_wconf 91' lang='lat' dir='ltr'><strong>dat</strong></span> <span class='ocrx_word' id='word_1_320' title='bbox 1320 2932 1691 3007; x_wconf 88' lang='lat' dir='ltr'><strong>Charontem,</strong></span> <span class='ocrx_word' id='word_1_321' title='bbox 1741 2935 1908 3009; x_wconf 89' lang='lat' dir='ltr'><strong>galea</strong></span> 
     </span>
    </p>
   </div>
   <div class='ocr_carea' id='block_1_49' title="bbox 253 3020 1905 3098">
    <p class='ocr_par' dir='ltr' id='par_1_49' title="bbox 253 3020 1905 3098">
     <span class='ocr_line' id='line_1_49' title="bbox 253 3020 1905 3098; baseline 0.004 -22"><span class='ocrx_word' id='word_1_322' title='bbox 253 3020 403 3076; x_wconf 90' lang='lat' dir='ltr'><strong>nihil</strong></span> <span class='ocrx_word' id='word_1_323' title='bbox 435 3021 717 3077; x_wconf 86' lang='lat' dir='ltr'><strong>adversus</strong></span> <span class='ocrx_word' id='word_1_324' title='bbox 758 3021 874 3076; x_wconf 90' lang='lat' dir='ltr'><strong>vim</strong></span> <span class='ocrx_word' id='word_1_325' title='bbox 920 3022 1103 3095; x_wconf 77' lang='lat' dir='ltr'><strong>plagas</strong></span> <span class='ocrx_word' id='word_1_326' title='bbox 1129 3022 1393 3095; x_wconf 87' lang='lat' dir='ltr'><strong>valente;</strong></span> <span class='ocrx_word' id='word_1_327' title='bbox 1427 3028 1484 3081; x_wconf 94' lang='lat' dir='ltr'><strong>et</strong></span> <span class='ocrx_word' id='word_1_328' title='bbox 1532 3042 1680 3098; x_wconf 89' lang='lat' dir='ltr'><strong>equo</strong></span> <span class='ocrx_word' id='word_1_329' title='bbox 1726 3027 1905 3084; x_wconf 89' lang='lat' dir='ltr'><strong>frenis</strong></span> 
     </span>
    </p>
   </div>
   <div class='ocr_carea' id='block_1_50' title="bbox 252 3110 1904 3184">
    <p class='ocr_par' dir='ltr' id='par_1_50' title="bbox 252 3110 1904 3184">
     <span class='ocr_line' id='line_1_50' title="bbox 252 3110 1904 3184; baseline 0.004 -18"><span class='ocrx_word' id='word_1_330' title='bbox 252 3126 455 3167; x_wconf 88' lang='lat' dir='ltr'><strong>averso</strong></span> <span class='ocrx_word' id='word_1_331' title='bbox 486 3110 825 3167; x_wconf 88' lang='lat' dir='ltr'><strong>institutum</strong></span> <span class='ocrx_word' id='word_1_332' title='bbox 858 3111 967 3167; x_wconf 87' lang='lat' dir='ltr'><strong>iter</strong></span> <span class='ocrx_word' id='word_1_333' title='bbox 1007 3112 1402 3184; x_wconf 89' lang='lat' dir='ltr'><strong>prosequitur.</strong></span> <span class='ocrx_word' id='word_1_334' title='bbox 1458 3114 1601 3170; x_wconf 92' lang='lat' dir='ltr'><strong>Cum</strong></span> <span class='ocrx_word' id='word_1_335' title='bbox 1649 3132 1784 3173; x_wconf 89' lang='lat' dir='ltr'><strong>vero</strong></span> <span class='ocrx_word' id='word_1_336' title='bbox 1815 3117 1904 3173; x_wconf 88' lang='lat' dir='ltr'><strong>in-</strong></span> 
     </span>
    </p>
   </div>
   <div class='ocr_carea' id='block_1_51' title="bbox 250 3199 1904 3274">
    <p class='ocr_par' dir='ltr' id='par_1_51' title="bbox 250 3199 1904 3274">
     <span class='ocr_line' id='line_1_51' title="bbox 250 3199 1904 3274; baseline 0.005 -19"><span class='ocrx_word' id='word_1_337' title='bbox 250 3199 624 3271; x_wconf 87' lang='lat' dir='ltr'><strong>sequentium</strong></span> <span class='ocrx_word' id='word_1_338' title='bbox 655 3199 866 3273; x_wconf 90' lang='lat' dir='ltr'><strong>reliqui</strong></span> <span class='ocrx_word' id='word_1_339' title='bbox 896 3217 963 3257; x_wconf 93' lang='lat' dir='ltr'><strong>eo</strong></span> <span class='ocrx_word' id='word_1_340' title='bbox 994 3203 1419 3274; x_wconf 86' lang='lat' dir='ltr'><strong>pervenissent,</strong></span> <span class='ocrx_word' id='word_1_341' title='bbox 1452 3205 1729 3261; x_wconf 88' lang='lat' dir='ltr'><strong>cadavere</strong></span> <span class='ocrx_word' id='word_1_342' title='bbox 1758 3207 1904 3263; x_wconf 91' lang='lat' dir='ltr'><strong>Cha-</strong></span> 
     </span>
    </p>
   </div>
   <div class='ocr_carea' id='block_1_52' title="bbox 252 3288 1906 3364">
    <p class='ocr_par' dir='ltr' id='par_1_52' title="bbox 252 3288 1906 3364">
     <span class='ocr_line' id='line_1_52' title="bbox 252 3288 1906 3364; baseline 0.004 -20"><span class='ocrx_word' id='word_1_343' title='bbox 252 3289 438 3345; x_wconf 90' lang='lat' dir='ltr'><strong>rontis</strong></span> <span class='ocrx_word' id='word_1_344' title='bbox 469 3293 869 3362; x_wconf 90' lang='lat' dir='ltr'><strong>conspecto,re</strong></span> <span class='ocrx_word' id='word_1_345' title='bbox 898 3288 1218 3364; x_wconf 90' lang='lat' dir='ltr'><strong>improvisa</strong></span> <span class='ocrx_word' id='word_1_346' title='bbox 1248 3294 1602 3349; x_wconf 86' lang='lat' dir='ltr'><strong>consternati</strong></span> <span class='ocrx_word' id='word_1_347' title='bbox 1628 3296 1906 3352; x_wconf 88' lang='lat' dir='ltr'><strong>substite-</strong></span> 
     </span>
    </p>
   </div>
   <div class='ocr_carea' id='block_1_53' title="bbox 251 3378 1910 3454">
    <p class='ocr_par' dir='ltr' id='par_1_53' title="bbox 251 3378 1910 3454">
     <span class='ocr_line' id='line_1_53' title="bbox 251 3378 1910 3454; baseline 0.004 -21"><span class='ocrx_word' id='word_1_348' title='bbox 251 3382 412 3449; x_wconf 87' lang='lat' dir='ltr'><strong>runt,</strong></span> <span class='ocrx_word' id='word_1_349' title='bbox 461 3378 693 3435; x_wconf 88' lang='lat' dir='ltr'><strong>nemine</strong></span> <span class='ocrx_word' id='word_1_350' title='bbox 740 3395 945 3436; x_wconf 90' lang='lat' dir='ltr'><strong>eorum</strong></span> <span class='ocrx_word' id='word_1_351' title='bbox 995 3380 1149 3437; x_wconf 91' lang='lat' dir='ltr'><strong>ultra</strong></span> <span class='ocrx_word' id='word_1_352' title='bbox 1197 3383 1465 3454; x_wconf 88' lang='lat' dir='ltr'><strong>progredi</strong></span> <span class='ocrx_word' id='word_1_353' title='bbox 1515 3385 1788 3439; x_wconf 92' lang='lat' dir='ltr'><strong>audente.</strong></span> <span class='ocrx_word' id='word_1_354' title='bbox 1822 3388 1910 3441; x_wconf 89' lang='lat' dir='ltr'><strong>Ita</strong></span> 
     </span>
    </p>
   </div>
   <div class='ocr_carea' id='block_1_54' title="bbox 256 3466 1905 3545">
    <p class='ocr_par' dir='ltr' id='par_1_54' title="bbox 256 3466 1905 3545">
     <span class='ocr_line' id='line_1_54' title="bbox 256 3466 1905 3545; baseline 0.004 -23"><span class='ocrx_word' id='word_1_355' title='bbox 256 3466 473 3524; x_wconf 85' lang='lat' dir='ltr'><strong>Phocas</strong></span> <span class='ocrx_word' id='word_1_356' title='bbox 504 3469 881 3524; x_wconf 88' lang='lat' dir='ltr'><strong>securitatem</strong></span> <span class='ocrx_word' id='word_1_357' title='bbox 918 3475 1124 3525; x_wconf 89' lang='lat' dir='ltr'><strong>nactus</strong></span> <span class='ocrx_word' id='word_1_358' title='bbox 1170 3470 1229 3524; x_wconf 91' lang='lat' dir='ltr'><strong>in</strong></span> <span class='ocrx_word' id='word_1_359' title='bbox 1271 3471 1575 3527; x_wconf 88' lang='lat' dir='ltr'><strong>castellum</strong></span> <span class='ocrx_word' id='word_1_360' title='bbox 1626 3474 1905 3545; x_wconf 89' lang='lat' dir='ltr'><strong>pervenit.</strong></span> 
     </span>
    </p>
   </div>
   <div class='ocr_carea' id='block_1_55' title="bbox 251 3558 1907 3633">
    <p class='ocr_par' dir='ltr' id='par_1_55' title="bbox 251 3558 1907 3633">
     <span class='ocr_line' id='line_1_55' title="bbox 251 3558 1907 3633; baseline 0.004 -22"><span class='ocrx_word' id='word_1_361' title='bbox 251 3559 382 3612; x_wconf 83' lang='lat' dir='ltr'><strong>Mox</strong></span> <span class='ocrx_word' id='word_1_362' title='bbox 424 3558 630 3612; x_wconf 91' lang='lat' dir='ltr'><strong>eodem</strong></span> <span class='ocrx_word' id='word_1_363' title='bbox 683 3559 899 3613; x_wconf 88' lang='lat' dir='ltr'><strong>Bardas</strong></span> <span class='ocrx_word' id='word_1_364' title='bbox 974 3558 1239 3625; x_wconf 89' lang='lat' dir='ltr'><strong>recessit,</strong></span> <span class='ocrx_word' id='word_1_365' title='bbox 1306 3560 1786 3633; x_wconf 88' lang='lat' dir='ltr'><strong>continenterque</strong></span> <span class='ocrx_word' id='word_1_366' title='bbox 1835 3563 1907 3617; x_wconf 90' lang='lat' dir='ltr'><strong>ad</strong></span> 
     </span>
    </p>
   </div>
   <div class='ocr_carea' id='block_1_56' title="bbox 252 3644 1907 3720">
    <p class='ocr_par' dir='ltr' id='par_1_56' title="bbox 252 3644 1907 3720">
     <span class='ocr_line' id='line_1_56' title="bbox 252 3644 1907 3720; baseline 0.004 -19"><span class='ocrx_word' id='word_1_367' title='bbox 252 3645 508 3701; x_wconf 86' lang='lat' dir='ltr'><strong>Phoeam</strong></span> <span class='ocrx_word' id='word_1_368' title='bbox 539 3644 738 3701; x_wconf 89' lang='lat' dir='ltr'><strong>missis</strong></span> <span class='ocrx_word' id='word_1_369' title='bbox 766 3645 1174 3716; x_wconf 87' lang='lat' dir='ltr'><strong>internuntiis,</strong></span> <span class='ocrx_word' id='word_1_370' title='bbox 1207 3648 1552 3719; x_wconf 85' lang='lat' dir='ltr'><strong>interposito</strong></span> <span class='ocrx_word' id='word_1_371' title='bbox 1568 3651 1907 3720; x_wconf 89' lang='lat' dir='ltr'><strong>juramento</strong></span> 
     </span>
    </p>
   </div>
   <div class='ocr_carea' id='block_1_57' title="bbox 256 3734 1906 3811">
    <p class='ocr_par' dir='ltr' id='par_1_57' title="bbox 256 3734 1906 3811">
     <span class='ocr_line' id='line_1_57' title="bbox 256 3734 1906 3811; baseline 0.004 -22"><span class='ocrx_word' id='word_1_372' title='bbox 256 3734 627 3789; x_wconf 85' lang='lat' dir='ltr'><strong>confirmavit</strong></span> <span class='ocrx_word' id='word_1_373' title='bbox 680 3751 742 3790; x_wconf 92' lang='lat' dir='ltr'><strong>se</strong></span> <span class='ocrx_word' id='word_1_374' title='bbox 788 3734 979 3806; x_wconf 89' lang='lat' dir='ltr'><strong>ipsius</strong></span> <span class='ocrx_word' id='word_1_375' title='bbox 1042 3751 1168 3791; x_wconf 87' lang='lat' dir='ltr'><strong>eam</strong></span> <span class='ocrx_word' id='word_1_376' title='bbox 1216 3750 1417 3792; x_wconf 90' lang='lat' dir='ltr'><strong>curam</strong></span> <span class='ocrx_word' id='word_1_377' title='bbox 1481 3754 1680 3810; x_wconf 90' lang='lat' dir='ltr'><strong>gerere</strong></span> <span class='ocrx_word' id='word_1_378' title='bbox 1732 3756 1906 3811; x_wconf 89' lang='lat' dir='ltr'><strong>quam</strong></span> 
     </span>
    </p>
   </div>
   <div class='ocr_carea' id='block_1_58' title="bbox 257 3822 1910 3897">
    <p class='ocr_par' dir='ltr' id='par_1_58' title="bbox 257 3822 1910 3897">
     <span class='ocr_line' id='line_1_58' title="bbox 257 3822 1910 3897; baseline 0.005 -20"><span class='ocrx_word' id='word_1_379' title='bbox 257 3822 450 3877; x_wconf 79' lang='lat' dir='ltr'><strong>affinis</strong></span> <span class='ocrx_word' id='word_1_380' title='bbox 481 3822 695 3878; x_wconf 88' lang='lat' dir='ltr'><strong>habere</strong></span> <span class='ocrx_word' id='word_1_381' title='bbox 726 3840 832 3895; x_wconf 90' lang='lat' dir='ltr'><strong>par</strong></span> <span class='ocrx_word' id='word_1_382' title='bbox 855 3826 1011 3879; x_wconf 89' lang='lat' dir='ltr'><strong>esset</strong></span> <span class='ocrx_word' id='word_1_383' title='bbox 1043 3825 1205 3896; x_wconf 89' lang='lat' dir='ltr'><strong>(nam</strong></span> <span class='ocrx_word' id='word_1_384' title='bbox 1238 3824 1455 3897; x_wconf 89' lang='lat' dir='ltr'><strong>Sophia</strong></span> <span class='ocrx_word' id='word_1_385' title='bbox 1493 3827 1699 3884; x_wconf 62' lang='lat' dir='ltr'><strong>Phoce</strong></span> <span class='ocrx_word' id='word_1_386' title='bbox 1746 3846 1910 3885; x_wconf 89' lang='lat' dir='ltr'><strong>soror</strong></span> 
     </span>
    </p>
   </div>
   <div class='ocr_carea' id='block_1_59' title="bbox 255 3910 1909 3989">
    <p class='ocr_par' dir='ltr' id='par_1_59' title="bbox 255 3910 1909 3989">
     <span class='ocr_line' id='line_1_59' title="bbox 255 3910 1909 3989; baseline 0.005 -23"><span class='ocrx_word' id='word_1_387' title='bbox 255 3910 642 3967; x_wconf 89' lang='lat' dir='ltr'><strong>Constantino</strong></span> <span class='ocrx_word' id='word_1_388' title='bbox 699 3912 837 3968; x_wconf 92' lang='lat' dir='ltr'><strong>Duri</strong></span> <span class='ocrx_word' id='word_1_389' title='bbox 892 3913 1057 3969; x_wconf 88' lang='lat' dir='ltr'><strong>fratri</strong></span> <span class='ocrx_word' id='word_1_390' title='bbox 1107 3917 1436 3987; x_wconf 84' lang='lat' dir='ltr'><strong>nupserat),</strong></span> <span class='ocrx_word' id='word_1_391' title='bbox 1494 3918 1796 3989; x_wconf 90' lang='lat' dir='ltr'><strong>suasitque</strong></span> <span class='ocrx_word' id='word_1_392' title='bbox 1844 3923 1909 3975; x_wconf 88' lang='lat' dir='ltr'><strong>ut</strong></span> 
     </span>
    </p>
   </div>
   <div class='ocr_carea' id='block_1_60' title="bbox 255 4000 1909 4075">
    <p class='ocr_par' dir='ltr' id='par_1_60' title="bbox 255 4000 1909 4075">
     <span class='ocr_line' id='line_1_60' title="bbox 255 4000 1909 4075; baseline 0.005 -21"><span class='ocrx_word' id='word_1_393' title='bbox 255 4000 598 4071; x_wconf 89' lang='lat' dir='ltr'><strong>imperatori</strong></span> <span class='ocrx_word' id='word_1_394' title='bbox 631 4017 693 4056; x_wconf 90' lang='lat' dir='ltr'><strong>se</strong></span> <span class='ocrx_word' id='word_1_395' title='bbox 725 4002 984 4073; x_wconf 91' lang='lat' dir='ltr'><strong>dederet,</strong></span> <span class='ocrx_word' id='word_1_396' title='bbox 1015 4002 1440 4075; x_wconf 86' lang='lat' dir='ltr'><strong>impetraturus</strong></span> <span class='ocrx_word' id='word_1_397' title='bbox 1485 4006 1556 4061; x_wconf 90' lang='lat' dir='ltr'><strong>ab</strong></span> <span class='ocrx_word' id='word_1_398' title='bbox 1606 4023 1672 4063; x_wconf 91' lang='lat' dir='ltr'><strong>eo</strong></span> <span class='ocrx_word' id='word_1_399' title='bbox 1721 4008 1909 4063; x_wconf 89' lang='lat' dir='ltr'><strong>rebel-</strong></span> 
     </span>
    </p>
   </div>
   <div class='ocr_carea' id='block_1_61' title="bbox 262 4088 1913 4169">
    <p class='ocr_par' dir='ltr' id='par_1_61' title="bbox 262 4088 1913 4169">
     <span class='ocr_line' id='line_1_61' title="bbox 262 4088 1913 4169; baseline 0.005 -25"><span class='ocrx_word' id='word_1_400' title='bbox 262 4088 434 4145; x_wconf 90' lang='lat' dir='ltr'><strong>lionis</strong></span> <span class='ocrx_word' id='word_1_401' title='bbox 460 4089 714 4146; x_wconf 88' lang='lat' dir='ltr'><strong>veniam.</strong></span> <span class='ocrx_word' id='word_1_402' title='bbox 746 4092 948 4164; x_wconf 90' lang='lat' dir='ltr'><strong>Itaque</strong></span> <span class='ocrx_word' id='word_1_403' title='bbox 996 4092 1110 4147; x_wconf 79' lang='lat' dir='ltr'><strong>fide</strong></span> <span class='ocrx_word' id='word_1_404' title='bbox 1153 4109 1186 4147; x_wconf 89' lang='lat' dir='ltr'><strong>a</strong></span> <span class='ocrx_word' id='word_1_405' title='bbox 1227 4093 1425 4162; x_wconf 88' lang='lat' dir='ltr'><strong>jurato</strong></span> <span class='ocrx_word' id='word_1_406' title='bbox 1474 4094 1627 4151; x_wconf 87' lang='lat' dir='ltr'><strong>Duro</strong></span> <span class='ocrx_word' id='word_1_407' title='bbox 1676 4102 1913 4169; x_wconf 87' lang='lat' dir='ltr'><strong>accepta</strong></span> 
     </span>
    </p>
   </div>
   <div class='ocr_carea' id='block_1_62' title="bbox 261 4178 1912 4252">
    <p class='ocr_par' dir='ltr' id='par_1_62' title="bbox 261 4178 1912 4252">
     <span class='ocr_line' id='line_1_62' title="bbox 261 4178 1912 4252; baseline 0.005 -19"><span class='ocrx_word' id='word_1_408' title='bbox 261 4178 506 4249; x_wconf 85' lang='lat' dir='ltr'><strong>Phocas,</strong></span> <span class='ocrx_word' id='word_1_409' title='bbox 557 4178 704 4235; x_wconf 89' lang='lat' dir='ltr'><strong>nihil</strong></span> <span class='ocrx_word' id='word_1_410' title='bbox 751 4178 810 4235; x_wconf 85' lang='lat' dir='ltr'><strong>in</strong></span> <span class='ocrx_word' id='word_1_411' title='bbox 861 4197 923 4237; x_wconf 88' lang='lat' dir='ltr'><strong>se</strong></span> <span class='ocrx_word' id='word_1_412' title='bbox 967 4184 1133 4237; x_wconf 84' lang='lat' dir='ltr'><strong>atrox</strong></span> <span class='ocrx_word' id='word_1_413' title='bbox 1178 4186 1468 4239; x_wconf 88' lang='lat' dir='ltr'><strong>statutum</strong></span> <span class='ocrx_word' id='word_1_414' title='bbox 1517 4184 1611 4252; x_wconf 91' lang='lat' dir='ltr'><strong>iri,</strong></span> <span class='ocrx_word' id='word_1_415' title='bbox 1656 4184 1792 4240; x_wconf 89' lang='lat' dir='ltr'><strong>huic</strong></span> <span class='ocrx_word' id='word_1_416' title='bbox 1849 4201 1912 4242; x_wconf 91' lang='lat' dir='ltr'><strong>se</strong></span> 
     </span>
    </p>
   </div>
   <div class='ocr_carea' id='block_1_63' title="bbox 261 4268 1909 4347">
    <p class='ocr_par' dir='ltr' id='par_1_63' title="bbox 261 4268 1909 4347">
     <span class='ocr_line' id='line_1_63' title="bbox 261 4268 1909 4347; baseline 0.005 -24"><span class='ocrx_word' id='word_1_417' title='bbox 261 4284 518 4341; x_wconf 90' lang='lat' dir='ltr'><strong>suosque</strong></span> <span class='ocrx_word' id='word_1_418' title='bbox 550 4269 729 4324; x_wconf 91' lang='lat' dir='ltr'><strong>dedit.</strong></span> <span class='ocrx_word' id='word_1_419' title='bbox 760 4268 1199 4342; x_wconf 88' lang='lat' dir='ltr'><strong>Contentusque</strong></span> <span class='ocrx_word' id='word_1_420' title='bbox 1228 4271 1338 4327; x_wconf 92' lang='lat' dir='ltr'><strong>hac</strong></span> <span class='ocrx_word' id='word_1_421' title='bbox 1368 4289 1539 4344; x_wconf 81' lang='lat' dir='ltr'><strong>paena</strong></span> <span class='ocrx_word' id='word_1_422' title='bbox 1584 4273 1695 4330; x_wconf 84' lang='lat' dir='ltr'><strong>fuit</strong></span> <span class='ocrx_word' id='word_1_423' title='bbox 1726 4274 1909 4347; x_wconf 87' lang='lat' dir='ltr'><strong>impe-</strong></span> 
     </span>
    </p>
   </div>
   <div class='ocr_carea' id='block_1_64' title="bbox 264 4356 1909 4436">
    <p class='ocr_par' dir='ltr' id='par_1_64' title="bbox 264 4356 1909 4436">
     <span class='ocr_line' id='line_1_64' title="bbox 264 4356 1909 4436; baseline 0.006 -26"><span class='ocrx_word' id='word_1_424' title='bbox 264 4362 422 4411; x_wconf 89' lang='lat' dir='ltr'><strong>rator</strong></span> <span class='ocrx_word' id='word_1_425' title='bbox 453 4360 518 4412; x_wconf 90' lang='lat' dir='ltr'><strong>ut</strong></span> <span class='ocrx_word' id='word_1_426' title='bbox 546 4372 681 4412; x_wconf 87' lang='lat' dir='ltr'><strong>eum</strong></span> <span class='ocrx_word' id='word_1_427' title='bbox 712 4356 988 4414; x_wconf 88' lang='lat' dir='ltr'><strong>clericum</strong></span> <span class='ocrx_word' id='word_1_428' title='bbox 1018 4358 1234 4415; x_wconf 84' lang='lat' dir='ltr'><strong>factum</strong></span> <span class='ocrx_word' id='word_1_429' title='bbox 1265 4359 1324 4415; x_wconf 89' lang='lat' dir='ltr'><strong>in</strong></span> <span class='ocrx_word' id='word_1_430' title='bbox 1350 4360 1560 4417; x_wconf 90' lang='lat' dir='ltr'><strong>Chium</strong></span> <span class='ocrx_word' id='word_1_431' title='bbox 1593 4362 1909 4436; x_wconf 83' lang='lat' dir='ltr'><strong>relegaret;</strong></span> 
     </span>
    </p>
   </div>
   <div class='ocr_carea' id='block_1_65' title="bbox 257 4446 1912 4521">
    <p class='ocr_par' dir='ltr' id='par_1_65' title="bbox 257 4446 1912 4521">
     <span class='ocr_line' id='line_1_65' title="bbox 257 4446 1912 4521; baseline 0.005 -19"><span class='ocrx_word' id='word_1_432' title='bbox 257 4450 314 4502; x_wconf 92' lang='lat' dir='ltr'><strong>et</strong></span> <span class='ocrx_word' id='word_1_433' title='bbox 343 4451 563 4501; x_wconf 87' lang='lat' dir='ltr'><strong>Durum</strong></span> <span class='ocrx_word' id='word_1_434' title='bbox 596 4462 730 4503; x_wconf 90' lang='lat' dir='ltr'><strong>eum</strong></span> <span class='ocrx_word' id='word_1_435' title='bbox 761 4446 1047 4519; x_wconf 87' lang='lat' dir='ltr'><strong>expeditis</strong></span> <span class='ocrx_word' id='word_1_436' title='bbox 1076 4448 1418 4507; x_wconf 89' lang='lat' dir='ltr'><strong>cohortibus</strong></span> <span class='ocrx_word' id='word_1_437' title='bbox 1456 4451 1635 4521; x_wconf 81' lang='lat' dir='ltr'><strong>jussit</strong></span> <span class='ocrx_word' id='word_1_438' title='bbox 1657 4452 1716 4508; x_wconf 93' lang='lat' dir='ltr'><strong>in</strong></span> <span class='ocrx_word' id='word_1_439' title='bbox 1749 4453 1912 4510; x_wconf 91' lang='lat' dir='ltr'><strong>Occi-</strong></span> 
     </span>
    </p>
   </div>
   <div class='ocr_carea' id='block_1_66' title="bbox 258 4535 755 4592">
    <p class='ocr_par' dir='ltr' id='par_1_66' title="bbox 258 4535 755 4592">
     <span class='ocr_line' id='line_1_66' title="bbox 258 4535 755 4592; baseline 0.002 -2"><span class='ocrx_word' id='word_1_440' title='bbox 258 4536 493 4591; x_wconf 90' lang='lat' dir='ltr'><strong>dentem</strong></span> <span class='ocrx_word' id='word_1_441' title='bbox 525 4535 755 4592; x_wconf 87' lang='lat' dir='ltr'><strong>reverti.</strong></span> 
     </span>
    </p>
   </div>
   <div class='ocr_carea' id='block_1_67' title="bbox 2016 1876 3659 1957">
    <p class='ocr_par' dir='ltr' id='par_1_67' title="bbox 2016 1876 3659 1957">
     <span class='ocr_line' id='line_1_67' title="bbox 2016 1876 3659 1957; baseline -0.002 -23"><span class='ocrx_word' id='word_1_442' title='bbox 2016 1879 2302 1957; x_wconf 72' lang='grc' dir='ltr'>προφέρων</span> <span class='ocrx_word' id='word_1_443' title='bbox 2361 1878 2451 1933; x_wconf 82' lang='grc' dir='ltr'><strong>καὶ</strong></span> <span class='ocrx_word' id='word_1_444' title='bbox 2507 1877 2868 1955; x_wconf 83' lang='grc' dir='ltr'>γενναιότητι,</span> <span class='ocrx_word' id='word_1_445' title='bbox 2934 1876 3179 1953; x_wconf 68' lang='grc' dir='ltr'>τοῦνομα</span> <span class='ocrx_word' id='word_1_446' title='bbox 3236 1880 3659 1943; x_wconf 82' lang='grc' dir='ltr'>Κωνσταντῖνος,</span> 
     </span>
    </p>
   </div>
   <div class='ocr_carea' id='block_1_68' title="bbox 2014 1964 3661 2045">
    <p class='ocr_par' dir='ltr' id='par_1_68' title="bbox 2014 1964 3661 2045">
     <span class='ocr_line' id='line_1_68' title="bbox 2014 1964 3661 2045; baseline -0.003 -22"><span class='ocrx_word' id='word_1_447' title='bbox 2014 1967 2205 2044; x_wconf 84' lang='grc' dir='ltr'>Χάρων</span> <span class='ocrx_word' id='word_1_448' title='bbox 2234 1969 2332 2037; x_wconf 76' lang='grc' dir='ltr'>τὴν</span> <span class='ocrx_word' id='word_1_449' title='bbox 2367 1968 2757 2045; x_wconf 83' lang='grc' dir='ltr'>προσηγορίαν,</span> <span class='ocrx_word' id='word_1_450' title='bbox 2806 1967 2935 2032; x_wconf 78' lang='grc' dir='ltr'>τοὺς</span> <span class='ocrx_word' id='word_1_451' title='bbox 2986 1966 3193 2032; x_wconf 73' lang='grc' dir='ltr'>ἄλλους</span> <span class='ocrx_word' id='word_1_452' title='bbox 3220 1965 3445 2022; x_wconf 85' lang='grc' dir='ltr'>κατόπιν</span> <span class='ocrx_word' id='word_1_453' title='bbox 3482 1964 3661 2022; x_wconf 86' lang='grc' dir='ltr'>λιπὼν</span> 
     </span>
    </p>
   </div>
   <div class='ocr_carea' id='block_1_69' title="bbox 2018 2062 3657 2143">
    <p class='ocr_par' dir='ltr' id='par_1_69' title="bbox 2018 2062 3657 2143">
     <span class='ocr_line' id='line_1_69' title="bbox 2018 2062 3657 2143; baseline -0.004 -20"><span class='ocrx_word' id='word_1_454' title='bbox 2018 2068 2153 2140; x_wconf 81' lang='grc' dir='ltr'>μετὰ</span> <span class='ocrx_word' id='word_1_455' title='bbox 2200 2064 2477 2127; x_wconf 77' lang='grc' dir='ltr'>συντονίας</span> <span class='ocrx_word' id='word_1_456' title='bbox 2548 2065 2824 2143; x_wconf 78' lang='grc' dir='ltr'>ἐπήρχετο</span> <span class='ocrx_word' id='word_1_457' title='bbox 2878 2069 2958 2137; x_wconf 81' lang='grc' dir='ltr'><strong>τῷ</strong></span> <span class='ocrx_word' id='word_1_458' title='bbox 3013 2069 3201 2136; x_wconf 81' lang='grc' dir='ltr'>Φωκᾷ,</span> <span class='ocrx_word' id='word_1_459' title='bbox 3256 2065 3470 2119; x_wconf 77' lang='grc' dir='ltr'>ὄπισθεν</span> <span class='ocrx_word' id='word_1_460' title='bbox 3531 2062 3657 2137; x_wconf 81' lang='grc' dir='ltr'>οὖρ-</span> 
     </span>
    </p>
   </div>
   <div class='ocr_carea' id='block_1_70' title="bbox 2014 2150 3663 2231">
    <p class='ocr_par' dir='ltr' id='par_1_70' title="bbox 2014 2150 3663 2231">
     <span class='ocr_line' id='line_1_70' title="bbox 2014 2150 3663 2231; baseline -0.003 -20"><span class='ocrx_word' id='word_1_461' title='bbox 2014 2158 2233 2231; x_wconf 79' lang='grc' dir='ltr'>αγοῦντι</span> <span class='ocrx_word' id='word_1_462' title='bbox 2267 2159 2372 2210; x_wconf 83' lang='grc' dir='ltr'>οῶν</span> <span class='ocrx_word' id='word_1_463' title='bbox 2406 2156 2620 2223; x_wconf 73' lang='grc' dir='ltr'>ἑαυτοῦ,</span> <span class='ocrx_word' id='word_1_464' title='bbox 2651 2155 2741 2210; x_wconf 85' lang='grc' dir='ltr'><strong>καὶ</strong></span> <span class='ocrx_word' id='word_1_465' title='bbox 2788 2152 2854 2225; x_wconf 80' lang='grc' dir='ltr'>ἤν</span> <span class='ocrx_word' id='word_1_466' title='bbox 2905 2176 2989 2217; x_wconf 90' lang='grc' dir='ltr'><strong>τις</strong></span> <span class='ocrx_word' id='word_1_467' title='bbox 3013 2153 3140 2229; x_wconf 69' lang='grc' dir='ltr'>ἐπίῃ</span> <span class='ocrx_word' id='word_1_468' title='bbox 3181 2151 3423 2224; x_wconf 76' lang='grc' dir='ltr'>δέξασθαι</span> <span class='ocrx_word' id='word_1_469' title='bbox 3453 2150 3663 2227; x_wconf 79' lang='grc' dir='ltr'>προθύ-</span> 
     </span>
    </p>
   </div>
   <div class='ocr_carea' id='block_1_71' title="bbox 2021 2239 3662 2321">
    <p class='ocr_par' dir='ltr' id='par_1_71' title="bbox 2021 2239 3662 2321">
     <span class='ocr_line' id='line_1_71' title="bbox 2021 2239 3662 2321; baseline -0.004 -21"><span class='ocrx_word' id='word_1_470' title='bbox 2021 2267 2138 2319; x_wconf 91' lang='grc' dir='ltr'><strong>μως</strong></span> <span class='ocrx_word' id='word_1_471' title='bbox 2188 2245 2697 2321; x_wconf 71' lang='grc' dir='ltr'>παρεσκευασμένῳ.</span> <span class='ocrx_word' id='word_1_472' title='bbox 2766 2246 2975 2300; x_wconf 78' lang='grc' dir='ltr'>Τοῦτον</span> <span class='ocrx_word' id='word_1_473' title='bbox 3050 2242 3329 2320; x_wconf 71' lang='grc' dir='ltr'>πόρρωθεν</span> <span class='ocrx_word' id='word_1_474' title='bbox 3389 2239 3524 2297; x_wconf 75' lang='grc' dir='ltr'>ἱδὼν</span> <span class='ocrx_word' id='word_1_475' title='bbox 3569 2240 3662 2295; x_wconf 85' lang='grc' dir='ltr'><strong>καὶ</strong></span> 
     </span>
    </p>
   </div>
   <div class='ocr_carea' id='block_1_72' title="bbox 2016 2328 3665 2411">
    <p class='ocr_par' dir='ltr' id='par_1_72' title="bbox 2016 2328 3665 2411">
     <span class='ocr_line' id='line_1_72' title="bbox 2016 2328 3665 2411; baseline -0.003 -22"><span class='ocrx_word' id='word_1_476' title='bbox 2016 2334 2287 2411; x_wconf 85' lang='grc' dir='ltr'>γνωρίσας</span> <span class='ocrx_word' id='word_1_477' title='bbox 2333 2336 2361 2389; x_wconf 89' lang='lat'><strong>6</strong></span> <span class='ocrx_word' id='word_1_478' title='bbox 2420 2334 2612 2411; x_wconf 81' lang='grc' dir='ltr'>Χάρων</span> <span class='ocrx_word' id='word_1_479' title='bbox 2672 2328 2887 2410; x_wconf 75' lang='grc' dir='ltr'>ὕϐρεσιν</span> <span class='ocrx_word' id='word_1_480' title='bbox 2936 2333 3194 2406; x_wconf 68' lang='grc' dir='ltr'>ἀσέμνοις</span> <span class='ocrx_word' id='word_1_481' title='bbox 3241 2330 3333 2387; x_wconf 74' lang='grc' dir='ltr'><strong>καὶ</strong></span> <span class='ocrx_word' id='word_1_482' title='bbox 3372 2329 3665 2407; x_wconf 79' lang='grc' dir='ltr'>ἀπρεπὲσιν</span> 
     </span>
    </p>
   </div>
   <div class='ocr_carea' id='block_1_73' title="bbox 2017 2428 3666 2507">
    <p class='ocr_par' dir='ltr' id='par_1_73' title="bbox 2017 2428 3666 2507">
     <span class='ocr_line' id='line_1_73' title="bbox 2017 2428 3666 2507; baseline -0.005 -18"><span class='ocrx_word' id='word_1_483' title='bbox 2017 2428 2268 2502; x_wconf 77' lang='grc' dir='ltr'>ἔϐαλλεν,</span> <span class='ocrx_word' id='word_1_484' title='bbox 2300 2432 2486 2507; x_wconf 81' lang='grc' dir='ltr'>ἀγεννῆ</span> <span class='ocrx_word' id='word_1_485' title='bbox 2538 2432 2627 2487; x_wconf 81' lang='grc' dir='ltr'><strong>καὶ</strong></span> <span class='ocrx_word' id='word_1_486' title='bbox 2686 2428 2945 2507; x_wconf 81' lang='grc' dir='ltr'>ἄνανδρον</span> <span class='ocrx_word' id='word_1_487' title='bbox 3004 2429 3319 2500; x_wconf 81' lang='grc' dir='ltr'>ἀποκαλῶν,</span> <span class='ocrx_word' id='word_1_488' title='bbox 3368 2430 3455 2485; x_wconf 83' lang='grc' dir='ltr'><strong>καὶ</strong></span> <span class='ocrx_word' id='word_1_489' title='bbox 3494 2449 3666 2503; x_wconf 83' lang='grc' dir='ltr'>προσ-</span> 
     </span>
    </p>
   </div>
   <div class='ocr_carea' id='block_1_74' title="bbox 2019 2518 3667 2597">
    <p class='ocr_par' dir='ltr' id='par_1_74' title="bbox 2019 2518 3667 2597">
     <span class='ocr_line' id='line_1_74' title="bbox 2019 2518 3667 2597; baseline -0.002 -21"><span class='ocrx_word' id='word_1_490' title='bbox 2019 2523 2193 2596; x_wconf 75' lang='grc' dir='ltr'>μένειν</span> <span class='ocrx_word' id='word_1_491' title='bbox 2238 2520 2476 2577; x_wconf 81' lang='grc' dir='ltr'>κελεύων</span> <span class='ocrx_word' id='word_1_492' title='bbox 2538 2521 2732 2597; x_wconf 88' lang='grc' dir='ltr'>μικρὸν</span> <span class='ocrx_word' id='word_1_493' title='bbox 2787 2521 2926 2577; x_wconf 81' lang='grc' dir='ltr'>ὥστε</span> <span class='ocrx_word' id='word_1_494' title='bbox 2955 2522 3020 2576; x_wconf 78' lang='grc' dir='ltr'><strong>τὰ</strong></span> <span class='ocrx_word' id='word_1_495' title='bbox 3049 2521 3181 2596; x_wconf 81' lang='grc' dir='ltr'>γὲρα</span> <span class='ocrx_word' id='word_1_496' title='bbox 3210 2527 3308 2591; x_wconf 82' lang='grc' dir='ltr'><strong>τῆς</strong></span> <span class='ocrx_word' id='word_1_497' title='bbox 3340 2518 3667 2579; x_wconf 84' lang='grc' dir='ltr'>ἀποστασίας</span> 
     </span>
    </p>
   </div>
   <div class='ocr_carea' id='block_1_75' title="bbox 2017 2604 3663 2687">
    <p class='ocr_par' dir='ltr' id='par_1_75' title="bbox 2017 2604 3663 2687">
     <span class='ocr_line' id='line_1_75' title="bbox 2017 2604 3663 2687; baseline -0.004 -19"><span class='ocrx_word' id='word_1_498' title='bbox 2017 2607 2221 2668; x_wconf 88' lang='grc' dir='ltr'>λαϐεῖν.</span> <span class='ocrx_word' id='word_1_499' title='bbox 2255 2613 2314 2669; x_wconf 83' lang='grc' dir='ltr'><em>Ὀ</em></span> <span class='ocrx_word' id='word_1_500' title='bbox 2348 2609 2404 2666; x_wconf 76' lang='grc' dir='ltr'>δὲ</span> <span class='ocrx_word' id='word_1_501' title='bbox 2434 2616 2540 2666; x_wconf 84' lang='grc' dir='ltr'>τῶν</span> <span class='ocrx_word' id='word_1_502' title='bbox 2591 2606 2797 2687; x_wconf 77' lang='grc' dir='ltr'>ὕϐρεων</span> <span class='ocrx_word' id='word_1_503' title='bbox 2848 2610 3150 2679; x_wconf 77' lang='grc' dir='ltr'>ἐπακούων,</span> <span class='ocrx_word' id='word_1_504' title='bbox 3195 2610 3285 2664; x_wconf 87' lang='grc' dir='ltr'><strong>καὶ</strong></span> <span class='ocrx_word' id='word_1_505' title='bbox 3330 2608 3477 2671; x_wconf 75' lang='grc' dir='ltr'>ὅστις</span> <span class='ocrx_word' id='word_1_506' title='bbox 3507 2608 3536 2663; x_wconf 90' lang='lat'><strong>6</strong></span> <span class='ocrx_word' id='word_1_507' title='bbox 3568 2604 3663 2661; x_wconf 69' lang='grc' dir='ltr'><strong>λὶ-</strong></span> 
     </span>
    </p>
   </div>
   <div class='ocr_carea' id='block_1_76' title="bbox 2014 2696 3667 2777">
    <p class='ocr_par' dir='ltr' id='par_1_76' title="bbox 2014 2696 3667 2777">
     <span class='ocr_line' id='line_1_76' title="bbox 2014 2696 3667 2777; baseline -0.004 -21"><span class='ocrx_word' id='word_1_508' title='bbox 2014 2723 2126 2777; x_wconf 91' lang='grc' dir='ltr'><strong>γων</strong></span> <span class='ocrx_word' id='word_1_509' title='bbox 2181 2702 2256 2776; x_wconf 72' lang='grc' dir='ltr'>μὴ</span> <span class='ocrx_word' id='word_1_510' title='bbox 2313 2700 2607 2776; x_wconf 68' lang='grc' dir='ltr'>ἀγνοήσας,</span> <span class='ocrx_word' id='word_1_511' title='bbox 2655 2698 2898 2776; x_wconf 78' lang='grc' dir='ltr'>ἐπισχών</span> <span class='ocrx_word' id='word_1_512' title='bbox 2954 2700 3046 2755; x_wconf 82' lang='grc' dir='ltr'><strong>τὸν</strong></span> <span class='ocrx_word' id='word_1_513' title='bbox 3104 2697 3333 2776; x_wconf 85' lang='grc' dir='ltr'>’χαλινὸν</span> <span class='ocrx_word' id='word_1_514' title='bbox 3391 2696 3478 2752; x_wconf 79' lang='grc' dir='ltr'><strong>καὶ</strong></span> <span class='ocrx_word' id='word_1_515' title='bbox 3528 2697 3667 2773; x_wconf 80' lang='grc' dir='ltr'>πρὸς</span> 
     </span>
    </p>
   </div>
   <div class='ocr_carea' id='block_1_77' title="bbox 2016 2782 3652 2867">
    <p class='ocr_par' dir='ltr' id='par_1_77' title="bbox 2016 2782 3652 2867">
     <span class='ocr_line' id='line_1_77' title="bbox 2016 2782 3652 2867; baseline -0.003 -21"><span class='ocrx_word' id='word_1_516' title='bbox 2016 2790 2215 2847; x_wconf 71' lang='grc' dir='ltr'>ἐκεῖνον</span> <span class='ocrx_word' id='word_1_517' title='bbox 2283 2789 2651 2867; x_wconf 72' lang='grc' dir='ltr'>ἐπιστραφεὶς,</span> <span class='ocrx_word' id='word_1_518' title='bbox 2719 2812 2747 2845; x_wconf 73' lang='grc' dir='ltr'><strong>ε</strong></span> <span class='ocrx_word' id='word_1_519' title='bbox 2801 2786 2946 2845; x_wconf 83' lang='grc' dir='ltr'>Ἔδει</span> <span class='ocrx_word' id='word_1_520' title='bbox 3004 2810 3083 2858; x_wconf 83' lang='grc' dir='ltr'><strong>σε,</strong></span> <span class='ocrx_word' id='word_1_521' title='bbox 3117 2789 3161 2843; x_wconf 86' lang='grc' dir='ltr'>ὧ</span> <span class='ocrx_word' id='word_1_522' title='bbox 3214 2789 3481 2861; x_wconf 79' lang='grc' dir='ltr'>ἄνθρωηε,</span> <span class='ocrx_word' id='word_1_523' title='bbox 3523 2782 3652 2863; x_wconf 78' lang='grc' dir='ltr'>ἔφη,</span> 
     </span>
    </p>
   </div>
   <div class='ocr_carea' id='block_1_78' title="bbox 2013 2884 3662 2964">
    <p class='ocr_par' dir='ltr' id='par_1_78' title="bbox 2013 2884 3662 2964">
     <span class='ocr_line' id='line_1_78' title="bbox 2013 2884 3662 2964; baseline -0.004 -19"><span class='ocrx_word' id='word_1_524' title='bbox 2013 2890 2077 2946; x_wconf 82' lang='grc' dir='ltr'>τὸ</span> <span class='ocrx_word' id='word_1_525' title='bbox 2107 2890 2453 2964; x_wconf 81' lang='grc' dir='ltr'>ἀστάθμητον</span> <span class='ocrx_word' id='word_1_526' title='bbox 2508 2886 2869 2963; x_wconf 84' lang='grc' dir='ltr'>λογισάμενον</span> <span class='ocrx_word' id='word_1_527' title='bbox 2929 2893 3027 2958; x_wconf 79' lang='grc' dir='ltr'><strong>τῆς</strong></span> <span class='ocrx_word' id='word_1_528' title='bbox 3074 2890 3180 2943; x_wconf 80' lang='grc' dir='ltr'><strong>τῶν</strong></span> <span class='ocrx_word' id='word_1_529' title='bbox 3229 2885 3527 2961; x_wconf 83' lang='grc' dir='ltr'>ἀνθρώπων</span> <span class='ocrx_word' id='word_1_530' title='bbox 3568 2884 3662 2939; x_wconf 83' lang='grc' dir='ltr'>τύ-</span> 
     </span>
    </p>
   </div>
   <div class='ocr_carea' id='block_1_79' title="bbox 2015 2970 3662 3055">
    <p class='ocr_par' dir='ltr' id='par_1_79' title="bbox 2015 2970 3662 3055">
     <span class='ocr_line' id='line_1_79' title="bbox 2015 2970 3662 3055; baseline -0.004 -22"><span class='ocrx_word' id='word_1_531' title='bbox 2015 2999 2124 3055; x_wconf 76' lang='grc' dir='ltr'><strong>χης</strong></span> <span class='ocrx_word' id='word_1_532' title='bbox 2162 2980 2238 3052; x_wconf 80' lang='grc' dir='ltr'>μή</span> <span class='ocrx_word' id='word_1_533' title='bbox 2292 2974 2745 3050; x_wconf 77' lang='grc' dir='ltr'>προσονειδίζειν,</span> <span class='ocrx_word' id='word_1_534' title='bbox 2799 2973 2929 3050; x_wconf 83' lang='grc' dir='ltr'>μηδ’</span> <span class='ocrx_word' id='word_1_535' title='bbox 2986 2970 3331 3050; x_wconf 78' lang='grc' dir='ltr'>ἐπεμϐαίνειν</span> <span class='ocrx_word' id='word_1_536' title='bbox 3390 2974 3662 3049; x_wconf 80' lang='grc' dir='ltr'>ἀνθρώπῳ</span> 
     </span>
    </p>
   </div>
   <div class='ocr_carea' id='block_1_80' title="bbox 2014 3062 3662 3142">
    <p class='ocr_par' dir='ltr' id='par_1_80' title="bbox 2014 3062 3662 3142">
     <span class='ocr_line' id='line_1_80' title="bbox 2014 3062 3662 3142; baseline -0.005 -17"><span class='ocrx_word' id='word_1_537' title='bbox 2014 3073 2132 3131; x_wconf 85' lang='grc' dir='ltr'>ταῖς</span> <span class='ocrx_word' id='word_1_538' title='bbox 2171 3066 2219 3142; x_wconf 78' lang='grc' dir='ltr'><strong>ἐξ</strong></span> <span class='ocrx_word' id='word_1_539' title='bbox 2278 3068 2449 3137; x_wconf 82' lang='grc' dir='ltr'>αὐτῆς</span> <span class='ocrx_word' id='word_1_540' title='bbox 2483 3065 2758 3141; x_wconf 68' lang='grc' dir='ltr'>ἑπῃρείαις</span> <span class='ocrx_word' id='word_1_541' title='bbox 2795 3065 3216 3142; x_wconf 78' lang='grc' dir='ltr'>ἠναγκασμένῳ,</span> <span class='ocrx_word' id='word_1_542' title='bbox 3270 3062 3396 3120; x_wconf 85' lang='grc' dir='ltr'>ἀλλ’</span> <span class='ocrx_word' id='word_1_543' title='bbox 3456 3062 3662 3118; x_wconf 71' lang='lat' dir='ltr'><strong>clx-tci-</strong></span> 
     </span>
    </p>
   </div>
   <div class='ocr_carea' id='block_1_81' title="bbox 2018 3152 3663 3234">
    <p class='ocr_par' dir='ltr' id='par_1_81' title="bbox 2018 3152 3663 3234">
     <span class='ocr_line' id='line_1_81' title="bbox 2018 3152 3663 3234; baseline -0.004 -21"><span class='ocrx_word' id='word_1_544' title='bbox 2018 3179 2127 3234; x_wconf 85' lang='grc' dir='ltr'>ρειν</span> <span class='ocrx_word' id='word_1_545' title='bbox 2164 3156 2376 3231; x_wconf 78' lang='grc' dir='ltr'>μᾶλλον</span> <span class='ocrx_word' id='word_1_546' title='bbox 2433 3155 2523 3212; x_wconf 83' lang='grc' dir='ltr'><strong>καὶ</strong></span> <span class='ocrx_word' id='word_1_547' title='bbox 2581 3154 2747 3212; x_wconf 82' lang='grc' dir='ltr'>ἐλεεῖν</span> <span class='ocrx_word' id='word_1_548' title='bbox 2809 3156 2899 3211; x_wconf 85' lang='grc' dir='ltr'>τὸν</span> <span class='ocrx_word' id='word_1_549' title='bbox 2952 3152 3320 3232; x_wconf 78' lang='grc' dir='ltr'>δυστυχοῦντά</span> <span class='ocrx_word' id='word_1_550' title='bbox 3363 3174 3430 3228; x_wconf 88' lang='grc' dir='ltr'><strong>με</strong></span> <span class='ocrx_word' id='word_1_551' title='bbox 3458 3153 3663 3226; x_wconf 72' lang='grc' dir='ltr'>πατέρα</span> 
     </span>
    </p>
   </div>
   <div class='ocr_carea' id='block_1_82' title="bbox 2021 3240 3660 3322">
    <p class='ocr_par' dir='ltr' id='par_1_82' title="bbox 2021 3240 3660 3322">
     <span class='ocr_line' id='line_1_82' title="bbox 2021 3240 3660 3322; baseline -0.004 -19"><span class='ocrx_word' id='word_1_552' title='bbox 2021 3248 2115 3322; x_wconf 79' lang='grc' dir='ltr'>μὶν</span> <span class='ocrx_word' id='word_1_553' title='bbox 2164 3246 2441 3321; x_wconf 76' lang='grc' dir='ltr'>ἐσχηκότα</span> <span class='ocrx_word' id='word_1_554' title='bbox 2488 3242 2933 3321; x_wconf 79' lang='grc' dir='ltr'>κουροπαλάτην,</span> <span class='ocrx_word' id='word_1_555' title='bbox 3000 3243 3219 3300; x_wconf 86' lang='grc' dir='ltr'>πάππον</span> <span class='ocrx_word' id='word_1_556' title='bbox 3279 3241 3337 3298; x_wconf 72' lang='grc' dir='ltr'>δὲ</span> <span class='ocrx_word' id='word_1_557' title='bbox 3393 3240 3660 3318; x_wconf 88' lang='grc' dir='ltr'>Καίσαρα,</span> 
     </span>
    </p>
   </div>
   <div class='ocr_carea' id='block_1_83' title="bbox 2015 3339 3665 3419">
    <p class='ocr_par' dir='ltr' id='par_1_83' title="bbox 2015 3339 3665 3419">
     <span class='ocr_line' id='line_1_83' title="bbox 2015 3339 3665 3419; baseline -0.004 -19"><span class='ocrx_word' id='word_1_558' title='bbox 2015 3348 2156 3400; x_wconf 85' lang='grc' dir='ltr'>θεῖον</span> <span class='ocrx_word' id='word_1_559' title='bbox 2220 3342 2467 3419; x_wconf 72' lang='grc' dir='ltr'>βασιλέα,</span> <span class='ocrx_word' id='word_1_560' title='bbox 2525 3340 2692 3397; x_wconf 81' lang='grc' dir='ltr'>δοῦκα</span> <span class='ocrx_word' id='word_1_561' title='bbox 2758 3344 2871 3416; x_wconf 81' lang='grc'>(24)</span> <span class='ocrx_word' id='word_1_562' title='bbox 2924 3339 2983 3397; x_wconf 68' lang='grc' dir='ltr'>δὲ</span> <span class='ocrx_word' id='word_1_563' title='bbox 3032 3340 3123 3396; x_wconf 84' lang='grc' dir='ltr'><strong>καὶ</strong></span> <span class='ocrx_word' id='word_1_564' title='bbox 3180 3341 3339 3396; x_wconf 71' lang='grc' dir='ltr'>αὑτὸν</span> <span class='ocrx_word' id='word_1_565' title='bbox 3400 3340 3665 3416; x_wconf 87' lang='grc' dir='ltr'>γεγονότα</span> 
     </span>
    </p>
   </div>
   <div class='ocr_carea' id='block_1_84' title="bbox 2015 3426 3664 3507">
    <p class='ocr_par' dir='ltr' id='par_1_84' title="bbox 2015 3426 3664 3507">
     <span class='ocr_line' id='line_1_84' title="bbox 2015 3426 3664 3507; baseline -0.004 -19"><span class='ocrx_word' id='word_1_566' title='bbox 2015 3433 2103 3489; x_wconf 83' lang='grc' dir='ltr'><strong>καὶ</strong></span> <span class='ocrx_word' id='word_1_567' title='bbox 2134 3438 2250 3495; x_wconf 88' lang='grc' dir='ltr'>τσῖς</span> <span class='ocrx_word' id='word_1_568' title='bbox 2312 3433 2566 3507; x_wconf 67' lang='grc' dir='ltr'>ἀνωτέρω</span> <span class='ocrx_word' id='word_1_569' title='bbox 2615 3431 3103 3507; x_wconf 73' lang='grc' dir='ltr'>συναριθμηθέντα,</span> <span class='ocrx_word' id='word_1_570' title='bbox 3160 3429 3277 3485; x_wconf 85' lang='grc' dir='ltr'>νυνὶ</span> <span class='ocrx_word' id='word_1_571' title='bbox 3326 3426 3384 3484; x_wconf 79' lang='grc' dir='ltr'><strong>δὶ</strong></span> <span class='ocrx_word' id='word_1_572' title='bbox 3410 3427 3664 3504; x_wconf 80' lang='grc' dir='ltr'>ἐσχάτοις</span> 
     </span>
    </p>
   </div>
   <div class='ocr_carea' id='block_1_85' title="bbox 2014 3516 3660 3594">
    <p class='ocr_par' dir='ltr' id='par_1_85' title="bbox 2014 3516 3660 3594">
     <span class='ocr_line' id='line_1_85' title="bbox 2014 3516 3660 3594; baseline -0.002 -17"><span class='ocrx_word' id='word_1_573' title='bbox 2014 3528 2202 3584; x_wconf 81' lang='grc' dir='ltr'>κακοῖς</span> <span class='ocrx_word' id='word_1_574' title='bbox 2264 3516 2715 3593; x_wconf 72' lang='grc' dir='ltr'>ὑποϐεϐλημένον</span> <span class='ocrx_word' id='word_1_575' title='bbox 2772 3520 2861 3575; x_wconf 88' lang='grc' dir='ltr'><strong>καὶ</strong></span> <span class='ocrx_word' id='word_1_576' title='bbox 2920 3522 3004 3594; x_wconf 90' lang='grc' dir='ltr'><strong>[Ρ.</strong></span> <span class='ocrx_word' id='word_1_577' title='bbox 3036 3521 3163 3592; x_wconf 80' lang='grc'><strong>671]</strong></span> <span class='ocrx_word' id='word_1_578' title='bbox 3223 3518 3660 3593; x_wconf 79' lang='grc' dir='ltr'>ἆκληρήμασι.»</span> 
     </span>
    </p>
   </div>
   <div class='ocr_carea' id='block_1_86' title="bbox 2013 3614 3664 3694">
    <p class='ocr_par' dir='ltr' id='par_1_86' title="bbox 2013 3614 3664 3694">
     <span class='ocr_line' id='line_1_86' title="bbox 2013 3614 3664 3694; baseline -0.003 -20"><span class='ocrx_word' id='word_1_579' title='bbox 2013 3624 2118 3674; x_wconf 76' lang='grc' dir='ltr'>Τοῦ</span> <span class='ocrx_word' id='word_1_580' title='bbox 2168 3616 2246 3687; x_wconf 71' lang='grc' dir='ltr'>δὲ,</span> <span class='ocrx_word' id='word_1_581' title='bbox 2307 3644 2336 3672; x_wconf 86' lang='lat'><strong>«</strong></span> <span class='ocrx_word' id='word_1_582' title='bbox 2398 3617 2551 3673; x_wconf 78' lang='grc' dir='ltr'>Καλὰ</span> <span class='ocrx_word' id='word_1_583' title='bbox 2605 3621 2792 3687; x_wconf 79' lang='grc' dir='ltr'>ταῦτα,</span> <span class='ocrx_word' id='word_1_584' title='bbox 2856 3618 2901 3672; x_wconf 80' lang='grc' dir='ltr'>ὦ</span> <span class='ocrx_word' id='word_1_585' title='bbox 2939 3618 3080 3687; x_wconf 81' lang='grc' dir='ltr'><strong>κακή</strong></span> <span class='ocrx_word' id='word_1_586' title='bbox 3125 3614 3364 3694; x_wconf 78' lang='grc' dir='ltr'>κεφαλὴ,</span> <span class='ocrx_word' id='word_1_587' title='bbox 3413 3615 3664 3690; x_wconf 74' lang='grc' dir='ltr'>λέγεσθαι</span> 
     </span>
    </p>
   </div>
   <div class='ocr_carea' id='block_1_87' title="bbox 2015 3704 3661 3785">
    <p class='ocr_par' dir='ltr' id='par_1_87' title="bbox 2015 3704 3661 3785">
     <span class='ocr_line' id='line_1_87' title="bbox 2015 3704 3661 3785; baseline -0.003 -22"><span class='ocrx_word' id='word_1_588' title='bbox 2015 3709 2152 3785; x_wconf 89' lang='grc' dir='ltr'>πρὸς</span> <span class='ocrx_word' id='word_1_589' title='bbox 2180 3705 2376 3770; x_wconf 85' lang='grc' dir='ltr'>παῖδας</span> <span class='ocrx_word' id='word_1_590' title='bbox 2432 3707 2560 3771; x_wconf 85' lang='grc' dir='ltr'>τοὺς</span> <span class='ocrx_word' id='word_1_591' title='bbox 2617 3705 2945 3780; x_wconf 77' lang='grc' dir='ltr'>δυναμένους</span> <span class='ocrx_word' id='word_1_592' title='bbox 2997 3704 3362 3776; x_wconf 80' lang='grc' dir='ltr'>ἂπατηθῆναι,</span> <span class='ocrx_word' id='word_1_593' title='bbox 3394 3704 3661 3775; x_wconf 78' lang='grc' dir='ltr'>εἰπόντος,</span> 
     </span>
    </p>
   </div>
   <div class='ocr_carea' id='block_1_88' title="bbox 2019 3790 3661 3873">
    <p class='ocr_par' dir='ltr' id='par_1_88' title="bbox 2019 3790 3661 3873">
     <span class='ocr_line' id='line_1_88' title="bbox 2019 3790 3661 3873; baseline -0.004 -20"><span class='ocrx_word' id='word_1_594' title='bbox 2019 3796 2117 3871; x_wconf 72' lang='grc' dir='ltr'><strong>ὲμὶ</strong></span> <span class='ocrx_word' id='word_1_595' title='bbox 2148 3796 2205 3853; x_wconf 78' lang='grc' dir='ltr'>δὶ</span> <span class='ocrx_word' id='word_1_596' title='bbox 2235 3798 2299 3853; x_wconf 82' lang='grc' dir='ltr'>οὐ</span> <span class='ocrx_word' id='word_1_597' title='bbox 2333 3796 2635 3873; x_wconf 77' lang='grc' dir='ltr'>φενακίσεις</span> <span class='ocrx_word' id='word_1_598' title='bbox 2664 3802 2781 3859; x_wconf 88' lang='grc' dir='ltr'>τοῖς</span> <span class='ocrx_word' id='word_1_599' title='bbox 2828 3795 3109 3858; x_wconf 80' lang='grc' dir='ltr'>τοιούτοις</span> <span class='ocrx_word' id='word_1_600' title='bbox 3136 3816 3232 3852; x_wconf 90' lang='grc' dir='ltr'><strong>σου</strong></span> <span class='ocrx_word' id='word_1_601' title='bbox 3262 3790 3594 3870; x_wconf 83' lang='grc' dir='ltr'>λογυδρίοις,</span> <span class='ocrx_word' id='word_1_602' title='bbox 3632 3816 3661 3845; x_wconf 68' lang='grc' dir='ltr'><strong>η</strong></span> 
     </span>
    </p>
   </div>
   <div class='ocr_carea' id='block_1_89' title="bbox 2016 3894 3663 3972">
    <p class='ocr_par' dir='ltr' id='par_1_89' title="bbox 2016 3894 3663 3972">
     <span class='ocr_line' id='line_1_89' title="bbox 2016 3894 3663 3972; baseline -0.004 -17"><span class='ocrx_word' id='word_1_603' title='bbox 2016 3899 2105 3955; x_wconf 82' lang='grc' dir='ltr'><strong>καὶ</strong></span> <span class='ocrx_word' id='word_1_604' title='bbox 2160 3900 2251 3955; x_wconf 85' lang='grc' dir='ltr'><strong>τὸν</strong></span> <span class='ocrx_word' id='word_1_605' title='bbox 2301 3896 2472 3953; x_wconf 71' lang='grc' dir='ltr'>’ίππον</span> <span class='ocrx_word' id='word_1_606' title='bbox 2533 3896 2913 3970; x_wconf 89' lang='grc' dir='ltr'>μυωπίζοντος</span> <span class='ocrx_word' id='word_1_607' title='bbox 2958 3894 3050 3951; x_wconf 80' lang='grc' dir='ltr'><strong>καὶ</strong></span> <span class='ocrx_word' id='word_1_608' title='bbox 3107 3896 3429 3972; x_wconf 84' lang='grc' dir='ltr'>θρασύτερον</span> <span class='ocrx_word' id='word_1_609' title='bbox 3488 3915 3663 3970; x_wconf 87' lang='grc' dir='ltr'>προσ-</span> 
     </span>
    </p>
   </div>
   <div class='ocr_carea' id='block_1_90' title="bbox 2023 3982 3664 4063">
    <p class='ocr_par' dir='ltr' id='par_1_90' title="bbox 2023 3982 3664 4063">
     <span class='ocr_line' id='line_1_90' title="bbox 2023 3982 3664 4063; baseline -0.001 -21"><span class='ocrx_word' id='word_1_610' title='bbox 2023 3984 2216 4057; x_wconf 88' lang='grc' dir='ltr'>ιόντος,</span> <span class='ocrx_word' id='word_1_611' title='bbox 2249 3986 2588 4061; x_wconf 82' lang='grc' dir='ltr'>σπασάμενος</span> <span class='ocrx_word' id='word_1_612' title='bbox 2619 3987 2648 4042; x_wconf 92' lang='lat'><strong>6</strong></span> <span class='ocrx_word' id='word_1_613' title='bbox 2689 3990 2887 4050; x_wconf 80' lang='grc' dir='ltr'>Φωκᾶς</span> <span class='ocrx_word' id='word_1_614' title='bbox 2936 3986 3034 4055; x_wconf 79' lang='grc' dir='ltr'>τὴν</span> <span class='ocrx_word' id='word_1_615' title='bbox 3066 3984 3117 4039; x_wconf 75' lang='grc' dir='ltr'>ἐν</span> <span class='ocrx_word' id='word_1_616' title='bbox 3148 3988 3217 4059; x_wconf 79' lang='grc' dir='ltr'><strong>τῇ</strong></span> <span class='ocrx_word' id='word_1_617' title='bbox 3250 3982 3519 4063; x_wconf 75' lang='grc' dir='ltr'>ὶφεστρίδι</span> <span class='ocrx_word' id='word_1_618' title='bbox 3552 3986 3664 4057; x_wconf 78' lang='grc'><strong>(25)</strong></span> 
     </span>
    </p>
   </div>
   <div class='ocr_carea' id='block_1_91' title="bbox 2017 4080 3668 4162">
    <p class='ocr_par' dir='ltr' id='par_1_91' title="bbox 2017 4080 3668 4162">
     <span class='ocr_line' id='line_1_91' title="bbox 2017 4080 3668 4162; baseline -0.004 -21"><span class='ocrx_word' id='word_1_619' title='bbox 2017 4087 2461 4162; x_wconf 75' lang='grc' dir='ltr'>παρῃωρημὲνην</span> <span class='ocrx_word' id='word_1_620' title='bbox 2509 4082 2746 4158; x_wconf 87' lang='grc' dir='ltr'>κορύνην</span> <span class='ocrx_word' id='word_1_621' title='bbox 2807 4083 2897 4138; x_wconf 86' lang='grc' dir='ltr'>καὶ</span> <span class='ocrx_word' id='word_1_622' title='bbox 2956 4082 3283 4143; x_wconf 75' lang='grc' dir='ltr'>ὕπαντιάσας</span> <span class='ocrx_word' id='word_1_623' title='bbox 3338 4080 3485 4137; x_wconf 89' lang='grc' dir='ltr'>παίει</span> <span class='ocrx_word' id='word_1_624' title='bbox 3545 4085 3668 4136; x_wconf 78' lang='grc' dir='ltr'><strong>τοῦ-</strong></span> 
     </span>
    </p>
   </div>
   <div class='ocr_carea' id='block_1_92' title="bbox 2017 4168 3664 4249">
    <p class='ocr_par' dir='ltr' id='par_1_92' title="bbox 2017 4168 3664 4249">
     <span class='ocr_line' id='line_1_92' title="bbox 2017 4168 3664 4249; baseline -0.003 -20"><span class='ocrx_word' id='word_1_625' title='bbox 2017 4196 2108 4231; x_wconf 86' lang='grc' dir='ltr'><strong>τον</strong></span> <span class='ocrx_word' id='word_1_626' title='bbox 2169 4176 2304 4230; x_wconf 77' lang='grc' dir='ltr'>κατὰ</span> <span class='ocrx_word' id='word_1_627' title='bbox 2357 4177 2455 4229; x_wconf 76' lang='grc' dir='ltr'><strong>τοῦ</strong></span> <span class='ocrx_word' id='word_1_628' title='bbox 2510 4174 2762 4249; x_wconf 84' lang='grc' dir='ltr'>κράνους,</span> <span class='ocrx_word' id='word_1_629' title='bbox 2817 4172 2905 4226; x_wconf 85' lang='grc' dir='ltr'>καὶ</span> <span class='ocrx_word' id='word_1_630' title='bbox 2956 4170 3115 4227; x_wconf 73' lang='grc' dir='ltr'>αὐτὸν</span> <span class='ocrx_word' id='word_1_631' title='bbox 3164 4170 3258 4244; x_wconf 77' lang='grc' dir='ltr'>μὶν</span> <span class='ocrx_word' id='word_1_632' title='bbox 3302 4168 3664 4225; x_wconf 77' lang='grc' dir='ltr'>ἀποδείκνυσι</span> 
     </span>
    </p>
   </div>
   <div class='ocr_carea' id='block_1_93' title="bbox 2018 4256 3656 4339">
    <p class='ocr_par' dir='ltr' id='par_1_93' title="bbox 2018 4256 3656 4339">
     <span class='ocr_line' id='line_1_93' title="bbox 2018 4256 3656 4339; baseline -0.003 -19"><span class='ocrx_word' id='word_1_633' title='bbox 2018 4264 2205 4339; x_wconf 88' lang='grc' dir='ltr'>νεκρὸν</span> <span class='ocrx_word' id='word_1_634' title='bbox 2250 4262 2574 4337; x_wconf 85' lang='grc' dir='ltr'>παραυτίκα,</span> <span class='ocrx_word' id='word_1_635' title='bbox 2641 4258 2931 4337; x_wconf 81' lang='grc' dir='ltr'>ἐμποδίσαι</span> <span class='ocrx_word' id='word_1_636' title='bbox 3018 4261 3096 4334; x_wconf 79' lang='grc' dir='ltr'>μή</span> <span class='ocrx_word' id='word_1_637' title='bbox 3182 4256 3499 4331; x_wconf 81' lang='grc' dir='ltr'>δυνηθείσης</span> <span class='ocrx_word' id='word_1_638' title='bbox 3555 4266 3656 4328; x_wconf 85' lang='grc' dir='ltr'><strong>τῆς</strong></span> 
     </span>
    </p>
   </div>
   <div class='ocr_carea' id='block_1_94' title="bbox 2020 4346 3667 4429">
    <p class='ocr_par' dir='ltr' id='par_1_94' title="bbox 2020 4346 3667 4429">
     <span class='ocr_line' id='line_1_94' title="bbox 2020 4346 3667 4429; baseline -0.004 -20"><span class='ocrx_word' id='word_1_639' title='bbox 2020 4354 2249 4429; x_wconf 78' lang='grc' dir='ltr'>κόρυθος</span> <span class='ocrx_word' id='word_1_640' title='bbox 2276 4355 2345 4427; x_wconf 82' lang='grc' dir='ltr'><strong>τῇ</strong></span> <span class='ocrx_word' id='word_1_641' title='bbox 2381 4352 2475 4427; x_wconf 82' lang='grc' dir='ltr'><strong>βίᾳ</strong></span> <span class='ocrx_word' id='word_1_642' title='bbox 2526 4357 2629 4421; x_wconf 79' lang='grc' dir='ltr'><strong>τῆς</strong></span> <span class='ocrx_word' id='word_1_643' title='bbox 2686 4348 2942 4425; x_wconf 85' lang='grc' dir='ltr'>πληγῆς,</span> <span class='ocrx_word' id='word_1_644' title='bbox 2974 4348 3174 4411; x_wconf 71' lang='grc' dir='ltr'>ἐκεῖνος</span> <span class='ocrx_word' id='word_1_645' title='bbox 3210 4346 3270 4404; x_wconf 71' lang='grc' dir='ltr'>δὶ</span> <span class='ocrx_word' id='word_1_646' title='bbox 3324 4346 3667 4423; x_wconf 70' lang='grc' dir='ltr'>ἀποστρίψας</span> 
     </span>
    </p>
   </div>
   <div class='ocr_carea' id='block_1_95' title="bbox 2018 4444 3663 4526">
    <p class='ocr_par' dir='ltr' id='par_1_95' title="bbox 2018 4444 3663 4526">
     <span class='ocr_line' id='line_1_95' title="bbox 2018 4444 3663 4526; baseline -0.004 -19"><span class='ocrx_word' id='word_1_647' title='bbox 2018 4453 2112 4507; x_wconf 85' lang='grc' dir='ltr'>τὸν</span> <span class='ocrx_word' id='word_1_648' title='bbox 2142 4448 2376 4526; x_wconf 76' lang='grc' dir='ltr'>χαλικὸν</span> <span class='ocrx_word' id='word_1_649' title='bbox 2412 4444 2591 4524; x_wconf 73' lang='grc' dir='ltr'>εἷ’χετο</span> <span class='ocrx_word' id='word_1_650' title='bbox 2620 4454 2720 4518; x_wconf 84' lang='grc' dir='ltr'><strong>τῆς</strong></span> <span class='ocrx_word' id='word_1_651' title='bbox 2751 4445 2901 4504; x_wconf 81' lang='grc' dir='ltr'>ὀδοῦ.</span> <span class='ocrx_word' id='word_1_652' title='bbox 2933 4447 3001 4505; x_wconf 77' lang='lat' dir='ltr'><strong>Ol.</strong></span> <span class='ocrx_word' id='word_1_653' title='bbox 3033 4444 3091 4501; x_wconf 62' lang='grc' dir='ltr'>δὲ</span> <span class='ocrx_word' id='word_1_654' title='bbox 3117 4444 3405 4509; x_wconf 80' lang='grc' dir='ltr'>διώκοντες</span> <span class='ocrx_word' id='word_1_655' title='bbox 3436 4446 3663 4501; x_wconf 86' lang='grc' dir='ltr'>κατόπιν</span> 
     </span>
    </p>
   </div>
   <div class='ocr_carea' id='block_1_96' title="bbox 2020 4531 3667 4618">
    <p class='ocr_par' dir='ltr' id='par_1_96' title="bbox 2020 4531 3667 4618">
     <span class='ocr_line' id='line_1_96' title="bbox 2020 4531 3667 4618; baseline -0.005 -21"><span class='ocrx_word' id='word_1_656' title='bbox 2020 4538 2448 4618; x_wconf 79' lang='grc' dir='ltr'>ἐρχόμενοι,καὶ</span> <span class='ocrx_word' id='word_1_657' title='bbox 2510 4534 2632 4591; x_wconf 76' lang='grc' dir='ltr'>ἔνθα</span> <span class='ocrx_word' id='word_1_658' title='bbox 2685 4537 2713 4591; x_wconf 95' lang='lat'><strong>6</strong></span> <span class='ocrx_word' id='word_1_659' title='bbox 2763 4537 2953 4613; x_wconf 80' lang='grc' dir='ltr'>Χάρων</span> <span class='ocrx_word' id='word_1_660' title='bbox 2998 4534 3275 4607; x_wconf 84' lang='grc' dir='ltr'>τεθνηκώς</span> <span class='ocrx_word' id='word_1_661' title='bbox 3306 4531 3480 4591; x_wconf 65' lang='grc' dir='ltr'>ἔκειτο</span> <span class='ocrx_word' id='word_1_662' title='bbox 3517 4534 3667 4612; x_wconf 86' lang='grc' dir='ltr'>γενό-</span> 
     </span>
    </p>
   </div>
   <div class='ocr_carea' id='block_1_97' title="bbox 1444 4638 2486 4700">
    <p class='ocr_par' dir='ltr' id='par_1_97' title="bbox 1444 4638 2486 4700">
     <span class='ocr_line' id='line_1_97' title="bbox 1444 4638 2486 4700; baseline 0 -6"><span class='ocrx_word' id='word_1_663' title='bbox 1444 4638 1817 4698; x_wconf 84' lang='lat' dir='ltr'><strong>XYLANDRI</strong></span> <span class='ocrx_word' id='word_1_664' title='bbox 1856 4643 1949 4700; x_wconf 88' lang='lat' dir='ltr'>ET</span> <span class='ocrx_word' id='word_1_665' title='bbox 1989 4641 2209 4700; x_wconf 82' lang='lat' dir='ltr'><strong>GOARI</strong></span> <span class='ocrx_word' id='word_1_666' title='bbox 2249 4638 2486 4696; x_wconf 65' lang='lat' dir='ltr'><strong>NOTAE.</strong></span> 
     </span>
    </p>
   </div>
   <div class='ocr_carea' id='block_1_98' title="bbox 327 4720 3665 4807">
    <p class='ocr_par' dir='ltr' id='par_1_98' title="bbox 327 4720 3665 4807">
     <span class='ocr_line' id='line_1_98' title="bbox 327 4720 3665 4807; baseline 0 -29"><span class='ocrx_word' id='word_1_667' title='bbox 327 4720 451 4807; x_wconf 41' lang='grc' dir='ltr'>(βᾲ)-</span> <span class='ocrx_word' id='word_1_668' title='bbox 471 4720 697 4807; x_wconf 68' lang='lat' dir='ltr'><strong>Nobilis</strong></span> <span class='ocrx_word' id='word_1_669' title='bbox 725 4726 815 4778; x_wconf 90' lang='lat' dir='ltr'><strong>est</strong></span> <span class='ocrx_word' id='word_1_670' title='bbox 844 4722 903 4778; x_wconf 95' lang='lat' dir='ltr'><strong>in</strong></span> <span class='ocrx_word' id='word_1_671' title='bbox 935 4722 1199 4779; x_wconf 88' lang='lat' dir='ltr'><strong>historiis</strong></span> <span class='ocrx_word' id='word_1_672' title='bbox 1232 4724 1324 4807; x_wconf 76' lang='lat' dir='ltr'><strong>his</strong></span> <span class='ocrx_word' id='word_1_673' title='bbox 1348 4729 1633 4807; x_wconf 45' lang='grc' dir='ltr'>βαρειῃ-ιη</span> <span class='ocrx_word' id='word_1_674' title='bbox 1664 4730 1907 4807; x_wconf 78' lang='lat' dir='ltr'><strong>familia.</strong></span> <span class='ocrx_word' id='word_1_675' title='bbox 1939 4735 1986 4799; x_wconf 79' lang='lat'><strong>1)</strong></span> <span class='ocrx_word' id='word_1_676' title='bbox 2019 4727 2284 4807; x_wconf 75' lang='lat' dir='ltr'><strong>stragula</strong></span> <span class='ocrx_word' id='word_1_677' title='bbox 2321 4731 2506 4807; x_wconf 61' lang='lat' dir='ltr'><strong>veste,</strong></span> <span class='ocrx_word' id='word_1_678' title='bbox 2563 4741 2681 4798; x_wconf 89' lang='lat' dir='ltr'><strong>qua</strong></span> <span class='ocrx_word' id='word_1_679' title='bbox 2726 4740 2915 4807; x_wconf 76' lang='lat' dir='ltr'><strong>equus</strong></span> <span class='ocrx_word' id='word_1_680' title='bbox 2976 4723 3357 4807; x_wconf 76' lang='lat' dir='ltr'><strong>integeretur,</strong></span> <span class='ocrx_word' id='word_1_681' title='bbox 3405 4723 3665 4807; x_wconf 76' lang='lat' dir='ltr'><strong>positum</strong></span> 
     </span>
    </p>
   </div>
   <div class='ocr_carea' id='block_1_99' title="bbox 256 4793 1910 4872">
    <p class='ocr_par' dir='ltr' id='par_1_99' title="bbox 256 4793 1910 4872">
     <span class='ocr_line' id='line_1_99' title="bbox 256 4793 1910 4872; baseline 0.007 -25"><span class='ocrx_word' id='word_1_682' title='bbox 256 4793 489 4872; x_wconf 59' lang='lat' dir='ltr'><strong>Sedhic</strong></span> <span class='ocrx_word' id='word_1_683' title='bbox 519 4794 695 4872; x_wconf 79' lang='lat' dir='ltr'><strong>ofﬁcii</strong></span> <span class='ocrx_word' id='word_1_684' title='bbox 728 4810 943 4872; x_wconf 72' lang='lat' dir='ltr'><strong>nomen</strong></span> <span class='ocrx_word' id='word_1_685' title='bbox 975 4812 1103 4851; x_wconf 89' lang='lat' dir='ltr'><strong>esse</strong></span> <span class='ocrx_word' id='word_1_686' title='bbox 1133 4812 1247 4852; x_wconf 93' lang='lat' dir='ltr'><strong>non</strong></span> <span class='ocrx_word' id='word_1_687' title='bbox 1278 4798 1505 4872; x_wconf 66' lang='lat' dir='ltr'><strong>dubito.</strong></span> <span class='ocrx_word' id='word_1_688' title='bbox 1536 4803 1737 4872; x_wconf 90' lang='lat' dir='ltr'><strong>Neque</strong></span> <span class='ocrx_word' id='word_1_689' title='bbox 1753 4802 1910 4859; x_wconf 91' lang='lat' dir='ltr'><strong>enim</strong></span> 
     </span>
    </p>
   </div>
   <div class='ocr_carea' id='block_1_100' title="bbox 257 4864 1909 4930">
    <p class='ocr_par' dir='ltr' id='par_1_100' title="bbox 257 4864 1909 4930">
     <span class='ocr_line' id='line_1_100' title="bbox 257 4864 1909 4930; baseline 0.006 -10"><span class='ocrx_word' id='word_1_690' title='bbox 257 4864 511 4921; x_wconf 88' lang='lat' dir='ltr'><strong>arbitror</strong></span> <span class='ocrx_word' id='word_1_691' title='bbox 530 4866 764 4922; x_wconf 89' lang='lat' dir='ltr'><strong>easdem</strong></span> <span class='ocrx_word' id='word_1_692' title='bbox 788 4867 971 4922; x_wconf 90' lang='lat' dir='ltr'><strong>fuisse</strong></span> <span class='ocrx_word' id='word_1_693' title='bbox 987 4872 1277 4923; x_wconf 87' lang='lat' dir='ltr'><strong>Ducarum</strong></span> <span class='ocrx_word' id='word_1_694' title='bbox 1308 4875 1365 4924; x_wconf 89' lang='lat' dir='ltr'><strong>et</strong></span> <span class='ocrx_word' id='word_1_695' title='bbox 1394 4864 1718 4928; x_wconf 72' lang='lat' dir='ltr'><strong>Phocariim</strong></span> <span class='ocrx_word' id='word_1_696' title='bbox 1742 4874 1909 4930; x_wconf 80' lang='lat' dir='ltr'><strong>iami-</strong></span> 
     </span>
    </p>
   </div>
   <div class='ocr_carea' id='block_1_101' title="bbox 257 4935 1909 5011">
    <p class='ocr_par' dir='ltr' id='par_1_101' title="bbox 257 4935 1909 5011">
     <span class='ocr_line' id='line_1_101' title="bbox 257 4935 1909 5011; baseline 0.007 -21"><span class='ocrx_word' id='word_1_697' title='bbox 257 4935 609 5011; x_wconf 81' lang='lat' dir='ltr'><strong>lias.E_tcu_m</strong></span> <span class='ocrx_word' id='word_1_698' title='bbox 628 4937 996 5005; x_wconf 88' lang='lat' dir='ltr'><strong>alibi,tumin</strong></span> <span class='ocrx_word' id='word_1_699' title='bbox 1012 4939 1300 5011; x_wconf 90' lang='lat' dir='ltr'><strong>principio</strong></span> <span class='ocrx_word' id='word_1_700' title='bbox 1327 4941 1528 4997; x_wconf 88' lang='lat' dir='ltr'><strong>Basilii</strong></span> <span class='ocrx_word' id='word_1_701' title='bbox 1552 4945 1790 5001; x_wconf 80' lang='lat' dir='ltr'><strong>Romani</strong></span> <span class='ocrx_word' id='word_1_702' title='bbox 1805 4946 1909 5001; x_wconf 83' lang='lat' dir='ltr'><strong>filii</strong></span> 
     </span>
    </p>
   </div>
   <div class='ocr_carea' id='block_1_102' title="bbox 258 5008 1908 5094">
    <p class='ocr_par' dir='ltr' id='par_1_102' title="bbox 258 5008 1908 5094">
     <span class='ocr_line' id='line_1_102' title="bbox 258 5008 1908 5094; baseline 0.006 -31"><span class='ocrx_word' id='word_1_703' title='bbox 258 5008 517 5094; x_wconf 71' lang='lat' dir='ltr'><strong>invenies</strong></span> <span class='ocrx_word' id='word_1_704' title='bbox 545 5008 696 5094; x_wconf 55' lang='lat' dir='ltr'><strong>hanc</strong></span> <span class='ocrx_word' id='word_1_705' title='bbox 724 5026 923 5094; x_wconf 77' lang='lat' dir='ltr'><strong>vocem</strong></span> <span class='ocrx_word' id='word_1_706' title='bbox 940 5008 1044 5094; x_wconf 82' lang='lat' dir='ltr'><strong>pro</strong></span> <span class='ocrx_word' id='word_1_707' title='bbox 1071 5008 1224 5094; x_wconf 76' lang='lat' dir='ltr'><strong>d_uce</strong></span> <span class='ocrx_word' id='word_1_708' title='bbox 1240 5013 1908 5094; x_wconf 74' lang='lat' dir='ltr'><strong>positam.Rur_sumq_ue</strong></span> 
     </span>
    </p>
   </div>
   <div class='ocr_carea' id='block_1_103' title="bbox 257 5080 1906 5157">
    <p class='ocr_par' dir='ltr' id='par_1_103' title="bbox 257 5080 1906 5157">
     <span class='ocr_line' id='line_1_103' title="bbox 257 5080 1906 5157; baseline 0.007 -23"><span class='ocrx_word' id='word_1_709' title='bbox 257 5080 593 5157; x_wconf 68' lang='lat' dir='ltr'><strong>praefectum</strong></span> <span class='ocrx_word' id='word_1_710' title='bbox 619 5080 1049 5157; x_wconf 65' lang='lat' dir='ltr'><strong>Thessalonica;</strong></span> <span class='ocrx_word' id='word_1_711' title='bbox 1085 5080 1586 5157; x_wconf 78' lang='lat' dir='ltr'><strong>Theophylactum</strong></span> <span class='ocrx_word' id='word_1_712' title='bbox 1633 5080 1906 5146; x_wconf 48' lang='lat' dir='ltr'><strong>Botan&#39;ia-</strong></span> 
     </span>
    </p>
   </div>
   <div class='ocr_carea' id='block_1_104' title="bbox 253 5148 1909 5231">
    <p class='ocr_par' dir='ltr' id='par_1_104' title="bbox 253 5148 1909 5231">
     <span class='ocr_line' id='line_1_104' title="bbox 253 5148 1909 5231; baseline -0.002 -24"><span class='ocrx_word' id='word_1_713' title='bbox 253 5148 369 5231; x_wconf 75' lang='lat' dir='ltr'><strong>tem</strong></span> <span class='ocrx_word' id='word_1_714' title='bbox 403 5148 569 5231; x_wconf 50' lang='lat' dir='ltr'><strong>603m</strong></span> <span class='ocrx_word' id='word_1_715' title='bbox 597 5154 954 5231; x_wconf 78' lang='lat' dir='ltr'><strong>vocat,alia_s_</strong></span> <span class='ocrx_word' id='word_1_716' title='bbox 971 5150 1210 5231; x_wconf 75' lang='grc' dir='ltr'>ἄρχοντα</span> <span class='ocrx_word' id='word_1_717' title='bbox 1236 5148 1295 5231; x_wconf 77' lang='lat' dir='ltr'><strong>et</strong></span> <span class='ocrx_word' id='word_1_718' title='bbox 1320 5148 1623 5231; x_wconf 73' lang='grc' dir='ltr'>στρατηγόν</span> <span class='ocrx_word' id='word_1_719' title='bbox 1656 5160 1909 5231; x_wconf 70' lang='lat' dir='ltr'><strong>appella-</strong></span> 
     </span>
    </p>
   </div>
   <div class='ocr_carea' id='block_1_105' title="bbox 251 5224 1905 5293">
    <p class='ocr_par' dir='ltr' id='par_1_105' title="bbox 251 5224 1905 5293">
     <span class='ocr_line' id='line_1_105' title="bbox 251 5224 1905 5293; baseline 0.005 -13"><span class='ocrx_word' id='word_1_720' title='bbox 251 5228 397 5280; x_wconf 87' lang='lat' dir='ltr'><strong>tum.</strong></span> <span class='ocrx_word' id='word_1_721' title='bbox 449 5224 543 5280; x_wconf 89' lang='lat' dir='ltr'><strong>Sic</strong></span> <span class='ocrx_word' id='word_1_722' title='bbox 589 5228 646 5280; x_wconf 91' lang='lat' dir='ltr'><strong>et</strong></span> <span class='ocrx_word' id='word_1_723' title='bbox 688 5224 1013 5282; x_wconf 66' lang='lat' dir='ltr'><strong>Antiochiae</strong></span> <span class='ocrx_word' id='word_1_724' title='bbox 1044 5224 1119 5282; x_wconf 71' lang='lat' dir='ltr'><strong>et</strong></span> <span class='ocrx_word' id='word_1_725' title='bbox 1151 5226 1347 5283; x_wconf 73' lang='lat' dir='ltr'><strong>Iberiaa</strong></span> <span class='ocrx_word' id='word_1_726' title='bbox 1387 5224 1601 5293; x_wconf 69' lang='grc' dir='ltr'>δπύκας</span> <span class='ocrx_word' id='word_1_727' title='bbox 1648 5224 1708 5285; x_wconf 80' lang='lat' dir='ltr'><strong>iri</strong></span> <span class='ocrx_word' id='word_1_728' title='bbox 1734 5224 1905 5288; x_wconf 58' lang='lat' dir='ltr'><strong>&#39;Con-</strong></span> 
     </span>
    </p>
   </div>
   <div class='ocr_carea' id='block_1_106' title="bbox 253 5294 1905 5369">
    <p class='ocr_par' dir='ltr' id='par_1_106' title="bbox 253 5294 1905 5369">
     <span class='ocr_line' id='line_1_106' title="bbox 253 5294 1905 5369; baseline 0.004 -17"><span class='ocrx_word' id='word_1_729' title='bbox 253 5294 496 5369; x_wconf 76' lang='lat' dir='ltr'><strong>stantini</strong></span> <span class='ocrx_word' id='word_1_730' title='bbox 526 5296 727 5369; x_wconf 85' lang='lat' dir='ltr'><strong>fratris</strong></span> <span class='ocrx_word' id='word_1_731' title='bbox 755 5297 1021 5369; x_wconf 90' lang='lat' dir='ltr'><strong>imperio.</strong></span> <span class='ocrx_word' id='word_1_732' title='bbox 1055 5302 1207 5358; x_wconf 85' lang='grc' dir='ltr'>Θεῖος</span> <span class='ocrx_word' id='word_1_733' title='bbox 1240 5304 1435 5356; x_wconf 88' lang='lat' dir='ltr'><strong>autem</strong></span> <span class='ocrx_word' id='word_1_734' title='bbox 1467 5306 1525 5356; x_wconf 92' lang='lat' dir='ltr'><strong>et</strong></span> <span class='ocrx_word' id='word_1_735' title='bbox 1555 5302 1649 5357; x_wconf 90' lang='lat' dir='ltr'><strong>hic</strong></span> <span class='ocrx_word' id='word_1_736' title='bbox 1680 5306 1737 5357; x_wconf 90' lang='lat' dir='ltr'><strong>et</strong></span> <span class='ocrx_word' id='word_1_737' title='bbox 1766 5303 1905 5359; x_wconf 88' lang='lat' dir='ltr'><strong>alibi</strong></span> 
     </span>
    </p>
   </div>
   <div class='ocr_carea' id='block_1_107' title="bbox 256 5367 1907 5445">
    <p class='ocr_par' dir='ltr' id='par_1_107' title="bbox 256 5367 1907 5445">
     <span class='ocr_line' id='line_1_107' title="bbox 256 5367 1907 5445; baseline 0.005 -24"><span class='ocrx_word' id='word_1_738' title='bbox 256 5367 551 5437; x_wconf 81' lang='lat' dir='ltr'><strong>significat</strong></span> <span class='ocrx_word' id='word_1_739' title='bbox 583 5367 1043 5445; x_wconf 30' lang='lat' dir='ltr'><strong>patrisfr‘atrem</strong></span> <span class='ocrx_word' id='word_1_740' title='bbox 1073 5387 1088 5426; x_wconf 88' lang='lat'><strong>:</strong></span> <span class='ocrx_word' id='word_1_741' title='bbox 1123 5386 1258 5445; x_wconf 81' lang='lat' dir='ltr'><strong>nam</strong></span> <span class='ocrx_word' id='word_1_742' title='bbox 1291 5371 1791 5445; x_wconf 72' lang='lat' dir='ltr'><strong>Leocuropalates</strong></span> <span class='ocrx_word' id='word_1_743' title='bbox 1812 5377 1907 5442; x_wconf 90' lang='lat' dir='ltr'><strong>(de</strong></span> 
     </span>
    </p>
   </div>
   <div class='ocr_carea' id='block_1_108' title="bbox 255 5439 1903 5516">
    <p class='ocr_par' dir='ltr' id='par_1_108' title="bbox 255 5439 1903 5516">
     <span class='ocr_line' id='line_1_108' title="bbox 255 5439 1903 5516; baseline 0.004 -22"><span class='ocrx_word' id='word_1_744' title='bbox 255 5454 371 5516; x_wconf 87' lang='lat' dir='ltr'><strong>qua</strong></span> <span class='ocrx_word' id='word_1_745' title='bbox 400 5456 536 5516; x_wconf 90' lang='lat' dir='ltr'><strong>voce</strong></span> <span class='ocrx_word' id='word_1_746' title='bbox 568 5439 1194 5516; x_wconf 9' lang='lat' dir='ltr'><strong>alihigdictum)_fra_ter</strong></span> <span class='ocrx_word' id='word_1_747' title='bbox 1221 5443 1331 5497; x_wconf 90' lang='lat' dir='ltr'><strong>fuit</strong></span> <span class='ocrx_word' id='word_1_748' title='bbox 1362 5439 1673 5516; x_wconf 76' lang='lat' dir='ltr'><strong>Nicephori</strong></span> <span class='ocrx_word' id='word_1_749' title='bbox 1705 5439 1903 5502; x_wconf 84' lang='lat' dir='ltr'><strong>Phocac</strong></span> 
     </span>
    </p>
   </div>
   <div class='ocr_carea' id='block_1_109' title="bbox 257 5511 1901 5640">
    <p class='ocr_par' dir='ltr' id='par_1_109' title="bbox 257 5511 1901 5640">
     <span class='ocr_line' id='line_1_109' title="bbox 257 5511 1901 5590; baseline 0.005 -24"><span class='ocrx_word' id='word_1_750' title='bbox 257 5511 627 5584; x_wconf 89' lang='lat' dir='ltr'><strong>imperatoris</strong></span> <span class='ocrx_word' id='word_1_751' title='bbox 662 5512 817 5568; x_wconf 81' lang='lat' dir='ltr'><strong>illius</strong></span> <span class='ocrx_word' id='word_1_752' title='bbox 856 5513 1053 5568; x_wconf 68' lang='lat' dir='ltr'><strong>Bardas</strong></span> <span class='ocrx_word' id='word_1_753' title='bbox 1086 5511 1689 5588; x_wconf 57' lang='lat' dir='ltr'><strong>Phoca,quem&#39;pater</strong></span> <span class='ocrx_word' id='word_1_754' title='bbox 1717 5518 1901 5590; x_wconf 91' lang='lat' dir='ltr'><strong>impe-</strong></span> 
     </span>
     <span class='ocr_line' id='line_1_110' title="bbox 257 5584 1403 5640; baseline 0 0"><span class='ocrx_word' id='word_1_755' title='bbox 257 5588 417 5640; x_wconf 89' lang='lat' dir='ltr'><strong>rator</strong></span> <span class='ocrx_word' id='word_1_756' title='bbox 447 5584 635 5640; x_wconf 85' lang='lat' dir='ltr'><strong>factus</strong></span> <span class='ocrx_word' id='word_1_757' title='bbox 666 5584 951 5640; x_wconf 82' lang='lat' dir='ltr'><strong>Caesarem</strong></span> <span class='ocrx_word' id='word_1_758' title='bbox 982 5590 1226 5640; x_wconf 89' lang='lat' dir='ltr'><strong>crearat.</strong></span> <span class='ocrx_word' id='word_1_759' title='bbox 1258 5587 1403 5640; x_wconf 78' lang='lat' dir='ltr'><strong>XYL.</strong></span> 
     </span>
    </p>
   </div>
   <div class='ocr_carea' id='block_1_110' title="bbox 256 5600 1403 5641">
    <p class='ocr_par' dir='ltr' id='par_1_110' title="bbox 256 5600 1403 5641">
     <span class='ocr_line' id='line_1_111' title="bbox 256 5600 1403 5641; baseline 0.002 -2"><span class='ocrx_word' id='word_1_760' title='bbox 256 5600 417 5641; x_wconf 76' lang='grc' dir='ltr'>ιέιιοι·</span> <span class='ocrx_word' id='word_1_761' title='bbox 447 5600 635 5640; x_wconf 79' lang='lat' dir='ltr'><strong>Iactus</strong></span> <span class='ocrx_word' id='word_1_762' title='bbox 666 5600 951 5641; x_wconf 68' lang='lat' dir='ltr'><strong>umsarem</strong></span> <span class='ocrx_word' id='word_1_763' title='bbox 982 5600 1226 5640; x_wconf 82' lang='lat' dir='ltr'><strong>crearat.</strong></span> <span class='ocrx_word' id='word_1_764' title='bbox 1262 5600 1403 5641; x_wconf 57' lang='lat' dir='ltr'><strong>AYL.</strong></span> 
     </span>
    </p>
   </div>
   <div class='ocr_carea' id='block_1_111' title="bbox 323 5654 1902 5733">
    <p class='ocr_par' dir='ltr' id='par_1_111' title="bbox 323 5654 1902 5733">
     <span class='ocr_line' id='line_1_112' title="bbox 323 5654 1902 5733; baseline 0.005 -23"><span class='ocrx_word' id='word_1_765' title='bbox 323 5656 440 5726; x_wconf 81' lang='lat'><strong>(25)</strong></span> <span class='ocrx_word' id='word_1_766' title='bbox 486 5654 767 5731; x_wconf 80' lang='grc' dir='ltr'>Ἔφιστρις</span> <span class='ocrx_word' id='word_1_767' title='bbox 813 5656 910 5713; x_wconf 87' lang='lat' dir='ltr'><strong>hic</strong></span> <span class='ocrx_word' id='word_1_768' title='bbox 955 5655 1215 5729; x_wconf 89' lang='lat' dir='ltr'><strong>ponitur,</strong></span> <span class='ocrx_word' id='word_1_769' title='bbox 1274 5657 1429 5729; x_wconf 89' lang='lat' dir='ltr'><strong>quod</strong></span> <span class='ocrx_word' id='word_1_770' title='bbox 1479 5661 1536 5715; x_wconf 87' lang='lat' dir='ltr'><strong>et</strong></span> <span class='ocrx_word' id='word_1_771' title='bbox 1574 5675 1756 5733; x_wconf 88' lang='lat' dir='ltr'><strong>supra</strong></span> <span class='ocrx_word' id='word_1_772' title='bbox 1798 5676 1902 5733; x_wconf 89' lang='lat' dir='ltr'><strong>pro</strong></span> 
     </span>
    </p>
   </div>
   <div class='ocr_carea' id='block_1_112' title="bbox 2019 4796 3667 4870">
    <p class='ocr_par' dir='ltr' id='par_1_112' title="bbox 2019 4796 3667 4870">
     <span class='ocr_line' id='line_1_113' title="bbox 2019 4796 3667 4870; baseline -0.002 -15"><span class='ocrx_word' id='word_1_773' title='bbox 2019 4796 2270 4857; x_wconf 75' lang='lat' dir='ltr'><strong>videtur.</strong></span> <span class='ocrx_word' id='word_1_774' title='bbox 2321 4796 2597 4870; x_wconf 10' lang='lat' dir='ltr'><strong>Egornon‘</strong></span> <span class='ocrx_word' id='word_1_775' title='bbox 2642 4797 2889 4870; x_wconf 83' lang='lat' dir='ltr'><strong>multam</strong></span> <span class='ocrx_word' id='word_1_776' title='bbox 2954 4796 3667 4870; x_wconf 75' lang='lat' dir='ltr'><strong>proprietatemistarum</strong></span> 
     </span>
    </p>
   </div>
   <div class='ocr_carea' id='block_1_113' title="bbox 2017 4868 3670 4943">
    <p class='ocr_par' dir='ltr' id='par_1_113' title="bbox 2017 4868 3670 4943">
     <span class='ocr_line' id='line_1_114' title="bbox 2017 4868 3670 4943; baseline -0.002 -15"><span class='ocrx_word' id='word_1_777' title='bbox 2017 4889 2226 4929; x_wconf 89' lang='lat' dir='ltr'><strong>vocum</strong></span> <span class='ocrx_word' id='word_1_778' title='bbox 2258 4868 2415 4943; x_wconf 76' lang='lat' dir='ltr'><strong>apud</strong></span> <span class='ocrx_word' id='word_1_779' title='bbox 2457 4869 2615 4943; x_wconf 85' lang='lat' dir='ltr'><strong>hunc</strong></span> <span class='ocrx_word' id='word_1_780' title='bbox 2662 4868 3007 4943; x_wconf 73' lang='lat' dir='ltr'><strong>scriptorem</strong></span> <span class='ocrx_word' id='word_1_781' title='bbox 3050 4868 3431 4943; x_wconf 79' lang='lat' dir='ltr'><strong>deprehendi,</strong></span> <span class='ocrx_word' id='word_1_782' title='bbox 3465 4868 3670 4943; x_wconf 78' lang='lat' dir='ltr'><strong>itaque</strong></span> 
     </span>
    </p>
   </div>
   <div class='ocr_carea' id='block_1_114' title="bbox 2017 4939 3662 5011">
    <p class='ocr_par' dir='ltr' id='par_1_114' title="bbox 2017 4939 3662 5011">
     <span class='ocr_line' id='line_1_115' title="bbox 2017 4939 3662 5011; baseline -0.001 -13"><span class='ocrx_word' id='word_1_783' title='bbox 2017 4945 2163 5000; x_wconf 90' lang='lat' dir='ltr'><strong>verti</strong></span> <span class='ocrx_word' id='word_1_784' title='bbox 2192 4939 2436 4999; x_wconf 75' lang='lat' dir='ltr'><strong>liberius</strong></span> <span class='ocrx_word' id='word_1_785' title='bbox 2465 4942 2626 4997; x_wconf 90' lang='lat' dir='ltr'><strong>talia.</strong></span> <span class='ocrx_word' id='word_1_786' title='bbox 2660 4939 2836 5011; x_wconf 85' lang='lat' dir='ltr'><strong>Porro</strong></span> <span class='ocrx_word' id='word_1_787' title='bbox 2866 4940 3086 4996; x_wconf 89' lang='lat' dir='ltr'><strong>circum</strong></span> <span class='ocrx_word' id='word_1_788' title='bbox 3120 4941 3243 4996; x_wconf 63' lang='lat' dir='ltr'><strong>haec</strong></span> <span class='ocrx_word' id='word_1_789' title='bbox 3272 4940 3400 4996; x_wconf 87' lang='lat' dir='ltr'><strong>loca</strong></span> <span class='ocrx_word' id='word_1_790' title='bbox 3429 4939 3662 5011; x_wconf 87' lang='lat' dir='ltr'><strong>aliquo-</strong></span> 
     </span>
    </p>
   </div>
   <div class='ocr_carea' id='block_1_115' title="bbox 2016 5010 3671 5140">
    <p class='ocr_par' dir='ltr' id='par_1_115' title="bbox 2016 5010 3671 5140">
     <span class='ocr_line' id='line_1_116' title="bbox 2016 5010 3671 5140; baseline -0.002 -69"><span class='ocrx_word' id='word_1_791' title='bbox 2016 5016 2127 5071; x_wconf 90' lang='lat' dir='ltr'><strong>ties</strong></span> <span class='ocrx_word' id='word_1_792' title='bbox 2158 5032 2261 5087; x_wconf 90' lang='lat' dir='ltr'><strong>per</strong></span> <span class='ocrx_word' id='word_1_793' title='bbox 2289 5015 2661 5071; x_wconf 72' lang='lat' dir='ltr'><strong>Occidentem</strong></span> <span class='ocrx_word' id='word_1_794' title='bbox 2702 5010 2898 5140; x_wconf 61' lang='lat' dir='ltr'><strong>C(polis</strong></span> <span class='ocrx_word' id='word_1_795' title='bbox 2945 5016 3004 5068; x_wconf 91' lang='lat' dir='ltr'><strong>et</strong></span> <span class='ocrx_word' id='word_1_796' title='bbox 3051 5028 3181 5095; x_wconf 57' lang='lat' dir='ltr'><strong>quae</strong></span> <span class='ocrx_word' id='word_1_797' title='bbox 3228 5013 3278 5066; x_wconf 92' lang='lat' dir='ltr'><strong>ei</strong></span> <span class='ocrx_word' id='word_1_798' title='bbox 3330 5013 3388 5065; x_wconf 89' lang='lat' dir='ltr'><strong>in</strong></span> <span class='ocrx_word' id='word_1_799' title='bbox 3440 5010 3671 5095; x_wconf 78' lang='lat' dir='ltr'><strong>Europa</strong></span> 
     </span>
     <span class='ocr_line' id='line_1_117' title="bbox 2017 5086 3671 5140; baseline -0.001 0"><span class='ocrx_word' id='word_1_800' title='bbox 2017 5087 2211 5140; x_wconf 86' lang='lat' dir='ltr'><strong>adhuc</strong></span> <span class='ocrx_word' id='word_1_801' title='bbox 2241 5088 2541 5140; x_wconf 87' lang='lat' dir='ltr'><strong>suberant.</strong></span> <span class='ocrx_word' id='word_1_802' title='bbox 2580 5100 2683 5140; x_wconf 82' lang='lat' dir='ltr'><strong>Der</strong></span> <span class='ocrx_word' id='word_1_803' title='bbox 2783 5086 3027 5139; x_wconf 79' lang='lat' dir='ltr'><strong>rientem</strong></span> <span class='ocrx_word' id='word_1_804' title='bbox 3079 5088 3309 5139; x_wconf 69' lang='lat' dir='ltr'><strong>Asxanae</strong></span> <span class='ocrx_word' id='word_1_805' title='bbox 3360 5099 3671 5140; x_wconf 70' lang='lat' dir='ltr'><strong>nrovmcm</strong></span> 
     </span>
    </p>
   </div>
   <div class='ocr_carea' id='block_1_116' title="bbox 2017 5084 3672 5155">
    <p class='ocr_par' dir='ltr' id='par_1_116' title="bbox 2017 5084 3672 5155">
     <span class='ocr_line' id='line_1_118' title="bbox 2017 5084 3672 5155; baseline -0.002 -12"><span class='ocrx_word' id='word_1_806' title='bbox 2017 5084 2211 5143; x_wconf 83' lang='lat' dir='ltr'><strong>adhuc</strong></span> <span class='ocrx_word' id='word_1_807' title='bbox 2241 5088 2541 5150; x_wconf 84' lang='lat' dir='ltr'><strong>suberant,</strong></span> <span class='ocrx_word' id='word_1_808' title='bbox 2580 5100 2683 5155; x_wconf 88' lang='lat' dir='ltr'><strong>per</strong></span> <span class='ocrx_word' id='word_1_809' title='bbox 2731 5084 3027 5140; x_wconf 89' lang='lat' dir='ltr'><strong>Orientem</strong></span> <span class='ocrx_word' id='word_1_810' title='bbox 3079 5084 3309 5139; x_wconf 63' lang='lat' dir='ltr'><strong>Asiana:</strong></span> <span class='ocrx_word' id='word_1_811' title='bbox 3360 5084 3672 5155; x_wconf 61' lang='lat' dir='ltr'><strong>provincia;</strong></span> 
     </span>
    </p>
   </div>
   <div class='ocr_carea' id='block_1_117' title="bbox 2017 5154 3672 5229">
    <p class='ocr_par' dir='ltr' id='par_1_117' title="bbox 2017 5154 3672 5229">
     <span class='ocr_line' id='line_1_119' title="bbox 2017 5154 3672 5229; baseline -0.002 -15"><span class='ocrx_word' id='word_1_812' title='bbox 2017 5164 2159 5214; x_wconf 88' lang='lat' dir='ltr'><strong>sunt</strong></span> <span class='ocrx_word' id='word_1_813' title='bbox 2187 5154 2601 5229; x_wconf 71' lang='lat' dir='ltr'><strong>intelligendas,</strong></span> <span class='ocrx_word' id='word_1_814' title='bbox 2652 5171 2723 5210; x_wconf 91' lang='lat' dir='ltr'><strong>ne</strong></span> <span class='ocrx_word' id='word_1_815' title='bbox 2772 5157 2909 5229; x_wconf 88' lang='lat' dir='ltr'><strong>quis</strong></span> <span class='ocrx_word' id='word_1_816' title='bbox 2960 5156 3274 5229; x_wconf 81' lang='lat' dir='ltr'><strong>imperitus</strong></span> <span class='ocrx_word' id='word_1_817' title='bbox 3317 5154 3542 5210; x_wconf 89' lang='lat' dir='ltr'><strong>Italiam</strong></span> <span class='ocrx_word' id='word_1_818' title='bbox 3574 5155 3672 5210; x_wconf 88' lang='lat' dir='ltr'><strong>hic</strong></span> 
     </span>
    </p>
   </div>
   <div class='ocr_carea' id='block_1_118' title="bbox 2017 5226 3672 5295">
    <p class='ocr_par' dir='ltr' id='par_1_118' title="bbox 2017 5226 3672 5295">
     <span class='ocr_line' id='line_1_120' title="bbox 2017 5226 3672 5295; baseline -0.001 -10"><span class='ocrx_word' id='word_1_819' title='bbox 2017 5231 2294 5286; x_wconf 88' lang='lat' dir='ltr'><strong>somniet.</strong></span> <span class='ocrx_word' id='word_1_820' title='bbox 2328 5226 2490 5295; x_wconf 78' lang='lat' dir='ltr'><strong>Quod</strong></span> <span class='ocrx_word' id='word_1_821' title='bbox 2524 5230 2721 5283; x_wconf 90' lang='lat' dir='ltr'><strong>autem</strong></span> <span class='ocrx_word' id='word_1_822' title='bbox 2779 5227 3085 5283; x_wconf 73' lang='lat' dir='ltr'><strong>Theodore</strong></span> <span class='ocrx_word' id='word_1_823' title='bbox 3131 5226 3391 5282; x_wconf 73' lang='lat' dir='ltr'><strong>Zimiscae</strong></span> <span class='ocrx_word' id='word_1_824' title='bbox 3442 5242 3606 5290; x_wconf 79' lang='lat' dir='ltr'><strong>uxor.</strong></span> <span class='ocrx_word' id='word_1_825' title='bbox 3636 5244 3672 5283; x_wconf 89' lang='lat' dir='ltr'><strong>a</strong></span> 
     </span>
    </p>
   </div>
   <div class='ocr_carea' id='block_1_119' title="bbox 2015 5297 3671 5357">
    <p class='ocr_par' dir='ltr' id='par_1_119' title="bbox 2015 5297 3671 5357">
     <span class='ocr_line' id='line_1_121' title="bbox 2015 5297 3671 5357; baseline -0.002 0"><span class='ocrx_word' id='word_1_826' title='bbox 2015 5302 2275 5357; x_wconf 91' lang='lat' dir='ltr'><strong>Cedreno</strong></span> <span class='ocrx_word' id='word_1_827' title='bbox 2308 5301 2430 5356; x_wconf 79' lang='lat' dir='ltr'><strong>filia</strong></span> <span class='ocrx_word' id='word_1_828' title='bbox 2458 5298 2824 5356; x_wconf 89' lang='lat' dir='ltr'><strong>Constantini</strong></span> <span class='ocrx_word' id='word_1_829' title='bbox 2860 5298 3070 5354; x_wconf 90' lang='lat' dir='ltr'><strong>Leonis</strong></span> <span class='ocrx_word' id='word_1_830' title='bbox 3100 5297 3203 5353; x_wconf 84' lang='lat' dir='ltr'><strong>ﬁlii</strong></span> <span class='ocrx_word' id='word_1_831' title='bbox 3253 5302 3312 5354; x_wconf 92' lang='lat' dir='ltr'><strong>et</strong></span> <span class='ocrx_word' id='word_1_832' title='bbox 3358 5315 3525 5355; x_wconf 89' lang='lat' dir='ltr'><strong>soror</strong></span> <span class='ocrx_word' id='word_1_833' title='bbox 3552 5302 3671 5354; x_wconf 87' lang='lat' dir='ltr'><strong>Ro-</strong></span> 
     </span>
    </p>
   </div>
   <div class='ocr_carea' id='block_1_120' title="bbox 2015 5369 3664 5441">
    <p class='ocr_par' dir='ltr' id='par_1_120' title="bbox 2015 5369 3664 5441">
     <span class='ocr_line' id='line_1_122' title="bbox 2015 5369 3664 5441; baseline -0.002 -14"><span class='ocrx_word' id='word_1_834' title='bbox 2015 5374 2171 5428; x_wconf 88' lang='lat' dir='ltr'><strong>mani</strong></span> <span class='ocrx_word' id='word_1_835' title='bbox 2205 5372 2360 5427; x_wconf 90' lang='lat' dir='ltr'><strong>tertii</strong></span> <span class='ocrx_word' id='word_1_836' title='bbox 2410 5389 2444 5427; x_wconf 91' lang='lat' dir='ltr'><strong>a</strong></span> <span class='ocrx_word' id='word_1_837' title='bbox 2471 5372 2682 5427; x_wconf 87' lang='lat' dir='ltr'><strong>Nostro</strong></span> <span class='ocrx_word' id='word_1_838' title='bbox 2729 5369 2965 5440; x_wconf 86' lang='lat' dir='ltr'><strong>dicitur,</strong></span> <span class='ocrx_word' id='word_1_839' title='bbox 3015 5370 3167 5425; x_wconf 88' lang='lat' dir='ltr'><strong>idem</strong></span> <span class='ocrx_word' id='word_1_840' title='bbox 3219 5374 3307 5425; x_wconf 88' lang='lat' dir='ltr'><strong>cst</strong></span> <span class='ocrx_word' id='word_1_841' title='bbox 3352 5369 3469 5425; x_wconf 84' lang='lat' dir='ltr'><strong>fere</strong></span> <span class='ocrx_word' id='word_1_842' title='bbox 3510 5371 3664 5441; x_wconf 87' lang='lat' dir='ltr'><strong>apud</strong></span> 
     </span>
    </p>
   </div>
   <div class='ocr_carea' id='block_1_121' title="bbox 2014 5441 3665 5512">
    <p class='ocr_par' dir='ltr' id='par_1_121' title="bbox 2014 5441 3665 5512">
     <span class='ocr_line' id='line_1_123' title="bbox 2014 5441 3665 5512; baseline -0.001 -14"><span class='ocrx_word' id='word_1_843' title='bbox 2014 5450 2319 5501; x_wconf 88' lang='lat' dir='ltr'><strong>Zonaram.</strong></span> <span class='ocrx_word' id='word_1_844' title='bbox 2353 5442 2695 5511; x_wconf 89' lang='lat' dir='ltr'><strong>Panvinius,</strong></span> <span class='ocrx_word' id='word_1_845' title='bbox 2724 5441 2869 5497; x_wconf 91' lang='lat' dir='ltr'><strong>alios</strong></span> <span class='ocrx_word' id='word_1_846' title='bbox 2901 5444 3085 5512; x_wconf 78' lang='lat' dir='ltr'><strong>(puto)</strong></span> <span class='ocrx_word' id='word_1_847' title='bbox 3116 5447 3384 5497; x_wconf 88' lang='lat' dir='ltr'><strong>auctores</strong></span> <span class='ocrx_word' id='word_1_848' title='bbox 3406 5447 3665 5508; x_wconf 84' lang='lat' dir='ltr'><strong>secutus,</strong></span> 
     </span>
    </p>
   </div>
   <div class='ocr_carea' id='block_1_122' title="bbox 2014 5512 3663 5585">
    <p class='ocr_par' dir='ltr' id='par_1_122' title="bbox 2014 5512 3663 5585">
     <span class='ocr_line' id='line_1_124' title="bbox 2014 5512 3663 5585; baseline -0.001 -15"><span class='ocrx_word' id='word_1_849' title='bbox 2014 5516 2194 5571; x_wconf 82' lang='lat' dir='ltr'><strong>filiam</strong></span> <span class='ocrx_word' id='word_1_850' title='bbox 2232 5517 2478 5571; x_wconf 84' lang='lat' dir='ltr'><strong>Romani</strong></span> <span class='ocrx_word' id='word_1_851' title='bbox 2506 5517 2541 5571; x_wconf 93' lang='lat'>3</span> <span class='ocrx_word' id='word_1_852' title='bbox 2570 5532 2637 5570; x_wconf 82' lang='lat' dir='ltr'><strong>ex</strong></span> <span class='ocrx_word' id='word_1_853' title='bbox 2666 5512 3098 5585; x_wconf 88' lang='lat' dir='ltr'><strong>Theophanone</strong></span> <span class='ocrx_word' id='word_1_854' title='bbox 3147 5513 3459 5585; x_wconf 65' lang='lat' dir='ltr'><strong>Anastasis</strong></span> <span class='ocrx_word' id='word_1_855' title='bbox 3504 5512 3663 5581; x_wconf 79' lang='lat' dir='ltr'><strong>facit,</strong></span> 
     </span>
    </p>
   </div>
   <div class='ocr_carea' id='block_1_123' title="bbox 2013 5583 3507 5651">
    <p class='ocr_par' dir='ltr' id='par_1_123' title="bbox 2013 5583 3507 5651">
     <span class='ocr_line' id='line_1_125' title="bbox 2013 5583 3507 5651; baseline -0.003 -6"><span class='ocrx_word' id='word_1_856' title='bbox 2013 5604 2271 5646; x_wconf 87' lang='lat' dir='ltr'><strong>sororem</strong></span> <span class='ocrx_word' id='word_1_857' title='bbox 2304 5588 2529 5645; x_wconf 89' lang='lat' dir='ltr'><strong>scilicet</strong></span> <span class='ocrx_word' id='word_1_858' title='bbox 2557 5585 2759 5644; x_wconf 86' lang='lat' dir='ltr'><strong>Basilii</strong></span> <span class='ocrx_word' id='word_1_859' title='bbox 2788 5583 2844 5642; x_wconf 78' lang='lat' dir='ltr'><strong>et</strong></span> <span class='ocrx_word' id='word_1_860' title='bbox 2868 5583 3235 5643; x_wconf 88' lang='lat' dir='ltr'><strong>Constantini</strong></span> <span class='ocrx_word' id='word_1_861' title='bbox 3269 5586 3335 5641; x_wconf 90' lang='grc'><strong>10</strong></span> <span class='ocrx_word' id='word_1_862' title='bbox 3362 5586 3507 5651; x_wconf 78' lang='lat' dir='ltr'><strong>XVL.</strong></span> 
     </span>
    </p>
   </div>
  </div>
