4026 6210
1426 324 1970 389 HISTORIARUM
2016 324 2563 389 COMPENDIUM.
3587 332 3704 395 126

285 328 401 389 125

288 477 463 533 μενοι,
524 460 617 512 καὶ
670 462 752 529 τῷ
813 456 1171 530 ἆνυποστάτῳ
1226 461 1324 511 τοῦ
1367 458 1664 530 πτώματος
1714 452 2149 528 ἐκπληττόμενοι
2205 456 2399 519 πάντες
2443 453 2611 511 ’ίστων
2661 457 2758 526 τὴν
2820 454 3027 528 δίωξιν,
3075 455 3310 532 μηδενὸς
3362 462 3692 536 τολμῶντος

285 548 619 624 προσωτέρω
667 546 825 604 ίὲναι.
858 546 956 602 Καὶ
1008 546 1180 609 οὕτως
1230 544 1409 610 ἀδείας
1458 540 1763 619 λαϐόμενος
1789 546 1816 598 ὁ
1850 549 2048 606 Φωκᾶς
2082 544 2281 599 ἄνεισιν
2316 543 2391 607 εἷς
2425 545 2486 599 τὸ
2517 543 2797 622 φρούριον.
2832 548 3160 623 ΙΙαρεγὲνετο
3194 549 3327 621 μετὰ
3356 555 3523 607 ταῦτα
3549 554 3640 609 καὶ
3668 556 3696 610 ὁ

291 635 565 710 Σκληρὸς,
611 640 855 710 συνεχῶς
896 635 1035 711 πρὸς
1075 634 1277 691 ἰκεῖνον
1318 634 1575 707 πέμπων,
1604 633 1693 688 καὶ
1738 630 1996 702 κήδεσθαι
2046 633 2162 705 μεθ’
2193 631 2368 708 ὅρκων
2414 634 2637 709 γράφων
2692 634 2768 696 ὡς
2796 631 3062 705 κηδεστοῦ
3092 636 3331 709 (νύμφην
3366 638 3469 715 γὰρ
3502 639 3588 694 ἰπὶ
3618 645 3698 713 τῷ

291 723 509 801 ἀδελφῷ
540 726 934 798 Κωνσταντίνῳ
964 727 1064 795 τήν
1096 724 1299 779 ἐκείνου
1332 725 1475 799 εἶχεν
1510 720 1749 801 ἀδελφήν
1785 723 2033 800 Σοφίαν),
2058 721 2147 776 καὶ
2185 718 2575 794 συμϐουλεύων
2621 730 3019 799 προσχωρῆσαι
3076 730 3154 797 τῷ
3204 726 3418 801 βασιλεῖ
3470 728 3558 782 καὶ
3597 730 3696 798 τήν

292 817 477 870 ἑαυτοῦ
511 813 602 869 διὰ
629 820 729 883 τῆς
762 812 1100 887 αὐτομολίας
1130 815 1461 887 συμπάθειαν
1504 811 1912 869 ἐπισπάσασθαι.
1944 814 2177 887 ’Ὀρκους
2211 810 2301 866 οῦν
2326 807 2507 867 λαϐὼν
2542 813 2617 874 ὡς
2649 810 2805 867 οὐδέν
2836 834 2887 868 τι
2918 814 3154 870 πείσεται
3187 814 3447 893 φλαῦρον,
3479 815 3706 893 παραδί-

293 902 447 959 δωσιν
482 903 673 959 ἒαυτὸν
700 908 780 975 τῷ
815 903 1056 979 Σκλήρῷ
1078 903 1169 957 σὺν
1189 908 1305 965 τοῖς
1336 906 1577 957 συνοῦσιν
1610 901 1777 974 αὐτῷ.
1806 903 1901 957 “Ov
1940 898 2107 975 μηδὲν
2142 899 2283 956 ἄλλο
2314 902 2555 965 παθόντα
2584 904 2771 969 κακὸν,
2817 904 2977 977 μόνον
3009 902 3066 959 δὲ
3093 907 3382 979 γενόμενον
3433 903 3699 983 κληρικὸν

291 995 338 1048 ἓν
365 996 433 1067 τῇ
465 995 624 1066 νήσῳ
655 993 774 1067 Χίῳ
808 994 1113 1069 ὑπερορίζει
1146 993 1173 1048 ὁ
1211 989 1485 1067 βασιλεύς.
1512 992 1619 1049 Τὸν
1654 988 1711 1045 δὶ
1744 989 1997 1066 Σκληρὸν
2030 989 2277 1060 εὐζώνως
2314 992 2447 1062 μετὰ
2486 994 2592 1046 τῶν
2638 991 2854 1073 κούφων
2884 992 3178 1069 ταγμάτων
3229 990 3481 1066 διαϐῆναι
3531 996 3701 1052 πάλιν

290 1082 495 1139 κελεύει
527 1085 665 1159 πρὸς
695 1086 794 1154 τὴν
820 1083 1106 1160 Ἑσπέραν.

356 1217 587 1285 Ἀγεται
642 1207 698 1264 δὶ
752 1210 930 1281 ἔαυτῷ
975 1213 1201 1285 γυναῖκα
1258 1210 1286 1263 ὁ
1345 1206 1600 1278 Ἰωάννης
1655 1203 1939 1282 Θεοδώραν

2128 1209 2412 1263 Ρτωὶοτοα
2464 1207 2786 1281 imperator
2837 1226 3076 1267 uxorem
3128 1211 3290 1267 ducit
3340 1212 3709 1269 Theodoram

289 1301 379 1368 τήν
435 1296 687 1377 ἀδελφήν
746 1300 1052 1372 Ῥωμανοῦ,
1079 1295 1344 1372 θυγατέρα
1399 1294 1457 1352 δὲ
1511 1294 1609 1352 τοῦ
1655 1298 1941 1373 Πορφυρο-

2054 1296 2305 1352 Romani
2336 1313 2620 1368 sororem,
2651 1297 2834 1355 ﬁliam
2881 1300 3247 1356 Constantini
3303 1300 3707 1374 Porphyroge-

288 1390 555 1463 γεννήτου
590 1386 1015 1443 Κωνσταντίνου·
1048 1386 1138 1441 καὶ
1164 1386 1335 1460 ταύτῃ
1366 1389 1433 1460 τῇ
1464 1386 1654 1461 πράξει
1688 1383 1942 1461 μεγάλως

2053 1385 2184 1442 niti.
2215 1389 2349 1451 ουω
2380 1386 2599 1457 nuptiae
2633 1391 2911 1459 pergrata;
2964 1389 3198 1445 fuerunt
3244 1389 3489 1457 civibus,
3547 1392 3704 1463 quod

291 1472 519 1552 εὖφρανε
573 1474 703 1537 τοὺς
759 1473 991 1539 πολίτας
1050 1475 1124 1537 ὡς
1182 1474 1245 1529 τὸ
1300 1475 1399 1543 τῆς
1441 1472 1716 1549 βασιλείας
1746 1474 1942 1548 κράτος

289 1562 711 1642 περιφυλάττων
744 1569 823 1637 τῷ
852 1564 1018 1639 γένει.

359 1656 609 1731 Δευτέρῳ
640 1652 699 1709 δδ
738 1649 844 1709 ἔτει
891 1660 993 1723 τῆς
1045 1650 1320 1729 βασιλείας
1370 1652 1536 1708 αὐτοῦ
1591 1650 1810 1725 μέλλων
1857 1650 1944 1707 ἰκ-

291 1744 601 1817 στρατεύειν
643 1744 780 1799 κατά
821 1746 929 1799 τῶν
961 1741 1097 1806 Ῥὼς
1144 1742 1210 1798 τά
1250 1764 1308 1799 τε
1354 1742 1729 1818 στρατεύματα
1785 1741 1944 1821 φιλο-

289 1835 501 1905 τιμίαις
532 1827 897 1905 ἀνελάμϐανε,
929 1831 1019 1888 καὶ
1061 1831 1396 1909 στρατηγοὺς
1447 1830 1635 1909 ὶφίουτα
1684 1831 1773 1887 ὶπὶ
1818 1853 1945 1886 συνο

293 1923 395 1977 ἔσει
440 1921 537 1976 καὶ
584 1920 845 1995 ἐμπειρίᾳ
892 1922 1361 1996 στρατηγημάτων
1413 1916 1805 1997 βεϐοημένους,
1855 1920 1946 1975 καὶ

289 2017 395 2066 τῶν
427 2009 620 2066 ἄλλων
646 2009 970 2084 ἓπεμελεῖτο
999 2011 1375 2084 παρασκευῶν,
1402 2008 1494 2065 ’ἱνα
1527 2007 1760 2083 μηδενὸς
1809 2030 1945 2065 σπα-

290 2100 430 2170 νίζοι
474 2101 540 2156 τὸ
588 2101 918 2174 στράτευμα.
949 2099 1305 2175 Ἐπεμελήθη
1360 2098 1418 2155 δὶ
1463 2099 1552 2155 καὶ
1595 2103 1693 2155 τοῦ
1747 2097 1947 2155 στόλου

292 2188 379 2246 διά
408 2189 652 2253 Λέοντος
679 2194 776 2245 τοῦ
820 2191 957 2263 μετὰ
990 2194 1156 2245 ταῦτα
1200 2184 1723 2266 πρωτοϐεστιαρίου,
1751 2186 1946 2264 δρουγ-

289 2281 483 2355 γαρίου
551 2282 680 2335 τότε
749 2284 858 2335 τῶν
942 2278 1216 2353 πλωΐμων
1282 2280 1671 2355 τυγχάνοντος,
1732 2281 1799 2334 τά
1853 2281 1946 2353 μὶν

296 2368 505 2426 παλαιᾶ
538 2370 913 2437 ἐπισκευάσας,
939 2371 1333 2431 κατασκευάσας
1375 2366 1432 2424 δὲ
1476 2370 1566 2424 καὶ
1609 2367 1753 2425 ἄλλα
1793 2370 1952 2425 καινὰ

291 2460 380 2513 καὶ
452 2458 656 2514 στόλον
724 2458 1015 2534 ἀξιόλογον
1095 2460 1593 2533 καταστησάμενος.
1668 2458 1817 2513 Ἐπεὶ
1894 2456 1951 2513 δὲ

293 2551 468 2604 πάντα
506 2552 697 2610 καλῶς
750 2550 895 2623 εἶχεν
930 2549 1079 2621 αὐτῷ
1126 2547 1283 2622 ἔαρος
1332 2547 1666 2614 ἐπιστάντος,
1712 2552 1791 2619 τῷ
1836 2552 1950 2618 Θεῷ

290 2638 355 2692 τά
410 2637 662 2709 ἰξιττξρια
718 2636 880 2699 θύσας
932 2638 1019 2692 καὶ
1074 2637 1465 2710 συνταξάμενος
1521 2642 1638 2699 τοῖς
1692 2635 1947 2700 πολίταις

292 2724 448 2799 ἔξεισι
498 2731 603 2791 τῆς
661 2724 964 2801 βασιλίδος.
1023 2728 1308 2800 Τενομὲνῳ
1356 2724 1401 2780 δ’
1452 2726 1600 2799 αὐτῷ
1655 2725 1791 2781 κατὰ
1842 2727 1943 2795 τὴν

290 2814 596 2872 Ῥαιδεστόν
656 2812 751 2870 δύο
810 2820 1103 2871 συναντῶσι
1162 2811 1485 2890 πρεσϐευταὶ
1536 2820 1641 2871 τῶν
1698 2820 1943 2887 Σκυθῶν,

288 2911 363 2978 τῷ
391 2904 578 2961 δοκεῖν
616 2906 713 2979 μὲν
744 2899 1034 2980 πρεσϐείαν
1075 2904 1548 2980 ἀποπληροῦντες,
1580 2899 1721 2982 ἔργῳ
1769 2902 1827 2959 δὶ
1880 2906 1947 2960 τά

287 2994 576 3066 Ῥωμαίων
652 2992 901 3056 ἐλθόντες
973 2997 1379 3063 κατασκοπῆσαι
1455 2995 1780 3070 πράγματα·
1855 2992 1946 3056 οὓς

291 3082 659 3154 ὀνειδίζοντας
688 3084 775 3138 καὶ
831 3080 991 3138 ἄδικα
1040 3082 1271 3159 πάσχειν
1320 3078 1731 3156 ἐπιϐοωμενους
1775 3103 1946 3157 προσ-

282 3173 458 3243 έταξεν
505 3173 535 3227 ὁ
585 3170 842 3248 βασιλεὺς
911 3169 1219 3245 περιελθεῖν
1284 3172 1420 3227 ἅπαν
1480 3173 1541 3227 τὸ
1582 3170 1943 3245 στρατόπεδον

282 3263 371 3316 καὶ
402 3260 649 3337 θεωροὺς
678 3262 921 3337 γενεσθαι
967 3264 1075 3315 τῶν
1119 3260 1323 3332 τάξεων
1365 3257 1512 3333 (οὐδὲ
1560 3262 1663 3336 γάρ
1710 3260 1947 3336 ἠγνόησε

284 3354 384 3419 τῆς
437 3351 670 3428 ἀφίξεως
716 3350 817 3418 τὴν
870 3348 1094 3421 αἲτίαν).
1146 3352 1231 3423 [Ρ.
1274 3351 1402 3423 672]
1450 3347 1833 3425 περιελθόντας
1890 3347 1948 3405 δὲ

285 3440 375 3495 καὶ
444 3439 623 3494 πάντα
702 3440 1219 3509 κατασκοπήσαντας
1293 3437 1730 3495 ἀπαλλάττεσθαι
1808 3461 1947 3517 παρ-

289 3527 596 3600 εκελεύετο,
628 3527 720 3583 καὶ
774 3532 853 3600 τῷ
910 3533 1057 3605 σφῶν
1120 3529 1412 3605 ἡγουμένῳ
1468 3528 1646 3603 λέγειν
1704 3530 1778 3590 ὡς
1815 3530 1950 3603 μετὰ

284 3618 552 3688 τοιαύτης
593 3616 887 3690 εὐκοσμίας
933 3618 1020 3672 καὶ
1070 3616 1359 3685 πειθηνίου
1402 3615 1539 3671 λαοῦ
1588 3617 1616 3672 ὁ
1661 3618 1946 3690 Ῥωμαίων

291 3706 566 3782 βασιλεὺς
620 3705 840 3781 ἔρχεται
873 3706 1246 3781 ὡχυρωμᾶνος
1276 3704 1616 3779 πολεμήσων
1647 3705 1815 3778 αὐτῷ.
1846 3707 1946 3763 Καὶ

283 3798 412 3860 τοὺς
447 3797 548 3870 μὶν
588 3790 919 3871 πρεσϐευτὰς
980 3797 1339 3871 ὑποχωρῆσαι
1397 3796 1689 3867 πεποίηκεν
1750 3795 1945 3865 οὕτως,

283 3885 448 3948 αὐτὸς
481 3883 541 3941 δὶ
570 3885 797 3940 κατόπιν
850 3884 1115 3954 εὐζώνους
1162 3880 1371 3953 λαϐὼν,
1401 3883 1599 3953 πεζοὺς
1654 3885 1747 3958 μὶν
1800 3884 1940 3963 ἀμφὶ

2054 1491 2188 1531 eum
2222 1475 2538 1547 imperium
2570 1476 2667 1532 isti
2698 1476 2934 1533 familiae
2967 1494 3311 1534 conservare
3362 1478 3510 1536 velle
3533 1480 3703 1552 judi-

2053 1567 2270 1619 carent.

2124 1652 2441 1709 Tzimisces
2472 1669 2625 1709 anno
2666 1655 2923 1712 secundo
2966 1655 3199 1727 imperii
3250 1656 3344 1714 sui
3383 1656 3443 1713 in
3484 1657 3703 1716 Rossos

2054 1742 2484 1813 expeditionem
2522 1747 2932 1815 suscepturus,
2982 1761 3117 1801 cum
3169 1746 3399 1803 animos
3448 1747 3705 1803 militum

2054 1829 2405 1887 liberalitate
2435 1849 2543 1889 sua
2574 1832 2892 1904 refecisset,
2926 1834 3106 1891 duces
3136 1834 3209 1892 iis
3240 1836 3497 1907 praefecit
3551 1838 3704 1893 898

2054 1920 2367 1992 prudentia
2385 1924 2442 1977 et
2461 1921 2674 1978 artium
2692 1922 3201 1996 imperatoriarum
3228 1925 3437 1998 peritia
3457 1925 3705 1994 nobiles;

2054 2014 2112 2066 et
2139 2009 2382 2082 reliquis
2412 2011 2691 2068 omnibus
2720 2014 3074 2085 apparandis
3103 2030 3232 2070 eam
3285 2014 3576 2087 impendit
3604 2031 3706 2072 cu-

2055 2116 2204 2167 ram,
2233 2116 2306 2155 ne
2336 2100 2474 2171 quid
2498 2117 2693 2157 rerum
2735 2102 3200 2159 necessariarum
3247 2103 3600 2161 exercitibus
3632 2104 3707 2161 de

2055 2192 2229 2245 esset.
2262 2186 2522 2245 Classem
2554 2206 2787 2262 quoque
2816 2190 3043 2247 curavit
3090 2208 3265 2263 opera
3311 2193 3521 2249 Leonis
3575 2193 3707 2263 ejus

2058 2278 2159 2349 qui
2194 2283 2332 2333 tunc
2363 2278 2445 2334 rei
2476 2278 2697 2334 navalis
2727 2280 3107 2351 drungarius,
3139 2285 3343 2352 postea
3372 2286 3463 2336 est
3504 2288 3705 2353 proto-

2055 2354 2367 2424 vestiarius
2395 2368 2584 2423 factus
2611 2384 2625 2436 ;
2650 2372 2707 2424 et
2735 2384 2868 2424 cum
2891 2372 3117 2425 veteres
3141 2384 3316 2425 naves
3349 2370 3551 2425 refecit
3578 2374 3705 2426 tum

2060 2473 2239 2512 novas
2270 2456 2589 2513 fabricatus
2620 2461 2727 2525 est,
2762 2461 2819 2513 et
2848 2458 3099 2513 classem
3124 2458 3351 2528 justam
3402 2458 3710 2514 constituit

2059 2545 2346 2603 Omnibus
2376 2548 2556 2617 probe
2584 2546 2905 2617 adornatis,
2939 2546 3176 2602 ineunte
3203 2562 3337 2602 vere
3376 2546 3560 2604 sacris
3592 2547 3707 2603 Deo

2057 2650 2159 2705 pro
2191 2632 2342 2689 felici
2373 2634 2525 2689 exitu
2558 2636 2855 2705 operatus,
2887 2638 2945 2689 et
2976 2634 3195 2690 relictis
3228 2635 3298 2690 ad
3341 2634 3493 2690 cives
3535 2651 3706 2690 man-

2055 2724 2231 2791 datis,
2263 2722 2586 2793 Cpoli_exit.
2621 2723 2766 2778 Cum
2798 2724 2869 2778 ad
2902 2724 3231 2781 Redestum
3260 2723 3538 2790 venisset,
3587 2723 3705 2779 duo

2053 2812 2137 2869 illi
2151 2816 2510 2869 occurrunta
2533 2813 2768 2887 Scythis
2782 2814 2950 2871 missi
2972 2816 3080 2870 sub
3094 2814 3402 2887 legationis
3423 2817 3703 2887 praetextu

2054 2904 2420 2976 exploratum
2450 2921 2544 2959 res
2568 2905 2879 2961 Romanas.
2909 2905 3064 2969 Quos
3093 2905 3533 2977 expostulantes
3558 2907 3617 2960 et
3636 2905 3708 2959 de

2055 2994 2292 3066 injuriis
2328 2994 2575 3066 Scythiae
2626 2994 2785 3067 genti
2835 2995 2971 3051 facti
3022 3000 3356 3066 querentes,
3404 3010 3538 3051 cum
3589 3011 3705 3051 non

2055 3083 2353 3155 ignoraret
2380 3099 2617 3138 causam
2647 3098 2850 3137 eorum
2881 3083 3189 3150 adventus,
3234 3100 3337 3155 per
3367 3086 3490 3139 tota
3518 3086 3713 3139 castra

2056 3171 2324 3241 circuire,
2371 3176 2429 3226 et
2486 3186 2691 3225 omnes
2766 3171 3002 3227 ordines
3068 3171 3473 3245 contemplari,
3525 3187 3711 3243 eoque

2056 3262 2208 3317 facto
2238 3260 2480 3316 domum
2510 3258 2722 3326 redire,
2755 3275 2982 3330 suoque
3030 3260 3281 3332 principi
3328 3260 3519 3315 dicere
3543 3260 3713 3331 jubet

2056 3354 2381 3409 Romanum
2413 3351 2496 3406 sic
2526 3354 2730 3405 ornato
2760 3353 2817 3405 et
2842 3350 3016 3405 dictis
3068 3351 3422 3420 obsequente
3453 3350 3709 3406 exercitu

2057 3442 2131 3498 ad
2180 3439 2399 3496 bellum
2440 3443 2642 3495 contra
2688 3440 2885 3510 ipsum
2949 3439 3269 3511 gerendum
3318 3438 3533 3494 venire.
3585 3438 3708 3495 Hoc

2057 3532 2233 3587 modo
2264 3528 2526 3585 dimissis
2556 3527 3047 3600 exploratoribus,
3081 3528 3207 3600 ipse
3237 3544 3371 3583 cum
3420 3528 3709 3599 expeditis

2057 3619 2287 3676 circiter
2304 3620 2446 3673 5000
2470 3617 2833 3691 peditibuset
2854 3621 3109 3690 quatuor
3126 3617 3393 3689 equitum
3416 3616 3709 3683 millibus,

2058 3708 2335 3764 mandato
2363 3706 2604 3779 reliquis
2634 3711 2700 3761 ut
2728 3707 2873 3763 duce
2916 3706 3128 3763 Basilio
3177 3705 3534 3761 cubiculario
3566 3706 3712 3762 citra

2057 3796 2488 3853 festinationem
2539 3795 3066 3868 subsequerentur,
3118 3799 3393 3867 superato
3440 3797 3605 3851 Eme
3648 3795 3710 3851 in

2056 3886 2350 3941 hosticum
2389 3884 2621 3940 nemine
2653 3889 3029 3956 exspectante
3080 3884 3377 3956 irrumpit,
3430 3888 3485 3940 et
3530 3901 3711 3957 prope

280 3979 376 4038 ti;
426 3944 591 4030 πέντε
641 3944 1147 4051 χιλιάδας-ἱππεὶς
1206 3971 1265 4029 δὶ
1316 3944 1395 4038 είς
1435 3944 1939 4050 τετρακιισχιλίόυς,

2054 3975 2254 4031 urbem
2290 3989 2563 4046 magnam
2598 3944 3127 4035 Persthlabam,ubi
3156 3944 3315 4045 regia
3344 3944 3469 4028 erat
3490 3944 3709 4045 B‘ulga-

282 4066 341 4119 τὸ
372 4062 435 4119 δὲ
462 4062 665 4120 λοιπὸν
694 4064 831 4119 ἅπαν
864 4060 1076 4133 πλῆθος
1106 4061 1389 4139 σχολαίως
1419 4059 1646 4128 ἕπεσθαι
1682 4060 1943 4126 κελεύσας

289 4152 423 4223 μετὰ
452 4150 744 4207 Βασιλείου
774 4156 871 4207 τοῦ
904 4152 1429 4227 παρακοιμωμένου,
1460 4152 1553 4207 τὸν
1606 4153 1779 4225 Αἶμον
1824 4150 1941 4207 δια-

284 4236 379 4304 ϐάς
409 4242 730 4316 ἆπρόοπτος
758 4240 835 4303 είς
862 4244 960 4312 τὴν
990 4239 1263 4314 πολεμίαν
1312 4236 1571 4297 διαϐαίνει
1620 4241 1710 4296 καὶ
1750 4235 1943 4296 ἐσϐάλ-

286 4330 386 4398 λει,
421 4330 512 4386 καὶ
545 4330 705 4405 ἔγγὺς
732 4336 832 4399 τῆς
859 4328 1074 4392 πόλεως
1111 4336 1213 4399 τῆς
1269 4328 1513 4405 μεγάλης
1561 4325 1937 4406 Περσθλάϐας,

282 4418 404 4487 ἥτις
434 4422 559 4493 εἶχε
586 4420 656 4473 τά
683 4422 790 4473 τῶν
822 4416 1157 4493 Βουλγάρων
1196 4416 1467 4492 βασίλεια,
1496 4418 1599 4487 τὴν
1644 4438 1938 4493 στρατοπε-

285 4505 423 4563 δείαν
453 4506 713 4578 ἐπήξατο.
748 4510 924 4565 Τοῦτο
976 4503 1259 4585 αἰφνιδίως
1306 4505 1601 4580 γενόμενον
1653 4505 1780 4568 τοὺς
1841 4507 1936 4579 μὲν

286 4596 491 4661 Σκόθας
518 4596 599 4659 εἷς
627 4592 876 4652 ἔκστασιν
903 4596 993 4650 καί
1041 4595 1353 4672 ἀμηχανίαν
1410 4590 1651 4667 ινὲϐαλε,
1684 4593 1936 4651 Καλόκυ-

284 4705 373 4761 ρος
404 4684 461 4741 δὲ
490 4686 520 4741 ὁ
544 4689 659 4741 τῶν
694 4683 976 4757 παρόντων
1007 4688 1184 4740 κακῶν
1219 4683 1581 4759 πρωτουργός
1609 4703 1669 4738 τε
1716 4684 1804 4738 καὶ
1857 4682 1937 4739 αἶ’-

280 4794 415 4842 τιος,
450 4772 597 4847 μηδὲ
624 4775 725 4841 τήν
755 4780 857 4843 τῆς
880 4770 1186 4849 σάλπιγγος
1218 4775 1369 4850 ἠχὴν
1402 4772 1755 4836 ἐνωτίσασθαι
1801 4792 1933 4847 καρ-

278 4867 508 4937 τερήσας
562 4858 747 4938 (ἔτυχε
788 4863 889 4938 γάρ
938 4862 1028 4917 καὶ
1083 4864 1240 4925 οὗτος
1300 4862 1471 4918 ἰκεῖσε
1527 4855 1930 4938 ἐνδιατρίϐων),

279 4950 492 5028 ἐπείπερ
563 4949 761 5026 ᾔσθετο
825 4952 919 5006 τὸν
993 4950 1221 5027 βασιλέα
1294 4951 1688 5027 παραγενέσθαι
1768 4950 1929 5005 αὐτὸν

281 5042 573 5118 αὐτουργὸν
626 5040 885 5114 ἰσόμενον
932 5037 1030 5096 τοῦ
1077 5037 1350 5113 πολέμου,
1382 5039 1558 5115 λάθρα
1602 5043 1700 5095 τοῦ
1745 5040 1933 5101 ἄστεος

283 5128 509 5193 ὑπεκδὺς
545 5130 687 5204 πρὸς
715 5131 815 5199 τὴν
844 5123 1205 5204 παρεμϐολὴν
1228 5126 1611 5204 ἀποδιδράσκει
1641 5132 1749 5184 τῶν
1774 5129 1928 5193 Ῥώς.

277 5221 368 5275 Ὃν
400 5218 607 5281 ἲδόντες
657 5219 829 5290 οὗτοι,
869 5220 957 5273 καὶ
1006 5219 1107 5286 τήν
1156 5219 1253 5272 τοῦ
1301 5216 1569 5291 βασιλέως
1622 5218 1930 5289 πυθὸμενοι

2051 4066 2474 4129 rcrum,castra
2505 4062 2781 4133 ponit.Ea
2814 4063 3013 4118 subita
3047 4079 3138 4117 res
3168 4062 3398 4133 Scythis
3423 4066 3704 4118 terrorem

2050 4158 2475 4224 stuporemque
2506 4152 2662 4207 394
2690 4150 2980 4219 incussit;
3013 4156 3072 4207 et
3102 4150 3416 4223 Calocyrus
3449 4168 3707 4224 praesen-

2048 4242 2197 4298 tium
2229 4240 2517 4297 malorum
2552 4240 2880 4313 auctor,qui
2918 4244 3041 4296 tum
3075 4257 3143 4296 ea
3174 4241 3232 4296 in
3266 4241 3407 4296 urbe
3438 4241 3704 4313 degebat,

2049 4347 2123 4386 ne
2181 4330 2440 4386 sonitum
2512 4330 2747 4401 quidem
2822 4328 2979 4384 tubas
3040 4328 3315 4385 exaudire
3380 4330 3707 4399 sustinens,

2048 4419 2279 4491 cognito
2308 4418 2507 4490 ipsum
2534 4418 2949 4491 imperatorem
2983 4420 3053 4474 ad
3082 4434 3203 4473 rem
3253 4420 3569 4490 gerendam
3598 4419 3703 4476 ad-

2046 4524 2197 4578 esse,
2248 4508 2451 4564 furtim
2499 4508 2645 4564 urbe
2714 4508 2950 4581 elapsus
3011 4508 3069 4563 in
3139 4512 3331 4564 castra
3377 4508 3703 4563 Rossorum

2043 4598 2223 4655 venit.
2258 4599 2333 4653 Eo
2364 4598 2489 4653 viso
2536 4598 2759 4665 Rossis,
2810 4602 2867 4653 et
2898 4598 2970 4653 de
3025 4597 3275 4652 adventu
3329 4596 3703 4668 imperatoris

2045 4687 2321 4745 certiores
2349 4687 2777 4757 redditis,haud
2805 4686 3117 4744 mediocris
3141 4684 3347 4741 incidit
3367 4684 3699 4757 trepidatio.

2044 4778 2266 4832 Tamen
2310 4775 2822 4847 Sphendosthlaho
2872 4774 3079 4831 multis
3124 4790 3222 4831 eos
3275 4774 3598 4841 cohortato,
3647 4776 3703 4830 et

2043 4882 2165 4935 quae
2198 4880 2457 4936 praesens
2489 4880 2683 4919 rerum
2718 4867 2909 4920 status
2954 4863 3288 4935 requirebat
3334 4862 3699 4933 concionato,

2044 4953 2261 5010 animis
2294 4953 2544 5025 receptis
2574 4954 2646 5008 ad
2681 4953 2883 5008 urbem
2918 4955 3206 5009 accedunt
3257 4957 3316 5009 et
3363 4958 3555 5009 castra
3585 4953 3703 5009 Ro-

2043 5059 2356 5099 manorum
2392 5042 2601 5098 castris
2633 5046 2961 5113 opponunt,
2994 5041 3233 5097 Interim
3267 5042 3557 5098 exercitus
3588 5041 3705 5097 im-

2043 5131 2328 5205 peratoris
2361 5131 2421 5186 in
2454 5130 2784 5203 planitiem,
2832 5146 2957 5202 quae
2994 5136 3122 5187 erat
3174 5134 3309 5186 ante
3356 5130 3583 5199 urbem,
3612 5146 3705 5186 se-

2041 5223 2349 5276 cont’erens
2383 5220 2440 5274 in
2483 5219 2684 5275 hostes
2731 5218 2877 5274 nihil
2927 5236 3172 5293 prorsus
3222 5217 3338 5275 tale
3389 5224 3700 5291 sperantes

279 5308 473 5384 ἇφιξιν,
504 5308 561 5371 ὶς
588 5310 840 5384 ταραχήν
872 5306 932 5361 οὗ
965 5306 1182 5382 μετρίαν
1226 5305 1533 5378 ἐνέπιπτον,
1567 5301 1933 5370 ἀναλαϐόντες

2053 5309 2241 5365 subito
2277 5308 2487 5363 incidit
2518 5326 2530 5364 :
2565 5307 2605 5363 ii
2636 5311 2802 5364 erant
2830 5309 2864 5363 8
2914 5308 3174 5363 virorum
3220 5307 3411 5363 millia
3440 5313 3497 5363 et
3526 5308 3704 5381 quin-

279 5394 325 5450 δ’
351 5398 503 5469 ὅμως
534 5396 783 5465 ἑαυτοὺς,
817 5400 915 5450 τοῦ
953 5389 1406 5473 Σφενδοσθλάϐου
1457 5392 1649 5450 πολλᾶ
1696 5416 1942 5472 παραινε-

275 5487 400 5539 τικᾶ
448 5485 673 5560 ῥήματα
717 5486 802 5540 καὶ
852 5488 933 5557 τῷ
989 5488 1165 5559 καιρῷ
1230 5480 1723 5558 δημηγορήσαντος
1772 5484 1941 5559 πρόσ-

277 5594 438 5650 φορα,
498 5576 854 5653 ἀφικνοῦνται
913 5573 1001 5629 καὶ
1081 5570 1748 5648 παραστρατοπεδεύονται
1823 5579 1942 5635 τοῖς

274 5663 591 5737 Ῥωμαίοις.
626 5662 773 5725 Τέως
826 5660 886 5719 δὶ
926 5663 990 5718 τὸ
1036 5661 1195 5718 συνὸν
1235 5666 1314 5733 τῷ
1367 5660 1583 5739 βασιλεῖ
1630 5662 1940 5738 στράτευμα

2055 5397 2418 5469 genti,extra
2450 5397 2654 5453 urbem
2685 5395 2745 5450 in
2790 5396 2971 5452 armis
3018 5413 3147 5453 sese
3194 5402 3547 5455 exercentes.
3596 5397 3705 5463 Qui

2054 5502 2184 5540 cum
2200 5484 2634 5557 aliquantulum
2650 5485 3481 5558 restitissent,moxdefatigati
3504 5487 3701 5558 fugam

2051 5576 2334 5642 fecerunt,
2367 5578 2423 5630 et
2454 5574 2669 5646 partim
2702 5573 3012 5647 ingloriam
3038 5576 3409 5648 oppetierunt
3430 5578 3702 5640 mortem,

2051 5664 2269 5737 partim
2307 5663 2366 5721 in
2418 5663 2624 5722 urbem
2675 5668 3005 5724 evaserunt.
3056 5670 3207 5724 Dum
3254 5663 3375 5722 hinc
3417 5664 3705 5735 geruntur
