4004 6208
259 327 378 389 127

1593 329 1910 391 GEORGII
1958 329 2297 392 CEDRENI

3553 324 3670 385 128

257 460 482 535 Scytha
513 459 614 534 qui
644 460 802 518 intra
831 461 1049 518 mcsnfa
1078 461 1590 534 erant,sentientes
1623 463 1915 519 Romanos

2038 463 2106 525 εἰς
2128 463 2190 517 τὸ
2220 464 2325 538 πρὸ
2354 469 2453 534 τῆς
2501 461 2717 523 πόλεως
2772 455 2956 515 πεδίον
3008 456 3435 533 παραγενόμενοι
3491 437 3672 531 alcm-

258 568 326 607 ex
353 551 673 623 improviso
706 550 948 607 irruisse
979 556 1036 606 et
1076 568 1210 607 cum
1260 553 1386 608 suis
1429 569 1673 607 manum
1705 559 1914 608 contu-

263 641 422 707 lisse,
479 641 674 696 subito
724 645 789 696 ut
841 639 1059 712 quique
1107 657 1280 696 casus
1334 658 1631 697 armorum
1695 641 1919 714 aliquid

261 730 540 786 oll‘erebat
567 729 858 797 instructi,
893 731 1034 785 urbe
1060 746 1121 785 se
1152 731 1223 784 ad
1256 731 1562 785 ferendum
1595 730 1723 786 suis
1755 731 1919 786 auxi-

261 819 408 874 lium
441 819 798 887 effundunt;
846 819 1061 890 quibus
1113 820 1502 891 incomposito
1549 821 1920 876 venientibus

263 910 498 980 agmine
520 920 889 966 occurrentes
910 911 1158 966 Romani
1185 927 1459 982 magnam
1493 913 1678 967 edunt
1700 914 1915 967 caedem

262 1005 320 1054 et
360 1001 593 1055 barbari
627 1018 698 1056 ne
727 1000 1160 1072 aliquantulum
1193 1002 1431 1072 quidem
1457 1003 1606 1058 395
1646 1001 1920 1057 resistere

263 1089 524 1144 valentes
571 1092 712 1144 dant
773 1093 954 1161 terga.
1022 1090 1134 1144 Sed
1200 1090 1340 1161 quia
1387 1092 1635 1146 Romani
1695 1092 1920 1160 equites

265 1180 459 1235 citatis
490 1179 659 1249 equis
690 1179 844 1234 viam
877 1180 936 1233 in
971 1182 1170 1235 urbem
1205 1180 1516 1235 ducentem
1569 1185 1923 1252 occuparant

266 1273 442 1339 atque
473 1268 832 1336 insederant,
867 1268 1004 1340 fuga
1035 1284 1137 1340 per
1166 1285 1404 1340 campos
1439 1269 1705 1340 palantes
1748 1275 1922 1339 atque

265 1356 613 1428 deprehensi
646 1358 1014 1412 occiduntur.
1050 1358 1252 1429 Itaque
1282 1363 1338 1413 et
1383 1359 1770 1414 cadaveribus
1802 1363 1923 1413 tota

263 1445 541 1517 planities
571 1451 871 1502 constrata
901 1451 992 1502 est
1022 1451 1079 1503 et
1133 1447 1429 1502 innumeri
1461 1448 1636 1519 capti.
1669 1447 1923 1503 Proinde

265 1535 638 1606 Sphagellus,
672 1537 842 1605 cujus
874 1540 1007 1606 post
1054 1535 1638 1608 Sphendosthlabum
1688 1554 1923 1593 summa

264 1628 388 1680 erat
416 1625 570 1679 inter
597 1623 843 1695 Scythas
873 1625 1215 1695 auctoritas,
1248 1626 1659 1681 Perstblabani
1702 1626 1919 1682 exerci-

264 1717 364 1768 tus
397 1713 726 1783 praefectus,
751 1713 877 1784 jam
913 1713 985 1768 de
1015 1713 1146 1784 ipsa
1184 1715 1327 1769 urbe
1359 1715 1662 1770 retinenda
1712 1715 1923 1772 anxius

265 1807 467 1873 portas
499 1800 723 1856 claudit
753 1819 818 1858 ac
868 1802 1130 1858 vectibus
1180 1803 1424 1872 objectis
1477 1805 1695 1874 munit,
1745 1810 1804 1860 et
1851 1806 1922 1861 de

268 1906 438 1945 muro
469 1890 664 1947 omnis
690 1891 926 1963 generis
956 1892 1278 1948 missilibus
1310 1909 1376 1948 ac
1409 1894 1566 1949 saxis
1603 1894 1923 1950 subeuntes

265 1980 558 2037 Romanos
624 1987 805 2040 arcet.
866 1983 990 2038 Nox
1050 1983 1254 2039 oborta
1319 1984 1685 2040 obsidionem
1730 1984 1919 2042 solvit.

262 2069 547 2125 Postridie
580 2071 772 2142 prima
798 2071 926 2126 luce
956 2088 1170 2143 praeses
1198 2072 1453 2128 Basilius
1508 2091 1641 2129 cum
1680 2074 1923 2145 reliquis

262 2159 451 2231 copiis
485 2160 693 2229 adfuit,
749 2162 918 2230 cujus
971 2162 1259 2217 adventus
1309 2179 1592 2235 magnum
1640 2164 1923 2234 gaudium

264 2247 607 2318 imperatori
641 2248 876 2320 attulit;
910 2253 966 2305 et
986 2249 1195 2305 collem
1216 2252 1536 2322 quamdam
1561 2252 1923 2321 conscendit,

272 2341 339 2392 ut
369 2337 597 2409 Scythis
647 2342 801 2393 esset
849 2338 1224 2409 conspicuus.
1280 2339 1519 2394 Interim
1570 2341 1746 2411 copiae
1777 2341 1930 2396 inter

273 2440 334 2481 se
365 2427 690 2497 conjuncta:
726 2427 930 2482 urbem
970 2429 1234 2499 cingunt.
1287 2429 1486 2484 Multis
1535 2429 1764 2485 hortato
1796 2431 1928 2485 bar-

272 2516 448 2570 baros
481 2515 836 2587 imperatore
873 2522 935 2571 ut
963 2517 1034 2572 ab
1068 2517 1296 2588 incepto
1346 2518 1697 2573 desisterent
1741 2535 1931 2590 neque

274 2605 386 2660 sibi
416 2604 560 2676 ipsis
591 2604 750 2660 exitii
783 2622 962 2661 causa
992 2611 1210 2670 essent,
1244 2622 1379 2661 cum
1412 2606 1560 2662 nihil
1619 2608 1931 2678 proficere-

273 2699 390 2763 tur,
423 2693 668 2750 Romani
692 2695 858 2765 justa
902 2695 1125 2750 incensi
1160 2696 1246 2749 ira
1295 2697 1793 2766 oppugnationem
1825 2713 1929 2766 ag-

272 2783 458 2854 gressi
491 2783 726 2854 sagittis
758 2799 1065 2838 murorum
1100 2784 1436 2839 defensores
1465 2785 1928 2857 abigunt,ecalas

275 2871 462 2928 muris
490 2878 834 2944 opponunt;
869 2877 926 2928 et
949 2872 1188 2943 quidam
1211 2873 1517 2928 animosus
1540 2874 1707 2930 miles
1728 2875 1929 2931 dextra

269 2959 530 3032 gladium
566 2965 795 3029 tenens,
825 2959 1083 3032 laevaque
1115 2966 1349 3017 scutum
1383 2962 1453 3018 ad
1486 2962 1695 3034 capitis
1730 2963 1927 3018 defen-

271 3049 498 3104 sionem
549 3047 768 3104 elatum
837 3052 1101 3121 gestans,
1155 3049 1381 3122 primus
1450 3067 1555 3122 per
1597 3052 1816 3108 scalam
1867 3053 1929 3109 in

271 3153 508 3194 murum
550 3139 762 3208 evadit,
808 3143 974 3194 scuto
1020 3139 1173 3194 ictus
1207 3139 1494 3196 amoliens
1547 3145 1605 3196 et
1653 3158 1790 3198 ense
1823 3143 1927 3198 ob-

2032 549 2162 614 δίως
2222 551 2392 627 μηδὶν
2447 549 2791 629 προσδοκῶσι
2840 555 2958 611 τοῖς
2999 545 3293 622 πολεμίοις
3323 545 3676 620 ἐμπίπτουσι,

2028 638 2508 716 καταλαμϐάνουσι
2543 639 2600 696 δὲ
2631 639 2731 712 ἔξω
2753 644 2955 715 τειχῶν
2982 639 3082 706 τὴν
3126 635 3377 692 ἐνόπλιον
3429 632 3674 690 παιδείαν

2030 732 2475 806 γυμναζομένους
2507 727 2703 806 ἄνδρας
2765 729 2839 791 εἱς
2901 725 3349 802 ὀκτακισχιλίους
3402 725 3490 780 καὶ
3544 746 3679 779 πεν-

2027 821 2317 883 τακοσίους
2376 819 2836 893 ἀριθμουμένους,
2898 815 3092 880 οἹτινες
3147 814 3232 871 ἐπὶ
3293 815 3493 889 χρόνον
3553 813 3678 868 τινὰ

2030 909 2400 984 ἀντισχόντες,
2462 910 2576 964 εἶτα
2634 907 3095 977 καταπονηθέντες
3161 902 3419 982 ἔφευγον·
3478 901 3566 957 καὶ
3626 903 3678 956 οἱ

2034 1000 2127 1071 μὲν
2161 998 2370 1061 ἀκλεῶς
2405 1000 2760 1073 ἀνῃρέθησαν,
2796 997 2849 1050 οἱ
2878 993 2936 1050 δὲ
2980 993 3057 1056 εἰς
3105 995 3202 1062 τήν
3251 991 3415 1047 πόλιν
3473 988 3679 1045 διασώ-

2034 1094 2230 1158 ζονται.
2262 1090 2346 1143 Ἐν
2381 1089 2426 1160 ᾧ
2459 1086 2515 1142 δὶ
2543 1091 2709 1142 ταῦτα
2740 1084 3056 1160 ἐπράττετο,
3079 1083 3130 1136 οἱ
3163 1077 3311 1136 ἔνδον
3373 1076 3522 1141 ὄντες
3576 1086 3678 1148 τῆς

2030 1176 2246 1240 πόλεως
2279 1179 2500 1250 Σκύθαι,
2532 1178 2630 1245 τὴν
2665 1174 2975 1250 ἀπρόοπτον
3033 1169 3312 1228 ἐπέλευσιν
3367 1168 3678 1242 αἰσθόμενοι

2028 1270 2135 1322 τῶν
2163 1269 2456 1341 Ῥωμαίων
2507 1265 2598 1321 καί
2651 1266 2751 1334 τὴν
2810 1265 2947 1340 πρὸς
3001 1261 3128 1324 τοὺς
3187 1260 3475 1339 σφετέρους
3537 1279 3678 1331 συμ-

2029 1356 2268 1429 πλοκὴν,
2299 1355 2522 1418 ἕκαστος
2577 1357 2652 1420 ὡς
2704 1356 2732 1410 ὁ
2787 1355 2977 1429 καιρὸς
3035 1349 3216 1407 ἐδίδου
3274 1351 3334 1404 τὸ
3365 1348 3676 1423 προστυχὸν

2033 1441 2401 1519 λαμϐάνοντες
2448 1444 2620 1500 ὅπλον
2671 1443 2888 1518 ἐξῄεσαν
2938 1441 3015 1504 εἷς
3078 1441 3355 1515 βοήθειαν.
3388 1437 3495 1500 Οὓς
3556 1458 3680 1491 συν-

2031 1540 2291 1600 αντῶντες
2347 1536 2399 1589 οἱ
2456 1539 2740 1608 Ῥωμαῖοι,
2800 1531 3126 1587 ἀσύντακτον
3199 1529 3288 1583 καὶ
3351 1526 3685 1599 διεσπασμέ-

2030 1646 2127 1695 νην
2159 1627 2258 1694 τὴν
2311 1623 2533 1698 πορείαν
2583 1627 2896 1691 ποιοῦντας,
2929 1617 3186 1678 ἔκτεινον.
3229 1618 3322 1673 Διὸ
3368 1613 3497 1692 μηδ’
3537 1615 3686 1671 ἀντι-

2031 1722 2185 1793 σχεῖν
2237 1716 2325 1771 καὶ
2386 1716 2474 1772 ἐπὶ
2538 1717 2731 1790 μικρὸν
2785 1715 2985 1790 χρόνον
3039 1710 3356 1783 δυνηθέντες
3407 1708 3691 1764 κΑίνουσιν

2032 1805 2108 1868 εἷς
2159 1807 2354 1883 φυγήν.
2409 1803 2846 1880 Προδραμόντων
2899 1800 2957 1858 δὲ
2995 1807 3102 1857 τῶν
3152 1799 3365 1856 ἱππέων
3411 1806 3513 1870 τῆς
3559 1800 3688 1856 Ῥω·

2037 1895 2209 1969 μαίων
2244 1894 2528 1970 φάλαγγος
2559 1896 2646 1949 καὶ
2683 1895 2780 1962 τὴν
2815 1891 2867 1955 ἐς
2890 1893 2992 1962 τήν
3034 1890 3196 1946 πόλιν
3249 1889 3506 1968 φέρουσαν
3561 1886 3685 1942 ἐπι-

2030 1985 2411 2060 τειχισάντων,
2467 1983 2562 2038 ἆνᾶ
2611 1987 2673 2039 τὸ
2723 1979 2906 2038 πεδίον
2953 1978 3332 2054 ἐσκεδασμένοι
3392 1976 3684 2056 φεύγοντες

2032 2073 2121 2128 καὶ
2189 2068 2738 2147 καταλαμϐανόμενοι
2815 2071 3136 2146 ἀνῃροῦντο,
3197 2069 3272 2132 ὡς
3348 2069 3555 2122 ἅπαντα
3617 2065 3688 2120 τὰ

2037 2161 2222 2235 ὁμαλὰ
2252 2161 2862 2239 πληρωθῆναινεκρῶν,
2898 2160 3136 2236 ζωγρίας
3194 2155 3254 2212 δὲ
3307 2153 3512 2211 ἁλῶναι
3563 2155 3687 2229 ἀρι-

2038 2253 2178 2325 θμοῦ
2209 2251 2504 2325 κρείττους.
2543 2249 2865 2328 Σφάγελλος
2898 2247 2954 2304 δὶ
2993 2251 3020 2304 ὁ
3056 2249 3236 2318 πάσης
3291 2253 3392 2316 τῆς
3450 2243 3502 2299 ἐν
3549 2250 3689 2320 Περ-

2039 2336 2249 2413 σθλάϐᾳ
2308 2347 2559 2416 στρατιᾶς
2609 2341 2970 2416 ἐξηγούμενος
3003 2336 3270 2411 (ἐτάττετο
3329 2333 3386 2390 δὶ
3443 2331 3695 2409 δεύτερος

2042 2432 2176 2504 μετὰ
2203 2432 2294 2486 τὸν
2330 2423 2783 2509 Σφενδοσθλάϐον
2816 2428 2866 2482 έν
2897 2426 3173 2499 Σκύθαις),
3205 2425 3295 2480 καὶ
3324 2422 3447 2498 περὶ
3494 2423 3692 2493 αὐτῆς,

2039 2519 2113 2581 ὡς
2144 2519 2308 2591 εἷ’κὸς,
2343 2516 2522 2582 δείσας
2550 2525 2650 2588 τῆς
2699 2515 2940 2585 πόλεως,
2971 2515 3066 2575 τὰς
3126 2513 3303 2577 πύλας
3359 2509 3694 2571 ἀποκλείσας

2037 2608 2127 2662 καὶ
2183 2607 2422 2683 μοχλοῖς
2481 2604 2975 2685 έξασφαλισάμενος
3043 2601 3242 2657 ἄνεισιν
3316 2600 3389 2663 εἷς
3453 2601 3513 2654 τὸ
3577 2604 3693 2654 τεῖ-

2039 2717 2161 2773 χος,
2205 2699 2288 2770 [Ρ·
2321 2699 2447 2770 673]
2500 2696 2588 2751 καὶ
2638 2693 2917 2756 παντοίοις
2971 2690 3152 2769 βέλεσι
3200 2691 3289 2746 καὶ
3340 2689 3515 2754 λίθοις
3560 2687 3692 2750 τοὺς

2040 2785 2289 2847 ἐπιόντας
2322 2786 2628 2858 Ῥωμαίους
2681 2783 2944 2857 ἠμύνετο.
2977 2781 3082 2853 Νὺξ
3146 2781 3240 2854 μὶν
3301 2776 3390 2834 οὖν
3446 2777 3690 2854 ἐπιγενο-

2043 2873 2177 2949 μένη
2239 2871 2453 2928 διέλυσε
2507 2875 2607 2943 τὴν
2666 2870 3015 2949 πολιορκίαν,
3045 2868 3209 2926 ἕωθεν
3259 2867 3317 2923 δὶ
3365 2870 3392 2924 ὁ
3423 2865 3692 2942 πρόεδρος

2039 2961 2325 3025 Βασίλειος
2354 2963 2590 3038 ἀνεφάνη
2655 2963 2789 3036 μετὰ
2846 2965 2942 3016 τοῦ
2998 2961 3226 3016 κατόπιν
3280 2959 3483 3019 παντὸς
3539 2955 3688 3026 πλή-

2040 3063 2184 3118 θους·
2217 3053 2368 3107 καὶὸ
2432 3051 2688 3127 βασιλεὺς
2745 3054 2814 3124 τῇ
2873 3049 3067 3105 τούτου
3118 3046 3325 3104 ἐλεύσει
3381 3045 3692 3122 περιχαρὴς

2038 3143 2330 3218 γενόμενος
2363 3138 2558 3196 ἄνεισιν
2619 3140 2704 3193 έπί
2755 3159 2902 3201 τινος
2962 3135 3272 3213 γεωλόφου,
3303 3135 3380 3198 ὡς
3432 3133 3516 3206 εἴη
3574 3139 3692 3195 τοῖς

269 3231 496 3282 stantes
519 3243 746 3297 arcens,
766 3227 964 3299 itaque
979 3245 1082 3300 per
1106 3228 1550 3300 propugnacula
1580 3232 1926 3298 ascendens,

2042 3214 2273 3295 Σκύθαις
2333 3230 2669 3306 καταφανὴς,
2718 3227 2785 3282 τὰ
2844 3225 2901 3282 δὲ
2949 3225 3137 3297 πλήθη
3185 3225 3240 3288 ἐς
3288 3223 3452 3280 ταυτὸ
3501 3221 3691 3278 συνελ-

267 3316 569 3387 dissipatis
602 3316 703 3388 qui
735 3316 815 3372 ibi
845 3322 1013 3373 erant
1042 3316 1334 3384 hostibus,
1385 3319 1511 3374 suis
1545 3326 1739 3375 tutum
1769 3322 1923 3376 muri

268 3404 703 3461 conscendendi
737 3404 929 3461 locum
974 3407 1128 3462 896
1158 3407 1396 3477 praebet.
1449 3411 1616 3463 Hunc
1666 3408 1762 3463 alii
1795 3413 1926 3480 post

268 3494 417 3549 alios
469 3494 800 3562 imitantur,
867 3511 1120 3566 cumque
1181 3495 1290 3551 hoc
1360 3497 1532 3552 modo
1595 3498 1926 3569 complures

269 3599 508 3638 murum
532 3585 659 3654 jam
691 3588 979 3651 tenerent,
1014 3599 1196 3639 cuneo
1225 3585 1374 3640 facto
1397 3584 1644 3656 Scythas
1678 3586 1927 3655 pellunt,

269 3673 428 3744 iique
460 3688 522 3727 se
553 3672 624 3727 de
656 3672 841 3728 muris
873 3677 1057 3742 agunt
1085 3673 1430 3744 principites.
1483 3673 1629 3728 Aliis
1701 3691 1929 3746 quoque

270 3759 520 3816 diversis
572 3759 718 3816 locis
769 3759 937 3815 multi
988 3759 1208 3832 priores
1258 3759 1474 3816 imitati
1514 3778 1616 3832 per
1647 3763 1835 3818 scalas
1867 3764 1928 3818 in

274 3864 509 3903 murum
535 3849 956 3905 succedunt.Et
979 3849 1210 3921 Scythis
1232 3849 1664 3921 trepidantibus
1688 3853 1930 3924 quidam

273 3937 518 3991 Romani
554 3937 720 3993 hoste
751 3955 866 3992 non
907 3939 1408 3994 animadvertente
1435 3940 1506 3995 ad
1541 3946 1740 4011 portas
1773 3941 1933 3997 nullo

273 4025 505 4097 negotio
537 4026 1106 4099 perveniunt,iisque
1131 4029 1351 4100 apertis
1383 4033 1569 4084 totum
1606 4030 1936 4087 immittunt

275 4114 617 4170 exercitum.
679 4121 799 4172 Hoc
868 4117 1040 4173 modo
1113 4117 1257 4173 urbe
1333 4122 1522 4190 capta,
1581 4120 1802 4192 Scytha:
1836 4138 1938 4192 per

276 4205 586 4276 angiporta
635 4205 1012 4277 diﬂ‘ugientes
1076 4206 1429 4278 deprehensi
1492 4208 1932 4278 interimuntur,

278 4293 556 4350 mulieres
585 4299 642 4350 et
675 4293 839 4366 pueri
870 4294 1084 4367 captivi
1113 4296 1429 4352 ducuntur.
1457 4298 1696 4370 Capitur
1725 4302 1933 4354 etcum

279 4383 529 4455 conjuge
563 4387 618 4439 et
650 4383 853 4441 liberis
904 4385 1135 4440 Borises
1170 4386 1550 4458 Bulgarorum
1603 4403 1723 4457 rex,
1771 4389 1935 4461 regni

279 4471 536 4542 insignia
573 4472 764 4528 adhuc
795 4477 1054 4545 gestans,
1088 4479 1147 4528 et
1177 4474 1247 4529 ad
1298 4475 1712 4546 imperatorem
1746 4477 1936 4532 addu-

2039 3321 2201 3384 θόντα
2232 3318 2494 3374 ἐκύκλουν
2521 3319 2620 3386 τὴν
2652 3315 2838 3373 πόλιν.
2869 3317 2958 3379 Ὠς
3000 3314 3057 3371 δὶ
3080 3313 3267 3370 πολλὰ
3288 3312 3385 3370 τοῦ
3421 3311 3690 3390 βασιλέως

2034 3407 2479 3483 παρακαλοῦντος
2534 3405 2779 3462 ἐνδοῦναι
2831 3409 2931 3474 τῆς
2989 3405 3286 3466 ένστάσεως
3342 3403 3428 3459 καὶ
3484 3403 3559 3476 μή
3592 3399 3690 3476 ἄρ-

2037 3496 2141 3568 δην
2173 3494 2541 3564 ἀπολωλέναι,
2576 3496 2675 3551 οὐκ
2710 3494 2988 3551 ἐπείθοντο
3014 3493 3252 3550 κατιέναι
3299 3496 3396 3548 τοῦ
3444 3491 3690 3566 τείχους,

2039 3589 2215 3659 θυμοῦ
2267 3583 2478 3640 δικαίου
2532 3583 2863 3654 πλησθέντες
2912 3585 2963 3638 oi
3007 3585 3270 3655 Ῥωμαῖοι
3327 3580 3544 3657 εἷ’χοντο
3589 3586 3691 3648 τῆς

2038 3674 2386 3750 πολιορκίας,
2407 3675 2591 3744 τόξοις
2620 3695 2678 3728 τε
2706 3673 2836 3735 τοὺς
2870 3675 3064 3727 ἄνωθεν
3116 3669 3388 3747 εἷ’ργοντες
3431 3670 3517 3725 καὶ
3568 3668 3691 3723 κλί-

2043 3785 2215 3838 μακας
2242 3766 2358 3826 τοῖς
2393 3764 2600 3838 τείχεσι
2640 3759 3102 3838 προσερείδοντες.
3137 3759 3244 3816 Καί
3289 3782 3373 3824 τις
3422 3757 3692 3833 στρατιώ-

2039 3875 2140 3923 της
2183 3849 2460 3928 γεννάδας,
2497 3853 2647 3929 ξίφος
2691 3855 2759 3926 τῇ
2805 3850 2948 3922 δεξιᾷ
2995 3851 3238 3926 κατέχων
3295 3850 3385 3904 καὶ
3440 3852 3509 3921 τῇ
3563 3845 3694 3917 λαιᾷ

2044 3942 2240 3998 ἄνωθεν
2293 3949 2392 4010 τῆς
2449 3939 2695 4017 κεφαλῆς
2760 3942 2859 4009 τὴν
2938 3936 3136 3994 ἀσπίδα
3211 3932 3694 4014 προϐεϐλημένος,

2043 4039 2259 4107 πρῶτος
2313 4028 2402 4084 διὰ
2458 4036 2583 4102 μιᾶς
2641 4035 2748 4084 τῶν
2779 4027 3069 4102 κλιμάκων
3102 4026 3572 4104 ἀναῤῥιχώμενος,
3602 4022 3694 4078 καὶ

2041 4125 2110 4194 τῇ
2156 4121 2247 4193 μὶν
2284 4117 2468 4174 ἀσπίδι
2501 4119 2595 4181 τὰς
2631 4116 2798 4195 βολὰς
2830 4115 3294 4192 ἀποκρουόμενος,
3326 4120 3406 4187 τῷ
3445 4112 3503 4169 δὶ
3555 4113 3696 4189 ξίφει

2042 4210 2171 4272 τοὺς
2230 4209 2483 4270 ἐπιόντας
2540 4206 2628 4263 καὶ
2705 4205 3020 4268 κωλύοντας
3093 4205 3463 4279 ἀμυνόμενος,
3525 4202 3696 4257 ἄνεισι

2047 4296 2136 4354 διὰ
2191 4303 2299 4353 τῶν
2369 4295 2666 4369 ἐπάλξεων,
2724 4295 2818 4352 καῒ
2882 4295 3013 4358 τοὺς
3078 4293 3249 4350 ἐκεῖσε
3325 4296 3438 4367 (26)
3497 4290 3700 4353 πάντας

2046 4385 2399 4449 διασκεδάσας
2448 4384 2627 4442 ἄδειαν
2683 4383 2879 4441 ἀνόδου
2932 4389 3051 4446 τοῖς
3101 4385 3328 4438 κατόπιν
3365 4379 3694 4458 παρέσχετο’

2045 4477 2103 4531 ’ὸν
2159 4475 2538 4550 μιμησάμενος
2598 4473 2770 4538 ἄλλος
2817 4472 2906 4528 καί
2967 4471 3032 4527 αὖ
3108 4470 3279 4536 ἄλλος
3330 4471 3417 4526 καὶ
3489 4466 3700 4523 πολλοὶ

280 4560 450 4615 citur.
487 4561 589 4615 Cui
617 4576 679 4616 se
706 4561 1027 4633 imperator
1058 4562 1375 4618 admodum
1428 4563 1694 4620 exhibuit
1724 4564 1927 4621 huma-

2045 4563 2218 4641 ἓτεροι
2250 4564 2513 4634 ἀνῆλθον.
2547 4565 2649 4619 Καὶ
2691 4565 3066 4635 συνασπισμοῦ
3112 4559 3408 4638 γενομένου
3454 4559 3507 4613 οἱ
3557 4557 3700 4612 Σκύ-

279 4665 445 4716 num,
503 4666 699 4722 regem
778 4651 1164 4723 Bulgarorum
1227 4651 1550 4724 appellans,
1619 4670 1940 4727 omnesque

277 4738 536 4810 captivos
573 4739 857 4811 Bulgaros
887 4740 1066 4796 libere
1098 4758 1212 4812 quo
1244 4742 1494 4813 quisque
1542 4742 1704 4799 abire
1765 4744 1941 4800 vellet

2052 4657 2137 4709 θαι
2176 4653 2599 4730 κατισχυόμενοι
2645 4650 2867 4715 ἑαυτοὺς
2893 4650 2999 4706 ἀπὸ
3031 4655 3140 4706 τῶν
3171 4653 3373 4725 τειχῶν
3430 4648 3700 4723 κατεκρή-

2054 4748 2263 4816 μνιζον.
2297 4741 2511 4800 Πολλοὶ
2553 4739 2610 4798 δὶ
2637 4742 2728 4797 καὶ
2758 4742 3022 4815 Ῥωμαῖοι
3055 4740 3192 4794 κατὰ
3223 4737 3393 4809 ζῆλον
3427 4741 3534 4791 τῶν
3561 4755 3700 4810 προσ

1470 4859 1840 4916 XYLANDRI
1879 4862 1968 4917 ET
2004 4863 2216 4919 GOARI
2255 4863 2488 4918 NOTAE.

356 4955 470 5030 (726)
494 4955 808 5030 Librarius
847 4957 933 5030 in_
962 4956 1227 5030 margine
1275 4957 1396 5030 haec
1453 4959 1726 5030 ascripsit
1759 4977 1772 5014 :
1806 4966 1940 5030 Θαυ-

287 5023 626 5105 μιάζωιᾲείπερῳ
648 5025 747 5105 οὐκ
775 5027 841 5095 ἦν
872 5027 998 5105 τότε
1037 5023 1166 5105 τοῖς
1207 5023 1507 5105 βαρϐάροις
1558 5023 1688 5105 δόρυ
1747 5027 1937 5105 (ruga-

285 5094 401 5172 ρὸν,
437 5094 506 5152 δι’
565 5094 628 5172 οῦ
680 5094 1080 5154 τὸνντοιοῦτον
1137 5094 1215 5154 ἄν’
1259 5094 1536 5156 ἐκώλυσαν
1591 5094 1689 5172 τίῆς
1740 5099 1936 5158 ἀναϐά-

283 5170 631 5245 σεωςηουοά
667 5172 894 5245 videtur
921 5190 987 5228 eo
1021 5173 1328 5244 pertinere,
1380 5175 1519 5245 quia
1568 5170 1707 5231 sane
1738 5177 1937 5233 dilutae

283 5248 424 5297 sunt
452 5242 542 5320 liae
576 5243 978 5320 narrationes;
1014 5242 1070 5301 et
1097 5249 1264 5320 tanta
1288 5242 1545 5303 facinora
1591 5247 1935 5320 diligentius

283 5313 889 5392 per-circumstantias
921 5317 1308 5392 describenda
1339 5322 1497 5386 sunt,
1553 5337 1623 5374 ne
1657 5313 1937 5392 ﬁgmenta

284 5385 482 5512 Botius
514 5386 824 5442 videantur
853 5394 909 5443 et
936 5389 1188 5460 ineptias.
1225 5394 1364 5442 Nam
1399 5385 1540 5458 quin
1577 5385 1728 5462 sepe
1760 5395 1936 5448 unius

328 5456 541 5512 ominis
574 5459 760 5512 virtus
800 5464 1000 5512 contra
1049 5459 1267 5512 multos
1309 5459 1507 5512 hostes
1547 5463 1834 5512 subsistat
1871 5481 1936 5512 an

328 5456 541 5513 ominis
574 5459 760 5515 virtus
800 5464 1000 5515 contra
1035 5456 1267 5515 multos
1309 5456 1507 5517 hostes
1547 5456 1834 5520 subsistat
1871 5481 1936 5520 ao

282 5529 587 5595 vindicat.,
620 5548 736 5586 non
768 5537 859 5586 est
889 5530 1136 5587 dubium
1170 5530 1447 5588 historica
1477 5533 1732 5591 fide.Sed
1751 5552 1935 5593 unum

285 5601 544 5674 aliquem
576 5618 642 5674 eo
673 5603 848 5658 modo
878 5618 992 5674 quo
1023 5601 1118 5658 hic
1149 5602 1426 5674 scribitur
1454 5603 1513 5660 in
1546 5622 1782 5663 murum
1807 5625 1934 5664 eva-

285 5672 444 5740 dere,
476 5673 681 5731 multis
711 5672 966 5746 desuper
997 5673 1243 5733 armatis
1272 5675 1545 5735 hostibus
1573 5679 1933 5751 videntibus,

2048 4963 2276 5018 videtur
2303 4965 2408 5014 τῶν
2443 4957 2741 5014 ἀδυνάτων.
2785 4956 3153 5014 Nerissimile
3193 4960 3281 5013 est
3327 4955 3481 5028 quod
3515 4959 3698 5028 zona-

2047 5051 2173 5089 ram
2207 5034 2451 5090 innuero
2482 5036 2886 5116 apparet,eum
2913 5029 3038 5116 loco
3071 5026 3700 5116 aliquqdefensoribus

2045 5123 2228 5162 vacuo
2277 5099 3168 5180 murum'A'tenuisse,itemque
3188 5100 3400 5180 ﬁalios;
3453 5099 3589 5180 inde
3639 5099 3701 5180 in

2047 5190 2515 5249 propugnatores
2543 5175 2694 5249 facto
2717 5173 3041 5245 impetu,iis
3073 5170 3429 5249 proﬂigatis,
3453 5170 3702 5249 reliquis

2048 5241 2401 5304 ascendendi
2436 5246 2768 5303 facultatem
2803 5241 3092 5304 parasse.‘
3114 5241 3474 5299 Non'multo
3524 5241 3704 5298 artiﬁ-

2047 5322 2239 5376 ciosor
2268 5325 2356 5375 est
2386 5319 2537 5374 infra
2567 5319 2626 5373 in
2658 5316 2874 5373 Basilio
2906 5319 2976 5373 de
3007 5316 3201 5371 lbatza
3248 5318 3530 5371 excazcato
3563 5329 3703 5369 nar-

2047 5393 2217 5454 ratio,
2253 5391 2351 5446 ubi
2384 5389 2531 5446 tanti
2563 5390 2833 5445 facinoris
2866 5393 3067 5444 auctor
3097 5387 3285 5443 hostis
3325 5386 3517 5458 potuit
3547 5383 3700 5440 mul-

2043 5464 2358 5519 titudinem
2394 5460 2664 5518 hostilem
2696 5466 2984 5516 armatam
3008 5464 3065 5514 et
3113 5458 3456 5515 frementem
3485 5473 3699 5513 manu

2046 5542 2210 5590 motu
2243 5535 2447 5591 sedare
2476 5539 2533 5590 et
2563 5533 2824 5590 oratione
2850 5530 3218 5602 demitigare,
3253 5547 3378 5601 quae
3414 5545 3484 5586 ne
3516 5528 3701 5602 magi-

2047 5610 2302 5682 stratum
2359 5606 2599 5682 quidem
2653 5604 2834 5663 semel
2909 5601 3200 5661 concitata
3267 5600 3470 5661 audire
3525 5600 3696 5659 solet.

2043 5681 2190 5746 XYL,
