4004 6208
285 334 402 393 129

1418 329 1966 393 HISTORIARUM
2010 329 2563 395 COMPENDIUM.

3586 340 3707 401 £30

281 464 451 541 τὲρων
481 461 573 518 καὶ
626 462 679 517 ἐν
730 459 1015 541 διαφόροις
1059 462 1250 525 τόποις
1283 459 1372 517 διὰ
1394 458 1686 547 κλιμάκων
1720 456 1937 517 ἀνέϐαι-

2057 464 2421 537 permittens,
2449 483 2565 524 non
2611 467 2682 523 ad
2717 466 3079 540 subigendos
3129 471 3230 527 sed
3262 472 3333 528 ad
3367 472 3704 547 liberandos

285 575 376 608 νον
423 552 500 615 είς
556 553 617 607 τὸ
670 558 880 628 τεῖχος.
932 551 1034 609 Καὶ
1084 555 1189 606 τῶν
1244 556 1466 616 Σκυθῶν
1523 545 1940 627 θορυϐουμένων

2057 554 2333 627 Bulgaros
2367 555 2584 612 bellum
2618 574 2680 614 se
2712 559 2965 615 movisse
3000 560 3223 627 dicens,
3255 545 3539 637 solosque
3560 565 3704 621 Ros-

285 642 479 707 ἔλαθόν
537 662 675 706 τινες
718 641 963 717 ἀμογητὶ
1010 641 1147 717 πρὸς
1194 641 1289 703 τὰς
1342 640 1520 703 πύλας
1590 639 1787 713 ἰλθεῖν,
1848 642 1935 696 καὶ

2051 661 2148 701 sos
2174 662 2236 701 se
2266 644 2528 702 hostium
2558 646 2774 703 habere
2806 664 3073 705 numero.

282 732 479 793 ταύτας
534 732 959 795 ἀναπετάσαντες
1008 728 1226 806 εἰσῆγον
1254 730 1317 785 τὸ
1344 732 1668 807 στράτευμα.
1705 730 1803 784 Καὶ
1855 732 2056 786 τοῦτον
2104 733 2195 787 τὸν
2245 732 2446 807 τρόπον
2504 741 2604 804 τῆς
2660 733 2880 797 πόλεως
2940 734 3183 806 ἁλούσης
3242 738 3294 792 οἱ
3357 739 3450 811 μὲν
3506 741 3704 797 Σκόϐαι

288 822 383 876 άνὶ
411 821 540 883 τοὺς
589 820 897 884 στενωποὺς
944 820 1233 898 φεύγοντες
1288 821 1379 874 καὶ
1436 814 1991 894 καταλάμϐανόμενοι
2052 820 2371 897 ἀνῃροῦντο,
2432 830 2682 898 γυναῖκες
2740 822 2797 879 δὲ
2844 825 2934 880 καὶ
2985 823 3173 881 παιδία
3220 826 3703 903 ᾐχμαλωτίζοντο,

285 910 467 967 Ἑάλω
518 909 575 966 BI
620 911 709 965 καὶ
759 910 996 983 Βορίσης
1027 910 1054 965 ὁ
1088 908 1343 985 βασιλεὺς
1372 913 1481 963 τῶν
1531 907 1862 985 Βουλγάρων
1922 910 2036 983 ἅμα
2090 912 2303 987 γυναικὶ
2361 912 2451 967 καὶ
2509 912 2741 984 τέκνοις,
2788 912 2868 969 ἓτι
2918 914 2985 969 τά
3033 916 3333 991 παράσημα
3382 918 3562 994 φίρων
3608 920 3706 987 τῆς

290 1000 588 1076 βασιλείας,
645 1001 733 1055 καὶ
794 1000 871 1062 είς
932 998 1155 1076 βασιλέα
1213 1000 1465 1075 ἀπήχθη.
1525 998 1718 1071 Τούτῳ
1778 996 1834 1053 δὲ
1886 1000 1914 1054 ὁ
1978 998 2231 1074 βασιλεὺς
2290 999 2694 1079 φιλανθρώπως
2770 1005 3065 1079 ἱχρήσατο,
3128 1004 3287 1060 αὐτόν
3363 1027 3422 1061 τε
3480 1007 3707 1081 βασιλᾶα

288 1086 619 1164 Βουλγάρων
672 1087 989 1160 ἀποκαλῶν,
1046 1086 1133 1142 καὶ
1195 1088 1398 1149 πάντας
1454 1086 1580 1149 τοὺς
1641 1085 2038 1161 ἁλισκομένους
2114 1086 2463 1167 Βουλγάρους
2534 1091 2757 1154 ἀνέτους
2830 1092 3008 1169 ἀφιεὶς
3064 1093 3155 1147 καὶ
3224 1092 3540 1169 ἐλευθέρους
3597 1094 3706 1166 δπη

286 1178 377 1231 καὶ
439 1177 732 1251 βοόλοιντο
789 1179 1025 1245 ἀπιέναι,
1085 1176 1185 1231 οὐκ
1240 1175 1327 1231 ἰπὶ
1379 1173 1604 1247 δουλείᾳ
1657 1175 1873 1254 φάσκων
1933 1176 2276 1253 Βουλγάρων,
2338 1178 2465 1235 ἀλλ’
2515 1178 2602 1236 ἐπ’
2646 1179 2925 1258 ἐλευθερίᾳ
2976 1179 3190 1256 μᾶλλον
3251 1183 3706 1257 ἀφίξεσθαι,Ῥὼς

290 1264 345 1321 δὲ
378 1268 577 1338 μόνους
610 1266 889 1341 γινώσκειν
924 1265 1152 1341 ἐχθροὺς
1180 1265 1268 1320 καὶ
1299 1264 1515 1327 τούτοις
1548 1273 1788 1341 χρῆσθαι
1817 1267 1891 1329 ὡς
1922 1270 2242 1341 πολεμίοις.

358 1356 426 1413 Οἱ
457 1353 516 1410 δὶ
545 1360 655 1410 τῶν
691 1357 909 1409 Σκυθῶν
963 1354 1319 1431 γενναιότεροι
1370 1353 1641 1429 όχῦρωμά
1680 1376 1729 1407 τι
1763 1376 1944 1409 κατει-

288 1444 527 1523 ληῳότες
560 1444 711 1506 ἐντὸς
758 1449 869 1499 τῶν
917 1447 1016 1509 τῆς
1063 1443 1278 1505 πόλεως
1328 1442 1645 1519 βασιλείων,
1691 1444 1943 1499 ὀκτακισ-

287 1532 471 1610 χῖλιοι
501 1534 596 1588 τὸν
645 1532 898 1609 ἀριθμὸν,
938 1532 1027 1587 ἐπί
1072 1554 1194 1587 τινα
1241 1533 1441 1608 χρόνον
1495 1530 1805 1601 ἐλάνθανον,
1854 1534 1941 1588 καὶ

286 1621 540 1684 πολλοὺς
566 1627 676 1677 τῶν
719 1623 838 1686 καθ’
891 1621 1131 1696 ἱστορίαν
1184 1621 1356 1676 ἐκεῖσε
1406 1622 1712 1697 γενομένων
1754 1622 1791 1693 ἢ
1824 1621 1947 1676 σκύ-

289 1712 407 1768 λων
482 1712 733 1788 ἁρπαγὴν
810 1711 1137 1789 άσυμφανῶς
1212 1715 1535 1786 κρατοῦντες
1610 1709 1943 1768 ἀπέκτεινον.

288 1804 369 1861 Οὗ
400 1802 741 1879 γνωσθέντος
769 1807 850 1875 τῷ
886 1800 1102 1877 βασιλεῖ
1150 1803 1373 1877 στρατὸς
1420 1801 1505 1857 tn’
1536 1801 1731 1866 αὐτοὺς
1762 1800 1945 1858 ἱστίλ-

291 1892 421 1949 λετο
470 1892 796 1967 ἀξιόμαχος.
843 1892 1124 1967 Ὀκνηρῶς
1176 1889 1233 1945 δὲ
1282 1892 1432 1965 εἶχον
1478 1890 1531 1946 οἱ
1575 1890 1944 1964 πεμπόμενοι,

288 1984 380 2037 καὶ
454 1989 559 2051 τῆς
632 1980 958 2055 πολιορκίας
1035 1976 1280 2035 ἰδειλίων
1355 1980 1770 2055 ἀποπειρᾶσθαι,
1849 1978 2024 2069 οὔκΒ

287 2069 483 2140 ἕπειδή
534 2070 664 2134 τοὺς
720 2070 855 2132 Ῥὼς
911 2064 1227 2147 ἐφοϐοῦντο,
1287 2066 1415 2124 ἀλλ’
1471 2067 1659 2139 ἐπειδὴ
1711 2070 1739 2123 ὁ
1777 2068 1946 2132 τόπος

286 2161 497 2237 ὀχυρὸς
542 2162 612 2229 ἦν
664 2159 756 2214 καὶ
804 2157 1108 2220 ἀνάλωτος.
1159 2161 1242 2233 [Ρ.
1289 2160 1417 2232 674]
1464 2158 1560 2212 Καὶ
1612 2162 1772 2213 τοῦτο
1818 2156 1875 2213 δὲ
1914 2159 1944 2213 ὁ

288 2249 549 2327 βασιλεὺς
601 2248 843 2324 εὐχερῶς
919 2245 1229 2319 διελύσατο,
1288 2247 1355 2302 τὰ
1412 2246 1561 2302 ὅπλά
1618 2246 1801 2302 λαϐὼν
1854 2247 1944 2302 καὶ

282 2338 450 2409 πεζὸς
482 2337 787 2414 ἔμπροσθεν
836 2341 946 2392 τῶν
998 2335 1183 2392 ἄλλων
1232 2336 1733 2411 προπορευόμενος·
1780 2340 1943 2390 τοῦτο

279 2432 384 2507 γάρ
417 2427 627 2491 ἰδόντες
660 2429 715 2483 οἱ
763 2432 1088 2503 στρατιῶται
1142 2426 1330 2501 ἀθρόοι
1381 2426 1446 2481 τά
1495 2424 1641 2481 ὅπλα
1683 2420 1943 2489 λαϐόντες

282 2517 460 2591 ἔθεον,
513 2516 736 2579 ἕκαστος
782 2518 876 2573 τὸν
933 2514 1160 2593 βασιλᾶα
1214 2510 1513 2590 προλαϐεῖν
1574 2514 1943 2590 ἐπειγόμενοι,

284 2610 377 2664 καὶ
413 2608 549 2681 μετᾶ
586 2609 719 2681 βοῆς
747 2607 836 2662 καὶ
869 2604 1199 2680 ἀλαλαγμοῦ
1241 2610 1322 2678 τῷ
1370 2606 1615 2681 φρουρίῳ
1658 2600 1945 2681 προσϐάλ-

287 2698 502 2753 λουσιν
535 2697 819 2769 Ἐκθῦμως
852 2693 911 2752 δὲ
938 2701 1045 2751 τῶν
1089 2696 1229 2757 Ῥὼς
1280 2694 1661 2767 ὑπομενόντων
1710 2695 1811 2763 τὴν
1842 2716 1945 2750 πο·

286 2786 563 2862 λιορκίαν,
595 2790 703 2862 πῦρ
735 2785 813 2849 εἰς
843 2782 1032 2841 πολλὰ
1076 2786 1216 2860 μέρη
1272 2785 1592 2862 ὑφάψαντες,
1628 2782 1771 2839 οὕτω
1817 2782 1947 2848 τοὺς

286 2876 713 2948 ἀνθισταμένους
790 2873 1257 2949 κατηγωνίσαντο·
1344 2872 1420 2947 μὴ
1497 2873 1775 2947 στέγοντες
1842 2873 1942 2947 γάρ

282 2967 384 3034 τὴν
435 2969 532 3020 τοῦ
587 2964 759 3039 πυρὸς
810 2961 1039 3035 δύναμιν
1087 2962 1176 3018 καὶ
1235 2963 1334 3032 τὴν
1387 2963 1698 3035 Ῥωμαϊκὴν
1759 2966 1942 3038 χεῖρα,

283 3050 518 3117 ἴκαστος
603 3052 794 3108 ἑαυτὸν
874 3051 1270 3125 κρημνίζοντες
1346 3048 1767 3125 ἀπεδίδρασκον·
1853 3049 1943 3105 καὶ

283 3140 495 3198 πολλοὶ
530 3142 624 3215 μὶν
658 3138 945 3212 άνήλωντο
993 3145 1071 3213 τῷ
1119 3140 1274 3217 πυρὶ,
1305 3139 1510 3196 πολλοὶ
1551 3138 1608 3195 δὲ
1637 3140 1943 3215 κρημνιζό-

288 3254 446 3306 μενοι
523 3230 834 3301 ἀπώλοντο,
906 3228 1033 3292 τοὺς
1111 3227 1169 3285 δὶ
1236 3228 1465 3291 λοιποὺς
1537 3230 1784 3304 μάχαιρα
1852 3228 1942 3283 καὶ

281 3318 656 3397 αἶχμαλωσία
686 3316 1010 3389 διεδέξαντο.
1040 3320 1135 3374 Καὶ
1168 3322 1203 3389 ἡ
1238 3319 1332 3391 μὶν
1364 3318 1529 3381 πόλις
1558 3323 1747 3373 τοῦτον
1792 3317 1940 3372 ἑάλω

279 3412 373 3465 τὸν
407 3411 636 3484 τρόπον,
667 3428 722 3470 ςν
772 3405 922 3462 δυσὶν
981 3406 1137 3471 ὅλαις
1182 3408 1417 3482 ἡμέραις
1475 3409 1549 3481 μὴ
1581 3407 1932 3482 ἀντισχοῦσα·

2126 1358 2367 1415 Interim
2398 1359 2750 1431 Scytharum
2802 1362 3189 1419 animosiores
3237 1362 3308 1418 ad
3360 1367 3487 1419 octo
3522 1363 3710 1421 millia

2053 1446 2249 1503 locum
2284 1448 2341 1502 in
2376 1450 2535 1521 regia
2564 1450 2861 1506 munitum
2890 1456 3198 1523 occupant,
3223 1452 3421 1524 ibique
3442 1453 3708 1525 aliquan-

2056 1536 2154 1591 diu
2189 1536 2393 1602 latent,
2426 1554 2491 1593 ac
2540 1538 2760 1595 multos
2810 1540 2913 1610 qui
2961 1539 3073 1595 loci
3124 1541 3559 1612 contemplandi
3606 1548 3709 1597 aut

2056 1626 2379 1697 spoliorum
2429 1644 2609 1683 causa
2654 1644 2721 1684 eo
2766 1629 3127 1697 accederent,
3178 1630 3403 1686 occulte
3443 1636 3709 1703 arreptos

2056 1714 2439 1771 interﬁciunt.
2478 1716 2803 1789 Imperator
2824 1733 2885 1774 re
2914 1717 3150 1789 cognita
3170 1718 3489 1773 exercitum
3512 1719 3713 1775 adver-

2056 1820 2158 1859 sus
2189 1820 2288 1860 eos
2329 1804 2534 1860 mittit.
2581 1805 2690 1870 Qui
2734 1821 2866 1861 cum
2900 1805 3097 1862 animo
3132 1805 3438 1878 langueret
3468 1808 3616 1863 891
3654 1811 3713 1865 et

2054 1892 2546 1964 oppugnationem
2581 1898 2807 1950 tentare
2857 1910 2973 1950 non
3004 1895 3268 1961 auderet,
3302 1912 3415 1951 non
3446 1895 3710 1953 hostium

2054 1980 2114 2037 id
2146 1986 2329 2053 metu,
2360 1984 2462 2039 sed
2494 1984 2648 2054 quod
2681 1982 2846 2040 locus
2876 1983 2927 2039 is
2959 1985 3225 2041 munitus
3255 1988 3433 2057 atque
3463 1985 3711 2058 inexpu-

2052 2070 2309 2143 gnabilis
2338 2072 2669 2140 videbatur,
2703 2072 3025 2145 imperator
3053 2072 3223 2129 facile
3253 2074 3579 2130 remedium
3604 2075 3710 2131 ad-

2054 2159 2269 2221 hibuit.
2301 2160 2427 2232 ipse
2458 2162 2713 2234 sumptis
2743 2164 2925 2217 armis
2974 2162 3201 2234 primus
3233 2163 3497 2219 omnium
3531 2164 3710 2235 pedes

2055 2249 2126 2304 ad
2158 2248 2326 2305 illum
2360 2251 2552 2306 locum
2582 2252 2965 2307 contendens.
2992 2252 3053 2307 Id
3086 2252 3243 2307 enim
3276 2268 3413 2308 cum
3444 2252 3712 2309 viderent

2055 2337 2293 2406 milites,
2325 2340 2634 2395 confertim
2666 2356 2830 2395 arma
2858 2341 3116 2412 rapiunt,
3145 2346 3201 2395 et
3230 2342 3424 2412 quivis
3457 2342 3708 2414 impera-

2052 2431 2240 2482 torem
2272 2432 2611 2500 praavertere
2634 2429 2937 2501 cupientes
2955 2429 3189 2485 sublato
3210 2429 3466 2485 clamore
3492 2430 3709 2487 Rossos

2052 2532 2388 2588 Oppugnare
2401 2518 2847 2589 aggrediuntur.
2865 2518 3196 2573 Fortiteriis
3209 2519 3708 2590 oppugnationem

2051 2604 2462 2674 tolerantibus,
2480 2607 2682 2663 multis
2702 2608 2847 2663 locis
2870 2609 3065 2680 ignem
3096 2608 3483 2677 succendunt,
3509 2608 3709 2680 itaque

2052 2709 2153 2751 eos
2182 2701 2537 2767 expugnant.
2567 2696 2714 2751 Nam
2746 2697 2859 2752 vim
2895 2696 3050 2769 ignis
3081 2713 3195 2752 non
3228 2697 3478 2752 ferentes
3509 2698 3705 2768 Rossi,

2054 2800 2241 2855 neque
2266 2785 2663 2841 Romanorum
2689 2785 2881 2841 robori
2900 2802 3091 2858 pares,
3112 2802 3215 2857 per
3238 2786 3560 2859 praecipitia
3580 2804 3709 2844 sese

2052 2872 2393 2943 dejicientes
2441 2874 2692 2946 quisque
2743 2875 3059 2947 aufugiunt
3094 2893 3107 2931 :
3142 2876 3314 2931 multi
3347 2891 3551 2932 eorum
3583 2876 3707 2950 igni

2052 2960 2372 3033 absumpti,
2422 2963 2592 3017 multi
2641 2964 2921 3035 praecipiti
2972 2981 3111 3020 casu
3164 2964 3459 3035 exstincti,
3491 2965 3705 3038 reliqui

2052 3050 2204 3106 ferro
2236 3052 2411 3107 occisi
2443 3057 2546 3107 aut
2576 3053 2750 3124 capti.
2775 3053 2893 3109 Hoc
2920 3054 3094 3110 modo
3128 3054 3281 3111 intra
3313 3055 3558 3111 biduum
3584 3059 3708 3111 tota

2052 3140 2196 3195 urbe
2224 3146 2414 3212 capta.
2444 3142 2669 3197 Reiecit
2687 3158 2817 3198 eam
2836 3142 3178 3214 imperator,
3196 3149 3252 3199 et
3280 3161 3315 3199 a
3343 3160 3450 3200 suo
3474 3145 3709 3200 nomine

2050 3228 2463 3301 Joannopolim
2479 3230 2883 3286 denominavit
2904 3250 2918 3298 ;
2940 3232 3332 3303 impositoque
3352 3233 3542 3289 valido
3562 3251 3714 3305 prae-

2052 3318 2222 3381 sidio,
2258 3318 2434 3374 rebus
2465 3319 2537 3373 ad
2570 3319 2746 3374 vitam
2770 3320 3121 3375 necessariis
3140 3320 3375 3377 abunde
3406 3321 3708 3377 instruxit.

2052 3407 2195 3464 Inde
2240 3408 2386 3463 festo
2419 3406 2734 3463 Dominicis
2782 3408 3248 3465 Resurrecticnis
3299 3409 3393 3464 die
3422 3414 3573 3477 acto,
3608 3426 3710 3481 po-

282 3500 490 3569 ταύτην
559 3495 609 3553 δ’
654 3497 891 3553 ἀλοῦσαν
942 3496 1380 3570 ἀνακτησάμενος
1432 3497 1460 3551 ὁ
1511 3494 1808 3572 βασιλεὺς,
1853 3495 1943 3550 καὶ

2057 3495 2261 3551 stridie
2293 3495 2365 3550 ad
2408 3494 2809 3563 Dorostolum,
2843 3495 2937 3552 cui
2968 3501 3025 3553 et
3073 3496 3301 3553 Dristra
3331 3514 3568 3567 nomen,
3602 3498 3711 3554 iter

287 3590 530 3666 φρουρὰν
585 3586 869 3661 ἀξιόλογον
920 3585 1230 3657 ἐπιστήσας,
1290 3586 1378 3640 καὶ
1435 3587 1504 3641 τά
1558 3584 1696 3656 πρὸς
1744 3586 1807 3640 τὸ
1847 3588 1942 3658 ζῇν

2057 3584 2409 3657 ingreditur.

286 3674 578 3746 ἰπιτήδεια
627 3673 875 3749 δαψιλῶς
925 3672 1494 3749 παρασκευασάμενος,
1545 3674 1636 3728 καὶ
1682 3674 1779 3742 τὴν
1828 3678 1929 3739 τῆς
1982 3670 2133 3748 ἁγίας
2182 3670 2537 3736 Ἀναστασίας
2746 3669 2969 3734 τελέσας
3018 3672 3233 3746 ἑορτὴν,
3278 3673 3365 3728 καὶ
3411 3671 3462 3744 ἕξ
3520 3672 3713 3728 ἑαυτοῦ

286 3764 714 3821 Ἰωαννοῦπολιν
752 3764 1124 3838 μετονομάσας
1150 3763 1251 3832 τήν
1283 3761 1469 3835 πόλιν,
1517 3766 1587 3836 τῇ
1633 3759 1892 3838 ἐπαύριον
1941 3767 2043 3830 τῆς
2071 3759 2158 3815 ἐπὶ
2206 3760 2269 3815 τὸ
2318 3759 2677 3836 Δορόστολον,
2709 3761 2738 3815 ’ὁ
2768 3762 2858 3816 καὶ
2915 3760 3149 3836 Δρίστρα
3198 3761 3469 3821 καλεῖται.
3502 3761 3708 3837 εἴχετο,

290 3856 541 3917 πορείας.

355 3877 541 4002 iam;
578 3936 1027 4020 Σφενδοσθλάϐος
1071 3942 1171 4010 τὴν
1210 3948 1311 4011 τῆς
1366 3934 1719 4017 Περσθλάϐας
1770 3936 1943 3995 πυθό-

2121 3942 2194 3995 At
2218 3956 2354 3996 vero
2386 3939 2965 4011 Spbendostblabus,
2992 3939 3229 3996 tametsi
3250 3940 3454 3996 audita
3478 3941 3715 3997 Persth-

294 4056 449 4106 μενος
504 4033 713 4089 ἅλωσιν
770 4033 848 4094 εἰς
902 4031 1151 4106 ταραχὴν
1210 4028 1475 4097 ἆνέπεσεν,
1536 4029 1610 4091 ὡς
1663 4028 1828 4099 εἰκὸς,
1880 4026 1943 4083 οὖ

2057 4027 2196 4084 laba;
2228 4028 2659 4100 expugnatione
2683 4030 3066 4099 perturbatus
3103 4029 3261 4085 baud
3292 4030 3512 4100 injuria
3540 4034 3717 4098 esset,

293 4127 394 4195 μήν
427 4145 493 4199 γε
524 4122 615 4176 καὶ
659 4125 756 4176 τοῦ
805 4122 1155 4198 φρονήματος
1200 4125 1533 4197 καθυφῆκεν,
1578 4116 1724 4173 ἀλλά
1770 4136 1943 4190 παρα-

2057 4117 2304 4173 infracto
2326 4121 2525 4173 tamen
2559 4118 2757 4172 animo
2780 4134 2919 4172 suos
2952 4118 3289 4174 cohortatus
3316 4124 3382 4173 ut
3402 4120 3716 4191 porrojam

292 4212 558 4288 θιρῥῦνας
604 4210 733 4271 τοὺς
778 4209 901 4283 περὶ
952 4208 1129 4279 αὐτὸν,
1177 4208 1269 4263 καὶ
1317 4212 1405 4263 νῦν
1453 4204 1664 4279 μᾶλλον
1710 4204 1944 4281 ἀγαθοὺς

2057 4210 2218 4262 tanto
2249 4222 2312 4261 se
2346 4206 2557 4261 fortius
2589 4211 2819 4277 gerant,
2849 4206 3193 4262 constitutis
3225 4208 3403 4263 etiam
3437 4212 3616 4262 utres
3640 4208 3717 4263 I'e-

292 4301 486 4377 ἆνδρας
534 4299 868 4377 ἀναφανῆναι
910 4295 1307 4366 παρακαλέσας,
1351 4294 1531 4350 τᾶλλά
1581 4315 1639 4349 τε
1695 4294 1769 4357 ὡς
1822 4294 1944 4364 ἐνῆν

2057 4296 2262 4350 rebant
2283 4294 2550 4366 reliquie,
2569 4300 2626 4349 et
2656 4311 2806 4365 quos
2828 4301 3134 4367 suspectos
3155 4295 3410 4352 habebat
3431 4295 3715 4369 Bulgaros

289 4388 810 4460 καταστησάμενος,
862 4387 952 4441 καὶ
1007 4386 1208 4448 πάντας
1269 4384 1365 4448 οὒς
1422 4385 1564 4460 εἶχεν
1625 4383 1675 4438 ἰν
1742 4382 1944 4457 ὑποψίᾳ

2057 4383 2333 4439 omnibus
2380 4384 2571 4455 (erant
2619 4389 2815 4439 autem
2846 4386 3093 4440 trecenti
3136 4384 3289 4439 398
3338 4385 3588 4456 circiter)
3622 4386 3713 4441 in-

290 4485 391 4534 τῶν
454 4477 797 4550 Βουλγάρων
845 4474 987 4550 ἀμφὶ
1040 4474 1168 4536 τοὺς
1238 4474 1583 4550 τριακοσίους
1641 4468 1804 4536 ὄντας
1852 4473 1943 4527 τὸν

2057 4472 2341 4539 terfectis,
2368 4474 2674 4528 adversum
2701 4472 2999 4528 Romanos
3018 4472 3429 4544 proﬁciscitur.
3455 4475 3713 4546 Impera-

294 4568 523 4643 ἀριθμὸν
570 4564 803 4634 ἀνελὼν,
854 4562 1010 4636 ἔξεισι
1055 4564 1192 4619 κατᾶ
1235 4561 1554 4652 Ῥωμαίωνε
1584 4568 1643 4620 Ὁ
1695 4559 1752 4616 δὲ
1794 4562 1944 4652 βασι-

2057 4567 2149 4617 tor
2195 4561 2541 4618 institutum
2588 4562 2700 4616 iter
2753 4578 3110 4633 persequens
3161 4563 3338 4618 urbes
3366 4563 3427 4619 in
3470 4578 3538 4618 eo
3568 4564 3713 4619 sitas

294 4656 412 4719 λεῦς
442 4658 542 4717 τὰς
574 4654 629 4710 ἄν
656 4657 725 4727 τῇ
772 4650 997 4728 παρόδῳ
1038 4651 1230 4714 πόλεις
1283 4650 1422 4707 ὶλὼν
1474 4651 1562 4706 καὶ
1610 4649 1944 4724 στρατηγοὺς

2057 4650 2263 4707 itinere
2293 4650 2471 4722 capit,
2503 4650 2694 4721 iisque
2725 4651 3029 4721 praefectos
3052 4651 3384 4722 constituit,
3416 4656 3475 4707 et
3504 4651 3712 4707 multis

294 4747 474 4808 r3111:
506 4744 823 4814 ἐπιστήσας,
869 4740 1053 4797 πολλά
1102 4762 1160 4797 τε
1207 4740 1441 4820 φρούρια
1489 4740 1577 4795 καὶ
1628 4739 1944 4812 πολίσματα

2057 4739 2312 4796 castellis
2359 4744 2537 4810 atque
2586 4738 2822 4811 oppidis
2870 4739 3145 4795 evastatis
3193 4755 3260 4796 ac
3309 4740 3504 4812 praeda
3535 4740 3711 4796 militi

296 4836 639 4909 ἐκπορθήσας
668 4832 907 4893 καὶτοῖς
950 4833 1303 4905 στρατιώταις
1353 4828 1432 4891 εἷς
1470 4828 1719 4905 ἁρπαγὴν
1771 4825 1946 4883 δεδω-

292 4928 421 4995 κὼς,
455 4920 645 4998 εἴχετο
694 4927 796 4990 τῆς
840 4917 991 4975 ὀδοῦ.
1022 4923 1139 4975 Τῶν
1174 4916 1231 4975 δὲ
1274 4922 1490 4974 σκοπῶν
1523 4917 1673 4987 ἥκειν
1706 4917 1947 4996 φρασάν-

289 5034 393 5068 των
426 5012 639 5076 Σκύθας
666 5010 840 5082 τινάς,
885 5006 1020 5065 λαὸν
1067 5007 1350 5065 ἐπίλεκτον
1402 5006 1687 5081 ἰκπᾶμπει.
1729 5003 1946 5063 Θεόδω-

2056 4844 2334 4885 concessa
2394 4827 2605 4900 pergit.
2661 4826 2770 4883 Ubi
2826 4827 3222 4899 exploratores
3287 4829 3710 4886 nuntiaverunt

2053 4917 2299 4990 Scythas
2328 4917 2662 4983 adventare,
2695 4914 2991 4972 delectum
3023 4918 3345 4974 exercitum
3378 4918 3711 4991 pramittit,

2056 5007 2203 5062 duce
2231 5005 2536 5062 Theodoro
2562 5022 2596 5061 a
2616 5004 2894 5062 Mistbeia
2915 5025 2930 5076 ;
2955 5006 3248 5080 jubetque
3268 5007 3529 5064 hostium
3552 5006 3713 5064 mul-

1494 5178 1872 5237 XYLANDRI
1914 5178 2003 5235 ET
2038 5175 2256 5233 GOARI
2292 5175 2527 5233 ΝΟΤιΕ.

368 5311 481 5382 (27)
511 5309 650 5375 Quae
678 5321 819 5382 vox__
839 5319 957 5359 non
1008 5302 1237 5382 integra
1284 5305 1373 5382 est
1402 5302 1659 5382 scripta;
1694 5306 1837 5358 nota
1860 5305 1957 5382 .ta-
2066 5298 2349 5382 anastasi.
2369 5302 2426 5355 et
2454 5297 2767 5382 Anastasis
2794 5297 3003 5382 Noster
3032 5316 3212 5373 supra
3241 5300 3477 5358 alicubi.
3496 5305 3715 5382 ξενίη-ς-

307 5371 436 5439 men
469 5371 829 5435 'S'ostendit
878 5391 995 5431 non
1048 5371 1386 5438 ἁναῖττασίας,
1449 5371 1565 5431 non
1618 5371 1959 5438 ἀναστασίαν,

2069 5368 2418 5431 Ἀναστασίας
2463 5370 2745 5445 templum
2795 5368 3127 5445 ἀναστάσεως
3166 5390 3393 5445 quoque
3433 5373 3714 5429 miraculo

311 5456 409 5509 sed
477 5450 823 5507 ἀναστάσεως
887 5446 1001 5518 legi
1060 5446 1291 5502 debere.
1361 5446 1563 5518 Itaque
1629 5446 1825 5518 accepi
1890 5445 1962 5518 de
2070 5445 2289 5499 famam
2329 5441 3362 5518 accepit:hincpromiscua'voc'is
3409 5445 3714 5518 utriusque

314 5524 525 5583 Christi
558 5541 594 5579 a
644 5519 892 5577 mortuis
940 5512 1383 5583 resurrectione,
1417 5512 1484 5574 eo
1532 5512 1785 5574 facilius‘
1805 5516 1961 5588 quod
2073 5513 2381 5588 usurpatio
2416 5530 2428 5569 :
2458 5512 2553 5569 hic
2600 5529 2702 5588 pro
2719 5512 2948 5588 _Qh_risti_
2978 5516 3403 5573 resurrectione
3434 5512 3712 5588 sumitur.

316 5597 485 5670 paulo
516 5598 655 5667 post
681 5588 967 5670 festus_D.
999 5590 1242 5670 Georgio
1290 5590 1415 5670 dies
1436 5592 1963 5670 commemoratur,

2073 5584 2242 5664 Yide'
2268 5590 2564 5644 auctorem
2606 5584 2676 5643 in
2718 5584 3133 5647 Valentiniano
3184 5589 3418 5662 juniore
3471 5606 3529 5664 p.
3585 5586 3711 5645 315.

317 5660 414 5743 ἶιαὶ
446 5660 566 5725 fere
596 5682 715 5723 non
746 5663 1003 5721 multum
1032 5660 1238 5719 abesse
1268 5664 1401 5736 post
1431 5661 1658 5719 Pascha
1686 5660 1852 5719 solet.
1884 5660 1967 5719 De
2075 5660 2256 5719 Goaa.
