4004 6208
303 292 411 395 131

1654 329 1969 393 GEORGII
2012 329 2349 393 CEDRENI

3595 335 3713 395 132

300 465 615 523 titudinem
659 462 961 537 exquiram
1010 466 1067 520 et
1114 463 1227 520 sibi
1257 463 1538 532 indicare,
1570 467 1628 520 et
1670 463 1719 521 si
1752 464 1833 520 ita
1860 463 1940 519 vi-

2065 461 2157 537 ρόν
2204 482 2263 517 τε
2310 461 2403 517 τὸν
2453 460 2511 517 ἐκ
2556 460 2819 526 Μισθείας
2868 463 3047 518 αὐτῶν
3088 466 3166 536 τῷ
3212 465 3411 535 πλήθει
3456 463 3705 541 ἀρχηγὸν

299 557 506 612 deatur
528 556 929 623 commodum,
952 553 1061 610 levi
1085 554 1282 626 praelio
1299 570 1499 610 eorum
1522 552 1676 609 vires
1698 558 1944 609 tentare.

303 647 431 718 Ipse
453 661 585 702 cum
602 644 890 700 instructo
913 642 1186 699 universo
1208 643 1461 698 exercitu
1486 658 1635 714 pone
1657 641 1946 713 sequitur.

301 734 639 791 Theodorus
661 750 797 790 cum
831 732 956 789 suis
984 732 1086 789 ubi
1118 733 1190 789 ad
1220 732 1418 789 hostes
1442 731 1725 804 pervenit,
1755 732 1857 788 dat
1887 730 1947 786 in

298 839 397 879 eos
444 823 753 895 impetum.
806 820 974 877 Rossi
1024 820 1273 877 insidias
1324 821 1568 877 subesse
1614 819 1778 875 veriti
1813 835 1948 891 pro-

294 929 500 985 gressu
530 912 868 980 abstinent;
903 909 1227 983 multisque
1249 926 1489 966 suorum
1523 909 1679 976 ictis,
1707 909 1947 981 quibus-

293 1004 429 1058 dam
459 1003 636 1058 etiam
661 1001 924 1072 dejectis,
944 1000 1085 1073 fuga
1114 1000 1173 1055 in
1200 999 1425 1056 vicinos
1449 1004 1681 1056 montes
1704 1000 1946 1055 densos-

295 1107 408 1161 que
435 1095 492 1146 et
512 1089 738 1161 amplos
757 1089 943 1145 saltus
975 1105 1039 1145 se
1056 1088 1429 1161 dispergunt,
1454 1105 1520 1144 ac
1542 1105 1646 1161 per
1665 1092 1950 1143 montana

293 1181 361 1234 ad
398 1178 678 1234 Dristram
699 1178 1057 1250 perfugiunt.
1080 1178 1248 1235 Rossi
1270 1179 1427 1234 fuere
1450 1194 1695 1233 numero
1718 1181 1942 1249 septem

294 1267 502 1337 millia,
555 1268 800 1323 Romani
848 1284 983 1323 vero
1042 1268 1141 1339 qui
1200 1284 1297 1323 eos
1343 1268 1623 1322 fuderunt
1677 1265 1940 1321 trecenti.

288 1356 510 1429 Scythae
535 1360 731 1412 autem
750 1356 1260 1429 Sphendosthlabo
1283 1356 1581 1427 conjuncti
1604 1360 1871 1411 auctores
1892 1352 1945 1410 ei

289 1448 527 1502 fuerunt
558 1450 621 1501 ut
646 1463 779 1502 cum
804 1446 1081 1502 omnibus
1112 1445 1297 1518 copiis
1328 1445 1818 1517 (numerabantur
1840 1461 1942 1499 au-

287 1539 406 1591 tem
456 1538 719 1592 trecenta
767 1535 1014 1607 triginta
1064 1534 1322 1590 virorum
1372 1533 1581 1606 millia)
1632 1534 1943 1589 duodecim

289 1628 425 1680 ante
454 1623 833 1680 Dorostolum
858 1623 1215 1679 milliaribus
1239 1627 1434 1679 castra
1458 1626 1717 1695 poneret,
1744 1621 1944 1695 ibique

286 1712 663 1784 imperatoris
706 1713 1023 1770 adventum
1075 1713 1361 1785 intrepide
1408 1715 1839 1785 exapectarunt.
1869 1714 1944 1767 At

288 1801 584 1858 Romanos
615 1800 948 1859 recentibus
977 1801 1238 1858 victoriis
1267 1801 1476 1873 elatos,
1510 1805 1567 1858 et
1588 1802 1837 1873 jamjam
1868 1800 1941 1857 de

286 1905 525 1946 summa
576 1905 774 1947 rerum
818 1890 1018 1962 praalio
1076 1892 1438 1948 decertatum
1488 1889 1560 1946 iri
1609 1894 1937 1962 sperantes,

287 1978 540 2036 scientes
586 1979 829 2051 insuper
858 1980 1039 2037 Deum
1086 1996 1147 2036 se
1194 1980 1406 2036 habere
1456 1981 1809 2052 adjutorem,
1841 1978 1939 2051 qui

287 2085 402 2123 non
436 2069 587 2125 899
621 2068 1007 2126 inferentibus
1053 2070 1155 2127 sed
1205 2068 1395 2141 passis
1425 2068 1706 2140 injuriam
1740 2069 1939 2141 opitu—

286 2156 395 2213 lari
453 2156 689 2229 soleret,
736 2175 852 2214 non
896 2173 996 2214 eos
1045 2158 1219 2213 modo
1271 2158 1369 2230 qui
1419 2158 1760 2215 fortitudine
1807 2158 1937 2213 aliis

286 2247 610 2317 anteibant,
644 2247 746 2302 sed
772 2246 899 2317 jam
931 2251 989 2302 et
1010 2246 1340 2303 timidiores
1372 2246 1643 2303 alacritas
1664 2252 1723 2303 et
1752 2247 1937 2303 auda-

284 2335 373 2392 cia
401 2336 753 2403 incessebat,
789 2335 1135 2408 ardentique
1185 2352 1395 2408 pugnzs
1427 2336 1718 2393 desiderio
1752 2336 1937 2408 agita-

286 2426 520 2481 bantur.
547 2424 654 2481 Ubi
684 2425 744 2479 in
762 2429 1143 2497 conspectum
1169 2430 1374 2481 mutuo
1395 2441 1605 2482 venere
1627 2425 1937 2491 exercitus,

289 2519 540 2585 utroque
570 2514 921 2586 imperatore
952 2532 1090 2571 suos
1113 2515 1288 2570 dictis
1321 2514 1519 2585 qualia
1549 2512 1823 2586 praesenti
1854 2512 1937 2568 rei

293 2604 732 2660 accommodata
761 2608 930 2659 erant
958 2603 1255 2659 animante
1297 2609 1473 2674 atque
1502 2603 1841 2675 instigante,
1873 2604 1941 2657 ut

291 2690 607 2747 classicum
639 2690 867 2758 cecinit,
892 2706 1108 2763 magna
1137 2707 1270 2746 cum
1293 2691 1344 2745 vi
1377 2690 1618 2763 parique
1641 2690 1940 2746 alacritate

292 2795 644 2835 concursum
674 2783 784 2835 est.
805 2781 998 2835 Primo
1017 2780 1288 2836 conﬂictu
1323 2779 1586 2852 Romani,
1608 2778 1938 2835 vehementi

290 2869 443 2926 facto
476 2869 721 2939 impetu,
748 2869 953 2924 multis
1002 2869 1244 2940 dejectis
1294 2868 1554 2925 hostium
1584 2869 1819 2925 ordines
1850 2868 1938 2923 la-

289 2959 603 3014 befactant.
640 2958 839 3031 Neque
870 2962 1065 3013 tamen
1099 2959 1316 3014 cedunt
1345 2958 1564 3026 hostes,
1610 2974 1793 3029 neque
1822 2957 1937 3013 Ro-

289 3047 483 3103 manis
513 3063 612 3103 eos
644 3046 1225 3119 persequendidatur
1256 3046 1523 3118 facultas,
1555 3046 1788 3121 Scythis
1809 3063 1939 3103 sese

286 3137 774 3193 confirmantibus
805 3152 1155 3209 rursumque
1184 3136 1417 3193 sublato
1447 3136 1699 3192 clamore
1734 3136 1793 3192 in
1825 3139 1934 3192 Ro-

2060 550 2351 622 έπιστήσας
2398 557 2753 626 προηγεῖσθαι
2803 550 3076 626 ἐπέσκηψε
3122 557 3219 607 τοῦ
3263 558 3514 627 στρατοῦ,
3545 575 3709 608 κατα-

2061 641 2281 695 σκοπεῖν
2307 660 2366 695 τε
2416 641 2477 695 τὸ
2526 639 2738 706 πλῆθος
2782 645 2889 695 τῶν
2942 639 3192 696 ἐναντίων
3243 642 3331 697 καὶ
3381 644 3530 715 αὐτῷ
3561 640 3713 698 διδό-

2057 751 2139 785 ναι
2167 734 2389 805 γνῶσιν,
2423 728 2467 784 εἷ
2513 729 2837 805 προχωροίη
2891 728 2967 802 δὲ,
2998 730 3086 785 καὶ
3138 728 3414 807 διάπειραν
3457 735 3556 797 τῆς
3605 731 3706 787 αύ-

2056 823 2161 873 τῶν
2208 818 2402 894 ἰσχύος
2461 814 2960 895 ἀκροϐολισάμενον
3035 819 3354 899 εἷ’ληφέναιο
3413 820 3572 885 αὐτὸς
3650 820 3709 877 δὲ

2057 907 2282 963 κατόπιν
2364 908 2541 963 εἶπετο
2627 907 3047 984 συντεταγμένος
3143 910 3277 984 μετά
3347 912 3527 982 πάσης
3612 914 3715 981 τῆς

2057 1001 2326 1072 στρατιᾶς.
2388 999 2456 1055 Οἱ
2512 997 2603 1053 σὺν
2660 999 2739 1071 τῷ
2812 997 3081 1076 Θεοδώρῳ
3151 1004 3281 1074 γοῦν
3354 998 3572 1076 ἐπείπερ
3633 999 3712 1062 εἰς

2056 1092 2248 1163 χεῖρας
2306 1086 2480 1156 ἦλθον
2537 1092 2652 1149 τοῖς
2706 1085 3038 1161 πολεμίοις,
3094 1086 3427 1161 ἐμπίπτουσι
3488 1088 3713 1153 τούτοις

2056 1174 2324 1254 ῥαγδαῖοι.
2386 1178 2455 1233 Οἱ
2513 1174 2571 1232 δὶ
2624 1178 2758 1240 Ῥὼς
2815 1176 3032 1250 ἐνέδραν
3084 1174 3469 1249 εὐλαϐηθέντες
3514 1181 3709 1255 πρόσω

2058 1267 2150 1338 μὲν
2176 1265 2352 1321 οὐκέτι
2385 1265 2654 1342 ἐχώρουν,
2687 1266 2914 1323 πολλῶν
2946 1265 3004 1321 δὲ
3042 1265 3359 1343 πληγέντων
3402 1270 3493 1324 καί
3539 1290 3708 1323 τινων

2055 1352 2111 1410 δὲ
2140 1351 2413 1410 πεσόντων
2464 1353 2805 1419 ἒκκλίναντες
2855 1356 2906 1418 ές
2955 1356 3020 1411 τά
3049 1355 3288 1427 πλησίον
3330 1355 3707 1413 σκεδάννυνται

2055 1441 2154 1519 ὅρη
2222 1443 2313 1498 καὶ
2361 1444 2455 1506 τάς
2513 1444 2685 1500 ἐκεῖσε
2736 1445 2909 1507 νάπας
2961 1446 3174 1522 βαθείας
3220 1445 3309 1500 καὶ
3366 1446 3709 1523 ἀμφιλαφεῖς

2051 1533 2444 1609 τυγχανούσας,
2495 1532 2584 1588 καὶ
2639 1532 2727 1589 διὰ
2774 1542 2874 1604 τῆς
2925 1534 3142 1609 ὀρεινῆς
3191 1534 3405 1605 έπὶτὴν
3442 1535 3703 1610 Δρίστραν

2052 1621 2508 1692 ἒπανασώζονται.
2542 1625 2709 1679 Ἦσαν
2767 1620 2824 1678 δὲ
2864 1624 2928 1678 τὸ
2981 1624 3195 1694 πλῆθος
3253 1621 3400 1679 οῦτοι
3454 1623 3711 1680 ἑπτακισ-

2046 1712 2255 1788 χίλιοι,
2302 1713 2353 1766 οἱ
2409 1710 2465 1767 δὲ
2511 1713 2725 1775 τούτοις
2776 1710 3184 1786 συμπλακέντες
3241 1714 3331 1769 καὶ
3378 1716 3707 1789 τρεψάμενοι

2050 1802 2316 1874 Ῥωμαῖοι
2371 1801 2462 1857 τὸν
2522 1803 2754 1877 ἀριθμὸν
2811 1799 3139 1879 τριακόσιοι.
3195 1803 3509 1867 Ἐνωθέντες
3558 1802 3605 1858 δ’
3652 1805 3708 1859 οἱ

2051 1890 2255 1955 Σκύθαι
2305 1895 2384 1964 τῷ
2427 1886 2884 1968 Σφενδοσθλάϐῳ,
2935 1891 3025 1947 καὶ
3074 1896 3263 1947 τοῦτον
3328 1891 3526 1957 ἐκεῖθεν
3574 1893 3708 1947 ἀνα-

2049 1982 2341 2051 στήσαντες
2401 1979 2534 2053 μετά
2600 1981 2802 2042 παντὸς
2856 1984 2958 2035 τοῦ
3012 1985 3265 2056 στρατοῦ,
3325 1981 3432 2056 πρὸ
3489 1979 3706 2038 δώδεκα

2044 2074 2140 2125 τοῦ
2172 2069 2513 2145 Δοροστόλου
2547 2068 2746 2143 μιλίων
2794 2067 3127 2140 αὐλίζονται,
3160 2069 3211 2133 ές
3259 2070 3577 2148 τριακοσίας
3608 2072 3706 2126 καὶ

2045 2160 2335 2234 τριάκοντα
2393 2156 2653 2235 χιλιάδας
2714 2158 3109 2233 ἀριθμούμενοι
3165 2162 3248 2233 [Ρ.
3281 2162 3413 2233 675]
3469 2159 3560 2215 καὶ
3607 2161 3703 2215 τὸν

2051 2246 2278 2324 βασιλέα
2326 2238 2544 2303 ἐπιόντα
2591 2246 2840 2321 ἐκθύμως
2887 2248 2978 2303 καὶ
3029 2247 3333 2323 ῥωμαλέως
3391 2246 3703 2326 ἐκδεχόμε-

2046 2358 2150 2393 νοι.
2207 2338 2275 2394 Οἱ
2333 2333 2389 2391 δὲ
2445 2338 2706 2409 Ῥωμαῖοι
2762 2340 2884 2398 ταῖς
2937 2334 2988 2407 ἐξ
3050 2335 3292 2413 ὑπογύου
3335 2337 3511 2400 νίκαις
3563 2359 3700 2412 γαυ-

2049 2425 2304 2501 ρούμενοι
2334 2424 2423 2479 καὶ
2466 2426 2565 2493 τήν
2609 2424 2677 2479 τά
2726 2425 2896 2479 πάντα
2941 2428 3121 2497 κρῖναι
3157 2423 3463 2497 μέλλουσαν
3509 2424 3698 2502 μάχην

2046 2512 2500 2591 προσδεχόμενοι,
2548 2511 2750 2575 εἰδότες
2799 2512 2845 2568 δ’
2891 2513 2973 2568 ὅτι
3024 2514 3113 2568 καὶ
3162 2514 3292 2569 Θεὸν
3338 2513 3702 2591 συλλήπτορα

2046 2600 2276 2674 ἕξουσιν,
2328 2601 2389 2657 οὐ
2439 2606 2556 2664 τοῖς
2609 2600 2805 2657 ἀδίκων
2866 2606 3069 2679 χειρῶν
3122 2600 3352 2678 ἄρχουσι
3409 2601 3697 2680 φιλοῦντα,

2048 2689 2191 2747 ἀλλά
2245 2695 2362 2753 τοῖς
2415 2687 2795 2763 ἀδικουμένοις
2856 2688 2944 2745 διᾶ
2999 2691 3195 2753 παντὸς
3254 2688 3567 2766 ἐπαρήγειν,
3629 2690 3697 2747 ού

2050 2780 2215 2855 μόνον
2247 2782 2297 2835 oi
2330 2780 2710 2857 εὐψυχότεροι,
2742 2778 2851 2852 ἤδη
2886 2777 2944 2835 δὶ
3000 2779 3090 2835 καὶ
3142 2779 3193 2835 οἰ
3230 2779 3576 2856 καταπλῆγες
3606 2782 3699 2835 καὶ

2050 2868 2286 2943 μαλακοὶ
2316 2871 2411 2931 τὰς
2443 2870 2623 2945 ψυχὰς
2655 2868 2931 2943 πρόθυμοι
2970 2867 3060 2924 καὶ
3112 2868 3403 2945 θαρραλέοι
3452 2867 3697 2943 ἰγίνοντο

2044 2959 2134 3013 καὶ
2164 2959 2302 3034 πρὸς
2349 2959 2450 3027 τὴν
2501 2957 2828 3031 συμπλοκὴν
2883 2956 3004 3013 λίαν
3056 2955 3375 3036 ἐσφάδαζον.
3424 2957 3522 3021 Εἲς
3568 2954 3695 3031 ὄψιν

2046 3044 2103 3103 δὲ
2131 3052 2239 3102 τῶν
2286 3047 2699 3122 στρατευμάτων
2755 3045 3030 3118 ἀλλήλοις
3081 3045 3407 3123 γενομένων,
3457 3046 3546 3101 καὶ
3595 3046 3692 3102 λό-

2042 3158 2162 3214 γοις
2209 3135 2642 3207 παρακλητικοῖς
2690 3141 2788 3191 τοῦ
2838 3156 2897 3191 τε
2951 3133 3218 3212 βασιλέως
3260 3135 3350 3191 καὶ
3382 3139 3476 3191 τοῦ
3523 3142 3696 3211 Σφεν-

284 3243 489 3283 manos
533 3226 917 3283 irruentibus.
967 3230 1270 3297 Pugnatur
1300 3225 1723 3299 aliquantisper
1764 3241 1932 3298 aequo

2050 3210 2351 3281 δοσθλάϐου
2410 3225 2538 3288 τοὺς
2589 3223 2823 3288 οἴκείους
2870 3210 3287 3301 έπιρρωσάντων
3345 3225 3435 3279 καὶ
3491 3210 3698 3299 τάντῷ

288 3323 492 3372 marte.
524 3315 658 3372 Jam
689 3321 887 3372 autem
918 3316 990 3372 ad
1020 3331 1323 3388 vesperam
1355 3315 1672 3371 inclinante
1702 3315 1795 3370 die
1828 3315 1937 3370 Ro-

290 3405 450 3461 mani
482 3421 611 3461 sese
659 3405 1032 3462 cohortantes
1081 3409 1139 3461 et
1182 3403 1362 3460 veluti
1409 3408 1687 3461 acuentes
1720 3402 1942 3459 mutuis

280 3493 788 3551 exhortationibus
838 3493 1146 3550 sinistrum
1198 3493 1547 3567 Scytharum
1600 3510 1780 3550 cornu
1810 3508 1941 3565 pre-

280 3587 470 3649 munt,
502 3587 561 3640 et
588 3582 939 3641 intolerabili
970 3583 1027 3639 vi
1058 3584 1402 3656 ingruentes
1434 3582 1656 3639 multos
1690 3588 1961 3655 proster»

279 3676 450 3726 nunt.
484 3671 750 3743 Cumque
778 3671 851 3727 ad
870 3671 1153 3727 afﬂictam
1184 3678 1407 3743 partem
1442 3670 1669 3744 Scythaa
1694 3670 1941 3741 coirent,

283 3776 527 3815 suorum
560 3761 852 3832 quosdam
886 3760 1187 3815 Romanus
1220 3760 1538 3831 imperator
1566 3761 1692 3816 suis
1726 3759 1940 3815 auxilio

280 3847 486 3919 mittit,
510 3849 755 3921 ipseque
784 3849 1170 3921 subsequitur
1200 3850 1420 3921 apertis
1450 3867 1584 3906 cum
1613 3850 1845 3923 imperii
1868 3849 1944 3907 si-

280 3934 436 4009 gnis,
468 3953 618 4009 equo
650 3937 983 3995 calcaribus
1014 3938 1277 4006 incitato,
1299 3943 1356 3995 et
1384 3939 1615 3995 hastam
1649 3940 1940 3996 infensam

281 4026 503 4094 ferens,
535 4042 794 4099 suosque
821 4027 1014 4083 verbis
1063 4028 1421 4084 exstimulat.
1476 4030 1773 4085 Acerrime
1800 4034 1941 4087 tunc

280 4120 634 4187 pugnatum,
668 4120 727 4171 et
753 4116 933 4172 variis
954 4116 1184 4174 vicibus
1214 4117 1414 4189 praelio
1440 4122 1664 4174 mutato
1698 4119 1940 4189 (duode.

279 4205 398 4260 cies
418 4205 575 4260 400
595 4203 753 4261 enim
778 4206 1015 4262 fuerunt
1044 4206 1358 4264 inclinatas
1380 4206 1560 4279 acies)
1579 4207 1671 4263 vix
1698 4209 1939 4265 tandem

279 4292 470 4363 Rossi,
494 4294 802 4366 desperata
824 4294 1035 4366 salute,
1055 4297 1390 4352 inordinata
1421 4298 1560 4369 fuga
1579 4296 1639 4353 in
1664 4314 1940 4371 campum

280 4397 341 4436 se
371 4382 721 4450 etl‘undunt;
754 4398 975 4454 eosque
1005 4383 1262 4439 insecuti
1294 4384 1542 4439 Romani
1574 4384 1795 4440 multos
1817 4402 1943 4455 per-

278 4469 494 4525 imunt.
540 4475 619 4526 De
651 4470 852 4527 Rossis
901 4472 1162 4528 cecidere
1192 4471 1384 4542 multi,
1416 4472 1573 4546 capti
1600 4474 1773 4530 etiam
1809 4475 1937 4547 plu-

277 4574 371 4613 res
406 4574 419 4614 :
456 4558 667 4631 reliqui
700 4559 1071 4616 Dorostolum
1107 4560 1245 4634 fuga
1274 4565 1608 4620 evaserunt.

2046 3315 2220 3391 καιρῷ
2266 3313 2552 3390 πρόσφορα
2598 3311 3180 3390 παρακελευσαμένων,
3231 3313 3304 3375 ὠς
3353 3314 3407 3368 αἱ
3466 3311 3697 3391 σάλπιγ-

2045 3424 2133 3479 γες
2181 3403 2243 3457 τὸ
2292 3401 2541 3458 ἐνυάλιον
2586 3400 2829 3480 ἤχησαν,
2875 3402 3239 3482 συῤῥήγνυται
3311 3399 3585 3474 ἀλλήλοις
3633 3402 3701 3458 τὰ

2048 3494 2237 3563 πλήθη
2286 3493 2387 3562 τήν
2435 3492 2600 3563 αὐτὴν
2650 3488 2849 3569 ἔχοντα
2894 3493 3225 3568 προθυμίαν.
3278 3492 3375 3547 Καὶ
3425 3493 3560 3548 κατά
3601 3492 3698 3565 μὶν

2047 3583 2144 3651 τήν
2204 3581 2426 3658 πρώτην
2498 3577 2820 3658 προσϐολὴν
2899 3582 2951 3637 οἳ
3003 3583 3266 3655 Ῥωμαῖοι
3329 3583 3462 3654 μετὰ
3520 3580 3702 3658 ῥύμης

2051 3671 2425 3747 έπενεχθέντις
2471 3669 2708 3749 σφοδρᾶς
2758 3671 2847 3726 καὶ
2888 3669 3133 3733 πολλοὺς
3163 3665 3560 3733 καταλαϐόντες
3600 3670 3699 3733 τὰς

2054 3756 2384 3836 βαρϐαρικὰς
2452 3760 2628 3831 τάξεις
2703 3762 3052 3816 κατέσεισαν
3126 3759 3188 3815 οὖ
3271 3761 3380 3833 μήν
3456 3781 3519 3835 γε
3601 3759 3696 3815 καὶ

2054 3850 2319 3925 ὑπαγωγή
2364 3852 2471 3903 τῶν
2524 3848 2775 3904 ἐναντίων
2825 3848 3038 3924 ἐγένετο
3083 3845 3207 3903 οὔτε
3253 3852 3360 3903 τῶν
3403 3848 3692 3922 Ῥωμαίων

2050 3936 2303 4013 λαμπρὸς
2332 3935 2602 4013 διωγμὸς,
2653 3935 2778 3995 ἀλλ’
2822 3936 3217 4014 έπιρρώσαντες
3265 3935 3431 3992 πάλιν
3472 3937 3695 4001 έαυτοὺς

2049 4026 2102 4081 οἱ
2136 4027 2334 4081 Σκύθαι
2374 4025 2523 4089 αὖθις
2582 4026 2821 4097 ἐπῆλθον
2880 4027 2997 4100 μετ’
3038 4024 3365 4103 ἀλαλαγμοῦ
3411 4033 3527 4089 τοῖς
3558 4028 3698 4083 Ῥω-

2052 4114 2257 4188 μαίοις.
2307 4114 2405 4172 Καὶ
2458 4115 2623 4192 μέχρι
2686 4117 2779 4189 μὶν
2832 4136 2979 4178 τινος
3029 4113 3300 4184 ἴσοπαλής
3347 4118 3411 4185 ἦν
3459 4118 3487 4171 ὁ
3530 4115 3699 4191 ἀγὼν,

2048 4201 2154 4275 ἤδη
2191 4201 2249 4259 δὲ
2276 4204 2399 4278 περὶ
2446 4202 2633 4275 δείλην
2681 4204 2840 4279 ἀψίαν
2886 4206 2985 4274 τῆς
3035 4204 3245 4279 ἡμέρας
3292 4202 3451 4270 οὔσης
3483 4205 3534 4260 oi
3562 4210 3696 4259 Ῥω-

2051 4298 2207 4368 μαῖοι
2264 4292 2730 4370 παρακαλέσαντες
2804 4292 3089 4365 ἀλλήλους
3158 4293 3248 4349 καὶ
3320 4295 3522 4368 τρόπον
3574 4293 3699 4351 τινὰ

2048 4384 2425 4455 στομώσαντες
2480 4386 2598 4447 ταῖς
2646 4383 3019 4457 παραινέσεσιν
3080 4377 3366 4454 έπέϐρισαν
3424 4387 3504 4456 τῷ
3557 4383 3699 4438 εύω-

2046 4470 2201 4545 νύμῳ
2238 4469 2420 4544 κέρατι
2463 4475 2571 4527 τῶν
2623 4475 2870 4544 Σκυθῶν,
2918 4471 3008 4527 καὶ
3055 4470 3303 4534 πολλοὺς
3354 4476 3434 4544 τῷ
3490 4471 3695 4526 ἀνυπο-

2048 4560 2225 4633 στάτῳ
2271 4555 2570 4617 κατέϐαλον
2619 4567 2719 4631 τῆς
2765 4561 2965 4637 ὁρμῆς.
3015 4560 3427 4635 Συνισταμένων
3479 4558 3537 4616 δὲ
3577 4565 3690 4617 τῶν

276 4646 413 4708 Ῥὼς
464 4644 552 4701 ἐπὶ
610 4646 673 4702 τὸ
703 4648 1028 4716 πεπονηκὸς,
1086 4652 1194 4703 τῶν
1252 4649 1373 4723 περὶ
1435 4648 1599 4703 αὐτὸν
1669 4649 1697 4703 ὁ
1759 4648 2011 4725 βασιλεὺς
2068 4650 2145 4713 εἷς
2202 4647 2510 4726 ἐπικουρίαν
2546 4648 2810 4724 ἐκπέμπει
2860 4650 3027 4723 τινὰς,
3058 4649 3286 4705 κατόπιν
3328 4646 3384 4704 δὲ
3411 4647 3503 4704 καὶ
3539 4649 3701 4712 αὐτὸς

279 4730 459 4789 ε’ίπετο
513 4734 1049 4809 ἀνακεκαλυμμένοις
1113 4741 1229 4799 τοῖς
1289 4740 1641 4813 παρασήμοις
1694 4745 1794 4809 τῆς
1858 4738 2159 4815 βασιλείας,
2216 4738 2279 4794 τὸ
2336 4735 2468 4815 δόρυ
2530 4735 3021 4816 διηγκωνισμένος,
3077 4739 3167 4794 τόν
3225 4759 3283 4794 τι
3335 4737 3505 4793 ’ίππον
3572 4759 3696 4793 κεν-

278 4823 478 4898 τρίζων
511 4825 659 4897 θαμά
686 4826 774 4880 καὶ
809 4829 877 4899 τῇ
936 4825 1039 4900 βοῇ
1086 4822 1360 4902 διεγείρων
1413 4826 1541 4889 τοὺς
1599 4828 1952 4902 στρατιώτας.
1986 4830 2223 4905 Ἀγῶνος
2270 4824 2328 4883 δὶ
2381 4833 2642 4905 καρτεροῦ
2687 4827 2975 4893 συστάντος
3015 4826 3104 4883 καί
3155 4824 3372 4890 πολλὰς
3434 4824 3693 4901 μετακλί-

278 4933 388 4977 σεις
445 4910 741 4986 δεξαμένης
798 4921 897 4984 τῆς
958 4914 1143 4991 μάχης
1180 4913 1537 4988 (δυοκαίδεκα
1594 4922 1698 4993 γάρ
1761 4939 1889 4996 φησι
1945 4916 2149 4994 τροπὰς
2203 4914 2446 4989 δέξασθαι
2494 4916 2584 4973 τὸν
2636 4918 2861 4993 ἀγῶνα),
2919 4915 3081 4991 μόλις
3128 4918 3180 4972 οἱ
3227 4916 3361 4978 Ῥὼς
3390 4915 3689 4992 ἀπειρηκόο

269 5022 358 5056 τις
414 5002 548 5076 πρὸς
577 5002 704 5067 τοὺς
733 5000 1012 5066 κινδύνους
1045 5003 1272 5077 ἀκόσμῳ
1303 5009 1443 5082 φυγῇ
1475 5007 1611 5080 πρὸς
1648 5007 1710 5061 τὸ
1754 5004 1938 5061 πεδίον
1989 5004 2318 5061 έσκίδναντοο
2354 5006 2431 5068 οἷς
2489 5005 2541 5060 οἲ
2600 5006 2866 5078 Ῥωμαῖοι
2920 5005 3176 5078 ἑπόμενοι
3222 5004 3350 5071 τοὺς
3400 5006 3691 5080 καταλαμ-

274 5087 613 5165 ϐανομένους
664 5090 984 5163 ἀνήλισκον.
1045 5094 1275 5149 ’Ἐπεσον
1306 5092 1395 5148 οῦν
1435 5093 1665 5169 πολλοὶ,
1696 5096 1785 5151 καὶ
1818 5095 2043 5157 πλείους
2074 5093 2340 5153 ἑάλωσαν.
2368 5096 2525 5152 ’Όσοι
2558 5091 2615 5148 δὲ
2664 5091 2945 5170 διαδρᾶναι
2992 5095 3083 5149 τὸν
3133 5091 3381 5149 κίνδυνον
3436 5092 3692 5171 ἴσχυσαν,

288 5178 363 5241 είς
390 5180 453 5235 τὸ
484 5180 822 5257 ΔορόστοΛον
854 5179 1235 5251 διασώζονται.

342 5312 666 5380 Imperator
696 5309 767 5366 ob
792 5308 1157 5382 impetratam
1191 5309 1495 5368 victoriam
1528 5313 1816 5369 sacrificio
1844 5329 1930 5370 ve-

2110 5308 2173 5364 Ὁ
2223 5304 2280 5362 δὲ
2332 5305 2586 5383 βασιλεὺς
2636 5306 2702 5363 τὰ
2750 5305 2989 5364 ἰπινικία
3035 5308 3196 5372 θύσας
3255 5329 3337 5381 τῳ
3383 5306 3694 5382 καλλινίκῳ

272 5404 510 5455 neratus
558 5399 884 5471 gloriosum
936 5404 1251 5471 martyrem
1299 5402 1609 5473 Georgium
1642 5403 1803 5475 (nam
1834 5402 1929 5458 die

2050 5398 2273 5472 μάρτυρι
2334 5396 2589 5473 Γεωργίῳ
2662 5398 2752 5469 (ἦν
2806 5398 2911 5473 γὰρ
2980 5398 3117 5453 κατά
3170 5398 3268 5465 τὴν
3330 5395 3538 5473 ἡμέραν
3597 5404 3699 5467 τῆς

270 5485 451 5559 hujus
482 5488 777 5545 memoriae
828 5494 1171 5545 consecrato
1201 5506 1335 5545 cum
1386 5491 1554 5547 hoste
1584 5492 1926 5547 conﬂictum

2050 5485 2199 5540 ιύτοῦ
2236 5487 2461 5559 μνήμης
2511 5484 2772 5563 συρράξας
2817 5491 2935 5549 τοῖς
2985 5485 3301 5560 πολεμίοις)
3344 5490 3413 5561 τῇ
3455 5486 3686 5562 ἐπιούσῃ

266 5577 693 5650 fuit)postridie
726 5578 798 5634 ad
838 5578 1207 5635 Dorostolum
1253 5578 1437 5651 ducit,
1471 5580 1673 5653 ibique
1717 5580 1926 5637 castris

2050 5575 2125 5631 ιαὶ
2166 5574 2327 5638 αὐτὸς
2353 5578 2454 5642 τῆς
2485 5576 2621 5651 πρὸς
2669 5575 2734 5631 τὸ
2784 5574 3122 5649 Δορόστολον
3173 5574 3373 5651 ἥψατο,
3427 5574 3600 5632 έκεῖσέ
3634 5595 3696 5632 τε

272 5665 656 5725 communitis
685 5665 934 5725 classem
956 5666 1277 5727 Romanam
1309 5668 1605 5744 operitur:
1630 5686 1767 5731 nam
1791 5673 1927 5729 ante

2050 5664 2333 5744 γενόμενος
2379 5662 2799 5743 στρατοπεδείαν
2830 5662 3089 5738 ἐπιήξατο
3139 5664 3369 5743 ὀχυράν.
3402 5665 3479 5727 Οὐ
3532 5664 3699 5741 μέντο
