4004 6208
246 339 365 399 133

1394 329 1941 395 HISTORIARUM
1989 332 2535 399 COMPENDIUM.

3550 355 3666 417 134

241 490 301 547 γι
328 468 422 525 καὶ
452 467 785 543 πολιορκίας
817 467 1015 541 ἥψατο,
1048 464 1243 567 δεδιςος
1289 467 1365 539 μή
1417 486 1533 567 πως
1584 461 1897 567 ἀφυλάκτρυ

2024 463 2195 538 hujus
2226 468 2544 527 adventum
2589 474 3090 547 oppugnationem
3138 484 3373 553 aggredi
3405 485 3664 557 nolebat,

244 565 340 615 τοῦ
370 563 629 631 ποταμοῦ
654 559 1023 633 τυγχάνοντος
1052 552 1355 630 ἀποδρᾶσαι
1406 556 1542 628 μετὰ
1587 558 1694 609 τῶν
1751 558 1895 624 νηῶν

244 648 521 718 δυνηθεῖεν
578 650 630 703 οἱ
679 649 849 709 Ῥώςο
909 645 1273 719 αὐλισάμενος
1334 642 1392 700 δὲ
1447 647 1749 721 προσέμενε
1803 644 1896 699 τὸν

241 740 554 810 Ῥωμαϊκὸν
585 735 809 794 στόλον.
842 738 928 791 Ἐν
972 740 1054 808 τῷ
1087 734 1281 809 μεταξὺ
1329 732 1389 789 δὲ
1435 735 1463 789 6
1517 731 1898 812 Σφενδοσθλά-

245 824 340 891 ϐος
369 827 461 889 οὖς
494 832 718 901 κατεῖχε
751 826 981 901 ζωγρίας
1012 824 1380 900 Βουλγάροηδς,
1416 824 1554 901 ἀμφὶ
1604 824 1701 885 τὰς
1734 824 1778 877 κ’
1809 842 1901 897 χι-

246 915 435 978 λιάδας
525 917 1013 992 ἀριθμουμένους,
1075 912 1461 990 σιδηροπέδαις
1534 914 1624 967 καὶ
1709 909 1903 972 ἄλλοις

247 1006 469 1080 δεσμοῖς
502 1005 866 1084 ἠσφαλίσατο,
898 1005 1249 1060 έπανάστασιν
1302 998 1586 1078 φοϐηθεὶς,
1618 1002 1705 1056 καὶ
1760 1000 1899 1076 πρὸς

248 1095 538 1172 ὑποδοχήν
587 1096 945 1170 ηὐτρεπίζετο
990 1102 1089 1164 τῆς
1137 1092 1480 1169 πολιορκίας.
1515 1089 1657 1162 Ἱιδη
1712 1088 1770 1145 δὲ
1812 1090 1903 1145 καὶ

246 1200 342 1249 τοῦ
400 1193 606 1249 στόλου
664 1189 1067 1254 καταλαϐόντος
1118 1191 1390 1267 έπεχείρει
1449 1193 1518 1263 τῇ
1563 1186 1906 1264 τειχομαχίᾳ

250 1286 277 1339 6
340 1284 622 1356 βασιλεὺς,
677 1285 761 1356 [Ρ.
810 1284 938 1356 676]
990 1282 1082 1336 καὶ
1139 1280 1413 1344 πολλάκις
1469 1273 1903 1353 έπεκδραμόντας

246 1374 378 1435 τοὺς
421 1372 635 1434 Σκύθας
691 1372 972 1447 έτρέψατο.
1004 1375 1117 1441 Μιᾷ
1178 1369 1237 1426 δὲ
1290 1375 1397 1424 τῶν
1438 1372 1661 1443 ἡμερῶν
1713 1364 1906 1422 σκεδα-

248 1469 419 1527 σθεῖσι
468 1468 587 1523 τοῖς
627 1461 925 1534 Ῥωμαίοις
975 1460 1053 1523 εὶς
1092 1459 1309 1536 ἄριστον
1358 1459 1480 1535 περὶ
1524 1456 1712 1528 δείλην
1744 1456 1904 1531 ὀψίαν

246 1554 300 1607 οἱ
359 1546 652 1627 βάρϐαροι,
694 1550 774 1613 εἲς
820 1549 916 1605 δύο
967 1548 1323 1625 διαιρεθέντες
1381 1547 1544 1624 μέρη,
1591 1548 1775 1608 ἱππεῖς
1816 1544 1906 1599 καὶ

244 1643 401 1711 πεζοὶ
436 1641 498 1695 ἐκ
528 1638 779 1695 πυλίδων
816 1638 914 1695 δύο
944 1647 1044 1709 τῆς
1077 1638 1316 1706 πόλεως,
1347 1645 1449 1708 τῆς
1496 1657 1554 1693 τε
1598 1637 1733 1692 κατά
1780 1636 1907 1689 ἀνα-

242 1730 435 1799 τολὰς,
470 1732 533 1798 ἢν
568 1735 820 1808 φρουρεῖν
852 1728 1102 1784 έτέτακτο
1134 1728 1334 1804 Πέτρος
1364 1727 1392 1781 6
1423 1722 1910 1802 στρατοπεδάρχης

248 1820 385 1893 μετὰ
432 1824 655 1893 Θρᾳκῶν
704 1819 796 1873 καὶ
838 1816 1194 1887 Μακεδόνων,
1244 1818 1341 1873 καῖ
1386 1823 1487 1886 τῆς
1534 1817 1671 1889 πρὸς
1731 1811 1905 1884 δύσιν,

248 1873 389 1965 ἔξω
440 1873 651 1982 έὰρδας
699 1910 727 1963 6
777 1873 1033 1983 Σκληρὸς
1081 1873 1213 1981 μετά
1240 1911 1349 1961 τῶν
1382 1873 1585 1978 ἘιίλωνΙ
1623 1873 1905 1976 δυνάμεων
1937 1873 1986 1938 Β

252 2001 353 2069 τήν
424 1997 673 2075 φυλακὴν
732 1995 1116 2073 έπετέτραπτο,
1170 1996 1397 2067 έξῆλθον
1455 1995 1916 2071 παραταξάμενοι,

258 2099 380 2151 δότε
440 2098 656 2171 πρῶτον
710 2095 958 2172 φανέντες
1013 2090 1260 2172 ἔφιπποι·
1293 2094 1392 2155 τὰς
1440 2094 1543 2168 γὰρ
1591 2110 1917 2168 προηγησα-

257 2186 424 2257 μὲνας
467 2183 650 2258 μάχας
695 2184 847 2252 πεζοὶ
898 2180 1315 2258 διηγωνίσαντο.
1350 2182 1453 2243 Οὓς
1515 2182 1808 2257 εὐρώστως
1863 2181 1917 2235 ct

252 2276 525 2346 Ῥωμαῖοι
577 2270 858 2345 δεξάμενοι
925 2270 1171 2344 ἐκθύμως
1223 2269 1536 2347 έμάχοντο’
1596 2270 1688 2325 καὶ
1746 2268 1916 2343 μέχρι

253 2360 476 2418 πολλοῦ
508 2360 862 2423 ίσοτάλαντος
892 2362 955 2429 ἧν
992 2362 1019 2415 6
1050 2361 1222 2436 ἀγών.
1256 2361 1432 2425 Τέλος
1473 2358 1532 2415 δὶ
1577 2363 1645 2434 τῇ
1690 2360 1916 2437 σφετέρᾳ

252 2452 419 2527 ἀρετῇ
471 2453 734 2523 Ῥωμαῖοι
779 2450 1034 2526 τρέπουσι
1079 2449 1209 2513 τοὺς
1268 2444 1573 2525 βαρϐάρους
1632 2448 1721 2503 καὶ
1776 2447 1912 2521 πρὸς

254 2546 445 2613 τεῖχος
478 2536 849 2613 συγκλείουσι,
881 2534 1114 2592 πολλῶν
1153 2538 1247 2592 κάν
1278 2542 1358 2609 τῷ
1407 2537 1579 2613 ἀγῶνι
1617 2534 1761 2609 τῷδε
1816 2556 1911 2590 πε-

253 2630 485 2699 σόντων,
517 2628 608 2681 καὶ
669 2625 880 2699 μᾶλλον
935 2627 1171 2697 ἱππέων,
1206 2624 1439 2700 μηδενὸς
1502 2624 1560 2681 δὲ
1616 2630 1725 2681 τῶν
1779 2626 1914 2680 Ῥω·-

256 2717 436 2788 μαίων
468 2719 978 2790 τραυματισθέντος,
1010 2715 1137 2772 ἀλλ’
1172 2718 1205 2787 ἢ
1252 2718 1430 2790 μόνων
1476 2714 1665 2771 ’ίππων
1715 2714 1908 2770 πεσόν·

254 2827 361 2860 των
421 2811 614 2881 τριῶν.
655 2807 810 2860 Οὕτω
869 2803 928 2860 δὲ
984 2808 1330 2879 θραυσθέντες
1391 2807 1442 2860 οἱ
1506 2800 1771 2881 βάρϐαροι
1818 2804 1910 2859 καὶ

256 2895 384 2950 εἷ’σω
445 2895 666 2969 τείχους
718 2894 1094 2960 συνελαθέντες
1148 2896 1338 2957 νυκτὸς
1383 2894 1773 2969 έπιγενομένης
1825 2890 1910 2947 δι-

256 2986 604 3059 ενυκτέρευον
632 2983 919 3061 ἄγρυπνοι,
950 2987 1039 3041 καὶ
1068 2984 1194 3048 τοὺς
1226 2985 1278 3041 έν
1306 2989 1375 3060 τῇ
1434 2986 1589 3060 μάχῃ
1648 2982 1911 3047 πεσόντας

256 3074 691 3152 ἀπωλοφύροπο
763 3075 976 3150 ἀγρίοις
1050 3076 1140 3130 καὶ
1225 3072 1547 3153 φρικώδεσιν
1609 3072 1905 3150 ὀδυρμοῖς,

257 3164 331 3227 ὡς
370 3162 557 3219 δοκεῖν
588 3163 714 3226 τοὺς
746 3164 1044 3228 ἀκούοντας
1099 3164 1305 3241 θηρίων
1359 3165 1488 3219 εἶναι
1542 3163 1905 3241 βρυχηθμοὺς

2010 572 2082 611 ne
2111 573 2283 614 amne
2334 561 2613 617 custodias
2658 579 2841 619 vacuo
2873 567 3119 624 navibus
3169 571 3422 643 effugere
3462 575 3663 633 Rossis

2010 643 2232 703 liceret.
2286 648 2520 705 Interim
2573 650 3125 723 Sphendosthlahus
3172 658 3456 732 Bulgaros
3513 682 3663 736 quos

2011 736 2270 806 captivos
2301 737 2575 809 habebat,
2624 742 2699 796 ad
2726 743 2797 796 20
2837 744 3024 801 millia
3066 754 3405 806 numeratos
3433 768 3665 826 compe-

2012 824 2185 881 dibus
2216 842 2281 881 ac
2308 827 2563 885 vinculis
2611 832 2985 905 constringit,
3020 841 3289 895 metuens
3335 856 3406 895 ne
3435 841 3473 895 ii
3507 824 3667 900 sedi-

2011 913 2231 969 tionem
2264 917 2719 988 concitarent,et
2744 938 2806 977 se
2823 924 2893 978 ad
2914 922 3277 983 tolerandam
3299 929 3668 991 obsidionem

2012 1007 2198 1073 parat.
2226 1005 2551 1076 Imperator
2571 1009 2668 1063 ubi
2705 1009 2912 1067 classis
2943 1015 3193 1084 appulit,
3213 1034 3554 1091 oppugnare
3577 1039 3671 1079 ur-

2011 1090 2145 1146 bem
2196 1092 2426 1166 incipit,
2461 1100 2519 1152 et
2568 1113 2722 1170 saepe
2773 1107 3151 1175 erumpentes
3200 1107 3343 1162 urbe
3382 1090 3673 1169 barbaros

2013 1180 2307 1252 proﬂigat.
2340 1184 2603 1247 Quadam
2655 1188 2751 1244 die
2797 1190 2908 1245 sub
2936 1207 3239 1263 vesperam
3286 1195 3567 1257 Romanis
3599 1203 3671 1258 ad

2014 1284 2242 1325 ccenam
2270 1272 2599 1346 dissipatis,
2635 1277 2869 1333 barbari
2890 1280 3171 1352 bipartito
3192 1284 3427 1356 agmine
3447 1289 3677 1360 equites

2012 1370 2072 1422 et
2101 1369 2330 1439 pedites
2361 1375 2512 1441 (tum
2537 1374 2796 1446 primum
2830 1377 2870 1431 ii
2897 1380 3128 1450 equites
3156 1381 3263 1439 visi
3293 1388 3454 1454 sunt,
3476 1386 3678 1445 hacte-

2016 1472 2129 1512 nus
2161 1458 2388 1529 pedites
2437 1466 2669 1519 tantum
2702 1470 3131 1541 pugnaverant)
3161 1472 3389 1529 duabus
3419 1490 3481 1531 se
3513 1478 3678 1535 urbis

2017 1546 2203 1617 portis
2252 1550 2589 1622 effundunt,
2643 1570 2897 1625 quarum
2946 1574 3065 1614 una
3111 1576 3318 1618 versus
3366 1563 3674 1639 orientem,

2018 1652 2197 1725 quam
2229 1641 2530 1697 custodire
2554 1644 2764 1714 jussus
2789 1650 2916 1702 erat
2939 1647 3145 1705 Petrus
3174 1655 3500 1709 castrorum
3532 1672 3678 1725 pras-

2017 1724 2210 1783 fectus
2237 1742 2371 1785 cum
2391 1730 2716 1789 Thracibus
2746 1738 2803 1790 et
2830 1737 3245 1796 Macedonibus
3270 1758 3284 1808 ;
3316 1743 3465 1798 401
3494 1724 3679 1803 altera

2026 1815 2431 1886 occidentalis,
2454 1822 2525 1875 ad
2549 1839 2724 1892 quam
2748 1823 2806 1879 in
2822 1826 3081 1883 excubiis
3104 1827 3331 1886 locatus
3352 1837 3477 1888 erat
3495 1834 3684 1893 Barda

2014 1903 2250 1962 Sclerus
2273 1924 2406 1964 cum
2435 1909 2843 1970 Orientalibus
2864 1916 3068 1987 copiis.
3093 1918 3320 1975 Acriter
3334 1921 3681 1981 dimicatum

2031 1997 2138 2062 est,
2176 1995 2457 2054 Romanis
2475 2000 2701 2057 fortiter
2721 2018 2821 2058 eos
2852 2004 3337 2065 subsistentibus.
3363 2011 3430 2067 Et
3452 2013 3684 2071 tametsi

2028 2082 2375 2155 aliquandiu
2421 2088 2599 2145 dubia
2647 2093 2810 2147 stetit
2838 2092 3103 2163 victoria,
3136 2101 3334 2154 tamen
3385 2101 3456 2156 ad
3489 2108 3683 2161 extre-

2028 2187 2192 2227 mum
2226 2173 2475 2233 Romani
2508 2194 2618 2235 sua
2645 2180 2859 2238 virtute
2890 2184 3171 2243 barbaros
3214 2188 3488 2260 fundunt,
3522 2192 3675 2248 mul-

2024 2261 2222 2332 tisque
2252 2265 2459 2322 occisis
2509 2269 2762 2325 maxime
2803 2273 2875 2327 de
2922 2275 3207 2345 equitatu,
3240 2276 3300 2333 in
3342 2281 3547 2336 urbem
3582 2298 3675 2337 re-

2022 2347 2217 2421 liquos
2230 2354 2612 2427 compellunt.
2639 2357 3035 2417 Romanorum
3051 2364 3350 2421 sauciatus
3366 2372 3454 2423 est
3476 2386 3673 2439 nemo,

2025 2456 2212 2511 neque
2243 2442 2357 2498 nisi
2404 2449 2523 2501 tres
2554 2448 2689 2517 equi
2739 2449 3065 2521 quidquam
3099 2454 3289 2523 periit.
3342 2455 3460 2512 Hoc
3486 2460 3675 2529 {pacto

2022 2528 2192 2584 fracti
2223 2531 2454 2589 barbari
2497 2539 2553 2591 et
2582 2535 2737 2592 intra
2769 2554 2971 2595 muros
3015 2543 3201 2598 coacti
3234 2549 3462 2601 noctem
3495 2528 3671 2604 istam

2022 2616 2883 2695 insomnemexegerunt,eteos
2905 2629 3002 2700 qui
3027 2629 3085 2685 in
3111 2635 3675 2709 pugnaceciderant,

2020 2707 2160 2763 feris
2210 2714 2380 2781 atque
2424 2714 2786 2772 terribilibus
2837 2718 3157 2789 ejulatibus
3202 2707 3673 2797 deploraverunt,

2021 2799 2086 2850 ut
2138 2798 2476 2873 quicunque
2524 2804 2816 2871 audirent,
2864 2824 2981 2862 non
3031 2808 3338 2867 hominum
3390 2812 3672 2885 lamenta,

2019 2886 2120 2940 sed
2146 2888 2398 2945 ferarum
2423 2893 2653 2963 rugitus
2677 2898 2733 2949 et
2754 2896 3020 2968 mugitus
3034 2903 3337 2970 putaretse
3352 2904 3669 2976 percipere.

2019 2984 2141 3075 Siub
2168 3004 2437 3045 auroram
2457 3007 2660 3048 omnes
2678 2993 2778 3064 qui
2806 2994 2943 3051 hinc
2972 2995 3110 3054 inde
3138 3015 3238 3071 per
3266 3001 3509 3060 castella
3530 3020 3675 3075 prea-

2018 3074 2152 3130 sidii
2193 3093 2368 3134 causa
2398 3084 2584 3151 erant,
2618 3083 2689 3137 ad
2722 3099 2783 3139 se
2814 3084 3186 3143 Dorostolum
3218 3096 3481 3161 evocant,
3514 3074 3674 3166 iique

2023 3166 2231 3234 praesto
2255 3166 2511 3223 fuerunt.
2532 3169 2855 3242 Imperator
2876 3190 3107 3246 quoque
3138 3180 3329 3234 totum
3352 3180 3670 3240 exercitum

255 3255 342 3307 καὶ
377 3254 625 3329 ὠρυγὰς,
658 3252 783 3310 ἀλλ’
816 3253 879 3310 οὗ
909 3234 1480 3331 θρήνους-ἀνθρώπων
1515 3234 1602 3309 καὶ
1635 3234 1907 3329 σίμωγάς.

2024 3251 2079 3307 in
2114 3268 2387 3327 campum
2413 3258 2510 3328 qui
2534 3234 2785 3316 estante
2808 3234 3267 3335 urbembduxit;
3300 3234 3671 3329 stibarbarcs

252 3352 496 3429 Ἡμέρας
556 3349 614 3407 δὶ
668 3350 787 3428 άρτι
846 3349 1191 3428 διαγελώσης
1266 3352 1463 3415 πάντας
1515 3351 1643 3414 τοὺς
1694 3350 1746 3406 ἔν
1801 3371 1912 3406 τισι

256 3441 551 3519 φρουρίοις
580 3440 655 3504 εἷς
688 3441 937 3519 φυλακὴν
966 3440 1393 3516 ἐσκεδασμένους
1452 3441 1815 3498 ἀνεκαλοῦντο
1864 3440 1918 3506 ἐς

252 3533 319 3587 τὸ
350 3530 727 3607 Δορόστολον,
748 3533 838 3586 καὶ
870 3532 1083 3607 ταχέως
1135 3534 1270 3601 ἧκον
1326 3530 1775 3605 μετακληθέντες.
1808 3531 1913 3587 Καὶ

260 3622 287 3675 6
317 3619 586 3696 βασιλεὺς
618 3618 677 3676 δὶ
705 3619 1017 3695 ἀνειληφὼς
1047 3619 1184 3693 ὅλην
1207 3622 1307 3691 τὴν
1340 3619 1564 3695 δύναμιν
1615 3620 1782 3691 ἦλθεν
1837 3620 1912 3683 είς

256 3711 319 3764 τὸ
352 3711 470 3785 πρὸ
497 3717 597 3779 τῆς
625 3710 846 3773 πόλεως
874 3708 1081 3783 πεδίον,
1112 3712 1203 3766 καὶ
1234 3712 1369 3786 πρὸς
1401 3709 1645 3784 πόλεμον
1696 3709 1916 3784 ἠρέθιζε

255 3800 386 3860 τοὺς
426 3794 757 3874 βαρϐάρους.
789 3800 944 3856 Ἐπεὶ
984 3798 1041 3855 δὶ
1074 3803 1149 3873 μὴ
1199 3799 1439 3874 ἐξῄεσαν,
1472 3799 1546 3861 εἷς
1591 3800 1655 3854 τὸ
1688 3798 1913 3871 στρατό-

257 3886 430 3943 πεδον
468 3890 808 3964 ὑποστρέψας
835 3888 1067 3965 ἡσυχίαν
1095 3890 1220 3964 ἦγε.
1252 3890 1348 3943 Καὶ
1400 3887 1716 3964 προσῆλθον
1762 3888 1914 3960 αὐτῷ

258 3972 519 4052 πρέσϐεις
550 3978 609 4033 έκ
640 3978 1037 4039 Κωνσταντείας
1086 3979 1175 4033 καὶ
1224 3983 1329 4033 τῶν
1389 3976 1574 4033 ἄλλων
1639 3976 1909 4055 φρουρίων

257 4072 366 4121 τῶν
404 4066 573 4140 πέραν
620 4064 925 4141 ἱδρυμένων
981 4071 1078 4122 τοῦ
1108 4068 1342 4139 Ἴστρου,
1372 4066 1671 4141 ἀμνηστίαν
1729 4070 1910 4121 κακῶν

263 4155 583 4228 αξτοῦμενοι
613 4158 705 4210 καὶ
754 4158 976 4219 ἑαυτοὺς
1020 4155 1411 4234 ἐγχειρίζοντες
1462 4156 1553 4211 σὺν
1595 4161 1714 4219 τοῖς
1777 4156 1911 4231 ὀχυ-

263 4248 548 4319 ρώμασινο
610 4245 705 4307 οὓς
761 4250 1052 4321 προσηνῶς
1103 4245 1391 4320 δεξάμενος
1451 4245 1732 4301 ἀπέστειλε
1787 4245 1913 4309 τοὺς

262 4334 770 4409 παραληψομένους
794 4336 861 4389 τα
891 4335 1123 4413 φρούρια
1150 4336 1240 4390 καὶ
1268 4336 1517 4411 στρατιὰν
1579 4336 1909 4411 ἀποχρῶσαν

264 4424 341 4485 εἰς
400 4426 499 4492 τὴν
561 4424 739 4479 αὗτῶν
798 4424 1243 4503 φυλακήν.’Πδη
1279 4424 1335 4480 δὲ
1387 4424 1614 4502 ἑσπέρας
1672 4425 1911 4481 καταλα-

264 4510 471 4586 ϐούσης
499 4516 597 4578 τὰς
624 4517 797 4578 πάσας
828 4516 1005 4579 πόλις
1060 4524 1160 4587 τῆς
1216 4516 1432 4580 πόλεως
1489 4518 1911 4579 ἀναπετάσαντες

2025 3356 2160 3397 cum
2190 3344 2409 3401 frustra
2438 3346 2508 3401 ad
2539 3363 2800 3419 pugnam
2846 3357 3237 3421 provocasset,
3269 3354 3326 3409 in
3360 3360 3551 3413 castra
3583 3374 3672 3414 re-

2026 3430 2211 3499 duxit,
2246 3449 2311 3488 ac
2338 3434 2580 3505 quievit.
2613 3436 2691 3492 Ea
2721 3438 2815 3493 die
2844 3439 2914 3494 ad
2938 3438 3135 3511 ipsum
3166 3443 3409 3499 veniunt
3438 3444 3615 3518 legati
3638 3463 3673 3504 a

2025 3518 2382 3591 Constantia,
2415 3528 2473 3579 et
2503 3524 2634 3581 aliis
2664 3529 2827 3583 trans
2857 3528 3069 3585 Istrum
3102 3530 3229 3587 sitis
3260 3533 3541 3607 castellis,
3571 3553 3671 3593 ve-

2024 3609 2183 3665 niam
2214 3615 2480 3683 petentes
2509 3621 2562 3669 et
2592 3630 2655 3670 se
2685 3631 2752 3671 ac
2804 3617 3167 3675 munitiones
3197 3620 3494 3678 dedentes.
3528 3624 3671 3688 Qui-

2021 3697 2135 3753 bus
2175 3699 2425 3772 benigne
2455 3705 2711 3775 acceptis
2743 3704 2926 3761 mittit
2966 3707 3065 3780 qui
3098 3709 3337 3766 castella
3365 3711 3670 3786 recipiant,

2022 3789 2319 3862 simulque
2370 3793 2667 3863 praesidia,
2699 3796 2915 3868 quibus
2966 3815 3034 3855 ea
3081 3802 3367 3857 asservari
3412 3803 3667 3875 quirent.

2023 3878 2271 3951 Vespere
2294 3882 2417 3952 jam
2450 3884 2599 3939 facto
2643 3885 2807 3941 Rossi
2839 3888 2992 3945 402
3037 3889 3313 3948 omnibus
3343 3892 3507 3949 urbis
3534 3909 3667 3965 por-

2020 3968 2098 4023 tis
2130 3970 2366 4041 apertis,
2412 3988 2656 4029 numero
2704 3976 3024 4033 admodum
3058 3979 3238 4045 aucti,
3270 3979 3329 4036 in
3374 3984 3667 4041 Romanos

2022 4059 2095 4114 ob
2124 4063 2354 4115 noctem
2375 4061 2518 4117 nihil
2540 4062 2650 4119 tale
2668 4065 3037 4136 suspicantes
3060 4068 3317 4125 irruunt.
3344 4074 3407 4127 Et
3428 4072 3666 4144 quidem

2022 4149 2213 4221 primo
2245 4150 2519 4208 conﬂictu
2567 4153 2815 4211 victores
2859 4157 3230 4229 videbantur,
3262 4160 3548 4231 paulatim
3579 4168 3668 4220 ta-

2023 4254 2157 4294 men
2191 4239 2437 4297 Romani
2470 4244 2801 4315 superiores
2828 4251 2968 4302 sunt
2999 4247 3159 4303 facti.
3192 4249 3338 4305 Nam
3363 4251 3463 4307 ubi
3493 4252 3681 4324 Spha-

2022 4328 2211 4401 gellus
2239 4330 2557 4387 fortissime
2586 4350 2859 4407 pugnans
2883 4337 3115 4405 cecidit,
3141 4354 3206 4395 eo
3238 4340 3460 4397 amisso
3494 4342 3679 4399 animi

2023 4419 2399 4477 barbarorum
2429 4421 2704 4493 languere
2735 4432 3038 4498 cmperunt
3058 4432 3115 4484 et
3144 4428 3374 4487 remisit
3400 4431 3684 4504 impetus.

2020 4508 2127 4564 Per
2159 4514 2341 4567 totam
2399 4515 2598 4568 tamen
2652 4518 2883 4571 noctem
2932 4518 3293 4587 subsistunt,
3324 4524 3498 4591 atque
3541 4522 3686 4580 adeo

265 4606 319 4658 οἱ
382 4606 543 4678 Ῥὼς,
571 4605 776 4677 πολλῷ
817 4611 925 4661 τῶν
978 4608 1256 4683 προτέρων
1301 4606 1549 4669 πλείονες
1599 4605 1767 4675 ὄντες,
1813 4605 1911 4661 έπιι

2044 4603 2115 4659 ad
2142 4602 2446 4658 meridiem
2471 4620 2660 4675 usque
2684 4622 2697 4661 :
2733 4610 2857 4662 tum
2883 4608 3122 4664 demum
3154 4610 3687 4669 animadvertentes

266 4694 528 4749 πίπτουσι
556 4700 676 4759 τοῖς
704 4696 1001 4769 Ῥωμαίοις
1050 4695 1386 4759 ἀνελπίστως
1446 4694 1534 4751 διὰ
1591 4697 1689 4765 τὴν
1750 4695 1918 4751 νύκτα

268 4781 536 4859 διίγουσιο
567 4784 661 4839 καὶ
685 4784 820 4839 κατᾶ
853 4786 947 4857 μὶν
974 4787 1073 4854 τὴν
1114 4787 1337 4857 πρώτην
1390 4782 1676 4859 συμϐολὴν
1734 4780 1918 4859 ἔδοξαν

263 4880 630 4947 προτερῆσαι,
695 4875 828 4946 μετᾶ
904 4876 1093 4948 μικρὸν
1156 4873 1213 4930 δὶ
1271 4876 1569 4951 ὑπερέσχον
1628 4877 1917 4949 Ῥωμαῖοι.

261 4974 352 5039 Ὠς
384 4976 490 5049 γάρ
524 4969 720 5044 συνέϐη
754 4979 935 5028 πεσεῖν
965 4975 1054 5029 τὸν
1114 4974 1432 5051 Σφάγελλον
1480 4978 1736 5050 ἠρωϊκῶς
1770 4974 1920 5050 ἀγω-

263 5065 583 5135 νιζόμενον,
646 5062 1017 5139 συνεχύθησαν
1072 5067 1141 5137 τῇ
1197 5067 1294 5118 τοῦ
1345 5065 1604 5126 πεσόντος
1674 5065 1923 5137 στερήσει

262 5156 351 5206 καὶ
382 5154 483 5213 τὰς
539 5155 715 5228 ὁρμᾶς
764 5152 1176 5228 έχαυνώθησαν.
1209 5155 1405 5226 ’Ὅμως
1461 5152 1738 5208 ἀνένδοτοι
1796 5154 1924 5227 παρ’

266 5242 407 5311 ὅλην
444 5245 542 5309 τὴν
574 5242 741 5296 νύκτα
785 5240 1056 5315 διέμειναν
1102 5243 1192 5297 καὶ
1246 5244 1345 5312 τήν
1401 5242 1653 5298 ἐπιοῦσαν
1712 5243 1923 5317 ἡμέραν

270 5332 444 5406 μέχρι
481 5335 750 5406 σταθηρᾶς
788 5326 1151 5406 μεσημϐρίας.
1184 5331 1314 5387 Τότε
1370 5330 1437 5401 δὴ
1497 5337 1593 5387 τοῦ
1654 5330 1927 5408 βασιλέως

268 5418 509 5491 δύναμιν
537 5421 891 5497 πεπομφότος
926 5419 1004 5499 ἐφ’
1038 5421 1084 5492 ᾦ
1131 5427 1249 5483 τοῖς
1310 5416 1605 5497 βαρϐάροις
1666 5420 1927 5476 ἀποκλεῖ-

270 5529 357 5563 σαι
391 5510 496 5576 τὴν
524 5509 599 5572 εἰς
630 5511 730 5579 τήν
774 5508 939 5565 πόλιν
980 5507 1213 5579 εἴσοδον,
1244 5511 1458 5586 γνόντες
1506 5512 1557 5567 οἱ
1588 5513 1723 5574 Ῥὼς
1777 5508 1928 5567 ἔκλι-

270 5620 361 5652 ναν
398 5597 485 5659 εἰς
502 5601 695 5676 φυγήν,
726 5600 940 5661 καὶτὰς
966 5600 1105 5675 πρὸς
1151 5602 1253 5671 τήν
1297 5599 1461 5655 πόλιν
1513 5598 1758 5663 εἰσόδους
1806 5599 1928 5656 ἐπι-

268 5688 686 5764 τετειχισμένας
721 5686 963 5765 εὑρόντες
1009 5684 1233 5769 ἔφευγον
1297 5687 1387 5746 διὰ
1435 5693 1533 5747 τοῦ
1588 5686 1782 5747 πεδίου
1834 5690 1926 5748 καί

2027 4693 2099 4749 ab
2132 4692 2483 4764 imperatore
2528 4694 2773 4750 missam
2807 4713 2935 4752 esse
2985 4699 3270 4755 exercitus
3300 4705 3526 4773 partem
3557 4718 3688 4774 qua

2033 4783 2249 4837 Rossos
2296 4782 2457 4838 aditu
2501 4782 2560 4838 in
2613 4785 2817 4840 urbem
2849 4785 3209 4859 excluderet,
3244 4790 3393 4861 fugas
3427 4806 3490 4846 se
3521 4792 3685 4865 dant,

2032 4895 2283 4950 cumque
2312 4882 2437 4938 vias
2482 4882 2541 4938 in
2574 4883 2778 4940 urbem
2812 4886 3095 4943 ducentes
3127 4888 3459 4945 invenirent
3488 4889 3690 4948 obses-

2034 4987 2153 5038 sas,
2188 4987 2291 5042 per
2322 4987 2599 5043 campum
2651 4974 2786 5045 fuga
2818 4975 3093 5047 dispersi,
3129 4977 3201 5032 ab
3236 4977 3691 5051 insequentibus

2034 5060 2205 5115 multi
2238 5061 2604 5117 occiduntur.
2655 5062 2731 5118 Ea
2780 5080 2905 5136 qua:
2951 5066 3273 5123 subsecuta
3303 5068 3568 5139 proxime
3598 5072 3689 5125 est

2035 5166 2167 5216 nox,
2198 5148 2746 5221 Sphendosthlabus
2779 5153 2944 5209 urbis
2975 5170 3178 5211 muros
3215 5156 3369 5213 fossa
3398 5157 3691 5229 profunda

2036 5238 2545 5306 circumdabat,ne
2576 5240 2743 5296 facile
2761 5242 3011 5298 Romani
3035 5261 3170 5299 cum
3203 5245 3426 5318 impetu
3451 5251 3693 5319 possent

2036 5344 2135 5383 eos
2166 5331 2571 5399 oppugnatum
2622 5330 2939 5402 accedere;
2984 5337 3159 5405 atque
3189 5334 3298 5390 hoc
3343 5336 3517 5391 modo
3548 5336 3691 5392 urbe

2038 5418 2404 5472 communita
2433 5416 2641 5473 statuit
2664 5418 3029 5477 obsidionem
3060 5422 3381 5481 fortissime
3410 5427 3689 5497 perferre.

2038 5516 2187 5580 Quia
2216 5519 2412 5572 autem
2443 5516 2709 5588 plerique
2731 5518 2986 5575 militum
3012 5521 3141 5592 ejus
3172 5522 3246 5578 ob
3276 5522 3523 5579 vulnera
3540 5521 3690 5578 male

2039 5605 2353 5674 habebant,
2374 5610 2431 5662 et
2443 5605 2570 5678 jam
2602 5609 2969 5682 consumptis
2998 5609 3298 5693 alimentis
3318 5614 3563 5686 penuria
3583 5610 3692 5665 im—

2039 5694 2322 5765 minebat,
2342 5710 2476 5751 cum
2495 5695 2803 5770 importari
2832 5698 3070 5757 aliunde
3091 5700 3412 5773 quidquam
3438 5699 3691 5759 Romani
