4004 6208
357 332 471 394 135

1698 322 2015 383 GEORGII
2062 322 2371 386 CEDREN
2380 325 2402 385 Ι

3645 332 3775 396 136

351 481 467 522 non
493 462 773 529 sinerent,
808 458 1114 518 observata
1162 458 1331 513 nocte
1363 455 1670 512 tenebrosa
1705 471 1770 511 ac
1800 452 1974 511 illuni

2114 450 2672 543 καταλαμϐανόμενοι
2727 458 3050 537 ἀνῃροῦντο.
3099 462 3161 521 Ὀ
3216 459 3274 518 δὲ
3327 459 3781 543 Σφενδοσθλάϐος

274 602 275 609 η
346 554 409 612 in
428 569 605 628 quam
623 551 844 607 imbres
862 547 1082 620 magni,
1105 546 1326 620 grando
1348 544 1627 601 terribilis
1650 544 1967 617 fulguraqu

2111 544 2302 606 νυκτὸς
2332 542 2719 622 ἐπιγενομένης
2750 545 2979 625 διώρυγι
3036 551 3228 626 βαθείᾳ
3282 552 3345 607 τὸ
3389 542 3502 623 τῆς
3553 552 3776 615 πόλεως

349 648 406 701 et
435 642 694 700 tonitrua
723 638 1014 696 horrenda
1042 636 1391 701 inciderant,
1423 650 1556 689 cum
1588 633 1820 689 duobus
1850 633 2002 689 viro-

2111 632 2447 709 ἐστεφάνωσε
2476 642 2686 712 τεῖχος,
2719 639 2800 712 [Ρ.
2833 641 2963 712 677]
2998 637 3091 694 ἵνα
3160 640 3236 713 μὴ
3288 640 3531 717 εὐχερῶς
3588 638 3769 719 ἔχοιεν

352 751 485 792 rum
516 730 780 788 millibus
827 727 1035 784 lintres
1082 722 1430 781 conscendit
1467 729 1524 777 et
1575 722 1646 777 ad
1690 722 1974 793 quarend:

2112 723 2163 777 oi
2194 724 2459 797 Ῥωμαῖοι
2494 727 2611 799 μεθ’
2641 727 2824 802 ὁρμῆς
2852 732 2932 801 τῷ
2959 731 3061 797 τῆς
3110 728 3327 795 πόλεως
3374 730 3546 808 τείχει
3594 752 3769 807 προσ-

350 822 528 881 victui
559 817 893 878 necessaria
936 814 1195 886 navigat.
1245 812 1389 868 Cum
1422 810 1798 883 collegissent
1829 816 2002 882 prout

350 912 602 987 quisque
618 910 771 967 403
802 904 1063 964 nancisci
1097 905 1341 977 poterat,
1362 902 1742 970 frumentum,
1768 899 1998 955 milium

346 1007 404 1059 et
424 1002 571 1059 alias
585 1002 653 1056 ad
670 999 850 1054 vitam
865 992 1311 1052 sustentandam
1336 990 1616 1046 facientes
1637 1004 1996 1057 res,rursum

345 1093 587 1148 adverso
616 1087 860 1144 ﬂumine
881 1081 1256 1141 Dorostolum
1286 1079 1603 1135 vehuntur.
1629 1081 1817 1150 Atque
1845 1079 1999 1134 inter

346 1179 909 1244 revehendum,cum
936 1174 998 1228 in
1032 1171 1159 1244 ripa
1182 1168 1446 1225 ﬂuminis
1466 1168 1730 1223 viderent
1761 1168 1994 1224 calones

344 1269 497 1325 haud
552 1282 790 1340 paucos,
845 1278 1098 1336 quorum
1155 1258 1253 1315 alii
1304 1274 1486 1330 equos
1538 1257 1840 1329 potabant,
1891 1256 1993 1312 alii

340 1358 584 1413 herbam
615 1360 715 1412 aut
744 1355 901 1427 ligna
922 1350 1293 1423 colligebant,
1315 1346 1559 1402 navibus
1581 1346 1799 1419 egressi
1816 1350 1874 1401 et
1892 1360 1994 1416 per

343 1446 553 1503 silvam
602 1446 826 1517 absque
874 1440 1120 1513 strepitu
1172 1437 1532 1504 incedentes,
1565 1451 1665 1490 eos
1698 1433 1842 1489 nihil
1874 1433 1991 1492 tale

341 1536 663 1608 cogitantes
694 1532 887 1589 subito
909 1528 1275 1592 adoriuntur,
1297 1524 1617 1596 multisque
1649 1523 1985 1592 interfectis,

340 1624 600 1696 reliquos
648 1620 895 1694 palatim
945 1618 1004 1674 in
1054 1616 1317 1689 proxima
1366 1628 1607 1669 nemora
1654 1629 1716 1668 se
1773 1612 1987 1669 abdere

338 1716 578 1786 cogunt.
613 1710 753 1783 Ipsi,
787 1709 912 1766 suis
943 1706 1220 1762 lintribus
1251 1720 1489 1760 rursum
1512 1702 1868 1773 conscensis,
1894 1718 1985 1758 se-

2108 808 2383 881 πε)άζειν.
2418 814 2521 870 Καὶ
2581 814 2723 870 οὕτω
2780 817 2880 886 τὴν
2938 816 3103 873 πόλιν
3155 815 3594 897 ἀσφαλισάμενος
3626 819 3767 897 ἔγνω

2109 896 2217 955 δεῖν
2253 902 2597 979 εὐψυχότατα
2623 904 2722 974 τὴν
2774 903 3104 980 πολιορκίαν
3157 896 3576 986 προσδέχεσθαι.
3616 896 3764 965 Ἐνπεί

2108 986 2165 1044 δὶ
2192 990 2255 1044 τὸ
2285 988 2451 1046 πλέον
2475 998 2577 1062 τῆς
2607 999 2862 1070 στρατιᾶς
2918 991 3184 1072 διεκειγτο
3243 1001 3426 1061 κακῶς
3485 999 3592 1054 ἀπὸ
3650 1003 3761 1054 τῶν

2101 1081 2451 1154 τραυμάτων,
2514 1078 2955 1157 συνεπελάμϐανε
3014 1081 3072 1139 δὶ
3127 1085 3215 1140 καὶ
3268 1084 3431 1161 λιμὸς
3482 1084 3590 1159 ἤδη
3648 1093 3761 1143 τῶν

2103 1167 2404 1243 ἀναγκαίων
2455 1169 2868 1242 δαπανηθέντων
2951 1173 3155 1244 αὐτοῖς,
3217 1196 3305 1230 και
3384 1173 3515 1249 μηδ’
3571 1172 3763 1247 ἔξωθεν

2099 1258 2166 1312 τὰ
2195 1258 2330 1334 πρὸς
2387 1259 2573 1336 χρείαν
2632 1267 3054 1337 συνεχωροῦντο
3112 1263 3298 1327 αὐτοῖς
3356 1265 3759 1337 εἰσκομίζεσθαι

2098 1347 2244 1423 παρὰ
2298 1352 2405 1403 τῶν
2463 1349 2771 1424 Ῥωμαίων,
2821 1351 2987 1406 νύκτα
3067 1353 3285 1429 βαθεῖαν
3333 1353 3424 1409 καὶ
3488 1352 3758 1426 ἀσέληνον

2100 1434 2431 1511 ἐπιτηρήσας
2507 1438 2535 1492 6
2622 1436 3091 1516 Σφενδοσθλάϐος,
3144 1444 3266 1506 καθ’
3321 1444 3385 1513 ἢν
3472 1443 3623 1505 ὑετός
3697 1464 3761 1499 τε

2099 1524 2354 1601 ῥαγδαῖος
2394 1525 2445 1596 ἐξ
2496 1525 2726 1600 οὐρανοῦ
2772 1531 3082 1605 κατηνέχθη
3133 1532 3223 1586 καὶ
3273 1529 3489 1608 χάλαζα
3547 1528 3760 1611 φοϐερὰ

2094 1613 2361 1690 ἐπερῥάγη
2394 1615 2483 1669 καὶ
2546 1616 2765 1691 βρονταὶ
2825 1619 2912 1674 καὶ
2975 1619 3239 1696 ἀστραπαὶ
3300 1619 3755 1699 φρικωδέσταται.

2098 1702 2424 1776 μονοξύλοις
2452 1706 2566 1779 (28)
2596 1700 2769 1778 ἐμϐὰς
2802 1706 2935 1779 μετά
2966 1704 3258 1785 δισχιλίων
3300 1706 3510 1785 ἀνδρῶν
3558 1707 3752 1782 ἔξεισιν

338 1802 529 1858 eundo
551 1804 724 1857 vento
744 1794 1114 1856 Dorostolum
1138 1794 1402 1849 redeunt.
1428 1794 1773 1863 Imperator,
1793 1797 1855 1845 ut
1870 1789 1974 1846 hoc

2092 1791 2170 1896 εἰς
2248 1792 2610 1867 ἱπισιτισμόν.
2650 1792 3081 1896 ’Συλλεξάμενοι
3141 1794 3197 1853 δὲ
3256 1798 3375 1863 ὅθεν
3450 1800 3751 1877 εὖπόρηκεν

334 1891 614 1964 percepit,
660 1885 1077 1945 molestissime
1123 1882 1281 1947 tulit,
1322 1885 1381 1937 et
1428 1880 1728 1953 praefectos
1777 1880 1984 1936 classis

337 1979 687 2054 gravissime
718 1976 993 2050 culpavit,
1016 1973 1171 2047 quod
1192 1968 1798 2041 barbarostorostolo
1819 1969 1984 2024 avehi

336 2087 452 2129 non
484 2069 828 2135 sensissent,
846 2065 1102 2121 minatus
1121 2062 1297 2119 etiam
1321 2065 1588 2126 mortem,
1614 2059 1659 2114 si
1687 2059 1823 2130 quid
1850 2076 1987 2131 prse-

334 2163 493 2216 terea
522 2158 639 2215 tale
683 2157 831 2229 ipsis
880 2172 998 2211 non
1032 2150 1480 2209 observantibus
1527 2149 1708 2204 ﬁeret.
1743 2149 1864 2213 Quo
1898 2148 1983 2203 fa-

334 2255 495 2306 ctum
529 2253 593 2304 ut
621 2248 662 2302 ii
692 2251 1004 2316 utramque
1030 2240 1290 2297 ﬂuminis
1313 2240 1499 2311 ripam
1532 2237 1984 2310 diligentissime

334 2338 580 2411 posthac
610 2334 990 2393 custodirent.
1041 2331 1353 2387 Enimvero
1400 2326 1720 2400 imperator
1748 2342 1879 2381 cum
1912 2326 1983 2381 65

333 2428 643 2485 continuos
683 2425 809 2481 dies
858 2422 1062 2478 urbem
1107 2420 1529 2492 oppugnasset,
1578 2432 1705 2472 eam
1740 2415 1982 2488 posthac

332 2516 640 2573 obsidione
671 2518 729 2571 et
759 2514 912 2569 fame
942 2508 1149 2567 statuit
1180 2512 1423 2564 tentare.
1460 2506 1593 2561 Ideo
1622 2505 1745 2560 vias
1776 2521 1982 2561 omnes

332 2604 510 2661 fossis
542 2604 687 2660 actis
715 2607 773 2659 et
802 2598 1093 2674 praesidiis
1124 2595 1342 2653 additis
1373 2593 1586 2661 munit,
1611 2610 1683 2650 ne
1715 2594 1848 2666 quis
1880 2592 1983 2649 ali-

333 2697 666 2750 mentorum
717 2690 1103 2763 petendorum
1151 2702 1328 2742 causa
1369 2683 1523 2739 exire
1569 2683 1712 2738 urbe
1744 2687 1977 2756 posset;

329 2782 569 2855 ipseque
598 2780 660 2835 in
691 2778 996 2835 obsidione
1027 2775 1261 2831 interim
1295 2773 1412 2829 otio
1444 2771 1677 2827 fruitur.

2092 1877 2316 1944 ’ἐκαστος
2373 1887 2520 1937 σῖτον
2579 1882 2668 1938 καὶ
2726 1884 2960 1960 κέγχρον
3008 1884 3096 1941 καὶ
3145 1885 3264 1959 ε’ίδη
3297 1884 3441 1943 ἄλλα
3470 1889 3754 1945 συνεκτικά

2091 1977 2192 2040 τῆς
2244 1974 2410 2040 ζωῆς,
2443 1972 2704 2046 ἀνήγοντο
2764 1970 2855 2029 διὰ
2911 1978 3009 2030 τοῦ
3057 1981 3310 2046 ποταμοῦ
3365 1982 3485 2042 τοῖς
3516 1978 3753 2052 μονοξῦ-

2096 2057 2214 2121 λοις
2266 2059 2342 2124 εἷς
2394 2060 2458 2115 τὸ
2516 2060 2875 2137 Δορόστολον.
2913 2064 2999 2120 Ἐν
3065 2062 3123 2119 δὶ
3150 2070 3229 2138 τῷ
3259 2064 3520 2121 ἀναπλεῖν
3556 2070 3751 2131 θεασάο

2096 2170 2249 2221 μενοι
2279 2148 2415 2204 κατὰ
2459 2149 2522 2204 τὸ
2580 2147 2773 2225 χεῖλος
2827 2155 2924 2206 τοῦ
2971 2158 3225 2227 ποταμοῦ
3276 2153 3601 2231 θεράποντας
3648 2156 3756 2212 οὐκ

2093 2237 2315 2313 ὀλίγους
2345 2244 2450 2293 τῶν
2484 2244 2854 2316 στρατιωτῶν,
2878 2240 3006 2303 τοὺς
3033 2242 3127 2315 μὶν
3150 2241 3355 2306 ’ίππους
3404 2244 3751 2314 ποτίζοντας,

2090 2326 2216 2391 τοὺς
2241 2324 2299 2382 δὶ
2354 2327 2854 2404 γορτολογοῦντας,
2887 2328 3093 2394 ἄλλους
3147 2329 3206 2387 δὲ
3259 2332 3351 2388 καὶ
3407 2332 3753 2404 ξυλεύοντας,

2091 2411 2391 2478 ἀποϐάντες
2420 2421 2529 2473 τῶν
2559 2416 2767 2473 πλοίων
2818 2415 2906 2475 διὰ
2959 2427 3059 2490 τῆς
3110 2419 3248 2492 ὕλης
3300 2422 3540 2501 ἀψοφητὶ
3594 2420 3752 2499 βαδί-

2093 2509 2270 2575 ζοντες
2322 2502 2609 2577 ἀδοκήτως
2670 2506 2729 2562 ἐκ
2781 2512 2879 2562 τοῦ
2937 2508 3169 2586 ἀφανοῦς
3227 2508 3588 2584 ἐμπίπτουσιν
3650 2513 3751 2567 αὖ·

2086 2600 2225 2663 τοῖς,
2258 2595 2349 2650 καὶ
2397 2593 2645 2658 πολλοὺς
2708 2598 2803 2670 μὶν
2855 2596 3062 2653 τούτων
3117 2599 3447 2669 ἀπέκτειναν,
3503 2601 3631 2663 τοὺς
3686 2599 3748 2657 δὲ

2089 2682 2321 2746 λοιποὺς
2353 2682 2439 2739 ἐπὶ
2486 2685 2582 2747 τὰς
2638 2683 2877 2757 πλησίον
2916 2685 3135 2763 λόχμας
3195 2686 3550 2759 σκεδασθῆναι
3606 2691 3746 2761 ἠνά-

2086 2792 2310 2847 γκασαν.
2345 2771 2507 2837 Αὖθις
2538 2771 2585 2828 δ’
2616 2772 2692 2838 είς
2717 2775 2815 2837 τάς
2862 2775 3067 2852 σκάφας
3118 2771 3381 2850 ἐμϐάντες
3425 2778 3518 2833 καὶ
3569 2777 3746 2853 οὐρίῳ

333 2869 623 2948 φερόμενοι
655 2865 919 2939 πνεύματι
952 2864 1088 2941 πρὸς
1118 2862 1179 2918 τὸ
1211 2858 1546 2936 Δορόστολον
1574 2858 1854 2935 φέρονται.
1896 2860 2070 2948 Τοῦτο
2104 2858 2161 2916 δὲ
2184 2862 2414 2936 γνωσθὲν
2444 2860 2520 2924 εἷς
2554 2861 2801 2939 μεγάλην
2841 2863 2993 2920 ἀνίαν
3031 2860 3302 2940 ἐμϐάλλει
3339 2866 3431 2922 τὸν
3490 2865 3746 2943 βασιλέα,

332 2944 421 3014 καὶ
476 2960 604 3021 τοὺς
656 2958 939 3034 ἀρχηγοὺς
994 2958 1091 3011 τοῦ
1150 2952 1349 3008 στόλου
1408 2948 1458 3004 ἐν
1518 2948 1663 3021 αἰτίᾳ
1697 2948 1905 3024 μεγάλῃ
1938 2944 2112 3027 ἔσχεν,
2146 2950 2228 3006 δτι
2265 2952 2340 3025 μὴ
2375 2950 2674 3027 ἐπῄσθοντο
2700 2956 2799 3009 τοῦ
2828 2952 2888 3010 ἐκ
2918 2953 3261 3032 Δοροστόλου
3308 2960 3417 3011 τῶν
3455 2951 3747 3032 βαρϐάρων

335 3047 613 3104 ἀπόπλου·
648 3044 988 3117 ἐπηπείλησε
1018 3040 1076 3099 δὲ
1099 3042 1188 3098 καὶ
1219 3043 1442 3097 θάνατον
1476 3038 1680 3102 αὐτοῖς,
1708 3037 1753 3093 εί
1786 3035 1864 3093 ἔτι
1895 3038 2031 3110 ἅπαξ
2064 3037 2202 3115 λάθῃ
2228 3036 2472 3097 τοιοῦτόν
2504 3062 2553 3097 τι
2586 3043 2852 3119 γενὲσθαι.
2884 3043 2984 3099 Καὶ
3016 3044 3068 3100 οἱ
3101 3045 3197 3119 μὲν
3233 3043 3326 3107 τὰς
3354 3045 3484 3121 παρ’
3515 3044 3748 3120 ἑκάτερα

332 3131 506 3211 ὄχθας
557 3139 653 3189 τοῦ
710 3136 961 3208 ποταμοῦ
1007 3132 1231 3207 ἐτήρουν
1295 3126 1592 3202 ἐπιμελῶς,
1626 3128 1653 3182 6
1686 3123 1743 3181 δὲ
1804 3126 2058 3203 βασιλεὺς
2117 3128 2197 3207 ἐφ’
2230 3129 2363 3193 ὅλας
2416 3130 2575 3185 πὲντε
2630 3131 2721 3186 καὶ
2778 3132 3038 3203 ἑξήκοντα
3084 3134 3297 3211 ἡμέρας
3341 3136 3411 3208 τῇ
3441 3131 3749 3211 πολιορκίᾳ

331 3224 705 3302 χρησάμενος,
735 3224 824 3278 καὶ
856 3222 976 3287 καθ’
1006 3220 1232 3292 ἑκάστην
1256 3218 1517 3292 πολεμῶν
1534 3217 1623 3272 καὶ
1659 3218 1734 3291 μὴ
1769 3216 1960 3279 ἀνιεὶς.
1988 3215 2108 3273 δέον
2140 3218 2359 3291 ἐνόμισε
2384 3218 2473 3275 διὰ
2501 3218 2851 3296 προσεδρείας
2880 3222 2969 3277 καὶ
2997 3220 3168 3296 λιμοῦ
3208 3223 3601 3298 ἀποπειρᾶσθαι
3640 3230 3747 3294 τῆς

324 3313 562 3378 πόλεως,
596 3314 689 3369 Διὸ
737 3312 827 3368 καὶ
866 3311 1123 3368 πάντοθεν
1174 3311 1398 3388 τάρφοις
1442 3309 1535 3370 τὰς
1582 3304 1742 3369 ὁδοὺς
1789 3304 2120 3370 ἀποκλείσας
2168 3307 2257 3363 καὶ
2308 3307 2551 3387 φύλακας
2597 3308 2892 3383 ἐπιστήσας
2938 3310 3145 3381 αὐταῖς,
3179 3312 3254 3377 ὡς
3289 3313 3365 3386 μή
3392 3333 3475 3375 τις
3509 3310 3640 3382 ἐξίοι
3670 3314 3743 3368 τὰ

326 3401 604 3478 ἐπιτήδεια
631 3403 900 3478 κομίσων,
934 3401 1170 3473 ἐκάθητο
1200 3402 1447 3477 ἠρεμῶν.
1481 3399 1578 3454 Καὶ
1610 3398 1677 3452 τὰ
1703 3398 1799 3471 μὶν
1826 3395 1876 3452 ἐν
1911 3396 2233 3471 Δοροστόλω
2266 3393 2482 3477 ἐφέρετο
2513 3397 2664 3475 τῇδε.

383 3498 535 3554 Dum
568 3496 690 3553 haec
718 3497 789 3552 ad
820 3493 1191 3552 Dorostolum
1234 3495 1537 3565 geruntur,
1573 3492 1684 3548 Leo
1714 3507 1960 3562 curopo-

2144 3489 2293 3543 Λὲων
2327 3486 2384 3543 δὲ
2436 3490 2464 3544 ὁ
2515 3489 2933 3566 κουροπαλάτης
2979 3491 3071 3547 καὶ
3124 3492 3437 3571 Νικηφόρος
3477 3492 3505 3546 6
3534 3491 3737 3550 τούτου

312 3585 460 3642 lates
489 3590 547 3643 et
570 3585 936 3658 Nieephorus
957 3583 1086 3654 ejus
1110 3580 1288 3651 filius,
1307 3596 1455 3652 quos
1488 3583 1621 3634 ante
1653 3580 1963 3635 docuimus

314 3674 713 3731 incolumibus
762 3672 950 3729 oculis
1000 3669 1297 3739 dimissos,
1328 3668 1561 3723 tametsi
1594 3668 1749 3723 404
1791 3666 1963 3722 effodi

311 3779 411 3819 eos
428 3762 1029 3834 sententiajussisset,
1046 3775 1253 3815 rursus
1270 3756 1635 3829 tyrannidem
1654 3757 1960 3811 invadunt.

313 3853 575 3924 Cumque
608 3850 825 3907 multos
866 3850 1029 3906 urbis
1072 3851 1129 3905 et
1158 3847 1328 3919 regiae
1360 3846 1633 3901 custodes
1664 3845 1956 3917 corrupis-

309 3944 460 4009 sent,
495 3943 673 4012 atque
704 3956 771 3995 ex
803 3939 987 3995 animi
1011 3936 1303 3993 sententia
1327 3935 1667 3991 viderentur
1692 3934 1801 3990 sibi
1839 3950 1960 3990 rem

305 4029 649 4096 confecisse,
699 4029 989 4085 conducta
1037 4026 1167 4082 navi
1222 4042 1290 4081 ex
1322 4024 1518 4080 insula
1566 4025 1624 4079 in
1657 4040 1834 4097 quam
1872 4039 1960 4078 re-

306 4118 484 4192 legati
516 4119 767 4189 fuerant,
794 4118 863 4173 ad
898 4115 1290 4173 continentem
1325 4114 1454 4170 urbi
1485 4130 1515 4170 e
1544 4113 1775 4183 regione
1805 4112 1960 4169 loca-

307 4213 428 4264 tam
462 4194 1033 4279 devehuntur,juxta
1060 4204 1410 4261 suburbium
1437 4204 1530 4258 cui
1553 4201 1957 4275 Pelamydium

311 4313 542 4368 nomen,
577 4300 751 4370 atque
779 4296 916 4351 inde
949 4295 1058 4350 sub
1091 4294 1346 4366 primum
1380 4291 1519 4366 galli
1551 4296 1785 4347 cantum
1820 4290 1959 4360 Cpo-

311 4385 415 4441 lim
464 4386 772 4442 accedunt.
820 4385 929 4441 Sed
980 4388 1110 4450 Leo,
1170 4382 1251 4437 rei
1302 4380 1526 4436 navalis
1580 4380 1957 4453 drungarius,

310 4476 402 4531 cui
438 4492 554 4531 una
582 4492 716 4531 cum
768 4473 982 4530 Basilio
1016 4478 1239 4529 rectore
1269 4469 1468 4542 palatii
1501 4470 1769 4525 custodia
1799 4485 1958 4525 com-

309 4565 585 4620 mendata
633 4565 841 4630 fuerat,
873 4578 940 4619 ea
988 4562 1059 4617 de
1109 4577 1168 4616 re
1217 4577 1250 4615 a
1297 4557 1531 4615 conscio
1579 4557 1956 4614 consiliorum

308 4654 556 4709 istorum
589 4652 843 4725 quodam
879 4652 1067 4707 factus
1118 4648 1349 4719 certior,
1383 4664 1624 4704 manum
1671 4646 1854 4702 mittit
1885 4646 1954 4702 ad

306 4742 707 4816 curopalatam
746 4744 804 4798 et
836 4740 1020 4797 filium
1054 4740 1182 4810 ejus
1215 4737 1798 4811 comprehcndendos
1829 4735 1956 4791 suf-

309 4830 661 4900 ficientem;
723 4829 845 4903 qui,
906 4828 1016 4885 hoc
1070 4828 1499 4899 animadverso,
1560 4826 1619 4880 in
1676 4825 1953 4897 Magnum

308 4919 619 4993 Templum
680 4918 1026 4992 confugiunt
1086 4935 1100 4974 :
1160 4918 1294 4973 inde
1350 4914 1535 4971 avulsi
1597 4914 1653 4970 in
1727 4914 1956 4970 Protam

304 5008 563 5066 insulam
594 5008 950 5083 relegantur,
1000 5011 1176 5081 atque
1222 5006 1300 5062 ibi
1348 5004 1501 5063 oculi
1550 5003 1634 5061 eis
1664 5004 1956 5061 effodiun-

309 5102 424 5154 tur.

2072 3582 2222 3644 παῖς,
2256 3574 2475 3648 δοκήσει
2519 3579 2638 3651 μὲν,
2671 3580 2746 3644 ὡς
2802 3578 3023 3654 ε’ίπομεν
3083 3576 3406 3657 ἔμπροσθεν,
3440 3582 3738 3657 πηρωθέν-

2070 3685 2180 3735 τες,
2214 3661 2290 3721 ἔτι
2324 3663 2370 3720 δ’
2400 3666 2603 3730 ἀσινεῖς
2634 3668 2731 3731 τὰς
2758 3667 2970 3745 ὁράσεις
3022 3664 3265 3745 ἔχοντες,
3300 3668 3378 3733 εἷς
3434 3667 3730 3746 τυραννίδα

2070 3754 2159 3809 καὶ
2190 3754 2342 3818 αὖθις
2370 3757 2853 3830 παρεσκευάζοντο,
2885 3755 3134 3821 πολλοὺς
3159 3764 3266 3815 τῶν
3324 3757 3379 3814 ἐν
3434 3763 3503 3834 τῇ
3560 3757 3726 3815 πόλει

2068 3842 2161 3897 καὶ
2213 3848 2320 3899 τῶν
2372 3843 2424 3899 ὲν
2478 3850 2597 3910 τοῖς
2656 3843 2955 3921 βασιλείοις
2996 3852 3247 3925 φρουρῶν
3282 3846 3726 3924 ὑποφθείραντες.

2071 3932 2175 3988 Καὶ
2204 3932 2315 3988 ἐπεὶ
2347 3933 2412 3989 τὰ
2439 3933 2574 3989 κατὰ
2617 3935 2844 4011 γνώμην
2908 3936 3095 3999 αὐτοῖς
3165 3936 3494 4013 ἀπηρτίσθη,
3526 3936 3727 3993 πλοῖον

2073 4024 2478 4096 μισθωσάμενοι
2516 4024 2603 4079 καὶ
2666 4023 2716 4080 ἐν
2773 4025 2920 4098 αὐτῷ
2976 4020 3235 4099 ἐμϐάντες
3288 4025 3574 4103 ἀπαίρουσι
3623 4033 3727 4097 τῆς

2069 4112 2239 4182 νήσου
2294 4114 2356 4181 ἢν
2418 4113 2585 4168 οἰκεῖν
2639 4125 3055 4190 κατεκρφθησαν,
3098 4116 3188 4170 καὶ
3240 4116 3378 4192 πρὸς
3427 4117 3528 4185 τήν
3585 4114 3731 4171 ἀντί-

2068 4203 2314 4283 πορθμον
2345 4209 2445 4272 τῆς
2472 4201 2691 4265 πόλεως
2722 4201 2951 4280 ἤπειρον
3010 4201 3248 4280 γίνονται
3306 4204 3442 4261 κατᾶ
3484 4207 3548 4260 τὸ
3595 4226 3730 4275 προσ

2069 4290 2278 4345 άστειον
2307 4291 2336 4346 ὃ
2366 4294 2800 4366 κατονομάζουσι
2837 4290 3217 4367 Πηλαμύδιον,
3250 4292 3449 4358 ἐκεῖθεν
3494 4290 3553 4348 δὶ
3599 4293 3727 4369 περὶ

2067 4381 2287 4455 πρώτας
2346 4380 2722 4457 ἀλεκτρυόνων
2754 4379 2898 4455 ᾠδάς
2946 4380 3034 4437 ἰπὶ
3074 4381 3136 4438 τὸ
3186 4382 3475 4453 Βυζάντιον
3529 4377 3727 4458 ἔρχον-

2063 4489 2176 4527 ται.
2207 4468 2361 4534 Ἑνὸς
2393 4467 2448 4525 δὲ
2476 4474 2585 4525 τῶν
2618 4471 2947 4546 συνιστόρων
2983 4468 3156 4542 δῆλον
3191 4472 3420 4546 θεμένου
3466 4472 3530 4527 τὸ
3568 4469 3729 4548 ἔργον

2065 4560 2262 4615 Λέοντι
2293 4563 2372 4631 τῷ
2404 4556 2747 4636 δρουγγαρίῳ
2776 4560 2871 4615 τοῦ
2904 4558 3126 4631 στόλου,
3157 4561 3257 4630 τὴν
3304 4559 3551 4639 φυλακὴν
3611 4561 3730 4616 ἑπι-

2064 4645 2422 4722 τετραμμένῳ
2479 4653 2586 4703 τῶν
2651 4648 2940 4723 βασιλείων
3000 4648 3093 4705 σὺν
3146 4649 3417 4724 Βασιλείῳ
3477 4649 3559 4723 τῷ
3613 4649 3729 4725 ῥαί-

2064 4755 2260 4813 κτωρι,
2318 4738 2400 4811 [Ρ.
2432 4739 2559 4811 678]
2592 4739 2619 4793 6
2662 4735 2719 4792 δὲ
2777 4736 3005 4813 δύναμιν
3062 4738 3359 4817 ἀξιόχρεων
3411 4738 3499 4795 ἰπὶ
3555 4760 3727 4794 κατα-

2067 4826 2249 4901 σχέσει
2278 4830 2380 4882 τοῦ
2409 4824 2827 4904 κουροπαλάτου
2870 4829 2957 4883 καὶ
3016 4833 3114 4885 τοῦ
3162 4827 3356 4892 παιδὸς
3415 4827 3581 4885 αὐτοῦ
3634 4828 3726 4884 ἐκ-

2067 4915 2291 4989 πέμπει.
2350 4918 2526 4990 ’Ὁπερ
2586 4918 2735 4971 οὗτοι
2788 4917 3047 4991 μαθόντες
3127 4918 3203 4981 είς
3286 4919 3385 4988 τὴν
3464 4916 3723 4994 Μεγάλην

2063 5002 2486 5083 καταφεύγουσιν
2550 5004 2878 5077 Ἐκκλησίαν
2914 5025 2928 5038 '
2972 5005 3170 5063 ἐκεῖθεν
3217 5004 3276 5063 δὶ
3347 5005 3724 5071 ἀποσπασθὲν-

2061 5115 2149 5156 τες
2200 5093 2276 5157 είς
2331 5096 2429 5164 τήν
2490 5096 2721 5171 ΙῙρώτην
2779 5102 2944 5165 νῆσον
3004 5094 3462 5169 ἆξαπεστάλησαν,
3505 5095 3723 5151 κάκεῖσε

2059 5181 2188 5246 τοὺς
2221 5180 2541 5261 ὀφθαλμοὺς
2564 5181 2974 5260 ὶξωρόχθησαν.

1496 5363 1870 5421 XYLANDRI
1910 5363 1998 5421 ET
2035 5364 2249 5422 GOARI
2286 5364 2524 5421 NOTAE.

378 5513 486 5585 (28)
517 5504 803 5583 Μονόξυλα
833 5508 1035 5585 lintres
1087 5512 1249 5585 sunt,
1280 5524 1411 5585 uno,
1430 5508 1753 5585 pinguior-is
1784 5507 1956 5585 arbo-

303 5578 393 5645 ris'
430 5578 637 5642 trunco
678 5578 971 5653 'excavati,
1021 5582 1103 5638 ita
1150 5580 1306 5653 leves
1357 5578 1646 5653 utietiam
1693 5578 1957 5653 humeris

302 5658 755 5719 transferantur.
809 5646 1092 5733 Ucpi'raw
1144 5650 1250 5710 ἀπὸ
1299 5657 1401 5723 τῆς
1443 5649 1670 5712 Ῥωσίας
1716 5646 1958 5727 ἐρχομί-

2067 5526 2169 5581 νων
2197 5505 2332 5569 Ῥῶς
2370 5506 2517 5581 ,μετᾶ
2544 5510 2651 5561 τῶν
2688 5506 3003 5581 μονοεύΛων
3035 5506 3088 5564 ἰν
3132 5511 3248 5567 ΚΙΙ.
3296 5509 3720 5569 Constantinus

2068 5579 2140 5636 de
2170 5580 2332 5635 Adm.
2366 5579 2510 5654 imp.
2543 5596 2593 5637 ο.
2624 5580 2661 5637 9
2690 5579 2919 5640 diffuse.
2953 5586 3134 5639 Goan.
