4004 6208
235 304 349 363 137

237 523 367 580 ολον
398 522 549 594 ἄξιον
581 525 715 579 εἶναι
769 521 1099 600 διηγήσεως.
1152 523 1409 579 Ηινάκιον
1458 519 1519 575 ἐκ
1548 517 1705 574 λίθου
1728 524 1898 593 Προι-

229 613 529 684 κοννησίας
583 612 672 670 ἰπὶ
741 612 1070 688 παραδείσου
1147 614 1294 674 τινὸς
1350 617 1456 666 τῶν
1515 608 1899 684 συγκλητικῶν

231 703 424 779 εὗρὲθη
485 703 709 777 ἀμελῶς
760 702 1116 781 ἐρριμμένον,
1177 702 1546 773 εἴκονισμὲνας
1605 694 1735 774 ἔχον
1798 695 1894 751 δύο

229 793 536 864 ἀνθρώπων
576 792 789 870 μορφὰς
836 791 926 847 ἐπὶ
980 799 1081 861 τῆς
1132 790 1461 865 ἐπιφανείας,
1515 788 1638 861 μίαν
1676 787 1768 858 μὶν
1804 786 1892 840 ἀν-

230 879 381 957 δρὸς,
414 882 599 954 ἒτὲραν
626 879 684 936 δὲ
742 881 1001 957 γυναικός
1030 900 1042 914 ·
1094 881 1146 936 ὲν
1198 878 1256 935 δὲ
1286 884 1363 951 τῷ
1407 877 1643 952 μετώπῳ
1669 879 1769 940 τῆς
1802 896 1893 929 πι-

228 968 449 1030 νακέδος
484 971 551 1038 ἦν
599 971 977 1045 γεγραμμένον
1032 969 1353 1046 ἐπίγραμμα
1401 964 1506 1021 ὧδέ
1536 987 1614 1036 πη
1649 962 1841 1034 διεξιόν
1878 981 1889 995 ·

235 1059 490 1113 Ἰωάννου
541 1058 636 1113 xui
686 1056 970 1133 Θεοδώρας
1015 1064 1123 1113 τῶν
1172 1057 1546 1134 φιλο·χρίστων
1606 1052 1793 1109 πολλά
1830 1050 1895 1106 τά

236 1144 352 1218 ἔτη.
388 1154 560 1224 Ὅπερ
611 1150 765 1211 τινας
828 1148 924 1220 μὲν
982 1147 1063 1209 είς
1122 1143 1383 1216 ἔκπληξιν
1442 1144 1598 1219 ἦγεν,
1641 1141 1789 1197 ὅπως
1826 1140 1894 1194 τὰ

238 1236 509 1292 ἐνεστῶτα
572 1236 721 1309 μάλα
771 1233 1156 1312 προεδηλοῦτο
1212 1240 1392 1312 σαφῶς
1427 1253 1441 1266 ⁸
1500 1233 1642 1294 τινὲς
1697 1229 1754 1286 δὲ
1812 1232 1888 1302 μὴ

239 1324 610 1400 ἀπηλλάχθαι
662 1324 728 1380 τὸ
780 1332 1011 1403 πρᾶγμα
1066 1325 1365 1398 σκευωρίας
1418 1322 1508 1378 καὶ
1570 1320 1891 1397 μαγγανείας

237 1414 518 1487 ἐνόμιζον,
548 1414 643 1470 τὸν
674 1415 771 1470 τοῦ
804 1412 1132 1489 παραδείσου
1184 1412 1449 1483 δεσπότην
1490 1409 1579 1467 διὰ
1604 1407 1769 1479 τῆσδε
1791 1415 1891 1479 τῆς

230 1512 498 1580 μηχανῆς
550 1514 650 1573 τήν
734 1505 1026 1579 βασιλικήν
1102 1504 1241 1577 πρὸς
1299 1503 1486 1556 ἑαυτὸν
1548 1498 1889 1561 ἐκκαλεῖτθαι

225 1593 511 1664 οἰηθέντες
540 1593 929 1667 προσπάθειαν.
962 1590 1083 1650 Εἶ¹τε
1133 1590 1191 1646 δὲ
1239 1591 1409 1653 οὕτως
1452 1583 1590 1664 ἔχει,
1624 1585 1729 1642 εἶτε
1760 1586 1890 1641 ἐκεί-

224 1704 333 1745 νως
359 1689 394 1752 ἧ
431 1680 685 1753 ἀλήθεια,
716 1688 936 1761 φραζειν
971 1681 1069 1737 οὐκ
1098 1676 1237 1756 ἔχω.

294 1773 363 1829 Οἱ
392 1769 453 1827 δὲ
506 1770 707 1827 Σκύθαι
766 1768 982 1836 ἔνδοθεν
1037 1775 1117 1843 τῷ
1173 1769 1326 1842 λιμῷ
1349 1767 1683 1841 πιεζόμενοι,
1732 1765 1885 1827 ἐκτὸς

230 1863 335 1916 ὑπὸ
366 1866 474 1915 νῶν
506 1864 927 1937 τειχομαχικῶν
975 1859 1221 1935 ἀργάνων
1273 1855 1624 1931 κακούμενοι,
1652 1854 1740 1910 καὶ
1772 1853 1887 1909 κατ’

227 1951 498 2026 ἐξαῗρετον
532 1951 584 2005 ἐν
618 1950 807 2023 ἐκείνῳ
833 1949 915 2022 τῷ
942 1950 1100 2023 τόπῳ
1142 1949 1200 2003 ὃν
1238 1949 1265 2002 6
1300 1949 1601 2022 μάγιστρος
1633 1944 1887 2012 Ἰωάννης

226 2044 253 2095 6
298 2042 591 2113 Ῥωμανοῦ
647 2044 743 2095 τοῦ
794 2038 1075 2111 Κουρκούα
1123 2038 1238 2100 υίὸς
1289 2036 1576 2115 φυλάττειν
1636 2031 1887 2087 ἐτὲτακτο

224 2131 309 2201 (τὸ
342 2130 447 2206 γὶρ
496 2128 669 2184 ἐκεῖσε
718 2123 1057 2205 πετροϐόλον
1110 2125 1337 2203 ὄργανον
1394 2125 1455 2180 οὐ
1511 2128 1719 2199 μικρῶς
1762 2120 1888 2182 τοὺς

222 2218 378 2280 ἐντὸς
428 2217 813 2291 ὶπημαίνετο),
865 2215 1253 2292 ἀποκρίναντες
1302 2234 1451 2276 τινας
1481 2218 1588 2268 τῶν
1632 2210 1883 2283 ἀλκιμω-

219 2309 391 2382 τέρων
450 2306 679 2370 ὁπλίτας
734 2306 919 2380 ψιλοῖς
949 2305 1409 2379 ἐπιμεμιγμένους
1434 2301 1521 2357 ἐπὶ
1576 2323 1639 2357 το
1702 2304 1884 2355 τοιοῦ-

220 2418 314 2451 τον
372 2395 773 2470 ἐκπέμπουσιν,
834 2392 1081 2472 ὄργανον,
1141 2394 1193 2448 εἴ
1242 2414 1357 2454 πως
1416 2390 1687 2462 δυνηθεῖεν
1754 2388 1883 2443 αὐτὸ

223 2486 675 2561 κατεργάσασθαι.
722 2489 900 2543 Τοῦτο
949 2485 1108 2560 γνοὺς
1158 2485 1185 2539 6
1230 2481 1564 2557 Κουρκούας,
1612 2476 1694 2535 ὅτι
1751 2480 1882 2554 κρά-

220 2598 402 2631 τιστον
438 2577 507 2645 ἦν
536 2574 658 2651 περὶ
716 2574 876 2629 αὐτὸν
929 2568 1361 2645 ἀναλαϐόμενος,
1414 2566 1629 2641 ἐϐοήθει
1672 2566 1760 2623 διὰ
1786 2589 1881 2622 τα-

224 2686 393 2741 χεων.
426 2667 513 2726 Ἑς
546 2665 743 2738 μέσους
776 2661 833 2718 δὲ
880 2662 1007 2727 τοὺς
1054 2663 1262 2725 Σκύθας
1311 2658 1602 2738 γενόμενος
1645 2658 1881 2728 ἀκοντίῳ

227 2755 535 2831 βληθέντος
590 2752 758 2809 αὖτοῦ
834 2752 1006 2808 ῒππου
1089 2752 1179 2807 καὶ
1243 2751 1337 2806 σὺν
1394 2751 1542 2821 αὐτῷ
1598 2745 1881 2802 πεπτωκό-

224 2865 315 2905 τος
349 2845 659 2917 ἀναιρεῖται
713 2841 1119 2919 κρεουργηθείς.
1170 2841 1237 2899 Οἳ
1270 2842 1537 2914 Ῥωμαῖοι
1579 2834 1636 2892 δὶ
1660 2834 1880 2911 ἐπιδρα-

230 2935 424 3005 μόντες
473 2932 567 2987 καὶ
605 2936 723 2994 τοῖς
772 2933 906 2995 Ῥὼς
964 2928 1369 3004 συμπλακᾶντες
1417 2928 1478 2982 τό
1539 2948 1597 2982 τε
1646 2923 1873 3002 ὄργανον

228 3017 470 3083 ἆῧλαϐὲς
502 3018 829 3094 διετήρησαν
879 3019 971 3074 καί
1020 3018 1152 3073 τοῦσ
1202 3017 1410 3081 Σκύθας
1443 3017 1716 3089 ὠσάμενοι
1750 3036 1875 3068 συν-

226 3109 474 3165 ὲκλεισαν
533 3109 613 3172 εἱς
667 3110 766 3177 τὴν
815 3106 997 3166 πόλιν.
1048 3106 1282 3163 Ἰουλίου
1355 3104 1411 3161 δὲ
1468 3099 1874 3167 καταλαϐόντος

1378 296 1922 362 HISTORIARUM
1967 297 2511 360 COMPENDIUM.

309 436 519 512 Ἐφάνη
552 432 611 490 δὶ
666 436 759 489 καὶ
810 436 926 489 κατ’
985 434 1154 490 ἐκεῖνο
1200 436 1398 507 καιροῦ
1444 429 1533 486 καὶ
1564 426 1709 484 ἄλλο
1736 449 1789 484 τι
1821 428 1896 484 ὡς
1928 430 1982 499 Α

3543 320 3657 383 138

2088 431 2299 487 Eodem
2349 436 2613 505 tempore
2660 436 2835 494 etiam
2884 440 3043 498 aliud
3093 445 3398 519 quidpiam
3453 456 3669 514 accidit

2010 534 2123 574 non
2159 520 2468 593 indignum
2512 523 2720 581 relatu.
2754 530 2816 583 In
2860 532 3123 599 pomario
3154 540 3430 595 senatorii
3464 545 3659 615 cujus-

2010 608 2145 664 dam
2190 612 2294 666 viri
2340 611 2577 669 inventa
2623 620 2712 671 cst
2761 618 2973 676 tabella
3021 638 3090 677 ex
3136 608 3661 689 Proconnesio'la-

2008 697 2160 767 pido,
2197 699 2342 755 forte
2383 704 2630 771 abjecta,
2660 705 2717 759 in
2752 709 3062 778 superﬁcie
3100 729 3407 785 expressas
3439 719 3663 780 habens

2005 785 2154 843 duas
2203 788 2497 846 humanas
2549 792 2791 864 figuras,
2825 812 3002 853 unam
3054 802 3256 873 maris,
3291 804 3535 864 alteram
3577 812 3659 867 fe-

2007 875 2178 930 minas
2233 896 2245 933 :
2297 878 2353 932 in
2404 880 2588 936 altera
2634 885 2947 954 superﬁcie
2996 890 3282 961 scriptum
3332 902 3457 951 erat
3498 915 3510 953 :
3554 898 3661 955 Diu

2002 965 2199 1020 vivant
2238 967 2496 1024 Joannes
2539 974 2597 1025 et
2641 973 2947 1030 Theodora
2994 978 3209 1035 Christi
3263 983 3461 1041 dediti.
3512 989 3660 1044 Fue—

2003 1060 2141 1109 runt
2170 1055 2272 1126 qui
2301 1071 2431 1112 eam
2483 1059 2756 1116 tabellam
2801 1080 3157 1145 magnopere
3205 1073 3660 1146 admirarentur,

2003 1159 2115 1214 qua
2161 1161 2417 1215 praesens
2466 1164 2660 1205 rerum
2711 1154 2972 1209 conditio
3022 1142 3111 1212 ita
3156 1166 3353 1231 aperte
3402 1142 3662 1238 explica;

2002 1237 2163 1288 retur
2206 1252 2219 1291 :
2268 1234 2365 1289 alii
2421 1253 2534 1291 non
2584 1255 2781 1296 carere
2828 1243 2959 1299 fuco
3012 1254 3068 1301 et
3118 1248 3446 1320 impostura
3477 1234 3659 1327 puta-

2001 1328 2159 1385 runt.
2188 1330 2361 1394 atque
2410 1328 2558 1383 405
2616 1328 2725 1384 hoc
2778 1343 3109 1390 commento
3158 1340 3415 1397 voluisse
3465 1346 3657 1400 domi-

2002 1427 2140 1466 num
2192 1414 2442 1483 pomarii
2476 1432 2537 1470 se
2571 1417 2625 1471 in
2661 1420 2915 1489 gratiam
2966 1424 3339 1496 imperatoris
3391 1431 3656 1491 insinua-

2001 1517 2081 1555 re.
2146 1500 2351 1557 Utrum
2416 1522 2547 1560 vero
2614 1514 2717 1563 aut
2783 1510 2928 1565 falso
2993 1513 3071 1569 sit
3134 1518 3446 1589 creditum,
3506 1522 3656 1578 nihil

1999 1589 2249 1646 afﬁrmo.

2068 1768 2303 1823 Interim
2336 1770 2561 1842 Scytha:
2594 1771 2753 1827 intus
2779 1776 2931 1833 fame
2958 1781 3143 1850 pressi
3169 1782 3403 1840 simula
3427 1788 3652 1843 machi-

2002 1855 2094 1912 nis
2115 1860 2559 1931 oppugnatoriis
2592 1860 2850 1919 bostium
2886 1884 3001 1922 non
3034 1867 3236 1927 leviter
3268 1872 3651 1947 lasdebantur,

2000 1948 2290 2017 praecipue
2311 1965 2376 2001 eo
2405 1947 2529 2004 loco
2552 1952 2647 2021 qui
2672 1952 2880 2009 Joanni
2908 1959 3213 2029 magistro,
3240 1962 3485 2019 Romani
3512 1971 3655 2022 Cur-

1999 2051 2117 2091 cuaa
2148 2036 2291 2107 ﬁlio,
2316 2036 2709 2095 demandatus
2751 2042 2970 2113 fuerat;
3004 2063 3138 2103 nam
3182 2066 3323 2105 saxa
3371 2056 3655 2127 torquens

1999 2124 2457 2181 instrumentum
2482 2126 2560 2181 ibi
2586 2128 2934 2187 collocatum
2958 2136 3217 2193 obsessis
3237 2140 3420 2197 multa
3439 2124 3658 2200 damna

1996 2213 2193 2267 dabat.
2222 2218 2425 2285 Itaque
2456 2216 2647 2287 gravis
2680 2226 2991 2277 armaturis
3018 2225 3276 2283 delectos
3308 2229 3528 2288 milites
3558 2250 3652 2289 ve—

1997 2302 2199 2360 litibus
2234 2304 2545 2374 permistos
2594 2309 2891 2376 emittunt,
2926 2313 2972 2367 si
3007 2330 3125 2384 qua
3174 2318 3213 2371 ii
3264 2320 3489 2376 ratione
3519 2339 3649 2378 eam

1996 2394 2330 2448 machinam
2374 2398 2759 2466 pessumdare
2811 2408 3069 2470 possent.
3104 2404 3165 2459 1d
3217 2408 3315 2462 ubi
3366 2409 3653 2467 intellexit

1993 2481 2273 2553 Curcuas,
2294 2484 2723 2542 robustissimis
2751 2504 2994 2545 suorum
3028 2495 3351 2567 assumptis
3382 2498 3650 2556 celeriter

1992 2572 2061 2625 ad
2112 2589 2238 2626 eam
2291 2573 2717 2630 defendendam
2753 2594 2815 2632 se
2845 2581 3102 2648 confert;
3154 2584 3538 2658 invectusque
3585 2589 3645 2644 in

1989 2660 2209 2750 medios
2228 2661 2473 2735 Scythas
2504 2664 2574 2719 ab
2607 2681 2756 2737 equo
2788 2667 3003 2724 missili
3033 2670 3146 2727 icto
3178 2673 3430 2744 eiicitur,
3454 2681 3634 2750 atque

1989 2768 2023 2825 a
2051 2748 2279 2822 Scythis
2312 2751 2633 2809 dilaniatus
2674 2756 2823 2811 ferro
2874 2758 3090 2814 interit.
3125 2761 3354 2834 Reliqui
3388 2748 3636 2822 Romani

1988 2856 2277 2895 concursu
2311 2842 2461 2895 facto
2492 2846 2548 2897 et
2584 2845 2917 2901 machinam
2964 2848 3249 2923 integram
3286 2860 3640 2911 conservant

1987 2934 2044 2984 et
2073 2929 2290 2986 Rossos
2333 2929 2390 2986 in
2425 2931 2628 2989 urbem
2680 2935 3062 3007 compellunt.
3096 2940 3198 2995 Die
3243 2941 3386 2997 Julii
3420 2942 3641 2999 mensis

1984 3019 2265 3073 vicesima
2292 3021 2456 3075 Rossi
2482 3024 2737 3078 universi
2762 3026 2829 3078 ad
2856 3042 3114 3098 pugnam
3140 3030 3419 3087 adversus
3442 3033 3645 3088 Roma.

1989 3125 2097 3164 nos
2119 3108 2437 3165 exiverunt.
2464 3109 2890 3169 Exhortabatur
2918 3132 3017 3171 eos
3045 3120 3101 3172 et
3132 3119 3204 3173 ad
3238 3119 3643 3177 fortitudinem

229 3200 426 3273 μηνός,
486 3199 579 3254 καὶ
639 3200 887 3268 εἱκοστὴν
958 3199 1169 3274 ἡμέραν
1234 3194 1479 3271 ἄγοντος,
1540 3194 1765 3283 ἐξῆλθον
1826 3193 1878 3247 οἱ

2007 3197 2281 3251 :xcitabat
2314 3198 2520 3265 Icmor,
2546 3200 2632 3253 vir
2657 3208 2787 3270 post
2805 3203 3185 3275 Spbagellum
3209 3210 3364 3280 apud
3399 3210 3645 3283 Scythas

223 3292 354 3351 Ῥὼς
400 3286 767 3361 παμπληθεῖς
813 3288 900 3342 καὶ
949 3292 1067 3351 τοῖς
1122 3287 1418 3360 Ῥωμαίοις
1474 3281 1879 3357 συμπλακέντες

223 3380 533 3455 ἐμάχοντο,
593 3377 1069 3453 παραθαρρύνοντα
1136 3371 1354 3452 ἔχοντες
1406 3374 1496 3429 καὶ
1553 3374 1689 3448 πρὸς
1757 3371 1884 3433 τοὺς

222 3468 442 3542 ἀγῶνας
473 3466 768 3545 ἆλεὲφοντα
800 3463 962 3541 ἄνδρα
1008 3466 1131 3521 τινα
1175 3466 1323 3539 παρᾶ
1355 3463 1585 3526 Σκόθαις
1617 3460 1885 3535 ἐπισημό-

228 3577 409 3627 τατον,
438 3558 693 3631 Ἰκμορα.
749 3557 884 3628 μετᾶ
929 3555 1171 3628 τοῦνομα
1232 3552 1582 3631 Σφάγγελλον
1616 3552 1705 3605 τὸν
1740 3550 1885 3604 ἀναι-

235 3645 453 3719 ρέθέντα
509 3646 852 3717 τιμώμενον,
922 3642 1044 3699 οὔτε
1116 3645 1253 3698 κατὰ
1322 3643 1626 3718 συγγένειαν
1675 3642 1773 3709 τήν
1835 3639 1887 3709 ἐξ

234 3733 467 3807 αἶ’ματος
501 3734 557 3789 ἐν
613 3739 730 3796 τοῖς
780 3731 1014 3807 μάλιστα
1063 3734 1328 3808 άγᾶμενον
1384 3732 1510 3805 παρ’
1554 3728 1737 3791 αὐτοῖς
1769 3727 1889 3782 οὕτε

237 3825 371 3877 κατᾶ
429 3824 794 3898 συμπάθειαν,
855 3820 979 3876 ἀλλ’
1031 3821 1091 3877 ἐκ
1152 3821 1325 3894 μόνης
1372 3824 1471 3884 τῆς
1522 3820 1714 3891 ἀρετῆς
1746 3816 1892 3891 παρὰ

242 3920 368 3968 πᾶσι
402 3909 723 3984 σεϐόμενον.
775 3916 977 3967 Τοῦτον
1021 3908 1150 3965 ἷδὼν
1200 3912 1427 3984 Ἀνεμᾶς
1466 3910 1493 3963 6
1524 3912 1630 3963 τῶν
1666 3910 1891 3983 Κρητῶν

242 4009 334 4058 τοῦ
369 4002 645 4077 βασιλέως
673 4004 786 4074 ('29)
840 4001 957 4062 υἱὸς
1004 4002 1315 4075 Κουρουπᾶ,
1377 4019 1451 4059 εις
1501 3996 1573 4052 ὢν
1604 4001 1710 4052 τῶν
1750 3997 1898 4070 βασι-

246 4090 413 4147 λικῶν
468 4088 983 4168 σωματοφυλάκων,
1028 4088 1187 4144 αὐτὸν
1229 4107 1285 4143 τε
1335 4087 1589 4161 εὖψυχως
1624 4084 1899 4159 ἀγωνιζό-

253 4204 407 4254 μενον
461 4180 556 4236 καὶ
612 4179 739 4241 τοὺς
784 4178 1013 4241 λοιποὺς
1075 4178 1154 4241 εἷς
1200 4182 1360 4232 τοῦτο
1411 4179 1779 4251 παρορμῶντα
1807 4173 1897 4228 καὶ

251 4268 590 4346 διεγείραντα
640 4268 730 4324 καὶ
779 4270 874 4330 τὰς
923 4273 1027 4323 τῶν
1070 4267 1360 4340 Ῥωμαίων
1393 4266 1567 4336 τάξεις
1607 4262 1902 4339 διαταράσ-

245 4380 421 4429 σοντα,
459 4362 605 4433 μήτε
635 4359 773 4434 πρὸς
804 4358 867 4413 τὸ
923 4358 1148 4432 μέγεθος
1185 4354 1556 4430 καταπλάγεὶς
1578 4357 1674 4408 τοῦ
1705 4351 1901 4425 ἀνδρὸς

258 4451 389 4521 μήτε
416 4451 521 4519 τήν
554 4446 733 4517 ἀλκὴν
781 4445 1079 4515 δειλιάσας,
1131 4449 1210 4520 [Ρ.
1261 4446 1388 4519 679]
1441 4443 1586 4498 ἀλλὰ
1641 4462 1904 4515 περικαρ-

1992 3286 2180 3357 primo
2213 3285 2359 3354 loco,
2385 3304 2499 3342 non
2528 3289 2681 3359 quod
2709 3290 2797 3344 vel
2830 3291 3050 3348 familia
3080 3296 3209 3366 ejus
3238 3296 3533 3368 prmcipua
3554 3315 3644 3354 es-

1994 3379 2102 3444 set,
2126 3376 2211 3430 vel
2244 3375 2496 3431 favorem
2532 3376 2779 3433 aliorum
2822 3380 2935 3435 sibi
2981 3382 3220 3438 aliunde
3251 3386 3643 3452 conciliasset,

1995 3466 2094 3520 sed
2128 3464 2313 3519 solius
2342 3465 2574 3521 virtutis
2610 3482 2744 3539 ergo
2776 3469 2846 3523 ab
2881 3470 3171 3527 universis
3202 3473 3260 3527 in
3294 3473 3512 3529 honore
3542 3476 3646 3530 ha«

1998 3555 2177 3609 bitus.
2212 3554 2375 3608 Hunc
2406 3556 2725 3611 commissa
2756 3574 2955 3630 pugna
2986 3561 3255 3629 Anemas,
3279 3563 3647 3620 Cretensium

2000 3660 2207 3697 amerre
2241 3643 2433 3696 Basilii
2467 3647 2709 3715 Curupze
2742 3646 2917 3711 filius,
2954 3666 3107 3704 unus
3140 3651 3510 3722 imperatoris
3542 3655 3650 3708 sti-

2002 3737 2295 3804 patorum,
2330 3733 2482 3787 406
2515 3749 2762 3790 cernens
2811 3736 3039 3792 fortiter
3088 3756 3348 3811 pugnam
3396 3741 3556 3797 obire
3588 3759 3653 3796 ac

2005 3821 2261 3892 reliquos
2294 3821 2543 3875 excitare
2574 3826 2631 3876 et
2659 3826 3057 3880 Romanorum
3089 3828 3319 3884 ordines
3349 3830 3657 3886 conturba-

2006 3926 2087 3975 re,
2113 3908 2258 3963 nihil
2279 3910 2367 3963 vel
2390 3910 2660 3967 vastitate
2682 3914 2940 3984 corporis
2970 3917 3098 3987 ejus
3119 3917 3205 3972 vel
3237 3919 3441 3974 robore
3464 3919 3656 3975 deter-

2006 4001 2175 4063 ritus,
2209 4000 2495 4070 sanguine
2538 4000 2694 4055 circa
2724 4019 2823 4056 cor
2852 4004 3257 4062 etl'ervescenle
3297 4023 3513 4078 equum
3549 4009 3658 4064 hac

2007 4087 2139 4141 illac
2161 4092 2460 4156 torquens,
2486 4089 2690 4144 stricto
2714 4090 2811 4161 qui
2835 4092 2905 4145 ad
2940 4092 3130 4147 femur
3160 4096 3447 4165 pendebat
3467 4096 3658 4168 gladio

2007 4176 2291 4248 impetum
2316 4175 2373 4231 in
2397 4192 2531 4233 eum
2553 4177 2654 4232 dat
2674 4178 3282 4254 vehementissimum,
3305 4188 3660 4258 tantumque

2010 4266 2065 4319 in
2102 4265 2409 4320 sinistrum
2464 4266 2775 4322 humerum
2800 4268 2969 4338 juxta
3015 4270 3358 4328 claviculam
3410 4274 3661 4344 imponit

2010 4354 2248 4422 vulnus,
2284 4358 2349 4410 ut
2387 4358 2444 4409 et
2475 4353 2689 4410 collum
2749 4356 3117 4414 abscinderet
3164 4365 3222 4416 et
3270 4377 3402 4415 cum
3459 4363 3663 4418 dextra

2013 4460 2192 4498 manu
2236 4448 2607 4515 amputatum
2651 4450 2826 4515 caput
2856 4445 2913 4500 in
2948 4447 3135 4503 solum
3185 4450 3498 4504 decideret.
3532 4454 3663 4522 Ipse

254 4536 349 4612 δίῳ
392 4538 571 4612 θέρμῃ
624 4536 856 4615 ληφθεὶς
900 4536 990 4591 καὶ
1039 4536 1130 4590 τὸν
1175 4532 1339 4591 ἵππον
1386 4530 1521 4608 τῇδε
1558 4533 1772 4587 κάκεῖσε
1800 4551 1893 4585 πα-

2015 4531 2231 4587 illaesus
2263 4532 2331 4585 ad
2368 4548 2507 4587 suos
2540 4531 2729 4587 rediit.
2756 4534 3159 4591 Exclamatum
3193 4538 3261 4591 ad
3300 4537 3407 4593 hoc
3438 4538 3665 4595 facinus

258 4630 571 4701 ρακινήσας,
625 4626 745 4699 μεθ’
792 4626 973 4701 ὁρμῆς
1029 4625 1402 4699 ἀκατασχέτου
1434 4622 1499 4676 τὸ
1540 4618 1907 4696 παρῃωρημέ-

255 4738 339 4771 νον
394 4722 478 4789 τῷ
532 4720 699 4790 μηρῷ
755 4714 921 4770 αὐτοῦ
976 4714 1129 4791 ξίφος
1196 4712 1536 4787 σπασάμενος
1577 4707 1718 4765 ’ίεται
1768 4710 1906 4764 κατὰ

256 4811 347 4859 τοῦ
379 4806 619 4872 Σκύθου,
670 4804 759 4859 καὶ
802 4802 949 4873 παίει
994 4807 1186 4858 τοῦτον
1232 4805 1312 4875 τῷ
1368 4799 1623 4877 φασγάνῳ
1653 4800 1787 4854 κατά
1811 4802 1907 4853 τοῖ’)

261 4895 541 4969 ἀριστεροῦ
573 4890 731 4966 ὣμου
786 4893 907 4967 περὶ
959 4892 1059 4961 τήν
1110 4887 1321 4961 κλεῖδα,
1353 4888 1446 4943 καὶ
1494 4887 1786 4960 ἀποτέμνει
1816 4887 1905 4941 τὸν

262 4982 479 5058 αὐχένα,
515 4982 591 5044 ὡς
627 4975 899 5054 συμϐῆναι
948 4981 1049 5049 τήν
1101 4979 1343 5057 κεφαλὴν
1376 4976 1468 5032 σὺν
1499 4980 1567 5051 τῇ
1591 4973 1735 5049 δεξιᾷ
1760 4975 1909 5051 χειρὶ

268 5071 581 5128 ἐκκοπεῖσαν
635 5075 813 5126 πεσεῖν
875 5069 951 5133 είς
1006 5070 1067 5125 τὸ
1106 5066 1427 5145 ἔδαφοςλίαὶ
1473 5067 1501 5121 6
1549 5066 1643 5139 μὶν
1696 5066 1912 5137 Σκύθης

2018 4621 2368 4693 promiscue,
2400 4622 2681 4676 Romanis
2731 4623 2803 4678 ob
2846 4622 3148 4681 victoriam
3198 4626 3399 4681 lautum
3448 4627 3666 4683 clamo-

2017 4727 2138 4766 rem
2173 4710 2600 4779 attollentibus,
2624 4711 2856 4783 Scythis
2888 4718 3083 4767 autem
3108 4731 3211 4770 con
3225 4716 3417 4771 fusum
3442 4717 3669 4788 ejulan-

2019 4800 2175 4855 tibus
2206 4804 2262 4855 et
2290 4799 2545 4871 vigorem
2580 4816 2752 4855 suum
2786 4800 3239 4860 dimittentibus.
3263 4805 3522 4861 Tandem
3557 4806 3669 4862 Ro-

2019 4888 2211 4943 manis
2268 4888 2671 4959 prementibus
2728 4892 2897 4945 Bossi
2957 4893 3154 4963 fugam
3216 4894 3454 4964 faciunt,
3487 4912 3674 4966 eaque

2019 4994 2153 5034 cum
2189 4978 2467 5033 dedecore
2498 4977 2555 5032 in
2587 4979 2790 5033 urbem
2825 4980 3096 5036 evadunt.
3126 4981 3295 5038 Multi
3323 4999 3389 5039 eo
3421 4984 3513 5040 die
3542 5002 3671 5058 per-

2022 5068 2236 5137 ierunt,
2263 5066 2472 5137 partim
2505 5068 2577 5123 ob
2607 5066 2868 5124 locorum
2902 5072 3237 5142 angustiam
3272 5090 3305 5127 a
3333 5089 3395 5128 se
3424 5073 3673 5131 invicem

1445 5227 1815 5286 XYLANDRI
1852 5227 1946 5284 ET
1986 5225 2206 5283 GOARI
2245 5224 2479 5281 NOTAE.

336 5358 587 5429 (29)Aut
631 5356 836 5414 Basilii
882 5371 1204 5429 cognomen
1251 5357 1341 5412 est
1387 5356 1686 5429 Curupas,_
1712 5356 1769 5409 et
1812 5368 1919 5408 vox

1331 5424 1591 5482 emeram
1657 5424 1916 5481 denotat.

272 5494 435 5581 griis
461 5494 667 5581 verum
707 5504 870 5573 puto.
898 5499 970 5581 Et
993 5494 1220 5581 postea
1248 5495 1436 5581 ἀμηρᾶ
1459 5496 1769 5581 ρθβορρφ
1817 5494 1919 5581 ειρτ

272 5572 445 5651 ditur,
482 5568 746 5651 nomine
802 5568 1044 5651 omisso".
1078 5576 1221 5651 ξςγι..
1344 5568 1594 5651 Omissis
1641 5568 1920 5651 Xylandri

274 5642 632 5720 coniecturis
659 5644 1237 5723 etcorrnptionibus
1267 5642 1390 5703 hac
1425 5642 1602 5699 verba
1631 5642 1711 5697 sic
1741 5642 1921 5697 inter-

272 5422 453 5512 ἇμῇρᾶ
518 5429 760 5497 omissa.
793 5422 1265 5512 βαξξβασίξιεως

592 5776 857 5841 Panos.
904 5775 1017 5839 Gn.
1061 5770 1295 5838 CXXII.

2027 5353 2268 5422 prctor:
2318 5350 2478 5424 Hunc
2515 5366 2640 5405 cum
2686 5351 2909 5424 vidisset
2956 5352 3200 5409 Anemas
3248 5357 3407 5424 regia
3460 5356 3679 5412 Cretum

2027 5425 2420 5497 stirpesatus,
2439 5423 2676 5497 Cyrusz
2706 5423 2741 5493 ﬁ
2752 5422 2884 5494 lius,
2916 5440 3057 5480 unus
3087 5422 3438 5497 imperat—oris
3468 5430 3679 5485 satelli-

2030 5499 2166 5549 tum.
2194 5494 2342 5557 Quid
2376 5494 2638 5550 clarius'?
2689 5511 2824 5550 nam
2869 5497 3042 5565 paulo
3096 5494 3230 5565 post
3276 5501 3531 5556 Anemas
3563 5500 3678 5565 hic,

2027 5566 2395 5623 Cretensium
2428 5583 2658 5636 ameraa,
2686 5584 2801 5624 non
2835 5568 3033 5625 Basilii
3064 5566 3223 5629 ﬁlius
3254 5570 3678 5627 enuntiabitur.

2028 5641 2211 5698 Goan.

3324 5770 3359 5828 ὅ
