4026 6210
361 276 478 377 139

1720 302 2033 365 GEORGII
2078 302 2415 364 CEDRENI

3654 311 3777 371 MO

365 444 713 515 conoulcati,
772 443 986 516 partim
1032 459 1067 499 a
1116 440 1393 499 Romanis
1449 438 1737 495 assecutis
1794 451 1893 493 eos
1952 438 2002 492 in

2124 433 2297 491 ἔκειτο
2328 437 2529 510 πεσὼν,
2587 439 2616 492 6
2664 436 2710 493 δ’
2771 440 3001 514 Ἀνεμᾶς
3047 441 3238 511 ἀσινὴς
3291 439 3554 507 ἐπανῆκεν
3596 442 3672 499 εἰς
3703 444 3771 499 τὸ

364 538 500 608 fuga
532 536 685 591 cesi.
717 534 879 599 Quod
928 533 1042 589 nisi
1073 549 1186 588 nox
1224 531 1507 603 ingruens
1550 527 2011 601 Sphendosthla-

363 626 507 680 bum
538 625 872 696 eripuisset,
905 623 1108 693 utique
1137 626 1195 676 et
1225 621 1351 692 ipse
1402 619 1563 673 vivus
1612 618 1671 672 in
1722 618 2011 673 Romano-

364 730 496 769 rum
528 714 786 769 venisset
829 716 1199 784 potestatem.
1233 707 1590 781 Superstites
1621 723 1654 762 a
1685 706 1847 761 clade
1877 723 2011 761 cum

364 804 520 859 intra
584 803 798 858 muenia
864 801 1181 867 venissent,
1240 814 1449 869 magno
1517 813 1651 851 cum
1721 796 1881 851 luctu
1947 812 2014 851 ac

366 894 607 964 planetu
666 896 912 947 mortem
966 889 1206 945 Icmoris
1257 888 1724 958 deploraverunt.
1783 885 1847 939 Et
1900 890 2013 940 lto-

367 982 527 1038 mani
585 998 715 1036 cum
773 980 1037 1035 barbaris
1108 977 1315 1033 occisis
1374 975 1560 1048 spolia
1619 974 2012 1044 detraherent,

363 1074 517 1127 inter
558 1071 841 1125 cadavera
900 1069 1079 1124 etiam
1131 1066 1407 1122 mulieres
1465 1065 1816 1120 invenerunt
1864 1063 2013 1119 virili

364 1160 569 1215 habitu
603 1163 805 1227 tectas,
840 1174 965 1230 quae
996 1157 1149 1212 inter
1182 1155 1426 1211 maritos
1471 1155 1530 1209 in
1568 1154 1875 1210 Romanos
1908 1170 2014 1225 pu-

362 1253 702 1319 gnaverant.

2122 525 2501 599 στρατοπεδον.
2528 529 2704 603 Ἤρθη
2758 528 2843 585 ἐπὶ
2894 529 2974 603 τῷ
3027 529 3174 607 ἔργῳ
3232 532 3385 609 φωνὴ
3446 534 3766 608 παμμιγὴς,

2118 620 2226 670 τῶν
2280 617 2371 688 μὲν
2432 618 2716 691 Ῥωμαίων
2770 618 3154 690 ἀλαλαξάντων
3207 620 3294 675 ἐπὶ
3348 624 3417 694 τῇ
3476 620 3624 696 νίκῃ,
3654 627 3767 678 τῶν

2123 701 2181 758 δὲ
2240 705 2460 769 Σκυθὼν
2522 706 2751 779 ἀσήμως
2827 707 3203 779 ὀλολυξάντων
3274 709 3361 764 καὶ
3419 718 3519 780 τῆς
3561 713 3765 766 ἑαυτῶν

2125 792 2459 849 ὑπενδόντων
2506 794 2821 859 ἐνστάσεως.
2873 794 3302 872 Ἐπιϐρισάντων
3360 797 3417 854 δὲ
3472 804 3581 855 τῶν
3626 802 3769 855 Ῥω-

2128 883 2302 955 μαίὼν
2351 884 2426 946 είς
2487 887 2667 959 φυγὴν
2726 884 3090 960 ἔγκεκλίκασι,
3150 888 3239 943 καὶ
3296 887 3503 951 ἀκλεῶς
3552 889 3628 951 εἰς
3661 892 3765 958 τὴν

2123 970 2285 1026 πόλιν
2319 972 2607 1041 ἐσωζοντο.
2661 975 2885 1030 Ἔπεσον
2937 974 2993 1030 δὲ
3045 976 3251 1032 πολλοὶ
3298 979 3434 1033 κατά
3469 976 3634 1048 τήνδε
3661 980 3763 1048 τήν

2124 1064 2358 1138 ἡμέραν,
2387 1062 2475 1117 ὐπ’
2509 1063 2773 1134 ἀλλήλων
2822 1088 2878 1120 τε
2924 1068 3367 1140 συμπατούμενοι
3397 1067 3484 1123 διὰ
3512 1071 3609 1136 τήν
3645 1091 3764 1124 στε-

2125 1152 2397 1226 νοχωρίαν
2448 1153 2536 1206 καὶ
2599 1154 2701 1207 ὑπὸ
2743 1155 3027 1228 Ῥωμαίων
3081 1156 3438 1234 σφαττόμενοι
3478 1162 3558 1229 τῷ
3598 1178 3768 1213 κατα-

2128 1235 2516 1312 λαμϐάνεσθαι.
2546 1248 2755 1319 Μικροῦ
2802 1241 2853 1298 δ’
2898 1242 2956 1299 ἄν
3008 1245 3155 1301 ἑάλω
3206 1246 3297 1301 καὶ
3328 1247 3355 1301 6
3388 1244 3768 1323 Σφενδοσθλά-

360 1330 457 1397 ϐος
489 1336 676 1405 αὐτὸς,
710 1336 755 1389 εί
812 1336 887 1407 μὴ
937 1336 1025 1408 νὺξ
1081 1333 1435 1409 ἐπιγενομένη
1494 1336 1684 1386 τοῦτον
1741 1330 2023 1407 ἐρρύσατο.
2081 1330 2147 1386 Οἱ
2206 1329 2263 1383 δὶ
2317 1332 2409 1385 τὸν
2469 1330 2716 1387 κίνδυνον
2771 1331 3101 1411 διαδράντες,
3134 1334 3283 1398 ἐντὸς
3324 1341 3421 1391 τοῦ
3464 1332 3767 1413 περιϐόλου

360 1426 672 1499 γενόμενοι,
731 1427 971 1481 κωκυτὸν
1041 1425 1126 1480 ἐπὶ
1187 1429 1266 1496 τῷ
1322 1428 1417 1477 τοῦ
1470 1426 1725 1497 *Ικμορος
1791 1421 2003 1493 Θανάτῳ
2085 1419 2249 1496 μέγαν
2307 1419 2592 1495 ἐκόψαντο.
2654 1424 2797 1487 Τοὺς
2858 1422 2914 1479 δὲ
2969 1425 3231 1489 πεσόντας
3279 1431 3386 1482 τῶν
3450 1422 3765 1503 βαρϐάρων,

360 1514 710 1576 σκυλεύοντες
766 1516 817 1569 οἱ
877 1514 1137 1587 Ῥωμαὶοι
1197 1513 1347 1588 εὗρον
1426 1514 1515 1567 καὶ
1593 1516 1849 1587 γυναῖκας
1933 1510 1987 1565 ἐν
2064 1515 2181 1573 τοῖς
2255 1510 2623 1585 ἀνῃρημένοις
2671 1513 2924 1588 κειμένας
2978 1512 3242 1591 ἀνδρικῶς
3292 1515 3621 1591 ἐσταλμένας
3671 1516 3763 1572 καὶ

364 1606 496 1677 μετά
524 1609 631 1659 τῶν
664 1602 869 1681 ἀνδρῶν
903 1605 1037 1678 πρὸς
1070 1604 1380 1677 Ῥωμαίους
1408 1602 1840 1678 ἀγωνισαμὲνας.

430 1734 579 1788 407
614 1732 745 1789 Jam
786 1732 1052 1787 barbaris
1103 1730 1255 1787 bello
1287 1730 1477 1787 omnia
1525 1733 1693 1785 erant
1744 1728 2007 1784 adversa.

357 1822 503 1877 Nam
536 1838 723 1893 neque
745 1821 1153 1893 suppetiarum
1177 1837 1310 1892 spes
1332 1825 1624 1889 erat,cum
1658 1823 1713 1874 et
1744 1818 2008 1888 ipsorum

357 1911 605 1982 gentiles
636 1911 837 1983 procul
858 1913 1131 1967 abessent
1152 1915 1209 1966 et
1231 1909 1495 1965 finitimae
1530 1909 1789 1965 barbarae
1809 1912 2009 1979 gentes

356 2018 389 2056 a
420 2001 695 2057 Romanis
736 2001 849 2057 sibi
904 2004 1235 2056 metuentes
1287 1998 1501 2056 auxilia
1532 1998 1917 2068 denegarent;
1952 1998 2009 2051 et

2196 1727 2343 1783 Ἐπεὶ
2404 1723 2459 1781 δὲ
2514 1733 2631 1791 τοῖς
2692 1724 2988 1805 βαρϐάροις
3046 1736 3227 1794 κακῶς
3284 1730 3499 1809 ἐφέρετο
3558 1733 3625 1786 τὰ
3661 1735 3761 1787 τοῦ

2119 1812 2367 1888 πολέμου
2397 1816 2484 1870 καὶ
2518 1816 2830 1894 ξυμμαχίας
2879 1820 2944 1887 ἦν
2994 1818 3151 1883 ἐλπὶς
3180 1818 3429 1893 οὐδαμοῦ
3460 1818 3548 1893 (οἵ
3569 1841 3629 1875 τε
3656 1821 3760 1896 γὰρ

2120 1904 2394 1978 ὁμοφυλοι
2427 1906 2564 1974 ἦσαν
2617 1908 2847 1983 μακρὰν,
2896 1909 3085 1963 καὶτὰ
3131 1909 3308 1985 ὅμορα
3356 1905 3608 1986 Βάρϐαρα
3648 1914 3758 1965 τῶν

2118 1992 2284 2057 ἐθνῶν
2319 1992 2560 2050 δείσαντα
2612 1996 2738 2059 τοὺς
2787 1999 3089 2070 Ῥωμαίους
3142 1999 3433 2054 ἀπείπαντο
3484 2000 3583 2067 τήν
3629 1999 3764 2075 βοή-

355 2096 722 2147 commeatus
768 2090 928 2163 ipsos
976 2091 1267 2153 deﬁceret.
1302 2089 1455 2161 quod
1515 2088 1773 2143 Romana
1822 2085 2002 2140 classe

2117 2092 2301 2147 θειαν·
2336 2084 2678 2140 ἐπελελοίπει
2726 2083 2772 2140 δ’
2820 2086 3015 2150 αὐτοὺς
3061 2088 3151 2142 καὶ
3198 2089 3264 2143 τὰ
3310 2086 3621 2159 ἐπιπήδεια,
3666 2088 3761 2143 καὶ

353 2181 513 2252 ripas
564 2180 1007 2236 accuratissime
1039 2179 1401 2235 custodiente
1452 2176 1598 2232 nihil
1645 2176 1730 2231 eis
1779 2179 2006 2247 poterat

354 2270 700 2341 importari;
768 2271 1090 2340 eademque
1169 2286 1260 2323 res
1330 2268 1587 2322 obstaret
1634 2282 1748 2337 quo
1809 2265 2005 2319 minus

355 2358 568 2415 lembis
601 2359 725 2415 suis
758 2359 1034 2430 aufugere
1067 2364 1327 2430 possent,
1362 2374 1497 2412 cum
1533 2356 1767 2411 interim
1800 2358 2004 2409 Roma-

354 2450 446 2505 nis
478 2450 735 2519 quotidie
764 2448 941 2504 veluti
974 2465 1037 2503 ex
1072 2448 1310 2519 perenni
1361 2447 1518 2502 fonte
1551 2444 1749 2501 omnia
1799 2444 2001 2499 afflue-

350 2544 479 2595 rent
506 2539 678 2610 bona,
698 2542 754 2595 et
776 2538 1024 2593 subinde
1050 2541 1351 2609 equestres
1380 2540 1804 2606 terrestresque
1827 2532 2000 2603 copiae

348 2629 707 2683 accederent.
736 2629 942 2699 Itaque
972 2626 1285 2682 concilium
1317 2630 1555 2697 cogunt.
1580 2624 1663 2678 Ibi
1696 2622 1795 2678 alii
1826 2626 2001 2677 noctu

349 2716 553 2772 furtim
604 2716 1027 2787 aufugiendum
1068 2715 1406 2779 censebant,
1456 2712 1553 2767 alii
1601 2717 1999 2767 Romanorum

347 2806 523 2861 ﬁdem
582 2821 898 2875 pacemque
955 2803 1410 2875 implorandam,
1446 2807 1624 2872 atque
1681 2799 1764 2855 ita
1810 2798 2001 2870 (aliter

347 2897 506 2952 enim
539 2912 653 2951 non
695 2895 888 2967 licere)
921 2896 1161 2950 domum
1211 2894 1575 2949 redeundum
1612 2910 1624 2948 :
1660 2892 1792 2948 aliis
1839 2891 1995 2946 aliud

346 3002 451 3057 pro
479 3002 538 3041 re
560 2989 698 3041 nata
716 2984 1041 3041 videbatur.
1070 2984 1349 3040 Omnium
1370 2989 1565 3039 tamen
1590 3000 1655 3039 eo
1679 2980 2000 3037 tendebant

346 3074 675 3142 sententiae,
698 3073 836 3129 belli
864 3075 1041 3129 finem
1072 3090 1201 3130 esse
1231 3072 1581 3130 faciendum.
1606 3074 1677 3128 At
1694 3070 1997 3143 Sphendo-

348 3164 618 3221 sthlabus
669 3163 890 3219 hortari
950 3167 1015 3219 ut
1060 3163 1251 3220 adhuc
1299 3161 1481 3220 semel
1530 3178 1664 3219 cum
1720 3158 1999 3218 Romanis

350 3253 625 3325 congredi
655 3252 891 3324 vellent,
922 3258 978 3309 et
1004 3252 1095 3309 vel
1144 3253 1369 3309 fortiter
1416 3251 1730 3324 pugnando
1762 3266 1861 3306 eos
1891 3250 1995 3305 de-

349 3343 606 3414 vincere,
624 3343 711 3398 vel
733 3343 783 3399 si
805 3343 1043 3400 victoria
1064 3342 1241 3415 potiri
1266 3360 1380 3398 non
1403 3342 1660 3409 daretur,
1680 3340 1994 3413 gloriosam

349 3434 524 3504 atque
567 3432 796 3489 felicem
853 3436 1102 3488 mortem
1157 3432 1513 3504 turpissimae
1564 3435 1739 3501 atque
1787 3429 1989 3485 infami

346 3521 477 3577 vitae
527 3523 816 3594 praeferre.
861 3523 966 3588 Qui
1013 3521 1168 3577 enim
1218 3522 1397 3576 vitam
1446 3519 1750 3576 toleraturi
1797 3524 1996 3575 essent

347 3612 490 3683 fuga
520 3611 1363 3679 servatam,contemnentibus
1392 3608 1551 3679 ipsos
1584 3625 1755 3680 porro
1788 3608 1996 3663 vncinis

346 3699 603 3771 populis,
629 3700 847 3771 quibus
878 3706 1049 3754 antea
1092 3700 1299 3754 terrori
1332 3698 1620 3754 fuissent?
1650 3699 1730 3752 Ea
1759 3704 1994 3753 senten-

344 3789 429 3843 tia
459 3788 702 3859 placuit,
725 3788 1067 3858 assensique
1108 3792 1246 3843 sunt
1278 3802 1503 3853 omnes,
1528 3791 1586 3842 et
1626 3785 1870 3857 polliciti
1901 3803 1995 3840 ex-

347 3881 604 3931 tremum
644 3876 796 3931 408
829 3893 891 3931 se
922 3892 1026 3947 pro
1057 3876 1176 3931 vita
1206 3893 1315 3931 sua
1344 3881 1638 3930 certamen
1681 3892 1915 3930 summa
1945 3874 1997 3929 vi

350 3964 635 4020 obituros.
661 3964 943 4021 Postridie
972 3981 1108 4037 ergo
1142 3965 1394 4020 universi
1425 3966 1566 4020 urbe
1598 3969 1829 4033 exeunt,
1864 3981 1997 4037 por-

352 4056 563 4124 tasque
588 4053 889 4121 claudunt,
915 4070 986 4110 ne
1009 4054 1142 4125 quis
1174 4055 1230 4109 in
1256 4055 1456 4109 urbem
1481 4071 1511 4110 e
1537 4055 1673 4126 fuga
1705 4055 2001 4126 pervenire

354 4142 561 4215 possit.
591 4142 911 4198 Commisso
970 4143 1167 4215 praelio
1225 4144 1435 4200 acriter
1494 4149 1809 4216 pugnatur.
1867 4144 1999 4198 Jam

355 4232 624 4288 barbaris
655 4232 918 4287 animose
958 4232 1383 4304 pugnantibus,
1417 4233 1663 4288 Romani
1708 4240 1766 4288 et
1808 4233 2002 4304 gravis

358 4339 476 4379 suae
507 4326 819 4377 armatura!
859 4321 1115 4392 pondere
1145 4326 1201 4376 et
1230 4321 1371 4377 solis
1402 4339 1605 4377 sereno
1640 4323 1882 4377 meridie
1911 4340 2001 4377 ar-

359 4412 495 4466 dore
528 4427 593 4466 ac
623 4409 719 4466 siti
765 4409 1045 4483 languere
1090 4409 1469 4482 incipiebant,
1504 4429 1637 4467 cum
1689 4411 2007 4482 imperator

358 4517 418 4556 re
453 4502 857 4556 animadversa
884 4502 1175 4555 succurrit
1199 4518 1331 4556 cum
1364 4503 1511 4567 suis,
1536 4505 1591 4556 et
1622 4501 1879 4556 hostium
1911 4517 2005 4555 ve-

356 4588 667 4644 hementize
690 4606 749 4643 se
781 4588 1001 4659 objicit,
1030 4594 1305 4661 utresque
1338 4590 1571 4645 interim
1605 4607 1757 4661 aqua
1779 4595 1832 4645 ct
1871 4591 2005 4646 vino

357 4678 559 4746 plenos
582 4677 772 4733 afferri
805 4678 987 4748 iubet.
1013 4679 1149 4733 Inde
1174 4696 1321 4749 quos
1344 4687 1525 4733 aestus
1546 4696 1609 4733 ac
1636 4680 1764 4735 silis
1786 4679 2004 4735 afflixe-

356 4770 445 4820 rat
494 4767 733 4822 recreati
764 4765 1017 4822 violento
1064 4767 1286 4839 impetu
1338 4768 1395 4822 in
1444 4768 1688 4839 Scythas
1737 4769 2001 4837 irruunt;

2117 2169 2422 2245 οὐδαμόθεν
2476 2174 2883 2248 εἰσκομίσασθαι
2935 2174 3156 2232 δυνατὸν
3197 2177 3288 2249 ἧν,
3317 2182 3412 2233 τοῦ
3444 2179 3759 2251 Ῥωμαϊκοῦ

2117 2261 2315 2315 στόλου
2346 2264 2441 2326 τὰς
2493 2260 2662 2339 ὄχθας
2705 2260 2945 2341 ἀκριϐῶς
2996 2272 3295 2340 τηροῦντος
3341 2272 3436 2322 τοῦ
3474 2271 3758 2341 ποταμοῦ-

2116 2349 2330 2427 ἐπέῥρει
2382 2350 2438 2406 δὲ
2492 2353 2581 2407 καὶ
2630 2359 2743 2415 τοῖς
2785 2355 3080 2428 Ῥωμαίοις
3139 2357 3367 2427 ἑκάστης
3422 2357 3631 2432 ἡμέρας
3683 2358 3761 2419 ὡς

2114 2438 2172 2497 ἔκ
2200 2462 2349 2504 τινος
2405 2442 2640 2520 ἀφθόνου
2689 2451 2875 2519 πηγῆς
2922 2446 3097 2501 πάντα
3141 2446 3207 2500 τὰ
3254 2446 3443 2522 ἀγαθά,
3474 2446 3563 2501 καὶ
3594 2447 3759 2501 ἱππι-

2110 2530 2201 2585 καὶ
2234 2530 2323 2585 καὶ
2355 2532 2567 2600 πεζικαὶ
2626 2528 2881 2606 δυνάμεις
2931 2532 3021 2588 διὰ
3075 2536 3270 2597 παντὸς
3317 2535 3697 2611 προσετίθεντο
3740 2555 3754 2570 ο

2110 2620 2196 2675 καὶ
2232 2617 2355 2675 οὐδὲ
2393 2626 2509 2684 τοῖς
2555 2620 2834 2692 κελητίοις
2884 2624 3086 2678 ἑαυτῶν
3137 2620 3409 2696 ἐμϐάντας
3452 2621 3758 2699 ἀποδρᾶναι

2108 2710 2174 2777 ἦν
2213 2706 2458 2777 δυνατὸν,
2490 2714 2597 2764 τῶν
2648 2708 2925 2785 διεξόδων,
2976 2713 3049 2774 ὡς
3102 2711 3347 2786 εἷ’πομεν,
3380 2708 3618 2787 ἀκριϐῶς
3652 2735 3756 2787 φυ-

2112 2798 2506 2873 λαττομένων),
2538 2795 2856 2873 συμϐουλὴν
2907 2800 3303 2876 συστησάμενοι
3351 2800 3408 2857 οἷ’
3438 2802 3534 2875 μὶν
3563 2804 3756 2865 νυκτὸς

2110 2883 2497 2943 συνεϐούλευον
2547 2888 2743 2963 κλέψαι
2795 2892 2893 2960 τὴν
2945 2890 3317 2967 ἀναχώρησιν,
3371 2890 3535 2946 ἄλλοι
3578 2890 3636 2946 δὲ
3665 2889 3755 2947 δε·
3800 2960 3805 2965 ι

2111 2976 2223 3047 ξιάς
2267 2977 2355 3032 καὶ
2404 2978 2608 3041 πίστεις
2655 2979 2800 3053 παρᾶ
2851 2979 3133 3053 Ῥωμαίων
3181 2979 3499 3052 αἰτήσασθαι
3552 2981 3636 3035 οἶα
3671 2982 3753 3053 μὴ

2111 3060 2298 3129 ἄλλως
2354 3064 2584 3137 δυνατῆς
2634 3065 2799 3139 οὔσης
2853 3070 2951 3138 τὴς
3000 3069 3434 3145 ὑποχωρήσεως,
3466 3068 3555 3124 καὶ
3605 3068 3754 3124 οὕτω

2107 3157 2245 3231 πρὸς
2272 3155 2339 3211 τὰ
2384 3155 2557 3211 οῗκεῖα
2596 3155 2816 3233 ἀπᾶραι.
2865 3158 2963 3211 Καὶ
3011 3155 3198 3213 ἄλλων
3251 3158 3324 3220 ὥς
3366 3179 3441 3229 πη
3474 3159 3687 3231 ἑκάστῳ
3722 3160 3752 3213 6

2108 3244 2295 3319 καιρὸς
2347 3242 2528 3300 ἐδίδου
2579 3241 3126 3319 συμϐουλευσάντων.
3175 3249 3389 3302 πάντων
3424 3245 3479 3302 δὶ
3507 3247 3755 3319 καθάπαξ

2107 3335 2422 3388 καταθέσθαι
2479 3335 2570 3389 τὸν
2624 3333 2869 3409 πόλεμον
2943 3335 3375 3409 ἐπιθυμούντων,
3435 3338 3463 3392 6
3515 3334 3752 3415 Σφενδο-

2109 3418 2344 3487 σθλάϐος
2388 3422 2623 3498 παφῄνει
2676 3422 2890 3496 μᾶλλον
2941 3419 3017 3479 ἔτι
3069 3424 3204 3497 ἅπαξ
3252 3425 3563 3500 πολεμῆσαι
3612 3427 3751 3480 Ῥω-

2111 3512 2314 3585 μαίοις,
2347 3513 2435 3566 καὶ
2466 3512 2501 3581 ἤ
2560 3511 2745 3575 καλῶς
2796 3512 3235 3589 ἀγωνισαμένους
3284 3513 3589 3589 ἐπικρατεῖς
3634 3520 3747 3570 τῶν

2106 3599 2352 3657 ἐναντίων
2385 3603 2648 3677 γενέσθαι,
2682 3601 2717 3672 ἤ
2766 3604 3096 3673 ἡττηθέννας
3148 3602 3437 3679 αἰσχίστης
3483 3609 3624 3675 ζωῆς
3654 3606 3751 3661 καὶ

2106 3688 2477 3745 ἐπονειδίστου
2536 3690 2733 3751 εὐκλεᾶ
2798 3690 2887 3746 καὶ
2968 3694 3230 3768 μακάριον
3307 3695 3759 3767 προτιμήσασθαι

2108 3781 2330 3843 θάνατον
2369 3798 2381 3811 ·
2416 3775 2648 3835 ἀϐίωτον
2681 3782 2782 3857 γάρ
2837 3777 2982 3835 ἔσται
3031 3782 3217 3845 αὐτοῖς
3263 3779 3489 3858 δρασμῷ
3514 3784 3611 3852 τὴν
3645 3805 3759 3838 σω-

2105 3869 2295 3945 τηρίαν
2341 3871 2748 3945 πορισαμὲἐοις,
2800 3869 2949 3944 εἴπερ
3002 3869 3257 3944 μέλλοιεν
3311 3871 3751 3949 εὐκαταρφρὸνη-

2106 3980 2191 4013 τοι
2224 3953 2431 4023 ἔσεσθαι
2499 3964 2615 4023 τοῖς
2666 3964 2997 4036 γειτονοῠσιν
3048 3956 3271 4030 ἔθνεσιν,
3319 3960 3352 4014 ’ἀ
3398 3962 3461 4015 τὸ
3515 3964 3756 4035 προσθεν

2110 4046 2306 4109 αὐτοὺς
2361 4045 2628 4103 ἐδεδίεσαν
2681 4046 2947 4125 σφοδρῶς.
3010 4051 3093 4122 [Ρ.
3119 4052 3246 4123 680]
3291 4056 3513 4125 Ἣρεσεν
3572 4053 3606 4121 ἡ
3657 4055 3761 4107 τοῦ

2114 4133 2569 4214 Σφενδοσθλάϐου
2632 4138 2833 4213 βουλὴ,
2904 4138 2992 4192 καὶ
3062 4140 3343 4194 κατάθεντο
3411 4139 3602 4203 πάντες
3660 4142 3758 4196 τὸν

2115 4226 2245 4302 ὑπὶρ
2278 4230 2461 4302 ψυχῆς
2493 4223 2721 4303 ἔσχατον
2773 4224 3126 4303 ἀναδέχεσθαι
3176 4226 3421 4285 κίνδυνον
3451 4235 3567 4291 ταῖς
3600 4227 3763 4296 ὅλαις

2114 4314 2394 4389 δυνάμεσι.
2453 4320 2527 4389 Τῇ
2582 4322 2714 4392 γοῦν
2772 4316 2997 4390 ἐπιούσῃ
3054 4316 3360 4387 ἐξελθόντες
3411 4323 3508 4374 τοῦ
3565 4317 3761 4383 ἄστεος

2113 4404 2409 4480 πανδημεὶ,
2456 4406 2545 4460 καὶ
2593 4407 2685 4468 τὰς
2732 4404 2908 4481 πύλας
2958 4405 3399 4481 ἀποκλείσαντες,
3432 4409 3507 4470 ὡς
3540 4411 3615 4482 μή
3648 4430 3759 4465 τινι

2116 4493 2336 4550 δυνατὸν
2371 4493 2453 4564 εἰῇ
2503 4494 2755 4569 τραπέντι
2802 4493 3158 4565 διασώζεσθαι
3216 4498 3352 4571 πρὸς
3408 4500 3506 4567 τὴν
3565 4496 3759 4572 πόλιν,

2114 4580 2490 4657 συμϐάλλουσι
2550 4590 2668 4647 τοῖς
2725 4583 3037 4657 Ῥωμαίοις.
3100 4586 3333 4662 Ἀγῶνος
3392 4584 3450 4641 δὲ
3490 4593 3759 4664 καρτεροῦ

2117 4675 2406 4735 συστάντος
2457 4674 2546 4728 καὶ
2592 4678 2700 4729 τῶν
2753 4668 3038 4749 βαρϐάρων
3112 4675 3367 4751 εὐψύχως
3426 4676 3762 4751 ἀγωνιζομέ-

2114 4786 2244 4831 νων,
2276 4768 2354 4836 τῷ
2383 4762 2528 4836 ἡλίῳ
2557 4763 2920 4835 καυσούμενοι
2971 4764 3021 4818 οἱ
3062 4765 3325 4837 Ῥωμαῖοι
3356 4765 3445 4819 καὶ
3478 4764 3619 4841 δίψει
3650 4789 3762 4822 πο-

356 4855 546 4927 iisque
594 4856 869 4911 audacter
919 4856 1404 4925 subsistentibus,
1446 4857 1793 4928 aliquandiu
1841 4875 2002 4929 aequo

2115 4853 2369 4926 νούμενοι
2403 4854 2475 4915 ὠς
2497 4851 2830 4908 πανοπλῖται
2880 4852 2967 4925 (ἦν
3012 4852 3114 4929 γὰρ
3145 4853 3232 4907 καὶ
3265 4856 3506 4929 παθηρά
3538 4876 3759 4929 μεσημ-

359 4944 542 4999 Marte
576 4951 899 5015 pugnatum
949 4955 1053 5000 est.
1088 4946 1344 5000 Tandem
1391 4948 1707 5017 imperator
1746 4949 2004 5002 sentiens

357 5031 469 5088 loci
502 5034 836 5105 angustiam
883 5034 1082 5089 virtuti
1130 5052 1370 5091 suorum
1422 5038 1652 5091 obstare
1682 5054 1748 5091 ac
1778 5036 2007 5108 Scythis

361 5138 428 5177 eo
458 5122 685 5177 animos
717 5122 937 5193 augeri,
962 5124 1205 5178 mandat
1233 5125 1482 5179 ducibus
1513 5130 1576 5179 ut
1606 5131 1757 5179 retro
1789 5126 1846 5180 in
1882 5125 2004 5197 pla-

364 5211 566 5265 nitiem
626 5212 825 5282 procul
875 5212 947 5265 ab
996 5214 1140 5267 urbe
1193 5214 1504 5283 abducant,
1539 5213 2007 5286 fugientiumque

363 5300 615 5370 speciem
650 5318 764 5355 non
797 5300 978 5356 effuse
1008 5302 1105 5356 sed
1148 5302 1369 5356 sensim
1401 5302 1656 5357 cedendo
1689 5303 2004 5373 praebcant,

361 5396 539 5459 atque
567 5388 668 5442 ubi
702 5389 927 5443 hostem
975 5388 1143 5458 longe
1173 5390 1244 5445 ab
1278 5391 1420 5445 urbe
1467 5391 1786 5460 avocarint,
1809 5390 2003 5447 subito

326 5477 526 5552 ,equis
574 5477 870 5533 conversis
919 5478 1353 5549 aggrediantur.
1385 5480 1559 5535 Jussa
1602 5484 2004 5551 exsequuntur

358 5568 558 5624 duces.
592 5566 659 5621 Et
704 5565 875 5621 Rossi
905 5566 1174 5622 cedentes
1208 5571 1499 5623 Romanos
1530 5569 1729 5640 fugere
1757 5569 2000 5641 opinati,

356 5660 564 5717 mutuo
584 5671 712 5714 sese
732 5654 1040 5724 exhortati,
1057 5671 1270 5731 magno
1294 5672 1425 5715 cum
1455 5656 1692 5714 fremitu
1721 5674 1819 5717 eos
1847 5659 1997 5716 409

2115 4938 2242 5015 ϐρία
2275 4939 2526 5019 (ἤρξαντο
2578 4939 2865 4997 ἐνδιδόναι.
2919 4944 3087 5015 ¹¹Οπερ
3143 4940 3463 5015 αἰσθόμενος
3513 4944 3541 4997 6
3597 4946 3759 5019 βασι-

2114 5030 2240 5095 λεὺς
2283 5029 2371 5086 διὰ
2412 5033 2623 5107 ταχέων
2678 5030 2812 5103 μετά
2859 5030 2966 5084 τῶν
3003 5029 3126 5104 περὶ
3185 5030 3341 5085 αὐτὸν
3392 5027 3631 5103 ἐϐοήθει,
3662 5036 3759 5091 καὶ

2116 5120 2274 5183 αὐτὸς
2309 5122 2404 5193 μὲν
2434 5122 2531 5189 τὴν
2583 5120 2763 5191 ἀκμὴν
2819 5115 3103 5189 ὑπεδέξατο
3151 5123 3249 5174 τοῦ
3286 5118 3558 5194 πολέμου,
3589 5127 3667 5195 τῷ
3698 5122 3761 5179 δὲ

2111 5209 2445 5280 πεπονηκότι
2483 5207 2840 5285 στρατεύματι
2893 5209 2993 5262 ὑπὸ
3041 5206 3207 5277 ἡλίου
3240 5210 3327 5263 καὶ
3354 5206 3518 5283 δίψης
3556 5211 3761 5276 ἀσκοὺς

2114 5297 2268 5353 οἴνου
2316 5298 2404 5353 καὶ
2464 5295 2663 5353 ὕδατοσ
2718 5296 2950 5373 πλήρεις
3002 5297 3289 5372 προσέταξε
3336 5299 3604 5371 κομίζειν.
3657 5301 3759 5365 Οἷς

2113 5389 2450 5463 χρησάμενοι
2481 5386 2570 5442 καὶ
2599 5388 2698 5457 τὴν
2732 5384 2887 5461 δίψαν
2936 5384 3026 5439 καὶ
3072 5384 3163 5440 τὸν
3194 5390 3289 5440 τοῦ
3315 5386 3479 5456 ἡλίου
3504 5389 3761 5447 καύσωνα

2111 5477 2577 5553 ἀποκρουσάμενοι
2624 5475 2712 5531 καὶ
2757 5472 2977 5536 ἑαυτοὺς
3026 5470 3385 5539 ἀναλαϐόντες
3449 5477 3584 5550 μετά
3620 5501 3755 5556 σφο.

2111 5564 2373 5641 δρὸτητος
2421 5566 2511 5621 καὶ
2566 5565 2746 5643 ῥύμης
2783 5569 2900 5625 τοῖς
2945 5561 3177 5627 Σκύθαις
3223 5562 3534 5641 ἐπὲῤῥαξαν.
3578 5568 3754 5624 Ἐκει-

2107 5678 2214 5717 νων
2248 5653 2305 5714 δὲ
2332 5655 2589 5736 γενναίως
2634 5651 3047 5730 ὑποδεξαμένων
3089 5652 3156 5726 ἦν
3188 5654 3225 5727 ἡ
3260 5654 3416 5735 μάχη
3450 5653 3752 5736 ἰσοπαλὴς,
