4026 6210
414 270 532 330 143

1780 270 2099 333 GEORGII
2143 271 2484 334 CEDRENI

3713 279 3826 343 H4

413 400 499 457 sis
532 398 692 457 ﬁlius
731 401 983 458 Anemas
1026 418 1176 473 equo
1221 402 1331 458 hac
1361 400 1493 459 illac
1523 402 1764 459 obverso
1795 406 1852 458 et
1896 402 2039 459 vehe

2184 402 2275 458 τὸν
2331 404 2446 458 υἱὸν
2498 402 2899 461 Κωνσταντίνου
2952 408 3050 459 τοῦ
3102 405 3393 481 βασιλέως,
3421 410 3518 462 τοῦ
3575 408 3693 463 υἱοῦ
3734 413 3826 465 τοῦ

414 496 640 546 menter
670 490 999 546 calcaribus
1028 492 1291 561 incitato,
1318 493 1593 547 audacter
1623 492 1680 547 in
1716 492 1911 563 ipsum
1949 494 2064 547 fer-

414 583 512 634 tur
540 579 1143 651 Sphendosthlabum,
1169 580 1483 653 hostilique
1517 580 1806 653 phalange
1837 581 2069 637 divulsa

417 669 678 741 gladium
709 669 760 724 ei
813 670 875 724 in
924 670 1184 725 medium
1239 677 1415 741 caput
1461 671 1695 742 inﬂigit,
1728 687 1913 742 eoque
1943 670 2064 727 ictu

420 774 569 829 equo
600 758 800 829 deiicit
832 775 845 813 ι
880 776 951 814 ne
979 764 1177 815 tamen
1226 759 1600 827 interﬁceret,
1634 777 1795 815 arma
1846 761 2064 833 quibus

416 850 607 903 tectus
638 852 762 903 erat
799 848 1086 904 barbarus
1130 847 1504 904 obstiterunt.
1537 855 1667 921 Ipse
1699 850 2063 906 circumven-

419 944 529 1004 tus,
566 942 623 991 et
654 937 975 992 multorum
1007 938 1138 992 telis
1170 939 1387 1010 petitus
1420 939 1737 994 fortissime
1769 956 2062 1011 pugnans,

413 1024 677 1097 ipsorum
710 1025 885 1082 etiam
918 1042 1051 1083 cum
1101 1026 1364 1083 hostium
1414 1028 1806 1084 admiratione
1835 1028 2066 1085 interfi-

414 1115 584 1168 citur.

2184 488 2549 570 πρεσϐυτέρου
2608 495 2910 566 Ῥωμανοῦ,
2966 495 3056 549 καὶ
3111 498 3311 572 Πέτρον
3370 498 3461 552 τὸν
3538 518 3823 574 στρατοπε-

2177 579 2411 657 δάρχην,
2444 584 2559 655 μεθ’
2610 584 2683 637 ὧν
2737 581 2970 659 ἐξῆρχον
3016 581 3324 658 δυνάμεων,
3356 587 3652 663 προσράξαι
3710 594 3823 652 τοῖς

2175 670 2469 744 πολεμίοις
2526 669 2834 745 ἐπέτρεψεν.
2869 673 2936 730 Οἳ
2971 669 3037 741 δὴ
3070 668 3473 749 προσϐαλόντες
3519 680 3635 738 τοῖς
3682 677 3824 732 Σκό-

2178 772 2294 824 θαις
2326 760 2601 835 ἐμάχοντο
2632 765 2926 837 καρτερῶς.
2961 761 3243 835 Ἐκθόμως
3277 760 3334 818 δὲ
3379 764 3638 819 κάκείνων
3694 766 3819 821 ὕπο-

2178 850 2477 923 δεξαμένων
2539 848 2752 912 πολλὰς
2809 850 3013 927 τροπὰς
3071 852 3162 906 καὶ
3218 852 3559 925 μετακλίσεις
3624 850 3817 927 συνέϐη

2174 940 2265 994 τὸν
2318 939 2561 1012 πόλεμον
2620 937 2888 1012 δέξασθαι,
2921 941 3010 996 καὶ
3070 940 3362 1015 ἐφ’ξικανόν
3396 944 3595 1019 χρόνον
3646 946 3821 1001 tam.

2176 1028 2369 1091 λαντος
2401 1030 2466 1098 ἦν
2507 1031 2535 1097 ἦ
2572 1028 2748 1104 μάχη.
2783 1032 3045 1095 Ἐνταῦθα
3084 1029 3248 1110 πάλιν
3301 1033 3328 1087 ὀ
3375 1033 3472 1087 τοῦ
3514 1039 3613 1103 τῆς
3667 1037 3822 1110 Κρή-

2173 1132 2272 1182 της
2334 1110 2524 1183 ἀμηρᾶ
2581 1111 2695 1171 υἱὸς
2753 1108 3169 1185 Ἀνεμᾶς,τῇδε
3226 1113 3437 1167 κάκεῖσε
3495 1114 3585 1168 τὸν
3640 1108 3817 1170 ἵππον

420 1202 781 1272 μετακινήσας
838 1201 927 1255 καὶ
989 1198 1349 1278 σφοδρότερον
1383 1202 1686 1276 μυωπίσας,
1718 1205 1833 1259 κατ’
1894 1202 2055 1258 αὐτοῦ
2112 1204 2208 1255 τοῦ
2260 1195 2714 1273 Σφενδοσθλάϐου
2775 1200 2992 1273 φέρεται
3050 1199 3184 1272 μετὰ
3242 1196 3491 1272 λήματος
3550 1207 3817 1275 νεανικοῦ,

418 1290 510 1343 καὶ
568 1290 667 1357 τὴν
729 1288 982 1367 φάλαγγα
1041 1289 1325 1366 διασχίσας
1383 1296 1490 1346 τῶν
1551 1291 1826 1365 δυσμενῶν
1881 1293 2027 1347 παίει
2085 1294 2275 1345 τοῦτον
2309 1290 2385 1359 τῷ
2415 1287 2553 1364 ξίφει
2583 1289 2718 1342 κατᾶ
2746 1288 2916 1360 μέσην
2948 1290 3046 1359 τὴν
3075 1287 3340 1367 κεφαλὴν,
3370 1289 3458 1345 καὶ
3488 1286 3824 1348 καταϐάλλει

414 1379 517 1448 μὲν
577 1383 673 1433 τοῦ
708 1379 906 1448 Ἵππου,
963 1381 1026 1435 οὐ
1081 1383 1186 1454 μήν
1246 1402 1305 1456 γε
1360 1381 1448 1435 καὶ
1507 1382 1717 1456 ἀναιρεῖ
1767 1382 2172 1456 ἐπαρκεσάντων
2230 1382 2337 1432 τῶν
2399 1375 2585 1431 ὅπλων
2642 1377 2674 1431 ἃ
2713 1375 3007 1435 ἐνεδέδυτο.
3048 1379 3227 1441 Αὐτὸς
3285 1378 3467 1452 μέντοι
3524 1380 3823 1445 κυκλωθεὶς

407 1466 497 1522 καὶ
561 1468 664 1524 ὑπὸ
721 1466 950 1525 πολλῶν
1010 1467 1355 1546 βαλλόμενος
1416 1470 1735 1547 ἀναιρεῖται,
1764 1474 2020 1548 ἡρωϊκῶς
2072 1468 2443 1543 καταστρέψας
2493 1468 2585 1522 τὸν
2649 1466 2788 1541 βίον,
2821 1472 3001 1543 θαῦμα
3059 1470 3199 1544 μέγα
3237 1469 3324 1525 καὶ
3356 1475 3472 1532 τοῖς
3502 1468 3819 1535 ἀντιπάλοις

407 1559 718 1631 γενόμενος.

479 1648 697 1705 Ferunt
723 1664 792 1707 ea
821 1667 1020 1724 pugna
1049 1650 1334 1709 divinitus
1383 1667 1616 1725 quoque
1665 1653 1943 1710 Romanis
1972 1653 2058 1709 la-

408 1742 535 1793 tum
567 1740 873 1796 auxilium.
904 1741 1048 1797 Nam
1084 1742 1156 1797 ab
1185 1744 1397 1797 Austro
1442 1742 1707 1798 obortam
1740 1741 2055 1814 procellam

406 1828 466 1882 in
500 1829 677 1885 facies
706 1829 1054 1901 Scytharum
1085 1830 1402 1903 ingruisse,
1429 1846 1647 1903 eosque
1678 1830 2055 1902 impedivisse

406 1934 478 1973 ne
507 1935 616 1974 suo
656 1920 941 1975 arbitratu
990 1935 1113 1975 rem
1144 1923 1428 1991 gererent.
1463 1919 1529 1975 Et
1556 1920 1627 1975 ab
1655 1919 1813 1976 omni
1846 1919 2056 1975 Roma-

403 2024 613 2063 norum
646 2009 899 2065 exercitu
933 2015 1310 2080 conspectum
1329 2010 1511 2066 fuisse
1530 2010 1719 2064 virum
1750 2009 1881 2064 albo
1902 2024 2053 2080 equo

400 2096 725 2169 vehentem,
766 2097 868 2166 qui
914 2098 1190 2171 princeps
1241 2116 1498 2171 pugnam
1530 2101 1679 2155 4M
1717 2098 1925 2154 obierit
1955 2097 2052 2153 ho-

401 2186 698 2255 stiumque
758 2188 995 2243 ordines
1069 2188 1521 2253 conturbaverit,
1580 2188 1801 2242 nemini
1862 2203 2053 2258 neque

398 2282 531 2332 ante
552 2292 738 2347 neque
764 2277 1070 2346 postmodo
1091 2277 1389 2349 cognitum
1419 2296 1431 2333 :
1459 2293 1590 2332 eum
1614 2278 1848 2332 aiebant
1869 2276 2049 2331 fuisse

398 2366 791 2433 Theodorum,
830 2383 1014 2420 unum
1046 2367 1117 2421 de
1149 2366 1570 2436 pulcherrimas
1601 2366 1930 2421 consecutis
1962 2365 2046 2419 vi-

398 2455 611 2509 ctorias
662 2456 1041 2525 martyribus.
1093 2457 1245 2509 Sane
1296 2455 1387 2510 his
1434 2472 1663 2526 semper
1707 2453 2047 2525 auspicibus

398 2549 575 2613 atque
628 2542 1033 2612 antesignanis
1083 2544 1393 2597 adversum
1445 2544 1643 2598 hostes
1696 2543 1778 2597 uti
1825 2542 2045 2598 solebat

397 2631 717 2701 imperator
748 2631 877 2699 hic;
910 2636 966 2687 et
998 2647 1111 2702 quo
1143 2632 1235 2685 die
1268 2631 1386 2684 haec
1417 2648 1611 2703 pugna
1642 2637 1732 2686 est
1764 2638 2045 2702 pugnata,

395 2719 448 2776 is
480 2719 667 2775 festus
700 2719 811 2774 fuit
838 2720 1136 2775 memoriis
1183 2718 1341 2775 illius
1370 2720 1653 2775 Theodori
1684 2720 2042 2776 exercituum

338 2828 347 2839 ο
394 2809 676 2864 ductoris.
707 2808 815 2863 Sed
848 2814 905 2863 et
947 2809 1279 2863 veneranda
1325 2809 1595 2878 quaedam
1629 2807 1840 2863 mulier
1881 2808 2045 2880 Cpoli

391 2895 570 2952 ﬁdem
602 2896 736 2952 fecit
766 2896 822 2951 id
856 2896 1044 2953 visum
1078 2896 1263 2952 fuisse
1293 2895 1583 2951 divinum.
1617 2896 1697 2951 Ea
1739 2896 1895 2952 enim
1930 2896 2046 2969 pri-

390 2988 483 3043 die
514 2987 686 3043 istius
734 2987 850 3043 diei
882 2988 939 3042 in
986 2988 1211 3043 somnis
1260 2987 1387 3043 visa
1432 2986 1544 3041 sibi
1594 2987 1783 3042 fuerat
1811 2987 2043 3043 adstare

388 3076 671 3148 Deiparm,
705 3083 762 3131 et
796 3076 1000 3131 audire
1046 3091 1177 3131 eam
1223 3075 1512 3131 dicentem
1543 3076 1778 3130 cuidam
1812 3075 1988 3132 militi
2024 3093 2037 3132 :

391 3187 418 3217 «
448 3166 689 3221 Domine
729 3165 1057 3235 Theodore,
1103 3181 1271 3221 meus
1302 3163 1398 3220 ille
1428 3168 1485 3219 et
1512 3168 1650 3220 tuus
1692 3165 1950 3221 Joannes
1980 3166 2039 3221 in

2240 1648 2462 1723 Λέγεται
2522 1643 2579 1702 δὲ
2629 1645 2721 1702 καὶ
2775 1647 3047 1722 θειοτέρας
3102 1646 3226 1702 τότε
3282 1653 3471 1724 τυχεῖν
3514 1647 3639 1712 τοὺς
3687 1651 3819 1705 Ῥω-

2171 1737 2365 1810 μαίους
2415 1736 2745 1810 ἐπικουρίας.
2798 1734 3013 1792 Θόελλα
3070 1738 3171 1813 γάρ
3220 1757 3301 1799 τις
3350 1735 3411 1792 ἐκ
3456 1737 3628 1794 Νότου
3685 1740 3819 1796 κατὰ

2164 1828 2457 1901 πρόσωπον
2512 1827 2730 1898 ἀρθεῖσα
2776 1824 2966 1881 ’ίστατο
3021 1827 3128 1880 τῶν
3185 1831 3431 1898 Σκυθῶν,
3469 1828 3545 1901 μὴ
3598 1849 3819 1905 συγχω.

2165 1920 2333 1991 ροῦσα
2374 1922 2615 1990 χρῆσθαι
2672 1915 2809 1970 κατὰ
2868 1915 2968 1983 τήν
3032 1913 3217 1991 μάχην
3276 1920 3394 1978 ταῖς
3449 1917 3817 1993 προαιρέσεσι.

2162 2004 2268 2060 Καί
2316 2008 2398 2065 τις
2446 2004 2579 2077 ἀνὴρ
2624 2002 2779 2059 ὦπτο
2832 2003 2994 2058 παντὶ
3050 2008 3128 2076 τῷ
3154 2003 3503 2080 στρατοπέδῳ
3533 2008 3818 2080 Ῥωμαίων

2163 2091 2445 2171 ἔφ”ίππου
2478 2090 2675 2149 λευκοῦ
2704 2093 3221 2168 προαγωνιζόμενος
3272 2093 3362 2149 καὶ
3408 2095 3504 2160 τὰς
3547 2100 3653 2152 τῶν
3712 2117 3821 2152 πο-

2162 2182 2373 2254 λεμίων
2422 2182 2634 2238 κλονῶν
2694 2184 2781 2237 xui
2835 2180 3205 2257 διαταράσσων
3268 2181 3574 2261 φάλαγγας,
3619 2183 3814 2259 μηδενῖ

2158 2272 2420 2348 πρότερον
2453 2273 2487 2342 ἢ
2525 2271 2658 2342 μετὰ
2695 2276 2860 2327 ταῦτα
2906 2271 3195 2348 γενόμενος
3237 2272 3535 2349 γνώριμος,
3568 2275 3624 2329 ’ὀν
3678 2271 3815 2353 ἔφα-

2159 2382 2286 2415 σκον
2343 2357 2437 2415 ἕνα
2494 2361 2623 2415 εἶναι
2680 2365 2787 2415 τῶν
2845 2358 3174 2416 καλλινίκων
3208 2363 3320 2437 (31)
3359 2363 3646 2438 μαρτύρων
3676 2366 3808 2419 Θεό-

2158 2447 2352 2525 δωρον.
2385 2449 2610 2511 Τούτοις
2642 2446 2699 2504 δὲ
2729 2449 3046 2525 προμάχοις
3077 2450 3158 2505 ἀεὶ
3188 2451 3278 2505 καὶ
3325 2447 3627 2526 προϐόλοις
3669 2454 3811 2508 κατά

2154 2543 2260 2593 τῶν
2304 2538 2589 2611 πολεμίων
2652 2538 2856 2614 ἐχρῆτο
2907 2540 2934 2593 ὁ
2987 2538 3259 2615 βασιλεύς·
3292 2540 3379 2595 καὶ
3429 2542 3534 2618 γὰρ
3592 2538 3659 2611 δὴ
3716 2543 3808 2597 καὶ

2155 2629 2415 2703 συνέτυχε
2440 2626 2597 2683 τόνδε
2650 2628 2740 2682 τὸν
2793 2630 2977 2703 ἀγῶνα
3022 2631 3141 2683 κατ’
3194 2628 3359 2699 αὐτὴν
3415 2638 3802 2706 συνενεχθῆναι

2151 2718 2251 2786 τήν
2276 2719 2484 2793 ἡμέραν
2518 2718 2635 2781 καθ’
2664 2718 2726 2786 ἦν
2774 2716 3041 2791 εἰώθαμεν
3090 2718 3359 2795 ἑορτάζειν
3411 2725 3510 2788 τήν
3573 2722 3804 2793 μνήμην

2152 2812 2249 2863 τοῦ
2297 2805 2694 2882 στρατηλάτου.
2724 2807 2827 2863 Καὶ
2886 2808 3022 2882 γυνή
3083 2804 3139 2862 δέ
3187 2828 3270 2871 τις
3310 2806 3363 2863 ἐν
3392 2807 3661 2880 Βυζαντίῳ
3713 2830 3804 2864 σε·

2157 2897 2264 2969 μνή
2302 2897 2602 2973 ὑπερτάτης
2634 2894 2914 2969 δυνάμεως
2968 2898 3098 2951 εἶναι
3147 2899 3210 2952 τὸ
3260 2896 3445 2974 φάσμα
3492 2896 3806 2969 ἐπιστοῦτο,

2157 2991 2254 3060 μιᾷ
2310 2985 2571 3063 πρότερον
2625 2993 2726 3056 τῆς
2792 2985 3119 3060 συμπλοκῆς
3178 2987 3362 3061 ἡμέρᾳ
3420 2982 3546 3064 ὅναρ
3605 2999 3812 3051 θεασα-

2157 3074 2314 3148 μένη,
2346 3079 2435 3129 καί
2489 3073 2683 3145 δόξασα
2735 3078 2804 3148 τῇ
2864 3076 3113 3148 Θεοτόκῳ
3169 3075 3425 3149 παρίσθαι
3472 3076 3559 3131 καὶ
3610 3077 3814 3150 Αεγοό-

2152 3186 2253 3234 σης
2313 3163 2537 3219 ἀκοῦσαι
2594 3163 2731 3234 πρός
2786 3185 2908 3219 τινα
2967 3164 3338 3239 στρατιώτηνο
3380 3186 3403 3216 ε
3456 3164 3615 3239 Κύριε
3675 3166 3812 3221 Θεό-

390 3255 649 3326 periculo
680 3260 946 3311 versatur
978 3271 992 3310 :
1026 3255 1239 3309 festina
1271 3256 1343 3309 ad
1371 3269 1540 3326 opem
1571 3254 1621 3310 ei
1654 3254 1977 3319 ferendam,
2013 3276 2039 3303 »

2162 3251 2319 3327 δωρε,
2352 3254 2379 3307 ὁ
2421 3253 2551 3324 έμὸς
2609 3253 2698 3307 καὶ
2757 3254 2848 3316 σὸς
2909 3252 3161 3324 Ἰωάννης
3222 3255 3528 3329 περιστάσει
3582 3254 3814 3331 συνέχε-

391 3344 571 3417 idque
601 3344 964 3401 insomnium
1014 3343 1207 3416 prima
1251 3343 1380 3399 luce
1427 3342 1633 3399 vicinis
1683 3345 2039 3399 narraverat.

392 3433 702 3487 Enimvero
733 3431 957 3504 Scytha)
989 3447 1055 3486 eo
1084 3430 1282 3501 praelia
1315 3431 1663 3495 funduntur,
1695 3446 1947 3501 cumque
1980 3447 2043 3486 se

394 3521 580 3593 portis
611 3520 960 3575 interclusos
1004 3536 1037 3574 a
1084 3519 1273 3574 Barda
1321 3518 1624 3587 sentirent,
1654 3518 1713 3572 in
1765 3534 2040 3590 campum

395 3611 536 3681 fuga
565 3609 1002 3680 disperguntur,
1037 3606 1882 3679 pereuntqueinnumerabiles
1916 3624 2043 3679 par-

386 3701 495 3753 tim
528 3715 561 3752 a
606 3713 668 3752 se
715 3698 959 3751 invicem
1010 3694 1356 3765 conculcati,
1410 3695 1623 3766 partim
1675 3712 1707 3749 a
1757 3694 2038 3752 Romanis

389 3786 763 3856 obtruncati,|
789 3784 1070 3841 vulnerati
1120 3801 1266 3857 pene
1309 3800 1534 3841 omnes.
1570 3784 1814 3856 Martyri
1845 3785 2036 3842 Theo-

384 3877 525 3931 doro
556 3874 807 3946 gratiam
842 3891 945 3945 pro
977 3890 1085 3945 ope
1126 3875 1245 3929 lata
1277 3875 1532 3929 referens
1580 3873 1917 3944 imperator,
1950 3876 2032 3930 fa-

383 3981 526 4020 num
556 3965 616 4019 in
651 3980 766 4035 quo
798 3963 850 4019 is
873 3963 1158 4020 humatus
1181 3967 1307 4019 erat
1337 3963 1406 4018 ad
1441 3963 1824 4019 fundamenta
1846 3980 2034 4035 usque

382 4053 722 4121 demolitus,
756 4053 913 4109 aliud
949 4052 1597 4123 magniﬁcentissimum
1629 4052 1935 4123 exstruxit,
1967 4070 2033 4109 ac

378 4143 615 4214 prmdiis
638 4142 866 4214 amplos
894 4140 1249 4197 habentibus
1274 4141 1495 4196 reditus
1518 4140 1756 4196 donavit
1786 4156 1799 4198 :
1825 4142 2030 4198 urbem

375 4231 437 4286 in
469 4248 587 4303 qua
616 4231 673 4287 id
715 4235 859 4303 erat,
893 4246 995 4301 pro
1048 4229 1379 4286 Euchaneia
1424 4230 1888 4302 Theodoropolin
1922 4247 2029 4287 no-

376 4320 644 4377 minavit.

2152 3364 2262 3414 ται,
2319 3343 2407 3396 xui
2466 3345 2693 3397 σπεῦσον
2761 3342 2835 3405 εἴς
2883 3344 2981 3411 τὴν
3056 3342 3219 3397 αὐτοῦ
3299 3344 3572 3419 βοήθειαν,
3622 3366 3649 3395 ››
3714 3344 3811 3398 καὶ

2150 3430 2316 3501 ἡλίου
2347 3432 2670 3506 ἀνίσχοντος
2702 3437 2817 3493 τοῖς
2856 3431 3091 3507 γείτοσιν
3142 3430 3543 3507 ἐξηγησαμένη.
3575 3432 3684 3487 Καὶ
3738 3434 3813 3488 τὰ

2154 3521 2248 3593 μὲν
2309 3519 2563 3593 ὁραθέντα
2616 3525 2803 3591 ταῦτα,
2833 3521 3120 3595 τρέπονται
3179 3519 3236 3575 δὲ
3282 3518 3448 3575 πάλιν
3481 3521 3532 3575 οἱ
3564 3520 3808 3589 Σκύθαι,

2147 3609 2236 3664 καὶ
2296 3608 2724 3682 ἀποκλεισμένας
2774 3610 2868 3673 τὰς
2920 3617 3023 3679 τῆς
3067 3608 3282 3674 πόλεως
3313 3608 3557 3686 εὑρόντες
3612 3609 3810 3674 πύλας

2152 3699 2254 3752 ὑπὸ
2283 3702 2379 3753 τοῦ
2403 3697 2659 3774 Σκληροῦ
2681 3698 2780 3753 ἀνὰ
2806 3701 2868 3753 τὸ
2898 3696 3083 3753 πεδίον
3107 3702 3189 3772 [Ρ.
3220 3701 3347 3772 682]
3387 3695 3806 3767 ἐσκεδάννυντο,

2144 3787 2233 3842 καὶ
2279 3787 2604 3862 ἀνῃρέθησαν
2639 3786 2726 3842 ὑπ’
2758 3785 3025 3859 ἀλλήλων
3079 3808 3137 3842 τε
3195 3786 3643 3861 συμπατούμενοι
3704 3788 3810 3843 καὶ

2146 3876 2249 3929 ὑπό
2305 3876 2587 3947 Ῥωμαίων
2676 3879 3127 3951 συγκοπτόμενοι
3189 3876 3423 3953 ἀριθμοῦ
3491 3875 3809 3951 κρείττους,

2142 3964 2471 4039 τραυματίαι
2505 3962 2561 4019 δὲ
2604 3963 2846 4041 ἐγένοντο
2900 3962 3095 4041 σχεδόν
3144 3986 3195 4019 τι
3242 3967 3459 4027 πάντες.
3493 3966 3600 4022 Τὸν
3652 3966 3809 4043 μάρ-

2139 4074 2273 4129 τυρα
2302 4051 2350 4108 δ’
2386 4054 2413 4108 ὁ
2462 4051 2716 4129 βασιλεὺς
2766 4059 2965 4128 τιμῶν,
2996 4054 3087 4109 καὶ
3142 4060 3243 4124 τῆς
3292 4052 3607 4130 ἐπικουρίας
3654 4055 3812 4111 ἀπο-

2137 4142 2316 4206 τιννὺς
2366 4143 2513 4216 αὐτῷ
2560 4144 2654 4206 τὰς
2714 4139 2973 4217 ἀμοιϐὰς,
3019 4144 3109 4199 τὸν
3164 4144 3290 4199 ναὸν
3341 4141 3391 4198 ἐν
3452 4144 3498 4215 ᾧ
3543 4143 3606 4197 τὸ
3648 4149 3815 4207 θεῖον

2138 4232 2304 4286 αὐτοῦ
2344 4231 2622 4287 ἀπόκειται
2678 4237 2837 4305 σῶμα
2895 4231 2954 4287 ἐκ
3006 4233 3220 4310 βάθρων
3250 4227 3573 4287 καταϐαλὼν
3625 4233 3813 4309 μέγαν

2134 4340 2193 4374 τε
2242 4322 2329 4375 καὶ
2389 4320 2681 4376 κάλλιστον
2740 4317 3087 4394 ᾠκοδόμησε,
3145 4320 3585 4397 μεγαλοπρεπεῖς
3635 4320 3812 4396 αὐτῷ

2131 4408 2332 4472 κτίσεις
2375 4409 2801 4489 προσαφορίσαςο
2850 4411 2910 4467 ὃν
2969 4411 3059 4465 xui
3125 4411 3243 4466 ἀντὶ
3299 4408 3601 4485 Εὐχανείας
3657 4417 3809 4468 Θεο-

2134 4496 2443 4573 δωρόπολιν
2476 4501 2881 4575 κατωνόμασεν.

441 4588 990 4663 Sphendosthlabus
1047 4603 1183 4643 cum
1240 4587 1516 4643 omnibus
1584 4588 1818 4644 tentalis
1875 4588 2020 4644 nihil

2199 4589 2261 4645 Ὁ
2317 4587 2374 4642 δὲ
2432 4584 2882 4666 Σφενδοσθλάϐος
2939 4596 3110 4644 πᾶσαν
3181 4589 3457 4663 μετελθὼν
3519 4593 3813 4665 μηχανὴν

369 4681 776 4749 successisset,
809 4678 1033 4733 nullam
1055 4693 1219 4748 spem
1243 4677 1527 4746 reliquam
1553 4676 1665 4730 sibi
1698 4677 1919 4743 videns,
1946 4679 2018 4733 ad

366 4768 831 4841 pacificationem
865 4767 1131 4822 animum
1158 4765 1383 4836 adjicit,
1409 4765 1730 4837 missisque
1752 4768 1904 4822 412
1937 4766 2016 4821 le-

364 4858 516 4929 gatis
567 4856 828 4929 postulat
874 4856 946 4911 ab
994 4855 1346 4926 imperatore
1394 4870 1456 4909 se
1504 4855 1618 4909 ﬁde
1668 4854 1904 4925 publica
1956 4855 2016 4911 in

362 4962 678 5001 numerum
704 4946 1030 5001 amicorum
1081 4949 1138 4999 et
1182 4944 1474 4998 sociorum
1509 4943 1755 4999 Romani
1783 4943 2016 5015 imperii

361 5034 563 5106 recipi,
598 5033 825 5105 sibique
855 5049 988 5089 cum
1023 5033 1148 5087 suis
1171 5031 1426 5087 reditum
1457 5034 1650 5086 tutum
1683 5032 1923 5087 concedi
1954 5032 2013 5089 in

358 5122 636 5192 patriam,
695 5127 751 5177 et
804 5121 1033 5193 Scythis
1091 5119 1274 5175 libere
1322 5118 1660 5189 negotiandi
1717 5136 1895 5174 causa
1952 5119 2011 5175 in

361 5210 761 5267 Romanorum
811 5210 1093 5265 ditionem
1132 5207 1328 5265 venire
1377 5206 1659 5279 permitti.
1709 5206 2013 5264 Postulata

2129 4676 2218 4731 xui
2250 4674 2342 4731 διὰ
2369 4683 2550 4732 πασῶν
2583 4676 2999 4752 ἐλαττούμενος,
3022 4680 3096 4740 ὡς
3125 4673 3262 4754 ἔγνω
3305 4676 3578 4753 μηδεμίαν
3630 4681 3808 4755 αὐτῷ

2130 4764 2521 4842 ὑπολελεῖφθαι
2553 4765 2771 4840 ἐλπίδα,
2802 4768 2940 4843 πρὸς
2988 4770 3255 4839 συνθήκας
3299 4763 3592 4844 ἀπέϐλεψε.
3633 4771 3810 4844 ΙΙέμ-

2126 4874 2215 4909 πει
2246 4852 2336 4909 οῦν
2378 4856 2513 4929 πρὸς
2566 4854 2789 4930 βασιλέα
2834 4842 3165 4932 πρεσϐευτάς
3211 4855 3420 4919 πίστεις
3468 4842 3814 4933 ἐξαιτούμε-

2124 4963 2235 5011 νος,
2269 4943 2350 5017 έφ⁹
2382 4943 2427 5015 ᾧ
2476 4944 2792 5020 συμμάχοις
2842 4946 2931 4999 καὶ
2985 4945 3168 5023 φίλοις
3200 4944 3484 5019 Ῥωμαίων
3543 4948 3814 5006 καταλι..

2122 5031 2237 5107 γεῖς
2284 5031 2473 5102 ἀσινὴς
2524 5034 2857 5108 συγχωρηθῇ
2907 5032 2991 5089 ἐπ’
3033 5032 3185 5089 οἷ’κου
3228 5034 3589 5110 ἀναχωρῆσαι
3651 5040 3818 5110 μετὰ

2120 5124 2227 5175 τῶν
2277 5120 2411 5198 ἀμφ’
2450 5119 2633 5191 αὐτὸν,
2666 5118 2837 5185 ἀδεῶς
2889 5142 2947 5178 τε
3006 5124 3099 5180 τὸν
3157 5122 3494 5200 βουλόμενον
3556 5126 3816 5201 Σκύθην

2121 5205 2415 5281 ἐμπορείας
2448 5207 2610 5285 χάριν
2652 5214 2863 5287 φοιτᾷν.
2896 5210 3197 5285 Δεξάμενος
3251 5210 3309 5267 δὲ
3353 5214 3453 5282 τὴν
3484 5210 3822 5289 πρεσϐείαν

1551 5339 1918 5397 XYLANDRI
1956 5340 2047 5398 ET
2084 5339 2303 5399 GOARI
2341 5341 2569 5402 ΝΟΤᾸιῖ.

425 5456 540 5530 (31)
567 5454 879 5530 Geminum
911 5452 1283 5530 Theodorum
1314 5451 2002 5530 praeipuqcultuyene-

354 5520 562 5587 rantur
605 5524 835 5598 Grecip:
868 5520 1244 5598 στρατηλάτην
1298 5520 1512 5591 unum;
1554 5523 1737 5580 alium
1767 5521 2002 5598 τύρωνα,

353 5618 420 5660 ac
452 5604 771 5673 utrumque
798 5595 860 5654 in
891 5594 1062 5656 bellis
1091 5595 1459 5653 defensorem
1486 5594 2003 5671 propugnatorem;

2155 5468 2227 5533 ne
2254 5452 2706 5533 θρα-καλλίνικον
2737 5458 3219 5533 invocabant,_ac
3250 5459 3537 5533 imagines
3585 5461 3663 5522 in
3701 5483 3818 5528 vo.

2113 5526 2233 5584 illis
2252 5526 2449 5601 pictas
2478 5528 2761 5589 ferebant.
2793 5530 2994 5589 Codin.
3024 5526 3162 5605 0/6,
3193 5548 3254 5590 n.
3283 5526 3584 5592 2276mm
