4026 6210
228 367 331 427 145

1392 361 1938 425 HISTORIABUM
1984 364 2529 428 COMPENDIUM.

3516 364 3635 429 146

224 501 251 556 ὁ
304 494 585 572 βασιλεὺς,
641 494 731 551 καὶ
785 495 850 550 τὸ
908 491 1175 567 ᾀδόμενον
1235 493 1421 569 λόγιον
1481 494 1743 563 ἂπειπὼν,
1794 495 1868 557 ὡς

1988 498 2104 554 haec
2171 499 2372 555 omnia
2435 499 2758 572 imperator
2822 498 3221 565 confirmavit,
3274 500 3427 555 fatus
3484 497 3632 555 illud

224 586 334 651 ἔθος
361 585 663 659 Ῥωμαίοις
707 583 837 647 τοὺς
887 583 1187 657 πολεμίους
1232 581 1399 638 πλέον
1449 584 1783 660 εὐεργεσίαις
1833 584 1867 655 ἥ

227 676 411 739 ὅπλοις
440 681 618 746 νικᾷν,
670 677 845 729 πάντα
893 674 960 727 τὰ
1009 673 1304 746 αἶ’τούμενα
1348 668 1662 731 ἐϐεϐαίωσε.
1714 680 1868 729 Γενο-

230 768 388 841 μένων
424 763 483 820 δὲ
514 770 623 819 τῶν
670 761 915 827 ςπονδῶν
963 765 991 817 ὁ
1038 758 1486 840 Συρενδοσθλάϐος
1517 763 1607 817 καὶ
1641 763 1715 825 εἶς
1750 760 1871 837 ὄψιν

228 857 390 920 ἆλθεῖν
424 856 517 909 καὶ
550 852 775 927 ὁμιλίαν
819 859 900 926 τῷ
948 852 1162 927 βασιλεῖ
1214 851 1428 923 ἐδεήθη.
1459 852 1871 916 Ἑπινεύσαντος

228 944 279 1001 δὲ
304 947 387 999 καὶ
444 946 585 1020 πρὸς
635 949 802 998 τοῦτο
848 942 1092 1021 ἀφίκετο.
1144 942 1249 997 Καὶ
1300 943 1659 1015 συμμίξαντες
1692 942 1871 1013 ἀλλή-

226 1036 357 1107 λοις,
388 1035 483 1089 καὶ
534 1031 919 1109 διαλεχθέντες
972 1033 1094 1108 περῖ
1129 1030 1202 1087 ὧν
1239 1031 1297 1086 ἂν
1330 1027 1651 1101 ἐϐούλοντο,
1686 1032 1871 1103 ἀπηλ-

228 1123 487 1197 λάγησαν.
523 1123 585 1179 Ὁ
639 1120 695 1175 δὲ
748 1120 1003 1196 βασιλεὺς
1053 1119 1376 1191 αἷτήσαντος
1426 1119 1517 1175 καί
1565 1125 1727 1174 τοῦτο
1774 1125 1870 1175 τοῦ

228 1205 703 1286 Σφενδοσθλάὸου,
754 1211 845 1265 καὶ
915 1209 1051 1285 πρὸς
1107 1210 1441 1279 Ῑῐατζινάκας
1489 1204 1869 1284 διαπρεσϐεύε-

224 1324 322 1367 ται,
355 1301 401 1355 εἷ
438 1299 761 1375 βούλονται,
786 1299 981 1377 φίλους
1010 1299 1203 1361 αὐτοὺς
1241 1300 1331 1353 καὶ
1356 1298 1688 1373 συμμάχους
1709 1299 1869 1367 ἀξιῶν

224 1388 383 1465 ἔχειν,
417 1390 511 1443 καὶ
548 1391 628 1463 μὴ
686 1388 967 1464 διαπερᾳν.
1010 1390 1099 1443 τὸν
1148 1391 1358 1465 Ἵστρον
1408 1389 1498 1442 καὶ
1528 1390 1593 1442 τὰ
1628 1386 1873 1462 Βουλγα-

222 1500 319 1552 ρων
350 1478 667 1547 ληίζεσθαι,
717 1483 1118 1555 παραχωρῆσαι
1171 1475 1228 1533 δὲ
1275 1479 1365 1533 καὶ
1414 1483 1529 1539 τοῖς
1561 1478 1691 1539 Ῥὼς
1726 1477 1871 1530 ἀκω-

223 1568 395 1631 λύτως
424 1567 667 1633 διελθεῖν
717 1570 819 1637 τήν
867 1569 1044 1623 αὐτῶν
1075 1574 1177 1642 γῆν
1228 1567 1318 1621 καὶ
1365 1564 1549 1621 οἷ’καδε
1592 1564 1869 1621 ἀπελθεῖν.

218 1658 577 1732 Ἀπεπλήρου
628 1656 687 1713 δὲ
742 1660 840 1728 τὴν
887 1652 1181 1733 πρεσϐείαν
1230 1655 1501 1731 Θεόφιλος
1553 1657 1580 1711 ὁ
1623 1660 1730 1710 τῶν
1773 1656 1874 1710 Εὐ-

217 1748 420 1822 χαΐτων
485 1747 803 1823 ἀρχιερεύς.
859 1750 926 1805 Ol
974 1744 1031 1801 δὶ
1076 1748 1175 1814 τὴν
1231 1740 1515 1817 πρεσϐείαν
1570 1742 1870 1817 δεξάμενοι,

1984 589 2384 660 decantatum,
2419 589 2665 646 Romani
2698 589 2877 645 moris
2926 606 3055 646 esse
3096 588 3322 645 hostem
3354 588 3631 645 beneﬁcio

1983 679 2173 750 magis
2222 696 2395 750 quam
2447 680 2629 735 armis
2676 680 2924 735 vincere.
2972 680 3156 734 Paetis
3198 679 3361 734 initis
3406 678 3631 749 Sphen-

1982 767 2328 824 dostblabus
2384 770 2560 823 etiam
2618 769 2976 839 colloquium
3025 768 3396 840 imperatoris
3446 768 3631 839 petiit.

1980 862 2197 928 Estque
2229 858 2548 923 admissus,
2583 864 2640 913 et
2682 859 3010 913 collocutus
3040 861 3109 914 de
3139 859 3356 929 quibus
3401 857 3634 913 volebat

1982 948 2242 1001 recessit.
2270 948 2407 1015 Ejus
2441 954 2641 1017 rogatu
2686 948 2858 1002 etiam
2894 949 3215 1018 imperator
3262 964 3364 1019 per
3412 950 3635 1018 legatos

1981 1053 2015 1091 a
2046 1036 2367 1091 Patzinacis
2402 1036 2545 1108 petit
2598 1041 2660 1091 ut
2707 1036 2849 1092 socii
2899 1038 3189 1109 amicique
3235 1042 3631 1093 Romanorum

1980 1125 2145 1191 ﬂant,
2202 1142 2393 1196 neque
2442 1126 2657 1181 Istrum
2719 1126 3064 1197 populandas
3125 1127 3410 1199 Bulgaria
3459 1142 3635 1181 causa

1980 1218 2305 1284 transeant,
2339 1218 2519 1286 utque
2552 1215 2751 1271 Rossis
2784 1231 2887 1287 per
2920 1232 3088 1271 suam
3122 1216 3405 1271 ditionem
3437 1215 3495 1270 in
3528 1232 3625 1285 pa-

1982 1304 2155 1358 triam
2202 1305 2485 1359 redeundi
2534 1305 2870 1360 facultatem
2925 1306 3267 1360 concedant.
3300 1304 3455 1359 Obiit
3500 1322 3629 1359 eam

1982 1391 2333 1464 legationem
2365 1392 2783 1447 Eucbaitorum
2834 1410 3105 1448 summus
3155 1393 3412 1466 pontifex
3443 1394 3630 1448 Theo-

1983 1481 2199 1552 philus.
2247 1482 2569 1537 Patzinacae
2629 1482 2855 1553 reliqua
2911 1484 3061 1554 pacti
3110 1483 3330 1549 omnia,
3395 1488 3623 1537 tantum

1986 1571 2188 1626 Rossis
2220 1587 2321 1642 per
2352 1588 2461 1626 sua
2504 1571 2818 1627 transitum
2853 1573 3237 1645 denegarunt.
3266 1574 3409 1628 Cum
3458 1573 3628 1627 Rossi

1984 1660 2230 1715 navibus
2261 1659 2384 1715 suis
2417 1660 2603 1715 avecti
2634 1661 2872 1716 domum
2905 1678 3105 1717 versus
3136 1667 3355 1727 essent,
3378 1662 3635 1733 impera-

1982 1754 2074 1803 tor
2130 1748 2385 1805 castellis
2439 1756 2496 1804 et
2545 1750 2790 1805 urbibus
2838 1767 2964 1821 quas
3023 1752 3094 1805 ad
3153 1751 3309 1821 ripas
3370 1750 3635 1806 ﬂuminis

219 1838 315 1905 τήν
350 1831 609 1891 διάϐασιν
663 1837 836 1910 μόνην
884 1835 1343 1911 ἀπαγορεύσαντες
1384 1838 1494 1889 τῶν
1540 1833 1694 1903 Ῥὼς,
1738 1834 1875 1909 πρὸς

1988 1844 2125 1895 sunt
2155 1839 2532 1895 communitis
2562 1839 2765 1910 Cpolin
2810 1839 3001 1895 rediit.
3036 1840 3271 1913 Excepit
3307 1856 3440 1895 eum
3471 1840 3637 1895 urbis

222 1924 399 1981 τᾶλλα
430 1923 670 1987 σπονδὰς
700 1922 902 1988 ἔθεντο.
953 1930 1071 1980 Τῶν
1120 1922 1177 1979 δὲ
1223 1925 1361 1986 Ῥὼς
1394 1923 1875 1994 ἀποπλευσάντων,

220 2019 324 2070 τῶν
385 2015 538 2090 παρὰ
586 2016 705 2076 ταὶς
761 2011 954 2090 ὄχθαις
1010 2018 1106 2068 τοῦ
1156 2017 1409 2086 ποταμοῦ
1459 2012 1732 2091 φρουρίων
1785 2012 1875 2067 καὶ

224 2105 441 2160 πόλεων
495 2104 757 2180 πρόνοιαν
815 2106 1039 2177 θέμενος
1099 2104 1127 2157 ὁ
1179 2101 1435 2177 βασιλεὺς
1492 2102 1583 2157 καὶ
1637 2103 1873 2179 φρουρὰν

224 2193 545 2248 καταλιπὼν
608 2195 707 2263 τήν
784 2194 1053 2269 ἀρκοῦσαν
1130 2192 1183 2254 ἐς
1260 2192 1369 2263 ἤθη
1450 2192 1517 2247 τὰ
1589 2192 1875 2265 Ῥωμαίων

222 2283 519 2354 ἀνέζευξεν.
576 2284 675 2340 Ὃν
737 2284 764 2337 ὁ
822 2289 919 2352 τῆς
974 2282 1189 2343 πόλεως
1247 2280 1537 2357 ἀρχιερεὺς
1597 2282 1729 2354 μετᾶ
1779 2284 1877 2350 τῆς

220 2371 446 2427 συνόδου
500 2372 592 2427 καὶ
643 2372 837 2435 πάντες
896 2373 948 2425 οἱ
1005 2371 1055 2426 ἐν
1112 2370 1257 2426 τὲλει
1318 2372 1451 2443 μετὰ
1504 2372 1744 2425 παιάνων
1786 2371 1875 2425 καὶ

222 2461 493 2517 ἐπινικίων
584 2461 872 2539 εὐφημιῶν
982 2458 1303 2531 ὑπεδέξαντο
1394 2464 1874 2536 στεφανηροῦντες,

220 2550 516 2625 τέθριππον
569 2544 768 2624 ὄχημα
832 2547 1201 2606 λευκοπώλων
1268 2546 1484 2625 ἔχοντες
1536 2550 1874 2622 ἡτοιμασμέ-

222 2662 307 2695 νον
363 2643 509 2694 πάνυ
575 2638 911 2715 διαπρεπῶς,
962 2639 1053 2694 καὶ
1100 2640 1302 2694 τούτου
1351 2635 1611 2694 ἐπιϐάντα
1668 2640 1877 2709 ἀξιοῦν-

222 2751 305 2791 τες
361 2724 730 2804 θριαμϐεῦσαι
784 2729 879 2784 τὸν
942 2727 1185 2804 βασιλέα.
1242 2730 1302 2786 Ὁ
1361 2726 1418 2783 δὲ
1482 2726 1651 2801 μηδὲν
1710 2724 1873 2784 σοϐα-

229 2820 316 2895 ρὸν
395 2817 629 2889 ὶθὲλων,
717 2817 865 2874 ἀλλὰ
949 2818 1165 2893 μέτριον
1238 2819 1425 2873 ἑαυτὸν
1504 2816 1877 2891 ἐπιδεικνύμε-

227 2930 335 2979 νος,
365 2907 497 2969 τοὺς
562 2910 659 2980 μὲν
721 2909 1183 2985 προσενεχθὲντας
1244 2906 1527 2984 ἀνειλήφει
1586 2909 1877 2985 στεφάνους

228 2999 313 3051 καὶ
340 2996 507 3069 ⁸δτι-πει)
540 2995 720 3069 λευκῷ
760 2998 852 3051 τὸν
903 2992 1168 3069 θρίαμϐον
1206 2994 1600 3071 ἐξεπλήρωσεν,
1629 2995 1679 3051 ἐν
1714 2995 1771 3051 δὲ
1798 3002 1878 3069 τῷ

232 3088 431 3160 ἅρματι
469 3086 569 3147 τᾶς
620 3086 991 3161 Βουλγαθικὰς
1056 3086 1164 3148 θεὶς
1220 3090 1326 3140 τῶν
1382 3085 1650 3161 βασιλέων
1682 3084 1880 3151 στολὰς

228 3177 313 3229 καὶ
344 3178 553 3239 ἄνωθεν
582 3174 795 3230 τούτων
841 3175 1018 3230 εἷκόνο
1048 3183 1146 3245 τῆς
1176 3178 1521 3251 Θεομήτορος
1552 3176 1625 3238 ὡς
1654 3175 1878 3230 πολιού-

234 3287 358 3341 χου,
412 3266 853 3342 προπορεύεσθαι
916 3267 1107 3321 ἑαυτοῦ
1182 3264 1478 3337 διετάξατο.
1541 3267 1625 3319 Ἐν
1687 3264 1743 3320 δὲ
1798 3271 1878 3338 τῷ

237 3353 520 3430 λεγομένῳ
551 3354 706 3430 φόρῳ
754 3354 1042 3429 γενόμενος
1088 3354 1177 3409 καὶ
1223 3355 1595 3431 ἀποχρώντως
1626 3353 1875 3433 εὐφημη-

231 3444 355 3513 θεὶς,
386 3466 480 3499 και
514 3449 583 3517 τῇ
615 3446 926 3519 Θεομήτορι
956 3446 1046 3498 καὶ
1095 3450 1175 3517 τῷ
1205 3444 1406 3514 ταύτης
1440 3446 1550 3515 Υἱῷ
1578 3446 1673 3506 τας
1707 3445 1877 3498 ἐπινι-

229 3535 375 3596 κίους
432 3533 783 3608 εὔχαριστίας
850 3534 1242 3608 παρεσχηκὼς,
1298 3534 1366 3588 τὰ
1436 3532 1735 3609 παράσημα
1780 3541 1881 3602 τῆς

236 3620 612 3697 Βουλγαρικῆς
667 3619 967 3696 βασιλείας,
1026 3620 1107 3676 ἐπ’
1167 3621 1285 3694 ὄψει
1334 3626 1440 3675 τῶν
1488 3619 1732 3676 πολιτῶν
1787 3624 1876 3676 τὸν

236 3710 466 3784 ὼρῖην
504 3708 853 3765 άποδιδύσκει
889 3732 901 3744 ·
940 3711 1023 3784 [Ρ.
1074 3713 1202 3783 683]
1252 3709 1317 3764 τὰ
1349 3708 1406 3765 δὲ
1434 3712 1499 3779 ἦν
1536 3711 1789 3785 στέφανος
1823 3708 1881 3764 ἐκ

238 3807 436 3875 χρυσοῦ
494 3800 586 3856 καί
638 3802 797 3877 τιάρα
851 3801 1147 3873 νενησμένη
1208 3799 1265 3856 ἐκ
1315 3802 1515 3876 βύσσου
1563 3801 1651 3855 καὶ
1683 3798 1882 3857 πέδιλα

241 3893 430 3968 ἐρυθρά
486 3894 723 3947 Ἐκεῖθεν
771 3892 846 3955 εἰς
892 3894 990 3961 τὴν
1043 3889 1296 3966 Μεγάλην
1340 3894 1601 3968 φοιτήσας
1642 3890 1878 3961 Ἐκκλη-

1987 1927 2319 1999 patriarcha
2349 1934 2405 1982 et
2437 1928 2780 1999 pontiﬁcum
2813 1930 2955 1984 ordo
2976 1946 3043 1984 ac
3064 1935 3305 1985 senatus
3326 1945 3461 1985 cum
3495 1946 3639 2000 pasa-

1987 2017 2165 2072 nibus
2195 2023 2251 2072 et
2280 2017 2428 2073 laetis
2459 2019 2709 2074 victoriae
2741 2018 3237 2091 gratulationibus
3260 2023 3634 2087 coronatum;

1987 2112 2043 2162 et
2106 2108 2469 2163 adduxerant
2533 2109 2853 2180 quadrigas
2915 2110 3223 2181 magniﬁce
3298 2110 3633 2170 adornatas,

1989 2212 2136 2268 quas
2169 2202 2423 2267 quatuor
2459 2197 2576 2251 albi
2606 2199 2741 2268 equi
2792 2198 3112 2264 traherent,
3147 2199 3299 2252 413
3332 2212 3515 2268 eoque
3546 2197 3633 2251 in-

1984 2286 2116 2342 vehi
2159 2302 2291 2341 eum
2326 2302 2391 2340 ac
2424 2286 2790 2358 triumphare
2837 2286 3128 2343 volebant.
3161 2288 3270 2342 Sed
3320 2286 3637 2357 imperator

1986 2376 2134 2432 nihil
2170 2375 2427 2430 insolens
2459 2380 2559 2430 aut
2602 2377 2925 2445 superbum
2976 2376 3313 2443 admittens,
3344 2375 3639 2429 moderate

1986 2482 2047 2521 se
2077 2465 2289 2537 gessit;
2321 2464 2613 2535 sertisque
2645 2482 2770 2536 qua:
2801 2465 3191 2521 offerebantur
3221 2463 3473 2535 acceptis
3506 2462 3638 2517 albo

1984 2572 2136 2625 equo
2159 2553 2524 2625 triumphum
2542 2554 2727 2623 duxit,
2748 2553 3050 2625 quadrigis
3076 2552 3413 2623 Bulgaricas
3432 2568 3635 2623 regum

1985 2649 2174 2699 vestes
2206 2643 2509 2714 imposuit,
2544 2658 2841 2715 supraque
2872 2642 2979 2698 has
3010 2642 3326 2715 imaginem
3363 2641 3637 2711 Deiparm,

1985 2740 2051 2789 ut
2082 2750 2207 2805 quas
2236 2733 2478 2789 tutelam
2502 2732 2665 2788 urbis
2687 2737 2933 2803 gereret,
2955 2748 3202 2803 eamque
3228 2747 3289 2787 se
3312 2732 3637 2803 praeedere

1977 2824 2180 2894 jussit.
2214 2821 2286 2877 Ut
2317 2822 2373 2875 in
2408 2824 2596 2875 forum
2630 2822 2810 2884 venit,
2845 2821 3359 2894 gratulatoriarum
3386 2821 3507 2889 jam
3540 2837 3639 2875 sa~

1986 2918 2083 2969 tur
2103 2911 2618 2978 acclamationum,
2643 2910 2787 2967 actis
2810 2927 2912 2983 pro
2934 2914 3098 2981 parta
3117 2910 3358 2966 victoria
3377 2910 3634 2976 Deiparaa

1986 3009 2045 3057 et
2075 3003 2203 3070 ejus
2235 3002 2374 3057 Filio
2423 3000 2649 3071 gratiis,
2684 3001 2740 3055 in
2773 3006 3087 3072 conspectu
3138 2999 3334 3071 populi
3382 2999 3634 3069 insigni-

1988 3092 2098 3146 bus
2122 3090 2412 3160 Bulgarici
2446 3089 2608 3162 regni
2631 3089 2891 3145 Borisem
2924 3090 3085 3145 exuit
3117 3089 3205 3159 (ea
3233 3092 3400 3145 erant
3425 3104 3638 3144 corona

1988 3196 2186 3244 aurea,
2218 3180 2390 3233 taenia
2429 3178 2669 3250 byssina
2715 3182 2772 3233 et
2819 3177 2997 3233 calcei
3045 3178 3250 3247 rubei),
3284 3178 3535 3247 indeque
3565 3177 3635 3230 ad

1987 3274 2261 3341 Magnum
2316 3284 2659 3340 progressus
2688 3268 2996 3339 Templum
3047 3283 3323 3322 coronam
3374 3266 3639 3337 Bulgari-

1987 3374 2114 3415 cam
2143 3360 2252 3413 Deo
2272 3356 2496 3413 donarii
2519 3356 2642 3411 loco
2661 3356 2992 3426 suspendit.
3015 3355 3249 3410 Borisen
3273 3356 3344 3410 ad
3373 3354 3641 3423 magistri

1988 3447 2386 3519 dignationem
2420 3446 2629 3513 evehit,
2663 3450 2839 3516 atque
2869 3445 2950 3499 ita
2982 3445 3039 3498 in
3073 3443 3353 3515 palatium
3397 3443 3639 3496 reverti-

1987 3541 2102 3592 tur.
2128 3538 2407 3592 Caeterum
2456 3533 3004 3607 Sphendostblabus
3051 3532 3299 3603 patriam
3344 3535 3639 3602 repetens,

1988 3629 2129 3681 dum
2152 3642 2253 3697 per
2270 3625 2607 3679 Patzinacas
2625 3623 2860 3691 transit,
2880 3622 3249 3693 insidiisjam
3269 3626 3402 3677 ante
3422 3622 3646 3692 paratis

1989 3720 2046 3771 et
2078 3715 2272 3787 ipsum
2315 3713 2789 3786 exspectantibus
2832 3711 3082 3784 illapsus
3112 3728 3246 3767 cum
3296 3710 3422 3766 suis
3454 3711 3522 3765 ad
3555 3710 3644 3765 in-

1987 3804 2379 3860 ternecionem
2416 3804 2660 3859 caeditur
2692 3819 2705 3856 :
2740 3802 3169 3857 succensebant
3196 3801 3355 3857 enim
3387 3800 3438 3856 ei
3469 3800 3653 3855 Patzi-

1994 3910 2149 3949 110.683
2182 3895 2253 3948 ob
2280 3893 2462 3948 ictum
2495 3909 2625 3948 cum
2654 3892 2933 3947 Romanis
2964 3891 3174 3947 fmdus.

246 3983 348 4036 σίαν
380 3982 473 4036 καὶ
507 3981 560 4036 ἐν
584 3982 724 4054 αύτῇ
781 3981 872 4035 τὸν
933 3978 1301 4056 Βουλγαρικὸν
1356 3979 1612 4057 στέφανον
1670 3978 1924 4053 ἀνάθημα
1976 3986 2057 4053 τῷ
2112 3985 2227 4051 Θεῷ
2284 3977 2559 4044 δεδωκὼς,
2620 3980 2896 4054 ἀναγαγὼν
2960 3976 3016 4033 δὲ
3063 3976 3149 4032 καὶ
3180 3978 3272 4031 τὸν
3305 3974 3537 4047 Βορίσην
3566 3975 3642 4037 εἷς

244 4072 299 4125 τὸ
324 4076 428 4125 τῶν
460 4072 775 4145 μαγίστρων
810 4070 1046 4143 ἀξίωμα,
1086 4070 1351 4145 ἐπορεύθη
1387 4069 1462 4132 εἷς
1510 4069 1576 4124 τὰ
1628 4068 1895 4144 βασίλεια.
1946 4072 2002 4124 Ὀ
2051 4068 2108 4124 δὲ
2169 4065 2621 4147 Σφενδοσθλάϐος
2669 4067 2744 4129 εἷς
2802 4068 2868 4121 τὰ
2920 4068 3094 4121 οἰκεῖα
3144 4064 3251 4136 ἤθη
3290 4064 3641 4141 ὑποστρέφων

247 4160 293 4215 ἰν
342 4166 419 4232 τῷ
475 4158 669 4214 διιέναι
726 4160 825 4227 τὴν
880 4162 986 4214 τῶν
1046 4160 1391 4228 Πατζινάκῶν
1448 4166 1553 4234 γῆν
1613 4160 1926 4235 περιπίπτει
1987 4159 2224 4235 ἐνέδραις
2280 4157 2386 4229 ἤδη
2447 4156 3009 4234 προευτρεπισθείσαις
3064 4155 3152 4211 καὶ
3216 4153 3647 4229 ὑποδεχομέναις

252 4251 424 4315 αὐτὸν,
455 4248 549 4303 καὶ
581 4247 751 4325 ἄρδην
786 4248 948 4310 αὐτός
978 4269 1035 4302 τε
1085 4248 1174 4303 καὶ
1231 4250 1292 4303 τὸ
1352 4249 1508 4303 συνὸν
1564 4248 1709 4320 αύτῷ
1757 4246 2066 4304 ἀπόλλυται
2118 4246 2355 4320 πλῆθος,
2419 4249 2742 4319 μηνιώντων
2804 4248 2952 4317 αὑτῷ
3006 4250 3115 4315 τῶς
3165 4244 3511 4314 Πατζινάκων
3554 4241 3648 4297 διὰ

250 4339 335 4399 τὶς
364 4338 439 4401 εἷς
470 4337 599 4399 τοὺς
631 4338 935 4411 Ῥωμαίους
966 4335 1223 4400 σπονδάς.

308 4429 365 4485 Ὁ
408 4424 466 4481 δὲ
516 4424 771 4500 βασιλεὺς
826 4429 1159 4502 χαριστήρια
1214 4430 1318 4481 τῶν
1368 4426 1646 4500 τροπαίων
1692 4424 1878 4481 ἀποδι-

2066 4428 2242 4484 Porro
2274 4427 2594 4497 imperator
2624 4430 2688 4482 ut
2716 4427 2938 4499 gratias
2969 4426 3199 4482 Christo
3233 4422 3526 4480 Servatori
3558 4437 3650 4477 re-

250 4514 362 4580 δοὺς
386 4521 469 4589 τῷ
501 4523 725 4591 Σωτηρι
777 4518 994 4592 Χριστῷ
1042 4517 1166 4569 ναὸν
1210 4519 1407 4579 ἄνωθεν
1434 4522 1533 4584 τῆς
1558 4512 1755 4589 ἁψῖδος
1783 4522 1884 4585 τῆς

248 4605 450 4679 χαλκῆς
502 4603 932 4678 ἀνῳκοδόμησεν
982 4605 1040 4660 ἐκ
1075 4608 1287 4673 καινῆς,
1332 4601 1567 4677 μηδενὸς
1627 4606 1884 4682 φεισάμε-

248 4715 327 4755 νος
354 4700 460 4749 τῶν
522 4694 601 4758 εἰς
654 4692 1015 4751 πολυτέλειαν
1074 4696 1455 4749 συντεινόντων
1508 4692 1596 4748 καί
1654 4676 1883 4766 κῶμον.

246 4782 445 4855 ἈῨῆκε
475 4778 536 4835 δὲ
583 4780 674 4835 καὶ
722 4786 843 4843 τοῖς
882 4780 1177 4858 ὑποφόροις
1225 4787 1353 4835 πᾶσι
1399 4784 1504 4834 τῶν
1548 4779 1693 4835 ὅλῶν
1720 4782 1883 4853 θεμά-

248 4888 344 4922 των
371 4872 434 4924 τὸ
486 4870 783 4946 λεγόμενον
833 4872 1119 4928 καπνικόν.
1172 4870 1466 4945 Προσὲταξε
1515 4867 1693 4924 δὲκαὶ
1727 4869 1776 4925 ἐν
1808 4875 1888 4942 τῷ

248 4960 532 5032 νομίσματι
580 4959 672 5014 καὶ
717 4959 769 5015 ἐν
819 4965 900 5033 τῷ
950 4956 1136 5033 ὀϐολῷ
1187 4959 1365 5015 εῗκόνα
1413 4957 1761 5037 ἐγγράφεσθαι
1792 4964 1889 5014 τοῦ

249 5053 527 5121 Σωτῆρος,
591 5051 670 5121 μὴ
748 5052 1010 5124 πρότερον
1081 5050 1271 5105 τούτον
1328 5047 1641 5123 γινομένου.
1702 5048 1891 5124 Ἑγρά-

256 5158 408 5192 οοντο
443 5136 503 5193 δὶ
556 5141 645 5193 καὶ
701 5140 1002 5214 γράμματα
1055 5137 1353 5211 Ῥωμαϊστὶ
1404 5140 1514 5211 (32)
1572 5137 1623 5191 ἂν
1684 5138 1890 5213 θατέρῳ

252 5226 389 5301 μὲρει
424 5226 534 5283 ὧδὲ
563 5248 643 5299 πη
688 5224 952 5299 διεξιόντα
983 5247 996 5261 ο
1045 5251 1073 5281 ‹‹
1104 5228 1312 5299 Ἰησοῦς
1359 5226 1591 5303 Χριστὸς
1624 5226 1887 5291 Βασιλεὺς

1996 4518 2192 4585 ferret,
2216 4516 2505 4588 templum
2539 4517 2691 4588 quod
2740 4532 2917 4586 supra
2957 4515 3235 4570 fornicem
3272 4511 3512 4567 Chalces
3543 4515 3652 4575 est,

1996 4608 2065 4662 de
2098 4624 2244 4662 novo
2276 4606 2601 4675 azdilicavit,
2625 4604 2772 4660 nulli
2826 4604 3089 4675 sumptui
3142 4618 3386 4675 parcens
3418 4602 3559 4655 dum
3592 4601 3647 4654 id

1996 4712 2171 4767 quam
2206 4695 2652 4750 ornatissimum
2696 4696 2930 4750 faceret.
2957 4692 3224 4748 Absolvit
3247 4692 3421 4746 etiam
3447 4690 3657 4745 subdi-

1996 4790 2087 4840 tos
2138 4784 2441 4840 universos
2491 4783 2740 4839 fumario
2791 4783 3033 4839 tributo.
3069 4783 3134 4837 Et
3177 4779 3355 4836 edixit
3404 4784 3469 4834 ut
3518 4796 3653 4834 cum

1998 4874 2058 4928 in
2111 4890 2288 4928 aureo
2348 4890 2593 4928 nummo
2642 4877 2765 4927 tum
2798 4872 2854 4926 in
2890 4874 3044 4927 414
3102 4869 3273 4926 obolo
3332 4870 3655 4924 Servatoris

1998 4962 2434 5034 insculperetur
2471 4963 2687 5032 imago,
2723 4962 2874 5033 quod
2920 4960 3169 5015 antehac
3201 4976 3315 5014 non
3349 4959 3531 5013 fuerat
3566 4973 3655 5012 re-

2000 5056 2263 5121 ceptum;
2306 5055 2364 5107 et
2426 5050 2592 5107 alteri
2660 5049 2811 5121 parti
2870 5048 3113 5105 inscribi
3162 5047 3449 5119 jussit:«
3482 5047 3655 5103 Jesus

1999 5141 2267 5197 Christus
2328 5158 2425 5195 rex
2480 5156 2707 5211 regum.
2744 5162 2773 5189 ››
2826 5140 2989 5205 Quod
3050 5153 3420 5194 successores
3477 5137 3653 5192 etiam

2002 5231 2401 5287 observarunt.
2437 5229 2651 5285 Basilio
2700 5228 3043 5302 patriarchae
3089 5226 3340 5285 crimina
3385 5227 3655 5299 quaedam

1438 5416 1807 5475 XYLANDRI
1847 5419 1941 5474 ΕΤ
1981 5417 2195 5475 GOABI
2236 5371 2503 5473 nom.-

322 5572 427 5638 (3‘2)
460 5572 602 5627 Mihi
628 5590 817 5644 nuper
848 5573 905 5627 in
939 5571 1172 5628 Oriente
1201 5574 1430 5643 degenti
1464 5574 1752 5629 nomisma
1783 5574 1896 5628 hu-

261 5640 507 5717 jusmodi
528 5640 778 5717 aeneum,
801 5647 863 5700 in
888 5660 1161 5701 muscum
1181 5640 1488 5701 Thuanum
1513 5647 1721 5702 deinde
1742 5652 1899 5700 tran-

270 5712 493 5784 slatum,
554 5712 773 5774 incidit
815 5719 875 5773 in
929 5733 1164 5790 manus,
1204 5719 1376 5790 cujus
1433 5718 1610 5775 dictio
1662 5718 1898 5791 quidem

2004 5575 2198 5645 Greca
2230 5571 2531 5627 character
2568 5575 2761 5626 autem
2804 5570 3064 5645 Latinus,
3094 5570 3162 5622 τὰ
3190 5569 3487 5645 γράμματα
3506 5568 3654 5645 ilhc.-

2012 5642 2216 5716 μαῖστί,
2250 5645 2357 5697 hac
2393 5645 2578 5716 ﬁgura
2603 5648 2925 5698 cernuntur
2954 5658 2965 5696 :
3000 5643 3173 5699 Jcsus
3202 5640 3472 5697 Christus
3504 5640 3659 5693 Basi-

2011 5718 2137 5773 leus
2168 5717 2451 5773 basileon.
2481 5716 2658 5772 Goaa.
