4014 6194
375 344 494 406 147

1723 340 2042 405 GEORGII
2084 339 2425 404 CEDRENI

3677 344 3796 406 148

372 475 626 548 objecta,
678 474 849 548 isque
913 475 975 531 in
1034 474 1283 532 concilio
1348 478 1654 549 propterea
1719 474 2021 548 depositus

2146 471 2437 548 βασιλέων,
2475 496 2501 524 n
2530 475 2706 530 Τοῦτο
2738 468 2796 527 δὲ
2840 472 2930 527 καὶ
2976 473 3030 527 οἱ
3077 472 3305 544 καθεξῆς
3329 472 3597 549 έτήρησαν
3635 474 3791 549 βασι-

374 582 510 621 cum
541 570 717 633 esset,
748 566 998 622 Antonio
1029 566 1269 621 Studitm
1312 564 1744 637 patriarchatus
1780 564 2026 620 manda-

377 659 476 712 tus
510 660 617 714 est.

452 838 715 907 Augusto
746 850 962 901 mense,
997 833 1315 888 indictione
1356 834 1550 900 tertia,
1582 839 1808 890 cometa
1848 835 2029 889 exsti-

380 925 471 991 tit,
498 941 671 997 quem
696 942 727 979 a
750 924 941 978 barbae
970 924 1155 977 forma
1182 924 1493 994 pogoniam
1528 926 1765 992 vocant;
1789 930 1846 979 et
1866 923 2027 979 visus

382 1023 467 1069 est
499 1028 684 1084 usque
715 1011 785 1066 ad
818 1016 1085 1066 octavum
1118 1027 1379 1066 mensem
1412 1011 1753 1067 indictionis
1783 1018 2024 1083 quartas.

378 1106 434 1158 Is
466 1100 952 1173 praemonstrabat
984 1099 1355 1171 imperatoris
1379 1099 1607 1155 obitum
1639 1104 1697 1156 et
1728 1099 2027 1155 calamita-

376 1195 463 1247 tes
492 1190 978 1257 immedicabiles,
1005 1206 1130 1261 quae
1165 1193 1400 1262 propter
1421 1189 1613 1245 civilia
1643 1189 1797 1246 bella
1819 1190 2028 1247 Roma-

375 1296 584 1335 norum
617 1278 822 1335 ditioni
856 1283 1022 1334 erant
1051 1282 1349 1335 eventura.

445 1366 779 1423 Secundum
840 1368 961 1424 haec
1022 1368 1342 1439 imperator
1399 1368 1823 1439 expeditionem
1894 1369 2028 1426 facit

376 1462 578 1512 contra
606 1473 706 1512 eas
738 1458 913 1512 urbes
939 1473 1086 1527 qua,
1112 1457 1197 1511 uti
1228 1457 1558 1525 docuimus,
1584 1458 1654 1512 ab
1677 1457 2027 1529 imperatore

377 1545 699 1618 Nicephoro
749 1546 1004 1602 subactae
1042 1545 1192 1601 bello
1225 1549 1281 1600 et
1313 1546 1587 1602 Romanis
1632 1546 2026 1618 stipendiariae

381 1635 543 1689 factae
575 1635 932 1702 defecerant;
973 1640 1029 1691 et
1079 1640 1429 1690 Damascum
1490 1652 1677 1707 usque
1736 1636 2026 1707 profectus

381 1723 697 1779 nonnullas
726 1724 1241 1796 verbis,quasdam
1272 1723 1423 1779 bello
1453 1728 1509 1780 et
1540 1724 1592 1780 vi
1625 1730 1948 1798 recuperat,
1972 1730 2029 1781 et

382 1810 654 1867 omnibus
686 1812 795 1867 rite
824 1812 1182 1881 constitutis,
1215 1813 1323 1869 iter
1352 1813 1591 1868 domum
1624 1830 1827 1871 versus
1854 1814 2027 1872 insti-

377 1899 511 1957 tuit.
544 1900 622 1956 Eo
654 1900 713 1955 in
756 1900 966 1957 itinere
1013 1918 1144 1956 cum
1179 1902 1558 1971 Anazarbam,
1592 1904 1934 1959 Podandum
1968 1908 2024 1959 et

375 1988 603 2061 reliqua
631 1989 759 2045 loca
795 1990 1092 2060 transiret,
1114 1991 1451 2064 videretque
1492 1991 1683 2048 obiter
1710 1992 2025 2066 magniﬁca

375 2083 433 2134 et
462 2078 828 2135 fertilissima
876 2080 1111 2151 praedia.
1138 2080 1405 2152 quaesivit
1432 2096 1501 2137 ex
1530 2081 1604 2138 iis
1634 2081 1735 2154 qui
1780 2083 2024 2139 aderant

376 2166 619 2240 quinam
647 2167 858 2224 horum
880 2174 1078 2225 essent
1098 2169 1341 2225 domini.
1367 2173 1622 2243 Cumque
1644 2172 2023 2244 respondere-

375 2260 476 2311 tur
506 2256 707 2311 omnia
732 2273 799 2312 ea
818 2274 947 2313 esse
969 2257 1168 2313 Basilii
1198 2258 1540 2315 cubicularii
1572 2260 1785 2327 intimi,
1811 2260 2023 2332 partim

378 2361 564 2416 nuper
595 2346 742 2403 4l5
780 2346 1041 2402 Romano
1085 2346 1332 2418 imperio
1379 2348 1608 2418 adjecta
1638 2366 1671 2405 a
1702 2349 2024 2423 Nicephoro

378 2434 749 2505 imperatore,
784 2435 994 2505 partim
1028 2436 1099 2490 ab
1141 2436 1269 2506 hoc,
1302 2438 1512 2508 partim
1545 2439 1617 2493 ab
1649 2439 1760 2494 alio
1791 2439 2024 2495 schola-

380 2538 512 2577 rum
561 2523 903 2592 domestico,
937 2526 1205 2597 quadam
1258 2526 1330 2581 ab
1360 2526 1487 2598 ipso
1519 2527 1824 2599 Tzimisca,
1848 2532 2026 2600 atque

380 2629 448 2667 ea
478 2612 679 2669 omnia
725 2613 939 2669 Basilio
970 2614 1205 2681 donata,
1238 2614 1384 2670 nihil
1418 2621 1739 2673 memoratu
1784 2618 2026 2690 dignum

378 2701 585 2757 videns
619 2700 886 2757 relictum
921 2703 1001 2758 rei
1034 2703 1282 2774 publica:
1329 2705 1399 2761 de
1448 2710 1568 2761 tam
1610 2706 1812 2763 multis
1843 2707 1895 2761 ei
1927 2724 2024 2763 ac-

378 2789 615 2862 quisitis
671 2790 862 2858 bonis,
899 2792 1059 2864 gravi
1105 2796 1405 2863 correptus
1454 2793 1650 2850 dolore
1698 2798 1755 2850 et
1801 2796 2023 2867 gemitu

375 2894 445 2935 ex
474 2879 589 2937 imo
621 2885 851 2951 pectore
889 2881 1065 2937 ducto
1099 2897 1112 2936 :
1139 2904 1166 2931 «
1198 2882 1345 2937 Proh
1394 2882 1723 2956 indignam,
1746 2886 1848 2956 ait,
1880 2901 2024 2957 rem,

376 2968 640 3037 comites,
676 2968 945 3041 publicas
974 2969 1195 3026 insumi
1227 2972 1527 3043 pecunias,
1551 2977 1842 3030 Romanos
1871 2992 2026 3030 exer-

375 3057 529 3114 citus
585 3073 881 3114 mrumnas
928 3060 1246 3126 exantlare,
1290 3060 1673 3131 imperatores
1723 3068 1884 3120 extra
1932 3063 2023 3120 sui

378 3146 610 3218 imperii
642 3147 790 3204 fines
839 3147 1067 3205 labores
1116 3149 1386 3222 tolerare,
1417 3156 1475 3205 et
1504 3157 1699 3209 tamen
1737 3154 2021 3226 quidquid

2137 560 2275 625 λεῖς.
2322 563 2608 618 Βασιλείου
2658 562 2716 617 δέ
2757 566 2853 618 τοῦ
2900 582 3246 637 πατριάρχου
3291 561 3376 617 ἐπ’
3424 561 3624 625 αίτίαις
3672 560 3790 617 δια-

2138 646 2435 720 ϐληθέντος
2484 652 2573 706 καὶ
2643 650 2941 713 συνοδικῶς
3006 653 3410 726 καθαιρεθέντος
3465 647 3789 726 προεϐλήθη

2138 743 2490 817 πατριάρχης
2512 742 2802 803 Ἀντώνιος
2834 743 2861 795 6
2890 738 3213 811 Στουδίτης.

2210 830 2513 906 Αὐγούστῳ
2545 829 2602 885 δὲ
2654 830 2808 904 μηνί,
2862 828 3197 894 ίνδικτιῶνος
3248 831 3317 905 γ’,
3378 829 3545 907 ἐφάνη
3576 830 3668 884 καὶ
3694 852 3794 885 κο-

2143 922 2321 992 μήτης
2374 921 2402 973 6
2460 918 2751 995 λεγόμενος
2829 918 3147 995 πωγωνίας,
3220 918 3311 973 καὶ
3389 917 3632 996 ἐφαίνετο
3692 918 3795 983 ἕως

2138 1003 2471 1083 Ὀκτωϐρίού
2532 1008 2701 1080 μηνὸς
2747 1015 2847 1078 τῆς
2903 1008 3165 1083 τετάρτης
3225 1004 3587 1069 ίνδικτιῶνος.
3650 1014 3791 1082 Προ-

2139 1099 2342 1171 εμήνυε
2392 1094 2436 1151 δ’
2467 1096 2625 1159 οὗτος
2674 1099 2765 1152 τὸν
2822 1095 2919 1153 του
2972 1095 3241 1173 βασιλέως
3285 1096 3507 1151 θάνατον
3554 1098 3647 1151 καὶ
3694 1100 3790 1159 τὰς

2142 1184 2449 1259 μελλούσας
2480 1191 2771 1261 κατασχεῖν
2828 1188 2929 1256 τήν
2979 1185 3268 1260 Ῥωμαίων
3312 1192 3416 1262 γῆν
3457 1185 3516 1241 ἐκ
3542 1190 3651 1241 τῶν
3687 1185 3788 1261 ἐμ-

2136 1274 2343 1353 φυλίων
2377 1272 2641 1347 πολέμων
2674 1276 3132 1351 ἀπαραμυθήτους
3160 1274 3354 1352 τύχας.

2208 1368 2330 1421 Τῶν
2364 1362 2408 1418 δ’
2445 1365 2548 1419 ὑπὸ
2600 1368 2696 1419 τοῦ
2759 1364 3028 1439 βασιλέως
3078 1366 3401 1443 Νικηφόρου
3435 1366 3790 1439 προσκτηθει-

2137 1460 2243 1509 σῶν
2301 1454 2517 1509 πόλεων
2578 1453 2666 1508 καί
2738 1460 2845 1509 τῶν
2926 1453 3216 1531 ὑπόφόρων
3289 1456 3600 1528 γενομένων
3653 1456 3786 1508 Ῥω-

2140 1545 2345 1616 μαίοις,
2399 1544 2474 1608 ὡς
2530 1541 2833 1620 ἔμπροσθεν
2914 1543 3146 1621 εἷ’ρηται,
3221 1545 3503 1617 ἀραμένων
3553 1545 3827 1619 πτέρναν,

2137 1634 2351 1702 καὶτήν
2412 1634 2730 1706 Ῥωμαϊκὴν
2786 1634 3228 1707 ἀποσεισαμένων
3298 1632 3563 1706 ἐξουσίαν,
3619 1629 3785 1703 ἔξεισι

2135 1724 2250 1779 κατ’
2281 1723 2454 1778 αὐτῶν
2503 1724 2530 1777 ὁ
2586 1721 2840 1799 βασιλεὺς
2894 1723 2985 1778 καὶ
3044 1724 3255 1778 ἄπεισιν
3306 1721 3439 1798 ἄχρι
3472 1726 3783 1796 Δαμασκοῦ.

2139 1808 2234 1867 Καὶ
2263 1811 2358 1873 τὰς
2396 1810 2491 1883 μὲν
2523 1811 2704 1865 πειθοῖ
2756 1810 2847 1865 καὶ
2897 1808 3071 1885 λόγῳ,
3101 1810 3198 1875 τὰς
3218 1807 3276 1866 δὲ
3304 1810 3538 1892 πολέμῳ
3563 1808 3654 1865 καὶ
3691 1810 3785 1887 βίᾳ

2135 1898 2592 1972 ἀνακτησάμενος,
2622 1898 2713 1954 καὶ
2762 1900 2934 1955 πάντα
2980 1896 3118 1954 κατὰ
3160 1898 3225 1954 τὸ
3268 1900 3477 1976 πρέπον
3508 1920 3781 1969 καταστη-

2134 1989 2388 2063 σάμενος,
2446 1987 2687 2060 ἀνέζευξε
2745 1988 2881 2065 πρὸς
2926 1988 3024 2058 τήν
3080 1984 3357 2063 βασιλίδα,
3386 1993 3683 2061 Γενομενος
3722 1984 3782 2043 δὲ

2131 2080 2266 2134 κατὰ
2293 2079 2394 2147 τὴν
2416 2072 2764 2155 Ἀνάζαρϐον,
2808 2077 2898 2133 καὶ
2955 2077 3046 2132 τὸν
3102 2074 3374 2132 Ποδανδὸν
3426 2075 3632 2139 καὶτὰς
3667 2076 3783 2132 λοι-

2132 2169 2235 2230 πὰς
2290 2165 2603 2245 παροδεύων
2684 2168 2897 2243 χώρας,
2956 2164 3048 2221 καὶ
3124 2164 3341 2241 βλέπων
3396 2165 3463 2220 τὰ
3516 2163 3567 2220 έν
3627 2166 3780 2237 ποσὶ,

2132 2260 2351 2329 κτήσεις
2380 2278 2440 2313 τε
2488 2258 2628 2332 ὁρῶν
2674 2253 3003 2318 πολυτελεῖς
3050 2254 3142 2311 καὶ
3196 2255 3378 2332 χωρία
3408 2254 3575 2333 εὐφυῆ
3607 2275 3666 2309 τε
3693 2252 3784 2309 καί

2132 2348 2420 2423 πάμφορα,
2479 2344 2859 2411 διεπυνθάνετο
2930 2343 3057 2409 τοὺς
3129 2344 3575 2421 παρευρημένους
3632 2342 3783 2406 τίνος

2134 2437 2193 2492 ἃν
2239 2438 2328 2492 καὶ
2364 2438 2462 2491 εἷεν
2522 2435 2699 2493 αὗται.
2732 2443 2802 2498 Ως
2865 2432 2910 2490 δ’
2970 2432 3230 2509 ἐμάνθανε
3278 2435 3426 2509 παρᾶ
3481 2438 3587 2489 τῶν
3644 2431 3785 2509 έρω-

2131 2526 2390 2599 τωμένων
2438 2527 2624 2601 ὅτιπερ
2672 2529 2770 2581 τοῦ
2814 2521 3316 2600 παρακοιμωμένου
3358 2520 3461 2579 cici
3494 2520 3779 2577 Βασιλείου

2133 2622 2319 2673 πᾶσαι.
2377 2614 2510 2685 αὕτη
2572 2616 2666 2688 μὲν
2736 2614 2826 2670 καὶ
2875 2613 3010 2684 αὕτη
3066 2611 3363 2686 Ῥωμαίοις
3417 2612 3787 2688 προσκτηθεῖ-

2135 2727 2220 2760 σαι
2252 2701 2481 2781 ἔναγχος
2531 2706 2677 2779 παρά
2725 2703 3042 2782 Νικηφόρου
3079 2706 3177 2758 τοῦ
3230 2699 3521 2777 βασιλέως,
3552 2700 3691 2770 αὕτη
3721 2698 3783 2756 δὶ

2134 2794 2279 2869 παρᾶ
2318 2792 2478 2849 τοῦδε
2530 2798 2627 2849 τοῖ’)
2677 2791 3002 2867 δομεστίκου
3056 2796 3163 2847 τῶν
3220 2789 3465 2867 σχολῶν,
3512 2791 3601 2845 καὶ
3639 2788 3776 2861 αὕτη

2134 2886 2280 2960 παρὰ
2309 2889 2404 2939 τοῦ
2460 2883 2650 2953 δεῖνος,
2699 2882 2789 2938 καὶ
2841 2882 2975 2953 αὕτη
3028 2881 3118 2936 καὶ
3166 2877 3301 2951 αὕτη
3350 2880 3496 2954 παρὰ
3527 2882 3643 2945 σοῦ,
3687 2876 3780 2933 καὶ

2132 2980 2213 3047 τῷ
2266 2972 2537 3046 Βασιλείῳ
2587 2970 2945 3047 δεδώρηνται,
3005 2968 3158 3026 οὐδὲν
3215 2967 3273 3025 δέ
3320 2968 3351 3024 ὅ
3395 2990 3447 3024 τι
3480 2967 3569 3022 καὶ
3608 2965 3779 3043 λόγου

2137 3064 2281 3135 ἄξιον
2333 3060 2467 3118 εἶδεν
2531 3059 3000 3135 ὑπολελειμμένον
3049 3065 3157 3116 τῶν
3204 3059 3653 3136 προσκτηθέντων
3697 3060 3782 3128 τῷ

2139 3154 2415 3229 δημοσίῳ,
2463 3153 2747 3229 γενόμενος
2798 3150 3107 3227 περιαλγὴς
3155 3149 3245 3206 καὶ
3292 3148 3475 3223 βύθιον
3510 3145 3785 3216 στενάξας,

376 3204 792 3293 ίοίιιώοτίὺυε
820 3241 997 3309 atque
1028 3204 1313 3295 molestiis
1342 3204 2021 3309 c’onlicitﬁur,vidlomnje—in

2143 3204 2415 3229 ’ἾΓ“”Τ’
2476 3204 2746 3229 ⁸⁷⁷Τ“”⁷⁷
2807 3204 2887 3227 "'I‘
2936 3204 3026 3226 7".
3063 3204 3106 3219 "
3212 3204 3221 3206 ν
3294 3204 3311 3223 1⁷
3368 3204 3388 3212 "
3676 3204 3692 3216 '
3745 3204 3784 3215 "

2141 3269 2165 3299 ε
2200 3244 2400 3313 Δεινὸν,
2434 3244 2478 3297 ὦ
2531 3241 2810 3316 παρόντες,
2870 3239 2993 3318 ἔφη,
3056 3240 3102 3294 εἶ
3158 3238 3225 3294 τὰ
3274 3235 3513 3311 δημόσια
3547 3255 3785 3290 κατανα-

380 3324 559 3380 unius
588 3326 783 3380 venire
812 3327 1093 3399 spadonis
1131 3329 1621 3400 possessionem.»
1646 3332 1811 3387 Hunc
1841 3332 2027 3405 impe-

381 3413 593 3470 ratoris
624 3431 953 3472 sermonem
982 3418 1221 3489 quidam
1247 3418 1315 3474 ad
1340 3418 1624 3476 Basilium
1657 3421 1885 3478 detulit.
1906 3422 2027 3486 Quo

381 3502 481 3559 ille
512 3504 774 3560 irritatus
818 3523 885 3561 ex
933 3523 999 3562 eo
1052 3512 1313 3581 tempore
1362 3511 1729 3566 occasionem
1762 3512 2030 3582 qumsivit

381 3591 755 3665 imperatoris
804 3594 1066 3652 tollendi.
1113 3599 1313 3667 Itaque
1350 3614 1482 3653 eum
1532 3599 1629 3669 qui
1679 3599 1950 3656 minister
1996 3616 2030 3655 a

381 3684 609 3756 poculis
630 3684 967 3754 imperatori
996 3690 1137 3751 erat,
1156 3685 1471 3757 aliquando
1501 3678 1801 3745 blanditiis
1824 3695 1881 3744 et
1905 3707 2028 3746 mu-

380 3771 618 3826 neribus
650 3774 994 3844 corrumpit,
1017 3776 1263 3845 ejusque
1284 3791 1460 3845 opera
1480 3793 1767 3833 venenum
1802 3796 1916 3834 non
1937 3796 2026 3834 ve-

376 3860 809 3916 hementissimi
857 3862 1088 3932 generis
1119 3868 1177 3917 et
1205 3865 1361 3934 quod
1395 3866 1593 3920 statim
1643 3874 1893 3936 necaret,
1922 3870 2019 3924 sed

375 3949 530 4019 quod
556 3950 777 4004 sensim
803 3949 952 4005 vires
986 3952 1309 4007 haurientis
1334 3955 1746 4026 exstingueret,
1771 3957 1846 4010 im
1860 3974 2022 4028 pera-

370 4036 481 4093 tori
516 4037 808 4109 propinat.
834 4038 955 4102 Quo
1001 4040 1050 4095 is
1082 4046 1250 4112 epoto
1293 4041 1575 4113 paulatim
1602 4045 2021 4102 contabescens

372 4131 431 4183 et
456 4126 679 4183 viribus
711 4129 1009 4196 deficiens,
1043 4130 1279 4186 tandem
1307 4131 1481 4187 etiam
1513 4134 1889 4189 carbunculis
1924 4153 2024 4206 per

371 4215 892 4286 humerosexortis,
909 4216 1093 4273 multo
1116 4219 1716 4290 peroculoseiﬂuente
1735 4224 2022 4296 sanguine

370 4304 575 4375 Cpolin
609 4322 877 4361 reversus
907 4306 1134 4362 vivendi
1180 4308 1353 4364 finem
1388 4309 1554 4373 fecit,
1577 4310 1822 4382 imperio
1854 4314 2021 4369 Basi-

274 4448 277 4455 λ
368 4392 445 4448 lio
476 4399 533 4449 et
562 4395 946 4453 Constantino
978 4398 1226 4453 Romani
1269 4398 1403 4453 filiis
1446 4400 1667 4457 relicto.
1707 4402 2022 4474 Imperavit

367 4498 554 4538 annos
583 4484 618 4538 6
647 4483 1008 4556 totidemque
1040 4501 1272 4542 menses
1304 4491 1359 4542 et
1398 4487 1569 4559 paulo
1600 4489 1873 4561 amplius.

2139 3334 2417 3390 λίσκονται
2468 3332 2733 3408 χρήματα
2785 3329 2874 3385 καὶ
2929 3330 2998 3385 τὰ
3039 3329 3321 3401 Ῥωμαῖκὰ
3367 3324 3787 3397 ταλαιπωροῦν-

2134 3445 2223 3478 ται
2257 3424 2336 3491 [Ρ.
2368 3423 2493 3494 684]
2543 3421 2916 3496 στρατεύματα
2962 3418 3053 3473 καὶ
3088 3418 3139 3471 οἱ
3185 3415 3430 3492 βασιλεῖς
3458 3413 3789 3490 ὑπερορίους

2136 3510 2493 3586 ἀναδέχονται
2522 3505 2747 3581 κόπους,
2795 3508 2863 3563 τά
2906 3505 2963 3562 δὲ
2990 3505 3050 3563 ἐκ
3076 3504 3355 3563 τοσούτων
3385 3503 3787 3580 προσκτώμενα

2140 3600 2366 3676 μόχθων
2412 3598 2501 3652 καὶ
2553 3596 2721 3652 κόπαν
2771 3594 2885 3660 ἐνὸς
2926 3594 3199 3671 εὐνούχου
3244 3595 3357 3667 (33)
3376 3591 3608 3665 γίνονται
3642 3593 3783 3676 κτῆ-

2139 3675 2293 3761 μα.»
2333 3687 2488 3742 Καὶὸ
2544 3687 2638 3759 μὲν
2688 3684 2942 3761 βασιλεὺς
2990 3688 3177 3753 ταῦτα,
3206 3686 3313 3737 τῶν
3362 3702 3444 3742 τις
3491 3678 3547 3734 δὲ
3576 3675 3783 3755 παρόν-

2132 3799 2239 3832 των
2288 3781 2367 3848 τῷ
2416 3773 2687 3847 Βασιλείῳ
2731 3775 2822 3828 τὸν
2871 3777 2968 3828 τοῦ
3021 3769 3285 3848 βασιλέως
3330 3768 3495 3845 λόγον
3549 3767 3783 3843 διαπορ-

2135 3865 2368 3938 θμεύσας
2409 3863 2688 3937 ἀνηρέθισε
2737 3863 2873 3938 πρὸς
2914 3862 3099 3938 ὀργήν.
3140 3860 3244 3916 Καὶ
3290 3857 3474 3914 ἔκτοτε
3504 3857 3779 3933 εὐκαιρίαν

2132 3957 2310 4025 ἐζήτει
2362 3953 2455 4008 τὸν
2520 3951 2746 4027 βασιλέα
2814 3951 3295 4006 ἀποσκευάσασθαι.
3358 3948 3625 4010 Θωπείαις
3682 3944 3780 4001 οὖν

2135 4042 2381 4107 ὑπελθὼν
2414 4062 2545 4096 ποτε
2590 4040 2678 4096 καὶ
2726 4037 2924 4117 δώροις
2964 4039 3299 4111 έξαπατήσας
3330 4038 3421 4093 τὸν
3442 4037 3622 4112 ἐγχεῖν
3657 4035 3785 4089 eim-

2131 4133 2258 4187 θότα
2287 4133 2376 4187 τὸν
2410 4131 2553 4186 οἶνον
2610 4134 2689 4201 τῷ
2744 4129 2978 4205 βασιλεῖ,
3028 4129 3117 4183 καὶ
3169 4125 3509 4202 δηλητήριον
3554 4125 3785 4200 κερασά-

2135 4243 2293 4296 μενος
2325 4222 2386 4275 ού
2416 4225 2521 4275 τῶν
2574 4216 3020 4296 δραστικωτάτων
3070 4218 3160 4272 καὶ
3205 4214 3375 4291 ταχὺν
3410 4214 3784 4291 ἐπιφερόντων

2128 4314 2218 4367 τὸν
2278 4307 2545 4379 κίνδυνον,
2596 4307 2743 4364 ἀλ)ὰ
2784 4312 2894 4362 τῶν
2942 4304 3224 4382 σχολαίως
3270 4305 3360 4359 καὶ
3406 4304 3541 4358 κατὰ
3581 4301 3780 4375 μικρόν

2129 4401 2526 4457 ἀναλισκόντων
2572 4400 2671 4466 τήν
2740 4401 2837 4452 τοῦ
2902 4394 3223 4459 πεπωκότος
3279 4391 3531 4465 δύναμιν,
3588 4389 3785 4466 κεράν-

2129 4512 2245 4547 νυσι
2278 4494 2358 4561 τῷ
2395 4486 2630 4565 βασιλεῖ.
2665 4487 2762 4541 Καὶ
2796 4484 2935 4541 πιὼν
2985 4486 3071 4540 καὶ
3106 4485 3221 4539 κατ’
3255 4482 3440 4559 ὀλίγον
3472 4478 3783 4551 νοσηλευό-

368 4590 529 4641 μενος
585 4571 817 4641 καὶτῆς
868 4572 1067 4635 οἰκείας
1124 4572 1404 4644 δυνάμεως
1460 4574 1822 4648 ἀποπίππων,
1875 4578 2190 4637 τελευταῖον
2251 4577 2309 4634 δὲ
2365 4578 2450 4633 καὶ
2499 4576 2627 4641 τοὺς
2683 4571 2869 4649 ὤμους
2918 4572 3297 4649 ἀνθρακιάσας,
3360 4570 3586 4645 αίματος
3630 4567 3782 4623 πολ-

363 4654 464 4712 λοῦ
497 4657 713 4734 ῥυέντος
744 4659 889 4733 αύτῷ
922 4659 1009 4716 διὰ
1049 4666 1156 4717 τῶν
1218 4662 1540 4741 ὀφθαλμῶν,
1596 4665 1848 4722 εἰσελθὼν
1900 4667 1950 4724 ἐν
2005 4674 2071 4745 τῇ
2135 4666 2372 4747 βασιλίδι
2431 4665 2695 4722 κατέλυσε
2747 4667 2846 4735 τὴν
2910 4667 3077 4734 ζωὴν,
3114 4661 3432 4739 βασιλεύσας
3452 4657 3543 4731 ἔτη
3579 4666 3781 4747 (‘10::-

363 4744 555 4811 ούτους
585 4769 640 4803 τε
685 4755 857 4821 μῆνας
914 4750 1005 4804 καὶ
1053 4752 1212 4827 πρὸς,
1272 4749 1566 4827 διαδόχους
1615 4752 1927 4812 καταλιπὼν
1985 4743 2084 4829 τῆς
2133 4743 2407 4834 βασιλείας
2465 4753 2744 4810 Βασίλειον
2786 4752 2876 4809 καὶ
2930 4756 3330 4809 Κωνσταντῖνον
3386 4748 3516 4814 τοὺς
3575 4743 3782 4812 παῖδας

361 4840 462 4892 τῠῦ
491 4838 799 4911 Ῥωμανοῢ.

436 4928 591 4983 416
616 4932 776 4985 Anno
802 4929 1008 4986 mundi
1027 4931 1189 4999 5484,
1215 4930 1535 4990 indictione
1562 4938 1791 5005 quarta,
1819 4953 2018 4996 mense

2198 4936 2277 4994 T6
2311 4936 2403 5009 μὶν
2438 4932 2529 4989 οὖν
2582 4933 2837 4988 Ἰωάννου
2883 4928 3045 4994 τέλος
3090 4931 3181 4986 τὸν
3238 4927 3527 5006 εἰρημένον
3554 4925 3783 4996 συνηνέ-

364 5013 693 5088 Decembri,
725 5018 981 5075 Basilius
1032 5024 1089 5076 et
1132 5020 1555 5078 Constantinus
1611 5025 1857 5080 Romani
1916 5027 2019 5082 filii

2138 5028 2236 5102 χθη
2264 5026 2489 5100 τρόπον,
2520 5022 2583 5077 τὸ
2615 5019 2674 5077 δὲ
2701 5028 2801 5093 τῆς
2840 5018 3113 5097 βασιλείας
3149 5021 3346 5096 κράτος
3376 5018 3453 5080 εἷς
3485 5013 3781 5073 Βασίλειον

362 5102 677 5175 imperium
744 5108 1057 5165 iniverunt.
1124 5111 1356 5166 Annum
1424 5113 1613 5169 aetatis
1670 5113 2016 5173 vicesimum

2138 5117 2383 5191 μετήχθη
2444 5112 2533 5167 καὶ
2611 5113 3013 5168 Κωνσταντῖνον
3088 5108 3216 5173 τοὺς
3266 5109 3417 5170 υἱοὺς
3470 5108 3784 5179 Ῥωμαδοῢ,

365 5193 618 5253 Basilius
644 5201 768 5252 tum
803 5198 1047 5269 agebat:
1081 5199 1334 5255 triennio
1356 5201 1561 5271 junior
1589 5206 1714 5257 erat
1738 5204 2017 5261 Constan-

2138 5208 2260 5259 ιατά
2303 5205 2366 5259 τὸ
2414 5198 2582 5277 ,ςυπδ’
2629 5198 2771 5269 ἔτος,
2860 5198 3201 5261 ῒνδικτιῶνος
3269 5194 3334 5271 δ’,
3391 5196 3520 5271 μηνὶ
3577 5200 3788 5267 Δεκεμ-

359 5280 544 5339 tinus.
576 5287 765 5357 Atque
799 5286 856 5340 hi
890 5286 1124 5357 quidem
1156 5304 1368 5344 nomen
1404 5297 1456 5344 et
1486 5290 1736 5360 figuram
1770 5292 2015 5364 impera-

2138 5293 2267 5369 ἂρίῳ
2301 5311 2313 5324 ·
2349 5294 2425 5347 ὧν
2476 5292 2504 5346 ὁ
2564 5291 2658 5363 μὶν
2700 5287 2983 5351 Βασίλειος
3037 5290 3129 5344 τὸν
3187 5289 3234 5344 κ’
3263 5290 3393 5358 ἠνυε
3422 5290 3520 5355 τῆς
3551 5281 3785 5355 ἡλικίας

357 5374 552 5427 torum
602 5375 928 5445 gerebant:
963 5376 1223 5431 omnium
1274 5393 1468 5432 rerum
1519 5395 1696 5449 penes
1730 5380 2010 5438 Basilium

2138 5383 2345 5457 χρόνον,
2402 5378 2541 5436 ἔτεσι
2592 5377 2648 5434 δὲ
2692 5380 2837 5453 τρισὶ
2884 5377 3081 5434 τούτου
3138 5378 3399 5451 νεώτερος
3449 5374 3513 5445 ἦν
3559 5375 3779 5430 <5va-

1543 5537 1921 5596 XYLANDRI
1960 5543 2054 5601 ET
2092 5544 2311 5601 GOABI
2350 5544 2578 5601 NOT/E.

428 5678 535 5750 (33)
569 5676 1093 5752 Παρακοιμωμένου,
1128 5679 1199 5735 de
1230 5694 1390 5737 more
1424 5679 1697 5737 eunuchi.
1730 5683 1909 5739 GOAR.
