4014 6194
240 380 357 440 149

1380 376 1928 439 HISTORIARUM
1973 376 2522 442 COMPENDIUM.

3543 385 3660 445 150

237 514 542 572 πυτῖνος.
602 512 811 587 Σχῆμα
866 509 962 583 μὶν
1018 506 1116 563 οὗκ
1169 507 1259 563 καὶ
1320 504 1493 581 ὄνομα
1564 508 1728 581 μόνον
1780 513 1869 563 τοῖ

2011 510 2317 582 ριιωείᾶθω
2349 512 2584 569 interim
2630 513 3063 570 administratio
3104 517 3249 581 erat,
3281 516 3354 571 iis
3383 517 3573 573 adhuc
3603 522 3657 575 et

242 598 532 673 βασιλεῦσι
607 598 1003 673 πῳιετὲθειτο,
1080 601 1114 667 ἠ
1192 595 1249 653 δὶ
1328 596 1711 673 μεταχείρησις
1789 603 1896 653 τῶν

236 691 580 763 πραγμάτων
634 688 781 763 παρὰ
827 692 923 742 τοῦ
955 684 1225 761 προέδρου
1274 686 1552 763 ἐνηργεῖτο
1607 686 1897 744 Βασιλείου

239 776 329 831 δια
358 779 423 832 τὸ
465 778 649 846 νεάζον
694 784 795 845 τῆς
837 776 1057 845 ἡλικίας
1098 781 1207 831 τῶν
1262 776 1527 849 βασιλέων
1568 776 1656 830 καὶ
1690 776 1897 830 ἁπαλὸν

235 867 327 920 καί
388 869 559 938 μήπω
621 861 855 940 βεϐηκὸς
910 871 1005 919 τοῦ
1065 868 1453 943 φρονήματος.
1513 868 1608 927 ’ος
1670 867 1781 937 ἅμα
1837 887 1895 921 τε

236 955 535 1029 περιῆλθεν
566 955 639 1016 εἰς
686 956 813 1016 τοὺς
861 953 1057 1017 παῖδας
1105 959 1203 1009 τοῦ
1251 960 1530 1026 Ῥωμανοῦ
1577 956 1637 1009 τὸ
1672 956 1890 1030 κράτος,

233 1046 323 1099 καὶ
370 1047 484 1115 ἅμα
548 1041 935 1118 ταχυδρόμους
1013 1044 1295 1117 ἐκπέμψας
1370 1042 1484 1117 ἄγει
1556 1046 1653 1111 τὴν
1715 1044 1888 1098 αὐτῶν

235 1134 450 1207 μητέρα
502 1134 606 1187 άπὸ
650 1140 750 1202 τῆς
806 1133 1093 1207 ὑπερορίας
1144 1133 1219 1195 είς
1273 1133 1338 1187 τά
1388 1132 1656 1207 βασίλεια.
1690 1131 1888 1195 Δεδιὼς

232 1221 291 1277 δὲ
351 1222 441 1276 καὶ
499 1223 595 1283 τάς
644 1222 784 1276 κατά
836 1230 939 1291 τῆς
1000 1221 1277 1296 βασιλείας
1335 1220 1738 1287 ἐπαναστάσεις,
1797 1223 1887 1275 καὶ

231 1311 448 1382 μᾶλλον
480 1316 587 1365 τῶν
640 1309 826 1365 ἄλλων
882 1308 1089 1386 Βάρδαν
1147 1310 1443 1387 μάγιουτρον
1476 1312 1567 1364 τὸν
1608 1308 1886 1384 Σκληρὸν,

228 1399 313 1454 ἀεὶ
508 1398 758 1474 βασιλείᾳ
814 1397 1167 1475 ἐφεδρεύοντα
1223 1399 1311 1454 καὶ
1392 1396 1479 1453 διὰ
1534 1399 1729 1461 παντὸς
1784 1401 1882 1468 τὴν

228 1489 566 1543 ἀποστασίαν
618 1489 882 1543 ὠδίνοντα
927 1489 1100 1558 (ἑάλω
1149 1489 1251 1563 γὰρ
1303 1488 1391 1542 καὶ
1442 1488 1528 1543 ἐπὶ
1583 1493 1679 1542 τοῦ
1731 1490 1884 1563 βασι-

225 1577 372 1640 λέως
452 1579 701 1633 Ἰωάννου
793 1572 1182 1649 ἐπιϐουλεύων,
1284 1576 1372 1631 καὶ
1474 1574 1883 1641 καταδικασθείς

222 1666 593 1741 ἰξορυχθῆναι
642 1666 771 1728 τοὺς
821 1664 1138 1744 ὀφθαλμοὺς
1194 1665 1477 1741 ἐξερρύσθη
1533 1668 1659 1742 παρ’
1719 1665 1883 1722 αὐτοῦ

220 1763 327 1825 τῆς
382 1759 629 1827 ποινῆς),
672 1760 863 1811 τοῦτον
908 1754 1145 1829 μάλιστα
1195 1753 1454 1817 δεδοικὼς
1502 1762 1669 1811 πᾶσαν
1727 1778 1880 1827 τηνι-

1284 1576 1372 1631 καὶ

2008 606 2175 655 aetate
2192 606 2244 656 et
2266 602 2575 673 prudentia
2595 604 2945 659 minoribus.
2964 608 3015 659 Is
3035 622 3270 675 prmses,
3286 606 3461 660 simul
3482 613 3656 678 atque

2008 691 2077 744 ad
2114 691 2218 745 hos
2262 692 2661 747 adolescentes
2707 710 2944 747 summa
2994 710 3186 748 rerum
3225 694 3496 749 devoluta
3545 701 3656 763 est,

2007 784 2255 835 matrem
2288 780 2513 835 olorum
2539 780 2728 837 celoce
2759 783 2829 836 ab
2853 781 3056 837 exsilio
3090 786 3335 837 revocat.
3358 782 3655 840 Sollicitus

2007 884 2175 938 porro
2207 886 2277 923 ne
2304 871 2438 939 quis
2461 870 2612 923 alius
2636 870 2945 941 imperium
2973 872 3289 941 invaderet,
3314 889 3379 925 ac
3403 872 3655 928 maxime

2003 958 2265 1012 omnium
2302 958 2550 1013 Bardam
2581 958 2843 1013 Sclerum
2882 962 3028 1014 417
3076 964 3343 1015 metuens
3377 960 3655 1031 (namque

2001 1046 2051 1100 is
2105 1048 2153 1100 ei
2214 1065 2445 1117 semper
2500 1048 2847 1117 inhiaverat,
2890 1054 2947 1103 et
2988 1049 3271 1104 Tzimisca
3325 1049 3655 1121 imperante

2000 1136 2330 1206 tyrannidis
2397 1140 2690 1192 attentatae
2757 1138 3055 1193 convictus
3114 1139 3297 1193 oculis
3368 1139 3651 1195 multatus

1999 1224 2228 1289 fuisset,
2255 1225 2367 1280 nisi
2396 1242 2529 1280 eum
2563 1226 2689 1297 ipse
2722 1244 2899 1297 pcnna:
2931 1227 3293 1298 eripuisset);
3327 1228 3484 1284 hunc
3510 1246 3646 1299 ergo

1999 1314 2253 1369 maxime
2283 1320 2622 1385 suspectum
2670 1314 2916 1384 habens,
2949 1322 3011 1370 ut
3042 1316 3135 1371 cui
3174 1322 3315 1371 tunc
3358 1318 3645 1374 universas

1996 1403 2170 1474 copias
2194 1421 2319 1459 com
2332 1403 2521 1459 missaa
2543 1410 2759 1471 essent,
2779 1404 3061 1475 facileque
3084 1422 3182 1461 eas
3204 1422 3321 1476 qua
3337 1406 3511 1462 vellet
3531 1407 3641 1462 im-

1997 1492 2208 1564 pellere
2240 1498 2452 1563 posset,
2490 1498 2689 1564 utpote
2728 1496 2909 1549 totius
2942 1494 3192 1549 Orientis
3223 1496 3338 1549 dux
3370 1496 3641 1567 designa-

1994 1586 2113 1649 tus,
2145 1598 2213 1637 ex
2245 1599 2354 1636 usu
2391 1581 2468 1638 rei
2501 1582 2747 1653 publicae
2778 1583 2899 1638 fore
2936 1586 2993 1638 et
3031 1584 3103 1638 ad
3142 1583 3452 1653 imperium
3484 1602 3637 1640 com-

1995 1672 2381 1726 muniendum
2417 1672 2707 1726 facturum
2742 1671 3050 1741 judicavit,
3082 1672 3130 1727 si
3161 1674 3290 1743 ejus
3321 1674 3640 1744 potentiam

1992 1760 2281 1816 accideret
2332 1762 2642 1833 ipsumque
2673 1777 2738 1816 eo
2770 1760 3153 1816 infirmiorem
3203 1762 3274 1817 ad
3326 1778 3417 1817 res
3465 1780 3643 1818 novas

219 1850 397 1901 καῦτα
454 1847 554 1914 την
602 1846 918 1917 Ῥωμαϊκὴν
979 1842 1207 1917 δύναμιν
1266 1843 1729 1921 ἐγκεχειρισμένον
1787 1848 1871 1901 καὶ

224 1934 250 1951 σε
461 1934 475 1951 ‘
512 1935 542 1951 Α
596 1933 637 1951 I‘
834 1934 847 1951 1
898 1932 944 1951 ἢ,
1088 1935 1112 1951 ΙΙ
1394 1934 1408 1951 \
1652 1929 1681 1951 ρ
1726 1934 1739 1951 Ι

1993 1851 2305 1905 tentandae
2334 1850 2642 1921 redigeret.
2665 1850 2865 1921 Itaque
2886 1850 2937 1905 ei
2960 1850 3215 1905 Orientis
3238 1851 3642 1921 praefecturam

218 1934 331 2004 ὅπη
383 1934 477 1988 καὶ
512 1933 774 2009 βούλοιτο
825 1932 1025 2009 ῥᾳδίως
1079 1935 1273 2009 ἄγοντα
1320 1934 1409 1988 xui
1446 1929 1876 2006 μετακυϐεύοντα

220 2024 309 2095 (ἦν
337 2023 447 2097 γάρ
494 2021 877 2097 στρατηλάτης
924 2016 1377 2098 προϐεϐλημένος
1420 2024 1597 2093 πάσης
1648 2025 1875 2080 Ἀνατο-

219 2111 349 2185 λῆς)
379 2113 659 2190 συμφέρον
692 2114 823 2167 εἶναι
978 2109 1228 2187 βασιλείᾳ
1270 2111 1357 2165 καὶ
1388 2111 1624 2186 ἀσφαλὲς
1656 2111 1874 2185 ἐνόμισε

216 2202 277 2255 τὸ
307 2200 460 2255 πολὺ
490 2207 594 2269 τῆς
638 2198 923 2273 δυνάμεως
973 2201 1379 2277 άκρωτηριάσαι
1425 2200 1513 2255 xci
1564 2200 1871 2265 ἀσθενέστε-

216 2311 305 2364 ρον
366 2290 535 2344 αὐτὸν
613 2291 994 2367 ἀποφήνασθαι
1068 2290 1207 2363 πρὸς
1258 2290 1357 2357 τήν
1420 2291 1868 2363 ὑποπτευομὲνην

216 2378 569 2435 ἀποστασίαν.
629 2378 728 2433 Καὶ
776 2383 906 2454 γοῦν
958 2380 1046 2433 xui
1094 2377 1361 2454 παραλύει
1408 2384 1601 2434 τοῦτον
1642 2384 1739 2449 τῆς
1768 2386 1868 2436 τοῦ

214 2468 595 2541 στρατηλάτου
657 2469 857 2544 ἀρχῆς,
902 2465 1067 2523 δοῦκα
1127 2466 1183 2522 δὶ
1247 2466 1591 2524 ἀποδείκνυσι
1647 2475 1752 2525 τῶν
1813 2471 1863 2526 ἐν

211 2560 279 2629 τῇ
334 2557 738 2630 Μεσοποταμίᾳ
799 2557 1115 2632 ταγμάτων,
1180 2556 1533 2633 ἐπαγρυπνεῖν
1608 2559 1867 2626 κελεύσας

212 2646 303 2709 τάς
364 2644 644 2720 ἐκδρομὰς
702 2650 811 2701 τῶν
879 2650 1210 2721 Σαρακηνῶν
1270 2645 1627 2721 φυλάττοντα.
1688 2652 1758 2704 Τὸ
1819 2648 1865 2705 δ’

211 2737 339 2792 αύτό
377 2742 550 2791 τοῦτο
596 2735 687 2790 καὶ
740 2736 815 2797 εἰς
865 2734 1098 2810 Μιχαὴλ
1150 2738 1241 2790 τὸν
1292 2736 1568 2807 Βούρτζην
1618 2736 1862 2793 ὕποπτον

212 2823 334 2881 ὄντα
366 2826 791 2901 ἐμηχανήσατο,
826 2822 1110 2895 διαστῆσαι
1156 2829 1345 2880 τοῦτον
1386 2832 1487 2895 τῆς
1534 2832 1631 2881 τοῦ
1676 2827 1862 2900 Σκλη-

211 2920 304 2989 ροῦ
333 2916 610 2991 ἑταιρείας
662 2912 967 2976 σπουδάσας
1020 2918 1203 2987 (συνῆν
1250 2916 1354 2991 γάρ
1402 2915 1490 2970 καὶ
1523 2915 1677 2979 οὗτος
1718 2917 1864 2989 αύτῷ

206 3006 491 3080 τάγματός
534 3025 683 3068 τινος
731 3002 1021 3080 κατάρχων
1078 3008 1516 3079 στρατιωτικοῦ).
1570 3004 1730 3081 ὅνπερ
1782 3012 1861 3079 τῷ

206 3099 307 3149 τῶν
387 3093 703 3170 μαγίστρων
770 3096 1007 3167 τιμήσας
1063 3094 1328 3167 ἀξιώματι
1386 3097 1473 3168 [Ρ.
1690 3093 1862 3151 δοῠκα

205 3191 301 3252 τῆς
367 3185 525 3256 παρᾶ
592 3187 672 3236 τῶ
740 3184 968 3258 Ὀρόντῃ
1044 3184 1382 3258 Ἀντιοχείας
1462 3180 1857 3257 προϐάλλεται.

1989 1938 2198 1995 adimit
2227 1940 2553 2009 ducemque
2574 1939 2881 1994 constituit
2912 1940 3362 2009 Mesopotamiae,
3388 1956 3453 1994 ac
3474 1957 3641 1996 man-

1988 2029 2089 2084 dat
2113 2033 2175 2083 ut
2195 2028 2505 2097 diligenter
2526 2028 2807 2084 adversus
2828 2028 3245 2084 Saracenorum
3267 2029 3643 2085 excursiones

1985 2119 2251 2174 excubet.
2286 2118 2497 2172 Eodem
2533 2118 2704 2171 modo
2738 2116 3079 2172 Michaelem
3112 2133 3345 2187 quoque
3368 2118 3636 2174 Burtzam

1985 2207 2098 2263 sibi
2148 2211 2488 2278 suspectum
2541 2210 2783 2273 tractat;
2834 2222 3009 2277 quem
3060 2209 3188 2261 uta
3218 2206 3358 2261 Duri
3392 2208 3551 2278 (nam
3584 2208 3635 2263 ei

1984 2298 2186 2352 aderat
2215 2296 2525 2365 cujusdam
2564 2295 2819 2351 cohortis
2858 2296 3087 2365 ductor)
3119 2295 3391 2350 societate
3423 2297 3633 2351 avelle-

1983 2390 2089 2452 rct,
2123 2387 2193 2441 ad
2228 2383 2490 2455 magistri
2523 2390 2780 2439 evectum
2807 2383 3155 2455 dignitatem
3188 2384 3395 2439 ducem
3426 2386 3629 2440 Antio-

1982 2476 2125 2531 chiae
2177 2475 2248 2531 ad
2308 2474 2582 2529 Orontem
2632 2474 2755 2527 sitas
2813 2472 3138 2528 constituit.
3198 2474 3624 2544 Inspectionem

1981 2570 2156 2636 atque
2204 2564 2515 2636 imperium
2550 2564 2606 2617 in
2639 2579 2843 2617 omnes
2874 2563 3188 2617 orientales
3238 2563 3435 2635 copias
3468 2564 3629 2620 Petro

1978 2655 2165 2709 defert
2196 2652 2459 2725 patricio,
2493 2651 2691 2707 Phocaa
2730 2651 2869 2706 olim
2920 2651 3164 2717 famulo,
3188 2668 3442 2724 eumque
3468 2670 3628 2709 exer-

1975 2746 2197 2798 cituum
2253 2744 2591 2814 praefectum
2641 2741 2941 2807 nominat;
2994 2746 3314 2796 castratum
3366 2743 3631 2812 quidem,

1975 2834 2072 2889 sed
2100 2837 2404 2887 strenuum
2430 2830 2737 2901 caatcroqui
2758 2834 2813 2885 et
2831 2830 2911 2885 rei
2934 2829 3153 2885 bellicas
3177 2831 3626 2902 peritissimum.

1975 2922 2219 2993 Indigne
2250 2926 2445 2975 autem
2498 2920 2553 2974 id
2606 2919 2741 2975 tulit
2772 2924 2984 2989 Durus,
3012 2920 3155 2975 adeo
3189 2926 3251 2975 ut
3282 2938 3354 2976 ne
3384 2923 3535 2992 apud
3569 2939 3632 2977 se

1977 3010 2216 3082 quidem
2251 3026 2463 3082 magno
2508 3009 2703 3063 animo
2753 3008 3037 3063 occultam
3088 3010 3333 3065 retinere
3364 3026 3490 3065 eam
3525 3028 3631 3083 p0-

1974 3100 2150 3156 tuerit
2195 3098 2753 3171 azgritudinem,sed
2806 3098 3070 3153 invectus
3116 3099 3269 3154 4I8
3319 3100 3511 3156 verbis
3566 3100 3627 3156 in

1977 3194 2275 3244 auctorem
2308 3186 2749 3243 contumeliosis
2790 3187 2887 3252 sit,
2919 3186 3019 3257 qui
3069 3188 3261 3257 ipsum
3298 3205 3399 3259 pro
3432 3206 3627 3243 rerum

206 3276 441 3351 Ἔξορον
488 3269 549 3326 δὲ
580 3271 669 3326 καὶ
700 3270 990 3342 ἐπιστάτην
1018 3276 1122 3327 τῶν
1158 3273 1302 3345 ὶῲων
1348 3275 1463 3346 (34)
1514 3270 1860 3330 ἀποδείκνυσι

1986 3278 2247 3350 praeclare
2276 3282 2579 3349 gestarum
2611 3274 3101 3344 victoriarumque
3140 3280 3442 3347 partarum
3476 3295 3628 3333 mer-

207 3364 425 3418 πάντων
481 3360 776 3434 ταγμάτων
857 3362 948 3415 τὸν
1023 3362 1304 3437 πατρίκιον
1366 3361 1565 3437 Πέτρον
1621 3363 1713 3417 τὸν
1770 3368 1867 3419 τοῦ

212 3456 379 3505 (hami
436 3448 660 3517 δοῦλον,
710 3447 1191 3526 στρατοπεδάρχην
1239 3450 1397 3505 αὐτὸν
1448 3449 1733 3524 ὀνομάσας,
1778 3474 1866 3507 το-

212 3542 336 3611 μίαν
403 3541 505 3612 μὲν
564 3539 870 3614 ἄνθρωπον,
933 3537 1254 3614 δραστήριον
1307 3537 1352 3594 δ’
1411 3538 1597 3604 ἄλλως
1654 3542 1742 3596 xui
1798 3544 1866 3597 τά

207 3629 492 3701 πολεμικά
532 3628 947 3703 ἐμπειρότατον.
1002 3632 1179 3685 Τοῦτο
1231 3626 1287 3683 δὲ
1318 3630 1407 3683 τὸν
1442 3629 1693 3705 Σκληρὸν
1728 3633 1862 3705 σφό-

206 3716 303 3791 δρα
334 3718 637 3787 ἐλύπησεν,
688 3718 763 3781 ὡς
819 3715 959 3789 μηδὲ
1007 3720 1133 3793 παρ’
1182 3719 1356 3791 ἑαυτῷ
1406 3716 1696 3789 δυνηθῆναι
1736 3742 1859 3794 συγ-

1975 3368 2113 3423 cede
2154 3368 2225 3421 ab
2275 3366 2442 3437 equis
2475 3365 2652 3436 (quod
2687 3363 2871 3424 aiunt)
2903 3364 2973 3418 ad
3021 3365 3219 3418 asinos
3269 3365 3623 3419 detruderet.

1974 3458 2085 3512 Sed
2121 3472 2334 3528 praeses
2381 3454 2494 3509 ista
2522 3453 2606 3509 vel
2642 3469 2849 3525 parum
2900 3451 2985 3507 vel
3040 3451 3185 3506 nihil
3219 3453 3463 3521 curavit,
3486 3470 3623 3507 con-

1975 3550 2204 3601 tentum
2237 3561 2371 3599 eum
2402 3559 2533 3599 esse
2575 3542 2794 3612 jubens
2827 3542 2896 3597 iis
2927 3559 3051 3612 quae
3092 3542 3387 3596 dabantur
3436 3559 3625 3613 neque

1975 3635 2221 3689 ulterius
2254 3634 2573 3704 quidquam
2622 3636 2869 3697 tentare,
2903 3630 3015 3685 nisi
3052 3630 3223 3686 vellet
3252 3631 3467 3686 amisso
3498 3648 3625 3687 ma-

1974 3723 2224 3795 gistratu
2261 3722 2523 3793 privatus
2554 3721 2611 3775 in
2646 3721 2887 3775 domum
2920 3736 3089 3774 suam
3121 3719 3409 3773 concludi.

204 3809 447 3881 καλύψαι
507 3810 610 3877 τὴν
664 3808 814 3862 ἀνίαν
870 3806 1294 3884 μεγαλοψύχως,
1352 3808 1476 3864 ἀλλ’
1515 3808 1867 3886 ἐπεγκαλίωαι
1926 3812 2013 3865 καὶ
2065 3809 2481 3887 προσονειδίσαι,
2541 3808 2588 3863 εἴ
2645 3808 2761 3862 ἀντὶ
2813 3813 2918 3862 τῶν
2972 3808 3058 3862 ὑπ’
3106 3809 3271 3862 αὐτοῦ
3322 3809 3627 3881 γενομένων

210 3896 723 3972 άνδραγαθημάτων
782 3918 840 3952 τε
896 3898 985 3952 καὶ
1040 3898 1318 3973 τροπαίων
1374 3899 1625 3961 τοιαύτας
1683 3896 2072 3973 ἀντιλαμϐάνει
2127 3902 2220 3962 τὰς
2277 3895 2533 3972 ἀμοιϐὰς,
2592 3898 2680 3953 ἐπὶ
2734 3899 2795 3952 τὸ
2855 3903 3040 3972 χεῖρον
3101 3895 3425 3972 προκόπτων
3460 3945 3475 3970 ,

3533 3897 3629 3952 κᾶν

211 3986 406 4061 ὀλίγον
440 3988 477 4055 ἢ
516 3983 672 4040 οὐδὲν
702 3986 782 4057 τῷ
811 3990 1292 4059 παρακοιμωμίνῳ
1322 3987 1609 4061 ἐμέλησεν,
1644 3990 1851 4065 ἀγαπᾷτ
1882 3990 2087 4044 εἰπόντι
2119 3994 2235 4051 τοῖς
2269 3986 2581 4060 δεδομένοις
2613 3987 2701 4041 καὶ
2738 3988 2812 4059 μη
2845 3985 3091 4041 ἐπέκεινα
3127 3985 3628 4061 πολυπραγμονεῖν,

207 4074 250 4129 εἷ
288 4078 363 4147 μή
402 4097 515 4129 που
549 4074 745 4146 μέλλει
778 4076 895 4129 ἀντὶ
926 4073 1190 4149 ἄρχοντος
1223 4076 1475 4152 οἰκουρὸς
1506 4074 1713 4142 ἔσεσθαι
1743 4086 1842 4147 τῆς
1876 4077 2015 4141 ίδίας
2053 4079 2247 4140 οἶκίας.

275 4165 497 4219 τούτων
531 4162 589 4218 δὲ
638 4162 809 4225 οὕτως
859 4163 1330 4235 οἷκονομηῦἐντων
1382 4171 1463 4238 τῷ
1509 4188 1862 4241 παρακοιμωο

213 4250 357 4324 μένῳ
413 4251 628 4326 ἀπάρας
682 4253 711 4305 ὁ
752 4249 957 4325 Βάρδας
1021 4260 1121 4322 τῆς
1205 4251 1489 4329 βασιλίδος
1551 4255 1641 4308 σὺν
1703 4258 1859 4331 τάχει

211 4340 407 4413 πολλῷ
457 4344 559 4410 τὴν
618 4341 1047 4417 ἐγχειρισθιῖσαν
1106 4342 1254 4415 αὖτῷ
1310 4340 1715 4417 καταλαμϐάνει
1772 4346 1861 4421 ἀρ-

209 4432 337 4503 χήν.
398 4432 493 4487 Ἐν
544 4428 603 4485 δὶ
646 4436 767 4492 ταῖς
812 4434 1293 4506 προηγησαμὲναις
1353 4435 1702 4508 στρατηγίαις
1763 4435 1860 4508 ἐμ-

210 4512 401 4591 ϐριθὴς
462 4517 741 4582 πολλάκις
802 4520 981 4597 φανεὶς
1036 4520 1123 4575 καὶ
1203 4518 1547 4597 δραστήριος,
1606 4523 1695 4578 xui
1759 4524 1861 4579 ὑπὸ

2042 4170 2140 4225 His
2174 4170 2252 4223 ita
2280 4186 2312 4224 a
2344 4168 2590 4240 praeside
2612 4166 2951 4223 constitutis
2985 4166 3199 4220 Bardas
3225 4170 3414 4221 Durus
3446 4166 3627 4220 celer“

1972 4259 2117 4313 rime
2151 4259 2205 4312 in
2233 4274 2399 4312 suam
2434 4255 2791 4328 provinciam
2827 4254 3237 4326 proficiscitur.
3274 4255 3340 4308 Et
3370 4270 3501 4309 cum
3527 4270 3626 4308 su-

1972 4348 2299 4419 perioribus
2333 4346 2694 4417 temporibus
2739 4344 2921 4415 gestis
2956 4343 3402 4414 magistratibus
3433 4344 3625 4414 gravi-

1970 4442 2149 4491 tatem
2182 4442 2357 4507 atque
2388 4435 2789 4489 et’ﬁcacitatem
2815 4449 2983 4487 suam
3011 4448 3409 4503 saepenumero
3441 4432 3624 4487 decla-

1970 4531 2179 4593 rasset,
2214 4540 2402 4595 neque
2435 4524 2550 4578 fere
2581 4521 2895 4593 quisquam
2945 4522 3005 4575 in
3054 4521 3307 4575 exercitu
3340 4536 3473 4576 eum
3508 4537 3621 4576 non

208 4609 430 4677 παντὸς,
486 4609 561 4671 ὡς
608 4606 736 4672 ἔπος
784 4608 975 4677 εἰπεῖν,
1031 4614 1129 4665 τοῦ
1182 4616 1412 4686 στρατοῦ
1457 4611 1729 4685 φιληθεὶς,
1775 4613 1865 4667 xui

1986 4621 2216 4678 amaret,
2234 4614 2302 4667 ad
2329 4614 2587 4681 haecjam
2611 4619 2747 4666 ante
2770 4610 2921 4665 haud
2950 4611 3153 4680 paucis
3172 4610 3384 4680 quibus
3408 4610 3625 4665 ﬁdebat

210 4698 343 4771 πρὸς
396 4694 649 4760 πολλοὺς
711 4697 801 4761 οὓς
862 4698 1071 4775 ἐθάρρει
1122 4701 1184 4753 τὸ
1249 4707 1349 4769 τῆς
1412 4700 1643 4773 μελέτης
1698 4722 1865 4779 παρα-

209 4788 507 4859 γυμνῶσας
570 4790 892 4862 μυστήριον,
941 4790 1029 4844 καὶ
1093 4788 1303 4862 μᾶλλον
1363 4795 1443 4862 τῷ
1483 4791 1718 4865 τάγματι
1756 4794 1864 4845 τῶν

212 4874 605 4947 στρατηλατῶν
666 4880 799 4950 (35),
858 4876 979 4951 ἄρτι
1036 4899 1094 4933 τι
1151 4882 1337 4954 καιρὸν
1397 4878 1604 4949 οἰηθεὶς
1663 4879 1867 4949 ἐπιτή-

215 4959 356 5019 δειον
412 4964 494 5027 εἰς
548 4965 613 5020 τὸ
668 4964 1009 5040 ἀνακαλύψαι
1070 4968 1131 5023 τὸ
1188 4966 1671 5041 σπουδαζόμενον,
1732 4970 1869 5041 μετὰ

212 5057 318 5108 τῶν
378 5052 704 5125 ἐπιτηδείων
784 5056 1139 5130 σκεψάμενος,
1199 5059 1259 5127 ἣν
1331 5058 1390 5113 ἐκ
1450 5064 1670 5133 μακρῶν
1734 5057 1865 5114 ὤδι-

215 5162 297 5196 νεν
378 5143 658 5199 ἀποτίκτει
734 5144 1079 5217 ἀποστασίαν,
1152 5147 1241 5201 καὶ
1312 5147 1447 5202 κατα
1514 5152 1622 5203 τῶν
1707 5149 1863 5221 βασι-

217 5229 357 5285 λέων
409 5232 500 5287 καὶ
548 5238 659 5288 τῶν
708 5233 1008 5311 ὁμοφύλων
1054 5234 1195 5312 αἶ’ρει
1241 5235 1309 5290 τὰ
1360 5234 1525 5293 ὅπλα.
1568 5236 1741 5300 Εὐθὺς
1773 5234 1862 5290 οὖν

1975 4719 2253 4759 arcanum
2270 4719 2441 4757 suum
2460 4718 2561 4773 per
2573 4717 2664 4755 am
2676 4700 2851 4771 bages
2865 4699 3220 4754 ostendisset
3234 4698 3596 4770 propositum
3609 4741 3623 4763 ,

1976 4794 2263 4864 praecipue
2295 4792 2545 4847 ducibus
2594 4789 2873 4857 militum,
2908 4794 3047 4843 tunc
3081 4805 3142 4843 se
3183 4794 3417 4859 tempus
3462 4792 3624 4843 ratus

1976 4888 2371 4954 opportunum
2417 4880 2630 4934 habere
2661 4879 2790 4948 ejus
2823 4876 3120 4949 vulgandi,
3153 4893 3215 4931 re
3248 4893 3379 4931 cum
3424 4892 3623 4931 neces-

1976 4972 2149 5027 sariis
2170 4967 2695 5031 communicata,id
2723 4967 2878 5037 quod
2898 4965 2998 5020 diu
3022 4966 3375 5037 parturierat
3396 4965 3626 5036 imperii

1976 5058 2277 5116 obtinendi
2309 5057 2571 5112 studium
2606 5056 2842 5109 tandem
2875 5054 2930 5109 in
2966 5054 3153 5110 lucem
3182 5054 3323 5121 edit,
3345 5070 3627 5124 armaque

1976 5153 2178 5205 contra
2208 5148 2592 5219 imperatores
2636 5148 2694 5199 et
2724 5142 3035 5216 populares
3066 5160 3207 5199 suos
3260 5142 3434 5214 capit.
3468 5142 3629 5197 Illico

1975 5237 2249 5307 Anthem,
2270 5234 2619 5308 cognomine
2639 5233 2933 5306 Alyatam,
2952 5232 3360 5288 ministrorum
3384 5248 3627 5287 suorum

1406 5416 1777 5474 XYLANDRI
1815 5417 1901 5471 ET
1938 5415 2158 5472 GOARI
2197 5415 2427 5470 NOT/E.

289 5564 687 5647 (gijonalem
732 5569 1087 5647 magistrum
1134 5570 1459 5647 ofﬁciorum
1490 5571 1742 5647 Orientis
1773 5572 1871 5626 de-

445 5637 889 5727 rcommentator
915 5642 1141 5726 Notitiaz
1162 5642 1412 5727 imperii
1449 5660 1499 5699 c.
1518 5645 1621 5727 ‘62.
1653 5649 1832 5727 Gen}.

290 5708 411 5780 (35)
443 5710 701 5774 Quorum
740 5730 948 5788 agmen
980 5716 1122 5772 viris
1162 5708 1368 5774 bellica
1398 5715 1570 5773 laude
1600 5722 1719 5773 tam
1754 5716 1871 5773 cla-

1982 5570 2084 5637 ris,
2119 5570 2418 5643 generosis
2441 5586 2507 5643 ac
2538 5569 2787 5643 fortibus
2817 5571 2941 5622 erat
2968 5565 3297 5643 collectum,
3324 5568 3388 5619 ut
3417 5563 3633 5643 singuli

2027 5640 2201 5714 uique
2234 5641 2620 5715 στρατηλάται,
2647 5642 2892 5697 militum
2931 5640 3193 5709 magistri
3232 5641 3630 5694 censerentur.

2031 5732 2162 5771 OAR.
