4014 6194
294 359 405 420 151

1655 344 1976 409 GEORGII
2022 344 2365 408 CEDBENI

3593 349 3712 411 152

294 490 550 549 maxime
581 485 966 557 industrium,
991 483 1193 559 Cpolin
1228 481 1426 551 mittit,
1455 482 1555 555 qui
1590 481 1775 537 filium
1808 484 1947 535 Bar-
1979 535 1988 557 Α

2097 483 2268 549 Ανθην
2325 479 2447 534 τινὰ
2501 475 2767 553 τοῦνομα,
2823 478 3096 553 Ἀλυάτην
3154 482 3253 550 τήν
3312 481 3706 559 προσηγορίαν,

297 585 432 638 dam
456 582 787 636 Romanum
816 582 956 633 tunc
987 576 1045 631 in
1071 575 1213 630 urbe
1240 575 1545 646 degentem
1568 573 1637 627 ad
1673 589 1755 635 se,
1778 570 1949 626 modo

2097 569 2126 621 ἀ
2181 566 2418 641 μάλιστα
2471 565 2600 625 ὄντα
2655 570 2802 643 αὐτῷ
2851 575 2957 625 τῶν
3008 568 3453 645 δραστικωτάτων
3506 572 3707 646 ὑπηρεο

236 738 237 741 η
300 673 361 728 id
394 669 517 725 ﬁeri
558 671 774 741 posset,
800 667 1131 722 adduceret.
1157 664 1375 719 Anthes
1413 678 1547 719 cum
1581 678 1647 717 eo
1676 661 1952 730 venisset,

2097 662 2194 727 ῶν,
2253 657 2306 722 ἐς
2361 659 2463 728 τὴν
2524 656 2781 736 βασιλίδα
2835 661 3074 734 πέμπει,
3134 660 3302 729 ὅπως,
3364 659 3413 716 εἲ
3468 658 3703 731 δύναιτο,

306 761 507 817 omnia
562 773 633 813 ne
681 754 1214 827 deprehenderetur
1261 749 1954 821 commentus,-sinistros

311 853 376 907 de
405 850 560 905 Duro
606 861 870 903 rumores
925 843 1252 915 spargendo
1302 842 1460 896 omni
1511 857 1573 895 sc
1621 840 1955 912 suspicione

311 938 620 1013 ejus'quod
655 934 1003 991 moliebatur
1030 932 1296 987 liberavit
1323 947 1335 987 :
1362 930 1559 1002 itaque
1592 931 1824 986 nemine
1853 929 1955 985 ob-

307 1031 576 1085 servante
610 1026 937 1079 Romanum
971 1020 1293 1076 suﬂ‘uratus
1341 1036 1410 1075 ex
1458 1020 1600 1074 urbe
1629 1020 1699 1074 ad
1734 1023 1957 1091 patrem

232 1152 245 1171 ι
307 1116 599 1193 perduxit.
628 1115 791 1169 Tunc
853 1111 1088 1166 demum
1135 1114 1323 1165 Durus
1370 1109 1428 1163 in
1479 1112 1746 1181 apertum
1806 1107 1958 1163 419

309 1205 553 1281 protulit
577 1220 685 1259 sua
714 1199 985 1266 consilia,
1017 1207 1071 1255 et
1100 1199 1432 1254 diademate
1462 1197 1825 1269 reliquisque
1856 1197 1963 1252 im-

313 1296 457 1369 perii
489 1292 677 1365 signis
706 1289 957 1361 sumptis
992 1289 1063 1343 ab
1096 1288 1254 1344 omni
1280 1305 1386 1344 suo
1417 1288 1667 1343 exercitu
1692 1292 1782 1343 est
1810 1286 1964 1341 salu-

312 1393 466 1441 tatus
498 1382 834 1453 imperator,
870 1378 1179 1450 primoque
1210 1378 1473 1433 omnium
1527 1377 1599 1433 ab
1647 1376 1962 1432 Armeniis.

314 1474 533 1530 Exinde
563 1471 637 1526 ad
669 1469 987 1539 cogendam
1033 1466 1339 1537 pecuniam
1373 1466 1582 1537 (neque
1631 1466 1789 1522 enim
1821 1465 1964 1520 illud

320 1558 735 1619 Demosthenis
784 1556 1107 1628 ignorabat,
1143 1555 1270 1610 sine
1309 1554 1418 1611 hac
1450 1554 1595 1610 nihil
1644 1559 1796 1611 recte
1844 1554 1964 1625 geri

322 1667 515 1724 posse,
548 1646 870 1720 praesertim
909 1660 1035 1700 vero
1081 1643 1175 1699 cui
1208 1644 1279 1699 de
1311 1647 1475 1699 tanta
1520 1660 1582 1698 re
1622 1643 1782 1714 jacta
1813 1647 1971 1699 esset

325 1738 471 1809 alca)
493 1737 648 1792 illico
676 1748 1014 1801 conversus,
1040 1732 1384 1805 publicanos
1415 1732 1876 1805 comprehendit,
1900 1731 1970 1786 ab

323 1829 515 1901 iisque
552 1824 860 1898 pecuniam
906 1822 1204 1894 publicam
1255 1822 1525 1891 extorsit;
1556 1820 1847 1893 alios,qui
1879 1821 1972 1877 di-

318 1919 466 1975 vites
496 1916 877 1990 putabantur,
902 1916 1103 1983 captos
1136 1911 1385 1981 pecunia
1406 1912 1669 1966 emunxit
1695 1927 1707 1965 :
1732 1911 1971 1983 quidam

322 2009 501 2074 ultro,
560 2022 663 2077 spe
722 2002 943 2073 majora
990 2001 1335 2073 recipiendi,
1381 2018 1519 2057 suas
1569 2000 1873 2058 facultates
1926 2000 1979 2057 ei

325 2097 686 2156 obtulerunt.
724 2095 809 2148 Ita
855 2092 1062 2163 exiguo
1110 2090 1392 2161 temporis
1443 2090 1633 2162 spatio
1681 2091 1979 2162 ingentem

328 2186 446 2243 vim
480 2181 738 2256 pecuniae
781 2180 989 2253 coegit.
1024 2178 1273 2235 Proinde
1320 2178 1381 2234 in
1432 2178 1855 2250 Mesopotamia
1880 2194 1979 2234 ca-

331 2274 567 2333 stellum
618 2271 879 2329 validum
938 2273 1207 2340 occupat,
1252 2268 1347 2323 cui
1401 2282 1614 2324 nomen
1660 2268 1979 2340 Gharpote;

334 2364 490 2437 quod
513 2378 647 2419 cum
670 2360 931 2432 undique
952 2358 1437 2414 communivisset
1457 2364 1511 2413 et
1532 2357 1804 2429 praesidio
1826 2358 1978 2413 suffi-

336 2452 511 2510 cienti
561 2452 867 2517 armasset,
899 2463 965 2503 eo
1011 2446 1317 2519 pecuniam
1348 2454 1679 2515 congestam
1712 2446 1982 2519 deponit;

338 2543 496 2615 quod
527 2540 722 2613 ipsum
765 2537 940 2592 etiam
986 2537 1161 2591 rebus
1192 2536 1452 2592 adversis
1503 2536 1615 2605 ipsi
1662 2552 1764 2606 pro
1814 2539 1985 2607 portu

340 2631 520 2704 (quod
569 2628 758 2696 aiunt)
788 2626 848 2681 in
880 2640 1056 2696 quem
1089 2642 1150 2681 se
1180 2628 1305 2680 tuto
1350 2624 1654 2696 reciperet,
1686 2625 1805 2679 fore
1854 2640 1984 2696 spe-

342 2721 523 2778 rabat.
543 2717 693 2783 Quin
726 2720 780 2771 et
812 2730 945 2770 cum
978 2713 1183 2768 vicinis
1228 2712 1529 2768 Saracenis
1560 2713 1694 2769 data
1724 2716 1989 2785 accepta-

339 2826 451 2883 que
482 2808 596 2864 fide
626 2808 794 2878 pacta
816 2803 964 2870 iniit,
993 2816 1173 2873 eaque
1200 2802 1426 2873 nuptiis
1451 2802 1765 2858 contractis
1797 2802 1990 2857 ﬁrma-

335 2902 439 2968 vit,
471 2911 684 2968 nempe
722 2909 856 2949 cum
902 2908 1100 2947 amera
1143 2891 1362 2947 Amidae
1394 2891 1529 2962 (ipsi
1566 2891 1732 2948 Emet
1762 2893 1990 2964 vocant)

337 2985 668 3061 Apolulpho
690 2986 747 3039 et
767 2997 965 3038 amera
987 2980 1395 3053 Martyropolis
1420 2982 1508 3051 (ea
1537 2980 1685 3051 ipsis
1704 2980 1991 3052 Miepher-

337 3079 438 3134 kin
471 3072 709 3145 dicitur)
735 3071 1042 3144 Apotagle;
1064 3069 1141 3125 ab
1170 3069 1360 3140 iisque
1390 3086 1523 3125 cum
1557 3071 1816 3142 pecunias
1839 3070 1992 3126 mul-

341 3173 466 3224 tum
497 3168 626 3221 tum
656 3163 870 3217 Arabes
901 3159 1128 3231 equites
1168 3163 1459 3214 trecentos
1489 3159 1802 3215 auxiliares
1830 3175 1991 3215 acce-

2060 748 2336 819 Ῥωμανὸν
2385 748 2476 803 τὸν
2529 750 2721 804 ἐαυτοῦ
2767 750 2972 824 κλέψας
3014 750 3127 805 υἱὸν
3181 745 3363 824 (ἔτυχε
3403 750 3504 826 γὰρ
3550 748 3708 821 ἐνδη-

2069 841 2184 910 μῶν
2236 841 2305 911 τῇ
2369 837 2746 913 βασιλευούσῃ)
2805 840 2942 915 πρὸς
2996 840 3154 894 αὑτὸν
3212 839 3489 918 ἀφίκηται.
3538 841 3598 898 Ὁ
3653 837 3711 895 δὲ

2063 926 2354 1003 γενόμενος
2411 926 2461 982 ἐν
2519 931 2588 1001 τῇ
2650 925 2835 997 πόλει,
2896 928 2983 985 καὶ
3040 929 3213 985 πάντα
3269 928 3468 1003 τρόπον
3528 926 3708 984 λαϐεῖν

2068 1015 2436 1089 ἐπειγόμενος,
2511 1018 2699 1095 φήμας
2759 1018 2822 1072 οὐ
2883 1017 3054 1080 καλὰς
3112 1019 3249 1073 κατὰ
3301 1022 3398 1073 τοῦ
3455 1015 3714 1094 Σκληροῦ

2069 1103 2361 1181 ἐνέσπειρε,
2411 1103 2482 1160 δι’
2531 1107 2575 1160 ὧ
2626 1103 2807 1161 λαθεῖν
2852 1127 2911 1162 τε
2952 1105 3201 1179 ἠδυνήθη
3250 1106 3556 1169 ἀνύποπτος
3612 1128 3714 1185 φα·

2069 1194 2175 1255 νεὶς
2204 1194 2295 1249 καὶ
2338 1194 2430 1249 τὸν
2460 1196 2740 1268 Ῥωμανὸν
2785 1195 3101 1270 ἀποκλέψας
3141 1198 3278 1272 πρὸς
3324 1196 3413 1251 τὸν
3464 1194 3719 1271 Σκληρὸν

2072 1284 2311 1358 ἀγαγεῖν.
2344 1285 2405 1341 Ὀ
2458 1281 2669 1358 Βάρδας
2720 1283 2776 1339 δὲ
2821 1286 2883 1340 τὸ
2940 1284 3226 1361 βουλευθὶν
3288 1284 3362 1347 εἷς
3418 1286 3722 1363 τούμφανὲς

2072 1370 2180 1442 ἤδη
2228 1371 2453 1445 ἐκρήξας
2503 1370 2748 1447 διάδημά
2794 1395 2851 1430 τε
2897 1370 3287 1449 περιϐάλλεται
3333 1374 3422 1429 καὶ
3459 1374 3526 1430 τὰ
3554 1372 3727 1429 λοιπά

2073 1468 2173 1530 τῆς
2260 1460 2535 1535 βασιλείας
2624 1458 2993 1536 ἀναλαμϐάνει
3064 1466 3364 1541 παράσημα
3396 1508 3409 1534 ,
3464 1464 3551 1519 καὶ
3617 1464 3725 1518 ὑπὸ

2075 1551 2274 1611 παντὸς
2313 1554 2410 1605 τοῦ
2461 1550 2711 1614 συνόντος
2765 1556 2995 1627 στρατοῦ
3049 1552 3334 1627 Ῥωμαίων
3404 1552 3725 1629 ἀναγορεύε-

2074 1660 2161 1695 ται
2246 1639 2521 1713 βασιλεὺς,
2600 1645 2708 1695 τῶν
2790 1642 3087 1718 Ἀρμενίων
3168 1643 3558 1721 καταρξάντων.
3622 1645 3725 1710 τῆς

2078 1728 2370 1807 εὐφημίας.
2430 1731 2578 1785 Ἐπεὶ
2641 1727 2698 1785 δὲ
2752 1735 2831 1803 τῷ
2859 1734 3104 1787 τοιοῦτον
3153 1731 3504 1809 ἀναρρίψαντι
3553 1726 3725 1787 κύϐον

2078 1817 2381 1894 χρημάτων
2442 1816 2551 1874 δεῖν
2607 1817 2836 1876 πολλῶν
2894 1819 3185 1895 ἠπίστατο,
3243 1823 3318 1877 ὧν
3381 1823 3504 1877 ἄνευ
3570 1818 3727 1877 οὐδὲν

2088 1904 2196 1961 ἔστι
2228 1907 2471 1982 γενέσθαι
2523 1908 2631 1962 τῶν
2682 1904 2936 1981 δεόντων,
2968 1910 3104 1964 καθά
3132 1909 3237 1965 πού
3267 1931 3425 1988 φησιν
3460 1911 3488 1965 ὁ
3519 1911 3730 1987 ῥήτωρ,

2086 1998 2222 2071 πρὸς
2272 1994 2553 2071 συλλογὴν
2612 1996 2818 2054 τούτων
2874 2006 3221 2075 παραχρῆμα
3282 1997 3552 2073 ἐτρέπετο,
3599 1998 3734 2061 τούς

2087 2107 2146 2141 τε
2174 2090 2279 2142 τῶν
2333 2084 2613 2159 δημοσίων
2646 2089 2956 2165 πράκτορας
2997 2090 3178 2165 φόρων
3224 2088 3471 2164 κατέχων
3521 2090 3611 2143 καὶ
3668 2089 3739 2144 τὰ

2088 2177 2247 2231 κοινά
2322 2174 2779 2252 εἷσπραττόμενος
2846 2179 3133 2253 χρήματα,
3205 2178 3296 2233 καὶ
3348 2177 3476 2242 τοὺς
3549 2176 3743 2240 ἄλλως

2093 2266 2347 2321 ὑπόνοιαν
2398 2265 2741 2341 παρέχοντας
2796 2264 3039 2322 πλούτου
3090 2263 3492 2341 συλλαμϐάνων
3540 2287 3599 2322 τε
3645 2267 3741 2322 καὶ

2048 2434 2051 2439 γ
2091 2358 2371 2429 τιμωρῶν,
2404 2354 2556 2410 ἐνίων
2604 2353 2660 2411 δὲ
2706 2355 2797 2410 καὶ
2848 2354 3179 2433 αὗθαιρέτως
3230 2357 3607 2434 προσαγόντων
3640 2356 3743 2412 τὸν

2094 2444 2294 2499 ἑαυτῶν
2348 2445 2460 2519 βίον
2509 2442 2691 2500 ἐλπίδι
2744 2449 2842 2500 τοῦ
2888 2444 3272 2521 ἀπολήψεσθαι
3326 2445 3545 2519 μείζονα
3576 2464 3588 2479 ·
3643 2446 3740 2501 καὶ

2096 2532 2267 2595 οὕτως
2319 2532 2370 2589 ἐν
2418 2534 2478 2589 ού
2528 2539 2720 2610 μακρῷ
2768 2538 2847 2607 τῷ
2904 2535 3094 2611 χρόνῳ
3156 2535 3370 2606 πλῆθος
3427 2537 3739 2610 χρημάτων

2096 2622 2303 2698 συνάγει
2375 2622 2536 2679 πολύ.
2614 2625 2704 2694 [Ρ.
2735 2626 2863 2697 686]
2940 2625 3211 2701 Φρούριόν
3294 2646 3353 2679 τε
3446 2624 3742 2699 κατασχὼν

2097 2711 2325 2788 ἐρυμνὸν
2357 2712 2420 2766 τὸ
2475 2712 2771 2787 λεγόμενον
2818 2715 3089 2789 Χάρποτε,
3118 2713 3171 2769 ἐν
3206 2714 3597 2787 Μεσοποταμίᾳ
3624 2714 3748 2768 κείο

2102 2820 2283 2874 μενον,
2343 2800 2431 2855 καὶ
2491 2800 2759 2863 παντοίως
2835 2801 3274 2879 ἀσφαλισάμενος
3328 2804 3419 2858 καὶ
3489 2801 3743 2877 φυλακήν

2099 2889 2391 2961 ἐπιστήσας
2439 2892 2538 2960 τὴν
2598 2890 2942 2968 ἐξαρκοῦσαν,
2993 2890 3045 2947 ἐν
3091 2890 3267 2965 τούτῳ
3311 2892 3378 2947 τὰ
3412 2886 3752 2968 συναγόμενα

2100 2979 2342 3035 ἀπετίθει
2404 2980 2688 3055 χρήματα,
2740 2980 2837 3034 καὶ
2915 2979 3257 3056 ὁρμητήριον
3332 2980 3383 3051 ἐξ
3443 2980 3753 3056 ἀποτυχίας

2099 3067 2189 3123 καὶ
2248 3066 2448 3140 λιμένα
2504 3068 2776 3144 σωτηρίας
2829 3068 2977 3145 ἔχειν
3036 3069 3368 3142 ἐταμιεύετο.
3439 3069 3543 3127 Καὶ
3609 3070 3753 3144 πρὸς

2099 3156 2226 3219 τοὺς
2274 3162 2651 3233 γειτονοῦντας
2709 3158 3079 3235 Σαρακηνοὺς,
3128 3160 3219 3215 τόν
3277 3180 3335 3214 τε
3373 3165 3475 3229 τῆς
3515 3156 3759 3232 Ἀμίδης

339 3256 445 3328 pit.
481 3255 659 3311 Fama
700 3251 879 3321 hujus
913 3248 993 3305 rei
1022 3246 1137 3303 late
1168 3247 1455 3319 dissipata
1485 3247 1890 3304 conﬂuxerunt
1919 3249 1988 3304 ad

2103 3232 2321 3323 ἀμηρᾶν
2382 3246 2715 3325 Ἀποτοὺλφ,
2777 3232 2900 3317 ἥτις
2957 3250 3126 3322 Ἔμετ
3184 3248 3450 3317 καλεῖται,
3508 3248 3597 3303 καὶ
3652 3249 3751 3302 τὸν

340 3360 474 3402 eum
507 3340 677 3398 multi
726 3339 847 3405 alii,
884 3339 985 3410 qui
1034 3337 1208 3393 rebus
1262 3339 1424 3392 novis
1472 3338 1825 3407 gaudebant.
1857 3337 1985 3393 Jam

343 3438 515 3492 astas
559 3429 901 3503 appetierat,
926 3444 1061 3483 cum
1095 3426 1314 3482 Bardas
1364 3442 1495 3481 cum
1530 3428 1684 3483 420
1715 3426 1992 3483 omnibus

341 3524 466 3581 suis
496 3520 681 3592 cOpiis
711 3534 912 3573 versus
942 3515 1147 3601 Cpolin
1180 3516 1290 3571 iter
1318 3515 1597 3585 instituit,
1626 3515 1836 3587 plenus
1868 3517 1991 3587 spei

342 3619 400 3670 et
427 3614 657 3668 tantum
692 3623 806 3663 non
840 3606 895 3660 in
923 3604 1067 3660 solio
1094 3604 1464 3676 imperatoris
1487 3605 1686 3659 sedere
1709 3621 1769 3660 se
1790 3604 1991 3660 existi-

343 3716 535 3755 mans.
559 3694 788 3752 Etenim
821 3692 1085 3748 animum
1129 3690 1213 3745 illi
1261 3691 1514 3746 addebat
1545 3692 1735 3762 adque
1768 3696 1988 3747 tantam

342 3804 462 3845 rem
495 3784 849 3841 moliendam
882 3780 1257 3836 audaciorem
1290 3780 1570 3835 reddebat
1595 3780 1864 3837 monachi
1894 3798 1993 3836 cu-

336 3877 577 3949 jusdam
628 3873 754 3927 vitae
815 3869 1009 3942 probas
1057 3869 1444 3923 insomnium.
1490 3870 1541 3924 Is
1590 3886 1691 3940 per
1737 3871 1993 3940 quietem

344 3966 507 4021 visus
536 3961 647 4019 sibi
698 3962 886 4014 fuerat
916 3958 1109 4012 videre
1140 3961 1293 4013 viros
1344 3958 1567 4028 igneos,
1598 3959 1695 4028 qui
1745 3958 1995 4014 Bardam

346 4055 644 4125 arreptum
677 4049 736 4105 in
770 4046 1084 4104 sublimem
1117 4047 1435 4118 quamdam
1478 4047 1832 4103 adducerent
1860 4063 1997 4118 spe-

350 4143 542 4201 culam
580 4158 592 4197 :
635 4139 716 4194 ibi
768 4154 903 4193 eum
963 4136 1269 4192 convenire
1326 4136 1633 4192 mulierem
1684 4138 1996 4206 quamdam

350 4234 613 4290 humana
644 4227 836 4302 specie
869 4225 1264 4300 grandiorem,
1298 4241 1428 4297 quae
1466 4226 1517 4280 ei
1559 4225 1997 4297 imperatorium

350 4322 636 4396 praeberet
675 4315 998 4389 ﬂagellum.
1028 4315 1088 4371 Id
1134 4313 1431 4386 ﬂagellum
1482 4313 1712 4387 imperii
1762 4316 1998 4387 signum

350 4412 570 4468 Bardas
620 4406 1161 4479 interpretabatur:
1196 4405 1295 4460 sed
1340 4404 1615 4459 nimirum
1670 4422 1736 4461 eo
1785 4406 1873 4461 ira
1902 4406 2001 4461 Dei

348 4502 410 4557 in
442 4502 737 4556 Romanos
767 4494 1101 4550 notabatur.

2096 3341 2195 3402 τῆς
2249 3335 2722 3411 Μαρτυροπόλεως
2796 3337 3120 3413 Ἀποτάγλε,
3187 3337 3380 3406 ἥντινα
3449 3336 3750 3414 Μιεφερκὶν

2102 3425 2449 3498 ὀνομάζουσι,
2482 3425 2695 3488 πίστεες
2750 3424 2874 3489 δοὺς
2918 3426 3007 3481 καὶ
3040 3421 3247 3500 λαϐὼν,
3279 3426 3368 3482 καὶ
3424 3427 3537 3501 μετ’
3571 3424 3754 3481 αὐτῶν

2099 3512 2365 3583 κηδεύσας
2389 3514 2478 3569 καὶ
2530 3512 2621 3570 διὰ
2661 3520 2759 3571 τοῦ
2806 3514 3007 3587 κήδους
3044 3519 3111 3571 τὰ
3138 3524 3239 3586 τῆς
3290 3514 3477 3592 φιλίας
3519 3515 3754 3593 ἀσφαλι-

2102 3607 2354 3677 σάμενος,
2405 3607 2669 3679 χρήματά
2712 3626 2771 3660 τε
2813 3601 3082 3679 λαμϐάνει
3139 3603 3326 3661 πολλά
3381 3606 3470 3661 καὶ
3528 3626 3752 3678 συμμα-

2102 3694 2263 3767 χικὸν
2294 3688 2530 3767 ’Ἄραϐας
2580 3693 2813 3756 ἱππότας
2861 3701 2924 3752 τ’.
2972 3702 3080 3764 Τῆς
3129 3698 3323 3770 φήμης
3367 3694 3424 3750 δὲ
3468 3698 3754 3768 πανταχοῦ

2106 3779 2515 3855 διαδραμούσης
2562 3782 2844 3859 συνέρρεον
2899 3784 3034 3859 πρὸς
3089 3784 3248 3839 αὐτὸν
3310 3784 3502 3840 ὁπόσοι
3554 3784 3753 3838 νεωτὲ-

2106 3890 2221 3946 ροις
2271 3870 2523 3945 χαίρουσι
2574 3871 2911 3948 πράγμασιν.
2962 3870 3106 3944 ’Ἠδη
3158 3872 3215 3928 δὲ
3260 3878 3357 3929 τοῦ
3404 3874 3592 3948 θερους
3632 3870 3759 3927 ἐπι-

2106 3960 2400 4036 γενομένου
2471 3957 2600 4037 ἄρας
2671 3962 2830 4018 παντὶ
2886 3967 2967 4035 τῷ
3026 3963 3239 4038 στρατῷ
3305 3961 3555 4037 ἠπείγετο
3613 3961 3759 4034 πρὸς

2107 4051 2206 4119 τὴν
2255 4048 2666 4125 βασιλεύουσαν,
2723 4051 2917 4124 μεστὸς
2964 4048 3207 4108 ἐλπίδων
3238 4052 3328 4107 καὶ
3381 4049 3606 4124 μονονοὺ
3639 4054 3764 4112 τοῖς

2112 4137 2410 4213 βασιλείοις
2448 4141 2713 4208 καθῆσθαι
2767 4137 2966 4196 δοκῶν.
3016 4140 3113 4195 Καὶ
3164 4140 3264 4215 γὰρ
3296 4137 3363 4209 δὴ
3408 4140 3497 4194 καὶ
3528 4137 3761 4214 ἐθράσυ-

2107 4248 2191 4282 νεν
2225 4228 2389 4282 αὐτὸν
2420 4228 2509 4282 καὶ
2551 4227 2963 4305 τολμηρότερον
2995 4228 3155 4293 ἐτίθει
3187 4230 3324 4306 πρὸς
3356 4229 3419 4283 τὸ
3451 4227 3763 4304 ἐγχείρημα

2113 4321 2359 4391 μοναχοῦ
2406 4338 2551 4380 τινος
2606 4317 2801 4392 ἀρετῆς
2864 4315 3320 4391 ἀντιποιουμένου
3386 4315 3511 4391 ὄψις
3576 4337 3766 4371 νυκτε-

2112 4408 2258 4482 ρινή.
2320 4403 2527 4463 Ἐδόκει
2602 4407 2704 4482 γάρ
2783 4407 2941 4470 οὗτος
2993 4404 3125 4462 ἰδεῖν
3194 4404 3390 4483 ἄνδρας
3444 4406 3706 4483 πυρίνους
3745 4449 3762 4475 ,

2112 4494 2302 4559 οἵτινες
2354 4497 2441 4551 τὸν
2526 4493 2737 4570 Βάρδαν
2813 4491 3072 4559 λαϐόντες
3142 4495 3428 4571 ἀνάγουσιν
3505 4493 3583 4557 εἴς
3639 4516 3768 4549 τινα

355 4586 704 4661 ὑψηλοτάτην
765 4585 1072 4659 περιωπήν·
1136 4581 1375 4658 ἐντυχεῖν
1433 4580 1479 4636 δ’
1539 4582 1590 4637 ἐν
1619 4583 1754 4657 αὐτῇ
1786 4584 2000 4658 γυναικὶ
2044 4586 2389 4661 ἀνθρωπίνης
2441 4582 2616 4660 ὅψεως
2665 4586 3005 4664 στερροτέρᾳ,
3057 4587 3144 4643 καὶ
3186 4590 3284 4656 τήν
3331 4589 3567 4662 μάστιγα
3625 4589 3768 4660 (36),

352 4681 501 4752 αὖτῷ
527 4674 801 4734 ἐπιδοῦναι
839 4671 1150 4749 βασιλικήν.
1183 4672 1391 4744 Ταύτην
1423 4673 1523 4742 τήν
1560 4674 1796 4749 μάστιγα
1825 4675 1852 4729 ὁ
1888 4675 1981 4748 μὲν
2014 4673 2222 4752 Βάρδας
2254 4672 2532 4749 σύμϐολον
2566 4675 2848 4753 ἐλογίζετο
2883 4675 3183 4754 βασιλείας,
3223 4679 3289 4748 ἦν
3327 4675 3384 4733 δὶ
3414 4676 3518 4755 ἄρα
3544 4678 3579 4746 ἡ
3623 4673 3767 4751 πρὸς

351 4767 654 4843 Ῥωμαίους
686 4764 826 4839 ὀργὴ
858 4766 954 4817 τοῦ
986 4766 1138 4819 Θεοῦ.

431 4858 652 4915 Allatus
684 4859 876 4911 autem
909 4852 1088 4922 hujus
1117 4850 1199 4907 rei
1229 4851 1429 4923 Cpolin
1464 4852 1709 4907 nuntius
1741 4868 1869 4908 cum
1902 4854 2011 4908 im-
2043 4858 2087 4923 ι)

357 4955 654 5024 peratores
685 4944 741 4999 in
779 4958 1053 5014 magnam
1088 4940 1339 5011 cunjecit
1376 4940 1855 5011 sollicitudinem,
1883 4946 2009 5000 tum

356 5038 647 5113 optimum
691 5038 867 5106 atque
917 5032 1395 5087 cordatissimum
1446 5048 1742 5103 quemque
1790 5033 2005 5088 civium

2190 4855 2344 4928 Ἀρτι
2378 4852 2435 4910 δὲ
2463 4857 2561 4925 τῆς
2604 4857 2797 4933 φήμης
2841 4856 2932 4910 καὶ
2980 4857 3079 4926 τήν
3131 4853 3388 4934 βασιλίδα
3415 4851 3768 4912 καταλαϐού-

2120 4965 2220 5007 σης
2253 4987 2266 5011 ,
2327 4946 2379 5000 οἱ
2441 4944 2684 5021 βασιλεῖς
2755 4965 2814 5000 τε
2870 4944 2922 5001 ἐν
2990 4944 3192 5020 ἀγωνίᾳ
3246 4944 3564 5001 καθίσταντο
3596 4990 3612 5016 ,
3671 4946 3766 5000 καὶ

2119 5033 2321 5103 ἀθυμία
2377 5032 2607 5108 κατέσχε
2660 5035 2722 5089 τὸ
2778 5036 3033 5111 νουνεχὶς
3085 5040 3184 5090 τοῦ
3231 5033 3633 5110 πολιτεύματος
3673 5033 3769 5089 καὶ

1555 5158 1924 5214 XYLANDRI
1966 5160 2056 5215 ET
2098 5160 2314 5216 GOARI
2356 5162 2589 5217 NOT/‘E.

429 5271 537 5341 (36)
568 5268 683 5325 Ceu
715 5265 1028 5341 equisones
1073 5262 1320 5341 ﬂagellis
1352 5264 1736 5334 imperatores
1768 5265 2012 5341 instruit

358 5334 670 5416 Xylander,
704 5334 962 5416 Codinus
994 5334 1495 5416 duplicisceptro:
1524 5353 1699 5416 cruce
1733 5339 2013 5416 nimirum

361 5405 431 5471 et"
452 5405 666 5479 ferula,
710 5427 759 5465 c.
797 5411 883 5472 17,
914 5426 971 5463 n.
1273 5405 1365 5477 μὲν
1409 5405 1565 5482 δεξιᾷ,
1610 5408 1755 5481 χειρὶ
1794 5412 2011 5482 κατέχει

365 5487 458 5541 τὸν
526 5476 774 5555 σταυρὸν,
850 5482 917 5551 τῇ
997 5476 1053 5532 δὶ
1124 5476 1374 5555 ἀριστερᾷ
1449 5476 2011 5555 κατέχέιίνάρθηκα.

373 5535 642 5629 Utraque
662 5535 969 5629 sceptrum
1001 5554 1122 5629 est,
1143 5538 1200 5605 et
1230 5535 2014 5629 u_tloquit‘ur’ifexico-népo-

376 5570 630 5629 Utraque
663 5571 758 5611 sce
807 5570 969 5608 trum
1001 5570 1109 5614 eet,
1143 5570 1200 5605 et
1230 5570 1295 5607 Ut
1320 5570 1577 5622 lqulIUl‘
1600 5570 1843 5607 Lexmon
1873 5570 2010 5608 ano-

372 5645 616 5703 nymum
668 5570 809 5703 bibi).
847 5624 988 5703 Reg.
1021 5622 1453 5703 930;_cx_r".1t'cpov
1492 5620 1747 5703 βασιλικὴ
1789 5618 2010 5699 ῥάϐδος·

369 5694 616 5776 ὃῇωθοῑι
648 5698 887 5772 quidem
915 5694 1755 5769 Thessalonices'metropolita
1783 5694 2016 5754 crucem

2122 5267 2272 5340 ferre
2329 5266 2405 5340 εἷς
2461 5263 2656 5340 δεῖγμα
2722 5274 2823 5333 τῆς
2896 5263 3173 5340 εὐσεϐείας
3242 5270 3482 5339 asserit,
3540 5268 3629 5323 καὶ
3688 5264 3772 5322 ἔτι

2124 5332 2327 5416 ῥαϐδονλ
2376 5332 2663 5416 λαμϐάνει,
2716 5341 2918 5416 subdit
2964 5342 3082 5416 ille,
3123 5339 3183 5416 ού
3238 5332 3479 5416 βαρεῖάνί
3506 5361 3630 5416 τινα
3676 5341 3774 5394 καὶ

2124 5408 2568 5489 σκληρξινηάλγ
2621 5410 2859 5489 ἐλαφρὰν
2892 5412 3006 5489 ⁵καί
3054 5408 3329 5489 μαλακήν.
3385 5412 3589 5489 ᾼιάᾼτὸ
3638 5432 3775 5489 παι-

2126 5474 2449 5560 δευτ-ἷκὸνέν
2493 5474 2791 5560 λπραότηιέί
2818 5482 3017 5560 καὶιμὴ
3054 5474 3282 5560 ’ὀργίλον
3315 5484 3774 5560 καξέφοῃαρτικὸν,

2128 5551 2268 5632 μηδὲ
2297 5551 2583 5632 συντρῖϐον
2628 5551 2717 5611 καὶ
2768 5551 3046 5632 ἀφανίζον.
3096 5551 3336 5632 Estque;
3368 5551 3474 5614 illa
3507 5551 3773 5631 βασιλικὴ

2128 5626 2315 5698 μάστιξ
2350 5626 2545 5687 Βαίἀδε
2580 5646 2684 5703 per
2715 5626 2989 5687 somnum
3012 5626 3273 5687 ostensa.
3307 5630 3486 5688 Gom.
