4026 6210
283 276 410 341 (53

1443 282 1993 349 HISTORIARUM
2036 283 2579 351 COMPENDIUM.

3600 288 3717 351 184

282 408 560 485 ἀκέραιον,
616 408 821 484 μόνους
873 406 930 467 δὶ
976 408 1216 491 ηὔφρανε
1259 411 1389 476 τοὺς
1420 412 1537 468 ὅσοι
1568 417 1688 476 ταῖς
1718 410 1951 470 ἐναλλα-

2068 417 2227 490 gravi
2258 417 2450 475 affecit
2498 435 2741 477 mmrore
2775 436 2787 476 :
2821 419 2894 476 iis
2940 418 3082 476 solis
3128 418 3411 491 voluptati
3461 420 3570 476 fuit
3617 420 3720 494 qui

282 506 409 571 γαῖς
438 496 669 567 ἥδονται
702 504 811 554 τῶν
851 501 1182 576 πραγμάτων
1216 502 1303 556 καὶ
1338 502 1593 578 χαίρουσι
1650 508 1771 566 ταῖς
1821 502 1953 573 λεη-

281 587 519 649 λασῖαις.
580 588 734 665 Ταχό
784 610 844 644 τε
902 590 992 644 οὗν
1055 591 1354 665 γράμματα
1404 593 1541 668 πρὸς
1571 592 1666 647 τὸν
1728 614 1952 669 στρατο-

281 676 575 753 πεδάρχην
634 678 879 753 ἐγένοντο
939 680 1182 755 Πέτρον,
1244 680 1336 735 καὶ
1383 680 1525 756 ταχὺ
1582 684 1645 736 τὸ
1706 683 1951 757 ὑγιαῖνον

282 771 379 822 τοῦ
441 772 678 839 στρατοῦ
736 770 900 842 μέρος
956 769 1241 843 ἠθροίζετο
1302 769 1378 833 sic;
1430 772 1751 841 Καισάρειαν
1788 816 1800 831 .
1862 773 1950 829 Ἐν

284 856 396 929 ὅσῳ
428 855 488 911 δὶ
514 861 687 911 ταῦτα
717 854 1030 933 ἐπράττετο,
1083 859 1109 913 ὁ
1158 857 1460 933 σῦγκελλος
1512 862 1624 933 (37)
1684 858 1951 939 Στέφανος

282 946 370 999 καὶ
422 952 529 1013 τῆς
580 943 953 1019 Νικομηδείας
1004 945 1290 1022 πρόεδρος,
1342 948 1479 1023 ἀνὴρ
1512 947 1814 1025 ἐλλόγιμος
1861 952 1955 1005 καὶ

287 1035 372 1089 ἐπὶ
409 1036 580 1112 σοφία
626 1034 717 1089 καὶ
763 1035 932 1109 ἀρετῇ
976 1031 1270 1107 διαϐόητος
1329 1037 1420 1091 καὶ
1479 1039 1664 1093 πειθοῖ
1717 1038 1951 1111 μαλάξαι

283 1126 475 1186 ἱκανὸς
531 1126 765 1198 γνώμην
822 1123 1064 1200 σκληρὰν
1124 1126 1213 1180 καὶ
1245 1125 1551 1193 ἆτίΟασσον,
1584 1123 1820 1202 πρέσϐυς
1879 1128 1955 1189 εἷς

282 1212 371 1266 τὸν
428 1211 689 1287 Σκληρὸν
743 1212 1161 1288 ἀποστέλλεται,
1224 1212 1277 1268 εἷ’
1328 1219 1446 1278 πῶς
1505 1212 1713 1290 δυνηθῇ
1770 1222 1951 1271 πεῖσαι

280 1303 478 1356 τοῦτον
509 1301 804 1365 ἀποθξσθαι
836 1303 905 1357 τὰ
934 1301 1097 1360 ὅπλα.
1141 1302 1301 1359 Ἀλλ’
1332 1302 1487 1365 οὗτος
1518 1305 1653 1380 πρὸς
1703 1302 1757 1360 ἓν
1810 1304 1955 1381 ἔχων

282 1394 379 1460 τήν
435 1389 683 1445 διάνοιαν
731 1393 1058 1466 τεταμένην,
1114 1394 1213 1460 τήν
1262 1400 1362 1463 τῆς
1419 1394 1697 1469 βασιλείας
1751 1390 1950 1471 ὄρεξιν,

282 1480 518 1544 ἐλθόντα
575 1482 711 1557 πρὸς
756 1481 919 1537 αὐτὸν
967 1479 1277 1537 καὶπολλὰ
1308 1481 1528 1537 εἰπόντα
1559 1481 1817 1559 ἐπαγωγὰ
1862 1483 1953 1539 καὶ

282 1568 615 1645 θελκτήρια,
648 1569 825 1646 λόγων
864 1571 963 1643 μὶν
993 1570 1219 1626 πολλῶν
1254 1574 1354 1627 οὐκ
1384 1572 1635 1642 ἠξίωσεν,
1680 1573 1955 1636 ἀνατείνας

285 1656 342 1715 Si
371 1660 466 1713 τὸν
518 1657 691 1730 δεξιὸν
740 1656 883 1714 πόδα
931 1662 1018 1715 καὶ
1073 1660 1134 1715 τὸ
1184 1657 1524 1740 κοκκοϐαφὲς
1576 1659 1751 1733 δείξας
1803 1660 1954 1718 πέδι-

284 1748 408 1818 λον,
477 1774 507 1800 α
567 1746 888 1816 ’Λδόνατόν,
935 1747 979 1803 ὧ
1029 1747 1299 1825 ἄνθρωπε,
1332 1746 1458 1829 ἔφη,
1502 1751 1593 1806 τὸν
1623 1757 1785 1807 τοῦτο
1819 1754 1955 1824 ἅπαξ

176 1886 199 1908 ,
286 1833 730 1913 περιϐαλόμενον
782 1837 866 1893 ἐπ’
897 1835 1017 1913 ὄψει
1076 1838 1308 1894 πολλῶν
1371 1838 1575 1917 ῥᾳδίως
1633 1838 1955 1901 ἀποϐαλεῖν.

290 1932 371 1997 ίΡ.
432 1928 564 1997 687]
633 1926 846 2001 Φράσον
898 1928 1075 1983 τοίνυν
1147 1934 1264 1991 τοῖς
1338 1928 1724 1985 ἆποστείλασιν
1800 1932 1875 1993 ὡς
1921 1932 1956 2001 ἢ

289 2017 468 2072 ἔχοντί
529 2038 597 2090 με
643 2014 1028 2091 παραδέξονται
1082 2016 1331 2093 βασιλέα,
1380 2018 1415 2088 ἢ
1449 2020 1536 2073 καὶ
1573 2022 1646 2092 μὴ
1682 2019 1954 2095 βουλομέ-

288 2128 393 2161 νων
428 2107 767 2179 πειράσομαι
813 2100 1001 2162 λαϐεῖν
1062 2107 1161 2176 τὴν
1220 2106 1423 2183 ἀρχήν.
1478 2133 1507 2159 ››
1557 2114 1734 2164 Ταῦτα
1789 2109 1954 2165 εἷ’πὼν

284 2198 373 2250 καὶ
474 2196 819 2269 προθεσμίαν
916 2196 1130 2271 ἠμᾶρας
1221 2199 1621 2271 τεσσαράκοντα
1707 2196 1957 2261 δεδωκὼς

286 2283 733 2349 ἀπαλλάττεσθαι
802 2283 1052 2341 κελεύει.
1132 2284 1643 2360 Ἐπαναδραμόντος
1722 2285 1779 2343 δὲ
1858 2293 1956 2343 τοῦ

288 2373 605 2449 συγκὲλλου
685 2376 771 2428 καὶ
850 2396 952 2442 την
1025 2375 1311 2449 ἀπόκρισιν
1371 2377 1803 2450 ἀποκομίσαντος
1859 2382 1957 2432 τοῦ

293 2463 558 2539 Σκληροῦ
586 2468 706 2526 τοῖς
741 2462 1019 2537 βασιλεῦσι
1068 2464 1156 2517 καί
1212 2468 1292 2537 τῷ
1346 2466 1444 2534 τὴν
1509 2466 1790 2541 βασιλείαν
1848 2465 1959 2531 ἰθύ-

291 2574 438 2606 νοντι
497 2550 796 2625 Βασιλείῳ,
856 2554 1157 2627 γράμματα
1194 2552 1426 2628 ἐφοίτων
1458 2555 1595 2629 πρὸς
1654 2556 1743 2609 τὸν
1802 2576 1957 2632 στρα-

292 2639 654 2716 τοπεδάρχην
714 2641 985 2720 ὶμφυΛίου
1042 2643 1135 2714 μὲν
1191 2644 1267 2715 μὴ
1319 2644 1608 2719 κατάρχειν
1669 2644 1953 2717 πολέμου,

289 2730 383 2793 τας
436 2726 498 2784 δὲ
556 2727 835 2805 παρόδους
880 2735 1066 2803 τηρεῖν
1125 2730 1403 2807 ἀσφαλῶς,
1464 2732 1553 2787 καὶ
1584 2734 1645 2801 ἦν
1701 2753 1783 2795 τις
1837 2732 1959 2807 ἐπίῃ

291 2818 659 2889 πολεμήσων,
713 2819 1031 2890 ἀμύνεσθαι.
1084 2819 1146 2876 Ὀ
1205 2817 1262 2874 δὶ
1316 2818 1569 2897 Σκληρὸς
1602 2822 1776 2875 ἀπιὼν
1822 2822 1957 2897 πρὸς

296 2907 623 2983 Καισάρειαν
710 2905 1062 2983 προδρόμους
1150 2908 1435 2964 ἀπέστειλε
1492 2910 1583 2965 καὶ
1662 2909 1955 2981 κατόπτας,

296 2996 375 3070 ἐφ’
436 2998 487 3068 ᾧ
543 3002 907 3051 κατασκοπεῖν
942 3040 956 3066 ,
1005 2995 1095 3051 καὶ
1155 2995 1369 3073 ὅπηπέρ
1429 2998 1560 3053 εἰσιν
1623 3000 1674 3053 c't
1726 2998 1959 3053 ἐναντίοι

298 3085 556 3158 μηνῦειν,
610 3086 701 3139 καὶ
734 3083 1137 3160 προομαλίζειν
1172 3085 1320 3159 αὐτῷ
1350 3087 1446 3156 τὴν
1495 3084 1645 3143 ὁδόν.
1692 3087 1959 3163 Ἔξαρχος

2065 508 2495 564 mutationibus
2520 525 2714 565 rerum
2745 511 3003 583 gaudent
3024 513 3080 565 et
3100 512 3265 580 rapto
3286 508 3474 565 vivere
3496 516 3717 567 amant.

2066 595 2227 653 Illico
2280 599 2351 653 ad
2404 599 2635 655 Petrum
2694 600 3055 655 exercituum
3114 598 3450 670 przel‘ectum
3509 599 3718 656 litteras

2066 686 2413 755 mittuntur;
2458 694 2515 743 et
2563 690 2873 755 exercitus,
2917 688 3203 760 quidquid
3255 687 3446 741 adhuc
3495 688 3555 742 in
3605 689 3718 743 ﬁde

2064 777 2825 846 permanserat,Czrsaream
2850 778 3096 851 cogitur.
3126 776 3359 832 Interim
3386 775 3719 848 Stephanus

2064 862 2381 933 syncellus,
2416 865 2765 921 Nicomedia:
2816 865 3048 937 prmsul,
3083 865 3171 920 vir
3208 864 3494 937 sapientia
3541 869 3719 937 atque

2062 951 2275 1006 virtute
2309 958 2614 1024 pra-stans,
2634 960 2689 1009 et
2708 955 2903 1010 verbis
2925 955 3187 1010 emollire
3210 955 3472 1010 animum
3503 954 3717 1009 durum

2064 1044 2240 1112 atque
2271 1041 2626 1098 indomitum
2679 1061 2918 1114 gnarus,
2954 1045 3025 1099 ad
3058 1045 3305 1099 Bardam
3342 1043 3593 1115 legatur,
3626 1060 3719 1099 co-

2064 1135 2313 1185 naturus
2338 1131 2385 1185 ei
2418 1133 2769 1202 persuadere
2794 1138 2856 1187 ut
2877 1134 2947 1186 ab
2968 1134 3147 1188 armis
3168 1134 3451 1188 discedat.
3471 1136 3543 1188 At
3562 1133 3719 1188 enim

2063 1218 2257 1273 Durus
2286 1208 2468 1274 unica:
2504 1220 2732 1292 imperii
2759 1222 3067 1293 cupiditati
3093 1222 3359 1277 animum
3384 1222 3720 1288 intendens,

2063 1325 2198 1363 eum
2232 1310 2303 1363 ad
2338 1328 2399 1365 se
2433 1312 2755 1381 profectum
2789 1317 2845 1366 et
2888 1311 3074 1366 multa
3122 1312 3191 1365 ad
3243 1312 3717 1382 persuadendum

2063 1399 2210 1453 421
2250 1398 2461 1454 idonea
2494 1399 2749 1454 locutum
2778 1400 2949 1472 longo
2974 1416 3257 1471 responso
3280 1416 3393 1453 non
3418 1400 3719 1471 dignatus,

2064 1485 2331 1542 dextrum
2366 1488 2569 1560 pedem
2607 1490 2907 1561 proferens
2958 1494 3016 1544 et
3068 1489 3368 1545 coccinum
3403 1490 3719 1545 ostendens

2064 1575 2320 1632 calceum
2359 1594 2422 1633 ια
2457 1578 2605 1633 Fieri
2657 1596 2771 1633 non
2826 1583 3035 1650 potest,
3068 1578 3277 1649 inquit,
3310 1577 3623 1649 Stephano,
3657 1580 3722 1631 ut

2064 1665 2222 1722 hunc
2245 1666 2425 1721 semel
2450 1667 2507 1721 in
2528 1672 2841 1740 conspectu
2870 1667 3263 1724 multitudinis
3288 1667 3529 1723 indutus
3554 1666 3721 1722 facile

2064 1761 2256 1811 exuat.
2283 1755 2561 1826 Signiﬁca
2583 1773 2718 1828 ergo
2746 1757 2837 1813 his
2870 1758 2969 1828 qui
2992 1762 3047 1812 te
3079 1758 3389 1822 miserunt,
3404 1754 3491 1810 vel
3515 1758 3725 1827 sponte

2068 1861 2162 1901 me
2193 1846 2606 1917 imperatorem
2641 1851 2981 1919 agnoscant,
3006 1844 3089 1902 vel
3123 1846 3324 1901 invitis
3363 1845 3507 1917 ipsis
3538 1845 3723 1916 impe-

2066 1935 2221 1990 rium
2257 1952 2348 1991 me
2385 1935 2529 1991 mihi
2555 1936 2846 1991 vindicare
2871 1941 3247 1991 conaturum.
3274 1958 3301 1985 ››
3326 1939 3442 1991 Hoc
3467 1934 3643 2001 fatus,
3668 1937 3725 1989 et

2069 2025 2462 2097 quadraginta
2507 2026 2735 2080 dierum
2783 2025 3103 2080 terminum
3153 2024 3557 2096 praescribens,
3590 2038 3725 2079 eum

2067 2113 2228 2170 abire
2259 2114 2449 2185 jubet.
2484 2114 2734 2169 Reverso
2768 2113 3045 2187 syncello,
3069 2117 3126 2169 ct
3175 2112 3629 2185 imperatoribus
3659 2128 3725 2168 ac

2068 2202 2167 2273 qui
2195 2203 2506 2273 imperium
2540 2202 2993 2258 administrabat
3020 2202 3253 2274 pPlBSldl
3280 2202 3491 2257 Basilio
3523 2202 3722 2256 Bardea

2067 2308 2415 2363 responsum
2463 2292 2655 2360 ellato,
2694 2291 2905 2347 litteris
2956 2292 3156 2346 missis
3188 2294 3356 2347 Petro
3408 2291 3726 2345 mandatur

2066 2398 2138 2436 ne
2169 2380 2301 2436 belli
2327 2379 2512 2435 civilis
2535 2380 2771 2435 initium
2802 2381 2925 2451 ipse
2956 2380 3229 2451 praebeat,
3259 2379 3358 2434 sed
3394 2380 3604 2433 itinera
3633 2378 3723 2432 di-

2068 2469 2317 2540 ligenter
2358 2470 2653 2523 custodiat
2684 2474 2739 2523 et
2767 2469 2883 2522 vim
2928 2468 3202 2524 inferenti
3232 2468 3283 2522 vi
3320 2468 3577 2523 resistat.
3608 2466 3725 2521 Du-

2068 2575 2168 2612 rus
2183 2558 2499 2613 Caesaream
2520 2558 2765 2613 tendens
2784 2556 3152 2629 speculatum
3172 2556 3456 2628 quosdam
3478 2554 3726 2627 praemit-

2066 2645 2157 2709 tit,
2178 2646 2274 2717 qui
2301 2646 2409 2701 sibi
2437 2662 2549 2717 quo
2574 2645 2698 2702 loco
2719 2652 2956 2717 agerent
2979 2648 3177 2701 hostes
3200 2645 3527 2700 indicarent
3548 2644 3729 2699 viam-

2068 2751 2180 2807 que
2204 2738 2518 2806 aperirent.
2547 2736 2670 2790 I)ux
2694 2750 2892 2790 eorum
2918 2734 3139 2790 Anthes
3165 2733 3386 2806 Alyata.
3411 2732 3480 2788 Hi
3511 2732 3567 2787 in
3602 2732 3728 2803 qui-

2067 2824 2317 2879 busdam
2341 2824 2635 2895 angustiis
2662 2823 3056 2895 (Buculithus,
3082 2823 3139 2878 id
3173 2830 3261 2878 est
3290 2822 3461 2878 Bucci
3493 2837 3725 2886 saxum,

2067 2914 2116 2968 ei
2143 2913 2266 2968 loco
2292 2914 2526 2984 nomen)
2548 2913 2818 2968 incidunt
2844 2913 2898 2967 in
2926 2919 3150 2984 partem
3176 2910 3535 2984 imperatorii
3562 2925 3725 2964 excr-

2067 3002 2240 3069 citus,
2256 3018 2432 3073 quam
2456 3003 2706 3057 ducebat
2727 3002 3071 3057 Eustathius
3100 3001 3383 3071 magister
3405 2997 3725 3067 Maleinus;

2066 3088 2296 3161 levique
2314 3090 2510 3161 praelio
2528 3092 3006 3159 commisso,cum
3032 3089 3375 3161 aliquandiu
3398 3092 3725 3161 pugnatum

293 3172 348 3229 δὶ
376 3179 491 3229 τῶν
545 3175 900 3249 πεμφθέντων
951 3176 1277 3251 προκέκριτο
1323 3177 1528 3246 ’Άνθης
1577 3178 1604 3231 ὁ
1664 3174 1958 3247 Ἀλοάτης.

2072 3185 2227 3235 esset
2258 3195 2323 3233 ac
2357 3180 2545 3233 neutri
2589 3184 2754 3251 terga
2795 3180 3020 3246 darent,
3048 3178 3255 3253 Alyata
3305 3179 3511 3233 ardore
3545 3176 3729 3232 animi

297 3262 518 3324 O'invec
571 3266 1002 3332 καταντήσαντες
1059 3260 1111 3318 ἔν
1167 3286 1273 3319 τινι
1334 3264 1669 3341 στενοχωρίᾳ
1724 3265 1959 3338 (Βοόκου

297 3353 455 3408 λίϐον
541 3353 635 3407 τὸν
712 3352 882 3408 τόπον
966 3354 1421 3427 κατονομάζουσι)

310 3440 611 3516 βασιλικῆς
689 3446 941 3514 στρατιᾶς
1014 3441 1328 3517 ἐντυχόντες
1400 3440 1647 3518 ἄρχοντα
1725 3442 1960 3519 ἐχούσης

304 3530 603 3595 Εὖστάθιον
692 3532 986 3607 μάγιστρον
1048 3531 1139 3586 τὸν
1213 3531 1508 3602 Μαλεῖνον,
1587 3533 1958 3605 ἀπεπειρῶντο

298 3623 391 3672 τοῦ
470 3623 888 3692 συναντήματος
956 3619 1046 3674 καὶ
1132 3614 1574 3693 ἀκροϐολισμοὺς
1653 3621 1957 3680 ἐποιοῦντο.

293 3708 414 3764 Ἐπί
446 3730 573 3762 τινα
600 3705 679 3783 ,δὲ
721 3708 909 3781 καιρὸν
957 3702 1467 3784 ἀκροϐολιζομένων
1528 3707 1803 3781 ἀλλήλοις
1848 3716 1957 3766 τῶν

296 3804 745 3874 στρατευμάτων,
795 3799 882 3853 καὶ
939 3796 1168 3872 μηδενὸς
1197 3803 1340 3853 νῶτα
1370 3796 1635 3865 διδόντος,
1669 3800 1697 3854 ὁ
1756 3798 1960 3857 Ἀλυά-

1498 3353 1586 3409 καὶ
1656 3354 1806 3429 μέρει
1862 3362 1960 3425 τῆς

2069 3269 2257 3322 victus
2290 3285 2355 3323 ac
2377 3284 2437 3322 se
2472 3269 2664 3339 ipsum
2696 3285 2807 3323 non
2834 3267 3163 3333 continens,
3188 3283 3338 3337 equo
3372 3267 3611 3321 incitato
3638 3264 3728 3318 in-

2070 3358 2435 3413 considerate
2470 3360 2526 3413 in
2562 3359 2835 3413 adversos
2869 3357 3059 3424 irruit,
3097 3355 3375 3427 nullaque
3407 3372 3466 3411 re
3504 3370 3729 3409 memo-

2070 3447 2237 3503 rabili
2297 3450 2461 3518 gesta
2516 3446 2815 3515 dejicitur.
2849 3447 3002 3502 422
3053 3447 3208 3510 Quos
3267 3445 3531 3507 duxerat,
3565 3442 3605 3496 ii
3666 3442 3724 3495 in

2068 3538 2291 3592 vicinos
2322 3538 2512 3592 saltus
2539 3536 2979 3607 disperguntur.
3008 3536 3171 3589 Tunc
3193 3534 3364 3587 etiam
3400 3532 3724 3587 indicatum

2070 3626 2180 3681 fuit
2203 3626 2357 3681 Duro
2379 3624 2704 3680 sodalitatis
2729 3624 3059 3695 praefectum
3084 3622 3363 3677 statuisse
3382 3620 3453 3677 ad
3482 3620 3727 3691 impera-

2069 3715 2252 3771 torios
2275 3715 2640 3786 transfugere
2662 3712 2971 3768 exercitus.
2996 3715 3173 3778 Quem
3205 3712 3252 3766 is
3275 3712 3344 3765 ad
3370 3725 3431 3764 se
3453 3715 3724 3764 vocatum

2070 3812 2123 3859 et
2154 3804 2560 3875 obiurgatum,
2594 3802 2853 3874 nihilque
2883 3806 3159 3874 praeterea
3196 3799 3254 3855 in
3289 3816 3422 3855 eum
3457 3801 3727 3855 statuens

1501 3907 1867 3965 XYLANDRI
1907 3911 2000 3967 ET
2040 3910 2257 3967 GOARI
2300 3909 2533 3968 NOT/E.

365 3996 478 4063 (37)
509 3995 873 4068 Syncellum,
896 3995 1280 4069 sacerdotem,
1306 3995 1549 4069 spiritus
1570 4003 1829 4069 patrem,
1864 4015 1961 4069 pa-

299 4070 568 4123 triarcha:
612 4069 837 4122 socium
872 4086 939 4124 ac
969 4068 1465 4141 contubernalem,
1492 4068 1701 4139 primis
1731 4068 1957 4141 tempo-

301 4141 459 4195 ribus
496 4141 685 4195 fuisse
708 4146 843 4193 nota
864 4156 922 4211 p.
949 4142 973 4194 1
1001 4140 1417 4195 manifestavit.
1440 4140 1724 4195 Eumdem
1750 4140 1961 4196 deinde

302 4228 594 4268 annorum
631 4228 909 4283 processu
943 4227 1056 4265 non
1088 4211 1245 4266 cellas
1286 4213 1459 4267 modo
1491 4217 1548 4266 et
1580 4212 1961 4268 habitationis

298 4290 663 4353 consortem,
716 4284 817 4338 sed
859 4288 915 4338 et
964 4284 1304 4355 patriarchae
1355 4284 1961 4355 succcssoremdcsi-

297 4362 545 4427 gnatum
580 4354 1192 4428 praedicantekempla
1240 4354 1498 4426 plurium
1530 4373 1564 4409 a
1593 4354 1834 4427 syncelli
1866 4357 1961 4411 di-

295 4426 519 4499 gnitate
552 4426 625 4482 ad
663 4426 1133 4499 patriarcharum
1185 4428 1384 4483 sedem
1428 4426 1785 4494 evectorum;
1837 4429 1962 4497 ipse

298 4498 501 4555 auctor
535 4498 869 4570 perspicuis
916 4498 1107 4571 verbis
1154 4502 1404 4554 testatur
1452 4498 1694 4554 inferius
1743 4516 1800 4571 p.
1832 4501 1959 4556 775.

293 4571 417 4626 Jam
453 4587 596 4627 cum
646 4571 739 4625 hic
777 4570 1105 4639 Stephanus
1137 4586 1240 4624 nec
1272 4571 1466 4625 throni
1503 4570 1813 4625 successOr
1842 4572 1965 4628 fue-

301 4642 391 4713 rit,
422 4659 534 4697 nec
576 4649 738 4696 esset
788 4642 1131 4713 patriarchas
1174 4642 1605 4703 concellaneus.
1641 4648 1705 4696 ut
1728 4643 1830 4712 qui
1862 4644 1962 4698 Ni-

301 4715 581 4769 comediae
616 4730 721 4768 ceu
754 4712 965 4785 praesul
1008 4729 1109 4783 pro
1149 4713 1318 4768 solito
1352 4714 1650 4779 resideret,
1685 4714 1784 4785 qui
1817 4731 1957 4785 syn-

301 4785 427 4841 celli
454 4801 678 4857 nomen
706 4792 755 4857 et
782 4785 1126 4857 dignitatem
1152 4785 1616 4857 geritiﬂonores
1646 4784 1960 4841 immodice

296 4873 532 4927 semper
556 4855 899 4940 ambierant
919 4856 1119 4940 (irasci,
1145 4855 1249 4940 nec
1271 4855 1445 4911 officii
1476 4856 1812 4940 cu‘j‘uSpiam‘
1837 4859 1962 4913 fun-

298 4936 507 5013 gentes
541 4927 1666 5013 ministerio,‘dignitatis‘nomendribui
1702 4929 1813 4985 sibi
1848 4947 1960 5013 non

296 5000 707 5072 infrequenter
734 5001 1086 5072 cupiebant;
1122 5000 1274 5055 unde
1321 5000 1745 5068 magistrorum
1806 5003 1961 5072 apud

302 5090 419 5140 eos,
471 5074 853 5128 decrescente
912 5072 1179 5143 imperio,
1240 5072 1477 5142 integrae
1528 5072 1819 5138 cohortes,
1861 5074 1962 5144 qui

301 5145 529 5214 vigente
560 5145 620 5199 in
654 5149 741 5216 tot
768 5144 1135 5216 negotiorum
1159 5144 1526 5216 turbisgunus
1552 5148 1779 5216 erat,_et
1807 5146 1959 5216 apud

304 5211 587 5291 tiodinum
644 5211 871 5291 pluries
910 5214 1156 5291 repetita
1184 5230 1289 5291 vpx
1316 5214 1380 5268 τὸ
1411 5211 1467 5268 δέ
1496 5234 1557 5287 γε
1578 5211 1966 5291 desinere-ix

307 5284 620 5361 ἐνεργεῖται.
646 5284 794 5343 Cum
838 5284 1032 5361 itaque
1060 5285 1180 5341 vita
1210 5286 1421 5342 functo.
1441 5284 1774 5361 patriarcha
1806 5288 1963 5345 sedis

310 5358 744 5431 successionem
804 5358 1002 5430 plures
1056 5362 1413 5431 expeterent,
1448 5358 1669 5431 iplures
1730 5376 1963 5431 quoque

312 5430 549 5502 syncelli
598 5430 773 5486 titulo
807 5429 972 5501 spem
1022 5429 1173 5485 alere
1221 5429 1559 5487 nitebantur
1605 5435 1706 5487 aut
1748 5429 1961 5487 saltem

311 5501 549 5558 honoris
578 5519 791 5557 vanam
826 5502 1184 5573 cupidinem.
1218 5502 1366 5558 Hinc
1398 5503 1792 5573 syncellorum
1826 5521 1961 5559 exa-

315 5575 487 5642 mina,
522 5590 589 5629 ac
634 5574 875 5629 remotis
902 5572 939 5647 7a
972 5572 1313 5647 patriarcha:
1338 5572 1538 5647 _do’mo
1590 5572 1960 5647 praesulibus,

320 5647 412 5714 qui
468 5662 769 5716 nusquam
817 5645 972 5701 sedis
1022 5645 1278 5701 haeredes
1329 5645 1962 5713 fuerunt,vconressum

322 5717 557 5787 syncelli
610 5733 875 5774 nomen:
918 5716 1019 5791 qui
1068 5732 1202 5772 cum
1260 5716 1331 5774 ab
1387 5718 1647 5791 impositi
1706 5718 1963 5775 nominis

2070 4000 2326 4061 exordio,
2361 3997 2419 4052 in
2472 3997 2719 4068 publicis
2769 3996 3035 4052 Ecclesiae
3066 3996 3476 4068 conventibus,
3505 3993 3724 4050 multos

2072 4088 2259 4125 annos
2291 4067 2635 4140 patriarcha:
2685 4069 2906 4140 precari
2955 4068 3185 4135 soleret,
3218 4085 3283 4123 ac
3317 4067 3373 4122 in
3405 4067 3722 4123 missarum

2072 4142 2542 4197 solemnitatibus
2582 4159 2647 4195 ea
2677 4142 2853 4195 verba
2903 4140 3084 4195 sacris
3115 4157 3183 4195 ex
3215 4141 3406 4210 adytis
3458 4156 3718 4210 pronun-

2072 4214 2238 4281 tiare,
2273 4214 2491 4284 quibus
2520 4214 2591 4269 ad
2625 4214 2911 4267 orandum
2960 4229 3061 4282 pro
3103 4212 3437 4283 patriarcha
3468 4210 3721 4284 populus

2073 4282 2496 4352 commonetur,
2524 4286 2570 4340 is
2603 4284 2732 4340 ideo
2762 4289 2818 4340 et
2840 4282 3117 4339 sacerdos
3134 4300 3263 4339 esse
3293 4288 3348 4337 et
3380 4282 3723 4353 patriarcha:

2072 4356 2475 4414 concelebrare
2534 4357 2861 4421 tenebatur,
2913 4372 2976 4410 ac
3028 4355 3151 4427 ipse
3202 4351 3722 4427 ἱάεωπρωτοσύγ-

2071 4426 2269 4488 κελλος
2300 4428 2447 4508 erait
2478 4427 2535 4481 in
2568 4428 2775 4508 Magna
2806 4426 3211 4508 Ecclesia,_qui.
3232 4426 3579 4508 hujusnipdi
3601 4442 3726 4479 mu-

2077 4518 2209 4564 nus,
2234 4499 2391 4554 velut
2420 4500 2832 4571 isyncellorum
2884 4498 3353 4571 spectatissimus
3382 4498 3607 4571 _obiret,
3659 4512 3724 4551 ac

2073 4568 2492 4645 ﬂgtptap'xtxbc:
2526 4568 2825 4644 σύγκεΛλος
2871 4568 3165 4639 audiebat,
3206 4568 3429 4645 relicth
3478 4569 3535 4622 in
3585 4583 3720 4645 syn-

2072 4641 2349 4701 cellorum
2382 4643 2575 4709 turba,
2606 4641 2738 4696 cum
2776 4659 2985 4697 nomen
3018 4657 3333 4696 commune
3364 4641 3581 4695 factum
3613 4644 3721 4705 est,

2071 4716 2316 4777 ceteris,
2339 4716 2440 4786 qui
2490 4716 2733 4786 privatis
2764 4713 2821 4769 in
2852 4714 3112 4786 ecclesiis
3162 4713 3219 4768 id
3241 4715 3726 4786 exsequerentur

2073 4784 2542 4843 muneriszddo
2587 4791 2643 4841 et
2684 4784 3021 4858 spirituales
3053 4804 3085 4841 a
3115 4784 3597 4858 confessionibus
3620 4800 3725 4858 pa-

2071 4864 2188 4916 tres
2222 4860 2635 4929 imperatorem
2669 4854 2885 4927 ubique
2915 4858 3285 4929 comitantes,
3319 4873 3384 4911 ac
3416 4858 3473 4910 in
3510 4854 3723 4929 palatio
3806 4914 3809 4919 ν

2073 4932 2269 5001 (cujus
2302 4927 2578 4985 intimum
2611 4936 2667 4985 et
2697 4930 2979 4985 secretius
3018 4928 3353 4984 cubiculum
3394 4927 3726 5001 vocabatur

2072 5000 2289 5058 κελλίον
2325 5019 2390 5056 ex
2422 5003 2662 5072 Codino)
2695 5006 3150 5069 eommorantes,
3184 5006 3250 5055 ut
3294 5000 3402 5071 ipsi
3449 5000 3720 5072 cancella-

2072 5092 2220 5133 neos.
2255 5071 2650 5145 syncellorum'
2698 5073 3087 5143 appellatione
3125 5076 3383 5145 orna‘os.
3416 5071 3609 5127 Testis
3637 5074 3726 5145 est

2078 5142 2361 5200 Pbranz'es
2387 5145 2629 5199 Joannis
2669 5147 2739 5200 ad
2774 5142 3085 5201 concilium
3120 5144 3516 5200 Florentinum
3546 5142 3721 5214 profi-

2073 5218 2349 5273 ciscentis
2378 5216 2715 5272 describens
2748 5217 3111 5272 comitatum.
3136 5217 3385 5272 Aderant
3411 5218 3485 5279 ei,
3508 5214 3723 5286 inquit,

2072 5290 2376 5345 sacerdotes
2411 5290 2502 5344 sui
2530 5293 2585 5358 (a
2624 5288 3031 5361 patriarchicis
3062 5288 3297 5356 diversi)
3330 5290 3380 5343 et
3409 5286 3727 5361 spiritantia

2070 5370 2227 5432 pater
2256 5362 2571 5429 Gregorius,
2598 5359 2832 5429 magnus
2859 5362 3311 5432 protosynceltus.
3334 5363 3581 5428 Magnus
3607 5359 3724 5432 hic,

2074 5430 2138 5489 ut
2167 5450 2200 5489 a
2234 5432 2578 5504 patriarchas
2625 5430 3057 5503 protosyncello
3094 5433 3209 5489 alio
3250 5432 3587 5487 distinctus.
3621 5430 3723 5504 His

2074 5498 2500 5560 adde-interius
2530 5498 2776 5575 legenda
2895 5506 3021 5567 723,
3054 5522 3126 5559 ne
3160 5504 3453 5575 plerisque
3483 5498 3722 5575 syncelli

2071 5595 2177 5631 vox
2210 5578 2410 5648 ignota
2440 5573 2685 5633 dubium
2716 5573 2945 5649 ingerat
2967 5593 3033 5632 ex
3054 5573 3226 5633 dictis
3258 5592 3372 5631 non
3404 5573 3719 5629 evolutum.

2073 5650 2252 5707 GOAR.
