4014 6194
262 186 379 269 155

260 426 446 483 nariis
470 443 529 483 re
546 427 774 483 detecta
806 444 939 483 eum
966 428 1283 484 interfecit:
1302 444 1435 483 nam
1457 427 1622 482 illum
1645 426 1703 481 hi
1725 431 1909 482 trans-

261 520 498 571 euntem
534 515 723 571 medio
755 517 847 571 die
873 517 1209 571 circumfusi
1235 517 1444 590 gladiis
1475 516 1872 571 conciderunt.

1602 202 1922 268 GEORGII
1967 201 2309 265 CEDRENI

260 336 507 394 dimisit.
531 336 767 395 Occulte
804 341 1002 395 tamen
1029 338 1334 396 Saracenis
1371 337 1659 395 militibus
1691 352 1907 393 merce-
1939 335 1993 403 Α
2020 353 2121 404 της

3543 206 3669 269 156

2200 333 2274 407 μὴ
2350 332 2628 408 περισχὼν
2714 331 2924 402 ἑαυτὸν,
2996 330 3331 407 περικαρδίῳ
3408 331 3466 391 δὶ
3522 337 3662 406 ζίσει

2022 422 2274 500 ληφθεὶς,
2336 422 2618 495 μυωπίσας
2668 422 2759 477 τὸν
2804 420 2973 478 ’ίππον
3033 422 3125 477 σὺν
3188 421 3461 499 ἀλογίστῳ
3520 425 3667 501 ῥύμῃ

2021 517 2137 574 τοῖς
2193 510 2458 573 ἐναντίοις
2511 513 2910 587 προσρήγνυται
2950 554 2962 567 .
3030 508 3209 581 Μηδὶν
3270 508 3327 565 δὲ
3384 512 3414 566 6'
3466 534 3516 568 τι
3574 513 3668 568 καὶ

267 601 441 678 λόγου
474 601 904 678 διαπραξάμενος
942 602 1112 675 ἄξιον,
1147 606 1332 659 πίπτει
1362 604 1577 679 καιρίαν
1607 603 1812 670 τυπεὶς,
1844 601 1934 657 καὶ
1963 600 2024 656 τὸ
2056 600 2189 679 ἀμφ’
2219 599 2376 655 αὐτὸν
2411 601 2546 654 ἅπαν
2582 600 2657 662 εἷς
2685 602 2777 662 τὰς
2808 595 3029 675 ἔγγιστα
3074 600 3244 663 νάπας
3300 601 3389 655 καὶ
3448 600 3670 678 λόχμας

267 689 635 761 διεσκεδάσθη.
674 693 972 765 Διεμηνύθη
1007 692 1063 748 δὲ
1091 694 1212 748 τότε
1244 696 1327 747 καὶ
1366 696 1392 748 6
1424 699 1519 748 τοῦ
1552 691 1731 766 Βάρδα
1762 694 2144 767 έταιρειᾶρχης
2174 693 2246 752 ὡς
2280 689 2500 763 μέλλων
2524 690 2853 764 αὐτομολεῖν
2884 696 2963 763 τῷ
2992 695 3087 745 τοῦ
3132 690 3397 766 βασιλέως
3428 697 3664 767 στρατῷ⁹

264 783 321 835 ὅν
350 780 830 855 παραστησάμενος
862 785 888 837 6
923 782 1171 859 Σκληρὸς
1202 783 1288 838 καὶ
1321 781 1752 856 προσονειδίσας,
1784 781 1873 835 καὶ
1909 777 2077 855 μηδὲν
2103 780 2269 835 πλέον
2304 783 2545 857 φανερῶς
2579 778 2654 841 εἷς
2698 778 2855 834 αὐτὸν
2890 776 3185 853 δεδρακὼς,
3210 780 3461 850 ἀπέλυσε,
3494 778 3672 854 λάθρα

267 867 323 925 δὲ
350 878 467 933 τοῖς
501 872 853 949 μισθοφόροις
886 879 1223 947 Σαρακηνοῖς
1258 875 1369 945 (38)
1406 872 1645 945 μηνύσας
1682 869 1911 925 ἀνεῖλεν’
1947 869 2094 925 οὗτοι
2126 870 2229 945 γάρ
2263 866 2465 923 διιόντα
2494 870 2585 924 τὸν
2614 868 2781 944 ἄνδρα
2812 868 3081 943 μεσούσης
3109 870 3316 944 ἡμέρας
3344 870 3669 944 περιχυθένο

260 981 347 1021 τες
373 966 492 1022 ταῖς
530 960 826 1035 μαχαίραις
857 961 1178 1035 κατέκοψαν.

328 1054 607 1108 Caeterum
668 1054 938 1108 ductores
1006 1054 1365 1126 imperatorii
1425 1055 1713 1109 exercitus
1772 1068 1905 1106 cum

246 1142 495 1212 jamjam
530 1143 915 1196 adventorum
952 1143 1198 1197 Bardam
1250 1148 1544 1215 putarent,
1576 1147 1910 1215 opportuna

253 1229 530 1284 itinerum
574 1218 885 1301 occupant,
919 1232 1379 1304 universumque
1409 1230 1727 1288 exercitum
1781 1248 1906 1285 mo-

252 1324 449 1374 ventes
481 1324 674 1372 castra
704 1321 753 1373 ei
800 1326 1123 1392 opponunt,
1158 1322 1578 1393 praeoccupatis
1610 1322 1826 1393 quibus
1856 1319 1907 1374 ei

254 1407 604 1463 veniendum
635 1413 759 1463 erat
783 1410 1114 1465 itineribus.
1141 1413 1262 1478 Quo
1288 1411 1538 1483 cognito,
1564 1411 1756 1465 Durus
1783 1425 1908 1479 pro-

252 1496 417 1568 gredi
450 1513 561 1551 non
597 1514 801 1562 ausus,
826 1500 1154 1553 cunctando
1197 1504 1433 1569 tempus
1466 1508 1654 1554 terens
1686 1498 1906 1552 exitum

251 1584 330 1639 rei
364 1584 835 1657 prmstolabatur.
867 1588 952 1642 Ad
997 1603 1128 1643 eum
1173 1589 1486 1660 transfugit
1516 1589 1632 1643 dux
1663 1587 1905 1659 quidam

249 1674 563 1730 Sachacius
596 1676 853 1745 nomine,
886 1677 1268 1733 Brachamius
1302 1682 1667 1749 cogomento.
1694 1680 1747 1732 Is
1770 1692 1903 1732 eum
1936 1697 1983 1763 Β

251 1762 463 1819 excitat
501 1769 558 1818 et
608 1763 950 1821 alacriorem
983 1767 1197 1832 reddit,
1230 1767 1498 1822 hortatus
1548 1784 1621 1821 ne
1670 1772 1902 1838 tempus

251 1852 412 1907 nullo
456 1852 644 1908 fructu
694 1854 970 1925 traheret,
1005 1857 1158 1926 quod
1190 1873 1258 1911 ea
1290 1873 1453 1912 mora
1501 1856 1592 1910 sui
1642 1859 1902 1911 contem-

253 1945 421 2013 ptum
472 1942 756 2013 gigneret.
800 1944 940 2015 Ejus
987 1944 1301 2000 consilium
1358 1944 1549 2000 visum
1602 1944 1904 2015 tempesti-

251 2046 412 2097 vum,
449 2030 617 2102 isque
648 2032 764 2087 dux
805 2032 1033 2089 itineris
1081 2035 1424 2106 designatus
1474 2040 1580 2090 est.
1615 2038 1683 2089 Et
1715 2039 1904 2090 Durus

256 2135 390 2175 cum
424 2122 679 2176 exercitu
725 2122 902 2176 tridui
953 2123 1142 2195 spatio
1194 2124 1475 2194 Laparam
1528 2124 1805 2195 pervenit.
1840 2123 1905 2180 Ei

254 2208 382 2265 loco
414 2211 484 2264 ob
518 2209 935 2282 pinguedinem
969 2215 1025 2267 et
1066 2212 1421 2268 fertilitatem
1463 2212 1569 2269 soli
1602 2212 1658 2267 id
1692 2229 1904 2268 nomen

255 2297 394 2364 fuit;
429 2315 583 2354 nunc
610 2300 944 2371 Lycandum
969 2306 1213 2358 vocant:
1241 2320 1376 2374 pars
1398 2306 1485 2357 est
1505 2302 1903 2374 Cappadociae.

251 2386 459 2442 Petrus
514 2405 581 2444 ea
630 2406 690 2443 re
739 2391 991 2461 cognita,
1028 2407 1098 2445 ne
1140 2395 1582 2461 praeverteretur
1639 2409 1671 2446 a
1732 2396 1901 2457 Duro,

250 2481 539 2532 nocturno
592 2477 794 2533 itinere
843 2480 1044 2534 eodem
1095 2481 1271 2535 venit.
1312 2481 1454 2536 Cum
1503 2484 1701 2536 essent
1751 2481 1904 2537 423

253 2570 445 2620 castra
467 2567 676 2621 castris
703 2567 1347 2639 opposita,aliquandiu
1374 2574 1615 2639 uterque
1643 2576 1903 2640 apertam

257 2671 515 2727 pugnam
549 2656 879 2712 detrectans
908 2658 1209 2713 victoriam
1255 2662 1376 2712 arte
1408 2658 1681 2713 suffurari
1716 2658 1905 2714 inten-

258 2744 489 2799 derunt.
513 2744 730 2799 Callide
762 2750 955 2801 tamen
982 2747 1212 2802 Petrum
1238 2747 1455 2802 Bardas
1476 2747 1672 2803 elusit.
1690 2747 1905 2803 Multas

256 2832 540 2889 instruxit
571 2850 785 2905 coenas,
817 2834 995 2890 veluti
1035 2836 1309 2891 exercitui
1353 2836 1591 2908 epulum
1624 2837 1900 2907 daturus;

255 2938 370 2995 quo
405 2922 555 2978 facto
604 2923 961 2994 imperatorii
994 2925 1237 2996 decepti,
1266 2942 1331 2980 eo
1363 2926 1453 2980 die
1501 2943 1758 2999 pugnam
1792 2926 1903 2981 ini-

251 3017 452 3067 turum
516 3012 757 3067 minime
813 3014 1141 3084 opinantes,
1188 3015 1297 3085 ipsi
1352 3032 1584 3087 quoque
1642 3015 1903 3070 convivia

251 3101 571 3173 agitarunt.
595 3104 666 3156 At
688 3106 897 3169 Durus,
924 3103 1022 3175 qui
1048 3121 1186 3159 suos
1207 3105 1277 3159 ad
1309 3120 1563 3176 pugnam
1585 3103 1897 3160 instruxis-

252 3194 360 3258 set,
385 3190 747 3261 deprcbenso
771 3192 910 3263 quid
936 3193 1088 3265 apud
1116 3193 1314 3248 hostes
1336 3194 1517 3262 fieret,
1543 3194 1738 3249 subito
1760 3195 1901 3250 tuba

256 3279 425 3351 signo
452 3280 587 3335 dato
620 3281 969 3351 prandentes
1002 3282 1265 3338 adoritur
1294 3283 1516 3339 hostes.
1544 3283 1648 3348 Qui
1682 3288 1736 3339 et
1766 3284 1899 3356 ipsi,

253 3369 557 3440 in0pinata
586 3386 647 3424 re
678 3387 790 3426 non
826 3372 1137 3442 perterriti,
1165 3372 1466 3442 correptis,
1502 3378 1562 3426 ut
1595 3374 1805 3444 cuique
1836 3390 1903 3428 ea

256 3458 374 3514 fors
398 3458 692 3531 offerebat,
713 3460 913 3527 armis,
937 3461 1159 3515 fortiter
1179 3460 1605 3532 aliquantisper
1622 3477 1902 3533 repugna-

255 3552 394 3602 runt
422 3564 433 3603 :
459 3548 559 3603 sed
592 3548 690 3603 ubi
722 3549 948 3604 Phocas
970 3552 1217 3604 extentis
1239 3551 1515 3606 cornibus
1539 3567 1637 3606 eos
1660 3552 1903 3606 circum-

252 3637 450 3691 venire
481 3638 674 3708 ccnpit,
698 3638 780 3692 ita
803 3643 868 3692 ut
899 3638 956 3692 in
990 3638 1250 3710 periculo
1282 3644 1479 3694 essent
1509 3657 1581 3694 ne
1612 3642 1683 3696 ab
1717 3640 1902 3695 hosti-

250 3726 364 3779 bus
388 3725 894 3795 concluderentur,
919 3744 1051 3782 cum
1074 3728 1249 3782 etiam
1274 3745 1307 3783 a
1328 3732 1490 3799 tergo
1514 3731 1903 3787 mercenarios

258 3814 632 3879 immitteret,
685 3831 899 3884 magna
947 3832 1188 3869 suorum
1239 3817 1392 3871 caede
1442 3818 1592 3873 facta
1642 3820 1793 3890 fugae
1843 3836 1905 3875 se

257 3902 420 3957 dant.
462 3902 696 3957 Primus
745 3903 1009 3959 omnium
1071 3904 1275 3976 pedem
1335 3904 1535 3961 retulit
1588 3907 1904 3963 Antiochia:

262 3991 381 4046 dux
413 3995 644 4056 Burtza,
675 3992 796 4047 sive
830 4010 945 4064 prie
977 3998 1135 4049 metu
1170 3994 1290 4050 sive
1321 3995 1559 4051 fraude:
1587 4001 1907 4068 utrumque

260 4080 418 4136 enim
444 4082 646 4137 fertur.
674 4082 893 4138 Castris
914 4084 1088 4138 etiam
1114 4083 1668 4156 impedimentisque
1688 4088 1908 4156 potitus

261 4169 451 4225 Barda
484 4170 807 4226 immensas
833 4176 923 4227 est
960 4171 1041 4225 ibi
1074 4180 1423 4228 consecutus
1474 4190 1634 4244 opes.
1667 4176 1805 4230 Inde
1836 4177 1908 4231 ad

260 4258 657 4327 Tzamandum
682 4260 847 4331 (urbs
873 4266 961 4316 est
981 4262 1350 4317 Tzamandus
1381 4263 1497 4318 sita
1525 4264 1584 4317 in
1617 4270 1910 4336 praerupto

258 4363 418 4413 saxo,
472 4347 780 4403 hominum
833 4349 1285 4420 divitiarumque
1337 4352 1670 4423 abundans)
1702 4355 1908 4425 pergit,

2089 1049 2154 1106 Οἱ
2201 1046 2257 1103 δὲ
2303 1053 2410 1103 τῶν
2474 1046 2773 1123 βασιλικῶν
2832 1049 3195 1123 κατάρχοντες
3252 1050 3667 1124 στρατευμάτων

2014 1140 2112 1207 τὴν
2170 1142 2266 1193 τοῦ
2301 1137 2557 1211 Σκληροῦ
2589 1138 2717 1192 ὅσον
2750 1135 2964 1192 οὐδέπω
2997 1135 3272 1192 έπέλευσιν
3316 1134 3665 1212 προσδοκῶν-

2015 1248 2121 1293 τες,
2168 1227 2235 1282 τὰ
2290 1227 2472 1302 καίρια
2523 1234 2622 1296 τῆς
2678 1224 2807 1281 ὁδοῦ
2864 1227 3106 1302 κρίνουσι
3172 1221 3603 1298 προκαταλαϐεῖν
3644 1272 3661 1295 ,

2016 1318 2104 1371 καὶ
2155 1315 2376 1392 ἄραντες
2432 1318 2585 1370 παντὶ
2642 1320 2720 1388 τῷ
2782 1316 3140 1392 στρατεύματι
3198 1312 3663 1389 στρατοπεδεύου-

2017 1428 2096 1461 σιν
2141 1405 2454 1467 ἀπεναντίας
2515 1404 2722 1477 ἐκείνῳ,
2781 1399 3285 1481 προκαταλαϐόντες
3342 1402 3402 1465 ἂς
3460 1402 3665 1476 ἔμελλε

2017 1493 2279 1549 διοδεύειν
2312 1493 2492 1556 ὁδούς.
2526 1496 2698 1569 ’Ὀπερ
2743 1495 2925 1565 μαθὼν
2963 1495 2990 1549 ὁ
3044 1494 3296 1569 Σκληρὸς
3340 1494 3544 1569 νωθρὸς
3597 1496 3669 1559 ἦν

2014 1584 2105 1638 καὶ
2138 1580 2297 1639 ὤκνει
2328 1586 2427 1653 τὴν
2488 1582 2562 1645 εἰς
2616 1584 2678 1637 τὸ
2726 1585 2916 1657 πρόσω
2973 1584 3219 1657 πορείαν,
3278 1580 3543 1655 μελλήσει
3600 1579 3663 1636 δὲ

2016 1670 2217 1749 τρίϐων
2267 1675 2357 1728 τὸν
2421 1674 2620 1749 χρόνον
2654 1670 2967 1748 ἐκαραδόκει
3006 1674 3069 1728 τὸ
3126 1671 3353 1745 μέλλον.
3387 1672 3661 1746 Ἀνερεθίο

2017 1769 2091 1833 ζει
2126 1762 2183 1817 δὲ
2211 1768 2402 1818 τοῦτον
2460 1762 2549 1817 καὶ
2606 1762 3014 1838 προθυμότερον
3071 1759 3447 1817 ἀποδείκνυσιν
3506 1760 3667 1815 αὐτό-

2018 1851 2192 1927 μολός
2248 1875 2331 1917 τις
2386 1851 2561 1917 ἐλθὼν
2622 1854 2923 1928 στρατηγὸς
2960 1898 2975 1921 ,
3043 1853 3319 1927 Σαχάκιος
3392 1848 3659 1922 τοῦνομα,

2014 1944 2332 2017 Βραχάμιος
2418 1943 2516 2011 τὴν
2602 1941 3011 2018 προσηγορίαν·
3115 1942 3468 2017 παρηγγύησε
3550 1942 3659 2015 γάρ

2014 2031 2185 2096 ἐλθὼν
2249 2033 2325 2105 μὴ
2384 2030 2673 2101 τηναλλως
2730 2026 2931 2106 τρίϐειν
2990 2032 3083 2086 τὸν
3126 2031 3349 2106 χρόνον·
3382 2028 3659 2108 καταφρό-

2015 2142 2167 2190 νησιν
2219 2122 2322 2196 γάρ
2400 2116 2580 2195 ἔλεγεν
2654 2120 2902 2193 ἐμποιεῖν
2956 2120 3056 2189 τὴν
3108 2114 3328 2195 τρίϐην.
3379 2118 3539 2189 Δόξας
3598 2116 3664 2173 δὲ

2016 2207 2189 2285 λέγειν
2253 2206 2475 2285 εὔκαιρα
2505 2209 2731 2284 ἡγεμὼν
2760 2208 2851 2264 καὶ
2901 2205 3099 2283 ὁδηγὸς
3130 2204 3504 2263 ἀποδείκνυται
3562 2215 3664 2277 τῆς

2015 2296 2165 2354 ὁδοῦ.
2238 2299 2339 2355 Καὶ
2399 2300 2427 2353 6
2488 2298 2582 2371 μὶν
2640 2300 2847 2371 ἡγεῖτο,
2908 2297 3063 2359 οὗτος
3121 2295 3178 2353 δὲ
3207 2296 3408 2353 εἷ’πετο.
3442 2296 3539 2351 Καὶ
3570 2294 3664 2351 διὰ

2012 2393 2177 2463 τριῶν
2236 2390 2460 2462 ἡμερῶν
2531 2382 2937 2461 καταλαμϐάνει
3011 2388 3111 2456 τὴν
3184 2385 3437 2460 Λάπαραν
3517 2388 3657 2460 (39)'

2012 2478 2181 2541 τόπος
2238 2476 2294 2532 δὲ
2354 2479 2509 2540 οὗτος
2568 2480 2730 2551 μέρος
2780 2484 2879 2547 τῆς
2930 2474 3319 2539 Καππαδοκίας
3354 2519 3369 2545 ,
3442 2478 3503 2531 τὸ
3568 2481 3662 2531 νῦν

2014 2565 2307 2642 λεγόμενον
2368 2566 2665 2637 Λυκανδὸν,
2728 2565 2814 2622 διὰ
2867 2566 2929 2621 τὸ
2989 2565 3218 2639 λιπαρὸν
3250 2565 3339 2621 καὶ
3370 2564 3661 2644 πάμφορον

2014 2656 2156 2712 οὕτω
2215 2656 2657 2729 κατονομασϐείς.
2710 2659 2887 2712 Τοῦτο
2941 2655 3128 2729 μαθὼν
3162 2657 3189 2712 6
3250 2652 3656 2731 στρατοπεδάρ-

2013 2764 2148 2819 χης,
2205 2745 2537 2820 νυκτοπορίᾳ
2561 2744 2908 2820 χρησάμενος
2960 2742 3065 2799 δέει
3121 2745 3217 2799 τοῦ
3269 2745 3345 2817 μὴ
3395 2743 3659 2817 ἀντιπαρ-

2014 2832 2189 2899 ελθεῖν
2248 2834 2340 2889 τὸν
2404 2831 2678 2909 Σκληρὸν,
2737 2830 3301 2908 ἀντιστρατοπεδεύειν
3357 2838 3473 2895 τοῖς
3504 2832 3662 2888 ἔναν-

2009 2924 2166 2985 τίοις.
2198 2924 2295 2978 Καὶ
2330 2921 2495 2999 μέχρι
2533 2925 2626 2995 μέν
2657 2943 2805 2984 τινος
2858 2919 3161 2989 ἀνεδύοντο,
3220 2922 3308 2975 καὶ
3356 2921 3654 2997 παρεῖλκον

2009 3013 2108 3081 τὴν
2169 3012 2242 3074 είς
2291 3011 2599 3089 τούμφανὶς
2650 3010 2999 3085 συμπλοκὴν,
3034 3013 3263 3085 [Ρ.688]
3314 3010 3405 3065 καὶ
3457 3008 3659 3084 κλέψαι

2009 3104 2109 3170 τὴν
2154 3101 2308 3172 νίκην
2359 3099 2750 3177 διηγωνίζοντο
2784 3144 2798 3158 .
2871 3102 3359 3175 Κατεστρατήγησε
3415 3097 3472 3154 δὲ
3525 3100 3658 3162 τοὺς

2010 3190 2282 3254 έναντίους
2337 3191 2365 3245 6
2414 3187 2647 3265 Βάρδας,
2696 3186 2887 3244 δεῖπνα
2942 3187 3129 3245 πολλά
3183 3188 3657 3263 παρασκευασάμε-

2008 3301 2099 3343 νος
2132 3280 2205 3342 ὡς
2232 3281 2376 3355 τάχα
2405 3280 2495 3334 τὸν
2530 3280 2726 3334 οἰκεῖον
2785 3278 3040 3334 έστιάσων
3094 3280 3339 3353 στρατὸν,
3389 3277 3478 3334 καὶ
3510 3276 3655 3333 οῧτω

2008 3369 2135 3432 τοὺς
2181 3366 2484 3440 πολεμίους
2532 3367 2886 3440 ἐξαπατήσας,
2943 3363 3337 3429 Ὑπολαϐόντες
3388 3368 3490 3442 γάρ
3539 3369 3661 3421 κατ’

2012 3457 2219 3529 ἐκείνην
2257 3458 2356 3527 τήν
2407 3456 2614 3532 ἡμέραν
2667 3459 2741 3531 μὴ
2789 3458 3147 3533 κατάρξασθαι
3211 3455 3419 3533 μάχης,
3472 3456 3654 3525 αὐτὸν,

2012 3550 2101 3601 καί
2162 3548 2316 3601 αὐτοὶ
2376 3548 2511 3621 πρὸς
2572 3545 2804 3621 εὐωχίαν
2858 3545 3169 3621 ἐτράποντο’
3227 3547 3255 3600 6
3314 3543 3369 3600 δὲ
3401 3545 3656 3619 Σκληρὸς

2014 3637 2087 3698 ὡς
2148 3632 2284 3712 ἔγνω
2337 3640 2497 3691 τοῦτο
2538 3636 2679 3711 (εἶχε
2718 3638 2822 3711 γὰρ
2881 3641 2969 3690 καὶ
3026 3636 3161 3709 πρὸς
3211 3634 3454 3707 πόλεμον
3514 3655 3658 3709 παρ-

2015 3726 2376 3797 εσκευασμένα
2434 3724 2499 3779 τά
2575 3724 3010 3800 στρατεύματα),
3079 3721 3341 3801 αἰφνίδιον
3396 3728 3464 3788 τῆ
3522 3723 3660 3778 σάλ-

2014 3837 2167 3891 πιγγι
2201 3816 2450 3887 σημήνας
2477 3815 2539 3868 τὸ
2570 3813 2817 3868 ἐνυάλιον
2878 3813 3134 3887 ἐμπίπτει
3191 3818 3307 3874 τοῖς
3363 3812 3661 3885 πολεμίοις

2016 3903 2580 3979 ἀριστοποιουμένοις.
2639 3904 2705 3961 Οἱ
2768 3900 2844 3973 δὲ,
2905 3904 2980 3967 ὡς
3044 3900 3231 3979 ἔτυχεν
3280 3898 3520 3973 ἕκαστος,
3596 3902 3661 3957 τὸ

2015 3995 2329 4069 παρατυχὸν
2402 3988 2876 4066 ἀναλαμϐάνοντες
2935 3990 3105 4048 ὅπλον
3159 3991 3285 4054 τοὺς
3346 3990 3667 4065 προσιόντας

2019 4082 2294 4159 ἰδέχοιτο,
2349 4085 2424 4156 μὴ
2478 4086 2556 4155 τῷ
2608 4081 2858 4160 αἰφνιδίῳ
2908 4081 3361 4156 καταπλαγέντες.
3412 4080 3517 4136 Καὶ
3575 4079 3664 4134 ἐπὶ

2019 4172 2219 4248 χρόνον
2267 4171 2360 4245 μέν
2410 4192 2531 4226 τινα
2578 4171 2865 4246 εὐρώστως
2906 4170 3221 4243 ἠμύνοντοσ
3272 4171 3381 4224 εἶτα
3434 4171 3664 4244 ὑπερκεο

2022 4260 2212 4339 ρώσεις
2245 4261 2613 4334 ποιησάμενος
2644 4261 2671 4314 6
2706 4257 2911 4333 Βάρδας
2940 4259 3028 4314 καὶ
3074 4257 3223 4314 ἔνδον
3282 4256 3391 4329 ἤδη
3440 4280 3668 4313 συναποο

2021 4346 2321 4425 λαμϐάνειν
2376 4349 2503 4413 τοὺς
2564 4347 2870 4422 πολεμίους
2927 4343 3136 4427 φοϐῶν,
3187 4347 3406 4427 ἐπαφεὶς
3463 4346 3519 4403 δὶ
3576 4347 3668 4402 καὶ

262 4453 513 4509 eamque
557 4438 853 4493 deditione
901 4440 1076 4510 capit,
1108 4446 1165 4494 et
1212 4440 1369 4495 haud
1418 4459 1627 4513 parvas
1675 4444 1905 4500 divitias

2018 4442 2154 4496 κατά
2207 4445 2349 4495 νῶτα
2398 4438 2528 4501 τοὺς
2590 4437 2975 4515 μισθοφόρους,
3033 4438 3218 4513 τρέπει
3275 4458 3335 4492 τε
3382 4436 3458 4499 είς
3491 4437 3666 4515 φυγὴν

260 4525 504 4599 colligit.
530 4527 660 4583 Hec
691 4528 820 4597 ejus
838 4528 1085 4583 victoria
1116 4528 1333 4585 multos
1362 4530 1701 4601 imperatori
1735 4532 1910 4587 fidem

261 4621 564 4672 servantes
581 4615 898 4684 concussit,
916 4622 1095 4687 utque
1112 4619 1181 4673 ad
1199 4618 1419 4675 Durum
1446 4622 1769 4677 transirent
1784 4623 1916 4677 effe-

260 4706 361 4772 cit,
386 4722 634 4777 quorum
672 4706 941 4778 princeps
976 4706 1085 4761 fuit
1119 4712 1345 4776 Burtza,
1379 4714 1506 4764 tum
1538 4711 1913 4767 Andronicus

263 4794 548 4866 patricius
572 4794 727 4851 424
750 4812 815 4851 ac
838 4796 977 4859 dux,
996 4797 1339 4869 cognomine
1362 4798 1729 4871 Lydus,cum
1754 4800 1913 4860 filiis.

264 4882 628 4939 Attaleenses
644 4900 877 4955 quoque
897 4884 1246 4941 Michaelum
1268 4886 1346 4942 Cu
1358 4888 1561 4943 rticam
1581 4888 1789 4945 classis
1810 4890 1916 4945 im-

262 4973 563 5044 peratoria:
585 4972 919 5044 praefectum
945 4974 1001 5029 in
1021 4974 1255 5032 vincula
1275 4978 1743 5048 conjecerunt,et
1760 4979 1915 5035 Duro

262 5076 394 5116 cum
418 5060 689 5117 universa
710 5062 898 5117 classe
920 5068 1316 5131 accesserunt,
1333 5065 1607 5137 jussique
1641 5072 1780 5123 sunt
1814 5068 1914 5124 illo

262 5148 389 5219 ipso
420 5150 568 5206 duce
599 5154 803 5206 contra
832 5150 1216 5224 Cibyrraaotas
1248 5153 1464 5210 bellum
1496 5170 1712 5227 gerere.

2020 4528 2109 4585 καί
2164 4527 2339 4584 πολὺν
2394 4527 2667 4604 ἐργάζεται
2727 4527 2913 4603 φόνον,
2951 4530 3048 4581 τοῦ
3101 4524 3669 4601 δουκὸςἊντιοχείας

2018 4623 2116 4674 τοῦ
2174 4618 2419 4693 Βούρτζη
2452 4622 2667 4691 πρῶτον
2728 4615 3094 4686 ἐκκλίναντος,
3156 4614 3262 4670 εἴτε
3322 4612 3411 4669 διά
3460 4612 3666 4669 δειλίαν

2022 4706 2128 4764 εἷ’τε
2186 4705 2276 4762 διὰ
2332 4705 2674 4781 κακουργίανο
2731 4702 2946 4780 ἐλέγετο
3000 4703 3103 4781 γὰρ
3166 4704 3464 4783 ἀμφότερα.
3523 4709 3670 4760 Κατ-

2024 4798 2153 4873 έσχε
2211 4794 2269 4853 δὲ
2325 4796 2412 4851 καὶ
2444 4797 2506 4851 τὸ
2564 4792 2922 4871 στρατόπεδον
2953 4796 3089 4850 ἅπαν
3123 4793 3214 4849 σὺν
3268 4798 3339 4868 τῇ
3368 4794 3670 4867 ἀποσκευῇ,

2024 4887 2113 4943 καὶ
2160 4886 2403 4942 πλοῦτον
2449 4883 2688 4947 ἐντεῦθεν
2742 4878 3098 4955 περιεϐάλετο
3127 4880 3368 4959 ἄπειρον.
3434 4884 3671 4946 Ἐκεῖθεν

2024 4978 2171 5038 αὗθις
2212 4975 2297 5030 ἐπὶ
2354 4975 2416 5030 τὸ
2474 4971 2769 5050 λεγόμενον
2828 4969 3049 5049 ἔρχεται
3099 4969 3437 5047 Τζαμανδόν.
3499 4969 3674 5030 Πόλις

2026 5064 2083 5121 δὲ
2125 5068 2160 5135 ἡ
2208 5062 2523 5137 Τζαμανδὸς
2560 5061 2613 5117 έν
2668 5062 3011 5137 ἀποκρήμνῳ
3057 5060 3226 5137 πέτρᾳ
3272 5057 3522 5133 κειμένη,
3568 5079 3670 5113 που

2025 5154 2384 5229 λυάνθρωπος
2432 5153 2521 5207 καὶ
2567 5148 2795 5223 πλούτῳ
2843 5145 3205 5227 περιϐριθής.
3264 5151 3493 5207 ’Ήντινα
3544 5149 3676 5223 παρ’

1453 5253 1825 5311 XYLANDRI
1865 5256 1957 5313 ET
1995 5255 2212 5313 GOARI
2250 5254 2486 5310 NOTAE.

334 5339 449 5417 (38)
482 5339 624 5394 Pace
654 5357 785 5417 cum
818 5340 935 5417 illis
967 5343 1287 5414 composita
1332 5343 1485 5398 inter
1529 5342 1813 5417 ἑταιρείας,
1847 5347 1916 5402 de

264 5412 481 5483 quibus
512 5417 716 5469 auctor
745 5412 1005 5484 loquitur
1035 5412 1447 5470 an'numeratis.
1480 5412 1659 5472 Goan.

336 5484 445 5550 (39)
477 5484 570 5561 Sic
604 5490 803 5561 noster
831 5487 1011 5561 codex
1053 5485 1229 5542 habet
1258 5488 1583 5561 perspicue.
1609 5488 1771 5561 Apud
1802 5492 1908 5561 Zo~

262 5570 465 5611 narum
508 5556 706 5627 Lipara
750 5555 984 5627 legitur,
1014 5573 1137 5627 quas
1168 5555 1277 5614 vei
1308 5555 1489 5615 multo
1537 5566 1626 5616 est
1655 5555 1908 5616 'concin-

2027 5346 2177 5411 nior,
2211 5350 2270 5400 et
2308 5359 2441 5400 cum
2492 5345 2686 5413 etymo
2718 5345 2938 5397 etcum
2989 5339 3193 5413 lingua
3240 5340 3437 5413 Graeca
3487 5338 3681 5413 magis

2021 5409 2323 5474 consenat.
2361 5415 2482 5472 Nisi
2525 5409 2672 5486 ferte
2702 5409 3379 5486 Cappadoces—dicebant
3410 5409 3679 5486 λαπαρὸν,

2021 5490 2175 5559 quod
2209 5488 2305 5544 alii
2328 5480 2796 5559 GraecilmatoévI
2825 5480 2937 5559 Sed
2970 5484 3374 5559 etLicandum
3409 5500 3510 5556 per
3540 5480 3679 5536 ὶῶτα

2020 5554 2299 5619 scribitur
2331 5560 2431 5628 ibi,
2467 5558 2559 5615 hic
2592 5554 2693 5632 per
2719 5554 2750 5610 ὖ
2780 5554 2965 5631 ψιλόν.
3000 5558 3145 5612 Χγι..
