4014 6194
274 322 388 386 159
1635 324 1946 388 GEORGII

2058 324 2337 386 EDRENI
3572 324 3693 389 160

269 459 500 527 occisis,
533 461 784 518 maxime
812 460 1117 517 Armenia:
1151 476 1287 517 nam
1318 461 1388 517 de
1414 460 1508 516 his
1539 476 1921 532 quoscunque

2058 458 2190 528 ιηνοὶ
2250 453 2568 526 διαϐαινειν,
2619 456 3044 521 καθοπλίσαντες
3104 458 3157 512 οἱ
3212 457 3336 532 περὶ
3366 458 3458 513 τὸν
3510 458 3693 533 Βούρ-

271 550 762 619 comprehendere
786 555 1099 623 potuerunt
1124 551 1388 618 Romani,
1409 552 1562 607 426
1586 552 1927 606 interfecere

2058 552 2165 618 ’ζην
2194 545 2319 608 τοὺς
2367 546 2500 625 ἀμφ’
2549 546 2763 617 αὐτοὺς,
2813 547 2878 602 16
2938 545 2984 602 δ’
3042 546 3170 602 αὐτὸ
3200 550 3360 602 τοῦτο
3390 546 3479 601 καὶ
3514 548 3567 601 οἱ
3595 551 3693 601 τοῦ

273 639 499 710 absque
528 640 643 695 ulla
677 641 1078 708 miseratione,
1106 641 1258 711 quod
1290 640 1330 694 ii
1364 640 1534 711 primi
1567 639 1830 695 omnium
1866 657 1927 696 se

2058 631 2536 711 τρωτοϐεστιαρίου
2621 636 3032 707 πεποιηκότες,
3138 635 3287 709 μάλα
3371 636 3695 711 ὁρμητικῶς

271 730 522 798 tyranno
554 729 979 800 adjunxissent.

2058 727 2172 801 πρὸς
2204 728 2301 795 τὴν
2359 728 2543 801 μάχην
2595 725 2864 802 έχώρουψ
2922 724 3215 802 προῦκειτο
3261 727 3361 802 γὰρ
3417 724 3695 799 ἑκατέροις

277 816 458 892 ὥσπερ
486 838 567 879 τις
622 819 787 881 ἆθλος
820 819 846 872 6
896 817 1038 890 παρὰ
1064 821 1167 871 τῶν
1204 820 1528 890 Σαρακηνῶν
1579 816 1945 891 κομιζόμενος
2000 816 2223 892 χρυσός.
2279 816 2379 870 Καὶ
2426 815 2641 891 ἐπείπερ
2691 814 2944 891 ἤγγισαν,
2996 816 3363 890 συμπεσόντες
3397 815 3693 892 ἐμάχοντο.

278 910 541 983 Τρὲπεται
573 912 706 981 γοῦν
741 909 768 962 6
803 907 1094 979 Βούρτζης,
1140 906 1228 960 καὶ
1257 903 1461 961 πολλοὶ
1492 911 1598 960 τῶν
1631 906 1723 961 σὺν
1756 907 1902 979 αὐτῷ
1933 904 2251 972 ἀπώλοντο,
2282 905 2371 959 καὶ
2410 903 2623 979 μᾶλλον
2647 911 2755 960 τῶν
2792 905 3122 982 Ἀρμενίων·
3169 906 3369 968 πάντας
3426 908 3528 981 γάρ
3569 906 3697 969 τοὺς

281 992 515 1058 ἁλόντας
546 1001 651 1051 τῶν
688 996 982 1072 Ἀρμενίων
1016 993 1352 1073 ἀπέσφαττον
1383 997 1435 1049 οἱ
1470 997 1763 1070 Ῥωμαῖοι,
1817 997 1891 1070 μὴ
1939 990 2311 1070 λαμϐάνοντες
2367 995 2545 1050 οἶκτον
2609 992 2697 1050 διὰ
2752 996 2812 1051 τὸ
2863 996 3114 1071 πρώτους
3164 998 3561 1071 προσχωρῆσαι
3617 1000 3700 1068 τῷ

282 1084 575 1159 ἀποστάτῃ.

351 1194 565 1251 Nuntio
589 1194 715 1263 ejus
751 1190 934 1249 eladis
965 1193 1457 1265 accepto,Bardas
1490 1192 1653 1248 nulla
1682 1192 1935 1265 interpo-

280 1282 391 1339 sita
426 1300 588 1339 mora
617 1284 814 1337 statim
850 1300 983 1337 cum
1015 1300 1121 1337 suo
1153 1283 1405 1337 exercitu
1449 1282 1849 1353 subsequitur,
1882 1285 1939 1336 et

278 1387 414 1425 cum
445 1371 514 1425 ad
546 1371 741 1426 locum
786 1372 879 1427 cui
919 1372 1145 1443 Rageos
1178 1387 1392 1427 nomen
1443 1373 1821 1442 pervenisset,
1857 1371 1934 1424 ibi

279 1464 470 1515 castra
485 1460 621 1514 facit
636 1465 987 1531 tempusque
1003 1476 1211 1531 pugnae
1226 1460 1491 1515 commod
1504 1476 1600 1514 um
1617 1464 1932 1532 exspectat.

279 1548 708 1605 Cunctantibus
732 1553 927 1604 autem
960 1548 1376 1619 imperatoriis,
1398 1553 1452 1603 et
1485 1565 1692 1621 pugnae
1725 1566 1932 1621 oppor-

278 1638 531 1695 tunitate
562 1643 837 1708 extracta,
865 1636 1036 1693 multi
1062 1655 1094 1694 a
1118 1638 1305 1693 Barda
1331 1637 1402 1693 ad
1436 1638 1685 1693 Leonem
1710 1638 1932 1693 defece-

281 1728 572 1798 runt,jam
597 1727 759 1783 clade
786 1727 1072 1798 superiori
1099 1726 1315 1782 animis
1339 1743 1541 1782 eorum
1563 1726 1931 1782 nutantibus.

279 1818 388 1873 Sed
422 1816 522 1887 qui
552 1816 611 1872 in
644 1816 898 1872 exercitu
939 1816 1143 1871 Leonis
1166 1820 1334 1872 erant
1360 1832 1557 1872 rerum
1590 1815 1933 1872 bellicarum

279 1906 693 1978 imperitiores,
724 1906 762 1960 ii
795 1905 1012 1961 animis
1042 1922 1245 1961 recens
1276 1910 1446 1977 parta
1473 1905 1716 1962 victoria
1744 1905 1934 1961 exsul-

278 1995 542 2052 tantibus
591 2011 849 2067 pugnam
900 1994 1273 2066 expetebant;
1309 1998 1449 2050 natu
1495 1993 1931 2067 grandioribus,

280 2089 337 2143 et
364 2085 463 2157 qui
512 2083 716 2139 multis
768 2084 1193 2139 certaminibus
1243 2084 1540 2140 exercitati
1588 2088 1806 2150 essent,
1840 2084 1941 2138 de-

282 2173 670 2229 trectantibus
710 2175 883 2244 atque
931 2172 1375 2228 differentibus:
1403 2189 1534 2228 cum
1569 2173 1682 2228 Leo
1714 2174 1939 2243 (verum

283 2262 441 2318 enim
476 2260 623 2316 illud
654 2261 857 2315 tritum
894 2266 983 2316 est
1014 2278 1026 2314 :
1055 2284 1081 2311 ‹‹
1111 2262 1387 2317 Homines
1412 2261 1583 2317 malis
1605 2262 1719 2317 cito
1748 2261 1939 2317 consi-

283 2349 382 2406 liis
411 2348 745 2404 assentiunt
769 2349 823 2419 ιι)
847 2349 1185 2421 junioribus
1236 2351 1650 2422 obtemperans
1697 2367 1836 2406 suos
1868 2350 1936 2405 ad

283 2455 543 2511 pugnam
589 2438 913 2494 instructos
946 2439 1080 2494 dato
1112 2439 1249 2495 tuba
1287 2439 1452 2511 signo
1495 2439 1713 2495 educit.
1747 2444 1940 2495 Durus

283 2527 466 2599 copiis
497 2528 620 2582 suis
661 2527 717 2581 in
769 2532 888 2583 tres
939 2532 1137 2600 partes
1167 2528 1371 2583 divisis
1422 2529 1681 2584 medium
1733 2545 1940 2599 agmen

282 2616 408 2689 ipse
439 2617 621 2681 ducit,
647 2617 921 2673 dextrum
965 2602 1159 2672 cornu.
1196 2618 1362 2673 fratri
1403 2634 1509 2673 suo
1533 2618 1938 2685 Constantino,

286 2706 595 2763 sinistrum
620 2706 1004 2762 Constantino
1028 2706 1229 2762 Gabraa
1252 2707 1588 2762 committit.
1609 2706 1681 2762 Ut
1702 2724 1943 2768 concur-

290 2812 423 2853 sum
448 2799 538 2851 est
572 2800 629 2850 et
670 2795 869 2850 Bardas
898 2794 1174 2850 cornibus
1198 2795 1447 2867 praefecti
1489 2796 1744 2867 equitem
1786 2795 1939 2850 hosti

293 2885 690 2954 immiserunt,
718 2884 924 2940 Leonis
957 2882 1174 2940 milites
1196 2884 1482 2956 impetum
1507 2902 1620 2941 non
1646 2885 1942 2941 sustinen-

294 2980 383 3031 tes
417 2975 609 3043 l'ugam
644 2973 887 3045 faciunt,
915 2990 1237 3045 eorumque
1269 2990 1482 3046 magna
1513 2974 1707 3029 editur
1736 2975 1943 3030 caedes.

295 3063 651 3120 Interﬁcitur
683 3067 940 3119 Joannes
972 3063 1252 3136 patricius
1284 3067 1340 3119 et
1369 3063 1575 3119 Petrus
1614 3070 1943 3120 castrorum

292 3154 598 3226 praefectus
623 3153 769 3209 427
803 3151 1090 3223 multique
1116 3151 1213 3207 alii
1250 3151 1511 3207 illustres
1531 3152 1657 3207 viri.
1687 3153 1790 3208 Leo
1815 3170 1945 3225 pro-

292 3242 667 3298 tovestiarius
688 3241 852 3298 vivus
870 3258 987 3297 una
1005 3258 1138 3297 cum
1163 3240 1294 3297 aliis
1316 3241 1725 3313 magistratum
1748 3258 1948 3314 geren-

290 3332 450 3387 tibus
480 3331 623 3387 viris
661 3330 722 3385 in
771 3330 907 3386 Duri
955 3334 1301 3402 potestatem
1335 3332 1510 3386 venit.
1550 3334 1741 3403 Atque
1790 3331 1947 3387 hunc

2117 1189 2500 1267 Ἀγγελθείσης
2540 1188 2598 1245 δὲ
2632 1197 2733 1259 τῆς
2780 1189 2953 1260 ἥττης
3002 1191 3029 1245 6
3078 1187 3290 1265 Βάρδας
3332 1192 3518 1267 καιρὸν
3570 1190 3699 1245 ἀνα-

2046 1274 2222 1349 ϐολῆς
2277 1281 2351 1352 μή
2406 1277 2676 1347 δεδωκὼς,
2707 1280 2931 1356 ἀγείρας
2977 1278 3105 1341 τοὺς
3138 1280 3272 1354 ἀμφ’
3304 1279 3464 1335 αὐτὸν
3489 1280 3702 1349 ὑπήντα

2047 1366 2135 1423 διά
2163 1370 2401 1444 ταχέων,
2453 1370 2543 1423 καὶ
2590 1368 2725 1424 κατά
2773 1390 2891 1423 τινα
2946 1368 3113 1423 τόπον
3171 1369 3391 1443 Ῥαγέας
3423 1367 3700 1443 ὀνομαζό-

2049 1479 2206 1531 μενον
2270 1458 2555 1532 γενόμενος
2604 1455 3103 1533 στρατοπεδεύεται,
3156 1455 3461 1528 ἐπιτήδειον
3509 1459 3698 1534 μάχης

2042 1546 2228 1620 καιρὸν
2276 1545 2538 1616 ἐκζητῶν.
2589 1542 3096 1623 Χρονοτριϐούντων
3141 1543 3198 1600 δὲ
3239 1551 3346 1601 τῶν
3400 1545 3703 1622 βασιλικῶν

2041 1633 2329 1710 ταγμάτων
2365 1636 2392 1689 6
2422 1642 2521 1705 τῆς
2572 1634 2757 1711 μάχης
2802 1636 2989 1708 καιρὸς
3021 1633 3383 1707 παρετείνετο,
3415 1635 3505 1689 καὶ
3557 1632 3701 1689 πολ-

2046 1722 2136 1778 λοὶ
2183 1727 2290 1777 τῶν
2353 1724 2669 1778 ἀποστατῶν
2727 1728 2794 1797 τῇ
2861 1724 3288 1800 προηγησαμένῃ
3342 1721 3482 1799 ἥττῃ
3543 1744 3701 1778 σεσα-

2044 1811 2299 1884 λευμένοι
2380 1817 2461 1885 τῷ
2538 1807 3021 1889 πρωτοϐεστιαρίῳ
3079 1814 3470 1889 προσέτρεχον.
3528 1814 3697 1871 ’Ὀσον

2048 1902 2142 1975 μὶν
2166 1899 2262 1955 οὖν
2294 1906 2536 1979 σφριγῶν
2568 1901 2632 1969 ἧν
2666 1901 2716 1956 ἐν
2746 1906 2813 1975 τῇ
2856 1907 3081 1978 στρατιᾷ
3125 1907 3222 1957 τοῦ
3275 1902 3546 1978 βασιλέως
3602 1904 3699 1956 καί

2049 1990 2492 2067 ἀπειροπόλεμον
2531 2033 2545 2059 ,
2618 1995 2687 2065 τῇ
2745 1990 2795 2062 ἐξ
2857 1990 3098 2066 ὑπογύου
3151 1989 3520 2066 γαυρούμενον
3577 1990 3701 2064 νίκῃ

2050 2074 2201 2156 ὤργα
2230 2080 2365 2156 πρὸς
2425 2081 2775 2153 συμπΛοκὴν,
2819 2080 2870 2134 οἱ
2927 2080 3279 2156 γηραιότεροι
3332 2077 3388 2134 δὲ
3433 2079 3523 2134 καὶ
3573 2101 3704 2134 κατ-

2050 2167 2355 2242 ηθλημένοι
2406 2174 2522 2231 τοῖς
2553 2169 2754 2244 ἀγῶσιν
2790 2164 2997 2224 ὤκνουν
3022 2168 3112 2224 καὶ
3143 2166 3430 2224 ἀνεδύοντο
3458 2191 3557 2239 τηρ
3596 2170 3703 2242 μά-

2049 2279 2155 2333 χην
2220 2262 2297 2333 [Ρ.
2332 2261 2459 2332 600]
2518 2258 2676 2315 Ἀλλ’
2735 2258 2850 2314 ἐπεὶ
2906 2261 3041 2314 κατὰ
3093 2261 3184 2315 τὸν
3232 2260 3473 2329 εἰπόντα,
3533 2265 3705 2313 «Τα-

2048 2354 2176 2423 χεῖα
2232 2347 2403 2412 πειθὼ
2435 2352 2541 2403 τῶν
2590 2352 2769 2402 κακῶν
2829 2348 3142 2421 ἀκολουθεῖ,
3204 2372 3230 2400 n
3290 2349 3528 2402 πείθεται
3588 2353 3711 2409 τοῖς

2049 2436 2331 2513 νεωτέροις
2379 2438 2470 2492 καὶ
2520 2439 2547 2493 6
2598 2433 3136 2513 πρωτοϐεστιάριος,
3194 2437 3285 2492 καὶ
3341 2437 3404 2493 τὸ
3450 2434 3703 2492 ἐνυάλιον

2049 2528 2301 2599 σημήνας
2345 2525 2521 2601 ἐξάγει
2568 2528 2642 2581 τὰ
2698 2528 3075 2601 στρατεύματα
3144 2526 3278 2603 πρὸς
3325 2527 3425 2596 τὴν
3489 2525 3703 2602 μάχην.

2051 2616 2145 2670 Καὶ
2198 2616 2225 2669 6
2278 2612 2495 2689 Βάρδαξ
2535 2613 2592 2671 δὲ
2638 2623 2805 2692 τριχῆ
2850 2613 3045 2672 διελὼν
3086 2617 3188 2671 ’τὸν
3220 2615 3419 2671 οῗκεῖον
3475 2615 3709 2691 στρατὸια

2047 2705 2109 2759 τὸ
2145 2704 2238 2776 μὲν
2296 2705 2456 2776 μέσον
2502 2706 2644 2779 εἶχεν
2697 2704 2878 2774 αὐτός,
2910 2710 3006 2761 τοῦ
3040 2703 3215 2776 δεξιοῦ
3247 2702 3304 2759 δὲ
3333 2705 3505 2779 κέρως
3552 2706 3708 2761 Κων-

2050 2797 2328 2847 σταντῖνον
2371 2794 2462 2847 τὸν
2518 2791 2776 2872 ἀδελφὸν,
2820 2797 2917 2847 τοῦ
2968 2790 3014 2847 δ’
3046 2792 3328 2868 εὐωνύμου
3370 2795 3711 2850 Κωνσταντῖ-

2049 2903 2139 2937 νον
2170 2883 2259 2937 τὸν
2296 2879 2504 2953 Γαϐρᾶν
2532 2880 2721 2959 ἅρχέιν
2775 2882 3055 2952 ἐπέστησε.
3108 2878 3407 2957 Συμϐολῆς
3459 2880 3517 2937 δὲ
3552 2903 3708 2959 γενο-

2056 2972 2221 3045 μένης
2247 2973 2334 3026 καὶ
2367 2976 2475 3027 τῶν
2505 2972 2627 3045 περὶ
2671 2972 2737 3026 τὰ
2783 2973 2980 3047 κέρατα
3029 2978 3347 3049 στρατηγῶν
3393 2972 3493 3041 τὴν
3530 2970 3705 3025 τίππον

2052 3060 2434 3117 ἐπισεισάντων
2512 3066 2627 3124 τοῖς
2695 3060 2979 3131 ἰναντίοις,
3064 3063 3139 3135 μή
3230 3062 3540 3137 ἐνεγκόντες
3604 3061 3705 3129 τὴν

2056 3150 2234 3227 ῥύμην
2284 3152 2335 3206 οἱ
2388 3151 2511 3225 περὶ
2568 3152 2660 3206 τὸν
2708 3145 3205 3227 πρωτοϐεστιάριον
3246 3153 3556 3227 τρέπονται,
3614 3150 3709 3204 καὶ

2054 3239 2253 3315 γίνεται
2314 3241 2478 3319 φόνος
2535 3238 2732 3303 πολύς.
2797 3241 3056 3297 Ἐνταῦθα
3106 3240 3195 3296 καὶ
3228 3239 3482 3312 Ἰωάννης
3518 3235 3705 3295 ἔπεσεν

2058 3330 2085 3385 6
2118 3327 2402 3403 πατρίκιος
2434 3332 2522 3385 καὶ
2559 3332 2586 3385 6
2638 3327 3120 3406 στρατοπεδάρχης
3156 3329 3356 3402 Πέτρος
3397 3330 3487 3384 καὶ
3542 3326 3712 3384 ἄλλοι

293 3423 526 3494 quidem
565 3424 755 3476 Durus
778 3420 835 3475 in
860 3420 1188 3477 custodiam
1211 3421 1389 3476 dedit.
1415 3421 1718 3476 Theodoro
1750 3425 1943 3476 autem

2058 3417 2261 3473 πολλοὶ
2313 3423 2420 3473 τῶν
2471 3416 2766 3493 διαφανῶν.
2800 3419 2980 3476 Ἑάλω
3014 3417 3071 3474 δὲ
3119 3420 3206 3475 καὶ
3240 3420 3267 3474 6
3298 3413 3708 3494 πρωτοϐεστιά-

292 3516 349 3569 et
395 3510 607 3567 Nicetes
658 3509 1156 3582 Hagiozacbaritis
1209 3510 1508 3582 germanis
1556 3509 1835 3565 fratribus
1885 3510 1944 3565 in

292 3604 606 3671 conspectu
637 3600 819 3654 totius
852 3600 1141 3654 exercitus
1171 3600 1345 3654 effodi
1368 3597 1944 3670 oculosjubet,quod

290 3690 329 3744 ii
374 3687 652 3742 nimirum
702 3686 915 3742 violato
957 3687 1367 3757 jurejurando,
1405 3703 1520 3758 quo
1570 3704 1632 3743 se
1680 3688 1794 3760 ipsi
1844 3688 1945 3745 ob-

294 3776 673 3841 strinxerant,
707 3775 778 3829 ad
810 3775 1062 3829 Leonem
1095 3775 1528 3830 transivissent.

2058 3528 2171 3584 ριος
2225 3508 2340 3581 μεθ’
2409 3509 2602 3583 ἑτέρων
2683 3505 2892 3584 ἀνδρῶν
2957 3509 3232 3585 ἀρχικῶν.
3287 3509 3395 3566 Τὸν
3457 3508 3551 3580 μὲν
3612 3508 3708 3562 οὗν

2055 3593 2549 3673 πρωτοϐεστιάριον
2611 3600 2959 3674 φρουρεῖσθαι
3018 3599 3354 3674 προσέταξε,
3415 3594 3705 3672 Θεοδώρου

2057 3684 2114 3741 δὲ
2155 3686 2244 3741 καὶ
2276 3688 2489 3758 Νικητα
2516 3691 2623 3742 τῶν
2670 3684 3019 3765 αύταδέλφων
3059 3691 3168 3742 τῶν
3230 3689 3707 3762 ’Δγιοζαχαριτῶν

2056 3774 2138 3831 ἔπ’
2195 3771 2316 3849 ὄψει
2370 3777 2570 3840 παντὸς
2625 3780 2722 3830 τοῦ
2794 3775 3195 3852 στρατεύματος
3254 3775 3519 3852 ἔξορύττει
3580 3773 3714 3836 τοὺς

300 3862 622 3941 ὀφθαλμοὺς
676 3863 749 3924 ὡς
803 3857 1156 3938 παραϐάντων
1213 3862 1357 3941 τάχα
1403 3862 1531 3928 τοὺς
1586 3859 1781 3942 ὅρκους
1828 3863 1921 3928 οῦς
1977 3866 2114 3940 πρὸς
2171 3865 2328 3921 αὐτὸν
2384 3862 2563 3930 ἔθεντο
2622 3866 2710 3921 καὶ
2774 3870 2853 3939 τῷ
2905 3860 3385 3944 πρωτοϐεστιαρίῳ
3443 3884 3715 3940 προσχω-

298 3973 365 4029 ρη
374 3952 600 4009 σάντων.

372 4062 503 4118 Haec
531 4060 773 4117 victoria
811 4061 1007 4117 Bardaz
1058 4061 1234 4118 rebus
1281 4062 1604 4134 plurimum
1639 4062 1835 4119 attulit
1865 4062 1951 4119 in-

299 4152 601 4218 crementi,
626 4166 950 4222 omnesque
990 4154 1059 4205 ad
1104 4167 1236 4206 eum
1270 4151 1470 4223 magni
1504 4151 1779 4222 parvique
1808 4153 1952 4207 defi-

301 4240 561 4308 ciebant;
593 4239 966 4312 imperatoris
999 4256 1091 4295 res
1125 4258 1260 4311 una,
1288 4256 1471 4312 eaque
1502 4258 1669 4297 sacra
1696 4242 1953 4297 anchora

305 4330 775 4398 sustinebantur,
804 4328 1000 4384 divino
1032 4328 1313 4385 nimirum
1346 4329 1582 4386 auxilio.
1612 4331 1683 4384 At
1712 4330 1952 4385 cubicu-

303 4419 489 4477 larius
520 4436 757 4491 praeses,
790 4434 1129 4491 quanquam
1178 4425 1234 4475 et
1279 4420 1655 4475 terrestribus
1704 4420 1954 4492 negotiis

307 4526 511 4566 curam
543 4507 925 4581 impenderet,
960 4507 1149 4565 multo
1188 4508 1377 4581 magis
1416 4513 1612 4565 tamen
1645 4509 1953 4565 maritimas

306 4598 390 4654 rei
440 4603 565 4654 erat
606 4598 883 4652 intentus.
915 4598 1059 4653 Nam
1110 4597 1345 4655 hostilis
1392 4598 1599 4654 classis
1647 4599 1955 4671 praefectus

308 4686 629 4743 Michaelus
677 4685 971 4755 Curtices,
1021 4703 1224 4743 omnes
1275 4686 1496 4743 insulas
1541 4686 1954 4760 depopulatus,

301 4778 429 4848 jam
474 4776 662 4848 ipsam
696 4792 931 4848 quoque
974 4776 1033 4830 in
1065 4775 1440 4848 Hellesponto
1490 4777 1665 4833 sitam
1699 4777 1955 4849 Abydum

305 4866 616 4921 videbatur
643 4870 1110 4937 oppugnaturus.
1148 4866 1350 4937 Itaque
1375 4866 1621 4923 classem
1658 4868 1836 4941 probe
1865 4869 1956 4923 in-

307 4956 499 5021 struit,
550 4971 799 5026 eamque
848 4960 1049 5010 contra
1078 4955 1372 5011 Citrucam
1423 4957 1658 5024 emittit,
1693 4957 1959 5027 praefecto

304 5044 610 5100 Theodoro
660 5048 983 5100 Caranteno
1031 5044 1296 5116 patricio.
1346 5049 1403 5099 Is
1452 5044 1799 5101 Theodurus
1858 5062 1962 5118 per

307 5134 506 5190 fauces
539 5132 898 5205 Hellesponti
922 5139 1119 5189 vectus
1145 5134 1295 5204 apud
1330 5134 1630 5190 Phocaeam
1663 5151 1797 5192 cum
1828 5139 1962 5191 Cur-

308 5225 423 5280 tica
474 5224 737 5280 navalem
789 5224 1044 5280 conserit
1094 5241 1349 5296 pugnam
1398 5225 1850 5283 vehementem:
1893 5244 1961 5283 ea

305 5314 498 5370 victus
533 5314 795 5371 Curtices
836 5313 1131 5385 classique
1179 5314 1309 5385 ejus
1358 5315 1623 5387 disjecta,
1656 5320 1712 5372 et
1740 5316 1958 5373 Caran-

306 5408 442 5459 teno
472 5404 679 5459 exinde
732 5419 891 5459 mare
940 5404 1239 5459 obtinente
1271 5421 1362 5459 res
1396 5404 1698 5459 maritimas
1752 5407 1960 5477 quietas

309 5493 567 5549 fuerunt.
630 5491 876 5547 Proinde
935 5492 1316 5549 terrestribus
1382 5494 1631 5565 negotiis
1698 5496 1960 5551 intentus

308 5599 523 5656 presses
574 5580 910 5638 Manuelum
965 5582 1118 5639 428
1166 5582 1481 5653 Eroticum,
1524 5583 1702 5639 nobili
1751 5600 1962 5657 genere

309 5678 503 5729 ortum
536 5676 594 5728 et
620 5671 835 5729 virtute
865 5688 931 5728 ac
973 5671 1316 5729 fortitudine
1352 5671 1607 5744 clarum,
1640 5672 1855 5729 emittit
1886 5676 1957 5730 ad

2135 4064 2225 4117 Ἐκ
2268 4061 2469 4133 ταύτης
2515 4070 2615 4133 τῆς
2660 4060 2816 4134 νίκης
2860 4060 2927 4118 τὰ
2979 4063 3072 4135 μὲν
3121 4066 3217 4118 τοῦ
3270 4058 3451 4135 Βάρδα
3509 4060 3717 4135 ὑψοῦτο

2060 4150 2150 4205 καὶ
2182 4150 2269 4205 ἐπὶ
2304 4153 2441 4229 μέγα
2495 4148 2681 4228 ᾔρετο,
2735 4152 2972 4220 πάντων,
3029 4151 3102 4214 ὡς
3138 4150 3332 4217 εἷπεῖν,
3363 4154 3571 4225 μικρῶν
3618 4151 3721 4204 καὶ

2066 4238 2318 4317 μεγάλων
2354 4240 2866 4317 προσρυί’σκομένων
2902 4241 3071 4314 αὐτῷ,
3103 4240 3170 4296 τὰ
3201 4238 3260 4295 δὶ
3305 4243 3400 4295 τοῦ
3445 4237 3723 4315 βασιλέως

2064 4328 2152 4385 ἐπὶ
2206 4335 2332 4404 μιᾶς
2386 4330 2676 4400 ἐσάλευεν,
2719 4331 2865 4407 ἱερᾶς
2921 4330 3103 4404 μέντοι
3151 4329 3425 4405 ἀγκύρας,
3470 4335 3571 4397 τῆς
3615 4332 3720 4382 τοῦ

2063 4424 2195 4475 Θεοῦ
2231 4420 2503 4495 βοηθείας.
2558 4421 2619 4477 Ὁ
2651 4417 2707 4474 δὲ
2746 4420 3245 4494 παρακοιμώμενος
3291 4416 3568 4494 ἐφρόντιζε
3617 4417 3719 4489 μὶν

2063 4510 2152 4564 καὶ
2181 4513 2287 4563 τῶν
2338 4511 2473 4564 κατά
2523 4508 2745 4584 χέρσον,
2798 4507 2966 4565 πλέον
3018 4505 3064 4563 δ’
3115 4506 3380 4582 ἐμερίμνα
3422 4509 3531 4561 τῶν
3579 4506 3724 4561 κατᾶ

2066 4596 2372 4663 θάλατταν’
2431 4598 2619 4653 ἐλύπει
2678 4598 2781 4674 γὰρ
2841 4597 3000 4652 αὐτὸν
3056 4598 3083 4652 6
3137 4601 3233 4651 τοῦ
3284 4595 3529 4651 ἐναντίου
3586 4616 3721 4650 κατ-

2066 4690 2254 4763 άρχων
2313 4685 2510 4743 στόλου
2546 4734 2559 4760 ,
2617 4685 2849 4763 Μιχαὴλ
2910 4687 2937 4742 6
2997 4686 3339 4761 Κουρτίκιος,
3388 4690 3561 4740 πᾶσαν
3620 4685 3726 4757 μὶν

2065 4784 2229 4846 νῆσον
2287 4778 2673 4853 πεπορθηκὼς,
2726 4774 2836 4847 ἤδη
2891 4774 2937 4831 δ’
2978 4773 3224 4848 ἐπίδοξος
3279 4772 3351 4829 ὢν
3411 4776 3500 4830 καὶ
3534 4775 3632 4841 τὴν
3666 4774 3723 4828 ὲν

1989 4907 2035 4973 D
2067 4865 2458 4940 Ἑλλησπόντῳ
2489 4864 2806 4942 πολιορκεῖν
2856 4861 3119 4923 ”Α6υδον.
3152 4863 3361 4922 Οὐκοῦν
3395 4864 3482 4918 καὶ
3518 4861 3724 4919 στόλον

2070 4954 2489 5033 ἐξαρτυσάμενος
2577 4954 2728 5028 μάλα
2819 4952 3002 5017 καλῶς
3088 4953 3353 5028 ἐκπέμπει
3433 4952 3568 5008 κατᾶ
3620 4958 3729 5007 τοῦ

2068 5045 2415 5119 Κουρτικίου,
2466 5045 2767 5129 ’ναύαρχον
2841 5040 3041 5120 ἔχοντα
3095 5041 3375 5119 Θεόδωρον
3432 5041 3731 5116 πατρίκιον

2065 5134 2158 5192 τὸν
2214 5134 2587 5211 Καραντηνόν.
2649 5132 2821 5197 Οῦτος
2884 5131 2930 5189 δ’
2990 5132 3289 5195 ἰκπλεύσας
3333 5135 3423 5188 καὶ
3473 5132 3542 5187 τὰ
3572 5134 3738 5187 στενᾶ

2070 5220 2257 5285 διαϐὰς
2285 5228 2381 5279 τοῦ
2413 5222 2823 5294 Ἑλλησπόντου
2852 5225 2990 5279 κατὰ
3021 5224 3279 5278 Φώκαιαν
3302 5226 3384 5294 τῷ
3418 5222 3737 5296 Κουρτικῖῳ

2068 5314 2498 5390 προσρήγνυται,
2566 5313 2654 5369 καὶ
2728 5315 3025 5389 γενομένης
3086 5316 3347 5388 καρτερᾶς
3414 5309 3739 5385 ναυμαχίας

2070 5405 2123 5459 οἱ
2169 5404 2293 5479 περὶ
2339 5403 2430 5459 τὸν
2477 5404 2801 5479 Κουρτίκιον
2852 5402 3137 5478 τρέπονται
3180 5402 3271 5457 καὶ
3321 5397 3736 5467 σκεδάννυνται,

2067 5494 2155 5550 καὶ
2189 5492 2383 5549 λοιπὸν
2425 5493 3034 5568 θαλασσοκρατήσαντος
3090 5494 3186 5547 τοῦ
3244 5493 3596 5565 Καραντηνοῦ
3623 5493 3737 5560 τὴν

2071 5583 2377 5660 ἑπεχειρίαν
2408 5582 2537 5660 ἔσχε
2563 5583 2629 5638 τὰ
2656 5590 2755 5652 τῆς
2790 5580 3089 5651 θαλάσσης.
3136 5577 3276 5649 Ἤδη
3332 5576 3390 5635 δὲ
3432 5584 3540 5634 τῶν
3586 5581 3735 5634 κατᾶ

2071 5673 2335 5737 θάλατταν
2368 5672 2608 5750 ἐχόντων
2636 5670 2820 5737 καλῶς
2852 5673 2879 5726 6
2910 5668 3409 5749 παρακοιμώμενος
3442 5673 3547 5724 τῶν
3582 5668 3735 5724 κατὰ
