4014 6194
294 357 401 418 161

1434 348 1984 415 HISTORIARUM
2026 346 2577 411 COMPENDIUM.

3593 354 3713 418 162

289 488 386 557 τήν
435 484 664 561 ἤπειρον
716 483 917 549 ἐτίθετο
971 480 1329 558 ἐπιμέλειαν.
1392 482 1495 542 Καὶ
1551 480 1619 551 δὴ
1677 478 1941 549 Μανουὴλ

2075 480 2506 538 :ustodiendam
2550 480 2824 538 Nicaeam.
2859 480 3035 538 Paulo
3067 486 3198 554 post
3229 484 3299 539 ad
3332 500 3460 541 eam
3501 486 3709 544 urbem

292 576 577 649 πατρίκιον
633 576 726 629 τὸν
763 574 1065 651 Ἐρωτικόν
1100 616 1115 641 ,
1172 572 1233 628 ἐκ
1280 574 1472 648 γένους
1522 593 1583 627 τε
1633 569 1799 645 ἄνδρα
1856 570 1948 624 καὶ

292 665 373 721 ἐπ’
430 666 593 741 ἀρετῇ
652 658 945 734 διαϐόητον
978 662 1066 717 καὶ
1108 660 1320 738 ἀνδρίνᾳ,
1380 666 1633 740 φρουρεῖν
1682 661 1947 731 ἐκπέμπει

292 757 390 824 τὴν
449 753 696 809 Νίκαιαν.
757 754 908 810 Μετὰ
966 753 1159 827 μικρὸν
1222 749 1280 807 δὲ
1343 745 1751 823 καταλαμϐάνει
1800 749 1949 805 καὶὸ

296 843 571 916 Σκληρὸς,
602 844 689 897 καὶ
720 843 790 897 τὰ
818 842 971 916 πὲριξ
991 848 1092 910 τῆς
1127 840 1351 903 Νικαίας
1378 838 1739 914 πυρπολήσας
1768 836 1951 913 χωρία

292 933 607 990 τελευταῖον
665 931 753 985 καὶ
810 930 895 985 ἐπ’
952 930 1117 999 αὐτὴν
1169 932 1268 999 τὴν
1325 930 1555 986 Νίκαιαν
1587 927 1827 1004 ἔρχεται,
1860 925 1949 981 καὶ

296 1020 587 1077 ἐλεπόλεσι
642 1022 730 1075 καὶ
793 1026 1070 1095 μηχαναῖς
1123 1019 1457 1095 ἐκπορθῆσαι
1501 1017 1777 1093 ἠπείγετο.
1831 1023 1951 1071 Γεν-

294 1113 463 1175 ναίως
523 1109 581 1166 δὶ
629 1115 725 1165 τοῦ
752 1109 1017 1179 Μανουὴλ
1052 1107 1455 1183 ὑποδεξαμένου
1484 1110 1583 1178 τὴν
1624 1106 1949 1181 πολιορκίαν

294 1204 386 1257 καὶ
442 1202 540 1265 τὰς
594 1199 1003 1275 προσαγομένας
1032 1203 1113 1273 τῷ
1170 1200 1341 1274 τείχει
1394 1197 1671 1271 κλίμακας
1708 1196 1797 1250 καὶ
1851 1216 1955 1267 μη-

294 1291 468 1367 χανὰς
498 1291 775 1362 σκευαπῷ
828 1290 958 1364 πυρὶ
991 1288 1471 1362 πυρπολήσαντος,
1499 1289 1600 1357 τὴν
1632 1284 1691 1340 ἐκ
1719 1284 1953 1357 πολιορ-

291 1380 416 1443 κίας
496 1379 702 1434 ἅλωσιν
796 1378 1067 1452 ἀπογνοὺς
1149 1379 1178 1433 ὁ
1260 1376 1513 1452 Σκληρὸς
1596 1372 1765 1446 ἐνδείᾳ
1844 1376 1952 1428 τῶν

293 1469 607 1544 ἀναγκαίων
667 1466 898 1538 ἤλπιζεν
934 1470 1157 1543 αἱρῆσαι
1187 1469 1288 1537 τήν
1341 1465 1530 1539 πόλιν,
1559 1465 1768 1539 Χρόνου
1803 1460 1861 1517 δὶ
1888 1461 1955 1537 τῇ

292 1555 599 1633 πολιορκίᾳ
643 1551 922 1633 τριϐέντος
980 1554 1199 1612 πολλοῦ
1226 1557 1454 1611 καὶτῶν
1511 1551 1661 1609 ἔνδον
1692 1550 1955 1625 πιεζομί-

294 1669 409 1702 νων
464 1650 537 1720 τῇ
596 1644 853 1718 σιτοδείᾳ,
914 1648 999 1719 [Ρ.
1031 1648 1158 1716 6911
1220 1645 1297 1718 μή
1352 1641 1497 1719 ἔχων
1559 1645 1588 1698 6'
1627 1664 1677 1698 τι
1708 1642 1799 1697 καὶ
1833 1639 1959 1716 δρά-

296 1757 439 1792 σειεν
476 1736 507 1789 6
556 1733 818 1805 Μανουήλ
867 1731 999 1807 μηδ’
1048 1733 1167 1788 ὅθεν
1216 1732 1581 1806 εἶσκομίσεται
1618 1730 1685 1786 τὰ
1726 1730 1864 1805 πρὸς
1893 1728 1957 1784 τὸ

299 1830 399 1898 ζῇν
434 1826 720 1899 ἀναγκαῖα,
775 1823 1051 1896 ἐπιμελῶς
1104 1827 1202 1879 τοῦ
1254 1821 1512 1921 Σκληριοῦ
1559 1822 1656 1883 τὰς
1716 1816 1958 1879 εἰσόδους
1991 1856 2037 1921 Β

295 1917 622 1989 τηροῦντος,
689 1912 870 1987 ἀπάτῃ
931 1913 1024 1967 τὸν
1103 1910 1355 1985 Σκληρὸν
1428 1906 1569 1986 ἔγνω
1631 1908 1954 1984 περιελθεῖν.

298 2002 527 2076 Ἀμέλει
558 2001 649 2057 καὶ
706 2002 834 2066 τοὺς
866 2008 967 2071 τῆς
1016 2000 1242 2063 Νικαίας
1290 1995 1669 2061 σιτοϐολῶνας
1726 1997 1958 2073 ψάμμου

297 2090 624 2162 λεληθότως
681 2090 1091 2166 πεπληρωκὼς,
1137 2091 1227 2145 καὶ
1269 2089 1402 2162 σίτῳ
1459 2087 1658 2143 ἄνωθεν
1699 2090 1799 2156 τήν
1848 2086 1962 2141 ἐπι-

298 2180 527 2257 φάνειαν
590 2180 930 2257 ἐπιχρώσας,
980 2180 1055 2242 ὡς
1117 2178 1443 2244 κλέπτεσθαι
1495 2177 1592 2241 τὰς
1646 2173 1799 2251 ὄψεις
1850 2178 1960 2230 τῶν

302 2270 623 2343 θεωμένων,
671 2268 821 2331 τινὰς
869 2274 978 2323 τῶν
1026 2267 1329 2338 ἡλωκότων
1371 2268 1476 2322 ἀπὸ
1519 2274 1621 2335 τῆς
1659 2269 1767 2320 τῶν
1820 2263 1963 2319 ἐναν-

302 2358 441 2413 τίων
504 2358 701 2432 μοίρας
757 2354 1270 2432 προσκαλεσάμενος
1326 2354 1535 2412 ἐδείκνυ
1577 2356 1643 2409 τὰ
1701 2358 1961 2427 ταμιεῖα,

305 2448 398 2502 καὶ
460 2448 599 2521 πρὸς
625 2448 715 2502 τὸν
747 2445 1003 2522 Σκληρὸν
1061 2445 1376 2523 ἐπαφίησιν,
1436 2444 1604 2499 εἰπεῖν
1638 2441 1965 2515 ἐπισκήψας,

312 2538 530 2609 δτιπερ,
560 2538 669 2604 Τήν
696 2535 755 2591 ἐκ
781 2540 878 2591 τοῦ
911 2534 1081 2609 λιμοῦ
1111 2533 1437 2611 πολιορκίαν
1472 2534 1533 2587 οὺ
1566 2530 1783 2587 δέδοικα
1808 2530 1966 2601 (ἀπο-

311 2629 541 2702 χρώσας
582 2628 685 2702 γὰρ
734 2623 849 2702 ἔχω
890 2625 1094 2703 τροφὰς
1145 2625 1235 2680 καὶ
1286 2624 1374 2680 ἐπὶ
1414 2621 1564 2679 δυσὶν
1596 2621 1749 2684 ὅλοις
1782 2619 1966 2693 ἔτεσι),

312 2715 615 2789 πολιορκίᾳ
646 2713 702 2770 δὲ
732 2714 920 2777 ἄλλως
951 2718 986 2784 ἡ
1018 2714 1181 2778 πόλις
1210 2714 1511 2775 ἀνάλωτος*
1543 2714 1612 2766 τὰ
1640 2711 1708 2765 σὰ
1757 2708 1800 2764 δ’
1858 2709 1968 2785 ἐγὼ

312 2810 531 2880 φρονῶν
578 2802 801 2878 ἕτοιμός
847 2802 963 2877 εἷ’μι
1014 2803 1335 2873 ὑπεκστῆναι
1392 2822 1477 2857 σοι
1519 2807 1620 2871 τῆς
1646 2797 1888 2870 πόλεως,
1921 2797 1972 2853 εἴ

309 2894 533 2967 ἑμοίτε
567 2894 660 2948 καὶ
714 2899 832 2955 τοῖς
878 2899 991 2966 μετ’
1045 2892 1181 2966 ἐμοῦ
1230 2890 1301 2947 δι’
1359 2892 1535 2967 ὅρκων
1569 2888 1723 2959 δοίης
1755 2888 1969 2943 ἀπιέναι

2059 570 2283 627 accedit
2312 571 2525 638 Durus,
2550 574 2607 625 et
2637 570 2907 625 incendio
2938 576 3199 627 evastata
3225 572 3441 630 vicinia
3472 576 3709 632 tandem

2059 659 2249 731 ipsam
2272 676 2505 731 quoque
2530 659 2820 714 machinis
2843 660 3126 716 adhibitis
3148 667 3467 734 oppugnat.
3484 664 3551 719 Et
3576 681 3710 721 cum

2059 748 2285 804 fortiter
2314 748 2652 804 defenderet
2678 748 3001 819 Manuelus,
3031 749 3342 822 scalasque
3387 757 3445 807 et
3490 754 3714 809 machi-

2060 855 2168 893 nas
2198 839 2465 893 admotas
2496 837 2618 909 igni
2650 837 2971 893 artificioso
3003 845 3304 909 cremaret,
3330 840 3383 895 vi
3414 858 3476 897 se
3509 843 3713 899 urbem

2061 943 2393 999 expugnare
2434 942 2605 997 posse
2649 927 2968 998 desperans
3016 929 3255 999 Bardas,
3288 931 3360 985 ob
3409 933 3714 1002 penuriam

2062 1021 2256 1071 autem
2276 1016 2539 1071 deditum
2560 1014 2627 1069 iri
2652 1016 2890 1071 tandem
2910 1016 3193 1087 cogitans,
3226 1017 3325 1072 diu
3344 1019 3713 1077 obsidionem

2061 1104 2256 1160 traxit.
2281 1103 2603 1175 Oppidanis
2629 1104 3043 1159 alimentorum
3066 1106 3297 1162 defectu
3328 1110 3569 1178 pressis,
3592 1113 3716 1166 Ma-

2063 1193 2274 1248 nuelus
2306 1210 2421 1264 quo
2470 1208 2531 1248 se
2575 1197 2823 1248 verteret
2862 1195 3119 1263 nescius,
3154 1211 3288 1251 cum
3335 1200 3488 1253 Duro
3520 1200 3717 1256 aditus

2065 1282 2230 1337 urbis
2260 1286 2525 1336 accurate
2548 1281 2913 1337 custodiente
2944 1282 3139 1338 invehi
3166 1283 3312 1339 nihil
3343 1292 3563 1359 posset,
3584 1287 3717 1345 dolo

2066 1371 2488 1427 circumvenire
2539 1387 2673 1426 eum
2723 1370 2946 1426 statuit.
2990 1373 3269 1429 Grenaria
3317 1374 3517 1431 Nicaeae
3567 1377 3717 1434 clam

2065 1478 2242 1517 arena
2270 1465 2549 1531 congesta
2579 1458 2807 1531 implet,
2838 1460 2894 1515 in
2927 1463 3235 1532 superﬁcie
3266 1466 3554 1522 frumento
3586 1483 3721 1523 con-

2066 1555 2276 1619 strata,
2308 1554 2372 1604 ut
2404 1566 2577 1605 arena
2608 1548 2800 1604 visum
2838 1548 3084 1605 falleret.
3119 1551 3269 1606 Tum
3301 1556 3615 1624 quemdam
3648 1557 3721 1613 de

2066 1637 2338 1695 hostibus
2370 1641 2608 1709 captum
2642 1653 2708 1693 eo
2738 1637 3000 1707 adducit,
3033 1643 3091 1694 et
3121 1638 3222 1695 illa
3252 1640 3635 1717 demonstrat,
3666 1648 3725 1701 et

2067 1728 2138 1783 ad
2175 1733 2397 1782 Durum
2428 1727 2667 1795 emittit,
2692 1743 2827 1782 cum
2867 1727 2961 1782 his
3005 1729 3321 1798 mandatis,
3356 1748 3418 1787 se
3446 1731 3621 1805 plane
3650 1734 3723 1791 ab

2068 1816 2373 1872 obsidione
2402 1815 2661 1887 penurire
2682 1831 2862 1871 causa
2893 1816 3040 1871 nihil
3062 1817 3176 1872 sibi
3198 1829 3476 1889 metuere,
3500 1821 3723 1878 instru-

2069 1912 2227 1962 ctum
2261 1907 2437 1961 etiam
2471 1904 2690 1961 biennii
2735 1905 2946 1977 integri
2978 1906 3274 1963 alimentis
3306 1926 3320 1965 :
3354 1915 3481 1966 tum
3514 1912 3722 1968 urbem

2067 1995 2259 2067 ipsam
2318 1994 2371 2049 vi
2438 2010 2815 2066 nequaquam
2880 1997 3204 2067 expugnari
3260 2014 3449 2070 posse.
3499 2002 3723 2059 Tamen

2071 2085 2225 2156 quod
2258 2083 2372 2155 ipsi
2400 2083 2547 2139 bene
2574 2082 2765 2155 vellet,
2792 2084 2935 2140 urbe
2964 2087 3240 2143 excedere
3270 2093 3539 2159 paratum
3572 2106 3722 2165 esse,

2073 2174 2123 2230 si
2154 2174 2262 2229 hoc
2316 2174 2573 2229 obtineat
2603 2177 2669 2228 ut
2700 2174 3039 2243 juramento
3089 2177 3394 2234 conﬁrmet
3436 2179 3631 2237 Durus
3662 2197 3726 2237 se

2072 2263 2187 2334 ipsi
2218 2266 2274 2317 et
2302 2262 2429 2317 suis
2460 2262 2701 2316 liberam
2735 2278 2852 2332 quo
2875 2262 3091 2318 vellent
3119 2266 3373 2320 abeundi
3406 2269 3542 2323 dare
3569 2274 3727 2340 pote-

2075 2356 2309 2406 statem.
2336 2350 2607 2405 Libenter
2644 2366 2770 2405 eam
2803 2351 3198 2407 conditionem
3245 2355 3514 2426 amplexo
3545 2358 3723 2425 Dure,

2076 2445 2133 2496 et
2149 2440 2323 2495 ﬁdem
2344 2441 2635 2509 ﬁrmante,
2655 2440 2781 2495 Man
2793 2439 2960 2495 uelus
2979 2457 3111 2495 cum
3131 2442 3526 2501 Nicaeensibus
3545 2454 3602 2501 et
3619 2464 3725 2504 suo

2075 2529 2330 2585 exercitu
2344 2529 2899 2599 omnibusque429
2914 2528 3565 2607 impedimentistolin
3581 2537 3724 2593 abit.

2078 2619 2194 2675 Hoc
2207 2622 2371 2690 pacto
2386 2619 2574 2673 Nicaea
2588 2619 2804 2689 potitus
2820 2619 2862 2674 D
2874 2636 3035 2685 urus,
3051 2622 3285 2676 tametsi
3298 2624 3723 2681 vaframentum

2077 2708 2221 2763 illud
2251 2709 2321 2763 de
2350 2710 2642 2763 frumento
2665 2709 3108 2778 deprehendens
3136 2711 3381 2767 moleste
3412 2713 3604 2783 ferret,
3637 2732 3730 2770 va-

2077 2796 2264 2853 lidum
2300 2796 2685 2853 nihilominus
2712 2796 2838 2852 urbi
2862 2796 2913 2851 ei
2946 2797 3283 2869 praesidium
3306 2800 3730 2873 imponit,duce

2080 2887 2335 2959 quodam
2354 2885 2616 2957 Pegasio,
2630 2890 2687 2940 et
2703 2885 2827 2957 ipse
2846 2885 3069 2957 reliqua
3088 2890 3456 2961 persequitur
3472 2895 3707 2965 negotia

307 2983 418 3054 δπη
454 2981 526 3051 δὴ
574 2983 662 3037 καὶ
697 2983 1017 3059 αἱρούμεθα.
1049 2981 1326 3056 Ἀσμένως
1361 2979 1418 3036 δὲ
1444 2984 1541 3036 τοῦ
1572 2976 1754 3054 Βάρδα
1778 2975 2070 3051 δεξαμένου
2095 2976 2185 3030 τὸν
2211 2971 2378 3047 λόγον
2424 2972 2514 3027 καὶ
2561 2972 2767 3035 πίστεις
2805 2974 3245 3048 πααεσχηκότας,
3275 2976 3402 3041 τοὺς
3447 2981 3668 3048 Νικαεῖς
3698 2986 3726 3039 ὁ

304 3070 576 3142 Ηανουήλ
610 3070 853 3151 εἰληφὼς
874 3072 965 3127 καὶ
995 3072 1087 3127 τὸν
1119 3073 1255 3148 ἀμφ’
1288 3071 1447 3126 αὐτὸν
1481 3066 1707 3145 στρατόν
1743 3067 1875 3141 μετὰ
1903 3067 2121 3122 πάντων
2153 3066 2226 3118 ὧν
2260 3063 2434 3138 εἶχον,
2466 3060 2681 3117 εἷ’σεισιν
2718 3063 2793 3125 εἷς
2843 3065 2943 3132 τὴν
2998 3063 3416 3139 βασιλεύουσαν.
3476 3073 3582 3141 Τὴν
3633 3073 3730 3132 Νι.

301 3181 460 3216 καιαν
519 3158 578 3216 δὲ
632 3160 991 3240 παρειληφὼς
1049 3162 1076 3216 ὁ
1105 3160 1381 3235 Σκληρὸς,
1409 3159 1591 3215 καὶτὸ
1622 3160 1746 3233 περὶ
1774 3157 1867 3211 τὸν
1923 3160 2071 3211 σῖτον
2124 3153 2293 3228 εὑρὼν
2355 3150 2743 3227 ῥᾳδιούργημα
2772 3152 2965 3224 ἠνιάθη
3007 3155 3101 3227 μὲν
3130 3154 3210 3233 ἐφ’
3262 3159 3345 3219 οἷς
3400 3158 3727 3235 ἐξηπάτητο,

301 3252 549 3326 φρουρὰν
582 3248 629 3305 δ’
655 3249 809 3324 ὅμως
840 3250 995 3330 ἀφεὶς
1027 3250 1329 3326 ἀξιόμαχον
1361 3250 1414 3306 ἐν
1448 3247 1611 3324 αὐτῇ,
1642 3248 1732 3303 καὶ
1761 3246 2062 3323 στρατηγὸν
2097 3240 2369 3320 Πηγάσιόν
2401 3264 2521 3298 τινα
2550 3242 2604 3297 ἐν
2632 3242 2815 3305 αὐτοῖς
2846 3242 3161 3317 ἆπιστήσας,
3192 3248 3354 3311 αὐτὸς
3380 3255 3489 3305 τῶν
3539 3252 3731 3329 ἐφεξῆς

302 3340 492 3414 εἴχετο
524 3338 698 3417 ἔργων
710 3383 724 3397 .

376 3467 437 3518 Ὀ
470 3463 529 3519 δὲ
575 3466 1070 3539 παρακοιμώμενος
1119 3470 1236 3527 τοῖς
1284 3463 1438 3528 ὅλοις
1482 3462 1776 3539 ἀπορηθεὶς
1832 3458 1962 3535 (ἤδη

2151 3462 2457 3517 Enimvero
2490 3477 2702 3533 presses
2735 3460 2986 3517 Basilius
3018 3463 3190 3519 rebus
3221 3468 3449 3521 tantum
3482 3485 3594 3525 non
3630 3471 3732 3527 de-

311 3554 417 3630 γὰρ
447 3556 478 3609 ὁ
512 3552 770 3630 Σκληρὸς
828 3552 1122 3625 ἐπλησιάζε
1176 3558 1245 3629 τῇ
1273 3550 1535 3630 βασιλίδι)
1591 3550 1717 3626 μίαν
1749 3550 1973 3626 ἐγνώκει

317 3644 578 3717 βοήθειαν
620 3644 971 3720 ἀποχρῶσαν,
1023 3641 1234 3720 Βάρδκν
1290 3644 1383 3698 τὸν
1442 3648 1637 3698 Φωκᾶν
1692 3641 1974 3715 μεταπέμ-

316 3737 521 3807 ψασθαι
586 3739 684 3803 τῆς
763 3732 1071 3807 ὑπερορίας,
1144 3732 1303 3807 μόνον
1389 3731 1688 3807 ἀξιόμαχον
1768 3726 1971 3800 οἶηθεῖς

314 3828 511 3877 τοῦτον
546 3820 839 3876 ἀντίπαλον
871 3820 1076 3876 ἔσεσθαι
1106 3826 1185 3893 τῷ
1220 3820 1479 3897 Σκληρῷ.
1514 3820 1695 3895 Λόγου
1744 3815 1800 3873 δὲ
1849 3822 1973 3881 θᾶτ-

313 3933 407 3966 τον
459 3911 954 3985 μεταπεμψάμενος
1002 3910 1091 3964 καὶ
1150 3909 1333 3986 ὅρκοις
1366 3909 1825 3988 ἀσφαλισάμενος,
1881 3906 1969 3961 καὶ

316 4000 560 4055 πλοῦτον
586 3997 953 4074 παρεσχηκὼς
1001 3997 1206 4073 δαψιλῆ
1237 3999 1326 4054 καὶ
1367 4003 1448 4072 τῷ
1496 4002 1602 4053 τῶν
1653 3996 1970 4074 μαγίστφων

312 4091 591 4162 ἀξιώματι
663 4091 920 4161 τιμήσας,
990 4085 1309 4162 δομὲστικον
1383 4086 1790 4163 προχειρίζεται
1863 4090 1972 4139 τῶν

320 4178 544 4254 σχολῶν
590 4178 678 4233 καὶ
737 4177 869 4233 κατᾶ
922 4181 1019 4232 τοῦ
1072 4176 1330 4253 Σκληροῦ
1388 4175 1632 4254 ἀφίησιν.
1665 4176 1727 4231 Ὀ
1768 4172 1825 4229 δὲ
1877 4173 1972 4228 τὸν

321 4271 453 4343 ὑπὲρ
508 4273 621 4322 τῶν
696 4266 841 4322 ὅλων
897 4263 1287 4341 ἀναδεξάμενος
1352 4265 1539 4341 ἀγῶνα
1596 4269 1813 4340 πρῶτον
1877 4263 1971 4336 μὲν

317 4357 678 4434 ἐπεχείρησεν
748 4355 852 4410 ἀπὸ
904 4355 1118 4432 Θρᾴκης
1169 4357 1539 4430 περαιωθῆναι
1588 4355 1665 4418 είς
1710 4347 1971 4410 ⁸Α6υδονο

318 4445 693 4525 φυλάττοντος
726 4441 786 4500 δὲ
828 4446 896 4501 τὰ
922 4444 973 4500 ἐν
1010 4444 1406 4518 Ἑλλησπόντῳ
1458 4443 1642 4521 χωρία
1689 4443 1976 4516 Ῥωμανοῦ

317 4541 415 4592 τοῦ
463 4536 593 4590 υἱοῦ
636 4538 735 4589 τοῦ
813 4534 1068 4609 Σκληροῦ
1101 4577 1117 4607 ,
1173 4534 1570 4608 ἀποκρουσθεὶς
1619 4532 1817 4587 ἐκεῖθεν
1874 4528 1975 4585 ἐπ-

320 4625 521 4680 άνεισιν
568 4622 645 4685 εἷς
698 4622 797 4691 τὴν
832 4621 1106 4699 βασιλίδα,
1166 4621 1363 4679 ἐκεῖθεν
1416 4642 1475 4677 τε
1527 4620 1725 4677 πλοίου
1784 4614 1977 4681 ἐπιϐὰς

319 4716 409 4768 καὶ
460 4712 594 4774 τοὺς
653 4711 924 4774 ὶναντίους
992 4711 1172 4766 λαθὼν
1248 4712 1385 4788 πρὸς
1443 4713 1544 4781 τήν
1604 4710 1974 4787 ἀντίπορθμον

321 4803 525 4879 γίνεται
578 4809 709 4877 γῆν,
773 4802 858 4857 καὶ
916 4800 1298 4876 νυκτοπορίαις
1352 4802 1705 4877 χρησάμενος
1763 4795 1973 4853 ἄπεισιν

321 4894 398 4954 εἷς
458 4891 814 4966 Καισάρειαν,
872 4890 1041 4944 ἐκεῖσε
1087 4910 1147 4944 τε
1196 4889 1482 4962 Εὐσταθίῳ
1555 4889 1839 4964 μαγίστρῳ
1893 4889 1974 4957 τῷ

320 4981 580 5053 Παλεΐνῳ
605 4978 697 5033 καὶ
727 4977 961 5054 Μιχαὴλ
997 4978 1274 5054 μαγίστρῳ
1303 4982 1381 5050 τῷ
1423 4977 1663 5053 Βοόρτζῃ
1698 4974 1971 5051 συμμίξας

319 5066 540 5144 (ἰοθασε
568 5069 675 5143 γὰρ
721 5069 810 5122 καὶ
860 5066 1021 5131 αὐτὸς
1048 5066 1109 5122 ἑκ
1140 5066 1419 5139 μετανοίας
1450 5067 1517 5122 τὰ
1542 5071 1641 5123 τοῦ
1704 5063 1973 5142 βασιλιως

322 5158 483 5214 πάλιν
531 5157 770 5230 ἇλὲσθαι)
834 5158 946 5230 μετ’
1005 5157 1181 5211 αὐτῶν
1212 5157 1349 5233 πρὸς
1379 5154 1626 5228 πόλεμον
1661 5154 1971 5229 ἐξηρτύετο.

323 5247 417 5302 Καὶ
446 5244 514 5315 δὴ
552 5245 681 5301 λαὸν
733 5245 809 5309 ὡς
854 5244 882 5298 6
930 5245 1119 5321 καιρὸς
1168 5242 1350 5299 ἐδίδου
1378 5243 1657 5319 ἀθροίσας,
1703 5243 1794 5298 καὶ
1845 5242 1975 5304 τοὺς

326 5334 506 5401 ἰκτῆς
557 5340 733 5411 φυγῆς
773 5329 1193 5406 ἐσκεδασμένους
1244 5331 1456 5403 ἆλίσας,
1495 5334 1632 5409 πρὸς
1671 5326 1735 5387 τὸ
1783 5331 1975 5405 ’Δμώ-

328 5443 436 5495 ριον
465 5422 695 5499 γίνεται.
726 5423 825 5479 Καὶ
884 5422 919 5477 6
959 5420 1215 5498 Σκληρός
1275 5419 1332 5479 δέ
1387 5423 1487 5492 τὴν
1541 5419 1738 5477 τούτου
1790 5417 1973 5493 ἔξοδον

330 5512 601 5583 ἀκηκοὼς,
630 5510 723 5565 καὶ
752 5512 845 5565 νῦν
874 5508 1096 5587 πφῶτον
1144 5510 1351 5581 οἰηθεὶς
1395 5510 1487 5565 τὸν
1532 5509 1719 5585 ἀγῶνα
1765 5505 1976 5573 ἔσεσθαι

335 5600 477 5673 αὐτῇ
541 5600 680 5676 πρὸς
746 5595 939 5675 ἄνδραΔ
979 5598 1325 5673 πολεμιστὴν
1410 5598 1504 5654 καὶ
1561 5597 1741 5676 φερειν
1796 5595 1987 5654 εἰδότα

337 5689 599 5769 γυναίοις
639 5689 732 5747 καὶ
771 5691 1040 5757 τυπικῶς
1074 5688 1173 5755 τὰς
1214 5686 1520 5765 πολεμίους
1570 5680 1829 5767 στροφὰς,
1884 5686 1998 5755 καις

2083 3551 2332 3624 speratis
2366 3552 2519 3622 (cum
2544 3551 2669 3622 jam
2703 3550 2773 3606 ad
2815 3551 3002 3621 ipsam
3050 3553 3254 3608 urbem
3286 3557 3583 3614 accederet
3612 3561 3733 3615 Du—

2084 3644 2206 3713 rus)
2242 3658 2425 3696 unum
2457 3640 2565 3695 hoc
2610 3640 2884 3712 cogitavit
2931 3641 3271 3712 praesidium
3322 3661 3647 3717 superesse,
3681 3650 3730 3704 si

2081 3730 2271 3786 Barda
2302 3731 2522 3786 Phocas
2554 3731 2625 3785 ab
2656 3728 2865 3787 exsilio
2909 3736 3489 3805 revocaretur,quem
3540 3738 3730 3795 solum

2083 3820 2357 3875 censebat
2391 3821 2539 3874 Dure
2585 3824 2737 3875 recte
2768 3820 2982 3890 opponi
3014 3837 3205 3892 posse.
3232 3823 3376 3879 Eum
3408 3842 3543 3899 ergo
3575 3828 3732 3884 dicto

2084 3910 2258 3965 citius
2291 3914 2508 3979 evocat,
2534 3909 2923 3979 jurejurando
2950 3911 3002 3965 ei
3035 3926 3246 3968 cavens
3286 3918 3459 3985 atque
3491 3918 3734 3988 amplis-

2083 3999 2265 4054 simas
2295 4000 2601 4054 conferens
2629 4015 2801 4071 opes;
2835 4004 3229 4073 ornatumque
3253 4004 3517 4075 magistri
3540 4007 3735 4078 digni-

2082 4092 2203 4143 tate
2236 4087 2625 4143 domesticum
2655 4087 2993 4143 scholarum
3027 4089 3166 4145 facit
3194 4096 3250 4146 et
3281 4100 3483 4150 contra
3512 4096 3732 4151 Durum

2084 4178 2319 4233 emittit.
2347 4176 2567 4233 Phocas
2598 4192 2833 4231 summa
2863 4176 2975 4232 sibi
3007 4194 3202 4235 rerum
3234 4182 3454 4253 credita
3482 4184 3671 4253 primo
3701 4199 3732 4239 e

2083 4268 2332 4322 Thracia
2361 4267 2432 4321 ad
2464 4266 2733 4337 Abydum
2781 4267 3051 4337 trajicere
3098 4275 3340 4325 conatus
3371 4251 3497 4327 .est:
3524 4273 3637 4328 Sed
3668 4289 3737 4329 ea

2085 4373 2188 4428 spe
2217 4357 2501 4426 dejectus,
2525 4356 2681 4425 quod
2712 4358 3011 4411 Romanus
3040 4355 3182 4412 Duri
3212 4357 3369 4415 filius
3402 4360 3737 4433 Hellespon-

2084 4451 2212 4501 tum
2262 4448 2505 4512 teneret,
2527 4444 2728 4516 Cpolin
2759 4445 2952 4500 rediit.
2978 4446 3116 4502 Inde
3156 4448 3387 4519 navigio
3418 4466 3736 4507 conscenso

2086 4535 2355 4591 hostibus
2375 4551 2487 4590 non
2513 4533 3113 4591 animadvertentibus
3134 4537 3205 4591 ad
3238 4540 3569 4611 oppositam
3599 4557 3736 4596 con-

2086 4626 2369 4682 tinentem
2427 4624 2677 4695 trajecit,
2727 4626 3152 4698 nocturnisque
3200 4627 3508 4687 itineribus
3557 4632 3739 4688 Cassa-

2087 4732 2244 4771 ream
2274 4714 2555 4787 pervenit.
2593 4715 2675 4770 lbi
2706 4730 2768 4770 se
2800 4731 2933 4769 cum
2967 4716 3249 4788 magistro
3283 4719 3585 4778 Eustathio
3613 4725 3735 4777 Ma-

2086 4804 2239 4862 leino
2271 4810 2328 4861 et
2357 4803 2639 4860 Michaelo
2674 4805 2887 4859 Burtza
2915 4807 3076 4873 (nam
3106 4810 3163 4861 et
3190 4806 3241 4861 is
3274 4813 3503 4865 mutata
3529 4810 3735 4867 volun-

2084 4900 2204 4950 tate
2234 4894 2306 4949 ad
2354 4893 2726 4963 imperatoris
2775 4897 2969 4963 partes
3018 4893 3287 4968 redierat)
3330 4899 3633 4968 conjunxit
3681 4904 3739 4955 et

2084 4981 2234 5039 bello
2266 4983 2519 5054 gerendo
2560 4980 2809 5052 paravit.
2836 4986 2983 5052 Ergo
3024 4984 3242 5039 coactis
3276 4989 3340 5041 ut
3372 4992 3599 5058 poterat
3627 4988 3734 5044 mi-

2084 5069 2310 5139 litibus,
2343 5069 2719 5139 collectisque
2762 5068 2835 5123 iis
2885 5085 3032 5140 quos
3086 5071 3224 5143 fuga
3252 5073 3632 5146 disperserat,
3664 5077 3735 5132 ad

2083 5160 2389 5214 Amorium
2420 5157 2661 5214 accedit.
2687 5161 2881 5214 Durus
2912 5158 3011 5214 ubi
3044 5158 3291 5218 Phocam
3324 5165 3395 5219 ad
3425 5166 3581 5223 480
3609 5166 3736 5223 bel-

2086 5249 2209 5304 lum
2241 5248 2452 5304 exiisse
2480 5248 2771 5320 cognovit,
2802 5265 2959 5303 nunc
3004 5249 3242 5305 demum
3275 5257 3438 5310 ratus
3470 5255 3582 5310 sibi
3612 5272 3735 5312 rem

2086 5338 2208 5394 fore
2236 5353 2372 5393 cum
2400 5336 2523 5393 viro
2555 5336 2830 5392 bellicoso
2861 5342 2916 5392 et
2954 5335 3182 5393 fortiter
3210 5345 3385 5413 atque
3414 5344 3738 5416 composite

2088 5427 2236 5482 ferre
2266 5426 2418 5483 vices
2466 5424 2603 5481 belli
2647 5441 2849 5496 gnaro,
2882 5441 3015 5481 cum
3065 5426 3348 5485 hactenus
3380 5431 3494 5486 sibi
3524 5432 3738 5503 objecti

2088 5519 2286 5571 essent
2316 5513 2740 5570 homunciones
2770 5516 3032 5583 castrati,
3055 5515 3114 5572 in
3141 5516 3417 5576 thalamis
3445 5520 3662 5576 versati
3682 5524 3740 5574 et

2086 5603 2149 5659 in
2206 5603 2419 5660 umbra
2476 5604 2683 5674 degere
2712 5602 2919 5671 soliti,
2969 5620 3009 5661 ο.
3048 5604 3243 5662 Νίοωο
3295 5607 3615 5665 exercitum
3663 5606 3749 5663 ad

2087 5693 2389 5752 Ameriam
2426 5692 2605 5751 ducit.
2639 5690 2726 5750 Ibi
2774 5691 3013 5751 col-latis
3048 5693 3245 5770 signis
3282 5698 3647 5771 pugnatum;
3679 5699 3753 5756 et»
