4026 6210
213 446 326 507 165

1358 424 1903 493 HISTORIABUM
1946 421 2494 486 COMPENDIUM.

3514 429 3629 489 166

215 575 390 648 θέαμα
428 570 520 626 καὶ
570 564 912 639 καταπληξιν
981 570 1098 627 τοῖς
1149 565 1345 639 ὁρῶσιν
1406 562 1600 635 ἐπάγον
1656 556 1912 633 ἀνδρῶν]

2024 559 2241 612 extram
2274 574 2391 612 una
2415 573 2549 611 cum
2597 556 2760 611 freno
2792 571 2929 611 ense
2975 559 3260 626 amputat,
3294 558 3412 614 Pbo
3437 578 3502 615 as
3533 579 3626 617 ca-

220 665 311 721 6'30
344 657 669 737 μονομαχία
711 658 791 712 ἐπ’
848 654 1118 727 εὐτολμίᾳ
1159 653 1246 709 καὶ
1302 652 1461 728 ῥώμῃ
1506 654 1690 725 ψυχῆς
1740 650 1872 737 μέγα

218 736 612 831 φρονοῦντων),
678 745 1006 806 ὑποστάντες
1063 742 1351 813 ἀλλήλους
1409 738 1675 809 συστάδην
1737 736 1873 811 ἐμά-

221 828 416 920 χοντο.
450 840 553 895 Καὶ
596 840 626 893 6
661 838 756 910 μὶν
802 835 1050 912 Σκλροὸς
1102 837 1197 887 τοῦ
1240 829 1418 886 ’ἷππου
1473 833 1568 884 τοῦ
1617 833 1784 883 Φωκᾶ
1812 828 1874 883 τὸ

223 918 396 1003 δεξιὸν
459 929 555 991 οῦς
618 928 710 982 σὺν
770 924 849 998 τῷ
924 922 1140 1000 χαλινῷ
1190 921 1383 983 παίσας
1444 918 1741 975 ἀποκόπτει
1798 921 1878 988 τῷ

226 1022 360 1099 ξίφει
398 1062 412 1074 .
458 1021 487 1073 6
521 1017 579 1073 δὲ
629 1020 825 1077 Φωκᾶς
882 1017 952 1087 τῇ
1001 1013 1201 1087 κορύνῃ
1252 1011 1490 1080 πατάξας
1540 1008 1696 1063 αύτὸν
1744 1007 1880 1060 γατά

222 1095 318 1181 τῆς
353 1106 607 1185 κεφαλῆς
638 1110 829 1161 τοῦτον
866 1103 958 1177 μὲν
1008 1100 1095 1157 ἐπὶ
1138 1105 1236 1156 τοῦ
1259 1096 1552 1176 τραχήλου
1581 1102 1677 1153 τοῦ
1703 1095 1879 1151 ’ίππου

229 1202 407 1275 ῥίπτει
434 1184 524 1270 τῷ
559 1197 711 1271 βάρει
763 1201 861 1264 τῆς
912 1191 1134 1266 πληγῆς
1185 1189 1593 1265 κατενεχθέντα,
1626 1187 1783 1249 αὐτὸς
1825 1184 1881 1241 δὲ

232 1274 320 1345 τὸν
350 1287 531 1343 ’ἰππον
565 1283 840 1358 κεντρίσας
889 1282 976 1336 καὶ
1027 1280 1120 1342 τάς
1163 1284 1273 1335 τῶν
1324 1278 1575 1334 ἐναντίων
1610 1274 1879 1350 διατεμὼν

230 1379 519 1453 φάλαγγας
556 1372 738 1447 ἔξεισι,
787 1371 874 1427 καὶ
926 1371 1063 1445 πρός
1108 1390 1227 1424 τινα
1278 1367 1441 1446 λόφεν
1492 1367 1729 1423 ἀνελθὼν
1757 1367 1884 1428 τοὺς

232 1442 288 1524 ἐκ
311 1442 685 1541 τῆς-τροπῆς
734 1442 1068 1517 ἀνεκαλεέτο.
1110 1460 1178 1516 Ol.
1224 1456 1281 1513 δὲ
1333 1442 1455 1534 περὶ
1503 1458 1593 1513 τὸν
1630 1456 1882 1531 Σκληρὸν

232 1563 412 1618 κακῶς
472 1554 677 1631 ἔχοντα
738 1555 930 1607 τοῦτον
1000 1548 1060 1604 ἐκ
1112 1551 1210 1618 τῆς
1288 1545 1511 1625 πληγῆς
1569 1546 1886 1620 θεασάμενοι

234 1649 319 1702 καὶ
354 1646 469 1717 ἤδη
510 1645 959 1718 λειποψυχοῦντα
987 1640 1067 1711 τῷ
1096 1637 1366 1714 τραύματι
1410 1637 1496 1692 ἐπί
1538 1658 1659 1692 τινα
1700 1637 1886 1711 πηγὴν

237 1736 433 1814 ἄγουσι
493 1736 589 1790 τὸν
648 1733 847 1808 λύθρον
907 1728 1346 1802 ἀπονιψόμενον·
1410 1725 1726 1782 ὑπώπτευον
1785 1725 1887 1800 γὰρ

235 1830 321 1883 καὶ
367 1826 467 1881 τὸν
520 1827 718 1878 Φωκᾶν
764 1818 960 1891 τελείῳ
1003 1815 1113 1888 ἤδη
1155 1815 1528 1893 παραδοθῆναι
1577 1818 1887 1892 ἀφανισμῷ.

236 1920 347 1974 Τοῦ
393 1914 576 1969 ’ἱππου
634 1909 692 1966 δὲ
749 1910 1247 1985 ἀποσκιρτήσαντος
1303 1906 1393 1961 καὶ
1441 1907 1531 1961 τὸν
1590 1904 1892 1980 κατέχοντα

240 2004 585 2080 ἀποδράντος
644 2000 734 2055 καὶ
812 1997 903 2054 διὰ
974 2002 1081 2053 τῶν
1159 1997 1572 2071 στρατευμάτων
1634 1989 1892 2049 ὲπιϐάτου

240 2095 417 2171 χωρὶς
454 2094 676 2158 θέοντος
736 2090 949 2160 ἀτάκτῳ
1008 2086 1173 2162 ῥύμῃ,
1204 2086 1294 2139 καὶ
1343 2090 1423 2157 τῷ
1462 2083 1651 2157 αἶ’ματι
1683 2103 1889 2161 πεφυρ-

246 2186 410 2255 μένου
462 2179 787 2257 (Αἰγύπτιον
832 2177 924 2230 τὸν
979 2173 1149 2229 ’ίππον
1203 2172 1479 2244 ἐκάλουν),
1530 2172 1619 2228 καὶ
1650 2193 1891 2243 καταμα-

243 2274 421 2334 θόντες
454 2268 670 2329 οὗτινος
723 2269 751 2321 6
803 2264 997 2335 ἵππος,
1040 2264 1128 2319 καὶ
1180 2264 1499 2336 νομίσαννες
1548 2262 1639 2317 τὸν
1690 2262 1891 2315 ἑαυτῶν

244 2360 488 2437 ἄρχοντα
592 2355 993 2437 πεπτωκέναι,“
1040 2353 1295 2437 ἀκόσμως
1393 2351 1678 2437 τρέπονται
1748 2351 1893 2437 πρὸς

244 2424 441 2509 φυγήν,
490 2435 767 2503 κρημνοῖς
826 2427 915 2481 καὶ
970 2424 1133 2482 Ἅλυϊ
1174 2424 1251 2496 τῷ
1295 2424 1531 2497 ποταμῷ
1584 2424 1896 2499 ῥιπτοῦντες

246 2522 469 2581 ἑαυτοὺς
538 2521 633 2573 καὶ
699 2514 911 2578 ἀκλεῶς
990 2512 1391 2587 ἀπολλύμενοι,
1454 2511 1689 2586 μηδενὸς
1743 2511 1895 2573 ὄντος

244 2613 336 2666 τοῦ
388 2610 715 2669 διώκοντος.
777 2608 951 2663 Τοῦτο
1008 2601 1239 2659 κατιδὼν
1302 2604 1330 2657 6
1391 2607 1586 2664 Φωκᾶς
1644 2602 1749 2656 ἀπὸ
1801 2606 1899 2656 τοῦ

253 2700 449 2776 λόφου,
481 2697 575 2753 καὶ
610 2699 753 2751 Θεῖον
816 2692 971 2769 ἔργον
1024 2693 1153 2748 εἶναι
1210 2694 1273 2748 τὸ
1329 2713 1575 2768 πραγμα,
1622 2690 1801 2767 ὥσπερ
1832 2694 1897 2760 ἦν

253 2790 413 2860 εἰκὸς,
451 2784 823 2855 ὗποτοπάσας,
872 2784 1079 2837 κάτεισι
1126 2778 1260 2854 μετά
1313 2785 1420 2835 τῶν
1469 2780 1734 2837 συνόντων
1782 2780 1901 2836 ἐπι-

1982 650 2087 717 put
2110 646 2191 699 Du
2204 645 2246 699 ri
2272 645 2432 700 clava
2454 645 2538 700 ita
2570 645 2719 717 ferit,
2738 649 2801 701 ut
2820 644 2871 700 is
2894 645 2945 699 vi
2980 645 3094 700 ictu
3132 652 3460 717 prostratus
3481 650 3628 705 collo

1982 734 2116 805 equi
2149 734 2551 791 incumberet:
2578 735 2703 806 ipse
2729 734 3033 790 ordinibus
3054 734 3314 791 hostium
3338 740 3631 809 perruptis

1985 823 2164 879 citato
2195 841 2345 895 equo
2377 824 2588 893 evadit,
2612 828 2669 879 et
2712 824 2771 878 in
2821 824 3117 879 tumulum
3151 827 3464 896 quemdam
3500 843 3631 883 eve-

1987 917 2117 968 ctus
2149 929 2286 968 suos
2308 929 2338 967 e
2368 914 2501 983 fuga
2523 911 2764 984 colligit.
2790 911 3013 967 Durum
3037 913 3126 967 sui
3152 914 3406 985 graviter
3425 931 3493 971 ex
3515 916 3634 972 ictu

1986 1000 2251 1057 laborare
2302 1002 2543 1072 jamque
2599 1002 2795 1057 animo
2854 1001 3191 1073 delinquere
3240 1004 3522 1075 videntes,
3564 1006 3635 1060 ad

1990 1090 2206 1145 fontem
2240 1094 2547 1162 quemdam
2570 1091 2871 1145 adducunt
2901 1091 3127 1146 cruoris
3157 1091 3389 1147 eluendi
3421 1111 3639 1150 causa:

1992 1196 2128 1234 nam
2160 1184 2354 1235 actum
2393 1182 2519 1251 jam
2563 1196 2803 1252 prorsus
2850 1196 2978 1235 esse
3009 1182 3080 1236 de
3111 1181 3300 1238 Phoca
3328 1184 3639 1254 putabant.

1993 1270 2080 1324 lbi
2113 1286 2244 1324 cum
2278 1286 2466 1340 equus
2507 1269 2669 1339 Duri,
2701 1269 2998 1341 Egyptius
3048 1269 3303 1337 nomine,
3337 1271 3411 1326 ab
3442 1288 3509 1328 eo
3541 1273 3643 1344 qui

1993 1360 2184 1430 ipsum
2218 1360 2474 1429 tenebat,
2499 1377 2559 1415 se
2586 1359 2900 1424 evellisset,
2922 1376 2987 1414 ac
3018 1359 3143 1415 sine
3165 1377 3393 1417 sessore
3421 1379 3523 1434 per
3550 1379 3643 1417 or-

1994 1451 2165 1505 dines
2210 1449 2428 1504 incerto
2478 1450 2697 1521 impetu
2730 1466 2933 1504 cruore
2966 1449 3234 1521 oppletus
3265 1451 3643 1521 discurreret,

1998 1539 2193 1610 agnito
2224 1555 2289 1594 eo
2330 1538 2549 1594 milites
2598 1538 2753 1609 Duri,
2788 1554 2963 1594 suum
3012 1538 3424 1609 imperatorem
3474 1557 3645 1596 occu-

1999 1628 2197 1684 buisse
2228 1627 2359 1695 rati,
2389 1628 2587 1699 fugam
2619 1627 3015 1683 inordinatam
3046 1628 3289 1692 faciunt,
3324 1646 3425 1699 per
3456 1630 3650 1701 praeci-

2001 1718 2147 1790 pitia
2178 1733 2305 1772 sese
2351 1722 2408 1772 et
2456 1718 2514 1771 in
2562 1716 2707 1789 Alyn
2759 1733 2991 1771 amnem
3024 1716 3365 1787 dejicientes
3398 1720 3550 1775 488
3583 1736 3649 1776 ac

2000 1806 2255 1877 turpiter
2312 1810 2647 1878 pereuntes,
2698 1805 2929 1861 nemine
2974 1805 3341 1876 insequente.
3373 1808 3535 1871 Quod
3565 1809 3651 1877 ,de

2003 1895 2148 1951 colle
2180 1895 2382 1950 videns
2422 1895 2666 1965 Phocus,
2701 1895 2916 1965 Deique
2961 1893 3070 1949 hoc
3105 1896 3249 1962 fieri,
3284 1900 3347 1951 ut
3377 1914 3519 1952 sane
3551 1898 3651 1954 fie-

2002 1987 2123 2054 bat,
2148 1990 2292 2041 nutu
2328 1986 2608 2053 sentiens,
2634 2001 2765 2041 cum
2800 1985 2926 2041 suis
2955 1985 3260 2041 descendit
3289 1992 3346 2042 et
3375 1987 3653 2060 fugienti-

2004 2077 2116 2132 bus
2158 2076 2358 2144 instat,
2392 2092 2521 2131 sese
2572 2075 2816 2131 invicem
2867 2074 3349 2131 conculcantibus
3381 2082 3437 2132 et
3466 2075 3656 2133 omnis

2004 2165 2363 2220 defensionis
2404 2163 2623 2228 oblitis,
2648 2180 2968 2234 eorumque
3000 2163 3146 2219 alios
3177 2164 3473 2237 interﬁcit,
3509 2167 3656 2222 alios

2005 2253 2181 2325 capit.
2209 2258 2398 2309 Durus
2421 2270 2553 2308 cum
2579 2252 2783 2324 paucis
2804 2253 3040 2324 elapsus
3064 2253 3499 2325 Martyropolim
3523 2272 3657 2311 con-

2005 2343 2174 2411 fugit.
2197 2342 2334 2397 Inde
2353 2343 2586 2397 fratrem
2608 2359 2782 2397 suum
2798 2342 3249 2397 Constantinum
3274 2344 3342 2398 ad
3363 2344 3653 2399 Chosroen

2007 2430 2315 2503 Babylonis
2363 2430 2688 2503 principem
2738 2430 2919 2485 mittit
2965 2436 3303 2487 societatem
3344 2437 3403 2488 et
3440 2432 3659 2488 auxilia

2007 2520 2281 2592 petitum.
2304 2519 2569 2591 Cumque
2592 2521 2639 2576 is
2674 2537 2863 2575 moras
2895 2525 3132 2575 nectens
3164 2537 3354 2593 neque
3377 2526 3661 2578 annueret

2009 2625 2199 2680 neque
2230 2610 2544 2680 denegaret
2573 2609 2725 2679 quod
2760 2611 3088 2681 petebatur,
3113 2609 3359 2681 ideoque
3379 2612 3662 2667 Constan-

2009 2698 2171 2753 tinus
2211 2698 2437 2753 diutius
2495 2698 2746 2764 abesset,
2780 2704 3016 2755 coactus
3064 2698 3190 2771 ipse
3238 2716 3476 2772 quoque
3531 2718 3665 2756 cum

2014 2787 2293 2842 omnibus
2324 2787 2448 2841 suis
2479 2788 2682 2842 eodem
2718 2786 2859 2842 abit.

251 2877 461 2933 διώκων
497 2875 632 2936 τοὺς
665 2874 962 2952 φεύγοντας
1016 2872 1103 2926 ὑπ’
1151 2868 1417 2940 ἀλλήλων
1472 2870 1965 2945 συμπαλουμένους
2009 2874 2099 2929 καὶ
2158 2874 2331 2944 ἀλκῆς
2379 2873 2526 2936 ὅλως
2562 2875 2636 2948 μή
2674 2876 3076 2948 μεμνημένους,
3116 2875 3205 2930 καὶ
3232 2875 3362 2940 τοὺς
3396 2877 3490 2951 μὶν
3523 2878 3671 2932 ἀναι-

255 2974 382 3043 ρῶν,
412 2966 548 3029 τοὺς
583 2963 641 3018 δὶ
667 2962 1051 3039 χειρούμενος.
1084 2962 1144 3018 Ὀ
1168 2958 1224 3015 δὶ
1257 2958 1509 3034 Σκληρὸς
1544 2962 1660 3034 μετ’
1707 2959 1895 3039 ἀλίγνν
1930 2961 2213 3025 διασωθεὶς
2246 2984 2426 3042 φεύγει
2457 2964 2592 3038 πρὸς
2623 2964 3069 3037 Μαρτυρόπολιν·
3100 2965 3301 3021 ἐκεῖθεν
3336 2963 3393 3022 δὲ
3420 2962 3680 3041 πρεσϐευ-

251 3059 345 3127 τὴν
380 3054 656 3127 ἐκπίμπει
685 3054 775 3107 τὸν
805 3051 995 3107 ἑαυτοῦ
1027 3046 1258 3128 ἀδελφὸν
1290 3056 1690 3105 Κωνσταντῖνον
1742 3053 1877 3126 πρὸς
1909 3053 2156 3128 Χοσρόην
2186 3057 2277 3107 τὸν
2325 3059 2425 3121 τῆς
2456 3047 2785 3115 Βαϐυλῶνος
2817 3051 3392 3132 ἄρχοντα,ἒπικουρίαν
3424 3056 3512 3110 καὶ
3546 3077 3677 3130 συμ-

259 3145 461 3221 μαχίαν
499 3144 691 3200 αἰτῶν,
724 3139 1095 3217 Παρὲλκοντος
1129 3136 1175 3193 δ’
1205 3137 1409 3195 ἐκείνου
1458 3140 1546 3195 καὶ
1598 3142 1738 3213 μήτε
1790 3144 1858 3215 τῇ
1912 3138 2057 3197 δόσει
2091 3142 2469 3213 συντιθεμένου
2507 3142 2631 3213 μήτ’
2669 3142 3121 3214 ἀπα-μαινομένου,
3153 3144 3242 3198 καὶ
3272 3148 3369 3199 τοῦ
3402 3148 3679 3201 Κωνσταν-

254 3237 404 3290 τίνου
427 3226 957 3310 χροδοτριϐοῦντος,
996 3230 1313 3304 ἠναγκάσθη
1346 3228 1435 3284 καὶ
1469 3228 1630 3292 αὐτὸς
1663 3231 1690 3286 6
1742 3228 1996 3306 Σκληρὸς
2051 3231 2185 3305 μετά
2229 3235 2335 3285 τῶν
2378 3230 2646 3284 συνόντων
2677 3230 2925 3285 ἀπάντων
2954 3232 3089 3307 πρὸς
3118 3232 3365 3307 Χοσρόην
3398 3241 3680 3311 φοιτῆσαι,

323 3328 438 3389 Τῆς
472 3321 533 3377 δὶ
580 3325 679 3376 τοῦ
722 3319 981 3393 Σκληροῦ
1026 3322 1234 3393 τροπῆς
1284 3317 1641 3395 ἀγγελθείσης
1695 3321 1775 3392 τῷ
1810 3322 1909 3394 βα-
1941 3325 1984 3391 C

261 3413 399 3468 σιλεῖ
432 3412 529 3467 διὰ
579 3408 921 3485 γραμμάτων
972 3412 1067 3463 τοῦ
1120 3413 1311 3477 Φωκᾶ,
1340 3408 1431 3462 καὶ
1478 3415 1577 3478 τῆς
1634 3409 1709 3472 εἷς
1746 3404 1911 3484 βαϐυ-

264 3504 409 3557 λῶνα
439 3502 879 3574 ἀναχωρήσεως,
931 3501 1123 3552 τοῦτον
1188 3499 1281 3571 μὶν
1343 3498 1371 3552 6
1434 3496 1689 3571 βασιλεὺς
1716 3495 1914 3552 ἀποδε-

264 3592 493 3663 ξάμενος
556 3588 721 3658 ἀξίως
780 3586 1025 3660 ἐτίμησε,
1084 3587 1217 3661 πρὸς
1279 3584 1336 3641 δὲ
1385 3586 1632 3659 Χοσρόην
1678 3589 1770 3642 τὸν
1814 3594 1914 3656 τῆς

268 3676 594 3755 βαϐυλῶνος
660 3676 1059 3751 ἀμερμουμνῆν
1126 3669 1459 3748 πρεσϐευτὴν
1503 3675 1767 3749 ἐκπέμπει
1827 3677 1919 3730 τὸν

272 3770 477 3837 Βὲστην
540 3766 861 3843 Νικηφόρον
914 3764 1005 3820 τὸν
1054 3765 1320 3839 Οὐρανὸν,
1356 3764 1609 3820 ἱκετεύων
1646 3763 1920 3839 μηδεμιᾶς

272 3855 613 3934 ἐπιστροφῆς
664 3855 884 3928 ἀξιῶσαι
955 3854 1047 3909 τὸν
1108 3853 1443 3925 ἀποστάτην,
1499 3851 1639 3927 μηδὲ
1695 3855 1919 3923 θελῆσαι

270 3944 621 4018 παράδειγμα
679 3945 920 4019 γενέσθαι
994 3948 1111 4005 τοῖς
1173 3943 1455 4019 ὀψιγόνοις
1509 3942 1737 4018 φαῦλον,
1788 3943 1920 4015 ἀμε-

274 4034 446 4105 λήσας
486 4034 581 4107 μὶν
620 4030 889 4108 βασιλέως
935 4028 1299 4104 ἀδικουμένου
1354 4030 1613 4106 βασιλεὺς
1642 4032 1728 4085 καὶ
1763 4030 1923 4092 αὐτὸς

276 4124 371 4193 ὧν,
410 4127 492 4194 [Ρ.
525 4124 655 4193 694]
687 4120 1055 4194 προσθέμενος
1100 4118 1155 4175 δὲ
1191 4118 1438 4192 τυράννῳ
1470 4117 1641 4192 ἀδίκῳ
1672 4119 1760 4174 καὶ
1792 4120 1927 4174 ἀπο-

549 4209 877 4285 Ἐνεχείρισε
970 4207 1027 4263 δὲ
1106 4209 1195 4264 καὶ
1294 4209 1592 4283 γράμματα
1674 4206 1929 4282 βασιλικὰ

288 4299 758 4373 ἐναεσημασμὲνα,
815 4296 884 4352 δι’
935 4299 1008 4352 ὧν
1074 4298 1407 4371 συμπαθείας
1484 4298 1693 4367 ἀπάσης
1748 4302 1927 4352 κακῶν

285 4391 446 4460 ἠξίου
477 4390 569 4444 τὸν
623 4386 880 4461 Σκληρὸν
939 4388 1029 4441 καὶ
1080 4387 1205 4448 τοὺς
1258 4386 1514 4448 συνόντας
1564 4386 1730 4459 αὐτῷ,
1764 4387 1808 4441 εἳ
1845 4406 1934 4459 με·

286 4479 623 4551 ταμςιθόντες
674 4479 737 4533 τὸ
790 4474 908 4532 δέον
944 4478 1035 4532 τόν
1074 4497 1133 4531 τε
1181 4477 1383 4531 ἑαυτῶν
1435 4475 1692 4550 ἐπιγνωσι
1744 4473 1936 4531 δεσπο-

290 4590 389 4637 την
425 4568 515 4621 καὶ
546 4568 684 4639 πρὸς
734 4568 802 4620 τὰ
857 4566 1029 4621 οἷκεῖα
1071 4566 1521 4636 ὁπονοστήσουσι.
1574 4564 1937 4629 Διασωθὲντος

2094 3326 2416 3394 Imperator
2446 3321 2647 3376 Phoce
2692 3320 2907 3376 litteris
2939 3322 3010 3377 de
3040 3321 3179 3376 Duri
3212 3321 3378 3377 clade
3408 3326 3464 3377 et
3492 3323 3681 3395 Baby-

2022 3412 2214 3467 lonica
2258 3410 2614 3483 profectione
2644 3410 2854 3465 certior
2899 3410 3326 3481 factus,dignis
3356 3410 3680 3467 honoribus

2025 3501 2275 3556 Phocam
2309 3503 2717 3555 remuneratus
2738 3500 2805 3553 ad
2829 3500 3122 3555 Chosroen
3149 3498 3456 3572 Babylonis
3488 3516 3680 3555 amer-

2026 3606 2329 3645 mumnam
2366 3589 2591 3644 litteras
2639 3588 2832 3653 mittit,
2858 3588 3046 3660 legato
3091 3589 3161 3642 ad
3194 3604 3320 3643 eam
3354 3604 3475 3643 rem
3510 3590 3681 3645 Besta

2024 3678 2371 3751 Nicephoro,
2395 3678 2489 3733 cui
2545 3677 2771 3733 Uranus
2799 3677 2879 3748 (id
2929 3682 3020 3733 est
3066 3676 3280 3747 Caelus)
3321 3693 3680 3749 cognomen;

2030 3768 2102 3822 ab
2133 3784 2315 3839 eoque
2346 3767 2648 3822 contendit
2688 3784 2759 3821 ne
2805 3783 2979 3838 quam
3031 3765 3347 3837 perduellis
3400 3766 3687 3823 rationem

2029 3856 2263 3923 habeat,
2296 3872 2485 3926 neque
2537 3856 2786 3926 posteris
2836 3855 2970 3911 mali
3013 3854 3265 3927 exempli
3312 3860 3515 3911 auctor
3563 3871 3692 3912 esse

2032 3945 2188 4013 velit,
2224 3962 2321 4000 rex
2358 3946 2486 4015 ipse
2535 3944 2654 4013 regi
2703 3944 2952 4013 injurias
3002 3943 3185 4000 factas
3236 3944 3561 4016 negligens,
3596 3949 3696 4017 ty-

2034 4050 2220 4089 ranno
2252 4038 2445 4088 autem
2481 4033 2699 4102 injusto
2728 4038 2786 4087 et
2817 4033 3103 4103 perduelli
3132 4033 3448 4105 opitulans.
3477 4038 3582 4089 Dat
3612 4033 3693 4089 le-

2036 4127 2169 4195 gato
2201 4123 2377 4177 etiam
2411 4121 2639 4177 litteras
2666 4122 2738 4176 ab
2762 4122 3113 4193 imperatore
3146 4123 3543 4195 consignatas,
3569 4123 3696 4194 qui-

2036 4212 2150 4267 bus
2198 4211 2421 4266 Durum
2456 4215 2512 4266 et
2554 4227 2702 4282 quos
2753 4227 2954 4267 secum
3015 4212 3066 4268 is
3124 4212 3377 4267 habebat
3432 4212 3695 4266 omnium

2039 4305 2413 4374 peccatorum
2445 4300 2614 4355 venia
2653 4301 3031 4372 dignabatur,
3069 4301 3361 4372 siquidem
3393 4300 3699 4373 resipisce-

2040 4392 2172 4446 rent
2209 4405 2275 4444 ac
2323 4405 2497 4443 suum
2556 4389 2860 4445 dominum
2916 4393 3300 4461 agnoscerent
3345 4395 3403 4445 et
3451 4390 3694 4446 domum

2042 4480 2201 4535 434
2230 4478 2481 4550 quisque
2526 4494 2691 4534 suam
2741 4495 2800 4534 se
2852 4481 3203 4534 conferrent.
3236 4481 3379 4534 Cum
3413 4480 3483 4533 ad
3516 4479 3697 4533 Chos-

2046 4585 2185 4625 roen
2218 4568 2577 4639 pervenisset
2601 4568 2825 4623 Uranus
2856 4568 3181 4639 litteraeque
3213 4566 3583 4640 imperatoris
3614 4566 3699 4621 in-

294 4654 347 4709 ξὶ
397 4657 534 4730 πρὸς
575 4656 827 4729 Χοσρόην
882 4660 980 4710 τοῦ
1035 4654 1279 4730 Οὐρανοῦ
1331 4655 1417 4710 καὶ
1470 4658 1577 4709 τῶν
1637 4652 1912 4729 βασιλικῶε

2046 4658 2399 4725 notuissent,
2422 4656 2706 4713 Chosroes
2737 4657 2976 4712 sinistra
3015 4656 3326 4729 suspicans
3357 4661 3414 4711 et
3440 4656 3701 4727 legatum

299 4745 659 4817 φωραθέντων
708 4745 1076 4818 γραμμάτων,
1137 4744 1165 4798 6
1223 4744 1475 4817 Χοσρόης
1529 4742 1618 4798 καὶ
1675 4744 1765 4798 τὸν
1810 4764 1940 4819 πρε-

300 4830 529 4903 σϐευτὴν
559 4835 649 4889 καὶ
706 4834 800 4889 τὸν
853 4830 1106 4907 Σκληρὸν
1156 4832 1244 4887 καὶ
1285 4834 1482 4894 πάντας
1511 4833 1638 4895 τοὸς
1671 4832 1761 4887 σὺν
1796 4832 1942 4905 αὕτῷ

298 4924 599 4995 Ῥωμαίους
640 4924 951 4993 ὑπονοήσας
1004 4927 1213 4999 φρουρᾷ
1258 4919 1617 4995 παραδίδωσι.
1678 4922 1778 4975 Καὶ
1812 4921 1940 4977 τού-

301 5035 427 5074 τους
459 5015 550 5083 μὶν
586 5015 731 5087 εἶχεν
756 5015 790 5081 ἡ
852 5012 1084 5086 φρουρά,
1127 5016 1235 5066 τῶν
1295 5008 1353 5064 δὲ
1398 5011 1474 5083 μή
1508 5009 1938 5065 συνανελῦόντων

308 5103 620 5155 ἀποστατῶν
662 5105 743 5172 τῷ
790 5099 1030 5175 Σκληρῷ
1077 5099 1228 5157 Αὲων
1285 5099 1377 5171 μὲν
1411 5100 1438 5153 6
1474 5096 1834 5174 αἰχμάλωτος
1854 5100 1944 5154 καὶ

308 5192 355 5244 οἱ
382 5196 478 5245 τοῦ
501 5188 668 5244 δοῦκα
728 5186 1081 5263 ’Δνδρονίκου
1126 5192 1224 5242 τοῦ
1269 5185 1446 5242 Λυδοῦ
1476 5185 1663 5249 παῖδες
1714 5190 1945 5263 Χριστο-

311 5282 474 5355 Ῡνὲρος
507 5281 535 5333 ὁ
567 5277 861 5349 Ἐπείκτης
909 5278 997 5333 καὶ
1050 5275 1256 5353 Βάρδας
1299 5277 1326 5330 6
1379 5276 1601 5352 Μογγὸς
1648 5271 1802 5354 (ἔφθη
1846 5277 1949 5353 γὰρ

312 5368 509 5430 ἐκεῖνος
565 5368 876 5441 ἀποθανεῖν)
931 5369 993 5422 τὸ
1066 5366 1464 5443 Ἀρμακούριον
1511 5365 1601 5420 καὶ
1653 5367 1755 5435 τὴν
1805 5366 1951 5421 Πλα-

310 5463 456 5512 τεῖαν
485 5459 685 5533 πέτραν
743 5458 833 5511 καὶ
892 5454 1038 5512 ἄλλα
1096 5457 1216 5511 τινὰ
1263 5454 1499 5531 φρούρια
1556 5452 1767 5533 ἐφυμνά
1797 5453 1848 5510 ἐν
1876 5459 1957 5527 τῷ

317 5547 506 5618 Θέματι
534 5544 763 5618 κείμενα
800 5550 909 5602 τῶν
960 5543 1277 5621 Θρᾳκησίων
1335 5542 1731 5619 κατισχητότες
1781 5541 1959 5598 ἀντεῖ-

317 5655 419 5710 χον
473 5634 571 5698 ἔως
631 5631 839 5711 ὀγδόης
921 5631 1283 5703 ῗνδικτιῶνος,
1338 5631 1429 5689 καὶ
1511 5629 1850 5708 ἰπεκδρομάς
1903 5630 1965 5688 ἐκ

320 5723 525 5784 τούτων
584 5725 910 5801 ποιούμενοι
958 5725 1027 5783 τᾶ
1075 5721 1347 5804 βασιλέως
1406 5720 1640 5781 ἐλύπουν
1675 5739 1689 5757 ·
1749 5721 1840 5781 καὶ
1899 5719 1963 5780 οὔ

2048 4752 2104 4805 et
2136 4752 2355 4802 Durum
2389 4762 2710 4816 omnesque
2742 4746 2841 4817 qui
2884 4762 3018 4801 cum
3060 4746 3188 4817 ipso
3217 4748 3384 4800 erant
3412 4746 3704 4801 Romanos

2052 4836 2112 4891 in
2144 4835 2472 4891 custodiam
2530 4834 2790 4889 tradidit.
2827 4835 2906 4889 De
2963 4833 3365 4906 perduellibus
3417 4833 3517 4905 qui
3571 4850 3704 4889 cum

2054 4931 2207 4980 Duro
2239 4940 2306 4979 eo
2338 4939 2453 4978 non
2501 4925 2800 4992 venerant,
2824 4922 2933 4977 Leo
2965 4922 3235 4994 captivus
3282 4927 3340 4978 et
3387 4922 3711 4979 Andronici

2054 5014 2197 5086 Lydi
2229 5014 2412 5077 ducas,
2440 5011 2536 5083 qui
2561 5012 2685 5081 jam
2714 5028 2743 5065 e
2765 5010 2910 5067 vivis
2940 5016 3290 5079 excesserat,
3315 5011 3441 5080 filii,
3464 5011 3711 5068 Christi-

2056 5103 2141 5159 fer
2171 5101 2404 5172 Epeicta
2432 5104 2490 5155 et
2511 5100 2729 5154 Bardas
2753 5100 3019 5170 Moncus,
3043 5101 3479 5169 Armacurium,
3507 5101 3712 5156 Latum

2058 5206 2261 5248 saxum
2290 5193 2346 5243 et
2376 5187 2489 5243 alia
2522 5188 2749 5244 munita
2771 5189 3014 5245 castella
3045 5191 3103 5245 in
3136 5189 3454 5245 Thracensi
3487 5189 3717 5261 provin-

2061 5281 2150 5337 cia
2193 5282 2587 5349 occuparunt;
2638 5278 2892 5351 indeque
2941 5278 3110 5333 factis
3159 5278 3591 5351 eruptionibus,
3626 5279 3717 5335 di-

2061 5370 2283 5426 tionem
2330 5366 2702 5438 imperatoris
2742 5368 3073 5423 infestando
3122 5384 3311 5438 usque
3341 5368 3413 5422 ad
3446 5368 3718 5424 indictio-

2066 5472 2201 5513 nem
2230 5457 2264 5511 8
2294 5460 2762 5527 perseverarunt,
2810 5472 3001 5528 neque
3048 5455 3227 5511 tinem
3279 5460 3413 5512 ante
3460 5458 3723 5514 fecerunt

2066 5544 2506 5603 latrociniorum
2540 5560 2719 5615 quam
2759 5544 3053 5616 promissa
3099 5543 3243 5617 ipsis
3298 5559 3402 5616 per
3430 5543 3721 5614 Nicepho-

2071 5650 2203 5691 rum
2236 5632 2547 5707 patrioium
2576 5632 3025 5693 Parsacutinum
3054 5631 3408 5707 impunitate
3436 5632 3509 5689 ad
3538 5629 3719 5702 impe-

2076 5727 2334 5785 ratorem
2364 5720 2785 5782 transiverunt.
