4036 6194
348 413 460 473 167

1692 402 2013 467 GEORGII
2056 404 2395 466 CEDRENI

3639 410 3761 472 168

345 543 471 618 πρὶν
524 541 821 598 ἐπαύσαντο
877 541 971 602 τὰς
1041 538 1227 613 χώρας
1286 537 1699 605 λεηλατοῦντες,
1763 535 1890 611 πρὶν
1950 533 2009 590 ἂν
2098 534 2396 609 ἀμνηστίαν
2488 534 2777 615 εἰληφότες
2807 541 2984 593 κακῶν
3041 536 3132 595 διὰ
3191 541 3512 619 Νικηφόρου
3564 562 3762 616 πατρι-

345 633 465 686 κίου
490 636 587 685 105
620 633 1075 704 Παρσακουτῆνοῦ
1106 633 1182 701 τῷ
1221 626 1433 703 βασιλεῖ
1462 626 1921 702 προσεχώρησαν.

418 740 700 795 Caeterum
726 738 1010 793 Antonius
1034 736 1364 808 patriarcha
1391 752 1522 791 cum
1557 734 1887 791 sacerdotio
1918 749 1998 789 re-

2188 731 2326 788 Τότε
2376 730 2444 802 δὴ
2497 735 2584 789 κᾶὶ
2647 736 2939 798 Ἀντώνιος
2996 737 3023 790 6
3070 738 3418 812 πατριάρχης
3472 738 3610 791 κατὰ
3664 738 3767 807 τήν

348 829 704 897 nuntiasset,
733 830 881 883 Dure
906 826 1278 883 rebellionem
1306 829 1594 892 movente,
1621 829 1746 879 tum
1778 829 2002 894 tempo-

349 921 432 974 ris
474 923 741 973 mortuus
776 922 898 983 est;
948 922 1299 985 creatusque
1348 914 1683 985 patriarcha
1732 913 2007 968 Nicolaus

350 1006 830 1077 Chrysobergius,
865 1021 999 1059 cum
1044 1021 1145 1076 per
1178 1005 1207 1057 4
1239 1020 1424 1059 annos
1475 1003 1731 1059 Ecclesia
1774 1006 2004 1074 pastore

351 1100 659 1153 caruisset.
694 1094 790 1149 Sol
824 1094 1002 1150 etiam
1048 1093 1291 1149 meridie
1321 1092 1533 1148 defecit
1562 1097 1620 1148 et
1650 1091 1831 1147 stellae
1863 1109 2006 1146 con-

351 1191 562 1257 spectas
593 1189 752 1239 sunt.
788 1183 973 1237 Simul
1008 1188 1183 1253 atque
1232 1184 1384 1236 diem
1439 1188 1763 1237 extremum
1796 1180 2009 1237 clausit

349 1273 670 1329 Tzimiscas
705 1273 1047 1343 imperator,
1071 1271 1307 1344 Bulgari
1342 1272 1679 1327 defecerunt
1717 1275 1772 1325 et
1815 1269 2005 1341 impe-

349 1362 500 1417 rium
528 1363 585 1416 in
610 1378 671 1417 se
696 1365 951 1433 quatuor
984 1362 1269 1415 fratribus
1296 1360 1744 1429 commiserunt,
1771 1360 2006 1430 Davido,

348 1450 743 1521 Mosi,Aaroni
767 1456 822 1506 et
844 1449 1137 1519 Samuelo,
1157 1450 1313 1506 filius
1336 1450 1511 1505 unius
1531 1449 1626 1506 cui
1648 1452 1772 1505 erat
1794 1465 2007 1521 magna

347 1540 499 1595 inter
563 1538 848 1612 Bulgaros
921 1539 1184 1611 potentia
1242 1538 1511 1607 comitis,
1572 1555 1606 1594 θ.
1663 1556 1781 1610 qua
1835 1555 1895 1593 re
1951 1542 2008 1593 et

346 1631 495 1687 435
533 1628 885 1700 Comitopuli
936 1628 1408 1701 appellabantur.
1450 1627 1680 1683 Etenim
1731 1628 1803 1682 de
1852 1627 2006 1683 Petri

346 1723 518 1792 gente
550 1718 808 1790 reliquos
850 1734 1009 1773 mors
1050 1717 1378 1773 abstulerat
1409 1735 1422 1773 :
1459 1717 1691 1772 Borises
1722 1721 1916 1772 autem
1951 1721 2008 1772 et

349 1810 648 1863 Romanus
683 1808 857 1877 hujus
888 1804 991 1861 ﬁlii
1027 1807 1290 1875 abducti,
1314 1810 1379 1859 ut
1409 1811 1545 1861 ante
1577 1805 1907 1873 retulimus,
1944 1806 2004 1861 in

346 1898 553 1952 urbem
587 1895 665 1951 ibi
713 1896 1024 1967 degebant,
1057 1894 1291 1950 Borises
1342 1894 1607 1966 magistri
1657 1893 1941 1966 dignitate
1972 1912 2005 1950 a

344 1986 633 2042 Tzimisea
672 1991 937 2055 ornatus,
970 1989 1269 2040 Romanus
1301 2001 1335 2039 a
1361 1984 1616 2056 Josepho
1649 1984 2004 2040 cubiculario

2113 827 2209 879 105
2238 823 2495 902 Σκληροῦ
2544 825 2951 901 ἀποταξάμενος
3010 827 3333 884 ἀποστασίαν
3387 832 3455 903 τῇ
3506 829 3766 901 ἱερατείᾳ,

2114 910 2322 968 ἀπεϐίω
2352 934 2364 948 ·
2427 918 2513 970 καὶ
2566 923 2959 993 χειροτονεῖται
3009 938 3355 995 πατριαργης
3410 916 3687 980 Νικόλαος
3730 920 3759 973 6

2112 1004 2211 1072 τὴν
2247 1006 2560 1077 ἐπωνυμίαν
2610 1002 3030 1083 Χρυσοϐέργιος,
3080 1015 3179 1076 τῆς
3238 1007 3566 1077 Ἐκκλησίας
3606 1008 3765 1063 ἀποι-

2119 1094 2323 1165 μάντου
2351 1091 2735 1166 διατελεσάσης
2787 1096 2875 1151 ἐπὶ
2935 1094 3027 1167 ἔτη
3084 1098 3315 1173 τέσσαρα
3344 1096 3481 1171 πρὸς
3514 1102 3594 1168 τῷ
3626 1097 3762 1169 ἡμί-

2117 1202 2215 1239 σει.
2245 1184 2497 1257 Ἐγένετο
2530 1182 2586 1239 δὲ
2616 1185 2705 1240 καὶ
2754 1179 3001 1260 ἔκλειψις
3047 1185 3211 1256 ἡλίου
3250 1187 3373 1262 περὶ
3417 1188 3584 1259 μέσην
3616 1187 3763 1259 ἠμέ-

2119 1291 2237 1345 ραν,
2271 1272 2348 1334 ὡς
2396 1272 2485 1327 καὶ
2544 1272 2768 1348 ἀστέρας
2818 1280 3071 1352 φανῆναι.
3132 1277 3254 1333 Τῶν
3313 1272 3372 1329 δὲ
3428 1274 3761 1350 Βουλγάρων

2119 1358 2234 1433 ἅμα
2261 1365 2329 1436 τῇ
2378 1360 2605 1436 τελευτῇ
2662 1368 2760 1418 105
2822 1363 3093 1439 βασιλέως
3153 1365 3406 1421 Ἰωάννου
3454 1365 3765 1434 ἀποστάτη-

2117 1452 2346 1521 σάντων,
2431 1450 2620 1527 ἄρχειν
2700 1451 2875 1507 αὐτῶν
2982 1454 3430 1529 προχειρίζονται
3514 1452 3771 1529 τέσσαρες

2115 1537 2363 1618 ἀδελφοὶ,
2409 1536 2600 1611 Δαϐἱδ,
2650 1547 2915 1611 Μωϋτῆς,
2948 1542 3159 1618 Ἀαρὼν
3210 1542 3302 1598 καί
3336 1539 3627 1616 Σαμουὴλ,
3654 1541 3773 1606 ἑνὸς

2113 1632 2220 1683 τῶν
2278 1629 2424 1705 παρά
2504 1629 2848 1707 Βουλγάροις
2922 1630 3056 1705 μέγα
3128 1629 3468 1702 δυνηθέντων
3522 1651 3773 1705 κομητος

2116 1713 2268 1780 ὄντες
2294 1716 2485 1780 παῖδες
2514 1719 2602 1773 καὶ
2656 1718 2745 1774 διὰ
2793 1724 2955 1775 τοῦτο
3002 1721 3426 1794 κομητόπουλοι
3457 1741 3768 1795 κατονομα-

2118 1808 2360 1880 ζόμεμιη.
2398 1811 2522 1866 Τῶν
2560 1810 2664 1885 γὰρ
2720 1810 2856 1865 κατὰ
2902 1812 3056 1886 γένος
3105 1810 3496 1886 προσηκόντων
3540 1815 3619 1883 τῷ
3669 1809 3773 1866 Πέ-

2118 1917 2227 1970 ιρῳ
2276 1898 2328 1951 οἱ
2385 1911 2480 1970 μεν
2541 1896 2707 1954 ἄλλοι
2764 1900 2973 1973 θανάτῳ
3030 1897 3377 1973 διεκόπησαν,
3438 1899 3681 1976 Βορίσης
3715 1897 3773 1955 δὲ

2117 1986 2208 2041 καὶ
2239 1988 2525 2060 Ῥωμαίος
2552 1989 2603 2043 οἱ
2625 1992 2824 2044 τοῦτου
2880 1990 2989 2045 υἱοὶ
3038 1989 3115 2052 sic
3171 1991 3269 2058 τήν
3300 1988 3463 2045 πόλιν
3487 1988 3771 2065 εἲσαχθέν-

348 2076 557 2133 intimo
590 2078 901 2132 castratus.
936 2074 1164 2130 Mortuo
1203 2073 1489 2131 Tzimisca
1518 2091 1586 2129 ex
1624 2074 1767 2131 urbe
1798 2074 1998 2146 profu-

2112 2096 2218 2143 τες,
2252 2075 2326 2137 ὡς
2358 2074 2411 2129 έν
2467 2082 2585 2138 τοῖς
2634 2075 2940 2151 ἔμπροσθεν
3002 2077 3236 2154 εἴρηται,
3288 2074 3477 2152 ἔμενον
3512 2076 3562 2133 έν
3596 2080 3763 2151 αὐτῇ,

347 2170 559 2237 gerunt
588 2170 643 2220 et
686 2165 745 2219 in
786 2163 1117 2237 Bulgariam
1170 2164 1616 2220 contenderunt.
1648 2166 1726 2219 Ac
1758 2163 1999 2219 Bnrieen

347 2255 583 2327 quidem
620 2255 877 2309 Romano
919 2254 1120 2307 habitu
1164 2254 1462 2321 indutum,
1488 2254 1628 2309 dum
1664 2270 1765 2325 per
1795 2253 2003 2308 silvam

347 2344 657 2414 quamdam
684 2342 919 2408 transit,
941 2340 1231 2413 Bulgarus
1255 2342 1497 2412 quidam
1520 2343 1853 2397 Romanum
1876 2357 2005 2397 esse

348 2437 510 2489 ratus
539 2432 851 2487 interfecit.
880 2436 1180 2486 Romanus
1211 2431 1527 2487 incolumis
1551 2433 1791 2498 mansit,
1816 2436 1873 2485 et
1904 2430 2006 2485 ali-

347 2525 564 2593 quanto
599 2524 730 2592 post
776 2519 832 2575 in
867 2520 1072 2575 urbem
1108 2520 1299 2587 rediit,
1332 2525 1397 2575 ut
1446 2537 1552 2576 suo
1598 2520 1725 2575 loco
1755 2521 2001 2576 dicetur.

344 2610 424 2664 De
459 2616 712 2680 quatuor
744 2615 939 2663 autem
986 2608 1117 2663 istis
1162 2609 1443 2663 fratribus
1479 2610 1733 2662 Davidus
1765 2607 2002 2679 quidem

343 2698 543 2753 statim
578 2698 744 2767 obiit,
771 2698 963 2752 Moses
1009 2702 1204 2752 autem
1238 2697 1442 2752 Serras
1483 2713 1833 2768 oppugnans
1865 2713 2003 2752 saxo

344 2806 377 2844 a
409 2804 576 2843 muro
625 2788 777 2843 ictus
824 2787 1017 2858 periit.
1047 2791 1336 2841 Aaronem
1390 2786 1670 2841 Romanis
1713 2787 1909 2853 rebus,
1943 2790 2007 2841 ut

343 2878 658 2941 ferebatur,
681 2876 968 2931 faventem
1004 2877 1180 2930 frater
1201 2874 1509 2930 Samuelus
1531 2890 1664 2930 cum
1694 2874 1891 2931 sobole
1916 2874 2005 2929 in-

345 2964 607 3033 terfecit,
657 2964 780 3020 solo
839 2963 1290 3030 Bladosthlabo,
1350 2964 1449 3035 qui
1512 2965 1689 3019 etiam
1745 2964 2004 3019 Joannes

344 3060 687 3126 usurpatur,
737 3054 857 3108 ﬁlio
907 3055 1035 3124 ejus
1084 3058 1279 3124 erepto
1310 3069 1343 3107 a
1374 3053 1699 3109 Radomero
1748 3052 2006 3109 Samueli

342 3143 485 3211 ﬁlio,
514 3159 688 3216 quem
722 3148 779 3197 et
808 3142 1139 3198 Romanum
1163 3147 1389 3197 vocant.
1417 3143 1469 3197 Is
1491 3141 1803 3198 Samuelus
1826 3142 2003 3199 homo

343 3232 662 3289 bellicosus
696 3249 761 3288 ae
804 3231 1020 3303 quietis
1070 3230 1410 3301 impatiens,
1444 3236 1653 3287 nactus
1704 3232 2003 3287 licentiam

344 3322 624 3379 Romanis
662 3320 1012 3377 exercitibus
1065 3319 1217 3376 bello
1269 3321 1548 3376 adversus
1580 3320 1801 3375 Durum
1833 3337 2004 3376 occu-

343 3411 518 3485 patis,
552 3411 707 3466 436
739 3415 924 3466 totum
952 3409 1328 3466 Occidentem
1361 3409 1800 3465 incursionibus
1832 3426 1999 3464 vexa-

2115 2166 2142 2218 6
2178 2163 2354 2238 μὲνμά
2400 2187 2617 2239 γιστρος
2665 2166 2809 2241 παρά
2867 2171 2964 2221 105
3007 2166 3274 2243 βασιλέως
3296 2167 3549 2240 τιμηθεὶς
3578 2165 3770 2221 Ἰωάν-

2111 2257 2264 2309 νουὸ
2298 2253 2357 2310 δὲ
2409 2257 2691 2328 Ῥωμανὸς
2750 2256 3041 2331 ἐκτμηθείς
3099 2257 3166 2312 τὰ
3229 2254 3535 2333 παιδουργά
3588 2253 3758 2331 μόρια

2112 2346 2257 2420 παρά
2306 2349 2403 2400 105
2473 2349 2975 2420 παρακοιμωμένου
3045 2348 3308 2423 πρότερον
3357 2347 3580 2423 Ἰωσήφ.
3636 2346 3745 2400 Καὶ

2114 2433 2227 2489 ἐπεὶ
2277 2429 2473 2504 συνέϐη
2520 2435 2614 2489 τὸν
2675 2433 2901 2509 βασιλέα
2949 2436 3204 2505 Ἰωάννην
3262 2434 3575 2503 ἀποθανεῖν,
3613 2433 3765 2487 ἐκεῖ-

2115 2524 2199 2576 θεν
2259 2520 2740 2598 ἀποδιδράσκουσι,
2820 2524 2908 2578 καὶ
2986 2527 3087 2593 τήν
3160 2520 3500 2599 Βουλγαρίαν
3576 2523 3777 2600 φθάσαι

2113 2612 2431 2686 ἠπείγοντο.
2484 2612 2581 2665 Καὶ
2642 2613 2668 2667 ὁ
2722 2614 2818 2685 μὶν
2882 2612 3119 2689 Βορίσης
3162 2613 3304 2685 τόξῳ
3338 2611 3565 2689 βληθεὶς
3602 2611 3652 2665 έν
3698 2610 3782 2684 τῷ

2115 2697 2308 2755 διιέναι
2340 2701 2473 2755 κατά
2501 2722 2621 2756 τινα
2671 2701 2894 2778 λόχμην
2948 2703 3093 2777 παρά
3148 2722 3294 2763 τινος
3340 2698 3647 2774 Βουλγάρου
3683 2721 3775 2755 νο·-

2118 2789 2376 2862 μίσαντος
2426 2790 2587 2845 αὐτὸν
2636 2796 2908 2863 Ῥωμαῖον
2966 2792 3097 2846 εἶναι
3149 2787 3446 2865 (ἐνεδέδυτο
3493 2790 3596 2865 γὰρ
3646 2810 3775 2843 0'10-

2116 2878 2220 2948 λὴν
2251 2881 2592 2953 Ῥωμαϊκὴν)
2640 2877 2970 2949 ἀπόλλυται,
3020 2881 3304 2952 Ῥωμανὸς
3336 2876 3392 2934 δὶ
3425 2876 3771 2951 διασώζεται,

2115 2970 2203 3024 καὶ
2235 2969 2424 3044 χρόνῳ
2454 2968 2672 3043 ὕστερον
2734 2966 2972 3024 ἔπάνεισι
3004 2968 3170 3023 πάλιν
3215 2968 3293 3030 είς
3335 2969 3437 3037 τὴν
3495 2964 3779 3043 βασιλίδα,

2116 3058 2192 3119 ὡς
2225 3056 2277 3113 ἐν
2308 3063 2386 3129 τῷ
2444 3056 2569 3130 ἱδίῳ
2616 3058 2771 3131 τόπῳ
2813 3056 3105 3129 λελέξεται.
3163 3056 3378 3113 Τούτων
3434 3055 3492 3112 δὲ
3518 3060 3624 3111 τῶν
3654 3077 3779 3111 τεσ-

2117 3146 2293 3221 σάρων
2330 3144 2580 3221 ἀδελφῶν
2642 3143 2809 3202 Δαϐἱδ
2871 3148 2965 3219 μὶν
3011 3146 3169 3209 εὐθὺς
3218 3141 3427 3201 ἀπεϐίω
3470 3145 3775 3216 ἀναιρεθεὶς

2119 3235 2281 3307 μέσον
2345 3235 2646 3311 Καστορίας
2703 3236 2792 3290 καὶ
2870 3237 3118 3312 Πρέσπας
3172 3236 3259 3289 καὶ
3316 3235 3412 3296 τάς
3462 3232 3773 3309 λεγομένας

2114 3322 2293 3387 Καλάς
2348 3321 2477 3397 δρῦς
2534 3326 2681 3400 παρά
2725 3344 2886 3379 τινων
2960 3324 3194 3399 Βλαχῶν
3244 3320 3465 3389 ὀδιτῶν,
3521 3328 3775 3392 Μωϋσῆς

2114 3410 2170 3466 δὲ
2223 3412 2316 3474 τὰς
2366 3411 2571 3488 Σέρῥας
2650 3411 2968 3489 πολιορκῶν
3047 3413 3186 3485 λίθῳ
3245 3412 3351 3466 ἀπὸ
3393 3416 3491 3467 105
3541 3409 3775 3485 τείχους

343 3502 445 3569 vit,
480 3519 593 3556 non
626 3500 927 3556 Thraciam
964 3501 1135 3553 modo
1179 3503 1237 3553 et
1287 3499 1682 3553 Macedoniam
1716 3515 1783 3552 ac
1815 3500 1998 3553 Thes-

2117 3500 2340 3576 βληθεῖς
2395 3470 2758 3571 ἐτελεύτησε·
2819 3470 2908 3557 λαὶ
2966 3503 3057 3557 τὸν
3115 3470 3326 3577 ’Ᾰαρὼν
3397 3498 3454 3556 δὲ
3504 3500 3570 3555 τὰ
3631 3470 3773 3557 :1)!»-

343 3591 613 3646 salonicae
648 3588 999 3661 propinqua,
1034 3589 1135 3643 sed
1166 3587 1530 3643 Thessaliam
1565 3603 1816 3657 quoque,
1850 3586 1999 3642 Grae-

332 3680 482 3735 ciam
534 3686 592 3733 et
642 3677 1130 3747 Peloponnesum.
1165 3680 1241 3729 Ae
1295 3676 1481 3729 multa
1532 3675 1685 3744 cepit
1733 3675 1996 3746 castella,

337 3784 584 3839 quorum
638 3767 993 3837 praecipuum
1048 3763 1300 3819 Larissa.
1352 3764 1539 3833 Hujus
1587 3764 1809 3819 incolas
1858 3780 1993 3819 cum

333 3856 471 3912 totis
504 3853 744 3911 familiis
788 3854 847 3909 in
900 3853 1169 3908 intimam
1222 3852 1522 3907 transtulit
1568 3852 1904 3924 Bulgariam
1938 3857 1995 3909 et

334 3962 574 4003 suorum
611 3943 864 3999 militum
891 3941 1108 3998 tabulis
1131 3941 1451 4013 inscripsit,
1476 3958 1795 4012 eorumque
1819 3959 1994 4014 opera

335 4040 539 4090 contra
570 4034 861 4088 Romanos
911 4049 1056 4086 usus
1105 4034 1212 4085 est.
1240 4030 1437 4085 Avexit
1486 4030 1663 4086 etiam
1712 4031 1992 4102 reliquias

335 4124 522 4179 sancti
558 4121 822 4185 Achillei,
857 4121 959 4192 qui
988 4120 1185 4175 sedem
1226 4119 1467 4174 Larissae
1507 4124 1774 4175 tenuerat
1806 4120 1991 4191 impe-

333 4216 497 4268 rante
525 4209 904 4268 Constantino
930 4210 1163 4281 Magno,
1182 4212 1237 4265 et
1260 4208 1467 4277 majori
1490 4207 1667 4264 simul
1699 4212 1758 4265 et
1788 4209 1989 4279 primas

331 4300 551 4371 synodo
584 4299 850 4356 adfuerat
879 4312 1012 4351 eum
1048 4297 1265 4367 Regino
1292 4296 1625 4367 Seopelensi
1653 4303 1711 4350 et
1745 4298 1989 4353 Diodoro

331 4386 650 4454 Triccensi,
709 4401 927 4458 easque
984 4384 1235 4456 Prespas,
1295 4384 1396 4438 ubi
1453 4383 1672 4456 regiam
1732 4384 1991 4443 habebat

333 4494 528 4544 suam,
555 4477 847 4548 deposuit.

2113 3590 2312 3663 μαίων,
2372 3590 2445 3652 ὡς
2498 3586 2735 3665 λέγεται,
2813 3595 3113 3666 φρονοῦντα
3185 3589 3221 3659 ἤ
3288 3590 3390 3658 τὴν
3446 3589 3624 3665 ἇρχὴν
3687 3589 3773 3652 εἷς

2107 3678 2290 3733 ἑαυτὸν
2342 3681 2790 3756 σφετεριζόμενον
2844 3679 3053 3735 ἀνεῖλεν
3117 3681 3142 3735 6
3203 3677 3439 3756 ἀδελφὸς
3495 3678 3769 3751 Σαμουῆλ

2103 3769 2378 3843 παγγενεὶ,
2410 3770 2544 3823 κατά
2599 3770 2698 3837 τήν
2759 3767 2828 3823 ιδ’
2883 3773 2981 3823 τοῦ
3039 3766 3280 3825 Ἰουλίου
3340 3768 3533 3840 μηνὸς,
3590 3767 3642 3822 ἐν
3690 3772 3767 3843 τῇ

2102 3857 2394 3929 τοποθεσίᾳ
2440 3865 2538 3927 τῆς
2592 3860 3035 3931 Ῥαμετανίτζας,
3096 3863 3176 3930 [Ρ.
3227 3860 3354 3931 695]
3408 3859 3576 3930 μόνου
3610 3857 3763 3913 Βλα-

2103 3942 2415 4002 δοσΟλάϐου
2442 3951 2537 4002 τοῦ
2594 3948 2683 4002 καὶ
2735 3950 2987 4004 Ἰωᾶννου
3048 3946 3426 4017 διασωθέντος,
3483 3950 3582 4002 105
3635 3946 3764 4002 υἱοῦ

2100 4035 2289 4107 αὐτοῦ,
2344 4036 2492 4111 παρὰ
2564 4033 2907 4110 Ῥαδομηροῦ
2990 4041 3087 4091 105
3159 4040 3252 4091 καί
3307 4038 3610 4110 Ῥωμανοῦ,
3660 4040 3769 4090 105

2100 4125 2220 4178 υἱοῦ
2250 4128 2348 4179 105
2408 4123 2697 4199 Σαμουήλ.
2747 4125 2845 4180 Καὶ
2898 4125 3212 4189 καθίσταται
3274 4124 3551 4201 μόναρχος
3580 4123 3765 4181 Βουλ-

2098 4212 2295 4288 γαρίας
2327 4214 2540 4284 ἀπάσης
2593 4216 2621 4269 6
2669 4212 2959 4287 Σαμουήλ.
2993 4216 3160 4275 Οὗτος
3218 4214 3519 4286 πολεμικὸς
3552 4210 3768 4287 ἅνθρω-

2100 4323 2199 4363 πος
2251 4302 2323 4357 ὣν
2357 4303 2445 4357 καὶ
2483 4300 2758 4376 μηδέποτε
2795 4300 2954 4365 εἰδὼς
3012 4304 3263 4378 ἠρεμεῖν,
3296 4307 3403 4357 τῶν
3431 4303 3770 4373 Ῥωμαϊκῶν

2097 4390 2509 4467 στρατευμάτων
2542 4397 2662 4456 ταῖς
2717 4392 2858 4466 πρὸς
2911 4393 3002 4447 τὸν
3066 4391 3321 4468 Σκληρὸν
3357 4390 3563 4466 μάχαις
3589 4391 3771 4466 ἀσχο-

2098 4477 2377 4554 λουμένων
2409 4479 2589 4542 ἀδείας
2642 4481 2829 4556 τυχὼν
2886 4478 3192 4555 κατέδραμε
3235 4486 3406 4535 πᾶσαν
3434 4481 3534 4548 τήν
3569 4482 3765 4537 Ἑσπέ-

331 4584 449 4639 ραν,
509 4563 571 4618 οὐ
643 4564 805 4636 μόνον
866 4562 1080 4633 Θρᾴκην
1139 4562 1230 4616 καὶ
1308 4560 1643 4619 Μακεδονίαν
1702 4565 1790 4619 καὶ
1879 4564 1948 4620 τὰ
2022 4571 2092 4642 τῇ
2144 4568 2509 4645 Θεσσαλονίκῃ
2585 4568 2911 4645 πρόσχωρα,
2972 4569 3119 4626 ἀλλά
3162 4571 3249 4626 καὶ
3312 4567 3606 4625 Θετταλίαν
3668 4571 3769 4625 καὶ

331 4649 575 4710 Ἐλλάδα
628 4652 717 4706 καὶ
778 4649 1196 4718 Πελοπόννησον
1228 4671 1241 4683 ·
1300 4652 1392 4707 καὶ
1456 4650 1642 4708 πολλά
1699 4653 1933 4731 φρούρια
1974 4660 2371 4732 παρεστήσατο,
2406 4660 2480 4713 ὧν
2538 4659 2606 4728 ἦν
2651 4660 2714 4714 τὸ
2757 4664 3053 4737 κορυφαῖον
3101 4663 3135 4729 ἡ
3190 4661 3457 4736 Λάρισσα,
3507 4662 3577 4728 ἧς
3623 4659 3766 4725 τοὺς

332 4742 585 4805 ἰποίκους
639 4740 932 4814 μετῴκισεν
989 4739 1065 4803 εἷς
1124 4742 1190 4795 τὰ
1243 4748 1344 4810 τῆς
1390 4742 1734 4817 Βουλγαρίας
1794 4741 2047 4821 ἂνδότερα
2101 4748 2443 4819 πανεστίους,
2501 4748 2591 4803 καὶ
2639 4754 2759 4812 τοῖς
2818 4746 3152 4825 καταλόγοις
3210 4753 3322 4804 τῶν
3378 4749 3575 4804 ἑαυτοῦ
3600 4764 3776 4804 tum!“

327 4833 489 4905 τάξας
547 4834 889 4904 στρατιωτῶν
947 4850 1266 4906 συμμαχοις
1323 4829 1528 4907 ἐχρῆτο
1581 4832 1717 4887 κατά
1772 4834 2080 4907 Ῥωμαίων.
2156 4838 2441 4912 Μετήγαγε
2497 4835 2555 4893 δὲ
2609 4837 2702 4893 καί
2756 4840 2819 4893 τὸ
2865 4837 3119 4913 λείψανον
3179 4842 3276 4893 105
3337 4837 3494 4915 ἁγίου
3554 4838 3780 4913 Ἀχιλ-

332 4920 501 4988 λείου,
561 4917 858 4975 ἐπισκόπου
916 4920 1193 4993 Λαρίσσης
1251 4920 1695 4995 χρηματίσαντος
1768 4922 1855 4976 έπὶ
1932 4925 2340 4980 Κωνσταντίνου
2383 4930 2480 4981 105
2540 4925 2801 5001 Μεγάλου
2863 4926 2959 4983 κάν
3018 4931 3087 4993 τῆ
3152 4924 3368 5003 μεγάλῃ
3426 4926 3517 4981 καὶ
3564 4927 3775 5003 πρώτῃ

330 5007 539 5082 συνόδῳ
584 5009 852 5084 παρόντος
905 5006 996 5063 σὺν
1045 5008 1276 5084 Ῥηγίνῳ
1350 5008 1646 5065 Σκοπέλων
1720 5010 1808 5065 καὶ
1868 5009 2130 5088 Διοδώρῳ
2202 5015 2458 5091 Τρίκκης,
2522 5014 2610 5069 καὶ
2671 5014 2748 5078 εἷς
2808 5014 3054 5090 Πρέσπαν
3111 5016 3362 5086 ἀπέθετο,
3421 5012 3549 5079 ἔνθα
3606 5015 3778 5084 ἦσαν

330 5098 478 5173 αὐτῷ
506 5099 573 5155 τὰ
607 5099 876 5175 βασίλεια.

401 5208 650 5266 Proinde
682 5207 932 5264 Basilius
962 5208 1299 5279 imperator,
1333 5210 1397 5263 ut
1424 5207 1685 5279 primum
1717 5207 1853 5264 Duri
1888 5226 1986 5265 ne-

2168 5214 2503 5286 Ἀμύνασθαι
2535 5210 2596 5267 δὶ
2623 5216 2815 5269 τοῦτον
2868 5215 2896 5269 6
2953 5210 3210 5288 βασιλεὺς
3256 5216 3364 5267 τῶν
3399 5210 3782 5289 εἰργασμένων

330 5297 485 5369 gotio
510 5313 572 5353 se
594 5298 869 5368 expediit,
892 5296 1096 5353 ulcisci
1122 5296 1381 5353 Samueli
1405 5296 1690 5353 maleficia
1728 5298 1994 5371 cupiens,

331 5386 589 5443 collectis
640 5384 920 5442 Romanis
968 5385 1343 5451 exercitibus,
1378 5385 1440 5440 in
1492 5384 1828 5461 Bulgariam
1860 5389 1989 5460 ipse

332 5477 544 5541 dueere
596 5475 825 5539 statuit,
861 5490 932 5529 ne
981 5473 1413 5543 communicata
1457 5476 1697 5545 quidem
1746 5493 1807 5532 re
1854 5493 1989 5532 eum

331 5566 522 5633 Barda
570 5563 783 5629 Phoce,
816 5561 1153 5618 scholarum
1202 5563 1527 5619 etiamnum
1560 5565 1903 5637 domestico,
1932 5570 1993 5623 et

334 5653 587 5726 reliquis
608 5648 994 5710 orientalibus
1039 5650 1315 5708 ducibus.
1344 5651 1493 5725 Ergo
1546 5669 1649 5725 per
1695 5654 1989 5727 Rhodopae

335 5759 401 5805 a0
442 5743 591 5804 Euro
636 5739 866 5801 ﬂumini
923 5739 1191 5815 regiones
1239 5740 1603 5817 propinquas
1650 5742 1990 5818 Bulgariam

2104 5299 2463 5377 γλιχόμενος,
2499 5300 2719 5378 ἰπείπερ
2764 5303 3110 5373 ἀπετινάξατο
3153 5300 3250 5366 τάς
3292 5300 3416 5379 περὶ
3449 5305 3546 5357 105
3580 5299 3784 5373 Σκλη-

2108 5394 2205 5466 ροῦ
2255 5388 2567 5468 φροντίδας,
2616 5389 2716 5454 τὰς
2784 5391 3094 5466 Ῥωμαϊκὰς
3174 5389 3427 5467 όθροίσας
3505 5387 3779 5463 δυνάμεις

2106 5478 2267 5543 αὐτὸς
2298 5476 2369 5533 δι’
2402 5478 2594 5535 ὶαυτοῢ
2645 5475 2902 5551 εἰσϐολὴν
2954 5480 3005 5535 ἐν
3047 5478 3364 5556 Βουλγαρίᾳ
3396 5476 3572 5534 ἐδόκει
3598 5480 3791 5551 ποιή-

2101 5568 2310 5640 σασθαι,
2360 5567 2571 5644 Βάρδαν
2622 5570 2712 5624 τὸν
2772 5575 2970 5626 Φωκᾶν
3030 5566 3107 5626 ἔτι
3156 5571 3264 5622 τῶν
3323 5566 3546 5644 σχολῶν
3600 5562 3788 5642 δομι-

2097 5674 2282 5711 στικον
2312 5654 2441 5713 ὅντα
2486 5658 2578 5713 καὶ
2627 5656 2753 5720 τοὺς
2805 5655 3036 5721 λοιποὺς
3094 5656 3266 5731 ὶῲους
3320 5654 3588 5720 δυνάστας
3642 5654 3799 5729 μηδ.

2098 5744 2332 5819 ἀξιώσας
2391 5745 2582 5825 λόγου.
2638 5746 3042 5823 Είσερχόμενος
3088 5744 3145 5804 δὲ
3208 5746 3263 5804 ἓν
3320 5741 3637 5824 Βουλγαρίᾳ
3680 5742 3744 5804 δι
