4014 6194
346 305 457 367 ΓΗ

1690 300 2013 362 GEORGII
2060 300 2398 362 CEDRENI

3635 307 3755 369 172

347 438 677 493 adventare.
703 434 759 491 Is
788 435 946 491 enim
979 451 1012 489 a
1041 434 1316 505 Cbosroe,
1364 434 1449 489 uti
1498 432 1897 504 exposuimus,
1942 432 1986 486 ir

2116 452 2216 485 πον
2268 431 2526 507 βασιλέα,
2596 430 2840 506 διάδημά
2885 456 2943 489 τε
2990 437 3291 511 περιθέντες
3338 437 3487 508 αὗτῷ
3543 437 3633 492 καὶ
3687 438 3759 493 τὰ

340 541 635 583 carcerem
667 531 1008 597 compactus
1040 522 1334 595 Babylone
1364 522 1422 578 in
1458 520 1726 577 custodia
1749 522 1992 586 vixerat,

340 616 500 672 omni
531 630 671 670 cura
701 612 961 686 corporis
993 613 1331 680 destitutus,
1365 611 1733 683 carcerisque
1766 611 1992 667 incom-

344 704 536 760 modis
565 708 624 759 et
670 704 983 759 custodum
1017 700 1391 758 contumeliis
1434 701 1752 755 divexatus.
1789 700 1991 755 Subito

345 794 396 849 ei
448 792 671 848 atl‘ulsit
718 793 951 848 fortuna
1000 791 1275 863 propitia,
1326 790 1639 862 ipsumque
1688 806 1819 844 cum
1868 789 1992 845 suis

347 899 577 940 carcere
627 883 848 939 eduxit.
900 884 1023 949 Quo
1073 886 1270 938 autem
1324 881 1495 937 modo
1544 879 1792 935 vinculis
1838 882 1991 936 439

345 973 632 1029 liberatus
658 972 718 1027 in
752 972 1045 1027 Romanas
1077 969 1411 1043 provincias
1444 969 1757 1026 incolumis
1789 987 1991 1042 perve-

346 1062 520 1133 uerit,
544 1063 671 1132 jam
704 1078 860 1115 nunc
890 1061 1287 1116 narrabimus.

2106 522 2274 575 Λοιπὰ
2303 528 2402 592 τῆς
2456 520 2734 597 βασιλείας
2784 522 3153 599 γνωρίσματα.
3201 529 3404 581 Τούτου
3455 523 3512 581 δὶ
3554 526 3752 603 ἀναγο-

2103 610 2385 685 ρευθέντος
2433 610 2746 688 ἠγγέλλετο
2792 613 2883 669 καὶ
2929 615 2956 669 6
3003 612 3255 691 Σκληρὸς
3300 612 3449 685 ἥκων
3500 616 3605 672 ἀπὸ
3657 624 3761 672 Συ-

2104 700 2245 772 ρίας.
2294 702 2648 777 Καθειρχθεὶς
2696 703 2822 779 γὰρ,
2874 703 2949 766 ὡς
3001 704 3247 778 εἶ’πομεν,
3304 706 3451 781 παρὰ
3493 710 3591 761 τοῦ
3639 709 3758 764 Χο-

2104 788 2268 865 σρὸου
2348 791 2481 863 μετὰ
2552 795 2657 845 τῶν
2717 793 2842 868 περὶ
2918 792 3077 848 αὐτὸν
3151 793 3203 849 ἐν
3258 789 3543 849 Βαϐυλῶνι
3602 793 3759 868 ἔμενε

2101 880 2439 954 τηρούμενος
2499 878 2551 934 ἐν
2599 884 2668 946 τῆ
2724 887 2952 958 φρουρᾷ,
3009 884 3188 953 πάσης
3243 882 3559 956 ἐπιμελείας
3605 883 3759 940 ἐστε-

2104 968 2345 1043 ρημένος
2399 969 2490 1023 καὶ
2556 972 2624 1043 τῇ
2688 969 2748 1025 ἐκ
2798 978 2899 1041 τῆς
2958 971 3280 1046 καθείρξεως
3335 972 3606 1048 κακουχίᾳ
3665 974 3762 1028 καὶ

2100 1063 2219 1119 ταῖς
2296 1062 2404 1112 τῶν
2470 1057 2852 1133 φυλαττόντων
2930 1062 3240 1136 παροινίαις
3312 1065 3759 1138 τετρυχωμένος⁸

346 1147 593 1226 ἐξαίφνης
655 1146 701 1202 δ’
751 1145 1058 1221 ἐπέλαμψεν
1120 1145 1267 1220 αυτῷ
1309 1146 1452 1222 τύχη
1508 1148 1756 1223 Ααμπρὰ,
1814 1147 1903 1203 καὶ
1958 1153 2058 1217 τῆς
2113 1145 2363 1225 φυλακῆς
2409 1142 2733 1204 ἐκϐάλλεται
2764 1150 2855 1205 σὺν
2883 1155 2999 1213 τοῖς
3033 1150 3355 1228 ἀμφάὖτὸν
3412 1149 3760 1225 παραδόξως.

346 1235 461 1311 Ο¹ίῳ
492 1234 547 1292 δέ
575 1237 765 1313 τρόπῳ
793 1240 901 1292 τῶν
940 1233 1151 1311 δεσμῶν
1185 1235 1557 1313 ἠλευθερώθη,
1590 1237 1679 1291 καὶ
1711 1236 1859 1300 ὅπως
1886 1236 1960 1301 εἰς
1992 1238 2057 1291 τὰ
2085 1237 2377 1309 Ῥωμαίων
2406 1234 2513 1309 ἤθη
2549 1234 2782 1307 διεσώθη
2830 1238 2920 1294 καὶ
2952 1238 3274 1311 ἐπανῆλθεν,
3310 1238 3489 1296 ἄπεισι
3521 1241 3692 1315 Αέξων
3728 1244 3759 1298 6

343 1324 533 1403 λόγος.

412 1416 645 1473 Persica
673 1433 817 1489 gens
849 1434 1024 1488 regno
1055 1435 1089 1473 a
1118 1418 1422 1475 Saracenis
1473 1422 1645 1473 exuta
1683 1434 1988 1489 nunquam

337 1522 453 1561 non
486 1505 559 1561 iis
590 1506 977 1576 irascebatur,
1010 1507 1302 1578 taciteque
1334 1508 1625 1578 cogitabat
1653 1512 1709 1563 et
1738 1507 1991 1563 occasio-

339 1610 471 1650 nem
502 1594 851 1667 dispiciebat
871 1611 969 1649 eos
986 1594 1295 1664 dejiciendi
1315 1595 1643 1666 avitamque
1667 1595 1989 1669 potentiam

344 1682 749 1754 recuperandi.
780 1683 914 1738 Erat
939 1682 1092 1739 inter
1120 1700 1218 1739 eos
1250 1684 1491 1754 quidam
1525 1684 1709 1756 stirpe
1742 1683 1991 1740 nobilis-

344 1771 496 1827 sima
521 1777 688 1827 ortus
715 1773 982 1843 Inargus,
1016 1778 1074 1828 et
1096 1772 1430 1844 eloquentia
1460 1780 1517 1829 et
1546 1772 1753 1829 bellica
1786 1790 1846 1828 re
1876 1773 1991 1828 cla-

2169 1415 2239 1469 Τὸ
2289 1419 2397 1469 τῶν
2449 1420 2665 1491 Περσῶν
2720 1416 2874 1493 γίνος
2925 1419 3024 1487 τὴν
3074 1417 3253 1495 ἀρχὴν
3315 1424 3418 1489 τῆς
3471 1418 3757 1495 βασιλείας

2100 1502 2383 1579 άφαιρεθὶν
2467 1504 2569 1560 ὑπὸ
2634 1510 2741 1560 τῶν
2826 1511 3151 1581 Σαρακηνῶν
3231 1507 3312 1562 ἀεὶ
3374 1508 3469 1581 μὲν
3524 1507 3758 1563 ἐνεκότει

2098 1592 2314 1655 τούτοις
2362 1592 2451 1647 καὶ
2494 1591 2839 1670 ἐνεδομύχει,
2883 1594 2975 1650 καί
3030 1597 3217 1671 καιρὸν
3269 1595 3447 1668 ἐζήτει
3501 1596 3589 1651 καὶ
3641 1618 3757 1670 μη-

2099 1684 2275 1756 χανήν
2332 1683 2483 1744 ὅπως
2536 1682 2663 1745 τοὺς
2719 1684 2781 1739 τὸ
2823 1683 3020 1759 κράτος
3051 1682 3283 1761 ἔχοντας
3310 1686 3626 1761 κατασπάσῃ
3657 1686 3756 1741 καὶ

2096 1772 2197 1839 τὴν
2250 1772 2478 1845 πάτριον
2534 1770 2699 1826 πάλιν
2768 1769 3013 1849 ἀναλαϐῃ
3073 1774 3277 1849 ἀρχήν*
3327 1776 3393 1844 ἦν
3453 1772 3511 1830 δέ
3558 1797 3641 1838 τις
3693 1774 3754 1830 ἐν

346 1876 449 1916 rus
480 1865 656 1931 atque
706 1866 1003 1916 strenuus.
1057 1861 1111 1915 Is
1152 1862 1446 1918 Cbosroen
1498 1863 1757 1918 sentiens
1801 1863 1986 1918 disso-

2101 1858 2283 1922 αὐτοῖς
2344 1861 2479 1936 ἀνὴρ
2528 1858 2579 1931 ἐξ
2625 1860 2871 1937 εὐγενοῦς
2916 1868 3095 1936 σειρᾶς
3122 1863 3510 1938 καταγόμενος.
3570 1872 3755 1941 ’Ἰναρ-

344 1946 464 2004 lute
492 1952 666 2019 atque
690 1948 883 2020 inepte
915 1949 1226 2021 imperium
1247 1966 1466 2023 gerere,
1494 1951 1616 2023 jam
1652 1968 1808 2006 nunc
1840 1968 1993 2023 quae-

346 2036 522 2093 sitam
579 2037 677 2093 diu
737 2038 1240 2111 Opportunitatem
1295 2040 1492 2096 Persis
1544 2040 1748 2097 adesse
1806 2044 1988 2109 ratus,

342 2126 678 2183 universam
702 2128 1246 2185 Achaemenidarum
1265 2133 1495 2201 gentem
1515 2130 1584 2184 ad
1609 2129 1988 2185 defectionem

343 2231 377 2270 a
406 2214 712 2271 Saracenis
743 2216 1019 2284 concitat,
1050 2221 1489 2289 Turcarumque
1520 2217 1890 2273 orientalium
1918 2218 1989 2272 ad

339 2303 547 2376 viginti
580 2303 767 2360 millia
796 2307 1062 2361 mercede
1079 2307 1434 2377 conducens,
1452 2322 1544 2362 res
1567 2306 1989 2363 Saracenorum

342 2394 463 2465 agit
492 2396 667 2467 atque
693 2393 822 2462 fert,
844 2394 891 2450 si
910 2412 1055 2466 quos
1074 2396 1345 2467 cepisset,
1370 2412 1470 2452 eos
1505 2400 1687 2453 morte
1710 2396 1988 2468 multans,

342 2500 408 2538 ac
442 2499 511 2538 ne
544 2484 740 2555 pueris
789 2484 1029 2555 quidem
1082 2502 1341 2557 parcens.
1389 2485 1534 2541 Cum
1568 2486 1674 2541 hoc
1704 2485 1989 2542 Cbosroes

338 2588 492 2644 saepe
521 2572 668 2645 ipse,
702 2590 841 2643 sape
892 2591 993 2644 per
1024 2575 1201 2629 duces
1246 2592 1386 2629 suos
1419 2574 1716 2645 praeliatus
1759 2592 1992 2647 semper

339 2661 676 2717 succubuit.
711 2661 1029 2734 Desperata
1053 2663 1179 2733 jam
1214 2679 1295 2728 re,
1335 2679 1401 2717 ac
1433 2680 1602 2735 porro
1636 2664 1896 2718 sentiens
1930 2671 1991 2719 se

338 2765 505 2805 arma
527 2753 729 2806 contra
745 2750 954 2806 Persas
988 2752 1135 2806 ferre
1154 2767 1268 2806 non
1302 2768 1493 2822 posse,
1513 2770 1643 2807 cum
1672 2769 1823 2824 saepe
1846 2769 1987 2808 con-

337 2834 442 2893 cisi
476 2838 668 2911 ipsius
701 2839 990 2896 exercitus
1016 2840 1139 2911 jam
1172 2857 1245 2895 ne
1278 2858 1489 2897 nomen
1522 2841 1758 2912 quidem
1787 2841 1989 2897 Persa-

334 2943 466 2982 rum
485 2928 695 2983 audire
713 2928 1096 2992 sustinerent,
1116 2929 1537 2998 Romanorum,
1561 2947 1709 3000 quos
1731 2931 1990 3002 captivos

333 3016 1033 3090 detinebatﬁrecordatur.
1053 3017 1343 3088 Subitque
1371 3020 1420 3072 ei
1447 3020 1762 3091 prudenter
1793 3020 1992 3075 admo-

339 3106 481 3163 dum
514 3108 871 3176 ratiocinari,
909 3108 1021 3164 nisi
1052 3107 1283 3165 Sclerus
1308 3108 1626 3166 illustrium
1658 3127 1811 3166 unus
1834 3114 1989 3167 esset

2098 1969 2190 2023 γος
2220 1945 2482 2022 τοῦνομα,
2536 1948 2711 2026 λέγειν
2750 1972 2807 2006 τε
2850 1948 3018 2016 δεινὸς
3062 1952 3151 2007 καὶ
3209 1950 3396 2017 ἄλλως
3440 1952 3755 2028 πολεμικὸς

2100 2037 2188 2092 καὶ
2236 2034 2560 2114 δραστήριος
2610 2038 2915 2111 ἄνθρωπος,
2967 2041 3139 2105 Οὗτος
3192 2041 3283 2097 τὸν
3350 2041 3573 2116 βασιλέα
3632 2045 3754 2101 Xo-

2102 2127 2267 2199 σρὸην
2324 2130 2657 2198 κατανοήσας
2718 2130 3012 2202 ἀνειμένως
3066 2132 3151 2185 καὶ
3204 2128 3429 2209 φαύλως
3481 2131 3752 2208 ἄρχοντα,

2100 2215 2187 2269 καί
2241 2214 2331 2269 νῦν
2387 2222 2634 2291 παρεῖναι
2683 2215 2742 2272 6'v
2796 2218 3019 2289 ἐζήτουν
3053 2220 3104 2274 οἱ
3151 2219 3350 2296 Πέρσαι
3406 2222 3590 2296 καιρὸν
3623 2221 3757 2293 οἰη-

2102 2303 2231 2373 θεὶς,
2274 2304 2502 2359 ἀνασείει
2548 2326 2606 2361 τε
2660 2307 2722 2361 τὸ
2779 2306 2933 2382 γένος
2982 2312 3090 2363 τῶν
3151 2306 3549 2384 ’Λχαιμενιδῶν
3608 2311 3758 2366 ἁπαν

2099 2393 2187 2447 καὶ
2220 2393 2511 2449 ἀπόστασιν
2569 2401 2706 2450 κινεῖ
2750 2398 2887 2451 κατὰ
2935 2401 3041 2452 τῶν
3091 2401 3445 2472 Σαρακηνῶν.
3500 2398 3760 2473 Προσλα-

2101 2476 2335 2554 δόμενος
2366 2480 2423 2537 δὲ
2468 2483 2558 2537 καὶ
2611 2487 2998 2563 μισθοφορικὸν
3058 2486 3164 2541 ἀπὸ
3213 2490 3321 2541 τῶν
3382 2488 3533 2559 ἑῴων
3583 2489 3761 2565 T069-

2100 2590 2208 2624 κων
2240 2574 2354 2642 (47)
2408 2572 2545 2649 ἀμφὶ
2592 2574 2687 2635 τὰς
2747 2572 2917 2629 εἷ’κοσι
2970 2572 3231 2649 χιλιάδας
3275 2573 3439 2647 ἐδῄου
3483 2576 3569 2632 καὶ
3618 2597 3758 2633 κατ-

2101 2656 2289 2734 ἐτρεχε
2346 2660 2412 2713 τὰ
2457 2665 2804 2733 Σαρακηνῶν,
2860 2664 2939 2736 [Ρ.
2974 2665 3101 2737 697]
3134 2661 3303 2738 ἄρδην
3350 2663 3583 2737 ἀναιρῶν
3623 2664 3763 2729 τοὺς

2101 2745 2493 2821 ἄλισκομένους
2566 2750 2653 2804 καὶ
2731 2748 2872 2824 μηδὲ
2940 2748 3149 2807 παίδων
3215 2750 3554 2832 φειδόμενος.
3605 2756 3762 2829 Πρὸς

2096 2834 2288 2891 τοῦτον
2342 2838 2369 2891 6
2428 2838 2682 2912 Χοσρόης
2734 2836 3005 2901 πολλάκις
3058 2839 3147 2894 καὶ
3224 2837 3317 2896 διὰ
3376 2846 3482 2896 τῶν
3532 2842 3759 2897 οἰκείων

2101 2930 2413 3001 στρατηγῶν
2485 2928 2572 2980 καὶ
2653 2926 2813 2989 αὐτὸς
2876 2924 2946 2981 δι’
2999 2929 3189 2983 ἑαυτοῦ
3242 2929 3751 3005 ἀντιπαραταξάμε-

2098 3035 2189 3075 νος
2238 3014 2288 3069 ἐν
2334 3014 2529 3077 πάσαις
2570 3021 2687 3078 ταῖς
2750 3014 2955 3092 μάχαις
3005 3019 3241 3089 ἡττήθη.
3299 3018 3597 3094 Ἀπογνοὺς
3655 3018 3757 3075 οὗν

2100 3102 2293 3159 λοιπὸν
2347 3105 2435 3159 καὶ
2471 3101 2629 3166 εἰδὼς
2668 3106 2744 3178 μὴ
2778 3100 2849 3159 ὤν
2883 3106 3061 3169 ἱκανὸς
3094 3106 3239 3161 ὅπλα
3266 3105 3372 3162 ἀπὸ
3401 3104 3559 3163 τοῦδε
3588 3112 3754 3174 κινῆ-

339 3213 405 3252 ac
438 3214 808 3253 summorum
850 3198 1107 3254 virorum
1158 3203 1215 3253 et
1248 3198 1429 3255 animi
1461 3199 1836 3271 corporisque
1869 3200 1986 3255 for-

2102 3214 2185 3247 σαι
2235 3194 2369 3247 κατὰ
2414 3195 2657 3268 Περσῶν,
2708 3198 2814 3249 τῶν
2850 3194 3014 3249 αὐτοῦ
3064 3197 3479 3271 στρατευμάτων
3529 3194 3756 3252 πολλά-

335 3286 591 3342 titudine
626 3292 932 3359 prastans,
983 3304 1285 3359 nunquam
1336 3305 1469 3344 eum
1504 3289 1759 3359 profecto
1789 3295 1992 3343 contra

339 3374 649 3430 dominum
700 3391 875 3431 suum
921 3375 1415 3443 insurrecturum,
1450 3377 1603 3430 440
1632 3392 1901 3446 .eumque
1930 3376 1989 3430 in

338 3467 536 3521 tantas
567 3465 875 3538 angustias
921 3463 1392 3537 compulsurum,
1426 3481 1615 3536 neque
1643 3464 1862 3527 deinde
1894 3480 1988 3520 ex-

337 3553 450 3609 suli
484 3558 543 3610 et
564 3553 858 3610 infelicem
884 3554 1157 3610 toleranti
1185 3558 1363 3610 vitam
1393 3560 1475 3609 tot
1495 3558 1806 3625 tantosque
1837 3555 1990 3610 viros

337 3643 785 3715 imperatorium
818 3644 1098 3698 honorem
1154 3642 1459 3697 habituros
1508 3642 1711 3698 fuisse.
1744 3643 1892 3713 Ergo
1931 3660 1991 3698 re

341 3748 477 3786 cum
510 3748 617 3787 suo
650 3736 858 3786 senatu
912 3730 1345 3786 communicata
1396 3730 1612 3785 Durum
1648 3736 1705 3786 et
1747 3732 2025 3788 comites.

339 3821 466 3892 ejus
498 3837 527 3876 e
558 3836 787 3875 carcere
807 3820 1001 3875 educit
1024 3818 1301 3890 omnique
1333 3836 1473 3875 cura
1505 3819 1988 3889 reﬁcit,tandem-

339 3925 452 3980 que
482 3909 554 3965 ab
585 3926 651 3965 eo
670 3910 892 3981 petitut
922 3909 1033 3965 sibi
1064 3909 1124 3964 in
1143 3908 1332 3965 Persis
1365 3908 1730 3965 debellandis
1753 3927 1989 3981 Operam

338 4004 532 4055 navet.
566 3998 928 4055 Simulanter
958 3999 1124 4053 initio
1155 3998 1349 4054 Durus
1398 3999 1455 4052 id
1501 4000 1814 4066 recusavit,
1847 4015 1990 4054 cau-

342 4094 508 4144 satus
565 4089 720 4144 viros
780 4092 941 4143 tanto
986 4092 1249 4158 tempore
1299 4088 1354 4141 in
1407 4088 1673 4143 custodia
1722 4088 1988 4143 detentos

341 4178 711 4250 carcerisque
733 4177 1011 4234 aerumnis
1035 4178 1266 4233 attritos
1290 4194 1404 4233 non
1429 4193 1601 4249 posse
1632 4194 1794 4232 arma
1820 4177 1984 4233 ferre.

340 4267 626 4325 Cbosroes
657 4273 853 4325 autem
896 4268 1087 4339 magis
1120 4267 1427 4339 magisque
1456 4267 1732 4335 instabat,
1766 4266 1987 4338 ﬂagita-

336 4357 558 4430 batque
589 4364 656 4413 ut
678 4356 984 4430 pecuniam
1002 4356 1370 4411 innumeram
1389 4362 1447 4411 et
1471 4356 1755 4411 exercitus
1782 4372 1986 4411 nume-

337 4448 679 4504 rosissimos
731 4446 1157 4519 splendideque
1200 4444 1519 4499 instructos
1574 4444 1861 4515 acciperet
1929 4448 1987 4500 et

330 4535 553 4593 bellum
588 4536 644 4591 in
677 4536 882 4591 Persas
904 4538 1148 4608 gereret,
1174 4551 1363 4605 neque
1395 4531 1746 4605 injuriarum
1774 4534 1979 4589 memi-

329 4625 514 4682 nisset
546 4629 603 4681 et
632 4628 884 4680 carceris
918 4622 1338 4689 molestiarum,
1374 4639 1521 4693 quas
1553 4623 1678 4694 ipse
1710 4622 1767 4676 in
1794 4627 1981 4693 poste-

328 4731 460 4769 rum
492 4713 876 4785 amplissimis
911 4712 1133 4767 meritis
1164 4718 1319 4767 esset
1342 4712 1690 4767 aboliturus.
1716 4711 1975 4766 Tandem

325 4818 464 4875 ergo
500 4804 689 4858 Durus
721 4801 929 4857 annuit
957 4806 1014 4855 et
1048 4800 1185 4856 belli
1215 4800 1789 4855 administrationem
1826 4800 1881 4854 in
1914 4818 1976 4855 se

324 4891 551 4963 recipit.
580 4891 779 4962 Neque
812 4906 942 4945 vero
972 4890 1192 4944 Arabes
1224 4893 1326 4944 aut
1355 4890 1799 4943 Saracenos'aut
1829 4888 1974 4943 alios

322 4979 565 5037 Chosroi
597 4980 868 5036 subditos
902 4978 1148 5051 populos
1182 4979 1391 5033 ducere
1423 4979 1697 5043 sustinet,
1729 4978 1828 5033 sed
1863 4980 1971 5051 Sy-

321 5069 614 5125 riaoarum
645 5069 880 5123 urbium
914 5066 1261 5139 perlustrari
1282 5069 1456 5135 jubet
1484 5084 1767 5134 carceres,
1791 5072 1847 5122 et
1869 5067 1971 5137 qui

319 5158 381 5215 in
432 5158 505 5215 iis
554 5158 971 5214 detinebantur
1021 5156 1234 5229 captivi
1287 5156 1531 5211 Romani
1581 5157 1747 5211 educi
1795 5160 1971 5227 atque

321 5248 560 5320 armari,
593 5248 704 5304 hoc
751 5251 808 5303 et
838 5245 998 5303 nullo
1047 5245 1161 5301 alio
1203 5245 1455 5302 exercitu
1506 5262 1569 5301 se
1599 5261 1719 5301 rem
1769 5250 1971 5301 contra

2098 3302 2183 3343 κις
2213 3283 2623 3336 κατακοπέντων
2655 3281 2743 3337 καὶ
2778 3281 2908 3355 μηδ’
2939 3280 3115 3356 ὄνομα
3165 3284 3464 3359 στεγόντων
3520 3286 3755 3342 ἀκοῦσαι

2099 3374 2340 3445 Περσῶν,
2387 3369 2462 3432 εἷς
2505 3368 2707 3425 ἔννοιαν
2756 3369 2975 3447 ἔρχεται
3027 3376 3136 3427 τῶν
3166 3372 3219 3427 ἐν
3250 3377 3316 3447 τῇ
3360 3379 3568 3451 φρουρᾷ
3611 3377 3758 3431 Ῥω-

2104 3458 2303 3532 μαίων,
2356 3458 2809 3537 ἐπιλογισάμενος
2845 3459 2989 3534 λίαν,
3046 3461 3333 3538 ἐμφρόνως
3365 3463 3439 3525 ὡς
3471 3461 3521 3517 εἲ
3551 3466 3626 3536 μή
3664 3484 3754 3527 τις

2097 3552 2203 3602 τῶν
2239 3548 2524 3621 ἐπισήμων
2582 3550 2651 3617 ἦν
2705 3548 2794 3603 καὶ
2829 3548 3082 3627 ἐμφανῶν
3138 3552 3165 3606 ὁ
3222 3551 3606 3627 καθειργμένος
3655 3552 3747 3607 καὶ

2099 3638 2234 3691 κατὰ
2287 3639 2471 3712 ψυχὴν
2529 3638 2618 3691 καὶ
2667 3643 2828 3711 σῶμα
2884 3638 3145 3713 γενναίως
3204 3636 3372 3714 ἔχων,
3429 3639 3529 3695 οὐκ
3560 3639 3619 3694 ἂν
3649 3644 3753 3695 τοῦ

2100 3723 2303 3780 οίκείου
2361 3723 2623 3781 δεσπότου
2671 3727 3021 3799 κατεξανὲπη
3080 3728 3171 3783 καὶ
3230 3726 3283 3790 ἐς
3328 3726 3453 3784 τόδε
3508 3728 3749 3805 ἀνάγκη(

2099 3812 2365 3883 σονήλασε
2420 3818 2638 3885 τοῦτον,
2703 3813 2793 3870 καί
2848 3816 2983 3889 μετὰ
3029 3820 3197 3872 ταῦτα
3253 3817 3421 3893 φυγάς
3474 3818 3563 3872 καὶ
3624 3818 3749 3888 βίον

2101 3899 2365 3958 διαντλῶν
2400 3904 2578 3979 ἀτυχῆ
2640 3905 2743 3959 ὑπὸ
2789 3904 3063 3960 τοσούτων
3121 3907 3209 3960 καί
3266 3906 3609 3977 τηλικούτων
3670 3909 3751 3970 ὡς

2103 3992 2356 4067 βασιλεὺς
2430 3992 2761 4065 ἀνυμνεῖται.
2838 3992 3377 4071 Κοινολογησάμενος
3451 3996 3585 4069 μετὰ
3639 4004 3748 4067 τῆς

2098 4081 2289 4137 ἑαυτοῦ
2338 4082 2623 4157 γερουσίας
2679 4077 2934 4138 ἐκϐάλλει
2990 4105 3049 4138 τε
3091 4085 3183 4140 τὸν
3241 4081 3404 4160 ἄνδρα
3431 4089 3618 4140 τοῦτον
3651 4086 3751 4141 καὶ

2095 4170 2223 4232 τοὺς
2283 4169 2377 4226 σὺν
2426 4170 2573 4243 αὐτῷ
2622 4179 2723 4242 τῆς
2768 4172 3017 4249 φυλακῆς
3066 4173 3155 4228 καὶ
3206 4176 3385 4244 πάσης
3430 4174 3753 4248 ἐπιμελείας

2096 4260 2357 4331 καταξιοῖ,
2388 4260 2477 4315 καὶ
2508 4258 2817 4316 τελευταῖον
2844 4263 2945 4332 τήν
2973 4261 3096 4339 περὶ
3134 4266 3231 4317 τοῦ
3276 4261 3528 4335 πολὲμου
3578 4284 3756 4338 προσ-

2098 4349 2243 4427 φέρει
2312 4350 2548 4423 ἀξίωσιν.
2617 4349 3001 4427 Θρυπτομένου
3082 4350 3139 4407 δὶ
3198 4353 3318 4407 κατ’
3393 4352 3569 4428 ἀρχὰς
3644 4359 3753 4410 τοῦ

2098 4437 2377 4515 Σκληροῦ,
2430 4440 2519 4495 καὶ
2583 4446 2695 4513 μετ’
2752 4439 3026 4515 εἷρωνείας
3060 4445 3175 4504 πῶς
3233 4442 3293 4496 ἂν
3338 4439 3609 4512 δυνηθεῖεν
3646 4441 3753 4499 λέο

2094 4550 2283 4603 γοντος
2340 4527 2485 4583 ὅπλα
2543 4536 2761 4599 κινῆσαι
2808 4526 2994 4605 ἄνδρες
3054 4528 3105 4583 ἐν
3132 4528 3377 4603 τοσούτῳ
3402 4536 3749 4607 καιρῷκαθ-

2089 4617 2365 4693 ειργμένοι
2417 4618 2505 4672 καὶ
2566 4616 2880 4694 κατακόρως
2937 4618 3301 4695 μετασχόντες
3360 4624 3466 4674 τῶν
3524 4619 3583 4675 ἐκ
3638 4624 3749 4692 τῆς

2089 4713 2323 4784 φρουρᾶς
2353 4708 2749 4777 κακοπαθειῶν,
2777 4708 2805 4761 6
2837 4706 3085 4784 Χοσρόης
3128 4708 3218 4763 καὶ
3266 4708 3433 4763 πάλιν
3477 4708 3741 4780 ἐνέκειτο,

2084 4795 2173 4850 καὶ
2205 4797 2469 4870 χρήματα
2514 4791 2702 4849 λαϐεῖν
2764 4795 2922 4849 αὐτὸν
2978 4795 3204 4851 ίκέτευεν
3237 4796 3473 4870 ἀριθμοῦ
3520 4795 3741 4854 διεκπί-

2083 4904 2287 4939 πτοντα
2332 4886 2421 4939 καὶ
2452 4883 2822 4959 στρατεύματα
2851 4883 3053 4955 πλήθει
3096 4906 3154 4941 τε
3202 4884 3397 4963 ἄπειρα
3441 4886 3531 4941 καὶ
3586 4885 3740 4962 λαμ-

2082 4973 2191 5050 πρᾶ
2229 4979 2348 5035 ταῖς
2405 4979 2785 5049 παρασκευαῖς,
2843 4974 2933 5027 καὶ
2989 4980 3356 5050 στρατηγῆσαι
3410 4976 3502 5030 τὸν
3559 4975 3741 5032 πόλε-

2085 5085 2203 5136 μον,
2239 5062 2327 5117 καὶ
2374 5064 2448 5135 μή
2499 5068 2899 5135 μνησικακῆσαι
2950 5069 3050 5132 τῆς
3097 5063 3444 5137 καθείρξεως,
3503 5064 3579 5126 ὡς
3638 5062 3742 5120 δυ-

2080 5152 2311 5225 ναμένου
2369 5152 2462 5206 καὶ
2517 5149 2684 5205 αὐτοῦ
2735 5157 2850 5214 τοῖς
2903 5151 3037 5225 μετά
3073 5156 3239 5206 ταῦτα
3268 5150 3463 5216 καλοῖς
3492 5153 3581 5208 καὶ
3610 5160 3742 5218 ταῖς

2080 5239 2506 5317 φιλοφροσύναις
2594 5238 2937 5315 ἐπηλυγάσαι
3019 5239 3087 5295 τὰ
3158 5240 3537 5319 προφθάσαντα
3590 5244 3737 5299 κακὰ

320 5336 529 5395 Persas
582 5341 892 5411 gesturum
963 5336 1291 5393 afﬁrmans.
1370 5334 1596 5392 Placuit
1654 5334 1968 5392 consilium

2098 5329 2165 5385 ιαῑ
2196 5329 2289 5390 τὰς
2322 5327 2380 5382 ἐκ
2406 5334 2505 5397 τῆς
2565 5326 2813 5407 φυλακῆς
2873 5327 3088 5401 ἀηδίας.
3120 5328 3366 5396 Πείθεται
3425 5331 3488 5387 τὸ
3537 5328 3732 5388 τελευ-

1511 5506 1871 5562 XYLANDRI
1910 5505 2000 5562 ET
2039 5502 2253 5561 GOARI
2290 5501 2519 5561 NOTxE.

382 5655 497 5732 (47)
525 5653 690 5714 Unde
718 5651 891 5712 Turci
919 5650 1131 5711 redditi
1160 5650 1485 5709 Orientales
1515 5648 1752 5724 exponit
1782 5651 1985 5706 auctor
2012 5664 2071 5725 p.
2102 5646 2228 5704 768.
2262 5646 2443 5706 Goaa.
