4014 6194
346 362 460 422 175

1689 350 2008 413 GEORGII
2052 349 2393 411 CEDRENI

3642 347 3761 409 176

340 492 660 564 imperator
706 488 863 545 Duro
906 488 964 542 in
1010 485 1238 559 Syriam
1290 485 1547 557 profecto
1594 483 1993 540 sollicitudine

2111 482 2465 559 ὑποχώρησιν
2499 486 2596 537 τοῦ
2645 480 2902 557 Σκληροῦ
2949 485 3058 535 τῶν
3107 478 3408 559 φροντίδων
3442 482 3470 535 6
3505 481 3762 557 βασιλεὺς

340 581 648 650 liberatus,
689 596 824 635 cum
875 594 1071 633 rerum
1119 573 1616 632 administrationi
1664 574 1993 645 impensius

344 688 474 728 sese
514 671 703 736 daret,
735 666 1018 723 Basilium
1067 664 1519 733 cubicularium,
1552 662 1810 719 sentiens
1858 679 1992 717 eum

346 778 456 817 sua
484 764 614 815 acta
642 758 975 828 improbare
1004 759 1062 811 et
1106 770 1373 809 mussare
1421 758 1598 824 atque
1629 752 1783 807 haud
1818 753 1995 807 dubie

347 848 713 907 occasionem
738 845 1052 918 aliquando
1078 847 1315 899 nactum
1352 842 1578 898 facinus
1602 847 1767 897 atrox
1796 846 1997 898 contra

348 956 411 996 se
442 953 748 1006 ausurum,
783 934 918 991 aula
946 933 1268 988 dimoverat
1296 932 1451 986 443
1483 931 1760 1001 domique
1785 947 1903 987 suae
1935 946 1997 985 se

349 1028 645 1085 continere
686 1026 968 1096 jusserat.
1002 1022 1259 1078 Rursum
1290 1021 1492 1076 videns
1545 1022 1839 1075 hominem
1882 1036 1997 1074 non

350 1118 667 1189 quiescere,
694 1116 792 1169 sed
826 1127 1058 1183 semper
1089 1110 1244 1166 mala
1274 1109 1517 1165 consilia
1539 1109 1807 1164 meditari
1841 1124 1906 1164 ac
1929 1108 1998 1163 de

349 1203 598 1276 pristina
629 1202 892 1275 potentia
922 1199 1325 1271 recuperanda
1355 1197 1628 1271 cogitare,
1660 1198 1717 1252 in
1752 1199 1998 1253 Stenum

346 1293 653 1364 relegarat,
686 1288 978 1361 ademptis
1027 1288 1204 1343 etiam
1247 1287 1540 1358 plerisque
1569 1287 1949 1343 facultatibus
1984 1302 1997 1340 :

350 1398 487 1437 nam
521 1378 859 1451 sumptibus
878 1378 1399 1450 suppeditantibus
1415 1392 1585 1446 grave
1611 1377 1847 1446 aliquod
1872 1393 2001 1430 mo-

353 1470 443 1524 liri
477 1475 676 1541 posset
706 1467 1019 1539 ﬂagitium.
1055 1465 1302 1521 Proinde
1330 1466 1504 1535 hujus
1534 1465 1798 1520 consiliis
1831 1465 2003 1519 desti-

352 1563 540 1625 tutus,
573 1557 891 1627 amicisque
922 1572 1067 1627 opus
1086 1555 1310 1610 habens
1330 1572 1579 1626 quorum
1613 1554 1744 1609 fidei
1774 1560 2002 1626 tempo-

353 1648 519 1703 ribus
575 1647 775 1702 dubiis
831 1662 896 1701 se
951 1646 1232 1713 crederet,
1288 1660 1420 1699 vere
1479 1650 1618 1699 tunc
1674 1643 2004 1699 Romanum

358 1736 663 1807 amplexus
694 1740 801 1801 est,
833 1734 1021 1789 virum
1053 1734 1245 1789 sciens
1275 1750 1403 1788 esse
1434 1738 1731 1789 versutum
1757 1750 1823 1788 ac
1853 1739 2003 1788 stre-

361 1841 547 1880 nuum
580 1828 636 1879 et
666 1822 876 1879 bellica
907 1839 967 1878 re
999 1822 1577 1893 praestantissimum.

431 1914 648 1969 Bardas
679 1929 813 1968 vero
844 1912 1067 1967 Phocas
1091 1911 1189 1966 ubi
1222 1912 1291 1965 de
1322 1911 1511 1966 reditu
1546 1912 1684 1966 Duri
1710 1911 1999 1984 cognovit,

355 2004 585 2060 litteras
617 2002 687 2058 ad
741 2018 875 2057 eum
922 2001 1123 2069 mittit,
1172 2000 1281 2057 hoc
1327 2000 1523 2073 ipsum
1570 2003 1725 2073 quod
1777 2000 2005 2058 volebat

355 2093 550 2149 Durus
608 2090 954 2163 interposito
1018 2090 1194 2145 etiam
1240 2090 1625 2161 jurejurando
1674 2090 2002 2147 offerentes.

351 2181 740 2239 Promittebat
760 2186 1047 2250 autem,re
1068 2196 1137 2234 ex
1154 2178 1334 2234 animi
1349 2180 1640 2235 sententia
1657 2180 2005 2248 confecta,se

357 2273 509 2327 Duro
556 2270 898 2339 Antiochiae,
932 2268 1261 2340 Phcenicias,
1293 2268 1635 2341 Ccelesyrite,
1680 2268 2004 2324 Palaestinas

354 2365 414 2415 et
443 2358 874 2431 Mesopotamiae
904 2358 1219 2430 imperium
1252 2373 1581 2424 cessurum,
1615 2358 1726 2414 sibi
1760 2357 1917 2430 Cpoli
1949 2364 2006 2414 et

354 2447 598 2519 reliquis
645 2447 920 2519 gentibus
965 2446 1232 2502 servatis.
1287 2447 1479 2502 Laetus
1528 2447 1847 2502 admodum
1899 2446 2005 2500 has

354 2537 724 2593 conditiones
774 2534 996 2607 accepit
1024 2535 1253 2603 Durus;
1282 2536 1785 2606 jurejurandoque
1830 2536 2003 2589 fidem

362 2626 669 2695 adhibens,
720 2623 778 2678 in
828 2624 1255 2696 Cappadociam
1308 2625 1378 2678 ad
1428 2624 1682 2679 Phocam
1733 2623 1895 2694 abiit,
1941 2626 2007 2677 ut

362 2716 518 2788 quod
549 2715 621 2771 de
652 2715 929 2771 societate
950 2713 1353 2783 componenda
1380 2712 1674 2783 reliquum
1707 2716 1831 2767 erat
1873 2729 2006 2783 por-

360 2807 577 2861 ticeret.
598 2804 653 2859 Is
685 2820 820 2859 cum
838 2820 972 2859 eum
1004 2802 1062 2856 in
1096 2819 1327 2857 nassam
1348 2801 1646 2867 illexisset,
1673 2800 2005 2872 insignibus

358 2893 592 2966 imperii
649 2898 889 2949 exutum
940 2894 1000 2945 in
1049 2889 1357 2946 castellum
1410 2890 1750 2961 1‘yropa3um
1804 2890 2004 2956 mittit,

354 2982 549 3039 valida
605 2986 837 3052 septum
896 2980 1184 3034 custodia.
1244 2979 1384 3034 Inde
1432 2984 1659 3049 partem
1719 2978 2004 3033 exercitus

353 3072 627 3146 Calocyro
659 3068 961 3142 Delphines
1002 3067 1250 3141 patricio
1284 3068 1462 3123 tradit
1490 3072 1547 3123 et
1576 3068 1645 3122 ad
1679 3066 2001 3139 Chrysopo-

349 3164 454 3229 Iin,
488 3179 617 3233 quas
645 3163 716 3216 ab
748 3160 931 3215 altera
954 3158 1081 3213 freti
1108 3162 1269 3228 parte
1295 3162 1500 3212 contra
1529 3155 1733 3228 Cpolin
1756 3157 1868 3213 sita
1886 3158 1994 3228 est,

2103 570 2439 646 ἀπαλλαγεὶς
2471 571 2560 625 καὶ
2599 575 2707 626 τῶν
2762 568 3091 641 δίουκήσεων
3150 570 3457 644 ἁπτόμενος
3489 568 3761 644 ἀνδρικώ-

2102 681 2277 736 τερον,
2311 659 2425 715 ἐπεὶ
2485 659 2620 736 ἔγνω
2677 662 2768 716 τὸν
2828 660 3758 736 παρακοιμώμενον,ξμήᾗξάρεσκό-

2110 770 2268 821 μενον
2318 756 2435 813 τοῖς
2506 748 2834 827 δρωμένοις,
2905 748 3033 805 ἀλλ’
3091 748 3594 826 ὑποτονθορύζοντα
3666 752 3753 805 καὶ

2107 835 2257 892 δεινά
2305 836 2540 915 δράσειν,
2588 839 2632 893 εί
2679 843 2869 912 καιροῦ
2919 833 3169 908 λάϐοιτο,
3215 836 3598 913 ἐλπιζόμενον,
3630 844 3757 894 τοῦ·

2104 948 2196 981 τον
2231 930 2323 1001 μὲν
2352 929 2570 1003 κατάγει
2619 936 2720 998 τῆς
2782 928 3021 1002 ἐξουσίας
3066 928 3155 984 καὶ
3200 926 3341 984 οἷ’κοι
3377 930 3553 1002 μένειν
3586 950 3757 1005 προσ-

2062 1015 2304 1085 ,τάττει,
2364 1019 2447 1091 [Ρ.
2533 1020 2660 1091 699]
2741 1017 2892 1081 αὖθις
2972 1015 3029 1072 δὲ
3104 1019 3179 1091 μὴ
3245 1019 3555 1094 ἠρεμοῦντα
3613 1020 3754 1093 ὁρῶν

2108 1103 2234 1161 ἀλλ’
2287 1106 2365 1160 ἀεὶ
2434 1104 2745 1178 μελετῶντα
2814 1104 3091 1162 ἀλλόκοτα
3163 1105 3254 1161 καὶ
3319 1109 3418 1177 τὴν
3484 1108 3755 1185 προτέραν

2109 1192 2466 1271 ἀπειληφέναι
2527 1192 2826 1250 σπεύδοντα
2894 1192 3135 1268 ἐξουσίαν
3199 1195 3484 1272 ὑπερόριον
3545 1197 3643 1251 ἀνά
3695 1196 3757 1253 τὸ

2111 1284 2304 1338 Στενὸν
2353 1284 2586 1354 τίθησιν,
2637 1283 2975 1359 ἀφελόμενος
3022 1285 3111 1339 καὶ
3166 1286 3234 1340 τὰ
3287 1284 3467 1341 πλείω
3513 1293 3611 1355 τῆς
3661 1287 3762 1341 οὑ-

2111 1373 2227 1435 σίας
2260 1371 2443 1440 αὐτοῦ,
2476 1373 2550 1437 ὡς
2602 1375 2676 1447 μή
2725 1375 3188 1449 κεχορηγημένην
3223 1372 3368 1449 ἔχων
3398 1374 3535 1446 ὕλην
3564 1387 3762 1453 φθάσαι

2109 1484 2160 1517 τι
2193 1460 2383 1538 δρᾶσαι
2432 1467 2538 1516 τῶν
2598 1462 2946 1533 ἀνηκέστων⁶
3001 1462 3163 1525 αὐτὸς
3223 1462 3280 1518 δὶ
3336 1467 3433 1529 τῆς
3493 1463 3544 1535 ἐξ
3593 1464 3762 1519 αὑτοῦ

2116 1553 2378 1626 μονωθεὶς
2408 1547 2749 1624 τυμϐοῦλῆς,
2798 1551 2886 1606 καὶ
2938 1549 3112 1629 φίλων
3165 1550 3419 1626 δεόμενος
3451 1554 3541 1608 καὶ
3574 1572 3761 1627 συνερ-

2112 1642 2225 1717 γῶν
2258 1640 2308 1696 ἐν
2362 1647 2481 1703 ταῖς
2539 1640 2901 1715 περιστάσεσι,
2958 1642 3081 1695 τότε
3131 1641 3369 1716 γνησίως
3422 1642 3511 1696 τὸν
3543 1643 3761 1713 Ῥωμα-

2111 1731 2202 1785 νὸν
2254 1728 2633 1803 προσεδέξατο,
2684 1727 2850 1805 ἄνδρα
2893 1727 3051 1792 εἰδὼς
3092 1730 3319 1808 ἐντρεχῆ
3377 1732 3467 1786 καὶ
3522 1728 3761 1807 δραστή-

2034 1861 2081 1925 B
2115 1841 2228 1893 ριον
2265 1819 2353 1874 καὶ
2384 1820 2451 1874 τα
2475 1818 2752 1891 πολεμικά
2781 1820 3134 1877 ἱκανώτατον.

2188 1912 2223 1925 n
2245 1908 2255 1925 I
2305 1906 2328 1925 δ
2428 1907 2471 1925 δι
2520 1909 2533 1925 ι
2586 1914 2605 1925 ν
2712 1914 2735 1923 ν
2833 1909 2846 1925 ο
2978 1910 2991 1925 \

2185 1906 2393 1985 Βάρδας
2425 1907 2481 1963 δὲ
2513 1909 2540 1963 6
2573 1914 2766 1971 Φωκᾶς
2817 1909 2892 1972 ὡς
2933 1910 3031 1978 την
3080 1913 3175 1964 τοῦ
3206 1907 3464 1986 Σκληροῦ
3494 1907 3758 1966 ἐπάνοδον

2110 1996 2608 2073 προσαγγελθεῖσαν
2692 1998 2938 2067 ἐπυθετο,
2997 1997 3293 2073 γράμματά
3367 2020 3426 2053 τε
3494 1999 3764 2073 ἐκπέμπει

2112 2088 2250 2141 αὐτὰ
2292 2087 2469 2142 ἐκεῖνα
2523 2085 2798 2157 δηλοῦντα
2853 2087 2920 2141 τὰ
2974 2086 3165 2159 ἐκείνῳ
3214 2088 3351 2161 πρὸς
3393 2087 3623 2163 τρόπου,
3670 2088 3767 2143 καὶ

2114 2177 2297 2250 ὅρκοις
2348 2175 2631 2230 ἐπιστοῦτο
2671 2174 2773 2237 ’τὰς
2832 2174 3155 2250 ὑποσχέσεις
3188 2219 3203 2249 ,
3258 2199 3285 2230 ι
3328 2176 3390 2229 El
3432 2181 3539 2231 τῶν
3584 2175 3769 2247 ἠλπι-

2114 2267 2325 2339 σμένων
2369 2264 2648 2340 τύχωμεν,
2691 2263 2887 2339 λέγων,
2949 2262 3010 2318 σὺ
3060 2265 3154 2339 μὲν
3197 2261 3371 2339 ἄρξεις
3428 2266 3767 2343 Ἀντιοχείας

2111 2353 2201 2409 καὶ
2260 2352 2522 2423 Φοινίκης
2564 2353 2652 2407 καὶ
2713 2352 2918 2424 Κοίλης
2991 2358 3187 2427 Συρίας
3244 2354 3335 2409 καὶ
3390 2354 3768 2427 Παλαιστίνης

2112 2444 2202 2497 καὶ
2235 2442 2682 2515 Μεσοποταμίας,
2745 2441 2848 2515 ἐγὼ
2898 2439 2956 2496 δὲ
2993 2439 3179 2518 ἅρχων
3237 2440 3429 2517 ἔσομαι
3459 2451 3561 2513 τῆς
3611 2447 3768 2520 βασι-

2116 2528 2270 2592 λίδος
2302 2530 2469 2599 αὐτῆς
2514 2530 2601 2584 καὶ
2654 2535 2762 2584 τῶν
2813 2529 3128 2586 ὑπολοίπων
3179 2531 3367 2596 ἐθνῶν.
3400 2556 3428 2585 ››
3463 2534 3769 2608 Δεξάμενος

2116 2617 2172 2674 δὲ
2202 2623 2517 2695 περιχαρῶς
2549 2620 2576 2673 6
2610 2620 2861 2695 Σκληρὸς
2888 2619 3016 2683 τοὺς
3060 2619 3278 2698 λόγους,
3309 2622 3399 2677 καὶ
3428 2627 3545 2685 τοῖς
3578 2625 3765 2698 ὅρκοις

2116 2708 2411 2784 θαρρήσας,
2464 2706 2672 2763 ἄπεισιν
2718 2706 2769 2762 ἐν
2840 2706 3194 2781 Καππαδοκίᾳ
3238 2711 3375 2784 πρὸς
3422 2712 3511 2766 τὸν
3568 2718 3768 2768 Φωκᾶν

2115 2799 2190 2860 ὡς
2237 2789 2383 2872 ταχα
2438 2798 2751 2872 πληρώσων
2794 2798 2893 2866 τήν
2944 2798 3357 2875 κοινοπραγίαν.
3419 2802 3658 2865 Ἐκεῖνος
3704 2798 3769 2859 δὶ

2112 2891 2301 2941 τοῦτον
2344 2880 2493 2941 ἔνδον
2538 2893 2639 2955 τῆς
2694 2889 2938 2961 σαγήνης
2985 2883 3167 2943 λαϐὼν
3196 2889 3589 2968 ἀπαμφιέννυσί
3614 2912 3671 2947 τε
3696 2892 3768 2947 τὰ

2112 2982 2212 3046 τῆς
2240 2973 2518 3051 βασιλείας
2557 2975 2856 3049 παράσημα
2904 2975 2993 3030 καὶ
3043 2975 3121 3039 εἷς
3171 2978 3234 3032 τὸ
3289 2979 3548 3055 φρούριον
3574 2980 3635 3035 τὸ
3660 2986 3765 3035 Τυ-

2116 3064 2336 3141 ροποιὸν
2388 3063 2673 3137 ἐκπέμπει,
2728 3065 2963 3140 φρουρὰν
3026 3064 3126 3120 οὐκ
3181 3066 3369 3141 ἀγεννῆ
3437 3071 3768 3143 περιστήσας

2113 3155 2285 3225 αὐτῷ,
2332 3153 2506 3215 Αὐτὸς
2568 3150 2625 3207 δὲ
2675 3154 2839 3228 μέρος
2882 3158 2979 3209 τοῦ
3023 3159 3251 3227 στρατοῦ
3299 3160 3596 3233 παρασχὼν
3651 3166 3769 3215 Kc-

349 3227 532 3307 mittit
563 3266 576 3305 :
610 3249 736 3321 ipse
766 3251 923 3302 444
952 3263 1085 3302 cum
1111 3227 1345 3317 reliquo
1377 3227 1644 3316 Abydum
1678 3247 1840 3316 petit,
1864 3227 1993 3316 spe-

2110 3243 2329 3318 λοκυρῷ
2384 3241 2655 3317 πατρικίῳ
2709 3227 2790 3315 τῷ
2865 3242 3099 3320 Δελφινᾷ
3154 3227 3416 3318 ἐκπέμπει
3468 3227 3604 3301 κατὰ
3659 3248 3765 3317 τὴν

349 3357 488 3397 rans
519 3340 629 3394 huc
668 3338 837 3393 modo
887 3337 1177 3409 angustiis
1225 3336 1524 3407 occupatis
1573 3351 1633 3390 se
1663 3334 1997 3406 Cpolitanos

352 3446 545 3488 rerum
569 3426 1028 3485 necessariarum
1045 3425 1666 3496 inopiasubacturum.
1684 3425 2002 3494 Imperator

353 3519 555 3576 multis
589 3520 810 3574 frustra
839 3506 1108 3571 hortatus
1136 3514 1486 3584 Delphinam
1520 3518 1637 3568 uta
1656 3511 1999 3584 Chrysopoli

351 3609 659 3665 decederet
698 3621 885 3676 neque
931 3609 1119 3658 castra
1165 3619 1196 3657 e
1240 3602 1475 3673 regione
1524 3602 1687 3656 urbis
1736 3600 1996 3667 haberet,

350 3702 529 3753 noctu
562 3694 810 3750 navibus
855 3691 1155 3747 adornatis
1208 3691 1424 3746 Rossos
1455 3689 1708 3760 imponit
1736 3690 1892 3760 (nam
1927 3690 1997 3745 ab

348 3786 423 3841 iis
480 3782 783 3855 suppetias
830 3779 1265 3851 impetraverat,
1314 3779 1467 3849 quod
1519 3794 1774 3833 sororem
1829 3795 1997 3834 suam

348 3876 571 3928 Annam
594 3870 922 3927 Bladimero
956 3884 1157 3924 eorum
1190 3867 1440 3939 principi
1464 3866 1837 3924 matrimonio
1861 3884 1996 3924 con-

336 3961 677 4033 junxisset),
711 3974 965 4029 cumque
1011 3958 1104 4012 his
1150 3973 1267 4012 non
1316 3956 1604 4011 sentiente
1653 3957 1819 4011 hoste
1852 3959 1996 4012 freto

342 4051 608 4123 trajecto,
641 4064 741 4104 eos
772 4048 1015 4103 adortus
1063 4045 1225 4101 nullo
1266 4045 1499 4117 negotio
1531 4046 1829 4117 opprimit.
1865 4045 1997 4101 Del-

343 4139 585 4212 phinam
615 4137 673 4193 in
706 4136 839 4209 palo
880 4135 1108 4207 suffigit
1138 4150 1205 4191 eo
1254 4133 1380 4206 ipso
1412 4133 1557 4206 loco,
1589 4134 1689 4190 ubi
1719 4135 1993 4191 taberna-

344 4228 543 4286 culum
596 4227 646 4283 is
694 4226 977 4281 deﬁxcrat
1010 4240 1022 4278 :
1058 4225 1297 4279 fratrem
1346 4223 1551 4279 Phocae
1601 4224 1994 4295 Nicephorum

343 4333 561 4374 caecum
593 4316 653 4371 in
704 4314 1034 4371 custodiam
1067 4313 1187 4379 dat,
1221 4318 1277 4367 et
1324 4312 1564 4383 reliquis
1608 4313 1853 4384 captivis
1886 4329 1994 4368 suo

342 4406 627 4463 arbitratu
657 4402 879 4477 punitis
911 4400 1110 4473 Cpolin
1141 4401 1311 4456 redit.

2108 3331 2476 3405 ἀντίπορθμον
2527 3335 2595 3404 τῇ
2661 3327 2900 3406 βασῖλίδι
2949 3331 3317 3406 Χρυσόπολιν.
3350 3334 3424 3390 Τὸ
3457 3332 3514 3389 δὲ
3564 3332 3763 3391 λοιπὸν

2109 3422 2244 3474 ἅπαν
2291 3426 2390 3489 τῆς
2452 3426 2702 3495 στρατιᾶς
2744 3418 2887 3497 ἄγων
2976 3424 3090 3495 μεθ’
3146 3423 3337 3478 ἑαυτοῦ
3393 3433 3628 3479 κάτεισιν
3683 3424 3766 3488 εἷς

2107 3504 2362 3580 Ἄϐυδον,
2419 3507 2642 3571 ἐλπίσας
2712 3509 2855 3565 οὕτω
2931 3511 3319 3587 κατεχομένων
3393 3518 3502 3568 τῶν
3559 3518 3761 3569 στενῶν

2106 3600 2503 3671 πεπιεσμένους
2557 3596 2733 3670 ἐνδείᾳ
2808 3602 3238 3673 παραστήσεσθαι
3303 3602 3433 3665 τοὺς
3501 3600 3759 3665 πολίτας.

2106 3687 2167 3743 Ὁ
2227 3684 2284 3741 δὲ
2344 3685 2599 3763 βασιλεὺς
2647 3686 2836 3743 πολλὰ
2904 3689 3280 3765 παρακαλέσας
3341 3692 3434 3746 τὸν
3494 3691 3763 3769 Δελφινᾶν

2107 3777 2474 3846 ἀπαναστῆναι
2530 3782 2631 3846 τῆς
2702 3777 3102 3852 Χρυσοπόλεως
3174 3779 3264 3835 καὶ
3316 3780 3393 3852 μὴ
3453 3780 3758 3853 ἀντιμέτω-

2105 3888 2207 3921 πον
2254 3870 2323 3940 τῇ
2378 3863 2619 3941 βασιλίδι
2692 3869 2963 3922 ποιεῖσθαι
3027 3867 3463 3944 στρατοπεδείαν,
3525 3871 3599 3933 ὡς
3654 3871 3760 3926 οὐκ

2106 3951 2300 4024 ἔπειθε,
2343 3954 2513 4009 πλοῖα
2561 3957 2968 4029 παρασκευάσας
3017 3958 3205 4020 νυκτὸς
3259 3960 3349 4013 καὶ
3396 3957 3611 4020 τούτοις
3650 3958 3759 4033 ἐμ-

2107 4040 2334 4106 ϐιϐάσας
2379 4043 2513 4106 Ῥὼς
2557 4042 2745 4119 (ἔτυχε
2811 4045 2912 4119 γάρ
2989 4045 3305 4122 συμμαχίαν
3382 4045 3761 4124 προσκαλεσά-

2109 4154 2265 4207 μενος
2296 4131 2347 4203 ἐξ
2380 4132 2578 4205 αὐτῶν,
2637 4133 2726 4188 καὶ
2776 4130 3043 4205 κηδεστήν
3094 4135 3463 4209 ποιησάμενος
3505 4138 3596 4192 τὸν
3654 4135 3759 4211 ἅρ-

2103 4243 2275 4298 χοντα
2329 4220 2536 4276 τούτων
2605 4219 2960 4298 Βλαδιμηρὸν
3019 4221 3106 4277 ἐπὶ
3164 4227 3233 4298 τῇ
3294 4224 3484 4280 ἑαυτοῦ
3540 4223 3755 4301 ἀδελφῇ

2103 4314 2317 4385 "Aw-9),
2378 4311 2701 4384 περαιωθεὶς
2762 4312 2875 4383 μετ’
2915 4311 3091 4365 αὐτῶν
3153 4312 3400 4383 ἀνοήτως
3458 4313 3753 4378 ἐπιτίθεται

2100 4407 2217 4463 τοῖς
2260 4398 2482 4475 ἐχθροῖς
2505 4398 2594 4454 καὶ
2648 4398 2772 4475 ῥᾷον
2818 4404 3121 4476 χειροῦται.
3153 4402 3259 4458 Τὸν
3297 4402 3391 4474 μὶν
3428 4402 3519 4457 οὗν
3553 4404 3755 4481 Δελφι-
3808 4464 3828 4471 _

338 4498 433 4547 νᾶν
466 4491 553 4546 ἐπὶ
586 4489 750 4561 ξύλου
800 4493 974 4564 κρεμᾷ
1030 4488 1145 4542 κατ’
1203 4485 1402 4542 ἐκεῖνον
1459 4488 1550 4543 τὸν
1596 4487 1763 4543 τόπον
1815 4483 2038 4567 ἔνθαπερ
2098 4490 2215 4564 εἶχε
2269 4489 2370 4557 τὴν
2429 4488 2632 4557 σκηνὴν
2685 4487 3066 4562 πεπηγμένην,
3126 4489 3219 4544 τὸν
3276 4486 3334 4544 δὶ
3390 4487 3625 4567 ἀδελφὸν
3654 4494 3755 4545 τοῦ

340 4587 509 4640 Φωκᾶ
559 4579 873 4659 Νικηφόρον
922 4580 1014 4635 τὸν
1066 4576 1269 4657 τυφλὸν
1322 4583 1532 4655 φρουρᾷ
1588 4577 1950 4656 παραδίδωσι,
2001 4584 2093 4636 καὶ
2143 4586 2259 4641 τοῖς
2314 4578 2534 4641 λοιποῖς
2590 4583 2707 4641 τοῖς
2766 4578 2955 4634 ἁλοῦσι
3007 4580 3197 4643 ποινὰς
3258 4579 3464 4644 ἐπιθεὶς
3516 4580 3616 4645 τὰς
3665 4579 3758 4636 δο-

334 4671 532 4735 κούσας
567 4672 890 4744 ὑπέστρεψεν
929 4668 1005 4731 εἷς
1031 4670 1129 4738 τήν
1167 4666 1441 4744 βασιλίδα.

408 4797 650 4854 Interim
673 4796 896 4852 Phocas
918 4795 1186 4866 Abydum
1213 4811 1445 4850 summa
1476 4810 1652 4865 opera
1677 4812 1982 4868 oppugna-

2163 4795 2224 4852 Ὁ
2283 4791 2340 4848 δὲ
2394 4799 2591 4857 Φωκᾶς
2636 4794 2735 4861 τήν
2797 4787 3029 4848 Ἀϐυδον
3084 4789 3407 4851 καταλαϐὼν
3465 4794 3754 4869 ἐπιμελῶς

337 4888 459 4957 bat,
489 4884 801 4959 oppidanis
822 4885 1043 4939 fortiter
1060 4900 1121 4937 se
1140 4883 1589 4938 defendentibus
1616 4901 1628 4939 :
1657 4902 1790 4939 nam
1813 4887 1990 4940 drun-

341 4977 540 5049 garius
572 4975 654 5030 rei
687 4974 909 5029 navalis
931 4974 1203 5042 Cyriacus
1227 4972 1568 5043 praemissus
1599 4978 1741 5039 erat,
1768 4974 1866 5044 qui
1891 4991 1986 5047 cp-

340 5065 687 5136 pidanorum
722 5063 953 5117 animos
985 5060 1377 5115 confirmaret.
1407 5061 1581 5116 Paulo
1608 5068 1739 5133 post
1765 5064 1989 5134 trajecit

338 5150 1106 5224 adAbydumConstantinus
1122 5150 1882 5220 imperator,etsubsccutus
1902 5160 1990 5208 est

338 5243 537 5298 statim
558 5243 736 5297 frater
748 5244 874 5309 ejus
891 5238 1366 5294 Basilius.Hisita
1378 5240 1808 5310 gestis,Phocas
1828 5246 1987 5311 parte

334 5332 625 5388 exercitus
657 5331 727 5384 ad
748 5329 1113 5384 obsidionem
1134 5328 1321 5399 Abydi
1354 5328 1575 5398 relicta,
1600 5344 1734 5384 cum
1763 5331 1987 5400 reliqua

335 5425 500 5493 parte
530 5416 986 5491 imperatoribus
1017 5416 1437 5472 occurrit.Jam
1464 5417 1534 5471 ad
1566 5434 1825 5489 pugnam
1850 5435 1986 5475 con-

335 5510 646 5566 serendam
704 5505 851 5562 nihil
911 5511 1118 5576 praater
1178 5503 1491 5560 classicum
1555 5508 1983 5577 requirebatur,

338 5614 474 5655 cum
506 5597 732 5653 l’hocas
781 5595 1025 5651 honeste
1075 5595 1267 5666 potius
1314 5596 1702 5666 appetendam
1736 5600 1985 5651 mortem

338 5703 519 5761 quam
551 5684 803 5759 turpiter
830 5684 1138 5742 vivendum
1168 5686 1356 5754 ratus,
1387 5698 1520 5739 cum
1552 5683 1775 5741 videret
1806 5684 1989 5759 impe-

2098 4881 2429 4959 ἐπολιόρκει,
2493 4880 2797 4958 ῥωμαλέως
2866 4882 3237 4959 ὑφίσταμένων
3293 4883 3381 4939 καί
3429 4889 3539 4939 τῶν
3596 4882 3752 4941 ἔνδον

2095 4976 2195 5042 τήν
2251 4970 2598 5048 πολιορκίαν,
2648 4976 2743 5025 τοῦ
2796 4968 3150 5049 δρουγγαρίου
3190 4974 3295 5029 τῶν
3336 4972 3610 5047 πλωίμων
3646 4981 3753 5029 Κυο

2098 5066 2289 5137 ριακοῦ
2355 5058 2864 5138 προεκπεμφΟέντος
2942 5063 3088 5137 παρὰ
3169 5068 3265 5117 τοῦ
3336 5062 3607 5140 βασιλέως
3659 5063 3756 5119 καὶ

2093 5150 2221 5213 τοὺς
2287 5147 2439 5205 ἔνδον
2496 5148 3024 5225 παραθαρρύνοντος.
3083 5152 3235 5208 Μετὰ
3293 5153 3484 5228 μικρὸν
3542 5150 3598 5207 δὲ
3656 5152 3755 5208 ἐπε

2098 5242 2306 5315 ραιώθη
2366 5239 2453 5292 καὶ
2513 5240 2917 5303 Κωνσταντῖνος
2966 5241 2993 5295 6
3026 5245 3123 5295 τοῦ
3172 5238 3440 5317 βασιλέως
3486 5238 3751 5321 ἀδελφὸς,

2095 5328 2320 5382 κατόπιν
2384 5325 2430 5381 δ’
2485 5326 2702 5404 ἀφίκετο
2755 5327 2844 5382 καὶ
2902 5328 3063 5394 αὐτὸς
3114 5331 3141 5386 6
3194 5328 3447 5406 βασιλεύς
3478 5350 3491 5364 ·
3539 5332 3614 5385 ὧν
3650 5353 3752 5387 πε-

2097 5418 2437 5491 ραιωθέντων
2471 5417 2498 5470 6
2548 5422 2746 5479 Φωκᾶς
2799 5418 2960 5494 μέρος
3008 5418 3102 5491 μὶν
3149 5426 3250 5489 τῆς
3290 5426 3545 5496 στρατιᾶς
3577 5442 3752 5495 προσ-

2096 5502 2327 5578 εδρεύειν
2383 5504 2598 5576 ἐπέταξε
2645 5509 2711 5579 τῇ
2770 5512 2871 5577 τῆς
2929 5504 3161 5563 ’Δϐύδου
3218 5507 3534 5585 πολιορκίᾳ,
3586 5510 3753 5574 αὐτὸς

2097 5592 2155 5649 δὶ
2202 5601 2317 5657 τοῖς
2369 5594 2586 5657 λοιποῖς
2643 5598 2739 5649 τοῦ
2790 5601 3019 5673 στρατοῦ
3074 5597 3583 5675 ἀννιπαρατάττεται
3632 5606 3756 5665 τοῖς

2098 5683 2379 5766 βασιλεῦσι
2410 5686 2493 5761 [Ρ.
2523 5685 2650 5761 700]
2701 5684 2799 5741 Καὶ
2853 5682 3167 5763 μελλούσης
3224 5683 3334 5762 ἤδη
3393 5686 3575 5767 ἀρχην
3609 5685 3754 5768 λαμ-
