4014 6194
240 372 359 433 1⁷7⁸7

1393 371 1941 436 HISTORIARUM
1986 320 2525 437 COMPENDIUM.

3556 372 3673 435 178

246 498 433 559 ϐάνειν
485 507 589 571 τῆς
648 501 835 578 μάχης
897 502 926 559 6
988 506 1185 569 Φωκᾶς
1236 508 1333 559 τοῦ
1392 507 1487 579 ζῇν
1546 503 1785 580 ἀγεννῶς
1841 503 1903 557 τὸ

2031 509 2277 562 ratorem
2309 506 2542 563 eminus
2573 503 2870 562 hincinde
2922 504 3360 578 obequitantem
3408 506 3673 564 ordines-

245 591 507 669 γενναίως
555 592 848 656 ἀποθανεῖν
901 592 1129 669 εύγενῶς
1184 594 1503 670 προκρίνας,
1534 596 1627 649 τὸ)
1688 591 1912 668 βασιλέα

252 684 585 753 θεασάμενος
640 681 925 757 πόρῥωθεν
984 680 1117 755 τῇδε
1168 684 1384 738 κάκεῖσε
1435 680 1908 755 καθιππαζόμενον

249 772 343 826 καὶ
391 772 490 832 τάς
549 774 656 825 τῶν
708 770 929 826 οἰκείων
986 769 1388 845 διακοσμῶντα
1433 771 1606 842 τάξεις
1660 771 1748 824 καὶ
1806 791 1909 825 πα-

252 859 682 935 ραθαρρύνοντα,
739 861 829 915 καὶ
889 860 1025 936 πρὸς
1086 862 1271 916 ἑαυτὸν
1326 860 1679 937 λογισάμενος
1738 860 1811 921 ὡς
1865 858 1910 913 εί

250 948 455 1004 τούτου
486 946 757 1025 ἅπιτυχὴς
790 949 1037 1024 γένηται,
1071 948 1197 1025 ῥᾷον
1247 948 1306 1003 ἃν
1354 949 1446 1004 καὶ
1496 948 1622 1011 τοὺς
1680 946 1910 1011 λοιποὺς

254 1042 704 1112 καταγωνιεῖται,
736 1038 827 1092 τὸν
882 1035 1054 1093 *ἱππον
1109 1038 1390 1111 μυωπίσας
1452 1035 1725 1113 ῥαγδαίως
1760 1034 1911 1091 ’ίκετο

256 1129 379 1181 κατ’
439 1126 627 1193 αὐτοῦ,
680 1125 774 1188 τὰς
833 1124 1068 1188 ἐναντίας
1127 1126 1413 1204 φάλαγγας
1464 1123 1770 1181 διακόπτων
1822 1125 1912 1180 καὶ

249 1214 629 1277 ἀνυπόστατος
658 1220 779 1277 τοῖς
809 1221 942 1269 πᾶσι
1001 1215 1343 1290 φαινόμενος.
1376 1213 1518 1286 ’Ήδη
1580 1213 1636 1269 δὲ
1688 1218 1769 1287 τῷ
1815 1215 1911 1290 βα-

253 1303 405 1359 σιλεῖ
446 1303 821 1379 προσεγγίζων
884 1303 1045 1366 εὐθὺς
1118 1304 1436 1382 ὑποστρέφει
1512 1304 1601 1359 καὶ
1658 1302 1733 1366 ε’ίς
1792 1324 1913 1358 τινα

250 1392 427 1471 λόφον
488 1391 682 1461 ἄνεισι,
714 1393 806 1447 καὶ
858 1398 958 1447 τοῦ
1008 1392 1184 1448 ἵππου
1242 1389 1453 1456 ἀποϐὰς
1502 1392 1758 1467 καὶπρὸς
1808 1396 1911 1467 γῆν

252 1481 495 1544 ἕκτείνας
556 1482 742 1536 ἑαυτὸν
803 1480 1039 1537 ἀπέλιπε
1090 1484 1189 1552 τήν
1249 1484 1417 1554 ζωὴν,
1459 1480 1565 1537 ε’ίτε
1615 1483 1761 1557 παρά
1815 1502 1913 1537 του

248 1576 360 1627 τῶν
449 1576 799 1647 στρατιωτῶν
868 1570 921 1626 ἐν
992 1576 1069 1644 τῷ
1138 1570 1381 1634 ἀτάκτως
1462 1573 1712 1651 φέρεσθαι
1790 1592 1915 1626 και-

250 1660 375 1734 ρίαν
430 1661 645 1730 τυπεὶς,
697 1657 802 1715 εἶτε
851 1661 941 1715 καὶ
1001 1659 1187 1722 ἄλλως
1247 1660 1354 1716 ἀπὸ
1413 1667 1731 1733 σωματικῆς
1786 1660 1913 1714 ἀτα-

254 1750 372 1820 ξίας
415 1750 824 1824 κατεργασθείς·
864 1749 1087 1824 πληγήν
1142 1750 1327 1823 μιντοι
1378 1749 1488 1805 οὐδ’
1521 1749 1668 1812 δλως
1722 1748 1911 1825 εὐρὲθη

250 1840 307 1895 ἂν
341 1844 424 1910 τῷ
453 1839 671 1911 σώματι
701 1838 872 1913 ἔχων,
904 1839 993 1893 καὶ
1025 1836 1113 1893 διὰ
1140 1843 1302 1894 τοῦτο
1330 1840 1357 1893 ὁ
1379 1839 1551 1913 λέγων
1584 1839 1754 1913 λόγος
1813 1836 1914 1908 δη-

249 1928 513 2002 λητηρίῳ
544 1928 706 1982 αὐτὸν
750 1927 1099 2002 ἀναιρεθῆναι
1148 1933 1355 2004 κρατεῖ.
1391 1929 1618 2003 Φέρεται
1672 1929 1777 2003 γὰρ
1829 1926 1911 1981 ὅτι

251 2018 491 2091 Συμεὼν
530 2019 558 2071 6
588 2018 989 2081 πιστικώτατος
1042 2021 1148 2073 τῶν
1205 2016 1546 2093 θεραπόντων
1576 2016 1763 2089 αὐτοῦ,
1805 2013 1913 2071 δώ-

259 2127 382 2182 ροις
448 2107 557 2161 ὑπὸ
621 2104 891 2182 βασιλέως
967 2107 1328 2175 ἀναπεισθεὶς,
1389 2109 1661 2185 φαρμάκῳ
1723 2110 1915 2161 τοῦτον

249 2196 596 2251 ἀπέκτεινεν.
656 2194 856 2251 Εἰώθει
915 2195 1015 2271 γὰρ
1065 2196 1093 2250 6
1153 2202 1350 2258 Φωκᾶς
1408 2196 1460 2250 ἐν
1528 2200 1607 2267 τῷ
1678 2193 1912 2267 πολέμῳ

251 2282 450 2345 ὕδατος
512 2287 732 2359 ψυχροῦ
801 2284 907 2358 πρὸ
976 2291 1076 2354 τῆς
1130 2284 1459 2359 συμπλοκῆς
1515 2284 1909 2361 ἀπογεύεσθαι¹

252 2374 281 2429 ’ὸ
336 2374 436 2428 κάν
490 2372 659 2447 ταύτῃ
842 2368 1098 2448 συμϐολῇ
1174 2376 1411 2445 ποιήσας
1478 2368 1636 2429 ἔλαθε
1716 2393 1911 2449 συγκα-

251 2464 465 2518 ταπιὼν
498 2468 581 2533 τῷ
614 2459 768 2516 ὕδατι
801 2462 891 2517 καὶ
940 2462 1001 2517 τὸ
1052 2460 1415 2539 δηλητήριον.
1449 2463 1572 2518 Ἐπὶ
1620 2461 1793 2518 πολὺν
1856 2460 1912 2517 δὲ

254 2551 453 2627 χρόνον
490 2550 541 2605 ἐν
572 2555 657 2622 τῷ
687 2550 844 2628 λόφῳ
875 2552 1126 2623 κειμένου
1154 2556 1250 2606 τοῦ
1282 2557 1452 2606 Φωκᾶ
1498 2550 1672 2624 ᾤοντο
1718 2558 1911 2612 πάντες

258 2639 345 2695 διά
372 2661 499 2694 τινα
529 2642 849 2711 σωματικὴν
896 2639 1164 2712 μαλακίαν
1216 2640 1505 2695 ἀναπαύσει
1568 2646 1735 2714 μικρᾷ
1790 2642 1909 2695 ἑαυ-

257 2730 347 2784 τὸν
380 2726 760 2783 ἐκδεδωκὲναι·
794 2729 869 2791 ὡς
905 2726 960 2783 δὲ
1010 2726 1260 2804 ἐχρόνιζε
1306 2730 1557 2802 κείμενος
1604 2728 1693 2784 καί
1748 2749 1913 2803 προσ-

258 2820 428 2873 ελθών
490 2838 576 2879 τις
636 2817 825 2891 νεκρὸν
878 2816 1038 2873 αὐτὸν
1086 2819 1208 2893 εὗρε
1262 2819 1353 2873 καὶ
1404 2816 1653 2885 ἄναυδον,
1686 2819 1774 2873 καὶ
1837 2816 1914 2873 διο

258 2908 505 2981 εγνώσθη
537 2911 655 2967 τοῖς
686 2912 847 2959 πᾶσιν
881 2906 910 2961 6
930 2906 1129 2961 τούτου
1157 2908 1472 2975 θάνατος,οἱ
1498 2908 1593 2979 μὲν
1618 2908 1913 2962 ἀποστάται

257 2996 413 3058 εὐθὺς
448 2993 532 3055 εἷς
565 2994 744 3070 φυγὴν
777 2993 1066 3068 ὥρμησαν,
1097 2995 1165 3050 τὰ
1196 2994 1253 3050 δὲ
1280 3000 1378 3051 τοῦ
1434 2995 1702 3072 βασιλέως
1749 2995 1910 3073 ἐπερο

259 3083 447 3159 ρώσθη
513 3083 911 3157 στρατεύματα,
943 3083 1031 3139 καὶ
1090 3083 1315 3139 ἐδίωκον
1372 3084 1791 3159 ἀμεταστρεπτὶ,
1823 3080 1935 3138 καὶ

262 3176 605 3248 ζωγροῦνται
630 3172 725 3245 μὲν
751 3174 905 3229 Λέων
934 3172 1023 3227 καὶ
1055 3174 1393 3249 Θεόγνωστος
1452 3175 1504 3229 οἱ
1557 3172 1911 3243 Μελισσηνοί,

2022 612 2136 666 que
2182 613 2423 651 suorum
2474 596 2862 652 instruentem
2910 596 3062 652 445
3111 599 3167 651 et
3219 595 3447 651 animos
3497 596 3670 653 dictis

2020 685 2416 747 roborantem,
2450 702 2646 741 secum
2681 686 2966 756 cogitans,
3000 684 3290 756 siquidem
3321 684 3479 739 hunc
3508 686 3670 755 deje-

2022 772 2219 835 cisset,
2252 790 2314 828 se
2354 774 2597 844 reliquis
2631 774 2795 828 facile
2823 774 3123 829 victoriam
3155 778 3519 845 erepturum,
3552 774 3669 829 cal-

2021 862 2257 917 caribus
2306 863 2513 917 adacto
2564 878 2712 935 equo
2762 878 2863 934 per
2911 863 3185 918 adversos
3235 861 3469 918 ordines
3507 865 3670 917 tanto

2022 951 2245 1022 impetu
2304 951 2363 1005 in
2422 952 2833 1023 imperatorem
2888 953 3072 1007 fertur
3120 956 3184 1007 ut
3233 968 3369 1007 eum
3423 950 3673 1007 subsisti

2022 1057 2193 1112 posse
2225 1057 2394 1095 nemo
2427 1042 2825 1111 putaret.Cum
2850 1046 3041 1095 autem
3066 1058 3181 1096 non
3218 1039 3418 1111 procul
3443 1042 3567 1111 jam
3600 1039 3675 1096 ab

2022 1130 2375 1200 imperatore
2400 1130 2653 1195 abesset,
2688 1130 2883 1184 subito
2914 1145 3231 1184 conversus
3264 1129 3320 1182 in
3355 1130 3673 1200 quemdam

2021 1218 2318 1273 tumulum
2351 1218 2776 1289 evadit,ibique
2808 1218 2880 1272 ab
2912 1234 3061 1288 equo
3094 1217 3478 1282 descendit,et
3508 1217 3672 1275 humi

2020 1309 2395 1377 exporrectus
2428 1306 2789 1377 exspirat.De
2820 1311 3005 1361 morte
3035 1306 3164 1376 ejus
3195 1305 3352 1362 varia
3384 1306 3671 1361 feruntur.

2021 1396 2293 1462 Quidam,
2325 1396 2463 1450 dum
2500 1412 2602 1466 per
2630 1395 2827 1451 hostes
2858 1395 3245 1466 incomposito
3276 1395 3495 1467 impetu
3530 1394 3669 1465 ruit,

2021 1484 2194 1541 letale
2222 1484 2437 1540 vulnus
2470 1484 2764 1555 accepisse
2794 1488 3026 1555 putant,
3058 1484 3156 1538 alii
3189 1484 3407 1554 absque
3438 1483 3548 1539 hoc
3597 1484 3669 1539 ob

2022 1591 2237 1647 corpus
2259 1574 2649 1646 negligentius
2676 1578 2945 1629 curatum
2980 1574 3415 1645 periisseJJerte
3437 1572 3668 1628 nullum

2024 1664 2211 1736 plagis
2242 1664 2480 1736 signum
2512 1664 2571 1719 in
2603 1664 2881 1719 cadavere
2907 1664 3037 1733 ejus
3067 1662 3313 1729 exstitit;
3346 1678 3463 1733 quo
3495 1662 3561 1716 ﬁt
3594 1662 3669 1716 ub

2022 1769 2244 1809 veneno
2275 1753 2627 1809 exstinctum
2664 1754 2845 1808 fuisse
2893 1753 3049 1807 fama
3099 1750 3442 1807 obtinuerit.
3491 1750 3673 1805 Aiunt

2026 1843 2183 1897 enim
2214 1842 2567 1907 Simeonem,
2603 1842 2695 1896 cui
2728 1841 2994 1895 omnium
3029 1839 3384 1895 famulorum
3419 1839 3674 1894 maxime

2025 1930 2340 1997 ﬁdebat,ab
2362 1931 2706 2001 impcratore
2729 1929 3073 1985 muneribus
3091 1933 3431 2001 corruptum
3456 1944 3673 2000 aquam

2022 2024 2229 2092 poturo
2260 2036 2391 2075 cum
2424 2018 2689 2091 praelium
2724 2019 2897 2075 iniret
2927 2017 3225 2091 (omnibus
3256 2018 3411 2074 enim
3458 2016 3674 2089 prmliis

2022 2108 2396 2165 consuevisse
2426 2108 2681 2163 Phocam
2713 2112 2849 2163 ante
2880 2108 3217 2163 conﬂictum
3264 2106 3535 2179 frigidam
3585 2106 3673 2161 bi-

2024 2200 2178 2263 bere)
2208 2213 2495 2252 venenum
2531 2196 2701 2251 letale
2726 2196 3022 2266 injecisse,
3056 2196 3233 2264 idque
3263 2196 3335 2250 ab
3380 2211 3445 2249 eo
3490 2193 3668 2249 simul

2021 2304 2155 2345 cum
2202 2303 2356 2358 aqua
2403 2287 2702 2342 haustum.
2761 2289 2902 2341 Cum
2957 2286 3300 2358 aliquandiu
3346 2286 3403 2340 in
3436 2284 3666 2339 tumulo

2020 2377 2131 2432 isto
2157 2376 2438 2444 jacuisset
2476 2374 2720 2441 Phocas,
2770 2374 3027 2430 universi
3076 2374 3362 2445 putabant
3408 2388 3542 2427 eum
3593 2371 3666 2426 ob

2019 2464 2277 2536 corporis
2307 2463 2561 2535 aliquem
2593 2464 2934 2535 languorem
2985 2462 3168 2534 quieti
3218 2478 3281 2517 se
3326 2460 3664 2532 aliquantu-

2019 2553 2142 2608 lum
2176 2553 2427 2608 dedisse.
2464 2552 2573 2608 Sed
2607 2569 2742 2608 cum
2777 2553 3243 2623 diutiusjaceret
3263 2553 3321 2605 et
3349 2565 3667 2621 aggressus

2022 2643 2261 2714 quidam
2296 2646 2592 2697 mortuum
2626 2658 2759 2697 eum
2788 2641 3351 2712 deprehendissetac
3382 2639 3453 2692 de
3484 2642 3668 2692 morte

2021 2734 2150 2803 ejus
2184 2748 2383 2786 rumor
2413 2730 2820 2795 increbuisset,
2850 2730 3048 2786 statim
3083 2730 3211 2800 ejus
3252 2727 3470 2783 milites
3518 2728 3667 2798 fuga:

2022 2838 2085 2877 se
2115 2821 2436 2889 dederunt;
2468 2826 2526 2875 et
2569 2820 2942 2891 imperatoris
2991 2818 3166 2889 copiaa
3219 2816 3436 2873 animis
3486 2821 3671 2870 auctas

2024 2913 2184 2965 sunt.
2238 2912 2394 2964 Inter
2442 2909 2701 2979 captivos
2753 2910 2911 2963 fuere
2975 2909 3086 2962 Leo
3150 2906 3672 2978 Theognostusque

2023 2997 2342 3067 Melisseni,
2376 2998 2739 3053 Theodosius
2789 2998 3175 3068 Mesanyctes,
3226 3000 3284 3050 et
3332 2994 3427 3050 alii
3480 2992 3672 3061 multi,

2023 3104 2172 3159 quos
2204 3086 2451 3143 Basilius
2484 3087 2797 3158 imperator
2827 3101 3023 3141 secum
3055 3085 3114 3139 in
3147 3086 3299 3140 449
3335 3083 3535 3139 urbem
3570 3082 3672 3137 ad-

2022 3182 2214 3234 vectos
2242 3193 2344 3249 per
2375 3177 2631 3232 medium
2658 3177 2847 3231 forum
2873 3176 2930 3230 in
2962 3174 3262 3246 triumpho
3293 3171 3675 3239 duxit,asinis

267 3260 562 3323 Θεοδόσιος
596 3263 622 3315 6
650 3261 995 3333 Μεσανύκτης
1026 3261 1112 3317 καί
1168 3247 1331 3318 ἄλλοι
1389 3261 1614 3319 πολλοί.
1649 3261 1755 3324 Οὓς
1805 3263 1921 3335 μεθ’

2034 3247 2566 3338 impositosfolum
2593 3265 2650 3319 in
2674 3265 2781 3319 hac
2806 3281 2864 3318 re
2885 3263 3163 3318 eximium
3187 3261 3392 3317 habuit
3423 3262 3673 3316 Leonem

272 3353 469 3406 ἑαυτοῦ
492 3352 521 3405 6
555 3350 813 3424 βασιλεὺς
846 3350 923 3413 είς
952 3352 1050 3419 τὴν
1076 3346 1241 3405 πόλιν
1274 3350 1569 3427 εἰσαγαγὼν
1620 3349 1707 3406 διὰ
1758 3352 1924 3424 μέσης

276 3435 643 3514 ἐθριάμϐευσε
696 3446 794 3509 τῆς
856 3440 1053 3517 ἀγορᾶς
1107 3436 1253 3503 ὄνοις
1320 3439 1696 3519 ἐφεζομὲνους,
1755 3441 1925 3513 μόνου

279 3530 617 3606 φεισάμενος
664 3528 894 3592 Δὲοντος
948 3532 1043 3584 τοῦ
1120 3528 1485 3600 Μελισσηνοῦ.
1546 3528 1763 3605 Λέγεται
1823 3529 1926 3604 γὰρ

278 3620 440 3679 οὗτος
502 3616 593 3671 ἐπὶ
642 3619 741 3685 τῆς
779 3618 1121 3692 παρατάξεως
1168 3623 1251 3691 τῷ
1297 3618 1482 3691 οἰκείῳ
1530 3616 1751 3697 ἀδελφῷ
1807 3624 1933 3673 Θεο-

276 3708 530 3783 γυώστῳ,
557 3706 975 3781 ἐπιχλευάζοντι
1006 3706 1131 3769 τοὺς
1165 3706 1408 3783 βασιλεῖς
1438 3707 1529 3762 καὶ
1562 3703 1743 3782 ὕϐρεις
1773 3708 1932 3783 ἀπρε-

276 3802 399 3859 πεῖς
452 3794 507 3859 ἐς
555 3794 749 3857 αὐτοὺς
818 3795 1267 3871 ἀπορῥιπτοῦντι,
1308 3796 1629 3872 ἐπιτιμῆσαι
1684 3817 1743 3851 τε
1798 3797 1930 3869 μετὰ

279 3883 531 3961 δακρύων
600 3882 809 3954 πολλὰ,
865 3885 955 3940 καὶ
1018 3884 1389 3961 παρακαλέσαι
1466 3885 1766 3941 παύσασθαι
1832 3892 1930 3955 τῆς

277 3974 690 4048 ἀθυροστομίας
716 3976 804 4029 καὶ
844 3975 919 4048 μὴ
954 3973 1189 4037 ἀναιδῶς
1241 3971 1537 4051 ἐνυϐρίζειν
1568 3975 1645 4037 εἴς
1694 3974 1821 4036 τοὺς
1847 3974 1929 4029 0i-

276 4064 458 4125 κείους
500 4060 785 4125 δεσπόταςο
822 4063 937 4119 ἐπεὶ
970 4060 1026 4118 δὶ
1087 4066 1162 4134 μὴ
1224 4062 1420 4133 ἔπειθε,
1460 4065 1549 4119 καὶ
1607 4065 1699 4119 τὸν
1759 4084 1930 4139 σειρο-

282 4153 494 4223 μάστην
528 4154 643 4225 (48)
676 4152 911 4215 ἐκτείνας
944 4149 1127 4208 δοῦναι
1171 4156 1349 4226 τούτῳ
1388 4152 1625 4226 πολλὰς,
1659 4154 1795 4209 ὥστε
1837 4153 1927 4207 καὶ

280 4243 371 4295 τὸν
433 4240 668 4316 βασιλέα
720 4242 921 4317 θεωρὸν
980 4238 1109 4298 ὄντα
1163 4247 1270 4298 τῶν
1329 4242 1629 4318 γινομένων
1690 4244 1926 4299 ἀνειπεῖν

281 4333 416 4403 πρὸς
456 4330 587 4391 τοὺς
633 4332 933 4405 παρόνταςο
978 4357 1003 4384 ‹‹
1036 4331 1225 4402 Ἴδετε,
1257 4334 1302 4387 ὦ
1350 4333 1522 4404 οὗτοι,
1554 4334 1641 4411 ἀφ’
1674 4333 1790 4394 ἑνὸς
1840 4332 1927 4403 ξύ-

282 4418 383 4475 λου
412 4422 503 4474 καέ
537 4420 765 4495 σταυρὸν
796 4423 887 4475 καὶ
915 4422 1081 4477 πτύον
1110 4424 1245 4495 (49)’
1275 4446 1304 4474 ››
1331 4424 1429 4477 Διὰ
1474 4422 1671 4491 ταύτην
1705 4420 1794 4476 οὖν
1826 4422 1925 4489 τὴν

285 4509 455 4565 αίτίαν
480 4508 697 4587 λέγεται
726 4514 807 4582 τῷ
836 4510 1025 4567 Λὲοντι
1057 4514 1483 4589 συγχωρηθῆναι
1514 4511 1605 4566 τὸν
1635 4506 1925 4586 θρίαμϐον.

2034 3355 2435 3411 Melissenum.
2469 3357 2521 3410 Is
2550 3355 2762 3409 etenim
2796 3354 2997 3421 fertur,
3030 3368 3164 3407 cum
3190 3352 3315 3423 jam
3349 3350 3504 3405 acies
3550 3350 3674 3403 ins-

2039 3448 2390 3508 truerentur,
2422 3443 2854 3514 Theoguostum
2907 3442 3141 3497 fratrem
3195 3455 3370 3495 suum
3424 3438 3677 3494 subsan-

2040 3539 2275 3588 nantem
2309 3537 2366 3588 et
2394 3532 2668 3604 turpibus
2700 3530 3026 3587 maledictis
3057 3529 3443 3585 insectantem
3492 3526 3680 3597 impe-

2041 3626 2261 3677 ratores
2309 3622 2637 3692 lacrymans
2686 3621 2938 3691 graviter
2985 3620 3348 3691 objurgasse,
3382 3621 3440 3671 et
3466 3615 3678 3684 lingua

2038 3710 2153 3765 ista
2184 3710 2504 3781 petulantia
2532 3708 2827 3764 abstinere
2855 3709 3127 3779 jussisse,
3157 3722 3346 3777 neque
3375 3705 3456 3760 ita
3484 3704 3682 3774 impu-

2041 3800 2245 3855 denter
2293 3797 2548 3853 dominis
2598 3798 2722 3852 suis
2769 3795 3116 3865 conviciari;
3163 3810 3417 3865 cumque
3465 3793 3516 3847 is
3564 3808 3681 3847 non

2040 3888 2487 3958 obtemperaret,
2532 3886 2883 3941 seiromasta
2906 3885 3190 3940 intentato
3220 3883 3445 3953 aliquot
3473 3881 3522 3936 ei
3556 3880 3683 3952 pla-

2040 3994 2142 4047 gas
2200 3977 2587 4047 imposuisse;
2636 3980 2814 4046 atque
2855 3974 3049 4045 ipsum
3101 3974 3511 4044 imperatorem
3560 3969 3683 4025 haec

2042 4070 2404 4136 spectantem
2441 4064 2828 4136 praesentibus
2869 4064 3085 4118 dixisse
3126 4080 3138 4118 :
3192 4084 3219 4111 ‹‹
3272 4059 3567 4116 Videtisne
3613 4074 3684 4113 ex

2041 4155 2242 4209 eodem
2294 4154 2454 4225 ligno
2503 4169 2732 4208 crucem
2791 4156 2849 4206 et
2894 4149 3328 4207 ventilabrum?
3369 4168 3395 4200 ι
3433 4149 3504 4203 Et
3532 4147 3685 4203 hanc

2042 4242 2222 4299 fuisse
2251 4259 2491 4299 causam
2524 4258 2628 4296 cur
2661 4241 2908 4297 Leonem
2940 4240 2999 4295 in
3030 4238 3327 4310 triumpho
3359 4254 3474 4294 non
3510 4238 3686 4293 duce-

2038 4335 2148 4389 ret.

1423 4639 1821 4701 XYLANDRI
1867 4642 1966 4702 ET
2010 4638 2245 4700 GOARI
2290 4637 2545 4697 NOT/E.

500 4752 671 4834 Σειρά
698 4756 787 4809 est
835 4753 1033 4834 restis.
1080 4754 1188 4808 Sed
1233 4754 1398 4834 quid,
1448 4754 1535 4834 si‘t.
1572 4755 1922 4834 σειρομάστηι

2048 4753 2184 4834 quia
2212 4756 2268 4834 et
2296 4751 2416 4834 haec
2438 4768 2505 4834 ex
2527 4751 2730 4834 eodem
2752 4766 2985 4834 quoque
3004 4749 3162 4820 ligno
3188 4748 3507 4834 ﬁeriposse
3529 4745 3691 4802 nulla

286 4825 505 4882 nescio.
542 4825 696 4881 Pene
722 4825 1006 4880 scuticam
1041 4832 1457 4881 converteram.
1492 4825 1627 4894 Χγε.
1658 4825 1747 4866 ’-
1797 4827 1939 4894 Quid

285 4902 356 4954 si!
406 4897 799 4971 qnpopg'p't'ng,
849 4897 1059 4971 docent
1105 4897 1428 4971 Hesychius
1464 4914 1479 4971 ζ
1512 4892 1651 4956 εἶδος
1698 4892 1937 4971 λόγγης,

285 4965 501 5025 Suidaa'
531 4986 546 5023 :
571 4965 722 5030 ἐἶδος
752 4967 1026 5039 ἀκοντίου,
1074 4965 1305 5025 Tzeties
1337 4986 1350 5023 :
1383 4966 1653 5022 ἀκόντιον.
1705 4965 1942 5039 Legi—tur

290 5058 452 5096 num.
501 5042 578 5094 25
624 5040 872 5112 Phineas
922 5040 1244 5095 Israelitam
1283 5047 1661 5112 scortumque
1690 5042 1941 5112 turpiter

290 5114 594 5185 copulatas
624 5110 962 5186 σειρομάστῃ
1003 5112 1366 5186 confecisse;
1415 5129 1515 5186 pro
1564 5110 1680 5183 quo
1730 5110 1940 5184 Aquila

326 5130 594 5185 epulatos
624 5131 962 5186 σειρομαστῃ
1008 5130 1362 5176 coniecisse;
1455 5130 1515 5166 ro
1564 5130 1680 5183 quo
1730 5130 1936 5184 Aquua

326 5188 449 5240 onit
476 5180 695 5239 κοντόν.
726 5184 1113 5257 Symmachus
1144 5179 1294 5257 δόρυ,
1328 5130 1573 5254 Vulgata
1616 5187 1936 5257 pugionem.

366 5259 537 5328 πίθου
569 5252 931 5328 anonymum
963 5254 1100 5310 alibi
1125 5252 1249 5327 jam
1299 5252 1543 5313 citatum
1590 5252 1729 5317 εἶδος
1778 5256 1940 5309 ἀκον-

291 5328 434 5402 τίου,
459 5326 652 5402 λόγχη
664 5348 720 5402 ς.ν
734 5326 921 5384 ’(ἰοΑει.

360 5401 471 5471 (i9)
503 5398 667 5465 Quod
693 5401 766 5455 de
813 5414 984 5454 cruce
1032 5402 1089 5471 et
1133 5398 1458 5453 ventilabro
1509 5398 1726 5454 dicitur
1772 5399 1940 5469 quasi

296 5472 521 5543 adagio,
556 5472 715 5527 hunc
746 5471 1013 5543 suspicor
1047 5470 1253 5543 habere
1284 5486 1544 5537 sensum,
1598 5471 1750 5542 quod
1803 5487 1944 5526 crux

297 5541 444 5614 apud
468 5544 619 5599 istos
635 5560 827 5598 rerum
849 5541 1271 5615 pretiosissima
1288 5544 1549 5615 adeoque
1567 5541 1942 5615 sanctissima

296 5613 386 5669 res
415 5615 753 5680 haberetur,
784 5613 1173 5687 ventilahrum
1203 5613 1469 5687 vulgaris
1494 5617 1550 5669 et
1592 5614 1747 5687 fvilis.
1799 5614 1943 5669 Huic

298 5701 430 5759 ergo
458 5685 933 5755 maledicum,illi
955 5686 1289 5743 modestum
1312 5685 1689 5757 comparabat
1708 5687 1941 5750 fratres,

2047 4822 2137 4880 est
2168 4823 2392 4896 religio,
2424 4829 2481 4878 et
2510 4830 2646 4879 nota
2678 4822 2823 4879 vatis
2851 4822 3046 4878 divina
3076 4822 3570 4896 sententiaaXvL.
3606 4849 3689 4896 _-—

2049 4891 2305 4952 Sensurﬁ
2345 4895 2605 4966 quidem,
2659 4912 2772 4949 non
2824 4898 2998 4949 verba
3045 4893 3337 4966 parcemia:
3392 4891 3692 4966 Xylander

2050 4963 2483 5023 assecutus'est.
2510 4966 2656 5032 Quid
2682 4968 2837 5021 enim
2862 4967 2916 5019 in
2944 4966 3245 5020 ventilabro
3267 4965 3397 5025 vile,
3420 4968 3523 5017 aut
3552 4963 3691 5032 quid

2050 5057 2083 5095 a
2113 5055 2281 5093 cruce
2312 5038 2397 5092 sic
2422 5038 2702 5105 alienum,
2733 5044 2797 5091 ut
2826 5052 2959 5091 cum
3007 5036 3079 5089 de
3127 5036 3311 5105 pretio
3360 5036 3428 5089 fit
3474 5049 3691 5098 sermo,

2049 5117 2374 5165 extremum
2424 5110 2759 5179 oppositum
2810 5107 3049 5163 teneat?
3095 5112 3165 5179 at,
3184 5107 3404 5162 tenebit
3434 5109 3608 5171 certe,
3641 5105 3691 5160 si

2049 5197 2328 5254 germano
2359 5181 2417 5233 in
2451 5178 2794 5254 Signiﬁcatu
2818 5197 2918 5254 pro
2942 5178 3494 5254 lz‘gneo_bat_£llo,quo
3518 5182 3694 5243 terra,

2051 5248 2490 5320 rudera,sordes
2509 5248 2798 5322 sxportari
2822 5248 2906 5305 vel
2930 5248 3142 5322 moveri
3172 5250 3382 5315 solent,
3402 5255 3695 5304 sumatur.

2050 5326 2296 5379 Sensum
2332 5324 2487 5378 hunc
2530 5320 2655 5393 jam
2707 5325 2778 5378 ab
2832 5320 3399 5393 antiquouhabuisse
3449 5324 3701 5376 testatur

2050 5394 2469 5465 Eucholngium
2505 5391 2559 5448 in
2595 5396 2999 5449 defunctorum
3021 5391 3249 5465 ‘ofﬁcio,
3282 5408 3397 5463 quo
3428 5393 3698 5465 sacerdos

2051 5474 2264 5523 terram
2290 5460 2611 5537 injecturus
2636 5466 2897 5521 cadaveri
2931 5460 3097 5537 πτύον
3132 5460 3432 5520 assumere
3463 5468 3519 5519 et
3546 5460 3698 5537 πτύῳ

2051 5556 2177 5595 eam
2244 5534 2551 5609 aspergere
2621 5540 2851 5611 legitur.
2882 5608 2891 5611 _
2923 5534 3223 5611 Hrodptov_
3247 5540 3332 5611 et_
3364 5535 3693 5605 corruptius

2051 5611 2257 5684 πτυάρι,
2298 5607 2559 5665 moderni
2618 5607 3017 5684 pronuntiant.
3074 5609 3175 5684 lta_
3202 5607 3443 5662 Lexicon
3478 5621 3695 5677 anony-

2053 5679 2216 5740 murﬁ
2250 5683 2390 5738 bibl.
2424 5687 2561 5754 Heg.
2589 5679 2781 5753 πτύον,
2813 5681 3094 5755 πτυάριον.
3136 5679 3315 5735 GOAR.
