4014 6194
338 412 460 474 1⁸79

1693 392 2015 460 GEORGII
2058 390 2399 455 GEDRENI

3642 398 3767 461 180

415 542 722 601 Enimvero
756 538 945 598 Phoce
974 537 1156 612 Aprili
1190 551 1391 595 mense
1420 528 2000 599 mortuo,indictione

2186 525 2276 599 [P.
2314 526 2444 597 701]
2494 526 2653 599 Ἀρτι
2715 522 2773 580 δὶ
2826 529 2924 580 τοῦ
2980 528 3151 583 Φωκᾶ
3204 525 3567 593 ἀποθανόντος
3622 531 3765 585 κατᾶ

347 632 641 699 secunda;
678 647 832 687 anno
865 631 935 686 ab
968 631 1192 701 origine
1223 643 1416 684 rerum
1448 625 1610 689 6497,
1642 622 1890 692 ejusque
1920 633 2005 673 re-

349 723 607 780 bellione
638 737 997 791 compressa,
1042 720 1232 772 Durus
1277 718 1604 769 libertatem
1655 712 2006 766 consecutus

353 829 416 870 se
446 812 642 885 ipsum
678 807 994 879 recollegit,
1031 812 1088 861 et
1119 806 1433 877 pristinum
1483 806 1759 857 conatum
1810 812 2003 869 perse-

354 903 457 975 qui
490 899 683 971 coapit.
706 897 866 963 Quod
897 895 993 950 ubi
1029 894 1262 949 rescivit
1290 892 1629 964 imperator.
1650 905 1752 959 per
1782 887 2005 941 litteras

356 1008 491 1049 eum
524 990 790 1043 hortatur
822 990 882 1041 ut
915 985 1148 1038 tandem
1180 980 1497 1038 Christiani
1532 977 1839 1049 sanguinis
1872 976 2005 1028 fun-

359 1078 533 1136 dendi
562 1078 734 1132 finem
766 1074 941 1129 faciat
973 1073 1148 1126 homo
1175 1076 1231 1124 et
1277 1071 1337 1124 in
1382 1068 1605 1139 judicio
1652 1066 1779 1119 vitae
1829 1068 2007 1135 gestas

357 1169 644 1225 rationem
679 1159 1131 1219 redditurus:ch
1164 1176 1292 1215 sero
1326 1156 1615 1229 intelligat
1646 1154 1786 1226 quid
1831 1167 2005 1223 expe-

270 1290 271 1299 ι
358 1258 568 1321 dlat,et
599 1254 1012 1323 magistratum
1047 1250 1160 1303 sibi
1191 1247 1470 1303 divinitus
1502 1244 1803 1317 praelatum
1836 1256 2012 1312 agno-

358 1348 502 1402 scat.
537 1342 637 1398 His
670 1340 881 1396 litteris
914 1340 1107 1395 Durus
1138 1336 1456 1403 emollitus,
1488 1350 1621 1389 cum
1653 1333 1703 1388 ei
1735 1333 1848 1386 ﬁde
1900 1347 2009 1401 pu-

358 1433 512 1490 blica
536 1432 607 1487 de
637 1429 992 1502 impunitate
1022 1431 1259 1483 cautum
1292 1430 1446 1481 esset
1476 1441 1542 1480 ao
1572 1424 1907 1485 securitate,
1954 1421 2012 1474 et

361 1519 712 1591 curepalataa
744 1517 1001 1589 dignitas
1029 1515 1088 1570 in
1123 1515 1315 1587 ipsum
1347 1512 1734 1582 collata,cum
1765 1508 2013 1580 impera-

360 1615 486 1666 tore
513 1608 575 1663 in
601 1605 847 1677 gratiam
893 1604 1084 1660 rediit.
1134 1608 1261 1659 Non
1312 1608 1507 1658 tamen
1552 1601 1830 1671 dignatus
1877 1611 2012 1651 eum

365 1701 522 1756 Deus
571 1700 660 1752 est
708 1700 773 1751 ut
822 1695 1009 1750 oculis
1039 1694 1163 1747 suis
1193 1692 1605 1763 imperatorem
1636 1690 1964 1743 intueretur
1994 1699 2012 1738 :

367 1804 501 1843 nam
534 1785 591 1840 in
628 1785 777 1839 447
814 1783 1023 1838 itinere
1055 1782 1215 1837 visus
1246 1796 1487 1836 sensum
1528 1777 1746 1847 amisit,
1796 1790 2013 1830 caicus-

2109 615 2201 669 τὸν
2236 613 2558 687 Ἀπρίλλιον
2612 621 2757 686 μῆνα
2812 622 2913 684 τῆς
2963 614 3213 691 δευτέρας
3273 614 3612 681 ἰνδικτιῶνος
3661 624 3764 675 τοῦ

2113 704 2274 780 ,ςυις
2306 699 2475 769 ἔτους,
2526 703 2614 757 καὶ
2662 709 2764 773 τῆς
2810 705 2927 758 κατ’
2957 704 3117 759 αὐτὸν
3176 705 3511 769 ἀποοτασίας
3570 706 3765 763 διαλυ-

2113 793 2313 862 θείσης,
2347 789 2530 855 ἀδείας
2582 788 2881 865 λαϐόμενος
2929 795 2956 848 6
3003 792 3256 869 Σκληρὸς
3303 795 3467 851 πάλιν
3526 796 3765 872 ἀνελάμ-

2116 877 2271 936 ϐανεν
2333 881 2519 936 εαυτὸν
2573 880 2663 936 καὶ
2719 883 2818 951 τήν
2873 882 3135 959 προτέραν
3179 882 3484 957 ἐσωμάσκει
3526 886 3765 943 ἀποστα-

2114 971 2255 1027 σίαν.
2286 972 2460 1045 ’Όπερ
2490 970 2790 1043 πυθόμενος
2818 972 2847 1026 6
2893 970 3145 1047 βασιλεὺς
3195 975 3482 1047 γράμμασι
3530 975 3769 1050 παρῄνει

2114 1061 2277 1136 κόρον
2312 1055 2497 1115 λαϐεῖν
2542 1062 2642 1129 τῆς
2686 1064 2795 1115 τῶν
2844 1066 3186 1135 Χριστιανῶν
3236 1063 3449 1138 χύσεως
3495 1065 3766 1138 αἱμάτων,

2118 1148 2400 1226 ἄνθρωπον
2432 1150 2522 1203 καὶ
2554 1150 2714 1205 αὐτὸν
2748 1146 2878 1206 ὅντα
2905 1150 2995 1206 καί
3036 1152 3260 1216 θάνατον
3317 1150 3768 1229 προσδεχόμενον

2116 1239 2207 1295 καὶ
2262 1239 2463 1315 κρίσιν,
2496 1237 2584 1294 καὶ
2644 1238 2743 1313 όψὲ
2790 1260 2923 1296 ποτε
2972 1247 3299 1314 μεταμαθεῖν
3352 1243 3415 1297 τὸ
3466 1245 3767 1321 συμφέρον,

2116 1329 2323 1385 καὶτὸν
2358 1327 2417 1384 ἐκ
2445 1332 2581 1384 Θεοῦ
2634 1326 2924 1403 δεδομένον
2983 1332 3226 1406 ἄρχοντα
3275 1330 3594 1406 ἐπιγνῶναι.
3630 1333 3775 1391 Τού-

2116 1437 2233 1478 τοις
2293 1414 2351 1471 δὶ
2402 1421 2522 1478 τοῖς
2576 1417 2863 1491 γράμμασι
2926 1417 3238 1493 μαλαχθεὶς
3267 1416 3493 1489 ἐκεῖνος,
3528 1420 3617 1476 καὶ
3677 1420 3774 1475 πί-

2121 1526 2263 1568 στεις
2295 1501 2480 1560 λαϐὼν
2510 1506 2583 1568 ὡς
2643 1503 2797 1561 οὐδὶν
2855 1505 3216 1577 ὑποστήσεται
3264 1506 3529 1587 φλαῦρον,
3559 1509 3777 1566 κατατί-

2121 1599 2267 1652 θεται
2293 1594 2360 1650 τὰ
2390 1593 2537 1650 ὅπλα
2584 1595 2672 1650 καὶ
2725 1599 2807 1667 τῷ
2863 1593 3077 1669 βασιλεῖ
3133 1593 3436 1666 σπένδεται,
3494 1618 3773 1674 κουροπα-

2122 1686 2295 1755 λάτης
2326 1683 2597 1758 τιμηθείς.
2626 1683 2703 1742 Οὐ
2738 1685 2924 1757 μέντοι
2952 1705 3014 1760 γε
3040 1685 3131 1741 καὶ
3164 1685 3473 1760 ὀφθαλμοῖς
3518 1686 3611 1743 τόν
3671 1688 3775 1764 βα-

2123 1773 2279 1830 σιλέα
2335 1775 2620 1838 θεάσασθαι
2672 1773 2905 1844 ἠξιώθη·
2935 1774 3073 1829 κατά
3122 1776 3227 1850 γὰρ
3277 1777 3379 1845 τήν
3435 1774 3558 1832 ὁδὸν
3608 1777 3776 1854 ἀορα-

368 1892 482 1947 que
507 1875 578 1930 ad
612 1873 890 1929 Basilium
924 1877 1013 1927 est
1042 1870 1436 1926 introductus.
1485 1869 1556 1923 Et
1604 1868 1653 1923 is
1702 1869 2013 1938 conspecto

2129 1862 2214 1935 σίᾳ
2268 1862 2505 1939 πληγεὶς
2549 1863 2647 1931 τὴν
2708 1864 2966 1937 ὁρατικὴν
3030 1859 3298 1919 ἀπέϐαλεν
3374 1863 3617 1937 αἴσθησιν
3675 1866 3775 1921 καὶ

368 1964 523 2021 Duro
554 1962 772 2017 dixisse
800 1961 985 2015 fertur
1014 1959 1381 2015 astantibus:
1412 1980 1439 2009 ‹‹
1470 1960 1651 2023 Quem
1682 1956 1765 2011 ita
1795 1960 2015 2010 metue-

369 2052 504 2105 bam
537 2054 601 2103 ut
631 2047 1164 2115 contremiscerem,
1198 2046 1247 2100 is
1292 2046 1539 2100 aliorum
1592 2044 1865 2100 manibus
1912 2043 2015 2097 de-

371 2140 587 2195 ductus
618 2136 794 2193 venit.
826 2156 853 2185 ››

440 2315 707 2371 Civilium
739 2312 1025 2369 bellorum
1054 2313 1207 2368 mole
1238 2329 1303 2368 ac
1333 2304 1804 2369 curis'liberatus
1833 2310 2017 2383 impe-

374 2411 537 2461 rator
563 2404 633 2458 de
666 2401 1001 2458 ulciscendo
1032 2402 1303 2457 Samuelo
1334 2401 1583 2473 aliisque
1615 2401 1831 2472 regulis
1879 2418 2020 2455 con-

376 2494 510 2550 silia
533 2492 684 2558 iniit;
702 2491 800 2563 qui
822 2491 948 2561 ipso
974 2490 1398 2545 rebellionibus
1422 2496 1702 2561 occupato
1724 2491 2021 2545 licentiam

371 2582 530 2638 nacti
562 2581 717 2635 haud
755 2581 963 2651 exigua
992 2580 1209 2634 damna
1243 2580 1503 2635 Romano
1533 2579 1778 2650 imperio
1809 2577 2025 2633 intule-

374 2674 526 2726 rant.
564 2669 690 2723 Exit
738 2684 876 2739 ergo
926 2668 985 2722 in
1040 2667 1345 2723 Thraciam
1393 2672 1449 2722 et
1500 2668 1920 2733 Macedoniam,
1968 2672 2025 2722 ct

374 2758 855 2816 Thessalonicam
915 2759 1243 2827 descendit,
1298 2758 1517 2829 gratias
1565 2761 1759 2814 actum
1811 2773 2023 2829 magno

373 2846 618 2919 martyri
652 2847 962 2902 Demetrio.
995 2848 1143 2901 Tum
1176 2847 1523 2917 magistrum
1544 2846 1890 2919 Gregorium
1921 2848 2027 2902 Ta-

375 2936 627 2993 ronitam
664 2936 740 2990 ibi
773 2952 903 2990 cum
938 2936 1129 2990 valido
1163 2937 1429 3002 prmaidio
1452 2936 1729 3005 relinquit
1752 2938 1819 2989 ad
1848 2935 2024 3007 repri-

375 3026 622 3081 mendas
644 3024 899 3081 Samueli
923 3024 1317 3092 grassationes
1347 3025 1497 3095 .Ipse
1531 3024 1732 3095 Cpolin
1757 3041 2025 3081 reversus

375 3114 513 3169 inde
542 3115 601 3169 in
636 3112 882 3169 Iberiam
916 3114 1338 3185 prolisciscitur
1370 3131 1382 3168 :
1418 3130 1551 3168 nam
1593 3115 1722 3183 ejus
1771 3115 2026 3185 regionis

2120 1952 2326 2031 τυφλὸς
2357 1951 2589 2027 εἰσήχθη
2631 1952 2766 2025 πρὸς
2826 1950 3070 2026 βασιλέα.
3102 1954 3197 2011 Ὃν
3257 1954 3772 2030 χειραγωγούμενον

2125 2042 2329 2105 ἐκεῖνος
2409 2041 2730 2114 Θεασάμενός
2806 2062 2938 2118 φησι
3024 2042 3159 2117 πρὸς
3241 2043 3370 2105 τοὺς
3453 2044 3773 2119 παρόντας’

2126 2156 2155 2184 ‹‹
2185 2133 2281 2189 ‘Ov
2318 2124 2633 2208 ἐφοϐούμην
2691 2131 2781 2184 καὶ
2831 2128 3080 2204 ἔτρεμον,
3111 2132 3631 2208 χειραγωγούμενος
3689 2132 3779 2210 ιρ-

2124 2240 2280 2297 χεται
2291 2263 2302 2276 .
2338 2242 2366 2269 ))

2196 2306 2519 2372 Ἀπολυθεῖς
2551 2304 2607 2363 δὲ
2643 2311 2750 2363 τῶν
2812 2306 3094 2386 ἐμφυλίων
3154 2310 3414 2383 πολέμων
3461 2310 3549 2366 καὶ
3606 2332 3782 2390 φρον-

2125 2396 2289 2455 τίδων
2349 2399 2376 2453 6
2434 2396 2710 2473 βασιλεὺς,
2768 2403 2886 2460 πῶς
2939 2395 2998 2453 ἂν
3062 2396 3314 2470 διάθηται
3370 2402 3437 2455 τὰ
3491 2400 3629 2455 κατὰ
3680 2402 3784 2456 τὸν

2131 2486 2401 2560 Σαμουὴλ
2433 2485 2647 2541 ἐσκόπει
2679 2485 2769 2541 καὶ
2797 2485 2925 2549 τοὺς
2965 2486 3199 2550 λοιποὺς
3244 2490 3549 2565 τοπάρχας,
3584 2488 3787 2551 οἵτινες

2127 2583 2245 2639 ταῖς
2302 2575 2651 2639 ἀποστασίαις
2699 2574 3180 2651 ἑνασχολουμένου
3387 2575 3569 2632 ἄδειαν
3628 2577 3787 2649 εἴλη-

2131 2666 2287 2744 φότες
2362 2664 2424 2720 οὗ
2501 2665 2667 2739 μικρᾶ
2738 2666 2833 2728 τὰς
2904 2669 3011 2720 τῶν
3068 2665 3357 2739 Ῥωμαίων
3434 2666 3785 2743 ἐπικρατείας

2131 2753 2687 2824 ἰλύπησαν.Ἔξεισιν
2739 2752 2828 2808 οὖν
2886 2753 2965 2816 εἷς
3002 2755 3133 2809 τάπὶ
3190 2756 3404 2830 Θρᾴκης
3460 2756 3547 2810 καὶ
3607 2762 3789 2811 Μακε-

2133 2843 2314 2905 δονίας
2363 2844 2566 2918 χωρία,
2607 2845 2697 2897 καὶ
2758 2843 2992 2899 κάτεισιν
3048 2844 3125 2905 εἷς
3171 2843 3595 2915 Θεσσαλονίκην,
3646 2845 3785 2900 ἀπο-

2133 2932 2321 2988 δώσων
2380 2934 2447 2987 τὰ
2497 2931 2887 3008 εὖχαριστήρια
2941 2937 3021 3005 τῷ
3083 2932 3526 3009 μεγαλομάρτυρι
3583 2941 3783 3006 Δημη-

2130 3023 2285 3100 τρίῳ·
2339 3020 2509 3077 ἰκεῖσὲ
2563 3043 2620 3076 τε
2670 3021 2974 3098 Γρηγόριον
3038 3024 3331 3098 μάγιστρον
3388 3023 3478 3078 τὸν
3539 3022 3785 3098 Ταρωνί-

2128 3133 2228 3182 την
2288 3110 2475 3187 ἄρχειν
2532 3112 2733 3181 λιπὼν,
2767 3108 2894 3172 δοὺς
2942 3109 3090 3183 αὖτῷ
3136 3111 3227 3166 καὶ
3276 3112 3499 3187 στρατὸν
3556 3108 3785 3183 ἀξιόμαο

371 3201 735 3276 curopalates
766 3202 1019 3257 Davidus
1054 3202 1308 3256 moriens
1338 3202 1748 3273 imperatorem
1782 3219 2017 3257 suarum

2134 3222 2239 3277 χον
2262 3201 2345 3275 ἐφ’
2374 3201 2419 3273 ᾧ
2451 3199 2647 3274 ε’ίργειν
2676 3201 2765 3254 καὶ
2808 3199 3127 3255 ἀνακόπτειν
3185 3201 3281 3264 τὰς
3334 3198 3635 3274 ἐπιδρομὰς
3679 3206 3788 3257 τοῦ

369 3263 813 3365 possessionum
846 3291 1119 3346 heredem
1149 3263 1481 3364 scripserat.
1534 3296 1609 3347 Eo
1658 3291 1839 3363 igitur
1886 3309 2017 3364 pro-

2138 3263 2426 3361 Ξαμουήλ,
2459 3263 2621 3351 αότὸς
2673 3286 3011 3361 ὑποστρέψας
3063 3287 3160 3342 κάν
3207 3291 3275 3362 τῇ
3329 3263 3569 3365 βασιλίδι
3623 3263 3786 3365 γενό-

365 3384 577 3447 tectus,
610 3379 932 3436 constituta
961 3380 1365 3451 bereditale,et
1392 3380 1636 3453 Georgio
1667 3382 1863 3437 Davidi
1908 3383 2021 3436 fra-

352 3474 461 3525 tre
490 3486 555 3525 eo
586 3470 838 3524 adducto
870 3474 935 3522 ut
964 3469 1014 3522 is
1046 3486 1109 3524 se
1140 3469 1417 3523 interiore
1449 3470 1638 3524 lberia
1680 3474 2021 3524 contentum

370 3558 493 3613 fore
524 3573 714 3629 neque
745 3556 937 3611 aliena
968 3559 1308 3611 invasurum
1347 3559 1730 3627 promitteret,
1766 3559 1877 3611 icto
1922 3559 2021 3611 foe-

369 3648 508 3703 dere
558 3662 691 3701 cum
743 3662 810 3701 eo
842 3650 898 3700 et
929 3652 1164 3717 accepto
1196 3646 1325 3715 ejus
1358 3646 1475 3700 filio
1509 3647 1734 3710 obside,
1768 3646 1825 3699 in
1860 3646 2022 3701 Phre-

369 3733 583 3793 niciam
619 3734 830 3805 pergit,
866 3748 1061 3789 secum
1100 3735 1319 3789 ducens
1350 3735 1527 3789 etiam
1560 3752 1679 3789 suae
1702 3735 1896 3790 Iberiae
1924 3750 2022 3807 ge-

372 3838 509 3877 nere
543 3820 977 3888 nobilissimos;
1032 3838 1282 3891 quorum
1330 3823 1574 3892 primari
1624 3828 1791 3878 erant
1836 3829 2022 3879 Pacu-

368 3911 940 3978 rianus,Phebdatus
971 3918 1028 3966 et
1060 3913 1303 3967 Pherses
1338 3916 1545 3967 fratres
1575 3915 2021 3986 germani,quos

369 4000 546 4056 etiam
579 3999 822 4071 patricio
868 4000 1087 4055 honore
1134 4002 1445 4057 decoravit.
1498 4006 1815 4073 Postquam
1868 4004 2019 4059 448

367 4088 427 4143 in
464 4087 820 4143 thniciam
853 4096 1091 4143 ventum
1125 4097 1235 4156 est,
1268 4091 1545 4161 Tripolis,
1581 4093 1868 4158 Damasci,
1890 4093 2021 4164 Tyri

368 4176 679 4249 Berytiqus
712 4191 941 4231 emeras
970 4176 1131 4248 (nam
1167 4177 1225 4232 hi
1280 4178 1455 4250 paulo
1507 4184 1642 4233 ante
1689 4179 1816 4250 ipso
1866 4180 2021 4235 civili

366 4272 569 4321 contra
618 4263 869 4321 Phocam
920 4265 1069 4321 bello
1117 4266 1374 4332 detento,
1407 4267 1550 4323 inito
1580 4268 1791 4324 foedere
1820 4272 2023 4325 contra

362 4353 742 4410 Antiocheam
776 4370 941 4409 arma
970 4353 1306 4419 tulerant,et
1336 4355 1681 4412 Damianum
1708 4357 2020 4429 patricium

363 4444 493 4514 ejus
525 4443 689 4497 urbis
725 4444 1065 4514 praefectum
1092 4460 1288 4515 pugna
1312 4462 1690 4515 congressum
1724 4446 2023 4503 interfece-

363 4536 517 4598 rant,
551 4530 804 4601 urbique
828 4532 979 4585 haud
1006 4534 1278 4603 exiguum
1311 4533 1632 4602 periculum
1676 4536 2021 4607 objicerant)

2136 3398 2295 3451 μενος
2347 3379 2540 3431 ἄνεισιν
2601 3374 2676 3440 εἷς
2728 3371 2993 3449 Ἰϐηρίαν·
3025 3374 3133 3446 ἤδη
3191 3377 3293 3452 γὰρ
3331 3378 3421 3432 καὶ
3448 3379 3474 3433 6
3506 3398 3787 3453 κουροπα-

2132 3467 2305 3536 λάτης
2334 3465 2606 3535 ἐτεθνήκει
2638 3460 2827 3534 Δαϐἰδ,
2854 3463 3208 3540 κληρονόμον
3255 3470 3362 3521 τῶν
3412 3467 3557 3537 αὖτῷ
3610 3487 3791 3540 προσ-

2131 3554 2375 3623 ηκόντων
2407 3553 2618 3628 γράψας
2667 3554 2759 3607 τὸν
2819 3552 3063 3627 βασιλέα.
3095 3555 3301 3609 Ἐκεῖσε
3363 3552 3421 3609 δὶ
3465 3554 3788 3628 γενόμενος,

2128 3644 2215 3697 καὶ
2248 3644 2347 3711 τὴν
2382 3640 2624 3696 δοθεῖσαν
2664 3642 2809 3714 αὐτῷ
2855 3641 3232 3719 κληρονομίαν
3281 3642 3781 3716 καταστησάμενος,

2128 3731 2337 3787 καὶτὸν
2382 3734 2478 3785 τοῦ
2526 3729 2941 3805 κουροπαλάτου
2987 3726 3155 3787 Δαϐὶδ
3198 3734 3307 3805 (51)
3359 3732 3626 3806 Γεώργιον
3683 3732 3784 3787 τὸν

2128 3827 2227 3889 τῆς
2270 3816 2533 3893 ἐνδοτέρω
2564 3813 2804 3892 Ἰϐηρίας
2855 3820 3096 3894 ἄρχοντα
3141 3826 3259 3883 τοῖς
3311 3820 3535 3885 οἰκείοις
3589 3822 3786 3894 ἀχρεῖ-

2131 3920 2251 3971 σθαι
2281 3908 2467 3969 πείσας
2499 3908 2587 3961 καὶ
2625 3910 2699 3980 μὴ
2732 3904 3026 3963 ὶπιϐαίνειν
3084 3914 3202 3971 τοῖς
3252 3906 3594 3984 ἀλλοτρίοις,
3626 3929 3786 3964 σπει-

2131 3996 2358 4069 σάμενός
2419 4016 2477 4051 τε
2533 3995 2680 4068 αὖτῷ
2736 3998 2825 4051 καὶ
2878 3996 3091 4073 ὅμηρον
3152 3995 3397 4074 εἲληφὼς
3451 3997 3543 4052 τὸν
3584 3997 3787 4053 τούτου

2130 4086 2270 4155 υἱὸν,
2317 4082 2524 4140 ἄπεισιν
2585 4084 2660 4147 εἷς
2719 4086 3006 4156 Φοινίκην,
3068 4082 3213 4161 ἔχων
3278 4086 3397 4159 μεθ⁹
3448 4087 3639 4141 ὶαυτοῦ
3691 4088 3787 4142 καὶ

2127 4174 2254 4237 τοὺς
2303 4174 2355 4229 ἓν
2411 4177 2480 4248 τῇ
2530 4175 2645 4228 κατ’
2676 4173 2834 4229 αὐτὸν
2868 4169 3081 4249 Ἰϐηρίᾳ
3109 4172 3245 4229 κατᾶ
3269 4174 3421 4248 γένος
3477 4175 3792 4249 πρωτεύον-

2127 4286 2245 4332 τας,
2279 4265 2352 4317 ὧν
2410 4265 2545 4332 ἦσαν
2603 4269 2894 4341 κορυφαῖοι
2954 4264 2981 4317 6
3042 4262 3414 4337 ΙΙακουριάνος
3444 4264 3532 4318 καὶ
3565 4259 3790 4319 Φεὸδά-

2127 4375 2219 4416 τος
2251 4355 2340 4407 καὶ
2374 4354 2589 4427 Φὲρσης
2622 4353 2673 4406 οἱ
2723 4349 3073 4431 αὖτάδελφοι,
3107 4351 3202 4414 οὓς
3248 4352 3338 4406 καὶ
3396 4352 3474 4417 εἷς
3528 4354 3621 4407 τὸν
3677 4358 3793 4408 τῶν

2129 4441 2425 4517 πατρικίων
2474 4436 2757 4497 ἀνεϐίϐασε
2814 4445 3009 4506 θῶκον.
3049 4484 3062 4498 .
3099 4442 3187 4498 Ἐν
3239 4441 3466 4516 Φοινίκῃ
3515 4438 3572 4497 δὶ
3627 4444 3791 4517 γενόο

2134 4553 2310 4604 μενος,
2342 4537 2433 4586 καί
2461 4531 2553 4585 τὸν
2585 4528 2907 4605 Τριπόλεως
2935 4530 3154 4605 ἀμηρᾶν
3204 4531 3291 4585 καὶ
3342 4531 3437 4586 τὸν
3494 4535 3791 4604 Δαμασκοῦ

362 4619 551 4691 coegit
578 4618 858 4674 Romanis
892 4622 1188 4690 parere.Et
1219 4628 1505 4694 quantum
1538 4625 1667 4693 ejus
1700 4624 1824 4679 fieri
1856 4630 2017 4696 pote-

2131 4623 2220 4677 καὶ
2268 4621 2445 4694 Τύρου
2496 4620 2585 4674 καὶ
2644 4619 2894 4693 Βηρύτου
2946 4620 3120 4693 (οὗτοι
3149 4619 3250 4694 γὰρ
3281 4619 3387 4693 πρὸ
3419 4619 3613 4697 ὀλίγου
3644 4621 3792 4693 ὁμο-

364 4714 455 4765 rat
485 4708 817 4764 rebusistis
850 4708 906 4763 in
961 4715 1153 4765 tutum
1206 4711 1480 4786 redactis,
1536 4713 1792 4785 acceptis
1846 4715 2021 4772 etiam

366 4796 694 4867 obsidibus,
728 4798 878 4852 redit
907 4798 1271 4869 Byzantium.

2134 4714 2428 4782 νοήσαντες
2489 4708 2577 4763 καὶ
2639 4706 2785 4763 ὅπλα
2836 4709 2972 4762 κατὰ
3010 4708 3474 4783 τῆςἈντιοχείας
3527 4711 3793 4780 κινήσπν-

2130 4823 2239 4871 τες,
2270 4804 2365 4854 τοῦ
2399 4798 2666 4872 βασιλέως
2695 4802 2774 4871 τῷ
2818 4798 2955 4873 πρὸς
2992 4796 3084 4852 τὸν
3137 4802 3332 4852 Φωκᾶν
3380 4795 3616 4871 πολξμῳ
3656 4818 3801 4875 σχο-

369 4883 657 4953 λάζοντος,
689 4885 957 4956 Δαμιανόν
1016 4907 1074 4940 τε
1126 4887 1218 4942 τὸν
1279 4890 1564 4963 πατρίκιον
1597 4891 1655 4951 ’ὀς
1684 4892 1856 4966 ἦρχεν
1887 4893 2224 4969 Ἀντιοχείας
2255 4888 2487 4963 πολέμῳ
2517 4883 2870 4961 συμϐαλόντα
2904 4886 3120 4949 τοότοις
3170 4886 3386 4943 ἀνεῖλον
3418 4886 3508 4943 καὶ
3538 4884 3792 4945 κίνδυνον

369 4972 433 5028 οὗ
467 4973 659 5046 μικρὸν
690 4976 759 5046 τῇ
790 4971 951 5027 πόλει
985 4973 1249 5049 ἐπέσειον)
1272 4978 1355 5049 [Ρ.
1386 4980 1516 5048 70-‘[
1545 4979 1617 5039 ὡς
1658 4978 1780 5048 ἰνῆν
1815 4979 2257 5058 ἀσφαλισάμενος
2291 4978 2466 5054 μένειν
2492 4981 2562 5051 τῇ
2604 4974 2869 5033 δουλώσει
2900 4975 3211 5049 Ῥωμαίων,
3242 4975 3331 5031 καὶ
3376 4974 3563 5051 ὅμηρα
3602 4972 3796 5033 λαϐὼν

370 5059 782 5135 ἑπαναζευγνόει
814 5062 949 5137 πρὸς
978 5062 1041 5117 τὸ
1074 5066 1385 5133 Βυζάντιον.

447 5152 513 5208 In
545 5151 735 5209 reditu
768 5169 903 5209 eum
930 5170 1034 5226 per
1075 5153 1506 5227 Cappadociam
1555 5156 1665 5213 iter
1714 5158 2025 5216 facientem

2207 5158 2422 5213 Διιόντα
2456 5153 2513 5210 δὲ
2551 5157 2741 5209 τοῦτον
2784 5151 2844 5209 ὶκ
2893 5149 3283 5217 Καππαδοκίας
3337 5150 3633 5218 Εὗστάθιὸς
3686 5152 3804 5228 μά-

1508 5304 1914 5365 XYIANDRI
1960 5306 2061 5368 ET
2107 5305 2345 5368 GOARI
2391 5303 2652 5365 NOT/E.

444 5419 553 5504 (βο)
587 5420 717 5504 Haec
746 5438 853 5504 vox
882 5425 1311 5504 quantumlibet
1344 5428 1697 5504 reclamante
1727 5429 2024 5504 Xylandro

372 5494 702 5572 retinenda,
735 5498 791 5549 et
816 5498 1005 5572 versio
1035 5497 1141 5552 hoc
1176 5499 1716 5572 pactocorrigenda
1752 5494 1898 5571 ε’ᾳιιί
1939 5516 2024 5555 re-

372 5563 713 5692 gellionibu:
742 5570 955 5623 assueti
983 5573 1034 5623 et
1064 5563 1371 5640 exercitati,
1405 5563 1861 5638 data'occasion'e,
1910 5577 2020 5627 etc.

423 5651 555 5691 om.

445 5706 559 5777 (51)
592 5701 858 5783 ’Λδιλφόν
902 5710 1109 5766 deest:
1143 5712 1243 5766 sed
1291 5715 1349 5768 et
1389 5729 1601 5771 sensus
1650 5714 1758 5771 hoc
1808 5730 2023 5787 sugge-

2137 5429 2303 5485 rebat
2327 5432 2383 5483 et
2413 5427 2589 5483 habet
2616 5427 2889 5482 Zonaras.
2924 5424 3042 5481 Hoc
3072 5423 3293 5499 exloco
3326 5428 3570 5499 apparet
3614 5440 3799 5499 regu-

2138 5501 2223 5555 los
2255 5500 2421 5565 istos,
2452 5515 2553 5554 seu
2582 5500 2886 5571 regionum
2920 5497 3197 5553 Romanis
3228 5496 3552 5571 vicinarum
3597 5496 3797 5553 domi-

2134 5588 2263 5637 nos,
2296 5572 2488 5627 vocari
2520 5570 2910 5642 curo’palatas,
2935 5573 2992 5625 et
3021 5585 3200 5642 supra
3231 5585 3466 5642 quoque
3497 5570 3647 5626 facta
3697 5572 3793 5626 est

2136 5642 2351 5700 alicubi
2384 5644 2583 5699 Iberia:
2623 5640 2970 5715 europalataa
3002 5640 3409 5697 mentiern.
