4014 6194
250 393 362 463 181

1394 350 1944 456 ais'roamauu
1988 391 2535 457 COMPENDIUM.

3556 396 3675 460 l8!

251 546 475 602 γιστρος
503 525 533 581 6
563 522 839 587 Μαλεῖνος
868 521 919 580 ἰν
976 528 1095 586 τοῖς
1151 521 1373 587 οἰκείοις
1431 521 1720 597 ὑπεδέξατο
1767 544 1902 579 παν-

2020 527 2303 599 magister
2323 527 2663 585 Eustathius
2687 527 2975 586 Maleinus
3005 528 3261 602 hospitio
3290 530 3514 601 excepit
3534 546 3669 588 cum

252 617 465 689 στρατὶ,
499 622 667 670 πᾶσαν
721 614 868 686 αὐτῷ
908 635 967 670 τε
1012 613 1101 669 καὶ
1144 619 1226 687 τῷ
1271 614 1629 690 στρατεύματι
1663 614 1913 691 ἀφθόνως

246 705 624 780 παρεσχηκὼς
687 704 960 779 χορηγίαν
993 722 1006 735 ·
1058 702 1116 758 6'v
1175 704 1251 766 ὡς
1305 704 1449 777 τάχα
1514 700 1912 775 ἀποδεξάμενος

247 796 337 851 καὶ
372 793 654 855 ἐπαινέσας
701 793 791 847 καὶ
828 793 942 865 μετ’
985 790 1150 847 αὐτοῦ
1194 786 1645 867 προσλαϐόμενος
1698 791 1773 853 εἷς
1811 792 1911 859 τὴν

248 882 514 946 Basiliam
571 881 755 938 ἔκτοτε
818 881 1148 955 ὑποστρέψαι
1209 881 1269 936 οὐ
1326 881 1732 956 συνεχώρησεν,
1765 879 1910 935 ἀλλὰ

247 976 513 1046 χορηγῶν
563 968 712 1043 αὖτῷ
761 967 1007 1043 δαψιλῶς
1035 969 1103 1022 τὰ
1130 968 1266 1041 πρὸς
1295 968 1393 1037 τὴν
1426 967 1616 1042 χρείαν
1663 966 1751 1021 καὶ
1801 963 1909 1021 ὥσ-

245 1080 349 1134 περ
390 1081 445 1113 τι
478 1060 668 1134 θηρίον
698 1059 911 1134 τρέφων
944 1055 994 1112 ἒν
1021 1078 1127 1112 τινι
1166 1062 1317 1129 σηκῷ
1345 1063 1617 1133 κατεῖχεν,
1658 1055 1764 1119 ἓως
1813 1056 1907 1111 αὖ·

244 1150 337 1203 τὸν
362 1148 455 1203 καὶ
502 1149 567 1203 τὸ
594 1147 761 1223 πέρας
788 1148 886 1203 τοῦ
922 1146 1043 1222 βίου
1070 1140 1357 1201 κατέλαϐε.
1409 1145 1621 1203 Τούτου
1674 1143 1731 1200 δὲ
1778 1144 1909 1199 ἀπο-

246 1239 503 1299 θανόντος
532 1240 567 1307 ἠ
612 1243 804 1306 κτῆσις
835 1236 1001 1292 αὐτοῦ
1027 1240 1171 1290 πᾶσα
1202 1232 1618 1307 δεδημοσίευτο.
1665 1236 1906 1309 Ἔγραψε

246 1325 304 1382 δὲ
334 1326 426 1381 καί
486 1328 656 1399 νόμον
712 1327 741 1380 6
803 1324 1057 1401 βασιλεὺς
1090 1322 1342 1400 εἴργοντα
1393 1323 1519 1387 τοὺς
1551 1321 1808 1385 δυνατοὺς
1852 1323 1905 1379 ἐν

242 1412 413 1487 ὁμάδι
469 1413 696 1490 χωρίων
756 1414 1073 1486 αὐξάνεσθαί
1131 1415 1271 1486 (52).
1334 1415 1512 1469 Τοῦτο
1572 1410 1629 1467 δὲ
1684 1412 1773 1467 καὶ
1799 1413 1905 1487 πρὸ

2022 616 2291 671 universo
2323 619 2598 684 exercitu,
2631 620 2949 691 omniaque
2982 620 3215 675 abunde
3253 620 3664 691 suppeditavit.

2020 706 2180 770 Quod
2202 706 2455 761 ofﬁcium
2478 722 2539 761 se
2558 708 2803 778 probare
2822 709 3111 765 simulans
3129 709 3451 781 imperator
3468 724 3668 767 secum

2020 810 2153 848 eum
2185 796 2386 866 Cpolin
2414 796 2677 864 abduxit,
2710 815 2899 869 neque
2927 798 3060 854 inde
3109 800 3348 854 domum
3401 814 3667 869 unquam

2017 884 2237 951 reverti,
2281 902 2491 955 passus
2539 892 2647 953 est,
2680 887 2740 940 in
2804 888 2945 943 urbe
3003 887 3202 943 omnia
3258 885 3669 959 copiosissime

2018 973 2428 1043 suppeditans,
2461 975 2637 1029 veluti
2671 977 2851 1030 feram
2888 978 2943 1030 in
2977 994 3151 1031 cavea
3180 979 3365 1043 alens,
3398 976 3471 1031 ad
3504 992 3670 1031 mor-

2017 1067 2133 1115 tem
2167 1062 2295 1131 ejus
2320 1079 2507 1133 usque
2541 1064 3033 1120 detinuit.Mortui
3064 1067 3262 1120 omnia
3294 1065 3446 1120 bona
3478 1064 3672 1136 publi-

2016 1154 2144 1204 cata
2174 1155 2334 1206 sunt.
2370 1152 2520 1223 Lege
2549 1152 2725 1207 etiam
2758 1154 2955 1209 sanxit
2985 1171 3055 1210 ne
3087 1154 3444 1226 potentiores
3470 1152 3671 1209 multi-

2016 1237 2307 1310 plicandis
2349 1240 2585 1313 praediis
2627 1247 3028 1313 augescerent,
3078 1258 3420 1314 quanquam
3467 1244 3673 1297 eadem

2016 1328 2192 1384 etiam
2242 1331 2314 1385 ab
2368 1347 2470 1385 avo
2530 1331 2656 1401 ejus
2703 1331 3084 1389 Constantino
3134 1331 3426 1403 hujusque
3474 1346 3673 1387 socero

2019 1415 2282 1473 Romano
2314 1418 2431 1476 lata
2462 1420 2591 1474 fuit.

245 1505 417 1561 αὑτοῦ
472 1509 880 1565 Κωνσταντῖνος
938 1505 966 1560 6
1024 1503 1559 1582 πορφυρογὲννητος,
1616 1504 1645 1557 6
1701 1503 2069 1581 πατροπάτωρ
2123 1509 2219 1560 τοῦ
2254 1506 2543 1583 βασιλέως,
2601 1510 2690 1565 καὶ
2742 1508 3021 1583 Ῥωμανὸς
3074 1509 3101 1563 6
3150 1506 3357 1563 ικείνου
3412 1506 3669 1583 πενθερὸς

245 1591 607 1663 ἐποιήσαντο.

311 1681 597 1738 Νικολάου
630 1680 686 1738 δί
741 1686 838 1737 τοῦ
894 1676 1244 1758 Χρυσοϐἑργη
1302 1680 1389 1737 ἐπὶ
1412 1680 1648 1756 χρόνους
1691 1681 1763 1756 ιβ’
1810 1680 1899 1736 καὶ

2083 1685 2317 1743 Nicolao
2374 1690 2796 1763 Chrysobergio
2860 1692 2991 1762 post
3038 1686 3517 1743 administratum
3566 1701 3670 1758 per

246 1779 427 1845 μῆνας
459 1774 513 1842 η’
540 1774 640 1842 τήν
672 1770 1000 1841 Ἐκκλησίαν
1046 1771 1326 1833 ίθύναντος
1371 1771 1459 1825 καὶ
1509 1768 1911 1831 καταλύσαντος

243 1862 345 1930 τὴν
398 1862 591 1931 ζωὴν,
653 1865 1051 1936 χειροτονεῖται
1114 1860 1347 1920 Σισίνιος
1408 1858 1724 1935 μάγιστρος,
1773 1860 1909 1935 ἀνὴρ

246 1950 555 2025 ἰλλόγιμος
604 1971 694 2005 και
754 1949 1006 2024 ἰατρικῆς
1058 1950 1263 2023 τέχνης
1307 1946 1456 2017 ἥκων
1514 1948 1590 2012 εἷς
1640 1948 1703 2002 τὸ
1748 1947 1909 2024 ἀκρό-

246 2061 432 2110 τατον,
466 2039 521 2094 ἐν
568 2035 672 2094 ἔτει
707 2042 861 2115 ’ςςργλ
917 2035 1253 2099 ίνδικτιῶνος
1305 2039 1376 2106 η’·
1436 2035 1582 2099 ὅστις
1640 2036 1729 2091 καὶ
1785 2038 1912 2101 τοὺς

249 2126 705 2202 διακρινομένους
764 2128 943 2197 ἥνωσε
1030 2125 1117 2182 διὰ
1172 2128 1272 2196 τὴν
1328 2128 1691 2202 τετραγαμίαν
1728 2168 1741 2181 .
1806 2126 1909 2182 Καὶ

244 2218 405 2281 οὗτος
465 2217 557 2271 ἰπὶ
622 2222 770 2293 τρεῖς
834 2217 1033 2290 μόνους
1088 2216 1364 2275 ἐνιαυτοὺς
1420 2216 1521 2283 τήν
1585 2213 1910 2284 Ἐκκλησίαν

244 2304 526 2378 ποιμάνας
557 2305 742 2377 ἐξέστη
800 2312 899 2375 τῆς
955 2310 1122 2374 ζωῆς,
1179 2304 1272 2359 καῖ
1326 2299 1647 2379 προεϐλήθη
1686 2304 1907 2380 Σέργιος

244 2394 559 2470 ἡγούμενος
611 2394 684 2450 ὢν
738 2402 837 2465 τῆς
883 2401 1055 2468 μονῆς
1082 2398 1179 2449 τοῦ
1211 2392 1470 2463 Μανουὴλ
1495 2392 1585 2448 καί
1640 2394 1703 2449 τὸ
1754 2394 1910 2469 γένος

245 2485 530 2563 ἀναφέρων
563 2486 701 2559 πρὸς
740 2484 954 2539 Φώτιον
984 2484 1073 2537 τὸν
1105 2486 1479 2559 πατριάρχην.

314 2579 421 2630 Τοῦ
454 2573 516 2630 δὶ
547 2573 816 2648 Σαμουὴλ
876 2574 1355 2650 ἐκστρατεύσαντος
1406 2574 1542 2628 κατᾶ
1590 2571 1911 2628 Θεσσαλονί-

245 2685 371 2734 κης,
422 2664 516 2718 καὶ
573 2664 637 2718 τὸ
671 2662 766 2736 μὶν
796 2659 938 2718 ἄλλο
972 2661 1187 2733 πλῆθος
1222 2661 1297 2724 είς
1330 2660 1538 2738 λόχους
1570 2664 1658 2717 καὶ
1694 2662 1907 2735 ἐνέδρας

249 2750 941 2826 διαμερίσαντος,ὰλίγους
1000 2748 1055 2806 δὲ
1105 2772 1253 2813 τινας
1310 2750 1384 2813 είς
1440 2748 1715 2824 ἐκδρομὴν
1775 2749 1906 2828 ἄχρι

250 2840 654 2908 Θεσσαλονίκης
716 2840 883 2910 αὐτῆς
935 2838 1317 2915 πεπομφότος,
1368 2838 1620 2913 ἐπιγνοὺς
1650 2842 1750 2907 τὴν
1813 2838 1905 2914 ἔφ-

250 2928 375 2985 οδον
417 2931 447 2985 6
506 2927 630 3002 δοὺξ
692 2925 996 3005 Γρηγόριος
1024 2930 1117 2983 τὸν
1154 2930 1248 2997 μὶν
1281 2928 1483 2984 οἲκεῖον
1512 2928 1624 2983 υίὸν
1660 2930 1902 2998 Ἀσώτην

2021 1790 2208 1829 annos
2267 1776 2573 1833 duodecim
2625 1796 2754 1833 cum
2814 1779 2985 1833 besse
3051 1775 3506 1848 patriarchatum
3554 1776 3671 1830 vita

2024 1862 2221 1919 functo
2254 1868 2641 1922 substituitur
2669 1866 2968 1922 Sisinnius
3000 1864 3392 1937 magister,vir
3421 1862 3673 1935 insignis

2020 1955 2173 2009 449
2204 1963 2262 2009 et
2314 1956 2549 2011 medicas
2600 1957 2741 2012 artis
2796 1954 3214 2027 peritissimus,
3264 1970 3418 2010 anno
3466 1953 3672 2009 mundi

2018 2058 2199 2112 supra
2224 2044 2411 2099 sexies
2442 2044 2823 2100 millesimum
2853 2044 2979 2108 503,
3014 2043 3333 2098 indictione
3363 2047 3584 2098 octava.
3618 2042 3673 2097 Is

2019 2130 2333 2187 discidium
2368 2139 2604 2204 prepter
2634 2138 2871 2205 quartas
2921 2133 3158 2205 nuptias
3204 2132 3429 2186 dudum
3476 2137 3670 2186 ortum

2018 2219 2599 2291 sustulit,concordia
2626 2223 3065 2294 facta.Cumque
3088 2226 3205 2276 tres
3227 2224 3458 2276 tantum
3483 2237 3673 2276 annos

2018 2308 2282 2364 Ecclesiae
2312 2311 2850 2381 prefuisset,vitam
2879 2328 3013 2366 cum
3048 2314 3232 2366 morte
3262 2310 3665 2365 commutavit.

2016 2397 2086 2452 Et
2112 2397 2393 2453 suffectus
2425 2405 2515 2453 est
2544 2398 2782 2471 Sergius
2810 2399 3119 2454 Manuelici
3149 2396 3489 2453 monasterii
3519 2414 3668 2469 prm-

2017 2485 2130 2551 sul,
2163 2502 2349 2557 genus
2380 2504 2414 2541 a
2447 2488 2647 2543 Photio
2680 2488 3011 2560 patriarcha
3039 2490 3281 2542 ducens.

2087 2574 2203 2630 Hoc
2235 2576 2482 2632 maxime
2511 2582 2772 2649 tempore
2801 2575 3113 2631 Samuelus
3145 2578 3300 2630 moto
3331 2574 3388 2629 in
3412 2574 3663 2630 Thessa-

2018 2663 2269 2720 lonicam
2320 2665 2490 2737 bello,
2542 2667 2733 2739 cupiis
2786 2666 2908 2721 suis
2938 2666 2995 2719 in
3027 2663 3275 2719 insidias
3306 2662 3663 2733 distributis,

2017 2770 2235 2824 paucos
2258 2755 2545 2825 quosdam
2569 2755 2974 2810 excursionem
3003 2767 3188 2823 usque
3210 2752 3282 2807 ad
3306 2767 3434 2807 eam
3458 2752 3663 2808 urbem

2016 2844 2416 2914 facerejubet.
2452 2845 2611 2909 Quod
2649 2848 2711 2898 ut
2742 2844 2926 2897 sensit
2975 2844 3282 2913 prest'ectus
3329 2841 3665 2913 Gregorius,

2015 2937 2234 2987 Asoten
2271 2932 2455 2987 filium
2491 2949 2662 2988 suum
2699 2934 2901 3000 mittit,
2929 2932 3026 3002 qui
3060 2930 3388 3001 exploraret
3412 2929 3668 2986 hostium

248 3016 491 3093 ἔπεμψεν
543 3015 679 3073 ἰδεῖν
723 3020 812 3073 καὶ
851 3024 1258 3088 κατασκοπῆσαι
1290 3019 1352 3073 τὸ
1377 3016 1591 3087 πλῆθος
1618 3017 1706 3072 καὶ
1761 3016 1902 3089 αὗτῷ

328 3109 353 3119 -
492 3105 583 3119 ..η
772 3102 1035 3119 ...η-
1152 3118 1155 3119 ,
1290 3105 1313 3119 .,
1491 3104 1852 3119 mnus.

2018 3022 2459 3078 multitudinem
2490 3027 2543 3078 et
2577 3022 2688 3078 sibi
2723 3021 3090 3077 indicaret.ls
3124 3020 3182 3075 in
3206 3018 3550 3076 emissarios
3572 3035 3670 3076 eos

248 3109 454 3183 γνῶσιν
488 3105 696 3175 δοῦναι,
729 3106 889 3171 αὐτὸς
921 3104 978 3162 δὶ
1008 3102 1226 3171 ὄπισθεν
1260 3105 1459 3163 εἷ’πετο.
1491 3108 1552 3164 Ὀ
1584 3104 1641 3161 δὲ
1672 3104 1902 3177 ἐξελθὼν

246 3199 331 3252 καὶ
392 3202 515 3259 τοῖς
546 3194 883 3270 προδρόμοις
912 3194 1249 3268 συμπλακεὶς
1290 3196 1379 3251 καὶ
1407 3196 1743 3269 τρεψάμενος
1776 3194 1903 3251 ἐλα-

248 3298 335 3351 θεν
366 3285 450 3347 εἷς
480 3288 677 3359 μέσους
718 3285 843 3348 τοὺς
902 3283 1107 3361 λόχους
1161 3283 1541 3363 περιληφθείς.
1600 3288 1768 3339 Τοῦτο
1826 3286 1902 3348 ὡς

248 3374 623 3451 ὃΓρηγόριος-
670 3368 889 3446 ἔμαθεν,
950 3369 1167 3445 ἐϐοήθει
1209 3371 1298 3429 διὰ
1351 3372 1564 3450 ταχέων
1593 3375 1683 3428 τὸν
1736 3373 1905 3431 παῖδα

250 3466 349 3528 τῆς
420 3461 811 3538 αἰχμαλωσίας
852 3460 1188 3538 γλιχόμενος
1248 3460 1706 3537 ἒκλυτρώσασθαι·
1757 3461 1904 3519 ἀλλᾶ

247 3552 333 3606 καὶ
387 3551 554 3613 αὐτὸς
593 3549 893 3614 κυκλωθεὶς
948 3552 1049 3606 ὑπό
1105 3557 1212 3606 τῶν
1262 3550 1597 3626 Βουλγάρων
1647 3554 1735 3606 καὶ
1783 3574 1901 3627 γεν-

248 3640 415 3702 ναίως
478 3640 567 3695 καὶ
624 3644 885 3713 ἡρωϊκῶς
944 3639 1341 3716 ἀγωνισάμενος
1406 3635 1610 3695 ἔπεσεν.
1670 3640 1901 3716 Ἀγγελ-

251 3728 433 3799 θείσης
496 3726 555 3784 δὲ
604 3734 685 3801 τῷ
748 3727 966 3804 βασιλεῖ
1021 3735 1122 3797 τῆς
1173 3732 1270 3782 τοῖ’)
1328 3725 1522 3789 δουκὸς
1580 3729 1900 3804 ἀναιρέσεως

249 3820 527 3892 πέμπεται
584 3817 760 3889 πάσης
818 3816 1027 3879 Δύσεως
1081 3815 1266 3893 ἄρχων
1300 3817 1329 3871 6
1382 3816 1674 3892 μάγιστρος
1724 3823 1900 3887 Νικη-

251 3907 417 3984 Ῡόρος
476 3908 504 3961 δ
562 3905 806 3981 Οὐρανός
841 3926 854 3939 ⁵
934 3902 1129 3983 ἔφθασε
1174 3905 1274 3980 γὰρ
1327 3904 1415 3960 καὶ
1475 3906 1631 3967 οὗτος
1687 3906 1784 3974 τὴν
1842 3906 1901 3961 ἐκ

248 3991 583 4056 Βαϐυλῶνος
641 3996 814 4072 φυγὴν
854 3994 1202 4067 ὠνησάμενος
1229 3994 1315 4049 καὶ
1359 3995 1457 4063 τὴν
1510 3992 1763 4069 βασιλίδα
1805 4017 1899 4050 κα-

249 4079 531 4139 ταλαϐών.
604 4089 788 4145 Ὀστις
860 4082 913 4137 ἄν
981 4082 1343 4157 Θεσσαλονίκῃ
1412 4084 1720 4158 γενόμενος,
1782 4084 1898 4139 ἐπεὶ

251 4171 383 4249 ἔγνω
442 4174 535 4227 τὸν
568 4170 834 4245 Σαμουὴλ
860 4172 931 4244 τῇ
965 4177 1060 4226 τοῦ
1093 4169 1287 4233 δουκὸς
1339 4172 1643 4248 Γρηγορίου
1672 4178 1766 4227 τοῦ
1798 4177 1899 4230 Τα-

250 4263 477 4337 ρωνίτου
508 4265 687 4340 σιραγῇ
733 4262 821 4316 καὶ
876 4265 944 4335 τῇ
988 4260 1190 4317 ἁλώσει
1220 4266 1315 4316 τοῦ
1346 4263 1465 4316 υἱοῦ
1492 4261 1655 4317 αὐτοῦ
1679 4262 1900 4338 ἐπαιρό-

253 4372 434 4424 μενον,
483 4352 577 4405 καὶ
646 4348 734 4405 διὰ
801 4353 965 4405 τοῦτο
1036 4349 1102 4405 τά
1174 4370 1234 4405 τε
1291 4348 1589 4405 Θετταλικά
1642 4347 1898 4406 διαϐάντα

249 4442 443 4513 Τέμπη
502 4439 595 4495 καὶ
649 4441 740 4495 τὸν
800 4440 1031 4510 Πηνειὸν
1098 4438 1541 4515 περαιωσάμενον
1630 4441 1900 4512 ποταμὸν,

250 4528 543 4585 Θετταλίαν
599 4550 660 4585 τε
705 4528 794 4583 καὶ
835 4528 1095 4586 Βοιωτίαν
1140 4529 1230 4583 καὶ
1278 4530 1533 4599 Ἀττικήν
1580 4525 1903 4585 εἷσϐαλόντα

248 4639 301 4674 τε
350 4620 443 4673 καί
500 4617 556 4674 ἐν
587 4616 989 4690 Πελοποννήσῳ
1037 4615 1125 4672 διὰ
1174 4622 1271 4673 τοῦ
1302 4617 1353 4673 ἰν
1410 4618 1655 4692 Κορίνθῳ
1684 4619 1900 4693 ῗσΟμοῦ,

248 4708 335 4763 καὶ
390 4710 569 4764 πάντα
621 4706 790 4763 ταῦτα
849 4704 1085 4782 δῃοῦντα
1147 4707 1236 4762 καὶ
1296 4704 1626 4781 ληὶζόμενον
1661 4712 1740 4781 [Ρ.
1773 4711 1902 4782 703]

2015 3110 2303 3177 incidens,
2356 3112 2520 3166 fusos
2573 3112 2897 3179 insecutus,
2947 3109 3290 3180 imprudens
3342 3108 3401 3163 in
3450 3108 3671 3164 medias

2014 3200 2224 3255 incidit
2272 3200 2538 3253 insidias.
2589 3199 2903 3269 Gregorius
2952 3216 3013 3253 re
3040 3198 3274 3268 cognita
3307 3195 3460 3251 illico
3490 3196 3561 3252 ad
3591 3197 3668 3252 fe-

2015 3290 2260 3344 rendum
2294 3288 2574 3343 auxilium
2611 3288 2940 3355 festinat,ut
2971 3286 3152 3340 filium
3185 3285 3445 3340 hostium
3475 3286 3666 3341 mani-

2015 3379 2125 3433 bus
2155 3378 2420 3449 eriperet.
2448 3378 2555 3431 Scd
2591 3382 2647 3432 et
2676 3376 2799 3447 ipse
2831 3393 2863 3431 a
2908 3374 3176 3446 Bulgaris
3224 3373 3661 3429 circumventus

2013 3467 2238 3522 fortiter
2269 3482 2533 3537 pugnans
2566 3464 3066 3520 interficitur.Hac
3097 3463 3262 3517 ducis
3293 3461 3456 3518 clade
3486 3462 3659 3517 intel-

2013 3555 2161 3611 lecta
2192 3556 2445 3610 mittitur
2473 3555 2653 3609 totius
2678 3554 3009 3609 Occidentis
3040 3552 3346 3624 praefectus
3378 3550 3658 3623 magister

2012 3646 2375 3716 Nicephorus
2408 3649 2637 3699 Uranus
2665 3662 2677 3699 :
2707 3661 2841 3697 nam
2877 3649 2933 3697 et
2961 3642 3056 3696 hic
3089 3640 3275 3712 pretio
3306 3641 3443 3695 dato
3474 3641 3661 3711 Baby-

2012 3733 2144 3789 lone
2176 3732 2375 3804 Cpolin
2409 3733 2831 3805 profugerat.ls
2863 3736 2928 3787 ut
2957 3729 3437 3787 Thessalonicam
3469 3746 3667 3801 perve-

2012 3823 2337 3886 nit,certior
2359 3822 2422 3877 fit
2444 3821 2782 3878 Samuelum
2802 3821 3000 3877 animo
3023 3818 3431 3889 elatum,quod
3454 3819 3663 3874 ducem

2010 3911 2352 3982 Gregorium
2383 3911 2719 3965 Taronitam
2756 3909 3145 3964 interfecisset
3181 3906 3489 3977 ﬁliumque
3535 3908 3664 3978 ejus

2009 4001 2281 4071 cepisset,
2329 3999 2666 4054 Thessalica
2708 4000 2831 4067 jam
2880 3997 3095 4068 Tempe
3136 4001 3576 4066 transgressum
3609 4000 3669 4052 et

2009 4090 2262 4144 Peneum
2297 4104 2531 4143 amnem
2582 4085 3006 4152 transmisisse,
3057 4090 3113 4141 et
3165 4084 3221 4139 in
3269 4082 3661 4155 Thessaliam,

2010 4178 2284 4234 Bmotiam
2320 4184 2494 4248 atque
2528 4177 2798 4243 Atticam,
2833 4176 2986 4232 450
3020 4178 3074 4230 et
3108 4190 3210 4245 per
3240 4172 3530 4228 Isthmum
3564 4172 3666 4229 Co-

2009 4268 2366 4323 rintbiacum
2390 4268 2566 4320 etiam
2591 4266 2650 4319 in
2675 4265 3136 4336 Peloponnesum
3161 4262 3441 4334 grassari.
3460 4265 3662 4333 Itaque

2009 4361 2066 4412 et
2096 4354 2207 4427 ipsi
2240 4355 2364 4410 suis
2414 4370 2545 4409 cum
2598 4353 2782 4425 copiis
2831 4354 2900 4406 ad
2951 4353 3179 4406 radices
3228 4349 3460 4421 Olympi
3509 4349 3683 4411 facto

2010 4446 2218 4499 itinere
2251 4444 2544 4498 Larissam
2576 4442 2765 4510 venit;
2800 4441 2998 4511 itaque
3045 4438 3487 4511 impedimentis
3526 4437 3661 4494 reli-

2013 4533 2121 4589 ctis
2152 4532 2511 4588 Thessaliam
2547 4531 2774 4603 magnis
2807 4528 3114 4586 itincribus
3164 4535 3452 4601 peragrat,
3503 4544 3661 4583 cam-

2015 4621 2224 4693 pisque
2252 4620 2563 4676 Pharsaliae
2590 4624 2648 4675 et
2675 4619 2939 4690 Apidano
2971 4634 3143 4673 amne
3184 4615 3550 4672 transmissis
3598 4616 3658 4671 in

2014 4710 2143 4782 ripa
2171 4709 2469 4782 Spercheii
2499 4708 2693 4764 amnis
2723 4712 2916 4764 castra
2946 4708 3193 4778 ponit,iu
3228 4706 3498 4777 opposita
3530 4707 3658 4777 ripa

1384 4824 1786 4884 XYLANDRI
1832 4825 1932 4886 ET
1976 4825 2212 4885 GOARI
2260 4825 2513 4886 NOT/E.

312 4920 429 4989 (52)
461 4923 633 4974 Hunc
664 4924 803 4991 puto
835 4920 1030 4992 potius
1065 4935 1259 4992 quam
1307 4920 1428 4975 scio
1472 4936 1710 4975 sensum
1766 4937 1897 4977 esse

246 4990 543 5063 legis,qua
574 4990 990 5062 reprimeretur
1019 4990 1203 5047 nimia
1233 4994 1589 5061 privatorum
1618 4993 1894 5062 potentia,

287 5064 480 5118 ubliea
515 5079 753 5134 quoque
781 5064 946 5134 bona,
979 5063 1062 5134 in_
1090 5079 1269 5134 suam,
1307 5063 1895 5134 remgredigentium.

287 5079 480 5118 001168
515 5079 753 5134 quoque
781 5079 938 5118 Dona
979 5080 1038 5117 in
1090 5079 1255 5117 suam
1307 5080 1427 5119 rem
1478 5079 1895 5133 redigentlum.

246 5079 407 5198 δηθά
442 5136 809 5207 putoufuisse
840 5132 891 5187 ἰν
928 5130 1091 5207 ὁμάδι
1124 5132 1375 5207 χωρίων
1402 5132 1733 5206 αὐξάνεσθαι,
1782 5136 1897 5191 alia

247 5204 499 5261 subinde
531 5204 663 5260 aliis
694 5206 911 5277 praedia
943 5204 1384 5275 adjicere.0uod
1416 5204 1661 5261 ethunc
1696 5207 1892 5261 Mslei-

250 5293 383 5332 nurn
416 5277 632 5332 fecisse
663 5278 947 5344 videmus,
976 5282 1033 5331 et
1062 5278 1119 5330 in
1153 5277 1365 5331 Basilio
1406 5280 1651 5347 praeside
1681 5278 1895 5333 'I‘zimi-

250 5364 375 5403 scas
396 5348 558 5403 malo
575 5365 683 5404 suo
703 5354 1023 5412 notaverat,
1054 5348 1109 5402 Si
1127 5349 1261 5419 quis
1277 5350 1413 5417 quid
1437 5353 1655 5405 rectius
1673 5352 1893 5416 atl'eret,

252 5436 362 5475 non
395 5420 640 5475 herbam
672 5421 723 5476 ei
760 5420 861 5475 sed
894 5436 1165 5491 coronam
1200 5420 1614 5491 praebebimus,
1668 5439 1779 5475 non
1833 5427 1897 5477 ut

251 5491 448 5545 victori
479 5492 582 5547 sed
614 5496 677 5547 ut
705 5492 852 5548 bene
882 5490 1110 5546 merito.
1137 5490 1270 5547 xu.
1298 5523 1361 5533 —-
1396 5496 1544 5548 Bene
1576 5493 1894 5549 meriturus

254 5563 320 5617 de
340 5562 932 5635 Xylandro,gratiam
964 5562 1255 5633 siquidem
1286 5564 1594 5634 pollicetur
1624 5566 1681 5618 in
1713 5566 1891 5620 adno-

250 5634 706 5708 tationibus,hac
732 5636 857 5707 lege
878 5634 1006 5691 dico
1028 5635 1292 5691 sanxisse
1313 5636 1891 5708 imperatorem,non,

2000 5632 2095 5699 τος
2132 5632 2376 5691 ἐκπίπτει
2423 5636 2511 5691 καὶ
2556 5632 2631 5690 τὸ
2685 5632 2836 5691 δοθὲν
2894 5632 3113 5707 τίμημα
3166 5632 3265 5689 οὐκ
3321 5633 3421 5687 ἀνα

2010 4922 2147 4977 bona
2178 4924 2235 4975 in
2264 4938 2424 4975 suam
2452 4936 2565 4974 rem
2596 4919 2885 4986 redigeret,
2916 4917 3046 4973 dum
3074 4918 3193 4972 alia
3237 4916 3474 4971 subinde
3516 4916 3653 4970 alii:

2004 4994 2213 5064 praedia
2243 4993 2562 5060 adyiciceret
2591 5009 2610 5046 :
2645 5007 2838 5064 verum
2875 5006 2947 5043 ne
2978 4988 3195 5064 publici
3242 4988 3648 5064 magistratus,

2006 5058 2147 5120 dum
2171 5058 2434 5133 gererent
2462 5058 3104 5132 ol'ticium,privatorum
3140 5060 3481 5133 bonaetiam
3515 5058 3649 5133 dato

2008 5129 2200 5208 pretio
2259 5136 2380 5208 sibi
2437 5129 2840 5205 compararent
2901 5140 3077 5203 atque
3131 5132 3337 5208 exinde
3368 5129 3499 5208 aliis
3520 5129 3651 5208 alia

2007 5200 2223 5278 praedia
2256 5206 2420 5260 facile
2469 5200 2873 5278 coacervarent
2920 5200 2997 5257 εἴ
3021 5205 3466 5278 conjungerent.
3500 5200 3649 5278 _Bla-

2006 5271 2194 5334 stares
2225 5295 2271 5331 c.
2291 5279 2451 5348 4,105
2483 5286 2526 5330 A
2560 5276 2835 5348 στοιχείου
2859 5292 2924 5348 ex
2960 5271 3211 5348 politicis
3244 5271 3474 5345 legibus
3494 5271 3653 5348 _han_c

2006 5354 2182 5421 refert
2238 5347 2359 5421 περί
2411 5342 2762 5421 ᾀγορᾷςλκαὶ
2820 5342 3087 5421 πράσεως
3220 5342 3431 5421 κρατῶν
3486 5342 3647 5421 ὁφφί-

2006 5363 2182 5405 retert
2238 5363 2359 5421 περι
2411 5363 2613 5420 αγορας
2674 5367 2762 5400 και
2820 5363 3087 5417 πρασεως“
3138 5363 3181 5400 υ
3220 5363 3431 5418 κρατων
3486 5363 3613 5467 eius:

2003 5442 2120 5475 κιον
2154 5417 2203 5473 ἐν
2238 5419 2474 5494 ἐπαρχίᾳ
2520 5419 2579 5474 οὐ
2632 5415 2850 5494 δῦναται
2894 5416 3112 5494 κινητὸν
3146 5416 3467 5494 ἀκίνητον
3502 5485 3511 5494 _
3550 5434 3613 5487 γο

2005 5492 2182 5565 βάζειν
2244 5491 2318 5565 EVA
2343 5483 2515 5565 ’άῦτῇ
2551 5496 2774 5565 πρᾶγμα
2820 5490 2854 5557 ἢ
2906 5486 2978 5565 δι’
3008 5483 3207 5565 εαυτοῦ.
3248 5490 3281 5558 ἢ
3314 5487 3410 5565 δι’
3436 5483 3643 5565 ἑτέρου,

2004 5555 2048 5619 εἷ
2086 5555 2161 5637 μὴ
2190 5563 2333 5637 παρὰ
2360 5555 2788 5636 τοῦνδημοσίου.
2818 5555 2920 5616 Καὶ
2968 5561 3073 5635 γὰρ
3122 5560 3211 5616 καὶ
3246 5555 3341 5615 τόὖ
3386 5555 3641 5685 πρᾶγμα-

2004 5658 2091 5685 1:0:
2132 5635 2376 5685 ἐκπίπτει
2423 5636 2511 5685 καὶ
2570 5635 2631 5685 τὸ
2685 5632 2836 5685 δοθὲν
2894 5631 3113 5685 τίμημα
3166 5632 3265 5685 οὐκ
3321 5633 3421 5685 ἀνα
3461 5623 3639 5685 αμϐά-

3461 5646 3639 5699 αμοα-

255 5710 317 5760 ut
344 5706 551 5763 scribit
578 5708 729 5781 ipse,
753 5706 1102 5781 privatorum
1126 5709 1376 5779 potentia
1405 5706 1639 5782 publica
1667 5706 1893 5781 quisque
1999 5729 2099 5765 νει.
2130 5714 2308 5765 ΟοΑιι.
