4036 6194
342 414 457 476 183
1689 402 2005 466 GEORGII

2144 403 2391 464 iDRENI
3634 398 3756 461 184

334 543 606 603 Samuelo
635 559 745 598 sua
774 544 967 598 castra
995 539 1268 597 habente.
1306 538 1579 612 Ingentes
1611 538 1831 594 imbres
1859 541 1987 593 tum
2019 595 2026 609 Α

2144 555 2233 609 ρας
2280 534 2369 589 καὶ
2412 535 2571 600 αὐτὸς
2604 537 2868 609 μετὰτῶν
2929 534 3051 611 περὶ
3114 534 3275 591 αὐτὸν
3336 535 3766 611 στρατευμάτων

341 636 701 701 deciderant,
736 636 795 687 et
824 631 1038 686 fluvius
1084 630 1241 685 alveo
1291 634 1560 700 turgento
1612 628 1927 699 stagnabat
1979 644 1992 682 :

2144 625 2190 679 αὶ
2248 624 2341 686 τὰς
2396 625 2666 700 ὑπωρείας
2698 623 2926 688 διελθὼν
2957 630 3058 680 τοῦ
3116 624 3410 697 Ὀλύμπου
3442 625 3537 679 καὶ
3566 623 3619 679 ἐν
3656 631 3768 678 Λα-

344 728 544 797 itaque
575 739 639 779 eo
673 721 910 792 quidem
945 725 1204 791 tempore
1236 718 1499 790 praelium
1536 716 1764 772 nullum
1799 733 1995 787 spera-

2144 715 2264 789 ίσσῃ
2320 714 2635 788 γενόμενος,
2680 716 2895 769 κάκεῖσε
2955 713 3131 769 λιπὼν
3175 716 3278 783 τὴν
3310 715 3618 782 ἀποσκευὴν
3667 714 3767 767 καὶ

347 817 546 871 batur.
598 812 707 866 Sed
761 810 991 864 Uranus
1041 825 1280 863 sursum
1330 810 1728 878 deorsumque
1776 810 1998 860 tentato

2144 800 2332 872 ύζωνον
2367 798 2550 858 λαϐὼν
2595 804 2688 858 τὸν
2742 803 2984 880 στρατὸν,
3041 805 3142 873 τὴν
3196 802 3486 858 Θετταλίαν
3540 800 3770 857 ὁδοιπο-

349 903 591 960 flumine
614 901 827 955 vadum
853 898 1107 964 invenit;
1142 913 1325 968 eaque
1347 896 1672 968 intelligere
1694 912 1755 950 se
1778 893 2000 951 exerci-

2148 891 2197 963 ίᾳ
2252 891 2487 965 συντόνῳ
2547 890 2772 948 διελθὼν
2827 893 3007 948 καὶτὸ
3072 899 3173 962 τῆς
3207 891 3523 969 Φαρσαλίας
3576 889 3770 947 πεδίον

353 993 563 1049 tumin
587 987 912 1060 Oppositum
940 987 1124 1057 ripam
1147 986 1450 1040 traducere
1474 989 1842 1057 posse,noctu
1868 1000 2000 1038 cum

2146 981 2197 1035 αὶ
2254 981 2344 1035 τὸν
2406 979 2697 1035 ’Δπιδανὸν
2745 977 2933 1046 διαϐὰς
2986 982 3256 1055 ποταμὸν,
3288 981 3422 1036 κατὰ
3472 982 3535 1035 τὸ
3566 981 3767 1057 χεῖλος

352 1081 483 1138 suis
515 1093 749 1135 amnem
780 1076 1012 1141 transit,
1049 1074 1441 1147 Bulgarosque
1472 1089 1673 1129 secure
1705 1073 2002 1126 dormien-

2144 1074 2205 1124 οῦ
2264 1075 2571 1146 Σπερχειοῦ
2627 1076 2877 1143 ποταμοῦ
2903 1073 3140 1145 πήγνυσι
3170 1072 3272 1139 τὴν
3323 1068 3768 1142 στρατοπεδείαν,

351 1177 443 1225 tes
477 1165 761 1231 adoritur,
805 1164 1265 1235 innumerosque
1315 1164 1609 1230 interﬁcit,
1661 1163 1895 1217 nemine
1942 1177 2004 1216 se

2144 1157 2191 1220 ἴς
2241 1159 2339 1227 τὴν
2396 1158 2615 1233 περαίαν
2674 1160 2762 1215 καὶ
2822 1159 2984 1215 αὑτοῦ
3039 1164 3136 1215 τοῦ
3169 1158 3437 1233 Σαμουὴλ
3467 1156 3773 1233 αὐλιζομέ-

355 1256 670 1314 defendere
701 1253 1002 1324 auso.Ipse
1026 1268 1257 1323 quoque
1278 1253 1580 1307 Samuelus
1602 1256 1659 1308 et
1689 1251 1845 1307 ﬁlius
1878 1251 2006 1321 ejus

2146 1256 2229 1302 ου⁶
2293 1243 2517 1324 ὄμϐρων
2548 1249 2647 1324 γὰρ
2681 1246 2931 1305 ἀπλέτων
2965 1248 3228 1314 ὑσθέντων
3262 1247 3313 1319 ἐξ
3362 1247 3616 1323 ούρανοῦ,
3675 1248 3775 1302 καὶ

358 1347 661 1402 Romanus
692 1342 983 1414 profunda
1015 1345 1366 1412 acceperunt
1404 1341 1676 1408 vulnera;
1730 1341 2006 1396 fuissent-

2113 1341 2210 1391 τοῦ
2289 1342 2541 1409 ποταμοῦ
2626 1336 3097 1414 πλημμυροῦντος
3167 1338 3259 1392 καὶ
3333 1336 3776 1412 πελαγίζοντος,

362 1449 475 1507 que
506 1433 686 1504 capti,
719 1430 833 1485 nisi
864 1431 1017 1485 inter
1047 1431 1324 1485 cadavera
1355 1431 1727 1485 delituissent
1756 1435 1813 1484 et
1843 1434 2010 1483 nocte

2144 1426 2433 1501 επέγνωστο
2489 1427 2552 1481 τὸ
2598 1432 2689 1483 νῦν
2725 1426 2852 1503 ἔχον
2912 1431 2947 1497 ἡ
2998 1426 3315 1501 συμπλοκή.
3359 1424 3516 1481 Ἀλλ’
3545 1427 3572 1481 6
3608 1425 3775 1502 μάγι-

359 1519 696 1593 insequenti
725 1519 947 1575 occulte
973 1519 1031 1573 in
1065 1524 1293 1574 montes
1314 1518 1588 1574 [Etolicos
1620 1518 2008 1589 aufugissent,

368 1628 470 1685 per
498 1625 747 1681 quorum
782 1608 990 1663 deinde
1024 1608 1329 1663 cacumina
1360 1609 1432 1663 ad
1463 1608 1715 1663 Pindum
1748 1613 2009 1664 montem

359 1704 536 1770 atque
566 1698 703 1752 hinc
733 1697 791 1751 in
826 1697 1158 1768 Bulgariam
1186 1701 1755 1752 evaserunt.Uranus
1782 1697 2011 1752 interim

2144 1698 2513 1771 περαιωθῆναι,
2580 1697 2800 1773 ἀγείρας
2840 1699 3032 1761 νυκτὸς
3080 1698 3173 1752 τὸν
3230 1698 3453 1772 στρατὸν
3514 1699 3776 1771 περαιοῦ-

360 1793 656 1845 Romanos
687 1786 945 1858 captivos
981 1786 1436 1852 liberat,occisos
1468 1785 1749 1857 Bulgaros
1780 1785 2010 1858 spoliat,

2144 1807 2209 1840 ται
2240 1788 2329 1841 τὸν
2360 1788 2604 1859 ποταμὸν
2649 1788 2737 1842 καὶ
2786 1793 2902 1850 τοῖς
2950 1788 3073 1862 περὶ
3120 1786 3210 1842 τὸν
3257 1786 3523 1860 Σαμουὴλ
3581 1784 3777 1860 ἀμερί-

369 1882 561 1933 castra
589 1892 789 1931 eorum
825 1875 1047 1947 diripit,
1081 1875 1422 1948 ingentique
1453 1880 1618 1948 parta
1650 1877 1844 1948 praeda
1875 1892 2013 1930 suos

2144 1897 2275 1939 ινως
2355 1874 2703 1931 καθεύδουσιν
2779 1876 3113 1932 ἐπιτίθεταιο
3173 1876 3263 1930 καὶ
3321 1876 3612 1949 σφάζονται
3677 1875 3773 1946 μὲν

2144 1966 2146 1979 ι
2223 1976 2235 1979 Α
2326 1969 2353 1979 συ
2534 1964 2544 1979 ο
2895 1962 2920 1979 ἢ
2989 1966 3002 1979 \
3201 1965 3215 1979 ς
3339 1963 3385 1979 ’κ
3448 1965 3462 1979 ι
3574 1965 3588 1979 ν
3669 1960 3692 1979 ἢ
3725 1968 3749 1979 υ

368 1964 844 2022 Thessalonicam
878 1964 1123 2020 reducit.
1311 1994 1321 2003 υ

2144 1966 2356 2037 ἱριθμοῦ
2429 1964 2723 2041 κρείττους,
2808 1962 3041 2039 μηδενὸς
3119 1965 3254 2040 πρὸς
3329 1963 3502 2033 ἀλκὴν
3565 1960 3775 2018 ἀπιδεῖν

372 2052 780 2125 τολμήσαντος,
813 2049 1032 2126 ἐπλήγη
1068 2049 1124 2106 δὲ
1154 2052 1243 2105 καὶ
1276 2052 1435 2113 αὐτὸς
1464 2052 1491 2105 6
1524 2049 1789 2123 Σαμουὴλ
1823 2053 1911 2106 καὶ
1944 2053 1971 2106 ὁ
1997 2052 2191 2108 τούτου
2224 2055 2340 2117 υἱὸς
2371 2056 2399 2109 ὁ
2430 2055 2712 2128 Ῥωμανὸς
2741 2055 2980 2130 βαθείαις
3010 2052 3275 2128 πληγαῖς.
3300 2054 3397 2107 Καὶ
3420 2051 3660 2107 ἑάλωσαν
3692 2050 3781 2124 ἃν,

370 2142 421 2197 εἲ
456 2144 531 2214 μή
562 2146 681 2202 τοῖς
711 2145 922 2214 νεκροῖς
953 2141 1312 2213 συμμίξαντες
1343 2141 1564 2203 ἑαυτοὺς
1598 2140 1801 2196 ἔκειντο
1834 2142 1907 2202 ὡς
1936 2144 2245 2205 τεθνεῶτες,
2278 2144 2366 2198 καὶ
2397 2145 2584 2206 νυκτὸς
2617 2140 3001 2219 ἐπιγενομένης
3026 2141 3219 2206 ἔλαθον
3266 2140 3576 2217 διαδράντες
3609 2141 3685 2203 είς
3714 2142 3785 2195 τὰ

368 2227 471 2306 ὅρη
499 2234 605 2284 τῶν
641 2227 931 2302 Αἰτωλῶν,
964 2231 1205 2293 κάκεῖθεν
1239 2227 1325 2284 διὰ
1354 2234 1459 2284 τῶν
1500 2235 1753 2308 κορυφῶν
1779 2235 1886 2285 τῶν
1921 2231 2184 2287 τοιούτων
2220 2232 2387 2309 ὁρέων
2417 2232 2722 2298 διελθόντες
2748 2235 2840 2288 τὸν
2890 2230 3084 2288 Πίνδον
3139 2230 3473 2303 διεσώθησαν
3515 2231 3566 2286 ἐν
3617 2228 3787 2285 Βουλ-

365 2317 548 2394 γαρίᾳ.
574 2319 632 2374 Ὀ
665 2316 721 2372 δὲ
757 2319 1050 2393 μάγιστρος
1080 2318 1206 2380 τοὺς
1240 2318 1634 2393 αίχμαλώτους
1665 2319 1971 2393 Ῥωμαίους
2004 2318 2390 2397 ἐλευθερώσας,
2421 2322 2716 2387 σκυλεύσας
2742 2320 2799 2377 δὲ
2826 2323 2913 2377 καὶ
2947 2320 3076 2385 τοὺς
3104 2315 3364 2383 πεσόντας
3415 2317 3783 2396 Βουλγάρους,

369 2404 669 2482 διαρπάσας
703 2402 760 2459 δὲ
796 2404 887 2460 καί
915 2407 977 2461 τὸ
1007 2412 1114 2461 τῶν
1142 2405 1430 2480 πολεμίων
1462 2406 1819 2481 στρατόπεδον
1852 2410 1942 2464 καὶ
1973 2408 2211 2466 πλοῦτον
2240 2410 2322 2465 ὅτι
2353 2410 2611 2467 πλεῖστον
2639 2406 3094 2487 περιϐαλόμενος,
3122 2410 3213 2464 σὺν
3244 2414 3312 2484 τῇ
3346 2414 3568 2487 στρατιᾷ
3591 2408 3787 2464 ἐπανέ-

2120 1535 2279 1591 στρος
2327 1516 2438 1570 ἄνω
2485 1516 2576 1570 καὶ
2626 1516 2773 1571 κάτω
2801 1517 2894 1571 τὸν
2925 1517 3169 1590 ποταμὸν
3198 1517 3628 1591 περισκοπήσας,
3674 1516 3768 1569 καί

2117 1626 2241 1660 τινα
2285 1605 2452 1659 τόπον
2487 1604 2655 1681 εὑρὼν
2690 1603 2759 1660 δι’
2791 1607 2852 1661 οὗ
2883 1606 3038 1679 ᾠήθη
3074 1602 3294 1660 δυνατὸν
3332 1603 3538 1667 ἔσεσθαι
3585 1603 3775 1659 τούτω

372 2495 543 2565 ζευξεν
580 2495 656 2557 είς
689 2495 1110 2566 Θεσσαλονίκην.

444 2587 593 2644 451
655 2587 963 2642 Samuelus
1013 2588 1253 2642 domum
1309 2604 1576 2643 reversus
1628 2588 1804 2643 ﬁliam
1857 2605 2025 2644 suam

372 2678 562 2732 Asotas
589 2675 881 2731 Taronitaa
915 2674 1033 2731 ﬁlio
1066 2676 1333 2732 libertate
1367 2678 1592 2733 reddita
1624 2678 1679 2731 in
1726 2678 2023 2733 matrimo-

377 2766 544 2821 nium
595 2762 839 2819 collocat
872 2781 885 2821 :
918 2781 1054 2819 nam
1104 2767 1232 2835 ejus
1276 2782 1473 2821 amore
1524 2766 1717 2838 puella
1765 2769 2031 2838 correpta

379 2858 631 2910 mortem
662 2870 725 2910 se
755 2854 866 2910 sibi
898 2854 1285 2909 conscituram
1320 2856 1795 2923 minabaturmi'si
1818 2872 1884 2912 eo
1907 2874 2032 2912 ma-

381 2944 492 3000 rito
525 2942 828 3015 potiretur.
859 2942 1085 3014 Nuptiis
1117 2944 1395 2998 confectis
1426 2960 1702 3015 generum
1746 2961 1877 2999 cum
1913 2945 2033 3000 ﬁlia

391 3031 774 3105 Dyrrachium
801 3031 983 3086 mittit
1012 3037 1069 3088 et
1103 3034 1358 3104 regionis
1391 3035 1518 3104 ejus
1550 3036 1827 3089 custodiae
1854 3034 2033 3106 prasti-

388 3120 487 3175 cit.
519 3120 733 3175 Verum
767 3125 976 3176 Asotes
1002 3138 1068 3176 eo
1114 3122 1424 3192 protectus,
1467 3141 1643 3179 uxore
1690 3141 1923 3195 quoque
1974 3125 2031 3178 in

393 3225 560 3265 suam
592 3210 940 3263 sententiam
996 3212 1286 3279 traducta,
1339 3226 1471 3266 cum
1522 3229 1586 3266 ea
1636 3213 1692 3265 in
1740 3213 2030 3268 Romanas
2062 3232 2104 3299 α

386 3298 678 3367 triremes,
703 3314 830 3369 quae
859 3299 1063 3354 ﬁnium
1099 3301 1445 3355 tuendorum
1482 3318 1659 3356 causa
1691 3302 1854 3356 littus
1885 3301 2029 3355 illud

388 3386 681 3459 legebant,
716 3388 1010 3460 confugit;
1047 3388 1235 3461 iisque
1267 3390 1338 3445 ad
1372 3390 1782 3461 imperatorem
1818 3391 2035 3462 perfer-

386 3477 584 3542 tur,ah
617 3494 800 3548 eoque
834 3478 1098 3548 magistri
1130 3479 1273 3548 ipse,
1310 3497 1454 3534 uxor
1482 3485 1651 3535 zostse
1676 3481 1891 3535 honore
1912 3482 2033 3534 afﬁ-

389 3566 732 3621 eitur.Idem
765 3566 993 3622 litteras
1027 3569 1360 3639 imperatori
1390 3569 1585 3624 attulit
1632 3588 1664 3624 a
1711 3570 2030 3642 Chryselio,

385 3671 501 3709 uno
533 3671 734 3710 eorum
758 3672 1005 3726 quorum
1029 3673 1261 3710 summa
1283 3663 1407 3712 erat
1433 3658 1726 3729 Dyrrachii
1751 3659 2029 3728 potentia:

381 3741 434 3797 is
464 3759 568 3813 pro
601 3745 865 3798 mercede
899 3744 1217 3814 stipulatus
1249 3745 1358 3799 sibi
1393 3750 1449 3799 et
1480 3746 1709 3800 duobus
1741 3746 1865 3801 suis
1897 3746 2032 3801 ﬁliis

382 3830 660 3901 patricios
687 3832 1339 3903 honores,promittebat
1361 3833 1699 3905 imperatori
1734 3850 1795 3890 se
1827 3836 2029 3891 urbem

382 3934 514 3974 eam
560 3920 935 3975 traditurum.
984 3926 1244 3992 Cumque
1296 3940 1398 3993 per
1449 3925 1667 3978 litteras
1715 3925 2034 3997 imperator

386 4008 795 4064 conﬁrmasset
850 4026 911 4065 se
969 4015 1261 4081 promissa
1317 4012 1556 4066 omnino
1608 4014 2027 4083 prmstiturum.

384 4098 764 4168 Dyrrachium
799 4099 1104 4154 Eustathio
1137 4100 1381 4171 patricio
1414 4101 1823 4170 Daphnomelaa
1857 4104 2033 4157 tradi-

382 4189 507 4241 tum
533 4190 641 4254 est,
674 4192 729 4241 et
758 4187 1039 4260 Chryselii
1070 4188 1169 4242 ﬁlii
1205 4190 1545 4261 patriciatus
1596 4191 1815 4246 honore
1863 4193 2029 4249 deco-

384 4276 495 4331 rati
527 4281 686 4347 sunt,
718 4276 818 4333 illo
853 4283 1038 4333 morte
1068 4284 1378 4350 praevento.

454 4451 575 4507 Sub
600 4452 753 4508 idem
804 4457 1037 4526 tempus
1087 4455 1304 4512 Paulus
1354 4458 1635 4531 magister
1683 4460 1893 4530 Bobus,
1943 4462 2032 4516 vir

380 4539 810 4597 Thessalonicae
844 4544 1184 4612 primarius,
1217 4550 1273 4600 et
1305 4546 1663 4603 Malaceinus
1722 4555 2027 4621 protospa-

2209 2590 2271 2645 '0
2327 2588 2591 2663 Σαμουὴλ
2652 2588 2709 2644 δὲ
2766 2589 2902 2665 πρὸς
2949 2590 3017 2644 τὰ
3069 2587 3241 2644 οἷ’κεῖα
3288 2588 3581 2650 ἀνασωθεὶς
3638 2608 3783 2663 γαμ-

2139 2674 2268 2754 ϐρὸν
2318 2678 2499 2753 ἄγεται
2544 2678 2631 2734 ἐπὶ
2686 2682 2755 2753 τῇ
2786 2676 2950 2734 αὗτοῦ
3009 2679 3231 2753 θυγατρὶ
3277 2677 3524 2748 Ἀσώτην
3550 2677 3641 2732 τὸν
3686 2680 3783 2731 τοῦ

2137 2768 2447 2840 Ταρωνίτου
2503 2769 2655 2835 υἱὸν,
2712 2774 2820 2823 τῶν
2904 2765 3115 2840 δεσμῶν
3173 2766 3567 2842 ἐλευθερώσας·
3645 2765 3783 2841 πρὸς

2139 2863 2328 2912 τοῦτον
2401 2858 2505 2933 γὰρ
2584 2860 2619 2927 ἡ
2695 2863 2822 2918 παῖς
2901 2857 3176 2932 ἐρωτικῶς
3242 2853 3541 2917 διατεθεῖσα
3590 2854 3782 2927 ἐξάξειν

2141 2947 2334 3015 ἑαυτὴν
2412 2945 2651 3016 ἠπείλει,
2731 2946 2776 3001 εί
2844 2947 2919 3019 μὴ
2968 2945 3221 3018 νομίμως
3267 2943 3414 3016 αὐτῷ
3469 2943 3784 3021 συναφθείη,

2141 3034 2455 3097 Ἐκτελέσας
2535 3033 2591 3090 δὲ
2670 3035 2794 3097 τοὺς
2861 3033 3069 3111 γάμους
3124 3032 3387 3107 ἐκπέμπει
3449 3032 3562 3105 μετ’
3619 3030 3788 3101 αὐτῆς

2140 3127 2331 3177 τοῦτον
2387 3122 2463 3186 είς
2518 3122 2580 3177 τὸ
2653 3120 2999 3197 Δυρράχιον,
3063 3119 3148 3174 ἐπὶ
3209 3119 3424 3196 φυλακῇ
3482 3120 3626 3194 τάχα
3681 3126 3784 3189 τῆς

2143 3213 2350 3287 χώρας·
2411 3212 2438 3265 ὁ
2467 3208 2524 3265 δὲ
2558 3210 2727 3264 ἐκεῖσε
2758 3210 3049 3283 γενόμενος
3077 3208 3167 3263 καὶ
3196 3212 3264 3282 τῇ
3295 3208 3507 3284 συζύγῳ
3531 3205 3789 3262 κοινολο-

2141 3302 2448 3375 γησάμενος
2492 3300 2580 3353 καὶ
2630 3299 2815 3360 πείσας
2867 3297 3051 3373 φεύγει
3088 3299 3201 3370 μετ’
3249 3297 3417 3366 αὐτῆς
3467 3296 3544 3359 εἰς
3592 3298 3686 3359 τὰς
3733 3296 3786 3351 ἑν

2139 3395 2217 3463 τῷ
2288 3392 2442 3462 τόπῳ
2498 3389 2743 3468 φυλακῆς
2793 3391 2952 3465 ’χάριν
3002 3387 3417 3461 παραπλεούσας
3475 3387 3791 3461 Ῥωμαϊκᾶς

2139 3482 2405 3553 τριήρεις,
2455 3481 2544 3534 καὶ
2596 3477 2662 3533 δι’
2713 3478 2884 3533 αὐτῶν
2919 3478 2995 3541 εἷς
3019 3480 3110 3532 τὸν
3154 3476 3378 3552 βασιλέα
3432 3478 3790 3546 ἀνασώζεται,

2138 3569 2392 3641 τιμηθείς
2453 3570 2751 3642 μάγιστρος
2808 3568 2896 3622 καὶ
2961 3570 2995 3636 ἡ
3055 3567 3248 3621 τούτου
3308 3566 3533 3642 σύζυγος
3582 3568 3785 3635 ζωστή.

2142 3657 2427 3730 Διεκὸμισε
2479 3655 2536 3711 δὲ
2595 3656 2750 3719 οὗτος
2804 3657 2891 3711 καὶ
2945 3656 3242 3733 γράμματα
3294 3654 3554 3710 δυνάστου
3612 3656 3783 3723 τινὸς,

2142 3746 2257 3808 ἑνὸς
2332 3750 2440 3800 τῶν
2513 3746 2563 3801 ἐν
2631 3749 2697 3819 τῇ
2763 3744 3078 3821 Δυρῥαχίῳ,
3152 3742 3463 3819 Χρυσηλίου
3518 3740 3790 3817 τοῦνομα,

2144 3831 2582 3910 ὑπισχνουμένου
2640 3832 2970 3909 παραδοῦναι
2998 3835 3097 3902 τὴν
3138 3834 3232 3888 τοῦ
3284 3832 3591 3908 Δυῤῥαχίου
3622 3831 3786 3887 πόλιν

2137 3931 2218 3997 τῷ
2253 3923 2483 3999 βασιλεῖ,
2536 3924 2580 3978 εἰ
2631 3926 2889 3995 τιμηθείη
2950 3923 3109 3985 αὐτός
3164 3943 3224 3977 τε
3279 3923 3368 3976 καὶ
3419 3922 3469 3975 οἱ
3529 3921 3624 3975 δύο
3676 3921 3787 3976 υἱοὶ

2140 4014 2302 4067 αὐτοῦ
2357 4013 2653 4087 πατρίκιοι.
2718 4016 3004 4085 Γράμμασι
3066 4009 3123 4065 Si
3172 4014 3267 4065 τοῦ
3303 4007 3572 4083 βασιλέως
3603 4008 3787 4064 ἐπιτε-

2141 4102 2254 4165 λεῖς
2280 4102 2374 4164 τὰς
2408 4101 2730 4177 ὑποσχέσεις
2768 4108 2994 4171 ποιῆσαι
3046 4095 3464 4174 βεϐαιώσαντος,
3510 4096 3786 4174 προεδόθη

2138 4194 2199 4247 τὸ
2249 4191 2553 4268 Δυρράχιον
2614 4191 2899 4262 Εὑσταθίῳ
2965 4188 3237 4265 πατρικίῳ
3286 4191 3368 4258 τῷ
3426 4186 3788 4265 Δαφνομῆλῃ,

2139 4283 2225 4337 καὶ
2259 4284 2310 4337 o't
2338 4286 2435 4336 τοῦ
2460 4279 2777 4353 Χρυσηλίου
2800 4279 2909 4333 υἱοὶ
2931 4278 3223 4351 τετίμηντο
3246 4276 3548 4351 πατρίκιοι,
3577 4274 3789 4331 ἐκείνου

2140 4370 2438 4449 φθάσαντος
2467 4366 2825 4443 καταστρέψαι
2856 4367 2955 4433 τὴν
2993 4367 3134 4433 ζωήν
3169 4366 3303 4437 (53).

2209 4461 2399 4530 Τούτῳ
2429 4462 2507 4529 τῷ
2562 4456 2745 4531 χρόνῳ
2787 4453 3003 4516 Παῦλος
3039 4452 3331 4530 μάγιστρος
3363 4453 3390 4506 6
3432 4446 3618 4512 Βωϐὸς
3650 4452 3790 4524 (ει),

2143 4550 2277 4621 ἀνὴρ
2326 4552 2433 4603 τῶν
2495 4544 2545 4600 ἐν
2593 4541 2956 4617 Θεσσαλονίκῃ
3012 4542 3079 4598 τὰ
3136 4546 3345 4617 πρῶτα,
3404 4545 3490 4615 [Ρ.
3537 4540 3666 4614 704]
3696 4540 3789 4595 καὶ

382 4599 964 4701 lharius,prudentize
997 4649 1061 4687 ac
1095 4599 2026 4707 faciundis;celebris,delativqﬁod

2144 4599 2470 4704 Μαλακηνὸς
2520 4599 3008 4706 πρωτοσπαθάρίος
3063 4599 3418 4685 ἐπὶισυνέσεί
3472 4627 3560 4683 καὶ
3636 4599 3788 4703 λόγῳ

384 4716 597 4773 animis
622 4720 691 4773 ad
727 4719 995 4792 Bulgaros
1028 4721 1399 4791 inclinarent,
1420 4725 1513 4780 hic
1546 4727 1905 4796 Byzantium,
1932 4726 2028 4781 ille

374 4804 435 4859 in
487 4806 879 4864 Thracensem
931 4810 1241 4867 Pediadem
1273 4814 1541 4870 translati
1570 4820 1727 4871 sunt.
1765 4816 1922 4872 Idem
1958 4833 2028 4871 ne

375 4892 488 4949 sibi
515 4897 771 4953 eveniret
800 4900 966 4955 veriti
1018 4902 1260 4972 quidam
1316 4903 1577 4959 illustres
1628 4905 2025 4976 Adrianopoli,

2137 4723 2449 4798 ἆμπρέπων,
2510 4718 2897 4791 διαϐληθέντες
2956 4721 3030 4782 ὡς
3061 4721 3125 4774 τὰ
3158 4717 3486 4795 Βουλγάρων
3520 4720 3790 4795 φρονοῦν-

2134 4832 2221 4872 τες
2258 4810 2687 4883 μετῳκίσθησαν,
2721 4810 2748 4863 6
2784 4818 2876 4880 μὲν
2911 4807 3127 4872 Παῦλος
3166 4809 3240 4870 εἷς
3267 4809 3366 4876 τὴν
3410 4806 3462 4861 ἐν
3495 4804 3788 4882 Θρᾳκησίῳ

2136 4898 2529 4974 πεδιάδα
2585 4900 2612 4953 6
2644 4896 2701 4953 δὲ
2750 4896 3081 4967 Μαλακηνὸς
3118 4896 3194 4960 εἷς
3241 4896 3552 4966 Βυζάντιον.
3606 4896 3787 4951 Τοῦτο

1510 5044 1914 5103 XYLANDRI
1960 5046 2058 5104 ET
2104 5043 2340 5104 GOARI
2385 5042 2644 5103 NOTfE.

445 5162 558 5235 (53)
589 5163 714 5219 Non
747 5164 953 5219 dubito
984 5163 1123 5235 quin
1159 5164 1249 5219 hic
1282 5164 1443 5219 locus
1470 5166 1545 5221 sit
1569 5182 1833 5221 mancus.
1886 5166 2023 5220 Son-

374 5235 739 5307 tentiamque
770 5235 953 5291 fuisse
985 5235 1250 5307 conjicio,
1287 5254 1401 5291 non
1444 5239 1799 5292 successisse
1851 5238 2022 5292 istam

372 5304 678 5377 Dyrrachii
717 5304 1111 5380 proditionem
1144 5308 1215 5361 ob
1263 5325 1691 5379 praeproperam
1744 5308 2022 5380 Chryselii

380 5382 652 5435 mortem.
704 5379 813 5433 Sed
868 5379 1049 5433 fuisse
1097 5395 1162 5433 eo
1215 5379 1466 5448 potitum
1517 5380 1823 5445 Basiliam,
1861 5379 2026 5435 facile

365 5448 723 5519 judicaveris
756 5466 820 5504 ex
855 5450 1333 5518 sequentibus,ut
1365 5467 1497 5505 cum
1531 5452 1779 5507 Basilius
1813 5452 2026 5507 dicitur

376 5520 727 5576 defendendi
777 5537 809 5574 a
853 5520 1076 5574 Joanne
1131 5521 1423 5591 Dyrrachii
1475 5540 1650 5578 causa
1698 5523 2028 5579 instituisse

376 5592 895 5665 prolec_tion_em_,et
928 5591 997 5644 de
1027 5590 1235 5665 Joanni
1269 5592 1345 5665 ibi
1372 5593 1499 5647 caesi
1527 5598 1713 5649 morte
1732 5612 1763 5649 a
1788 5595 2027 5665 patricio

378 5663 659 5731 Pegonita
692 5662 877 5715 factus
908 5663 1261 5727 cortior,etc.
1290 5663 1423 5719 Χγι..
1446 5697 1511 5704 -
1544 5667 1699 5722 Nihil
1732 5662 1826 5721 hic
1859 5685 2026 5722 man-

379 5746 518 5787 cum
552 5736 654 5789 aut
686 5733 962 5788 mutilum
1016 5733 1307 5805 Xylandro
1357 5754 1597 5795 sensum
1647 5739 2027 5813 percipienti;

2135 5166 2196 5221 Si
2224 5166 2387 5221 modo
2417 5166 2671 5235 patriciis
2702 5162 3004 5220 honoribus
3024 5172 3512 5235 augeretur,quam
3536 5158 3790 5235 eamdem

2135 5254 2348 5310 quoque
2403 5230 2744 5310 dignitatem,
2797 5251 2856 5290 eo
2902 5238 3038 5291 vivis
3069 5230 3457 5310 __érepto,ggduo
3505 5234 3621 5310 eius
3670 5230 3791 5310 ﬁtii

2134 5303 2616 5380 consequerentur.
2646 5307 2905 5380 ﬁliaeque
2936 5303 3271 5380 conditione
3302 5304 3637 5379 Chryselius
3667 5303 3787 5359 im-

2137 5378 2404 5453 peratori,
2422 5378 2825 5453 Dyrrachium
2842 5380 3139 5452 prodebat.
3177 5378 3355 5437 GOAa.

2210 5454 2319 5519 (54)
2352 5451 2444 5508 Sic
2473 5446 2696 5507 balbum
2726 5457 2784 5507 ct
2810 5446 3024 5507 niutum
3054 5454 3264 5505 vocant
3292 5447 3489 5503 Graeci.
3526 5446 3709 5519 Goan.
3802 5452 3805 5455 '

2210 5454 2297 5519 (54
2352 5454 2444 5508 Sic
2478 5454 2696 5507 balbum
2726 5457 2784 5507 ct
2810 5456 3024 5507 mutum
3054 5454 3264 5505 vocant
3292 5454 3489 5503 Graeci.
3526 5454 3709 5502 Goan.

2209 5454 2320 5601 (55;
2356 5525 2558 5579 l‘edias
2592 5523 2894 5601 planitiem
2950 5522 3264 5601 signiﬁcat.
3320 5521 3443 5601 sed.
3478 5517 3783 5601 proprium

2138 5590 2471 5665 suspicatus
2502 5590 3064 5667 ευὼ.’1λλουστρίοῦς
3096 5593 3254 5667 dicit
3274 5592 3372 5663 qui
3397 5590 3496 5644 viri
3520 5590 3786 5667 illustres

2139 5659 2413 5744 inclinato
2438 5667 2684 5744 imperio
2717 5659 2993 5744 solebant
3024 5666 3157 5744 dici,
3209 5659 3782 5744 sicutnspectabiles,

2140 5740 2474 5807 clarissimi,
2506 5739 2613 5794 etc.
2648 5742 2759 5793 Res
2785 5742 2874 5794 est
2904 5741 3059 5803 nota,
3108 5741 3168 5794 et
3217 5739 3576 5793 notationem
3626 5739 3786 5788 vocis
