4014 6194
303 341 420 403 187

1633 341 1952 407 GEORGII
1998 341 2339 404 CEDRENI

3603 343 3726 408 188

377 470 486 538 Qui
515 469 888 544 prtefueratei
905 470 1145 526 castello
1156 470 1597 536 Draxamus,vir
1617 471 1951 536 bellicosus,

2136 470 2195 526 Ὀ
2255 466 2313 523 δὲ
2393 466 2491 522 τοῦ
2561 468 2824 546 φρουρίου
2881 489 3174 545 καταρχων
3238 470 3526 546 Δραξάνος,
3582 473 3722 547 ἀνὴρ

307 563 379 618 ah
412 563 766 634 imperatore
799 561 952 617 454
983 560 1260 631 impetrat
1286 565 1349 614 ut
1378 559 1805 616 Thessalonicae
1843 561 1955 616 sibi

307 650 508 709 liceret
538 652 783 722 degere;
817 649 1016 721 ibique
1040 666 1275 705 uxorem
1336 649 1498 705 ducit
1551 649 1730 705 filiam
1784 651 1955 722 primi

311 741 797 812 peribatariorum
837 740 977 794 aedis
1029 740 1300 810 martyris
1347 740 1645 794 Demetrii.
1696 745 1958 811 Cumque

304 832 399 885 bis
431 847 497 885 ea
528 830 802 884 maritum
839 837 1061 900 patrem
1101 828 1351 892 fecisset,
1385 829 1508 897 ipse
1541 829 1812 899 profucrit.
1847 830 1956 883 De-

305 920 630 992 prehensus
663 935 861 973 socero
892 917 1283 971 intercedente
1321 918 1547 971 veniam
1601 919 1954 989 impetravit.

305 1009 374 1065 Et
404 1026 536 1064 cum
559 1008 750 1063 denuo
777 1005 1396 1078 profugisset,rursum
1429 1015 1516 1061 est
1547 1008 1748 1062 eodem
1784 1007 1954 1063 modo

303 1098 606 1152 dimissus.
640 1097 785 1151 Aliis
837 1101 1032 1150 autem
1085 1096 1317 1150 duobus
1364 1095 1565 1150 liberis
1618 1096 1952 1171 procreatis,

303 1188 544 1242 tertium
578 1191 639 1239 ut
657 1185 1348 1256 profugit,captusinque
1364 1185 1558 1255 palum
1581 1186 1952 1240 suffixusest.

371 1365 607 1422 Interim
644 1364 961 1420 Numeritze
991 1368 1049 1420 et
1082 1363 1365 1436 Ataphitaa
1394 1364 1615 1421 Arabes
1663 1353 1798 1422 cum
1833 1369 1953 1422 Cm-

300 1456 578 1528 lesyriam
598 1455 907 1524 ipsamque
927 1454 1106 1508 etiam
1131 1453 1390 1507 Africam
1413 1454 1668 1523 graviter
1682 1459 1956 1510 vexarent

301 1542 1116 1612 incursionibus,magistrum
1138 1542 1524 1611 Nicephorum
1559 1542 1817 1598 Uranum
1843 1544 1952 1598 im-

303 1638 542 1707 perator
571 1635 874 1704 praetorem
913 1629 1233 1686 Antiochiae
1265 1630 1791 1701 mittit,succcdere
1821 1632 1870 1687 ei
1891 1631 1951 1686 in

300 1727 612 1794 praeturam
637 1718 1256 1790 Thessalonicesjusso
1281 1719 1522 1791 patricio
1546 1719 1764 1776 Davido
1789 1721 1952 1776 Aria-

2067 556 2435 631 πολεμιστὴς,
2477 557 2718 632 ᾐτήσατο
2771 560 2906 613 κατὰ
2961 560 3060 627 τὴν
3121 560 3513 630 Θεσσαλονίκην
3564 561 3724 632 οἰκῆ-

2070 669 2177 704 σαι.
2212 648 2620 709 Ἐπινεύσαντος
2681 645 2739 701 δὲ
2795 645 2892 702 τοῦ
2954 647 3223 724 βασιλέως
3280 649 3563 722 ἡρμόσατο
3620 673 3723 725 γυ-

2066 743 2226 792 ναῖκα
2293 739 2394 805 τὴν
2459 736 2722 812 θυγατίρα
2790 742 2886 792 τοῦ
2970 737 3190 811 πρώτου
3259 744 3364 793 τῶν
3424 735 3723 815 περιϐατα-

2067 827 2200 901 ρίων
2391 830 2487 880 τοῦ
2541 831 2672 880 ναοῦ
2727 831 2823 880 τοῦ
2877 826 3195 904 ἀθλοφόροι)
3255 830 3596 904 Δημητρίου,
3627 829 3724 884 καὶ

2067 913 2264 978 παῖδας
2297 914 2348 970 ἐν
2381 915 2548 985 αὐτῆς
2581 911 2708 990 ἔσχε
2767 913 2884 972 δύο.
2937 917 3064 970 Εἶτα
3121 913 3364 992 ἀποδρὰς
3425 915 3595 990 ὶάλω,
3626 919 3722 973 καὶ

2067 1004 2291 1077 ἐντεύξει
2360 1002 2456 1058 τοῦ
2525 1002 2793 1075 κηδεστοῦ
2865 1007 3250 1081 συνεχωρήθη.
3313 1008 3408 1061 Καὶ
3471 1005 3722 1081 δεύτερον

2067 1092 2308 1170 ἀποδρὰς
2369 1093 2575 1165 ὁμοίως
2632 1094 2857 1172 ἀφείθη.
2898 1096 2996 1149 Καὶ
3053 1093 3209 1169 ἵτερα
3269 1093 3328 1150 δὲ
3382 1095 3542 1151 τέκνα
3618 1096 3722 1151 δύο

2065 1185 2300 1252 ποιήσας
2353 1184 2416 1238 τὸ
2470 1183 2650 1258 τρίτον
2683 1181 2910 1258 ἀπέδρα,
2943 1184 3032 1238 καὶ
3093 1182 3436 1262 συλληφθεὶς
3490 1187 3725 1241 ἀνεσκο-

2067 1270 2328 1343 λοπίσθη.

2134 1365 2249 1416 Τῶν
2307 1359 2364 1417 δὲ
2418 1363 2776 1436 Νουμεριτῶν
2831 1383 2920 1417 και
2973 1361 3276 1440 Ἀταφιτῶν
3307 1357 3556 1437 Ἀράϐων
3607 1362 3728 1420 δει-

2063 1456 2168 1513 νῶς
2222 1455 2326 1521 τήν
2380 1473 2441 1506 τε
2499 1449 2710 1522 Κοίλην
2770 1452 2971 1525 Συρίαν
3018 1451 3310 1521 καίαὐτήν
3342 1455 3726 1529 κατατρεχόν-

2063 1561 2170 1595 των
2218 1541 2317 1609 τήν
2354 1540 2713 1616 Ἀντιόχειαν,
2744 1540 2834 1595 τὸν
2900 1540 3194 1615 μάγιστρον
3250 1543 3564 1620 Νικηφόρον
3621 1544 3722 1598 τὸν

2065 1629 2300 1705 Οὐρανὸν
2351 1631 2379 1683 6
2443 1628 2698 1704 βασιλεὺς
2761 1627 3000 1704 ἄρχοντα
3059 1631 3402 1706 Ἀντιοχείας
3463 1633 3573 1704 (75)
3633 1630 3725 1688 ἐκ·

2064 1720 2291 1790 πὲμπει,
2325 1716 2585 1794 διάδοχον
2620 1718 2785 1774 αὐτοῦ
2813 1720 2913 1788 τῆς
2947 1716 3348 1790 Θεσσαλονίκης
3400 1722 3726 1791 πεποιηκὼς

300 1811 518 1866 nita.Et
550 1809 978 1880 Philippopolis
1013 1815 1322 1879 praeturam
1355 1809 1427 1864 ob
1458 1825 1691 1880 gravem
1718 1815 1950 1865 aetatem

2074 1810 2151 1862 τὸν
2194 1807 2477 1880 πατρίκιον
2533 1805 2699 1862 Δαϐἱδ
2756 1808 2848 1862 τὸν
2879 1809 3214 1881 ’Δριανίτην.
3247 1810 3336 1866 Ἐν
3398 1807 3456 1864 δὶ
3508 1809 3727 1866 Φιλιπ-

299 1900 634 1968 resignante
666 1899 970 1953 Theodoro
1002 1914 1170 1962 cano,
1222 1914 1349 1950 eam
1400 1898 1724 1968 Nicephoro
1756 1906 1952 1968 proto-

303 1988 648 2061 sphathario
679 1988 909 2059 Xiphim
944 1988 1204 2041 mandat.
1231 1991 1462 2042 Uranus
1491 1992 1553 2042 ut
1583 1989 1954 2044 Antiochiam

304 2077 463 2136 venit
494 2079 724 2134 duobus
746 2081 846 2133 aut
868 2076 1057 2132 tribus
1081 2074 1295 2148 praeliis
1318 2076 1676 2132 Cistrinitam
1697 2077 1952 2133 Arabum

306 2169 515 2223 ducem
565 2166 851 2234 contudit,
899 2165 1184 2236 facileque
1237 2166 1529 2237 persuasit
1575 2171 1638 2221 ut
1684 2165 1734 2221 is
1783 2182 1954 2238 porro

302 2259 654 2329 quiesceret,
686 2255 1000 2325 omniaque
1031 2254 1287 2309 reddidit
1316 2254 1718 2325 pacatissima.

2064 1896 2332 1951 πουπόλει
2361 1898 2459 1964 τήν
2492 1897 2982 1974 πρωτοσπαθάριον
3014 1898 3331 1974 Νικηφόρον
3363 1900 3455 1954 τὸν
3514 1899 3720 1974 Ξιφίαν

2065 1985 2388 2061 στρατηγεῖν
2472 1983 2642 2057 ἔταξε,
2707 1990 2806 2040 τοῦ
2882 1983 3298 2062 Θεοδωροκάνου
3378 1985 3467 2043 διὰ
3544 1995 3723 2064 γῆρας

2065 2075 2566 2149 παραιτησαμένου.
2600 2077 2663 2133 Ὀ
2721 2072 2778 2130 δὲ
2835 2077 3131 2152 μάγιστρος
3188 2077 3504 2152 Νικηφόρος
3553 2079 3581 2132 6
3613 2077 3722 2132 Οὐ-

2068 2164 2227 2238 ρανὸς
2287 2163 2338 2218 ἐν
2396 2164 2704 2240 Ἀντιοχείᾳ
2760 2163 3052 2238 γενόμενος
3105 2165 3195 2220 καὶ
3257 2163 3376 2220 δυσὶ
3421 2164 3520 2221 ¹καὶ
3573 2165 3725 2235 τρισὶ

2073 2253 2276 2328 μάχαις
2335 2251 2673 2325 συμπλακεὶς
2759 2255 3085 2328 Κιστρινήτῃ
3147 2259 3227 2326 τῷ
3304 2259 3411 2310 τῶν
3467 2249 3724 2331 Ἀράϐων

303 2347 593 2419 στρατηγῷ
648 2343 737 2398 καὶ
795 2343 1125 2419 τρεψάμενος
1185 2339 1390 2396 ἔπεισεν
1439 2342 1674 2417 ἡσυχίαν
1731 2341 1900 2419 ἄγειν,
1928 2342 2018 2396 καὶ
2073 2342 2142 2398 τὰ
2191 2342 2487 2418 πράγματα
2538 2341 2615 2405 εἷς
2680 2343 2895 2418 βαθεῖαν
2956 2341 3172 2418 εἷ’ρήνην
3238 2345 3325 2399 καὶ
3369 2345 3728 2420 γαληνιῶσαν

305 2435 627 2509 μετήγαγεν·

368 2527 536 2580 Anno
568 2522 1250 2595 insequenti,indictione
1282 2523 1510 2578 decima
1540 2522 1956 2592 quinta,Bidy-

299 2631 434 2669 nam
468 2614 671 2667 urbem
705 2612 953 2678 obsidet,
987 2617 1044 2665 et
1073 2618 1200 2665 octo
1233 2628 1469 2666 menses
1517 2612 1954 2683 oppugnatione

300 2706 506 2766 tracta,
543 2717 670 2756 eam
702 2700 754 2754 vi
787 2700 957 2771 capit.
994 2700 1142 2754 Dum
1172 2700 1290 2753 haec
1330 2700 1451 2770 agit
1480 2700 1815 2772 imperator,
1850 2703 1953 2756 Sa-

308 2789 540 2847 muelus
570 2789 871 2860 expeditos
901 2789 1124 2844 ducens
1163 2788 1716 2860 Adrianopolitanos
1766 2791 1956 2845 obiter

307 2879 592 2946 adoritur,
625 2879 774 2934 455
812 2877 905 2932 die
935 2876 1326 2947 assumptioni
1359 2876 1619 2947 Deiparze
1651 2878 1817 2948 testo,
1839 2894 1954 2948 quo

304 2968 539 3040 publica
552 2973 679 3021 tum
696 2967 766 3021 de
782 2983 941 3020 more
960 2966 1726 3035 peragebatursolemnitas.
1751 2974 1824 3021 Su
1837 2969 1954 3023 bito

305 3057 488 3129 igitur
518 3056 751 3110 irruens
780 3069 994 3126 magna
1018 3059 1182 3125 parta
1205 3055 1400 3126 prada
1420 3055 1953 3128 discedit.lmpera-

297 3152 390 3203 tor
421 3145 647 3217 Bidyna
679 3142 1132 3216 diligentissime
1163 3144 1522 3200 communita
1549 3145 1608 3200 in
1642 3147 1846 3202 urbem
1868 3146 1956 3202 in-

298 3234 550 3292 columis
595 3233 853 3289 reditum
888 3232 1164 3300 instituit,
1202 3234 1392 3289 obiter
1422 3235 1621 3290 omnia
1656 3236 1959 3307 Bulgarica

302 3323 544 3379 castella
572 3327 808 3377 vastans
836 3326 1011 3392 atque
1040 3323 1450 3393 subigensﬂed
1485 3341 1618 3378 cum
1650 3325 1721 3378 ad
1756 3326 1960 3379 urbem

304 3412 548 3483 Scopias
579 3411 1296 3483 accederet,deprehendit
1315 3417 1478 3466 trans
1507 3413 1716 3467 Axium
1743 3414 1960 3468 flumen

304 3503 484 3574 (nunc
503 3500 820 3556 Bardarius
851 3500 1278 3572 appellabatur)
1297 3501 1635 3557 Samuelum
1661 3502 1961 3574 negligen-

303 3597 392 3648 ter
421 3594 617 3646 castra
647 3590 883 3645 habere.
903 3589 1002 3643 ilic
1033 3589 1185 3644 enim
1222 3589 1405 3644 fretus
1437 3593 1629 3646 amnis
1659 3592 1963 3647 abundan-

296 3680 402 3744 tia,
438 3683 496 3733 et
526 3695 660 3732 eum
695 3679 768 3732 ob
803 3693 1087 3745 aquarum
1123 3675 1471 3731 insolentem
1505 3679 1785 3733 afﬂuxum
1807 3685 1962 3733 tran-

303 3769 406 3824 siri
431 3783 548 3822 non
573 3782 743 3838 posse
773 3772 1212 3834 ratus,securus
1244 3771 1388 3819 erat.
1411 3769 1482 3819 At
1514 3766 1836 3838 imperator
1857 3784 1959 3839 per

307 3857 521 3912 vadum
538 3855 838 3926 aquodam
861 3854 1417 3910 suoruminventum
1447 3856 1646 3928 copias
1683 3858 1956 3915 traducit.

310 3947 512 4017 Itaque
568 3962 628 4000 re
680 3943 980 4015 insperata
1045 3948 1455 4001 consternatus
1512 3946 1820 4002 Samuelus
1882 3949 1962 4004 ita

308 4037 493 4091 effuse
523 4034 674 4105 fugit
703 4049 837 4088 cum
869 4033 1017 4099 suis,
1049 4039 1114 4088 ut
1144 4050 1315 4089 nemo
1345 4050 1544 4090 eorum
1579 4034 1730 4090 hosti
1757 4054 1961 4108 pectus

313 4140 573 4195 unquam
607 4123 961 4178 ostenderet.
1001 4123 1190 4194 ipsius
1232 4123 1674 4178 tabernaculum
1723 4131 1960 4197 totaque

308 4219 500 4270 castra
531 4216 722 4285 capta.
753 4213 862 4266 Sed
897 4217 953 4266 et
983 4212 1186 4267 urbem
1219 4213 1453 4285 Scopias
1486 4214 1823 4284 imperatori
1847 4221 1961 4272 tra-

305 4303 457 4359 didit
487 4302 538 4359 ei
571 4321 602 4358 a
631 4300 902 4357 Samuelo
935 4301 1242 4372 praefectus
1275 4301 1596 4372 Romanus,
1639 4303 1793 4359 Petri
1823 4304 1959 4358 Bul-

306 4410 577 4464 garorum
612 4391 761 4458 regis
792 4390 968 4456 ﬁlius,
1014 4391 1229 4446 Borism
1274 4393 1470 4459 frater,
1513 4393 1747 4448 Simeon
1779 4395 1958 4448 etiam

307 4483 398 4536 avi
431 4481 669 4536 nomine
701 4479 1241 4551 appellatus.0uem
1274 4480 1403 4551 ejus
1434 4480 1608 4535 ofﬁcii
1640 4497 1821 4536 causa
1843 4483 1959 4536 im-

312 4575 545 4642 perator
575 4569 884 4641 patricium
919 4569 1417 4641 praapositumque
1457 4570 1749 4644 designat,
1801 4572 1958 4644 Aby-

313 4661 506 4732 doque
537 4658 796 4730 prmﬂcit.

2136 2521 2196 2577 Ὀ
2227 2518 2285 2575 δὶ
2324 2518 2578 2594 βασιλεὺς
2609 2522 2742 2575 κατὰ
2784 2522 2846 2576 τὸ
2896 2520 3046 2576 ἐπιὸν
3087 2518 3211 2583 ἔτος
3253 2520 3593 2585 ίνδικτιῶνος
3660 2526 3727 2577 ιε’

2067 2609 2400 2682 ἑκστρατεύει
2432 2610 2569 2664 κατὰ
2599 2606 2849 2680 Βιδύνης,
2882 2610 2972 2664 καὶ
3014 2610 3095 2686 ἐφ’
3120 2609 3284 2672 ὅλους
3338 2610 3481 2665 ὀκτὼ
3544 2617 3725 2682 μῆνας

2067 2696 2540 2775 ἑμφιλοχωρήσας
2593 2702 2662 2771 τῇ
2721 2696 3048 2773 προσεδρείᾳ
3129 2700 3274 2774 αἱρεῖ
3328 2699 3464 2754 κατᾶ
3517 2699 3723 2776 κράτος

2063 2789 2164 2857 τὴν
2197 2785 2383 2843 πόλιν.
2415 2788 2502 2844 Ἐν
2537 2787 2581 2859 ᾧ
2614 2785 2671 2842 δὲ
2705 2791 2767 2861 τῇ
2800 2785 3102 2863 πολιορκίᾳ
3131 2789 3289 2850 οὗτος
3321 2787 3718 2865 προσήδρευεν,

2067 2877 2095 2931 6
2128 2873 2394 2947 Σαμουὴλ
2450 2874 2668 2947 εὐζώνῳ
2700 2875 3050 2950 χρησάμενος
3081 2873 3370 2950 ὁδοιπορίᾳ
3425 2875 3721 2932 ἐπιτίθεται

2067 2963 2117 3034 ἐξ
2145 2962 2340 3042 ἐφόδου
2369 2967 2438 3037 τῇ
2491 2961 2946 3039 Ἀδριανουπόλει
2998 2965 3114 3020 κατ’
3143 2964 3309 3034 αὐτὴν
3352 2967 3450 3034 τὴν
3506 2967 3720 3040 ἡμέραν

2065 3060 2166 3123 τῆς
2189 3054 2505 3127 κοιμήσεως
2534 3059 2636 3122 τῆς
2673 3054 2970 3129 ὑπεράγνου
3003 3052 3270 3109 Θεοτόκου
3302 3056 3436 3128 (58),
3471 3053 3560 3109 καὶ
3615 3057 3722 3126 τήν

2065 3165 2124 3199 τε
2154 3145 2482 3218 πανήγυριν,
2516 3140 2638 3211 ἥτις
2670 3141 2848 3206 εἷ’ώθει
2883 3141 3116 3213 ἐτησίως
3159 3140 3428 3207 τελεῖσθαι
3483 3140 3722 3216 δημοτε-

2071 3231 2196 3301 λὴς,
2231 3233 2374 3307 αἱρεῖ
2405 3229 2656 3309 ἐξαίφνης
2683 3230 2973 3299 ἐπιπεσὼν,
3007 3232 3097 3287 καὶ
3128 3229 3276 3286 λείαν
3308 3231 3525 3300 πολλὴν
3556 3233 3723 3306 ὑπερο

2073 3322 2441 3392 ποιησάμενος
2478 3322 2802 3396 ὑπέστρεψεν
2837 3319 2914 3381 εἰς
2951 3319 3018 3375 τὰ
3066 3317 3199 3377 ἴδια.
3230 3321 3291 3377 Ὀ
3350 3317 3408 3374 δὲ
3469 3321 3726 3395 βασιλεὺς

2069 3413 2169 3481 τὴν
2200 3407 2424 3479 Βιδύνην
2489 3408 2637 3481 μάλα
2693 3406 2880 3470 καλῶς
2941 3408 3364 3484 ὀχυρωσάμενος
3421 3407 3726 3478 ιπανῆλθεν

2073 3499 2263 3568 ἀσινὴς
2295 3497 2370 3561 εἷς
2401 3499 2499 3566 τὴν
2539 3494 2816 3572 βασιλίδα,
2851 3496 2901 3551 ἐν
2935 3502 3012 3569 τῷ
3073 3493 3263 3552 διιέναι
3321 3499 3495 3552 πάντα
3547 3497 3614 3553 τὰ
3669 3497 3722 3553 ἰν

2071 3591 2200 3646 ποσὶ
2260 3586 2604 3663 Βουλγαρικὰ
2661 3587 2894 3665 φρούρια
2952 3586 3093 3661 δῃῶν
3145 3590 3233 3643 καὶ
3285 3590 3721 3666 καταστρεφόμε-

2069 3700 2176 3739 νος.
2205 3681 2286 3751 Τῇ
2345 3676 2505 3732 πόλει
2566 3675 2622 3731 δὲ
2674 3681 2782 3731 τῶν
2818 3677 3070 3731 Σκοπίων
3115 3677 3324 3753 ὶγγίσας
3381 3679 3502 3752 εὗρε
3551 3679 3722 3752 πέραν

2071 3769 2252 3840 Ἀξιοῦ
2308 3771 2405 3821 τοῦ
2462 3770 2735 3839 ποταμοῦ,
2768 3765 2825 3820 ὃν
2884 3769 2974 3820 νῦν
3018 3763 3316 3842 Βαρδάριον
3365 3767 3721 3840 ὀνομάζουσι,

2069 3854 2550 3928 κατεπηνωμὲνον
2610 3853 2924 3928 ἀμερίμνως
2973 3855 3063 3910 τὸν
3133 3854 3438 3928 Σαμουήλο
3503 3855 3721 3931 θαρρῶν

2068 3947 2169 4023 γὰρ
2201 3950 2268 4018 τῇ
2302 3942 2616 4018 πλημμύρᾳ
2643 3947 2739 3998 τοῦ
2769 3949 3042 4016 ποταμοῦ,
3074 3945 3164 3999 καὶ
3209 3945 3282 4007 ὡς
3343 3945 3405 4000 οὐ
3465 3940 3723 4007 διαϐατὸς

2067 4037 2130 4093 τὸ
2188 4040 2278 4090 νῦν
2342 4031 2470 4109 ἔχον
2530 4031 2728 4101 ἔσεται,
2760 4032 3020 4104 ηὐλίζετο
3081 4032 3324 4106 ἀμελῶς.
3357 4036 3437 4107 [Ρ.
3470 4035 3597 4109 706]
3629 4041 3722 4088 Τι-

2067 4125 2158 4186 νὸς
2193 4123 2249 4180 δὲ
2295 4128 2405 4179 τῶν
2455 4128 2802 4198 στρατιωτῶν
2857 4122 3027 4200 πόρον
3084 4123 3334 4199 εὑρόντος
3389 4124 3479 4178 καὶ
3531 4122 3600 4178 δι’
3633 4123 3726 4178 αὖ·

2067 4219 2164 4270 τοῦ
2192 4214 2284 4270 τὸν
2322 4213 2549 4289 βασιλέα
2608 4207 3046 4281 διαϐιϐάσαντος,
3081 4214 3108 4268 6
3161 4213 3254 4286 μὲν
3326 4211 3594 4286 Σαμουὴλ
3643 4218 3724 4284 τῷ

2068 4301 2326 4379 αἰφνιδίῳ
2373 4301 2740 4376 καταπλαγεὶς
2792 4299 2980 4379 ἔφυγεν
3041 4302 3460 4376 ἀμεταστρεπτὶ,
3501 4300 3718 4379 ἐλήφθη

2070 4391 2204 4462 δι”ἧ
2236 4393 2431 4447 τούτου
2486 4394 2658 4461 σκηνή
2717 4391 2807 4446 καὶ
2862 4391 2925 4445 τὸ
2983 4390 3113 4446 ὅλον
3175 4388 3555 4465 στρατόπεδον.
3597 4391 3718 4447 Ἐν-

2070 4481 2304 4558 εχείρισε
2337 4479 2393 4535 δὲ
2421 4481 2508 4536 καὶ
2540 4481 2639 4548 τὴν
2670 4479 2832 4535 πόλιν
2860 4485 2968 4536 τῶν
3009 4479 3263 4535 Σκοπίων
3310 4485 3392 4552 τῷ
3443 4480 3664 4554 βασιλεῖ
3693 4483 3721 4535 6

2067 4570 2269 4642 ταύτης
2299 4571 2489 4646 ἄρχειν
2522 4568 2668 4643 παρὰ
2716 4573 2815 4623 τοῦ
2877 4567 3144 4642 Σαμουὴλ
3199 4567 3527 4644 τεταγμᾶνος
3582 4569 3720 4624 Ῥω·

1991 4642 2039 4708 D
2073 4661 2258 4734 μανὸς,
2292 4642 2553 4735 δ’Ῐίετρου
2598 4642 2690 4731 μὶν
2737 4662 2833 4714 τοῦ
2886 4657 3154 4733 βασιλέως
3213 4642 3351 4713 τῶν-
3379 4655 3720 4732 Βουλγάρων

316 4749 456 4819 υἱος,
487 4749 584 4801 τοῦ
630 4742 687 4800 δὶ
725 4745 953 4820 Βορίσου
981 4742 1234 4821 ἀδελφὸς,
1269 4748 1492 4819 Συμεὼν
1524 4752 1603 4818 τῷ
1633 4752 1729 4803 τοῦ
1759 4749 1984 4804 πάππου
2018 4749 2244 4822 ὀνόματι
2279 4747 2720 4820 μετονομασθείς·
2755 4748 2812 4802 ὃν
2841 4749 2869 4801 6
2905 4747 3157 4821 βασιλεὺς
3188 4745 3580 4821 ἀποδεξάμενος
3619 4754 3723 4817 τῆς

315 4837 688 4912 προαιρέσεως
720 4833 1004 4910 πατρίκιόν
1031 4855 1089 4889 τε
1116 4841 1251 4907 τιμᾷ
1279 4835 1368 4889 καὶ
1399 4838 1780 4911 πραιπόσιτον,
1811 4839 1899 4892 καὶ
1931 4845 2247 4916 στρατηγεῖν
2276 4837 2540 4910 ἐκπέμπει
2572 4832 2822 4893 Ἀϐύδου.

385 4927 862 5000 Indeimperator
882 4926 952 4981 ad
980 4925 1284 4982 Pernicum
1311 4927 1654 4998 ducit,quod
1687 4929 1964 4986 tuebatur

2145 4929 2376 4985 Ἐκεῖθεν
2411 4927 2438 4981 6
2473 4924 2728 5003 βασιλεὺς
2759 4919 2948 4987 διαϐὰς
2997 4923 3214 5001 ἔρχεται
3260 4925 3396 5001 πρὸς
3443 4925 3535 4980 τὸν
3580 4924 3718 4999 Περ-

1497 5049 1864 5107 XYLANDRI
1904 5053 1996 5110 ET
2035 5053 2254 5109 GOARI
2293 5052 2522 5108 NOTfE.

383 5158 494 5239 (5_6)
519 5162 632 5239 Hoc
659 5155 801 5239 quid
834 5155 931 5224 sit,
967 5155 1243 5239 nondum.
1263 5155 1462 5212 didici.
1485 5158 1631 5239 Quid
1656 5158 1960 5239 si_ali_qu_id

337 5227 898 5296 vréeandiariorum,
929 5245 1076 5300 quos
1108 5227 1281 5283 hodie
1308 5235 1533 5300 vocant.
1578 5230 1771 5286 simile
1802 5227 1959 5288 fuit?

363 5318 511 5374 eque
533 5300 737 5374 nescio
770 5301 804 5356 b
835 5299 962 5374 prof
989 5317 1016 5354 v
1053 5300 1184 5374 poni
1236 5299 1456 5374 solere,
1491 5305 1556 5356 ut
1600 5303 1960 5374 privatarum

311 5371 502 5445 possis
532 5372 902 5444 legere,quod
931 5371 1272 5426 tantundem
1316 5371 1457 5427 mihi
1483 5377 1570 5429 est
1594 5371 1956 5430 notum.XYL.

308 5477 379 5488 -—
410 5449 484 5502 Ut
512 5445 786 5517 comitem
811 5445 1168 5517 privatarum
1193 5461 1384 5499 rerum
1416 5449 1469 5500 et
1503 5446 1814 5517 peculiaris
1837 5447 1961 5502 ﬁsci

307 5517 626 5590 imperator
655 5515 928 5590 habebat,
962 5515 1170 5590 privati
1199 5517 1388 5572 aerarii
1422 5515 1760 5588 praefectum
1795 5520 1957 5574 dein-

309 5585 447 5662 ceps
478 5588 723 5657 dictum,
757 5587 836 5643 ita
867 5591 924 5644 et
951 5585 1207 5644 ecclesiis
1239 5606 1383 5662 suos
1407 5585 1726 5662 curatores,
1761 5590 1958 5662 defen-

313 5657 497 5729 sores,
530 5676 883 5728 mconomos,
915 5665 991 5729 et,
1026 5666 1090 5717 ut
1123 5665 1325 5718 auctor
1373 5661 1655 5733 loquitur,
1699 5657 1960 5737 πριϐατα-

2071 5159 2242 5233 ρίους,
2279 5155 2674 5286 gasophytacii
2706 5155 3004 5228 praesides.
3041 5154 3220 5211 ΟοΑιι.

2139 5233 2250 5286 (571
2328 5248 2451 5286 rius
2484 5243 2650 5283 οουκα
2680 5233 3003 5284 vocaverat.
3039 5228 3215 5284 GOAR.

2161 5225 2250 5300 57')
2279 5225 2451 5286 Prius
2484 5225 2650 5283 δόῦκα
2680 5225 3003 5284 vocaverat.
3039 5228 3215 5284 GOAR.

2159 5299 2251 5371 58)
2283 5301 2548 5373 Κοίμησις
2578 5306 2678 5369 τῆς
2709 5299 2975 5354 Θεοτὸκου
3023 5300 3256 5373 videtur
3300 5313 3436 5373 esse
3471 5299 3723 5373 Assum:

2070 5369 2211 5446 ptio,
2240 5369 2358 5430 "nisi
2386 5369 2606 5446 siquid
2641 5373 2799 5446 aliud
2833 5376 2923 5446 est
2952 5389 2964 5426 :
3001 5389 3114 5427 non
3139 5370 3311 5446 enim
3334 5369 3529 5446 habeo
3561 5371 3718 5446 quod

2069 5441 2380 5502 afﬁrmem.
2415 5441 2552 5503 Vide
2583 5445 2735 5501 infra
2777 5445 2836 5500 in
2887 5444 3094 5500 Ibatzae
3139 5441 3406 5513 historia,
3457 5441 3607 5512 quod
3641 5443 3714 5497 ad

2069 5519 2225 5573 hunc
2273 5518 2466 5576 locum
2515 5514 3328 5590 intelligendum‘taciat.__Es
3383 5532 3495 5570 war
3540 5517 3717 5572 etwa:

2067 5607 2275 5648 amem
2307 5586 2737 5664 kirchveyhineﬂ
2761 5591 2846 5646 nit
2875 5587 3192 5646 unehntich.
3223 5586 3366 5644 XYL.

2139 5233 2155 5385 ξ
