4036 6194
306 356 431 421 189

1454 350 2008 420 HISTORIABUM
2049 350 2595 417 GOMPENDIUM.

312 510 491 557 νικον,
524 488 593 544 οὗ
625 485 799 566 φύλαξ
828 486 896 557 ἦν
937 488 968 544 ὁ
996 491 1264 563 Κρακρᾶς,
1290 486 1429 564 ἀνὴρ
1477 488 1698 563 ἄριστος
1738 486 1808 541 τὰ
1862 504 1963 540 πο-

2082 484 2341 554 Cracras,
2369 486 2459 541 vir
2480 484 2634 543 bello
2675 482 2949 557 sptimus.
3000 481 3084 540 Ibi
3130 498 3262 541 cum
3301 480 3460 540 haud
3510 498 3720 556 parum
3794 486 3803 491 '

315 577 543 651 λεμικά.
579 579 666 635 Ἐν
698 580 744 651 ᾧ
772 577 973 653 χρόνον
1005 577 1103 632 οὐκ
1128 576 1319 653 ὀλίγον
1364 574 1648 651 διατρίψας
1694 576 1783 631 καὶ
1832 572 1965 630 λαὸν

315 668 369 724 ὲν
424 672 495 742 τῇ
549 665 847 743 πολιορκίᾳ
905 667 1005 722 οὐκ
1062 666 1255 741 ὀλίγον
1315 662 1633 735 ἀποϐαλὼν,
1695 667 1769 727 ὡς
1826 664 1967 740 ἔγνω

314 763 563 833 κρεῖττον
628 758 875 833 ὑπάρχον
921 755 1246 829 πολιορκίας
1300 755 1363 811 τὸ
1421 752 1614 829 ἔρυμα,
1646 754 1737 809 καὶ
1794 752 1906 809 οὐδ’
1938 756 1966 811 ὁ

318 851 575 922 Κρακρᾶς
634 846 891 909 θωπείαις
948 845 982 914 ἢ
1037 844 1235 906 ἄλλαις
1298 845 1653 919 ὑποσχίσεσιν
1726 841 1968 916 ἂμαλάσ-

314 956 440 990 σετο
494 935 588 989 καὶ
636 928 1237 1007 ἆπαγγελίαις,μετέϐη
1298 933 1434 1008 πρὸς
1493 929 1964 988 Φιλιππούπολιν.

314 1023 557 1080 Ἐκεῖθέν
589 1044 647 1078 τε
676 1022 886 1094 ἀπάρας
914 1021 1123 1079 ἄπεισιν
1156 1022 1233 1084 εἷς
1263 1019 1857 1077 Κωνσταντινούπολιν.

386 1113 486 1167 Καὶ
544 1112 614 1186 τῇ
674 1113 812 1186 αὐτῇ
871 1110 1188 1185 ἐπινεμήσει
1247 1108 1429 1185 δόγμα
1458 1110 1685 1181 ἐξέθετο,
1714 1109 1808 1173 τὰς
1856 1115 1963 1165 τῶν

311 1200 697 1257 ἆπολωλὸτών
732 1206 1000 1257 ταπεινῶν
1032 1200 1341 1262 συντελείας
1370 1199 1643 1257 τελεῖσθαι
1670 1202 1817 1275 παρὰ
1858 1204 1965 1255 τῶν

306 1288 582 1346 δυνατῶν.
616 1289 1023 1363 Κατωνομάσθη
1076 1287 1134 1345 δὲ
1186 1292 1222 1359 ἡ
1280 1291 1506 1358 τοιαύτη
1565 1288 1809 1360 σύνταξις
1868 1288 1967 1345 ἂλ-

311 1377 622 1454 ληλὲγγυον
659 1382 789 1451 (59).
820 1383 925 1433 Τοῦ
953 1380 1297 1455 πατριάρχου
1330 1376 1387 1433 δὲ
1420 1378 1653 1454 Σεργίου
1688 1379 1778 1434 καὶ
1826 1376 1968 1435 πολ-

311 1466 430 1523 λῶν
489 1468 795 1545 ἀρχιερέων
866 1468 957 1524 καὶ
1032 1469 1282 1539 ἀσκητῶν
1339 1465 1545 1545 ἀνδρῶν
1605 1467 1704 1524 οὐκ
1759 1465 1964 1543 ὀλίγων

311 1555 619 1627 δεηθεντων
672 1556 969 1624 ὶκκοπῆναι
1021 1558 1084 1613 τὸ
1140 1554 1452 1634 παράλογον
1507 1554 1676 1633 ἄχθος
1731 1556 1905 1631 τουτὶ⁹
1936 1557 1966 1613 ὁ

319 1644 580 1719 βασιλεὺς
612 1645 722 1721 οὐχ
747 1646 856 1717 ὑπή
863 1666 1075 1701 κουσεν.

385 1734 586 1811 Ὀγδόη
618 1733 678 1791 δὶ
712 1733 1027 1805 ἶνδικτιῶνι,
1059 1734 1111 1792 ἰν
1144 1734 1249 1791 ἔτει
1287 1754 1470 1811 βφιη,
1503 1738 1532 1791 ὁ
1559 1740 1659 1802 τῆς
1689 1738 1965 1815 Αίγύπτου

2079 579 2359 649 temporis
2389 577 2647 633 trivisset
2674 580 2731 632 et
2760 576 2819 631 in
2847 575 3280 648 oppugnatione
3325 573 3544 630 multos
3573 574 3721 631 ami-

2078 664 2273 731 sisset,
2306 681 2439 719 cum
2473 668 2529 718 et
2555 663 2860 720 castellum
2892 660 3341 734 inexpugnabile
3370 660 3636 726 sentiret,
3670 665 3728 715 et

2078 753 2345 809 Cracram
2378 754 2529 811 456
2562 769 2752 821 neque
2776 752 3129 808 blandiendo
3148 766 3337 822 neque
3360 748 3725 821 pollicitatio-

2077 842 2251 899 nibus
2280 843 2551 915 subigere
2582 845 2798 914 pusset,
2830 842 2899 896 ad
2932 838 3362 912 Philippopolin
3390 836 3723 903 transit,in-

2077 933 2267 1004 deque
2298 932 2357 987 in
2390 934 2593 987 urbem
2626 931 2954 987 revertitur.

2150 1114 2363 1169 Eadem
2385 1110 2701 1167 indictione
2727 1109 2917 1182 legem
2946 1108 3161 1164 tulitut
3185 1106 3522 1180 pensionem
3545 1122 3723 1178 quam

2078 1218 2363 1275 pauperes
2396 1200 2603 1272 perditi
2624 1200 2935 1268 debebant,
2966 1197 3175 1253 divites
3205 1195 3619 1269 persolverent.
3655 1197 3716 1253 Id

2075 1292 2391 1347 vocabatur
2419 1288 2841 1362 Allelengyum.
2872 1289 2941 1343 Et
2972 1286 3315 1359 patriarchae
3343 1284 3539 1356 Sergio
3569 1284 3723 1341 mul-

2077 1381 2273 1453 tisque
2301 1379 2433 1435 aliis
2463 1378 2838 1450 pontificibus
2859 1392 2928 1432 ac
2946 1375 3249 1431 monachis
3268 1373 3722 1446 deprecantibus

2077 1474 2142 1525 ut
2171 1469 2494 1525 absurdum
2526 1465 2635 1523 hoc
2664 1482 2813 1523 onus
2844 1464 3099 1522 subditis
3141 1464 3421 1533 demeret,
3470 1478 3587 1519 non
3617 1462 3724 1519 ob-

2077 1556 2441 1632 temperavit.

2148 1744 2210 1797 In
2238 1738 2493 1796 dictione
2549 1740 2773 1806 octava,
2832 1751 2985 1792 anno
3035 1733 3239 1789 mundi
3288 1732 3451 1800 6518,
3503 1732 3712 1804 Egypt

314 1826 612 1917 κατάρχων
666 1826 898 1917 Ἀζίζ-ιος
957 1822 1069 1917 διςξ.Δ
1105 1825 1300 1901 μικρὰς
1338 1826 1529 1889 αἰτίας
1580 1827 1670 1882 καὶ
1732 1826 1963 1902 μηδενὸς

2083 1832 2351 1903 princeps
2375 1828 2601 1884 Azizius
2629 1828 2702 1883 ob
2744 1825 2927 1882 levem
2974 1840 3214 1879 causam
3262 1827 3322 1879 et
3370 1821 3624 1877 oll‘ensas
3655 1837 3726 1877 ne

318 1912 489 1990 λόγου
544 1915 975 1989 προσκρούματα
1021 1912 1140 1985 ἄξια
1193 1915 1289 1976 τὰς
1332 1916 1469 1989 πρὸς
1506 1916 1810 1989 Ῥωμαίους
1870 1916 1968 1973 λύ-

315 2025 414 2065 σας
476 2000 735 2070 σπονδὰς,
764 2004 859 2058 τόν
912 2024 971 2059 τε
1024 2002 1076 2058 ὲν
1118 2004 1525 2078 Ἰεροσολύμοις
1585 2004 1638 2059 ἐν
1694 2010 1775 2076 τῷ
1819 2007 1975 2084 τάφῳ

316 2097 415 2148 τοῦ
448 2098 712 2169 Σωτῆρος
742 2093 983 2168 Χριστοῦ
1011 2093 1445 2167 ἀνεγηγερμίνον
1475 2092 1797 2157 πολυτελῶς
1828 2096 1970 2150 θεῖον

315 2180 446 2234 ναὸν
470 2180 891 2255 κατεστρέψατο,
922 2179 1013 2233 καὶ
1042 2178 1107 2234 τὰ
1133 2180 1298 2255 εὐαγῆ
1353 2180 1663 2255 ἐλυμήνατο
1699 2184 1973 2255 μυναστή-

318 2290 431 2344 ρια,
464 2268 558 2323 καὶ
586 2268 714 2331 τοὺς
742 2267 796 2324 ἐν
828 2270 1046 2331 τούτοις
1096 2268 1466 2343 ἀσκουμένους
1510 2270 1824 2348 ἁπανταχοῦ
1867 2279 1971 2349 γῆς

316 2356 666 2433 ἰφυγάδευσε.

388 2450 487 2520 Τῷ
542 2445 592 2503 δ’
630 2447 837 2503 ἔπιόντι
893 2442 998 2503 ἔτει
1056 2447 1243 2524 γέγονε
1300 2447 1514 2524 χειμὼν
1546 2449 1969 2525 ἐπαχθὲστατος,

318 2540 393 2601 ὡς
440 2536 1041 2609 ἀποκρυσταλλωθῆναι
1088 2538 1260 2593 πάντα
1316 2540 1562 2611 ποταμὸν
1620 2539 1710 2619 καί
1768 2538 1968 2613 λίμνην

316 2628 409 2681 καὶ
468 2626 634 2696 αὐτὴν
695 2627 795 2695 τὴν
848 2626 1139 2683 θάλασσαν.
1174 2628 1270 2683 Καὶ
1313 2627 1626 2703 Ἰανουαρίῳ
1685 2627 1813 2701 μηνὶ
1868 2635 1968 2699 τῆς

320 2717 491 2782 αὐτῆς
549 2716 925 2788 ὶπινεμήσεως
984 2715 1172 2792 γέγονε
1236 2717 1459 2789 σεισμὸς
1512 2715 1967 2795 φρικωδέστατος,

315 2806 407 2860 καὶ
470 2803 790 2880 διεκράτησε
830 2803 1174 2879 κλονουμένη
1225 2808 1261 2874 ἡ
1310 2808 1379 2881 γῆ
1439 2805 1603 2881 μέχρι
1650 2813 1752 2874 τῆς
1802 2808 1845 2870 θ’
1871 2811 1969 2862 τοῦ

316 2895 568 2971 Μαρτίου
604 2894 794 2967 μηνόςο
840 2892 893 2949 ἰν
926 2892 1090 2967 ταύτῃ
1120 2892 1176 2948 δὲ
1222 2894 1347 2967 περὶ
1398 2895 1627 2965 δεκάτην
1688 2894 1831 2970 ὥραν
1869 2903 1969 2965 τῆς

315 2985 530 3059 ἡμέρας
560 2984 742 3059 γέγονε
770 2982 1014 3058 βρασμὸς
1039 2982 1127 3038 καὶ
1186 2982 1383 3045 κλόνος
1444 2984 1664 3061 φρικτὸς
1719 2985 1856 3040 κατά
1909 3006 1969 3040 τε

320 3074 423 3141 τὴν
459 3070 715 3147 βασιλίδα
743 3073 834 3126 ααὶ
869 3071 921 3127 ἐν
959 3077 1077 3133 τοῖς
1127 3073 1342 3145 θεμασι,
1369 3072 1461 3127 καὶ
1509 3073 1853 3129 πεπτώκασιν
1911 3074 1967 3128 αἱ

314 3167 544 3240 σφαῖραι
565 3166 661 3215 τοῦ
691 3165 820 3215 ναοῦ
867 3164 974 3216 τῶν
1006 3159 1200 3234 Ἀγίων
1248 3162 1656 3236 Τεσσαράκοντα
1710 3162 1799 3217 καὶ
1854 3167 1962 3218 τῶν

311 3225 519 3327 ’θίγίων
574 3249 819 3308 Πάντων
880 3248 943 3311 ἃς
1002 3250 1030 3303 ὁ
1081 3223 1345 3324 ’βασιλεὺς
1403 3223 1560 3315 εὐθὺς
1610 3250 1961 3323 ἀνεκτήσατο.
1992 3223 2037 3290 C

308 3345 490 3395 Ταῦτα
547 3336 605 3394 δὲ
656 3339 972 3413 προεμήνυε
1017 3338 1115 3406 τὴν
1177 3338 1312 3411 μετὰ
1356 3342 1523 3394 ταῦτα
1552 3339 1849 3414 γενομένην
1910 3339 1964 3396 ἐν

308 3428 526 3500 Ἰταλίᾳ
583 3428 786 3484 στάσιν.
831 3426 1101 3498 Δυνάστης
1157 3426 1261 3502 γάρ
1318 3449 1402 3489 τις
1456 3432 1564 3482 τῶν
1607 3427 1837 3483 ὶποίκων
1866 3436 1968 3499 τῆς

309 3518 557 3592 Βάρεως,
606 3514 852 3590 τοῦνομα
900 3513 1111 3587 Μέλης,
1160 3516 1475 3591 παραθήξας
1521 3517 1614 3571 τὸν
1664 3516 1715 3572 ὲν
1766 3526 1966 3595 Λογγι-

310 3606 516 3683 ϐαρδίᾳ
562 3608 691 3664 λαὸν
738 3605 888 3663 ὅπλα
932 3608 1069 3663 κατὰ
1098 3606 1385 3681 Ῥωμαίων
1418 3606 1579 3682 αἶρει.
1614 3608 1716 3665 Καὶ
1748 3609 1775 3664 ὁ
1810 3610 1969 3686 βασι-

312 3698 445 3761 λεὺς
509 3696 790 3755 Βασίλειον
859 3695 1124 3770 ἐκπέμπει
1196 3697 1288 3751 τὸν
1340 3697 1598 3773 Ἀργυρὸν
1668 3700 1968 3776 στρατηγὸν

307 3784 448 3843 ὅντα
475 3794 580 3855 τῆς
613 3786 820 3859 Σάμου,
853 3784 943 3840 καὶ
973 3786 1065 3840 τὸν
1117 3782 1409 3861 λεγόμενον
1442 3786 1818 3843 Κοντολὲοντα
1870 3796 1970 3858 τῆς

312 3875 662 3954 Κεφαληνίας
713 3877 1136 3949 στρατηγοῦντα,
1186 3873 1271 3928 ἐπὶ
1330 3878 1410 3945 τῷ
1455 3881 1787 3944 καταστῆσαι
1842 3878 1972 3931 Ῥω-

2082 1921 2247 1978 relati
2279 1920 2513 1990 quidem
2544 1917 2755 1989 dignas
2784 1914 2997 1971 {uadere
3028 1914 3184 1986 quod
3202 1912 3253 1969 ei
3283 1927 3418 1969 cum
3447 1910 3729 1967 Romanis

2079 2016 2207 2067 erat
2234 2012 2492 2081 rupto,et
2517 2006 2803 2077 templum
2838 2001 3254 2074 Hierosolymis
3280 2001 3353 2057 ad
3388 1999 3725 2073 sepulcrum

2082 2099 2293 2157 Christi
2325 2095 2841 2169 sumptuosissime
2861 2093 3165 2149 conditum
3188 2090 3479 2159 evertit,et
3503 2089 3733 2161 religio-

2081 2205 2147 2244 sa
2178 2186 2433 2260 perdidit
2461 2182 2838 2253 monasteria,
2866 2187 2924 2237 et
2954 2180 3050 2253 qui
3082 2181 3140 2235 in
3168 2178 3243 2234 iis
3275 2178 3382 2251 piae
3406 2177 3539 2233 vita
3569 2192 3732 2233 exer-

2082 2275 2458 2333 citationibus
2477 2278 2645 2329 erant
2675 2270 2876 2341 dediti,
2910 2286 3007 2327 eos
3041 2285 3142 2341 per
3172 2284 3375 2325 omnes
3420 2271 3610 2324 terras
3632 2282 3728 2323 ex-

2079 2369 2267 2421 torres
2298 2364 2437 2435 egit.

2150 2456 2313 2509 Anno
2342 2450 2673 2524 insequenti
2704 2449 2893 2505 hiems
2923 2447 3037 2503 fuit
3064 2445 3576 2519 gravissima,qua
3600 2460 3727 2500 om-

2080 2560 2184 2599 nes
2214 2542 2420 2598 fluvios
2453 2540 2697 2613 paludes
2728 2538 3043 2611 ipsumque
3064 2551 3224 2591 mare
3244 2534 3304 2590 in
3326 2533 3574 2607 glaciem
3598 2550 3725 2590 coe-

2079 2632 2183 2704 git.
2220 2632 2415 2688 Mense
2443 2628 2721 2685 Januario
2758 2627 3027 2699 ejusdem
3070 2624 3411 2681 indictionis
3458 2623 3728 2696 apprime

2078 2721 2407 2778 horrendus
2439 2719 2548 2775 fuit
2576 2723 2741 2774 terra:
2776 2725 2990 2786 motus,
3022 2715 3121 2787 qui
3158 2714 3389 2769 duravit
3418 2730 3606 2784 usque
3652 2713 3725 2768 ad

2078 2827 2298 2866 nonum
2334 2809 2523 2865 Martii
2553 2807 2732 2862 diem.
2767 2807 2904 2874 Ejus
2948 2804 3105 2859 enim
3151 2802 3265 2859 diei
3315 2802 3459 2858 hora
3496 2801 3725 2857 decima

2076 2900 2273 2971 fragor
2300 2899 2409 2953 fuit
2438 2902 2493 2953 et
2524 2895 2829 2953 concussio
2859 2892 3142 2949 terribilis
3189 2896 3247 2947 et
3278 2892 3338 2947 in
3386 2891 3531 2947 urbe
3574 2894 3631 2944 et
3659 2889 3721 2945 in

2074 2987 2426 3061 provinciis;
2461 3004 2527 3042 ac
2558 2988 2903 3041 corruerunt
2947 2983 3187 3055 sphaerae
3232 2980 3437 3054 templi
3483 2982 3721 3036 Sancto-

2074 3093 2201 3133 rum
2230 3079 2299 3131 40
2326 3082 2385 3132 et
2404 3075 2606 3147 templi
2630 3074 2901 3131 Omnium
2926 3073 3455 3137 Sanctorum.0uas
3474 3070 3722 3141 impera-

2072 3171 2166 3223 tor
2196 3166 2392 3222 statim
2433 3163 2801 3220 inslauravit.
2838 3163 2962 3216 Haec
3013 3162 3251 3215 fuerunt
3282 3159 3464 3214 Italici
3523 3162 3721 3213 motus

2075 3251 2540 3327 praeviaindicia.
2568 3251 2813 3315 Quidam
2863 3248 3018 3304 enim
3068 3247 3149 3302 vi!
3196 3251 3426 3318 potens,
3472 3260 3625 3300 unus
3651 3244 3722 3299 de

2077 3344 2223 3401 451
2262 3341 2333 3397 iis
2364 3340 2463 3412 qui
2494 3339 2659 3395 Barin
2690 3336 3046 3403 incolebant,
3081 3334 3315 3390 nomine
3346 3333 3546 3401 Meles,
3579 3348 3723 3387 con—

2076 3432 2269 3490 citatis
2300 3428 2683 3501 Lengibardis
2721 3444 2885 3483 arma
2932 3429 3137 3481 contra
3193 3423 3489 3479 Romanos
3520 3421 3719 3477 movit.

2075 3521 2340 3591 Cumque
2371 3519 2689 3589 imperator
2732 3516 3011 3572 adversus
3044 3513 3201 3568 hunc
3248 3511 3510 3566 misisset
3554 3508 3722 3564 Basi-

2076 3609 2218 3666 lium
2252 3615 2538 3681 Argyrum
2573 3604 2731 3661 Sami
2771 3609 2827 3660 et
2874 3602 3285 3660 Contoleonem
3338 3596 3721 3670 Cephallenia:

2077 3700 2402 3773 praefectos,
2443 3694 2621 3752 Meles
2655 3693 2868 3750 illustri
2922 3710 3020 3749 eos
3065 3689 3262 3764 prmlio
3310 3688 3469 3755 vicit,
3522 3684 3725 3743 multis

2078 3790 2264 3857 caesis,
2296 3787 2452 3843 haud
2478 3785 2680 3858 paucis
2706 3780 3171 3856 captis,reliquis
3201 3778 3361 3851 turpi
3391 3778 3530 3851 fuga
3547 3775 3724 3832 vitam

2077 3879 2304 3933 tutetis.

315 3951 508 4037 μαίοις
567 3963 633 4017 τὰ
681 3962 991 4039 πράγματα’
1028 3965 1107 4036 [Ρ.
1140 3966 1269 4035 707]
1321 3964 1400 4025 οἷς
1457 3963 2019 4041 ἀντιπαραταξάμενος
2050 3967 2077 4022 ὁ
2107 3963 2294 4035 Μέλης
2349 3962 2533 4040 τρέπει
2593 3960 2886 4037 λαμπρῶς,
2917 3957 3144 4014 πολλῶν
3202 3955 3592 4027 πεπτωκότων,
3625 3951 3726 4008 οὒκ

315 4054 526 4127 ὀλίγων
559 4050 616 4107 δὲ
644 4051 733 4107 καὶ
757 4052 1175 4127 ζωγρηθέντων,
1204 4056 1311 4107 τῶν
1346 4050 1404 4107 δὲ
1432 4050 1645 4108 λοιπῶν
1671 4055 1771 4124 τήν
1806 4052 1894 4110 διὰ
1922 4063 2099 4133 φυγῆς
2130 4054 2426 4129 ἀσχήμονα
2453 4051 2855 4129 προκρινάντων
2891 4050 3057 4119 ζωήν.

381 4144 448 4199 Ὁ
498 4139 556 4195 δὶ
607 4140 859 4215 βασιλεὺς
908 4139 972 4194 οὐ
1019 4137 1234 4195 διίλιπε
1280 4143 1401 4196 καθ’
1448 4139 1671 4198 ἕκαστον
1728 4142 1966 4199 ἐνιαυτὸν

313 4227 502 4283 εἰσιὼν
552 4227 606 4282 ἐν
657 4224 965 4302 Βουλγαρίᾳ
1019 4228 1111 4281 καὶ
1166 4232 1233 4282 τὰ
1285 4227 1336 4283 ἰν
1364 4230 1493 4284 ποσὶ
1522 4229 1719 4305 κείρων
1764 4252 1823 4285 τε
1876 4231 1965 4286 καὶ

311 4315 488 4392 δῃῶν.
518 4317 576 4369 '0
634 4314 908 4387 Σαμουὴλ
967 4312 1024 4370 δὶ
1088 4317 1163 4390 μὴ
1224 4314 1521 4391 δυνάμενος
1547 4324 1657 4374 τῶν
1691 4319 1962 4395 ὑπαίθρων

309 4406 712 4469 ἀντιποιεῖσθαι
772 4400 914 4476 μηδὲ
970 4404 1106 4478 πρὸς
1152 4402 1366 4483 ἕμφανῆ
1430 4407 1614 4483 μάχην
1654 4407 1964 4480 ἀντιστῆναι

309 4495 390 4566 τῷ
427 4490 670 4569 βασιλεῖ,
703 4488 851 4546 ἀλλὰ
891 4492 1148 4555 πάντοθεν
1203 4494 1537 4566 θραυόμενος
1581 4495 1667 4551 καὶ
1722 4498 1822 4567 τὴν
1883 4499 1964 4552 οἰ-

310 4583 461 4639 κείαν
497 4582 677 4654 ἀκμήν
732 4576 1093 4647 ἀποϐάλλων,
1125 4577 1263 4655 ἔγνω
1311 4582 1535 4659 τάφροις
1578 4585 1666 4639 καὶ
1725 4592 1966 4663 θριγγοῖς
1996 4574 2044 4640 D

308 4671 641 4747 ἐπιτειχίσαι
690 4668 871 4742 τούτῳ
913 4670 1017 4738 τὴν
1061 4670 1137 4733 εἰς
1183 4671 1286 4740 τήν
1333 4669 1673 4748 Βουλγαρίαν
1731 4674 1961 4734 εἴσοδον.

309 4759 491 4822 Εἷὸὼς
523 4758 614 4815 οὗν
647 4759 722 4821 ὡς
755 4756 877 4823 ἔθος
908 4754 990 4812 ἀεῖ
1021 4762 1100 4830 τῷ
1135 4756 1352 4833 βασιλεῖ
1395 4757 1485 4815 διὰ
1523 4766 1620 4816 τοῦ
1668 4760 1962 4837 λεγομένου

308 4844 496 4922 Κίμϐα
541 4849 754 4922 Λόγγου
797 4846 889 4901 καὶ
936 4850 1034 4901 τοῦ
1080 4844 1336 4903 Κλειδίου
1391 4852 1663 4906 ποιεῖσθαι
1720 4853 1817 4915 τὰς
1879 4851 1964 4908 δι-

307 4936 574 5002 ελεύσεις,
603 4937 809 5005 ταύτην
839 4932 979 5009 ἔγνω
1007 4936 1107 5003 τήν
1137 4932 1451 5011 δυσχωρίαν
1500 4938 1826 5015 ἐπιτειχίσαι
1871 4943 1963 4996 καὶ

301 5031 381 5099 τῷ
408 5023 629 5100 βασιλεῖ
685 5022 1012 5079 ἀποκλεῖσα.
1067 5024 1168 5092 τὴν
1236 5022 1469 5085 εἷ’σοδον.
1538 5030 1796 5104 Φραγμὸν
1872 5030 1964 5085 οὖν

308 5111 704 5189 δομησάμενος
733 5112 811 5175 είς
867 5112 1023 5189 εὖρος
1075 5110 1243 5183 πολὺ,
1273 5115 1364 5169 καὶ
1421 5112 1663 5193 φύλακας
1712 5116 1763 5173 ἐν
1822 5117 1969 5192 αὐτῷ

2149 4146 2326 4201 Porro
2357 4143 2946 4213 Basiliusimperator
2967 4138 3283 4212 quotannis
3306 4136 3366 4192 in
3390 4133 3722 4207 Bulgariam

2073 4234 2500 4305 expeditionem
2537 4232 2782 4286 faciebat
2800 4234 2857 4285 et
2877 4230 3047 4285 obvia
3064 4242 3311 4299 quisque
3334 4225 3726 4297 populabatur

2075 4339 2141 4379 ac
2171 4323 2455 4378 vastabat.
2489 4322 2623 4377 Ideo
2653 4318 2966 4376 Samuelus
3005 4322 3197 4374 castra
3244 4316 3355 4370 sub
3405 4315 3501 4369 dio
3533 4313 3722 4367 locare

2075 4416 2175 4467 aut
2203 4415 2402 4480 aperto
2432 4407 2629 4482 prmlio
2659 4421 3004 4463 concurrere
3034 4421 3147 4461 non
3182 4403 3425 4472 audens,
3458 4401 3720 4472 undique

2074 4500 2290 4555 attritis
2319 4498 2543 4554 viribus
2574 4496 2910 4567 amissoque
2940 4495 3134 4567 vigore
3161 4509 3291 4560 suo,
3317 4491 3526 4548 statuit
3547 4490 3718 4547 fossis

2076 4606 2142 4645 ac
2172 4589 2353 4659 septis
2384 4587 2553 4642 factis
2581 4602 2718 4640 eum
2775 4585 3042 4656 ingressu
3078 4582 3360 4653 Bulgaria,
3385 4579 3715 4637 excludere.

2074 4678 2142 4733 Et
2173 4677 2310 4749 quia
2339 4680 2509 4731 norat
2540 4675 2726 4731 solere
2757 4690 2887 4728 eum
2923 4690 3027 4745 per
3055 4672 3322 4728 Cimbam
3368 4671 3632 4741 Longum
3663 4672 3722 4723 et

2072 4766 2350 4823 Cleidium
2385 4764 2934 4836 intrare,angustias
2956 4762 3090 4818 illas
3108 4766 3273 4834 septo
3306 4760 3422 4817 late
3442 4759 3720 4832 producto

2075 4857 2266 4913 munit
2296 4859 2474 4927 atque
2504 4853 3112 4925 intercipit,justoque
3142 4851 3339 4907 firmat
3368 4848 3722 4923 praesidio,et

2074 4947 2158 5001 sic
2189 4946 2599 5014 imperatorem
2624 4942 3226 5013 operitur.Postquam
3248 4956 3315 4996 eo
3346 4938 3504 4994 venit
3529 4938 3721 5009 impe-

2075 5039 2235 5089 rator
2262 5039 2319 5088 et
2347 5032 2567 5087 intrare
2596 5035 2684 5086 est
2714 5034 2982 5101 conatus,
3034 5029 3259 5084 fortiter
3303 5044 3439 5084 eum
3482 5042 3723 5083 arcuere

2076 5123 2375 5188 custodes,
2390 5137 2489 5176 eos
2502 5119 2603 5193 qui
2616 5119 2668 5175 vi
2683 5124 2987 5193 penetrare
3000 5116 3720 5190 niterenturdesuperiore

1469 5243 1843 5303 XYLANDRI
1880 5250 1973 5305 ET
2009 5248 2232 5307 GOARI
2268 5248 2503 5305 NOT/E.

528 5343 590 5429 lu
622 5341 908 5429 margine.
938 5341 1212 5429 librarius
1256 5338 1300 5395 ὣ
1349 5347 1447 5429 τῆς
1482 5342 1800 5429 θαυμαστῆς
1845 5341 1964 5398 ἐπι-

305 5414 1217 5494 νοίαςιηῡιιᾳεγείίιιθοιοι-Ιιαρθῃῐ
1264 5416 1416 5494 quod
1447 5417 1539 5494 ad
1584 5414 1963 5494 Scripturam,

306 5487 512 5542 mirari
545 5487 778 5542 videtur
803 5485 1123 5542 exactionis
1159 5491 1278 5541 tam
1325 5485 1601 5541 subtilem
1653 5485 1962 5546 rationem.

305 5572 430 5627 qua
454 5556 631 5629 etiam
653 5574 757 5629 pro
779 5558 851 5629 iis
870 5558 1184 5629 satisfieret
1205 5557 1303 5629 qui
1336 5561 1676 5629 paupertate
1705 5564 1965 5617 extrema

308 5626 578 5702 etrebus
600 5626 844 5702 perditis
872 5626 1302 5702 impedirentur
1321 5626 1615 5702 autetiam
1639 5629 1722 5687 ita
1744 5633 1961 5689 mortui

305 5700 533 5758 solvere
563 5700 1013 5773 nequirentsed
1038 5700 1323 5758 Basilium
1355 5700 1467 5757 hoc
1497 5717 1614 5759 non
1643 5702 1957 5776 invenisse,

2075 5364 2143 5404 ex
2171 5345 2491 5402 Justiniani
2524 5345 2767 5402 historia
2796 5344 3117 5417 liquet.7Ne
3166 5361 3231 5400 eo
3274 5343 3512 5417 quidem
3534 5341 3721 5417 lecto-

2075 5436 2198 5474 rem
2229 5418 2609 5482 defraudabo,
2642 5419 2795 5489 quod
2838 5415 3122 5474 adscribit
3170 5415 3323 5484 mox,
3369 5416 3467 5471 ubi
3506 5415 3719 5489 Δἀοριξθτ

2073 5494 2302 5572 ραιοτελε
2334 5489 2626 5572 pentiﬁcis
2654 5484 2946 5572 repulsam
2972 5488 3131 5572 passi
3153 5489 3474 5572 dicuntur;
3505 5484 3660 5543 Ἀλλ’
3692 5486 3720 5540 ὁ

2073 5560 2203 5636 ἰμρς
2256 5555 2832 5636 βασιλεὺςιςισαάκιος
2888 5560 2916 5614 ὁ
2969 5555 3227 5636 ᾇγγελος-
3265 5555 3499 5636 μηδενὸς
3551 5576 3719 5636 παρα-

2070 5628 2636 5711 καλέσαντοςλτολλᾲ
2664 5637 2793 5711 τῶν-
2820 5628 3147 5711 παραλόγων
3203 5628 3382 5707 βαρῶν
3438 5636 3536 5702 τῆς
3585 5628 3719 5684 Ῥω-

2073 5705 2246 5777 μαίων
2280 5711 2385 5780 γῆς
2411 5702 2724 5779 ἰξετίναξεν.
2755 5706 2887 5765 Χιί..
