4036 6194
320 337 431 403 ιοι

1671 344 1991 409 GEORGII
2034 343 2378 408 CEDRENI

3621 346 3748 408 192

348 492 453 533 oco
483 474 759 535 ferientes
796 480 972 552 atque
1017 476 1409 552 vqlnersntes.
1460 478 1543 536 lbi
1598 478 1669 536 de
1721 478 1971 535 transitu

2114 478 2438 551 ιξιοπρεπεῖς
2523 474 2816 547 έπιοτήσας
2854 520 2868 547 ,
2924 474 3221 553 προσέμενε
3292 478 3384 533 τὸν
3469 475 3742 554 βασιλέα.

330 567 736 637 desperantem
761 569 886 638 jam
914 569 1325 639 imperatorem
1354 570 1708 641 Nicephorus
1728 567 1976 640 Xiphias

331 655 754 728 PhilippOpolis
784 661 907 712 tum
942 660 1248 729 praefectus
1281 663 1479 713 monet
1508 663 1571 713 ut
1605 659 1727 714 loco
1761 674 1827 714 eo
1859 676 1980 714 ma-

331 749 486 811 neat,
520 750 873 819 septumque
903 746 1048 802 illud
1081 763 1421 820 oppugnare
1458 747 1826 803 continenter
1850 764 1977 818 per-

332 838 432 904 gat
466 851 478 890 :
512 849 575 890 se
606 834 717 891 alio
749 835 1069 904 abiturum,
1103 852 1461 908 cperamque
1507 836 1661 894 458
1702 838 1976 891 daturum

334 924 666 979 utsalutare
683 924 902 994 aliquid
927 924 1342 980 conficiat.Hoo
1363 926 1537 980 modo
1560 942 1619 980 re
1636 927 1981 997 composita,

334 1026 466 1066 cum
499 1012 623 1067 suis
656 1017 909 1067 montem
945 1014 1013 1068 ad
1049 1014 1352 1069 meridiem
1397 1014 1673 1070 claustris
1724 1015 1794 1069 iis
1826 1014 1986 1084 obje-

334 1103 494 1155 ctum
526 1100 939 1170 celsissimum,
973 1102 1063 1157 cui
1110 1102 1444 1159 Balathistaa
1491 1119 1725 1173 nomen,
1755 1103 1987 1175 magnis

333 1188 647 1244 itineribus
676 1189 885 1245 circuit
914 1215 928 1257 ;
960 1195 1016 1247 et
1042 1192 1112 1245 29
1143 1192 1237 1247 die
1265 1191 1428 1263 Julii,
1464 1192 1781 1248 indictione
1810 1194 1895 1258 12,
1918 1192 1989 1247 de

333 1277 633 1347 superiore
662 1277 787 1333 loco
818 1280 1015 1335 subito
1036 1280 1257 1348 ingenti
1279 1298 1413 1336 cum
1437 1282 1682 1352 strepitu
1709 1284 1990 1351 Bulgaros

334 1382 368 1420 a
397 1374 556 1438 tergo
586 1368 989 1434 adorttur.Qui
1019 1385 1152 1425 cum
1178 1386 1238 1425 re
1260 1372 1556 1442 insperata
1586 1370 1876 1442 perterriti
1906 1372 1993 1424 fu-

333 1457 556 1527 gerent,
609 1454 931 1525 imperator
990 1458 1399 1515 defensoribus
1445 1475 1695 1515 vacuum
1760 1462 1991 1530 septum

334 1542 516 1597 diruit
546 1560 612 1599 ac
645 1544 938 1615 fugientes
967 1545 1321 1618 insequitur.
1370 1548 1535 1603 Multi
1589 1552 1720 1604 tum
1753 1546 1993 1619 Bulgari

338 1630 537 1698 occisi,
591 1633 775 1689 multo
827 1634 1024 1705 plures
1070 1637 1245 1707 capti.
1298 1639 1425 1708 Ipse
1478 1636 1795 1693 Samuelus
1845 1653 1996 1707 (egre

341 1721 528 1776 evasit
556 1721 659 1775 filii
688 1739 887 1793 opera,
930 1723 1223 1781 irruentes
1269 1726 1500 1782 fortiter
1549 1725 1867 1796 repellente
1896 1741 1997 1797 pa-

2087 566 2449 644 Ἀφικομένου
2508 565 2565 621 δὲ
2620 567 2711 621 καὶ
2774 565 2975 621 τούτου
3051 567 3140 622 καὶ
3227 566 3743 644 ἀποπειρασαμόνου

2085 660 2185 724 τῆς
2240 651 2476 723 εῒσόδου,
2528 654 2745 729 ἐπείπερ
2805 655 3057 731 ἀντεῖχον
3100 657 3362 731 γενναίως
3420 657 3471 710 οἳ
3529 654 3744 735 φυλάσ-

2090 764 2274 805 σοντες
2330 744 2418 799 καὶ
2473 742 2602 806 τοὺς
2666 744 3023 820 βιαζομένους
3052 743 3102 818 ἐξ
3136 743 3460 818 ὑπερδεξίων
3504 745 3741 821 ἀνῃρουν

2096 830 2390 909 βάλλοντες
2420 832 2510 888 καὶ
2538 834 2949 908 τιτρώσκοντες,
2983 837 3073 890 καὶ
3127 832 3237 905 ἤδη
3296 833 3609 910 ἀπέγνωστο
3662 839 3747 907 τῷ

2097 920 2313 997 βασιλεῖ
2343 924 2378 991 ἠ
2412 916 2679 990 διάϐασις,
2715 922 3034 999 Νικηφόρος
3064 925 3092 977 6
3122 922 3324 1001 Ξιφίας
3376 930 3479 992 τῆς
3531 922 3747 979 Φιλιπ-

2093 1010 2417 1072 πουπόλεως
2446 1011 2568 1066 τότε
2598 1016 2918 1087 στρατηγῶν
2950 1016 3028 1085 τῷ
3056 1010 3273 1086 βασιλεῖ
3328 1012 3749 1085 συνταξάμενος,

2094 1098 2184 1155 καὶ
2239 1098 2398 1155 αὑτὸν
2455 1100 2550 1173 μὶν
2605 1101 2928 1176 προσμένειν
2996 1103 3083 1157 καὶ
3146 1106 3392 1177 συνεχεῖς
3436 1097 3758 1175 προσϐολὰς

2095 1193 2175 1261 τῷ
2206 1185 2401 1260 δέματι
2429 1190 2699 1244 ποιεῖσθαι
2758 1192 3159 1266 παρεγγυήσας,
3191 1189 3354 1254 αὐτὸς
3410 1188 3468 1245 δὲ
3531 1191 3756 1246 ἀπιέναι

2100 1280 2298 1351 φήσας,
2331 1274 2384 1332 εἷ’
2424 1298 2541 1339 πως
2599 1274 2855 1348 δυνηθείη
2916 1275 3200 1341 λυσιτελές
3246 1297 3299 1332 τι
3358 1275 3759 1351 διαπράξασθαι

2100 1367 2191 1421 καὶ
2222 1368 2517 1442 σωτήριον,
2547 1365 2637 1421 τὸν
2666 1367 2791 1443 περὶ
2823 1366 2982 1422 αὑτὸν
3016 1365 3263 1442 εἰληφὼς
3305 1365 3437 1422 λαὸν
3492 1368 3761 1444 ὑποστρέ·

2103 1476 2212 1531 φει,
2244 1453 2335 1509 καὶ
2392 1452 2743 1531 περιοδεύσας
2791 1455 2855 1511 τὸ
2910 1455 3047 1531 πρὸς
3110 1450 3456 1531 μεσημϐρίαν
3506 1456 3765 1530 κείμενον

2100 1549 2199 1600 τοῦ
2256 1541 2509 1599 Κλειδίου
2573 1543 2917 1618 ὑψηλότατον
2985 1539 3137 1620 ὄρος,
3168 1544 3197 1599 ’ὀ
3247 1544 3579 1609 Βαλαθίσταν
3625 1565 3761 1600 κατ-

2106 1634 2458 1706 ονομάζουσι,
2488 1632 2578 1687 καὶ
2616 1632 3014 1709 τραχυπορίαις
3053 1632 3145 1688 καὶ
3187 1630 3429 1697 ἀνοδίαις
3475 1632 3761 1709 χρησάμε-

2105 1743 2217 1792 νος,
2248 1723 2329 1777 κθ’
2357 1726 2454 1777 τοῦ
2511 1721 2747 1777 Ἰουλίου
2810 1722 3001 1795 μηνὸς,
3033 1721 3348 1796 έπινεμήσει
3412 1722 3501 1798 ιβ’.
3548 1719 3756 1785 ἄνωθεν

338 1812 609 1880 tremque
630 1826 780 1882 equo
798 1812 1143 1884 impositum
1162 1814 1222 1868 in
1250 1813 1557 1869 castellum
1584 1814 1879 1886 Prilapum
1904 1813 2000 1869 ab-

2114 1810 2363 1886 έξαίφνης
2424 1811 2537 1883 μετ’
2595 1808 2930 1885 ἀλαλαγμοῦ
2985 1809 3077 1865 καὶ
3133 1807 3337 1866 δούπου
3400 1808 3536 1865 κατᾶ
3579 1809 3761 1866 νώτου

2148 1901 2159 1915 .
2422 1904 2449 1915 ..
2569 1905 2601 1915 ..
2677 1896 2696 1915 κ
2771 1900 2781 1915 .
3038 1900 3052 1915 .
3120 1897 3162 1915 μ
3266 1903 3294 1915 ..
3371 1898 3385 1915 .
3545 1896 3569 1915 ι.
3663 1901 3675 1915 ,

337 1897 608 1954 ducente.
642 1900 896 1971 Captivis
927 1902 1220 1974 Bulgaria,
1255 1902 1353 1974 qui
1387 1902 1571 1959 fuisse
1613 1904 1685 1959 ad
1720 1904 1786 1957 15
1817 1902 2002 1959 millia

2114 1901 2307 1976 γίνεται
2381 1904 2490 1955 τῶν
2566 1896 2897 1975 Βουλγάρων
2934 1919 2946 1932 ·
3007 1900 3059 1954 οἱ
3117 1897 3175 1954 δὲ
3228 1903 3307 1972 τῷ
3360 1896 3765 1974 ἀπροσδοκήτῳ

335 1987 843 2053 teruntur,oculus
872 1989 1191 2061 imperator
1220 1990 1775 2063 eruit,singulisque
1797 1998 1999 2046 centu-

336 2075 443 2130 riis
476 2078 797 2133 unoculum
829 2081 1276 2151 praeﬁcit,atque
1306 2081 1400 2137 his
1433 2080 1782 2136 ductoribus
1805 2097 1905 2135 eos
1928 2080 1998 2135 ad

344 2164 681 2222 Samuelum
709 2168 1074 2236 mittit.Quos
1095 2170 1408 2225 Samuelus
1430 2170 1542 2225 isto
1566 2186 1811 2226 numero
1829 2173 2002 2240 atque

348 2255 552 2310 ordine
583 2256 781 2312 venire
822 2257 1027 2314 videns
1076 2258 1259 2315 animi
1309 2260 1378 2314 ad
1429 2258 1817 2315 calamitatem
1872 2274 2001 2315 eam

347 2343 574 2398 fortiter
604 2345 897 2401 ferendam
931 2364 1045 2402 non
1077 2348 1283 2403 habuit
1311 2348 1479 2417 satis,
1511 2349 1611 2403 sed
1645 2348 1853 2403 oborta
1881 2365 2005 2403 ver-

347 2430 535 2503 tigine
564 2433 932 2490 exanimatus
962 2435 1021 2489 in
1056 2439 1273 2491 terram
1323 2437 1562 2491 corruit.
1607 2437 1774 2507 Aqua
1804 2440 2001 2490 autem

347 2524 402 2576 et
424 2522 741 2592 unguentis
760 2539 792 2576 a
810 2524 1195 2593 praesentibus
1217 2529 1515 2596 utcunque
1541 2529 2002 2589 recreatus,cum

349 2625 477 2665 sese
508 2609 944 2682 aliquantulum
979 2612 1329 2686 collegisset,
1361 2614 1580 2686 frigidas
1604 2614 1879 2669 haustum
1907 2630 2003 2684 pe-

351 2698 486 2768 tiit;
520 2716 775 2772 cumque
804 2702 1069 2772 bibisset,
1103 2704 1439 2773 cardiagmo
1481 2707 1783 2772 correptus
1826 2702 2004 2757 biduo

353 2793 487 2858 post
538 2789 702 2845 obiit.
755 2790 1054 2846 Successit
1100 2791 1153 2846 ei
1208 2790 1366 2847 {ilius
1418 2791 1748 2857 Gabrielus,
1801 2789 1901 2861 qui
1952 2794 2009 2845 et

352 2879 652 2933 Romanus
684 2878 1007 2949 dicebatur,
1039 2884 1204 2951 patre
1236 2879 1532 2935 robustior
1561 2879 1679 2946 ille,
1734 2878 1831 2935 sed
1866 2895 2005 2951 pru-

356 2965 554 3022 dentia
579 2966 749 3039 longe
777 2967 1038 3035 inferior,
1072 2974 1245 3025 natus
1277 2968 1503 3040 captiva
1546 2969 1698 3026 459
1749 2969 2005 3039 quadam

358 3054 653 3111 Larissam.
674 3055 811 3111 lniit
824 3056 1053 3112 decima
1074 3074 1107 3129 q
1119 3058 1281 3113 uinta
1297 3058 1529 3129 Septem
1538 3057 1787 3123 bris,ind
1798 3058 2006 3113 ictione

354 3144 581 3199 decima
608 3145 1067 3215 tertia.Cumque
1097 3148 1358 3201 nondum
1393 3148 1687 3217 integrum
1721 3146 2006 3217 imperas-

2106 1986 2543 2062 καταπλαγέντες
2601 1991 2893 2063 τρέπονται
2950 1990 3090 2063 πρὸς
3136 1991 3334 2066 φυγήν.
3368 1989 3469 2045 Καὶ
3522 1989 3552 2043 6
3605 1990 3763 2065 βασι-

2111 2077 2242 2140 λεὺς
2276 2078 2519 2151 μονωθὲν
2561 2074 2851 2154 διαρρήξας
2902 2078 2964 2132 τὸ
3011 2082 3199 2154 τεῖχος
3248 2074 3490 2133 ἐδίωκεν.
3531 2079 3768 2134 ¹Ἐπεσον

2109 2166 2200 2223 οῦν
2233 2164 2576 2236 πολλοὶ,καὶ
2621 2164 2820 2239 πολλῷ
2866 2166 3091 2229 πλείους
3141 2166 3406 2237 ἑάλωσαν,
3452 2164 3619 2241 μόλις
3667 2171 3771 2222 τοῦ

2112 2254 2381 2330 Σαμουὴλ
2432 2253 2716 2331 διαφυγεῖν
2769 2252 3093 2327 δυνηθέντος
3145 2257 3237 2313 τὸν
3276 2253 3520 2311 κίνδυνον
3581 2277 3773 2331 συνερ-

2110 2345 2201 2422 γίᾳ
2226 2349 2322 2399 τοῦ
2354 2342 2496 2400 ἰδίου
2538 2345 2658 2399 υἱοῦ
2714 2344 2976 2419 γενναίως
3027 2344 3155 2407 τοὺς
3209 2344 3461 2408 ἐπιόντας
3511 2343 3769 2416 ὑποδεεαο

2114 2439 2301 2508 μένου,
2350 2432 2441 2488 καί
2493 2431 2651 2506 ἵππῳ
2699 2436 2891 2489 τοῦτον
2952 2429 3369 2499 ἐπιϐιϐάσαντος
3423 2434 3515 2490 καὶ
3565 2433 3643 2497 εἷς
3702 2436 3769 2491 τὸ

2113 2522 2408 2599 λεγόμενον
2463 2523 2743 2599 Πρίλαπον
2803 2522 2867 2578 τὸ
2934 2522 3197 2601 φρούριον
3258 2525 3655 2600 ἀπαγαγόντος.
3704 2526 3769 2582 Ὁ

2115 2610 2173 2667 δὲ
2226 2610 2481 2688 βασιλεὺς
2525 2611 2654 2676 τοὺς
2703 2609 3014 2675 ἑαλωκότας
3062 2618 3171 2668 τῶν
3233 2611 3555 2689 Βουλγάρων
3622 2611 3769 2689 ἀμφὶ

2112 2701 2207 2764 τὰς
2272 2701 2349 2774 ιε’,
2381 2700 2457 2762 ὥς
2514 2722 2692 2778 φασιν,
2726 2696 2885 2763 ὄντας
2934 2700 3194 2776 χιλιάδας
3258 2701 3634 2779 ἀπετύφλωσε,
3674 2701 3770 2756 καὶ

2114 2789 2341 2859 ἑκάστην
2416 2786 2741 2844 ὲκατοντάδα
2805 2791 3221 2864 πεπηρωμένων
3295 2790 3383 2867 ὑφ’
3449 2790 3565 2851 ἑνὸς
3632 2810 3769 2862 μον-

2116 2875 2405 2956 οφθάλμου
2437 2874 2747 2953 ὁδηγεῖσθαι
2773 2876 3032 2940 κελεύσας
3065 2878 3141 2941 εἷς
3170 2879 3264 2933 τὸν
3317 2875 3583 2951 Σαμουὴλ
3632 2878 3772 2932 ἀπο-

2114 2969 2340 3041 πέμπει.
2374 2965 2481 3029 Οὓς
2514 2965 2717 3030 ἐκεῖνος
2766 2966 3192 3045 ἀφικνουμένους
3241 2968 3357 3023 κατ’
3406 2967 3636 3043 ἀριθμὸν
3678 2967 3771 3021 καὶ

2114 3057 2261 3127 τάξιν
2296 3057 2587 3128 θεώμενος,
2616 3056 2709 3110 καὶ
2736 3056 2798 3111 τὸ
2838 3057 3011 3120 πάθος
3064 3056 3170 3112 οὑκ
3219 3054 3454 3131 ἔνεγλὼν
3514 3059 3775 3119 νεανικῶς

2114 3146 2201 3201 καὶ
2259 3143 2532 3219 εὐψύχως,
2584 3143 2918 3217 λειποθυμίᾳ
2970 3143 3062 3199 καί
3117 3145 3297 3218 σκότῳ
3366 3143 3623 3220 βάλλεται
3675 3144 3771 3198 καὶ

356 3236 444 3287 let
473 3249 718 3298 annum,
749 3239 1026 3290 venatum
1058 3234 1255 3291 exiens
1296 3235 1647 3291 interficitur
1676 3252 1710 3289 a
1753 3235 2002 3305 Joanne,

2117 3233 2195 3298 εἷς
2220 3212 2560 3310 γῆνπίπτειο
2592 3230 2746 3287 ὕδατι
2780 3212 2836 3287 δέ
2864 3212 2955 3288 καὶ
2998 3232 3194 3309 μύροις
3245 3212 3299 3288 οἱ
3344 3212 3609 3306 παρόντες
3664 3232 3771 3301 τὴν

355 3321 454 3392 qui
486 3325 544 3378 et
577 3321 1034 3394 Bladisthlabus,
1065 3323 1183 3379 filio
1215 3323 1478 3391 Aaronis,
1516 3339 1690 3395 quem
1720 3322 1845 3394 ipse
1878 3322 2005 3379 neci

355 3409 674 3481 aliquando
705 3412 1094 3469 subtraxerat.

2114 3324 2286 3392 πνοὴν
2373 3320 2538 3376 αὐτοῦ
2615 3318 3073 3395 ἀνακαλεσάμενοι
3165 3322 3461 3395 ἀνενεγκεῖν
3572 3321 3769 3394 μικρὸν

2115 3413 2503 3482 πεποιήκασιν.
2557 3410 2885 3485 Ἀνενεγκὼν
2945 3407 3002 3465 δὶ
3058 3406 3205 3485 ὕδωρ
3263 3415 3405 3466 πιεῖν
3465 3408 3772 3480 έπεζήτησε

354 3499 591 3573 ψυχρόν.
624 3494 817 3554 Λαϐὼν
854 3497 911 3554 δί
935 3500 1024 3555 καὶ
1064 3500 1206 3554 πιὼν
1237 3498 1451 3575 έλήφθη
1481 3496 1927 3575 καρδιαγμῷ,καὶ
1959 3499 2093 3573 μετὰ
2118 3498 2215 3555 δύο
2242 3500 2453 3573 ἠμέρας
2485 3500 2724 3569 θνήσκει.
2759 3493 3183 3572 Παραλαμϐάνει
3215 3495 3273 3553 δὲ
3299 3500 3399 3567 τὴν
3432 3495 3767 3571 Βουλγάρων

352 3586 592 3662 ἀρχὴνὸ
623 3588 739 3649 υἱὸς
794 3587 957 3642 αὐτοῦ
996 3583 1242 3663 Γαϐριὴλ
1297 3588 1325 3641 6
1378 3587 1466 3641 καὶ
1497 3588 1794 3659 Ῥωμανὸς,
1830 3588 1991 3664 ῥώμῃ
2049 3590 2144 3663 μὲν
2189 3588 2281 3643 καὶ
2324 3587 2481 3663 ἰσχύϊ
2534 3591 2631 3642 τοῦ
2685 3588 2889 3663 πατρὸς
2947 3586 3252 3663 ὑπερέχων,
3287 3588 3546 3666 φρονήσει
3579 3585 3636 3641 δὲ
3674 3587 3767 3641 καὶ

357 3668 567 3743 διανοίᾳ
597 3671 795 3744 πολλῷ
827 3671 1176 3745 λειπόμενος,
1208 3671 1419 3748 τεχθεὶς
1445 3676 1524 3743 τῷ
1558 3671 1825 3745 Σαμουὴλ
1852 3674 1957 3729 ἀπό
1988 3696 2128 3738 τινος
2159 3670 2579 3748 αἴχμαλώτιδος
2620 3674 2971 3749 Λαρισσαίας.
3005 3676 3090 3747 [Ρ·
3136 3674 3265 3747 708]
3309 3674 3468 3745 Ἦρξε
3526 3670 3583 3727 δὲ
3630 3673 3773 3728 κατά

355 3760 453 3828 τὴν
516 3761 574 3815 ιε’
626 3764 723 3815 τοῦ
781 3756 1159 3836 Σεπτεμϐρίου
1219 3762 1408 3833 μηνὸς,
1467 3759 1786 3834 ἐπινεμήσει
1845 3771 1927 3837 ιγ.
1990 3763 2092 3820 Καὶ
2153 3761 2284 3837 μηδ’
2339 3761 2469 3818 ὅλον
2528 3761 2938 3837 ἀποπληρώσας
3010 3760 3253 3817 ένιαυτὸν
3325 3762 3633 3839 σφάττεται,
3688 3759 3771 3816 εἷς

358 3848 677 3924 κυνηγέσιον
712 3849 964 3919 ἰξελθὼν,
991 3851 1137 3926 παρὰ
1159 3851 1409 3907 Ἰωάννου
1438 3854 1533 3905 τοῦ
1563 3850 1651 3905 καὶ
1677 3848 2098 3917 Βλαδισθλάϐου
2125 3857 2223 3908 τοῦ
2269 3852 2389 3906 υἱοῦ
2444 3851 2683 3924 Ἀαρὼν,
2733 3852 2790 3905 6v
2841 3849 3000 3912 αὐτὸς
3047 3852 3297 3921 θνήσκειν
3354 3848 3629 3923 μέλλοντα
3675 3853 3776 3904 τοῦ

359 3937 588 3993 θανάτου
616 3936 1062 4012 ἀπελυτρώσατο,

432 4030 757 4100 Antequam
807 4030 910 4086 hoc
972 4031 1152 4099 fieret,
1202 4030 1629 4104 Theophylacto
1678 4031 2020 4089 Botaneiata

362 4117 793 4175 Thessalonica:
816 4124 949 4189 post
968 4119 1250 4176 Davidum
1269 4120 1589 4175 Arianitam
1615 4122 1885 4193 praefecto
1912 4123 2015 4177 Sa-

367 4207 599 4264 muelus
628 4208 1228 4277 Nestoritzam,unum
1260 4208 1331 4264 de
1354 4209 1781 4279 potentissimis
1810 4210 2017 4281 Bulga-

368 4296 473 4367 ris,
520 4313 733 4368 magno
780 4313 913 4351 cum
953 4297 1208 4352 exercitu
1278 4298 1348 4352 ad
1418 4313 1545 4352 eam
1604 4298 1809 4353 urbem
1837 4299 2017 4354 misit.

369 4387 548 4451 Quem
580 4385 1198 4459 Theopbylactusﬁlio
1230 4401 1337 4441 suo
1366 4385 1649 4442 Michaelo
1680 4386 2017 4458 comitatus,

2196 4029 2310 4105 Πρὸ
2373 4033 2470 4084 τοῦ
2546 4027 2603 4083 δὲ
2676 4032 2843 4085 ταῦτα
2911 4028 3173 4105 γενέσθαι,
3229 4026 3607 4106 Θεοφυλάκτου
3675 4032 3777 4082 τοῦ

2126 4121 2479 4175 Βοτανειάτου
2524 4119 2711 4195 ἄρχειν
2758 4115 3155 4187 Θεσσαλονίκης
3222 4117 3356 4190 μετὰ
3400 4117 3490 4171 τὸν
3533 4117 3777 4191 Ἀριανί-

2123 4230 2224 4279 την
2252 4214 2590 4284 πεμφθέντος
2629 4203 2795 4263 Δαϐὶδ
2849 4208 2876 4262 ὁ
2926 4206 3306 4282 Νεστορίτζης,
3345 4209 3423 4268 εἷς
3469 4210 3579 4261 τῶν
3629 4206 3779 4281 παρᾶ

2128 4297 2473 4373 Βουλγάροις
2530 4296 2666 4372 μέγα
2721 4294 3031 4368 δυναμένων
3095 4296 3377 4370 ὑπάρχων,
3426 4293 3559 4367 μετὰ
3613 4291 3779 4349 δυνά-

2134 4408 2279 4461 μεως
2347 4384 2511 4461 ἁδρᾶς
2581 4384 2716 4441 κατὰ
2791 4381 3190 4454 Θεσσαλονίκης
3254 4382 3586 4456 ἐκπέμπεται
3631 4383 3783 4456 παρά

373 4491 570 4546 pugna
598 4491 950 4546 congressus
981 4473 1135 4530 fudit
1161 4491 1493 4546 magnaque
1542 4476 1737 4547 praeda
1768 4481 1936 4547 parta
1964 4484 2003 4532 ei

2128 4481 2225 4531 τοῦ
2256 4473 2544 4546 Σαμουήλ·
2581 4477 2665 4536 οἷς
2697 4476 3034 4544 συναντήσας
3067 4474 3095 4528 ὁ
3127 4470 3509 4547 Θεοφύλακτος
3552 4472 3647 4526 σὺν
3700 4476 3782 4543 τῷ

376 4563 579 4619 multis
607 4565 957 4635 captis,cum
979 4563 1070 4619 bis
1092 4566 1162 4619 ad
1186 4564 1597 4635 imperatorem
1631 4570 1770 4620 tunc
1789 4571 2021 4636 septum

370 4654 428 4709 in
464 4652 755 4725 angustiis
772 4655 924 4725 apud
949 4652 1241 4707 Chlidium
1261 4658 1699 4723 oppugnantem
1721 4652 2021 4708 venit.lm-

372 4746 608 4815 perator
635 4742 923 4814 angustiis
955 4758 1071 4813 quo
1104 4740 1361 4796 diximus
1392 4741 1565 4796 modo
1598 4742 1917 4813 superatis,
1948 4742 2019 4797 ad

372 4831 787 4904 Strumpitzam
838 4830 1108 4897 accedit;
1150 4834 1208 4886 et
1249 4828 1486 4886 castello
1534 4829 1627 4884 cui
1678 4830 2022 4886 Matzucium

374 4938 589 4978 nomen
660 4920 902 4991 potitus,
970 4919 1337 4990 Strumpitzas
1396 4919 1522 4986 jam
1600 4918 2024 4989 prepinquans,

373 5009 873 5082 Theophylactum
906 5008 1307 5063 Botoneiatam
1353 5006 1782 5062 Thessalonica;
1812 5008 2023 5062 ducem

375 5100 552 5158 colles
582 5100 653 5155 ad
688 5097 1110 5169 Strumpitzam
1134 5095 1278 5151 sitos
1299 5110 1577 5166 superare
1592 5096 1764 5166 jubet
1785 5100 1840 5151 et
1859 5100 2026 5168 septa

375 5190 545 5247 obvia
574 5189 903 5258 incendere,
936 5185 1167 5257 sibique
1195 5183 1304 5239 hoc
1338 5184 1636 5240 modoiter
1655 5183 2025 5241 Thessaloni-

376 5295 503 5336 cam
542 5279 766 5334 duoens
817 5274 1107 5347 expedire.
1158 5272 1631 5329 Proﬁciscentem
1680 5273 2026 5346 praesidiarii

2131 4567 2233 4636 υἱῷ
2264 4563 2493 4638 Μιχαὴλ
2524 4562 2614 4618 καὶ
2646 4562 2986 4635 συμπλακεὶς
3024 4561 3208 4638 τρέπει
3254 4581 3312 4615 τε
3365 4560 3502 4615 κατὰ
3555 4561 3781 4635 κράτος,

2130 4654 2218 4707 καὶ
2251 4650 2399 4707 λείαν
2429 4649 2649 4720 πολλὴν
2676 4652 2764 4706 καὶ
2808 4648 3211 4726 αἰχμαλώτους
3256 4647 3491 4724 συχνοὺς
3531 4647 3781 4725 προσλα-

2132 4736 2365 4815 ϐόμενος
2418 4737 2721 4813 διακομίζει
2771 4744 2850 4811 τῷ
2897 4740 3114 4815 βασιλεῖ
3164 4735 3556 4810 πολιορκοῦντι
3612 4737 3677 4792 τὸ
3725 4736 3780 4791 ἐν

2130 4833 2199 4903 τῇ
2244 4827 2540 4903 κλεισούρᾳ
2584 4832 2679 4884 τοῦ
2721 4825 2983 4885 Κλειδίου
3036 4825 3173 4901 δέμα
3385 4827 3456 4881 Τὸ
3509 4823 3647 4898 δέμα
3700 4822 3781 4899 δὶ,

2133 4920 2207 4980 ὡς
2253 4916 2488 4993 εἴρηται,
2540 4911 2731 4979 διαϐὰς
2782 4917 2810 4970 6
2868 4914 3122 4991 βασιλεὺς
3173 4916 3309 4970 κατὰ
3368 4914 3785 4990 Στρούμπιτζαν

2132 5007 2356 5082 γίνεται.
2409 5005 2512 5061 Καὶ
2570 5007 2949 5081 παρεστήσατο
2999 5004 3093 5077 μὶν
3161 5004 3420 5081 φρούριον
3467 5004 3530 5058 τὸ
3571 5001 3784 5058 καλού-

2138 5116 2293 5169 μενον
2344 5092 2806 5167 Ματζούκιον,τῇ
2857 5091 3242 5171 Στρουμπίτζῃ
3295 5088 3353 5146 δὲ
3399 5090 3784 5168 προσεγγίζον,

2138 5183 2271 5258 μετᾶ
2318 5182 2599 5257 δυνάμεως
2647 5180 2693 5237 δ’
2742 5180 3005 5254 ἐκπέμπει
3071 5182 3163 5236 τὸν
3230 5178 3592 5251 Βατινειάτην
3649 5186 3783 5235 Θεο-

2134 5271 2407 5351 φύλακτον
2436 5273 2530 5327 τὸν
2563 5269 2731 5327 δοῦκα
2771 5270 3195 5341 Θεσσαλονίκης,
3238 5263 3539 5345 ὑπερϐῆναι
3594 5266 3786 5324 κελεύ-

1566 5432 1931 5491 XYLANDRI
1971 5436 2058 5491 ET
2096 5434 2319 5492 GOARI
2357 5434 2591 5491 NOTAE.

449 5581 561 5663 (ὀρ)
593 5576 949 5663 Atiae-turris
971 5572 1366 5663 tz'xlctgoépqt,
1395 5574 1455 5630 in
1486 5577 1646 5633 clusa
1675 5577 1794 5633 sive
1825 5594 1980 5634 muro

2114 5594 2165 5634 3r
2192 5578 2342 5635 duos
2373 5581 2601 5635 montes
2634 5592 2873 5650 asperos
2903 5578 3114 5641 erecto,
3146 5575 3216 5631 ad
3250 5589 3427 5645 quam
3459 5572 3656 5629 aditus
3688 5570 3784 5626 hic

376 5643 598 5727 passim
631 5643 847 5707 dicitur
872 5643 1134 5703 κλειδίον.
1167 5643 1347 5704 Goa'a“.
