4036 6194
261 320 383 380 193

1410 318 1956 382 HISTORIARUM
2003 318 2550 383 COMPENDIUM.

3548 308 3679 392 194

257 469 356 511 σας
413 447 543 510 τοὺς
586 448 640 503 ἐν
688 446 1075 524 Στρουμπίτζῃ
1134 448 1383 524 βουνοὺς,
1440 449 1531 505 καὶ
1577 452 1644 505 τὰ
1695 449 1747 504 ἐν
1796 453 1915 512 ταῖς

2047 451 2177 507 ιίῐιίΙ
2208 453 2509 508 obstantes
2542 452 2626 507 ire
2647 468 2761 523 quo
2782 450 3013 507 volebat
3033 454 3192 523 passi
3217 461 3377 510 sunt.
3408 458 3517 513 Sed
3540 474 3677 515 cum

260 538 381 591 κατ’
412 536 609 599 αὐτοὺς
642 534 791 600 ὁδοῖς
823 537 1174 607 πυρπολῆσαι
1234 535 1461 611 δέματα,
1518 538 1609 593 καὶ
1668 538 1924 614 εύπόρευ-

258 648 352 681 τον
416 626 563 698 αύτῷ
616 632 784 690 θεῖναι
862 628 961 696 τήν
1035 627 1171 703 πρὸς
1240 628 1642 700 Θεσσαλονίκην
1693 625 1924 705 ἄγουσαν

264 714 415 771 ὁδόν,
451 717 513 772 Ὀ
564 712 623 769 δὲ
665 714 915 770 ἀπελθὼν
969 720 1329 792 συνεχωρήθη
1386 719 1479 790 μὲν
1514 718 1566 772 ἂν
1598 722 1676 790 τῷ
1706 718 1925 773 εἰσιέναι

265 805 418 879 παρὰ
471 808 581 857 τῶν
657 803 1193 880 τοποφυλακούντων
1274 806 1607 882 Βουλγάρων
1683 807 1927 879 ἀνεμπο-

269 891 469 955 δίστως
502 890 761 962 διελθεῖν,
822 891 1044 967 μέλλων
1092 892 1149 949 δὲ
1178 895 1315 969 πρὸς
1344 896 1435 949 τὸν
1500 894 1729 971 βασιλέα
1758 895 1925 950 πάλιν

273 983 634 1058 ὑποστρέφειν
702 984 839 1056 μετά
902 983 965 1037 τὸ
1015 983 1082 1038 τά
1131 983 1578 1059 προστεταγμένα
1634 984 1926 1058 πληρῶσαι

268 1070 588 1145 περιπίπτει
650 1071 849 1147 λόχοις
907 1071 991 1127 ἐπ’
1049 1072 1198 1145 αύτῷ
1246 1074 1424 1146 τούτῳ
1454 1074 1926 1150 προσκαθημένοις

263 1162 355 1214 καὶ
419 1157 788 1234 ἆνεδρεύουςιν
864 1159 917 1215 ἔν
969 1182 1076 1215 τινι
1133 1161 1393 1234 ὲπιμήκει
1452 1166 1812 1238 στενοχωρίᾳ·
1874 1161 1925 1217 ἐν

261 1248 299 1322 ᾖ
357 1247 620 1312 εἰσελθὼν
654 1249 743 1303 καὶ
774 1249 1039 1305 πάντοθεν
1094 1252 1565 1326 περιστοιχισθεῖς
1596 1251 1686 1305 καὶ
1731 1248 1931 1306 ἄνωθεν

266 1338 373 1392 ὑπὸ
407 1337 577 1391 Λίθων
610 1338 702 1392 καὶ
733 1338 904 1409 τόξων
939 1337 1308 1413 βαλλόμενος,
1347 1337 1579 1411 μηδενὸς
1629 1338 1928 1413 ἀμύνασθαι

266 1424 579 1498 δυναμένου
610 1424 701 1481 διά
726 1428 827 1496 τήν
858 1428 1129 1482 πύκνωσιν
1178 1426 1268 1483 καί
1306 1429 1367 1484 τὸ
1413 1436 1513 1498 τῆς
1562 1428 1931 1504 στενοχωρίας

267 1513 667 1588 ἀδιεξὸδευτον,
726 1515 888 1578 αύτός
933 1538 991 1571 τε
1037 1516 1261 1589 πίπτει,
1335 1515 1475 1590 μηδὲ
1526 1524 1646 1579 ταῖς
1704 1516 1929 1580 οἰκείαις

267 1605 433 1680 χερσὶ
494 1602 748 1675 δυνηθεὶς
806 1607 1136 1681 χρήσασθαι,
1164 1607 1251 1661 καὶ
1286 1605 1429 1661 πολὺ
1465 1607 1630 1681 μέρος
1660 1606 1753 1660 σὺν
1785 1606 1931 1679 αύτῷ

270 1691 532 1749 ἀπώλετο
561 1698 658 1748 τοῦ
690 1695 942 1769 στρατοῦ.
1000 1697 1171 1770 "Amp
1234 1695 1535 1767 μηνυθέντα
1588 1699 1669 1767 τῷ
1718 1693 1931 1769 βασιλεῖ

270 1781 495 1851 πολλῆς
526 1782 686 1837 αύτὸν
714 1781 1007 1853 ἐνᾶπλησεν
1066 1782 1317 1857 ἀθυμίας.
1374 1786 1530 1842 ’ΌΟεν
1573 1784 1662 1839 καὶ
1711 1805 1927 1859 προσω-
1961 1822 2006 1886 Β

272 1872 417 1947 τέρω
474 1877 683 1947 χωρεῖν
746 1872 845 1927 ούκ
897 1870 1137 1941 ἔκρινεν,
1193 1872 1320 1928 ἀλλ’
1375 1873 1713 1949 ὑποστρέψας
1760 1872 1927 1941 ἦλθεν

274 1962 354 2024 εἷς
400 1962 467 2015 τά
527 1961 784 2035 Ζαγόρια,
854 1959 978 2016 ἔνθα
1033 1962 1097 2016 τὸ
1158 1959 1280 2015 λίαν
1336 1962 1685 2039 ὀχυρώτανον
1719 1959 1929 2037 ἵδρυται

275 2049 541 2129 φρούριον
596 2050 625 2103 6
682 2048 1001 2118 Μελὲνικος,
1059 2049 1145 2103 ἐπί
1196 2071 1342 2113 τινος
1393 2050 1592 2126 πέτρας
1640 2048 1931 2123 ἵδρυμένον

273 2143 551 2213 κρημνοῖς
604 2139 699 2194 καὶ
740 2138 971 2218 φάραγξι
1023 2137 1348 2215 βάθυτάταις
1406 2138 1660 2194 πάντοθεν
1711 2138 1931 2216 ἰστεφα-

272 2228 553 2301 νωμὲνηςο
612 2227 669 2283 ἐν
699 2230 744 2301 ᾧ
802 2230 853 2282 οἱ
882 2235 984 2296 τῆς
1014 2228 1334 2304 περιχώρου
1393 2227 1651 2292 πάντοθεν
1692 2249 1933 2305 καταφυο

271 2316 459 2392 γόντες
518 2317 828 2393 Βούλγαροι
880 2316 1042 2392 ὀλιγα
1084 2321 1196 2371 τῶν
1246 2316 1533 2390 Ῥωμαίων
1595 2315 1932 2394 ἐφρόντιζον.

282 2407 425 2482 Πρὸς
476 2405 573 2469 οῧς
634 2408 663 2461 6
694 2406 947 2481 βασιλεὺς
979 2406 1208 2483 Σὲργιόν
1239 2426 1359 2460 τινα
1390 2404 1671 2478 ὲκτομίαν,
1703 2402 1797 2460 ’ένα
1826 2410 1931 2460 τῶν

276 2494 632 2549 οἰκειοτάτων
692 2494 840 2567 αύτῷ
897 2492 1356 2567 θαλαμηπόλων,
1424 2493 1713 2567 ἐκπέμπει,
1772 2491 1937 2566 ἄνδρα

278 2586 523 2660 φρενήρη
584 2603 646 2637 τε
698 2585 792 2637 καὶ
849 2579 1020 2637 δεινὸν
1072 2581 1271 2651 είπεῖν,
1330 2582 1781 2658 ἀποπειρώμενος
1833 2589 1935 2651 τῆς

276 2673 512 2747 γνώμης
569 2670 764 2728 αὐτῶν.
822 2671 995 2732 Οὗτος
1050 2668 1098 2725 δ’
1153 2671 1323 2726 ἐκεῖσε
1352 2672 1647 2747 γενόμενος
1679 2672 1765 2726 καὶ
1796 2669 1935 2726 πολ·

281 2759 406 2821 λαίς
462 2761 819 2835 χρησάμενος
875 2757 1290 2836 πιθανολογίαις
1351 2758 1696 2833 μεταδιδάξαι
1747 2756 1939 2836 ἴσχυσε

277 2848 406 2911 τοὺς
457 2849 783 2923 ἀνθρώπους
836 2846 897 2903 τὸ
956 2845 1096 2920 δέον,
1127 2849 1216 2903 καὶ
1246 2848 1313 2904 τὰ
1343 2848 1489 2905 ὅπλα
1539 2849 1939 2921 καταθεμένους

277 2935 619 3013 παραδοῦναι
650 2942 729 3009 τῷ
765 2935 981 3012 βασιλεῖ
1010 2937 1230 2999 ἑαυτοὺς
1276 2938 1365 2992 καὶ
1415 2939 1479 2993 τὸ
1519 2937 1799 3016 φρούριον.
1834 2934 1940 2999 Οὕς

280 3024 689 3098 ἀποδεξάμενος
720 3026 748 3080 6
782 3025 1036 3101 βασιλεὺς
1066 3026 1157 3080 καὶ
1198 3025 1750 3104 φιλοφρονησάμενος
1800 3026 1941 3096 ἀξιο-

276 3120 528 3189 πρεπῶς,
606 3113 697 3168 καί
776 3115 1011 3190 φρουρὰν
1078 3118 1160 3187 τῷ
1211 3115 1457 3192 φρουρίῳ
1506 3116 1610 3185 τήν
1669 3115 1935 3191 ἀρκοῦσαν

2034 541 2328 597 mandatis
2359 541 2608 614 peractis
2639 541 2709 596 ad
2740 540 3147 612 imperatorem
3183 543 3368 599 redire
3399 545 3593 617 vellet,
3616 548 3678 605 in

2032 629 2281 687 insidias
2300 632 2372 686 ad
2397 631 2503 685 hoc
2525 631 2719 702 ipsum
2743 629 3052 685 collocatas
3078 630 3136 685 in
3162 633 3443 702 porrectis
3464 633 3523 689 in
3547 635 3677 690 lon-

2034 737 2169 789 gum
2204 720 2474 791 angustis
2500 720 2730 785 incidit,
2763 721 3469 791 4600ircumventusque
3498 728 3555 778 et
3586 725 3681 779 de-

2036 825 2214 880 super
2243 810 2398 863 saxis
2438 808 2687 878 telisque
2735 809 2972 878 petitus,
3027 809 3187 862 omni
3237 825 3298 864 se
3330 810 3682 868 defendendi

2035 902 2321 969 praerepta
2352 896 2627 951 facultate
2648 896 2719 952 ob
2743 912 3111 967 compressos
3142 896 3200 952 in
3224 902 3418 955 artum
3443 899 3680 958 ordines

2035 991 2093 1042 et
2122 986 2234 1041 loci
2266 986 2601 1056 angustiam
2634 984 2793 1039 omni
2815 985 2969 1040 exitu
2993 986 3268 1055 carentis,
3301 1003 3435 1043 cum
3466 1005 3681 1061 magna

2036 1074 2127 1131 sui
2156 1074 2442 1129 exercitus
2476 1080 2638 1144 parte
2670 1073 2840 1144 perit.
2877 1074 3198 1144 Imperator
3227 1091 3295 1130 ea
3332 1075 3495 1132 clade
3528 1096 3685 1133 nun-

2035 1165 2181 1218 tiata
2208 1162 2527 1218 maximum
2564 1162 2821 1233 percepit
2846 1163 3130 1233 dolorem,
3155 1169 3213 1217 et
3242 1166 3513 1236 progredi
3534 1166 3683 1222 ulte-

2037 1251 2161 1306 rius
2192 1268 2306 1306 non
2326 1267 2505 1305 ausus
2526 1255 2678 1305 retro
2705 1250 2847 1305 abiit
2876 1252 2945 1305 ad
2968 1252 3229 1323 Zagoria,
3254 1253 3351 1308 ubi
3376 1254 3684 1310 castellum

2037 1338 2670 1410 cratMelenicuslonge
2685 1338 3322 1410 munitissimum,saxo
3342 1341 3684 1413 impositum

2038 1439 2092 1484 et
2124 1429 2457 1500 praecipitiis
2485 1427 2848 1499 vallibusque
2890 1430 3368 1500 profundissimis
3398 1433 3683 1489 cinctum.

2038 1518 2113 1573 Eo
2146 1534 2212 1572 ex
2242 1517 2458 1572 vicinia
2477 1518 2696 1588 passim
2717 1520 3101 1587 confugerant
3120 1518 3375 1590 Bulgari,
3400 1520 3688 1577 Romano-

2038 1624 2168 1661 rum
2200 1607 2517 1661 admodum
2551 1606 2761 1661 securi.
2781 1606 2861 1661 Ad
2883 1622 2982 1661 eos
3016 1607 3331 1679 imperator
3361 1608 3542 1664 mittit
3562 1610 3688 1665 Ser-

2036 1697 2198 1768 gium
2233 1696 2777 1767 spadonem,unum
2798 1712 2865 1750 ex
2896 1695 3121 1751 intimis
3140 1696 3263 1751 suis
3294 1696 3549 1753 cubiculi
3573 1697 3685 1754 mi-

2038 1784 2260 1852 nistris,
2294 1784 2591 1839 hominem
2634 1784 2940 1839 cordatum
2990 1801 3055 1839 ac
3085 1784 3427 1849 facundum,
3460 1787 3561 1858 qui
3592 1788 3685 1858 ip-

2040 1890 2240 1928 sorum
2284 1875 2515 1928 animos
2563 1872 3011 1944 periclitaretur.
3063 1873 3116 1927 ls
3166 1873 3353 1929 multa
3384 1876 3689 1932 suadendo

2040 1966 2217 2033 atque
2239 1961 2625 2034 probabiliter
2645 1962 2985 2017 disserendo
3006 1978 3103 2017 eos
3128 1978 3195 2018 eo
3218 1962 3552 2035 adduxit,ut
3568 1979 3691 2021 rem

2042 2057 2198 2107 recta
2229 2051 2323 2109 via
2356 2056 2697 2123 reputantes
2728 2051 2934 2121 positis
2965 2052 3148 2107 armis
3195 2068 3256 2108 se
3286 2062 3340 2109 et
3380 2052 3689 2111 castellum

2041 2140 2384 2213 imperatori
2417 2141 2714 2196 dederent.
2740 2142 2894 2205 Quos
2915 2140 3234 2212 imperator
3262 2142 3693 2199 humanissime

2043 2230 2304 2301 excepit;
2346 2235 2403 2283 et
2449 2229 2691 2284 castello
2740 2229 3007 2300 prasidio
3055 2231 3367 2285 sut‘licienti
3416 2231 3692 2302 imposito

2044 2318 2448 2391 Mosynopolin
2473 2318 2664 2373 rediit.
2695 2318 2779 2371 Ibi
2802 2318 2850 2372 ei
2878 2318 3127 2372 moranti
3148 2318 3392 2373 nuntius
3426 2320 3495 2373 de
3527 2320 3690 2375 obitu

2045 2406 2304 2463 Samueli
2353 2407 2614 2473 all'ertur,
2664 2406 2951 2478 vigesima
2999 2410 3207 2478 quarta
3254 2406 3521 2463 Octobris
3574 2406 3689 2463 die.

2044 2496 2261 2552 Exinde
2328 2495 2526 2551 statim
2586 2495 2943 2568 Mosynopoli
3000 2495 3482 2551 Thessalonicam
3550 2497 3694 2566 abit,

2044 2594 2218 2656 atque
2248 2584 2385 2640 hinc
2406 2586 2477 2639 ad
2502 2583 2879 2657 Pelagoniam
2910 2600 3097 2656 usque
3120 2585 3511 2655 proﬁciscitur
3531 2584 3695 2641 nullo

2045 2690 2180 2729 cum
2215 2673 2520 2740 maleficio,
2556 2674 2668 2727 nisi
2701 2674 2855 2744 quod
2890 2675 3108 2745 regiam
3144 2672 3396 2728 Gabrieli
3436 2672 3693 2729 Bulelia-

2047 2780 2180 2817 nam
2213 2764 2360 2817 461
2396 2761 2675 2818 incendit.
2705 2761 2902 2818 Missis
2927 2760 3101 2817 etiam
3134 2761 3421 2818 militibus
3453 2761 3697 2819 castella

2045 2850 2347 2921 Prilapum
2379 2854 2434 2904 et
2465 2850 2765 2921 Stypeium
2789 2848 2962 2920 capit.
2987 2850 3127 2905 Inde
3157 2850 3228 2904 ad
3262 2850 3502 2905 ﬂuvium
3524 2850 3695 2907 Tzer-

2047 2956 2181 2994 nam
2217 2940 2392 3007 venit,
2425 2955 2683 3008 eumque
2714 2939 2939 2992 ratibus
2970 2943 3027 2992 et
3058 2938 3290 2993 utribus
3322 2939 3544 2999 inﬂatis
3574 2947 3694 2994 tra-

2043 3027 2193 3097 jicit,
2227 3043 2293 3082 ac
2342 3028 2581 3081 Budena
2627 3027 2812 3093 redit;
2863 3032 2918 3081 et
2949 3026 3083 3081 inde
3114 3042 3266 3081 nona
3305 3026 3571 3082 Januarii
3604 3026 3698 3083 die

2046 3115 2525 3171 Thessalonicam
2556 3114 2737 3169 venit.

279 3202 669 3277 ἕγκατατάεας,
740 3198 935 3276 μιτὲϐη
1002 3204 1139 3278 πρὸς
1195 3202 1642 3259 Μοσυνούπολινο
1698 3204 1750 3259 ἐν
1808 3203 1844 3277 ᾖ
1893 3201 2132 3280 διάγοντι
2184 3201 2361 3275 τούτῳ
2410 3201 2499 3256 καὶ
2553 3202 2580 3256 6
2635 3206 2732 3256 τοῦ
2790 3200 3058 3273 Σαμουὴλ
3112 3199 3441 3277 ἀγγέλλεται
3471 3204 3699 3267 θάνατος

277 3292 421 3347 κατά
475 3294 579 3361 τήν
638 3288 718 3345 κδ’
773 3296 872 3346 τοῦ
931 3287 1266 3366 Ὀκτωϐρίου
1328 3293 1520 3365 μηνός.
1578 3295 1661 3366 [Ρ.
1694 3295 1819 3365 709]
1876 3292 1973 3347 Καὶ
2032 3291 2185 3357 εὐθὺς
2245 3292 2273 3346 6
2333 3289 2585 3367 βασιλεὺς
2642 3290 2849 3362 ἀπάρας
2909 3291 2968 3345 ἐκ
2997 3291 3469 3352 Μοσυνουπόλεως
3515 3292 3703 3346 κάτει-

280 3402 368 3435 σιν
431 3380 510 3443 εῗς
570 3377 993 3449 Θεσσαλονίκην,
1051 3380 1293 3435 κάκεῖθεν
1353 3378 1562 3435 ἄπεισιν
1636 3381 1714 3445 εἷς
1786 3380 2146 3456 ΙΙελαγονίαν,
2224 3378 2391 3454 μηδὲν
2465 3378 2864 3452 λυμαινόμενος
2938 3384 3045 3433 τῶν
3123 3379 3176 3433 ἐν
3234 3378 3414 3450 ποσὶν,
3476 3378 3604 3435 ἀλλ’
3661 3382 3698 3451 ἢ

290 3469 435 3542 μόνα
483 3467 848 3545 πυρπολήσας
906 3470 973 3524 τὰ
1028 3468 1081 3523 ἐν
1142 3468 1416 3543 Βουτελίῳ
1448 3468 1697 3545 βασίλεια
1745 3474 1844 3525 τοῦ
1900 3465 2171 3546 Υαϐριήλ,
2228 3470 2455 3543 Πέμψας
2512 3466 2571 3523 δὲ
2623 3468 2711 3523 καὶ
2770 3467 3018 3543 στρατιὰν
3070 3471 3350 3543 χειροῦται
3405 3469 3467 3523 τὸ
3524 3467 3698 3545 φρού-

285 3578 408 3634 ριον
467 3557 757 3635 Πριλάπου
811 3557 903 3613 καὶ
953 3561 1050 3613 τοῦ
1108 3558 1395 3616 Στυπείου.
1458 3560 1692 3623 Ἐκεῖθεν
1750 3553 2161 3633 καταλαμϐάνει
2209 3560 2299 3614 τὸν
2354 3564 2579 3634 Τζερνᾶν
2614 3556 2905 3630 λεγόμενον
2935 3557 3208 3631 ποταμὸν,
3241 3555 3298 3611 ὅν
3332 3554 3577 3633 σχεδίαις
3606 3557 3699 3613 καί

286 3646 557 3711 θυλάκοις
608 3648 1013 3726 πεφυσημϋοις
1067 3644 1389 3723 διαπεράσας
1438 3646 1705 3704 ἐπάνεισιν
1754 3648 1831 3711 εἲς
1878 3648 1946 3703 τὰ
1994 3646 2229 3719 Βοδηνᾶ,
2278 3649 2518 3712 κάκεῖθεν
2548 3650 2617 3721 τῇ
2649 3648 2691 3711 θ’
2718 3651 2813 3701 τοῦ
2844 3646 3171 3723 Ἰανουαρίου
3198 3647 3368 3721 μηνὸς
3396 3645 3566 3716 ἦλθεν
3623 3648 3701 3711 είς

282 3735 497 3791 Θεσσαλ
505 3758 565 3791 ον
577 3735 695 3808 ίκην
704 3780 718 3794 .

352 3862 559 3935 Ἕαρος
608 3859 653 3916 δ’
714 3860 1033 3926 ἐπιστάντος
1082 3862 1379 3939 ὑπέστρεψε
1435 3860 1601 3918 πάλιν
1636 3862 1711 3925 είς
1765 3861 1938 3919 Βουλ·

2128 3864 2300 3919 Initio
2330 3864 2481 3918 veris
2510 3879 2745 3919 rursum
2778 3863 2837 3917 in
2886 3861 3222 3935 Bulgariam
3254 3862 3322 3930 it,
3355 3880 3423 3920 ac
3455 3863 3704 3921 Budenas

268 3948 496 4023 γαρίαν,
556 3948 646 4003 καὶ
699 3954 782 4021 τῷ
835 3948 1083 4026 φρουρίῳ
1147 3955 1255 4006 τῶν
1312 3947 1571 4020 Βοδηνῶν
1627 3951 1939 4026 προσίσχει⁶

278 4032 517 4115 ἔφθασαν
568 4039 671 4114 γάρ
726 4036 902 4105 οὗτοι,
957 4039 1057 4107 τὴν
1111 4038 1247 4115 πρός
1311 4037 1537 4115 βασιλέα
1559 4039 1738 4094 πίστιν
1772 4040 1944 4115 ἀπαρ-

278 4130 632 4199 νησάμενοι,
692 4129 815 4201 ἆραι
892 4129 1029 4183 κατά
1101 4129 1387 4203 Ῥωμαίων
1444 4127 1610 4185 ὅπλα.
1671 4129 1947 4205 Καρτεράν

280 4217 376 4272 οὖν
434 4216 840 4290 ἐνστησάμενος
899 4215 1224 4294 πολιορκίαν
1274 4218 1544 4293 ἠνάγκασε
1587 4222 1798 4281 πίστεις
1844 4216 1945 4274 λα·-

282 4302 482 4367 6ὄντας
516 4305 741 4369 ἑαυτοὺς
802 4306 1109 4382 ἐγχειρίσαι
1165 4306 1291 4368 τοὺς
1343 4302 1510 4361 ἔνδον·
1571 4306 1663 4369 οὕς
1694 4306 1858 4362 πάλιν
1891 4306 1944 4361 ἂν

278 4400 361 4467 τῷ
419 4393 652 4469 Βολερῷ
714 4396 1050 4469 μετοικίσας,
1109 4398 1195 4450 καὶ
1254 4394 1409 4471 ἕτερα
1464 4395 1696 4475 φρούρια
1741 4394 1946 4469 ἀνεγεί-

281 4505 379 4559 ρας
434 4480 533 4538 δύο
591 4483 642 4538 ἓν
703 4488 782 4556 τῷ
845 4483 995 4557 μὲσῳ
1050 4491 1149 4554 τῆς
1206 4481 1556 4561 δυσχωρίας,
1616 4486 1690 4540 ὧν
1738 4486 1800 4539 τὸ
1852 4485 1948 4557 μὶν

284 4569 520 4649 Καρδίαν
585 4573 839 4645 ὠνόμασε
883 4574 945 4628 τὸ
1004 4570 1052 4627 δ’
1109 4572 1289 4648 ἔτερον
1349 4574 1498 4650 ἅγιον
1562 4572 1779 4643 Ἠλίαν,
1841 4574 1948 4628 ὑπ-

283 4661 539 4737 έστρεψεν
594 4660 672 4723 είς
728 4659 1147 4732 Θεσσαλονίκην.
1207 4663 1295 4719 Ἐν
1351 4662 1388 4737 ᾖ
1444 4663 1719 4736 Ῥωμανὸς
1777 4663 1806 4716 ὁ
1855 4660 1946 4715 καὶ

288 4745 542 4824 Γαϐριὴλ
576 4746 666 4804 διά
711 4770 855 4811 τινος
902 4748 1181 4822 Ῥωμαίου
1235 4752 1622 4827 Χειροτμητου
1673 4746 1945 4804 δούλωσιν

288 4840 377 4893 καὶ
438 4838 723 4913 ύποταγήν
772 4837 1115 4914 ύπισχνεῖται
1151 4881 1163 4894 .
1241 4840 1301 4897 Ὁ
1377 4838 1435 4895 δὲ
1490 4837 1829 4901 ὑποπτεύσας
1884 4838 1951 4893 τά

289 4927 615 5002 γράμματα,
644 4927 736 4981 τὸν
769 4926 1056 5003 πατρίκιον
1102 4927 1414 5005 Νικηφόρον
1466 4928 1558 4982 τὸν
1607 4925 1805 5004 Ξιιρίαν
1859 4925 1951 4981 καὶ

287 5021 704 5072 Κωνσταντῖνον
743 5016 837 5070 τὸν
889 5015 1173 5092 Διογένην,
1240 5016 1374 5089 μετὰ
1432 5017 1523 5070 τὸν
1586 5016 1945 5085 Βοτανειάτην

287 5105 596 5180 στρατηγὸν
665 5104 927 5179 γεγονότα
980 5104 1379 5173 Θεσσαλονίκης
1407 5149 1421 5173 ,
1483 5104 1616 5178 μετὰ
1668 5101 1949 5176 δυνάμεως

291 5194 561 5267 ἐκπίμπει
623 5192 674 5248 ἰν
728 5196 797 5267 τῇ
856 5194 1018 5270 χώρᾳ
1066 5198 1173 5249 τῶν
1235 5191 1557 5267 Μογλένων.
1598 5198 1688 5246 Ὧν
1722 5193 1820 5261 τήν
1854 5196 1952 5245 πᾶ-

293 5305 388 5338 σαν
418 5280 776 5355 ληϊσαμὲνων
829 5281 1037 5353 ἐκείνην
1084 5289 1186 5358 γῆν
1218 5282 1309 5337 καὶ
1338 5283 1438 5352 τήν
1496 5279 1660 5336 πόλιν
1720 5280 1955 5357 πολιορ-

290 5372 543 5427 κούντων
587 5368 780 5448 ἔφθασε
808 5369 900 5425 καὶ
932 5371 960 5425 6
996 5370 1272 5446 βασιλεὺς,
1298 5371 1388 5425 καὶ
1443 5371 1533 5426 τὸν
1582 5368 1955 5447 παραρρέοντα

286 5465 360 5534 τῇ
396 5458 561 5515 πόλει
609 5458 1005 5534 μετοχετεύσας
1056 5460 1326 5534 ποταμὸν,
1357 5459 1446 5515 καὶ
1493 5459 1561 5514 τά
1591 5459 1817 5532 θεμέλια
1845 5462 1951 5512 τῶν

285 5554 495 5625 τειχῶν
532 5546 805 5623 ὑπορύξας
838 5546 929 5602 καὶ
960 5546 1095 5617 ξύλα
1133 5548 1221 5603 καὶ
1254 5544 1556 5625 εὔπρηστον
1590 5545 1766 5618 ἄλλην
1814 5545 1952 5619 ὕλην

297 5633 600 5699 ὁποϐαλὼν
629 5641 749 5703 τοῖς
801 5634 1076 5715 ὀρύγμασι
1113 5637 1204 5696 καὶ
1234 5640 1340 5717 πῦρ
1372 5631 1654 5713 ἐμϐαλὼν,
1682 5642 1782 5710 τῆς
1814 5635 1954 5711 ὕλης

2051 3953 2353 4008 castellum
2386 3952 2545 4013 (nam
2572 3951 2911 4023 praesidium
2936 3952 3050 4006 ﬁde
3079 3951 3292 4008 violata
3322 3969 3485 4008 arma
3508 3960 3708 4011 contra

2053 4042 2342 4097 Romanos
2373 4040 2626 4111 ceperat)
2661 4054 2875 4111 magna
2905 4040 2957 4094 vi
2990 4038 3288 4109 obsidens,
3322 4041 3437 4097 ﬁde
3468 4043 3710 4114 publica

2053 4135 2290 4201 accepta
2320 4146 2381 4184 se
2412 4128 2625 4184 dedere
2656 4126 3058 4201 praesidiarios
3079 4129 3256 4200 cogit,
3287 4145 3504 4202 eosque
3536 4131 3706 4188 Bole-

2055 4236 2185 4274 rum
2216 4221 2503 4290 deportat.
2536 4218 2685 4273 Tum
2720 4218 2777 4272 in
2811 4218 3223 4289 angustiarum
3256 4221 3447 4275 medio
3468 4220 3585 4276 duo
3607 4239 3707 4277 ca-

2055 4308 2224 4363 stella
2253 4308 2524 4375 aediﬁcat,
2558 4324 2743 4361 unum
2777 4306 3020 4374 Cardie,
3051 4306 3299 4362 alterum
3332 4308 3521 4364 sancti
3572 4309 3708 4365 Elite

2054 4398 2312 4463 nomine,
2342 4400 2400 4451 et
2440 4395 2920 4451 Thessalonicam
2955 4395 3123 4451 redit.
3175 4396 3278 4451 Hic
3327 4396 3561 4469 degenti
3592 4400 3707 4454 Ga-

2054 4484 2406 4555 brielus,qui
2430 4488 2487 4540 et
2508 4488 2809 4541 Romanus
2834 4483 3372 4557 appellabatur,per
3388 4487 3709 4558 quemdam

2058 4575 2387 4629 Romanum
2446 4573 2909 4629 Uheirotmetum
2960 4573 3041 4644 (id
3093 4573 3351 4631 nominis
3401 4576 3473 4631 ab
3523 4575 3712 4633 incisa

2058 4679 2234 4718 manu
2253 4663 2363 4733 est)
2380 4663 2670 4733 promittit
2692 4679 2755 4718 se
2784 4662 2896 4732 ipsi
2922 4679 3156 4718 servum
3179 4668 3352 4736 atque
3372 4665 3709 4736 subjectum

2057 4752 2197 4807 fore.
2232 4751 2340 4807 Sed
2373 4752 2693 4823 imperator
2721 4749 2957 4807 fallaces
2978 4751 3201 4807 litteras
3223 4768 3351 4808 esse
3378 4752 3711 4824 suspicans,

2059 4840 2126 4894 Xi
2133 4839 2332 4912 phiam
2353 4844 2409 4896 et
2425 4838 2876 4896 Constantinum
2895 4839 3340 4912 Diogenem,qui
3358 4842 3711 4899 Botansiatm

2058 4931 2115 4984 in
2142 4934 2394 5001 praetura
2414 4927 2926 4983 Thessalonicensi
2957 4929 3265 4999 successit,
3288 4946 3423 4985 cum
3454 4933 3712 4987 exercitu

2056 5018 2115 5073 in
2148 5019 2447 5089 regionem
2475 5015 2877 5087 Moglenorum
2902 5017 3121 5085 mittit;
3156 5017 3258 5088 qui
3289 5034 3425 5074 cum
3458 5035 3587 5075 eam
3612 5020 3713 5075 de-

2059 5105 2320 5179 populati
2337 5106 2537 5161 urbem
2555 5105 3477 5179 obsiderent,supervcnitipse,et
3495 5109 3709 5179 amnis,

2061 5196 2161 5268 qui
2178 5196 2381 5251 urbem
2396 5194 2671 5262 alluebat,
2682 5194 2839 5250 alveo
2855 5196 3395 5263 adverso,suﬂ'ossis
3412 5214 3717 5254 murorum

2063 5285 2484 5349 fundamentis,
2518 5288 2575 5338 et
2624 5283 2930 5355 interjecto
2979 5286 3240 5341 cavernis
3288 5284 3449 5358 ligno
3481 5288 3715 5359 aliaque

2064 5373 2215 5445 ignis
2248 5380 2458 5444 capace
2490 5372 2757 5440 materia,
2793 5372 3065 5429 incendio
3097 5390 3299 5430 muros
3329 5376 3559 5432 evertit.
3594 5376 3717 5440 Quo

2062 5462 2186 5516 viso
2214 5459 2486 5531 oppidani
2513 5459 2931 5517 miserabiliter
2946 5460 3243 5533 supplices
3267 5461 3404 5518 facti
3426 5480 3488 5519 se
3511 5467 3567 5519 et
3587 5480 3717 5520 mu-

2066 5550 2348 5607 nitionem
2399 5549 2553 5605 462
2605 5548 2977 5606 dediderunt.
3024 5553 3246 5623 Captus
3294 5555 3385 5606 est
3412 5550 3494 5607 ibi
3524 5551 3718 5608 Domi-

2065 5640 2264 5700 tianus
2307 5637 2643 5710 Caucanus,
2673 5637 2849 5697 homo
2880 5642 3087 5714 potens
3136 5644 3194 5698 et
3239 5638 3495 5701 Gabrieli
3526 5638 3718 5700 oonsi-
