4014 6194
350 356 463 418 195
1686 350 1935 412 GEORG

2173 349 2387 411 )RENl
3641 355 3758 415 £96

344 487 567 555 liarius,
591 490 647 543 et
663 485 1062 558 Moglenorum
1096 484 1368 559 princeps
1384 484 1596 541 Elitzes
1628 482 1844 555 aliique
1867 499 1929 555 pr

2170 478 2597 554 ταπρησθείσης,
2652 478 2979 555 κατέστρεψε
3030 480 3095 535 τὸ
3142 485 3352 557 τεῖχος.
3392 483 3560 558 Ὅπερ
3617 480 3755 538 ῒδόν-

344 594 544 634 cerum
577 575 746 633 multi
778 580 840 632 et
869 592 1081 632 manus
1112 574 1268 631 haud
1292 591 1464 647 parva
1499 572 1775 629 militum.
1799 574 1929 627 Arm

2169 591 2187 632 ς
2245 570 2302 623 οἱ
2362 565 2515 623 ἔνδον
2570 570 2707 644 πρὸς
2765 569 2967 625 ἱκεσίαν
3052 572 3165 644 μετ’
3220 568 3553 649 ὀλοφυρμῶν
3605 572 3754 647 ἐτρά-

343 668 600 723 ferendis
632 667 871 722 idoneos
894 666 1312 736 Aspracaniam
1339 663 1607 735 deportat
1632 662 1928 733 imperato}

2166 680 2291 727 ιντο,
2346 658 2437 714 καὶ
2512 658 2731 722 ἑαυτοὺς
2805 657 3130 735 παρεδίδουν
3201 659 3297 716 σὺν
3350 666 3430 733 τῷ
3483 661 3751 740 φρουρίῳ.

342 754 651 812 colluviem
686 755 969 826 reliquam
1002 753 1174 823 dlripi
1218 753 1411 823 jubet,
1442 757 1500 807 et
1529 752 1861 817 castellum,
1897 767 1926 805 c

2167 747 2347 826 λήφθη
2431 748 2525 821 μὲν
2604 746 2695 803 οὖν
2773 750 3102 821 Δομετιανὸς
3174 750 3202 803 6
3262 750 3555 817 Καυκάνος,
3614 751 3750 828 ἀνὴρ

340 845 511 901 Notia
540 860 778 913 nomen,
814 842 1067 907 incendi,
1111 841 1391 913 Moglenis
1422 840 1701 896 vicinum.

2165 837 2363 907 νάστης
2420 838 2510 892 καὶ
2565 842 2647 910 τῶ
2704 833 2948 913 Γαϐριὴλ
3010 837 3415 914 συμπάρεδρος,
3475 839 3563 894 καὶ
3596 838 3750 895 Ἰιλί-

339 938 472 1004 τζης
524 934 552 989 6
609 931 793 1007 ἄρχων
850 928 1165 1007 Μογλένων,
1221 928 1310 984 καὶ
1366 928 1540 1003 ’ἑτεροι
1599 924 1852 983 δυνάσται
1883 923 2115 997 πολλοὶ,
2144 926 2233 981 καὶ
2269 923 2401 990 λαὸς
2432 924 2774 1000 πολεμιστής
2802 927 2901 982 οὐκ
2932 926 3141 1003 ὀλίγος.
3174 928 3309 990 Τοὺς
3344 928 3441 1001 μὶν
3468 927 3558 983 οὖν
3604 927 3753 985 ὅπλα

342 1021 669 1095 δυναμένους
719 1025 883 1075 κινεῖν
945 1019 1020 1081 εἷς
1080 1018 1473 1093 Ἀσπρσκανίαν
1528 1017 1791 1089 ἐκπέμπει
1850 1017 1878 1070 6
1932 1013 2209 1089 βασιλεὺς,
2277 1015 2370 1071 τὸν
2447 1013 2504 1071 δὲ
2562 1014 2755 1071 λοιπὸν
2816 1015 3135 1095 συρφετωδη
3204 1018 3336 1073 λαὸν
3388 1014 3749 1094 διαρπαγῆναι

338 1111 680 1185 προσέταξεν,
729 1107 1109 1184 ἐμπρησθῆναι
1144 1104 1201 1162 δὲ
1245 1108 1336 1162 καὶ
1361 1109 1423 1163 τὸ
1456 1106 1741 1185 φρούριον.
1774 1104 1954 1160 Ἑάλω
1978 1104 2070 1160 καὶ
2102 1100 2282 1181 ’ἕτερον
2316 1104 2579 1183 φρούριον
2635 1106 2865 1162 Ἐνώτια
2910 1106 3249 1181 κεκλημένον
3298 1112 3576 1181 γειτονοῦν
3633 1114 3751 1173 τοῖς

340 1198 671 1275 Μογλένοις.

407 1325 620 1393 Quinta
641 1324 733 1379 die
755 1323 1184 1378 Cheirotmetus
1210 1323 1511 1378 Romanus
1530 1322 1705 1387 venit,
1732 1319 1983 1376 famulos

2164 1317 2373 1393 Ἡμέρᾳ
2423 1316 2479 1374 δὲ
2518 1318 2738 1393 πέμπτῃ
2784 1321 2912 1390 ἧκεν
2955 1322 2983 1376 6
3016 1320 3392 1396 Χειρότμητος
3447 1322 3746 1394 Ῥωμαῖος,

336 1429 533 1469 secum
553 1414 852 1469 adducens
880 1411 1128 1467 Joannis
1153 1410 1559 1475 Bladisthlabi,
1588 1412 1831 1465 Aaronis
1856 1409 1921 1463 fil

2165 1428 2239 1461 ων
2289 1409 2379 1463 καὶ
2438 1410 2764 1483 θεράποντος
2814 1409 3067 1465 Ἰωάννου
3112 1415 3211 1465 τοῦ
3265 1413 3353 1466 καὶ
3408 1408 3748 1468 Βλαδισθλάο

331 1508 389 1565 et
414 1502 657 1572 litteras,
680 1501 897 1573 quibus
919 1500 1013 1556 hic
1035 1500 1407 1573 significabat
1426 1516 1489 1556 se
1505 1498 1776 1557 Gabrielo
1798 1499 1916 1555 vita

2166 1518 2217 1569 υ,
2278 1494 2398 1551 υἷοῦ
2458 1498 2694 1572 Ἀαρὼν,
2753 1497 3089 1575 ἐπαγόμενος
3145 1499 3235 1555 καὶ
3291 1499 3589 1574 γράμματα
3646 1496 3745 1571 δη-

331 1592 640 1663 eripuisse,
664 1607 939 1661 nuncque
954 1591 1025 1645 ad
1052 1607 1116 1646 se
1138 1589 1382 1645 rediisse
1400 1589 1769 1662 Bulgaricum
1792 1588 1914 1659 imp

2167 1589 2295 1641 ὖντα
2366 1589 2691 1664 φονευθῆναι
2748 1587 2837 1643 ὑπ’
2895 1586 3059 1643 αὐτοῦ
3115 1589 3205 1643 τὸν
3263 1583 3511 1666 Γαϐριὴλ
3570 1588 3621 1644 ἰν
3671 1592 3752 1662 τῷ

331 1683 479 1737 rium
506 1699 520 1751 ;
556 1680 1051 1753 promittebatque
1082 1696 1144 1735 se
1175 1696 1410 1735 servum
1443 1684 1499 1734 et
1529 1678 1831 1735 subditum
1862 1678 1916 1734 in

2162 1680 2377 1748 πρισκῷ
2430 1676 2521 1731 καὶ
2576 1677 2675 1745 τὴν
2734 1681 2908 1732 πᾶσαν
2967 1676 3207 1750 ἐξουσίαν
3267 1676 3345 1742 εἷς
3371 1678 3557 1734 ἑαυτὸν
3616 1697 3747 1751 μετ·-

330 1770 584 1842 peratori
616 1770 756 1827 fore.
790 1768 867 1825 Iis
897 1768 1169 1841 perlectis
1199 1768 1514 1841 imperator
1543 1785 1713 1825 suam
1745 1772 1915 1824 sente‘

2155 1766 2403 1839 εχθῆναι,
2465 1763 2877 1841 ὑπισχνούμενά
2926 1785 2985 1821 τε
3037 1767 3138 1835 τὴν
3172 1765 3481 1843 πρέπουσαν
3536 1766 3740 1823 ύποτα-

330 1861 476 1915 tiam
507 1876 685 1916 aurea
714 1857 875 1914 bulla
904 1856 1311 1930 consignatam
1354 1857 1567 1913 Joanni
1600 1856 1800 1913 mittit.
1831 1856 1908 1912 Pa

2159 1872 2186 1905 ν
2239 1852 2329 1907 καὶ
2389 1850 2657 1909 δούλωσιν
2716 1853 3043 1925 ἔνδείξασθαι
3116 1856 3255 1930 πρὸς
3320 1856 3414 1912 τὸν
3486 1854 3742 1933 βασιλέα.

331 1950 535 2019 eisque
565 1952 695 2020 post
724 1947 933 2002 diebus
958 1946 1258 2002 Romanus
1289 1947 1457 2011 redit,
1482 1945 1709 2001 litteras
1729 1945 1916 2001 Joann

2161 1961 2254 2015 περ
2335 1942 2604 2018 ἀναγνοὺς
2690 1944 2718 1999 6
2803 1943 3080 2020 βασιλεὺς,
3148 1946 3239 2000 καὶ
3297 1940 3746 2021 χρυσοϐούλλοις

331 2043 387 2107 ot
404 2037 732 2108 principum
748 2035 1032 2107 Bulgaria:
1051 2034 1545 2106 afl‘erens,quibus
1566 2034 1605 2088 ii
1628 2051 1689 2090 se
1711 2035 1916 2089 subditi

2155 2029 2397 2102 άμμασιν
2462 2032 2530 2086 τά
2613 2028 2875 2087 δοκοῦντα
2948 2034 3385 2106 πιστωσάμενος,
3453 2031 3739 2090 ἀπέστειλε

329 2124 665 2198 imperatori
686 2124 1037 2179 fatebantur.
1052 2124 1335 2193 Adjungit
1351 2138 1413 2177 se
1435 2122 1611 2177 etiam
1637 2123 1914 2194 imperato

2154 2119 2221 2180 ιὸς
2279 2120 2371 2174 τὸν
2427 2120 2703 2191 Ἰωάννην.
2751 2121 2854 2177 Καὶ
2910 2125 3027 2194 μετ’
3085 2121 3273 2197 ὀλίγας
3328 2123 3493 2178 πάλιν
3523 2122 3739 2199 ἡμέρας

329 2215 658 2281 Caucanus,
692 2213 1007 2270 Domitiani
1038 2213 1191 2284 apud
1242 2210 1542 2283 Moglenos
1588 2212 1742 2283 capti
1778 2212 1914 2267 frate

2158 2214 2350 2277 ανῆκεν
2410 2210 2437 2263 6
2494 2210 2837 2283 τετμημένος
2886 2213 2987 2281 τὴν
3016 2216 3176 2287 χεῖρα
3205 2215 3497 2285 Ῥωμαῖος,
3528 2213 3740 2291 γραφάς

327 2309 533 2375 estque
550 2305 621 2359 ab
642 2318 708 2358 eo
731 2303 1048 2358 honoriﬁce
1065 2301 1325 2357 habitus.
1350 2304 1633 2356 Caaterum
1658 2302 1910 2373 imperat

2156 2296 2328 2369 μίζων
2390 2299 2643 2356 Ἰωάννου
2698 2320 2756 2355 τε
2802 2299 3025 2355 καὶτῶν
3082 2300 3361 2377 ἀρχόντων
3393 2299 3735 2377 Βουλγαρίας

326 2393 538 2448 certior
568 2392 759 2448 factus
788 2391 1074 2446 Joannem
1109 2389 1242 2445 dolo
1272 2407 1338 2445 ac
1368 2389 1652 2445 fallaciter
1681 2392 1793 2445 ista
1825 2407 1911 2445 scr

2155 2385 2361 2454 έηκόους
2433 2385 2855 2464 ὁμολογούντων
2908 2388 2999 2444 καὶ
3051 2387 3284 2453 δούλους
3338 2389 3580 2467 γενέσθαι
3639 2395 3740 2447 τοῦ

324 2482 517 2555 psisse
548 2498 615 2537 ac
648 2480 941 2537 contraria
982 2479 1107 2534 suis
1157 2479 1466 2551 promissis
1499 2478 1711 2546 moliri,
1746 2479 1804 2533 in
1840 2479 1909 2533 Bu

2149 2471 2357 2537 εσιλὲως
2418 2477 2499 2549 [Ρ.
2558 2479 2685 2549 710]
2730 2477 3045 2555 Προσερῥύη
3115 2476 3173 2534 δὶ
3237 2484 3318 2550 τῷ
3380 2479 3596 2554 βασιλεῖ
3641 2481 3734 2535 καὶ

323 2569 550 2641 gariam
581 2568 896 2625 revertitur
923 2586 938 2635 ;
970 2572 1027 2623 et
1059 2566 1307 2622 Ostrobo
1338 2566 1636 2638 Soscoque
1667 2565 1907 2636 adjacen

2152 2564 2358 2626 ιυκάνος
2415 2564 2443 2618 6
2502 2562 2734 2643 ἀδελφὸς
2783 2571 3115 2640 Δομετιανοῦ
3168 2572 3267 2622 τοῦ
3318 2566 3371 2622 ἐν
3424 2568 3737 2643 Μογλένοις

322 2658 559 2730 regione
590 2673 657 2712 ac
683 2656 997 2728 campestri
1031 2654 1343 2726 Pelagonia
1366 2652 1759 2725 depopulatis,
1793 2669 1907 2724 quo

2156 2649 2328 2714 όντος’
2376 2652 2433 2708 δν
2468 2652 2979 2732 φιλοτιμησάμενος
3029 2653 3119 2711 διά
3156 2663 3328 2730 τιμῆς
3366 2657 3521 2732 ἦγεν.
3578 2656 3735 2714 Ἐπεὶ

322 2751 466 2817 quot
494 2744 777 2817 Bulgaros
803 2744 1077 2812 cepisset,
1098 2743 1183 2798 eis
1212 2742 1413 2798 oculos
1445 2742 1663 2798 eﬂ‘odit.
1688 2743 1758 2796 Et
1783 2758 1907 2813 usql

2165 2739 2300 2815 ἔγνω
2350 2743 2441 2797 τὸν
2495 2744 2751 2814 Ἰωάννην
2811 2741 2959 2817 δόλῳ
3010 2745 3101 2800 καὶ
3153 2745 3402 2821 περινοίᾳ
3451 2745 3733 2823 γράψαντα

321 2834 390 2888 ad
422 2834 626 2889 urbem
652 2832 982 2898 Achridem,
1006 2832 1226 2903 regiam
1255 2831 1558 2901 Bulgaria,
1582 2832 1822 2886 accedit.
1847 2836 1906 2897 QI

2139 2829 2436 2908 ιγραφέντα
2481 2834 2568 2887 καὶ
2627 2833 2883 2889 τάναντία
2931 2835 3004 2888 ὧν
3040 2835 3353 2911 ὑπισχνεῖτο
3398 2832 3724 2910 διανοούμε-

318 2923 474 2979 403
507 2922 750 2995 potitus,
777 2921 948 2977 rebus
974 2920 1247 2977 omnibus
1269 2924 1421 2977 recte
1452 2919 1810 2987 constitutis,
1833 2936 1902 2991 pe

2146 2938 2189 2987 ν,
2240 2917 2591 2997 ἐπανέστρεψε
2646 2921 2810 2977 πάλιν
2870 2922 3009 2997 πρὸς
3059 2922 3419 2999 Βουλγαρίαν,
3474 2925 3567 2979 καὶ
3600 2923 3731 2996 λεη-

320 3027 454 3084 gere
484 3016 541 3067 et
571 3012 641 3067 ad
672 3009 1059 3083 Dyrrachium
1092 3009 1381 3082 proficisci
1416 3009 1689 3075 intendit,
1724 3009 1878 3082 quod

2139 3010 2316 3079 [τήσας
2345 3010 2444 3080 τὴν
2476 3009 2814 3087 περίχωρον.
2866 3007 3162 3089 Ὄστροϐοὖ
3219 3013 3435 3069 καὶτοῦ
3494 3018 3724 3069 Σωσκοῦ

312 3102 442 3171 ejus
474 3100 583 3156 loci
605 3117 695 3154 res
713 3099 901 3171 ipsius
926 3100 1291 3170 praesentiam
1318 3098 1712 3170 requirebant.
1736 3099 1897 3154 Eteni

2139 3096 2162 3150 ,‘t
2190 3098 2290 3167 τὴν
2323 3096 2551 3154 πεδιάδα
2579 3098 2910 3175 Πελαγονίας
2950 3100 3076 3163 τοὺς
3138 3099 3529 3174 ἁλισκομένους
3586 3102 3724 3159 πάν-

313 3189 573 3264 quandiu
623 3187 919 3263 Trymalia
967 3193 1026 3245 et
1052 3188 1368 3244 viciniores
1413 3188 1625 3244 Serviaa
1676 3193 1869 3260 partes

2142 3209 2166 3249 ς
2193 3186 2505 3263 ἀπετύφλου
2530 3188 2900 3264 ΒουΛγάρους.
2926 3192 3175 3247 ’Ἀπεισιν
3208 3190 3300 3246 οὖν
3332 3189 3463 3269 ἄχρι
3492 3197 3593 3258 τῆς
3622 3193 3724 3247 πό-

308 3283 595 3351 potestate
623 3278 937 3335 Bladimeri
967 3278 1169 3351 (gener
1197 3276 1246 3333 is
1279 3276 1386 3332 fuit
1415 3275 1690 3349 Samueli)
1725 3294 1893 3332 mans

2139 3296 2215 3337 ως
2244 3273 2525 3351 Ἀχρίδος,
2557 3277 2608 3332 έν
2636 3276 2755 3352 ᾗτά
2789 3277 3038 3354 βασίλεια
3055 3283 3164 3333 τῶν
3200 3277 3467 3354 βασιλέων
3501 3278 3719 3355 ἵδρυντο

306 3374 468 3436 runt,
497 3368 759 3426 hominis
790 3368 942 3439 justi
991 3384 1059 3424 ac
1109 3367 1269 3439 pacis
1300 3371 1357 3422 et
1402 3366 1635 3422 virtutis
1683 3366 1891 3423 studio:

2135 3363 2439 3440 ιυλγαρῖαςσ
2492 3365 2582 3421 καὶ
2629 3368 2729 3437 τήν
2778 3366 2941 3423 πόλιν
3001 3362 3335 3445 παραλαϐὼν
3392 3369 3483 3424 καὶ
3543 3371 3720 3426 πάντα

305 3465 580 3530 pacatum
613 3458 803 3513 fuerat
830 3457 1234 3529 Dyrrachium.
1260 3458 1331 3512 At
1354 3460 1672 3527 postquam
1700 3455 1890 3511 Joann

2138 3450 2249 3515 λῶς
2309 3450 2509 3519 διαθεὶς
2555 3451 2757 3527 ἔμελλε
2799 3457 2889 3511 καὶ
2947 3458 3281 3533 προσωτέρω
3341 3456 3572 3534 βαδίζειν
3624 3458 3719 3515 καὶ

304 3547 641 3604 Samuelum
673 3546 983 3615 interfecit,
1016 3546 1442 3616 deceptumque
1465 3544 1627 3599 falsis
1650 3545 1883 3613 jurame

2139 3561 2163 3602 ς
2226 3543 2361 3615 πρὸς
2415 3543 2477 3597 τὸ
2533 3542 2838 3619 Δυρῥάχιον
2898 3546 3173 3618 ἅψασθαιο
3232 3541 3404 3601 ἔδεῖτο
3458 3549 3559 3623 γὰρ
3614 3551 3721 3613 τῆς

301 3636 379 3692 tis
411 3635 808 3692 Bladimsrum
838 3638 895 3689 et
923 3649 1099 3706 opera
1134 3632 1331 3689 Davidi
1355 3631 1735 3703 Bulgarorum
1762 3633 1886 3686 arct

2139 3627 2361 3701 ιδημίας
2416 3630 2579 3686 αὐτοῦ
2633 3633 2700 3686 τά
2757 3632 2948 3690 ὶκεῖσε.
3001 3637 3150 3697 "Em:
3210 3635 3306 3709 μὶν
3352 3636 3457 3712 γὰρ
3487 3639 3719 3711 Τρυμα-

303 3723 561 3795 episcopi
594 3739 657 3778 se
689 3721 998 3777 dedentem
1052 3721 1224 3792 paulo
1274 3723 1407 3792 post
1456 3719 1675 3791 perﬁde
1708 3736 1882 3774 necav

2127 3722 2187 3781 ἇς
2232 3718 2320 3772 καὶ
2351 3724 2456 3773 τῶν
2508 3719 2795 3796 ἀγχοτάτω
2855 3717 3087 3798 Σερϐίας
3122 3728 3299 3799 μερῶν
3331 3724 3475 3801 ἦρχε
3504 3723 3711 3783 Βλαδι-

300 3827 653 3883 magnopere
694 3809 1088 3882 Dyrrachiana
1140 3825 1233 3864 res
1284 3824 1572 3864 concussa
1620 3814 1792 3879 atque
1824 3824 1885 3879 pe

2127 3806 2294 3880 πρὸςὸ
2352 3805 2438 3862 ἰπὶ
2488 3808 2708 3883 θυγατρὶ
2765 3813 2860 3865 τοῦ
2920 3810 3188 3885 Σαμουὴλ
3230 3809 3521 3883 κηδεστὴς,
3570 3813 3712 3889 ἀνὴρ

298 3900 536 3955 turbata
566 3904 677 3966 est,
712 3899 868 3970 quod
912 3901 1169 3953 Joannes
1219 3896 1421 3952 urbem
1472 3912 1597 3952 eam
1630 3896 1883 3951 identide

2127 3896 2303 3965 ιεικὴς
2373 3896 2462 3951 καὶ
2532 3896 2806 3971 εἰρηνικὸς
2869 3900 2958 3954 καὶ
3036 3902 3233 3975 ἀρετῆς
3303 3902 3712 3977 ἀντεχόμενος,

297 4005 402 4061 per
431 3988 702 4044 ductores
733 4003 895 4060 suos,
925 3986 1243 4059 aliquando
1276 3985 1451 4042 etiam
1477 4001 1734 4057 presens
1766 4001 1879 4058 opp

2125 3983 2291 4057 ιεμίαν
2325 3986 2437 4060 εἶχε
2483 3984 2550 4040 τά
2598 3985 2650 4039 ἐν
2710 3987 3015 4063 Δυρραχίῳ
3075 3987 3263 4059 ἐπειδὴ
3296 3987 3353 4045 δὶ
3383 3992 3410 4045 6
3462 3985 3710 4061 Γαϐριὴλ

295 4082 517 4147 gnaret.
549 4077 659 4133 Sed
691 4076 1063 4149 imperatoris
1094 4074 1432 4131 institutum
1468 4090 1558 4130 res
1586 4073 1741 4129 haud
1774 4091 1878 4146 pur

2132 4072 2204 4149 pi
2250 4077 2348 4128 τοῦ
2407 4074 2659 4131 Ἰωάννου
2708 4076 2982 4146 ἀπώλετο,
3041 4079 3129 4132 καὶ
3188 4076 3343 4140 οὗτος
3397 4099 3717 4155 παρασπον-

296 4165 586 4237 impediit.
620 4165 846 4221 Etenim
878 4165 949 4220 ad
978 4163 1291 4219 Achridem
1316 4162 1693 4235 proficiscens
1725 4167 1858 4234 post

2134 4161 2242 4224 θεὶς
2273 4161 2361 4217 καὶ
2390 4168 2507 4227 τοῖς
2548 4162 2734 4237 ὅρκοις
2784 4165 3071 4229 πιστεύσας
3114 4168 3260 4243 παρά
3313 4171 3409 4222 τοῦ
3457 4167 3712 4225 Ἰωάννου

296 4254 534 4328 reliquit
564 4271 697 4311 cum
731 4271 908 4310 manu
935 4247 1530 4323 militum'Georgium
1562 4250 1881 4307 Gonitziate

2127 4252 2289 4305 θεῖσιν
2348 4252 2494 4324 αὑτῷ
2542 4250 2631 4307 διὰ
2687 4250 2853 4309 Δαϐὶδ
2899 4259 2999 4310 τοῦ
3042 4255 3478 4331 ἀρχιεπισκόπου
3535 4256 3712 4313 Βουλ-

297 4348 355 4399 et
384 4344 647 4401 Orestam
684 4342 1224 4418 protospatharium
1255 4342 1574 4413 captivum,
1600 4341 1818 4411 jubens
1849 4356 1879 4395 e

2128 4339 2245 4409 ρίας
2294 4340 2480 4395 ὶαυτὸν
2540 4340 2837 4418 ἐνεχείρισε
2878 4343 2968 4398 καὶ
3027 4346 3160 4417 μετὰ
3220 4345 3414 4419 μικρὸν
3465 4345 3708 4424 ἀπεσφά-

296 4433 355 4489 in
389 4435 745 4507 campestria
792 4432 1119 4505 Pelagonia
1167 4430 1444 4501 grassari.
1494 4430 1606 4486 Eos
1639 4431 1877 4485 univers

2125 4456 2153 4500 ι,
2217 4428 2390 4485 πολὺν
2438 4429 2555 4505 εἶχε
2581 4432 2824 4507 τάραχον
2868 4434 2956 4487 καὶ
3007 4432 3206 4488 κλόνον
3236 4434 3304 4488 τὰ
3334 4433 3503 4489 ἂκεῖσε
3533 4435 3710 4511 πράγ-

294 4522 528 4594 Bulgari
560 4525 709 4579 duce
747 4525 960 4588 Ibatza,
1008 4521 1130 4577 viro
1164 4519 1537 4576 nobilissimo
1586 4523 1643 4575 et
1672 4522 1872 4590 specta

2123 4538 2221 4586 ιτα,
2274 4516 2585 4594 ἐγκειμένου
2633 4522 2751 4584 καθ’
2805 4518 3032 4592 ἑκάστην
3088 4522 3179 4576 καὶ
3237 4518 3327 4577 διὰ
3382 4526 3708 4599 στρατηγῶν

294 4612 551 4684 virtutis,
583 4613 643 4668 in
672 4612 920 4668 insidias
952 4614 1230 4666 attractos
1252 4608 1641 4663 trucidarunt.
1660 4608 1802 4679 Ejus
1825 4606 1875 4663 cl

2131 4605 2329 4669 λλάκις
2384 4611 2482 4661 τοῦ
2532 4607 2779 4666 Ἰωάννου
2834 4608 2923 4664 καὶ
2982 4608 3052 4665 δι’
3102 4610 3294 4667 ἑαυτοῦ
3351 4611 3511 4667 πάλιν
3561 4597 3712 4668 ἔλεῖν

294 4701 385 4757 dis
414 4701 612 4758 dolore
643 4700 908 4757 concitus
938 4698 1333 4772 imperatoria
1368 4697 1735 4769 Pelagoniam
1762 4712 1879 4753 reve

2126 4715 2153 4746 ν
2210 4694 2392 4752 πόλιν,
2454 4697 2554 4752 Καὶ
2604 4694 2693 4751 διὰ
2746 4702 2909 4753 τοῦτο
2957 4694 3214 4755 ἐϐούλετο
3249 4700 3343 4772 μὶν
3386 4701 3415 4755 6
3450 4699 3710 4776 βασιλεὺς

293 4792 459 4859 titur,
494 4791 866 4862 Ibatzamque
889 4792 1229 4862 persecutus
1244 4785 1727 4842 Thessalonicam
1761 4802 1878 4841 ven'

2125 4782 2305 4839 τελθεῖν
2346 4785 2434 4839 καὶ
2471 4785 2763 4859 βοηθῆσαι,
2821 4784 3073 4857 ἐκωλύθη
3130 4785 3187 4843 δὲ
3246 4786 3315 4843 δι’
3370 4788 3546 4844 αἰτίαν
3605 4789 3710 4846 οὔκ

293 4878 1172 4952 indeqneMosynopolin,misso
1196 4893 1327 4931 cum
1352 4874 1605 4930 exercitu
1630 4875 1702 4930 ad
1724 4879 1878 4930 Strui

2130 4894 2293 4948 ογον.
2351 4874 2759 4950 Ἀπερχόμενος
2813 4876 2911 4950 γὰρ
2960 4876 3096 4953 πρὸς
3155 4875 3388 4953 Ἀγρίδα
3442 4876 3707 4935 κατέλιπε

292 4969 457 5041 pitzae
506 4968 1004 5042 oppugnationem
1058 4965 1270 5022 Davido
1312 4965 1594 5019 Arianita.
1647 4968 1703 5020 ls
1747 4964 1876 5019 subi

2122 4961 2279 5016 τόπιν
2334 4963 2467 5035 μετὰ
2518 4963 2768 5033 πλήθους
2808 4963 3154 5039 στρατιωτῶν
3210 4965 3478 5043 Γεώργιον
3507 4987 3706 5042 στρατ-

292 5059 524 5113 irruens
556 5058 864 5114 castellum
897 5055 1237 5111 Thermitza
1269 5054 1440 5124 cepit.
1474 5051 1631 5108 Misit
1671 5057 1728 5108 et
1757 5053 1874 5108 aliu

2122 5051 2185 5106 ’ὸν
2242 5052 2333 5106 τὸν
2397 5056 2743 5122 Γονιτζιάτην
2817 5052 2909 5107 καὶ
2984 5054 3245 5130 Ὀρέστην
3304 5057 3707 5131 πρωτοσπαθά-

289 5148 607 5204 exercitum
636 5146 697 5202 in
729 5146 1032 5203 Triaditzze
1054 5145 1209 5200 464
1242 5141 1507 5211 castella,
1534 5142 1679 5198 duce
1704 5141 1874 5213 Xiphi

2123 5161 2167 5195 >ν
2219 5142 2310 5195 τὸν
2361 5140 2744 5215 αἰχμάλωτον,
2794 5144 3143 5219 κατατρέχειν
3200 5143 3458 5205 κελεύσας
3512 5145 3580 5200 τὰ
3608 5166 3708 5200 πεο

287 5238 393 5301 Qui
426 5237 704 5292 omnibus
735 5252 862 5307 quae
910 5235 1025 5289 sita
1072 5237 1239 5288 erant
1270 5232 1327 5285 in
1382 5230 1622 5302 planitie
1653 5231 1872 5287 subacti

2122 5251 2139 5284 ι
2195 5228 2553 5304 ΙΙελαγονίας·
2587 5225 2681 5291 οὕς
2710 5228 3113 5308 ἐλλοχήσαντες
3143 5231 3453 5310 Βούλγαροι
3483 5228 3707 5309 ἔχοντες

288 5324 594 5381 castellum
623 5324 715 5380 cui
747 5324 929 5380 Boion
960 5339 1172 5377 nomen
1207 5321 1589 5393 expugnavit.
1666 5387 1691 5397 Δ

2120 5317 2345 5393 ρατηγὸν
2422 5318 2513 5373 τὸν
2592 5313 2861 5390 Ἰϐάτζην,
2934 5321 3313 5397 φανερώτατοιι
3386 5318 3555 5397 ἄνδρα
3609 5323 3705 5378 καὶ

288 5410 775 5486 δεδοκιμασμένον,
850 5412 1125 5485 ἀναιροῦσι
1201 5387 1421 5469 πάντας.
1497 5409 1591 5462 Ὧν
1806 5406 1953 5483 λύπῃ
2028 5387 2312 5484 συγχυθείς
2373 5408 2401 5461 6
2463 5406 2717 5484 βασιλεὺς
2765 5387 3153 5486 έᾶτάνέάτρεῴεν
3209 5409 3285 5471 εἶς
3341 5387 3707 5485 ΙΙελαγονίαν,

288 5503 378 5559 καὶ
428 5502 521 5557 τὸν
587 5495 833 5571 Ἰϐάτζην
888 5495 1246 5575 καταδραμὼν
1305 5495 1393 5552 καὶ
1440 5493 1633 5570 διώξας
1692 5496 1932 5566 ἀπῆλθεν
1979 5495 2031 5552 ἰν
2106 5494 2499 5572 Θεσσαλονίκῃ.
2568 5497 2824 5553 Κάκεῖθεν
2904 5493 3057 5571 διέϐη
3116 5497 3194 5561 εἷς
3252 5496 3703 5574 Μοσυνούπολιν,

290 5591 427 5649 κατὰ
484 5589 905 5667 Στρουμπίτζης
958 5586 1089 5644 λαὸν
1142 5586 1452 5662 πεπομφὼς
1495 5586 1739 5662 ἡγεμόνα
1793 5581 1994 5661 ἔχοντα
2054 5584 2146 5642 τὸν
2205 5584 2488 5663 πατρίκιον
2548 5581 2716 5642 Δαϐἱδ
2769 5586 2861 5643 τὸν
2921 5586 3248 5663 Ἀριανίτην⁸
3299 5587 3359 5653 ὅς
3414 5584 3708 5667 αἰφνιδίως

286 5679 559 5763 δπιφανεὶς
608 5677 719 5739 εἷλε
773 5679 836 5738 16
895 5677 1155 5758 φρούριον
1212 5677 1242 5734 ὅ
1296 5675 1566 5751 Θερμίτζα
1619 5672 2067 5750 κατονομάζεται.
2128 5674 2233 5733 Καὶ
2290 5672 2473 5756 ἕτερον
2531 5673 2696 5734 πάλιν
2752 5672 2886 5734 λαὸν
2941 5674 3078 5735 κατᾶ
3132 5680 3239 5734 τῶν
3292 5675 3346 5737 ἕν
3398 5674 3699 5757 Τριαδίτζη
