4014 6194
238 328 329 388 ιω
1329 310 1877 374 HISTORIARUM
1920 308 2470 373 COMPENDIUM.
3474 320 3591 382 198

240 452 490 535 φρουρίων,
543 447 796 535 ἔξαρχον,
838 443 1038 535 ἔχοντα
1072 533 1080 535 Δ
1117 442 1211 535 Ιςὸν
1285 439 1515 535 Ξι-φίαν,
1596 437 1884 535 ἐκπέμπει.
1966 439 2066 494 Καὶ
2119 437 2277 502 οὗτος
2366 437 2424 495 δὲ
2476 438 2545 495 τὰ
2601 438 2652 495 ἐν
2700 445 2817 503 τοῖς
2882 441 3161 519 ὑπαίθροις
3213 447 3388 503 πάντα
3431 470 3593 505 κατα-

239 527 541 618 στρεψάμενος
569 535 679 592 εἷλε
708 532 1005 611 πολιορκίᾳ
1036 533 1095 588 τὸ
1126 531 1300 607 ἔρυμα
1332 529 1361 585 ὅ
1395 530 1565 587 Βοιὼν
1598 527 1866 618 καλεῖται.

295 616 345 690 Ὅ
391 629 441 686 δὶ
494 624 742 705 βασιλεὺς
813 622 1066 688 ἀπελθὼν
1114 621 1168 678 ἐν
1231 616 1862 687 Κωνσταντινουπόλει,

2016 620 2340 692 Imperator
2359 619 2561 692 Cpolin
2588 637 2852 677 reversus
2882 622 3163 680 Januario
3196 640 3414 696 mense,
3438 644 3592 686 anno

1951 708 2158 764 mundi
2187 709 2349 777 6524,
2391 709 2641 766 classem
2691 716 2751 766 in
2799 714 3161 769 Chatzariam
3210 715 3412 782 mittit,
3444 718 3592 774 duce

1950 797 2161 870 Mongo
2215 800 2530 854 Andronici
2587 801 2735 856 duce
2786 801 2924 874 Lydi
2977 803 3115 858 filio.
3177 806 3231 859 is
3279 805 3597 875 adjuvante

1950 887 2226 959 Sphengo
2252 890 2429 943 fratre
2460 889 2791 959 Bladimeri,
2823 892 2950 961 ejus
2978 893 3075 963 qui
3112 894 3307 948 Basilii
3340 895 3597 967 impera-

1949 979 2095 1033 toris
2134 993 2393 1032 sororem
2442 977 2501 1032 in
2552 978 2925 1035 matrimonio
2972 980 3245 1051 habebat,
3299 984 3596 1056 regionem

1951 1082 2080 1122 eam
2112 1065 2364 1138 subegit,
2398 1066 2660 1140 principe
2684 1068 2813 1139 ejus
2842 1070 3086 1141 Georgio
3118 1071 3286 1127 Szulo
3316 1073 3375 1128 in
3410 1074 3597 1146 primo

1951 1154 2225 1210 conﬂictu
2258 1161 2445 1226 capto.
2479 1156 2641 1211 Tunc
2688 1157 2866 1213 etiam
2913 1160 3386 1228 Senaoherimus,
3419 1179 3601 1234 supe-

1951 1244 2125 1298 rioris
2156 1243 2358 1298 Mediae
2400 1243 2694 1316 princeps,
2730 1262 2905 1318 quam
2957 1246 3129 1303 hodie
3176 1251 3598 1321 Aspracaniam

1951 1332 2280 1400 nominant,
2326 1348 2461 1387 cum
2511 1334 2785 1389 universa
2832 1351 2941 1391 sua
2990 1337 3208 1393 familia
3260 1338 3600 1411 imperatori

1952 1420 2221 1486 accessit,
2253 1421 2470 1478 tradita
2510 1423 2559 1479 ei
2592 1439 2701 1479 sua
2751 1423 2991 1493 ditione,
3024 1427 3176 1497 quod
3210 1428 3419 1485 vicinis
3444 1435 3601 1501 Aga-

1952 1511 2110 1566 renis
2140 1510 2338 1581 ipsum
2363 1513 2769 1583 prementibus
2799 1515 2869 1569 ad
2896 1515 3294 1573 resistendum
3319 1536 3432 1574 non
3457 1518 3603 1574 satis

1953 1600 2195 1655 haberet
2220 1599 2469 1667 virium;
2495 1607 2702 1672 estque
2740 1602 2927 1657 factus
2977 1603 3259 1675 patricius
3286 1610 3343 1660 et
3374 1606 3601 1678 Cappa-

1954 1688 2132 1744 dociae
2157 1689 2639 1761 dux,recepitquo
2669 1706 2788 1745 sua:
2819 1691 3058 1748 ditionis
3089 1692 3213 1749 loco
3243 1694 3604 1768 Sebasteam,

1955 1776 2269 1848 Larissam,
2294 1777 2515 1834 Marem
2548 1779 2725 1835 urbes
2744 1778 2977 1852 aliaque
3010 1786 3198 1838 multa
3219 1784 3460 1854 prmdia.
3492 1786 3601 1840 As-

240 722 349 778 κατὸ.
380 721 459 775 τὸν
491 715 815 787 Ἰανουάριον
878 721 1025 787 μῆνα
1060 716 1160 768 τοῦ
1216 707 1384 786 ,ςφκδ
1436 707 1610 781 ἔτους,
1641 707 1837 764 στόλον

243 812 306 872 εἷς
350 807 587 882 Χαζαρίαν
644 808 759 878 (61)
834 802 1122 876 ἐκπέμπει,
1199 799 1427 876 ἔξαρχον
1496 796 1692 874 ἔχοντα
1746 797 1838 852 τὸν

244 899 441 974 Μογγὸν,
495 896 605 950 υἱὸν
668 890 1023 967 Ἀνδρονίκου
1074 889 1266 951 δουκὸς
1324 893 1419 943 τοῦ
1471 885 1690 945 Λυδοῦο
1748 901 1841 954 καὶ

242 992 295 1061 τῇ
336 984 558 1059 συνεργίᾳ
599 980 845 1061 Σιρέγγου
892 985 990 1035 τοῦ
1033 977 1269 1056 ἀδελφοῦ
1326 975 1710 1053 Βλαδιμηροῦ,
1745 979 1841 1030 τοῦ

240 1073 437 1151 ἀδελφοῦ
488 1074 596 1146 (62)
652 1075 749 1126 τοῦ
827 1068 1119 1146 βασιλέως,
1176 1066 1397 1137 ὑπέταξε
1467 1066 1567 1135 τὴν
1626 1064 1838 1141 χώραν,

239 1165 316 1216 τοῦ
360 1158 604 1237 ἄρχοντος
653 1156 820 1226 αὑτῆς
882 1156 1158 1231 Γιωργίου
1212 1157 1310 1209 τοῦ
1364 1152 1607 1222 Τζοὺλου
1665 1155 1716 1207 ἐν
1772 1154 1840 1225 τῇ

238 1251 398 1322 πρώτῃ
446 1242 729 1323 προσϐολῇ
788 1244 1221 1321 συλληφθέντος.
1281 1248 1364 1317 [Ρ.
1413 1245 1541 1315 711]
1588 1241 1720 1297 Τότε
1751 1240 1841 1297 καὶ

240 1339 553 1413 Σεναχηρεὶμ
582 1338 611 1391 ὁ
656 1343 758 1405 τῆς
806 1332 915 1390 ἅνω
959 1332 1176 1405 Μηδίας
1235 1330 1445 1409 ἄρχων,
1477 1330 1547 1401 ἤν
1599 1334 1842 1404 Ἀσπρα-

236 1428 391 1482 κανίαν
442 1426 761 1500 ὀνομάζουσι
839 1425 1101 1499 σήμερον,
1158 1421 1239 1494 τῷ
1324 1418 1540 1497 βασιλεῖ
1594 1417 1842 1494 παγγενεὶ

234 1514 558 1590 προσέδραμε,
643 1515 743 1583 τήν
824 1513 1147 1569 ὑπείκουσαν
1228 1510 1373 1583 αὑτῷ
1444 1506 1845 1586 παραδεδωκὼς

234 1604 409 1660 ἅπασαν
462 1603 672 1681 χώραν,
730 1602 1015 1678 πατρίκιος
1085 1599 1337 1673 τιμηθεὶς
1392 1598 1483 1654 καὶ
1542 1598 1843 1674 στρατηγὸς

235 1690 609 1761 Καππαδοκίας,
675 1692 765 1746 καὶ
849 1692 1069 1761 κτήσεις
1139 1682 1440 1743 ἀντιλαϐὼν
1513 1684 1677 1743 τάσδε
1747 1686 1845 1747 τὰς

234 1782 414 1851 πόλεις,
464 1783 563 1850 τὴν
625 1775 966 1850 Σεϐάστειαν,
1017 1780 1118 1847 τὴν
1178 1776 1465 1853 Λάρισσον,
1518 1777 1617 1845 τὴν
1670 1770 1845 1831 Ἀϐα-

234 1889 330 1942 ραν,
370 1872 451 1924 καὶ
504 1867 680 1933 ἄλλας
730 1871 951 1939 κτήσεις
1025 1863 1260 1927 πολλάς.
1318 1866 1846 1940 Στενοχωρούμινος

1971 1868 2242 1937 pracanize
2274 1872 2471 1922 autem
2519 1866 2836 1939 imperator
2882 1870 3140 1941 praefecit
3185 1872 3465 1928 Basilium
3498 1890 3606 1945 pa-

233 1960 316 2034 γὰρ
362 1957 507 2021 οὗτος
565 1959 672 2013 ὑπὸ
726 1962 833 2012 τῶν
893 1957 1199 2032 προσοίκων
1252 1957 1570 2029 Ἀγαρηνῶν
1623 1954 1714 2008 καὶ
1768 1954 1842 2025 μή

1971 1955 2190 2010 :ricium
2221 1958 2506 2027 Argyrum
2534 1976 2547 2023 ;
2597 1957 2689 2011 cui
2724 1957 2797 2011 ob
2830 1975 2949 2013 rem
2984 1960 3137 2014 male
3179 1967 3401 2033 gestam
3434 1964 3605 2017 abro-

232 2047 324 2108 οίος
350 2046 415 2101 ὥν
457 2048 705 2103 ἀντέχειν
770 2043 1117 2120 προσίδραμε
1165 2047 1246 2115 τῷ
1306 2042 1540 2117 βασιλεῖ,
1571 2039 1847 2119 παραδοὺς

1971 2050 2159 2116 ςειῑυῐῐι
2188 2044 2527 2115 imperium,
2561 2050 2616 2100 et
2647 2062 2955 2102 successor
2988 2049 3210 2105 missus
3242 2051 3606 2124 Nicephorus

230 2138 313 2205 τὴν
361 2137 537 2191 ὶαυτοῦ
591 2137 807 2212 χώραν.
864 2136 982 2197 "Hc
1042 2130 1231 2210 ἄρχειν
1300 2131 1626 2195 ἀποσταλεὶς
1682 2131 1844 2188 Βασί-

1971 2133 2312 2189 30mmenus
2358 2135 2890 2208 protospatharius,
2932 2137 3031 2208 qui
3082 2138 3438 2210 provinciam
3488 2156 3606 2212 qua

228 2222 352 2285 λιιος
395 2225 673 2301 πατρίκιος
733 2224 761 2278 ὀ
812 2224 1079 2300 Ἀργυρὸς
1124 2223 1214 2277 καὶ
1252 2228 1371 2285 τοῖς
1419 2222 1574 2283 ὅλοις
1616 2220 1845 2283 πταίσας

1971 2222 2149 2278 γει-δίε
2180 2239 2298 2293 qua
2324 2224 2381 2277 vi
2416 2241 2559 2279 usus
2593 2225 2932 2296 imperatori
2964 2227 3232 2297 subjecit.

230 2312 525 2387 παραλόεται
570 2322 674 2384 τῆς
732 2313 917 2389 ἀρχῆς
952 2332 965 2346 ·
1046 2313 1137 2367 καὶ
1222 2309 1490 2388 διάδοχος
1574 2311 1739 2367 αὑτοῦ
1829 2311 2099 2383 πέμπεται
2185 2310 2495 2388 Νικηφόρος
2554 2315 3041 2385 πρωτοσπαθάριος
3097 2315 3125 2368 ὁ
3185 2316 3486 2389 Κομνηνὸς,
3546 2317 3606 2380 ὃς

227 2403 341 2457 κατὰ
367 2404 545 2479 χώραν
572 2403 870 2478 γενόμενος
898 2400 986 2456 καὶ
1010 2403 1078 2455 τὰ
1111 2403 1204 2474 μὶν
1236 2402 1419 2456 πειθοῖ
1446 2401 1514 2456 τὰ
1542 2399 1600 2456 δὲ
1634 2401 1726 2475 βίᾳ
1755 2400 2047 2477 χρώμενος
2068 2399 2308 2469 ὑπήκοον
2335 2405 2413 2471 τῷ
2443 2400 2657 2475 βασιλεῖ
2681 2403 2780 2471 τὴν
2808 2403 2996 2477 χώραν
3024 2404 3265 2474 ἐποίησε.

289 2494 369 2563 Τῷ
391 2491 468 2561 Si,
494 2490 669 2568 5913’
702 2489 828 2561 ἔτει,
862 2489 1201 2552 ίνδικτιῶνος
1224 2487 1314 2559 ιδ’,
1345 2491 1552 2566 ἀπάρας
1574 2498 1673 2561 τῆς
1697 2491 1852 2567 βασι-

2032 2491 2246 2546 Eodem
2272 2508 2446 2562 anno,
2470 2492 2786 2549 indictione
2806 2494 2891 2564 14,
2912 2494 3229 2566 imperator
3251 2496 3392 2552 urbe
3410 2512 3608 2568 egres-

232 2578 363 2642 λίδος
390 2583 416 2636 ὁ
448 2581 706 2657 βασιλεὺς
738 2582 945 2637 ἀπεισιν
979 2578 1056 2643 εἷς
1082 2577 1429 2657 Τριαδίτζαν.
1462 2580 1560 2635 Καὶ
1588 2581 1651 2636 τὸ
1681 2580 1847 2657 φροὺν

1971 2597 2067 2636 sus
2089 2581 2147 2635 in
2169 2580 2515 2637 Triaditzam
2537 2583 2687 2640 465
2715 2583 2953 2650 venit,et
2973 2583 3275 2640 castellum
3298 2584 3607 2644 Pernicum

232 2688 330 2743 ριον
374 2672 625 2745 Πίρνικον
678 2670 1031 2745 περικαθίσας
1083 2668 1419 2743 ἐπολιόρκει,
1449 2674 1557 2725 τῶν
1602 2663 1753 2723 ἔνδον
1796 2688 1857 2725 τι

1971 2670 2270 2725 obsidione
2301 2671 2559 2726 cinctum
2586 2678 2912 2745 oppugnat.
2949 2673 3078 2728 Dies
3101 2679 3295 2728 autem
3329 2680 3457 2728 octo
3479 2690 3611 2731 cum

228 2765 472 2834 καρτερῶς
524 2760 617 2815 καί
683 2759 937 2832 ἐκθύμως
992 2758 1431 2833 ἀγωνιζομένων,
1492 2760 1582 2812 καὶ
1630 2756 1859 2813 πολλῶν

1971 2758 2046 2814 ibi
2073 2765 2521 2831 perseverasset,
2546 2762 2929 2832 pmsidiariis
2952 2761 3268 2817 fortissime
3295 2764 3618 2819 defenden-

230 2848 485 2920 Ῥωμαίων
531 2848 869 2905 πιπτόντων.
929 2848 1046 2923 Ἐφ’
1097 2843 1232 2910 ὅλας
1290 2845 1631 2922 ὀγδοήκοντα
1676 2846 1767 2901 καὶ
1808 2862 1862 2918 η’

1971 2847 2129 2904 tibus
2168 2847 2494 2920 multisque
2543 2850 2817 2906 Romanis
2861 2852 3231 2922 cadentibus,
3262 2853 3522 2910 sentiens
3554 2870 3618 2910 se

234 2938 417 3011 ἡμέρας
472 2938 935 3014 προσλιπαρήσας
982 2940 1052 3011 τῇ
1101 2934 1421 3012 πολιορκίᾳ,
1454 2937 1527 2998 ὡς
1565 2931 1701 3012 ἔγνω
1732 2933 1861 2990 ἀδυ-

1971 2938 2125 3008 quod
2158 2942 2404 2993 conatus
2435 2942 2560 2993 erat
2588 2940 2870 3010 consequi
2917 2956 3034 2996 non
3088 2958 3281 3013 posse,
3313 2959 3374 2997 re
3402 2942 3619 2998 infecta

234 3028 392 3090 νάτοις
426 3027 754 3103 ἐπιχειρῶν,
805 3027 1077 3099 ἄπρακτος
1139 3026 1467 3102 ὑπεχώρησε
1521 3025 1612 3081 καὶ
1639 3025 1713 3087 εἷς
1746 3031 1862 3080 Mo-

1972 3025 2222 3081 discedit
2267 3026 2694 3098 MosynOpolin.
2747 3028 2831 3083 Ibi
2888 3030 3085 3100 quiete
3132 3031 3365 3086 refectis
3413 3031 3618 3102 copiis,

231 3116 528 3173 συνοόπολιν
589 3116 859 3187 ἀπῆλθεν.
912 3117 1005 3173 Ἐυ
1078 3115 1115 3190 ᾖ
1158 3117 1251 3171 τὸν
1308 3114 1437 3170 λαὸν
1499 3113 1863 3177 διαναπαύσας

232 3204 365 3277 ἔαρος
416 3204 739 3268 ἐπιστάντος
795 3203 927 3281 ἄρας
1004 3205 1064 3262 ἐκ
1122 3203 1591 3267 Μοσυνουπόλεως
1647 3201 1865 3258 εἴσεισιν

232 3292 295 3355 εἷς
347 3292 709 3372 Βουλγαρίαν,
750 3295 841 3350 καὶ
888 3294 1236 3371 περικαθίσας
1296 3294 1556 3372 φρούριον
1606 3293 1668 3348 τὸ
1700 3290 1861 3367 λεγό-

234 3349 631 3460 μενονΛογγιὸν
842 3349 1159 3459 πολίορκίᾳ.
1217 3349 1383 3439 ὑαὺίδ
1441 3349 1501 3437 δὲ
1550 3382 1643 3438 τὸν
1676 3349 1863 3457 Ἀρία·
1893 3349 1937 3417 c

228 3469 362 3541 νίτην
409 3475 499 3528 καὶ
563 3480 970 3529 Κωνσναντῖνον
1025 3474 1119 3529 τὸν
1179 3473 1438 3547 Διογένην
1482 3470 1561 3533 εἲς
1603 3470 1700 3532 τὰς
1729 3468 1866 3524 κατὰ

231 3559 537 3635 Πελαγονίαν
582 3560 849 3625 πεδιάδας
915 3563 1194 3637 ἐκπέμψας
1270 3562 1423 3631 ζώων
1490 3558 1717 3616 πολλῶν
1775 3558 1866 3614 καὶ

230 3650 585 3726 σίχμαλώτων
648 3651 861 3727 ἐγένετο
902 3652 1117 3728 κύριος.
1155 3652 1227 3707 Τὸ
1285 3648 1341 3705 δὲ
1372 3648 1577 3728 ληφθὲν
1610 3648 1869 3726 φρούριον

236 3738 495 3815 ἐμπρήσας
527 3743 558 3797 ὁ
606 3740 889 3817 βασιλεὺς,
934 3741 1024 3797 καὶ
1066 3747 1234 3817 τριχῆ
1301 3738 1428 3802 τοὺς
1459 3737 1689 3801 ἁλόντας
1722 3758 1869 3811 μερι-

236 3828 468 3900 σάμενος,
500 3830 596 3885 καὶ
633 3829 761 3902 μίαν
816 3830 911 3903 μὶν
968 3828 1161 3906 μερίδα
1202 3835 1319 3891 τοῖς
1352 3832 1704 3903 συμμαχοῦσι
1734 3846 1870 3900 παρ-

236 3918 465 3991 εσχηκὼς
552 3921 723 3988 Ῥὼς,
804 3918 983 3996 ἑτέραν
1071 3916 1130 3974 δὶ
1176 3917 1494 3992 Ῥωμαίοις,
1543 3916 1633 3971 καὶ
1691 3914 1869 3987 ἄλλην

232 4002 386 4078 ἑαυτῷ
436 4008 905 4084 παρακατασχὼν,
954 4007 1156 4084 ἐχώρει
1200 4007 1553 4083 προσωτέρω.
1615 4005 1713 4061 Καὶ
1774 4006 1868 4079 μί-

232 4111 316 4166 χρι
353 4097 651 4171 Kac-copias
700 4094 874 4161 ἐλθὼν
915 4097 1004 4152 καὶ
1049 4104 1152 4167 τῆς
1206 4095 1421 4158 πόλεως
1464 4094 1868 4170 ἀποπειραθεὶς,

236 4182 300 4243 ὡς
326 4180 511 4257 ᾔσθετο
574 4186 998 4260 ἀνεπιχείρητον
1057 4184 1225 4255 αὑτὴν
1275 4185 1460 4253 οὖσαν,
1496 4183 1818 4259 ὑπέστρεψεν
1852 4200 1866 4215 ο

236 4271 426 4342 ἐδέξατο
453 4276 558 4350 γὰρ
603 4274 704 4329 καὶ
759 4275 991 4348 γράμμα
1054 4278 1152 4329 τοῦ
1198 4273 1628 4349 στρατηγοῦντος
1686 4270 1740 4326 ἐν
1794 4275 1873 4343 τῷ

237 4362 541 4437 Δοροστιίλῳ
571 4364 911 4433 Τζιτζικίου,
966 4367 1063 4418 τοῦ
1115 4364 1237 4417 υἱοῦ
1284 4368 1380 4418 τοῦ
1428 4359 1716 4437 πατρικίου
1749 4367 1874 4418 Θευ-

238 4449 356 4523 cii-ni
406 4459 506 4509 τοῦ
566 4449 820 4528 Ἴϐηρος,
880 4452 954 4514 ὡς
1006 4453 1034 4508 ὁ
1094 4458 1339 4528 Κρακρᾶς
1394 4450 1524 4507 λαὸν
1576 4452 1658 4507 ὅτι
1713 4448 1873 4505 πλεῖ-

238 4561 343 4595 στον
398 4541 667 4618 ἀθροίσας
720 4541 810 4596 καὶ
856 4546 939 4613 τῷ
994 4543 1217 4616 Ἰωάννῃ
1276 4542 1515 4610 ἱνωθεὶς,
1564 4536 1876 4616 προσλαϐό-

237 4652 370 4701 μενοι
416 4630 475 4688 Si
518 4633 616 4687 καὶ
668 4632 1027 4701 Πατζινάκας,
1079 4629 1376 4704 μέλλουσιν
1424 4626 1682 4701 εἰσϐολήν
1739 4630 1876 4685 κατὰ

1973 3119 2279 3186 appetente
2309 3131 2441 3170 vere
2483 3116 2541 3169 in
2594 3116 2929 3188 Bulgariam
2979 3118 3176 3180 intrat.
3226 3123 3283 3174 et
3314 3119 3617 3175 castellum

1974 3204 2235 3276 Longum
2294 3203 2748 3260 circumsessum
2802 3212 3133 3278 expugnat;
3186 3224 3252 3263 ac
3300 3207 3502 3265 missis
3560 3209 3618 3265 in

1974 3293 2326 3365 campestria
2346 3293 2671 3365 Pelagoniae
2700 3294 2918 3350 Davido
2948 3296 3210 3351 Arianita
3238 3314 3307 3352 ac
3337 3297 3623 3353 Constans

1973 3383 2098 3439 tino
2132 3384 2381 3455 Diogene
2413 3382 2663 3438 multum
2688 3385 2913 3455 pecoris
2941 3390 3121 3456 atque
3146 3385 3451 3440 hominum
3484 3386 3622 3442 inde

1973 3472 2177 3543 abigit.
2211 3472 2452 3527 lncenso
2483 3471 2723 3528 castello
2755 3472 3010 3542 captivos
3040 3472 3099 3527 in
3132 3479 3251 3528 tres
3278 3478 3473 3543 partes
3503 3473 3620 3528 dis-

1972 3560 2200 3626 tribuit,
2232 3576 2482 3631 quarum
2519 3576 2694 3615 unam
2747 3559 2950 3616 Rossis
2998 3559 3340 3629 auxiliariis,
3374 3559 3618 3617 alteram

1974 3650 2274 3717 Romanis,
2307 3648 2538 3705 tertiam
2566 3649 2681 3705 sibi
2702 3649 2985 3722 assignat.
3009 3653 3362 3722 Progressus
3392 3650 3530 3706 inde
3549 3650 3631 3706 ad

1975 3740 2298 3794 Castoriam
2332 3754 2540 3807 usque,
2573 3754 2708 3793 cum
2730 3755 2857 3794 eam
2891 3740 3095 3794 urbem
3122 3743 3404 3795 tentasset
3435 3756 3501 3794 ac
3532 3742 3625 3793 in-

1976 3827 2424 3901 expugnabilem
2475 3829 2740 3893 sentiret,
2785 3833 2938 3883 retro
2987 3828 3254 3883 abduxit.
3308 3832 3627 3900 Acceperat

1978 3917 2134 3973 enim
2166 3916 2392 3971 litteras
2423 3933 2457 3971 a
2485 3915 2758 3972 Tzitzicio
2782 3916 3072 3972 Dorostoli
3105 3918 3395 3989 praefecto,
3427 3919 3627 3974 Theu-

1979 4006 2125 4062 data:
2145 4005 2294 4063 Iberi
2313 4005 2544 4078 patricii
2569 4004 2710 4072 filio,
2730 4005 2949 4077 quibus
2968 4005 3340 4063 indicabatur
3355 4008 3627 4063 Cracram

1980 4097 2471 4151 numerosissime
2510 4096 2764 4150 exercitu
2815 4100 3116 4151 CODlJ‘ﬂOtO
3146 4113 3209 4152 88
3236 4113 3370 4151 cum
3402 4096 3629 4152 Joanne

1981 4185 2380 4256 conjunxisse,
2412 4201 2632 4256 eosque
2675 4185 2916 4239 adscitis
2966 4185 3026 4239 in
3076 4186 3413 4241 societatem
3447 4185 3633 4240 Patzi-

1982 4275 2146 4329 nacis
2169 4274 2223 4328 in
2242 4274 2637 4329 Romanorum
2665 4273 2948 4329 ditionem
2973 4273 3326 4346 irrupturos.
3353 4274 3451 4330 His
3472 4272 3631 4330 litte-

1982 4365 2064 4419 ris
2096 4364 2472 4435 perturbatus
2504 4361 2658 4418 illico
2689 4362 2978 4418 convertit
3004 4363 3137 4434 iter,
3170 4363 3348 4435 inque
3375 4364 3630 4420 transitu

1984 4455 2319 4525 Bosograda
2333 4451 2642 4508 castellum
2664 4453 2821 4523 capit
2841 4458 3014 4523 atque
3035 4452 3315 4517 incendit,
3341 4454 3629 4509 Berrceam

1984 4544 2208 4611 reﬁcit;
2257 4542 2591 4613 eversisque
2620 4542 2840 4597 circum
2874 4542 3186 4597 Ostrobum
3232 4545 3291 4597 et
3319 4541 3630 4599 Moliscum

1985 4632 2116 4688 sitis
2147 4629 2406 4687 castellis
2454 4630 2746 4698 subsistit,
2777 4636 3018 4703 accepto
3065 4631 3271 4689 nuntio
3320 4634 3539 4689 Cracrae
3576 4635 3636 4689 et

236 4720 498 4793 Ῥωμαίων
553 4722 922 4792 ποιήσασθαι,
968 4720 1152 4794 Τούτῳ
1197 4725 1276 4793 τῷ
1321 4721 1605 4797 γράμματι
1644 4715 1862 4797 θορυϐηι

1984 4720 2229 4778 Joannis
2278 4720 2749 4791 impressionem,
2800 4720 2955 4776 466
3007 4736 3185 4792 quam
3218 4719 3405 4777 moliti
3442 4724 3634 4792 erant,

237 4809 332 4871 Θεὲς
360 4810 584 4887 ἐπανῄει
652 4808 743 4865 διὰ
792 4812 1030 4885 ταχέων.
1063 4811 1149 4865 Ἐν
1205 4815 1286 4883 τῷ
1337 4812 1585 4884 παριέναι
1636 4807 1694 4865 δὲ
1730 4810 1791 4865 τό
1819 4831 1879 4865 τε

239 4899 476 4974 ςσροὺριον
540 4898 663 4955 εἷλε
703 4900 773 4955 τὰ
828 4897 1141 4975 Βοσόγραδα
1187 4900 1278 4955 καὶ
1326 4900 1607 4977 ἐνέπρησε,
1638 4900 1730 4954 καὶ
1776 4901 1876 4968 τὴν

240 4987 480 5063 Βὲῥροιαν
542 4988 854 5056 ἐπικτίσας,
922 4986 1135 5063 δῃώσας
1192 4986 1251 5044 δὶ
1332 4990 1419 5045 καὶ
1479 4989 1878 5066 κατερειπώσας

236 5076 296 5128 τὶ
334 5076 484 5150 πέριξ
536 5072 850 5151 Ὀστροϐοῦ
907 5079 996 5133 καὶ
1056 5075 1359 5147 Μολισκοῦ,
1419 5075 1544 5150 ἵστη
1597 5083 1694 5134 τοῦ
1751 5098 1882 5153 προ-

238 5166 439 5241 σωτέρω
493 5165 643 5223 ἲέναι
680 5186 693 5201 ·
752 5164 1037 5243 ἀπηγγέλη
1093 5168 1197 5243 γὰρ
1257 5167 1403 5240 αὑτῷ
1446 5169 1521 5231 ὡς
1563 5169 1597 5238 ἡ
1636 5165 1883 5241 μελετω-

245 5256 362 5325 μὲνη
416 5260 497 5327 τῷ
543 5260 770 5331 Κραγρᾷ
841 5254 931 5311 καὶ
998 5260 1079 5329 τῷ
1134 5256 1353 5332 Ἰωάννῃ
1409 5256 1545 5312 κατὰ
1593 5258 1879 5332 Ῥωμαίων

1986 4810 2330 4882 impeditam
2362 4826 2512 4874 esse,
2546 4808 2874 4865 Patzinacis
2921 4825 3021 4865 eos
3068 4808 3284 4865 auxilio
3315 4809 3633 4865 frustratis.

1993 4902 2051 4955 In
2082 4900 2274 4954 reditu
2300 4897 2607 4953 castellum
2640 4902 2936 4970 expugnat
2970 4898 3282 4965 Satanam,
3313 4898 3413 4953 ubi
3444 4914 3634 4955 arcem

1990 4987 2303 5045 Samuelus
2333 4987 2588 5043 habebat
2617 5002 2684 5043 ac
2707 4986 3029 5059 plurimum
3054 4987 3331 5043 frumenti
3361 5004 3637 5061 reposue-

1990 5082 2082 5135 rat
2132 5094 2145 5133 :
2207 5078 2566 5134 frumentum
2621 5076 2836 5132 milites
2886 5076 3140 5149 diripere
3177 5077 3369 5148 jubet,
3429 5081 3641 5135 cietera

1991 5168 2191 5226 omnia
2220 5170 2463 5223 cremat.
2514 5166 2851 5222 Secundum
2895 5165 3017 5221 haec
3048 5166 3329 5222 adversus
3358 5168 3640 5223 Joannem

1991 5276 2107 5314 non
2128 5256 2379 5329 procula
2396 5273 2458 5312 se
2474 5255 2751 5312 dissitum
2782 5254 3000 5310 emittit
3021 5254 3287 5312 cohortes
3308 5256 3640 5314 scholarum

1430 5393 1800 5451 XYLANDRI
1840 5396 1930 5453 ET
1969 5393 2188 5453 GOARI
2226 5391 2464 5448 NOT/E.

302 5496 412 5638 {61)
441 5498 672 5557 Versus
698 5498 913 5557 Alanos
942 5503 1001 5557 et
1027 5500 1249 5557 Tanain
1291 5500 1488 5557 sitam.
1523 5501 1703 5558 Goaa.

320 5571 410 5638 62)
436 5571 586 5638 Vox,
622 5566 864 5638 ἀδελφοῦ
902 5572 1051 5629 mire
1079 5572 1355 5630 obscurat
1400 5573 1617 5630 locum.
1661 5575 1702 5630 E

320 5566 586 5649 d2)_Vox,
622 5566 864 5649 ἀδελφοῦ
902 5572 1051 5649 mire
1079 5572 1359 5649 obscurat
1400 5573 1617 5649 locum.
1661 5575 1781 5649 Ego
1811 5575 1884 5649 ad

238 5636 541 5702 historiam
568 5636 919 5718 'respiéisns
965 5644 1154 5704 lucem
1202 5644 1467 5705 adhibui.
1501 5636 1789 5723 Loquitur
1815 5648 1889 5708 de

1992 5493 2901 5583 Bladimerqftoyicqprinoipe,
2929 5495 3057 5583 qui,
3089 5499 3156 5553 ut
3202 5494 3519 5574 Cedrenus:
3544 5513 3643 5583 su-

1994 5590 2115 5704 i";
2130 5571 2409 5704 osttep‘dit,
2449 5568 2650 5631 Basilii
2698 5568 3069 5645 imperatoris
3114 5585 3375 5627 sororem
3406 5568 3642 5627 uxorem

2044 5663 2078 5704 a
2122 5661 2227 5704 ui.
2306 5661 2397 5701 γι..

2044 5646 2227 5705 abuit.
2258 5643 2397 5702 Χγι..
