4036 6194
384 292 503 353 199

1736 283 2055 345 GEORGII
2100 284 2441 346 CEDRENI

3677 291 3802 351 200

380 423 830 482 occidentalium
856 426 912 478 et
940 419 1550 477 Thessalonicensium
1578 418 1725 474 duce
1753 419 2016 474 Constan-

2150 415 2345 495 ἔφοδος
2368 418 2712 491 ἔνεποδίσθη,
2744 421 2853 475 τῶν
2896 421 3244 490 Πατζινάκων
3299 423 3377 493 μὴ
3416 420 3616 478 δόντων
3656 445 3801 496 συμ-

378 516 502 571 tino
551 514 826 586 Diogene.
862 512 937 566 Iis
966 511 1243 583 profectis
1290 509 1538 565 insidias
1589 525 1718 563 cum
1771 510 2035 563 tenderet

376 606 654 670 Joannes,
668 602 989 674 imperator
1004 600 1075 656 de
1095 615 1337 655 suorum
1357 597 1646 654 sollicitus
1664 598 2027 668 salute,equo

377 700 515 750 ante
545 709 683 748 suos
719 691 1014 763 profectus
1060 689 1240 759 idque
1288 704 1473 742 unum
1505 689 1662 742 fatus
1695 703 1708 741 :
1750 708 1777 739 α
1805 686 1863 741 Si
1894 686 2028 757 quis

374 783 624 838 bellator
654 785 763 844 est.
797 796 891 835 me
918 786 1218 849 sequatur,
1246 797 1273 825 »
1305 793 1539 831 cursum
1572 776 1889 831 contendit.
1913 781 2029 831 Hoc

382 876 447 927 ut
462 885 796 942 comperere
813 867 1056 923 Joannis
1072 866 1486 937 exploratores,
1510 865 1695 919 territi
1720 866 1777 919 in
1803 880 1902 920 sua
1929 882 2028 920 ca-

380 967 504 1018 stra
532 959 851 1025 redierunt,
886 955 1033 1011 nihil
1065 954 1224 1011 aliud
1256 954 1638 1011 vociferantes
1670 970 1841 1024 quam
1873 977 1899 1004 «
1923 954 2027 1010 Be-

380 1054 545 1122 zeite,
574 1052 820 1105 Tsaesar.
851 1068 875 1097 ι)
908 1046 1197 1101 Omnibus
1222 1062 1356 1100 cum
1392 1045 1518 1116 ipso
1544 1046 1770 1100 Joanne
1802 1046 2028 1101 incom-

383 1140 568 1213 posite
601 1138 981 1208 fugientibus,
1027 1134 1313 1205 Diogenes
1343 1150 1477 1189 cum
1511 1133 1655 1198 suis,
1691 1134 1908 1189 animis
1938 1150 2028 1190 re-

381 1228 587 1301 ceptis,
645 1242 743 1281 eos
801 1224 1051 1280 insecuti
1107 1239 1383 1294 magnam
1442 1222 1657 1277 caadem
1717 1225 2025 1293 peragunt,

377 1317 621 1389 capiunt
670 1316 954 1371 ducentos
1004 1312 1198 1384 gravis
1247 1316 1578 1379 armaturae,
1626 1316 1681 1366 et
1728 1328 1909 1382 equos
1960 1327 2026 1366 ac

377 1405 799 1477 supellectilem
830 1404 1075 1459 Joannis
1098 1408 1156 1457 et
1184 1402 1315 1472 ejus
1337 1399 1681 1472 patruelem.
1708 1402 2029 1471 Imperator

377 1496 470 1551 his
502 1496 679 1550 rebus
710 1493 892 1565 gestis
923 1492 993 1546 ad
1026 1491 1255 1546 Bodena
1285 1490 1451 1555 redit,
1478 1489 1729 1561 indeque
1751 1489 2027 1545 omnibus

376 1582 711 1639 constitutis
744 1580 1108 1653 Byzantium,
1158 1579 1252 1634 die
1284 1595 1438 1633 nono
1489 1578 1711 1633 mensis
1738 1577 2024 1647 Januarii,

376 1672 695 1728 indictione
728 1670 955 1726 decima
986 1669 1214 1741 quinta,
1247 1685 1400 1724 anno
1433 1668 1639 1723 mundi
1668 1669 1830 1723 6526.

374 1765 537 1816 τοῦτο
594 1756 918 1829 ἱνέπλησαν,
982 1754 1151 1829 μηδὲν
1210 1753 1354 1811 ἄλλο
1416 1757 1650 1831 βοῶντες
1735 1754 1785 1810 εἴ

2147 506 2349 582 μαχίαν
2382 508 2583 573 αὐτοῖς.
2635 510 2727 564 Διὸ
2774 509 2865 563 καὶ
2918 510 3255 583 ὑποστρέψας
3310 511 3600 586 πολιορκεῖ
3629 512 3801 588 φρού-

2141 615 2256 671 ριον
2291 592 2431 652 ἄλλο
2470 599 2570 667 τὴν
2622 598 2898 671 Σέταιναν,
2940 596 3001 652 ta
3041 598 3076 672 ᾖ
3124 598 3371 674 βασίλεια
3414 598 3546 673 ᾖσαν
3565 605 3662 655 τοῦ
3692 607 3797 654 Xu-

2141 684 2324 757 μουὴλ
2348 686 2436 740 καὶ
2484 693 2632 750 σῖτος
2691 686 2940 769 ἀπ’ἐκειτο
2988 686 3184 755 πολὺς,
3243 687 3302 741 δν
3342 693 3419 761 τῷ
3480 686 3599 761 λαῴ
3643 687 3799 764 διαρ-

2137 774 2301 827 πάσαι
2356 774 2613 837 κελεύσας
2663 775 2842 831 τᾶλλα
2890 776 3063 831 πάντα
3119 776 3460 855 κατέφλεξεν.
3512 780 3592 851 [Ρ.
3659 781 3790 850 712]

2138 862 2440 937 Ἐξὲπεμψε
2470 863 2527 919 δὶ
2556 866 2644 920 καὶ
2698 868 2835 921 κατὰ
2890 867 3143 920 Ἰωάννου
3192 866 3258 920 οὐ
3314 867 3520 941 μακρὰν
3548 866 3791 942 οἰπὲχον⁹

2135 972 2228 1014 τος
2252 953 2314 1007 τὸ
2359 954 2539 1028 τάγμα
2584 958 2691 1009 τῶν
2753 953 2974 1030 σχολῶν
3031 962 3131 1024 τῆς
3175 954 3387 1017 Δῦσεως
3443 954 3533 1010 καὶ
3586 956 3649 1009 τὸ
3687 962 3789 1024 τῆς

2137 1039 2557 1115 Θεσσαλονίκης,
2648 1043 2889 1118 ἡγεμόνα
2962 1041 3160 1118 ἔχοντα
3237 1046 3639 1100 Κωνσταντῖνον
3698 1044 3791 1099 τὸν

2137 1128 2416 1204 Διογένην.
2474 1130 2703 1195 Τούτοις
2777 1132 3029 1186 ἀπιοῦσιν
3096 1129 3375 1207 ἐνήδρευεν
3438 1134 3465 1187 6
3514 1132 3789 1204 Ἰωάννης.

2137 1220 2331 1283 Μαθὼν
2366 1216 2423 1274 δὲ
2463 1224 2624 1275 τοῦτο
2672 1221 2700 1274 6
2752 1220 3007 1294 βασιλεὺς
3036 1220 3126 1276 καὶ
3161 1224 3236 1295 μή
3270 1243 3320 1276 τι
3353 1221 3574 1276 πάθοιεν
3608 1217 3791 1297 φοϐη-

2138 1308 2266 1375 θεὶς,
2300 1307 2445 1383 παρὰ
2472 1312 2572 1362 τοῦ
2604 1307 2738 1363 λαοῦ
2789 1308 3241 1383 ἐξιππασάμενος,
3291 1311 3382 1364 καὶ
3438 1308 3605 1383 μηδὲν
3647 1308 3791 1365 ἄλλο

2137 1394 2301 1451 εἰπὼν
2336 1394 2462 1452 ἄλλ’
2514 1396 2549 1467 ἤ
2609 1394 2773 1470 μόνον
2810 1419 2823 1432 ·
2877 1400 3116 1460 ‹‹“Οστις
3164 1398 3508 1471 πολεμιστὴς
3554 1399 3789 1455 ἀκολου-

2137 1486 2296 1550 θείτω
2325 1507 2441 1558 μοι,
2478 1510 2506 1537 ››
2555 1487 2719 1559 ἀπῄει
2772 1488 2908 1542 κατὰ
2964 1487 3229 1560 σπουδήν.
3260 1490 3432 1544 Τοῦτο
3486 1489 3705 1565 γνόντες
3736 1511 3796 1553 ος

2133 1580 2229 1629 τοῦ
2259 1575 2511 1631 Ἰωάννου
2543 1576 2735 1631 σκόποι
2798 1579 2931 1649 μετὰ
2982 1573 3156 1655 φόϐου
3211 1578 3347 1652 πρὸς
3391 1576 3451 1632 τὸ
3480 1583 3577 1632 τοῦ
3600 1578 3783 1635 Ἰωάν-

2134 1685 2226 1718 νου
2277 1661 2636 1739 στρατόπεδον
2671 1662 2944 1740 ἔρχονται,
2991 1666 3082 1721 καὶ
3130 1663 3338 1728 δειλίας
3383 1667 3473 1721 καὶ
3528 1674 3785 1742 ταραχῆς

1871 1755 1972 1828 μὴ,
2028 1776 2053 1807 α
2106 1755 2318 1822 Βεζεῖτε
2365 1756 2498 1827 (63),
2551 1754 2578 1808 ὁ
2634 1756 2895 1830 Τζαῖσαρ.
2952 1779 2979 1808 ››
3036 1756 3258 1812 Πάντων
3321 1754 3413 1811 οῦν
3471 1756 3782 1833 φευγόντων

374 1850 635 1922 ἀκόσμως
693 1847 786 1902 σὺν
843 1851 923 1917 τῷ
987 1846 1229 1918 Ἰωάννῃ,
1287 1843 1339 1898 οἱ
1395 1844 1521 1919 περὶ
1576 1844 1668 1899 τὸν
1730 1842 1990 1918 Διογένην
2078 1840 2544 1916 ἀναθαρρήσαντες
2614 1842 2838 1897 κατόπιν
2896 1841 3146 1902 ἐδίωκον.
3206 1844 3312 1899 Καὶ
3360 1843 3627 1899 κτείνουσι
3690 1846 3788 1917 μὶν

370 1938 639 2006 πολλοὺς,
698 1930 1141 2007 συλλαμϐάνουσι
1210 1932 1267 1988 δὶ
1321 1934 1412 1988 καὶ
1468 1932 1770 1993 διακοσίους
1830 1928 2171 1993 πανοπλίτας
2226 1930 2318 1984 καὶ
2401 1930 2528 1993 τούς
2574 1930 2780 1993 ’ίππους
2836 1932 2926 1987 καὶ
2981 1934 3081 2001 τήν
3169 1934 3473 2002 ἀποσκευὴν
3532 1934 3789 1990 Ἰωάννου

372 2028 464 2082 καὶ
520 2028 581 2082 τὸ
610 2024 806 2081 τούτου
839 2023 1077 2097 ἀνεψιόν.
1138 2027 1313 2078 Ταῦτα
1368 2020 1566 2099 δράσας
1638 2021 1877 2077 ἐπάνεισι
1954 2020 2089 2097 πρὸς
2161 2019 2226 2073 τὰ
2308 2016 2546 2090 Βοδηνᾶ,
2601 2021 2689 2075 καὶ
2745 2022 2919 2075 πάντα
2972 2023 3039 2076 τά
3086 2022 3256 2077 ἐκεῖσε
3306 2025 3789 2097 καταστησάμενος

372 2114 779 2191 ἐπαναζευγνύει
809 2112 945 2185 πρὸς
967 2112 1030 2168 τὸ
1057 2112 1365 2181 Βυζάντιον,
1397 2114 1533 2167 κατὰ
1561 2112 1661 2180 τήν
1692 2113 1734 2175 θ’
1763 2116 1859 2166 τοῦ
1894 2108 2221 2185 Ἰανουαρίου
2257 2108 2449 2180 μηνὸς,
2480 2116 2580 2179 τῆς
2617 2111 2675 2163 ιε’
2701 2109 3093 2183 ἐπινεμήσεως,
3128 2106 3278 2174 ἔτους
3311 2118 3495 2190 ιςφκςζ

442 2208 701 2263 Joannes
730 2206 1031 2260 licentiam
1063 2210 1417 2259 consecutus
1448 2205 1519 2258 ad
1555 2203 2016 2275 oppugnandum

2206 2195 2415 2262 Ἀδείας
2445 2196 2503 2253 δὶ
2555 2194 2867 2272 λαϐόμενος
2904 2201 2931 2254 ό
2964 2202 3221 2271 Ἰωάννης
3274 2198 3453 2256 ἄπεισι
3485 2201 3793 2277 πολιορκή-

373 2294 753 2368 Dyrrachium
786 2292 1089 2349 barbarico
1134 2309 1267 2348 cum
1318 2294 1472 2348 fastu
1525 2292 1936 2363 proﬁciscitur,
1968 2294 2016 2345 et

2134 2308 2239 2341 σων
2271 2289 2334 2341 τὸ
2366 2288 2669 2363 Δυρράχιον
2716 2289 2850 2361 μετά
2893 2288 3249 2367 φρυάγματος
3301 2291 3391 2345 καὶ
3441 2286 3607 2365 ὄγκου
3652 2291 3793 2365 βαρ-

370 2385 516 2441 inito
547 2382 743 2456 proelio
775 2381 1078 2452 sternitur,
1112 2382 1401 2437 incertum
1453 2398 1487 2435 a
1529 2397 1668 2452 quo,
1702 2381 1849 2435 467
1888 2395 2016 2433 cum

2137 2377 2383 2451 βαρικοῦ.
2435 2380 2600 2441 Ἔνθα
2651 2376 2973 2452 πολιορκίας
3026 2381 3295 2449 συστάσης
3333 2378 3419 2434 καί
3453 2376 3793 2452 συμπλοκῆς

369 2473 719 2545 imperasset
750 2471 1014 2543 Bulgaria
1044 2487 1229 2526 annos
1260 2471 1317 2537 2,
1344 2486 1576 2525 menses
1611 2470 1662 2523 5.
1698 2469 2024 2540 Imperator

366 2580 399 2619 a
433 2562 702 2634 praefecto
748 2558 1042 2632 Dyrrachii
1092 2559 1418 2630 Nicephoro
1470 2558 1714 2628 patricio
1745 2556 2023 2627 Pegonita

364 2652 578 2707 certior
608 2651 679 2704 de
710 2654 895 2704 morte
924 2648 1171 2703 Joannis
1225 2648 1415 2701 factus
1466 2647 1665 2701 statim
1696 2647 2020 2716 expeditio-

364 2756 498 2796 nem
533 2739 693 2795 facit.
725 2738 993 2809 Cumque
1024 2737 1096 2792 ad
1124 2734 1586 2807 Andrianopolin
1616 2736 1893 2802 venisset,
1918 2750 2017 2788 oc-

366 2833 611 2885 currunt
639 2827 691 2884 ei
709 2829 888 2883 frater
904 2831 959 2882 et
976 2826 1133 2882 ﬁlius
1155 2825 1364 2881 famosi
1388 2824 1549 2880 illius
1571 2822 2016 2891 Cracrze,laetum

365 2919 619 2973 ferentes
641 2916 939 2986 nuntium,
959 2916 1167 2971 dedere
1185 2932 1246 2970 se
1266 2913 1603 2986 imperatori
1626 2912 1849 2969 celebre
1869 2912 2014 2968 illud

367 3006 673 3063 Pernicum
704 3011 763 3061 et
792 3004 911 3061 alia
947 3006 1017 3059 35
1048 3002 1326 3070 castella;
1377 3002 1593 3074 quibus
1637 3018 1771 3057 cum
1803 3002 2015 3073 dignos

366 3094 673 3151 habuisset
698 3094 949 3150 honores
980 3098 1037 3148 et
1066 3092 1335 3147 Cracram
1384 3092 1456 3147 ad
1504 3090 1813 3163 patriciam
1843 3097 2012 3146 extu-

367 3182 535 3239 lisset
563 3183 933 3255 dignitatem,
965 3180 1370 3254 Mosynopolin
1403 3181 1579 3236 venit.
1604 3180 1819 3235 Eodem
1844 3194 2013 3234 vene-

368 3278 507 3327 runt
534 3278 591 3328 et
619 3272 797 3343 legati
827 3288 858 3327 e
888 3270 1197 3342 Pelagonia
1224 3277 1282 3326 et
1309 3270 1637 3325 Morobisdo
1668 3273 1725 3324 et
1751 3270 2011 3340 Lipenio,

368 3363 541 3417 urbes
572 3361 907 3433 imperatori
938 3361 1241 3415 dedentes.
1292 3361 1429 3414 Inde
1456 3366 1659 3415 Serras
1690 3357 2013 3429 proficisci-

364 3456 483 3507 tur.
516 3450 851 3521 Eodemque
890 3450 1049 3505 venit
1094 3450 1333 3506 Cracras
1382 3464 1513 3503 cum
1566 3447 1639 3502 iis
1671 3446 1769 3518 qui
1800 3448 1871 3499 35
1900 3447 2013 3501 ista

2130 2466 2426 2539 γενομένης
2456 2464 2662 2533 πίπτει,
2714 2464 2946 2539 μηδενὸς
2998 2464 3172 2537 δήλου
3228 2468 3524 2543 γενομένου
3562 2472 3659 2523 τοῦ
3690 2489 3794 2523 κα-

2130 2549 2536 2625 ταϐεϐληκότος
2570 2554 2751 2612 αὐτὸν.
2782 2553 2969 2631 ’ἄρξας
3009 2555 3345 2631 Βουλγάρων
3398 2556 3481 2612 ἐπ’
3507 2556 3790 2619 ἐνιαυτοὺς

2135 2644 2179 2717 β’
2199 2644 2289 2697 καὶ
2325 2650 2495 2716 μῆνας
2546 2646 2601 2700 ε’.
2661 2646 3005 2715 Μηνυθέντος
3065 2643 3123 2700 δὲ
3170 2651 3249 2717 τῷ
3312 2645 3527 2720 βασιλεῖ
3572 2650 3669 2701 τοῦ
3699 2658 3793 2709 θαο

2127 2731 2289 2787 νάτου
2335 2736 2431 2785 τοῦ
2489 2732 2741 2787 Ἰωάννου
2790 2731 2880 2788 διὰ
2931 2738 3028 2789 τοῦ
3084 2739 3519 2810 στρατηγοῦντος
3574 2734 3786 2811 Δυρρα-

2127 2822 2258 2897 χίου
2303 2823 2511 2892 Νικήτα
2564 2823 2851 2899 πατρικίου
2897 2827 2994 2878 τοῦ
3044 2824 3393 2900 Ηηγωνίτου,
3441 2825 3599 2897 ἔξεισι
3643 2843 3787 2899 παρ-

2125 2912 2319 2966 αυτίκα
2377 2913 2405 2965 6
2467 2910 2741 2986 βασιλεύς.
2805 2913 3085 2986 Γενομένῳ
3155 2910 3202 2967 δ’
3284 2913 3433 2985 αὐτῷ
3488 2913 3623 2968 κατὰ
3676 2914 3783 2982 τὴν

2125 3000 2579 3075 Ἀδριανούπολιν
2615 3001 2917 3056 ὑπαντῶσιν
2979 3003 3008 3057 6
3059 2999 3293 3080 ἀδελφὸς
3332 3007 3430 3056 τοῦ
3459 3004 3783 3079 περιφήμου

2125 3090 2345 3165 Κρακρᾶ
2397 3090 2485 3144 καὶ
2554 3091 2582 3144 6
2655 3091 2791 3162 υίὸς,
2864 3096 3214 3165 προσχωρεῖν
3297 3089 3778 3167 εὐαγγελιζόμενοι

2120 3179 2183 3232 τό
2230 3199 2288 3232 τε
2333 3178 2655 3254 περίπυςτον
2704 3178 2961 3257 φρούριον
3012 3179 3103 3233 τὸν
3155 3178 3410 3253 Πέρνικον
3471 3178 3560 3233 καὶ
3618 3175 3778 3253 ἔτερα

2122 3267 2280 3321 πὶντε
2328 3267 2414 3321 ἐπὶ
2480 3267 2788 3338 τριάκοντα.
2848 3266 2957 3330 Οῦς
3004 3269 3242 3341 τιμήσας
3314 3268 3479 3339 ἅξίως
3530 3266 3619 3322 καὶ
3674 3269 3775 3322 τὸν

2124 3362 2367 3431 Κρακρᾶν
2421 3354 2475 3417 ἐς
2531 3356 2623 3411 τὸν
2672 3362 2780 3411 τῶν
2835 3358 3135 3431 πατρικίων
3191 3356 3379 3428 Θρόνον
3438 3352 3775 3418 ἀναϐιϐάσας

2120 3443 2288 3513 ἦλθεν
2334 3446 2408 3506 είς
2465 3444 2907 3503 Μοσυνούπολιν.
2968 3448 3229 3509 Ἐνταῦθα
3277 3442 3336 3500 δὶ
3386 3447 3475 3500 καὶ
3522 3440 3782 3519 πρέσϐεις

363 3540 562 3596 dedita
591 3539 832 3595 castella
856 3538 1252 3604 obtinuerant,
1276 3541 1532 3607 suntque
1563 3535 1879 3591 honorifice
1907 3552 2008 3590 ex-

2125 3534 2251 3603 ῆκον
2292 3532 2349 3587 ἐκ
2404 3532 2743 3608 Ηελαγονίας
2800 3534 2889 3590 καὶ
2948 3529 3311 3609 Μωροϐίσδου
3359 3534 3450 3589 καὶ
3497 3534 3782 3603 Λιπενίου,

356 3629 530 3700 copti.
589 3628 855 3684 Accessit
908 3628 1080 3682 etiam
1136 3626 1541 3696 Dragomuzus
1589 3624 2010 3695 Strumpitzam

359 3716 600 3785 dedens,
658 3721 861 3785 estque
919 3714 1163 3786 patricio
1223 3714 1441 3767 honore
1493 3712 1759 3777 affectus,
1809 3729 2009 3768 secum

360 3804 662 3861 adducens
693 3804 869 3859 etiam
898 3803 1187 3858 Joannem
1232 3800 1490 3857 Chaldiae
1537 3801 1872 3874 praefectum
1906 3818 2009 3873 pa-

360 3892 736 3964 tricium,qui
759 3910 793 3948 a
810 3890 1084 3949 Samuelo
1114 3895 1322 3962 captus
1354 3890 1412 3946 in
1446 3890 1713 3947 custodia
1733 3890 1803 3944 22
1825 3907 2008 3947 annos

360 3982 633 4038 detentus
664 3984 871 4037 fuerat.
906 3979 1274 4052 Simulatque
1292 3980 1659 4051 Strumpitzae
1690 3979 2009 4051 imperator

361 4069 873 4143 appropinquavit,
906 4071 974 4125 ad
1028 4086 1161 4125 eum
1213 4069 1371 4124 venit
1421 4069 1677 4125 navidus
1724 4069 2008 4140 Bulgaria:

360 4159 839 4232 archiepiscopus
871 4174 1005 4214 cum
1054 4157 1265 4213 litteris
1310 4156 1502 4213 Mariae
1548 4162 1734 4212 morte
1762 4157 2009 4214 Joannis

356 4248 567 4319 viduae,
597 4248 991 4320 promittentis
1015 4264 1098 4317 se,
1133 4248 1306 4302 modo
1338 4250 1495 4303 certa
1524 4246 1790 4317 quendam
1812 4252 2011 4317 postu-

356 4337 470 4393 lata
498 4339 808 4404 obtineret,
844 4336 1119 4408 Bulgaria
1166 4352 1490 4391 cessuram.
1537 4335 1802 4391 Occurrit
1831 4336 2009 4391 etiam

358 4427 667 4497 Bogdanus
699 4426 1045 4481 interiorum
1076 4423 1455 4480 castellorum
1490 4424 1801 4491 dominus;
1834 4430 2010 4494 atque

357 4517 481 4587 ipse
507 4517 682 4571 etiam
717 4513 959 4586 patricio
977 4518 1221 4570 ornatur
1240 4513 1450 4585 gradu,
1473 4513 1631 4584 quod
1647 4513 2007 4584 jampridem

360 4605 535 4661 rebus
566 4602 937 4674 imperatoris
970 4603 1211 4659 favisset
1228 4619 1525 4673 suumque
1547 4618 1814 4658 socerum
1838 4602 2011 4658 inter-

357 4694 616 4749 fecisset.
652 4693 793 4748 lnde
821 4692 1031 4764 Scopia
1052 4692 1196 4758 abit,
1222 4692 1470 4763 urbique
1502 4690 1841 4763 relinquens
1866 4708 2009 4763 pra:-

358 4784 571 4838 fectum
624 4781 910 4837 Davidum
961 4782 1277 4852 patricium
1322 4780 1856 4850 Arianitam,468
1908 4797 2010 4852 per

358 4868 598 4926 castella
626 4869 923 4941 Stypeium
958 4873 1013 4923 et
1044 4872 1356 4923 Prosacum
1384 4868 1710 4935 revertitur,
1736 4882 2003 4938 compre-

357 4935 1273 5030 cationibus'e'tgratulationibus
1288 4972 1420 5011 cum
1443 4956 1857 5011 venerantibus
1871 4935 2010 5011 sub-
2039 4935 2086 4999 D

360 5048 517 5103 ditis.
552 5048 691 5103 Inde
720 5048 791 5101 ad
823 5047 1085 5103 dextram
1122 5050 1345 5116 partem
1380 5044 1672 5100 inclinans
1694 5044 2008 5101 Achridem

361 5137 704 5207 ingreditur,
736 5136 934 5207 ibique
983 5140 1175 5191 castra
1222 5133 1379 5199 facit,
1409 5133 1569 5188 omni
1616 5132 1831 5204 populo
1873 5149 2008 5188 cum

363 5226 687 5299 peanibus,
707 5224 917 5297 plausu
949 5227 1005 5280 et
1028 5223 1234 5278 faustis
1266 5220 1786 5277 acclamationibus
1809 5237 2009 5276 occur-

2119 3619 2526 3695 παραδιδόντων
2560 3623 2638 3695 τῷ
2694 3621 2907 3697 βασιλεῖ
2957 3622 3053 3686 τὰς
3102 3621 3313 3686 πόλεις.
3362 3625 3596 3687 Ἐκεῖθεν
3641 3621 3779 3698 ἄρας

2118 3708 2285 3779 ἦλθεν
2326 3710 2379 3765 ἐν
2436 3710 2682 3787 Σέῥραις,
2740 3711 2790 3766 ἐν
2850 3713 2931 3774 αῖς
2988 3712 3207 3769 ἀοίκετο
3261 3713 3289 3767 6
3343 3718 3587 3787 Κρακρᾶς
3632 3711 3770 3785 μετά

2115 3804 2224 3854 τῶν
2276 3798 2556 3875 ἀρχόντων
2607 3804 2715 3854 τῶν
2776 3801 3154 3876 προσρυέντων
3217 3798 3292 3855 λε’
3344 3802 3616 3875 κάστρων,
3677 3801 3777 3855 καὶ

2117 3888 2301 3950 καλῶς
2351 3885 2648 3964 ὑπεδέχθη.
2713 3889 3033 3967 Προσερῥύη
3096 3887 3153 3945 δὲ
3210 3889 3300 3944 καὶ
3358 3893 3778 3966 Δραγομοῦζος,

2116 3978 2183 4032 τά
2235 3977 2285 4031 ἐν
2349 3981 2417 4052 τῇ
2471 3978 2855 4053 Στρουμπίτζῃ
2924 3980 3293 4054 παρεσχηκὼς
3341 3979 3431 4033 καὶ
3482 3977 3781 4053 πατρίκιος

2115 4066 2392 4139 τιμηθεὶς,
2464 4063 2610 4140 ἄγων
2696 4068 2813 4137 μεθ’
2888 4069 3079 4121 ἑαυτοῦ
3156 4068 3246 4122 καὶ
3315 4067 3409 4122 τὸν
3485 4067 3777 4143 πατρίκιον

2119 4156 2370 4225 Ἰωάννην
2401 4156 2492 4211 τὸν
2547 4152 2804 4220 Χαλδίας,
2860 4155 2984 4210 τότε
3032 4163 3131 4225 τῆς
3176 4155 3401 4232 χρονίας
3434 4155 3778 4220 ἀπολυθὲντα

2117 4244 2435 4319 καθείρξεως
2472 4263 2485 4276 ’
2547 4238 2707 4319 ἔτυχε
2762 4244 2863 4319 γὰρ
2938 4242 3107 4306 ἁλοὺς
3173 4245 3319 4320 παρὰ
3369 4249 3467 4299 τοῦ
3505 4243 3777 4317 Σαμουὴλ

2117 4332 2206 4387 καὶ
2260 4332 2348 4387 ἐπὶ
2408 4332 2576 4387 εἶ’κοσι
2628 4333 2718 4387 καὶ
2777 4330 2872 4388 δύο
2931 4333 3166 4409 χρόνους
3212 4333 3285 4387 ὥν
3335 4333 3386 4389 ἐν
3430 4338 3498 4408 τῇ
3530 4331 3779 4411 φυλακῇ.

2118 4424 2276 4498 Ἀρτι
2328 4419 2385 4477 δὲ
2436 4426 2505 4495 τῇ
2564 4420 2950 4496 Στρουμπίτζῃ
3002 4424 3367 4498 προσήγγισεν
3420 4424 3448 4477 6
3521 4420 3780 4497 βασιλεὺς

2117 4509 2205 4564 καὶ
2257 4512 2385 4579 ἧκεν
2444 4511 2472 4564 6
2520 4511 2951 4585 ἄρχιεπίσκοπος
3010 4510 3350 4587 Βουλγαρίας
3409 4506 3577 4566 Δαϐὶδ
3641 4512 3782 4583 μετᾶ

2116 4599 2454 4674 γραμμάτων
2540 4598 2748 4673 Μαρίας
2813 4602 2912 4664 τῆς
2986 4598 3239 4656 Ἰωάννου
3317 4600 3591 4674 γυναικὸς,
3673 4599 3782 4653 ὑπ-

2122 4686 2486 4761 ισχνουμένης
2543 4685 2793 4757 ἐκστῆναι
2852 4684 3218 4763 Βουλγαρίας,
3278 4688 3324 4743 εί
3375 4688 3613 4759 τεύξεται
3662 4692 3779 4742 τῶν

2116 4776 2253 4831 κατὰ
2282 4774 2502 4832 σκοπόν.
2535 4777 2837 4847 Ὑπήντησε
2886 4775 2943 4833 δε
2990 4779 3077 4832 καὶ
3120 4775 3392 4852 Βογδάνος
3420 4778 3448 4832 6
3479 4782 3584 4832 τῶν
3618 4773 3779 4832 ἐνδο-

2115 4864 2257 4939 τέρω
2310 4864 2553 4939 κάστρων
2638 4867 2951 4941 τοπάρχης,
3003 4867 3092 4920 καὶ
3166 4872 3389 4939 τιμᾶται
3466 4866 3557 4921 καὶ
3609 4866 3776 4929 οὗτος

2117 4954 2404 5028 πατρίκιος
2432 4955 2505 5015 ὡς
2551 4954 2640 5009 καὶ
2671 4953 2840 5010 πάλαι
2873 4956 2940 5009 τὰ
2993 4953 3259 5029 βασιλέως
3288 4960 3498 5030 ιρρονῶν
3554 4956 3645 5009 καὶ
3674 4956 3773 5010 τὸν

2120 5043 2310 5097 ἑαυτοῦ
2341 5042 2594 5116 πενθερὸν
2649 5040 2855 5097 ἀνελών
2908 5046 2990 5117 [Ρ.
3013 5046 3141 5118 713]
3188 5046 3420 5101 Ἐκεῖθεν
3454 5045 3661 5099 ἄπεισιν
3696 5042 3781 5108 εἷς

2116 5133 2184 5187 τὰ
2215 5130 2444 5199 Σκόπια,
2478 5132 2563 5187 καὶ
2625 5131 2921 5207 στρατηγὸν
2980 5132 3353 5208 αὐτοκράτορα
3408 5130 3585 5187 λιπὼν
3621 5130 3677 5187 ἐν
3696 5136 3772 5206 τῇ

2118 5218 2277 5275 πόλει
2330 5215 2496 5275 Δαϐὶδ
2557 5218 2843 5296 πατρίκιον
2924 5222 3015 5276 τὸν
3091 5222 3399 5299 ’Λριανίτην
3475 5220 3779 5296 ὑπίστρεψε

1552 5392 1922 5448 XYLANDRI
1961 5392 2052 5448 ET
2092 5392 2311 5449 GOARI
2349 5392 2576 5449 NOTAE.

434 5540 545 5612 (63)
580 5538 642 5594 ld
677 5534 946 5612 vocabuli
977 5534 1565 5612 Icredqsigniﬁcare,
1610 5534 1813 5612 fugite,
1847 5535 2011 5601 Quod

363 5606 824 5670 circumstantia
844 5614 1098 5682 arguunt
1119 5606 1419 5681 aliquanto
1442 5606 1735 5682 superius.
1766 5610 1912 5666 XYL.
1942 5638 2013 5651 -

2120 5536 2328 5593 Verbis
2359 5537 2604 5611 Latinis,
2630 5537 2748 5611 vel
2779 5537 2974 5611 potius
3019 5537 3200 5607 Italis,
3244 5539 3453 5611 Fugite,
3486 5552 3515 5593 ο
3557 5540 3769 5611 Caesar,

2122 5609 2593 5683 pronuntiatione
2624 5608 2797 5669 Italis
2813 5610 3032 5669 eisdem
3069 5608 3339 5685 propriai
3356 5609 3536 5668 Goaa.
