4014 6194
414 320 537 384 203

1776 321 2096 383 GEORGII
2141 321 2482 384 CEDRENI

3707 319 3827 381 204

380 516 383 517 ν
483 456 710 510 Mortuo
731 452 1155 522 Bladisthlabo,
1175 470 1307 510 cum
1339 471 1483 510 uxor
1512 454 1584 509 ab
1616 471 1682 510 ea
1714 454 1935 523 relicta,
1961 454 2044 509 fili

2250 452 2397 509 Μετὰ
2452 453 2556 528 γὰρ
2613 451 2704 506 τὸν
2758 454 2856 506 τοῦ
2886 443 3303 508 Βλαδισθλάϐου
3330 452 3426 505 τοῦ
3456 450 3544 505 καὶ
3575 449 3823 509 Ἰωάννου

412 558 737 615 omnesque
760 542 1043 616 Bulgaria:
1067 559 1331 616 proceres
1348 543 1685 615 imperatori
1708 544 2066 600 deditionem

415 632 717 705 fecissent,
734 633 895 690 solus
925 632 1019 689 hic
1044 633 1265 688 Ibatzes
1297 634 1546 706 fugiens,
1571 640 1850 705 occupato
1873 639 2069 689 monte

426 738 700 779 accessus
726 724 971 778 habente
992 721 1592 788 difﬁcillimos.arcem
1619 728 1811 778 autem
1845 724 2065 794 regiam

431 811 863 884 perelegantem
888 812 1208 882 hortosque
1237 816 1292 867 et
1322 812 1437 866 alia
1462 811 1890 867 oblectamenta
1922 829 2063 884 prae-

415 900 571 957 clara
601 901 970 972 (Brochotum
1023 900 1283 973 quidam,
1317 900 1415 956 alii
1465 901 1776 957 Pronistan
1811 902 2063 972 vocant),

415 998 578 1056 solus
606 1000 711 1055 Dei
739 999 1022 1055 voluntati
1054 1017 1183 1055 sese
1205 1001 1557 1071 opponebat,
1585 1000 1896 1070 copiasque
1920 1017 2065 1070 pau-

413 1084 579 1141 latim
607 1084 887 1157 colligeos
912 1085 1290 1141 rebellionem
1334 1086 1711 1152 moliebatur,
1744 1087 2061 1158 imperium

410 1174 787 1247 Bulgaricum
836 1176 1160 1231 somnians.
1213 1176 1375 1230 Haud
1431 1176 1699 1249 exiguam
1752 1176 1806 1231 id
1843 1176 2061 1232 factum

409 1263 752 1336 imperatori
803 1264 1000 1321 attulit
1048 1264 1378 1320 molestiam
1415 1282 1428 1319 :
1463 1265 1713 1338 ideoque
1761 1270 1916 1321 recto
1967 1266 2060 1320 iti-

406 1369 545 1409 nere
576 1354 795 1411 omisso
826 1356 897 1410 ad
946 1354 1252 1410 meridiem
1301 1354 1635 1420 declinavit,
1676 1355 2063 1427 Diabolinque

405 1457 469 1498 se
498 1443 766 1510 contulit,
800 1448 867 1499 ut
914 1448 1017 1499 aut
1047 1444 1330 1499 desistere
1382 1445 1454 1499 ab
1504 1444 1685 1499 armis
1716 1444 2061 1499 seditiosum

405 1530 590 1587 istum
621 1538 855 1604 cogeret
884 1538 985 1589 aut
1007 1532 1158 1588 bello
1182 1532 1553 1604 opprimeret.
1580 1533 1663 1588 lbi
1688 1549 1823 1605 ergo
1842 1534 2060 1604 degens

405 1620 751 1695 aliquandiu
803 1624 1036 1679 Ibatzen
1090 1638 1194 1696 per
1242 1622 1471 1679 litteras
1524 1622 1793 1679 hortatus
1842 1628 1931 1679 est
1987 1639 2060 1678 ne

402 1711 678 1783 Bulgaria
702 1713 949 1768 subacta
978 1712 1141 1769 solus
1162 1712 1288 1783 ipse
1306 1711 1585 1768 rebellare
1611 1712 1805 1779 vellet,
1829 1728 1969 1769 neve
1991 1728 2059 1769 ea

2178 542 2399 607 θάνατον
2429 541 2520 596 καὶ
2550 548 2650 611 τῆς
2682 540 2934 617 γυναικὸς
2984 539 3149 594 αὐτοῦ
3179 539 3389 614 Μαρίας
3424 540 3515 594 καὶ
3560 544 3666 595 τῶν
3696 540 3825 596 ταύ-

2175 654 2276 703 της
2331 629 2539 688 παίδων
2571 632 2966 708 προσχώρησιν
3025 628 3115 684 καὶ
3152 630 3250 698 τὴν
3278 634 3385 683 τῶν
3446 627 3631 685 ἄλλων
3664 628 3824 685 δυνα-

2178 727 2315 776 στῶν
2372 722 2586 792 ἀπάσης
2644 718 2987 795 Βουλγαρίας
3019 719 3260 788 ὑπακοὴν
3324 720 3352 773 6
3384 713 3631 789 Ἰϐἀτζης
3663 720 3822 781 οὗτος

2177 812 2357 887 φυγὼν
2416 810 2504 865 καὶ
2558 805 2609 863 ἔν
2665 830 2770 863 τινι
2830 803 3079 880 δυσϐάτῳ
3140 807 3429 884 γενόμενος
3486 804 3600 881 ὄρει
3660 812 3822 882 (Βρο-

2175 901 2359 975 χωτὸς
2416 899 2615 969 κλῆσις
2678 899 2851 971 αὐτῷ)
2890 896 3138 971 βασίλειά
3186 919 3244 952 τε
3298 894 3481 972 ἔχοντι
3510 896 3817 971 περικαλλῆ

2176 989 2492 1063 (Προνίσταν
2559 992 2728 1044 ταῦτα
2798 986 3050 1061 καλοῦσι)
3131 987 3223 1041 καὶ
3295 983 3650 1062 παραδείσους
3728 989 3821 1042 καὶ

2174 1076 2504 1138 ἀπολαύσεις
2566 1077 2665 1132 οὐκ
2711 1077 3010 1152 ἀπρεπεῖς,
3079 1075 3287 1145 ὑπεῖξαι
3342 1080 3459 1137 τοῖς
3519 1074 3819 1148 θελήμασιν

2173 1166 2272 1222 οὐκ
2329 1161 2587 1253 ἐϐοέλετο
2643 1165 2742 1221 τοῦ
2800 1170 2955 1234 Θεοῦ,
3017 1162 3162 1220 ἀλλά
3193 1162 3417 1238 δύναμιν
3470 1163 3529 1220 ἐκ
3562 1169 3659 1219 τοῦ
3685 1167 3825 1220 κατὰ

2176 1266 2366 1340 μικρὸν
2463 1265 2777 1341 συνεγείρων
2886 1263 3178 1318 ἀνεστάτου
3284 1262 3352 1318 τὰ
3452 1263 3824 1338 παρακείμενα

2169 1354 2259 1410 καὶ
2318 1353 2644 1409 ἀποστασίαν
2706 1350 2936 1425 ἐμελέτα
2977 1352 3067 1407 καὶ
3108 1354 3206 1422 την
3254 1348 3629 1426 Βουλγαρικὴν
3663 1352 3822 1407 ὠνει-

2172 1442 2403 1519 ροπόλει
2454 1444 2658 1517 ἀρχήν.
2712 1447 2880 1498 Τοῦτο
2941 1441 3002 1496 οὐ
3068 1445 3276 1515 μικρῶς
3331 1440 3520 1496 ἐλύπει
3579 1442 3669 1496 τὸν
3727 1442 3819 1516 βα-

2170 1530 2345 1601 σιλέα,
2394 1532 2485 1587 καὶ
2534 1529 2623 1586 διὰ
2668 1535 2830 1586 τοῦτο
2860 1534 2957 1586 τοῦ
2987 1531 3103 1585 κατ’
3135 1528 3339 1594 εὐθεῖαν
3394 1529 3655 1606 ἀφέμενος
3711 1552 3821 1585 πο-

2169 1621 2414 1696 ρεύεσθαι
2493 1618 2751 1676 ἀπέκλινε
2819 1620 2956 1695 πρὸς
3038 1613 3383 1695 μεσημϐρίαν
3414 1663 3429 1690 ,
3512 1619 3599 1673 καὶ
3681 1621 3820 1674 κατὰ

2164 1712 2263 1779 τὴν
2333 1710 2630 1788 εἰρημένην
2706 1709 2916 1784 ἐγένετο
2997 1699 3304 1780 Διάϐολιν,
3361 1707 3437 1770 ὡς
3499 1707 3537 1777 ἢ
3592 1729 3821 1764 κατανα-

403 1799 517 1854 sibi
550 1799 809 1871 polliceri
840 1818 989 1857 vana
1009 1817 1112 1872 spe
1135 1818 1264 1873 quae
1294 1800 1541 1873 adipisci
1560 1802 1830 1873 nequiret
1855 1819 1867 1857 :
1894 1802 2044 1874 cogi-

2163 1801 2375 1875 γκάσων
2428 1802 2644 1862 πάντως
2702 1801 2793 1854 τὸν
2853 1799 3161 1868 ἀποστάτην
3218 1799 3525 1853 καταθεῖναι
3554 1797 3620 1852 “ri
3667 1798 3817 1854 ὅπλα

2172 1891 2198 1904 ει
2331 1888 2350 1904 ‘
2386 1888 2397 1904 Ι
2585 1893 2611 1903 ~
3021 1888 3033 1904 Ι
3290 1890 3325 1904 II
3370 1885 3383 1904 \
3425 1887 3439 1904 ο
3541 1888 3557 1904 \
3657 1886 3685 1904 Λ

402 1892 556 1945 taret
584 1890 739 1945 hunc
790 1890 902 1945 sibi
952 1895 1216 1946 conatum
1274 1890 1426 1946 male
1474 1907 1801 1946 cessurum.
1842 1892 1927 1946 Ad
1959 1908 2055 1949 eas

400 1977 625 2035 litteras
685 1980 909 2035 Ibatzes
967 1978 1049 2035 ita
1106 1978 1409 2051 rescripsit
1458 1984 1523 2035 ut
1572 1981 1769 2036 omnis
1825 1981 2054 2053 generis

399 2084 545 2124 usus
596 2069 972 2139 praetextibus
1032 2085 1154 2124 rem
1211 2068 1559 2138 extraheret,
1612 2068 2055 2143 imperatorque

399 2156 472 2211 ab
504 2173 570 2212 eo
602 2156 854 2212 laetatus
901 2156 1332 2229 quinquaginta
1379 2157 1643 2229 quinque
1694 2157 1819 2213 dies
1850 2164 2055 2215 contra

401 2247 547 2301 471
586 2246 769 2301 animi
801 2246 1152 2302 sententiam
1198 2246 1422 2301 Diaboli
1454 2246 1715 2301 haereret.
1746 2250 1818 2301 At
1848 2248 2051 2304 Acbri-

408 2334 500 2391 dis
517 2335 828 2409 praefectus
853 2334 1284 2406 Daphnomelus
1306 2336 1515 2390 certior
1539 2335 1725 2391 factus
1744 2335 2053 2408 imperato-

407 2439 529 2479 rem
554 2424 626 2479 de
649 2423 1034 2496 opprimendo
1052 2424 1248 2479 Ibatza
1269 2441 1399 2480 esse
1417 2423 1757 2494 sollicitum,
1788 2426 2053 2482 instituto

406 2529 513 2569 suo
542 2529 675 2568 cum
720 2514 950 2569 duobus
1000 2530 1253 2584 quorum
1301 2513 1352 2569 ei
1402 2519 1706 2585 perspecta
1752 2519 1878 2569 erat
1908 2515 2054 2570 fides

402 2602 639 2658 famulis
660 2604 1112 2672 communicato,
1137 2603 1635 2674 opportunitatem
1659 2610 1907 2659 venatus
1930 2621 2052 2660 rem

402 2691 485 2746 ita
501 2692 858 2764 aggreditur.
879 2691 1149 2747 Solemne
1167 2692 1383 2747 festum
1406 2692 1840 2764 Assumptionis
1861 2692 2054 2750 Mariae

401 2780 624 2836 lbatzes
656 2780 891 2852 publice
921 2780 1276 2847 celebrabat,
1306 2781 1784 2853 vocabanturque
1817 2783 1887 2837 ad
1921 2798 2055 2838 con-

399 2868 619 2925 vivium
651 2870 722 2925 de
753 2886 914 2926 more
946 2886 1061 2925 non
1092 2870 1267 2925 vicini
1299 2871 1496 2935 modo,
1520 2871 1621 2924 sed
1652 2876 1708 2924 et
1740 2871 2049 2942 peregrini.

397 2959 483 3015 Ad
515 2976 643 3015 eam
678 2959 1051 3015 festivitatem
1087 2959 1425 3014 Eustathius
1458 2957 1608 3015 ultro
1640 2960 2050 3040 proficiscitur.

398 3058 662 3131 Cumque
703 3057 1008 3115 incidisset
1058 3058 1115 3112 in
1168 3057 1441 3114 custodes
1498 3056 1745 3129 viarum,
1781 3059 2052 3116 nuntiare

395 3147 604 3204 Ibatzaa
626 3148 801 3218 jubet
838 3147 1188 3203 nominatim
1237 3163 1299 3203 se
1330 3147 1537 3203 adesse
1568 3152 1624 3202 et
1672 3163 1883 3219 cupere
1913 3165 2047 3204 cum

2164 1891 2199 1959 ἢ
2254 1888 2489 1962 πολέμῳ
2517 1893 2709 1943 τοῦτον
2738 1888 3225 1965 κατεργασόμενος.
3289 1885 3385 1943 Καὶ
3418 1887 3446 1941 6
3503 1888 3593 1960 μὲν
3655 1886 3818 1961 βασι-

2166 1976 2292 2041 λεὺς
2346 1976 2397 2033 ἐν
2447 1983 2526 2051 τῷ
2612 1977 2827 2054 ῥηθέντι
2893 1978 3048 2050 τόπῳ
3102 1975 3437 2055 φιλοχωρῶν
3494 1978 3813 2052 γράμμασιν

2162 2067 2423 2131 ἐνουθέτει
2458 2068 2549 2122 τὸν
2611 2061 2879 2137 Ἰϐάτζην,
2954 2067 3029 2139 μή
3091 2068 3187 2135 τῆς
3243 2064 3577 2143 Βουλγαρίας
3634 2066 3818 2138 πάσης

2120 2153 2131 2163 ’
2167 2157 2525 2230 ὑποταγείσης
2558 2158 2718 2229 μόνον
2753 2154 3021 2231 ἀνταίρειν
3054 2161 3247 2231 χεῖρας
3280 2154 3439 2210 αὐτὸν
3491 2152 3631 2229 μηδὲ
3675 2178 3815 2234 φαν-

2159 2247 2411 2315 τάζεσθαι
2467 2247 2535 2300 τὰ
2586 2243 2868 2315 ἀτέλεστα,
2900 2244 3232 2319 γινώσκοντα
3271 2244 3344 2307 ὡς
3394 2242 3491 2298 οὐκ
3540 2243 3616 2306 είς
3672 2242 3814 2316 ὄνη-

2163 2356 2245 2389 σιν
2306 2335 2450 2406 αὖτῷ
2478 2335 2541 2389 τὸ
2573 2333 2879 2410 ἐγχείρημα
2930 2333 3262 2404 τελευτήσει.
3296 2334 3358 2390 Ὀ
3416 2330 3472 2387 δὲ
3518 2334 3583 2388 τὰ
3626 2334 3814 2408 γράμ-

2167 2446 2307 2497 ματα
2350 2422 2648 2500 δεχόμενος
2694 2425 2785 2479 καὶ
2838 2424 3043 2499 ἑτέροις
3092 2418 3472 2496 ἀμειϐόμενος,
3532 2422 3619 2478 καὶ
3676 2444 3817 2478 παν-

2159 2512 2313 2575 τοίας
2387 2512 2667 2587 προτιθεὶς
2737 2513 3011 2588 ἀφορμάς,
3077 2511 3340 2587 παρεῖλκε
3387 2510 3475 2566 καὶ
3533 2509 3820 2582 ἀνεδύετο,

2163 2602 2238 2664 ὡς
2287 2602 2687 2677 ἀναγκασθῆναι
2745 2604 2838 2657 τὸν
2907 2599 3130 2676 βασιλέα
3188 2600 3273 2655 ἐπὶ
3307 2599 3463 2656 πέντε
3493 2601 3582 2655 καὶ
3616 2605 3824 2672 πεντήο

2159 2711 2325 2745 κοντα
2381 2691 2591 2765 ἡμέρας
2652 2687 2988 2765 ἐνδιατρῖψαι
3049 2694 3129 2762 τῷ
3186 2688 3360 2761 τόπῳ,
3391 2695 3511 2752 ταῖς
3574 2690 3823 2766 ὑποσχέ-

2162 2799 2274 2834 σεσι
2327 2777 2739 2853 δελεαζόμενον.
2772 2779 3050 2854 Ἐγνώσθη
3107 2777 3173 2833 τά
3227 2783 3324 2833 τοῦ
3367 2777 3685 2854 πράγματος
3739 2784 3821 2852 τῷ

2158 2874 2260 2936 τῆς
2317 2866 2574 2946 ’Λχρίδος
2619 2866 2845 2945 ἄρχοντι
2895 2866 3171 2941 Εὐσταθίῳ
3223 2872 3303 2939 τῷ
3333 2865 3689 2946 Δαφνομήλῃ,
3732 2868 3821 2923 ὃτι

2165 2966 2316 3040 μέλει
2348 2972 2425 3039 τῷ
2461 2967 2677 3040 βασιλεῖ
2703 2970 2738 3037 ἡ
2769 2971 2865 3022 τοῦ
2922 2962 3135 3037 Ἰϐάτζη
3166 2965 3494 3041 καθαίρεσις.
3527 2965 3627 3023 Καὶ
3673 2965 3824 3036 δῆτα

2159 3057 2346 3132 καιρὸν
2430 3054 2737 3128 ἐπιτήδειον
2816 3057 3096 3131 εὑρηκὼς,
3160 3056 3250 3110 καὶ
3323 3053 3443 3110 δυσὶ
3518 3055 3818 3130 θεράπουσι

2157 3149 2268 3200 τῶν
2331 3145 2742 3201 πιστικωτάτων
2805 3143 3339 3220 κοινολογησάμενος
3410 3143 3499 3199 καὶ
3554 3145 3617 3199 τὸ
3681 3145 3820 3218 βού-

395 3236 525 3310 ipso
546 3213 811 3293 animum
829 3235 1173 3292 exhilarare.
1195 3235 1440 3291 Miratus
1462 3240 1551 3291 est
1576 3213 1795 3292 Ibalzes
1818 3235 2044 3293 hostem

2161 3232 2337 3307 λευμα
2392 3235 2727 3312 φανερώσας,
2786 3213 3149 3311 ἐγχειρεῖπῇ
3183 3213 3406 3306 πράξει.
3484 3213 3820 3305 Δημοτελής

396 3342 506 3383 sua
535 3329 743 3398 sponte
771 3326 965 3382 venire
998 3341 1064 3380 ac
1094 3341 1157 3381 se
1187 3324 1447 3381 hostium
1482 3320 1756 3380 manibus
1786 3326 2043 3395 credere,

393 3415 591 3473 venire
637 3418 833 3475 tamen
877 3415 1081 3487 jussit,
1114 3414 1560 3484 admissumque
1605 3413 1773 3471 laetus
1821 3415 2047 3487 excepit

393 3508 569 3577 atque
598 3505 901 3576 amplexus
918 3509 1026 3560 est.
1053 3503 1243 3559 Finito
1273 3503 1491 3575 hymno
1516 3503 1829 3571 matutino,
1854 3505 2044 3559 omni-

390 3595 617 3664 busque
648 3594 782 3650 aliis
814 3595 871 3649 in
895 3610 1003 3649 sua
1026 3593 1273 3663 dilapsis
1301 3591 1643 3659 diversoria,
1677 3593 1908 3648 Ibatzen
1928 3594 2043 3649 Eu-

393 3682 651 3738 stathius
683 3682 925 3752 accedit,
956 3686 1014 3737 et
1046 3682 1200 3751 quod
1224 3680 1463 3735 haberet
1492 3696 1619 3751 qua
1640 3681 1887 3736 seorsim
1909 3699 2039 3738 cum

388 3772 517 3843 ipso
538 3772 969 3842 colloqueretur
986 3769 1250 3841 apprime
1272 3769 1601 3825 necessaria
1628 3786 1693 3824 ac
1717 3770 1828 3841 ipsi
1850 3770 2037 3840 utilia,

391 3861 535 3933 petit
566 3865 631 3915 ut
675 3859 885 3931 reliqui
936 3858 1173 3915 interim
1224 3858 1526 3913 secedant.
1588 3858 1810 3913 Ibatzes
1841 3858 2039 3915 dolum

392 3967 509 4007 non
560 3953 841 4017 sentiens,
884 3948 1115 4019 sibique
1163 3948 1404 4003 omnino
1454 3950 1815 4018 persuadens
1864 3954 2040 4005 Eusta

390 4041 585 4097 thium
616 4055 749 4096 cum
781 4039 909 4111 ipso
938 4037 1084 4094 velle
1126 4036 1465 4092 societatem
1498 4036 1832 4092 rebellionis
1862 4038 2036 4110 coire,

390 4139 631 4195 dimotis
661 4136 1088 4209 aliquantisper
1103 4133 1339 4190 famulis
1357 4151 1532 4189 manu
1557 4151 1689 4189 eum
1712 4136 2036 4207 apprehen-

390 4245 522 4285 sum
554 4228 613 4284 in
643 4228 971 4299 pomarium
1003 4226 1297 4297 quoddam
1330 4223 1566 4278 abducit
1595 4241 1841 4295 opacum
1866 4226 2035 4280 arbo-

389 4318 671 4389 ribusque
692 4317 775 4373 ita
802 4318 981 4372 dense
1014 4315 1301 4370 consitum
1322 4318 1385 4367 ut
1411 4328 1482 4366 ne
1502 4330 1607 4367 vox
1640 4313 1876 4384 quidem
1900 4315 2035 4370 inde

387 4409 542 4465 412
572 4406 832 4463 exaudiri
886 4408 1099 4477 posset.
1156 4404 1237 4458 Ibi
1290 4401 1482 4457 solum
1536 4403 1791 4458 Ibaizam
1826 4410 2034 4460 nactus

385 4497 750 4565 Eustathius,
781 4496 956 4552 homo
989 4510 1161 4550 manu
1195 4496 1524 4565 promptus,
1546 4492 1603 4546 in
1637 4497 1848 4549 terram
1872 4493 2027 4550 illico

2154 3321 2319 3398 ἤγετο
2377 3324 2538 3400 ἑορτή
2595 3328 2675 3396 τῷ
2732 3319 2965 3398 Ἰϐάτζῃ,
3023 3324 3058 3393 ἡ
3117 3320 3381 3395 κοίμησις
3410 3325 3510 3391 τῆς
3542 3322 3818 3397 παναγίου

2153 3414 2244 3468 καὶ
2300 3414 2692 3486 Θεομήτορος.
2748 3412 2895 3467 Κατά
2946 3410 3148 3482 ταύτην
3202 3412 3299 3480 τὴν
3360 3410 3567 3487 ἡμέραν
3625 3409 3815 3475 εἷ’ώθει

2155 3500 2441 3577 συγκαλεῖν
2498 3502 2574 3565 εἲς
2635 3502 2871 3577 εὐωχίαν
2914 3500 2981 3556 οὖ
3038 3499 3166 3563 τοὺς
3196 3500 3574 3576 ἀγρογείτονας
3632 3501 3812 3572 μόνον

2151 3592 2240 3647 καὶ
2301 3591 2729 3668 ἀγχιτέρμονας,
2807 3588 2953 3645 ἀλλὰ
3024 3591 3115 3645 καὶ
3169 3594 3277 3644 τῶν
3338 3590 3414 3650 ὡς
3468 3587 3815 3665 πορρωτάτω

2150 3680 2419 3743 πολλούς.
2450 3687 2663 3735 ’Δπεισι
2692 3685 2821 3756 γοῦν
2848 3681 2876 3734 6
2908 3680 3208 3743 Εὐστάθιος
3234 3676 3572 3749 αὐτόκλητος
3601 3676 3677 3739 είς
3708 3679 3817 3747 τὴν

2152 3771 2368 3844 ἑορτὴν,
2422 3770 2511 3825 καὶ
2569 3775 2687 3831 τοῖς
2747 3767 3106 3847 φυλάττουσιν
3164 3767 3403 3842 ἐντυχὼν
3460 3766 3555 3828 τὰς
3584 3764 3815 3831 διόδους

2150 3858 2514 3935 ἀπαγγέλλειν
2547 3857 2786 3914 ἐκέλευεν
2835 3857 2979 3920 ὅστις
3030 3854 3138 3927 εἷή,
3185 3856 3275 3911 καὶ
3326 3855 3409 3911 ὅτι
3457 3858 3678 3929 πάρεστι
3724 3860 3811 3929 τῷ

2148 3949 2377 4023 ἄρχοντι
2460 3949 3090 4024 συνευφρανθησόμενος.
3182 3943 3658 4021 Ἀπαγγειλάντων
3746 3941 3817 4000 δὲ

2144 4038 2376 4109 τούτων,
2450 4037 2501 4092 ἐν
2581 4037 2813 4109 θαύματι
2886 4037 2913 4091 6
2974 4031 3220 4105 Ἰϐάτζης
3280 4033 3440 4099 ἐτίθει
3501 4033 3549 4088 εἷ’
3598 4031 3811 4107 δυσμε-

2146 4126 2247 4194 νὴς
2296 4125 2580 4202 ἄνθρωπος
2637 4125 2957 4201 αὐθαίρετος
2997 4122 3118 4193 ἥκει
3177 4125 3263 4178 καὶ
3325 4124 3512 4200 χερσὶν
3570 4119 3809 4177 ἐκδίδω-

2148 4234 2229 4267 σιν
2290 4214 2474 4269 ἒαυτὸν
2526 4213 2846 4287 πολεμίαις.
2907 4214 3099 4286 Ὅμως
3132 4210 3413 4290 ἀφιλέσθαι
3443 4208 3678 4281 κελεύει,
3707 4213 3808 4266 καὶ

2145 4300 2369 4358 ἐλθόντα
2400 4301 2611 4373 ἐδέξατό
2663 4324 2721 4358 τε
2773 4307 3091 4377 περιχαρῶς
3136 4302 3226 4357 καὶ
3275 4301 3578 4372 ἠσπάσατο.
3634 4304 3805 4375 ’Ἄρτι

2146 4390 2204 4447 δὶ
2257 4392 2604 4456 τελεσθέντος
2668 4396 2765 4447 τοῦ
2796 4390 3023 4456 ἐωθινοῦ
3064 4390 3257 4463 ὕμνου,
3307 4391 3399 4445 καὶ
3450 4410 3655 4445 παντων
3687 4394 3805 4444 τῶν

2146 4489 2567 4566 συνειλεγμένων
2623 4490 2699 4552 εἷς
2756 4490 2848 4551 τὰς
2906 4486 3047 4552 ἰδίας
3101 4485 3493 4543 σκεδασθέντων
3552 4507 3813 4561 κατα-τωο

383 4590 721 4662 prosternit,
754 4602 1029 4658 genuque
1050 4585 1268 4656 pectori
1300 4585 1428 4653 ejus
1461 4584 1697 4638 innixus
1729 4601 1928 4641 vocem
1951 4586 2027 4655 ja-

2161 4580 2256 4646 νὰς,
2314 4581 2341 4634 6
2401 4579 2697 4644 Εὐστάθιος
2763 4577 3013 4653 πρόσεισι
3059 4581 3136 4649 τῷ
3208 4572 3452 4652 Ἰϐἀτζῃ,
3500 4574 3589 4630 καὶ
3649 4574 3809 4646 ἀξιοῖ

382 4679 569 4735 centis
601 4676 958 4743 intercludit,
992 4675 1258 4745 duosque
1280 4690 1419 4728 suos
1448 4673 1702 4727 famulos
1728 4675 2028 4729 celerrime

378 4767 693 4826 Subvenire
714 4766 903 4837 jubet,
936 4764 1058 4835 qui,
1092 4768 1156 4818 ut
1185 4767 1308 4817 erat
1354 4762 1772 4832 compositum,
1804 4767 2027 4820 stantes

382 4862 438 4914 et
467 4856 699 4914 eventui
730 4856 962 4920 intenti,
1012 4853 1366 4923 simulatque
1396 4851 1620 4905 domini
1650 4868 1757 4906 vox
1785 4852 2028 4909 auribus

379 4950 645 5020 ipsorum
668 4945 846 5000 allata
875 4948 985 5009 est,
1018 4947 1354 5011 accurrunt,
1380 4942 1584 4996 Ibatzae
1606 4958 1670 4996 os
1701 4947 1857 4997 veste
1880 4943 2025 5012 inje-

380 5041 473 5093 cta
503 5037 803 5103 obturant,
839 5049 912 5089 ne
942 5032 1013 5087 ad
1046 5033 1174 5103 ejus
1195 5030 1507 5085 clamorem
1526 5030 1858 5087 conﬂuente
1880 5030 2028 5087 mul-

379 5126 636 5182 titudine
665 5128 909 5180 conatus
942 5121 1326 5177 fieretirritus
1352 5140 1365 5187 ;
1396 5124 1453 5175 et
1483 5119 1683 5175 oculos
1716 5120 1767 5175 ei
1798 5120 2025 5176 exscul-

378 5219 527 5288 punt
559 5231 572 5271 :
606 5218 885 5271 caecatum
918 5213 979 5267 in
1010 5202 1204 5268 aulam
1256 5209 1572 5280 projiciunt
1600 5212 1763 5265 extra
1793 5210 2022 5282 paradi-

374 5320 531 5372 sum,
566 5302 679 5375 ipsi
710 5304 767 5358 in
801 5301 1055 5358 sublime
1087 5300 1297 5355 domus
1349 5298 1713 5354 cmuaculum
1744 5300 2020 5367 evadunt,

372 5392 710 5464 strictisque
750 5390 963 5464 gladiis
1009 5392 1351 5460 exspectant
1401 5386 1662 5442 hostium
1710 5389 2017 5460 impetum.

369 5490 612 5565 Cognito
643 5490 899 5548 facinore
948 5488 1159 5560 ingens
1208 5484 1489 5541 conﬂuxit
1537 5484 1871 5541 multitudo.
1907 5485 2019 5542 Alii

368 5582 601 5640 strictos
630 5579 905 5637 manibus
925 5577 1150 5652 gladios
1167 5579 1455 5642 tenentes,
1479 5572 1577 5629 alii
1601 5573 1823 5645 hastas,
1848 5590 2018 5633 arcus

368 5671 488 5747 alii,
526 5668 793 5730 nonnulli
841 5669 1087 5742 lapides,
1120 5666 1362 5740 quidam
1412 5664 1593 5738 ligna,
1627 5663 1812 5737 aliqui
1860 5664 2015 5723 faces

2136 4668 2263 4731 τοὺς
2294 4668 2499 4732 ἄλλους
2528 4668 2665 4743 πρὸς
2722 4668 2915 4741 μικρὸν
2977 4666 3230 4736 ἐκστῆναι
3264 4667 3341 4729 ὡς
3386 4666 3534 4741 τάχα
3568 4662 3803 4738 μέλλων

2137 4757 2296 4820 αὐτὸς
2345 4755 2681 4828 διαλέξεσθαι
2731 4758 2845 4812 κατ’
2899 4755 3036 4812 ἰδίαν
3087 4756 3212 4831 περί
3240 4776 3388 4819 τινος
3432 4755 3805 4830 ἀναγκαιοτά-

2135 4868 2234 4902 του
2266 4847 2353 4902 καὶ
2386 4846 2801 4911 λυσιτελοῦντος
2842 4845 3009 4918 αὐτῷ.
3047 4852 3127 4914 [Ρ.
3173 4846 3300 4919 725]
3349 4846 3411 4901 Ὁ
3467 4841 3523 4899 δί
3552 4844 3644 4899 τὸν
3701 4841 3806 4899 δό-

2138 4936 2233 4992 λον
2284 4937 2374 4992 καὶ
2418 4939 2517 5006 τήν
2575 4935 2787 5005 ἀπάτην
2850 4936 2926 5008 μή
2976 4936 3332 5005 κατανοήσας,
3391 4930 3538 4987 ἀλλὰ
3564 4936 3644 5003 τῷ
3676 4932 3799 4987 δντι

2136 5021 2433 5082 ὑπολαϐὼν
2490 5026 2565 5088 ὡς
2610 5022 2863 5101 βούλεται
2915 5024 3007 5078 καὶ
3060 5024 3219 5086 αὐτὸς
3268 5026 3344 5085 εἷς
3395 5020 3635 5097 γενέσθαι
3684 5027 3804 5077 τῶν

2135 5116 2504 5170 συνιστώντων
2555 5114 2701 5187 αὐτῷ
2746 5116 2844 5183 τὴν
2897 5113 3247 5185 ἀποστασίαν,
3287 5110 3416 5174 τοὺς
3457 5110 3803 5185 θεράποντας

2137 5214 2330 5289 μικρὸν
2356 5214 2657 5279 ἀποστῆναι
2708 5210 2986 5281 κελεύσας,
3043 5218 3144 5281 τῆς
3185 5210 3375 5287 χειρὸς
3430 5208 3643 5265 ἐκείνου
3689 5206 3802 5265 λιες

2132 5298 2365 5377 ϐόμενος
2433 5297 2484 5358 ἕν
2540 5323 2645 5357 τινι
2703 5298 3012 5377 παραδείσῳ
3080 5299 3283 5375 εἷ’σάγει
3340 5304 3624 5376 συνηρεφεῖ
3676 5295 3805 5353 δέν-

2132 5390 2280 5468 δροις
2311 5392 2400 5447 καὶ
2447 5390 2748 5462 κοιλότητα
2804 5387 3010 5467 ἔχοντι,
3041 5389 3118 5453 ὡς
3154 5386 3295 5463 μηδὶ
3349 5389 3534 5467 φωνὴν
3567 5386 3803 5463 65'9st-

2129 5494 2253 5547 σθαι
2312 5478 2563 5536 δύνασθαι
2616 5478 2704 5536 διὰ
2731 5480 2831 5549 τὴν
2888 5475 3257 5553 συνδενδρίαν.
3316 5478 3393 5537 Οὗ
3452 5476 3605 5539 ἐντὸς
3635 5476 3801 5552 γενό-

2133 5591 2292 5645 μενος
2344 5571 2373 5627 ὁ
2416 5570 2739 5642 Εὑστάθιος,
2790 5567 2879 5625 καὶ
2914 5566 3306 5643 μεμονωμένου
3356 5566 3663 5639 λαθόμενος
3690 5570 3802 5623 cuii

2128 5656 2395 5735 Ἰϐάτζου,
2454 5658 2531 5726 εἷς
2584 5665 2687 5739 γῆν
2740 5678 2799 5717 τε
2847 5658 3006 5716 αὐτὸν
3068 5656 3225 5725 εὐθὺς
3273 5649 3651 5727 καταϐάλλει,
3696 5655 3798 5713 καὶ
