4036 6194
234 286 350 349 205

1376 280 1920 345 HISTORIARUM
1963 281 2513 345 COMPENDIUM.

3530 286 3653 349 206

235 438 313 490 τῳ
340 416 530 487 στήθει
559 413 915 490 προσερείσας
953 412 1018 468 τὸ
1065 413 1195 489 γόνυ
1251 413 1341 485 (ἦν
1398 413 1501 488 γὰρ
1550 411 1689 468 κατά
1730 416 1892 488 χεῖρα

2007 414 2300 480 ardentes,
2320 416 2625 472 materiam
2642 414 2742 472 alii
2768 416 2923 489 ignis
2951 432 3244 487 capacem,
3269 417 3653 475 accurrebant

234 506 503 583 γενναῖος)
533 508 727 560 τοῦτον
780 509 1046 579 κατῆγχε,
1078 501 1168 558 καὶ
1226 506 1345 560 τοῖς
1404 499 1552 557 δυσὶν
1597 502 1890 577 ὑπηρέταις

236 595 616 652 ἑνεκελεόσατο
677 594 897 668 βοηθεῖν
954 594 1055 661 τὴν
1094 591 1381 668 ταχίστην.
1409 592 1478 649 Οἱ
1519 588 1596 662 δὲ,
1653 592 1889 666 καθάπερ

238 686 647 757 συντεθειμένον
705 683 798 751 ἦν,
858 681 1139 754 ἱστάμενοι
1204 680 1295 735 καὶ
1352 677 1780 755 καραδοκοῦντες
1829 679 1892 733 τὸ

244 774 477 846 μέλλον,
511 774 588 835 ὡς
626 771 863 841 ἤκουσαν
894 774 995 836 τῆς
1025 777 1210 849 φωνῆς
1253 774 1348 824 τοῦ
1397 770 1610 845 κυρίου,
1655 766 1889 843 ἔδραμόν

232 885 291 919 τε
350 861 575 929 εὐθέως,
630 860 721 916 καὶ
802 860 897 915 τὸν
957 854 1202 930 Ἰϐἀτζην
1264 858 1620 935 περισχόντες
1674 858 1764 913 καὶ
1814 861 1893 929 τῷ

234 958 433 1030 χιτῶνι
492 949 891 1028 ἀποφράξαντες
925 949 1097 1005 αὐτοῦ
1136 948 1201 1004 τὸ
1241 949 1437 1022 στόμα,
1479 948 1553 1011 ὡς
1613 949 1689 1021 μὴ
1753 948 1890 1023 βοή-

234 1063 329 1104 σας
357 1042 672 1117 περιστήσῃ
712 1038 927 1108 πλῆθος
986 1038 1170 1101 αὐτοῖς
1218 1039 1306 1093 καὶ
1364 1039 1636 1108 ἄπρακτον
1697 1038 1890 1091 ἀποτε-

234 1131 366 1205 λέσῃ
402 1131 469 1185 τὸ
520 1127 700 1205 ἔργον,
731 1127 1129 1206 ἀποτυφλοῦσι,
1179 1125 1533 1199 τυφλωθέντα
1582 1123 1640 1181 δὲ
1695 1120 1892 1180 ἐκϐάλ-

235 1220 390 1275 λουσι
419 1223 523 1274 τοῦ
549 1216 883 1293 παραδείσου
909 1218 986 1280 εἷς
1015 1218 1112 1286 τὴν
1146 1214 1344 1288 αὐλήν.
1378 1216 1547 1271 Αὐτοὶ
1592 1212 1650 1269 δὲ
1706 1212 1781 1276 εἷ¹ς
1838 1234 1889 1268 τι

233 1308 486 1383 ὅηρῷον
522 1308 736 1381 οἴκημα
769 1304 982 1382 ὑψηλὸν
1033 1303 1435 1381 ἀναδραμόντες
1493 1304 1584 1359 καὶ
1639 1304 1706 1359 τὰ
1764 1303 1889 1378 ξίφη

230 1399 557 1461 ἑλκύσαντες
626 1395 936 1473 ἐξεδέχοντο
1010 1396 1139 1459 τοὺς
1213 1393 1520 1469 μέλλοντας
1588 1393 1890 1469 προσιέναι.

234 1489 575 1550 Γνωσθέντος
625 1485 682 1542 δδ
726 1492 826 1542 τοῦ
875 1484 1149 1561 δράματος
1196 1484 1436 1561 συνέῤῥει
1486 1484 1703 1553 πλῆθος
1759 1482 1893 1555 ἀμύ-

232 1590 426 1649 θητον·
459 1578 518 1633 οἱ
569 1578 665 1650 μὲν
712 1577 814 1653 γὰρ
864 1574 993 1654 ξίφη
1045 1573 1364 1649 κατέχοντες
1395 1573 1448 1629 ὲν
1481 1574 1690 1649 χερσὶν,
1726 1573 1776 1626 οἱ
1836 1568 1893 1626 δὲ

232 1666 456 1742 δόρατα,
492 1668 547 1722 οἱ
577 1664 638 1722 δὲ
665 1662 815 1737 τόξα,
856 1666 909 1720 οἱ
962 1662 1021 1720 δὲ
1068 1663 1283 1732 λίθους,
1313 1664 1367 1719 οἱ
1427 1660 1483 1719 δὲ
1539 1662 1695 1735 ξύλα,
1726 1660 1777 1716 ot
1836 1658 1894 1716 δὲ

234 1756 438 1820 δαλοὺς
455 1757 809 1829 καιομένους,
823 1752 990 1809 ἄλλοι
1013 1751 1069 1809 δὶ
1085 1751 1223 1823 ὕλην
1247 1749 1575 1828 εὔπρηστον,
1594 1748 1740 1817 ἔθεον
1764 1751 1893 1825 βοηο

232 1846 570 1924 δρομοῦντες
608 1845 701 1900 καὶ
735 1843 1074 1921 κεκραγότες·
1100 1866 1127 1895 α
1155 1843 1603 1921 Σφαττέσθωσαν,
1629 1840 1891 1896 καιέσθω-

234 1958 353 2005 σαν,
409 1933 656 2009 μεληδὸν
720 1934 1256 2006 κατατεμνέσθωσαν,
1309 1929 1484 1996 λίθοις
1544 1928 1889 2006 καταχωννύ-

232 2028 447 2081 σθωσαν
481 2024 538 2078 οἱ
586 2022 926 2097 παλαμναῖοι
977 2021 1065 2077 καὶ
1109 2018 1411 2098 ἀλιτήριοι*
1448 2021 1523 2094 μή
1580 2041 1665 2083 τις
1723 2016 1891 2096 φειδὼ

232 2115 466 2192 γενέσθω
497 2118 613 2169 τῶν
646 2108 988 2187 ἀλαστόρων.
1022 2136 1050 2163 ››
1083 2108 1410 2187 Συνδρομήν
1452 2108 1510 2165 δὲ
1560 2110 1890 2182 θεασάμενος

231 2204 263 2258 ὁ
292 2202 613 2274 Εὖστάθιος,
665 2201 755 2256 καὶ
804 2208 906 2270 τῆς
965 2202 1155 2256 ἑαυτοῦ
1209 2200 1543 2275 ἀπεγνωκὼς
1595 2198 1891 2274 σωτηρίας,

230 2290 535 2369 παρεκάλει
590 2291 727 2353 τέως
775 2289 905 2353 τοὺς
960 2288 1096 2365 ἀμφ’
1153 2288 1312 2345 αὐτὸν
1389 2285 1585 2364 ἄνδρας
1658 2286 1889 2363 ἀγαθοὺς

231 2382 484 2455 γενέσθαι
540 2379 633 2435 καὶ
688 2380 764 2453 μή
827 2378 1248 2453 μαλακισθῆναι,
1301 2374 1429 2451 μηδ’
1478 2376 1701 2441 ἑαυτοὺς
1756 2397 1891 2453 προ-

230 2467 417 2525 δοῦναι
472 2470 570 2525 καὶ
613 2469 691 2531 εἲς
741 2467 978 2539 ἕξουσίαν
1028 2474 1207 2523 πεσεῖν
1262 2472 1369 2522 τῶν
1424 2466 1732 2539 ζητούντων
1790 2467 1889 2535 τὴν

227 2559 412 2615 αὐτῶν
460 2557 769 2627 ἀπώλειαν,
824 2558 915 2613 καὶ
974 2558 1102 2632 παρ’
1149 2557 1364 2612 ικείνων
1439 2558 1538 2626 τὴν
1616 2556 1891 2631 σωτηρίαν

226 2647 552 2724 atque“
609 2646 646 2717 ἢ
704 2645 928 2710 θάνατον
988 2647 1202 2723 οῗκτρὸν
1260 2645 1350 2701 καὶ
1401 2642 1692 2701 ἐπώδυνον.
1748 2646 1891 2720 Πρὸς

227 2736 287 2794 δὲ
314 2740 379 2793 τὸ
409 2737 635 2808 πλῆθος
693 2732 799 2791 ἀπό
854 2757 1001 2797 τινος
1058 2732 1281 2812 θυρίδος
1339 2734 1623 2810 προκύψας
1678 2735 1763 2789 καὶ
1820 2737 1890 2808 τῇ

225 2829 379 2903 χειρὶ
407 2824 774 2901 κατασιγάσας
804 2826 898 2881 τὸν
931 2820 1104 2900 ὄχλον
1132 2821 1364 2879 τοιῶνδε
1392 2822 1571 2899 λόγων
1592 2823 1888 2899 ἀπήρξατο·

229 2942 261 2969 ει
292 2919 423 2974 Ὀτι
482 2916 605 2989 μὲν,
638 2914 685 2969 ὦ
728 2912 914 2988 ἄνδρες
971 2915 1023 2969 οἱ
1073 2912 1498 2989 συνειλεγμένοι,
1534 2910 1766 2985 οὐδεμία
1811 2934 1894 2977 τις

230 3001 605 3083 προαπέκειτό
646 3025 739 3077 μοι
788 3002 1054 3078 ἀπέχθεια
1108 3001 1246 3077 πρὸς
1290 3002 1381 3056 τὸν
1427 3001 1682 3077 ὑμέτερον
1732 2999 1892 3056 δυνά-

235 3116 391 3166 στην,
421 3093 518 3149 καὶ
580 3094 739 3166 ὑμεῖς
778 3091 931 3148 αὐτοὶ
982 3092 1179 3153 πάντες
1227 3090 1418 3164 ἐρεῖτε,
1450 3084 1688 3166 ἀκριϐῶς
1748 3088 1889 3146 εἰδό-

2007 504 2381 575 opitulatum,
2414 506 2799 562 vociferantes
2822 522 2879 561 :«
2911 504 3284 578 Jugulantor,
3302 512 3647 573 cremantor,

2000 593 2375 650 membratim
2406 595 2812 663 conciduntor,
2835 594 3133 668 lapidibus
3165 596 3491 651 obruuntor
3520 612 3647 653 sce-

2000 681 2133 737 lesti
2168 700 2181 738 :
2218 701 2389 739 nemo
2427 684 2731 756 ﬂagitiosis
2778 685 2935 740 hisce
2965 690 3186 756 parcat.
3220 704 3251 738 υ
3283 685 3647 741 Concursum

2001 786 2247 828 cernens
2278 774 2637 841 Eustathius,
2664 774 2895 829 tametsi
2928 774 2999 830 de
3028 774 3217 831 salute
3248 791 3358 831 sua
3386 776 3649 848 despera-

2002 864 2111 930 rat,
2146 866 2336 917 tamen
2370 879 2507 917 suos
2546 862 2893 918 hortabatur
2937 870 3001 919 ut
3033 864 3229 920 animo
3259 870 3458 921 essent
3490 864 3644 935 forti,

2002 966 2191 1021 neque
2210 949 2615 1007 emollirentur
2634 958 2735 1007 aut
2765 970 2827 1009 se
2852 953 3012 1025 ipsos
3033 953 3306 1011 hostibus
3336 956 3649 1026 proderent

2002 1038 2189 1109 iisque
2220 1040 2495 1095 dederent
2525 1040 2622 1111 qui
2645 1042 2905 1112 ipsorum
2942 1048 3187 1099 mortem
3219 1044 3644 1115 desiderarent,

2002 1144 2147 1183 neve
2177 1129 2248 1183 ab
2278 1128 2352 1183 iis
2383 1129 2633 1186 salutem
2667 1132 2861 1201 potius
2911 1149 2974 1187 se
3005 1139 3426 1189 consecuturos
3468 1151 3647 1205 quam

2002 1216 2215 1272 misere
2240 1216 2610 1273 interfectum
2635 1220 2706 1273 iri
2738 1225 3032 1291 putarent.
3062 1223 3186 1294 [pse
3212 1239 3314 1294 per
3335 1223 3646 1279 fenestram

2002 1307 2320 1378 quamdam
2350 1307 2421 1361 ad
2449 1308 2682 1363 turbam
2712 1309 3094 1380 prospiciens,
3129 1328 3455 1382 manusque
3484 1318 3649 1368 motu

2002 1395 2301 1451 silentium
2354 1397 2507 1451 473
2556 1396 2893 1467 conﬁciens,
2945 1398 3026 1453 ita
3082 1415 3209 1454 eam
3260 1405 3350 1456 est
3387 1401 3645 1457 affatus:

2004 1504 2033 1535 ι(
2060 1484 2264 1540 Nullas
2295 1485 2508 1549 mihi,o
2529 1485 2864 1552 multitudo,
2886 1503 3016 1541 cum
3038 1494 3227 1542 vestro
3251 1489 3513 1561 principe
3540 1490 3651 1561 pri-

2001 1574 2179 1629 vatim
2242 1575 2643 1630 intercessisse
2702 1574 3040 1631 inimicitias
3090 1577 3174 1632 vel
3232 1578 3342 1650 ipsi
3380 1579 3650 1649 judicare

2002 1664 2267 1735 potestis.
2303 1663 2359 1719 Is
2391 1664 2547 1719 enim
2581 1664 2868 1735 Bulgarus
2891 1670 2999 1735 est,
3019 1682 3124 1737 ego
3155 1670 3648 1740 Romanus,quod

2001 1752 2165 1807 vobis
2194 1757 2284 1808 est
2313 1752 2709 1808 notissimum.
2746 1753 2944 1823 Neque
2988 1754 3285 1811 Romanus
3316 1771 3422 1828 ego
3453 1773 3585 1812 sum
3618 1774 3649 1814 θ

2001 1840 2249 1896 Thracia
2277 1846 2381 1895 aut
2410 1840 2750 1897 Macedonia
2795 1843 3104 1909 oriundus,
3138 1845 3239 1899 sed
3273 1860 3342 1899 ex
3371 1845 3508 1901 Asia
3538 1847 3650 1902 mi-

2001 1945 2178 1997 nore;
2211 1946 2338 2001 quae
2371 1934 2591 2000 quanto
2624 1930 2699 1985 sit
2720 1932 2909 2002 spatio
2932 1949 2964 1987 a
2994 1936 3183 1988 vestra
3214 1934 3401 2005 patria
3418 1934 3648 2004 dissita,

2000 2020 2169 2091 periti
2203 2024 2441 2074 norunt.
2470 2019 2601 2075 Jam
2654 2021 3061 2092 prudentiores
3092 2022 3148 2077 id
3182 2040 3298 2079 non
3332 2024 3654 2081 difﬁculter

1993 2108 2369 2179 judicabunt,
2405 2125 2521 2163 non
2555 2116 2769 2164 temere
2795 2126 2887 2165 me
2917 2116 3019 2166 aut
3047 2112 3287 2180 frustra,
3322 2114 3422 2169 sed
3458 2130 3651 2170 neces-

2001 2198 2173 2253 sitate
2204 2196 2403 2268 aliqua
2434 2199 2805 2269 compulsum
2839 2198 2948 2256 hoc
2998 2201 3274 2256 facinoris
3306 2218 3647 2274 aggressum

2002 2286 2206 2342 fuisse.
2239 2285 2470 2357 Alioqui
2490 2302 2794 2358 nunquam
2818 2305 2909 2344 me
2928 2290 2983 2344 in
3004 2293 3123 2345 tam
3158 2290 3398 2347 evidens
3422 2292 3647 2362 pericu-

2001 2374 2123 2430 lum
2164 2379 2285 2430 tam
2336 2376 2637 2431 dementer
2685 2377 3059 2448 conjecturus
3108 2379 3355 2435 fueram.
3401 2381 3650 2438 Proinde

2000 2465 2199 2521 sciatis
2222 2465 2393 2535 jussu
2426 2465 2819 2537 imperatoris,
2855 2468 3139 2539 quidquid
3163 2470 3291 2539 ejus
3322 2474 3431 2538 est,
3465 2470 3650 2527 fuisse

2001 2555 2244 2622 factum,
2270 2560 2327 2610 et
2374 2571 2508 2610 eum
2544 2572 2807 2611 mearum
2842 2573 3125 2612 manuum
3171 2575 3343 2613 usum
3376 2559 3650 2615 ministe-

2001 2643 2107 2698 rio.
2144 2644 2289 2715 Ergo
2321 2643 2371 2699 si
2403 2660 2496 2699 me
2524 2643 2704 2701 vultis
2754 2645 3037 2712 occidere,
3074 2663 3215 2702 sane
3244 2646 3650 2705 circumdatus

2000 2733 2061 2789 in
2094 2737 2283 2789 vestra
2314 2750 2446 2788 sum
2472 2738 2757 2805 potestate
2788 2753 2807 2789 :
2838 2751 3022 2806 neque
3052 2740 3247 2793 tamen
3282 2737 3445 2793 nullo
3474 2754 3650 2810 nego-

2001 2823 2081 2879 tio
2121 2840 2228 2879 nos
2260 2823 2597 2889 conficietis,
2646 2840 2837 2895 neque
2884 2825 3066 2882 armis
3118 2828 3401 2899 depositis
3446 2834 3651 2883 vestra

2003 2929 2110 2967 nos
2140 2913 2478 2968 tractandos
2527 2914 2969 2970 committemus
3002 2914 3253 2986 libidini,
3290 2918 3391 2973 sed
3441 2918 3513 2973 ad
3555 2935 3650 2973 ex-

2001 3006 2258 3057 tremum
2290 3017 2474 3071 usque
2504 3001 2777 3073 spiritum
2808 3019 2910 3073 pro
2944 3009 3144 3060 nostra
3172 3005 3290 3060 vita
3321 3022 3652 3078 propugna-
3678 3044 3687 3053 -

2004 3092 2222 3148 bimus.
2266 3091 2485 3157 Quodsi
2531 3090 2977 3159 interficiemur,
3032 3094 3187 3165 quod
3239 3095 3363 3149 ﬁeri
3414 3112 3653 3152 necesse

233 3163 332 3247 ne
380 3183 458 3245 ὡς
500 3163 823 3257 Βούλγαρος
873 3180 969 3254 μὶν
1016 3179 1197 3249 αὐτὸς,
1242 3163 1530 3253 Ῥωμαῖος
1558 3177 1600 3234 δ’
1643 3179 1770 3255 ἐγὼ,
1800 3180 1892 3234 καὶ

2004 3184 2110 3250 est,
2142 3196 2275 3234 cum
2306 3183 2426 3234 tam
2480 3180 2645 3251 pauci
2677 3196 2710 3234 a
2739 3183 2864 3235 tam
2914 3181 3119 3237 multis
3161 3182 3538 3240 circumclusi
3569 3186 3652 3241 si-

234 3275 523 3346 Ῥωμαῖος
556 3272 627 3327 οὗ
655 3275 763 3326 τῶν
796 3268 882 3325 ἐπὶ
914 3270 1127 3341 Θρᾴκης
1158 3270 1247 3324 καὶ
1288 3266 1626 3331 Μακεδονίας
1677 3268 1893 3323 οἰκούν-

230 3384 365 3431 των,
394 3360 526 3417 ἀλλ’
564 3360 625 3415 ἐκ
676 3363 777 3425 τῆς
835 3364 1030 3435 μικρᾶς
1092 3358 1296 3427 Ἀσίας,
1347 3358 1469 3428 ἥτις
1519 3357 1642 3413 ὅσον
1695 3357 1892 3432 ἀπέχει

236 3454 417 3526 ὑμῶν,
452 3447 626 3505 ἴσασιν
671 3449 721 3503 οὶ
767 3450 1148 3524 γινώσκοντες.
1181 3449 1306 3505 ’Ότι
1356 3445 1413 3502 δὲ
1458 3446 1547 3501 καὶ
1596 3446 1756 3509 αὐτὸς
1812 3451 1892 3519 τῷ

230 3542 474 3612 τοιούτῳ
505 3538 843 3614 ἐπεχείρησα
873 3533 1017 3613 ἔργῳ
1057 3536 1158 3593 οὐκ
1204 3536 1325 3605 εἰκῆ
1375 3538 1464 3592 καὶ
1518 3538 1716 3610 μάτην,
1751 3534 1895 3591 ἀλλά

231 3650 315 3692 τις
378 3630 451 3703 μὶ
507 3628 832 3698 κατήπειξεν
888 3627 1115 3702 ἀνάγκη,
1175 3624 1445 3702 λογιεῖσθε
1502 3626 1553 3680 οἱ
1612 3626 1895 3703 φρονιμώ-

234 3739 408 3794 τεροι.
437 3718 513 3773 Οὐ
544 3718 649 3793 γὰρ
682 3714 742 3770 ἂν
775 3714 919 3771 οὕτω
955 3712 1246 3789 μανιωδῶς
1282 3714 1361 3777 εἲς
1399 3713 1675 3789 προῦπτον
1728 3714 1894 3787 ἐμαυ-

236 3810 326 3863 τὸν
372 3806 640 3883 ὶνέρῥιψα
686 3803 932 3861 κίνδυνον
982 3804 1072 3860 καὶ
1117 3811 1217 3874 τῆς
1269 3802 1507 3877 ἐμαυτοῦ
1562 3809 1707 3873 ζωῆς
1768 3825 1896 3859 κατ-

240 3898 540 3973 εφρόνησα,
576 3894 625 3950 εἴ
662 3897 736 3967 μή
769 3916 855 3957 τις
880 3893 947 3961 ἦν
999 3893 1147 3965 ἄλλη
1190 3893 1338 3949 αἰτία
1385 3896 1420 3964 ἠ
1470 3893 1772 3969 βιασαμένη
1833 3914 1899 3966 με

241 3987 377 4059 πρὸς
425 3985 527 4052 τήν
570 3984 764 4059 πρᾶξιν
819 3982 1018 4040 ἐλθεῖν.
1058 3984 1199 4038 "lc-ts
1236 3980 1327 4037 οὖν
1380 3982 1453 4045 ὡς
1498 3982 1561 4037 τὸ
1604 3982 1897 4056 γενόμενον

242 4073 402 4150 ἔργον
436 4072 766 4149 πρόσταγμα
827 4069 1099 4146 βασιλέως
1142 4070 1304 4140 ἐστὶν,
1338 4072 1384 4143 ᾧ
1431 4074 1745 4145 πειθαρχῶν
1791 4070 1901 4146 ἐγὼ

246 4164 318 4226 ὡς
364 4160 601 4239 ὄργανον
654 4159 977 4233 διηκόνησα.
1008 4162 1092 4234 [Ρ.
1122 4162 1251 4234 716]
1306 4161 1404 4215 Καὶ
1451 4164 1543 4214 νῦν
1599 4159 1645 4214 εί
1708 4159 1902 4234 βούλε-

250 4252 338 4319 σθέ
396 4272 468 4326 με
504 4248 967 4327 διαχειρίσασθαι,
1029 4246 1148 4305 ἰδοὺ
1189 4249 1277 4327 ὑφ’
1328 4250 1481 4323 ὑμῶν
1542 4248 1652 4323 ἐγὼ
1700 4269 1903 4323 περιει-

2003 3286 2158 3337 mus,
2190 3273 2435 3324 mortem
2468 3284 2599 3324 eam
2634 3267 2861 3324 felicem
2903 3270 3341 3341 deputabimus,
3373 3289 3508 3329 eum
3540 3273 3648 3329 ha-

2002 3357 2183 3414 bituri
2214 3356 2519 3428 sanguinis
2550 3358 2731 3413 nostri
2766 3357 3038 3425 ultorem,
3071 3359 3163 3414 cui
3211 3376 3349 3415 num
3383 3362 3481 3416 diu
3513 3378 3649 3434 pos-

2004 3446 2135 3503 sitis
2167 3446 2435 3503 reluctari
2483 3447 2784 3502 vobiscum
2835 3453 3119 3520 reputate.
3157 3472 3184 3499 ››
3234 3450 3351 3506 Ηοο
3380 3468 3649 3509 sermone

2004 3536 2223 3601 audito,
2259 3535 2534 3591 colluvies
2574 3537 2685 3592 ista
2728 3536 3095 3609 imperatoris
3128 3546 3347 3596 terrore
3396 3542 3649 3613 perculsi

2004 3624 2285 3696 paulatim
2316 3624 2411 3680 alii
2432 3624 2710 3681 aliorsum
2732 3626 3000 3696 dissipati
3032 3628 3355 3685 diffluxere.
3380 3632 3649 3688 Seniores

2006 3730 2075 3769 ac
2105 3716 2258 3769 474
2283 3715 2590 3785 prudentia
2625 3716 3055 3785 antecedentes,
3092 3718 3236 3773 bene
3267 3720 3514 3776 ominati
3542 3720 3654 3776 im-

2007 3804 2282 3877 peratori,
2310 3802 2701 3859 obedientiam
2753 3805 3168 3874 promiserunt.
3201 3807 3284 3863 Ita
3316 3810 3658 3867 Eustathius

2008 3894 2241 3949 nemine
2272 3892 2628 3963 impediente
2662 3893 2895 3948 Ibatzen
2928 3895 3000 3949 ad
3032 3894 3448 3967 imperatorem
3482 3900 3661 3955 addu-

2007 3984 2111 4039 xit.
2145 3984 2463 4053 Imperator
2512 3981 2889 4037 Eustathium
2922 3984 2995 4039 ob
3028 3989 3147 4040 tam
3198 3987 3542 4058 praeclarum
3576 3990 3665 4045 fa-

2010 4072 2181 4128 cinus
2212 4070 2608 4126 collaudatum
2642 4071 2939 4142 Dyrrachii
2964 4074 3302 4144 praefectum
3336 4078 3664 4151 constituit,

2013 4166 2071 4217 et
2100 4158 2296 4216 omnia
2328 4157 2569 4213 mobilia
2600 4158 2803 4214 Ibatzzs
2833 4159 2988 4216 bona
3035 4162 3083 4217 ei
3118 4164 3269 4221 dono
3302 4166 3480 4237 dedit,
3516 4168 3667 4226 Ibat-

2017 4266 2145 4305 zam
2176 4250 2235 4303 in
2269 4247 2595 4303 custodiam
2628 4247 2888 4303 tradidit.

252 4339 559 4414 λημμένος.
596 4338 752 4408 Ηλήν
798 4338 901 4395 οὐκ
945 4338 1189 4402 εὐκόλως
1243 4337 1369 4395 οὐδὶ
1428 4336 1626 4415 ῥᾳδίως
1660 4337 1765 4412 ἐγὼ
1797 4339 2196 4409 ἀποθανοῦμαι,
2230 4332 2354 4390 οὐδὲ
2384 4335 2631 4396 καταθεὶς
2660 4335 2726 4390 τὰ
2754 4333 2900 4390 ὅπλα
2941 4336 3169 4409 ἐμαυτὸν
3197 4339 3505 4417 παραδώσω
3537 4344 3667 4419 ὑμῖν

251 4430 320 4491 ὡς
348 4428 621 4498 βούλεσθε
650 4431 916 4505 χρῆσθαι,
946 4427 1076 4485 ἀλλ’
1107 4430 1444 4504 ἀγωνιοῦμαι
1476 4428 1599 4503 περὶ
1628 4434 1727 4496 τῆς
1759 4426 1963 4490 οἰκείας
1997 4432 2165 4496 ζωῆς,
2191 4424 2280 4480 καὶ
2316 4425 2483 4500 μέχρι
2516 4425 2745 4487 θανάτου
2775 4425 3083 4500 ἀμυνοῦμαι
3108 4431 3233 4493 τοὺς
3285 4432 3529 4496 ἐπιόντας
3556 4436 3668 4509 ἅμα

249 4524 360 4581 τοῖς
392 4518 489 4573 σὺν
520 4517 671 4591 ἐμοί.
706 4517 766 4575 Ei
792 4515 850 4572 δὲ
874 4519 965 4573 καὶ
997 4516 1324 4591 θανούμεθα,
1348 4516 1478 4590 ὅπερ
1512 4518 1714 4592 ἀνάγκη
1764 4520 1952 4581 παθεῖν
1998 4514 2127 4577 τοὺς
2167 4514 2269 4569 ὑπὸ
2317 4511 2583 4568 πλειόνων
2643 4519 3197 4593 περιστοιγισθέντας,
3229 4518 3522 4596 εὐδαίμονα
3577 4526 3669 4581 καὶ

257 4607 526 4683 μακάριον
583 4608 677 4662 τὸν
734 4608 957 4663 θάνατον
1010 4607 1368 4682 λογιζόμεθα,
1409 4602 1628 4681 ἔχοντες
1687 4606 1777 4661 καὶ
1836 4606 1926 4661 τὸν
1987 4603 2264 4678 μέλλοντα
2313 4604 2399 4659 καὶ
2458 4604 2522 4658 τὸ
2570 4601 2836 4681 ἡμέτερον
2896 4604 3188 4678 έκζητῆσαι
3244 4611 3333 4666 καὶ
3392 4612 3668 4686 ἐκδικῆσαι

256 4698 410 4769 αἱμα,
442 4698 583 4770 πρὸς
640 4696 701 4751 ’ὸν
755 4695 1119 4772 βουλεύσασθε
1167 4694 1213 4752 εί
1261 4693 1484 4751 δυνατὸν
1539 4696 1670 4770 ἄχρι
1717 4694 1937 4751 πολλοῦ
1968 4693 2330 4749 ἀνθίστασθαι.
2364 4693 2631 4748 »Τούτων
2659 4694 2981 4757 ἀκούσαντες
3009 4697 3059 4751 οἱ
3093 4703 3537 4775 συνηθροισμένοι
3564 4711 3673 4761 τῶν

258 4784 463 4860 λόγων,
492 4786 587 4840 καὶ
643 4789 727 4857 τῷ
788 4784 848 4840 ὲκ
907 4783 1176 4861 βασιλέως
1233 4782 1338 4840 δέει
1396 4784 1849 4859 καταπλαγέντες,
1876 4785 2011 4840 κατά
2071 4784 2262 4859 μικρὸν
2331 4782 2684 4858 ὑπορρέοντες
2743 4781 2907 4839 ἄλλοι
2952 4783 3177 4862 ἀλλαχῆ
3206 4786 3673 4870 διεσκεδάσθησαν,

260 4876 311 4930 οἱ
364 4875 729 4951 γηραιότεροι
786 4871 844 4929 δὲ
898 4873 987 4929 καὶ
1046 4874 1447 4952 φρονιμώτεροι
1502 4874 1595 4928 τὸν
1650 4872 1876 4949 βασιλέα
1905 4874 2314 4951 εὐφημήσαντες
2346 4871 2707 4946 ὑπετάγησαν.
2741 4874 2801 4930 Ὀ
2832 4870 2878 4927 δ’
2922 4874 3219 4940 Εὐστάθιος
3265 4882 3399 4935 κατὰ
3454 4884 3677 4955 ποΛλὴν

264 4961 442 5019 ἄδειαν
500 4965 596 5019 τὸν
652 4957 900 5034 Ἰὄάτζην
955 4962 1203 5034 εἰληφὼς
1257 4966 1336 5035 τῷ
1392 4962 1609 5038 βασιλεῖ
1660 4961 1987 5036 διεκόμισεν.
2021 4964 2115 5049 Ὃν
2176 4962 2332 5049 οὗτος
2384 4958 2802 5049 ἀποδεξάμενοςΔ
2838 4969 2940 5033 τῆς
2987 4962 3347 5041 ἀνδραγαθίας
3379 4974 3677 5049 στρατηγόν

260 5071 319 5107 τι
344 5052 505 5114 tam);
532 5046 886 5126 πρυῦὄάλιτο
917 5050 1228 5128 Δορῥαχίου
1259 5050 1347 5106 καὶ
1376 5051 1476 5119 τὴν
1507 5051 1710 5107 ἅπασαν
1740 5052 1969 5122 κινητήν
2004 5048 2224 5125 ὕπαρξιν
2260 5047 2572 5126 ἐδωρήσατο
2601 5053 2699 5103 τοῦ
2730 5044 2993 5120 Ἰϐἀτζου·
3033 5057 3224 5109 τοῦτον
3263 5054 3321 5111 δὲ
3366 5044 3679 5137 παρέδωκεν

263 5140 500 5218 φυλακῇ.

328 5266 469 5325 Τότε
497 5264 591 5322 καὶ
622 5264 953 5337 Νικολιτζᾶς
982 5265 1011 5321 ὁ
1039 5264 1314 5353 πολλάκις
1346 5265 1576 5345 ληφθείς
1604 5267 1695 5322 καὶ
1733 5287 1893 5323 τοσαυ

2096 5267 2313 5323 Eodem
2346 5269 2606 5339 tempore
2654 5265 2966 5326 Nicolitzas
3013 5272 3214 5346 etiam,
3246 5276 3421 5334 toties
3472 5284 3687 5353 captus

256 5356 415 5419 τάκις
494 5355 737 5434 ἀφεθεὶς,
794 5354 850 5411 ἔν
906 5376 1045 5412 τισιν
1133 5352 1309 5431 ὄρεσιν
1388 5353 1786 5431 κρυπτόμενος,
1839 5357 1893 5411 ὡ‹

2025 5357 2313 5428 totiesque
2360 5355 2667 5425 dimissus,
2702 5356 2761 5413 in
2812 5359 3116 5418 montibus
3165 5368 3518 5437 occultatus,
3552 5352 3688 5425 cum

262 5445 515 5525 δπέμφθη
577 5442 806 5519 δύναμις
858 5446 975 5501 κατ’
1019 5445 1183 5501 αὐτοῦ
1236 5447 1326 5501 καὶ
1383 5450 1493 5502 τῶν
1544 5446 1598 5501 οἱ
1648 5446 1893 5501 συνόντωι

2028 5446 2309 5503 adversus
2341 5460 2475 5501 eum
2518 5444 2853 5502 mitteretur
2882 5448 3113 5522 cohors,
3146 5458 3201 5509 et
3247 5454 3347 5526 qui
3382 5470 3512 5512 cum
3560 5456 3692 5527 ipso

265 5535 323 5590 οἱ
356 5536 451 5609 μὶν
493 5535 932 5614 προσεχώρησαν
976 5533 1240 5609 ιθελοντὶ,
1272 5535 1325 5592 οἱ
1373 5531 1431 5592 δὲ
1477 5534 1796 5607 ἡλίσκοντο,
1830 5534 1921 5591 αὖ·

2028 5538 2197 5593 erant
2221 5534 2436 5608 partim
2468 5533 2623 5591 ultro
2655 5535 2727 5591 ad
2757 5539 3054 5596 Romanos
3094 5542 3434 5609 transirent,
3470 5542 3692 5613 partim

261 5622 515 5699 τόμολος
558 5623 768 5681 κάτεισι
814 5623 1012 5689 νυκτὸς
1061 5623 1139 5689 εις
1172 5625 1236 5682 τὸ
1285 5622 1671 5703 στρατόπεδον,
1718 5623 1809 5682 καὶ
1850 5628 1893 5680 τί

2031 5627 2401 5698 caperentur,
2425 5626 2598 5681 noctu
2626 5628 2838 5697 sponte
2852 5642 2961 5684 sua
2982 5627 3040 5684 in
3072 5633 3266 5686 castra
3288 5630 3691 5687 Romanorum
