4036 6194
383 287 500 347 207

1740 285 2057 347 GEORGII
2102 284 2440 345 CEDItENI

3679 282 3798 341 208

379 420 561 487 venit,
597 433 890 490 manuque
920 417 1173 491 pulsatis
1195 418 1420 476 foribus
1450 437 1514 477 se
1546 420 1894 477 nominatim
1928 419 2027 474 ad-

2150 416 2290 492 χειρὶ
2323 414 2557 492 κρούσας
2606 416 2704 484 τὴν
2747 416 2909 489 θύραν
2959 411 3357 491 προσήγγειλεν
3403 413 3588 469 ἑαυτὸν
3646 413 3799 477 ὅστις

384 527 513 566 esse
544 507 841 578 indicavit,
877 524 943 564 ac
974 526 1187 581 corpus
1238 526 1413 565 suum
1448 511 1506 565 in
1542 515 1888 582 potestatem
1920 509 2031 564 im-

386 599 671 673 peratoris
698 601 926 656 dedere.
954 602 1062 656 Sed
1088 618 1220 657 eum
1247 602 1565 673 imperator
1588 618 1695 658 suo
1717 603 2031 673 conspectu

388 707 505 745 non
536 690 811 761 dignatus
843 690 1323 746 Thessalonicam
1359 692 1813 747 custodiendum
1850 690 2028 745 misit.

386 778 517 850 Ipse
548 779 722 835 rebus
752 779 1073 851 Dyrrachii,
1117 779 1395 835 Coloneiae
1429 797 1495 835 ac
1528 779 1896 854 Dryinopolis
1927 794 2033 834 suo

386 868 673 923 arbitratu
705 868 1028 924 rectissime
1060 870 1417 938 constitutis,
1450 876 1505 925 et
1537 870 1857 943 provinciis
1891 884 2034 941 pras-

385 956 534 1012 sidio
563 957 931 1027 ducibusque
980 958 1244 1027 munitis,
1281 960 1687 1031 permissoque
1727 964 1791 1015 ut
1821 956 2033 1030 captivi

385 1046 657 1114 Romani,
688 1046 788 1116 qui
819 1045 1053 1116 vellent,
1097 1047 1179 1103 ibi
1228 1054 1556 1118 manerent,
1591 1048 1804 1121 reliqui
1836 1049 2033 1119 ipsum

383 1138 789 1207 sequerentur,
821 1136 1144 1192 Castoriam
1179 1138 1357 1192 venit.
1391 1138 1493 1194 Hic
1525 1139 1596 1194 ad
1629 1137 1822 1211 ipsum
1857 1138 2037 1192 addu-

382 1228 489 1280 ctae
536 1229 677 1280 sunt
723 1225 850 1280 duae
899 1225 1156 1281 Samueli
1208 1226 1359 1281 ﬁliae.
1413 1232 1546 1295 Quae
1592 1245 1726 1283 cum
1772 1228 2036 1282 viderent

383 1313 628 1369 Mariam
660 1315 903 1371 Joannis
923 1318 1222 1387 quondam
1244 1334 1479 1372 uxorem
1512 1316 1851 1388 imperatori
1880 1319 2034 1372 asta-

383 1419 464 1471 re,
485 1402 772 1475 impetum
804 1404 864 1459 in
887 1421 1015 1459 eam
1036 1407 1300 1462 fecerunt
1317 1410 1597 1478 tanquam
1619 1406 2031 1462 interiectum}.

384 1492 495 1547 Sed
527 1492 847 1563 imperator
873 1509 1075 1549 earum
1128 1494 1402 1551 ferociam
1454 1495 1698 1562 sedavit,
1735 1493 2034 1566 pollicitus

385 1581 787 1653 amplissimas
806 1600 867 1639 se
884 1582 1032 1654 ipsis
1051 1600 1190 1656 opes
1206 1584 1580 1657 largiturum.
1602 1585 1845 1641 Mariam
1868 1589 2036 1640 zostae

388 1686 632 1726 munere
687 1677 954 1728 ornatam
1012 1690 1147 1729 cum
1206 1674 1345 1730 ﬁliis
1402 1674 1526 1731 suis
1581 1673 1787 1747 Cpolin
1848 1673 2032 1729 misit.

388 1762 537 1817 475
572 1760 792 1832 Xiphiae
825 1779 995 1834 porro
1040 1779 1217 1835 opera
1257 1780 1383 1835 qua)
1417 1768 1585 1819 erant
1626 1764 1683 1819 in
1734 1762 1947 1819 Serviis
1978 1767 2035 1817 et

383 1853 559 1906 Sosco
590 1849 830 1907 castella
872 1852 1070 1908 omnia
1118 1851 1239 1908 solo
1289 1858 1503 1924 eaquat,
1536 1856 1592 1907 et
1638 1853 1695 1907 in
1729 1851 2037 1907 castellum

384 1944 595 2012 Stagus
623 1940 804 1996 venit.
838 1941 923 1997 lbi
956 1958 1018 1997 se
1068 1941 1183 2013 ipsi
1214 1942 1382 1999 oﬂ‘ert
1427 1942 1740 2015 Elemagus
1773 1943 2040 2014 Belegra-

383 2030 590 2085 dorum
623 2029 913 2100 princeps,
945 2031 1140 2087 servili
1194 2031 1422 2101 habitu,
1455 2049 1587 2087 cum
1621 2031 1859 2104 collegis
1890 2033 2036 2088 suis.

383 2124 709 2192 Imperator
754 2122 890 2176 inde
946 2121 1209 2178 Athenas
1260 2124 1658 2194 proﬁciscens,
1713 2124 1772 2178 in
1830 2124 2037 2179 itinere

380 2210 688 2265 Zetunium
711 2210 1026 2278 transiens,
1046 2228 1180 2267 ossa
1200 2214 1585 2285 Bulgarorum
1607 2213 2037 2287 contemplatus

380 2298 707 2354 occisorum
766 2315 881 2369 quo
939 2303 1205 2372 tempore
1281 2300 1626 2356 Samuelum
1675 2300 2037 2371 Nicephorus

378 2387 577 2461 praelio
597 2388 769 2456 fudit,
798 2388 1127 2444 admiratus
1146 2393 1256 2455 est,
1278 2406 1343 2445 ac
1367 2389 1553 2445 multo
1586 2389 1775 2461 magis
1800 2405 2036 2443 murum

382 2478 444 2532 in
473 2476 881 2550 Thermopylis
914 2482 1278 2534 exstructum
1330 2478 1456 2552 (qui
1485 2480 1811 2535 etiamnum
1841 2478 2037 2534 Scelos

379 2568 643 2639 vocatur)
677 2570 829 2638 apud
883 2567 1183 2639 Rupenam
1218 2569 1289 2623 ad
1323 2568 1699 2624 deterrendos
1730 2567 2036 2639 Bulgaros.

382 2656 455 2712 Ut
486 2657 738 2712 Athenas
768 2656 949 2724 venit,
972 2657 1228 2729 Deiparze
1260 2674 1360 2730 pro
1386 2657 1627 2713 victoria
1651 2658 1874 2729 gratias
1896 2656 2036 2727 egit,

378 2745 785 2817 templumque
820 2746 1081 2802 donariis
1113 2746 1443 2819 splendidis
1488 2763 1553 2802 ac
1585 2745 1910 2818 magniﬁcis
1942 2763 2036 2801 ex-

378 2835 626 2891 ornavit.
667 2836 812 2891 Hinc
843 2836 1045 2909 Cpolin
1080 2837 1273 2905 rediit,
1308 2835 1696 2907 invectusque
1725 2840 1814 2891 est
1835 2835 2043 2891 trium-

378 2925 571 2997 phans
600 2941 700 2997 per
732 2941 979 2997 magnas
1011 2926 1163 2981 fores
1197 2927 1401 2981 Aureae
1434 2930 1635 2998 portae,
1667 2930 1910 2981 ornatus
1942 2941 2040 2981 co-

380 3031 524 3072 rona
563 3031 739 3070 aurea
787 3030 1039 3086 superne
1094 3014 1357 3085 cristata,
1394 3013 1793 3086 praeeuntibus
1836 3016 2037 3085 Maria,

379 3103 635 3159 Samueli
668 3103 903 3160 ﬁliabus
947 3107 1005 3158 et
1052 3102 1297 3175 reliquis
1345 3103 1635 3176 Bulgaris.
1684 3108 1895 3159 Actum
1929 3103 2037 3159 hoc

2142 504 2227 576 εἷή
2285 506 2375 560 καὶ
2433 505 2516 560 ὅτι
2548 502 2914 579 παραδίδωσιν
2955 504 3215 566 ἑκουσίως
3244 506 3308 560 τὸ
3341 509 3500 575 σῶμα
3529 508 3606 576 τῷ
3642 504 3796 579 βασι-

2143 594 2249 652 λεῖ.
2286 592 2461 651 Ἀλλά
2490 600 2679 651 τοῦτον
2718 596 2812 668 μὲν
2844 596 2871 650 6
2908 594 3164 671 βασιλεὺς
3189 592 3313 650 οὐδὲ
3344 593 3475 649 ἰδεῖν
3507 594 3800 667 ἠνέσχετο,

2143 684 2268 742 ἀλλ’
2300 685 2375 748 είς
2408 685 3109 759 Θεσσαλονίκην,ἐξέπεμψε
3138 691 3487 763 φρουρεῖσθαι
3513 683 3796 746 κελεύσας.

2144 775 2314 837 Αὐτὸς
2341 775 2397 831 δὲ
2437 777 2505 831 τὰ
2530 781 2626 831 τοῦ
2678 775 2985 853 Δυρραχίου
3043 776 3133 830 καὶ
3183 782 3285 845 τῆς
3334 773 3649 835 Κολωνείας
3706 773 3795 828 καὶ

2144 864 2612 937 Δρυϊνουπόλεως,
2647 866 2722 929 ὥς
2772 887 2846 937 πη
2896 862 3069 920 ἐδόκει
3120 866 3268 937 αὐτῷ
3322 865 3595 940 βέλτιστα,
3629 884 3795 918 κατα-

2142 956 2499 1027 στησάμενος,
2558 956 2644 1009 καὶ
2702 954 2943 1032 φύλακας
2998 960 3113 1015 τοῖς
3172 954 3363 1027 θέμασι
3436 954 3527 1008 καὶ
3600 973 3793 1027 στρατ-

2142 1043 2309 1117 ηγοὺς
2368 1043 2682 1117 ἐπιστήσας,
2742 1044 2830 1098 καὶ
2900 1048 3007 1098 τῶν
3069 1041 3448 1118 αἰχμαλώτων
3503 1042 3789 1115 Ῥωμαίων

2140 1132 2268 1196 τοὺς
2310 1132 2681 1207 βουλομένους
2724 1134 2861 1188 κατὰ
2899 1133 3086 1208 χώραν
3138 1134 3308 1205 μένειν
3358 1131 3531 1201 ἐάσας,
3560 1131 3691 1193 τοὺς
3739 1129 3795 1185 δὲ

2145 1220 2372 1285 λοιποὺς
2426 1220 2645 1287 ἕπεσθαι
2704 1223 3033 1297 προστάξας,
3088 1222 3255 1291 ἦλθεν
3330 1222 3406 1284 εἷς
3460 1220 3791 1296 Καστορίαν.

2144 1314 2313 1368 Ἔνθα
2368 1314 2766 1388 προσήχθησαν
2828 1312 2978 1384 αὐτῷ
3030 1311 3312 1388 θυγατέρες
3372 1309 3465 1367 δύο
3528 1315 3625 1366 τοῦ
3687 1317 3794 1365 Σα-

2147 1399 2351 1474 μουὴλ,
2425 1400 2623 1464 α’ίτινες
2704 1402 3020 1475 θεασάμεναι
3093 1400 3307 1477 Μαρίαν
3370 1402 3469 1470 τὴν
3541 1399 3793 1458 Ἰωάννου

2141 1496 2367 1567 γυναῖκα
2396 1492 2803 1567 παρισταμένην
2835 1495 2914 1563 τῷ
2966 1487 3201 1567 βασιλεῖ,
3235 1488 3495 1565 ὥρμησαν
3546 1492 3663 1545 κατ’
3704 1489 3795 1543 αύ-

2141 1586 2242 1649 τῆς
2276 1581 2348 1643 ὡς
2399 1577 2890 1655 διαχειρισόμεναι.
2925 1578 3104 1635 Ἀλλᾶ
3141 1580 3359 1644 ταύταις
3410 1581 3503 1653 μὲν
3557 1578 3585 1634 ό
3639 1580 3794 1653 βασι-

2145 1669 2270 1732 λεὺς
2318 1670 2407 1725 τὸν
2469 1672 2637 1743 θυμὸν
2698 1670 3095 1744 κατεκοίμισεν,
3126 1669 3505 1745 ὑποσχόμενος
3561 1672 3796 1742 τιμῆσαι

2144 1758 2231 1813 καὶ
2288 1758 2710 1833 ὑπερπλουτίσαι
2773 1759 2960 1829 αὐτὰς,
3014 1761 3114 1827 τὴν
3176 1756 3233 1813 δὲ
3286 1757 3495 1832 Μαρίαν
3557 1764 3637 1830 τῷ
3692 1766 3795 1828 τῆς

2152 1854 2360 1918 ζωστῆς
2430 1848 2697 1921 ἀξιώματι
2746 1850 2983 1923 τιμήσας
3057 1848 3132 1909 εἷς
3189 1850 3286 1917 τήν
3347 1845 3601 1924 βασιλίδα
3660 1848 3799 1920 μετᾶ

2147 1942 2257 1992 τῶν
2316 1938 2449 1991 υἱῶν
2501 1936 2785 2010 ἐκπέμπει.
2820 1938 3079 2013 Καθαιρεῖ
3134 1934 3192 1991 δὲ
3244 1937 3334 1992 καὶ
3372 1936 3439 1992 τὰ
3463 1936 3514 1992 έν
3544 1933 3800 2013 Σερϐίοις

2148 2028 2238 2082 καὶ
2285 2032 2362 2098 τῷ
2412 2030 2603 2099 Συσκῷ
2643 2026 2876 2104 φρούρια
2913 2026 3086 2081 πάντα
3142 2024 3231 2081 διὰ
3283 2030 3378 2081 τοῦ
3434 2028 3655 2105 Ξιφίου,
3706 2027 3799 2082 καὶ

2150 2116 2223 2178 εἷς
2252 2114 2447 2193 ἔδαφος
2479 2116 2856 2190 καταστρέφει.
2881 2116 2988 2171 Καὶ
3021 2115 3097 2177 εἰς
3124 2115 3184 2170 τὸ
3241 2116 3499 2193 φρούριον
3556 2121 3803 2190 Σταγοῦς

2150 2204 2392 2281 ἔρχεται,
2423 2202 2544 2269 ἔνθα
2600 2200 2895 2260 κατέλαϐεν
2942 2207 2969 2259 6
3020 2210 3126 2259 τῶν
3189 2203 3545 2281 Βελογράδων
3606 2207 3800 2281 ἅρχων

2151 2296 2286 2368 μετὰ
2329 2291 2587 2349 δουλικοῦ
2630 2298 2727 2348 τοῦ
2773 2296 3061 2369 σχήματος
3115 2293 3442 2369 Ἐλεμάγος,
3500 2296 3635 2368 μετὰ
3687 2301 3800 2350 τῶν

2148 2385 2531 2459 συναρχόντων
2569 2383 2733 2437 αὐτοῦ
2760 2403 2771 2415 ·
2806 2382 3009 2447 ἐκεῖθεν
3068 2381 3198 2460 ἄρας
3259 2381 3464 2438 ἄπεισιν
3525 2384 3599 2446 εἷς
3631 2385 3802 2456 Ἀθήο

2145 2495 2261 2536 νας.
2297 2477 2380 2530 Ἐν
2444 2471 2501 2527 δὲ
2556 2477 2634 2545 τῷ
2693 2471 2882 2527 διιέναι
2934 2475 2996 2528 τὸ
3056 2471 3348 2544 Ζητούνιον
3392 2473 3460 2528 τὰ
3510 2473 3641 2528 ὀστᾶ
3690 2479 3801 2529 τῶν

2146 2565 2418 2619 πεσόντων
2498 2563 2670 2617 ἐκεῖσε
2734 2561 3089 2638 Βουλγάρων,
3145 2565 3231 2634 [Ρ.
3297 2566 3425 2636 717]
3489 2562 3727 2634 ὁπηνίκα
3770 2565 3802 2619 6

2150 2653 2446 2728 μάγιστρος
2479 2651 2791 2729 Νικηφόρος
2825 2653 2852 2705 6
2884 2652 3117 2724 Οὐρανὸς
3172 2653 3263 2707 τὸν
3324 2652 3591 2727 Σαμουὴλ
3647 2652 3797 2727 ἐτρέ-

2146 2746 2306 2817 ψατο,
2368 2743 2693 2814 θεασάμενος
2766 2740 3087 2815 ἐθαύμασεν.
3147 2743 3514 2818 Ὑπερηγάσθη
3575 2741 3631 2796 δὲ
3704 2743 3796 2797 καὶ

2144 2833 2208 2887 τὸ
2253 2832 2305 2887 έν
2352 2830 2735 2906 Θερμοπύλαις
2787 2831 3075 2907 γενόμενον
3107 2836 3316 2907 τεῖχος,
3348 2834 3377 2886 ’ὁ
3411 2831 3615 2894 Σκέλος
3669 2829 3798 2906 ἄρτι

2145 2923 2599 2994 κατονομάζεται,
2633 2920 2710 2983 εἷς
2767 2920 3085 2995 ἀποτροπὴν
3137 2926 3245 2975 τῶν
3296 2920 3626 2997 Βουλγάρων
3688 2942 3796 2976 πα-

2150 3012 2215 3089 ρὰ
2238 3016 2334 3066 τοῦ
2364 3011 2647 3081 Ῥουπένη.
2698 3009 2803 3066 Καὶ
2864 3010 2914 3065 ἐν
2948 3011 3204 3081 Ἀθήναις
3233 3011 3528 3085 γενόμενος
3586 3012 3677 3066 καὶ
3729 3013 3802 3066 τὰ

2146 3108 2245 3170 τῆς
2270 3101 2426 3171 νίκης
2457 3100 2850 3176 εὐχαριστήρια
2904 3103 2972 3173 τῇ
3018 3100 3271 3173 Θεοτόκῳ
3325 3097 3473 3169 δοὺς,
3526 3101 3616 3156 καὶ
3664 3102 3799 3155 ἀνα-

380 3192 699 3248 indictione
746 3193 1021 3261 secunda,
1056 3209 1208 3248 anno
1241 3193 1312 3248 ab
1362 3193 1584 3265 origine
1630 3192 1835 3248 mundi
1866 3194 2027 3248 6527.

2150 3192 2350 3264 θήμασι
2398 3186 2632 3250 πολλοῖς
2690 3186 2970 3265 λαμπροῖς
2998 3189 3089 3244 καὶ
3116 3187 3444 3245 πολυτελέσι
3508 3192 3801 3263 κοσμήσας

376 3282 568 3354 Atque
599 3280 711 3337 hoc
742 3281 916 3336 modo
949 3280 1444 3353 prosequentibus
1468 3298 1601 3337 eum
1633 3281 1884 3337 victoriae
1909 3298 2034 3352 gra-

379 3370 710 3427 tulantibus
730 3370 1548 3445 acclamationibusMagnum
1571 3371 1855 3444 templum
1878 3370 2032 3439 iniit;

381 3476 635 3532 cumque
664 3460 745 3515 ibi
787 3460 1048 3514 carmine
1084 3465 1318 3516 cantato
1368 3466 1483 3516 Deo
1532 3461 1750 3529 gratias
1782 3476 1884 3531 pro
1915 3463 2035 3516 tam

388 3548 540 3605 felici
573 3565 850 3605 successu
875 3549 1111 3621 egisset,
1136 3550 1195 3603 in
1225 3548 1505 3621 palatium
1529 3548 1695 3604 abiit.
1726 3550 2036 3604 licversum

387 3638 663 3693 victorem
694 3638 933 3709 Sergius
970 3637 1304 3709 patriarcha
1334 3637 1553 3709 prolixe
1585 3637 1766 3691 oravit
1789 3642 1853 3691 ut
1883 3637 2038 3708 quod

388 3741 450 3782 se
482 3728 771 3782 facturum
806 3726 956 3782 bello
992 3726 1296 3798 Bulgarico
1339 3725 1584 3781 feliciter
1613 3726 1873 3781 confecto
1906 3743 2040 3798 pro-

388 3816 651 3886 miserat,
682 3815 1081 3888 Allelcngyum
1107 3815 1364 3871 aboleret
1398 3832 1409 3870 :
1446 3817 1546 3870 sed
1583 3814 1727 3869 nihil
1761 3815 2039 3871 obtinuit.

386 3910 578 3977 Atque
607 3906 656 3961 is
686 3905 940 3977 Sergius,
975 3920 1110 3959 cum
1146 3921 1247 3976 per
1276 3921 1461 3960 annos
1488 3906 1559 3958 20
1589 3903 1908 3959 Ecclesiam
1944 3904 2041 3960 Dei

390 3996 728 4052 moderatus
758 3999 932 4059 esset,
971 3994 1291 4050 indictione
1324 3995 1477 4048 476
1531 3994 1811 4062 secunda,
1845 4010 2046 4050 mense

387 4085 567 4156 Julio,
610 4100 765 4140 anno
816 4082 1020 4137 mundi
1052 4083 1194 4137 6527
1225 4084 1295 4137 ad
1347 4083 1657 4138 Dominum
1715 4083 2043 4153 emigravit.

389 4175 679 4230 Suﬁ‘ectus
709 4176 797 4228 est
827 4172 879 4227 ei
913 4173 1272 4241 Eustathius,
1308 4171 1576 4243 palatinas
1627 4172 1771 4227 aedis
1803 4174 2045 4245 presby-

387 4270 647 4320 terorum
683 4263 978 4334 princeps.

2142 3280 2233 3333 τὸν
2291 3280 2439 3350 ναὸν,
2498 3279 2822 3352 ὑπέστρεψεν
2881 3278 2956 3341 εἷς
3030 3277 3630 3335 Κωνσταντινούπολιν.
3694 3281 3798 3336 Καὶ

2146 3366 2234 3423 διὰ
2260 3372 2367 3422 τῶν
2402 3366 2655 3444 μεγάλων
2691 3365 2879 3422 πυλῶν
2913 3371 3013 3433 τῆς
3040 3370 3254 3444 Χρυσῆς
3292 3369 3499 3445 πύρτης
3550 3370 3800 3447 στεφάνῳ

2146 3461 2337 3534 χρυσῷ
2391 3459 2503 3529 (65)
2566 3455 2734 3533 λόφον
2792 3456 3084 3534 ἐφύπερθεν
3148 3454 3328 3533 ἔχοντι
3407 3454 3797 3533 ἐθριάμϐευσεν

2147 3545 2603 3623 ἐστεφανωμένος,
2636 3547 3062 3621 προηγουμένης
3096 3548 3305 3623 Μαρίας
3361 3555 3460 3618 τῆς
3514 3553 3612 3603 τοῦ
3657 3548 3801 3603 Βλα-

2149 3629 2447 3699 δισθλάϐου
2477 3636 2730 3711 γυναικὸς
2758 3636 2847 3690 καὶ
2884 3641 2991 3691 τῶν
3022 3640 3119 3691 τοῦ
3159 3637 3425 3710 Σαμουήλ
3483 3638 3797 3712 θυγατέρων

2148 3724 2235 3779 καὶ
2292 3728 2399 3779 τῶν
2454 3723 2660 3778 λοιπῶν
2709 3724 3066 3802 Βουλγάρων.
3100 3724 3394 3783 Ἰνδικτιὼν
3427 3728 3491 3796 ἦν
3557 3727 3622 3802 β’,
3668 3724 3796 3789 ἔτος

2150 3816 2336 3890 ιςφκζπ
2380 3815 2478 3870 Καὶ
2544 3814 2686 3869 οὕτω
2744 3816 2878 3887 μετὰ
2932 3815 3204 3889 τροπαίων
3254 3817 3344 3871 καὶ
3400 3816 3556 3887 νίκης
3614 3816 3665 3870 ἐν
3728 3820 3799 3891 τῇ

2152 3902 2371 3979 Μεγάλῃ
2402 3900 2698 3973 Ἐκκλησία
2738 3902 3016 3975 εἰσελθὼν,
3042 3904 3132 3959 καὶ
3162 3910 3240 3977 τῷ
3298 3910 3413 3978 Θεῷ
3468 3905 3807 3981 εὐχαριστη-

2156 3992 2303 4066 ρίους
2336 3990 2465 4063 ᾅσας
2499 3990 2664 4065 ᾠδὰς,
2698 3993 2939 4063 ἀπῆλθεν
2973 3993 3049 4057 εἴς
3076 3995 3143 4049 τὰ
3177 3994 3447 4070 βασίλεια.
3477 4002 3569 4053 Ὃν
3621 3998 3649 4050 ὁ
3702 4016 3809 4049 παι

2152 4086 2425 4158 τριάρχης
2453 4083 2683 4157 Σέργιος
2720 4082 2854 4155 μετὰ
2884 4083 3037 4155 νίκης
3080 4082 3393 4148 εἰσελθόντα
3439 4085 3625 4141 πολλὰ
3679 4107 3809 4141 κατι

2157 4172 2404 4245 ελιπάρει
2436 4168 2617 4226 σϐέσαι
2650 4172 2710 4226 τὸ
2741 4171 3120 4249 ἀλληλέγγυον
3151 4175 3238 4247 (ἦν
3273 4174 3373 4251 γὰρ
3426 4175 3809 4250 ὑποσχόμενος

2158 4268 2384 4331 ποιῆσαι
2438 4261 2619 4331 τοῦτο,
2681 4261 2725 4315 εί
2773 4266 2878 4316 τῶν
2960 4260 3287 4339 Βυυλγάρων
3349 4264 3805 4340 ὑπερισχύσειεν),

388 4350 514 4406 ἀλλ’
548 4350 646 4405 οὐκ
674 4346 906 4404 ἔπεισεν.
939 4354 1028 4409 Ὃς
1056 4346 1143 4402 ἐπὶ
1176 4347 1377 4403 εἷ’κοσιν
1409 4347 1571 4411 ὅλους
1604 4349 1877 4411 ἐνιαυτοὺς
1911 4351 2010 4419 τὴν
2036 4354 2133 4407 τοῦ
2182 4355 2314 4406 Θεοῦ
2362 4352 2634 4424 ποιμάνας
2664 4348 2991 4421 Ἐκκλησίαν
3022 4350 3238 4425 Ἰουλίῳ
3281 4353 3434 4425 μηνὶ,
3465 4352 3808 4418 ἶνδικτιῶνος

393 4442 460 4516 β’,
492 4440 544 4495 ἐν
574 4435 678 4495 ἔτει
709 4443 787 4510 τῷ
817 4439 1004 4515 ιςφκζ,
1036 4438 1171 4513 πρὸς
1197 4437 1391 4513 Κύριον
1424 4438 1571 4511 έξεδή
1587 4461 1743 4514 μησε.
1776 4439 1873 4494 Καὶ
1906 4438 2231 4516 προεϐλήθη
2264 4442 2612 4516 πατριάρχης
2648 4440 2967 4515 Εὐστάθιος,
3001 4442 3218 4518 πρῶτος
3248 4440 3320 4497 ὢν
3352 4448 3463 4498 τῶυ
3512 4439 3805 4518 πρεσϐυτέ·

392 4551 499 4606 ρων
522 4533 619 4584 τοῦ
650 4528 701 4583 ἐν
724 4533 844 4589 τοῖς
880 4525 1180 4602 βασιλείοις
1207 4533 1336 4582 ναοῦ
1359 4531 1489 4601 (66).

456 4621 710 4677 Subacta
756 4618 1045 4689 Bulgaria,
1095 4618 1436 4690 imperatori
1484 4635 1546 4675 se
1595 4621 1821 4676 dedidit
1866 4622 2042 4678 etiam
2074 4642 2120 4705 D

387 4708 753 4767 contermina
791 4706 1218 4763 Chorbatorum
1270 4724 1414 4779 gens
1462 4714 1518 4765 et
1548 4710 1673 4779 ejus
1725 4710 2044 4782 principes,

388 4801 597 4855 fratres
656 4798 809 4863 duo;
857 4794 1073 4866 quibus
1122 4797 1439 4868 imperator
1488 4797 1741 4854 honores
1788 4816 1854 4854 ac
1904 4816 2042 4871 apes

386 4888 613 4960 amplas
646 4885 872 4941 tribuit.
906 4886 1076 4941 Solus
1107 4886 1301 4941 adhuc
1330 4888 1644 4959 imperium
1677 4889 2043 4944 detrectabat

384 4981 590 5035 Sermo
624 4975 821 5029 Sirmii
872 4972 1150 5031 dominus
1182 4977 1459 5049 Nestongi
1514 4979 1711 5033 frater.
1759 4979 1842 5032 Ad
1888 4978 2040 5033 hunc

384 5064 809 5123 Constantinus
843 5066 1127 5137 Diogenes
1178 5067 1441 5122 ﬁnitimas
1492 5067 1801 5139 provincia:
1835 5067 2036 5138 praefe-

385 5160 514 5210 ctus
545 5155 802 5226 legatum
854 5154 1057 5225 mittit,
1090 5155 1433 5227 interposito
1456 5157 1847 5227 jurejurando
1879 5156 2035 5211 afﬁr-

386 5262 556 5301 mans
587 5258 800 5315 cupere
832 5260 893 5300 se
924 5244 1120 5315 ipsum
1169 5246 1477 5301 convenire
1510 5261 1575 5300 ac
1606 5246 1677 5301 de
1708 5245 1883 5300 rebus
1930 5261 2033 5300 ne-

2222 4622 2316 4692 Τῷ
2375 4617 2432 4674 δὲ
2510 4618 2726 4693 βασιλεῖ
2797 4620 3232 4697 προσερρύησαν,
3290 4629 3391 4693 τῆς
3459 4623 3807 4702 Βουλγαρίας

2158 4706 2526 4780 δουλωθείσης
2566 4709 2733 4781 αὐτῷ,
2768 4711 2858 4764 καὶ
2904 4710 2971 4765 τὰ
3020 4710 3200 4785 ὅμορα
3246 4706 3371 4783 ἔθνη
3423 4718 3529 4769 τῶν
3580 4711 3805 4790 X0961-

2149 4802 2280 4867 τῶν,
2315 4800 2583 4873 ἄρχοντας
2633 4796 2852 4873 ἔχοντες
2910 4797 3005 4855 δύο
3059 4798 3353 4879 ἀδελφοὺς,
3387 4803 3460 4857 ὦν
3503 4802 3805 4880 προσρυέν-

2148 4908 2253 4941 των
2321 4888 2410 4941 καὶ
2492 4886 2772 4960 ἀξιώματα
2838 4885 3116 4945 λαϐόντων
3187 4891 3278 4945 καὶ
3336 4895 3555 4963 κτήσεις
3614 4895 3807 4957 ἱκανὰς

2151 4977 2369 5046 ὑπήκοα
2400 4976 2584 5052 γέγονε
2633 4975 2722 5031 καῖ
2751 4978 2818 5031 τὰ
2850 4976 2997 5048 ἔθνη.
3031 4980 3207 5043 Μόνος
3261 4979 3317 5036 δὲ
3350 4983 3377 5037 6
3408 4986 3506 5037 τοῦ
3561 4984 3803 5060 Σιρμίου

2147 5071 2356 5138 κρατῶν
2417 5064 2650 5143 ἀδελφὸς
2702 5072 2799 5120 τοῦ
2858 5068 3174 5143 Νεστόγγου
3255 5072 3481 5145 Σέρμων
3566 5081 3802 5144 πιοῆσαι

2147 5154 2245 5208 οὐκ
2273 5152 2456 5223 ἤθελε·
2510 5156 2644 5229 πρὸς
2704 5156 2762 5210 ὃν
2820 5163 3223 5221 Κωνσταντῖνος
3273 5160 3300 5213 6
3346 5163 3625 5238 Διογένης,
3686 5169 3797 5219 τῶν

2145 5242 2316 5297 ἐκεῖσε
2351 5248 2529 5320 μερῶν
2572 5241 2782 5320 ἅρχων,
2817 5244 3001 5324 φιλίαν
3054 5248 3485 5323 ὑποκρινόμενος
3532 5248 3800 5327 πρεσϐευο

1570 5388 1946 5445 XYLANDRI
1988 5389 2072 5444 ET
2112 5387 2331 5447 GOARI
2372 5391 2602 5447 NOTE.

450 5506 567 5582 (65)
598 5506 822 5582 corona
864 5504 1011 5582 haec
1037 5502 1406 5582 τροπαιουχία
1449 5509 1534 5582 est
1581 5504 1805 5582 Codini,
1831 5504 2035 5575 judice

385 5577 616 5638 Co'res'io
648 5578 906 5647 Chicnsi,
940 5577 1432 5652 tviumphantium
1485 5578 1905 5651 imperatorum
1938 5593 2035 5635 or-

383 5657 755 5714 namentum.
786 5654 967 5709 Gem.

2215 5508 2327 5588 (θὸ)
2355 5508 2858 5588 Quem-superius
2907 5516 3111 5588 auctor
3157 5520 3529 5588 πρωτοπαπᾶν
3559 5522 3660 5574 τοῦ
3691 5540 3793 5577 πα-

2144 5574 2336 5634 λατίου
2366 5581 2627 5651 vocavit;
2661 5574 2731 5637 de
2762 5598 2877 5654 quo
2900 5585 3025 5656 jam
3059 5574 3312 5645 abunde.
3356 5590 3537 5647 Goan.
