4036 6194
353 320 469 381 2H

1715 315 2032 380 GEORGII
2075 313 2416 379 GEDRENI

3656 322 3783 383 212

358 452 598 524 elapsus
629 451 800 524 paulo
833 454 965 525 post
1005 450 1206 508 missis
1252 450 1461 525 legatis
1491 467 1625 508 eum
1656 450 2002 524 imperatore

2118 471 2204 519 τα,
2234 449 2325 505 καὶ
2355 451 2389 521 ἡ
2442 448 2564 519 νίκη
2619 442 2936 528 ἀμφίϐολος
2997 448 3089 519 ἦν.
3134 447 3287 506 Μεαᾶ
3315 446 3374 506 δὶ
3399 454 3568 508 ταῦτα
3591 448 3779 509 δευτε-

358 559 559 615 paeem
595 542 912 615 componit,
937 543 1148 597 cedens
1179 542 1228 597 ei
1265 559 1391 607 sua,
1426 545 1712 612 quantum
1747 541 1875 612 ejus
1899 540 2007 597 hoc

358 634 681 704 imperator
706 631 954 698 volebat,
1006 632 1246 700 ditione,
1299 630 1606 703 liliumque
1654 646 1830 685 suum
1865 634 2011 685 Pan-

359 723 607 778 cratium
632 723 781 777 dans
804 722 1091 777 obsidem.
1109 720 1289 784 Quem
1313 719 1634 790 imperator
1658 720 2012 791 magistrum

361 811 599 878 ereavit,
634 827 699 866 ac
727 812 965 866 domum
1001 810 1192 864 rediit.
1228 809 1335 873 Qui
1366 823 1427 863 se
1459 808 1682 878 Xiphias
1715 825 1779 863 ac
1816 809 2013 864 Phocea

361 900 670 955 seditionis
704 900 892 954 socios
912 899 1301 970 praebuerant,
1323 913 1421 952 eos
1453 896 1621 953 bonis
1644 899 1770 952 suis
1797 898 2016 953 multa-

362 994 452 1044 tos
478 989 537 1044 in
561 1004 850 1043 carcerem
876 987 1131 1042 abdidit:
1161 985 1354 1042 solum
1389 985 1696 1056 patricium
1732 986 2014 1042 Pbersam

365 1077 676 1144 interfecit,
711 1077 809 1147 qui
844 1082 901 1131 et
934 1076 1156 1146 primus
1201 1075 1466 1131 omnium
1519 1092 1580 1131 se
1614 1075 2016 1147 perduellibus

365 1167 734 1236 adjunxerat,
766 1169 833 1232 et_
873 1170 1123 1234 quatuor
1170 1169 1471 1220 curatores
1501 1165 1829 1220 vicinorum
1860 1164 2016 1237 prin-

366 1254 562 1327 cipum
614 1258 941 1320 necaverat,
987 1269 1212 1325 suaque
1262 1270 1436 1308 manu
1492 1254 1737 1325 spadoni
1781 1255 2015 1310 cuidam

364 1342 740 1414 imperatorio
765 1347 938 1415 caput
960 1348 1383 1414 amputaverat.
1408 1343 1509 1398 Est
1537 1347 1594 1398 et
1622 1342 2016 1399 cubicularius

366 1432 608 1503 quidam
662 1431 1033 1504 imperatoris
1081 1432 1350 1487 leonibus
1395 1433 1685 1503 objectus,
1718 1432 2019 1488 convictus

2121 560 2215 617 ρας
2246 537 2574 613 συμπλοκῆς
2618 539 2941 615 γενομένης,
2998 538 3068 614 τῇ
3126 540 3192 593 ια’
3250 544 3347 595 τοῦ
3396 537 3779 617 Σεπτεμϐρίου

2126 630 2323 702 μηνὸς,
2357 627 2700 693 ΐνδικτιῶνος
2759 633 2822 697 ς’,
2855 629 2993 684 κατὰ
3050 629 3133 697 τὸ,
3182 628 3354 707 ,ςφλα’
3403 626 3544 703 ἔτος,
3590 630 3779 687 πίπτει

2127 719 2220 791 μὶν
2256 719 2283 772 6
2344 717 2648 794 νιπαρίτης
2704 719 2887 791 (οὗτος
2935 717 3038 793 γὰρ
3095 718 3159 792 ᾖν
3216 718 3659 797 ἀρχιστράτηγος
3698 725 3779 793 τῷ

2124 809 2407 882 Γεωργίῳ)
2464 807 2553 862 καὶ
2640 806 2731 861 σὺν
2819 806 2967 879 αὐτῷ
3043 812 3146 862 πᾶν
3224 807 3289 862 τὸ
3328 813 3673 883 κρατιστεῦον
3722 809 3777 864 ἔν

2123 890 2437 970 Ἀϐασγοῖς,
2497 895 2679 971 φεύγει
2721 893 2779 950 δὲ
2841 896 2931 951 καὶ
2983 896 3013 950 6
3060 896 3330 971 Γεώργιος
3380 896 3457 959 εἷς
3504 899 3574 953 τὰ
3619 896 3777 954 ὲνδό-

2122 1005 2251 1059 τερα
2283 984 2382 1059 ὄρη
2430 987 2528 1055 τῆς
2584 980 2846 1061 Ἰϐηρίας.
2894 985 3022 1040 Μετ’
3069 983 3257 1059 ὀλίγον
3314 983 3372 1040 δὶ
3429 982 3783 1063 διαπρεσϐευ-

2126 1073 2378 1148 σάμενος,
2408 1074 2609 1146 καὶτῷ
2654 1072 2870 1150 βασιλεῖ
2915 1072 3104 1138 ἐκστὰς
3150 1075 3339 1149 χώρας
3380 1076 3588 1147 ὁπόσης
3618 1072 3781 1132 ἐϐού-

2128 1164 2275 1233 λετο,
2337 1161 2637 1232 σπένδεται,
2689 1165 2899 1238 ὅμηρον
2950 1160 3076 1225 δοὺς
3130 1164 3220 1218 τὸν
3272 1164 3387 1219 υἱὸν
3436 1164 3600 1231 αὐτοῦ
3631 1172 3782 1241 Παγ-

2124 1254 2343 1327 κράτιον
2374 1271 2388 1285 ·
2424 1251 2483 1308 ὅν
2518 1255 2817 1328 μάγιστρον
2848 1254 3082 1324 ποιήσας
3112 1254 3140 1307 δ
3175 1251 3430 1328 βασιλεὺς
3461 1254 3781 1330 ὑπέστρεψε.

2125 1343 2261 1404 Τοὺς
2296 1343 2389 1415 μὲν
2423 1341 2513 1398 οῦν
2546 1339 2757 1405 ἄλλους
2804 1346 2912 1397 τῶν
2964 1346 3042 1414 τῷ
3084 1340 3255 1420 Ξιφίᾳ
3273 1342 3654 1419 συναραμένων
3689 1344 3782 1400 καὶ

2126 1436 2207 1503 τῷ
2236 1435 2404 1502 Φωκᾷ
2430 1436 2539 1486 τῶν
2574 1430 2933 1506 ὑπαρχόντων
2982 1432 3277 1506 γυμνώσας
3305 1432 3576 1509 καθεῖρξε,
3610 1433 3780 1507 μόνον

366 1521 520 1592 quod
553 1523 965 1593 imperatorem
990 1521 1047 1576 in
1071 1520 1293 1593 Xiphiae
1324 1521 1575 1593 gratiam
1600 1526 1845 1577 conatus
1866 1538 2002 1578 esse

2131 1517 2189 1575 δὶ
2214 1521 2308 1575 τὸν
2337 1520 2621 1594 πατρίκιον
2672 1520 2887 1595 Φέρσην
2940 1518 3241 1593 ἀπέκτεινε,
3293 1522 3399 1597 πρὸ
3456 1522 3670 1577 πάντων
3724 1544 3786 1579 τε

366 1626 588 1666 veneno
620 1610 844 1666 tollere.

2128 1610 2467 1685 προαρυὲντα
2512 1614 2632 1671 τοῖς
2684 1606 3036 1677 ἄποστάτοις,
3085 1609 3176 1664 καὶ
3204 1607 3465 1687 τέσσαρας
3495 1611 3785 1688 ἀρχόντων

366 1697 619 1772 γειτόνων
682 1699 1031 1773 κουράτωρας
1116 1697 1521 1771 ἀποκτείναντα,
1604 1699 1695 1754 καὶ
1781 1696 2037 1772 ὶκτομίαν
2117 1700 2238 1756 τινὰ
2327 1696 2610 1775 βασιλικὸν
2691 1697 3030 1775 αὖτοχείρως
3089 1700 3239 1772 [719]
3285 1702 3787 1775 καρατομήσαντα·

369 1784 530 1857 ἐδόθη
574 1783 631 1842 δὲ
660 1787 749 1842 καὶ
800 1787 983 1842 λέουσι
1042 1785 1349 1863 βασιλικοῖς
1399 1808 1481 1850 τις
1543 1784 1944 1861 θαλαμηπόλος
2002 1792 2227 1864 Βρῶμα,
2286 1787 2569 1865 ὶλεγχθεὶς
2636 1787 2948 1863 φαρμάκοις
3004 1782 3376 1844 ἐπιϐουλεύων
3424 1793 3504 1863 τῷ
3562 1788 3788 1865 βασιλεί

370 1872 460 1929 διὰ
495 1874 587 1931 τδν
618 1877 839 1953 Ξιφίαν.

442 1996 669 2053 Mortua
724 1997 893 2052 Anna
962 1995 1332 2067 imperatoris
1400 2012 1598 2053 sorore
1673 1995 1732 2051 in
1792 1994 2000 2052 Rossia

2200 1994 2300 2051 Καὶ
2330 1995 2528 2066 Ἀννης
2576 1991 2633 2051 δὲ
2679 2000 2779 2066 τῆς
2824 1997 2921 2049 τοῦ
2977 1990 3246 2070 βασιλέως
3298 1991 3540 2073 ἀδελφῆς
3561 1992 3615 2051 ιν
3644 1995 3786 2052 Ῥω-

370 2086 642 2141 defuncto
665 2086 792 2156 jam
842 2089 974 2140 ante
1019 2084 1351 2142 Bladimero
1400 2085 1633 2156 marito,
1667 2084 2021 2158 Cbrysocbir

364 2175 605 2248 quidam
635 2174 953 2231 Bladimeri
984 2180 1269 2246 cognatus
1292 2175 1396 2229 800
1426 2177 1579 2231 viros
1611 2174 1875 2242 adscivit,
1909 2174 2015 2229 iis-

357 2280 471 2335 que
500 2264 561 2319 in
595 2279 770 2319 naves
820 2264 1114 2335 impositis
1162 2263 1365 2336 Cpolin
1411 2264 1589 2333 venit,
1622 2264 1915 2337 stipendia
1945 2280 2007 2319 se

353 2354 540 2410 facere
569 2351 712 2409 velle
742 2353 894 2409 479
931 2352 1239 2408 simulans.
1284 2355 1425 2408 Cum
1460 2359 1658 2408 autem
1691 2353 2008 2424 imperator

350 2458 485 2497 eum
517 2441 724 2513 positis
756 2440 937 2497 armis
960 2446 1153 2513 petere
1175 2442 1223 2498 si
1256 2442 1395 2514 quid
1430 2442 1867 2513 velletjuberet,
1889 2461 2004 2500 non

351 2532 764 2603 obtemperans
818 2531 1229 2602 Propontidem
1288 2532 1564 2601 trajecit;
1617 2547 1871 2602 eumque
1930 2532 2002 2588 ad

353 2620 626 2693 Abydum
671 2620 948 2687 venisset,
983 2624 1251 2675 conserta
1298 2620 1489 2676 navali
1543 2637 1740 2693 pugna
1769 2638 1903 2677 cum
1938 2638 2004 2677 eo

350 2709 450 2781 qui
483 2725 644 2765 oram
691 2708 1047 2764 maritimam
1078 2710 1370 2781 tuebatur,
1406 2709 1566 2766 nullo
1599 2713 1831 2781 negotio
1862 2712 2004 2766 vicit

351 2814 417 2854 ac
452 2799 731 2853 Lemnum
765 2798 1046 2869 pervenit.
1088 2799 1170 2853 lbi
1203 2798 1374 2854 Rossi
1407 2816 1441 2854 a
1470 2799 1655 2855 classe
1685 2800 2002 2871 Cibyrrsao-

349 2892 544 2944 tarum
593 2892 650 2942 et
705 2887 924 2943 Davido
982 2888 1332 2943 Aehridensi
1387 2889 1546 2944 Sami
1608 2890 1876 2961 praefecto
1936 2907 2003 2946 ac

349 2974 675 3048 Nicephoro
698 2974 971 3030 Cabasila
993 2977 1139 3032 duce
1162 2976 1592 3033 Thessalonicae
1616 2992 1718 3049 per
1739 2978 2003 3035 fraudem

349 3081 553 3121 omnes
585 3069 725 3119 sunt
751 3064 1061 3121 interfecti.

2128 2084 2215 2157 σίᾳ
2245 2084 2640 2155 άποθανούτης,
2682 2083 2773 2139 καὶ
2830 2084 2937 2158 πρὸ
2994 2082 3163 2153 αὐτῆς
3215 2088 3312 2140 τοῦ
3366 2081 3561 2161 ἀνδρὸς
3609 2086 3786 2155 αὐτῆς

2126 2170 2508 2248 Βλαδιμηροῦ,
2539 2171 2847 2248 Χρυσόχειρ
2887 2172 3147 2248 συγγενὴς
3175 2192 3258 2234 τις
3288 2170 3362 2227 ὣν
3393 2177 3490 2227 τοῦ
3515 2170 3784 2244 τελευτή-

2125 2284 2340 2332 σαντος,
2399 2259 2594 2338 ἄνδρας
2671 2260 3021 2323 ὀκτακοσίους
3067 2262 3626 2337 προσεταιρισάμενος
3686 2264 3782 2319 καὶ

2113 2350 2331 2414 πλοίοις
2387 2346 2708 2426 ἐμϐιϐάσας,
2790 2349 2959 2421 ἦλθεν
3042 2351 3120 2413 είς
3197 2350 3776 2409 Κωνσταντινούπολιν

2113 2443 2187 2503 ὡς
2245 2442 2389 2517 τάχα
2447 2442 2891 2517 μισθοφορήσων.
2923 2444 3032 2495 Τοῦ
3091 2438 3148 2496 δὶ
3203 2438 3472 2517 βασιλέως
3516 2443 3767 2497 καταθεῖ-

2112 2553 2193 2586 ναι
2237 2532 2303 2585 τὰ
2360 2528 2505 2585 ὅπλα
2560 2528 2880 2593 κελεύοντος
2942 2529 3034 2585 καὶ
3082 2530 3226 2586 οὕτω
3282 2531 3609 2601 ποιήσασθαι
3666 2532 3775 2602 τήν

2113 2619 2387 2695 ἔντυχίαν.
2442 2620 2517 2691 μὴ
2572 2617 2805 2689 θελήσας
2851 2616 3043 2689 διῆλθε
3087 2620 3187 2689 τήν
3247 2618 3615 2696 Προποντίδα.
3679 2620 3773 2677 Ἐν

2112 2704 2333 2782 Ἀϐύδῳ
2394 2706 2450 2763 δὶ
2500 2708 2791 2784 γενόμενος
2849 2707 2939 2764 καὶ
2992 2712 3073 2781 τῷ
3122 2712 3516 2785 στρατηγοῦντι
3557 2708 3768 2781 ταύτης

2112 2797 2374 2875 συῤῥάξας
2434 2797 2847 2873 λπερμαχοῦντι
2909 2802 3017 2853 τῶν
3061 2798 3371 2871 παραλίων,
3431 2797 3521 2853 καί
3575 2803 3773 2855 τοῦτον

2114 2885 2315 2963 ῥᾳδίως
2393 2888 2921 2962 καταστρεψάμενος,
3009 2884 3278 2956 κατῆλθεν
3357 2885 3437 2949 εἷς
3516 2891 3769 2962 Λῆμνον.

2113 2979 2317 3033 Ἐκεῖσε
2390 2974 2447 3031 δὲ
2501 2978 2649 3053 παρά
2717 2980 2816 3031 τοῦ
2891 2974 3088 3031 στόλου
3165 2980 3263 3031 τοῦ
3302 2970 3770 3053 ’Κιϐυρῥαιωτῶν,

2110 3066 2199 3123 καὶ
2232 3060 2398 3121 Δαϐὶδ
2429 3069 2525 3121 τοῦ
2587 3065 2691 3120 ἀπὸ
2741 3062 3013 3141 Ἀχριδῶν
3065 3069 3497 3142 στρατηγοῦντος
3551 3064 3767 3139 Σάμου,

350 3152 439 3207 καὶ
494 3151 809 3231 Νικηφόρου
860 3158 957 3209 τοῦ
1015 3149 1295 3210 Καϐάσιλα
1345 3152 1541 3218 δουκὸς
1600 3152 1754 3218 ὄντος
1822 3155 2217 3226 Θεσσαλονίκης
2275 3158 2387 3230 (71)
2446 3153 2984 3230 παρασπονδηθέντες
3042 3158 3271 3220 ἅπαντες
3321 3156 3767 3235 κατεσφάγησαν.

419 3271 554 3326 Post
580 3270 705 3327 hac
736 3270 794 3325 in
827 3270 1083 3327 Siciliam
1108 3271 1351 3329 molitus
1382 3273 1809 3346 expeditionem
1842 3273 1999 3345 Basig

345 3358 464 3416 lius
493 3363 757 3416 Orestam
789 3362 1105 3431 quemdam
1130 3362 1202 3417 de
1226 3362 1532 3418 fidissimis
1554 3362 1679 3418 suis
1710 3363 1999 3418 eunuchis

345 3450 649 3522 praemittit
678 3466 811 3504 cum
844 3451 1072 3521 magnis
1104 3452 1308 3523 copiis.
1334 3451 1464 3522 Ipse
1495 3452 1613 3507 fato
1640 3451 1998 3523 interceptus

347 3539 623 3610 subsequi
657 3554 771 3593 non
806 3538 1003 3593 valuit.
1040 3543 1183 3595 Nam
1225 3556 1425 3595 mense
1455 3540 1778 3607 Decembri,
1813 3540 1996 3595 indic-

348 3627 508 3683 tione
551 3644 726 3693 nona,
781 3644 933 3681 anno
979 3628 1146 3692 6534,
1202 3628 1397 3682 subito
1448 3633 1750 3700 correptus
1798 3629 2000 3684 morbo

351 3714 622 3772 decessit.
683 3714 891 3770 Paucis
950 3721 1082 3771 ante
1133 3721 1381 3771 mortem
1437 3717 1565 3786 ejus
1614 3717 1823 3773 diebus
1878 3718 2001 3773 obit

351 3804 691 3861 Eustathius
723 3806 1094 3875 patriarcha;
1144 3812 1202 3860 in
1236 3807 1410 3876 cujus
1454 3806 1646 3862 locum
1683 3808 2003 3878 imperator

349 3894 657 3950 substituit
706 3894 970 3949 Alexium
1029 3896 1403 3965 monachum,
1456 3897 1725 3952 Studisni
1770 3897 1997 3969 collegii

347 3983 718 4055 magistrum,
751 3982 849 4054 qui
901 3983 970 4037 ad
1027 3984 1222 4055 ipsum
1275 3984 1565 4041 invisendi
1614 3986 1767 4040 480
1817 4003 1999 4043 causa

343 4076 605 4138 venerat,
637 4073 885 4128 atl'erens
934 4088 1133 4127 secum
1184 4078 1362 4145 caput
1406 4073 1655 4129 Joannis
1703 4074 1995 4145 baptista.

343 4160 487 4215 Eum
516 4176 652 4233 ergo
678 4177 810 4215 cum
846 4177 945 4231 per
974 4162 1261 4217 Joannem
1312 4163 1793 4233 protonotarium,
1826 4166 1997 4235 cujus

341 4264 518 4321 Opera
548 4251 606 4303 in
640 4249 1125 4305 administrandis
1146 4250 1395 4321 publicis
1420 4252 1670 4323 negotiis
1699 4252 1993 4320 utebatur,

341 4338 400 4392 in
435 4336 581 4393 solio
615 4336 963 4410 patriarcha
995 4337 1364 4406 eallocasset,
1395 4356 1634 4411 vespere
1658 4340 1991 4413 exspiravit.

340 4426 493 4483 Vixit
523 4443 709 4482 annos
739 4427 829 4495 70,
861 4442 1008 4498 quos
1037 4442 1240 4482 omnes
1274 4429 1558 4500 regnavit.
1593 4428 1766 4485 Solus
1797 4435 1992 4485 autem

344 4532 648 4571 summum
680 4515 995 4586 imperium
1040 4516 1220 4585 gessit
1252 4534 1437 4573 annos
1466 4519 1555 4573 50.
1590 4518 1849 4574 Fratrem
1882 4519 1991 4574 im-

344 4604 488 4677 perii
532 4620 931 4660 successorem
986 4604 1261 4672 instituit,
1311 4606 1479 4678 eique
1512 4608 1807 4663 mandavit
1837 4613 1901 4663 ut
1930 4625 1993 4664 se

345 4695 403 4750 in
433 4693 679 4751 Joannis
722 4693 1088 4766 evangelista:
1118 4711 1184 4750 ac
1227 4695 1479 4768 theologi
1536 4698 1664 4752 fano
1695 4696 1988 4769 sepeliret,

342 4784 497 4853 apud
530 4783 919 4840 Hebdomum.
958 4784 1128 4855 [dque
1157 4784 1208 4840 is
1239 4791 1326 4841 est
1354 4790 1685 4842 exsecutus.

2180 3271 2521 3345 Βουλόμενος
2578 3269 2635 3327 δὶ
2692 3272 2720 3326 6
2783 3269 3040 3347 βασιλεὺς
3085 3270 3464 3347 ἐκστρατεῦσαι
3503 3272 3640 3327 κατᾶ
3662 3278 3768 3341 τῆς

2111 3361 2364 3422 Σικελίας
2389 3360 2648 3435 Ὀρέστην
2698 3361 3019 3437 προέπεμψε
3069 3361 3203 3434 μετὰ
3252 3358 3533 3435 δυνάμεως
3569 3357 3763 3437 sapae,

2108 3445 2199 3504 ἕνα
2258 3448 2381 3503 ὅντα
2426 3454 2532 3503 τῶν
2587 3448 2923 3503 πιστοτάτων
2983 3447 3283 3524 εὐνούχων,
3316 3448 3478 3513 αὐτὸς
3524 3446 3580 3503 δὶ
3616 3450 3764 3504 ἒκω-

2112 3538 2250 3609 λύθη
2301 3539 2601 3614 φθάσαντος
2657 3542 2754 3593 τοῦ
2811 3539 3014 3613 χρεών.
3083 3538 3399 3615 Δεκεμλρίῳ
3462 3537 3563 3615 γὰρ
3624 3539 3763 3611 μηνῖ

2114 3629 2192 3695 ιε’,
2228 3624 2566 3691 ῗνδικτιῶνος
2624 3628 2687 3695 ϐ’,
2742 3623 2914 3689 ἔτους.
2974 3624 3170 3703 ,ςφλδζ
3204 3624 3459 3700 αἰφνιδίῳ
3486 3628 3628 3700 νόσῳ
3654 3626 3764 3698 λη-

2110 3716 2260 3795 φθεὶς
2318 3711 2548 3785 ἀπεϐίω,
2608 3714 2714 3791 πρό
2761 3736 2924 3769 τινων
2979 3718 3200 3789 ἡμερῶν
3239 3722 3341 3787 τῆς
3379 3716 3543 3771 αὐτοῦ
3570 3714 3763 3771 τελευ-

2105 3812 2208 3874 τῆς
2263 3805 2353 3860 καὶ
2398 3804 2694 3861 Εὖσταθίου
2730 3809 2827 3859 τοῦ
2871 3806 3215 3881 πατριάρχου
3263 3806 3647 3872 ἀποθανόντος,
3694 3807 3764 3862 οὗ

2110 3891 2368 3969 διάδοχον
2426 3895 2453 3948 6
2518 3891 2773 3970 βασιλεὺς
2843 3891 3136 3964 ἐποιήσατο
3217 3890 3456 3964 Ἀλέξιον
3510 3895 3759 3969 μοναχὸν

2106 3982 2194 4039 καὶ
2225 3982 2631 4059 καθηγούμενον
2682 3989 2782 4052 τῆς
2842 3989 3016 4054 μονῆς
3055 3986 3153 4037 τοῦ
3212 3979 3499 4052 Στουδίου,
3530 3982 3605 4045 εἷς
3632 3983 3760 4038 ἐπί-

2106 4076 2292 4147 σκεψιν
2321 4071 2483 4128 αὐτοῦ
2537 4071 2907 4150 πεφοιτηκότα
2967 4072 3102 4144 μετὰ
3146 4078 3246 4141 τῆς
3291 4070 3479 4145 τιμίας
3509 4069 3760 4149 κεφαλῆς

2103 4166 2199 4217 τοῦ
2248 4160 2592 4237 Ιίροδρόμου.
2645 4163 2743 4219 ’Όν
2798 4161 2885 4217 καὶ
2940 4162 3159 4236 πεμψας
3219 4159 3507 4236 ἱνθρονίζει
3543 4159 3629 4216 διὰ
3654 4166 3759 4218 τοῦ

2103 4251 2543 4327 πρωτονοταρίου
2600 4250 2868 4319 Ἰωάννου,
2925 4251 2971 4323 ᾧ
3047 4255 3287 4326 συνεργῷ
3342 4249 3549 4326 ἐχρῆτο
3613 4252 3758 4325 πρὸς

2100 4343 2201 4412 τὴν
2229 4346 2336 4396 τῶν
2370 4344 2567 4396 κοινῶν
2613 4337 2902 4410 διοίκησιν.
2947 4340 3049 4397 Καὶ
3098 4344 3167 4414 τῇ
3227 4338 3425 4414 ἑσπέρᾳ
3467 4338 3755 4411 ἐτελεύτη-

2102 4450 2178 4501 σε,
2214 4432 2376 4500 ζήσας
2411 4430 2503 4502 μὶν
2552 4424 2643 4500 ἔτη
2691 4435 2754 4498 o',
2805 4426 2895 4483 καὶ
2950 4428 3017 4484 τά
3066 4430 3243 4483 πάντα
3282 4426 3628 4506 βασιλεύσας,
3661 4428 3755 4485 ἕπῖ

2100 4519 2334 4595 χρόνους
2368 4517 2425 4573 δὶ
2453 4524 2494 4571 ν’
2545 4520 2646 4589 τὴν
2691 4516 3063 4594 αὐτοκράτορα
3113 4515 3353 4582 διιθύνας
3401 4517 3604 4595 ἀρχήν,
3645 4524 3755 4574 Ta-

2101 4610 2265 4685 φῆναι
2314 4604 2370 4661 δὶ
2426 4605 2761 4683 παρεκάλεσε
2828 4607 2918 4662 τὸν
2976 4607 3167 4662 ἑαυτοῦ
3223 4605 3480 4685 ἀδελφὸν,
3539 4606 3596 4661 ὃν
3658 4608 3758 4663 καὶ

2100 4693 2360 4772 διάδοχον
2409 4693 2669 4751 κατέλιπε
2714 4701 2813 4765 τῆς
2855 4696 3056 4771 ἀρχῆς,
3104 4695 3156 4751 ἰν
3184 4701 3266 4769 τῷ
3294 4697 3431 4752 κατᾶ
3460 4696 3520 4751 τὸ
3550 4691 3757 4753 Ἕϐδο-

2103 4806 2202 4858 μον
2235 4790 2349 4858 ναῷ
2401 4782 2498 4839 τοῦ
2549 4783 2936 4861 εὐαγγελιστοῦ
2992 4783 3081 4840 καὶ
3139 4781 3440 4861 Θεολογου⁶
3486 4785 3514 4842 ὃ
3558 4782 3626 4856 δὴ
3658 4788 3755 4841 καί

2021 4862 2068 4928 ι)
2097 4874 2334 4950 γέγονεν.

411 4961 832 5018 Constantinus
862 4962 1107 5033 imperio
1158 4963 1396 5034 potitus,
1454 4970 1775 5037 nactusque
1810 4963 1986 5021 lieen-

2168 4963 2617 5036 ’Δναζωσάμενος
2646 4959 2703 5018 δὲ
2750 4963 2846 5032 τήν
2892 4963 3102 5020 ἅπασαν
3161 4961 3471 5020 δυναστείαν
3504 4964 3533 5019 6
3591 4966 3754 5020 Κων-

337 5050 481 5105 tiam
531 5052 740 5123 agendi
788 5067 916 5123 quas
967 5051 1158 5118 vellet,
1205 5053 1390 5107 multa
1443 5052 1775 5125 reipublicts
1832 5055 1988 5112 mala

2115 5057 2393 5123 ιταντῖνος,
2425 5051 2515 5107 καὶ
2566 5052 2819 5128 πράττειν
2861 5051 2892 5108 6'
2938 5074 2992 5108 τι
3037 5053 3127 5108 καὶ
3183 5051 3449 5128 βούληται
3501 5050 3754 5127 ἰξουσίαν

337 5140 517 5195 dedit.
552 5140 780 5212 Quippe
827 5140 1002 5196 homo
1034 5141 1227 5214 pravis
1277 5142 1493 5198 studiis
1541 5142 1795 5211 deditus,
1838 5144 1984 5199 nihil

2115 5135 2303 5209 \a6dov,
2346 5141 2435 5195 καὶ
2491 5145 2610 5206 ταῖς
2660 5138 3141 5217 ἐκδεδιῃτημᾶναις
3193 5141 3403 5218 χαίρων
3439 5147 3547 5197 τῶν
3598 5143 3751 5217 πρά-

336 5244 538 5284 eorum
571 5246 700 5303 qua)
743 5228 920 5286 officii
959 5233 1128 5286 erant
1155 5229 1243 5285 vel
1288 5230 1499 5303 agebat
1545 5230 1633 5286 vel
1665 5232 1980 5304 cogitabat,

338 5314 497 5373 ludis
528 5322 724 5374 autem
758 5318 1130 5390 equestribus
1152 5324 1209 5374 et
1240 5318 1440 5375 mimis
1461 5336 1526 5375 ac
1548 5321 1770 5376 scurris
1792 5320 1981 5378 delec-

2094 5231 2246 5302 ξεων,
2279 5228 2506 5287 πολλῶν
2536 5234 2715 5287 κακῶν
2766 5230 2939 5297 αἶ’τιος
2992 5232 3193 5307 ὑπῆρξε
3232 5236 3313 5306 τῷ
3356 5229 3751 5305 πολιτεύματι,

2090 5318 2251 5381 αὐτὸς
2284 5318 2379 5392 μὶν
2430 5319 2679 5396 πράττων
2726 5317 2881 5378 οὐδὲν
2927 5318 2964 5391 ἥ
3027 5319 3426 5397 βουλευόμενος
3449 5325 3559 5377 τῶν
3601 5317 3753 5375 δεόν-

1537 5501 1904 5561 XYLANDRI
1944 5504 2031 5561 ET
2069 5502 2286 5562 GOARI
2322 5504 2555 5563 NOTZE.

415 5644 527 5717 (71)
557 5642 656 5701 His
687 5642 1052 5717 temporibus
1083 5645 1291 5703 ducem
1320 5644 1526 5704 habuit
1556 5646 1996 5723 Thessalonica,
2027 5654 2085 5708 et
2127 5650 2491 5709 decrescente
2521 5650 2766 5725 imperio
2796 5652 3162 5726 augebantur
3190 5651 3529 5728 dignitates.
3558 5652 3748 5711 Gesn.
