4014 6194
255 351 374 413 213

1414 344 1961 412 HISTORIABUM
2004 342 2551 409 COMPENDIUM.

3563 346 3685 410 314

258 504 397 553 των,
424 480 831 559 ἱπποδρομίαις
859 481 917 539 δδ
953 481 1166 560 χαίρων
1207 480 1297 537 xui
1351 479 1546 554 μίμοις
1596 480 1684 534 καὶ
1742 477 1918 555 γελω-

2039 478 2286 547 tabatur,
2348 478 2721 550 potandoque
2780 480 2980 533 noctes
3031 476 3319 534 trahebat.
3366 479 3571 537 Civiles
3615 496 3682 537 ac

256 578 534 644 τοποιοῖς,
589 572 681 628 xui
734 567 927 636 κόὸοις
999 572 1090 627 καὶ
1163 565 1450 631 κοττάϐοις
1509 567 1915 644 ἐννυκτερεῦων,

268 663 544 737 ἄρχοντας
591 663 851 726 καθιστὰς
899 659 952 717 ἕν
1009 683 1067 716 τε
1125 658 1515 736 πολιταρχίαις
1574 656 1662 713 xui
1728 677 1919 731 στρατ-

256 750 441 826 ηγίαις
503 753 569 805 οὗ
628 750 757 813 τοὺς
807 748 948 827 ἔργῳ
995 750 1087 805 καὶ
1139 749 1295 825 λόγῳ
1352 750 1413 803 τὸ
1456 745 1682 819 δόκιμον
1716 746 1916 800 ἑαυτῶν

254 841 693 915 παρεχομένους,
747 838 874 895 ἀλλ’
931 837 1235 909 οἷνόληπτα
1284 837 1662 909 ἐκτετμημὲνα
1720 832 1918 906 ἀνδρά-

256 927 402 983 ποδα
457 930 549 984 καὶ
598 928 784 1000 πάσησ
836 928 1055 1003 μιαρίας
1110 929 1199 983 xui
1274 924 1560 1001 βδελυρίας
1627 922 1917 997 ἐμπεπλη-

255 1018 449 1092 σμένα,
480 1019 699 1093 ἀνάγων
736 1017 930 1081 αὐτοὺς
963 1018 1039 1079 εἷς
1094 1019 1189 1080 τὰς
1242 1022 1349 1071 τῶν
1392 1018 1716 1088 ἀξιωμάτων
1774 1016 1919 1087 ὑψη-

255 1107 497 1171 λοτάτοις
526 1108 830 1181 περιωπάς,
863 1107 992 1171 τοὺς
1024 1105 1081 1163 δὲ
1127 1106 1265 1182 γένει
1308 1107 1397 1161 καὶ
1446 1105 1609 1180 ἀρετῇ
1660 1104 1750 1159 καὶ
1800 1103 1916 1159 πεί-

259 1219 324 1270 ρᾳ
350 1198 700 1272 προέχοντας
742 1196 1129 1272 παρατρέχων.
1160 1195 1430 1251 Νικόλαον
1480 1195 1584 1270 γὰρ
1626 1194 1718 1248 τὸν
1772 1197 1920 1267 πρῶ-

254 1308 346 1341 τον
376 1291 487 1341 τῶν
538 1287 709 1341 αὐτοῦ
753 1283 1169 1358 θαλαμηπόλων
1212 1283 1533 1359 δομὲστικον
1580 1278 1916 1357 προεϐάλετο

256 1382 362 1431 τῶν
422 1376 653 1451 σχολῶν
701 1376 789 1430 xui
844 1375 1361 1451 παρακοιμώμενον,
1397 1376 1477 1447 [Ρ.
1510 1375 1636 1443 720]
1669 1371 1917 1449 Νικηφό-

258 1486 348 1539 ρον
382 1463 441 1520 δὶ
470 1466 565 1519 τὸν
630 1466 745 1536 μετ’
777 1462 980 1519 ἐκεῖνον
1032 1465 1099 1520 τὰ
1151 1462 1424 1539 δευτερεῖα
1481 1462 1709 1537 φέροντα
1763 1481 1915 1534 πρω-

256 1550 657 1627 τοεεστιᾶριον,
688 1554 914 1625 Συμεὼν
945 1550 1001 1607 δὶ
1045 1555 1135 1607 τὸν
1188 1552 1325 1606 κατά
1378 1552 1478 1621 τήν
1536 1549 1681 1620 τάξιν
1732 1549 1911 1624 τρίτον

259 1650 625 1727 δρουγγάριον
684 1655 783 1715 τῆς
862 1648 1081 1725 βίγλας,
1139 1646 1436 1726 προέδρους
1508 1647 1635 1710 τοὺς
1709 1648 1913 1710 πάντας

257 1743 522 1812 τιμήσας,
558 1738 857 1802 Εὗστὰθιόο
906 1759 966 1794 τε
1022 1740 1113 1793 τὸν
1168 1736 1478 1793 πολλοστὸν
1533 1737 1649 1811 μετ’
1678 1735 1911 1798 ἐκείνους

2029 566 2273 623 bellicos
2324 567 2705 639 magistratus
2757 583 2871 623 non
2920 567 2995 621 iis
3039 567 3136 638 qui
3187 567 3338 623 facto
3385 574 3486 623 aut
3524 568 3680 626 dicto

2029 657 2303 713 virtutem
2339 674 2506 712 suam
2555 661 2830 712 testatam
2885 657 3160 712 fecissent
3206 656 3545 713 mandavit:
3579 661 3678 715 sed

2032 747 2336 819 praeteritis
2387 748 2458 803 iis
2512 748 2610 818 qui
2655 763 2888 817 genere,
2937 746 3151 801 virtute
3201 763 3434 819 usuque
3482 763 3680 803 rerum

2032 836 2351 908 pollebant,
2386 838 2455 891 ad
2490 854 2756 891 summas
2787 835 3104 906 dignitates
3136 835 3343 890 extulit
3389 838 3684 907 mancipia

2029 926 2258 981 ebriosa
2288 931 2463 997 atque
2495 926 2715 981 evirata
2746 926 3141 995 omnibusque
3170 924 3394 995 polluta
3425 925 3680 997 ﬂagitiis.

2030 1024 2256 1079 Etenim
2290 1023 2617 1090 Nicolaum,
2655 1022 3010 1078 famulorum
3041 1021 3295 1077 cubiculi
3330 1021 3680 1095 principem,

2029 1112 2367 1167 scholarum
2427 1113 2817 1168 domesticum
2879 1116 2935 1165 et
2991 1112 3385 1171 accubitorem
3445 1113 3682 1182 creavit,

2028 1201 2443 1270 Nicephorum,
2496 1202 2567 1256 ah
2618 1218 2683 1257 eo
2738 1202 3091 1272 proximum,
3146 1202 3681 1271 protovestiarium,

2029 1290 2387 1358 Simeonem,
2423 1291 2595 1345 tertio
2628 1290 2752 1345 loco
2788 1290 3083 1356 habitum,
3118 1288 3504 1361 drungarium
3538 1291 3687 1362 vigi-

2027 1378 2155 1446 liae;
2207 1379 2395 1450 iisque
2454 1379 2729 1433 omnibus
2788 1379 3069 1433 honorem
3124 1377 3392 1449 praesidis
3451 1377 3681 1434 tribuit.

2026 1468 2172 1523 481
2227 1468 2623 1535 Eustathium,
2656 1468 2757 1539 qui
2809 1468 2981 1539 longo
3017 1467 3161 1522 istos
3209 1468 3684 1536 subsequebatur

2024 1556 2353 1621 intervallo,
2416 1574 2641 1628 magna:
2701 1556 3020 1611 soliditatis
3077 1556 3287 1610 ducem
3350 1558 3681 1614 constituit.

2022 1654 2344 1709 Antiochiae
2376 1655 2585 1710 ducem
2621 1654 2754 1709 fecit
2783 1652 3117 1726 Spondylen
3146 1654 3464 1725 quemdam
3496 1670 3683 1710 eunu-

2024 1744 2224 1813 chum,
2285 1748 2341 1799 et
2398 1744 2597 1799 Iberiee
2653 1742 2915 1799 Nicetam
2974 1760 3004 1798 e
3060 1742 3280 1798 Pisidia
3342 1744 3683 1811 oriundum,

260 1831 426 1903 μέγαν
492 1827 899 1904 ἔταιρειάρχην.
932 1823 1277 1903 Προεϐἀλετο
1337 1825 1394 1882 δὲ
1446 1826 1535 1882 καὶ
1590 1824 1756 1881 δοῦκα
1786 1826 1913 1883 Ἀν-

2039 1843 2340 1904 itrumque
2372 1832 2607 1887 malitiaa
2630 1832 2889 1888 infamis.
2910 1832 2977 1887 Hi
3008 1831 3364 1889 tumultibus
3392 1833 3588 1889 omnia
3612 1838 3671 1888 et

254 1918 511 1993 τιοχείας
569 1916 833 1993 εὖνοῦχόν
888 1938 1010 1972 τινα
1068 1914 1391 1984 Σπονδόλην
1453 1913 1775 1991 λεγόμενον,
1822 1913 1913 1969 καὶ

253 2002 500 2083 Ἰϐηρίας
542 2008 782 2076 Νικήταν
834 2006 925 2061 τὸν
980 2005 1041 2060 ἐκ
1092 2003 1394 2081 ῌισσιδίας,
1425 2005 1515 2059 καὶ
1570 2002 1736 2083 ἄμφω
1773 2002 1925 2081 ἐπιῤ-

253 2095 461 2171 ῥήτους
537 2095 858 2169 ἀνθρώπους
933 2095 1025 2149 καὶ
1096 2095 1411 2171 πονηροιόςο
1472 2092 1671 2155 οἵτινες
1756 2113 1926 2170 ταρα-

249 2192 361 2261 χῆς
422 2184 518 2240 καὶ
568 2182 889 2259 συγχύσεως
944 2183 1013 2238 ea
1079 2185 1253 2239 πάντα
1334 2181 1727 2257 πληρώσαντες
1821 2204 1915 2255 μιν

243 2278 379 2349 κροῦ
408 2274 513 2342 τὴν
546 2272 826 2348 βασιλείαν
878 2273 1168 2347 ἀνέτριψαν
1229 2270 1339 2344 ἤδη
1420 2272 1605 2334 καλῶς
1638 2270 1920 2346 ἀγομένη-

256 2360 365 2419 ἆπό
392 2384 457 2419 τε
500 2369 601 2433 τῆς
662 2359 1089 2437 αὐτοκρατορίας
1112 2362 1397 2435 Ῥωμανοῦ
1441 2365 1537 2416 τοῦ
1591 2366 1708 2415 τοῖν
1775 2361 1928 2436 βασι-

252 2454 404 2510 λὲοιν
435 2452 668 2524 πατρὸς.
701 2452 1018 2529 Νικηφόρου
1066 2448 1122 2506 δὲ
1178 2451 1267 2506 καὶ
1318 2451 1568 2509 Ἰωάννου
1614 2450 1706 2504 καὶ
1754 2456 1924 2505 Βασι-

261 2544 416 2598 λείου
448 2546 565 2596 τῶν
597 2540 732 2595 κατά
771 2537 1033 2615 διαδοχὰς
1082 2538 1386 2612 δεξαμᾶνων
1434 2541 1502 2593 τὰ
1549 2545 1798 2613 σκῆπτρα
1835 2547 1925 2601 καὶ

265 2627 509 2706 φοϐερὰν
592 2630 993 2701 καθισταμένην
1074 2634 1192 2691 τοῖς
1276 2626 1673 2697 πλησιάζουσιν
1730 2622 1920 2691 ἔθνεσι.

259 2720 367 2779 Καὶ
402 2719 469 2775 οὗ
514 2718 680 2791 μόνον
728 2715 1025 2797 ἀδιάφορον
1077 2719 1191 2794 εἶχε
1248 2719 1346 2787 τὴν
1406 2717 1633 2793 γνώμην
1695 2715 1747 2771 ἐν
1809 2721 1928 2778 ταῖς

254 2815 365 2865 τῶν
418 2810 615 2885 ἀρχῶν
676 2802 1007 2882 προϐολαῖς,
1052 2806 1125 2869 ὡς
1185 2801 1376 2882 ἔτυχεν
1436 2805 1597 2868 αὐτὰς
1651 2808 1927 2870 καθιστὰς,

256 2908 409 2964 ἀλλὰ
492 2906 587 2961 καὶ
663 2905 792 2967 τοὺς
886 2903 1355 2980 ἀξιολογωτέρους
1446 2904 1535 2960 καὶ
1620 2902 1931 2978 δοκιμωτέ-

264 3019 395 3074 pou:
459 2993 655 3051 ἐδίωκε
712 2993 801 3050 διὰ
856 2994 1083 3065 παντὸς,
1140 2999 1256 3056 τοῖς
1327 2991 1639 3067 εὐδοκίμοις
1700 2989 1932 3049 ἐπιϐου-

266 3087 485 3143 Αεῦων.
549 3082 942 3160 Ἀπετῦφλωσε
1032 3085 1127 3156 μὶν
1224 3082 1324 3160 γὰρ
1409 3083 1501 3138 καὶ
1586 3088 1929 3138 Κωνσταντῖ-

264 3198 352 3231 νον
413 3175 707 3251 πατρίκιον
779 3172 870 3228 τὸν
946 3173 1065 3228 υἱὸν
1134 3172 1371 3247 Μιχαὴλ
1456 3171 1754 3248 μαγίστρου
1830 3176 1927 3227 τοῦ

262 3231 543 3339 Βούρτζη,
594 3264 699 3336 πρὸ
756 3266 855 3327 τῆς
912 3262 1334 3338 αὐτοκρατορίας
1390 3260 1554 3316 αὐτοῦ
1621 3260 1927 3337 προσκρού-
1959 3231 2000 3298 C

263 3374 394 3409 οντα
423 3353 518 3407 καὶ
549 3351 644 3413 τὰς
674 3348 1011 3411 ἀκολάστους
1046 3352 1196 3423 αὐτῷ
1249 3351 1468 3425 πράξεις
1524 3350 1793 3422 Βασιλείῳ
1850 3354 1929 3422 τῷ

267 3441 493 3519 βασιλεῖ
554 3439 853 3514 μηνύοντα,
914 3440 1001 3495 καὶ
1062 3437 1266 3501 ἄλλους
1300 3439 1398 3493 οὐκ
1455 3437 1675 3515 ὀλίγους
1731 3435 1928 3515 ἄνδρας

266 3530 511 3607 ἀγαθοὺς
555 3531 840 3605 ἠφάνισεν,
890 3529 964 3591 ὡς
1013 3530 1223 3604 προϊὼν
1274 3527 1456 3603 ἐξείπῃ
1508 3529 1535 3583 ὁ
1580 3526 1767 3602 λόγος.
1823 3526 1927 3584 Καὶ

263 3622 331 3675 τὶ
549 3618 820 3693 προοίμια
887 3624 987 3687 τῆς
1055 3617 1483 3692 αὐτοκρατορίας
1542 3618 1705 3671 αὐτοῦ
1761 3620 1929 3671 ταῦτα

266 3712 353 3765 καὶ
408 3713 660 3764 τοιαῦταθ
711 3709 780 3761 τὰ
832 3705 889 3762 δὲ
950 3708 1084 3779 μετὰ
1138 3712 1305 3761 ταῦτα
1360 3706 1493 3761 ποία
1549 3704 1608 3760 ἂν
1665 3706 1753 3760 καὶ
1812 3708 1927 3760 κατ’

270 3801 421 3870 ἀξίαν
483 3798 880 3872 παραπήσιιεν
926 3795 1171 3871 ἱστορία;
1229 3796 1418 3850 Μόνων
1478 3796 1602 3873 γὰρ,
1663 3796 1737 3858 ὡς
1786 3794 1929 3871 ἰῤῥὲ-

272 3902 364 3959 θη,
415 3886 745 3962 ἐξεχόμενος
797 3884 1187 3960 γελωτοποιῶν
1246 3885 1334 3940 xui
1402 3886 1611 3958 μίμων,
1657 3886 1745 3939 καὶ
1803 3883 1928 3958 περὶ

271 3980 366 4039 τὰς
424 3972 804 4051 ἱπποδρομίας
850 3973 902 4028 εἷ’
943 3994 1041 4048 περ
1101 3995 1182 4035 τις
1231 3972 1401 4038 ἄλλος
1446 3974 1717 4049 κεχηνὼςν
1773 3969 1929 4047 ἔργον

278 4068 438 4139 μόνον
495 4065 788 4140 ἀναγκαῖον
846 4063 1039 4124 ταύτας
1094 4065 1304 4138 ἡγεῖτο,
1354 4063 1421 4118 τὰ
1478 4062 1645 4117 λοιπά
1701 4060 1934 4135 μηδενὸς

278 4156 435 4225 ἐξιών
498 4152 702 4228 λόγου,
735 4150 881 4206 ἀλλὰ
932 4148 1153 4226 δεύτερα
1212 4150 1565 4227 λογιζόμενος
1611 4155 1716 4206 τῶν
1768 4150 1932 4205 αὐτοῦ

277 4243 597 4299 ἀκολάστων
648 4238 845 4317 ἔργων.
899 4241 1213 4318 Νικηφόρον
1280 4243 1381 4318 γὰρ
1456 4241 1547 4296 τὸν
1624 4241 1933 4315 Κομνηνὸν,

279 4331 440 4403 ἄνδρα
470 4331 694 4387 συνετὸν
740 4331 829 4385 καὶ
879 4328 962 4384 ἐπ’
991 4330 1154 4406 ἀρετῇ
1206 4331 1291 4384 xui
1342 4327 1533 4404 ἀνδρίᾳ
1576 4325 1931 4405 βεϐοημὲνον,

280 4429 493 4501 Μηδίας
542 4426 788 4505 ἄρχοντα
829 4435 929 4498 τῆς
990 4428 1082 4482 καὶ
1123 4427 1538 4502 Ἀσπρακανίας,
1589 4429 1678 4483 τὸν
1727 4430 1814 4483 καὶ
1870 4428 1936 4483 τὰ

282 4521 590 4596 πρόσχωρα
642 4515 976 4590 ὑποτάξαντα
1025 4511 1174 4590 ἔθνη,
1217 4514 1286 4572 δι’
1335 4516 1509 4572 αἰτίαν
1558 4518 1650 4591 μὶν
1708 4514 1933 4592 εὔλογον

2036 1920 2705 1993 confusioneimplentes
2718 1925 3048 1977 everterunt
3066 1922 3490 1992 propemodum
3506 1922 3687 1994 impc-

2036 2011 2207 2080 rium,
2238 2012 2391 2083 quod
2418 2012 2546 2083 jam
2577 2011 2713 2066 inde
2744 2028 2778 2067 a
2809 2012 3070 2067 Romano
3101 2010 3282 2083 hujus
3312 2018 3495 2083 patre,
3517 2026 3685 2084 scep-

2036 2105 2195 2157 trum
2247 2101 2448 2156 ordine
2507 2101 2846 2173 gerentibus
2902 2100 3248 2172 Nicephoro,
3295 2100 3587 2157 Tzimisca
3633 2106 3690 2156 et

2038 2190 2274 2260 Basilio,
2308 2191 2585 2246 ﬂoruerat
2614 2207 2680 2245 ac
2711 2189 2915 2246 terrori
2939 2189 3148 2245 vicinis
3179 2190 3454 2261 gentibus
3476 2191 3685 2246 fuerat.

2036 2281 2106 2336 Et
2135 2296 2270 2335 vero
2310 2280 2732 2335 Constantinus
2765 2296 2881 2334 non
2929 2279 3102 2334 modo
3133 2280 3356 2350 absque
3386 2278 3601 2336 indicio
3634 2285 3690 2336 et

2036 2374 2254 2425 temere
2271 2368 2655 2441 magistratus
2671 2367 2920 2440 legebat,
2935 2367 3033 2423 sed
3051 2371 3108 2422 et
3129 2367 3684 2439 praestantissimum

2036 2475 2330 2530 quemque
2362 2458 2603 2514 vexabat
2634 2475 2699 2513 ac
2733 2474 2847 2513 non
2881 2458 3151 2513 cessabat
3181 2455 3514 2512 illustribus
3545 2457 3687 2513 viris

2036 2548 2326 2603 insidiari.
2360 2548 2477 2602 Hoc
2512 2548 2678 2602 modo
2709 2547 3155 2602 Constantinum
3189 2546 3528 2617 patricium,
3560 2563 3687 2602 ma-

2039 2637 2208 2709 gistri
2264 2636 2529 2692 Michaeli
2605 2636 2829 2690 Burtza:
2902 2635 3112 2705 ﬁlium,
3173 2634 3360 2691 oculis
3418 2635 3689 2707 privavit,

2040 2726 2301 2781 offensus
2332 2725 2403 2779 ab
2434 2740 2499 2779 eo
2527 2729 2661 2779 ante
2690 2724 2905 2778 initum
2954 2723 3296 2796 imperium,
3328 2724 3492 2779 fratri
3525 2724 3689 2780 Basi-

2039 2814 2116 2869 lio
2145 2813 2338 2885 turpia
2367 2812 2555 2885 ipsius
2584 2814 2735 2870 facta
2762 2813 3079 2869 indicante.
3099 2814 3166 2868 Et
3196 2812 3344 2869 alios
3372 2813 3527 2869 haud
3551 2831 3694 2886 pau-

2041 2921 2140 2960 cos
2171 2908 2516 2975 praestantes
2547 2906 2701 2959 viros
2732 2919 2762 2958 e
2794 2903 2986 2958 medio
3033 2902 3297 2968 sustulit,
3331 2907 3397 2959 ut
3425 2920 3532 2959 sue
3562 2903 3689 2959 loco

2043 2994 2287 3048 dicetur.
2323 2992 2485 3047 Talia
2530 3008 2668 3064 ergo
2724 2992 2959 3047 fuerunt
3008 2991 3239 3063 imperii
3291 2990 3469 3064 hujus
3500 2992 3690 3051 initia.

2041 3091 2175 3155 Quae
2198 3091 2512 3147 subsecuta
2532 3093 2692 3159 sunt,
2716 3105 2980 3161 quaenam
3004 3090 3190 3162 possit
3210 3090 3386 3163 digne
3402 3091 3694 3163 explicare

2042 3180 2299 3237 narratio
2321 3180 2348 3234 ?
2379 3180 2551 3249 Solis,
2585 3179 2670 3235 uti
2702 3178 2926 3248 monui,
2958 3179 3195 3235 deditus
3227 3179 3447 3236 scurris
3478 3197 3546 3236 ac
3578 3181 3692 3237 mi-

2040 3271 2151 3326 mis
2183 3276 2239 3325 et
2270 3270 2444 3334 ludis,
2477 3274 2540 3323 ut
2571 3284 2742 3323 nemo
2774 3284 3039 3338 unquam
3073 3268 3287 3339 magis,
3316 3268 3691 3337 equestribus

2037 3364 2264 3430 captus,
2290 3360 2394 3413 hos
2425 3359 2594 3412 unice
2625 3356 2734 3412 sibi
2770 3356 3063 3410 curandos
3094 3356 3516 3423 arbitrabatur,
3549 3355 3687 3411 reli-

2038 3463 2304 3518 quorum,
2337 3445 2489 3517 quod
2522 3460 2589 3500 ea
2641 3442 2767 3500 suis
2800 3443 3037 3516 ineptiis
3071 3459 3137 3500 ac
3168 3442 3453 3499 libinibus
3485 3447 3686 3514 poste-

2038 3533 2701 3606 rioraducebat,nullam
2724 3532 2946 3589 habens
2972 3532 3685 3605 rationem.Nicephorum

2036 3627 2423 3689 Comnenum,
2455 3627 2644 3679 virum
2700 3624 3047 3694 prudentem
3080 3622 3233 3678 482
3269 3638 3334 3677 ac
3384 3622 3599 3676 virtute
3632 3626 3689 3675 et

2038 3717 2380 3770 fortitudine
2440 3713 2744 3785 inclytum,
2803 3712 2903 3782 qui
2964 3710 3333 3783 Aspracaniaa
3383 3710 3688 3782 praefectus

2040 3805 2290 3859 finitima
2312 3804 2640 3875 subegerat,
2681 3801 2902 3856 nullam
2929 3801 3001 3856 ob
3026 3801 3255 3873 justam
3289 3816 3552 3871 causam,
3586 3799 3686 3854 sed

2038 3894 2236 3949 virtuti
2268 3893 2526 3948 hominis
2572 3892 2861 3959 invidens,
2895 3889 3222 3960 majestatis
3248 3906 3424 3957 ,reum
3458 3889 3596 3945 fecit
3627 3905 3693 3943 ac

2038 3983 2366 4038 luminibus
2397 3983 2639 4036 orbavit.
2694 3982 2749 4035 Is
2778 3980 2932 4034 enim
2981 3978 3341 4050 Nicephorus
3372 3993 3525 4049 saepe
3558 3994 3693 4033 cum

2040 4074 2248 4128 vicinis
2279 4074 2336 4127 in
2372 4073 2556 4127 Media
2587 4071 2890 4126 Saracenis
2913 4087 3286 4142 congressus,
3319 4086 3452 4124 cum
3476 4068 3697 4124 videret

2043 4182 2181 4220 suos
2212 4162 2430 4218 milites
2461 4162 2614 4216 hosti
2666 4160 2918 4231 turpiter
2965 4164 3129 4233 terga
3178 4160 3450 4231 objicere,
3484 4175 3694 4230 expro-

2042 4253 2266 4308 brando
2297 4251 2381 4307 eis
2436 4249 2764 4318 mollitiem,
2798 4249 3209 4322 hortandoque
3239 4265 3312 4305 ne
3342 4250 3481 4319 fuga
3511 4247 3693 4319 turpi,

2044 4344 2142 4399 sed
2168 4340 2404 4396 fortiter
2423 4339 2737 4411 pugnando
2763 4354 2825 4393 se
2844 4343 3169 4407 tuerentur,
3198 4338 3269 4392 ad
3291 4336 3693 4393 fortitudinem

2044 4431 2335 4487 excitavit.
2387 4430 2651 4500 Cumque
2701 4428 2878 4483 abiis
2928 4429 3103 4482 etiam
3152 4426 3537 4498 jurejurando
3581 4423 3697 4481 sibi

2045 4520 2305 4593 promitti
2337 4522 2601 4591 posceret
2632 4534 2765 4572 cum
2789 4517 2915 4589 ipso
2947 4517 3017 4573 ad
3054 4521 3302 4572 mortem
3336 4530 3524 4587 usque
3551 4530 3613 4571 se
3636 4513 3696 4568 in

284 4608 564 4683 οὐδεμίαν,
606 4614 707 4676 τῆς
785 4603 842 4662 δὲ
916 4607 1109 4682 ἀρετῆς
1184 4608 1459 4682 φθονήσας
1526 4606 1927 4684 ἀπετύφλωσεν.

2042 4610 2270 4665 hostem
2305 4612 2691 4681 pugnaturos,
2725 4606 2943 4678 scripto
2988 4604 3182 4661 libello
3213 4605 3284 4659 ad
3317 4604 3425 4661 hoc
3455 4620 3519 4660 se
3549 4602 3695 4659 obli-

284 4696 542 4774 ξγιλημα
586 4697 769 4767 τούτῳ
809 4697 1190 4759 καθοσιώσεως
1236 4695 1555 4770 ἐπενεγκών.
1607 4697 1780 4758 Οὗτος
1831 4696 1934 4772 γὰρ

284 4786 560 4851 πολλάκις
639 4783 1097 4859 συμπλεκόμενος
1162 4789 1279 4847 τοῖς
1356 4784 1585 4860 γείτοσιν
1641 4785 1691 4840 ἰν
1752 4783 1939 4857 Μηδίᾳ

290 4879 654 4951 Σαρακηνοῖς,
700 4873 790 4929 xui
838 4874 967 4938 τοὺς
1018 4871 1209 4928 ἑαυτοῦ
1268 4875 1598 4949 στρατιώτας
1648 4874 1940 4947 μαλακιζο-

291 4968 481 5038 μὲνους
522 4965 668 5039 ὁρῶν
722 4963 923 5018 καὶτά
996 4967 1143 5018 νῶτα
1194 4961 1483 5038 στὶφοντας
1540 4964 1793 5037 ἀκόσμως
1848 4963 1939 5018 καὶ

292 5055 608 5131 φεῦγοντας,
642 5052 733 5106 xui
782 5051 849 5107 τὰ
901 5052 997 5125 μὲν
1045 5049 1346 5122 ὀνειδίζων,
1390 5054 1456 5106 τὰ
1502 5049 1558 5107 δὲ
1610 5052 1700 5107 καὶ
1762 5073 1939 5126 παρα-

290 5142 470 5198 καλῶν
505 5142 583 5215 μῆ
613 5139 757 5194 οὕτω
788 5140 1007 5218 φεύγειν
1050 5140 1317 5217 αἰσχρῶς,
1352 5139 1477 5195 ἀλλ’
1502 5139 1751 5205 ’ίστασθαι
1807 5143 1943 5197 κατά

292 5236 395 5285 τῶν
474 5228 789 5285 ἀντιπάλων
858 5230 1160 5305 γενναίως,
1234 5226 1411 5283 ἔπεισε
1480 5232 1940 5305 συγκαταοέσθαι.

293 5330 381 5389 Ὡς
412 5326 468 5383 δὲ
496 5327 587 5383 καὶ
634 5327 928 5400 ἐνωμότως
965 5329 1064 5397 τήν
1115 5328 1398 5391 κατάθεσιν
1448 5324 1740 5404 βεϐαιῶσαι
1785 5331 1940 5395 οὗτος

298 5418 511 5490 ἀπῄτει,
573 5417 656 5472 ὅτι
716 5417 812 5472 σὺν
866 5418 1015 5489 αὖτῷ
1081 5421 1362 5481 θανοῦνται
1442 5418 1748 5493 μαχόμενοι
1806 5420 1942 5494 πρὸς

299 5506 424 5568 τοὺς
469 5504 793 5579 πολεμίους,
841 5505 1112 5583 ἔγγραφον
1177 5503 1502 5562 ἐκδεδώκασι
1551 5515 1944 5583 γραμματεῖον,

302 5593 803 5668 παλαμναιοτάταις
863 5596 1018 5671 ἀραῖς
1074 5597 1161 5651 καὶ
1237 5594 1696 5674 φρικωδεστάτοις
1762 5599 1947 5675 ὅρκοις

304 5682 749 5761 ἰμπεδωσάμενοι
808 5693 999 5756 στῆναι
1048 5683 1346 5761 ῥωμαλίως
1412 5684 1464 5742 ἰν
1530 5690 1600 5761 τῇ
1659 5688 1945 5764 παρατάξει

2046 4715 2273 4772 gavere,
2296 4698 2355 4752 in
2380 4713 2493 4768 quo
2516 4695 2831 4751 dirissimis
2860 4710 2989 4750 sese
3015 4694 3375 4750 devovebant
3404 4692 3699 4765 impreca—

2049 4789 2326 4855 tionibus,
2352 4786 2465 4840 nisi
2488 4786 2712 4840 fortiter
2733 4784 2789 4839 in
2815 4799 3013 4855 pugna
3029 4787 3254 4838 starent
3274 4787 3331 4837 et
3352 4782 3422 4836 ad
3448 4785 3697 4836 mortem

2050 4892 2237 4948 usque
2280 4891 2414 4931 cum
2465 4875 2612 4929 duce
2661 4876 3117 4945 perseverarent.
3163 4871 3282 4926 Hoc
3336 4868 3437 4925 ubi
3470 4867 3702 4925 rescivit

2049 4965 2490 5030 Constantinus,
2512 4962 2668 5017 illico
2692 4961 3108 5033 magistratum
3123 4959 3418 5015 Comneno
3432 4959 3699 5029 abrogat,

2051 5067 2147 5119 red
2160 5069 2477 5133 uetumque
2493 5060 2696 5132 Cpolin
2720 5061 2776 5114 in
2792 5058 3008 5131 judicio
3022 5057 3478 5129 conspirationis
3500 5059 3701 5112 contra

2050 5154 2462 5226 imperatorem
2499 5154 2758 5215 accusat,
2783 5150 3175 5218 damnatoque
3206 5146 3471 5201 criminis
3500 5144 3701 5201 oculos

2053 5244 2224 5299 eruit.
2264 5242 2457 5297 Bardze
2488 5241 2665 5296 etiam
2698 5238 2963 5309 patricio,
2989 5237 3176 5292 Barda
3209 5235 3490 5307 magistro
3514 5234 3705 5291 Phoca

2058 5338 2361 5405 prognata,
2394 5330 2661 5384 infensus
2695 5345 2760 5382 ac
2790 5324 3090 5382 nonnullis
3121 5324 3273 5396 aliis,
3307 5340 3483 5396 opera
3511 5324 3707 5395 cujus-

2057 5424 2193 5477 dam
2225 5420 2678 5475 domesticorum
2713 5433 2955 5471 suorum
2979 5414 3474 5470 calumniatorum
3505 5412 3704 5468 dolum

2058 5512 2255 5577 nectit,
2272 5513 2693 5579 accusatosque
2718 5505 3069 5560 insidiarum
3093 5502 3431 5575 imperatori
3453 5507 3703 5557 structa-

2058 5618 2188 5657 rum
2222 5599 2422 5656 statim
2448 5596 2634 5654 oculis
2658 5595 2889 5652 multat.
2913 5595 3031 5650 Sub
3055 5594 3112 5651 id
3137 5598 3372 5666 tempus
3402 5592 3703 5663 Naupacto

2059 5694 2304 5766 prmerat
2353 5687 2660 5760 Georgius,
2693 5702 2866 5758 quem
2914 5686 2988 5741 ob
3019 5682 3200 5740 animi
3248 5678 3704 5739 inconstantiam
