4036 6194
294 297 421 368 215

1648 288 1966 352 GEORGII
2011 287 2349 349 CEDltENI

3592 289 3713 349 216

298 427 849 502 Merogeorgium,id
869 430 960 485 est
975 422 1948 500 fatuumGeorgium,appellabant.

2092 419 2156 474 ιαὶ
2215 419 2503 474 ἀποθανεῖν
2562 416 2653 473 σὺν
2711 422 2791 492 τῷ
2852 416 3159 496 στρατηγῷ.
3193 420 3372 476 Τοῦτο
3430 419 3504 481 ὡς
3548 417 3715 488 ἦλθεν

301 519 356 575 Is
386 535 519 574 cum
550 519 876 591 oppidanos
907 522 1142 576 vexaret
1183 533 1400 590 eosque
1429 533 1497 570 ex
1526 514 1677 569 483
1711 511 1952 568 actioni-

302 605 412 661 bus
441 606 860 663 commentitiis
891 623 956 662 ac
1002 605 1443 662 continentibus
1473 606 1766 671 attereret,
1801 601 1951 656 sedi-

299 696 457 752 tione
486 696 766 754 adversus
787 696 982 769 ipsum
1015 694 1574 752 coortainterfectus
1591 696 1705 762 est,
1729 699 1784 748 et
1805 692 1958 746 bona

300 784 429 856 ejus
459 785 704 856 direpta.
753 789 1076 857 Imperator
1127 801 1241 839 non
1274 787 1541 838 auctores
1574 782 1748 837 modo
1781 780 1956 836 caedis

301 873 618 930 crudeliter
648 873 862 947 puniit,
896 875 997 930 sed
1031 877 1089 928 et
1119 871 1232 944 ipsi
1271 887 1505 928 summo
1538 870 1796 944 pontifici
1830 871 1957 940 ejus

302 962 467 1018 urbis
517 963 718 1019 oculos
764 963 982 1018 effodit.
1033 960 1281 1016 Romani
1327 960 1471 1018 Duri
1522 960 1663 1028 ﬁlio,
1714 959 1957 1033 patricio

299 1051 823 1121 Basilio,adversus
840 1049 1584 1122 PrusianumBulgarorum
1607 1049 1957 1122 magistrum

301 1157 366 1197 ac
390 1140 844 1197 bueellariorum
876 1141 1218 1214 praefectum
1240 1138 1454 1195 incidit
1482 1139 1799 1209 contentio,
1821 1154 1958 1194 ven-

302 1234 548 1300 tumque
575 1232 664 1285 est
692 1230 868 1285 etiam
919 1230 991 1285 ad
1044 1245 1328 1302 pugnam.
1379 1230 1502 1295 Qua
1534 1245 1633 1284 eos
1664 1227 1962 1284 discordia

300 1317 358 1373 in
385 1318 618 1389 imperii
638 1319 1008 1390 majestatem
1044 1319 1422 1390 impudenter
1453 1317 1776 1389 deliquisse
1798 1316 1962 1388 judi-

301 1423 463 1475 cans,
497 1407 744 1464 alterum
793 1407 852 1463 in
884 1407 1144 1476 Oxeiam,
1187 1407 1244 1462 id
1280 1411 1370 1463 est
1399 1412 1652 1477 acutam,
1685 1406 1960 1476 insulam,

303 1496 552 1553 alterum
576 1496 635 1552 in
658 1495 882 1554 Platam
908 1497 1200 1569 relegavit.
1223 1497 1294 1552 Et
1315 1496 1489 1568 paulo
1517 1501 1648 1570 post
1678 1495 1961 1552 Basilium

305 1585 568 1642 delatum
600 1587 755 1658 quod
805 1587 1004 1660 fugam
1055 1590 1211 1642 esset
1260 1587 1602 1657 meditatus,
1635 1585 1961 1642 excrecavit.

306 1676 685 1742 Prusianum,
713 1691 848 1732 cum
882 1675 932 1731 is
965 1690 1198 1747 quoque
1222 1675 1280 1729 in
1316 1675 1644 1747 periculum
1675 1676 1744 1730 de
1776 1673 1963 1731 oculis

306 1765 433 1822 suis
463 1765 742 1832 venisset,
776 1764 1032 1820 missum
1068 1764 1226 1820 fecit.
1259 1763 1472 1820 Oculos
1504 1767 1657 1820 eruit
1685 1768 1965 1837 praeterea

305 1860 567 1912 Romano
613 1859 874 1920 Curcuae,
910 1855 1011 1926 qui
1062 1870 1320 1909 sororem
1355 1854 1625 1910 Prusiani
1669 1855 1727 1909 in
1761 1853 1963 1909 matri-

306 1945 503 2002 monio
530 1943 803 2015 habebat,
828 1942 1335 2016 Bogdano,Glabae
1362 1943 1660 2000 etGudeli.
1685 1943 1968 2016 Linguam

307 2034 484 2091 etiam
516 2033 784 2106 prrecidit
812 2032 1103 2089 Zacharize
1152 2033 1329 2088 Bestas
1379 2033 1668 2090 Theudati
1699 2037 1967 2105 cognato,

308 2127 683 2180 commentus
716 2139 815 2179 eos
848 2122 960 2179 sibi
990 2121 1237 2178 insidias
1269 2122 1575 2179 struxisse.

2066 509 2141 571 εἷς
2198 510 2312 564 ὦτα
2360 513 2457 565 τοῦ
2516 508 2943 577 Κωνσταντίνου,
3003 507 3337 584 παραλόεται
3400 509 3494 582 μὲν
3551 508 3710 572 εὐθὺς

2063 606 2161 668 τῆς
2212 599 2392 674 ἀρχῆς
2449 599 2477 652 6
2523 597 2841 676 Νικηφόρος
2889 597 2978 653 καὶ
3028 597 3104 660 είς
3133 598 3230 667 τὴν
3297 596 3549 674 βασιλίδα
3601 598 3711 654 εἷσ-

2064 687 2274 763 άγεται,
2353 687 2635 764 κριτήριόν
2707 709 2767 742 τε
2836 687 2928 742 καὶ
2997 689 3152 763 βῆμα
3228 688 3388 762 ἦρτο,
3453 687 3540 742 καὶ
3616 709 3714 743 κα-

2063 775 2405 847 ταδικάζεται
2486 777 2560 839 ὡς
2637 777 3078 850 συνομοσάμενος
3161 779 3297 832 κατὰ
3379 784 3478 847 τῆς
3559 779 3712 852 βασι-

2068 866 2239 936 λείας,
2271 866 2360 921 καὶ
2418 866 2515 930 τὰς
2571 862 2723 941 ὄψεις
2778 872 3071 937 πηροῦται.
3131 869 3212 940 [Ρ.
3261 869 3390 941 721]
3437 868 3713 943 Ἐγκοτῶν

2069 954 2126 1013 δὲ
2181 957 2268 1012 καὶ
2327 953 2509 1032 Βάρδᾳ
2559 955 2830 1033 πατρικίῳ
2883 961 2962 1028 τῷ
3004 954 3211 1032 ἐκγόνῳ
3260 960 3356 1012 τοῦ
3418 956 3717 1033 μαγίστρου

2070 1048 2247 1118 Βάρδα
2271 1051 2367 1101 τοῦ
2398 1050 2566 1101 Φωκᾶ
2613 1046 2702 1102 καί
2747 1067 2884 1102 τισιν
2926 1043 3142 1118 ἄλλοις,
3176 1045 3363 1123 ῥάπτει
3424 1043 3512 1101 διά
3566 1068 3720 1110 τινος

2066 1141 2174 1192 τῶν
2221 1134 2715 1214 παρατρεφομένων
2768 1140 3114 1209 συκοφαντῶν
3166 1133 3481 1212 τυραννίδος
3537 1136 3721 1200 ἐπίθε-

2073 1246 2153 1280 σιν
2185 1226 2302 1280 κατ’
2337 1225 2523 1281 αὐτοῦ.
2555 1223 2643 1279 καὶ
2677 1223 2832 1289 εὐθὺς
2864 1225 3174 1303 ἆποτυφλοῖ
3203 1230 3391 1281 τοῦτον
3449 1226 3539 1281 καὶ
3591 1226 3724 1288 τοὺς

2070 1309 2567 1385 συνδιαϐληθέντας
2611 1312 2778 1387 αὐτῷ.
2840 1315 2941 1370 Καὶ
3001 1313 3238 1376 στάσεως
3299 1311 3355 1368 δὲ
3423 1313 3728 1390 γενομένης

2070 1402 2123 1459 ἐν
2150 1407 2218 1477 τῇ
2252 1405 2562 1476 Ναυπάκτῳ
2612 1403 2749 1457 κατά
2805 1402 3076 1479 Γεωργίου
3132 1407 3229 1458 τοῦ
3288 1407 3724 1478 στρατηγοῦντος

2071 1493 2262 1564 αὐτῆς,
2296 1493 2353 1548 ’ὀν
2399 1494 2485 1548 καὶ
2539 1493 2972 1569 Μωρογεώργιον
3026 1491 3253 1549 ἐκάλουν
3307 1490 3396 1548 διὰ
3443 1493 3504 1548 τὸ
3563 1491 3724 1547 ἄσταο

2069 1604 2162 1639 τον
2194 1586 2295 1649 τῆς
2351 1582 2602 1658 γνώμης,
2634 1583 2930 1659 ἀναιρεῖται
2984 1583 3078 1656 μὲν
3138 1583 3166 1637 6
3218 1582 3539 1658 στρατηγὸς,
3574 1579 3729 1656 διαρο

2072 1674 2302 1742 πάζουσι
2334 1669 2390 1726 δὲ
2419 1673 2509 1727 καὶ
2539 1673 2608 1727 τὰ
2645 1671 2918 1748 προσόντα
2961 1673 3134 1727 πάντα
3182 1671 3349 1745 αὐτῷ,
3382 1669 3563 1734 κακῶς
3609 1669 3730 1726 δια-

2073 1763 2356 1836 τιθέμενος
2383 1763 2504 1839 περὶ
2536 1761 2664 1825 τοὺς
2707 1761 3015 1838 ἐγχωρίους
3061 1761 3152 1818 καὶ
3201 1761 3506 1836 εἷ’σπράξεσι
3567 1782 3732 1817 cerro-

2079 1855 2362 1931 φισμέναις
2393 1853 2486 1907 καὶ
2536 1852 2784 1927 συνεχέσι
2837 1850 3064 1915 τούτους
3114 1847 3435 1928 συντρίϐων.
3467 1853 3527 1909 Ὁ
3574 1851 3736 1928 βασι-
3809 1903 3812 1905 ,

2079 1941 2208 2004 λεὺς
2239 1940 2296 1996 δὲ
2327 1941 2388 1997 οὐ
2436 1942 2600 2015 μόνον
2649 1940 2776 2004 τοὺς
2819 1941 3025 2006 αἰτίους
3074 1941 3298 2013 ἀπηνῶς
3353 1940 3578 1997 ἐκόλασε
3634 1944 3738 1996 τοῦ

2079 2031 2266 2109 φόνου,
2298 2029 2442 2088 ἀλλὰ
2487 2031 2577 2087 καὶ
2620 2031 2780 2087 αὐτὸν
2821 2031 2912 2086 τὸν
2949 2031 3209 2107 ἀρχιερέα
3247 2037 3346 2101 τῆς
3402 2032 3738 2087 Ναυπάκτου

2079 2120 2408 2201 ἐτύφλωσεν.
2449 2122 2509 2179 Ὁ
2561 2119 2618 2177 δὲ
2662 2125 2758 2177 τοῦ
2811 2119 3068 2196 Σκληροῦ
3117 2123 3402 2194 Ῥωμανοῦ
3460 2121 3575 2183 υἱὸς
3629 2128 3737 2174 Βα-

311 2207 515 2270 σίλειος
571 2210 882 2286 πατρίκιος,
925 2207 1280 2285 προσκρούων
1335 2214 1416 2282 τῷ
1485 2208 1768 2285 μαγίστρῳ
1824 2214 2151 2285 Ηρουσιανῷ
2205 2214 2284 2282 τῷ
2341 2208 2644 2287 Βουλγάρῳ
2694 2213 3089 2285 στρατηγοῦντι
3153 2207 3738 2285 βουκελλαρίων(72),

308 2298 363 2361 ἐς
419 2303 679 2353 τοσοῦτον
738 2300 998 2375 προήχθη
1058 2297 1276 2372 τόλμης
1335 2300 1408 2361 ὡς
1441 2299 1528 2354 καὶ
1561 2297 1650 2353 διὰ
1698 2301 1884 2374 μάχης
1921 2299 2099 2372 τούτῳ
2131 2298 2326 2356 ἐλθεῖν.
2359 2299 2574 2355 Τούτων
2605 2301 2704 2369 τὴν
2731 2296 2948 2370 διένεξιν
2981 2303 3378 2361 Κωνσταντῖνος
3409 2299 3436 2353 6
3480 2296 3741 2374 βασιλεὺς

313 2388 699 2464 ἀναισχυντίαν
732 2388 932 2464 κρίνων
965 2389 1100 2442 κατὰ
1128 2395 1227 2458 τῆς
1263 2387 1537 2464 βασιλείας
1569 2390 1655 2443 καὶ
1690 2385 1855 2466 ἄμφω
1891 2389 2218 2464 ὑπερορίζει,
2249 2389 2337 2444 τὸν
2376 2391 2471 2462 μὶν
2511 2390 2560 2444 ἐν
2610 2393 2679 2465 τῇ
2708 2389 2886 2460 Ὀξείᾳ
2921 2390 3075 2462 νήσῳ
3123 2392 3257 2464 (73),
3291 2389 3380 2444 τὸν
3444 2385 3502 2444 δὲ
3555 2386 3607 2443 ἐν
3663 2392 3739 2462 τῇ

314 2476 525 2551 Πλάτῃ.
559 2479 707 2533 Μετά
769 2477 960 2554 μικρὸν
1022 2475 1080 2532 δὲ
1134 2478 1226 2533 τὸν
1278 2479 1370 2551 μὲν
1431 2477 1732 2550 Βασίλειον,
1760 2477 2195 2554 κατηγορηθέντα
2240 2480 2314 2540 ὡς
2367 2475 2452 2550 εἷή
2486 2478 2779 2556 ἀπόδρασιν
2817 2478 3082 2552 μελετῶν,
3117 2472 3492 2558 ἀπὶτόφλωσε,
3523 2479 3616 2534 τὸν
3680 2476 3743 2533 δὲ

313 2566 645 2640 Προυσιανὸν
694 2569 891 2642 μικροῦ
951 2562 1060 2620 δεῖν
1120 2569 1282 2621 τοῦτο
1331 2565 1461 2621 αὐτὸ
1518 2566 1791 2630 πείσεσθαι
1841 2563 2223 2622 κινδυνεύοντα
2273 2564 2671 2644 ἠλευθέρωσεν.
2705 2567 3019 2646 Έτύερλωσε
3072 2563 3130 2622 δὲ
3175 2567 3264 2622 καὶ
3324 2567 3595 2641 Ῥωμανὸν
3644 2567 3744 2621 τὸν

320 2653 655 2732 Κουρκοόαν,
686 2653 768 2710 ἐπ’
803 2652 1012 2732 ἀδελφῇ
1045 2650 1172 2710 ὄντα
1200 2650 1447 2730 γαμϐρὸν
1478 2659 1573 2709 τοῦ
1603 2657 1941 2731 Προυσιανοῦ
1973 2656 2062 2711 καὶ
2113 2657 2204 2712 τὸν
2265 2654 2540 2732 Βογδάνον
2599 2659 2688 2712 καὶ
2743 2658 2831 2712 τὸν
2887 2651 3098 2712 Γλαϐἆν
3148 2657 3236 2712 καὶ
3292 2658 3386 2712 τὸν
3437 2654 3741 2726 Γουδέλην.

321 2743 821 2820 Ἐγλωσσοτόμησε
848 2740 904 2798 δὲ
933 2743 1022 2797 καὶ
1053 2743 1144 2799 τὸν
1179 2743 1418 2820 μοναχὸν
1452 2743 1722 2820 Ζαχαρίαν
1752 2747 1865 2818 (Ἠ)
1897 2745 1987 2800 τὸν
2031 2751 2260 2822 συγγενῆ
2317 2750 2412 2800 τοῦ
2469 2748 2664 2802 Βέστου
2722 2743 3012 2814 Θευδάτου,
3047 2744 3463 2811 συσκευάσασθαι
3512 2743 3744 2808 τούτους

315 2832 665 2907 πλασάμενος
693 2834 810 2888 κατ’
839 2833 1027 2889 αὐτοῦ.

405 2926 524 2982 Ηοο
566 2939 720 2980 anno
773 2924 1086 2981 Patzinacae
1143 2923 1481 2996 irruperunt
1527 2923 1587 2981 in
1618 2924 1979 2998 Bulgariam,

325 3020 384 3072 et
413 3012 702 3088 plurimos
731 3011 1024 3081 homines,
1045 3013 1221 3069 duces
1245 3030 1310 3068 ac
1342 3013 1609 3070 cohortes
1640 3015 1983 3071 occiderunt

322 3121 390 3162 ac
420 3103 936 3177 ceperunt.ltaque
967 3102 1387 3160 Constantinus
1417 3104 1613 3160 Sirmii
1663 3107 1980 3177 Diogenem

322 3195 664 3267 prmfectum
700 3192 980 3262 Bulgaria
1031 3193 1241 3248 ducem
1275 3197 1472 3263 creat;
1526 3195 1624 3267 qui
1658 3211 1811 3266 saepe
1843 3211 1979 3251 cum

323 3283 397 3339 iis
425 3281 764 3355 palantibus
793 3282 1109 3338 commissa
1131 3298 1328 3355 pugna
1358 3299 1458 3339 eos
1490 3283 1661 3355 fudit,
1677 3284 1982 3356 coegitque

323 3373 571 3444 trajecto
602 3375 754 3428 Istro
796 3371 1112 3444 quiescere.
1165 3376 1308 3428 Tota
1337 3373 1494 3428 484
1541 3373 1719 3428 etiam
1750 3373 1981 3444 imperii

328 3463 457 3534 eius
481 3465 746 3534 tempore
779 3460 1036 3517 maxima
1085 3461 1196 3516 fuit
1225 3461 1481 3529 siccitas,
1513 3467 1982 3533 exarueruntque

327 3552 510 3608 etiam
570 3551 761 3608 fontes
828 3567 1113 3622 perennes
1169 3555 1226 3606 et
1289 3551 1555 3607 ﬂumina.
1622 3551 1982 3622 Pauperibus

323 3657 568 3714 parcens
600 3638 851 3696 Basilius
900 3637 1202 3711 publicum
1254 3641 1543 3695 tributum
1593 3639 1806 3696 solitus
1848 3643 1973 3694 erat

324 3747 438 3787 non
472 3731 541 3785 ad
575 3730 729 3784 diem
780 3727 1007 3784 dictum
1056 3729 1304 3799 exigere,
1337 3729 1439 3783 sed
1492 3728 1828 3784 dilationem
1863 3727 1971 3783 ali-

327 3835 507 3891 quam
575 3817 930 3884 concedere;
991 3833 1106 3888 quo
1166 3818 1382 3871 factum
1452 3825 1513 3872 ut
1568 3833 1634 3873 eo
1695 3817 1980 3873 moriente

324 3909 576 3963 duorum
596 3923 890 3962 annorum
913 3906 1199 3960 tributum
1221 3905 1552 3962 deberetur.
1567 3906 1691 3962 Non
1710 3906 1767 3961 id
1785 3907 1981 3972 modo,

326 3997 428 4054 sed
471 4002 528 4053 et
575 3995 758 4052 trium
808 3995 1242 4065 insequentium
1294 4000 1405 4063 (tot
1448 3995 1604 4050 enim
1656 3996 1985 4068 imperavit)

331 4103 623 4142 annorum
673 4084 962 4141 tributum
1016 4083 1209 4155 exegit
1255 4083 1720 4154 Constantinus;
1764 4102 1881 4156 qua
1927 4102 1989 4141 re

333 4193 451 4232 non
501 4175 669 4247 egeni
723 4179 952 4230 tantum
1005 4173 1106 4228 sed
1165 4179 1224 4228 et
1271 4173 1532 4244 cpulenti
1591 4174 1777 4229 attriti
1825 4181 2027 4246 sunt,

335 4265 583 4320 triennio
606 4262 868 4335 quinque
891 4278 1179 4317 annorum
1202 4263 1452 4334 pendere
1475 4263 1656 4319 coacti
1678 4263 1988 4319 tributum-

336 4355 414 4412 Ea
442 4357 794 4425 tempestate
822 4349 1032 4407 classis
1081 4353 1483 4423 Agarenorum
1516 4351 1793 4424 Cyclades
1824 4353 1989 4408 insu-

336 4445 426 4501 las
458 4443 696 4499 invasit.
730 4442 870 4496 Eam
903 4439 1064 4496 Sami
1096 4446 1311 4512 praeter
1338 4441 1621 4514 Georgius
1654 4443 1994 4499 Theodoro-

338 4550 523 4591 canus
553 4547 620 4588 ac
660 4529 933 4586 Periboes
980 4529 1108 4587 Chii
1141 4530 1448 4602 praefectus
1497 4531 1684 4587 adorti
1717 4534 1995 4604 proﬂiga-

341 4627 500 4692 runt,
528 4619 717 4692 captis
765 4619 1075 4675 duodecim
1111 4620 1357 4676 navibus
1407 4637 1540 4675 cum
1577 4622 1721 4694 ipsis
1751 4623 1994 4678 vectori-

343 4714 475 4781 bus,
507 4726 575 4765 ae
607 4707 852 4781 reliquis
884 4708 1209 4779 dissipatis.

2160 2924 2352 2998 Τούτῳ
2407 2930 2486 2998 τῷ
2544 2924 2647 2982 ἔτει
2705 2927 2793 2981 καὶ
2854 2925 3181 2996 Πατζινάκαι
3239 2919 3495 2993 εἰσϐολήν
3557 2923 3750 2994 ἐποιή-

2091 3035 2250 3070 σαντο
2281 3016 2417 3070 κατὰ
2444 3013 2796 3091 Βουλγαρίας,
2827 3016 2916 3070 καὶ
2947 3014 3203 3070 πλεῖστον
3245 3013 3375 3070 λαὸν
3417 3013 3506 3068 καὶ
3552 3033 3746 3088 στρατ-

2090 3103 2265 3178 ηγοὺς
2320 3104 2410 3158 καὶ
2458 3105 2850 3181 ταγματάρχας
2901 3103 3130 3184 ἔσφαξαν
3209 3103 3300 3158 καὶ
3378 3101 3695 3179 ἐζώγρησαν
3733 3122 3746 3135 ·

2092 3191 2229 3248 διὸὸ
2266 3192 2521 3269 βασιλεὺς
2581 3196 2988 3257 Κωνσταντῖνος
3041 3194 3134 3249 τὸν
3190 3191 3443 3266 Διογένην
3502 3190 3752 3267 ἄρχοντα

2093 3282 2327 3359 Σιρμίου
2362 3283 2679 3358 ὑπάρχοντα
2719 3284 2808 3337 καὶ
2841 3281 3008 3339 δοῦκα
3037 3291 3136 3353 τῆς
3171 3279 3512 3357 Βουλγαρίας
3561 3279 3752 3352 ἐποίη-

2091 3393 2201 3441 σεν,
2235 3373 2294 3434 ὃς
2351 3370 2693 3445 συμπλακεὶς
2745 3371 3017 3435 πολλάκις
3077 3371 3260 3434 αὐτοῖς
3320 3368 3748 3447 διεσπαρμένοις

2093 3463 2350 3538 ἐτρέψατο
2407 3461 2498 3516 καὶ
2575 3461 2848 3538 ἠνάγκασε
2913 3463 3311 3539 περαιωθέντας
3383 3459 3472 3514 τὸν
3532 3465 3748 3535 Ἵστρον

2091 3551 2326 3627 ἡσυχίαν
2361 3548 2529 3627 ἄγειν.
2568 3551 2812 3626 Ἐγένετο
2869 3548 2926 3606 δὲ
2977 3552 3064 3607 καὶ
3123 3550 3205 3627 ἐφ’
3253 3548 3419 3612 ὅλους
3467 3548 3593 3611 τοὺς
3651 3557 3760 3620 τῆς

2098 3639 2377 3716 βασιλείας
2406 3639 2571 3696 αὐτοῦ
2615 3639 2845 3716 χρόνους
2905 3639 3154 3717 μέγιστος
3203 3639 3440 3716 αὐχμὸς,
3474 3639 3550 3701 ὡς
3609 3639 3761 3694 ἀπο·-

2083 3732 2412 3804 ξηρανοῆναι
2442 3729 2537 3791 τάς
2572 3731 2822 3792 ἀεννάους
2860 3729 3038 3804 πηγάς
3093 3729 3184 3784 καὶ
3241 3728 3371 3787 τοὺς
3430 3726 3749 3800 ποταμοῦς.

2087 3823 2191 3873 Τοῦ
2226 3817 2492 3892 βασιλέως
2527 3816 2582 3874 δὲ
2634 3815 2924 3874 Βασιλείου
2975 3816 3157 3898 φειδοῖ
3214 3823 3321 3873 τῶν
3363 3819 3610 3888 πενήτων
3677 3817 3758 3890 μὴ

2096 3907 2355 3983 ἐγκαίρως
2403 3908 2500 3970 τάς
2569 3905 2840 3980 δημοσίας
2901 3907 3369 3985 είσπραττομένου
3425 3905 3761 3974 συντελείας,

2097 3995 2222 4053 ἀλλ’
2253 3996 2546 4073 ἀνακωχήν
2579 3996 2669 4052 καὶ
2699 3997 3065 4073 ὑπερημερίαν
3119 3995 3365 4058 διδόντος
3412 4002 3535 4058 ταῖς
3592 3993 3761 4049 άπαι-

2095 4089 2332 4160 τησεσιν,
2380 4085 2585 4143 ἐκείνου
2633 4085 3057 4158 τελευτήσαντος
3104 4081 3303 4157 συνέϐη
3350 4083 3446 4141 δύο
3497 4083 3764 4140 ἐνιαυτῶν

2100 4176 2300 4254 φόρους
2370 4171 2444 4231 ἔτι
2509 4178 2820 4252 ἠρτῆσθαι·
2883 4175 2976 4238 οῦς
3035 4177 3064 4230 6
3120 4179 3522 4231 Κωνσταντῖνον
3597 4173 3764 4238 εὐθὺς

2103 4265 2469 4341 εἰσεπράξατο.
2506 4265 2872 4340 Εῗσεπράξατο
2907 4262 2963 4320 δὲ
3019 4265 3108 4320 καὶ
3164 4266 3271 4319 τῶν
3333 4265 3529 4339 ἑτέρων
3589 4267 3765 4338 τριῶν

2103 4355 2357 4410 ἐνιαυτῶν
2389 4354 2464 4426 (ές
2491 4359 2746 4410 τοσοῦτον
2779 4355 2883 4430 γὰρ
2935 4353 3133 4430 χρόνον
3194 4356 3229 4423 ἡ
3285 4353 3432 4430 ἀρχὴ
3482 4351 3631 4424 αὐτῷ
3689 4350 3771 4422 ἐξ·

2104 4444 2312 4515 ετάθη),
2343 4443 2432 4498 καὶ
2464 4438 2852 4520 συνετρίϐησαν
2890 4444 3002 4519 οὐχ
3058 4445 3110 4497 οἱ
3161 4443 3389 4513 πένητες
3446 4439 3611 4516 μόνον
3672 4441 3768 4495 καὶ

2106 4531 2322 4610 ἄποροι,
2349 4530 2494 4588 ἀλλὰ
2523 4532 2611 4587 καὶ
2640 4533 2694 4586 οἱ
2745 4531 2992 4608 εὐπόρως
3039 4527 3282 4606 ἔχοντες,
3333 4529 3384 4585 ἐν
3432 4528 3575 4604 τρισὶ
3632 4528 3771 4605 χρό-

2105 4643 2221 4686 νοις
2267 4621 2423 4676 πέντε
2478 4620 2850 4697 παρασχόντες
2913 4618 3310 4698 δασμοφορίας.
3345 4617 3603 4692 Ἐξῆλθεν
3669 4617 3768 4672 οῦν

2109 4711 2196 4766 καὶ
2239 4707 2433 4772 στόλος
2465 4711 2784 4786 Ἀγαρηνῶν
2842 4710 2978 4766 κατὰ
3029 4715 3138 4765 τῶν
3197 4704 3498 4767 Κυκλάδων
3555 4708 3768 4778 νήσων·

344 4801 427 4864 οἷς
458 4795 802 4872 συμπλακεὶς
835 4796 863 4850 6
895 4797 1198 4872 στρατηγὸς
1231 4800 1420 4871 Σάμου
1453 4799 1728 4874 Γεώργιος
1761 4800 1788 4854 6
1814 4797 2248 4876 Θεοδωροκάνος,
2281 4804 2504 4872 [Ρ.722]
2536 4802 2649 4874 ἅμα
2679 4795 2914 4876 Βεριϐόῃ
2940 4805 3022 4875 τῷ
3056 4803 3440 4878 στρατηγοῦντι
3468 4804 3569 4868 τῆς
3602 4799 3772 4871 Χίου,

341 4887 624 4966 ἆτρέψατο,
649 4885 739 4940 καὶ
770 4882 981 4941 δώδεκα
1015 4886 1109 4959 μὲν
1135 4883 1404 4963 αὔτανδρα
1435 4887 1568 4953 εἷλε,
1601 4889 1667 4943 τα
1700 4885 1756 4942 δὲ
1787 4886 1956 4944 λοιπᾶ
1988 4887 2344 4946 διεσκέδασεν.

1534 4989 1913 5045 XYLANDRI
1953 4989 2043 5045 ET
2080 4990 2298 5047 GOAHI
2337 4988 2567 5046 NOTAE.

417 5077 530 5149 (‘72)
595 5075 1037 5149 Bucellariorum
1094 5091 1223 5132 esse
1280 5077 1637 5149 provinciam
1697 5078 2003 5133 contendit

355 5147 715 5222 Paneirpllus
747 5148 808 5204 in
841 5147 972 5204 Not.
1006 5149 1151 5222 imp.
1185 5165 1235 5205 c.
1281 5147 1370 5203 Z7.
1407 5150 1591 5222 Negat
1618 5149 1907 5222 Rigaltius
1939 5149 1999 5222 in

349 5222 514 5278 Tact.
550 5220 778 5292 Lexico,
822 5224 880 5275 et
928 5221 1304 5290 Bucellarum,
1360 5220 1605 5277 annonae
1657 5220 1873 5278 clarius
1921 5221 2002 5276 di-

349 5309 499 5357 cam,
531 5292 1252 5365 ceconomos,4provisores
1275 5293 1703 5365 portitoresque
1735 5294 1888 5348 facit.
1914 5292 2002 5348 Illi

355 5364 658 5420 lubentius
690 5363 982 5420 assentior
1014 5379 1027 5418 :
1058 5380 1190 5418 nam
1227 5363 1461 5420 Galatas
1512 5382 1578 5420 ac
1607 5363 2005 5436 Gallograecos

357 5437 515 5494 soliti
547 5438 783 5492 fuerunt
810 5436 1170 5490 exercituum
1195 5438 1371 5492 duces
1405 5437 1745 5491 liuieol'licio
1781 5438 2003 5490 manci-

357 5525 533 5582 pare;
570 5509 724 5582 unde
756 5508 976 5562 factum
1010 5511 1080 5582 _u_t
1104 5524 1354 5582 annonae
1389 5507 2006 5582 ministri,gBucellarii

362 5578 599 5707 Galam,
631 5579 946 5636 videantur
963 5578 1140 5635 ofﬁcii
1170 5580 1261 5636 sui
1295 5596 1506 5637 nomen
1541 5579 1738 5653 patrize
1769 5579 2005 5635 tribuis-

362 5667 448 5707 se.
531 5668 657 5707 0A3.

362 5667 448 5709 se.
481 5667 657 5708 υοΑιι.

2181 5080 2295 5150 (75)
2323 5084 2506 5134 Parva
2540 5079 2910 5151 Propontidis
2958 5079 3175 5136 insula.
3221 5079 3548 5151 Plateivero
3594 5076 3779 5151 terlia

2111 5157 2197 5276 Est
2225 5167 2254 5205 a
2281 5149 2391 5207 ΟΡ.
2427 5149 2732 5207 meridiem
2777 5169 2980 5209 versus
3029 5153 3090 5208 in
3139 5153 3341 5209 eadem
3386 5149 3775 5223 Propontide.

2160 5239 2290 5276 om.

2160 5239 2290 5277 OAR.

2187 5293 2296 5364 (74)
2345 5296 2493 5368 Ante
2548 5309 2744 5368 vocem
2798 5294 3068 5368 Ζαχαρίαν
3123 5291 3661 5368 est_a__scriptum,
3716 5297 3778 5368 et

2115 5381 2365 5436 superne
2383 5366 2686 5438 quippiam
2707 5364 2968 5438 litteriéX
2987 5383 3101 5423 non
3129 5364 3418 5434 absimile,
3441 5364 3772 5438 cumgravi

2117 5435 2380 5511 accentu.
2403 5435 2714 5511 Fortassis
2732 5437 2972 5511 ἄρχοντα
3015 5438 3197 5494 voluit
3215 5438 3549 5511 exprimere
3581 5435 3774 5511 libra-

2117 5509 2239 5563 rius
2271 5526 2337 5564 ea
2369 5515 2525 5578 nota,
2577 5510 2720 5564 mihi
2767 5508 2909 5566 sane
2941 5527 3054 5566 non
3088 5508 3413 5578 intellecta,
3456 5513 3522 5562 ut
3551 5508 3630 5563 sit
3660 5509 3774 5564 Za-

2117 5581 2333 5639 chariae
2369 5585 2641 5653 praefecto.
2677 5582 2793 5653 Ego
2823 5582 2993 5639 omisi
3026 5583 3086 5639 in
3118 5581 3415 5640 vertendo.
3446 5579 3582 5636 Χνι..
