4014 6194
256 325 357 382 217

1385 329 1698 391 HISTORl
1713 330 1930 393 ARUM
1978 331 2291 393 COMPEN
2307 330 2435 391 DIU
2449 330 2500 389 M
2514 373 2529 389 .

3550 332 3672 391 218

319 452 538 528 Ἐννάτῃ
568 453 626 510 δὲ
675 452 989 531 Νοεμϐρίου
1033 459 1227 531 μηνὸς,
1260 466 1359 529 τῆς
1407 461 1476 537 ιβ’
1508 460 1899 535 ὲπινεμήσεως,

2085 465 2249 520 Nona
2279 462 2623 520 Novembris
2654 461 2768 529 die,
2800 460 3122 519 indictione
3154 463 3242 531 13,
3276 480 3429 520 anno
3466 465 3676 521 mundi

264 543 307 599 ἓν
338 543 665 622 ἕτειόςφλξ,
719 545 974 624 αἷίρνιδίῳ
1032 548 1177 621 νόσῳ
1239 548 1432 618 ληθεὶς
1490 551 1517 605 ὁ
1577 554 1916 608 Κωνσταντῖ·

262 656 345 698 νος
400 635 489 689 καὶ
546 636 692 712 παρὰ
750 642 857 692 τῶν
922 638 1122 711 ἷατρῶν
1186 640 1578 715 ἀπαγορευοεῖς
1634 642 1917 698 ἐσκέπτετο

263 726 375 778 τίνα
405 724 465 778 ’ἀν
508 725 807 781 καταλίποι
870 724 1132 803 διάδοχον
1179 732 1278 793 τῆς
1334 729 1637 805 βασιλείας.
1695 729 1913 802 Ἔδοξεν

260 813 342 869 οὖν
390 815 537 886 αὖτῷ
586 816 678 869 τὸν
736 816 1025 890 πατρίκιον
1092 821 1488 874 Κωνσταντῖνον
1546 820 1637 875 τὸν
1700 820 1914 876 Δαλασο

257 904 411 974 σηνὸν
461 904 941 977 μεταστείλασθάι,
982 908 1120 961 κατὰ
1164 909 1253 963 τὸν
1315 910 1674 981 Ἀρμενιακὸν
1717 914 1829 985 (75)
1860 909 1911 965 ἐν

254 992 482 1067 τῷῖδίῳ
541 993 675 1066 οἷ’κῳ
737 994 1104 1070 σχολάζοντα,
1164 993 1413 1073 γαμϐρόν
1474 1020 1534 1053 τε
1584 1002 1911 1071 ποιήσασθαι

253 1082 330 1138 ἐπὶ
395 1089 494 1155 μιᾷ
550 1088 659 1138 τῶν
720 1086 1027 1159 θυγατέρων
1096 1086 1185 1141 καὶ
1242 1086 1600 1163 ἀναγορεῦσαι
1662 1088 1912 1163 βασιλέα·

254 1173 347 1229 Καὶ
402 1171 471 1241 δὴ
526 1174 798 1247 πέμπεται
844 1172 979 1245 ἄξων
1031 1177 1191 1231 αὐτὸν
1242 1177 1509 1254 εὐνοῦχός
1552 1200 1633 1241 τις
1676 1184 1783 1233 τῶν
1812 1201 1912 1234 πι-

254 1264 621 1335 στικωτάτων,
672 1264 700 1318 6
770 1259 1067 1339 λεγόμενος
1144 1263 1506 1340 Ἐργοδότης.
1577 1265 1799 1341 Σπουδῇ
1855 1266 1912 1322 δὲ

250 1356 337 1405 τοῦ
375 1353 608 1425 Συμεὼν
672 1351 871 1429 ιριλίως
915 1350 1257 1426 διακειμένου
1316 1355 1451 1430 πρὸς
1496 1356 1589 1410 τὸν
1623 1357 1908 1431 πατρίκιον

252 1442 527 1513 Ῥωμανὸν
559 1443 650 1497 τὸν
708 1442 972 1518 Ἀργυρὸν
1020 1442 1155 1513 αὕτη
1210 1444 1306 1517 μὲν
1358 1446 1659 1521 παρωράοη
1759 1447 1907 1520 γνώ-

253 1552 343 1602 μη,
378 1531 471 1585 καὶ
505 1530 790 1586 στέλλεταί
841 1553 925 1593 τις
980 1534 1125 1608 τάχα
1183 1533 1242 1588 ἐκ
1295 1533 1563 1608 βασιλέως
1596 1534 1648 1590 ἐν
1684 1535 1775 1590 τὸν
1807 1544 1907 1591 Δα-

253 1618 551 1690 λασσηνὸν,
609 1618 781 1674 ἐκεῖσε
838 1621 1162 1697 προσμένειν
1216 1620 1532 1686 κελεύοντος
1593 1624 1752 1679 αὐτόν
1797 1625 1905 1695 ὅπη

251 1708 304 1761 av
408 1710 596 1785 γραφῆ
628 1709 1037 1783 καταλήψηται,
1088 1710 1269 1785 ἄγεται
1303 1710 1360 1767 δὲ
1390 1714 1418 1767 6
1466 1715 1748 1787 Ῥωμανὸς
1770 1716 1905 1791 πρὸς

2028 555 2192 623 6537,
2228 555 2422 610 subito
2473 554 2677 609 morbo
2725 556 3031 625 correptus
3076 553 3495 609 Constantinus
3544 558 3600 609 et
3644 572 3679 609 a

2029 644 2275 699 medicis
2307 645 2651 716 desperatus
2683 643 2755 698 de
2785 642 3149 697 instituendo
3180 641 3408 713 imperii
3441 659 3680 697 succes-

2028 750 2159 788 sore
2225 734 2519 805 cogitavit.
2588 733 2931 803 Placuitque
2998 747 3295 787 accersere
3365 730 3676 803 patricium

2027 822 2476 878 Constantinum
2526 822 2938 890 Dalassenum,
2971 822 3072 892 qui
3125 825 3247 876 tum
3277 820 3435 875 domi
3468 837 3586 875 suae
3618 821 3677 875 in

2023 911 2369 967 Armenian
2401 912 2667 982 degebat,
2700 910 2868 982 eique
2916 909 3170 964 ﬁliarum
3222 926 3465 965 suarum
3498 925 3675 964 unam

2025 1007 2278 1072 nuptum
2311 1002 2471 1070 dare,
2494 1017 2560 1056 ac
2593 1001 2875 1056 Caesarem
2910 1000 3236 1071 designare.
3262 1000 3513 1054 Mittitur
3542 1015 3679 1070 ergo

2024 1090 2093 1145 ad
2118 1108 2250 1145 eum
2274 1090 2687 1145 adducendum
2712 1088 3049 1161 Ergodotes,
3074 1087 3479 1143 cunuchorum
3515 1086 3678 1143 ﬁdis-

2023 1178 2233 1234 simus.
2252 1180 2361 1234 Sed
2385 1196 2559 1250 Opera
2580 1177 2891 1248 Simeonis,
2918 1178 3017 1249 qui
3044 1182 3303 1232 Romano
3328 1181 3548 1248 Argyro
3580 1194 3678 1249 pa-

2023 1268 2189 1322 tricio
2223 1268 2473 1334 favebat,
2509 1268 2563 1321 id
2597 1266 2828 1323 consilii
2863 1266 3237 1338 repudiatum
3270 1264 3399 1335 fuit,
3426 1283 3676 1337 moxque

2023 1358 2171 1415 485
2221 1359 2293 1413 ab
2345 1359 2695 1428 imperatore
2752 1356 2973 1411 missus
3023 1356 3122 1427 qui
3172 1354 3557 1411 Dalassenum
3609 1372 3675 1412 eo

2021 1446 2145 1502 loco
2179 1448 2277 1502 ubi
2310 1447 2537 1502 litteras
2569 1446 2893 1517 accepisset
2934 1445 3255 1501 subsistere
3278 1446 3531 1515 juberet.
3564 1448 3677 1500 Ro-

2020 1552 2234 1592 manus
2264 1536 2324 1591 in
2356 1535 2645 1608 palatium
2691 1534 3024 1601 adducitur,
3060 1535 3348 1604 daturque
3394 1533 3446 1589 ei
3495 1533 3674 1605 optio,

2020 1629 2086 1680 ut
2115 1625 2203 1680 vel
2235 1624 2437 1681 oculos
2488 1625 2600 1680 sibi
2652 1624 2775 1679 erui
2826 1623 3101 1695 patiatur.
3136 1621 3223 1677 vel
3271 1622 3518 1677 dimissa
3570 1638 3681 1677 sua

2018 1713 2283 1785 legitima
2318 1731 2492 1769 uxore
2524 1714 2703 1768 ﬁliam
2760 1712 3136 1785 imperatoris
3184 1711 3363 1765 ducat
3392 1726 3457 1765 ac
3489 1710 3681 1766 Caesar

247 1799 307 1853 τὶ
339 1797 621 1873 βασίλεια·
680 1799 933 1873 Ἀχοὲντι
988 1797 1045 1855 δὶ
1102 1797 1197 1855 δύο
1228 1802 1569 1876 προτίθενται
1600 1808 1837 1878 γνῶμαι,
1869 1803 1904 1873 ἤ

254 1884 276 1908 ε
335 1893 364 1908 -
441 1895 471 1905 .,
666 1894 692 1905 -
902 1887 914 1907 1
1292 1892 1305 1907 ι
1440 1896 1466 1906 ..
1528 1894 1555 1908 η
1656 1891 1710 1908 κ,

2030 1804 2381 1876 designetur.
2437 1803 2753 1859 Haesitante
2803 1819 2893 1869 eo,
2935 1818 3079 1857 uxor
3128 1800 3339 1856 marito
3386 1804 3676 1869 metuens,

252 1884 565 1963 διαζυγῆναι
624 1894 726 1957 τῆς
784 1887 1025 1962 νομίμου
1092 1892 1346 1965 γυναικὸς
1402 1896 1471 1966 τῇ
1527 1891 1794 1967 βασιλέως
1852 1915 1909 1948 τε

252 1978 471 2051 θυγατρὶ
536 1980 867 2055 σοναφθῆναι
928 1980 1017 2033 καὶ
1080 1979 1307 2055 βασιλέα
1364 1982 1812 2057 ἀναγορευθῆναι,
1871 1981 1907 2052 ἥ

251 2069 577 2139 πηρωθῆναι
624 2067 756 2129 τοὺς
803 2067 1149 2143 ἀφθαλμούς.
1204 2075 1309 2125 Τοῦ
1341 2068 1397 2125 δὲ
1438 2070 1793 2147 ἶλιγγιῶντος
1816 2072 1909 2126 καὶ

251 2154 621 2229 ἀναδυομένου
678 2158 816 2232 πρὸς
868 2157 1040 2213 αὐτῶν
1099 2159 1375 2235 ἑκάτερον,
1520 2160 1768 2223 σύνοικος
1801 2159 1909 2215 δεί-

256 2268 381 2300 σασα
442 2246 570 2321 περὶ
631 2251 726 2300 τοῦ
788 2245 1005 2323 ἀνδρὸς,
1071 2251 1145 2321 μή
1201 2270 1252 2303 τι
1312 2249 1399 2304 καὶ
1452 2252 1598 2325 πάθῃ
1646 2250 1911 2328 φλαῦρον,

253 2337 345 2403 τήν
367 2337 656 2407 κοσμικὴν
708 2336 966 2398 ἑκουσίως
1020 2337 1241 2392 ἀπέθετο
1290 2338 1480 2414 τρίχα,
1526 2340 1615 2393 καὶ
1644 2345 1724 2413 τῷ
1756 2340 1912 2409 συζῦ-

254 2447 330 2497 γῳ
359 2426 505 2497 πρὸς
537 2425 607 2490 τῆ
657 2420 778 2498 ὄψει
833 2424 1125 2500 ἐχαρίσατο
1174 2426 1263 2482 καὶ
1314 2429 1415 2497 τὴν
1472 2426 1771 2503 βασιλείαν.
1807 2428 1913 2485 Οὐ-

252 2518 351 2567 σῶν
400 2512 461 2569 δὲ
521 2518 603 2585 τῷ
656 2514 1041 2587 Κωνσταντίνῳ
1101 2514 1407 2591 θυγατέρων
1466 2523 1631 2592 τριῶν
1706 2516 1764 2572 ἐκ
1814 2525 1915 2587 τῆς

252 2604 517 2679 θυγατρὸς
571 2608 668 2658 τοῦ
726 2604 1025 2681 πατρικίου
1100 2604 1391 2679 Ἀλυπιου,
1447 2607 1511 2676 ἢν
1581 2604 1656 2663 ἔτι
1720 2614 1921 2678 ζῶντος

249 2699 338 2748 τοῦ
388 2692 693 2750 Βασιλείου
750 2691 1062 2767 ἡρμόσατο,
1118 2697 1153 2764 ἡ
1217 2696 1311 2768 μὲν
1371 2698 1489 2760 καθ’
1518 2695 1742 2767 ἡλικίαν
1772 2716 1922 2773 πρω·

247 2783 477 2838 τε·5ουσα
540 2782 773 2840 Εὖδοκία
827 2786 1173 2859 ἀπεκείρατο,
1229 2789 1263 2857 ἡ
1340 2788 1498 2861 τρίτη
1556 2786 1612 2843 δὲ
1666 2786 1921 2863 Θεοδώρα

250 2874 571 2944 ἀπηνήνατο
630 2881 920 2950 σδζυγῆναι
971 2880 1051 2947 τῷ
1106 2877 1393 2949 Ῥωμανῷ,
1453 2876 1488 2946 ἦ
1544 2875 1632 2933 διὰ
1680 2878 1743 2932 τὸ
1793 2901 1919 2955 συγ·

249 2964 412 3037 γενές,
448 2964 531 3025 ὥς
592 2985 770 3041 φασιν,
833 2962 869 3034 ἤ
922 2962 1009 3019 διὰ
1063 2966 1124 3020 τὸ
1175 2962 1253 3021 ἔτι
1311 2968 1407 3035 τὴν
1462 2966 1663 3022 ἐκείνου
1697 2969 1921 3045 σύζυγον

2021 1893 2173 1949 ultro
2207 1910 2434 1949 comam
2462 1892 2660 1965 posuit
2689 1909 2755 1947 ac
2786 1890 2999 1948 saeculo
3033 1888 3409 1955 renuntiavit,
3433 1889 3678 1959 viroque

2022 1988 2078 2039 et
2110 1983 2308 2038 oculos
2340 1982 2592 2038 servavit
2623 1987 2679 2037 et
2709 1981 3021 2052 imperium
3054 1979 3301 2051 paravit.
3327 1980 3507 2033 Erant
3527 1978 3678 2033 Con-

2021 2073 2283 2129 stantino
2315 2088 2381 2126 ex
2416 2070 2533 2125 ﬁlia
2582 2070 2809 2143 patricii
2861 2076 2979 2125 tres
3028 2069 3186 2137 ﬁliae;
3232 2084 3480 2139 quarum
3537 2072 3679 2122 natu

2024 2162 2279 2217 maxima
2310 2160 2565 2216 Eudocia
2600 2160 3014 2215 monachatum
3048 2159 3157 2213 fuit
3186 2157 3475 2229 amplexa,
3508 2156 3682 2211 mini-

2025 2269 2122 2307 ma
2140 2252 2445 2307 Theodora
2470 2250 2810 2321 conjugium
2845 2248 3092 2304 Romani
3125 2251 3394 2302 aversata
3424 2250 3535 2317 est,
3558 2246 3679 2302 sive

2026 2343 2098 2397 ob
2133 2341 2654 2413 propinquitatem,
2682 2344 2745 2393 ut
2772 2338 3085 2405 ferebatur,
3106 2337 3354 2408 generis,
3379 2335 3499 2391 sive
3522 2336 3678 2407 quod

2027 2448 2264 2486 uxorem
2297 2431 2426 2500 ejus
2470 2430 2646 2484 sciret
2695 2428 2885 2483 adhuc
2916 2428 3125 2483 vivere.
3159 2426 3346 2480 Media
3373 2426 3481 2480 Zoe
3510 2424 3679 2480 facile

2028 2537 2163 2576 eum
2195 2520 2306 2575 sibi
2330 2520 2454 2575 dari
2488 2519 2762 2574 maritum
2798 2535 2971 2590 passa
2997 2522 3105 2572 est.
3140 2515 3545 2586 Disputatione
3576 2531 3679 2569 au-

2028 2616 2145 2667 tem
2178 2612 2248 2665 de
2280 2610 2625 2681 cognatione
2655 2613 2836 2673 mota,
2870 2623 2962 2661 res
2993 2623 3025 2661 a
3056 2603 3385 2676 patriarcha
3415 2608 3471 2658 et
3499 2602 3682 2659 cccle-

2030 2699 2283 2755 siasticis
2314 2700 2607 2762 discussa,
2647 2703 2703 2752 et
2748 2698 3045 2752 Romanus
3076 2695 3197 2749 Zoaz
3231 2692 3541 2764 copulatus
3571 2696 3681 2759 est,

2028 2791 2462 2861 imperatorque
2488 2787 2839 2843 declaratus.
2865 2786 3083 2840 Triduo
3108 2788 3239 2856 post
3262 2782 3683 2837 Constantinus

2028 2878 2254 2935 vivendi
2304 2879 2481 2934 ﬁnem
2531 2878 2683 2945 fecit,
2729 2892 2861 2931 cum
2901 2874 3143 2930 vixisset
3183 2890 3367 2929 annos
3388 2871 3682 2943 70,trien-

2033 2970 2197 3025 nium
2232 2984 2433 3023 mense
2465 2966 2662 3022 minus
2694 2966 3061 3037 imperasset.

254 3056 365 3125 ζῇν.
424 3054 495 3109 Ἡ
558 3049 617 3107 δὲ
670 3058 751 3125 τῷ
810 3054 998 3128 χρόνῳ
1056 3052 1275 3131 δευτέρα
1331 3057 1454 3125 Ζωὴ
1505 3058 1593 3111 τὸν
1653 3057 1777 3133 περὶ
1834 3044 1934 3127 τῆς
1987 3056 2257 3117 συνοικίας
2316 3050 2478 3131 λόγον
2535 3054 2903 3108 συνενεσθὲντα
2950 3050 3227 3112 ἀσπασίως
3279 3047 3513 3121 ἐδέξατο.
3573 3044 3674 3103 A6-

250 3163 341 3215 γοα)
402 3139 465 3196 δὲ
518 3141 642 3213 περὶ
694 3148 795 3211 τῆς
852 3143 1156 3218 συγγενείας
1211 3147 1544 3218 κινηθέντος,
1596 3147 1685 3201 καὶ
1760 3154 1859 3217 τῆς
1935 3144 2261 3215 Ἐκκλησίκς
2332 3144 2423 3198 σὺν
2481 3148 2560 3215 τῷ
2618 3144 2932 3217 πατριάρχῃ
2992 3139 3268 3194 λυσάντων
3318 3140 3380 3193 τὸ
3440 3132 3680 3214 δμφίϐ⁰“

253 3230 366 3299 λον,
435 3229 808 3306 ἷερολογεῖται
869 3235 978 3305 (76)
1030 3235 1057 3287 6
1142 3235 1423 3307 Ῥωμανὸς
1506 3238 1577 3307 τῇ
1652 3241 1775 3310 Ζωῇ
1851 3237 1939 3291 καὶ
1998 3234 2350 3309 αὐτοκράτωρ
2419 3231 2793 3307 ἀναγορεύεται
2857 3228 3135 3305 βασιλεύς.
3198 3229 3293 3281 Καὶ
3338 3227 3473 3300 μετὰ
3528 3232 3676 3298 τρεῖς

252 3321 471 3393 ἡμέρας
520 3326 923 3383 Κιυνεττουιντῖνος
981 3321 1231 3393 ἀπέθανε,
1265 3327 1431 3395 ζήσας
1496 3326 1588 3398 μὶν
1647 3327 1738 3380 τὸν
1796 3327 2004 3381 ἅπαντα
2058 3332 2159 3394 τῆς
2224 3329 2367 3393 ζωῆς
2427 3322 2594 3377 αὐτοῦ
2652 3320 2851 3396 χρόνον
2908 3320 2949 3373 o'
3008 3314 3125 3389 ἔτη,
3181 3316 3267 3371 ἐπὶ
3298 3321 3442 3389 τρεῖς
3476 3312 3532 3369 δὲ
3565 3314 3680 3377 ἐνὸς

256 3408 477 3471 δέοντος
512 3411 685 3482 μηνὸς
719 3409 1119 3486 βεϐασιλευκὼς
1152 3416 1285 3487 (77).

324 3502 490 3555 Οὕτω
521 3498 579 3554 δὲ
627 3502 771 3575 παρὰ
825 3507 995 3556 πᾶσαν
1055 3501 1251 3558 ἐλπίδα
1306 3503 1396 3559 καὶ
1455 3503 1782 3580 προσδοκίαν
1822 3507 1912 3560 τὸν

2101 3507 2403 3562 Romanus
2426 3507 2633 3575 praeter
2653 3515 2889 3556 omnem
2921 3514 3084 3570 spem
3109 3501 3283 3569 atque
3305 3493 3686 3565 exspectatio-

257 3590 353 3655 τῆς
386 3589 700 3663 πηρώσεως
758 3587 999 3645 κίνδυνον
1063 3588 1287 3667 διαδράς
1345 3594 1372 3647 6
1412 3596 1690 3667 Ῥωμανός
1719 3596 1780 3649 τὸ
1816 3602 1917 3663 τῆς

262 3678 546 3750 βασιλείας
595 3678 984 3754 περιζώννυται
1033 3681 1253 3756 κράτος,
1310 3682 1402 3736 καὶ
1464 3683 1718 3758 βασιλεὺς
1764 3685 1919 3739 αὐτο-

256 3767 477 3841 κράτωρ
512 3767 627 3839 ἅμα
656 3773 780 3843 Ζωῇ
824 3773 893 3842 τῇ
950 3774 1047 3824 τοῦ
1107 3773 1509 3827 Κωνσταντίνου
1541 3774 1918 3850 ἀναγορεύεται

257 3857 512 3931 θυγατρί.
541 3860 691 3929 Ἀμα
735 3879 795 3913 τε
825 3856 915 3912 οὖν
967 3859 1054 3913 ἐπὶ
1102 3858 1194 3914 τὸν
1237 3861 1511 3937 βασίλειον
1553 3862 1765 3918 ἐκάθισε
1796 3864 1919 3938 θρό-

256 3966 372 4013 νον,
432 3948 526 4000 καὶ
589 3944 702 4019 ἅμα
754 3947 1073 4021 προοιμίοις
1124 3950 1347 4023 ἀγαθοῖς
1403 3952 1494 4006 καὶ
1544 3951 1920 4026 ἐπιοατηρίοις

258 4034 567 4097 ἐπαινετοῖς
618 4032 885 4109 ἐδεξιοῦτο
930 4036 1057 4100 τοὺς
1118 4038 1224 4093 ὐπὸ
1273 4046 1456 4116 χεῖρα,
1492 4042 1596 4096 ἀπὸ
1639 4045 1736 4109 τῆς
1769 4043 1918 4097 εὐσε-

260 4119 407 4185 ϐείας
468 4124 737 4201 πρότερον
810 4126 1108 4200 ἀρξάμενος
1175 4128 1543 4205 ἀγαθοεργεῖν.
1605 4129 1917 4186 Ἐνδέουσαν

259 4214 357 4287 γάρ
389 4216 489 4283 τὴν
522 4212 794 4288 πρόσοδον
826 4222 923 4285 τῆς
954 4216 1217 4292 Μεγάλης
1250 4216 1410 4283 εἰδὼς
1444 4218 1795 4290 Ἐκκλησίας,
1831 4222 1921 4276 ἅτε

262 4305 560 4377 οικονόμος
592 4304 795 4376 ταύτης
839 4306 1128 4380 γενόμενος
1176 4307 1229 4361 ἐν
1279 4314 1394 4371 τοῖς
1454 4306 1753 4384 ἔμπροσθεν
1787 4311 1922 4386 χρό-

262 4412 398 4460 νοις,
430 4393 520 4448 καὶ
551 4398 661 4448 τῶν
704 4393 893 4449 ἄλλων
945 4394 1169 4458 ὁπόσαις
1210 4396 1592 4471 ὑπηρετεῖσθαι
1625 4399 1744 4461 ἔθος
1776 4402 1922 4473 παρὰ

262 4486 359 4535 τοῦ
392 4483 598 4553 ταύτης
656 4482 893 4554 κλήρου,
943 4482 1281 4560 ὀγδοήκοντα
1328 4489 1561 4563 χρυσίου
1612 4487 1799 4563 λίτρας
1823 4489 1922 4544 ἀνὰ

261 4575 366 4625 πάν
401 4570 524 4634 ἔτος
564 4578 922 4648 χορηγεῖσθαι
960 4574 1180 4639 τούτοις
1214 4576 1519 4631 τετύπωκεν
1551 4578 1656 4632 ἀπὸ
1693 4583 1788 4632 τοῦ
1824 4581 1921 4654 βαι·

262 4659 481 4716 σιλικοῦ
530 4662 784 4735 ταμιείου
848 4662 923 4726 εἷς
991 4666 1334 4738 προσθήκην.
1410 4667 1666 4741 Ἐζέκοψε
1723 4666 1779 4723 δὲ
1830 4668 1920 4723 καὶ

258 4748 449 4805 τέλεον
508 4750 850 4828 ἀπερῥίζωσε
904 4752 967 4806 τὸ
1025 4752 1436 4830 ἀλληλέγγυον,
1488 4759 1571 4830 [Ρ.
1630 4760 1755 4831 723]
1788 4758 1918 4832 ὅπερ

260 4838 495 4910 ἐμελέτα
521 4842 616 4913 μὲν
652 4842 682 4895 ὁ
725 4847 1134 4907 Κωνσταντῖνος
1180 4852 1428 4917 ποιῆσαι,
1481 4846 1581 4900 οὐκ
1619 4844 1815 4925 ἔφθασε
1841 4844 1916 4904 δὲ.

263 4928 527 4983 Ἐκὲνωσε
586 4926 644 4983 δὲ
682 4928 774 4983 καὶ
820 4930 917 4993 τὰς
983 4929 1226 5008 φυλακάς
1284 4936 1389 4986 τῶν
1450 4931 1914 5010 ἒγκαθειργμὲνων

262 5011 350 5070 διά
378 5038 525 5079 τινας
558 5018 805 5091 εὐθύνας,
850 5019 916 5073 τά
977 5020 1069 5092 μὶν
1129 5017 1372 5093 δημόσια
1419 5023 1557 5096 χρέα
1613 5023 1918 5098 χαριζόμε-

261 5126 373 5173 νος,
395 5106 685 5170 ἁποτιννὺς
716 5105 774 5162 δὲ
814 5108 884 5163 τὰ
932 5106 1202 5167 ἴδιωτικά.
1254 5110 1707 5188 ’Λπελυτρώσατο
1741 5110 1797 5167 δὲ
1826 5112 1916 5167 καὶ

2029 3612 2162 3652 nem
2220 3595 2524 3649 oculorum
2598 3590 3058 3647 amittendorum
3133 3585 3389 3659 periculo
3446 3585 3683 3653 evitato,

2029 3686 2346 3757 imperator
2388 3699 2519 3738 cum
2553 3684 2662 3737 Zoe
2694 3684 2954 3753 Augusta
2996 3679 3207 3744 factus,
3242 3674 3405 3730 initio
3453 3672 3684 3745 imperii

2030 3774 2200 3831 bonis
2231 3790 2294 3829 ac
2325 3770 2724 3829 laudabilibus
2747 3771 2897 3825 orsis
2928 3768 3196 3825 subditos
3218 3763 3545 3820 demeritas
3574 3765 3685 3817 est.

2031 3863 2389 3935 Principium
2414 3862 2551 3917 fecit
2576 3860 2856 3916 beneﬁcia
2880 3860 2938 3913 in
2965 3856 3331 3928 religionem.
3356 3856 3496 3907 Cum
3531 3851 3689 3907 enim

2029 3954 2205 4010 sciret
2232 3957 2450 4025 Magna:
2496 3950 2765 4007 Ecclesia:
2806 3949 3031 4004 reditus
3062 3946 3215 4001 486
3247 3960 3360 3999 non
3394 3942 3686 4010 sufﬁcere,

2030 4049 2096 4099 ut
2128 4044 2227 4109 qui
2261 4042 2667 4114 superioribus
2689 4038 3051 4109 temporibus
3076 4036 3449 4105 dispensator
3478 4031 3689 4086 luisset

2029 4134 2180 4205 ejus,
2214 4138 2268 4188 et
2299 4132 2547 4187 aliarum
2581 4129 2799 4201 quibus
2852 4127 3033 4197 hujus
3076 4125 3270 4180 clerus
3301 4122 3373 4178 de
3400 4136 3559 4176 more
3591 4120 3685 4174 in-

2030 4222 2340 4291 serviebat,
2373 4221 2443 4275 80
2487 4219 2612 4275 auri
2661 4217 2843 4272 libras
2877 4214 3196 4287 quotannis
3226 4228 3296 4267 ex
3322 4208 3520 4267 aerario
3570 4208 3685 4263 im-

2032 4312 2323 4384 peratorio
2354 4312 2405 4366 ei
2439 4310 2612 4381 pendi
2638 4307 2843 4379 jussit,
2876 4307 3110 4361 decreto
3144 4320 3211 4358 ea
3238 4303 3306 4357 de
3338 4317 3398 4357 re
3427 4299 3684 4355 condito.

2029 4401 2291 4457 Abolevit
2343 4400 2519 4455 etiam
2580 4397 3007 4468 Allelengyum,
3060 4393 3213 4464 quod
3262 4388 3685 4446 Constantinus

2031 4498 2154 4546 erat
2186 4490 2554 4556 sublaturus,
2586 4487 2701 4542 nisi
2738 4503 2894 4540 mors
2925 4501 3057 4539 eum
3092 4479 3519 4537 antevertisset.
3550 4481 3682 4532 Car-

2030 4597 2190 4636 ceres
2224 4595 2457 4650 quoque
2488 4575 2733 4647 captivis
2774 4576 2845 4629 ob
2884 4579 3040 4629 certa
3070 4570 3321 4627 crimina
3350 4568 3680 4634 evacuavit;

2031 4669 2265 4741 publica
2296 4668 2491 4723 debita
2541 4663 2786 4730 dimisit,
2821 4662 3041 4734 privata
3089 4658 3387 4732 persolvit.
3420 4655 3687 4712 Redemit

2031 4759 2291 4829 captivos
2360 4774 2428 4812 ex
2494 4752 2844 4809 Patzinacia.
2906 4750 3061 4806 Fecit
3120 4748 3296 4805 etiam
3365 4751 3483 4801 tres
3543 4761 3682 4815 syn-

2032 4848 2207 4903 cellos
2283 4843 2727 4915 metropolitas,
2786 4840 3093 4913 Cyriaeum
3174 4835 3422 4909 Ephesi,
3482 4838 3685 4906 utpote

2029 4936 2490 5007 consanguinem
2575 4931 2953 5004 patriarchm,
3038 4926 3402 4984 Demetrium
3472 4922 3683 4996 Cyzici,

2029 5042 2201 5098 quem
2233 5024 2407 5080 etiam
2441 5026 2755 5093 antequam
2796 5021 2960 5075 ﬁeret
3012 5018 3331 5089 imperator
3362 5013 3682 5069 admodum

2027 5114 2331 5183 dilexerat,
2361 5117 2419 5168 et
2471 5109 2822 5167 Michaelum
2874 5107 3313 5172 Euchaitarum,
3361 5107 3424 5159 ut
3471 5116 3684 5175 genere

1464 5258 1833 5314 XYI.ANDRI
1874 5259 1961 5315 ET
1999 5260 2221 5316 GOARI
2260 5258 2499 5315 NOTZE.

336 5379 449 5461 (75)
480 5376 832 5467 anarasiév
880 5382 961 5450 τῷ
1002 5382 1112 5467 τῷν
1159 5382 1557 5467 ςΑρμενιακῶν.
1586 5383 1917 5467 θὲματι,,“ἱῐι

266 5454 563 5533 provincia
593 5454 963 5533 Armeniaca,
998 5454 1066 5533 id_
1088 5454 1290 5533 est,_in
1322 5456 1619 5533 A‘rmenia,
1646 5454 1773 5529 qua:
1807 5458 1917 5533 lto-

268 5525 465 5613 manis
495 5525 996 5613 parebat.AAtque_
1020 5526 1104 5582 sic
1137 5527 1311 5613 etiam
1362 5528 1514 5613 infra
1562 5525 1917 5613 ’Appsvzu'xév

270 5610 380 5664 pro
424 5596 693 5675 Armenia
741 5596 1038 5675 provincia
1085 5602 1343 5672 ponitur,
1377 5601 1446 5658 de
1496 5596 1676 5675 peste,
1712 5602 1770 5657 in
1804 5601 1917 5658 Re-

272 5682 453 5723 mane
478 5670 717 5740 Argyro.
753 5670 888 5724 Χγι.

2122 5387 2212 5455 76)
2238 5386 2405 5441 Sacra
2436 5381 2686 5455 nuptiali
2707 5380 3087 5455 benedictiane
3114 5376 3477 5455 cqnsocz'alur.
3498 5374 3677 5455 Gen}.

2121 5444 2211 5517 77l
2248 5458 2325 5513 De
2360 5444 2543 5510 morte
2573 5452 2942 5508 Constantini
2974 5449 3252 5505 librarius
3284 5462 3397 5501 non
3430 5444 3681 5517 absurde

2029 5512 2334 5619 ascripsit,
2393 5527 2464 5581 1·Ξῦ
2526 5525 2807 5593 ἐποίησας,
2877 5525 3265 5586 Κωνσταντῖνε,
3326 5517 3557 5619 τάχιστα
3606 5512 3676 5595 ,ἐξ

2100 5613 2116 5619 -
2490 5600 2500 5617 r
2684 5618 2690 5619 ,
2729 5613 2857 5619 μ-..
2910 5594 3003 5619 -.-2
3058 5595 3137 5619 -2-
3187 5594 3356 5619 -.ε-..υς
3441 5599 3672 5619 ςειηηηιαι

2027 5594 2329 5677 ἀνθρώπων
2378 5600 2865 5677 γενόμενος’-Μαι
2905 5594 3007 5677 qui
3036 5595 3140 5677 sic
3187 5594 3409 5662 vivunt,
3441 5599 3676 5645 nonnisi

2029 5667 2264 5733 summa
2292 5667 2435 5733 dant
2463 5667 2797 5745 reipublicae
2828 5667 3003 5726 mala.
3036 5667 3175 5725 XYL.
