4036 6194
304 360 427 423 219

1650 363 1980 428 GEORGII
2026 363 2369 429 CEDRENI

3599 355 3722 419 220

304 492 444 549 huic
465 492 887 567 propinquum,
905 494 1061 567 quod
1086 512 1119 551 a
1137 495 1393 554 Radenis
1418 496 1659 570 stirpem
1685 496 1955 553 ducebat.

2094 495 2200 558 τοὺς
2280 494 2680 571 κατεχομένους
2766 488 3160 568 αἰχμαλώτους
3232 487 3284 544 έν
3364 484 3722 558 Πατζινακίᾳ.

307 583 619 649 Joannem,
640 584 741 655 qui
775 585 975 641 Basilii
1010 586 1385 658 imperatoris
1416 586 1605 641 fuerat
1636 591 1967 656 protouota-

309 672 434 727 rius
453 674 699 744 jamque
726 674 1027 745 religionis
1049 692 1223 729 causa
1246 679 1420 745 caput
1444 680 1685 739 raserat,
1710 676 1966 731 evocavit

311 760 757 833 syncellumque
798 763 951 827 fecit,
983 768 1040 817 et
1070 763 1338 834 conjugis
1379 781 1495 819 sua
1531 765 1750 819 sororis
1780 765 1963 820 Theo-

311 849 464 904 dora
497 850 777 905 custodia
826 851 1099 922 praefecit.
1123 851 1333 907 Multos
1380 870 1550 924 porro
1586 854 1681 908 Dei
1716 853 1966 910 famulos

312 939 385 993 ad
425 944 742 994 extremam
794 940 1059 994 redactos
1119 944 1457 1013 pauperiem
1520 942 1859 1009 sublevavit,
1913 947 1969 999 et

311 1026 571 1096 alioquin
624 1028 884 1083 adversis
936 1030 1112 1084 rebus
1172 1046 1405 1101 pressos
1462 1031 1824 1087 rcl‘ocillavit.
1859 1033 1966 1088 Pro

313 1116 500 1172 salute
531 1118 735 1171 anima
776 1120 961 1173 soceri
1013 1120 1100 1173 sui
1155 1120 1511 1175 immensam
1564 1122 1818 1192 pecunia
1848 1123 1966 1179 vim

313 1204 620 1275 impendit.
646 1206 793 1260 487
832 1208 898 1260 Et
926 1224 1075 1277 quos
1110 1207 1208 1263 ille
1238 1208 1385 1264 male
1417 1214 1787 1275 tractaverat,
1823 1210 1967 1268 alios

316 1293 637 1348 honoribus
668 1293 811 1349 alios
838 1296 1051 1366 opibus
1083 1301 1184 1351 aut
1216 1298 1460 1368 pecunia
1490 1299 1827 1355 consolatus
1858 1306 1966 1356 est.

313 1383 645 1437 Romanum
680 1383 965 1451 Sclerum,
999 1386 1093 1441 cui
1126 1404 1158 1441 a
1189 1386 1573 1443 Constantino
1604 1396 1803 1445 erutos
1833 1406 1967 1445 ocu-

311 1471 399 1527 los
457 1473 1016 1542 demonstravimus,
1077 1479 1294 1531 sororis
1351 1494 1469 1532 sua
1531 1478 1838 1544 maritum,
1896 1480 1968 1535 ad

312 1560 681 1632 splendorem
719 1562 1039 1633 magisterii
1069 1565 1295 1619 extulit.
1320 1567 1388 1621 Et
1410 1585 1442 1621 a
1465 1567 1745 1623 diuturno
1766 1568 1969 1624 exsilio

311 1651 600 1707 revocavit
642 1651 1032 1723 Nicephorum
1065 1654 1366 1726 Xiphiam,
1402 1657 1503 1727 qui
1537 1662 1744 1729 sponte
1776 1675 1884 1713 sua
1910 1658 1968 1713 in

312 1739 598 1796 Studiano
630 1739 876 1812 collegio
907 1748 999 1797 est
1028 1744 1355 1799 monachus
1388 1746 1598 1801 factus.

2077 585 2335 657 Ἐτίμησε
2365 582 2422 639 δὲ
2464 583 2553 638 καὶ
2602 580 2936 658 συγκέλλους
2986 574 3400 653 μητροπολίτας
3431 582 3600 651 τρεῖς,
3628 576 3724 631 τὸν

2078 676 2306 752 Ἐφέσου
2340 673 2603 748 Κυριακὸν
2634 672 2707 734 ὡς
2755 675 2852 725 τοῦ
2894 669 3241 743 πατριάρχου
3271 664 3552 739 δμαίμονα
3584 667 3722 739 (78),

2076 766 2391 838 Δημήτριον
2447 762 2543 817 τὸν
2604 760 2843 830 Κυζίκου
2900 760 2972 821 ὡς
3019 758 3144 812 λίαν
3194 754 3459 827 αὐτῷκαὶ
3490 754 3725 829 πρὸτῆς

2080 852 2358 930 βασιλείας
2402 852 2800 929 πεφιλημένον,
2855 848 2945 905 καὶ
2995 845 3231 923 Μιχαὴλ
3261 847 3353 900 τὸν
3382 848 3491 899 τῶν
3528 844 3731 920 E6103-

2075 948 2178 997 τῶν
2210 944 2328 1006 καθ’
2360 942 2495 1015 αἷμα
2541 941 2720 1014 τούτῳ
2778 939 3054 1014 ἐγγίζοντα
3112 934 3201 990 διὰ
3247 936 3309 990 τὸ
3356 934 3634 1007 ἀναφέρειν
3662 933 3727 987 τὸ

2076 1032 2233 1107 γένος
2279 1031 2357 1094 εἷς
2404 1031 2531 1092 τοὺς
2598 1030 2932 1104 λεγομένους
2976 1024 3291 1096 Ῥαδηνούς.
3350 1024 3607 1091 Ἰωάννην
3670 1017 3729 1075 δὲ

2076 1123 2166 1177 τὸν
2198 1125 2295 1176 τοῦ
2322 1118 2605 1175 Βασιλείου
2648 1123 2748 1173 τοῦ
2800 1115 3067 1193 βασιλέως
3124 1114 3583 1190 πρωτονοτάριον,
3615 1108 3726 1180 ἤδη

2076 1212 2177 1280 τήν
2230 1211 2501 1283 κοσμικὴν
2575 1209 2895 1283 κειράμενον
2966 1204 3154 1280 τρίχα,
3235 1198 3729 1275 μεταπεμψάμενος

2077 1302 2167 1357 καὶ
2202 1299 2499 1377 σόγκελλον
2539 1302 2775 1372 τιμήσας
2822 1301 2890 1371 τῇ
2941 1298 3037 1364 τῆς
3084 1296 3273 1349 ἑαυτοῦ
3301 1292 3533 1365 συζύγου
3565 1288 3727 1377 ἀδελ-

2081 1395 2155 1465 φῇ
2188 1376 2442 1465 Θεοδώρᾳ
2488 1390 2721 1468 φρουρὸν
2769 1388 3082 1455 κατέστησε.
3126 1380 3377 1442 Πολλοὺς
3412 1378 3469 1435 δὶ
3498 1380 3584 1468 καί
3618 1376 3729 1468 τῷν

2082 1480 2415 1556 λειτουργῶν
2446 1466 2543 1533 τοῦ
2582 1481 2715 1534 Θεοῦ
2773 1474 2833 1531 lx
2876 1479 2984 1529 τῶν
3041 1470 3434 1546 ὸλληλεγγόων
3458 1468 3535 1531 εἷς
3565 1466 3733 1542 έσχά-

2078 1592 2178 1640 την
2237 1568 2493 1630 ἐλθόντας
2556 1565 2738 1621 πενίαν
2816 1565 3171 1633 ἀνεκτήσατο,
3212 1557 3468 1619 καὶτοὺς
3526 1556 3735 1617 ἄλλους

2082 1656 2480 1736 δυσφοροῦντας
2535 1656 2626 1711 καὶ
2687 1654 3045 1727 πιεζομένους
3096 1651 3350 1725 ἀποριαις
3385 1644 3735 1723 παραμυθίας

2080 1748 2297 1819 ἠξίωσε,
2330 1747 2577 1823 Ηαρέσχι
2635 1742 2691 1799 δὲ
2737 1744 2826 1799 καὶ
2876 1740 3181 1818 χρημάτων
3230 1736 3445 1808 πλῆθος
3495 1737 3737 1823 ἄρα)μοῦ

310 1833 553 1903 κρεῖττον
586 1828 715 1901 ὑπὲρ
748 1828 1023 1903 σωτηρίας
1071 1833 1258 1906 ψυχῆς
1311 1836 1407 1886 τοῦ
1466 1833 1657 1888 ὶαυτοῦ
1715 1840 1997 1909 πενθεροῦ.
2056 1837 2282 1907 Ἠξίωσι
2334 1820 2845 1910 ’δὲ-παραπλησίως
2902 1829 2991 1886 καὶ
3039 1828 3167 1891 τοὺς
3226 1829 3342 1883 ὅσοι
3388 1828 3570 1885 κακῶς
3599 1820 3734 1877 ἔπα-

312 1925 407 1976 θον
471 1913 557 1968 ὑπ’
615 1913 801 1971 αὐτοῦ.
859 1916 984 1978 τοὺς
1034 1916 1128 1989 μὶν
1189 1917 1263 1980 εἰς
1320 1919 1602 1992 ἀξιώματα
1652 1916 2011 1994 προϐιϐάσας,
2068 1922 2195 1985 τοὺς
2252 1922 2310 1978 δὲ
2367 1922 2419 1978 έν
2452 1924 2691 1995 κτήμασι
2758 1919 2848 1975 καὶ
2908 1916 3113 1979 ἄλλους
3170 1914 3224 1971 έν
3268 1913 3521 1990 χρήμασι
3552 1928 3735 1983 παρα-

314 2004 722 2087 μυθησάμενος.
756 2007 1003 2081 Ανήγαγε
1062 2004 1120 2061 δὲ
1173 2009 1259 2062 καὶ
1321 2008 1395 2069 εἷς
1450 2010 1513 2063 τὸ
1572 2008 1824 2085 λαμπρὸν
1897 2016 2008 2067 τῶν
2080 2012 2385 2087 μαγίστρων
2454 2011 2668 2084 ἀξίωμα
2719 2009 2809 2065 τὸν
2854 2009 2937 2063 ἐπ’
2988 2004 3198 2083 ἀδελφῇ
3256 1998 3503 2080 γαμϐρὸν
3561 1999 3731 2054 αὑτοῦ

309 2079 590 2164 Ῥωμανὸν
639 2094 732 2147 τὸν
785 2079 1061 2167 Σκληρὸν,
1096 2094 1153 2150 ὅν
1216 2098 1244 2151 6
1288 2079 1741 2162 Ravenna-hoc.-
1774 2100 1847 2163 ὡς
1908 2079 2623 2175 εἴπομεν,¹οὰπετύφλωσεν.
2685 2095 3076 2155 Ἀνεκαλέσατο
3239 2094 3326 2148 καὶ
3366 2098 3468 2161 τῆς
3497 2088 3735 2165 Χρονίας

311 2181 601 2257 ὑπερορίας
643 2183 957 2260 Νικηφόρον
995 2184 1087 2238 τὸν
1147 2185 1371 2261 Ξιφίαν,
1423 2187 1483 2249 ὃς
1541 2186 1831 2259 ἐθελοντὴς
1899 2189 1950 2245 έν
2008 2193 2078 2265 τῇ
2149 2189 2289 2264 μονῇ
2339 2194 2446 2245 τῶν
2508 2185 2772 2245 Στουδίου
2816 2188 2878 2242 τὸ
2933 2190 3041 2241 τῶν
3106 2186 3364 2259 μοναχῶν
3419 2180 3731 2258 ἠμφιέσατο

314 2290 423 2346 σχη
435 2292 531 2343 μα-

382 2363 462 2419 Εο
496 2373 750 2435 lempore
780 2363 1006 2436 pluvias
1038 2368 1379 2423 commodas
1409 2367 1569 2423 dedit
1600 2368 1777 2439 Deus,
1812 2370 1968 2426 fruc-

2149 2369 2299 2426 Κατὰ
2352 2372 2544 2424 τοῦτον
2588 2370 2681 2423 τὸν
2730 2367 2928 2443 χρόνον
2988 2362 3108 2419 ὗσεν
3150 2363 3178 2419 6
3227 2360 3359 2425 Θεὸς
3404 2358 3552 2416 ὑετὸν
3601 2355 3737 2429 σύμ’

312 2458 563 2524 ctusque
630 2452 790 2525 large
857 2461 1277 2526 provenerunt,
1338 2458 1590 2513 maxime
1647 2460 1807 2514 olea.
1868 2460 1971 2515 Die

316 2542 671 2597 Pentecosta
702 2559 869 2598 sacro
908 2544 1335 2600 tumultuatum
1386 2553 1477 2601 est
1523 2547 1596 2602 ob
1646 2549 1971 2604 sessionem

316 2631 373 2685 in
408 2647 569 2685 sacro
598 2631 811 2699 officio,
846 2634 1235 2705 metropolitis
1282 2651 1396 2690 non
1445 2635 1767 2692 ferentibus
1797 2654 1970 2710 supe-

320 2720 473 2775 riore
503 2721 627 2776 loco
658 2720 805 2792 ipsis
835 2722 1037 2777 sedere
1068 2722 1381 2795 syncellos.

393 2989 472 3045 Eo
500 2992 763 3060 tempore
786 2988 1109 3045 Prusianus
1132 2989 1420 3063 Bulgarus
1445 2991 1727 3063 magister
1747 2993 1977 3050 dolatus

328 3081 391 3133 ut
457 3078 556 3149 qui
624 3078 1059 3150 conspiratione
1124 3096 1258 3134 cum
1331 3079 1637 3137 Theodora
1700 3083 1977 3154 Augusta

323 3183 523 3223 sorore
554 3167 703 3222 inita
739 3167 1057 3239 imperium
1104 3169 1423 3235 aﬂ‘ectaret,
1457 3170 1517 3224 in
1566 3170 1819 3226 Manueli
1855 3189 1977 3229 mo-

327 3256 653 3311 nasterium
695 3257 753 3311 in
802 3258 1129 3312 custodiam
1182 3259 1383 3326 datur;
1436 3264 1493 3314 et
1543 3260 1980 3332 ingravescente

325 3346 573 3402 crimine
602 3346 788 3402 oculis
832 3346 1117 3419 privatur,
1149 3352 1208 3402 et
1239 3353 1426 3404 mater
1455 3349 1584 3420 ejus
1628 3357 1787 3406 zoste
1836 3352 1979 3407 urbe

325 3436 578 3507 ejicitur.
630 3440 696 3490 Et
751 3436 1176 3492 Constantinus
1233 3436 1544 3508 Diogenes,
1605 3440 1777 3509 cuius
1840 3458 1983 3496 uxor

325 3525 503 3580 fratre
561 3525 935 3597 imperatoris
993 3530 1127 3581 nata
1182 3534 1333 3591 erat,
1394 3527 1589 3581 Sirmii
1652 3530 1977 3600 prafectus,

323 3614 461 3669 inde
492 3615 848 3668 transfertur
877 3630 942 3668 ac
972 3614 1402 3669 Thessalonica
1424 3617 1542 3670 dux
1571 3618 1979 3687 constituitur;

324 3708 751 3773 accusatusque
807 3703 879 3757 ab
934 3702 1163 3773 Oresta,
1195 3704 1294 3774 qui
1358 3704 1550 3759 Basilii
1608 3705 1980 3778 imperatoris

327 3791 517 3846 fuerat
542 3790 995 3862 minister,quod
1019 3792 1401 3848 defectionem
1430 3794 1756 3862 moliretur,
1776 3802 1982 3864 prator

324 3879 395 3933 ad
427 3880 794 3934 Thraceuses
839 3880 1087 3934 mittitur
1135 3897 1201 3935 ac
1250 3889 1549 3953 comperto
1580 3883 1825 3938 crimine
1855 3885 1980 3940 vin-

323 3972 453 4022 ctus
486 3966 543 4021 in
578 3968 780 4021 urbem
827 3969 1163 4035 adducitur,
1199 3970 1375 4041 inque
1406 3972 1615 4025 turrim
1651 3974 1980 4043 conjicitur.

323 4056 477 4112 Socii
545 4056 1002 4126 conjurationis,
1062 4058 1319 4114 Joannes
1385 4060 1714 4131 syncellus,
1775 4062 1983 4118 Eusta-

326 4145 489 4200 thius
540 4146 845 4216 patricius,
880 4162 945 4201 ac
998 4147 1115 4202 dux
1165 4148 1624 4219 Daphnomelus,
1667 4149 1990 4207 Michaelus

328 4235 739 4305 Theognoslus
807 4240 864 4291 et
924 4235 1076 4291 488
1146 4237 1481 4301 Samuelus,
1541 4239 1807 4308 magistri
1878 4240 1988 4295 Mi-

328 4322 513 4379 chaeli
548 4324 771 4378 Burtza
806 4324 932 4392 filii,
968 4325 1371 4397 Georgiusque
1401 4330 1457 4381 et
1488 4326 1854 4395 Barasbatze,
1890 4330 1989 4398 qui

326 4412 388 4469 in
436 4418 631 4467 monte
678 4414 826 4469 Atho
870 4416 1169 4470 Iberorum
1228 4416 1653 4471 monasterium
1709 4418 1990 4489 condidit,

336 4501 635 4574 patrueles
687 4502 918 4573 patricii
965 4502 1276 4569 Theudati,
1308 4505 1563 4577 graviter
1599 4506 1887 4564 verberati
1938 4516 1997 4565 et

332 4608 435 4662 per
480 4590 632 4646 viam
684 4590 979 4662 publicam
1036 4592 1305 4662 producti
1355 4593 1762 4663 deportantur.
1809 4598 1997 4655 Theo-

330 4681 477 4736 dora
520 4681 696 4736 etiam
745 4681 919 4752 pulsa
974 4680 1190 4751 palatio
1247 4680 1304 4737 in
1364 4682 1622 4738 Petrium
1682 4684 1995 4758 relegatur.

2085 2480 2301 2534 μετρον,
2332 2459 2421 2513 καὶ
2482 2456 2704 2533 εὐφορία
2754 2457 2945 2533 γέγονε
2990 2459 3099 2509 τῶν
3157 2455 3401 2527 καρπῶν,
3444 2450 3559 2504 κατ’
3590 2444 3735 2518 ἐξαί-

2082 2568 2232 2623 ρετον
2268 2546 2324 2602 δὶ
2369 2552 2468 2613 τῆς
2521 2545 2725 2610 έλαίας.
2782 2544 3029 2619 Ἐγίνετο
3087 2540 3145 2597 δὲ
3200 2542 3335 2595 κατὰ
3378 2540 3479 2608 τήν
3520 2539 3735 2610 ἡμέραν

2079 2644 2179 2705 τῆς
2213 2636 2366 2711 ἁγίας
2424 2638 2800 2707 ΙΙ-εντηκοστῆς
2841 2634 3058 2709 ταραχὴ
3115 2629 3204 2687 διὰ
3248 2632 3347 2700 τὴν
3391 2624 3649 2702 καθέδραν
3680 2624 3737 2680 ὲν

2079 2730 2148 2799 τῇ
2212 2723 2543 2801 λειτουργίᾳ,
2603 2726 2677 2798 μὴ
2731 2720 3172 2795 καταδεξαμένων
3219 2724 3327 2775 τῶν
3388 2712 3737 2793 μητροπολι-

2080 2819 2189 2869 τῶν
2220 2815 2545 2888 προκαθίσαι
2602 2813 2778 2869 αὐτῶν
2826 2811 2953 2873 τοὺς
3003 2808 3328 2885 συγκέλλονς
3381 2807 3432 2864 ἐν
3489 2810 3568 2877 τῷ
3609 2823 3739 2859 συν-

2085 2905 2263 2979 θρόνῳ
2296 2906 2432 2978 (79)-

2157 2993 2301 3049 Κατὰ
2342 2996 2534 3049 τοῦτον
2579 2990 2672 3048 τὸν
2729 2989 2930 3067 χρόνον
2985 2983 3304 3058 διαϐληθείς
3361 2987 3388 3041 6
3439 2986 3737 3060 μάγιστρος

2086 3083 2421 3156 Προυσιανὸς
2479 3082 2506 3136 6
2557 3078 2872 3156 Βούλγαρος
2930 3081 3313 3151 κοινοπραγεῖν
3372 3071 3627 3146 Θεοδώρᾳ
3662 3075 3741 3146 τῇ

2084 3175 2185 3241 τῆς
2239 3168 2525 3247 βασιλίδος
2573 3167 2782 3239 ἀδελφῇ
2831 3167 2921 3223 καὶ
2963 3174 3062 3236 τῆς
3121 3163 3400 3241 βασιλείας
3460 3162 3551 3217 σὺν
3595 3162 3742 3234 αὐτῇ

2086 3261 2479 3315 ἀντιποιεῖσθαι
2514 3258 2589 3320 είς
2622 3259 2684 3313 τὸ
2713 3261 2811 3312 τοῦ
2841 3253 3111 3325 Μανουὴλ
3158 3254 3526 3328 μοναστήριοο
3568 3270 3743 3325 φρουο

2089 3354 2281 3424 ρεῖται.
2342 3346 2815 3423 Ἐπικρατησάσης
2904 3342 2961 3400 δὲ
3035 3350 3136 3414 τῆς
3192 3342 3522 3418 κατηγορίας
3576 3338 3745 3400 αὐτὸς

2094 3441 2185 3513 μὲν
2220 3436 2649 3514 ἀποτυφλοῦται,
2682 3438 2717 3506 ἡ
2777 3434 2834 3490 δὲ
2890 3436 3073 3509 μήτηρ
3128 3433 3294 3488 αὐτοῦ
3336 3434 3371 3501 ἠ
3435 3430 3611 3501 ζωστή
3642 3430 3749 3497 τῆς

2090 3525 2306 3589 πόλεως
2366 3521 2710 3583 έκϐἀλλεται.
2764 3524 2862 3579 Καὶ
2922 3526 3334 3583 Κωνσταντῖνος
3393 3521 3421 3574 6
3462 3517 3743 3594 Διογένης,

2092 3610 2343 3690 γαμϐρὸς
2397 3610 2470 3668 ὥν
2526 3618 2624 3669 τοῦ
2678 3611 2944 3687 βασιλέως
2995 3610 3079 3666 ἐπὶ
3129 3610 3348 3685 θυγατρὶ
3378 3612 3475 3663 τοῦ
3504 3604 3750 3683 ἀδελφοῦ

2092 3704 2276 3771 αὐτοῦ,
2326 3703 2432 3758 ἀπὸ
2509 3702 2745 3777 Σιρμίου
2817 3700 3122 3775 μετατιθεὶς
3207 3698 3285 3760 είς
3341 3695 3749 3765 Θεσσαλονίκην

2092 3794 2297 3869 γίνεται
2358 3790 2504 3863 δούξ,
2562 3790 2955 3864 κατηγορηθεὶς
3026 3786 3083 3843 δὲ
3139 3788 3285 3863 παρὰ
3338 3786 3593 3861 Ὀρέστου
3648 3788 3752 3837 τοῦ

2093 3882 2417 3958 θεράποντος
2447 3885 2544 3935 τοῦ
2575 3879 2868 3936 Βασιλείου
2916 3882 3014 3933 τοῦ
3068 3876 3356 3953 βασιλέως,
3390 3875 3463 3937 ὡς
3508 3872 3756 3947 μελετῶν

2092 3971 2436 4038 ἀποστασίαν,
2503 3970 2773 4044 σρατηγὸς
2866 3964 2942 4029 εἵς
3023 3964 3358 4041 Θρᾳκησίους
3442 3960 3752 4017 στέλλεται.

2097 4066 2338 4133 Φανερᾶς
2369 4057 2424 4114 δὲ
2443 4066 2543 4129 τῆς
2587 4056 2922 4132 κατηγορίας
2970 4057 3271 4132 γενομένης
3304 4052 3484 4130 ἄγεται
3526 4048 3756 4123 δέσμιος

2099 4149 2150 4205 ἰν
2181 4151 2251 4221 τῇ
2284 4145 2525 4224 βασιλίδι
2556 4148 2645 4203 καὶ
2696 4145 2746 4201 ἐν
2796 4146 2991 4219 πύργῳ
3044 4142 3326 4221 βάλλεται.
3369 4142 3437 4199 Οἱ
3468 4139 3525 4195 δὲ
3552 4139 3757 4195 τούοοιι

2101 4239 2435 4311 συνωμόται,
2471 4240 2499 4294 6
2524 4236 2965 4313 πρωτονοτάριος
3000 4234 3251 4303 Ἰωάννης
3282 4232 3369 4287 καὶ
3423 4227 3758 4307 σύγκιλλος,

2102 4330 2130 4386 6
2162 4327 2451 4403 πατρίκιος
2480 4327 2775 4387 Εὐστάθιος
2821 4324 2910 4379 καὶ
2967 4323 3273 4398 στρατηγὸς
3304 4322 3333 4376 6
3364 4319 3762 4397 Δαφνομήλης,

2103 4420 2253 4493 [724]
2310 4414 2539 4492 Μιχαὴλ
2591 4416 2933 4491 Θεόγνωστος
2978 4412 3069 4467 καὶ
3130 4407 3397 4485 Σαμουὴλ
3446 4411 3498 4465 οἱ
3526 4412 3625 4464 τοῦ
3659 4428 3766 4480 μα-

2103 4508 2330 4584 γίστρου
2396 4503 2627 4581 Μιχαὴλ
2685 4508 2784 4559 τοῦ
2836 4501 3082 4577 Βούρτζη
3128 4495 3364 4576 ἔκγονοι,
3404 4496 3671 4574 Γιώργιός
3699 4518 3767 4553 τε

2106 4598 2193 4651 καὶ
2250 4590 2597 4671 Βαρασόατζὶ
2641 4594 2669 4649 6
2719 4592 2770 4647 ἐν
2820 4596 2898 4665 τῷ
2948 4590 3060 4666 δρει
3085 4594 3164 4663 τῷ
3194 4590 3344 4662 Ἄθῳ
3518 4588 3617 4656 τήν
3647 4591 3765 4642 τῶν

2109 4680 2339 4761 Ἰϐήρων
2399 4684 2573 4757 μονήν
2625 4681 3048 4755 συστησάμενος,
3099 4680 3150 4734 οἱ
3192 4682 3289 4735 τοῦ
3318 4678 3608 4754 πατρικίου
3635 4683 3771 4732 Θευ-

1518 4816 1891 4875 XYLANDRI
1932 4821 2021 4876 ET
2058 4819 2278 4876 GOARI
2319 4817 2554 4874 NOT/E.

404 4910 511 4999 (782
544 4910 704 4999 Splet
735 4910 869 4982 poni
893 4910 1004 4999 hoc
1025 4910 1375 4999 vocabulum
1399 4913 1583 4999 abhis
1606 4915 1996 4999 scriptoribus
2026 4922 2072 4986 D
2104 4916 2637 4999 (velut.et.quid_a‘m.
2673 4907 2909 4999 ἔκκριτοι
2957 4912 3210 4999 diaconi,
3244 4909 3511 4999 Ecclesia
3541 4913 3773 4999 gregna

333 5000 436 5055 pro
483 4983 680 5045 fratre,
712 4983 1007 5052 quomodo
1037 4988 1096 5037 et
1116 4982 1408 5055 Virgilius
1438 4986 1583 5040 dixit
1618 5004 1630 5041 :
1666 4982 1997 5044 Et'consan-

326 5054 559 5132 guinﬁus
590 5055 686 5108 leti
708 5069 892 5132 sopor:
911 5070 1045 5109 cum
1076 5054 1153 5132 sit
1175 5054 1329 5126 apud
1356 5056 1672 5132 Homerum
1703 5055 1811 5113 ’ἐνθ’
1843 5059 1996 5132 ὕπνῳ

330 5120 617 5199 ξύμϐλητο
662 5124 1001 5199 κασιγνήτῳ,
1029 5120 1299 5187 θανάτοιο.
1341 5133 1447 5184 Pro
1500 5128 1751 5199 έκαίνησε
1799 5120 1992 5188 autem

329 5196 445 5279 legi
479 5196 716 5279 ἐκίνησε,
750 5196 1108 5253 sententiam
1153 5206 1421 5279 secutus.
1452 5196 1689 5279 Zosti‘ca’
1728 5220 1801 5258 an
1855 5221 1996 5279 pro-

329 5268 524 5345 prium
577 5268 924 5345 sitnomen,
958 5286 1031 5323 an
1079 5286 1212 5325 vero
1244 5273 1423 5345 (quod
1456 5274 1620 5345 puto)
1651 5275 1833 5332 Zosta
1856 5268 1999 5332 'offi-

331 5339 709 5411 ciumnotet,
746 5339 1092 5411 ambiguum
1125 5346 1215 5397 est
1246 5339 1385 5401 Xn.

412 5410 522 5489 (7Q)
558 5406 1218 5489 E'Syogovoas'edeshest
1266 5417 1341 5489 ad,
1399 5431 1632 5489 murum
1680 5416 1737 5471 in
1788 5434 1999 5489 gyrum

333 5481 566 5547 altaris,
602 5480 764 5561 et_’si
806 5481 975 5561 velis,
1008 5484 1281 5561 sedilium
1331 5488 1387 5561 in
1429 5487 1605 5543 choro
1652 5480 1855 5561 series.
1889 5506 2005 5561 qua

344 5553 1387 5631 cumpresbyteris_episcopus_vel
1441 5574 1575 5631 cum
1625 5553 2006 5631 pontiﬁcibus

2107 4982 2302 5045 clerici
2337 4982 2457 5043 siv'e
2487 4982 2786 5056 ofﬁciales,
2810 4987 2880 5041 de
2906 4985 3125 5057 quibus
3157 4984 3391 5057 abunde
3410 4982 3516 5038 Jus
3542 4983 3776 5037 Graco-

2109 5064 2444 5128 romanum)
2466 5076 2581 5114 non
2604 5056 2946 5113 consessum
2977 5057 3171 5128 modo,
3196 5056 3297 5111 sed
3330 5060 3773 5128 etgpﬁracessum

2110 5135 2194 5203 (ut
2217 5124 2510 5203 Romanos
2536 5127 3195 5203 cardinalesepiscopis,
3220 5124 3547 5203 quoad’hoc
3576 5124 3778 5203 hono-

2112 5198 2193 5260 ris
2224 5201 2548 5277 προνόμιον,
2573 5202 2842 5279 pralatos
2874 5198 3265 5279 imitarentur)
3287 5198 3439 5252 votis
3464 5198 3778 5279 omnibus,

2112 5276 2187 5344 vi,
2221 5269 2411 5347 gratia
2437 5291 2551 5346 pra
2574 5269 2827 5347 reliquis
2854 5271 3261 5347 sacerdotibus
3291 5286 3355 5324 ac
3386 5269 3781 5347 pontiﬁcibus

2115 5339 2399 5419 occupare
2430 5339 2570 5419 sunt
2610 5339 2822 5419 conLati.
2854 5344 3138 5419 Videntur
3164 5339 3573 5419 memoratum
3598 5339 3782 5419 _J_uri_s_

2114 5411 2295 5474 Grac.
2356 5417 2651 5473 volumen.
2705 5417 2785 5472 De
2833 5414 3303 5487 chartophylace,
3358 5417 3416 5469 et
3462 5412 3521 5467 in
3579 5411 3777 5469 Alexii

2116 5490 2396 5566 Compeni
2425 5489 2691 5566 Novellis.
2724 5488 2927 5566 (ὶοΑιι.Δ
3172 5559 3183 5566 Δ
3263 5555 3275 5566 θ

2189 5562 2302 5633 (80)
2333 5562 2411 5617 Ex
2434 5560 2855 5633 monachorum
2879 5561 2936 5615 et
2956 5558 3782 5633 monasteriorumstupendo

366 5624 701 5707 patriarcha
728 5624 1211 5707 cousidet;_unde
1255 5624 1673 5707 Euchologiufn
1703 5648 2012 5707 consessum
2119 5624 2363 5690 numero
2392 5633 2555 5707 ,ἁγίου
2600 5627 2761 5705 ὄρους
2809 5628 3227 5704 posterioribus
3273 5625 3507 5684 saculia
3552 5624 3783 5686 nomen

333 5696 506 5757 Vocat
534 5701 592 5755 et
629 5696 829 5755 throni
880 5699 1129 5770 ejusdem
1173 5696 1543 5758 consortium:
1575 5703 1638 5761 In
1669 5720 1736 5762 eo
1770 5703 2014 5779 synoelli
2122 5707 2352 5780 adepto.
2379 5696 2560 5763 Goan.
