4036 6194
302 331 417 393 221

1454 320 2008 393 HISTORIARUM
2049 325 2598 391 COMPENDIUM.

3606 314 3731 377 222

308 460 473 518 δάτου
519 462 758 537 ἀνεψιοὶ,
790 460 979 525 δεινῶς
1009 461 1297 541 τυφθὲντες
1321 463 1413 517 καὶ
1446 458 1535 517 διὰ
1568 460 1736 535 μέσης
1768 462 1865 530 τῆς
1892 457 2178 536 λεωφόρου
2209 460 2685 538 παραπεμφθέντες
2717 455 2896 534 ἐξορίᾳ
2915 451 3723 533 παρεπέμφθησαν.Κατηνέχθη

307 550 364 608 δὲ
393 553 487 607 καὶ
517 550 774 628 Θεοδώρα
800 556 909 608 τῶν
943 552 1276 628 ἀνακτόρων,
1306 553 1398 607 καὶ
1427 551 1503 615 εἷς
1535 553 1597 606 τὸ
1629 549 1922 627 λεγόμενον
1950 550 2283 627 περιωρίσθη
2321 550 2543 624 Πετρίον
2578 550 2712 623 (81).

378 638 721 717 Ὁκτωϐρίου
780 640 837 697 δὲ
898 644 1072 717 μηνὸς
1104 641 1191 697 λα’
1243 641 1404 718 χύσις
1465 642 1706 717 ἀστέρος,
1741 640 1968 717 ἐγένετο,

2157 642 2373 698 Ultima
2429 640 2697 699 Octobris
2758 640 2851 694 die
2907 636 3073 693 stella
3132 636 3203 691 ab
3260 650 3469 690 occasu
3523 648 3730 688 versus

305 732 364 787 ἐκ
418 730 645 805 δυσμῶν
704 733 840 804 πρὸς
896 731 1170 801 ἀνατολὴν
1223 732 1323 799 τήν
1383 731 1602 804 πορείαν
1654 734 1965 791 ποιοῦντος.

304 821 405 875 Καὶ
454 823 574 876 κατ’
603 821 771 890 αὐτὴν
804 822 904 890 τήν
943 821 1153 897 ἡμέραν
1211 825 1419 881 πτῶσις
1475 819 1537 875 οὐ
1569 821 1735 896 μικρὰ
1784 818 1970 896 γέγονε

302 914 401 965 τοῦ
433 907 755 984 Ῥωμαϊκοῦ
814 914 1047 985 στρατοῦ
1078 910 1131 965 ἐν
1202 910 1375 984 Συρίᾳ
1406 912 1837 985 στρατηγοῦντος
1867 907 1970 975 τῆς

309 997 566 1074 μεγάλης
628 1001 970 1076 Ἀντιοχείας
993 997 1225 1075 Μιχαὴλ
1257 1003 1352 1054 τοῦ
1385 996 1702 1069 Σπονδύλη.
1724 996 1969 1075 Ἐγὲνετο

307 1086 367 1143 δὲ
422 1088 517 1143 καὶ
579 1084 805 1165 ὄμϐρων
868 1087 1149 1151 ἐπίκλυσις
1186 1134 1200 1157 ,
1255 1088 1662 1165 ἐπικρατήσασα
1716 1085 1820 1149 ἕως
1873 1091 1971 1142 τοῦ

306 1176 560 1252 Μαρτίου
621 1177 817 1250 μηνὸς,
847 1181 955 1232 τῶν
1001 1182 1264 1250 ποταμῶν
1298 1177 1711 1251 ὑπερχυθέντων
1741 1175 1831 1230 καὶ
1861 1180 1970 1231 τῶν

305 1264 517 1321 κοίλων
574 1264 1008 1342 πελαγισάντων,
1044 1266 1120 1328 ὡς
1174 1265 1541 1343 ἀποπνιγῆναι
1574 1262 1770 1340 σχεδὸν
1801 1264 1974 1320 πάντα

304 1354 372 1407 τα
403 1358 523 1422 ζῶα
569 1354 661 1408 καὶ
712 1353 841 1416 τοὺς
898 1349 1344 1425 καταϐληθὲντας
1390 1353 1631 1431 καρποὺς
1660 1356 1728 1427 τῇ
1757 1358 1849 1429 γῆ,
1882 1353 1973 1409 καὶ

307 1440 400 1498 8ιά
428 1447 596 1497 τοῦτο
631 1442 793 1516 λιμὸν
826 1444 961 1498 κατᾶ
991 1443 1081 1498 τὸν
1116 1444 1335 1498 ἐπιόντα
1373 1443 1574 1519 χρόνον
1626 1441 1969 1513 ἐπακολουθῇ

307 1552 395 1586 σαι
448 1528 653 1588 δεινόν.
702 1530 1053 1606 Βουλόμενος
1111 1530 1169 1587 δὶ
1226 1534 1254 1587 6
1288 1530 1542 1608 βασιλεὺς
1569 1533 1633 1587 τὸ
1662 1532 1882 1607 γεγονὸς
1920 1531 1971 1586 ἐν

309 1620 483 1695 Συρίᾳ
540 1619 822 1696 ἀτώχημα
881 1620 1208 1692 ἐξιάσασθαι,
1271 1621 1504 1696 ὥρμητο
1538 1620 1680 1675 κατὰ
1706 1624 1806 1690 τῆς
1838 1619 1975 1697 Βερ-

309 1707 461 1785 ροίας
516 1707 897 1785 ἐκστρατεῦσαι
934 1755 948 1767 .
1007 1708 1306 1783 Ἐκπέμπει
1363 1714 1493 1786 γοῦν
1551 1711 1667 1783 μετ’
1736 1709 1974 1779 εὖζώνου

308 1794 597 1868 δυνάμεως
655 1800 1061 1855 Κωνσταντῖνον
1132 1798 1416 1874 πατρίκιον
1484 1800 1577 1854 τὸν
1632 1798 1972 1873 Καραντηνὸν

306 1886 399 1941 νόν
461 1885 548 1941 ἐπ’
597 1884 811 1965 ἀδελφῇ
837 1886 1038 1943 τούτου
1086 1883 1361 1963 γαμϐρὸν,
1431 1887 1684 1952 ἀπελθεῖν
1749 1886 1975 1957 ἐπισκή-

307 1978 412 2048 ψας
463 1974 558 2030 καὶ
616 1979 1025 2044 κατασκοπῆσαι
1079 1976 1176 2039 τὰς
1218 1973 1463 2042 εῗσόὸους
1509 1978 1601 2032 καὶ
1630 1977 1766 2032 κατά
1795 1976 1858 2031 τὸ
1888 1973 1977 2031 δυ-

308 2022 472 2119 ιἷατῦν
547 2022 934 2137 πημαίνεσθαί.
992 2064 1121 2129 τοὺς
1151 2022 1462 2143 ’ἐχθροῦςζ
1510 2022 1858 2141 παράτάξεως
1917 2022 1975 2121 66
2005 2022 2054 2088 B

310 2152 620 2223 καθολικῆς
673 2153 973 2230 ἀπέχισοαι
1008 2156 1174 2231 μέχρι
1203 2162 1304 2224 τῆς
1338 2153 1503 2210 αὐτοῦ
1537 2154 1858 2231 παρουσίας.
1888 2156 1976 2212 Ἑν

314 2242 430 2313 ὅσῳ
491 2239 550 2296 δὶ
609 2243 639 2297 6
696 2243 929 2318 στρατὸς
985 2243 1134 2316 αὐτῷ
1187 2243 1593 2314 συνηθροίζετο,
1638 2245 1667 2299 6
1727 2244 1821 2317 μὶν
1878 2250 1980 2313 τῆς

312 2326 616 2407 Ἀϐαο-γίας
664 2332 852 2407 ἄρχων
921 2332 1191 2409 Γεώργιος
1244 2333 1389 2406 νόσῳ
1418 2332 1665 2403 τελευτᾷ,
1698 2335 1731 2402 ἡ
1765 2331 1822 2388 δὲ
1853 2332 1980 2387 τού-

317 2441 416 2475 του
476 2419 732 2478 σύνοικος
793 2415 1045 2495 πρέσϐεις
1102 2421 1177 2484 εἷς
1242 2419 1468 2497 βασιλέα
1530 2421 1783 2478 στείλασα
1847 2422 1982 2495 μετά

318 2506 513 2585 δώρων
574 2506 812 2572 σπονδάς
868 2530 928 2565 τε
983 2511 1261 2587 είρηνιγᾶς
1290 2511 1467 2583 ἐζήτει
1514 2512 1604 2567 καὶ
1642 2517 1721 2584 τῷ
1776 2512 1979 2581 ταύτης

2079 735 2270 786 ortum
2334 731 2601 800 trajicere
2655 730 2779 784 visa
2836 734 2946 784 est.
3001 726 3333 795 Eademque
3377 723 3471 777 die
3519 721 3729 777 classis

2080 820 2341 875 Romana
2373 819 2529 873 haud
2572 818 2841 889 exiguam
2897 821 2986 873 est
3016 830 3193 887 passa
3242 812 3492 877 cladem,
3526 810 3729 865 Antio-

2078 909 2221 965 chiae
2270 913 2513 980 praetore
2565 906 2842 964 Michaelo
2874 903 3176 978 Spondila.
3226 902 3449 959 Imbres
3501 914 3729 971 quoque

2079 999 2347 1071 ingentes
2379 1013 2563 1069 usque
2595 997 2665 1052 ad
2700 996 2975 1051 Martium
3026 1008 3288 1049 mensem
3322 989 3727 1053 obtinuerunt,

2079 1093 2136 1142 et
2167 1087 2429 1142 amnium
2464 1103 2533 1141 ac
2562 1086 2797 1141 lacuum
2822 1082 3211 1138 exundatione
3244 1082 3359 1135 fere
3391 1078 3590 1134 omnia
3612 1077 3733 1133 ani-

2081 1178 2257 1231 malia
2287 1182 2455 1231 necta
2496 1181 2654 1238 sunt,
2707 1191 2773 1228 ac
2803 1173 3030 1228 semina
3079 1178 3246 1225 terrae
3278 1170 3596 1224 commissa
3628 1183 3730 1239 pe-

2081 1264 2344 1332 rierunt;
2377 1264 2626 1336 ideoque
2672 1261 3004 1335 insequenti
3050 1276 3202 1316 anno
3231 1257 3412 1332 {gravi
3444 1260 3531 1313 est
3567 1256 3731 1311 labo-

2082 1359 2273 1409 ratum
2304 1354 2565 1425 penuria.
2593 1356 2876 1409 Caeterum
2905 1351 3224 1421 imperator
3247 1352 3310 1402 ut
3338 1350 3636 1417 acceptam
3670 1344 3726 1398 in

2081 1444 2242 1515 Syria
2273 1443 2496 1498 cladem
2521 1442 2858 1511 exsarciret,
2885 1440 3313 1512 expeditionem
3337 1437 3409 1491 ad
3440 1436 3728 1490 Berroeam

2081 1532 2377 1599 instituit;
2413 1532 2711 1602 mittitque
2736 1530 2955 1586 sororis
2985 1545 3102 1583 suae
3136 1528 3412 1582 maritum
3444 1527 3730 1579 Constan-

2079 1622 2271 1677 tinum
2303 1621 2611 1693 patricium
2642 1620 3060 1686 Carantenum,
3086 1634 3217 1673 cum
3244 1615 3386 1671 levis
3418 1616 3730 1669 armatum

2082 1709 2356 1770 exercitu.
2408 1709 2696 1782 speculari
2736 1725 2871 1764 eum
2924 1709 3121 1764 aditus
3168 1710 3225 1762 et
3272 1706 3559 1776 quantum
3608 1701 3733 1756 fieri

2083 1804 2284 1871 posset
2330 1799 2527 1855 hostes
2575 1799 2872 1864 infestare,
2927 1796 3126 1870 przslio
3175 1800 3375 1851 tamen
3420 1807 3609 1863 usque
3658 1790 3732 1845 ad

2084 1905 2259 1944 suum
2293 1889 2610 1943 adventum
2643 1887 2938 1943 abstinere
2963 1883 3371 1956 jubens.Dum
3405 1885 3601 1937 autem
3635 1878 3737 1934 mi-

2085 1977 2218 2034 lites
2248 1978 2456 2051 coegit,
2489 1979 2720 2034 interim
2754 1976 3015 2048 Abasgias
3048 1974 3322 2047 princeps
3351 1970 3636 2042 Georgius
3666 1984 3736 2024 ex

2086 2067 2288 2123 morbo
2321 2067 2571 2123 decedit.
2604 2065 2757 2122 Uxor
2806 2068 2935 2137 ejus
2968 2064 3171 2136 legatis
3212 2063 3283 2119 ad
3316 2061 3734 2133 imperatorem

2088 2156 2375 2227 donisque
2405 2156 2557 2211 489
2592 2155 2792 2211 missis
2816 2154 3047 2210 fcederis
3076 2150 3509 2208 renovationem
3530 2153 3587 2203 et
3615 2145 3735 2201 filio

2088 2262 2197 2302 suo
2230 2246 2529 2301 Pancratio
2560 2245 2869 2316 conjugem
2905 2242 3066 2315 petit.
3099 2242 3203 2297 Cui
3234 2254 3515 2295 assensus
3545 2237 3735 2306 impe-

2089 2340 2247 2392 rator
2276 2335 2463 2390 fmdus
2497 2334 2714 2402 firmat,
2763 2332 3159 2402 Helenamque
3190 2328 3278 2385 sui
3312 2326 3509 2382 fratris
3554 2323 3734 2379 ﬁliam

2090 2426 2148 2481 in
2183 2423 2501 2497 Abasgiam
2532 2428 2785 2496 nuptum
2837 2420 3041 2491 mittit,
3072 2423 3127 2475 et
3161 2416 3533 2474 Pancratium
3566 2427 3741 2470 curo-

2090 2512 2301 2586 palatae
2333 2514 2548 2569 honore
2577 2512 2840 2582 insignit.

322 2596 424 2669 υἱῷ
453 2597 787 2673 Παγκρατίῳ
812 2599 915 2667 τὴν
949 2601 1395 2670 συνοικήσουσαν.
1440 2602 1543 2663 Ἦς
1593 2602 1690 2670 τὴν
1741 2596 2028 2675 πρεσϐείαν
2077 2598 2472 2674 ἀποδεξάμενος
2519 2600 2546 2655 6
2583 2596 2838 2674 βασιλεὺς
2865 2595 2962 2660 τᾶς
2992 2617 3050 2651 τε
3082 2592 3316 2655 σπονδὰς
3345 2592 3601 2669 ἐκύρωσε,
3644 2592 3738 2645 καὶ

313 2683 547 2756 Ἑλένην
578 2687 681 2755 τὴν
715 2687 907 2742 ἐαυτοῦ
941 2689 1184 2763 ἀνεψιὰν,
1209 2691 1309 2759 τὴν
1343 2690 1611 2766 θυγατᾶρα
1639 2693 1734 2744 τοῦ
1762 2687 2000 2768 ἀδελφοῦ
2033 2690 2198 2745 αὐτοῦ
2230 2688 2529 2766 βασιλείου,
2569 2688 2788 2768 νύμφην
2838 2687 2914 2752 είς
2957 2681 3247 2762 Ἀὗασγίαν
3293 2679 3597 2756 ἀπέστειλε,
3646 2681 3737 2736 τὸν

312 2775 547 2854 νυμφίον
576 2779 924 2853 Παγκράτιον
956 2777 1012 2840 ἐς
1038 2782 1147 2833 τῶν
1173 2777 1601 2854 κουροπαλᾶτων
1635 2774 1963 2842 ἀναϐιϐάσας
1993 2780 2055 2835 τὸ
2086 2779 2242 2854 ὕψος.

387 2882 542 2939 Κατὰ
567 2886 764 2939 τοῦτον
788 2884 880 2939 τὸν
912 2883 1113 2960 χρόνον
1163 2886 1355 2961 γεγονέ
1400 2906 1452 2940 τι
1481 2886 1762 2961 τεράστιον
1818 2886 1869 2941 ἐν
1902 2890 1980 2960 τῷ

318 2970 512 3044 θὲματι
588 2976 701 3026 τῶν
778 2974 1098 3048 Θρᾳκησίων
1151 2971 1477 3050 παρᾳδοξον,
1536 2975 1662 3051 περὶ
1720 2975 1815 3039 τὰς
1875 2976 1979 3031 ὑπ-

315 3061 514 3135 ωρείας
550 3065 651 3115 τοῦ
680 3062 843 3135 ὅρους
871 3066 973 3115 τοῦ
1005 3067 1272 3136 Κουζηνᾶ,
1334 3062 1385 3118 ἐν
1446 3065 1491 3137 ᾧ
1522 3066 1675 3140 πηγή
1710 3064 1819 3120 ἐστι
1850 3064 1979 3121 καλ-

316 3148 509 3205 λίστου
586 3150 678 3204 καὶ
758 3148 991 3213 διειδοῦς
1049 3149 1267 3215 ὕδατος.
1327 3155 1494 3224 Φωνή
1553 3175 1633 3216 τις
1692 3152 1980 3226 ἐξηκούετο

314 3240 510 3316 οἴκτρά
556 3241 695 3314 μετά
744 3239 989 3315 ὀδυρμοῦ
1036 3242 1125 3296 καὶ
1178 3244 1303 3298 οὐαὶ
1352 3245 1441 3299 καὶ
1492 3247 1705 3320 θρήνων
1769 3266 1981 3320 παρεμ-

2161 2888 2278 2943 Ηοο
2307 2892 2568 2960 tempore
2589 2887 2650 2943 in
2672 2887 2987 2943 Thracensi
3014 2883 3309 2958 provincia
3339 2880 3738 2954 prodigiosum

2091 2977 2396 3049 quippiam
2430 2976 2659 3045 accidit,
2679 2977 2832 3048 apud
2852 2976 3080 3031 radices
3104 2973 3323 3029 montis
3355 2976 3613 3040 Cuzenzs,
3640 2970 3739 3025 ubi

2092 3066 2222 3122 fons
2254 3070 2341 3121 est
2371 3082 2533 3137 aquae
2566 3064 3017 3137 limpidissimae.
3041 3063 3164 3119 Vox
3186 3062 3343 3117 enim
3370 3061 3447 3117 ibi
3473 3060 3740 3132 quaedam

2090 3156 2366 3212 exaudita
2395 3159 2485 3210 est
2502 3153 2877 3222 miserabilis,
2900 3152 3218 3223 ejulatibus
3240 3157 3296 3206 et
3321 3149 3595 3206 lamentis
3621 3166 3743 3220 per-

2092 3248 2295 3314 mixte,
2312 3244 2478 3316 quasi
2496 3243 2874 3312 gemebundze
2898 3242 3192 3308 mulieris;
3220 3254 3408 3310 neque
3429 3239 3539 3293 hoc
3563 3237 3740 3292 semel

310 3332 485 3406 φερής
517 3328 827 3405 ὀλοφυρμῷ
856 3332 1130 3408 γυναικός.
1164 3332 1263 3387 Καὶ
1304 3333 1411 3409 οὐχ
1442 3334 1580 3405 ἅπαξ
1612 3336 1648 3405 ἢ
1680 3332 1762 3396 δὶς
1788 3339 1969 3394 τοῦτο,

2088 3340 2188 3390 aut
2215 3334 2451 3403 iterum,
2487 3334 2587 3389 sed
2622 3336 2821 3387 noctes
2871 3331 3115 3401 diesque
3167 3328 3446 3385 continuo
3477 3344 3509 3382 a
3542 3342 3743 3381 mense

315 3417 444 3474 ἀλλ’
490 3418 604 3474 ἀπὸ
637 3419 884 3495 Μαρτίου
940 3420 1112 3495 μηνὸς
1169 3418 1332 3498 ἄχρις
1396 3422 1623 3479 Ἰουνίου
1665 3424 1831 3479 αὐτοῦ
1862 3425 1982 3479 καθ’

312 3509 528 3583 ἡμέραν
559 3506 651 3563 καί
680 3508 863 3566 νύκτα.
914 3508 1222 3565 Ἀπιόντων
1261 3508 1319 3566 δὲ
1348 3532 1514 3566 τινων
1546 3510 1632 3567 ἐπὶ
1682 3513 1761 3584 τῷ
1809 3533 1978 3567 κατα-

315 3604 593 3667 σκοπῆσαι
640 3598 735 3652 τὸν
762 3599 932 3653 τόπον
988 3598 1115 3664 ἔνθα
1162 3602 1197 3669 ἡ
1234 3601 1383 3678 φωνὴ
1420 3600 1693 3677 ἐξηχεῖτο,
1725 3600 1979 3678 ἀλλαχοῦ

318 3686 649 3759 μετέπιπτεν
676 3687 712 3755 ἦ
741 3685 1014 3763 ὀλολυγή.
1067 3690 1241 3745 Τοῦτο
1283 3686 1361 3757 δὲ,
1395 3691 1469 3752 ὡς
1506 3689 1673 3759 ἔοικε,
1727 3692 1978 3767 προεμή-

312 3796 401 3830 νυε
427 3776 535 3845 τὴν
569 3776 841 3853 φθάσασαν
894 3778 1128 3853 ῥηθῆναι
1183 3776 1411 3855 ἀτυχίαν
1442 3784 1551 3834 τῶν
1602 3781 1891 3853 Ῥωμαίων
1926 3779 1976 3835 ἐν

314 3868 383 3937 τῇ
413 3862 603 3935 Κοίλη
665 3865 852 3939 Συρίᾳ.
902 3871 1006 3921 Τοῦ
1060 3866 1165 3943 γὰρ
1225 3867 1495 3942 βασιλέως
1535 3869 1857 3947 Νικηφόρου
1888 3870 1983 3932 τὰς

313 3952 580 4016 πλείστας
634 3954 834 4029 Συρίας
881 3956 973 4009 καὶ
1023 3955 1285 4027 Φοινίκης
1315 3952 1510 4021 πόλεις
1556 3960 1980 4034 παραστησαμέ-

312 4063 429 4109 sou,
476 4042 574 4098 καὶ
621 4047 720 4098 τοῦ
772 4045 888 4116 μετ’
936 4045 1099 4100 αὐτὸν
1131 4046 1385 4100 Ἰωάννου
1431 4047 1501 4102 τὰ
1544 4046 1827 4102 ἑαλωκότα
1855 4068 1981 4123 κρα-

312 4132 621 4205 τυναμὲνου
691 4132 782 4187 καὶ
865 4132 1032 4209 μέχρι
1111 4138 1401 4207 Δαμασκοῦ
1472 4137 1570 4205 τήν
1636 4136 1978 4212 ἐπικράτειαν

315 4220 765 4295 παρατείναντος,
842 4221 1059 4298 ἐπείπερ
1132 4224 1161 4279 6
1242 4230 1357 4298 μετ’
1427 4224 1623 4290 αὐτοὺς
1696 4225 1981 4290 Βασίλειος

316 4308 582 4385 πρότερον
648 4310 744 4383 μὶν
779 4312 880 4367 ὑπὸ
936 4317 1044 4368 τῶν
1105 4313 1393 4392 ἐμφυλίων
1438 4314 1859 4391 ἀσχολούμενος
1888 4336 1985 4370 πο-

319 4396 530 4471 λέμων,
590 4398 814 4476 ὕστερον
850 4398 908 4457 δὲ
936 4401 1027 4457 καὶ
1064 4408 1184 4466 τοῖς
1212 4404 1352 4459 κατὰ
1375 4408 1475 4459 τοῦ
1509 4405 1775 4479 Σαμουὴλ
1807 4426 1985 4481 εργοις

319 4485 720 4562 προσλιπαρῶν
753 4490 837 4563 [Ρ.
868 4491 997 4564 725]
1031 4490 1135 4545 οὐκ
1162 4488 1319 4567 ἔσχεν
1351 4490 1624 4570 εὐκαιρίαν
1672 4492 1860 4557 καλῶς
1890 4494 1982 4549 καὶ

318 4573 389 4637 ὡς
437 4572 725 4653 ἐνεδέχετο
781 4576 849 4633 τὰ
904 4577 956 4634 ἐν
1006 4583 1076 4653 τῇ
1132 4582 1248 4653 Ἒῳ
1277 4579 1802 4660 κατασφαλίσασθαι,
1856 4582 1986 4639 ἀλλ’

2091 3424 2297 3480 Martio
2314 3439 2501 3495 usque
2523 3422 2872 3479 adJunium.
2895 3421 3159 3491 Cumque
3174 3416 3442 3475 nonnulli
3460 3415 3741 3472 accessis-

2089 3518 2222 3570 sent
2243 3512 2608 3585 speculatum
2630 3510 2822 3566 locum
2848 3511 3003 3564 unde
3023 3525 3127 3564 vox
3150 3494 3452 3570 edebatur,
3476 3505 3589 3560 alio
3610 3505 3702 3576 eju
3722 3535 3740 3545 -

2090 3602 2249 3658 latus
2272 3602 2367 3657 isti
2390 3602 2814 3657 transiverunt.
2846 3597 3340 3653 Presmonstrabat
3369 3600 3587 3662 autem,
3611 3592 3736 3664 opi-

2091 3709 2220 3761 nor,
2244 3692 2352 3746 hoc
2376 3695 2711 3763 portentum
2741 3688 2963 3744 cladem
2991 3688 3389 3742 Romanorum
3412 3684 3472 3738 in
3495 3682 3739 3754 leesy-

2091 3781 2178 3836 ria
2204 3785 2524 3852 acceptam.
2560 3778 2781 3835 Etenim
2813 3776 3178 3849 Nicephorus
3220 3774 3538 3846 imperator
3567 3771 3743 3828 urbes

2089 3870 2269 3942 Syriis
2302 3887 2368 3926 ac
2399 3869 2708 3925 Phoenicia:
2731 3867 3041 3939 plerasque
3066 3870 3299 3937 ceperat
3328 3869 3385 3918 et
3414 3864 3484 3918 ab
3518 3878 3584 3917 eo
3618 3877 3742 3933 par-

2091 3966 2152 4015 ta
2180 3961 2499 4015 Tzimiscas
2550 3974 2854 4014 successor
2882 3958 3281 4023 confirmarat,
3314 3954 3744 4023 imperiumque

2091 4049 2162 4104 ad
2201 4051 2549 4104 Damascum
2604 4063 2793 4119 usque
2842 4043 3183 4118 protulerat.
3237 4042 3491 4098 Basilius
3521 4046 3740 4107 autem,

2094 4138 2194 4209 qui
2226 4141 2357 4209 post
2383 4138 2493 4193 hos
2524 4135 2853 4209 imperavit,
2874 4132 3144 4190 civilibus
3177 4132 3435 4205 primum
3464 4130 3635 4187 bellis
3656 4146 3744 4185 oc-

2091 4232 2364 4300 cupatus,
2380 4227 2589 4283 deinde
2611 4230 2771 4282 totus
2790 4224 2941 4281 bello
2960 4222 3288 4278 Samuelico
3314 4222 3598 4286 intentus,
3625 4237 3741 4274 non

2092 4317 2381 4372 habuerat
2402 4318 2905 4387 Opportunitatem
2928 4312 3184 4369 Orientis
3208 4327 3300 4366 res
3321 4308 3741 4376 constituendi,

2094 4405 2195 4460 sed
2224 4404 2392 4475 quasi
2418 4420 2519 4475 per
2549 4403 3033 4475 imaginationem
3066 4416 3134 4455 eo
3155 4400 3453 4455 interdum
3477 4398 3741 4455 animum

2092 4495 2426 4564 trajecerat,
2457 4496 2514 4548 et
2558 4497 2858 4563 utcunque
2890 4493 3043 4547 490
3074 4488 3292 4545 curatis
3341 4488 3414 4543 iis
3460 4490 3652 4543 totum
3684 4502 3743 4540 sc

2093 4582 2413 4655 Bulgaricaa
2444 4581 2601 4655 genti
2625 4581 2963 4652 subigendae
2987 4580 3246 4634 dederat.
3271 4578 3351 4633 Ea
3380 4576 3491 4631 fuit
3518 4577 3744 4631 occasio

317 4661 435 4764 όσον
486 4664 544 4719 ἐν
595 4667 863 4764 φαντασίᾳ
903 4668 1196 4743 γενόμενος
1240 4668 1434 4740 ἐκεῖσε,
1483 4670 1575 4726 καὶ
1625 4672 1701 4733 ὡς
1733 4672 1761 4727 6
1794 4671 1977 4746 καιρὸς

2095 4673 2343 4727 urbibus
2398 4672 2823 4741 potentioribus
2873 4669 3127 4723 Orientis
3171 4669 3381 4739 jugum
3415 4670 3743 4721 Romanum

319 4749 513 4826 ἀπῄτει
559 4758 732 4809 ταῦτα
778 4759 1279 4830 καταστησάμενος,
1345 4759 1441 4823 εἷθ’
1498 4760 1838 4835 ὑποστρέψας
1892 4760 1977 4816 καί

2094 4762 2424 4817 excutiendi
2473 4776 2763 4833 suamque
2805 4758 3191 4831 recuperandi
3243 4757 3599 4812 libertatem.
3631 4755 3743 4810 Sed

319 4839 589 4918 ἀσχολίαν
651 4839 892 4917 ιμμονον
925 4843 1069 4921 ἔχων
1096 4847 1185 4902 καὶ
1216 4846 1475 4926 φροντίδα
1503 4850 1567 4904 τὸ
1596 4853 1704 4905 τῶν
1734 4849 1983 4926 Βουλγά-

322 4948 421 5005 ρων
478 4932 745 5003 ὑποτάξαι
796 4935 969 5009 γένος,
1029 4936 1251 5013 ἀφορμή
1297 4938 1489 5014 γὲγονε
1535 4942 1632 4994 τοῦ
1677 4939 1772 4995 τὸν
1823 4938 1984 5014 ζυγὸν

322 5017 623 5097 ἀπορρῖψαι
696 5021 794 5085 τὰς
874 5021 1243 5101 δυνατωτέρας
1302 5031 1411 5083 τῶν
1466 5026 1682 5083 πόλεων
1733 5028 1825 5083 καὶ
1879 5029 1979 5098 τὴν

323 5108 521 5164 ἑαυτῶν
579 5111 916 5183 ἀναζητῆσαι
946 5111 1275 5189 ἐλευθερίαν.
1338 5114 1501 5172 Ἀλλ’
1545 5114 1652 5179 ἕως
1687 5117 1781 5191 μὲν
1824 5118 1981 5181 οὗτος

321 5205 536 5273 περιῆν,
593 5198 890 5272 ἐμελετᾶτο
945 5204 1039 5276 μὲν
1070 5206 1106 5274 ἡ
1150 5203 1470 5276 ἀπόστασις,
1500 5201 1746 5280 κρύϐδην
1800 5203 1858 5263 δὲ
1886 5207 1978 5263 καὶ

325 5283 385 5339 οὗ
429 5292 699 5363 φανερῶς.
757 5290 972 5349 Τούτου
1030 5290 1089 5348 δὶ
1142 5294 1206 5349 τὸ
1261 5295 1443 5371 χρεὼν
1474 5294 1853 5363 ἅποτίσαντος,
1884 5297 1977 5352 καὶ

321 5378 414 5429 τοῦ
444 5372 686 5456 ἀδελφοῦ
716 5377 881 5436 αὐτοῦ
930 5382 1332 5440 Κωνσταντίνου
1380 5382 1604 5458 ἀμελῶς
1657 5383 1976 5461 βασιλεύον-

2092 4868 2168 4908 eae
2198 4867 2333 4907 cum
2364 4850 2590 4905 vivente
2621 4848 2812 4906 adhuc
2844 4847 3074 4919 ,Basilio
3104 4845 3491 4903 defectionem
3521 4843 3749 4902 occulte

2090 4946 2319 4997 tantum
2352 4939 2719 5005 molirentur,
2738 4955 2804 4995 eo
2837 4936 3068 4995 sublato
3089 4942 3145 4992 et
3166 4936 3552 4992 Constantino
3574 4937 3748 4989 fratre

2088 5030 2404 5101 imperium
2454 5028 2819 5100 negligenter
2868 5031 3123 5099 gerente,
3159 5026 3352 5096 iisque
3396 5025 3571 5079 modo
3602 5040 3746 5095 quas

2088 5119 2462 5174 ostendimus
2494 5118 2669 5172 rebus
2719 5116 2917 5172 dedito
2949 5115 3214 5171 omnium
3258 5113 3508 5169 aliorum
3542 5130 3746 5169 secure

2088 5208 2391 5281 repudiata
2420 5224 2582 5275 cura,
2608 5205 2881 5263 Saraceni
2917 5205 3217 5262 licentiam
3249 5204 3441 5277 adepti
3473 5204 3746 5276 presidia

2089 5299 2325 5355 urbium
2374 5301 2860 5369 expugnaverunt
2907 5300 3080 5366 atque
3129 5296 3570 5352 interfecerunt.
3625 5295 3749 5350 Prae

2087 5387 2336 5459 reliquis
2369 5404 2489 5443 rem
2523 5388 2711 5460 gessit
2739 5385 2977 5458 Chalepi
3026 5386 3117 5458 (ea
3145 5388 3234 5442 est
3263 5384 3556 5455 Berrbozs)
3598 5399 3746 5455 prm-

1527 5543 1885 5602 XYLANDRI
1922 5544 2014 5603 ET
2052 5545 2273 5602 GOARI
2316 5545 2544 5605 NOT/E.

396 5647 513 5726 (81)
541 5650 993 5715 Monasterium.
1026 5656 1208 5717 Goaa.
