4036 6194
310 323 426 384 223

1661 318 1981 381 GEORGII
2026 318 2366 383 CEDRENI

3607 326 3728 386 224

308 457 516 520 fectus,
538 453 639 527 qui
665 452 1108 510 continentibus
1133 451 1579 510 incursionibus
1596 451 1961 508 Antiochiam

2080 473 2173 515 τος
2218 453 2308 508 καὶ
2366 453 2642 531 ῥᾳθυμῶς,
2691 454 2780 510 καὶ
2825 453 2907 510 ἐπ’
2939 453 3166 518 ἐκείνοις
3216 448 3442 532 ἔχοντος
3472 454 3566 512 τὸν
3599 478 3733 513 σκο-

306 563 372 609 ac
404 545 591 601 vicina
620 543 899 599 Romanis
925 543 1165 598 subdita
1188 543 1449 598 vexabat.
1482 542 1778 597 Adversus
1805 541 1962 597 hunc

306 635 630 709 Spondyles
646 632 965 689 Antiochia:
986 634 1015 688 d
1029 650 1103 688 ux
1120 633 1348 687 vivente
1366 631 1558 687 adhuc
1581 630 1962 687 Constantino

306 724 734 799 expeditionem
790 723 947 790 fecit,
1000 721 1345 795 praeclarum
1398 719 1679 776 nimirum
1723 720 1963 792 aliquod

308 816 577 871 editurus
600 813 861 880 facinus;
895 828 1209 884 pugnaque
1231 810 1567 875 commissa,
1592 826 1807 882 magna
1828 826 1963 865 cum

308 921 548 960 suorum
581 902 744 957 clade
781 905 1114 973 superatus,
1149 900 1398 971 turpiter
1432 899 1802 955 Antiochiam
1837 916 1963 971 per-

307 993 477 1063 fugit.
514 990 753 1062 Decepit
797 994 918 1045 arte
968 990 1125 1044 hunc
1159 990 1515 1061 Spondylam
1565 989 1742 1045 etiam
1774 988 1964 1045 Arabs

306 1084 546 1155 quidam
610 1080 1001 1152 Musaraphus
1060 1082 1319 1149 nomine,
1380 1081 1437 1135 in
1498 1080 1648 1136 bello
1696 1098 1727 1136 a
1780 1080 1962 1136 Potho

305 1175 524 1245 Argyro
557 1176 763 1243 captus
809 1186 874 1226 ac
906 1170 1224 1226 Antiochia
1276 1171 1334 1225 in
1387 1170 1637 1225 vinculis
1669 1171 1960 1225 detentus.

306 1262 362 1317 Is
393 1259 748 1333 Spondylam
801 1259 851 1313 ei
905 1259 1037 1313 urbi
1090 1259 1431 1331 praelectum
1489 1259 1963 1315 animadvertens

303 1351 602 1406 hominem
637 1365 765 1405 esse
795 1348 1092 1419 mobilem,
1118 1365 1180 1405 se
1213 1348 1525 1421 magnifice
1556 1349 1961 1403 commodatu-

305 1457 436 1495 rum
468 1438 766 1511 pollicitus
797 1442 887 1493 est
910 1438 1213 1503 Romanis,
1235 1440 1283 1494 si
1314 1438 1563 1494 vinculis
1594 1437 1960 1503 liberaretur,

303 1530 618 1600 omniaque
642 1544 842 1583 eorum
872 1528 1120 1583 consilia
1142 1528 1576 1598 expediturum,
1596 1532 1653 1583 et
1672 1527 1963 1582 Arabibus

301 1618 621 1690 plurimum
656 1617 857 1672 damni
908 1616 1212 1672 daturum.
1264 1618 1415 1672 491
1477 1618 1689 1673 Locum
1731 1631 1964 1688 quoque

305 1706 675 1776 monstravit,
709 1704 767 1760 in
803 1723 918 1778 quo
969 1706 1017 1761 si
1050 1706 1359 1761 castellum
1390 1710 1791 1762 exstrueretur
1820 1706 1963 1761 sibi-

3684 545 3728 567 δ’

2072 547 2172 601 πὸν
2207 546 2339 622 άπερ
2404 548 2432 601 ὁ
2492 546 2659 622 λόγος
2717 546 2918 625 φθάσας
2976 546 3450 624 ἐστηλογράφησε,
3508 552 3613 602 τῶν
3680 546 3708 603 δ

2074 633 2259 691 ἄλλων
2290 634 2589 713 ἀλιγωρίαν
2620 634 3115 701 κατασκεδάσαντος
3172 636 3233 692 οὐ
3274 639 3372 707 τὴν
3424 642 3727 714 τυχοῦσαν.

2072 722 2253 787 ἀδείας
2288 727 2339 780 οἱ
2372 727 2679 801 Σαρακηνοὶ
2712 721 3009 799 λαϐόμενοι
3056 727 3153 789 τάς
3183 747 3241 782 τε
3291 726 3344 782 ἐν
3382 732 3502 789 ταῖς
3530 724 3731 783 πόλεσι

2073 816 2309 892 φρουράς
2368 814 2753 891 ἐξεπόρθησαν,
2788 815 3067 877 ἀνελόντες
3107 815 3197 870 καὶ
3243 814 3373 879 τοὺς
3423 816 3728 891 φρουροὺς,

2072 905 2189 958 κατ’
2232 904 2492 980 ἐξαίρετον
2553 902 2610 959 δὲ
2668 906 2695 959 6
2750 908 2848 970 τῆς
2906 904 3161 981 Βερροίας
3191 906 3460 980 ἀρχηγὸς,
3513 906 3575 974 ἣν
3634 910 3730 964 καὶ

2070 992 2265 1049 Χάλεπ
2292 993 2573 1049 καλοῦσιν·
2634 991 2903 1069 ἐκδρομάς
2954 1015 3011 1048 τε
3058 995 3160 1069 γάρ
3221 993 3391 1048 ἐποίει
3451 1000 3730 1070 συνεχεῖς,

2071 1085 2160 1137 καὶ
2204 1085 2305 1153 τήν
2353 1085 2697 1160 Ἀντιόχειαν
2759 1084 2953 1138 ἐκάκου
3002 1084 3093 1138 καὶ
3139 1083 3203 1138 τά
3252 1084 3563 1159 ὁμοροῦντα
3596 1079 3724 1155 ἔθνη

2070 1172 2159 1226 καὶ
2190 1173 2459 1249 πρόσοικα
2498 1174 2564 1228 τὰ
2604 1178 2720 1235 τοῖς
2769 1172 3065 1245 Ῥωμαίοις
3094 1173 3327 1242 ὑπήκοα.
3384 1174 3527 1247 Πρὸς
3589 1172 3645 1227 ὅν
3701 1174 3729 1227 6

2074 1260 2398 1333 Σπονδόλης
2452 1270 2551 1333 τῆς
2608 1261 2973 1338 Ἀντιοχείας,
3033 1263 3106 1324 ὡς
3164 1260 3396 1337 εἶ’ρηται,
3429 1264 3723 1337 κατάρχων

2072 1349 2405 1425 ἐκστρατεύει
2465 1348 2542 1406 ἔτι
2599 1352 2883 1427 περιόντος
2944 1355 3041 1405 τοῦ
3102 1350 3525 1419 Κωνσταντίνου,
3593 1353 3727 1421 βου-

2073 1438 2310 1513 λόμενος
2364 1442 2509 1517 τάχα
2568 1439 2808 1495 νεανικόν
2868 1462 2919 1495 τι
2972 1440 3063 1495 καὶ
3092 1445 3333 1515 γενναῖον
3370 1430 3726 1512 ἐνδείξασθαι.

2074 1531 2169 1585 Καὶ
2205 1525 2502 1603 συμϐαλὼν
2531 1532 2609 1603 τῷ
2659 1533 2760 1594 τῆς
2807 1528 3062 1607 Βεῤῥοίας
3096 1529 3442 1605 ἐξηγουμένῳ
3472 1536 3726 1603 ἦττᾶται,

2071 1619 2160 1674 καὶ
2206 1618 2381 1682 πολὺς
2434 1621 2530 1693 μέν
2578 1619 2778 1696 γίνεται
2809 1623 2916 1674 τῶν
2951 1618 3042 1674 σὺν
3090 1618 3237 1692 αὐτῷ
3287 1619 3509 1699 φθόρος,
3560 1620 3726 1682 αὐτὸς

2074 1706 2132 1764 δὲ
2178 1707 2435 1785 αἶ’σχιστα
2481 1709 2555 1771 εἷς
2604 1703 2941 1784 Ἀντιόχειαν
3001 1705 3341 1778 διασώζεται.
3396 1716 3729 1783 Κατεστρατ-

304 1813 416 1869 que
465 1796 958 1862 committeretur,
1007 1812 1129 1851 rem
1184 1797 1502 1851 Romanam
1558 1796 1714 1851 haud
1760 1795 1961 1851 leviter

2074 1800 2245 1873 ήγησε
2321 1796 2367 1853 δ’
2436 1799 2598 1853 αὐτὸν
2664 1797 2753 1853 καί
2830 1819 2911 1860 τις
2978 1800 3182 1873 "Apulia,
3262 1798 3555 1876 Μουσάραφ
3627 1800 3731 1868 τὴν

302 1890 457 1943 esset
486 1886 822 1955 adjuturus.
858 1885 1185 1957 Spondytes
1223 1887 1352 1956 ejus
1383 1885 1618 1941 fallacia
1649 1902 1763 1941 non
1795 1884 1962 1941 intel-

302 1975 455 2031 lecta
509 1973 760 2028 vinculis
813 1973 1113 2029 hominem
1162 1973 1355 2041 solvit,
1398 1974 1827 2046 castellumque
1877 1975 1961 2030 uti

303 2069 569 2120 suaserat
598 2063 886 2130 condidit,
912 2069 970 2118 et
1019 2063 1179 2118 mille
1214 2064 1496 2120 Romanis
1550 2064 1806 2136 praesidii
1836 2063 1962 2120 loco

304 2151 598 2224 impositis
651 2151 1073 2224 Musaraphum
1134 2152 1183 2208 ei
1238 2153 1513 2224 prznfecit.
1568 2153 1961 2226 Musaraphus

304 2243 657 2296 consecutus
689 2241 846 2312 quod
897 2238 1152 2307 volebat,
1186 2240 1410 2297 occulte
1440 2259 1572 2297 cum
1607 2258 1802 2298 amera
1830 2243 1959 2298 Tri-

305 2328 457 2402 polis
486 2334 542 2384 et
570 2330 829 2386 Tusbero
861 2346 1094 2386 summo
1123 2330 1375 2403 [Egyptii
1408 2330 1691 2403 priuCipis
1723 2333 1868 2388 duce
1898 2349 1961 2388 re

305 2419 651 2491 composita,
686 2418 937 2475 missum
970 2420 1043 2476 ab
1076 2421 1148 2476 iis
1186 2421 1505 2476 exercitum
1541 2421 1597 2476 in
1647 2421 1957 2478 castellum

307 2508 573 2575 admisit,
606 2508 988 2581 Romanoque
1030 2509 1301 2581 praesidio
1334 2527 1481 2565 caeso
1514 2510 1663 2582 ipsis
1692 2511 1956 2567 tradidit.

306 2597 522 2653 Exinde
580 2614 815 2669 semper
858 2598 1278 2654 Saracenorum
1329 2616 1420 2655 res
1471 2600 1659 2671 potior
1702 2601 1959 2657 Romana

304 2686 432 2753 fuit,
466 2703 655 2759 neque
688 2686 869 2743 ullam
904 2688 1090 2745 fecere
1135 2689 1193 2743 in
1227 2688 1525 2758 Syriacam
1558 2689 1955 2746 Romanorum

301 2775 585 2831 ditionem
618 2777 928 2847 grassandi
963 2776 1487 2848 intercapedinem.

2070 1888 2465 1965 προσηγορίαν,
2515 1886 2703 1963 τρόπῳ
2743 1884 2960 1961 τοιῷδε.
3015 1888 3187 1950 Οὗτος
3239 1888 3340 1964 γάρ
3373 1888 3730 1965 ὁΜουσάραφ

2073 1974 2422 2052 δορυάλωτος
2450 1978 2818 2053 κατεχόμενος
2876 1977 2949 2031 ἐν’
2996 1977 3305 2053 Ἀντιοχείᾳ
3337 1979 3421 2050 (ἦν
3470 1977 3576 2053 γὰρ
3627 1997 3729 2031 κα-

2069 2067 2353 2143 τασχεθεὶς
2387 2067 2489 2122 ὑπὸ
2521 2066 2698 2124 ΙΙόθου
2744 2070 2839 2121 τοῦ
2866 2068 3185 2141 Ἀργυροῦ),
3231 2066 3449 2143 ἐπείπερ
3509 2066 3564 2120 αἱ
3619 2072 3728 2137 τῆς

2069 2156 2364 2231 ἡγεμονίας
2393 2155 2542 2226 ἡνίαι
2573 2155 2648 2218 εἰς
2674 2156 2765 2210 τὸν
2811 2153 3136 2227 Σπονδύλην
3190 2155 3503 2229 μετέπεσον,
3555 2176 3725 2211 κατα-

2069 2246 2342 2315 νενοηκὼς
2372 2249 2466 2300 τὺν
2499 2243 2781 2321 ἄνθρωπον
2813 2243 3143 2319 εὐρίπιστον,
3192 2244 3459 2321 ὑπέσχεοο
3513 2243 3731 2321 μεγάλα

2069 2339 2441 2410 χρησιμεῦσαι
2471 2334 2789 2407 Ῥωμαίοις,
2823 2334 2867 2388 εἰ
2907 2335 3116 2406 ἀνεθείη
3165 2339 3272 2389 τῶν
3334 2332 3569 2409 δεσμῶν,
3632 2332 3731 2388 καὶ

2067 2425 2242 2477 πάντα
2264 2422 2589 2478 ἐπιτελέσειν
2648 2423 2714 2478 τά
2756 2424 2892 2478 κατά
2942 2422 3161 2479 σκοπόν·
3221 2424 3290 2479 τά
3330 2444 3388 2478 τε
3428 2423 3529 2499 γὰρ
3580 2423 3726 2496 6px}-

2071 2510 2216 2589 φαλα
2265 2517 2507 2567 κακῶσαι
2539 2510 3042 2589 κατεπηγγέλλετο,
3076 2511 3166 2568 καὶ
3195 2512 3362 2568 τόπον
3400 2510 3734 2585 ἐπιδεικνὺς,

2069 2600 2116 2655 εἷ’
2166 2601 2424 2679 φρούριον
2457 2601 2505 2657 ἐν
2540 2601 2684 2674 αὐτῷ
2716 2599 2984 2675 δομηθείη
3034 2602 3123 2658 καὶ
3174 2602 3324 2676 αὑτῷ
3369 2600 3733 2677 παραδοθείη,

2067 2691 2128 2745 οὐ
2189 2692 2380 2765 μικρὸν
2439 2689 2636 2770 ὄφελος
2684 2690 2893 2755 ἔσεσθαι
2950 2692 3278 2765 Ῥωμαίοις.
3345 2694 3422 2749 0'3
3487 2691 3581 2754 τὰς
3639 2690 3738 2767 ρᾳι-

2069 2777 2345 2856 διουργίας
2398 2782 2472 2855 μή
2506 2780 2679 2843 συνεὶς
2712 2781 2739 2835 ὁ
2774 2778 3095 2852 Σπονδύλης
3124 2786 3233 2836 τῶν
3283 2802 3342 2837 τε
3384 2786 3588 2837 κΛοιῶν
3620 2781 3727 2857 ἀφ-

305 2869 433 2932 ῆκεν
468 2862 649 2931 αὐτὸν,
682 2863 771 2917 καὶ
802 2864 862 2917 τὸ
891 2863 1147 2941 φρούριον
1183 2865 1255 2925 ὡς
1287 2863 1560 2919 ἐκέλευσεν
1593 2862 1926 2938 ἐδομήσατο,
1956 2866 2044 2922 καὶ
2072 2868 2219 2941 αὐτῷ
2248 2871 2345 2939 τὴν
2380 2869 2625 2947 φυλακὴν
2658 2869 3007 2945 ἐπετρέψατο,
3039 2870 3258 2945 χιλίους
3312 2869 3583 2949 φρουροὺς
3636 2869 3727 2945 ἐγ-

307 2953 646 3022 καταστήσας
679 2951 731 3006 ἐν
761 2952 938 3025 τούτῳ
978 2953 1300 3027 Ῥωμαίους.
1333 2955 1388 3008 Ὁ
1420 2950 1475 3008 δὲ
1498 2952 1791 3033 Μουσέίραφ
1822 2957 2005 3031 τυχὼν
2040 2960 2204 3033 οὗπερ
2238 2956 2444 3035 ηὔχετο
2474 2964 2687 3035 καιροῦ,
2722 2958 2896 3035 λάθρα
2923 2964 3002 3032 τῷ
3023 2958 3338 3034 Τριπόλεως
3388 2961 3577 3033 ἆμηρᾷ
3628 2958 3725 3013 καὶ

310 3036 546 3115 Τοόσὸερ
578 3045 659 3113 τῷ
690 3042 1112 3118 ἀρχιστρατήγῳ
1139 3047 1235 3097 τοῦ
1273 3043 1571 3120 Αἰγυπτίου
1602 3043 2059 3122 προσδιαλεχθεὶς
2091 3046 2220 3103 λαὸν
2255 3049 2345 3104 ὑπ’
2374 3049 2548 3105 αὐτῶν
2583 3051 2894 3129 πεμφθέντα
2916 3047 3203 3123 δεξάμενος
3231 3049 3358 3112 τούς
3402 3070 3461 3104 τε
3507 3047 3733 3124 χιλίους

311 3130 521 3205 ἀναιρεῖ
548 3130 636 3183 καὶ
669 3132 729 3184 τὸ
761 3129 1020 3207 φρούριον
1051 3131 1233 3194 αὐτοῖς
1266 3130 1624 3208 παραδίδωσι.
1668 3135 1765 3189 Καὶ
1799 3134 1859 3189 οὐ
1893 3134 2136 3193 διέλιπον
2160 3138 2209 3209 ἐξ
2258 3137 2462 3195 ἐκείνου
2491 3139 2541 3211 ἐξ
2596 3137 2918 3215 ὑπερδεξίων
2972 3139 3262 3218 φερόμενοι
3314 3140 3365 3195 οἱ
3417 3138 3729 3214 Σαρακηνοὶ

308 3216 634 3298 διαφθείρειν
665 3225 731 3274 τά
763 3221 814 3275 ἐν
852 3220 1017 3297 Συρίᾳ
1063 3221 1361 3295 Ῥωμαίοις
1399 3224 1614 3295 ὑπήκοα
1643 3224 1733 3279 καὶ
1767 3224 2141 3299 λυμαίνεσθαι.

379 3349 680 3402 Romanus
712 3363 848 3419 ergo
879 3347 1171 3421 Sponder
1210 3347 1338 3404 loco
1370 3354 1528 3405 moto
1560 3367 1961 3408 successorem
1994 3354 2036 3422 C

312 3435 492 3491 mittit
563 3436 1016 3494 Constantinum
1091 3439 1505 3505 Carantenum,
1566 3441 1785 3497 sororis
1845 3458 1963 3497 suae

310 3526 628 3593 maritum;
681 3530 735 3582 et
784 3526 909 3598 ipse
958 3543 1091 3581 eum
1153 3528 1442 3599 sequitur,
1494 3529 1685 3600 adque
1742 3529 1961 3586 bellum

305 3615 613 3671 Saracenis
647 3614 1018 3670 inferendum
1052 3631 1180 3669 sese
1210 3621 1530 3688 comparat.
1562 3617 1689 3673 Jam
1721 3620 1789 3673 ad
1824 3618 1962 3673 Phi-

306 3702 592 3758 lomilium
629 3708 969 3774 pervenerat
1012 3703 1334 3770 Romanus,
1383 3721 1511 3759 cum
1559 3703 1733 3777 legati
1766 3724 1798 3761 a
1831 3708 1961 3761 Ber-

307 3791 468 3846 rbcna
498 3795 817 3847 occurrunt
846 3807 983 3846 cum
1017 3792 1381 3862 muneribus,
1412 3793 1642 3849 veniam
1676 3800 1959 3866 petentes,

308 3885 367 3934 et
398 3896 459 3934 se
492 3879 804 3952 pristinam
838 3880 1181 3936 servitutem
1232 3883 1551 3939 servituros
1600 3900 1665 3938 ac
1699 3901 1962 3941 annuum

306 3969 598 4025 tributum
623 3986 755 4025 cum
782 3970 934 4025 bona
955 3970 1148 4043 gratia
1179 3971 1579 4043 persoluturos
1612 3974 1962 4045 promitten-

308 4062 417 4113 tes.
451 4059 632 4114 Erant
652 4058 712 4114 in
739 4060 994 4116 exercitu
1014 4059 1261 4115 Romani
1291 4060 1460 4117 multi
1488 4062 1637 4118 bello
1667 4063 1809 4119 clari
1832 4064 1959 4133 viri,

308 4147 578 4219 interque
610 4148 716 4205 bos
747 4150 1006 4205 Joannes
1033 4150 1283 4206 Chaldas
1315 4151 1617 4223 patricius,
1646 4153 1741 4224 qui
1778 4153 1962 4227 impe-

308 4239 485 4293 ratori
532 4239 861 4294 suadebant
916 4244 979 4295 ut
1028 4240 1425 4297 conditionem
1479 4241 1784 4314 acciperet,
1820 4261 1963 4300 neve

308 4332 509 4382 (estate
544 4326 601 4382 in
636 4327 860 4399 Syriam
894 4328 1152 4394 duceret,
1186 4346 1303 4400 quo
1334 4334 1594 4403 tempore
1624 4331 1698 4388 iis
1728 4333 1786 4388 in
1818 4332 1961 4390 locis

309 4431 464 4485 aqua
496 4416 692 4470 deﬁcit
742 4421 801 4472 et
831 4417 1049 4473 Arabes
1096 4418 1341 4473 subsisti
1396 4425 1713 4491 nequeunt,
1746 4422 1961 4495 quippe

310 4505 463 4560 492
497 4507 717 4560 assueti
748 4523 950 4561 earum
1001 4507 1305 4577 regionum
1349 4508 1601 4565 calorem
1634 4516 1960 4583 aestumque

308 4597 367 4648 et
397 4595 664 4649 ardorem
699 4594 841 4649 solis
892 4595 1157 4663 tolerare,
1195 4597 1497 4667 Romanis,
1546 4604 1750 4671 utpote
1798 4601 1959 4672 gravi

308 4684 608 4735 armatura
639 4682 966 4747 utentibus,
1018 4682 1471 4739 intolerabilem.
1515 4686 1625 4741 Sed
1662 4687 1960 4744 Romanus

309 4768 457 4824 nihil
489 4786 691 4824 eorum
725 4771 971 4826 consilia
1021 4776 1306 4840 moratus,
1342 4774 1604 4845 priorum
1653 4776 1962 4849 imperato-

307 4874 441 4913 rum
476 4860 761 4915 memoria
791 4860 1052 4917 recolens
1075 4879 1165 4918 res
1196 4862 1466 4933 praeclare
1488 4869 1706 4935 gestas,
1727 4867 1961 4938 cupien-

308 4963 456 5018 sque
506 4948 633 5019 ipse
680 4949 857 5005 etiam
910 4951 1059 5006 forte
1113 4950 1348 5023 aliquod
1400 4953 1569 5009 edere
1620 4955 1868 5023 facinus,
1899 4956 1958 5011 in

308 5035 537 5107 Syriam
570 5036 752 5105 abiit;
785 5054 853 5094 ac
882 5043 1074 5095 castra
1113 5040 1311 5111 posuit
1341 5041 1411 5096 ad
1446 5042 1718 5099 Azazium
1750 5044 1959 5100 castel-

306 5123 454 5191 lum,
488 5124 654 5181 bidui
686 5127 893 5185 itinere
922 5146 955 5185 a
990 5128 1262 5185 Berrhma
1293 5130 1593 5186 dissitum.
1627 5132 1844 5190 Exinde
1875 5134 1960 5189 rei

308 5216 573 5286 gerendas
608 5217 888 5287 intentus,
938 5221 1189 5277 Leonem
1220 5221 1732 5293 Cbosrosphactam
1775 5225 1961 5297 patri-

306 5303 487 5372 cium,
522 5307 924 5365 excubitorum
954 5310 1183 5379 ducem,
1210 5326 1339 5365 cum
1376 5328 1485 5365 sua
1514 5312 1751 5370 cohorte
1780 5314 1961 5370 mittit

307 5392 698 5464 speculatum,
734 5415 1019 5454 numnam
1065 5399 1283 5454 Arabes
1316 5402 1674 5473 accederent,
1701 5409 1758 5459 et
1781 5420 1957 5476 quor-

311 5499 445 5538 sum
474 5485 789 5542 transterre
838 5492 1030 5543 castra
1061 5488 1432 5544 conduceret.
1482 5494 1697 5547 Verum
1732 5493 1780 5548 is
1814 5494 1954 5549 insi-

309 5571 421 5628 diis
478 5574 733 5632 Arabum
792 5576 1125 5648 interjectas
1176 5577 1449 5650 planities
1500 5582 1955 5639 custodientium

309 5666 485 5736 atque
534 5663 730 5737 ipsum
782 5671 951 5741 capto
1010 5670 1274 5740 tempore
1323 5668 1515 5728 subito
1565 5672 1956 5732 adorientium

2146 3352 2323 3409 Ἀλλὰ
2352 3358 2541 3409 τοῦτον
2578 3355 2671 3427 μὶν
2716 3356 2744 3410 6
2798 3355 3080 3429 Ῥωμανὸς
3127 3353 3411 3428 μεθίστησι
3465 3357 3567 3419 τῆς
3624 3352 3733 3425 ἆρ-

2074 3449 2206 3518 χῆς,
2236 3440 2495 3518 διάδοχον
2522 3443 2668 3516 αὐτῷ
2723 3445 2942 3518 πέμψας
2969 3445 3061 3499 τὸν
3118 3443 3200 3499 ἐπ’
3231 3441 3444 3523 ἀδελφῇ
3474 3436 3734 3519 γαμϐρὸν

2073 3533 2241 3587 αὐτοῦ
2317 3538 2717 3588 Κωνσταντῖνον
2786 3534 2878 3589 τὸν
2951 3534 3297 3607 Καραντηνὸν
3374 3531 3735 3609 ηὖτρεπίζετο

2074 3619 2132 3676 δὲ
2178 3621 2268 3677 καὶ
2334 3620 2496 3684 αὐτὸς
2570 3621 2796 3677 κατόπιν
2862 3612 3115 3679 ἀπελθεῖν
3185 3627 3293 3678 τῶν
3369 3625 3735 3697 Σαρακηνῶν,

2074 3713 2157 3783 [Ρ.
2191 3713 2319 3782 726]
2351 3709 2493 3781 Ἤδη
2530 3709 2587 3766 δέ
2614 3712 2677 3767 τὸ
2728 3710 3061 3786 Φιλομίλιον
3110 3707 3514 3774 καταλαϐόντος
3561 3710 3736 3764 αὐτοῦ

2072 3798 2242 3868 ἦλθον
2276 3796 2527 3874 πρέσϐεις
2568 3800 2626 3855 ἐκ
2673 3801 2934 3877 Βερροίας
2972 3802 3107 3875 μετὰ
3136 3799 3326 3875 δώρων
3358 3799 3439 3856 ὅτι
3472 3797 3732 3869 πολλῶν,

2071 3888 2513 3961 παρακαλοῦντες
2562 3890 2894 3963 συμπαθείας
2940 3895 3128 3965 τυχεῖν
3179 3892 3268 3945 καὶ
3313 3892 3416 3959 τὴν
3448 3889 3575 3965 πρὶν
3601 3886 3735 3942 δου-

2073 3974 2221 4033 λείαν
2289 3975 2705 4048 ἐπαναδέξασθαι
2756 3978 2846 4033 καὶ
2892 3978 3020 4041 τοὺς
3063 3978 3314 4049 ἐτησίους
3364 3977 3731 4054 εὐγνωμόνως

2071 4068 2395 4143 προσφέρειν
2442 4067 2663 4142 φόρους.
2713 4066 2948 4124 Πολλῶν
2982 4066 3039 4123 δὲ
3079 4067 3331 4143 κάγαθῶν
3381 4070 3732 4143 στρατιωτῶν

2072 4157 2578 4233 συστρατευομένων
2627 4156 2773 4215 αὖτῶ
2821 4156 3281 4231 παρακαλούντων
3322 4158 3422 4225 τὴν
3474 4152 3735 4231 πρόκλη-

2072 4266 2153 4299 σιν
2203 4243 2469 4316 δέξασθαι,
2521 4248 2594 4301 ὧν
2638 4249 2715 4308 εἷς
2746 4249 2811 4315 ἦν
2861 4245 2950 4301 καὶ
2984 4248 3012 4302 6
3059 4247 3346 4322 πατρίκιος
3395 4246 3655 4315 Ἰωάννης
3702 4247 3734 4301 6

2072 4332 2315 4407 Χάλδας,
2345 4335 2437 4389 καὶ
2490 4336 2565 4408 μὴ
2617 4334 2990 4411 ἐκστρατεῦσαι
3035 4336 3174 4390 κατὰ
3221 4334 3420 4410 Συρίας
3451 4334 3500 4388 ἐν
3554 4338 3738 4409 καιρῷ

2071 4423 2283 4498 θέρους,
2324 4424 2487 4479 ὁπότε
2528 4424 2589 4480 τό
2632 4446 2691 4480 τε
2738 4423 2882 4500 ὕδωρ
2936 4425 2987 4479 ἐν
3051 4424 3187 4499 αὗτῇ
3233 4422 3477 4493 σπανίζει
3519 4423 3610 4479 καὶ
3667 4425 3735 4479 τὸ

2072 4516 2167 4589 μὲν
2218 4511 2469 4591 Ἀράϐων
2499 4512 2647 4579 ἔθνος
2699 4516 3071 4571 ἀνυπόστατόν
3124 4516 3266 4572 ἐστιν
3298 4518 3388 4570 οἳα
3432 4515 3739 4588 ἐνειθισμέ-

2068 4626 2155 4659 νον
2192 4604 2369 4682 φέρειν
2402 4605 2654 4679 γενναίως
2694 4605 2761 4660 τὰ
2791 4605 3034 4681 ἐγχώρια
3066 4603 3250 4677 θάλπη
3300 4605 3386 4661 καὶ
3419 4604 3549 4667 τοὺς
3590 4602 3732 4682 φλορ

1993 4730 2037 4794 D
2066 4693 2239 4770 γμοὺς
2285 4694 2373 4748 καὶ
2403 4694 2532 4759 τοὺς
2554 4694 2855 4765 καύσωνας,
2890 4697 2941 4750 οἱ
2975 4693 3032 4751 δὲ
3079 4697 3347 4768 Ῥωμαῖοι
3390 4693 3731 4749 πανοπλῖται

2068 4782 2434 4858 τυγχάνοντες
2484 4784 2552 4838 οὐ
2609 4782 2907 4855 τληπαθῶς
2957 4782 3146 4861 ἔχουσι
3205 4786 3343 4860 πρὸς
3390 4786 3491 4854 τὴν
3554 4784 3730 4855 ὥραν,

2077 4868 2311 4944 μηδενὸς
2363 4869 2693 4950 ἐπιστροφὴν
2754 4877 3146 4947 ποιησᾶμενος,
3204 4871 3331 4929 ἀλλ’
3387 4872 3436 4946 ἐξ
3481 4872 3735 4946 ὑπογύου

2066 4960 2133 5014 τὰ
2160 4964 2268 5014 τῶν
2310 4960 2416 5035 πρὸ
2471 4962 2663 5016 ἑαυτοῦ
2724 4961 2993 5037 βασιλέων
3039 4958 3183 5038 ἔχων
3242 4959 3729 5036 ἀνδραγαθήματα.

2067 5048 2157 5103 καὶ
2202 5047 2445 5104 σπεύδων
2510 5050 2599 5105 καὶ
2664 5050 2824 5114 αὐτὸς
2897 5048 3113 5127 ἀνδρῶσί
3164 5072 3287 5107 τινα
3338 5048 3732 5124 ἐπιδείξασθαι,

2069 5136 2276 5193 ἄπεισιν
2328 5139 2379 5194 έν
2439 5140 2631 5215 Συρίᾳ.
2689 5140 2789 5197 Καί
2839 5138 3255 5218 στρατοπεδείαν
3312 5142 3623 5215 πηξάμενος
3672 5139 3734 5195 ἔν

2066 5246 2171 5281 τινι
2222 5226 2463 5303 φρουρίῳ
2509 5226 2604 5285 δύο
2671 5232 2897 5307 ἡμερῶν
2965 5227 3089 5285 ὁδὸν
3141 5229 3399 5306 Βερροίας
3459 5230 3735 5303 ἀπέχοντι

2068 5314 2335 5389 (Ἀζάζιον
2371 5312 2547 5391 ὄνομα
2572 5323 2652 5392 τῷ
2684 5319 2951 5397 φρουρίῳ)
3000 5318 3215 5375 ἐσκόπει
3254 5320 3316 5375 τὸ
3370 5318 3598 5392 μέλλον.
3636 5320 3730 5375 Ἐν

2067 5406 2113 5477 ᾧ
2163 5406 2642 5480 κατεπηνωμένος
2689 5410 2778 5464 τὸν
2846 5414 2947 5465 τῶ.
2988 5404 3311 5480 ἐξκουϐίτων
3344 5406 3585 5485 ἄρχοντα
3630 5406 3731 5463 τὸν

2067 5494 2348 5568 πατρίκιον
2410 5497 2610 5552 Λέοντα
2661 5500 2751 5554 τὸν
2822 5499 3236 5577 Χοιροσφᾶκτην
3307 5498 3441 5572 μετὰ
3486 5500 3583 5551 τοῦ
3634 5496 3723 5551 οἷ-

2065 5583 2212 5638 κείου
2249 5582 2526 5661 τάγματος
2585 5586 2673 5642 ἐπὶ
2732 5609 3048 5661 κατασκοπῃ
3100 5585 3339 5658 στέλλει,
3395 5585 3613 5647 εἴτινές
3661 5607 3725 5642 τε

2068 5672 2267 5731 ἐπίοιεν
2326 5677 2723 5752 κατοψόμενον.
2752 5672 3009 5754 ’Ἀριοϐες,
3039 5677 3127 5733 καὶ
3179 5675 3281 5749 δαη
3332 5674 3400 5747 δὴ
3434 5673 3721 5745 λυσιτελὲς
