4036 6194
321 315 434 375 225

1499 311 2040 374 IIISTOIHARUM
2089 312 2634 376 COMPENDIUM.

3622 315 3742 377 226
3773 385 3776 388 ,

324 447 631 519 μεταθεῖναι
690 447 796 514 τὴν
853 441 1496 518 στρατοπεδείαν.’Ᾱλλά
1549 448 1744 498 τοῦτον
1795 444 1845 497 οἱ
1899 441 1981 498 ἰν⁴

2101 446 2479 518 interceptus,
2512 447 2839 518 cohorsque
2869 449 2996 518 ejus
3025 449 3324 520 'dissipata
3355 457 3462 505 est.
3497 452 3643 516 Quin
3676 467 3744 506 eo

321 534 628 613 εόρεύοντες
660 535 753 589 καὶ
805 534 871 590 τά
927 533 980 588 ἐν
1036 537 1115 606 τῷ
1168 532 1364 608 μεταξὺ
1404 531 1564 588 πεδία
1623 532 1984 609 φυλάσσοντες

318 619 551 697 Ἄραϐες
603 624 1140 700 καιροσκοπήσαντες
1196 623 1286 678 καὶ
1345 619 1618 701 αἶφνίδιον
1677 620 1986 695 ἐπιθέμενοι

317 713 730 790 κατέσχον,τὸν
789 711 846 767 δὲ
904 714 1018 786 μετ’
1050 712 1216 767 αὑτοῦ
1275 711 1407 767 λαὸν
1471 709 1836 767 διεσκέδασαν.
1898 713 1989 774 Ἐς

318 808 577 858 τοσοῦτον
613 801 671 858 δὲ
696 801 981 879 προῆλθον
1014 801 1232 875 τόλμης
1263 802 1353 856 καὶ
1403 799 1674 863 ἀναιδείας
1733 801 1808 865 ὡς
1855 803 1985 879 ἀνατ

319 891 521 971 φανδὸν
587 891 902 947 ἐπικόπτειν
964 892 1256 965 Ῥωμαίοις
1311 892 1412 959 τὴν
1472 889 1840 967 γορτολογίαν
1894 873 1984 943 καὶ

317 985 416 1051 τήν
440 987 556 1038 τῶν
593 979 780 1037 ἄλλων
814 981 1120 1056 ἀναγκαίων
1155 980 1455 1056 συλλογήν.
1495 978 1665 1034 Πλέον
1716 976 1762 1032 δ’
1791 977 1986 1038 αὐτοὺς

317 1072 547 1127 ἰκάγουν
598 1071 649 1126 ἐν
709 1075 826 1132 τοῖς
883 1067 1061 1124 ὕδασιο
1095 1069 1411 1142 πιεζόμενοι
1469 1070 1571 1144 γὰρ
1615 1067 1668 1122 οἱ
1717 1069 1986 1140 Ῥωμαῖοι

316 1162 405 1216 καὶ
440 1163 495 1216 οἱ
521 1160 733 1216 τούτων
757 1160 922 1215 ’ίπποι
975 1161 1063 1214 καὶ
1114 1159 1179 1214 τὰ
1225 1157 1513 1232 ὑποζύγια,
1553 1157 1658 1212 ὑπὸ
1717 1163 1815 1226 τῆς
1873 1155 1993 1210 civi-

315 1274 452 1328 γκης
483 1257 583 1305 τοῦ
639 1248 829 1324 δίψους
861 1249 939 1312 εἲς
970 1255 1222 1326 προφανῆ
1287 1245 1512 1309 ἑαυτοὺς
1561 1247 1838 1309 συνώθουν
1897 1244 1986 1299 τὸν

315 1340 594 1409 κίνδυνον,
654 1340 746 1395 καὶ
817 1341 868 1394 οἱ
932 1337 1285 1413 ἁλισκόμενοι
1343 1335 1803 1412 προσαπώλοντο.
1861 1333 1992 1388 Τότε

317 1429 384 1500 δὴ
415 1430 510 1486 καὶ
556 1435 966 1492 Κωνσταντῖνος
1014 1428 1295 1504 πατρίκιος
1327 1429 1354 1482 ὁ
1387 1425 1738 1496 Δαλασσηνὸς
1788 1423 1988 1497 ἐκπεμ-

317 1521 474 1596 ᾳθεὶς
546 1518 815 1593 ἀνακόψαι
885 1517 1012 1580 τοὺς
1092 1513 1516 1591 ἐπεμϐαίνοντας
1575 1509 1814 1590 ’Ἄραϐας
1897 1513 1987 1567 καὶ

315 1605 572 1687 ἀνδρικόν
607 1630 659 1664 τι
709 1609 800 1664 καὶ
860 1614 1111 1684 γενναῖον
1167 1605 1578 1681 διαπράξασθαι,
1627 1603 1717 1659 καὶ
1763 1601 1982 1663 τούτοις

317 1698 668 1774 συμπλακεὶς
699 1699 788 1754 καὶ
844 1699 1104 1772 ἀκόσμως
1161 1698 1366 1776 φυγὼν,
1432 1693 1681 1771 μεγάλης
1734 1695 1984 1769 ταραχῆς

323 1880 424 1936 lia
485 1880 670 1936 αὑτόν·
721 1877 1119 1943 ἐπανελθόντος
1179 1879 1281 1952 γάρ
1335 1877 1502 1932 αὑτοῦ
1547 1869 1987 1950 τεθορυϐημένου

323 1970 508 2024 καὶτὸ
535 1965 904 2044 στρατόπεδον
953 1968 1090 2022 ἅπαν
1135 1973 1388 2042 ταραχῆς
1438 1965 1850 2040 ἐμφορησαντος
1897 1962 1988 2017 καὶ

324 2060 618 2131 ἀκοσμίας,
652 2056 833 2112 οὐκέτι
863 2061 961 2112 τοῦ
997 2054 1194 2111 λοιποῦ
1229 2054 1415 2130 μάχης
1455 2054 1618 2128 λόγος
1671 2053 1985 2128 ἐτύγχανεν,

325 2147 452 2202 ἀλλ’
479 2145 730 2214 ἕκαστος,
764 2146 838 2209 ὥς
891 2167 968 2217 πη
1024 2143 1244 2200 δυνατὸν
1274 2145 1390 2214 -ἧν,
1421 2144 1518 2214 τὴν
1564 2144 1757 2198 ἑαυτοῦ
1814 2163 1989 2212 σωτη-

322 2238 437 2312 ρίαν
490 2236 955 2313 ἐπραγματεύετο.
993 2235 1208 2302 Βουλῆς
1260 2233 1350 2290 οὖν
1400 2233 1756 2308 προτεθείσης
1811 2227 1985 2302 ἔδοξεν

320 2325 491 2391 ’ἔωθεν
553 2324 913 2387 διαλύσαντας
969 2327 1069 2394 τήν
1123 2325 1326 2402 τάρρον
1405 2321 1840 2398 έπαναζευγνύειν
1914 2321 1990 2384 είς

323 2417 689 2491 Ἀντιόχειαν.
718 2417 815 2471 Καὶ
864 2413 933 2484 δὴ
981 2414 1116 2470 κατά
1174 2416 1272 2486 τὴν
1334 2411 1562 2484 δεκάτην
1622 2416 1719 2467 τοῦ
1775 2409 1988 2485 Αὐγού-

323 2528 451 2562 στου
511 2505 714 2578 μηνὸς,
749 2501 1088 2566 ίνδικτιῶνος
1152 2511 1238 2579 ιγ’,
1271 2499 1426 2564 ἔτους
1487 2502 1686 2576 ,ςιρληᾏ
1737 2500 1874 2556 κατά
1923 2500 1989 2554 τά

331 2591 746 2672 βεϐουλευμένα
773 2593 867 2656 τὰς
918 2601 1018 2663 τῆς
1069 2590 1484 2669 στρατοπεδείας
1530 2590 1832 2661 ἀνοίξαντες
1889 2587 1988 2644 πύ-

333 2685 429 2747 λας
464 2686 761 2759 ἁπανταχῆ
792 2690 892 2752 τῆς
922 2681 1004 2738 ἐπ’
1037 2683 1378 2758 Ἀντιόχειαν
1415 2680 1654 2756 εἶ’χοντο,
1687 2681 1739 2734 οὶ
1770 2678 1990 2740 πλείους

332 2776 426 2847 μὶν
479 2771 758 2844 κοιλιακῷ
821 2775 1276 2849 κατειργασμένοι
1319 2773 1612 2844 νοσήματι,
1655 2770 1707 2823 οἱ
1764 2767 1988 2830 πλείους

331 2862 389 2918 δὲ
417 2863 509 2918 καὶ
543 2861 651 2918 ὑπὸ
681 2868 779 2931 τῆς
819 2860 1056 2936 ἀνάγκης
1105 2866 1202 2916 τοῦ
1262 2858 1451 2934 δίψους
1506 2859 1981 2934 κατειργασμένοι.

330 2955 432 3015 Οἷς
467 2950 748 3022 ἐξελθοῦσι
779 2957 876 3020 τῆς
907 2945 1269 3026 παρεμϐολῆς
1317 2949 1453 3023 μετά
1510 2948 1688 3024 ῥύμης
1739 2949 1790 3002 οἱ
1822 2951 1990 3023 ’Δρα-

330 3037 419 3104 ῧες
447 3042 802 3097 ἐπιτίθενται.
838 3042 924 3114 [Ρ.
958 3042 1086 3113 727]
1116 3044 1229 3094 Τῶν
1259 3036 1316 3094 δὲ
1364 3035 1492 3112 μηδ’
1525 3037 1672 3100 ὅλως
1726 3037 1989 3092 ὑποστάνο

328 3153 438 3186 των
499 3132 605 3199 τὴν
666 3130 845 3204 ὁρμὴν
867 3127 1071 3204 γίνεται
1101 3129 1278 3201 τροπή
1322 3124 1756 3205 φρικωδεστάτη,
1788 3126 1877 3181 καὶ
1939 3127 1990 3181 οἱ

317 1793 406 1846 καὶ
442 1788 766 1865 συγχύσεως
797 1789 865 1844 τά
893 1787 1177 1862 Ῥωμαίων
1210 1785 1473 1857 ἐνέπλησε
1520 1785 1610 1840 καὶ
1667 1784 1757 1840 τὸν
1827 1783 1986 1858 βασι-
2018 1825 2064 1890 Β

323 1880 340 1890 ι
379 1881 386 1890 ι
530 1880 543 1890 ι
603 1880 616 1890 ι
724 1879 739 1890 ε
887 1877 905 1890 \
977 1878 988 1890 ι
1228 1879 1240 1890 ι
1383 1877 1394 1890 1
1471 1881 1498 1890 η-
1611 1877 1634 1890 Α
1746 1869 1775 1890 p
1883 1873 1892 1888 Ι

2097 537 2273 592 etiam
2325 537 2582 592 audacia:
2643 541 2816 608 atque
2870 537 3203 607 petulantias
3264 540 3555 610 progressi
3602 545 3744 596 sunt

2096 626 2417 695 Arabes,ut
2449 625 2638 696 palam
2665 625 3142 696 pabulationibus
3162 627 3450 682 Romanos
3479 634 3744 685 arcerent

2097 715 2465 787 aliarumque
2504 732 2698 771 rerum
2749 717 3212 773 necessariarum
3247 718 3740 788 comportatione;

2097 819 2164 858 ac
2198 805 2452 859 maxime
2481 821 2578 860 eos
2628 810 2908 877 aquatum
2949 807 3316 878 egredientes
3365 806 3740 862 infestabant.

2099 893 2240 948 Nam
2274 893 2370 949 siti
2405 893 2589 949 vexati
2623 894 2866 949 Romani
2899 901 2956 949 et
2987 896 3120 967 equi
3155 911 3351 951 eorum
3381 912 3448 951 ac
3471 896 3744 966 jumenta

2097 999 2261 1055 aquae
2297 985 2565 1055 parandae
2597 1000 2776 1039 causa
2798 1001 2859 1039 se
2891 984 2947 1038 in
2982 989 3249 1054 apertum
3274 987 3493 1041 dabant
3524 987 3746 1058 pericu-

2097 1072 2242 1142 lum,
2276 1073 2745 1145 deprehensique
2776 1073 3296 1129 interficiebantur.
3332 1077 3453 1140 Quo
3485 1082 3746 1146 tempore

2097 1161 2272 1217 etiam
2323 1163 2745 1218 Constantinus
2789 1163 3072 1234 patricius
3119 1161 3474 1218 Dalassenus
3525 1165 3745 1220 missus

2097 1252 2168 1306 ad
2205 1251 2642 1323 reprimendum
2668 1251 3005 1323 ingruentes
3029 1252 3246 1307 Arabes
3269 1269 3336 1307 ac
3367 1253 3590 1308 fortiter
3619 1269 3742 1308 rem

2096 1339 2767 1412 gerendam,commissa
2786 1357 2982 1412 pugna
3003 1341 3252 1413 turpiter
3271 1341 3498 1414 fugiens
3529 1346 3741 1397 etcum

2095 1429 2484 1500 trepidatione
2518 1430 2572 1484 in
2607 1435 2797 1484 castra
2831 1445 3122 1500 reversus,
3156 1434 3383 1486 tantum
3417 1429 3741 1486 tumultum

2096 1520 2250 1574 493
2282 1537 2346 1574 ac
2369 1519 2768 1575 confusionem
2793 1519 3081 1586 excitavit,
3109 1519 3308 1589 utjam
3343 1521 3504 1575 nulla
3531 1536 3741 1592 pugnas

2097 1608 2315 1665 mentio
2347 1610 2530 1675 fleret,
2564 1609 2664 1664 sed
2698 1608 2888 1680 quivis
2921 1609 2990 1662 de
3022 1607 3211 1664 salute
3243 1609 3354 1663 sibi
3388 1623 3740 1681 quocunque

2097 1699 2270 1754 modo
2304 1699 2563 1770 paranda
2594 1698 2895 1770 cogitaret.
2931 1698 2999 1752 Et
3030 1697 3275 1754 concilio
3306 1699 3586 1754 advocato
3613 1697 3741 1770 pla-

2096 1789 2218 1844 cuit
2275 1787 2557 1859 postridie
2610 1795 2802 1843 castra
2860 1804 3087 1843 movere
3155 1792 3330 1858 atque
3379 1787 3743 1844 Antiochiam

2098 1877 2275 1932 abire.
2310 1878 2456 1949 Ergo
2489 1876 2718 1932 decima
2751 1876 2842 1932 die
2863 1877 3133 1948 Augusti,
3165 1876 3484 1933 indictione
3516 1877 3744 1935 decima

2098 1966 2293 2033 tertia,
2327 1983 2479 2021 anno
2529 1965 2734 2021 mundi
2783 1966 2944 2035 6538,
2977 1967 3149 2022 sicuti
3203 1966 3392 2022 fuerat
3422 1967 3744 2035 decretum,

2099 2056 2375 2112 omnibus
2435 2055 2618 2126 portis
2675 2058 3002 2110 castrorum
3062 2056 3282 2127 apertis
3331 2055 3578 2111 Romani
3637 2056 3748 2113 iter

2096 2144 2464 2200 Antiochiam
2495 2161 2702 2200 versus
2744 2143 3178 2214 ingrediuntur,
3213 2143 3476 2218 plerique
3509 2145 3744 2202 coeliaco

2098 2235 2301 2290 morbo
2333 2234 2543 2304 vexati,
2569 2233 2884 2305 pluresque
2906 2232 3001 2287 siti
3026 2234 3291 2288 confecti.
3317 2235 3381 2289 In
3415 2251 3512 2291 eos
3536 2233 3747 2292 castris

2099 2340 2366 2397 egressos
2421 2323 2642 2378 Arabes
2691 2323 2973 2395 impetum
3029 2323 3294 2389 faciunt;
3352 2341 3525 2395 quem
3576 2340 3745 2379 nemo

2099 2412 2406 2479 sustinuit,
2429 2413 2529 2468 sed
2567 2413 2763 2484 fugam
2794 2413 2979 2466 facere
3003 2410 3586 2482 periculosissimum,
3611 2412 3745 2468 aliis

2099 2503 2305 2576 captis,
2339 2502 2520 2557 aliisa
2543 2518 2603 2556 se
2637 2500 2880 2555 invicem
2907 2501 3137 2555 obtritis
3168 2507 3344 2573 atque
3365 2502 3745 2558 conculcatis.

2097 2593 2319 2647 Accidit
2348 2591 2426 2647 ibi
2459 2591 2760 2662 quippiam
2797 2606 2910 2644 non
2944 2590 3252 2661 indignum
3289 2590 3492 2646 relatu.
3521 2593 3747 2649 Etenim

2099 2683 2372 2748 ducibus,
2406 2683 2504 2753 qui
2539 2680 2904 2734 fortitudinis
2949 2680 3104 2734 fama
3137 2697 3416 2752 magnum
3451 2681 3750 2740 habebant

2102 2787 2335 2840 nomen,
2385 2769 2788 2841 militibusque
2835 2769 3154 2824 subsistere
3201 2787 3314 2824 non
3364 2771 3747 2840 audentibus,

2101 2862 2200 2916 sed
2235 2859 2486 2932 turpiter
2533 2859 3000 2932 diffugientibus,
3031 2859 3340 2914 eunuchus
3389 2861 3632 2932 quidam
3679 2863 3751 2918 de

2101 2950 2254 3022 regis
2315 2948 2570 3004 cubiculi
2630 2948 2911 3004 ministris
2967 2948 3386 3020 impedimenta
3434 2966 3750 3022 servosque

2103 3055 2242 3095 suos
2273 3035 2448 3109 diripi
2481 3037 2707 3107 videns,
2756 3035 2931 3109 idque
2964 3052 3078 3093 non
3133 3037 3322 3094 ferens
3354 3039 3747 3111 mediocriter,

2102 3145 2252 3199 equo
2282 3127 2391 3182 hac
2425 3125 2554 3180 illac
2605 3125 2957 3181 circumacto
3007 3143 3219 3198 magno
3268 3144 3402 3183 cum
3434 3129 3656 3200 impetu
3688 3129 3749 3185 in

331 3223 426 3294 μὲν
460 3198 856 3292 ὑπ’ίάλληλων
881 3198 892 3204 υ
917 3198 1213 3276 ἐπατοῦντο
1263 3198 1372 3274 καί.
1405 3216 1798 3295 διεφθείροντο,
1831 3219 1882 3272 οἱ
1933 3215 1988 3273 δὲ

2104 3198 2302 3274 hostes
2360 3215 2567 3279 fertur,
2625 3230 2945 3286 arcumque
3000 3215 3246 3271 tendens
3305 3233 3489 3272 unum
3521 3198 3749 3274 eorum

330 3312 564 3387 ζωγρίαι
613 3309 929 3374 ἡλίσκοντο.
971 3311 1137 3374 Ἔνθα
1183 3330 1234 3364 τι
1277 3309 1368 3363 καὶ
1417 3302 1613 3379 συνέϐη
1664 3307 1852 3383 χάριεν
1901 3329 1991 3384 γε·

327 3403 546 3456 νέσθαι·
590 3405 703 3455 τῶν
760 3400 864 3476 γὰρ
919 3404 1257 3475 στρατηγῶν,
1317 3400 1401 3460 οἷς
1461 3396 1542 3453 ἐπ’
1599 3393 1793 3473 ἀνδρίᾳ
1854 3398 1995 3473 μέγα

329 3487 511 3560 ὄνομα
567 3487 778 3557 ἦν,καὶ
837 3491 945 3541 τῶν
998 3489 1344 3559 στρατιωτῶν
1411 3481 1646 3558 μηδενὸς
1692 3483 1994 3552 ὑποστῆναι

331 3577 676 3651 τολμώντων
707 3576 800 3631 τὸν
824 3573 1096 3646 κίνδυνον,
1131 3573 1258 3630 ἀλλ’
1285 3574 1521 3648 ἀγεννῶς
1566 3569 1996 3646 ἀποδιδρασκόν-

332 3690 467 3737 των,
499 3666 769 3741 εὐνοῦχός
798 3687 882 3729 τις
911 3669 1018 3721 τῶν
1069 3661 1366 3741 βασιλικῶν
1427 3661 1844 3736 θαλαμηπόλων
1897 3663 1996 3731 τήν

337 3759 358 3790 S

2103 3307 2322 3379 dejicit,
2359 3305 2615 3378 reliquos
2645 3305 2704 3360 in
2748 3305 2970 3376 fugam,
3003 3305 3198 3372 vertit,
3230 3307 3596 3379 receptisque
3624 3308 3748 3364 suis

2105 3397 2280 3453 rebus
2311 3396 2478 3451 laetus
2511 3393 2832 3450 revertitur.
2866 3393 3187 3465 Imperator
3217 3411 3367 3466 aegre
3399 3397 3750 3453 Antiocham

2105 3487 2401 3559 pervenit;
2454 3483 2780 3554 fuissetque
2823 3482 2894 3537 ab
2926 3482 3090 3538 hoste
3139 3489 3370 3556 captus,
3421 3486 3531 3541 nisi
3566 3486 3752 3559 impe-

2106 3575 2305 3632 ratorii
2338 3573 2568 3630 sodales
2599 3574 3176 3644 strenuepugnando
3199 3591 3261 3630 se
3291 3574 3607 3647 ipsumque
3639 3576 3753 3631 eri-

2106 3665 2389 3737 puissent.

339 3759 535 3813 ἑαυτοῦ
595 3754 900 3833 φερομένην
962 3751 1092 3809 ἰδὼν
1145 3752 1450 3822 ἀποσκευήν
1499 3752 1585 3806 καὶ
1630 3750 1756 3812 τοὺς
1809 3753 2097 3824 ὑπηρέτας,
2129 3751 2217 3807 καὶ
2271 3751 2347 3824 μὴ
2375 3748 2626 3824 ’ἐνεγκὼν
2672 3746 2902 3822 μετρίως
2949 3748 3012 3803 τὸ
3062 3748 3253 3818 πάθος,
3285 3752 3376 3806 τὸν
3420 3749 3590 3808 ’ίππον
3622 3750 3754 3827 ﬁgat

340 3847 561 3901 κάκεῖσε
620 3843 947 3921 συνταράξας
1009 3841 1181 3898 ἔπεισι
1247 3841 1383 3916 μετᾶ
1440 3837 1675 3918 σφοδρᾶς
1737 3840 1915 3917 ὁρμῆς
1973 3843 2108 3897 κατὰ
2160 3845 2265 3896 τῶν
2334 3842 2684 3913 Σαρακηνῶν,
2715 3838 2802 3892 καὶ
2835 3837 2987 3908 τόξον
3018 3837 3248 3902 ἐντείνας
3283 3839 3476 3916 βάλλει
3512 3844 3606 3915 μὲν
3635 3841 3753 3914 ἕνα,

336 3936 521 4008 τρέπει
579 3931 639 3988 δὲ
693 3932 821 3996 τοὺς
880 3930 1110 4002 ἄλλους,
1143 3932 1231 3986 καὶ
1280 3931 1349 3986 τὰ
1405 3931 1598 3985 ἑαυτοῦ
1656 3927 1793 3984 ἑλὼν
1859 3928 2152 4007 ὑπέστρεψε
2205 3929 2475 4006 γεγηθώς.
2507 3929 2568 3984 Ὁ
2628 3925 2684 3982 δὲ
2740 3927 2992 4002 βασιλεὺς
3031 3927 3191 4004 ἐγγὺς
3220 3928 3391 3985 ἐλθὼν
3424 3936 3519 3986 τοῦ
3549 3932 3755 3989 ἁλῶναι

336 4026 699 4102 περισώζεται
729 4023 805 4085 εἷς
839 4021 1201 4097 Ἀντιόχειαν,
1229 4020 1479 4094 ἐκθύμως
1514 4020 1932 4095 ἀγωνισαμένων
1960 4021 2066 4075 τῶν
2104 4019 2400 4096 βασιλικῶν
2429 4016 2658 4092 ἑταίρων
2691 4017 2781 4070 καὶ
2811 4013 3185 4073 διασωσαντων
3219 4019 3441 4082 ἑαυτούς
3470 4042 3528 4076 τε
3551 4023 3641 4077 καὶ
3663 4025 3752 4078 τὸν

372 4112 590 4172 ασιλέι.

372 4115 590 4172 ασιλέι.

338 4115 366 4188 β
396 4205 533 4258 Τότε
563 4199 636 4272 δὴ
661 4201 935 4275 Γεωργίου
973 4205 1070 4255 τοῦ
1101 4197 1349 4269 Μανιάκη
1381 4201 1478 4254 τοῦ
1507 4197 1743 4271 θέματος
1793 4219 1992 4275 στρατο

335 4290 604 4367 ηγοῦντος
648 4289 891 4365 Τελοῦχ,
925 4284 1160 4365 ’Ἄραϐες
1223 4286 1538 4342 ὀκτακόσιοι
1601 4287 1735 4360 μετά
1782 4287 1993 4362 γαύρου

333 4363 423 4435 τοῦ
453 4363 1292 4459 φρονήματοςὺποστρέψαντες
1324 4377 1431 4430 ἀπὸ
1485 4382 1584 4446 τῆς
1633 4379 1844 4451 τροπῆς
1901 4375 1991 4430 καὶ
2023 4363 2070 4427 Ι)

338 4471 464 4543 πρὸς
497 4469 667 4524 αὑτὸν
691 4466 1124 4543 παραγενόμενοι
1174 4463 1333 4520 ε’ίκειν
1386 4465 1488 4534 τήν
1547 4463 1816 4540 ταχίστην
1886 4463 1996 4519 ἐκέ-

339 4559 494 4615 λευον
533 4558 628 4612 καὶ
674 4557 775 4624 τήν
827 4553 991 4610 πόλιν
1045 4556 1364 4611 καταλιπεῖν
1422 4558 1518 4609 τοῦ
1581 4551 1847 4630 βασιλέως
1905 4554 1994 4609 ἑα-

337 4647 577 4709 λωκότος
639 4645 732 4700 καὶ
789 4645 991 4706 παντὸς
1053 4649 1152 4700 τοῦ
1209 4646 1522 4717 Ῥωμαϊκοῦ
1595 4642 1992 4719 στρατεύματος

336 4734 497 4812 ἄρδην
532 4732 922 4802 ἀπολωλότος,
955 4733 1046 4788 καὶ
1082 4736 1158 4806 μή
1205 4733 1390 4789 ἑαυτὸν
1443 4737 1710 4811 προφανεῖ
1765 4730 1992 4806 κινδύνῳ

333 4824 708 4881 ἐκδεδωκέναι³
744 4825 958 4898 ἡμέρας
987 4823 1088 4900 γὰρ
1139 4819 1558 4895 διαλαμπούσης
1611 4821 1846 4898 οἰκτρῶς
1903 4821 1992 4876 αὖ·

334 4917 415 4980 τός
443 4937 507 4972 τε
545 4913 639 4970 καὶ
687 4914 739 4968 οἱ
790 4913 881 4968 σὺν
947 4911 1094 4984 αὐτῷ
1143 4911 1477 4967 ἀπολοῦνται
1535 4909 1993 4986 περιστοιχισθέν-

334 5026 435 5067 τες.
467 5008 530 5062 Ὁ
566 5002 627 5059 δὲ
662 5001 915 5078 δέχεσθαι
963 5002 1108 5076 τάχα
1152 5004 1252 5071 τὴν
1307 5000 1618 5075 παραίνεσιν
1680 4997 1837 5070 δόξας
1897 4999 1988 5054 καὶ

335 5097 576 5166 ποιήσειν
635 5093 700 5147 τὸ
755 5092 1119 5164 κελευόμενον
1183 5092 1558 5159 ὑποπτευθεὶς,
1610 5089 1732 5144 σῖτά
1782 5110 1841 5144 τε
1899 5089 1985 5144 καὶ

338 5186 471 5238 ποτὲ
534 5182 756 5244 τούτοις
818 5181 1194 5256 ἀποχρώντως
1281 5179 1560 5252 ἐκπέμψας
1642 5175 1986 5233 διαναπαύειν

338 5270 576 5327 ἐκέλευεν
612 5271 862 5338 ἑαυτοὺς,
905 5271 980 5331 ὡς
1015 5269 1110 5342 ἅμ’
1137 5268 1318 5345 ἡμέρα
1360 5267 1518 5330 αὐτὸς
1572 5269 1664 5340 μὲν
1722 5266 1813 5321 σὺν
1871 5273 1989 5331 τοῖς

339 5360 579 5416 συνοῦσιν
642 5359 794 5432 αὑτῷ
872 5357 1342 5434 ἀπαλλαγήσεται,
1404 5356 1596 5419 αὐτοὺς
1657 5354 1714 5411 δὲ
1769 5356 1990 5434 κυρίους

341 5452 663 5522 καταστήσει
693 5456 793 5519 τῆς
825 5447 1045 5510 πόλεως
1075 5446 1292 5524 Τελοὺχ
1324 5449 1431 5522 (82)
1472 5445 1561 5502 καὶ
1609 5447 1822 5501 πάντων
1881 5449 1987 5502 τῶν

2173 4200 2325 4255 494
2354 4199 2470 4254 Sub
2500 4198 2556 4254 id
2593 4202 2824 4270 tempus
2868 4197 3172 4269 provinciae
3203 4199 3474 4256 Telucbze
3511 4206 3757 4274 praeerat

2105 4289 2386 4359 Georgius
2443 4287 2756 4343 Maniaces.
2817 4287 2902 4341 Ad
2964 4304 3099 4342 eum
3155 4289 3376 4345 Arabes
3433 4291 3755 4363 octingenti

2105 4377 2322 4449 fugatis
2355 4377 2625 4432 Romanis
2667 4380 3022 4432 revertentes
3074 4384 3468 4449 accesserunt,
3503 4382 3755 4452 superbe

2105 4466 2485 4534 ferocientes;
2541 4467 2970 4537 jusseruntque
3023 4481 3180 4536 eum,
3242 4469 3478 4539 quando
3544 4475 3753 4540 captus

2103 4554 2424 4627 imperator
2455 4560 2510 4611 et
2535 4554 2742 4610 deleta).
2763 4555 3300 4625 Romanorumjam
3331 4562 3529 4614 essent
3550 4559 3751 4630 cepim,

2103 4645 2304 4700 statim
2339 4644 2480 4699 urbe
2511 4643 2672 4700 abire
2704 4659 2893 4714 neque
2926 4660 2987 4698 se
3024 4644 3079 4698 in
3117 4645 3511 4702 certissimum
3543 4647 3749 4703 discri-

2104 4750 2236 4789 men
2267 4733 2406 4788 dare
2441 4749 2453 4788 :
2488 4732 2699 4802 alioqui
2750 4749 2887 4787 eum
2920 4731 3109 4803 prima
3138 4732 3266 4789 luce
3314 4735 3748 4794 circumdatum

2101 4839 2234 4878 cum
2267 4823 2393 4878 suis
2416 4822 2625 4878 misere
2652 4821 2905 4877 occisum
2924 4821 3012 4876 iri.
3033 4823 3314 4895 Georgius
3345 4824 3751 4898 obtemperare

2101 4928 2163 4967 se
2191 4912 2276 4967 eis
2307 4909 2616 4979 simulans,
2650 4913 2714 4963 ut
2743 4910 3078 4982 opinionem
3110 4928 3238 4968 eam
3271 4913 3328 4968 in
3362 4914 3748 4972 barbarorum

2100 5001 2318 5056 animis
2359 5001 2755 5068 confirmaret,
2800 4999 2913 5056 cibi
2965 5005 3255 5074 potusque
3305 5003 3535 5060 abunde
3565 5005 3650 5062 eis
3681 5022 3750 5062 ex

2102 5091 2246 5146 urbe
2277 5090 2461 5158 misit,
2495 5089 2690 5161 quiete
2721 5106 2784 5144 se
2813 5106 2912 5145 eos
2934 5091 3156 5162 jubens
3189 5093 3442 5162 reficere,
3475 5099 3533 5151 et
3561 5097 3751 5169 signi-

2101 5180 2284 5235 ficans
2339 5195 2509 5234 mane
2559 5194 2621 5234 se
2674 5195 2809 5233 cum
2855 5179 2978 5234 suis
3028 5179 3453 5255 discessurum,
3486 5185 3751 5258 ipsisque

2100 5269 2305 5324 urbem
2337 5267 2652 5323 Telucham
2687 5275 2742 5324 et
2773 5267 2971 5323 omnia
3018 5269 3413 5328 Romanorum
3446 5273 3599 5330 bona
3627 5281 3749 5333 tra-

2101 5359 2386 5428 diturum.
2421 5358 2514 5414 Eis
2544 5359 2736 5414 verbis
2790 5375 2854 5416 ac
2905 5360 3052 5416 facto
3083 5364 3297 5420 Arabes
3327 5365 3551 5438 decepti
3583 5372 3749 5439 pota-

2100 5448 2245 5504 tioni
2297 5464 2360 5504 se
2407 5451 2460 5502 et
2520 5447 2790 5505 ebrietati
2845 5450 3155 5525 dederunt,
3217 5459 3566 5528 noctemque
3619 5472 3746 5512 eam

1540 5566 1624 5621 Χῖ
1640 5565 1903 5622 LANDRI
2074 5563 2289 5622 GOARI
2328 5564 2561 5621 NOT/E.

410 5671 518 5746 (82)
550 5671 732 5746 Regio
765 5671 822 5726 et
851 5667 996 5725 urbs
1028 5667 1182 5725 circa
1206 5671 1462 5725 Taurum
1494 5669 1774 5725 montem.
1809 5665 2064 5726 Ortelius
2095 5681 2163 5723 ex
2193 5664 2560 5742 Curopalate.
2593 5665 2772 5724 Goaa.
