4014 6194
319 332 435 390 227
1673 315 1986 379 GEORGII
2031 315 2375 378 CEDRENI
3608 328 3729 388 223

314 464 506 523 securi
536 464 763 535 absque
789 460 951 517 omni
978 475 1120 515 cura
1148 457 1483 528 exegerunt,
1509 457 1664 510 certo
1688 451 1801 509 sibi
1834 468 1934 524 per

2073 449 2395 535 'APwpafm‘bv
2428 448 2755 526 χρημάτων.
2790 452 2861 511 Οἱ
2908 450 2968 509 δὶ
2994 458 3114 519 τοῖς
3138 473 3199 511 τε
3227 454 3421 531 λόγοις
3465 456 3557 512 καὶ
3610 462 3731 521 τοῖς

312 555 629 611 suadentes
663 532 953 625 postridie
1003 564 1065 603 se
1112 546 1384 602 omnibus
1416 544 1723 616 petituros.
1773 540 1934 596 Medi:

2068 532 2247 613 ἔργοις
2281 540 2697 616 φενακισθᾶντες,
2730 543 2820 596 καὶ
2854 544 2928 605 ὡς
2988 542 3178 620 αὔριον
3237 547 3387 621 τάχα
3442 544 3729 621 ἀπολήψε-

314 650 486 701 nocte
516 642 708 697 ebrios
736 639 1019 695 barbaros
1049 640 1105 692 et
1144 651 1344 691 secure
1376 631 1731 688 dormientes
1762 630 1934 685 adori‘

2068 629 2186 682 σθαι
2216 628 2284 683 τὰ
2313 629 2485 685 πάντα
2537 629 2925 706 ὑπειληφότες,
2957 633 3095 709 πρὸς
3155 633 3357 696 πότους
3410 634 3504 690 καὶ
3556 637 3727 709 μέθας

312 740 411 789 tur
442 732 731 788 Manacies
761 734 818 784 et
847 725 1235 783 internecione
1265 723 1454 789 delet;
1506 719 1745 776 camelis
1775 719 1934 775 etian

2066 716 2373 791 ἐτράπησαν
2402 718 2492 773 καὶ
2545 718 2596 773 ἐν
2650 720 2793 794 πάσῃ
2852 718 3003 793 ἀδείᾳ
3056 724 3147 777 καὶ
3200 723 3503 798 ἀμεριμνίᾳ
3549 723 3725 781 διενυ-

313 823 538 895 potitur
563 821 687 884 280,
722 818 952 873 onustis
982 814 1168 869 omnis
1200 811 1430 882 generis
1461 827 1637 880 opum
1671 813 1956 864 Romana-

312 927 444 968 rum
474 930 488 979 ;
536 921 819 978 naresque
849 911 906 959 et
954 918 1124 959 aures
1155 900 1480 955 occisorum
1532 904 1851 970 amputans
1883 900 1952 953 ad

308 1002 722 1072 imperatorem
754 994 963 1060 adfert,
992 991 1087 1062 qui
1112 992 1235 1060 jam
1268 1006 1301 1044 a
1332 990 1469 1061 fuga
1498 988 1555 1042 in
1588 986 1954 1060 Cappadocia

305 1091 511 1147 Phocea
564 1087 802 1140 domum
862 1086 1098 1137 venerat
1157 1079 1355 1149 ibique
1404 1078 1765 1132 morabatur.
1816 1076 1954 1147 Ejus

302 1176 581 1234 facinoris
634 1188 811 1227 causa
884 1170 1200 1240 imperator
1277 1167 1589 1237 Georgium
1660 1165 1955 1221 inferioris

299 1265 499 1322 Media:
530 1264 736 1317 ducem
773 1260 923 1313 fecit.

2065 807 2337 882 κτὲρευον.
2371 808 2433 864 Ὀ
2468 804 2527 863 δὶ
2590 810 2715 883 περὶ
2777 810 2943 882 μέσας
2999 811 3193 874 νύκτας
3248 812 3571 887 οἰνωμένοις
3629 813 3728 871 αὖ·

2062 901 2181 958 τοῖς
2236 897 2325 952 καὶ
2383 897 2753 975 ἀφροντίστως
2806 902 3185 974 κοιμωμένοις
3254 900 3573 972 ἐπιτίθεται,
3633 904 3724 959 καὶ

2061 984 2289 1047 τούτους
2321 985 2416 1057 μὶν
2451 987 2655 1049 πάντας
2706 986 3027 1067 ἀπέσφαξεν,
3063 988 3314 1069 ὑφείλετο
3359 988 3417 1046 δὶ
3470 992 3562 1048 καὶ
3602 990 3724 1048 δια-

2062 1072 2250 1138 κοσίας
2342 1072 2679 1148 ὀγδοήκοντα
2760 1078 3051 1151 καμήλους
3127 1080 3552 1158 πεφορτωμένας
3631 1082 3725 1138 καὶ

2062 1162 2297 1239 πλήρεις
2344 1164 2558 1238 ἀγαθῶν
2606 1167 2876 1222 παντοίων
2902 1169 3249 1241 Ῥωμαϊκῶν.
3281 1171 3389 1232 Τάς
3450 1168 3508 1226 δὶ
3568 1170 3723 1247 ῥῖνας

2060 1253 2149 1307 καὶ
2192 1253 2257 1307 τὰ
2304 1254 2417 1307 ὦτα
2468 1257 2574 1308 τῶν
2627 1257 2902 1311 πεσόντων
2944 1257 3236 1330 ἀποτεμὼν
3296 1256 3603 1333 διεκόμισεν
3663 1259 3720 1316 ἓν

302 1347 663 1418 Καππαδοκίᾳ
708 1351 787 1418 τῷ
838 1343 1075 1421 βασιλεῖ,
1105 1342 1214 1414 ἤδη
1262 1344 1367 1398 ἀπὸ
1413 1350 1512 1413 τῆς
1559 1349 1731 1419 φυγῆς
1774 1338 2128 1416 κατειληφότι
2161 1341 2250 1395 τὸν
2281 1346 2377 1395 τοῦ
2409 1348 2579 1397 Φωκί
2609 1344 2755 1399 οἶκον
2786 1346 2877 1400 καὶ
2909 1344 2959 1400 ἐν
2994 1345 3141 1419 αὖτῷ
3172 1343 3528 1423 διατρίϐοντι.
3560 1350 3656 1409 .ον
3690 1351 3721 1405 ὁ

303 1438 558 1517 βασιλεὺς
582 1442 679 1493 τοῦ
710 1434 873 1511 ἔργου
907 1433 1303 1507 ἀποδεξάμενος
1328 1434 1609 1488 κατεπάνω
1638 1439 1737 1501 τῆς
1770 1430 1915 1485 κάτω
1946 1427 2163 1500 Μηδίας
2196 1427 2595 1488 ἀποδείκνυσιν.

366 1583 517 1638 495
554 1580 871 1636 Discedens
894 1583 1090 1634 autem
1110 1578 1269 1650 Syria
1288 1578 1619 1633 Simeonem
1645 1574 1828 1631 soceri
1853 1574 1948 1630 sui

290 1668 660 1729 Constantini
677 1667 1008 1723 ministrum
1024 1665 1527 1722 creatscholarum
1542 1664 1948 1731 domesticum,

290 1758 615 1815 Antiochiae
645 1756 905 1811 Nicetam
938 1772 971 1810 a
1004 1753 1275 1810 Mistheia
1323 1754 1607 1826 prmﬁcit;
1647 1758 1825 1826 atque
1854 1752 1947 1807 his

293 1849 541 1905 mandat
568 1850 635 1902 ul.
671 1844 733 1900 in
781 1843 1114 1916 recipiendo
1166 1845 1387 1899 Menico
1436 1841 1695 1913 castello,
1727 1841 1880 1913 quod
1914 1857 1948 1895 a

290 1936 648 2008 Musarapho
670 1938 796 1991 erat
811 1932 1134 2000 conditum,
1155 1949 1327 1989 omne
1353 1932 1617 1987 studium
1638 1931 1947 1998 collocent,

2127 1572 2407 1649 Ἀπαίρων
2442 1571 2499 1628 δὲ
2529 1581 2630 1644 τῆς
2665 1573 2862 1649 Συρίας
2893 1573 3213 1649 δομέστικον
3261 1578 3356 1650 μὶν
3413 1583 3521 1634 τῶν
3580 1599 3720 1656 σχο-

2057 1658 2171 1716 λῶν
2233 1661 2576 1718 ἀποδείκνυσι
2651 1664 2874 1737 Συμεὼν
2931 1666 3023 1721 τὸν
3082 1671 3178 1722 τοῦ
3235 1672 3494 1743 πενθεροῦ
3549 1668 3719 1725 αὐτοῦ

2059 1756 2464 1807 Κωνσταντίνου
2532 1754 2856 1829 θεράποντα,
2915 1756 3167 1829 ἡγεμόνα
3246 1754 3305 1812 δὶ
3371 1757 3720 1834 Ἀντιοχείας

2057 1840 2303 1908 ΝικήτσινΔ
2352 1840 2445 1894 τὸν
2506 1840 2564 1895 ὲκ
2622 1843 2881 1905 Μισθείας
2938 1845 3071 1917 (83).
3120 1844 3354 1908 Τούτοις
3410 1843 3719 1902 ἐνετείλατο

2056 1927 2193 1981 κατά
2219 1929 2281 1983 τὸ
2326 1925 2547 1985 δυνατὸν
2604 1932 3001 2006 ἀποπειρᾶσθαι
3062 1936 3159 1988 τοῦ
3206 1934 3354 2009 παρὰ
3403 1938 3503 1989 τοῦ
3566 1941 3718 1991 Mou-

291 2026 493 2096 itaque
536 2002 989 2078 incursionibus
1060 2020 1284 2093 Syriam
1342 2019 1611 2075 libarent.
1670 2019 1779 2075 Sed
1842 2034 1934 2073 eos

2052 2015 2225 2093 σάραφ
2258 2016 2565 2081 κτισθέντος
2615 2002 2897 2096 φρουρίου,
2932 2022 2998 2095 [Ρ
3024 2023 3153 2094 728]
3200 2022 3248 2093 ᾧ
3287 2002 3530 2086 ’Μενῖκος
3584 2019 3718 2079 ὅνο-

290 2128 628 2187 oppugnare
652 2111 710 2165 id
744 2110 1054 2166 castellum
1088 2110 1296 2165 inscite
1332 2125 1643 2181 aggressos
1674 2109 1940 2163 Musaru-

289 2204 443 2275 phus
475 2204 651 2257 noctu
681 2198 987 2271 eruptione
1040 2199 1193 2254 facta
1238 2198 1490 2270 turpiter
1536 2198 1674 2253 inde
1704 2196 1943 2268 repulit,

290 2290 582 2348 machinis
613 2290 788 2345 etiam
840 2288 1133 2345 crematis.
1186 2287 1369 2351 Quam
1403 2286 1485 2342 rei
1526 2286 1940 2358 indignitatem

288 2400 401 2437 non
429 2382 618 2436 ferens
633 2379 709 2433 im
723 2376 1363 2449 peratorTheoctistum
1380 2374 1936 2448 protospatbarium,

289 2487 472 2525 unum
506 2484 745 2525 suorum
798 2467 1281 2522 fidelissimorum
1333 2466 1740 2521 ministrorum
1776 2481 1939 2534 mag-

291 2575 551 2631 numque
598 2562 739 2611 tunc
790 2555 1121 2611 sodalitatis
1155 2556 1385 2622 ducem,
1420 2554 1479 2609 in
1526 2555 1752 2625 Syriam
1803 2570 1936 2608 cum

290 2664 502 2721 magno
534 2665 603 2702 ex
636 2646 915 2701 Romanis
942 2644 1191 2716 aliisque
1223 2644 1497 2716 gentibus
1525 2642 1763 2698 collecto
1786 2658 1939 2697 exer-

288 2739 404 2794 citu
430 2737 771 2791 dictatorem
797 2734 998 2797 mittit,
1016 2735 1224 2803 jubetq
1238 2750 1306 2788 ue
1328 2749 1459 2788 eum
1489 2749 1550 2788 se
1584 2734 1939 2803 conjungere

288 2844 421 2883 cum
438 2826 789 2879 Pinzaracho
803 2823 1055 2894 Tripolis
1070 2839 1285 2877 amere.
1305 2826 1359 2877 Is
1373 2822 1528 2877 enim
1548 2822 1939 2877 Pinzarachus

288 2916 460 2988 paulo
492 2919 625 2969 ante
658 2914 729 2968 ab
761 2912 1027 2985 Egyptio
1060 2928 1473 2966 amermumna
1505 2911 1849 2978 desciverat,
1884 2915 1941 2966 et

284 3005 564 3061 adversus
597 3019 733 3058 eum
766 3018 931 3057 arma
972 3006 1225 3073 ceperat.
1251 3001 1515 3073 Cumque
1546 3005 1747 3056 contra
1775 3016 1837 3056 se
1866 3000 1938 3055 ab

281 3092 549 3165 (Egyptio
580 3108 714 3146 cum
738 3091 901 3161 justo
933 3090 1187 3146 exercitu
1224 3090 1477 3144 missum
1510 3091 1761 3145 Turcum
1795 3090 1941 3145 Tus-

284 3183 488 3237 berum
520 3182 821 3252 copiarum
863 3181 992 3250 ejus
1036 3180 1396 3250 praefectum,
1440 3195 1621 3251 seque
1652 3179 1937 3250 imparem

283 3287 410 3327 esse
438 3270 661 3325 videret
692 3285 921 3342 pugnas,
956 3268 1027 3324 ad
1074 3268 1484 3340 imperatorem
1518 3269 1843 3323 Romanum
1877 3284 1938 3324 se

2054 2126 2151 2178 μα,
2185 2102 2241 2160 εἷ’
2263 2127 2381 2170 πως
2432 2103 2709 2178 δυνηθεῖεν
2752 2106 3063 2182 ἀπαλλάξαι
3114 2109 3310 2183 Συρίαν
3358 2115 3467 2166 τῶν
3510 2112 3569 2167 ὲκ
3612 2115 3717 2167 τοῦ

2050 2196 2347 2273 Μουσάραφ
2405 2193 2990 2277 ἐπιδρομῶν.”’Δφυῶς
3046 2195 3105 2253 δὲ
3161 2198 3372 2254 τούτων
3422 2199 3512 2255 καὶ
3571 2200 3714 2274 ἀμα-

2052 2287 2160 2347 θῶς
2190 2282 2657 2360 ἐπιχειρησάντων
2705 2290 2774 2360 τῇ
2823 2284 3143 2360 πολιορκίαι
3201 2288 3396 2352 νυκτὸς
3427 2287 3456 2343 ὁ
3490 2288 3710 2348 Μουσά-

2051 2391 2155 2448 ραφ
2218 2370 2578 2448 ὑπεκδραμὼν
2662 2379 2761 2430 τοῦ
2834 2377 3097 2453 φρουρίου
3149 2378 3247 2439 τάς
3303 2399 3362 2433 τε
3416 2376 3710 2444 ἱλεπόλεις

2053 2459 2315 2535 ἐνέπρησε
2373 2463 2464 2516 καὶ
2519 2462 2748 2525 τούτους
2806 2463 3003 2520 ἐκεῖθεν
3062 2465 3309 2542 αἰσχρῶς
3388 2465 3709 2541 ἆπεδίωξεν.

2047 2552 2219 2634 ’Όπερ
2269 2548 2579 2624 πυθόμενος
2632 2554 2660 2607 ὁ
2722 2552 2995 2628 βασιλεὺς,
3054 2554 3144 2609 καὶ
3208 2556 3285 2628 μή
3371 2557 3546 2634 φέρων
3604 2559 3712 2629 τὴν

2050 2633 2228 2712 ὕϐριν,
2280 2639 2597 2696 Θεόκτιστον
2654 2645 3170 2721 πρωτοσπαθάριον,
3218 2642 3312 2700 ἕνα
3359 2633 3467 2701 τῶν
3525 2667 3721 2701 πιστι-

2048 2728 2305 2783 κωτάτων
2338 2729 2485 2802 αότῷ
2518 2732 2835 2807 ὑπάρχοντα
2885 2731 3149 2789 δίακόνων
3178 2734 3271 2789 καὶ
3329 2736 3496 2811 μέγαν
3554 2737 3705 2791 ἑται-

2049 2817 2313 2894 ρειάρχην
2388 2824 2469 2891 τῷ
2534 2821 2658 2876 τότε
2722 2822 3159 2898 χρηματίζοντα,
3218 2824 3352 2897 μετᾶ
3425 2822 3711 2899 δυνάμεως

2048 2904 2212 2983 ἀδρᾶς
2260 2909 2547 2982 Ῥωμαίων
2598 2930 2657 2966 τε
2706 2911 2795 2967 καὶ
2854 2910 3078 2968 ἐθνικῶν
3149 2914 3291 2970 κατὰ
3364 2915 3565 2988 Συρίας
3611 2914 3703 2971 ἐκ·

2046 2997 2272 3069 πέμπει,
2308 3000 2613 3074 στρατηγὸν
2670 2998 3042 3076 αὐτοκράτορα
3074 3004 3185 3075 (84)
3215 3006 3411 3058 τοῦτον
3466 3023 3705 3080 προχει-

2049 3091 2358 3160 ρισάμενος,
2407 3088 2498 3143 καὶ
2552 3087 2857 3163 ἐπισκήψας
2912 3088 2992 3162 τῷ
3049 3090 3376 3167 Τριπόλεως
3436 3096 3713 3167 συμμῖξαι

2046 3173 2234 3251 ἀμηρᾷ
2265 3179 2547 3253 Πινζαράχ
2569 3177 2660 3233 καὶ
2696 3181 2812 3251 μετ’
2845 3178 3010 3234 αὐτοῦ
3039 3181 3106 3234 τά
3151 3185 3259 3235 τῶν
3294 3175 3543 3255 ’Λράὸων
3603 3181 3706 3238 λυ-

2049 3266 2353 3336 μαίνεσθαι·
2409 3264 2569 3341 ἔτυχε
2641 3267 2741 3341 γὰρ
2825 3268 2983 3330 οὗτος
3041 3270 3069 3324 ὁ
3127 3270 3409 3347 Πινζαράχ
3492 3268 3580 3326 διά
3648 3292 3707 3329 τε

282 3358 597 3431 recipiebat
624 3363 682 3415 et
710 3356 1046 3414 societatem
1093 3355 1227 3413 belli
1281 3372 1415 3411 cum
1449 3372 1514 3411 eo
1546 3355 1701 3411 coire
1730 3357 1924 3426 cupie-

2052 3353 2403 3428 πρόσκρουμα
2448 3356 2555 3431 πρὸ
2606 3361 2805 3433 μικροῦ
2836 3357 3205 3428 ἀποπατῆσαι
3236 3363 3332 3415 τοῦ
3388 3360 3706 3438 Αἰγυπτίων

281 3451 397 3505 bat.
430 3450 570 3519 Ejus
597 3448 939 3518 petitionem
975 3446 1216 3501 minime
1245 3445 1740 3500 contemnendam
1770 3448 1932 3500 ratus

281 3539 581 3594 Romanus
630 3536 1035 3590 Theoctistum
1085 3534 1299 3604 amplis
1331 3550 1465 3587 cum
1515 3532 1698 3603 copiis
1730 3533 1929 3603 mittit,

281 3625 381 3698 qui
413 3630 470 3681 et
513 3641 645 3680 cum
700 3622 1053 3678 Pinzaracho
1106 3638 1167 3677 se
1217 3623 1599 3692 conjungeret
1647 3626 1705 3675 et
1747 3621 1934 3676 obiter

280 3715 570 3770 Menicum
604 3712 757 3767 496
790 3710 1097 3767 castellum
1132 3714 1399 3765 tentaret.
1428 3710 1605 3778 quue
1636 3710 1931 3765 Theoctis-

278 3809 377 3858 tus
430 3802 700 3858 alacriter
745 3806 837 3856 est
892 3804 1224 3855 exsecutus.
1288 3801 1365 3853 Ac
1425 3788 1653 3855 Tusber
1691 3799 1929 3870 quidem

278 3892 473 3947 subito
531 3892 661 3961 ejus
719 3891 973 3945 adventu
1034 3905 1100 3943 ac
1162 3888 1541 3943 multitudine
1590 3888 1930 3960 perterritus

276 3982 519 4037 domum
570 3978 763 4034 rediit.
815 3978 924 4033 Sed
977 3982 1034 4033 et
1089 3976 1479 4049 Masaraphus
1528 3976 1784 4032 hostium
1818 3976 1928 4032 im-

280 4067 638 4142 pressionem
672 4084 787 4124 non
823 4066 1127 4122 sustinens
1160 4065 1381 4121 Menico
1413 4065 1642 4121 deserto
1670 4065 1838 4137 fugit,
1863 4082 1929 4121 ac

278 4158 680 4231 deprehensus
726 4158 784 4211 in
836 4156 1135 4211 montibus
1186 4156 1341 4227 apud
1393 4154 1654 4226 Tripolin
1700 4154 1929 4211 occisus

274 4253 382 4303 est.
436 4247 725 4301 Menicum
777 4264 810 4300 a
858 4245 978 4299 ﬁlio
1030 4243 1229 4299 fratris
1274 4243 1614 4314 Musaraphi
1664 4242 1927 4300 deditum

275 4337 647 4393 Theoctistus
693 4334 922 4407 recipit,
970 4333 1251 4405 aliudque
1300 4333 1475 4388 etiam
1527 4332 1833 4388 castellum
1867 4333 1925 4388 in

275 4430 565 4500 praerupto
624 4424 804 4481 situm
886 4439 1047 4490 saxo,
1109 4423 1346 4478 nomine
1418 4425 1924 4496 Argyrocastrum.

274 4516 376 4572 His
408 4517 488 4572 ita
517 4513 851 4571 constitutis
897 4512 956 4567 in
1008 4512 1211 4568 urbem
1245 4511 1437 4579 rediit,
1471 4528 1669 4567 secum
1705 4513 1926 4568 ducens

272 4606 564 4661 Arachum
599 4602 937 4659 Pinzarachi
969 4602 1178 4669 filium,
1202 4618 1376 4673 quem
1408 4602 1724 4673 imperator
1755 4603 1928 4673 patri-

270 4693 357 4749 cio
417 4694 637 4749 honore
695 4691 943 4746 ornavit.
1002 4690 1367 4745 Subsecutus
1423 4696 1513 4745 est
1564 4691 1739 4746 etiam
1799 4691 1924 4763 ipse

270 4783 679 4851 Pinzarachus,
713 4781 1038 4837 deducente
1068 4797 1134 4835 ac
1183 4779 1435 4852 stipante
1482 4796 1615 4835 eum
1652 4782 1923 4853 praefecto

264 4873 585 4929 Antiochia;
642 4871 843 4926 Niceta
899 4887 934 4925 a
998 4867 1293 4925 Mistheia.
1360 4870 1542 4933 Quem
1600 4870 1920 4942 imperator

268 4960 691 5034 benignissime
736 4964 1043 5030 exceptum
1090 4958 1262 5012 donis
1311 4964 1367 5012 et
1418 4958 1714 5014 beneficiis
1760 4959 1917 5015 haud

263 5051 607 5124 vulgaribus
674 5048 1020 5117 demeritos,
1086 5045 1287 5101 latum
1352 5048 1596 5105 domum
1666 5048 1915 5106 dimisit.

1956 4741 2003 4806 D

2044 3443 2407 3518 ἀμερμουμνῆ
2457 3444 2547 3498 καὶ
2592 3444 2739 3500 δπΑα
2796 3454 3043 3517 κινῆσαι·
3076 3450 3194 3504 κατ’
3224 3450 3416 3506 αὐτοῦ.
3450 3451 3549 3507 Καὶ
3602 3456 3708 3507 τοῦ

2039 3531 2343 3599 Αἰγυπτίου
2400 3534 2491 3588 τὸν
2552 3538 2789 3610 Τοῦρκον
2857 3540 3124 3612 Τοῦσπερ,
3190 3535 3438 3615 ἄρχοντα
3492 3538 3707 3615 τυγχά-

2038 3640 2198 3675 νοντα
2255 3625 2363 3675 τῶν
2415 3621 2579 3678 αὐτοῦ
2636 3626 2957 3700 ταγμάτων,
2993 3627 3126 3699 μετὰ
3169 3629 3360 3703 χειρὸς
3403 3626 3708 3702 ἀξιολόγου

2039 3707 2128 3763 ἐπὶ
2156 3711 2463 3785 καθαιρέσει
2510 3716 2609 3767 τοῦ
2660 3714 2949 3791 Πινζαρὰχ
3002 3714 3380 3790 πεπομφότος,
3412 3717 3488 3780 ὡς
3542 3716 3707 3783 οὗτος

2039 3796 2233 3873 ᾔσθετο
2273 3800 2348 3872 μὴ
2381 3800 2692 3878 ἀξιόμαχος
2723 3804 2862 3858 εἶναι
2898 3804 3057 3866 αὐτὸς
3088 3806 3208 3860 καθ’
3256 3806 3443 3861 ἑαυτὸν
3490 3810 3559 3881 τῇ
3590 3812 3705 3863 τῶν

2037 3887 2351 3962 Αἰγυπτίων
2402 3888 2793 3962 συμπλακῆναι
2854 3890 3108 3966 δυνάμει,
3159 3898 3240 3966 τῷ
3302 3894 3521 3970 βασιλεῖ
3565 3898 3704 3952 Ῥω-

2041 3976 2213 4050 μαίων
2258 3976 2586 4054 προσρύεται
2630 3980 2720 4034 καὶ
2782 3981 3097 4057 ὁμαιχμίαν
3160 3982 3321 4038 αἰτεῖ.
3356 3984 3429 4038 οὗ
3472 3984 3573 4053 τὴν
3620 3984 3705 4040 αἵ-

2033 4087 2191 4135 τησιν
2253 4068 2328 4140 μὴ
2380 4066 2625 4143 παριδὼν
2659 4070 2687 4124 ὁ
2716 4071 2994 4144 Ῥωμανὸς
3044 4071 3138 4125 τὸν
3185 4071 3503 4128 Θεόκτιστον
3562 4075 3702 4147 μετὰ

2036 4153 2285 4225 πλήθους
2350 4155 2645 4233 ἀξιολόγου
2706 4157 2993 4234 ἐξέπεμψε,
3033 4162 3356 4237 συμμαχίαν
3410 4183 3469 4217 τε
3522 4176 3699 4240 παρα-

2037 4250 2188 4319 σχεῖν
2246 4249 2329 4317 τῷ
2385 4247 2668 4322 Πινζαρᾶχ
2722 4246 3000 4318 κελεύσας,
3046 4250 3138 4304 καὶ
3196 4248 3257 4305 ἔκ
3304 4249 3549 4326 παρόδου
3596 4259 3701 4309 τοῦ

2035 4333 2300 4411 φρουρίου
2373 4335 2610 4393 Μενίκου
2684 4336 3121 4402 ἀντιποιεῖσθαια
3180 4340 3241 4403 ὃς
3296 4338 3548 4396 ἀπελθὼν
3602 4343 3698 4399 καὶ

2034 4422 2309 4498 συμμίξας
2339 4428 2419 4497 τῷ
2452 4428 2736 4503 Πινζαράχ
2765 4421 2924 4504 ἔργου
2975 4427 3179 4504 εἶ’χετο.
3214 4429 3313 4485 Καὶ
3361 4431 3390 4485 ὁ
3445 4431 3540 4504 μὲν
3592 4432 3698 4488 Αἰ-

2034 4512 2275 4587 γυπτίων
2337 4513 2777 4593 ἀρχιστράτηγος
2838 4519 3087 4592 Τοῦσπερ
3142 4522 3223 4589 τῷ
3275 4516 3536 4598 αἰφνιδίῳ
3593 4528 3702 4593 τῆς

2035 4598 2233 4679 ἐφόδου
2262 4603 2353 4656 καὶ
2383 4608 2463 4675 τῷ
2493 4601 2696 4674 πλήθει
2739 4606 3109 4682 καταπλαγεὶς
3156 4603 3341 4662 οἴκαδε
3394 4608 3703 4682 ὗπενόστη-

2035 4709 2145 4744 σεν·
2182 4688 2305 4745 οὐδὲ
2334 4688 2533 4767 ἤνεγκε
2591 4690 2648 4748 δὲ
2697 4690 2809 4748 οὐδ’
2842 4695 2870 4748 ὁ
2900 4693 3198 4773 Μουσάραφ
3255 4696 3356 4764 τὴν
3412 4695 3705 4755 ἐπέλευσιν

2032 4784 2142 4835 τῶν
2194 4777 2502 4854 πολεμίων,
2536 4780 2683 4837 ἀλλὰ
2735 4784 2827 4839 τὸν
2885 4789 3122 4840 Μενῖκον
3180 4785 3332 4863 ἀφεὶς
3379 4782 3545 4864 ἔφυγε
3597 4792 3699 4845 καὶ

2027 4870 2153 4945 περὶ
2190 4869 2258 4925 τὰ
2306 4869 2431 4945 ὅρια
2487 4869 2813 4947 Τριπόλεως
2865 4872 3149 4949 συσχεθεὶς
3199 4873 3459 4949 ἀνῃρᾶθη.
3495 4883 3698 4953 Παρει-

2028 4958 2235 5038 λήφασι
2282 4957 2339 5015 δὶ
2388 4962 2442 5015 οἱ
2483 4961 2609 5035 περὶ
2654 4962 2749 5017 τὸν
2805 4964 3126 5018 Θεόκτιστον
3184 4961 3315 5019 αὐτό
3343 4984 3403 5019 τε
3431 4966 3495 5021 τὸ
3526 4968 3694 5043 φρού-

2030 5068 2143 5124 ριον
2199 5051 2293 5105 τὸν
2352 5055 2605 5125 Μενῖκον,
2638 5048 2944 5125 παραδοθὲν
2994 5050 3181 5114 αὐτοῖς
3218 5052 3321 5107 ὑπὸ
3352 5051 3698 5131 ἀδελφόπαι-

1486 5280 1843 5339 XYLANDRI
1882 5280 1975 5339 ET
2015 5282 2239 5341 GOARI
2281 5281 2517 5341 NOTIE.

358 5442 445 5511 83)
480 5439 716 5498 Galatia;
748 5428 912 5496 urbe.
946 5436 1130 5493 Goaa.

358 5443 445 5511 83)
480 5443 716 5498 Galatia;
748 5443 912 5496 urbe.
946 5443 1130 5493 Goaa.

335 5443 463 5587 E8”
494 5514 798 5587 Exercitus
842 5512 1229 5587 imperatorem
1274 5510 1323 5564 et
1365 5525 1641 5587 summum
1687 5508 1906 5587 ducem_.

263 5580 543 5655 Syhesius
572 5588 733 5655 ()rat.
752 5584 839 5655 ,de
869 5580 1065 5655 Regno
1095 5596 1109 5637 :
1145 5580 1551 5655 ᾼυτοκράτορες
1583 5580 1716 5655 εἶναι
1745 5584 1917 5655 ποιεῖς

263 5606 300 5643 δ
344 5606 543 5644 ηθειυε
572 5606 733 5642 υιἚῐο.
767 5606 839 5639 ue
869 5606 1065 5653 ncguu
1096 5606 1109 5637 ;
1146 5606 1551 5655 δυτυκρατυρες
1583 5606 1716 5635 ειναι
1745 5606 1914 5636 ποιει-

262 5606 372 5723 σθΥε.
433 5657 494 5719 Ὀ
579 5653 639 5715 δὶ
707 5650 1063 5733 αὐτοκράτωρ
1142 5647 1317 5730 ὄνομα
1397 5651 1729 5734 στρατηγίας
1802 5649 1914 5711 tu!

2025 5436 2201 5525 πάντα
2255 5439 2432 5525 ποιεῖν
2479 5436 2816 5525 ὗπρστάσης.
2867 5439 2967 5525 Καὶ
3017 5442 3332 5525 Ἰφικράτης
3376 5443 3466 5501 καὶ
3524 5452 3695 5525 Περι-

2025 5507 2210 5641 δὸξίἓ.
2254 5506 2448 5565 ἔπλεον
2518 5506 2819 5585 Ἀθήνηθεν
2894 5506 3328 5594 αὖτοκράτδρεξ
3365 5506 3685 5597 στρατηγδί.
