4036 6194
286 267 408 326 229
1444 264 1988 328 HISTORIARUM
2034 262 2193 326 COM
2205 264 2573 327 PENDlUM.
3593 270 3713 334 230

290 394 380 458 δος
428 397 530 450 τοῦ
593 393 915 474 Μουσᾶραφ,
972 394 1064 452 καὶ
1129 390 1310 472 ἕτερον
1342 394 1600 474 φρούριον
1655 393 1743 451 ἐπὶ
1799 415 1948 458 τινος

2071 395 2353 453 Liberavit
2418 397 2595 453 etiam
2654 395 3175 471 Chmrosphactum
3253 402 3313 455 et
3385 400 3509 458 suis
3576 402 3708 459 red-

283 485 575 557 ἆποτόμου
624 485 873 560 κείμενον
933 487 1153 560 πὲτρας,
1212 486 1274 540 τὸ
1325 484 1622 560 λεγόμενον
1689 484 1951 561 Ἀργυρό-
2064 485 2236 541 didit.

280 580 734 650 καστρον.Ταῦτα
793 572 850 629 δὶ
933 572 1076 629 οὕτω
1159 574 1633 648 καταστησάμενος
1717 576 1745 630 6
1830 573 2146 635 Θεόκτιστος
2227 574 2477 640 εἰσῆλθεν
2552 574 2629 639 εἰς
2696 576 2795 644 τὴν
2860 573 3134 651 βασιλίδα,
3193 574 3525 651 ἐπαγόμενος
3575 598 3701 650 μευ-

283 664 473 719 ὶαυτοῦ
502 665 598 719 καὶ
646 664 821 741 Ἀλᾶχ
874 666 967 720 τὸν
1024 668 1121 719 τοῦ
1170 665 1451 740 Ηινζαρᾶχ
1516 664 1654 734 υἹὸν,
1712 664 1769 717 ’ὸν
1823 664 1911 718 καὶ
1972 663 2396 738 πατρικιότητος
2450 666 2477 719 6
2538 664 2887 740 αὐτοκράτωρ
2948 664 3166 738 ἠξίωσε.
3201 666 3435 720 Κατόπιν
3471 664 3528 721 δὲ
3570 668 3709 735 ἦλθε

281 753 368 809 καὶ
425 755 454 808 6
507 754 814 831 Ιῐινζαράυχ,
864 760 1328 829 προπεμπόμενος
1378 755 1467 809 καὶ
1527 751 1999 835 δορυφορούμενος
2054 754 2200 828 ποιρᾶ
2253 758 2350 808 τοῦ
2409 754 2850 829 χρηματίσαντος
2910 753 3176 830 ἄρχοντος
3227 754 3566 830 Ἀντιοχείας
3611 761 3705 810 Νι-

284 843 425 911 κήτα
474 847 577 898 τοῦ
635 844 695 897 ὲκ
752 843 1014 904 Μισθείας
1051 861 1063 874 ·
1120 843 1177 897 ’ὸν
1239 844 1267 898 6
1331 842 1585 917 βασιλεὺς
1639 841 1988 921 φιλοφρόνως
2057 839 2461 916 ἀποδεξάμενος
2530 842 2620 897 καὶ
2681 839 2879 916 δώροις
2930 844 3018 897 καὶ
3074 843 3395 919 εὐεργεσίαις
3456 841 3710 914 δεξιωσά-

288 952 446 1003 μενος
502 932 571 986 οὐ
624 935 847 1008 μικραῖς
906 929 1090 986 οἷ’καδε
1145 931 1413 1007 χαίροντα
1470 931 1862 1003 ἐξαπέστειλεν.
1933 928 2317 1008 Ἐλυτρώσατο
2373 929 2430 986 δὲ
2486 933 2574 986 καὶ
2644 931 2704 986 ἐκ
2754 939 2854 1002 τῆς
2910 930 3303 1007 αἰχμαλωσίας
3360 934 3451 988 τὸν
3509 934 3711 1007 Χοιρο·

286 1021 531 1095 σφάκτην
563 1021 653 1074 καὶ
688 1026 803 1082 τοῖς
835 1020 1063 1083 οἷ’κείοις
1103 1017 1367 1078 ἀπέδωκε.
1940 1076 1946 1082 ,

353 1113 463 1163 Τοῦ
493 1110 987 1186 πρωτοσπαθαρίου
1038 1108 1094 1165 δὲ
1126 1111 1402 1185 Ὀρὲστνυ,
1430 1109 1487 1167 δν
1522 1111 1622 1166 ὑπὸ
1654 1108 1943 1169 Βασιλείου

284 1203 380 1254 τοῦ
415 1197 691 1272 βασιλέως
736 1199 789 1255 ὲν
839 1198 1066 1272 Σικελίᾳ
1111 1209 1425 1279 πεμφθῆναι
1457 1202 1484 1255 6
1535 1201 1700 1275 λόγος
1727 1197 1941 1270 ἐδήλω-

286 1310 372 1343 σεν
406 1287 643 1355 ἄνωθεν,
698 1288 934 1365 ἀπείρως
982 1285 1211 1365 ἔχοντος
1263 1290 1484 1365 περὶτὰ
1539 1288 1821 1362 πολεμικὰ
1850 1290 1938 1343 καὶ

288 1378 535 1453 ἀτέχνως
598 1377 1005 1455 ἐπιχειροῦντος
1048 1384 1165 1441 τοῖς
1212 1380 1549 1454 πράγμασιν,
1599 1378 1649 1433 οἷ
1700 1378 1758 1433 ἐκ
1786 1385 1939 1431 Σικε-

286 1466 436 1529 λείας
490 1469 799 1542 Σαρακηνοὶ
868 1470 1433 1544 καιροφυκακήσαντες
1513 1468 1603 1523 καὶ
1669 1464 1937 1544 αἰφνίδιον

2123 1117 2199 1168 At
2229 1114 2287 1167 in
2322 1112 2521 1169 Sicilia
2569 1113 2804 1170 Orestes
2858 1114 3386 1186 protospatharius,
3420 1130 3596 1185 quem
3644 1131 3710 1171 eo

2051 1203 2428 1272 praemissum
2466 1203 2649 1258 fuisse
2701 1221 2731 1258 a
2783 1204 2999 1259 Basilio
3047 1204 3325 1273 diximus,
3361 1203 3709 1260 rei'bellicaa

2051 1292 2386 1363 imperitus,
2419 1309 2552 1346 cum
2587 1294 2891 1363 negotium
2937 1293 3130 1363 inepte
3178 1297 3338 1348 esset
3367 1308 3706 1365 aggressus,

2049 1380 2319 1435 Saraceni
2353 1391 2523 1453 capto
2577 1386 2840 1453 tempore
2882 1386 3176 1437 Romanos
3236 1382 3427 1437 subito
3484 1382 3696 1448 adorti,

2050 1470 2149 1541 qui
2199 1469 2461 1541 plerique
2518 1469 2749 1525 luxuria
2790 1470 3094 1526 coeliacum
3153 1471 3421 1527 morbum
3476 1476 3707 1526 contra-

288 1556 607 1630 ἐπιθέμενοι
661 1563 778 1619 τοῖς
827 1557 1145 1630 Ῥωμαίοις,
1204 1554 1313 1627 ἤδη
1347 1558 1433 1613 καὶ
1487 1557 1756 1629 κοιλιακῷ
1783 1558 1945 1627 νοσή-

2071 1564 2275 1627 Lerant,
2320 1560 2476 1614 haud
2535 1560 2743 1631 exigua
2801 1578 2898 1616 eos
2957 1560 3120 1616 clade
3179 1560 3519 1615 affecerunt.
3554 1560 3702 1615 497

292 1666 421 1720 ματι
453 1645 564 1701 ἀπὸ
612 1653 820 1722 τρυφῆς
868 1652 1300 1722 κατασχεθεῖσιν,
1349 1642 1577 1723 ὄλεθρον
1628 1646 1728 1701 οὐκ
1760 1645 1945 1721 ὀλίγον

290 1735 639 1813 εἰργάσαντο,
699 1736 1114 1810 Ἀνακτώμενος
1161 1733 1219 1790 δὲ
1272 1736 1335 1791 τὸ
1375 1736 1596 1811 γεγονὸς
1628 1734 1892 1810 ἀτύχημα
1921 1736 1948 1790 ὁ

294 1824 556 1900 βασιλεὺς
583 1823 812 1899 δύναμιν
865 1825 1168 1901 ἀξιόμαχον
1224 1827 1310 1898 [Ρ.
1347 1828 1475 1898 729]
1509 1821 1567 1880 ἔκ
1594 1845 1653 1880 τε
1684 1822 1949 1886 Ἑλλάδος

295 1915 385 1969 καὶ
429 1911 773 1977 Μακεδονίας
828 1914 1079 1989 ἀθροίσας
1137 1914 1189 1970 ἰν
1250 1915 1455 1985 Ἰταλίᾳ
1511 1914 1795 1988 ἐκπέμπει,
1853 1912 1949 1969 κᾶν

305 2001 457 2059 οὐδὲν
490 2025 541 2058 τι
604 2009 846 2079 γενναῖον
880 2000 1068 2080 δρᾶσαι
1120 2002 1337 2080 ἴσχυσεν
1388 2002 1616 2082 ἀφελείᾳ
1670 2004 1759 2059 καὶ
1791 2003 1953 2059 κακό-

298 2113 424 2162 τητι
461 2096 561 2147 τοῦ
586 2097 918 2168 στρατηγοῦ.

356 2181 550 2255 Τούτῳ
598 2186 678 2259 τῷ
734 2180 837 2237 ἔτει
894 2180 1066 2261 ,ςφλσ
1099 2184 1447 2258 τυγχάνοντι,
1497 2179 1833 2246 ἰνδικτιῶνος
1869 2179 1953 2251 ιδ’,

290 2270 380 2325 καὶ
444 2272 473 2325 6
534 2272 871 2346 Προυσιανὸς
951 2272 1212 2334 ἑκουσίως
1293 2271 1634 2348 ἀποκείρεται
1689 2273 1957 2345 μοναχὸς,

295 2361 382 2415 καὶ
417 2363 453 2428 ἡ
492 2363 680 2434 μήτηρ
738 2360 900 2416 αὐτοῦ
950 2361 1009 2416 ἐκ
1063 2362 1385 2417 Μαντινείου
1438 2383 1537 2431 της
1571 2360 1621 2416 ἒν
1644 2361 1958 2417 Βουκελλα·

300 2451 404 2525 ρίῳ
439 2455 619 2521 μονῆς
672 2451 749 2513 εἷς
790 2452 1127 2528 Θρᾳκησίους
1177 2446 1616 2524 μεταϐιϐάζεται,
1654 2452 1744 2506 καὶ
1802 2454 1956 2507 Κων-

299 2545 585 2601 παντῖνος
644 2541 933 2613 πατρίκιος
985 2542 1013 2596 6
1064 2539 1321 2615 Διογένης
1368 2535 1655 2609 ἐκϐληθεῖς
1695 2545 1793 2595 τοῦ
1822 2540 1958 2618 πόρ-

296 2650 401 2702 γου
432 2628 487 2683 ἰν
626 2634 768 2704 μονῇ
826 2635 935 2684 τῶν
981 2628 1249 2685 Στουδίου
1305 2630 1651 2705 ἀποκείρεται
1689 2630 1956 2706 μοναχός.

298 2719 356 2775 Ὀ
389 2716 449 2772 δὲ
508 2718 769 2792 βασιλεὺς
814 2720 1098 2793 Ῥωμανὸς
1149 2720 1241 2775 τὸν
1292 2721 1440 2774 οἷκον
1497 2724 1593 2774 τοῦ
1626 2723 1961 2794 Τριακοντα-

299 2806 519 2884 φύλλου
583 2808 993 2882 ἐξωνησάμενος
1071 2808 1147 2871 εἷς
1213 2810 1573 2883 μοναστήριον
1637 2809 1958 2881 μετεσκεύα-

2059 1648 2243 1712 Quam
2314 1652 2380 1703 ut
2448 1651 2762 1705 exsarciret
2839 1650 3176 1721 imperator,
3244 1665 3312 1703 ex
3381 1648 3601 1703 Graecia
3656 1654 3713 1703 et

2062 1737 2400 1793 Macedonia
2434 1737 2742 1794 collectum
2785 1738 3082 1810 egregium
3116 1738 3435 1793 exercitum
3480 1737 3538 1791 in
3594 1738 3710 1793 Ita-

2060 1826 2201 1882 liam
2260 1828 2455 1896 misit;
2511 1828 2609 1899 qui
2671 1832 2864 1882 tamen
2926 1827 3052 1898 ipse
3112 1843 3346 1899 quoque
3402 1826 3550 1881 nihil
3609 1843 3712 1898 po-

2060 1915 2174 1970 tuit
2203 1918 2544 1987 praeclarum
2595 1917 2825 1973 efﬁcere
2873 1917 2946 1972 ob
2996 1916 3164 1971 ducis
3212 1915 3506 1972 inscitiam
3537 1920 3715 1987 atque

2065 2005 2372 2060 malitiam.

2139 2180 2256 2236 Hoc
2284 2180 2413 2252 ipso
2454 2198 2607 2237 anno
2656 2181 2857 2237 mundi
2905 2182 3064 2251 6539,
3101 2182 3417 2239 indictione
3452 2185 3535 2250 14,
3571 2187 3717 2239 Pru-

2069 2270 2271 2326 sianus
2330 2289 2432 2344 pro
2493 2272 2780 2326 monacho
2839 2272 3084 2341 raditur,
3140 2273 3386 2343 ejusque
3444 2276 3628 2327 mater
3684 2289 3719 2327 a

2067 2361 2359 2417 Mantineo
2391 2361 2699 2416 Bncellarii
2726 2362 3077 2415 monasterio
3108 2362 3164 2415 in
3189 2362 3492 2416 Thraciam
3526 2368 3716 2416 trans-

2069 2452 2271 2520 fertur,
2312 2456 2367 2505 et
2415 2450 2837 2505 Constantinus
2891 2450 3173 2520 patricius
3224 2450 3531 2521 Diogenes,
3564 2450 3715 2503 turri

2068 2542 2317 2596 eductus
2349 2538 2616 2595 monachi
2669 2537 2873 2593 habitu
2909 2538 2964 2591 in
3000 2538 3351 2593 Studianum
3403 2538 3717 2609 collegium

2072 2629 2419 2685 detruditur.
2448 2629 2740 2684 Romanus
2767 2643 2933 2698 porro
2961 2628 3203 2683 domum
3226 2627 3719 2699 Triacontophylli

2070 2725 2328 2791 emptam
2365 2719 2421 2771 in
2458 2717 2876 2772 monasterium
2931 2716 3213 2771 convertit
3264 2734 3297 2771 a
3348 2718 3589 2787 Deipara
3619 2718 3718 2772 de-

2072 2809 2463 2876 nominatum,
2499 2806 2677 2861 nullis
2709 2822 2952 2878 parcens
2984 2805 3339 2877 sumptibus,
3374 2822 3714 2878 quanquam

300 2918 386 2951 σεν
419 2896 503 2952 ἐπ’
541 2897 774 2970 ὀνὸματι
824 2906 924 2968 τῆς
975 2898 1269 2969 Δεσποίνης
1315 2901 1477 2972 ἡμῶν
1527 2898 1812 2969 Θεοτόκου,
1849 2921 1953 2972 μη·

2071 2899 2198 2968 ejus
2229 2896 2632 2951 eedificationis
2684 2899 2957 2966 praetextu
2989 2895 3255 2950 subditos
3304 2894 3457 2949 haud
3494 2895 3711 2950 medio-

299 2982 492 3059 δεμιᾶς
548 2985 908 3050 πολυτελείας
988 2990 1332 3061 φεισάμενος,
1411 2987 1700 3063 συντρίψας
1773 2986 1956 3061 μέντοι

296 3080 364 3149 τῇ
397 3078 674 3151 προφάσει
731 3077 899 3151 ταύτῃ
956 3076 1019 3131 οὗ
1079 3081 1287 3151 μικρῶς
1338 3078 1400 3131 τὸ
1455 3078 1701 3147 ὑπήκοον
1743 3079 1833 3132 καὶ
1864 3100 1958 3134 κα-

298 3166 480 3227 κώσας
514 3162 568 3220 ἕν
626 3186 685 3220 τε
725 3171 846 3230 ταῖς
899 3170 1011 3220 τῶν
1055 3164 1224 3230 λίθων
1277 3165 1367 3220 καὶ
1422 3170 1530 3221 τῶν
1587 3165 1774 3222 ἄλλων
1804 3165 1962 3223 είδῶν

302 3252 679 3327 διπομιδαῖς.
738 3254 1195 3331 Καταλαμπρύνει
1263 3251 1321 3309 ὃὶ
1370 3255 1460 3309 καὶ
1518 3254 1583 3310 τὰ
1638 3251 1962 3333 κιονόκρανα

298 3351 400 3413 τῆς
450 3343 719 3418 Μεγάλης
766 3344 1092 3415 Ἐκκλησίας
1140 3345 1228 3399 καὶ
1274 3351 1375 3414 τῆς
1426 3344 1716 3420 ὑπεραγίας
1761 3352 1961 3402 Θιοτο-

299 3454 399 3488 κου
429 3438 541 3487 τῶν
585 3431 916 3509 Βλαχερνῶν
967 3432 1186 3510 ἀργύρῳ
1233 3434 1322 3488 καὶ
1372 3438 1585 3509 χρυσῷ.
1637 3433 1870 3491 Μέλλων
1904 3434 1963 3491 δὶ

300 3523 503 3578 καὶτὸ
563 3525 947 3597 θυσιαστήριον
1022 3523 1390 3577 ἐπιποιεῖσθαι
1458 3528 1566 3579 τῶν
1632 3523 1958 3601 Βλαχερνῶν

302 3610 420 3688 εῦρε
477 3613 834 3686 κρεμαμένην
889 3610 1069 3666 εἰκόνα
1135 3611 1395 3679 παλαιὰν,
1453 3613 1520 3682 ἣν
1574 3612 1958 3685 ἀνακαινισθῆ-

300 3723 383 3755 ναι
432 3700 781 3777 προσέταξεν,
839 3702 1312 3777 Ἐξαργυρωμᾶνον
1374 3698 1431 3755 δὲ
1490 3703 1554 3756 τὸ
1609 3707 1704 3757 τοῦ
1766 3702 1960 3779 τοίχου

302 3791 514 3866 χρίσμα
735 3788 864 3844 ἰδών
923 3792 1304 3864 καθαιρεθῆναι
1357 3789 1647 3865 προσὲναξε
1701 3792 1788 3847 καὶ
1839 3793 1958 3847 νέον

301 3877 570 3951 γενέσθαι,
624 3879 1048 3954 Καθαιρεθὲντος
1128 3874 1184 3932 δὲ
1256 3876 1352 3932 τοῦ
1412 3878 1718 3953 χρίσματος
1768 3880 1955 3955 εὐρέθη

305 3966 462 4022 εἴκὼν
530 3966 897 4043 ὑλογραφική,
971 3964 1213 4021 σανίδιον
1281 3966 1595 4039 ἐπιστήθιον
1654 3969 1959 4045 κρατούσης

304 4063 398 4125 τῆς
432 4056 707 4111 Θεοτόκου
736 4058 826 4111 τὸν
872 4055 1076 4131 Κύριον
1131 4056 1217 4110 καὶ
1280 4057 1407 4111 Θεὸν
1463 4060 1647 4130 ἡμῶν,
1708 4057 2017 4132 ἀμόλυντος

308 4144 468 4211 τῆσδε
499 4153 605 4215 τῆς
638 4144 871 4220 ἡμέρας,
904 4144 1039 4201 ἐτῶν
1073 4144 1400 4210 διελθόντων
1429 4148 1776 4222 τριακοσίων.

374 4240 470 4309 Τῷ
503 4234 760 4313 albenti}
807 4232 935 4303 ἔτει,
994 4233 1331 4298 ἶνδικτιῶνος
1393 4244 1470 4306 ιε’,
1524 4237 1655 4310 μηνὶ
1710 4244 1957 4312 Σεπτεμ-

311 4321 466 4401 ὅρῖῳ,
491 4323 638 4395 ἦλθε
672 4325 807 4399 πρὸς
862 4326 953 4379 τὸν
1009 4323 1233 4400 βασιλέα
1286 4326 1563 4399 Ῥωμανὸν
1601 4328 1736 4399 μετὰ
1767 4324 1957 4400 δώρων

309 4415 530 4470 πολλῶν
594 4416 625 4469 6
682 4419 778 4469 τοῦ
815 4412 1126 4471 Χαλεπίκου
1171 4415 1289 4477 υἱὸς
1331 4416 1529 4490 Ἀμερ,
1582 4415 1800 4487 ἐξαιτῶν
1832 4417 1958 4471 ἀνα-

307 4508 495 4559 νεῶσαι
536 4505 640 4573 τὴν
701 4502 923 4579 εἰρήνην
969 4503 1060 4557 καὶ
1106 4504 1234 4565 τοὺς
1284 4516 1515 4577 προσθεν
1575 4506 1835 4580 παρεχειν
1869 4506 1961 4582 φό-

305 4615 451 4668 ρους.
514 4593 617 4648 Καὶ
679 4589 744 4661 δὴ
808 4590 1093 4648 στέλλεται
1153 4592 1530 4671 Θεοφύλακτος
1580 4594 1959 4670 προτοσπαθά-

306 4705 414 4758 ριος
447 4685 476 4739 6
507 4684 810 4752 Αθηναῖος,
865 4682 956 4736 καὶ
1011 4686 1109 4744 τάς
1163 4703 1223 4737 τε
1280 4680 1513 4744 σπονδὰς
1544 4678 1837 4739 ἐϐεϐαίωσε
1866 4683 1957 4738 καὶ

307 4772 691 4848 κοινοπραγίαν
738 4772 873 4843 μετᾶ
935 4775 1041 4826 τῶν
1121 4769 1444 4826 Χαλεπιτῶν
1492 4770 1661 4836 ἔθετο.
1706 4774 1844 4842 ,Ζωὴ
1904 4769 1961 4827 δὶ

310 4862 341 4929 ἧ
393 4861 611 4937 βασιλις
674 4862 809 4935 μετὰ
864 4862 965 4929 τήν
1034 4860 1239 4935 ὕψωσιν
1314 4866 1411 4917 τοῦ
1482 4861 1666 4936 τιμίου
1727 4866 1959 4936 σταυροῦ

311 4948 583 5028 αῗονίδιογ
663 4948 975 5013 ἀπελθοῦσα
1033 4949 1109 5011 είς
1180 4950 1243 5005 τὸ
1314 4950 1539 5025 Πετρίον
1607 4952 1706 5020 τὴν
1764 4952 1958 5021 ἑαυτῆς

2070 2987 2245 3042 criter
2274 2986 2534 3057 gravavit
2563 2984 2823 3055 lapidum
2857 3001 2923 3038 ac
2956 2983 3190 3054 reliquae
3227 2985 3482 3039 materiae
3512 3001 3719 3056 conge-

2069 3076 2261 3131 renda:
2292 3073 2596 3129 molestiis.
2631 3073 2942 3127 Exornavit
2978 3072 3153 3127 etiam
3185 3072 3379 3143 capita
3408 3072 3715 3128 columna-

2072 3181 2199 3222 rum
2251 3163 2445 3233 Magni
2479 3161 2704 3233 Templi
2754 3166 2810 3216 et
2857 3160 3302 3216 Blachernensis
3350 3178 3492 3216 auro
3541 3167 3718 3233 atque

2070 3258 2331 3325 argento.
2354 3257 2618 3324 Cumque
2660 3265 2821 3305 aram
2850 3248 3299 3305 Blachernensis
3328 3249 3445 3303 fani
3478 3250 3714 3305 reficere

2068 3342 2262 3409 vellet,
2294 3345 2546 3396 veterem
2580 3338 2899 3410 imaginem
2930 3354 3280 3408 suspensam
3312 3338 3535 3392 invenit
3562 3355 3716 3394 eam-

2071 3449 2184 3504 que
2212 3428 2477 3486 renovari
2519 3429 2724 3498 jussit.
2748 3427 3006 3497 Cumque
3037 3426 3256 3482 videret
3286 3427 3439 3481 muri
3485 3426 3717 3482 incrus-

2071 3521 2347 3577 tationem
2390 3522 2631 3590 argento
2679 3514 3124 3586 tectam,jussit
3171 3514 3351 3595 adimi
3400 3520 3458 3570 et
3506 3530 3715 3570 novam

2069 3611 2215 3667 fieri.
2263 3609 2524 3665 Tectorio
2573 3622 2745 3679 opere
2802 3610 3019 3671 amoto,
3065 3603 3297 3659 inventa
3353 3608 3443 3660 est
3498 3602 3719 3674 imago,

2070 3701 2129 3756 in
2187 3698 2402 3755 tabeila
2458 3697 2751 3753 coloribus
2808 3695 3058 3767 depicta,
3112 3694 3369 3766 Deiparze
3417 3694 3719 3749 Christum

2070 3792 2143 3848 ad
2177 3796 2379 3862 pectus
2420 3786 2778 3860 applicatum
2812 3784 3098 3851 tenentis;
3140 3800 3264 3852 quae
3294 3801 3328 3839 a
3358 3784 3721 3855 Copronymo

2070 3881 2127 3936 in
2164 3881 2343 3934 istum
2370 3893 2557 3948 usque
2578 3876 2732 3930 diem
2767 3890 2870 3946 per
2898 3890 3085 3929 annos
3107 3877 3391 3929 trecentos
3412 3873 3725 3927 duraverat

2070 3972 2320 4040 integra.

2086 4055 2405 4129 διαμείνασα
2460 4053 2566 4107 ἀπὸ
2621 4055 2728 4107 τῶν
2782 4052 3003 4127 ἡμερῶν
3052 4053 3149 4104 τοῦ
3207 4047 3584 4126 Κοπρωνῦμού
3617 4045 3721 4112 ἕως

2140 4237 2292 4293 498
2332 4238 2497 4290 Anno
2550 4231 2754 4288 mundi
2802 4232 2966 4296 6540,
3011 4230 3330 4286 indictione
3377 4230 3465 4299 15,
3516 4245 3722 4284 mense

2068 4326 2414 4399 Septembri,
2447 4324 2518 4379 ad
2555 4323 2965 4392 imperatorem
2998 4321 3326 4375 Romanum
3360 4318 3565 4375 multis
3586 4335 3722 4375 cum

2070 4416 2242 4473 donis
2290 4414 2445 4470 venit
2492 4413 2686 4476 Amer,
2721 4409 2959 4480 Chalepi
3010 4408 3263 4480 praefecti
3312 4407 3490 4474 tilius,
3540 4408 3726 4463 lcedus

2070 4505 2383 4579 pristinum
2431 4501 2691 4556 renovari
2746 4503 2948 4570 petens
2979 4504 3035 4553 et
3078 4498 3387 4569 antiquum
3437 4498 3725 4552 tributum

2069 4613 2130 4651 se
2173 4591 2611 4666 persoluturum
2658 4588 3028 4660 promittens.
3062 4588 3144 4641 Ad
3200 4603 3327 4642 eam
3367 4603 3487 4641 rem
3537 4585 3723 4641 confi-

2067 4683 2330 4740 ciendam
2402 4680 2623 4735 missus
2680 4676 3151 4749 Theophylactus
3211 4674 3720 4748 protospatharius

2070 4769 2439 4829 Atheniensis
2491 4768 2681 4823 foedus
2731 4765 2946 4832 sanxit,
2978 4770 3034 4821 et
3089 4782 3224 4821 cum
3264 4764 3726 4837 Chelepensibus

2070 4862 2408 4918 societatem
2450 4855 2800 4928 composuit.
2834 4855 3118 4910 Caeterum
3150 4854 3258 4908 Zoe
3287 4855 3551 4925 Augusta
3599 4856 3731 4924 post

2068 4948 2479 5008 exaltationem
2531 4946 2723 5001 crucis
2771 4943 2966 4998 subito
3010 4943 3065 4997 in
3107 4942 3360 4997 Petrium
3411 4941 3535 5010 ivit,
3562 4957 3725 4998 soro-

1493 5121 1858 5178 XYLANDRI
1896 5122 1990 5178 ET
2030 5118 2251 5179 GOARI
2290 5116 2525 5174 NOT/E.

378 5252 489 5322 (85)
520 5250 723 5324 Capita
759 5250 1162 5317 columnarum,
1200 5249 1381 5324 Locus
1430 5252 1519 5324 est
1566 5266 1711 5324 non_
1739 5249 1960 5324 summi

316 5320 616 5395 momenti,
648 5328 707 5378 et
750 5320 1430 5395 obscurusrltiovénpava
1458 5322 1542 5377 sic
1569 5321 1738 5388 verti,
1769 5322 1963 5393 capita

316 5394 741 5467 columnarum,
800 5392 1017 5467 χρίσμα
1067 5392 1554 5467 incrustationem
1622 5409 1724 5449 seu
1780 5392 1961 5467 tecto:

318 5466 462 5542 rium
484 5484 658 5542 opus,
677 5463 1049 5542 ὁλογραφικόν
1068 5465 1364 5523 coloribus
1386 5466 1632 5542 pictum.
1652 5469 1853 5542 Neque
1870 5463 1962 5542 vel

318 5538 485 5593 nimis
516 5535 684 5594 anxie
714 5535 981 5611 sectatus
1012 5553 1142 5594 sum
1165 5535 1963 5611 vocum'proprietatem,_vel

317 5612 657 5668 contendere
683 5609 863 5669 velim
912 5625 1009 5667 me
1053 5610 1252 5668 omnia
1280 5608 1796 5669 esse'asseoutum.
1826 5608 1963 5669 Xrn.

2066 5278 2137 5290 --
2164 5246 2236 5301 Τὸ
2262 5247 2358 5299 τοῦ
2404 5241 2602 5317 τοίχου
2648 5240 2863 5317 χρίσμα
2911 5240 3265 5317 interpretor
3307 5241 3476 5317 _muri
3528 5244 3726 5317 [aciem

2072 5319 2361 5376 bracteolis
2410 5313 2690 5389 argenteis
2717 5316 2956 5386 pictorio
3002 5313 3154 5369 more
3212 5314 3455 5389 (initam,
3512 5313 3725 5389 χρίσμα

2070 5392 2362 5463 siquidem
2418 5388 2701 5463 piclorum
2730 5392 2866 5463 _est,
2895 5387 3566 5463 non__argentariorum;
3603 5401 3724 5463 nec

2071 5481 2105 5537 q
2117 5456 2389 5535 u‘isquam
2412 5456 2705 5537 argenteis
2730 5458 2984 5537 laminis‘
2996 5456 3420 5517 Blachernense
3438 5458 3723 5530 templum

2072 5531 2576 5595 circumvestitum
2607 5536 2913 5588 memorat.
2945 5531 3127 5589 Gom.
