  <div class='ocr_page' id='page_1' title='image "/cluster/home/n/w/nwhite01/storage/ocr_20150623/122/hvd.32044073502460/125.png"; bbox 0 0 4036 6194; ppageno 0'>
   <div class='ocr_carea' id='block_1_1' title="bbox 325 324 438 383">
    <p class='ocr_par' dir='ltr' id='par_1_1' title="bbox 325 324 438 383">
     <span class='ocr_line' id='line_1_1' title="bbox 325 324 438 383; baseline 0 0"><span class='ocrx_word' id='word_1_1' title='bbox 325 324 438 383; x_wconf 70' lang='grc'>231</span> 
     </span>
    </p>
   </div>
   <div class='ocr_carea' id='block_1_2' title="bbox 1691 314 2393 375">
    <p class='ocr_par' dir='ltr' id='par_1_2' title="bbox 1691 314 2393 375">
     <span class='ocr_line' id='line_1_2' title="bbox 1691 314 2393 375; baseline -0.003 0"><span class='ocrx_word' id='word_1_2' title='bbox 1691 314 2012 375; x_wconf 77' lang='lat' dir='ltr'>GEORGII</span> <span class='ocrx_word' id='word_1_3' title='bbox 2057 314 2393 375; x_wconf 80' lang='lat' dir='ltr'>CEDllENl</span> 
     </span>
    </p>
   </div>
   <div class='ocr_carea' id='block_1_3' title="bbox 3624 313 3751 373">
    <p class='ocr_par' dir='ltr' id='par_1_3' title="bbox 3624 313 3751 373">
     <span class='ocr_line' id='line_1_3' title="bbox 3624 313 3751 373; baseline 0 -1"><span class='ocrx_word' id='word_1_4' title='bbox 3624 313 3751 373; x_wconf 75' lang='lat'>232</span> 
     </span>
    </p>
   </div>
   <div class='ocr_carea' id='block_1_4' title="bbox 328 441 1980 526">
    <p class='ocr_par' dir='ltr' id='par_1_4' title="bbox 328 448 1976 526">
     <span class='ocr_line' id='line_1_4' title="bbox 328 448 1976 526; baseline -0.005 -14"><span class='ocrx_word' id='word_1_5' title='bbox 328 469 572 526; x_wconf 89' lang='lat' dir='ltr'>remque</span> <span class='ocrx_word' id='word_1_6' title='bbox 615 468 784 510; x_wconf 90' lang='lat' dir='ltr'>suam</span> <span class='ocrx_word' id='word_1_7' title='bbox 825 452 1192 510; x_wconf 83' lang='lat' dir='ltr'>Theodoram</span> <span class='ocrx_word' id='word_1_8' title='bbox 1238 467 1433 508; x_wconf 88' lang='lat' dir='ltr'>rasam</span> <span class='ocrx_word' id='word_1_9' title='bbox 1466 450 1526 506; x_wconf 90' lang='lat' dir='ltr'>in</span> <span class='ocrx_word' id='word_1_10' title='bbox 1557 448 1976 506; x_wconf 87' lang='lat' dir='ltr'>monacharum</span> 
     </span>
    </p>
   </div>
   <div class='ocr_carea' id='block_1_5' title="bbox 2097 441 3754 526">
    <p class='ocr_par' dir='ltr' id='par_1_5' title="bbox 2097 441 3754 521">
     <span class='ocr_line' id='line_1_5' title="bbox 2097 441 3754 521; baseline 0.001 -21"><span class='ocrx_word' id='word_1_11' title='bbox 2097 442 2338 521; x_wconf 76' lang='grc' dir='ltr'>ἀδελφὴν</span> <span class='ocrx_word' id='word_1_12' title='bbox 2424 441 2707 520; x_wconf 85' lang='grc' dir='ltr'>Θεοδώραν</span> <span class='ocrx_word' id='word_1_13' title='bbox 2791 441 3042 519; x_wconf 75' lang='grc' dir='ltr'>ἀπέκειρε</span> <span class='ocrx_word' id='word_1_14' title='bbox 3125 443 3402 519; x_wconf 75' lang='grc' dir='ltr'>μοναχὴν,</span> <span class='ocrx_word' id='word_1_15' title='bbox 3481 441 3754 502; x_wconf 71' lang='grc' dir='ltr'>ἀδύνατον</span> 
     </span>
    </p>
   </div>
   <div class='ocr_carea' id='block_1_6' title="bbox 325 539 1980 616">
    <p class='ocr_par' dir='ltr' id='par_1_6' title="bbox 325 539 1980 616">
     <span class='ocr_line' id='line_1_6' title="bbox 325 539 1980 616; baseline -0.005 -16"><span class='ocrx_word' id='word_1_16' title='bbox 325 546 587 600; x_wconf 83' lang='lat' dir='ltr'>ordinem</span> <span class='ocrx_word' id='word_1_17' title='bbox 640 543 886 616; x_wconf 81' lang='lat' dir='ltr'>redegit,</span> <span class='ocrx_word' id='word_1_18' title='bbox 928 547 1167 599; x_wconf 83' lang='lat' dir='ltr'>causata</span> <span class='ocrx_word' id='word_1_19' title='bbox 1221 541 1390 597; x_wconf 82' lang='lat' dir='ltr'>aliter</span> <span class='ocrx_word' id='word_1_20' title='bbox 1436 542 1610 596; x_wconf 81' lang='lat' dir='ltr'>finem</span> <span class='ocrx_word' id='word_1_21' title='bbox 1662 539 1892 594; x_wconf 85' lang='lat' dir='ltr'>insidiis</span> <span class='ocrx_word' id='word_1_22' title='bbox 1924 542 1980 594; x_wconf 87' lang='lat' dir='ltr'>et</span> 
     </span>
    </p>
   </div>
   <div class='ocr_carea' id='block_1_7' title="bbox 323 628 1980 705">
    <p class='ocr_par' dir='ltr' id='par_1_7' title="bbox 323 628 1980 705">
     <span class='ocr_line' id='line_1_7' title="bbox 323 628 1980 705; baseline -0.006 -14"><span class='ocrx_word' id='word_1_23' title='bbox 323 633 562 691; x_wconf 73' lang='lat' dir='ltr'>offensis</span> <span class='ocrx_word' id='word_1_24' title='bbox 593 650 708 689; x_wconf 89' lang='lat' dir='ltr'>non</span> <span class='ocrx_word' id='word_1_25' title='bbox 742 649 914 704; x_wconf 86' lang='lat' dir='ltr'>posse</span> <span class='ocrx_word' id='word_1_26' title='bbox 947 632 1191 705; x_wconf 86' lang='lat' dir='ltr'>imponi.</span> <span class='ocrx_word' id='word_1_27' title='bbox 1224 632 1402 686; x_wconf 90' lang='lat' dir='ltr'>Suam</span> <span class='ocrx_word' id='word_1_28' title='bbox 1436 645 1672 701; x_wconf 89' lang='lat' dir='ltr'>quoque</span> <span class='ocrx_word' id='word_1_29' title='bbox 1703 644 1770 684; x_wconf 88' lang='lat' dir='ltr'>ex</span> <span class='ocrx_word' id='word_1_30' title='bbox 1803 628 1980 682; x_wconf 82' lang='lat' dir='ltr'>fratre</span> 
     </span>
    </p>
   </div>
   <div class='ocr_carea' id='block_1_8' title="bbox 325 717 1976 796">
    <p class='ocr_par' dir='ltr' id='par_1_8' title="bbox 325 717 1976 796">
     <span class='ocr_line' id='line_1_8' title="bbox 325 717 1976 796; baseline -0.005 -17"><span class='ocrx_word' id='word_1_31' title='bbox 325 729 560 796; x_wconf 88' lang='lat' dir='ltr'>neptem</span> <span class='ocrx_word' id='word_1_32' title='bbox 595 727 896 779; x_wconf 80' lang='lat' dir='ltr'>Romanus</span> <span class='ocrx_word' id='word_1_33' title='bbox 931 739 1147 794; x_wconf 89' lang='lat' dir='ltr'>magna</span> <span class='ocrx_word' id='word_1_34' title='bbox 1179 738 1310 776; x_wconf 91' lang='lat' dir='ltr'>cum</span> <span class='ocrx_word' id='word_1_35' title='bbox 1356 720 1489 776; x_wconf 86' lang='lat' dir='ltr'>dote</span> <span class='ocrx_word' id='word_1_36' title='bbox 1536 717 1821 774; x_wconf 77' lang='lat' dir='ltr'>Armeniae</span> <span class='ocrx_word' id='word_1_37' title='bbox 1853 733 1976 772; x_wconf 87' lang='lat' dir='ltr'>ma-</span> 
     </span>
    </p>
   </div>
   <div class='ocr_carea' id='block_1_9' title="bbox 321 809 1978 886">
    <p class='ocr_par' dir='ltr' id='par_1_9' title="bbox 321 809 1978 886">
     <span class='ocr_line' id='line_1_9' title="bbox 321 809 1978 886; baseline -0.004 -17"><span class='ocrx_word' id='word_1_38' title='bbox 321 829 448 885; x_wconf 65' lang='lat' dir='ltr'>gna:</span> <span class='ocrx_word' id='word_1_39' title='bbox 489 813 692 886; x_wconf 88' lang='lat' dir='ltr'>regulo</span> <span class='ocrx_word' id='word_1_40' title='bbox 746 816 992 885; x_wconf 90' lang='lat' dir='ltr'>nuptum</span> <span class='ocrx_word' id='word_1_41' title='bbox 1044 811 1223 867; x_wconf 87' lang='lat' dir='ltr'>dedit.</span> <span class='ocrx_word' id='word_1_42' title='bbox 1254 811 1583 865; x_wconf 81' lang='lat' dir='ltr'>Secundum</span> <span class='ocrx_word' id='word_1_43' title='bbox 1616 809 1735 864; x_wconf 71' lang='lat' dir='ltr'>hazc</span> <span class='ocrx_word' id='word_1_44' title='bbox 1767 810 1978 864; x_wconf 91' lang='lat' dir='ltr'>iterum</span> 
     </span>
    </p>
   </div>
   <div class='ocr_carea' id='block_1_10' title="bbox 321 899 1980 974">
    <p class='ocr_par' dir='ltr' id='par_1_10' title="bbox 321 899 1980 974">
     <span class='ocr_line' id='line_1_10' title="bbox 321 899 1980 974; baseline -0.004 -16"><span class='ocrx_word' id='word_1_45' title='bbox 321 903 382 957; x_wconf 88' lang='lat' dir='ltr'>in</span> <span class='ocrx_word' id='word_1_46' title='bbox 415 904 641 974; x_wconf 83' lang='lat' dir='ltr'>Syriam</span> <span class='ocrx_word' id='word_1_47' title='bbox 675 903 962 958; x_wconf 89' lang='lat' dir='ltr'>ducturus</span> <span class='ocrx_word' id='word_1_48' title='bbox 1000 901 1334 956; x_wconf 87' lang='lat' dir='ltr'>Mesanacta</span> <span class='ocrx_word' id='word_1_49' title='bbox 1364 899 1540 955; x_wconf 91' lang='lat' dir='ltr'>venit.</span> <span class='ocrx_word' id='word_1_50' title='bbox 1575 899 1657 955; x_wconf 88' lang='lat' dir='ltr'>Ibi</span> <span class='ocrx_word' id='word_1_51' title='bbox 1706 915 1772 954; x_wconf 93' lang='lat' dir='ltr'>eo</span> <span class='ocrx_word' id='word_1_52' title='bbox 1821 913 1980 953; x_wconf 88' lang='lat' dir='ltr'>com-</span> 
     </span>
    </p>
   </div>
   <div class='ocr_carea' id='block_1_11' title="bbox 328 985 1981 1062">
    <p class='ocr_par' dir='ltr' id='par_1_11' title="bbox 328 985 1981 1062">
     <span class='ocr_line' id='line_1_11' title="bbox 328 985 1981 1062; baseline -0.005 -14"><span class='ocrx_word' id='word_1_53' title='bbox 328 997 615 1061; x_wconf 87' lang='lat' dir='ltr'>morante,</span> <span class='ocrx_word' id='word_1_54' title='bbox 650 997 770 1047; x_wconf 73' lang='lat' dir='ltr'>Zoae</span> <span class='ocrx_word' id='word_1_55' title='bbox 816 995 1092 1062; x_wconf 67' lang='lat' dir='ltr'>Augustae</span> <span class='ocrx_word' id='word_1_56' title='bbox 1133 989 1522 1061; x_wconf 85' lang='lat' dir='ltr'>Theophanes</span> <span class='ocrx_word' id='word_1_57' title='bbox 1553 985 1981 1044; x_wconf 68' lang='lat' dir='ltr'>Thessalonica:</span> 
     </span>
    </p>
   </div>
   <div class='ocr_carea' id='block_1_12' title="bbox 323 1077 1983 1153">
    <p class='ocr_par' dir='ltr' id='par_1_12' title="bbox 323 1077 1983 1153">
     <span class='ocr_line' id='line_1_12' title="bbox 323 1077 1983 1153; baseline -0.003 -17"><span class='ocrx_word' id='word_1_58' title='bbox 323 1082 636 1153; x_wconf 87' lang='lat' dir='ltr'>episcopus</span> <span class='ocrx_word' id='word_1_59' title='bbox 721 1080 940 1136; x_wconf 84' lang='lat' dir='ltr'>indicat</span> <span class='ocrx_word' id='word_1_60' title='bbox 1013 1079 1461 1136; x_wconf 88' lang='lat' dir='ltr'>Constantinum</span> <span class='ocrx_word' id='word_1_61' title='bbox 1542 1077 1860 1150; x_wconf 82' lang='lat' dir='ltr'>Diogenem</span> <span class='ocrx_word' id='word_1_62' title='bbox 1927 1079 1983 1131; x_wconf 89' lang='lat' dir='ltr'>et</span> 
     </span>
    </p>
   </div>
   <div class='ocr_carea' id='block_1_13' title="bbox 323 1165 1979 1240">
    <p class='ocr_par' dir='ltr' id='par_1_13' title="bbox 323 1165 1979 1240">
     <span class='ocr_line' id='line_1_13' title="bbox 323 1165 1979 1240; baseline -0.004 -14"><span class='ocrx_word' id='word_1_63' title='bbox 323 1170 687 1226; x_wconf 86' lang='lat' dir='ltr'>Theodoram</span> <span class='ocrx_word' id='word_1_64' title='bbox 737 1185 799 1224; x_wconf 91' lang='lat' dir='ltr'>re</span> <span class='ocrx_word' id='word_1_65' title='bbox 850 1169 1005 1224; x_wconf 91' lang='lat' dir='ltr'>inter</span> <span class='ocrx_word' id='word_1_66' title='bbox 1051 1185 1114 1225; x_wconf 91' lang='lat' dir='ltr'>se</span> <span class='ocrx_word' id='word_1_67' title='bbox 1164 1168 1493 1240; x_wconf 88' lang='lat' dir='ltr'>composita</span> <span class='ocrx_word' id='word_1_68' title='bbox 1539 1167 1873 1223; x_wconf 79' lang='lat' dir='ltr'>instituisse</span> <span class='ocrx_word' id='word_1_69' title='bbox 1920 1165 1979 1220; x_wconf 90' lang='lat' dir='ltr'>in</span> 
     </span>
    </p>
   </div>
   <div class='ocr_carea' id='block_1_14' title="bbox 323 1249 1981 1331">
    <p class='ocr_par' dir='ltr' id='par_1_14' title="bbox 323 1249 1981 1331">
     <span class='ocr_line' id='line_1_14' title="bbox 323 1249 1981 1331; baseline -0.002 -17"><span class='ocrx_word' id='word_1_70' title='bbox 323 1249 618 1331; x_wconf 79' lang='lat' dir='ltr'>Illyricum</span> <span class='ocrx_word' id='word_1_71' title='bbox 669 1260 968 1330; x_wconf 86' lang='lat' dir='ltr'>aufugere,</span> <span class='ocrx_word' id='word_1_72' title='bbox 1003 1259 1234 1314; x_wconf 89' lang='lat' dir='ltr'>conscio</span> <span class='ocrx_word' id='word_1_73' title='bbox 1289 1258 1367 1313; x_wconf 85' lang='lat' dir='ltr'>rei</span> <span class='ocrx_word' id='word_1_74' title='bbox 1421 1257 1794 1328; x_wconf 88' lang='lat' dir='ltr'>metrOpolita</span> <span class='ocrx_word' id='word_1_75' title='bbox 1837 1255 1981 1328; x_wconf 84' lang='lat' dir='ltr'>Dyr-</span> 
     </span>
    </p>
   </div>
   <div class='ocr_carea' id='block_1_15' title="bbox 323 1345 1981 1420">
    <p class='ocr_par' dir='ltr' id='par_1_15' title="bbox 323 1345 1981 1420">
     <span class='ocr_line' id='line_1_15' title="bbox 323 1345 1981 1420; baseline -0.002 -18"><span class='ocrx_word' id='word_1_76' title='bbox 323 1347 507 1402; x_wconf 88' lang='lat' dir='ltr'>rachii</span> <span class='ocrx_word' id='word_1_77' title='bbox 557 1351 613 1403; x_wconf 87' lang='lat' dir='ltr'>et</span> <span class='ocrx_word' id='word_1_78' title='bbox 659 1348 931 1420; x_wconf 90' lang='lat' dir='ltr'>episcopo</span> <span class='ocrx_word' id='word_1_79' title='bbox 990 1347 1362 1403; x_wconf 88' lang='lat' dir='ltr'>Peritheorio.</span> <span class='ocrx_word' id='word_1_80' title='bbox 1398 1345 1558 1401; x_wconf 92' lang='lat' dir='ltr'>Illico</span> <span class='ocrx_word' id='word_1_81' title='bbox 1610 1345 1790 1417; x_wconf 82' lang='lat' dir='ltr'>igitur</span> <span class='ocrx_word' id='word_1_82' title='bbox 1835 1345 1981 1400; x_wconf 87' lang='lat' dir='ltr'>arri-</span> 
     </span>
    </p>
   </div>
   <div class='ocr_carea' id='block_1_16' title="bbox 323 1435 1978 1510">
    <p class='ocr_par' dir='ltr' id='par_1_16' title="bbox 323 1435 1978 1510">
     <span class='ocr_line' id='line_1_16' title="bbox 323 1435 1978 1510; baseline -0.002 -19"><span class='ocrx_word' id='word_1_83' title='bbox 323 1437 569 1508; x_wconf 88' lang='lat' dir='ltr'>piuntur</span> <span class='ocrx_word' id='word_1_84' title='bbox 599 1441 656 1492; x_wconf 90' lang='lat' dir='ltr'>et</span> <span class='ocrx_word' id='word_1_85' title='bbox 684 1436 940 1510; x_wconf 87' lang='lat' dir='ltr'>episcopi</span> <span class='ocrx_word' id='word_1_86' title='bbox 983 1441 1039 1492; x_wconf 90' lang='lat' dir='ltr'>et</span> <span class='ocrx_word' id='word_1_87' title='bbox 1084 1437 1390 1507; x_wconf 87' lang='lat' dir='ltr'>Diogenes.</span> <span class='ocrx_word' id='word_1_88' title='bbox 1426 1435 1550 1506; x_wconf 88' lang='lat' dir='ltr'>Hic,</span> <span class='ocrx_word' id='word_1_89' title='bbox 1583 1451 1717 1491; x_wconf 91' lang='lat' dir='ltr'>cum</span> <span class='ocrx_word' id='word_1_90' title='bbox 1751 1435 1810 1490; x_wconf 91' lang='lat' dir='ltr'>in</span> <span class='ocrx_word' id='word_1_91' title='bbox 1845 1450 1978 1489; x_wconf 89' lang='lat' dir='ltr'>eum</span> 
     </span>
    </p>
   </div>
   <div class='ocr_carea' id='block_1_17' title="bbox 325 1523 1978 1598">
    <p class='ocr_par' dir='ltr' id='par_1_17' title="bbox 325 1523 1978 1598">
     <span class='ocr_line' id='line_1_17' title="bbox 325 1523 1978 1598; baseline -0.002 -18"><span class='ocrx_word' id='word_1_92' title='bbox 325 1527 569 1598; x_wconf 62' lang='lat' dir='ltr'>quaestio</span> <span class='ocrx_word' id='word_1_93' title='bbox 600 1531 964 1581; x_wconf 83' lang='lat' dir='ltr'>exerceretur</span> <span class='ocrx_word' id='word_1_94' title='bbox 993 1525 1051 1580; x_wconf 91' lang='lat' dir='ltr'>in</span> <span class='ocrx_word' id='word_1_95' title='bbox 1079 1525 1294 1597; x_wconf 88' lang='lat' dir='ltr'>palatio</span> <span class='ocrx_word' id='word_1_96' title='bbox 1320 1543 1353 1580; x_wconf 89' lang='lat' dir='ltr'>a</span> <span class='ocrx_word' id='word_1_97' title='bbox 1383 1525 1612 1580; x_wconf 82' lang='lat' dir='ltr'>Joanne</span> <span class='ocrx_word' id='word_1_98' title='bbox 1644 1523 1978 1596; x_wconf 78' lang='lat' dir='ltr'>praeposito,</span> 
     </span>
    </p>
   </div>
   <div class='ocr_carea' id='block_1_18' title="bbox 325 1613 1982 1688">
    <p class='ocr_par' dir='ltr' id='par_1_18' title="bbox 325 1613 1982 1688">
     <span class='ocr_line' id='line_1_18' title="bbox 325 1613 1982 1688; baseline -0.002 -19"><span class='ocrx_word' id='word_1_99' title='bbox 325 1615 426 1686; x_wconf 91' lang='lat' dir='ltr'>qui</span> <span class='ocrx_word' id='word_1_100' title='bbox 457 1615 667 1670; x_wconf 89' lang='lat' dir='ltr'>deinde</span> <span class='ocrx_word' id='word_1_101' title='bbox 700 1615 940 1688; x_wconf 89' lang='lat' dir='ltr'>pupillis</span> <span class='ocrx_word' id='word_1_102' title='bbox 973 1615 1198 1670; x_wconf 85' lang='lat' dir='ltr'>alendis</span> <span class='ocrx_word' id='word_1_103' title='bbox 1243 1619 1333 1670; x_wconf 90' lang='lat' dir='ltr'>est</span> <span class='ocrx_word' id='word_1_104' title='bbox 1366 1613 1695 1686; x_wconf 69' lang='lat' dir='ltr'>praefectus,</span> <span class='ocrx_word' id='word_1_105' title='bbox 1721 1617 1777 1668; x_wconf 91' lang='lat' dir='ltr'>et</span> <span class='ocrx_word' id='word_1_106' title='bbox 1807 1613 1982 1667; x_wconf 83' lang='lat' dir='ltr'>fratre</span> 
     </span>
    </p>
   </div>
   <div class='ocr_carea' id='block_1_19' title="bbox 324 1701 1982 1776">
    <p class='ocr_par' dir='ltr' id='par_1_19' title="bbox 324 1701 1982 1776">
     <span class='ocr_line' id='line_1_19' title="bbox 324 1701 1982 1776; baseline -0.004 -14"><span class='ocrx_word' id='word_1_107' title='bbox 324 1703 595 1762; x_wconf 83' lang='lat' dir='ltr'>Michaeli</span> <span class='ocrx_word' id='word_1_108' title='bbox 625 1705 774 1774; x_wconf 83' lang='lat' dir='ltr'>ejus,</span> <span class='ocrx_word' id='word_1_109' title='bbox 809 1703 910 1776; x_wconf 88' lang='lat' dir='ltr'>qui</span> <span class='ocrx_word' id='word_1_110' title='bbox 942 1704 1154 1760; x_wconf 88' lang='lat' dir='ltr'>deinde</span> <span class='ocrx_word' id='word_1_111' title='bbox 1186 1704 1504 1774; x_wconf 87' lang='lat' dir='ltr'>imperator</span> <span class='ocrx_word' id='word_1_112' title='bbox 1535 1703 1665 1770; x_wconf 85' lang='lat' dir='ltr'>fuit,</span> <span class='ocrx_word' id='word_1_113' title='bbox 1695 1718 1757 1757; x_wconf 90' lang='lat' dir='ltr'>se</span> <span class='ocrx_word' id='word_1_114' title='bbox 1785 1701 1982 1773; x_wconf 87' lang='lat' dir='ltr'>ipsum</span> 
     </span>
    </p>
   </div>
   <div class='ocr_carea' id='block_1_20' title="bbox 325 1791 1981 1866">
    <p class='ocr_par' dir='ltr' id='par_1_20' title="bbox 325 1791 1981 1866">
     <span class='ocr_line' id='line_1_20' title="bbox 325 1791 1981 1866; baseline -0.001 -19"><span class='ocrx_word' id='word_1_115' title='bbox 325 1793 397 1848; x_wconf 90' lang='lat' dir='ltr'>de</span> <span class='ocrx_word' id='word_1_116' title='bbox 429 1809 596 1849; x_wconf 91' lang='lat' dir='ltr'>muro</span> <span class='ocrx_word' id='word_1_117' title='bbox 628 1793 991 1866; x_wconf 62' lang='lat' dir='ltr'>praecipitem</span> <span class='ocrx_word' id='word_1_118' title='bbox 1018 1793 1196 1859; x_wconf 86' lang='lat' dir='ltr'>dedit,</span> <span class='ocrx_word' id='word_1_119' title='bbox 1224 1794 1634 1864; x_wconf 89' lang='lat' dir='ltr'>confractaque</span> <span class='ocrx_word' id='word_1_120' title='bbox 1665 1791 1885 1848; x_wconf 90' lang='lat' dir='ltr'>cervice</span> <span class='ocrx_word' id='word_1_121' title='bbox 1915 1806 1981 1846; x_wconf 91' lang='lat' dir='ltr'>eo</span> 
     </span>
    </p>
   </div>
   <div class='ocr_carea' id='block_1_21' title="bbox 327 1881 1981 1955">
    <p class='ocr_par' dir='ltr' id='par_1_21' title="bbox 327 1881 1981 1955">
     <span class='ocr_line' id='line_1_21' title="bbox 327 1881 1981 1955; baseline -0.002 -17"><span class='ocrx_word' id='word_1_122' title='bbox 327 1881 591 1953; x_wconf 87' lang='lat' dir='ltr'>abjectus</span> <span class='ocrx_word' id='word_1_123' title='bbox 623 1887 713 1938; x_wconf 91' lang='lat' dir='ltr'>est</span> <span class='ocrx_word' id='word_1_124' title='bbox 762 1899 878 1955; x_wconf 90' lang='lat' dir='ltr'>quo</span> <span class='ocrx_word' id='word_1_125' title='bbox 923 1883 1196 1939; x_wconf 85' lang='lat' dir='ltr'>solebant</span> <span class='ocrx_word' id='word_1_126' title='bbox 1225 1883 1323 1954; x_wconf 91' lang='lat' dir='ltr'>qui</span> <span class='ocrx_word' id='word_1_127' title='bbox 1374 1881 1484 1938; x_wconf 89' lang='lat' dir='ltr'>sibi</span> <span class='ocrx_word' id='word_1_128' title='bbox 1537 1881 1684 1953; x_wconf 90' lang='lat' dir='ltr'>ipsis</span> <span class='ocrx_word' id='word_1_129' title='bbox 1732 1885 1981 1936; x_wconf 87' lang='lat' dir='ltr'>mortem</span> 
     </span>
    </p>
   </div>
   <div class='ocr_carea' id='block_1_22' title="bbox 327 1970 1980 2044">
    <p class='ocr_par' dir='ltr' id='par_1_22' title="bbox 327 1970 1980 2044">
     <span class='ocr_line' id='line_1_22' title="bbox 327 1970 1980 2044; baseline 0.002 -22"><span class='ocrx_word' id='word_1_130' title='bbox 327 1972 482 2026; x_wconf 74' lang='lat'>499</span> <span class='ocrx_word' id='word_1_131' title='bbox 515 1971 958 2028; x_wconf 86' lang='lat' dir='ltr'>conscivissent.</span> <span class='ocrx_word' id='word_1_132' title='bbox 991 1971 1262 2044; x_wconf 88' lang='lat' dir='ltr'>Episcopi</span> <span class='ocrx_word' id='word_1_133' title='bbox 1307 1971 1380 2026; x_wconf 91' lang='lat' dir='ltr'>ad</span> <span class='ocrx_word' id='word_1_134' title='bbox 1423 1970 1832 2043; x_wconf 85' lang='lat' dir='ltr'>imperatorem</span> <span class='ocrx_word' id='word_1_135' title='bbox 1867 1970 1980 2027; x_wconf 86' lang='lat' dir='ltr'>Me-</span> 
     </span>
    </p>
   </div>
   <div class='ocr_carea' id='block_1_23' title="bbox 326 2061 1542 2134">
    <p class='ocr_par' dir='ltr' id='par_1_23' title="bbox 326 2061 1542 2134">
     <span class='ocr_line' id='line_1_23' title="bbox 326 2061 1542 2134; baseline 0 -17"><span class='ocrx_word' id='word_1_136' title='bbox 326 2066 568 2118; x_wconf 88' lang='lat' dir='ltr'>sanacta</span> <span class='ocrx_word' id='word_1_137' title='bbox 599 2061 767 2118; x_wconf 88' lang='lat' dir='ltr'>missi</span> <span class='ocrx_word' id='word_1_138' title='bbox 799 2062 870 2118; x_wconf 88' lang='lat' dir='ltr'>ab</span> <span class='ocrx_word' id='word_1_139' title='bbox 905 2078 1088 2134; x_wconf 91' lang='lat' dir='ltr'>eoque</span> <span class='ocrx_word' id='word_1_140' title='bbox 1120 2061 1352 2118; x_wconf 90' lang='lat' dir='ltr'>dimissi</span> <span class='ocrx_word' id='word_1_141' title='bbox 1385 2065 1542 2118; x_wconf 87' lang='lat' dir='ltr'>sunt.</span> 
     </span>
    </p>
   </div>
   <div class='ocr_carea' id='block_1_24' title="bbox 394 2328 1981 2402">
    <p class='ocr_par' dir='ltr' id='par_1_24' title="bbox 394 2328 1981 2402">
     <span class='ocr_line' id='line_1_24' title="bbox 394 2328 1981 2402; baseline -0.003 -15"><span class='ocrx_word' id='word_1_142' title='bbox 394 2331 536 2387; x_wconf 87' lang='lat' dir='ltr'>Julii</span> <span class='ocrx_word' id='word_1_143' title='bbox 569 2331 792 2387; x_wconf 90' lang='lat' dir='ltr'>mensis</span> <span class='ocrx_word' id='word_1_144' title='bbox 822 2331 892 2384; x_wconf 86' lang='lat'>28</span> <span class='ocrx_word' id='word_1_145' title='bbox 926 2330 1042 2402; x_wconf 91' lang='lat' dir='ltr'>die,</span> <span class='ocrx_word' id='word_1_146' title='bbox 1074 2347 1200 2402; x_wconf 68' lang='lat' dir='ltr'>quae</span> <span class='ocrx_word' id='word_1_147' title='bbox 1248 2331 1359 2386; x_wconf 88' lang='lat' dir='ltr'>fuit</span> <span class='ocrx_word' id='word_1_148' title='bbox 1409 2328 1748 2402; x_wconf 70' lang='lat' dir='ltr'>septimanm</span> <span class='ocrx_word' id='word_1_149' title='bbox 1799 2332 1981 2395; x_wconf 75' lang='lat' dir='ltr'>sexta,</span> 
     </span>
    </p>
   </div>
   <div class='ocr_carea' id='block_1_25' title="bbox 328 2418 1985 2490">
    <p class='ocr_par' dir='ltr' id='par_1_25' title="bbox 328 2418 1985 2490">
     <span class='ocr_line' id='line_1_25' title="bbox 328 2418 1985 2490; baseline -0.003 -14"><span class='ocrx_word' id='word_1_150' title='bbox 328 2420 474 2476; x_wconf 86' lang='lat' dir='ltr'>hora</span> <span class='ocrx_word' id='word_1_151' title='bbox 503 2420 692 2476; x_wconf 89' lang='lat' dir='ltr'>noctis</span> <span class='ocrx_word' id='word_1_152' title='bbox 738 2421 1012 2486; x_wconf 88' lang='lat' dir='ltr'>secunda,</span> <span class='ocrx_word' id='word_1_153' title='bbox 1047 2420 1216 2476; x_wconf 88' lang='lat' dir='ltr'>stella</span> <span class='ocrx_word' id='word_1_154' title='bbox 1263 2421 1495 2490; x_wconf 86' lang='lat' dir='ltr'>trajecit</span> <span class='ocrx_word' id='word_1_155' title='bbox 1526 2437 1559 2474; x_wconf 90' lang='lat' dir='ltr'>a</span> <span class='ocrx_word' id='word_1_156' title='bbox 1589 2418 1828 2474; x_wconf 88' lang='lat' dir='ltr'>meridie</span> <span class='ocrx_word' id='word_1_157' title='bbox 1858 2434 1985 2472; x_wconf 89' lang='lat' dir='ltr'>vcr-</span> 
     </span>
    </p>
   </div>
   <div class='ocr_carea' id='block_1_26' title="bbox 330 2507 1984 2581">
    <p class='ocr_par' dir='ltr' id='par_1_26' title="bbox 330 2507 1984 2581">
     <span class='ocr_line' id='line_1_26' title="bbox 330 2507 1984 2581; baseline -0.002 -17"><span class='ocrx_word' id='word_1_158' title='bbox 330 2526 432 2565; x_wconf 91' lang='lat' dir='ltr'>sus</span> <span class='ocrx_word' id='word_1_159' title='bbox 492 2509 975 2581; x_wconf 88' lang='lat' dir='ltr'>septentrionem,</span> <span class='ocrx_word' id='word_1_160' title='bbox 1034 2526 1158 2580; x_wconf 74' lang='lat' dir='ltr'>qua:</span> <span class='ocrx_word' id='word_1_161' title='bbox 1218 2514 1434 2564; x_wconf 87' lang='lat' dir='ltr'>terram</span> <span class='ocrx_word' id='word_1_162' title='bbox 1491 2513 1678 2564; x_wconf 89' lang='lat' dir='ltr'>totam</span> <span class='ocrx_word' id='word_1_163' title='bbox 1738 2507 1984 2578; x_wconf 86' lang='lat' dir='ltr'>fulgore,</span> 
     </span>
    </p>
   </div>
   <div class='ocr_carea' id='block_1_27' title="bbox 331 2596 1985 2671">
    <p class='ocr_par' dir='ltr' id='par_1_27' title="bbox 331 2596 1985 2671">
     <span class='ocr_line' id='line_1_27' title="bbox 331 2596 1985 2671; baseline -0.001 -19"><span class='ocrx_word' id='word_1_164' title='bbox 331 2598 674 2654; x_wconf 88' lang='lat' dir='ltr'>illustraret.</span> <span class='ocrx_word' id='word_1_165' title='bbox 708 2598 1003 2670; x_wconf 88' lang='lat' dir='ltr'>Pauloque</span> <span class='ocrx_word' id='word_1_166' title='bbox 1044 2603 1174 2671; x_wconf 89' lang='lat' dir='ltr'>post</span> <span class='ocrx_word' id='word_1_167' title='bbox 1204 2600 1403 2654; x_wconf 89' lang='lat' dir='ltr'>tristes</span> <span class='ocrx_word' id='word_1_168' title='bbox 1452 2597 1645 2653; x_wconf 87' lang='lat' dir='ltr'>nuntii</span> <span class='ocrx_word' id='word_1_169' title='bbox 1694 2597 1765 2652; x_wconf 90' lang='lat' dir='ltr'>de</span> <span class='ocrx_word' id='word_1_170' title='bbox 1812 2596 1985 2651; x_wconf 86' lang='lat' dir='ltr'>rebus</span> 
     </span>
    </p>
   </div>
   <div class='ocr_carea' id='block_1_28' title="bbox 334 2686 1983 2758">
    <p class='ocr_par' dir='ltr' id='par_1_28' title="bbox 334 2686 1983 2758">
     <span class='ocr_line' id='line_1_28' title="bbox 334 2686 1983 2758; baseline -0.001 -16"><span class='ocrx_word' id='word_1_171' title='bbox 334 2687 614 2744; x_wconf 81' lang='lat' dir='ltr'>Romanis</span> <span class='ocrx_word' id='word_1_172' title='bbox 673 2687 836 2742; x_wconf 87' lang='lat' dir='ltr'>allati</span> <span class='ocrx_word' id='word_1_173' title='bbox 893 2693 1055 2758; x_wconf 87' lang='lat' dir='ltr'>sunt,</span> <span class='ocrx_word' id='word_1_174' title='bbox 1101 2689 1322 2744; x_wconf 91' lang='lat' dir='ltr'>Arabes</span> <span class='ocrx_word' id='word_1_175' title='bbox 1383 2688 1440 2742; x_wconf 90' lang='lat' dir='ltr'>in</span> <span class='ocrx_word' id='word_1_176' title='bbox 1500 2686 1983 2758; x_wconf 81' lang='lat' dir='ltr'>Mesopotamiam</span> 
     </span>
    </p>
   </div>
   <div class='ocr_carea' id='block_1_29' title="bbox 334 2776 1986 2849">
    <p class='ocr_par' dir='ltr' id='par_1_29' title="bbox 334 2776 1986 2849">
     <span class='ocr_line' id='line_1_29' title="bbox 334 2776 1986 2849; baseline -0.001 -19"><span class='ocrx_word' id='word_1_177' title='bbox 334 2793 524 2847; x_wconf 90' lang='lat' dir='ltr'>usque</span> <span class='ocrx_word' id='word_1_178' title='bbox 583 2777 651 2830; x_wconf 88' lang='lat' dir='ltr'>ad</span> <span class='ocrx_word' id='word_1_179' title='bbox 714 2776 1048 2832; x_wconf 83' lang='lat' dir='ltr'>Melitenam</span> <span class='ocrx_word' id='word_1_180' title='bbox 1104 2776 1382 2849; x_wconf 84' lang='lat' dir='ltr'>grassari,</span> <span class='ocrx_word' id='word_1_181' title='bbox 1444 2776 1783 2832; x_wconf 88' lang='lat' dir='ltr'>Patzinacas</span> <span class='ocrx_word' id='word_1_182' title='bbox 1840 2776 1986 2830; x_wconf 85' lang='lat' dir='ltr'>Istro</span> 
     </span>
    </p>
   </div>
   <div class='ocr_carea' id='block_1_30' title="bbox 332 2865 1986 2938">
    <p class='ocr_par' dir='ltr' id='par_1_30' title="bbox 332 2865 1986 2938">
     <span class='ocr_line' id='line_1_30' title="bbox 332 2865 1986 2938; baseline 0.001 -20"><span class='ocrx_word' id='word_1_183' title='bbox 332 2865 681 2920; x_wconf 81' lang='lat' dir='ltr'>transmisso</span> <span class='ocrx_word' id='word_1_184' title='bbox 737 2865 980 2938; x_wconf 84' lang='lat' dir='ltr'>Mysiam</span> <span class='ocrx_word' id='word_1_185' title='bbox 1032 2865 1332 2931; x_wconf 81' lang='lat' dir='ltr'>infestare,</span> <span class='ocrx_word' id='word_1_186' title='bbox 1383 2867 1704 2922; x_wconf 85' lang='lat' dir='ltr'>Saracenos</span> <span class='ocrx_word' id='word_1_187' title='bbox 1752 2881 1986 2935; x_wconf 84' lang='lat' dir='ltr'>grassa-</span> 
     </span>
    </p>
   </div>
   <div class='ocr_carea' id='block_1_31' title="bbox 335 2953 1986 3027">
    <p class='ocr_par' dir='ltr' id='par_1_31' title="bbox 335 2953 1986 3027">
     <span class='ocr_line' id='line_1_31' title="bbox 335 2953 1986 3027; baseline 0.001 -19"><span class='ocrx_word' id='word_1_188' title='bbox 335 2953 598 3010; x_wconf 89' lang='lat' dir='ltr'>tionibus</span> <span class='ocrx_word' id='word_1_189' title='bbox 629 2959 685 3009; x_wconf 92' lang='lat' dir='ltr'>et</span> <span class='ocrx_word' id='word_1_190' title='bbox 717 2955 1004 3010; x_wconf 87' lang='lat' dir='ltr'>incendiis</span> <span class='ocrx_word' id='word_1_191' title='bbox 1029 2971 1130 3010; x_wconf 90' lang='lat' dir='ltr'>ora</span> <span class='ocrx_word' id='word_1_192' title='bbox 1163 2954 1372 3027; x_wconf 80' lang='lat' dir='ltr'>Illyrici</span> <span class='ocrx_word' id='word_1_193' title='bbox 1406 2955 1664 3011; x_wconf 87' lang='lat' dir='ltr'>vexanda</span> <span class='ocrx_word' id='word_1_194' title='bbox 1693 2971 1882 3026; x_wconf 90' lang='lat' dir='ltr'>usque</span> <span class='ocrx_word' id='word_1_195' title='bbox 1913 2955 1986 3009; x_wconf 89' lang='lat' dir='ltr'>ad</span> 
     </span>
    </p>
   </div>
   <div class='ocr_carea' id='block_1_32' title="bbox 335 3042 1986 3116">
    <p class='ocr_par' dir='ltr' id='par_1_32' title="bbox 335 3042 1986 3116">
     <span class='ocr_line' id='line_1_32' title="bbox 335 3042 1986 3116; baseline -0.001 -17"><span class='ocrx_word' id='word_1_196' title='bbox 335 3045 640 3116; x_wconf 87' lang='lat' dir='ltr'>Corcyram</span> <span class='ocrx_word' id='word_1_197' title='bbox 675 3043 1020 3116; x_wconf 85' lang='lat' dir='ltr'>perrexisse.</span> <span class='ocrx_word' id='word_1_198' title='bbox 1053 3046 1130 3100; x_wconf 85' lang='lat' dir='ltr'>Ac</span> <span class='ocrx_word' id='word_1_199' title='bbox 1163 3045 1372 3116; x_wconf 89' lang='lat' dir='ltr'>reliqui</span> <span class='ocrx_word' id='word_1_200' title='bbox 1406 3061 1548 3100; x_wconf 89' lang='lat' dir='ltr'>sane</span> <span class='ocrx_word' id='word_1_201' title='bbox 1588 3044 1785 3100; x_wconf 87' lang='lat' dir='ltr'>hostes</span> <span class='ocrx_word' id='word_1_202' title='bbox 1819 3042 1986 3099; x_wconf 70' lang='lat' dir='ltr'>illaesi</span> 
     </span>
    </p>
   </div>
   <div class='ocr_carea' id='block_1_33' title="bbox 335 3132 1984 3206">
    <p class='ocr_par' dir='ltr' id='par_1_33' title="bbox 335 3132 1984 3206">
     <span class='ocr_line' id='line_1_33' title="bbox 335 3132 1984 3206; baseline 0.001 -19"><span class='ocrx_word' id='word_1_203' title='bbox 335 3133 580 3188; x_wconf 91' lang='lat' dir='ltr'>domum</span> <span class='ocrx_word' id='word_1_204' title='bbox 614 3132 910 3188; x_wconf 89' lang='lat' dir='ltr'>redierunt</span> <span class='ocrx_word' id='word_1_205' title='bbox 940 3149 952 3188; x_wconf 91' lang='lat'>:</span> <span class='ocrx_word' id='word_1_206' title='bbox 987 3134 1261 3189; x_wconf 86' lang='lat' dir='ltr'>Saraceni</span> <span class='ocrx_word' id='word_1_207' title='bbox 1295 3151 1328 3190; x_wconf 90' lang='lat' dir='ltr'>a</span> <span class='ocrx_word' id='word_1_208' title='bbox 1359 3133 1671 3206; x_wconf 80' lang='lat' dir='ltr'>Ragusinis</span> <span class='ocrx_word' id='word_1_209' title='bbox 1715 3139 1773 3189; x_wconf 92' lang='lat' dir='ltr'>et</span> <span class='ocrx_word' id='word_1_210' title='bbox 1821 3133 1984 3188; x_wconf 90' lang='lat' dir='ltr'>Nice-</span> 
     </span>
    </p>
   </div>
   <div class='ocr_carea' id='block_1_34' title="bbox 2091 528 3750 613">
    <p class='ocr_par' dir='ltr' id='par_1_34' title="bbox 2091 528 3750 613">
     <span class='ocr_line' id='line_1_34' title="bbox 2091 528 3750 613; baseline 0.001 -24"><span class='ocrx_word' id='word_1_211' title='bbox 2091 533 2276 598; x_wconf 75' lang='grc' dir='ltr'>ἄλλως</span> <span class='ocrx_word' id='word_1_212' title='bbox 2311 537 2440 591; x_wconf 76' lang='grc' dir='ltr'>εἶναι</span> <span class='ocrx_word' id='word_1_213' title='bbox 2500 536 2712 613; x_wconf 75' lang='grc' dir='ltr'>φήσασα</span> <span class='ocrx_word' id='word_1_214' title='bbox 2768 540 3039 603; x_wconf 79' lang='grc' dir='ltr'>παυθῆναι</span> <span class='ocrx_word' id='word_1_215' title='bbox 3093 533 3190 595; x_wconf 75' lang='grc' dir='ltr'>τὰς</span> <span class='ocrx_word' id='word_1_216' title='bbox 3223 528 3518 596; x_wconf 75' lang='grc' dir='ltr'>ἐπιϐουλάς</span> <span class='ocrx_word' id='word_1_217' title='bbox 3557 535 3644 590; x_wconf 82' lang='grc' dir='ltr'>καὶ</span> <span class='ocrx_word' id='word_1_218' title='bbox 3674 536 3750 590; x_wconf 74' lang='grc' dir='ltr'>τά</span> 
     </span>
    </p>
   </div>
   <div class='ocr_carea' id='block_1_35' title="bbox 2091 621 3748 701">
    <p class='ocr_par' dir='ltr' id='par_1_35' title="bbox 2091 621 3748 701">
     <span class='ocr_line' id='line_1_35' title="bbox 2091 621 3748 701; baseline 0.002 -23"><span class='ocrx_word' id='word_1_219' title='bbox 2091 623 2389 681; x_wconf 78' lang='grc' dir='ltr'>σκάνδαλα.</span> <span class='ocrx_word' id='word_1_220' title='bbox 2423 623 2635 681; x_wconf 87' lang='grc' dir='ltr'>Δέδωκε</span> <span class='ocrx_word' id='word_1_221' title='bbox 2687 621 2745 679; x_wconf 65' lang='grc' dir='ltr'>δέ</span> <span class='ocrx_word' id='word_1_222' title='bbox 2799 623 2889 679; x_wconf 84' lang='grc' dir='ltr'>καὶ</span> <span class='ocrx_word' id='word_1_223' title='bbox 2947 625 3048 694; x_wconf 77' lang='grc' dir='ltr'>τήν</span> <span class='ocrx_word' id='word_1_224' title='bbox 3098 622 3300 679; x_wconf 85' lang='grc' dir='ltr'>οἰκείαν</span> <span class='ocrx_word' id='word_1_225' title='bbox 3330 623 3545 698; x_wconf 77' lang='grc' dir='ltr'>ἀνεψιὰν</span> <span class='ocrx_word' id='word_1_226' title='bbox 3579 626 3605 680; x_wconf 82' lang='grc' dir='ltr'>ὁ</span> <span class='ocrx_word' id='word_1_227' title='bbox 3643 626 3748 701; x_wconf 88' lang='grc' dir='ltr'>βα-</span> 
     </span>
    </p>
   </div>
   <div class='ocr_carea' id='block_1_36' title="bbox 2091 710 3748 791">
    <p class='ocr_par' dir='ltr' id='par_1_36' title="bbox 2091 710 3748 791">
     <span class='ocr_line' id='line_1_36' title="bbox 2091 710 3748 791; baseline 0.001 -22"><span class='ocrx_word' id='word_1_228' title='bbox 2091 714 2273 778; x_wconf 77' lang='grc' dir='ltr'>σιλεὺς</span> <span class='ocrx_word' id='word_1_229' title='bbox 2332 717 2613 791; x_wconf 81' lang='grc' dir='ltr'>Ῥωμανὸς</span> <span class='ocrx_word' id='word_1_230' title='bbox 2665 715 2800 790; x_wconf 78' lang='grc' dir='ltr'>μετὰ</span> <span class='ocrx_word' id='word_1_231' title='bbox 2851 715 3076 772; x_wconf 82' lang='grc' dir='ltr'>πολλῶν</span> <span class='ocrx_word' id='word_1_232' title='bbox 3125 710 3289 770; x_wconf 81' lang='grc' dir='ltr'>ἔδνων</span> <span class='ocrx_word' id='word_1_233' title='bbox 3349 717 3425 778; x_wconf 81' lang='grc' dir='ltr'>εἷς</span> <span class='ocrx_word' id='word_1_234' title='bbox 3473 716 3630 785; x_wconf 78' lang='grc' dir='ltr'>εὖνὴν</span> <span class='ocrx_word' id='word_1_235' title='bbox 3661 721 3748 789; x_wconf 75' lang='grc' dir='ltr'>τῷ</span> 
     </span>
    </p>
   </div>
   <div class='ocr_carea' id='block_1_37' title="bbox 2088 803 3745 882">
    <p class='ocr_par' dir='ltr' id='par_1_37' title="bbox 2088 803 3745 882">
     <span class='ocr_line' id='line_1_37' title="bbox 2088 803 3745 882; baseline 0 -21"><span class='ocrx_word' id='word_1_236' title='bbox 2088 813 2190 877; x_wconf 83' lang='grc' dir='ltr'>τῆς</span> <span class='ocrx_word' id='word_1_237' title='bbox 2227 805 2469 881; x_wconf 80' lang='grc' dir='ltr'>μεγάλης</span> <span class='ocrx_word' id='word_1_238' title='bbox 2511 805 2799 882; x_wconf 86' lang='grc' dir='ltr'>Ἀρμενίας</span> <span class='ocrx_word' id='word_1_239' title='bbox 2851 804 3194 882; x_wconf 78' lang='grc' dir='ltr'>ἐξουσιάρχῃ.</span> <span class='ocrx_word' id='word_1_240' title='bbox 3247 803 3486 862; x_wconf 81' lang='grc' dir='ltr'>Μέλλων</span> <span class='ocrx_word' id='word_1_241' title='bbox 3532 803 3590 861; x_wconf 72' lang='grc' dir='ltr'>δὲ</span> <span class='ocrx_word' id='word_1_242' title='bbox 3621 804 3745 861; x_wconf 78' lang='grc' dir='ltr'>δευ-</span> 
     </span>
    </p>
   </div>
   <div class='ocr_carea' id='block_1_38' title="bbox 2087 891 3746 972">
    <p class='ocr_par' dir='ltr' id='par_1_38' title="bbox 2087 891 3746 972">
     <span class='ocr_line' id='line_1_38' title="bbox 2087 891 3746 972; baseline 0.001 -23"><span class='ocrx_word' id='word_1_243' title='bbox 2087 894 2244 971; x_wconf 84' lang='grc' dir='ltr'>τέραν</span> <span class='ocrx_word' id='word_1_244' title='bbox 2305 891 2564 966; x_wconf 74' lang='grc' dir='ltr'>εἰσϐολὴν</span> <span class='ocrx_word' id='word_1_245' title='bbox 2613 898 2758 972; x_wconf 86' lang='grc' dir='ltr'>τάχα</span> <span class='ocrx_word' id='word_1_246' title='bbox 2813 897 3143 966; x_wconf 78' lang='grc' dir='ltr'>ποιήσασθαι</span> <span class='ocrx_word' id='word_1_247' title='bbox 3205 896 3232 950; x_wconf 87' lang='lat'>6</span> <span class='ocrx_word' id='word_1_248' title='bbox 3295 895 3550 970; x_wconf 68' lang='grc' dir='ltr'>βασιλεὺς</span> <span class='ocrx_word' id='word_1_249' title='bbox 3603 899 3746 952; x_wconf 76' lang='grc' dir='ltr'>κατὰ</span> 
     </span>
    </p>
   </div>
   <div class='ocr_carea' id='block_1_39' title="bbox 2093 983 3744 1062">
    <p class='ocr_par' dir='ltr' id='par_1_39' title="bbox 2093 983 3744 1062">
     <span class='ocr_line' id='line_1_39' title="bbox 2093 983 3744 1062; baseline 0 -21"><span class='ocrx_word' id='word_1_250' title='bbox 2093 985 2292 1062; x_wconf 78' lang='grc' dir='ltr'>Συρίας</span> <span class='ocrx_word' id='word_1_251' title='bbox 2327 983 2548 1056; x_wconf 78' lang='grc' dir='ltr'>ἐξῆλθεν</span> <span class='ocrx_word' id='word_1_252' title='bbox 2611 984 2688 1048; x_wconf 76' lang='grc' dir='ltr'>εἷς</span> <span class='ocrx_word' id='word_1_253' title='bbox 2744 985 2811 1040; x_wconf 76' lang='grc' dir='ltr'>τὰ</span> <span class='ocrx_word' id='word_1_254' title='bbox 2861 986 3198 1042; x_wconf 86' lang='grc' dir='ltr'>Μεσάνακτα.</span> <span class='ocrx_word' id='word_1_255' title='bbox 3244 986 3449 1042; x_wconf 84' lang='grc' dir='ltr'>Ἐκεῖσε</span> <span class='ocrx_word' id='word_1_256' title='bbox 3507 983 3565 1040; x_wconf 76' lang='grc' dir='ltr'>δὲ</span> <span class='ocrx_word' id='word_1_257' title='bbox 3611 985 3744 1042; x_wconf 75' lang='grc' dir='ltr'>τοῦ-</span> 
     </span>
    </p>
   </div>
   <div class='ocr_carea' id='block_1_40' title="bbox 2089 1070 3742 1150">
    <p class='ocr_par' dir='ltr' id='par_1_40' title="bbox 2089 1070 3742 1150">
     <span class='ocr_line' id='line_1_40' title="bbox 2089 1070 3742 1150; baseline 0.001 -21"><span class='ocrx_word' id='word_1_258' title='bbox 2089 1096 2185 1129; x_wconf 90' lang='grc' dir='ltr'>του</span> <span class='ocrx_word' id='word_1_259' title='bbox 2229 1070 2660 1149; x_wconf 80' lang='grc' dir='ltr'>ἐνδιατρίϐοντος</span> <span class='ocrx_word' id='word_1_260' title='bbox 2715 1073 2976 1148; x_wconf 73' lang='grc' dir='ltr'>μηνύεται</span> <span class='ocrx_word' id='word_1_261' title='bbox 3041 1077 3110 1143; x_wconf 77' lang='grc' dir='ltr'>τῇ</span> <span class='ocrx_word' id='word_1_262' title='bbox 3173 1071 3414 1150; x_wconf 74' lang='grc' dir='ltr'>βασιλίδι</span> <span class='ocrx_word' id='word_1_263' title='bbox 3464 1078 3586 1148; x_wconf 82' lang='grc' dir='ltr'>Ζωῇ</span> <span class='ocrx_word' id='word_1_264' title='bbox 3648 1072 3742 1130; x_wconf 76' lang='grc' dir='ltr'>διὰ</span> 
     </span>
    </p>
   </div>
   <div class='ocr_carea' id='block_1_41' title="bbox 2091 1163 3746 1242">
    <p class='ocr_par' dir='ltr' id='par_1_41' title="bbox 2091 1163 3746 1242">
     <span class='ocr_line' id='line_1_41' title="bbox 2091 1163 3746 1242; baseline 0.002 -23"><span class='ocrx_word' id='word_1_265' title='bbox 2091 1165 2396 1242; x_wconf 77' lang='grc' dir='ltr'>Θεοφάνους</span> <span class='ocrx_word' id='word_1_266' title='bbox 2442 1169 2537 1219; x_wconf 88' lang='grc' dir='ltr'>τοῦ</span> <span class='ocrx_word' id='word_1_267' title='bbox 2622 1163 3022 1234; x_wconf 79' lang='grc' dir='ltr'>Θεσσαλονίκης</span> <span class='ocrx_word' id='word_1_268' title='bbox 3107 1164 3181 1226; x_wconf 86' lang='grc' dir='ltr'>ὡς</span> <span class='ocrx_word' id='word_1_269' title='bbox 3255 1170 3657 1228; x_wconf 85' lang='grc' dir='ltr'>Κωνσταντῖνος</span> <span class='ocrx_word' id='word_1_270' title='bbox 3713 1168 3746 1222; x_wconf 79' lang='grc' dir='ltr'><strong>ὁ</strong></span> 
     </span>
    </p>
   </div>
   <div class='ocr_carea' id='block_1_42' title="bbox 2091 1251 3749 1332">
    <p class='ocr_par' dir='ltr' id='par_1_42' title="bbox 2091 1251 3749 1332">
     <span class='ocr_line' id='line_1_42' title="bbox 2091 1251 3749 1332; baseline 0.001 -23"><span class='ocrx_word' id='word_1_271' title='bbox 2091 1263 2353 1330; x_wconf 88' lang='grc' dir='ltr'>Διογενης</span> <span class='ocrx_word' id='word_1_272' title='bbox 2407 1253 2939 1332; x_wconf 87' lang='grc' dir='ltr'>κοινολογησάμενος</span> <span class='ocrx_word' id='word_1_273' title='bbox 2979 1257 3047 1328; x_wconf 79' lang='grc' dir='ltr'>τῇ</span> <span class='ocrx_word' id='word_1_274' title='bbox 3097 1253 3301 1324; x_wconf 78' lang='grc' dir='ltr'>ταύτης</span> <span class='ocrx_word' id='word_1_275' title='bbox 3350 1251 3559 1331; x_wconf 77' lang='grc' dir='ltr'>ἀδελφῇ</span> <span class='ocrx_word' id='word_1_276' title='bbox 3609 1262 3749 1311; x_wconf 87' lang='grc' dir='ltr'>Θεο-</span> 
     </span>
    </p>
   </div>
   <div class='ocr_carea' id='block_1_43' title="bbox 2092 1341 3747 1420">
    <p class='ocr_par' dir='ltr' id='par_1_43' title="bbox 2092 1341 3747 1420">
     <span class='ocr_line' id='line_1_43' title="bbox 2092 1341 3747 1420; baseline 0.001 -22"><span class='ocrx_word' id='word_1_277' title='bbox 2092 1342 2241 1419; x_wconf 73' lang='grc' dir='ltr'>δώρᾳ</span> <span class='ocrx_word' id='word_1_278' title='bbox 2273 1341 2570 1420; x_wconf 87' lang='grc' dir='ltr'>ἀπόδρασιν</span> <span class='ocrx_word' id='word_1_279' title='bbox 2603 1345 2740 1420; x_wconf 85' lang='grc' dir='ltr'>πρὸς</span> <span class='ocrx_word' id='word_1_280' title='bbox 2797 1345 2859 1398; x_wconf 84' lang='grc' dir='ltr'>τὸ</span> <span class='ocrx_word' id='word_1_281' title='bbox 2908 1343 3214 1418; x_wconf 77' lang='grc' dir='ltr'>Ἰλλυρικὸν</span> <span class='ocrx_word' id='word_1_282' title='bbox 3268 1349 3492 1415; x_wconf 75' lang='grc' dir='ltr'>μελετᾷ,</span> <span class='ocrx_word' id='word_1_283' title='bbox 3536 1343 3747 1416; x_wconf 73' lang='grc' dir='ltr'>εἰδήσει</span> 
     </span>
    </p>
   </div>
   <div class='ocr_carea' id='block_1_44' title="bbox 2088 1431 3746 1510">
    <p class='ocr_par' dir='ltr' id='par_1_44' title="bbox 2088 1431 3746 1510">
     <span class='ocr_line' id='line_1_44' title="bbox 2088 1431 3746 1510; baseline 0.001 -22"><span class='ocrx_word' id='word_1_284' title='bbox 2088 1437 2183 1488; x_wconf 89' lang='grc' dir='ltr'>τοῦ</span> <span class='ocrx_word' id='word_1_285' title='bbox 2214 1431 2626 1510; x_wconf 83' lang='grc' dir='ltr'>μητροπολίτου</span> <span class='ocrx_word' id='word_1_286' title='bbox 2680 1431 2990 1509; x_wconf 64' lang='grc' dir='ltr'>Δυρραχίου</span> <span class='ocrx_word' id='word_1_287' title='bbox 3036 1434 3121 1489; x_wconf 79' lang='grc' dir='ltr'>καὶ</span> <span class='ocrx_word' id='word_1_288' title='bbox 3174 1437 3271 1488; x_wconf 88' lang='grc' dir='ltr'>τοῦ</span> <span class='ocrx_word' id='word_1_289' title='bbox 3302 1433 3599 1490; x_wconf 81' lang='grc' dir='ltr'>ἐπισκόπου</span> <span class='ocrx_word' id='word_1_290' title='bbox 3640 1441 3746 1490; x_wconf 78' lang='lat' dir='ltr'>Ile-</span> 
     </span>
    </p>
   </div>
   <div class='ocr_carea' id='block_1_45' title="bbox 2093 1520 3743 1601">
    <p class='ocr_par' dir='ltr' id='par_1_45' title="bbox 2093 1520 3743 1601">
     <span class='ocr_line' id='line_1_45' title="bbox 2093 1520 3743 1601; baseline 0.002 -23"><span class='ocrx_word' id='word_1_291' title='bbox 2093 1523 2378 1601; x_wconf 81' lang='grc' dir='ltr'>ριθεωρίου</span> <span class='ocrx_word' id='word_1_292' title='bbox 2411 1526 2545 1598; x_wconf 78' lang='grc'>(86).</span> <span class='ocrx_word' id='word_1_293' title='bbox 2578 1524 2684 1580; x_wconf 77' lang='grc' dir='ltr'>Καὶ</span> <span class='ocrx_word' id='word_1_294' title='bbox 2745 1523 2902 1586; x_wconf 79' lang='grc' dir='ltr'>εὐθὺς</span> <span class='ocrx_word' id='word_1_295' title='bbox 2955 1524 3286 1600; x_wconf 89' lang='grc' dir='ltr'>ἀνάρπαστοι</span> <span class='ocrx_word' id='word_1_296' title='bbox 3344 1520 3397 1579; x_wconf 62' lang='grc' dir='ltr'>ο²ί</span> <span class='ocrx_word' id='word_1_297' title='bbox 3427 1546 3484 1580; x_wconf 83' lang='grc' dir='ltr'>τε</span> <span class='ocrx_word' id='word_1_298' title='bbox 3515 1524 3743 1582; x_wconf 86' lang='grc' dir='ltr'>ἐπίσκο-</span> 
     </span>
    </p>
   </div>
   <div class='ocr_carea' id='block_1_46' title="bbox 2090 1611 3743 1689">
    <p class='ocr_par' dir='ltr' id='par_1_46' title="bbox 2090 1611 3743 1689">
     <span class='ocr_line' id='line_1_46' title="bbox 2090 1611 3743 1689; baseline 0.001 -21"><span class='ocrx_word' id='word_1_299' title='bbox 2090 1634 2184 1668; x_wconf 89' lang='grc' dir='ltr'>ποι</span> <span class='ocrx_word' id='word_1_300' title='bbox 2242 1612 2334 1668; x_wconf 79' lang='grc' dir='ltr'>καὶ</span> <span class='ocrx_word' id='word_1_301' title='bbox 2393 1614 2421 1668; x_wconf 97' lang='lat'>6</span> <span class='ocrx_word' id='word_1_302' title='bbox 2481 1613 2738 1689; x_wconf 81' lang='grc' dir='ltr'>Διογένης</span> <span class='ocrx_word' id='word_1_303' title='bbox 2795 1611 3059 1688; x_wconf 89' lang='grc' dir='ltr'>γίνονται.</span> <span class='ocrx_word' id='word_1_304' title='bbox 3122 1615 3206 1686; x_wconf 88' lang='grc' dir='ltr'>[Ρ.</span> <span class='ocrx_word' id='word_1_305' title='bbox 3247 1615 3375 1687; x_wconf 85' lang='grc'>730]</span> <span class='ocrx_word' id='word_1_306' title='bbox 3423 1613 3519 1668; x_wconf 72' lang='grc' dir='ltr'>Καὶ</span> <span class='ocrx_word' id='word_1_307' title='bbox 3572 1616 3600 1669; x_wconf 88' lang='lat'>6</span> <span class='ocrx_word' id='word_1_308' title='bbox 3645 1616 3743 1688; x_wconf 80' lang='grc' dir='ltr'>μὶν</span> 
     </span>
    </p>
   </div>
   <div class='ocr_carea' id='block_1_47' title="bbox 2092 1699 3748 1776">
    <p class='ocr_par' dir='ltr' id='par_1_47' title="bbox 2092 1699 3748 1776">
     <span class='ocr_line' id='line_1_47' title="bbox 2092 1699 3748 1776; baseline 0.001 -17"><span class='ocrx_word' id='word_1_309' title='bbox 2092 1705 2495 1765; x_wconf 78' lang='grc' dir='ltr'>Κωνσταντῖνος</span> <span class='ocrx_word' id='word_1_310' title='bbox 2554 1701 2879 1776; x_wconf 81' lang='grc' dir='ltr'>ἐταζὸμενος</span> <span class='ocrx_word' id='word_1_311' title='bbox 2937 1701 2987 1756; x_wconf 82' lang='grc' dir='ltr'>ἐν</span> <span class='ocrx_word' id='word_1_312' title='bbox 3047 1706 3127 1775; x_wconf 73' lang='grc' dir='ltr'>τῷ</span> <span class='ocrx_word' id='word_1_313' title='bbox 3175 1699 3423 1776; x_wconf 86' lang='grc' dir='ltr'>παλατίῳ</span> <span class='ocrx_word' id='word_1_314' title='bbox 3467 1707 3576 1758; x_wconf 87' lang='grc' dir='ltr'>τῶν</span> <span class='ocrx_word' id='word_1_315' title='bbox 3605 1705 3748 1760; x_wconf 83' lang='grc' dir='ltr'>Βλα-</span> 
     </span>
    </p>
   </div>
   <div class='ocr_carea' id='block_1_48' title="bbox 2017 1790 3750 1896">
    <p class='ocr_par' dir='ltr' id='par_1_48' title="bbox 2017 1790 3750 1896">
     <span class='ocr_line' id='line_1_48' title="bbox 2017 1790 3750 1896; baseline 0.001 -49"><span class='ocrx_word' id='word_1_316' title='bbox 2017 1797 2302 1896; x_wconf 85' lang='grc' dir='ltr'>Βχερνῶν</span> <span class='ocrx_word' id='word_1_317' title='bbox 2365 1790 2454 1848; x_wconf 81' lang='grc' dir='ltr'>διά</span> <span class='ocrx_word' id='word_1_318' title='bbox 2526 1793 2780 1849; x_wconf 78' lang='grc' dir='ltr'>Ἰωάννου</span> <span class='ocrx_word' id='word_1_319' title='bbox 2853 1796 2950 1848; x_wconf 91' lang='grc' dir='ltr'>τοῦ</span> <span class='ocrx_word' id='word_1_320' title='bbox 3029 1791 3414 1866; x_wconf 83' lang='grc' dir='ltr'>πραιποσίτου,</span> <span class='ocrx_word' id='word_1_321' title='bbox 3465 1797 3563 1847; x_wconf 92' lang='grc' dir='ltr'>τοῦ</span> <span class='ocrx_word' id='word_1_322' title='bbox 3610 1794 3750 1862; x_wconf 84' lang='grc' dir='ltr'>μετᾶ</span> 
     </span>
     <span class='ocr_line' id='line_1_49' title="bbox 2159 1877 3712 1896; baseline 0 0"><span class='ocrx_word' id='word_1_323' title='bbox 2159 1886 2184 1896; x_wconf 79' lang='lat'>..</span> <span class='ocrx_word' id='word_1_324' title='bbox 2315 1881 2328 1896; x_wconf 90' lang='lat'>.</span> <span class='ocrx_word' id='word_1_325' title='bbox 2592 1882 2604 1896; x_wconf 89' lang='lat'>.</span> <span class='ocrx_word' id='word_1_326' title='bbox 2831 1882 2845 1896; x_wconf 67' lang='grc' dir='ltr'>ι</span> <span class='ocrx_word' id='word_1_327' title='bbox 2926 1878 3032 1896; x_wconf 60' lang='grc' dir='ltr'>...ς</span> <span class='ocrx_word' id='word_1_328' title='bbox 3125 1885 3151 1896; x_wconf 80' lang='grc'><strong>-</strong></span> <span class='ocrx_word' id='word_1_329' title='bbox 3265 1885 3293 1896; x_wconf 81' lang='grc'>..</span> <span class='ocrx_word' id='word_1_330' title='bbox 3358 1877 3452 1896; x_wconf 69' lang='grc' dir='ltr'>η..</span> <span class='ocrx_word' id='word_1_331' title='bbox 3552 1882 3570 1896; x_wconf 81' lang='grc'>.</span> <span class='ocrx_word' id='word_1_332' title='bbox 3701 1882 3712 1896; x_wconf 94' lang='grc'>.</span> 
     </span>
    </p>
   </div>
   <div class='ocr_carea' id='block_1_49' title="bbox 2090 1877 3747 1961">
    <p class='ocr_par' dir='ltr' id='par_1_49' title="bbox 2090 1877 3747 1961">
     <span class='ocr_line' id='line_1_50' title="bbox 2090 1877 3747 1961; baseline 0.002 -25"><span class='ocrx_word' id='word_1_333' title='bbox 2090 1886 2255 1937; x_wconf 88' lang='grc' dir='ltr'>ταῦτα</span> <span class='ocrx_word' id='word_1_334' title='bbox 2306 1881 2713 1961; x_wconf 77' lang='grc' dir='ltr'>ὀρφανοτρόφου</span> <span class='ocrx_word' id='word_1_335' title='bbox 2757 1882 2847 1937; x_wconf 85' lang='grc' dir='ltr'>καὶ</span> <span class='ocrx_word' id='word_1_336' title='bbox 2916 1878 3155 1960; x_wconf 85' lang='grc' dir='ltr'>ἀδελφοῦ</span> <span class='ocrx_word' id='word_1_337' title='bbox 3196 1885 3297 1937; x_wconf 88' lang='grc' dir='ltr'>τοῦ</span> <span class='ocrx_word' id='word_1_338' title='bbox 3357 1877 3747 1956; x_wconf 61' lang='grc' dir='ltr'>βεϐασιλευκό·</span> 
     </span>
    </p>
   </div>
   <div class='ocr_carea' id='block_1_50' title="bbox 2089 1969 3749 2046">
    <p class='ocr_par' dir='ltr' id='par_1_50' title="bbox 2089 1969 3749 2046">
     <span class='ocr_line' id='line_1_51' title="bbox 2089 1969 3749 2046; baseline 0 -22"><span class='ocrx_word' id='word_1_339' title='bbox 2089 1990 2182 2032; x_wconf 92' lang='grc' dir='ltr'>τος</span> <span class='ocrx_word' id='word_1_340' title='bbox 2209 1969 2441 2046; x_wconf 71' lang='grc' dir='ltr'>Μιχαὴλ</span> <span class='ocrx_word' id='word_1_341' title='bbox 2487 1971 2622 2042; x_wconf 89' lang='lat'>(87),</span> <span class='ocrx_word' id='word_1_342' title='bbox 2667 1969 2852 2025; x_wconf 71' lang='grc' dir='ltr'>ἑαυτὸν</span> <span class='ocrx_word' id='word_1_343' title='bbox 2905 1969 3322 2042; x_wconf 80' lang='grc' dir='ltr'>ἄποκρημνίσας</span> <span class='ocrx_word' id='word_1_344' title='bbox 3372 1973 3469 2023; x_wconf 86' lang='grc' dir='ltr'>τοῦ</span> <span class='ocrx_word' id='word_1_345' title='bbox 3525 1970 3749 2044; x_wconf 75' lang='grc' dir='ltr'>τείχους</span> 
     </span>
    </p>
   </div>
   <div class='ocr_carea' id='block_1_51' title="bbox 2090 2055 3746 2136">
    <p class='ocr_par' dir='ltr' id='par_1_51' title="bbox 2090 2055 3746 2136">
     <span class='ocr_line' id='line_1_52' title="bbox 2090 2055 3746 2136; baseline 0 -21"><span class='ocrx_word' id='word_1_346' title='bbox 2090 2060 2178 2115; x_wconf 85' lang='grc' dir='ltr'>καὶ</span> <span class='ocrx_word' id='word_1_347' title='bbox 2213 2057 2668 2136; x_wconf 80' lang='grc' dir='ltr'>ἐκτραχηλισθεὶς</span> <span class='ocrx_word' id='word_1_348' title='bbox 2715 2055 2942 2114; x_wconf 81' lang='grc' dir='ltr'>ἀπέθάνε</span> <span class='ocrx_word' id='word_1_349' title='bbox 3000 2057 3176 2136; x_wconf 76' lang='grc' dir='ltr'>ῥιφεὶς</span> <span class='ocrx_word' id='word_1_350' title='bbox 3237 2059 3371 2131; x_wconf 87' lang='grc' dir='ltr'>μετά</span> <span class='ocrx_word' id='word_1_351' title='bbox 3426 2063 3532 2114; x_wconf 86' lang='grc' dir='ltr'>τῶν</span> <span class='ocrx_word' id='word_1_352' title='bbox 3581 2059 3746 2115; x_wconf 77' lang='grc' dir='ltr'>αὐτο-</span> 
     </span>
    </p>
   </div>
   <div class='ocr_carea' id='block_1_52' title="bbox 2093 2145 3751 2227">
    <p class='ocr_par' dir='ltr' id='par_1_52' title="bbox 2093 2145 3751 2227">
     <span class='ocr_line' id='line_1_53' title="bbox 2093 2145 3751 2227; baseline 0 -23"><span class='ocrx_word' id='word_1_353' title='bbox 2093 2148 2270 2227; x_wconf 83' lang='grc' dir='ltr'>φόνων</span> <span class='ocrx_word' id='word_1_354' title='bbox 2305 2151 2435 2224; x_wconf 87' lang='grc'>(88),</span> <span class='ocrx_word' id='word_1_355' title='bbox 2469 2149 2520 2204; x_wconf 73' lang='grc' dir='ltr'>οἱ</span> <span class='ocrx_word' id='word_1_356' title='bbox 2554 2146 2611 2204; x_wconf 72' lang='grc' dir='ltr'>δὲ</span> <span class='ocrx_word' id='word_1_357' title='bbox 2661 2147 2945 2203; x_wconf 83' lang='grc' dir='ltr'>ἐπίσκοποι</span> <span class='ocrx_word' id='word_1_358' title='bbox 2997 2147 3074 2210; x_wconf 85' lang='grc' dir='ltr'>ὡς</span> <span class='ocrx_word' id='word_1_359' title='bbox 3124 2147 3216 2202; x_wconf 86' lang='grc' dir='ltr'>τὸν</span> <span class='ocrx_word' id='word_1_360' title='bbox 3251 2145 3478 2223; x_wconf 74' lang='grc' dir='ltr'>βασιλέα</span> <span class='ocrx_word' id='word_1_361' title='bbox 3515 2150 3652 2225; x_wconf 84' lang='grc' dir='ltr'>πρὸς</span> <span class='ocrx_word' id='word_1_362' title='bbox 3677 2151 3751 2204; x_wconf 77' lang='grc' dir='ltr'>τὰ</span> 
     </span>
    </p>
   </div>
   <div class='ocr_carea' id='block_1_53' title="bbox 2093 2234 3634 2313">
    <p class='ocr_par' dir='ltr' id='par_1_53' title="bbox 2093 2234 3634 2313">
     <span class='ocr_line' id='line_1_54' title="bbox 2093 2234 3634 2313; baseline 0.001 -20"><span class='ocrx_word' id='word_1_363' title='bbox 2093 2238 2414 2293; x_wconf 83' lang='grc' dir='ltr'>Μεσάνακτα</span> <span class='ocrx_word' id='word_1_364' title='bbox 2446 2237 2850 2311; x_wconf 69' lang='grc' dir='ltr'>ἐξεπέμφθησαν</span> <span class='ocrx_word' id='word_1_365' title='bbox 2882 2237 3125 2292; x_wconf 77' lang='grc' dir='ltr'>κάκεῖθεν</span> <span class='ocrx_word' id='word_1_366' title='bbox 3155 2234 3634 2313; x_wconf 75' lang='grc' dir='ltr'>ἠλευθερώθησαν.</span> 
     </span>
    </p>
   </div>
   <div class='ocr_carea' id='block_1_54' title="bbox 2165 2324 3751 2405">
    <p class='ocr_par' dir='ltr' id='par_1_54' title="bbox 2165 2324 3751 2405">
     <span class='ocr_line' id='line_1_55' title="bbox 2165 2324 3751 2405; baseline -0.001 -22"><span class='ocrx_word' id='word_1_367' title='bbox 2165 2325 2353 2384; x_wconf 82' lang='grc' dir='ltr'>Εἰκάδι</span> <span class='ocrx_word' id='word_1_368' title='bbox 2415 2324 2473 2381; x_wconf 70' lang='grc' dir='ltr'>δὲ</span> <span class='ocrx_word' id='word_1_369' title='bbox 2529 2327 2580 2398; x_wconf 86' lang='grc' dir='ltr'>η’</span> <span class='ocrx_word' id='word_1_370' title='bbox 2633 2324 2868 2382; x_wconf 84' lang='grc' dir='ltr'>Ἰουλίου</span> <span class='ocrx_word' id='word_1_371' title='bbox 2937 2325 3130 2398; x_wconf 84' lang='grc' dir='ltr'>μηνὸς,</span> <span class='ocrx_word' id='word_1_372' title='bbox 3164 2327 3382 2399; x_wconf 80' lang='grc' dir='ltr'>ἡμέραᾳ</span> <span class='ocrx_word' id='word_1_373' title='bbox 3437 2335 3500 2398; x_wconf 84' lang='grc' dir='ltr'>ς’,</span> <span class='ocrx_word' id='word_1_374' title='bbox 3551 2327 3668 2402; x_wconf 73' lang='grc' dir='ltr'>ὥρᾳ</span> <span class='ocrx_word' id='word_1_375' title='bbox 3702 2328 3751 2405; x_wconf 89' lang='grc' dir='ltr'>β’</span> 
     </span>
    </p>
   </div>
   <div class='ocr_carea' id='block_1_55' title="bbox 2093 2413 3751 2493">
    <p class='ocr_par' dir='ltr' id='par_1_55' title="bbox 2093 2413 3751 2493">
     <span class='ocr_line' id='line_1_56' title="bbox 2093 2413 3751 2493; baseline 0.001 -23"><span class='ocrx_word' id='word_1_376' title='bbox 2093 2423 2192 2485; x_wconf 76' lang='grc' dir='ltr'>τῆς</span> <span class='ocrx_word' id='word_1_377' title='bbox 2250 2416 2465 2484; x_wconf 79' lang='grc' dir='ltr'>νυκτὸς,</span> <span class='ocrx_word' id='word_1_378' title='bbox 2521 2414 2751 2490; x_wconf 72' lang='grc' dir='ltr'>ἀπάρος</span> <span class='ocrx_word' id='word_1_379' title='bbox 2801 2413 3009 2490; x_wconf 88' lang='grc' dir='ltr'>ἐγένετο</span> <span class='ocrx_word' id='word_1_380' title='bbox 3066 2414 3226 2490; x_wconf 77' lang='grc' dir='ltr'>χύσις</span> <span class='ocrx_word' id='word_1_381' title='bbox 3282 2413 3343 2471; x_wconf 92' lang='grc' dir='ltr'>ἐκ</span> <span class='ocrx_word' id='word_1_382' title='bbox 3401 2413 3751 2493; x_wconf 74' lang='grc' dir='ltr'>μεσημϐρίας</span> 
     </span>
    </p>
   </div>
   <div class='ocr_carea' id='block_1_56' title="bbox 2095 2504 3749 2582">
    <p class='ocr_par' dir='ltr' id='par_1_56' title="bbox 2095 2504 3749 2582">
     <span class='ocr_line' id='line_1_57' title="bbox 2095 2504 3749 2582; baseline 0.002 -22"><span class='ocrx_word' id='word_1_383' title='bbox 2095 2505 2231 2580; x_wconf 82' lang='grc' dir='ltr'>πρὸς</span> <span class='ocrx_word' id='word_1_384' title='bbox 2265 2506 2483 2582; x_wconf 80' lang='grc' dir='ltr'>ἄρκτον,</span> <span class='ocrx_word' id='word_1_385' title='bbox 2543 2510 2713 2560; x_wconf 75' lang='grc' dir='ltr'>πᾶσαν</span> <span class='ocrx_word' id='word_1_386' title='bbox 2775 2504 3273 2580; x_wconf 73' lang='grc' dir='ltr'>περιαστράψαντος</span> <span class='ocrx_word' id='word_1_387' title='bbox 3323 2507 3422 2574; x_wconf 77' lang='grc' dir='ltr'>τήν</span> <span class='ocrx_word' id='word_1_388' title='bbox 3479 2513 3603 2582; x_wconf 80' lang='grc' dir='ltr'>γῆν.</span> <span class='ocrx_word' id='word_1_389' title='bbox 3637 2507 3749 2563; x_wconf 82' lang='grc' dir='ltr'>Καὶ</span> 
     </span>
    </p>
   </div>
   <div class='ocr_carea' id='block_1_57' title="bbox 2099 2594 3748 2671">
    <p class='ocr_par' dir='ltr' id='par_1_57' title="bbox 2099 2594 3748 2671">
     <span class='ocr_line' id='line_1_58' title="bbox 2099 2594 3748 2671; baseline 0.002 -23"><span class='ocrx_word' id='word_1_390' title='bbox 2099 2595 2231 2668; x_wconf 64' lang='grc' dir='ltr'>μετὰ</span> <span class='ocrx_word' id='word_1_391' title='bbox 2291 2595 2483 2670; x_wconf 87' lang='grc' dir='ltr'>μικρὸν</span> <span class='ocrx_word' id='word_1_392' title='bbox 2540 2594 2896 2671; x_wconf 66' lang='grc' dir='ltr'>ἀγγέλλονται</span> <span class='ocrx_word' id='word_1_393' title='bbox 2942 2595 3007 2650; x_wconf 74' lang='grc' dir='ltr'>τά</span> <span class='ocrx_word' id='word_1_394' title='bbox 3059 2595 3402 2671; x_wconf 83' lang='grc' dir='ltr'>κατασχόντα</span> <span class='ocrx_word' id='word_1_395' title='bbox 3446 2597 3544 2665; x_wconf 71' lang='grc' dir='ltr'>τὴν</span> <span class='ocrx_word' id='word_1_396' title='bbox 3604 2597 3748 2653; x_wconf 87' lang='grc' dir='ltr'>Ῥω-</span> 
     </span>
    </p>
   </div>
   <div class='ocr_carea' id='block_1_58' title="bbox 2099 2680 3752 2760">
    <p class='ocr_par' dir='ltr' id='par_1_58' title="bbox 2099 2680 3752 2760">
     <span class='ocr_line' id='line_1_59' title="bbox 2099 2680 3752 2760; baseline 0.002 -22"><span class='ocrx_word' id='word_1_397' title='bbox 2099 2684 2271 2758; x_wconf 87' lang='grc' dir='ltr'>μαίων</span> <span class='ocrx_word' id='word_1_398' title='bbox 2330 2685 2680 2760; x_wconf 75' lang='grc' dir='ltr'>ἀτυχήματα,</span> <span class='ocrx_word' id='word_1_399' title='bbox 2757 2680 2988 2758; x_wconf 59' lang='lat' dir='ltr'>&quot;Apage:</span> <span class='ocrx_word' id='word_1_400' title='bbox 3049 2684 3141 2758; x_wconf 74' lang='grc' dir='ltr'>μὲν</span> <span class='ocrx_word' id='word_1_401' title='bbox 3197 2683 3520 2758; x_wconf 80' lang='grc' dir='ltr'>λη’ίσάμενοι</span> <span class='ocrx_word' id='word_1_402' title='bbox 3574 2692 3752 2742; x_wconf 71' lang='lat' dir='ltr'>Maeo-</span> 
     </span>
    </p>
   </div>
   <div class='ocr_carea' id='block_1_59' title="bbox 2095 2771 3748 2849">
    <p class='ocr_par' dir='ltr' id='par_1_59' title="bbox 2095 2771 3748 2849">
     <span class='ocr_line' id='line_1_60' title="bbox 2095 2771 3748 2849; baseline 0.001 -21"><span class='ocrx_word' id='word_1_403' title='bbox 2095 2773 2364 2846; x_wconf 76' lang='grc' dir='ltr'>ποταμίαν</span> <span class='ocrx_word' id='word_1_404' title='bbox 2426 2772 2554 2849; x_wconf 76' lang='grc' dir='ltr'>ἄχρι</span> <span class='ocrx_word' id='word_1_405' title='bbox 2616 2771 2956 2844; x_wconf 84' lang='grc' dir='ltr'>Μελιτηνῆς,</span> <span class='ocrx_word' id='word_1_406' title='bbox 3015 2775 3341 2843; x_wconf 87' lang='grc' dir='ltr'>Πατζινάκαι</span> <span class='ocrx_word' id='word_1_407' title='bbox 3400 2773 3456 2829; x_wconf 73' lang='grc' dir='ltr'>δὲ</span> <span class='ocrx_word' id='word_1_408' title='bbox 3499 2777 3590 2830; x_wconf 89' lang='grc' dir='ltr'>τὸν</span> <span class='ocrx_word' id='word_1_409' title='bbox 3631 2777 3748 2832; x_wconf 69' lang='grc' dir='ltr'>Ἴσι</span> 
     </span>
    </p>
   </div>
   <div class='ocr_carea' id='block_1_60' title="bbox 2092 2857 3747 2940">
    <p class='ocr_par' dir='ltr' id='par_1_60' title="bbox 2092 2857 3747 2940">
     <span class='ocr_line' id='line_1_61' title="bbox 2092 2857 3747 2940; baseline 0.001 -22"><span class='ocrx_word' id='word_1_410' title='bbox 2092 2883 2220 2931; x_wconf 87' lang='grc' dir='ltr'>τρον</span> <span class='ocrx_word' id='word_1_411' title='bbox 2271 2857 2550 2925; x_wconf 78' lang='grc' dir='ltr'>διαϐάντες</span> <span class='ocrx_word' id='word_1_412' title='bbox 2609 2862 2699 2918; x_wconf 86' lang='grc' dir='ltr'>καὶ</span> <span class='ocrx_word' id='word_1_413' title='bbox 2751 2864 2850 2932; x_wconf 75' lang='grc' dir='ltr'>τήν</span> <span class='ocrx_word' id='word_1_414' title='bbox 2914 2862 3123 2920; x_wconf 83' lang='grc' dir='ltr'>Μυσίαν</span> <span class='ocrx_word' id='word_1_415' title='bbox 3174 2868 3352 2926; x_wconf 90' lang='grc' dir='ltr'>κακῶς</span> <span class='ocrx_word' id='word_1_416' title='bbox 3413 2861 3747 2940; x_wconf 68' lang='grc' dir='ltr'>διαθέμενοι,</span> 
     </span>
    </p>
   </div>
   <div class='ocr_carea' id='block_1_61' title="bbox 2097 2950 3750 3028">
    <p class='ocr_par' dir='ltr' id='par_1_61' title="bbox 2097 2950 3750 3028">
     <span class='ocr_line' id='line_1_62' title="bbox 2097 2950 3750 3028; baseline 0.002 -20"><span class='ocrx_word' id='word_1_417' title='bbox 2097 2952 2403 3028; x_wconf 72' lang='grc' dir='ltr'>Σαρακηνοὶ</span> <span class='ocrx_word' id='word_1_418' title='bbox 2438 2950 2494 3008; x_wconf 74' lang='grc' dir='ltr'>δὲ</span> <span class='ocrx_word' id='word_1_419' title='bbox 2541 2954 2640 3021; x_wconf 77' lang='grc' dir='ltr'>τὴν</span> <span class='ocrx_word' id='word_1_420' title='bbox 2702 2951 2972 3028; x_wconf 89' lang='grc' dir='ltr'>παράλιον</span> <span class='ocrx_word' id='word_1_421' title='bbox 3033 2951 3469 3027; x_wconf 68' lang='grc' dir='ltr'>καταδραμόντες</span> <span class='ocrx_word' id='word_1_422' title='bbox 3507 2959 3604 3009; x_wconf 91' lang='grc' dir='ltr'>τοῦ</span> <span class='ocrx_word' id='word_1_423' title='bbox 3634 2954 3750 3011; x_wconf 82' lang='grc' dir='ltr'>Ἰλ-</span> 
     </span>
    </p>
   </div>
   <div class='ocr_carea' id='block_1_62' title="bbox 2097 3040 3750 3119">
    <p class='ocr_par' dir='ltr' id='par_1_62' title="bbox 2097 3040 3750 3119">
     <span class='ocr_line' id='line_1_63' title="bbox 2097 3040 3750 3119; baseline 0.001 -22"><span class='ocrx_word' id='word_1_424' title='bbox 2097 3040 2322 3116; x_wconf 82' lang='grc' dir='ltr'>λυρικοῦ</span> <span class='ocrx_word' id='word_1_425' title='bbox 2357 3040 2521 3118; x_wconf 89' lang='grc' dir='ltr'>μέχρι</span> <span class='ocrx_word' id='word_1_426' title='bbox 2575 3041 2853 3118; x_wconf 74' lang='grc' dir='ltr'>Κερκύρας</span> <span class='ocrx_word' id='word_1_427' title='bbox 2902 3042 2991 3096; x_wconf 83' lang='grc' dir='ltr'>καὶ</span> <span class='ocrx_word' id='word_1_428' title='bbox 3044 3042 3209 3112; x_wconf 69' lang='grc' dir='ltr'>αὐτὴν</span> <span class='ocrx_word' id='word_1_429' title='bbox 3270 3043 3750 3119; x_wconf 76' lang='grc' dir='ltr'>πυρπολήσαντες.</span> 
     </span>
    </p>
   </div>
   <div class='ocr_carea' id='block_1_63' title="bbox 2095 3129 3752 3204">
    <p class='ocr_par' dir='ltr' id='par_1_63' title="bbox 2095 3129 3752 3204">
     <span class='ocr_line' id='line_1_64' title="bbox 2095 3129 3752 3204; baseline 0.001 -18"><span class='ocrx_word' id='word_1_430' title='bbox 2095 3129 2255 3186; x_wconf 86' lang='grc' dir='ltr'>Ἀλλ’</span> <span class='ocrx_word' id='word_1_431' title='bbox 2304 3130 2358 3185; x_wconf 76' lang='lat' dir='ltr'>o’t&#39;</span> <span class='ocrx_word' id='word_1_432' title='bbox 2399 3133 2493 3204; x_wconf 74' lang='grc' dir='ltr'>μὲν</span> <span class='ocrx_word' id='word_1_433' title='bbox 2537 3129 2701 3185; x_wconf 81' lang='grc' dir='ltr'>ἄλλοι</span> <span class='ocrx_word' id='word_1_434' title='bbox 2759 3130 3046 3204; x_wconf 75' lang='grc' dir='ltr'>ἀπήμονες</span> <span class='ocrx_word' id='word_1_435' title='bbox 3093 3137 3270 3186; x_wconf 83' lang='grc' dir='ltr'>κακῶν</span> <span class='ocrx_word' id='word_1_436' title='bbox 3328 3129 3511 3188; x_wconf 75' lang='grc' dir='ltr'>οἷ’καδε</span> <span class='ocrx_word' id='word_1_437' title='bbox 3554 3133 3752 3188; x_wconf 79' lang='grc' dir='ltr'>ὑπενό-</span> 
     </span>
    </p>
   </div>
   <div class='ocr_carea' id='block_1_64' title="bbox 334 3204 1980 3295">
    <p class='ocr_par' dir='ltr' id='par_1_64' title="bbox 334 3204 1980 3294">
     <span class='ocr_line' id='line_1_65' title="bbox 334 3204 1980 3294; baseline 0.001 -19"><span class='ocrx_word' id='word_1_438' title='bbox 334 3220 518 3293; x_wconf 87' lang='lat' dir='ltr'>phoro</span> <span class='ocrx_word' id='word_1_439' title='bbox 577 3221 818 3294; x_wconf 88' lang='lat' dir='ltr'>patricio</span> <span class='ocrx_word' id='word_1_440' title='bbox 870 3223 1105 3294; x_wconf 86' lang='lat' dir='ltr'>Nauplii</span> <span class='ocrx_word' id='word_1_441' title='bbox 1161 3204 1794 3294; x_wconf 26' lang='lat' dir='ltr'>praafecto,VCaranteni</span> <span class='ocrx_word' id='word_1_442' title='bbox 1850 3221 1980 3292; x_wconf 69' lang='lat' dir='ltr'>ﬁlio1</span> 
     </span>
    </p>
   </div>
   <div class='ocr_carea' id='block_1_65' title="bbox 2097 3204 3752 3295">
    <p class='ocr_par' dir='ltr' id='par_1_65' title="bbox 2106 3217 3752 3295">
     <span class='ocr_line' id='line_1_66' title="bbox 2106 3217 3752 3295; baseline 0.001 -21"><span class='ocrx_word' id='word_1_443' title='bbox 2106 3241 2327 3290; x_wconf 88' lang='grc' dir='ltr'>στησαν,</span> <span class='ocrx_word' id='word_1_444' title='bbox 2389 3221 2700 3295; x_wconf 84' lang='grc' dir='ltr'>Σαρακηνοὶ</span> <span class='ocrx_word' id='word_1_445' title='bbox 2759 3217 2816 3274; x_wconf 72' lang='grc' dir='ltr'>δὲ</span> <span class='ocrx_word' id='word_1_446' title='bbox 2870 3219 2973 3275; x_wconf 83' lang='grc' dir='ltr'>ὐπὸ</span> <span class='ocrx_word' id='word_1_447' title='bbox 3027 3242 3086 3276; x_wconf 89' lang='grc' dir='ltr'>τε</span> <span class='ocrx_word' id='word_1_448' title='bbox 3137 3221 3463 3278; x_wconf 85' lang='grc' dir='ltr'>Ῥαουσαίων</span> <span class='ocrx_word' id='word_1_449' title='bbox 3510 3222 3598 3276; x_wconf 82' lang='grc' dir='ltr'>καὶ</span> <span class='ocrx_word' id='word_1_450' title='bbox 3647 3226 3752 3279; x_wconf 88' lang='grc' dir='ltr'>τοῦ</span> 
     </span>
    </p>
   </div>
   <div class='ocr_carea' id='block_1_66' title="bbox 335 3309 1991 3384">
    <p class='ocr_par' dir='ltr' id='par_1_66' title="bbox 335 3309 1991 3384">
     <span class='ocr_line' id='line_1_67' title="bbox 335 3309 1991 3384; baseline 0.001 -20"><span class='ocrx_word' id='word_1_451' title='bbox 335 3309 489 3366; x_wconf 89' lang='lat' dir='ltr'>male</span> <span class='ocrx_word' id='word_1_452' title='bbox 533 3315 674 3366; x_wconf 90' lang='lat' dir='ltr'>sunt</span> <span class='ocrx_word' id='word_1_453' title='bbox 723 3310 977 3380; x_wconf 87' lang='lat' dir='ltr'>multati,</span> <span class='ocrx_word' id='word_1_454' title='bbox 1013 3311 1209 3384; x_wconf 74' lang='lat' dir='ltr'>prazlio</span> <span class='ocrx_word' id='word_1_455' title='bbox 1255 3311 1420 3380; x_wconf 88' lang='lat' dir='ltr'>victi;</span> <span class='ocrx_word' id='word_1_456' title='bbox 1453 3321 1507 3368; x_wconf 86' lang='lat' dir='ltr'>et</span> <span class='ocrx_word' id='word_1_457' title='bbox 1556 3313 1836 3382; x_wconf 86' lang='lat' dir='ltr'>majorem</span> <span class='ocrx_word' id='word_1_458' title='bbox 1888 3328 1991 3366; x_wconf 87' lang='lat' dir='ltr'>na-</span> 
     </span>
    </p>
   </div>
   <div class='ocr_carea' id='block_1_67' title="bbox 331 3399 1989 3470">
    <p class='ocr_par' dir='ltr' id='par_1_67' title="bbox 331 3399 1989 3470">
     <span class='ocr_line' id='line_1_68' title="bbox 331 3399 1989 3470; baseline 0.001 -16"><span class='ocrx_word' id='word_1_459' title='bbox 331 3399 492 3456; x_wconf 89' lang='lat' dir='ltr'>vium</span> <span class='ocrx_word' id='word_1_460' title='bbox 531 3404 753 3470; x_wconf 90' lang='lat' dir='ltr'>partem</span> <span class='ocrx_word' id='word_1_461' title='bbox 805 3418 938 3457; x_wconf 91' lang='lat' dir='ltr'>cum</span> <span class='ocrx_word' id='word_1_462' title='bbox 989 3400 1350 3468; x_wconf 81' lang='lat' dir='ltr'>amisissent,</span> <span class='ocrx_word' id='word_1_463' title='bbox 1384 3402 1623 3456; x_wconf 88' lang='lat' dir='ltr'>domum</span> <span class='ocrx_word' id='word_1_464' title='bbox 1677 3401 1989 3456; x_wconf 87' lang='lat' dir='ltr'>redeuntes</span> 
     </span>
    </p>
   </div>
   <div class='ocr_carea' id='block_1_68' title="bbox 333 3481 1477 3562">
    <p class='ocr_par' dir='ltr' id='par_1_68' title="bbox 333 3481 1477 3562">
     <span class='ocr_line' id='line_1_69' title="bbox 333 3481 1477 3562; baseline 0.003 -19"><span class='ocrx_word' id='word_1_465' title='bbox 333 3489 634 3562; x_wconf 84' lang='lat' dir='ltr'>naufragio</span> <span class='ocrx_word' id='word_1_466' title='bbox 665 3490 723 3545; x_wconf 91' lang='lat' dir='ltr'>in</span> <span class='ocrx_word' id='word_1_467' title='bbox 755 3490 947 3546; x_wconf 90' lang='lat' dir='ltr'>Siculo</span> <span class='ocrx_word' id='word_1_468' title='bbox 982 3481 1126 3546; x_wconf 63' lang='lat' dir='ltr'>mari</span> <span class='ocrx_word' id='word_1_469' title='bbox 1159 3490 1477 3562; x_wconf 81' lang='lat' dir='ltr'>perierunt.</span> 
     </span>
    </p>
   </div>
   <div class='ocr_carea' id='block_1_69' title="bbox 2099 3306 3750 3386">
    <p class='ocr_par' dir='ltr' id='par_1_69' title="bbox 2099 3306 3750 3386">
     <span class='ocr_line' id='line_1_70' title="bbox 2099 3306 3750 3386; baseline 0.001 -23"><span class='ocrx_word' id='word_1_470' title='bbox 2099 3311 2532 3384; x_wconf 80' lang='grc' dir='ltr'>στρατηγοῦντος</span> <span class='ocrx_word' id='word_1_471' title='bbox 2592 3307 2642 3362; x_wconf 91' lang='grc' dir='ltr'>ἐν</span> <span class='ocrx_word' id='word_1_472' title='bbox 2731 3306 2998 3380; x_wconf 74' lang='grc' dir='ltr'>Ναυπλίῳ</span> <span class='ocrx_word' id='word_1_473' title='bbox 3082 3308 3399 3386; x_wconf 76' lang='grc' dir='ltr'>Νικηφόρου</span> <span class='ocrx_word' id='word_1_474' title='bbox 3455 3309 3750 3384; x_wconf 77' lang='grc' dir='ltr'>πατρικίου</span> 
     </span>
    </p>
   </div>
   <div class='ocr_carea' id='block_1_70' title="bbox 2096 3392 3751 3471">
    <p class='ocr_par' dir='ltr' id='par_1_70' title="bbox 2096 3392 3751 3471">
     <span class='ocr_line' id='line_1_71' title="bbox 2096 3392 3751 3471; baseline 0.002 -20"><span class='ocrx_word' id='word_1_475' title='bbox 2096 3397 2192 3451; x_wconf 85' lang='grc' dir='ltr'>τοῦ</span> <span class='ocrx_word' id='word_1_476' title='bbox 2269 3398 2390 3451; x_wconf 73' lang='grc' dir='ltr'>υἱοῦ</span> <span class='ocrx_word' id='word_1_477' title='bbox 2445 3401 2542 3452; x_wconf 84' lang='grc' dir='ltr'>τοῦ</span> <span class='ocrx_word' id='word_1_478' title='bbox 2593 3401 2944 3471; x_wconf 79' lang='grc' dir='ltr'>Καραντηνοῦ</span> <span class='ocrx_word' id='word_1_479' title='bbox 2999 3401 3179 3460; x_wconf 91' lang='grc' dir='ltr'>κακῶς</span> <span class='ocrx_word' id='word_1_480' title='bbox 3231 3392 3455 3468; x_wconf 76' lang='grc' dir='ltr'>ἔπαθον,</span> <span class='ocrx_word' id='word_1_481' title='bbox 3503 3419 3751 3454; x_wconf 84' lang='grc' dir='ltr'>καταπο-</span> 
     </span>
    </p>
   </div>
   <div class='ocr_carea' id='block_1_71' title="bbox 2099 3481 3746 3565">
    <p class='ocr_par' dir='ltr' id='par_1_71' title="bbox 2099 3481 3746 3565">
     <span class='ocr_line' id='line_1_72' title="bbox 2099 3481 3746 3565; baseline 0.002 -23"><span class='ocrx_word' id='word_1_482' title='bbox 2099 3485 2424 3560; x_wconf 69' lang='grc' dir='ltr'>λεμηθέντες</span> <span class='ocrx_word' id='word_1_483' title='bbox 2457 3486 2547 3540; x_wconf 70' lang='grc' dir='ltr'>καὶ</span> <span class='ocrx_word' id='word_1_484' title='bbox 2578 3487 2644 3541; x_wconf 79' lang='grc' dir='ltr'>τά</span> <span class='ocrx_word' id='word_1_485' title='bbox 2693 3485 2871 3541; x_wconf 87' lang='grc' dir='ltr'>πλείω</span> <span class='ocrx_word' id='word_1_486' title='bbox 2918 3481 3292 3550; x_wconf 73' lang='grc' dir='ltr'>ἀποϐαλόντες</span> <span class='ocrx_word' id='word_1_487' title='bbox 3339 3493 3446 3542; x_wconf 89' lang='grc' dir='ltr'>τῶν</span> <span class='ocrx_word' id='word_1_488' title='bbox 3499 3494 3746 3565; x_wconf 80' lang='grc' dir='ltr'>σκαφῶν.</span> 
     </span>
    </p>
   </div>
   <div class='ocr_carea' id='block_1_72' title="bbox 331 3575 3746 3656">
    <p class='ocr_par' dir='ltr' id='par_1_72' title="bbox 331 3575 3746 3656">
     <span class='ocr_line' id='line_1_73' title="bbox 331 3575 3746 3656; baseline -0 -21"><span class='ocrx_word' id='word_1_489' title='bbox 331 3580 400 3635; x_wconf 72' lang='grc' dir='ltr'><strong>Οἱ</strong></span> <span class='ocrx_word' id='word_1_490' title='bbox 457 3576 514 3634; x_wconf 77' lang='grc' dir='ltr'>δὲ</span> <span class='ocrx_word' id='word_1_491' title='bbox 563 3581 974 3655; x_wconf 79' lang='grc' dir='ltr'>περισωθέὸτες,</span> <span class='ocrx_word' id='word_1_492' title='bbox 1031 3580 1122 3641; x_wconf 69' lang='grc' dir='ltr'>οὕς</span> <span class='ocrx_word' id='word_1_493' title='bbox 1181 3581 1327 3656; x_wconf 73' lang='grc' dir='ltr'>εἶχον</span> <span class='ocrx_word' id='word_1_494' title='bbox 1387 3579 1694 3652; x_wconf 76' lang='grc' dir='ltr'>Ῥωμαίους</span> <span class='ocrx_word' id='word_1_495' title='bbox 1770 3576 2163 3653; x_wconf 77' lang='grc' dir='ltr'>αἰχμαλώτους</span> <span class='ocrx_word' id='word_1_496' title='bbox 2239 3576 2669 3646; x_wconf 78' lang='grc' dir='ltr'>ἀποκτείναντες,</span> <span class='ocrx_word' id='word_1_497' title='bbox 2729 3576 2780 3631; x_wconf 86' lang='grc' dir='ltr'>ἐν</span> <span class='ocrx_word' id='word_1_498' title='bbox 2834 3582 2912 3650; x_wconf 81' lang='grc' dir='ltr'>τῷ</span> <span class='ocrx_word' id='word_1_499' title='bbox 2969 3575 3152 3633; x_wconf 76' lang='grc' dir='ltr'>οἷ’καδε</span> <span class='ocrx_word' id='word_1_500' title='bbox 3201 3577 3554 3656; x_wconf 81' lang='grc' dir='ltr'>ὖποστρέφειν</span> <span class='ocrx_word' id='word_1_501' title='bbox 3614 3601 3746 3634; x_wconf 86' lang='grc' dir='ltr'>ναυ-</span> 
     </span>
    </p>
   </div>
   <div class='ocr_carea' id='block_1_73' title="bbox 335 3666 2124 3744">
    <p class='ocr_par' dir='ltr' id='par_1_73' title="bbox 335 3666 2124 3744">
     <span class='ocr_line' id='line_1_74' title="bbox 335 3666 2124 3744; baseline -0.001 -22"><span class='ocrx_word' id='word_1_502' title='bbox 335 3689 472 3743; x_wconf 86' lang='grc' dir='ltr'>αγιῳ</span> <span class='ocrx_word' id='word_1_503' title='bbox 502 3669 884 3742; x_wconf 71' lang='grc' dir='ltr'>περιπεσόντες</span> <span class='ocrx_word' id='word_1_504' title='bbox 917 3668 1039 3744; x_wconf 78' lang='grc' dir='ltr'>περὶ</span> <span class='ocrx_word' id='word_1_505' title='bbox 1069 3670 1129 3723; x_wconf 86' lang='grc' dir='ltr'>τὸ</span> <span class='ocrx_word' id='word_1_506' title='bbox 1163 3669 1446 3724; x_wconf 79' lang='grc' dir='ltr'>Σικελικὸν</span> <span class='ocrx_word' id='word_1_507' title='bbox 1480 3667 1717 3743; x_wconf 84' lang='grc' dir='ltr'>πέλαγος</span> <span class='ocrx_word' id='word_1_508' title='bbox 1745 3666 2124 3744; x_wconf 75' lang='grc' dir='ltr'>διεφθάρησαν.</span> 
     </span>
    </p>
   </div>
   <div class='ocr_carea' id='block_1_74' title="bbox 401 3758 1978 3830">
    <p class='ocr_par' dir='ltr' id='par_1_74' title="bbox 401 3758 1978 3830">
     <span class='ocr_line' id='line_1_75' title="bbox 401 3758 1978 3830; baseline -0.001 -17"><span class='ocrx_word' id='word_1_509' title='bbox 401 3759 516 3814; x_wconf 85' lang='lat' dir='ltr'>Hoc</span> <span class='ocrx_word' id='word_1_510' title='bbox 561 3759 690 3830; x_wconf 88' lang='lat' dir='ltr'>ipso</span> <span class='ocrx_word' id='word_1_511' title='bbox 724 3777 874 3814; x_wconf 86' lang='lat' dir='ltr'>anno</span> <span class='ocrx_word' id='word_1_512' title='bbox 911 3760 1095 3814; x_wconf 81' lang='lat' dir='ltr'>fames</span> <span class='ocrx_word' id='word_1_513' title='bbox 1143 3758 1321 3814; x_wconf 85' lang='lat' dir='ltr'>simul</span> <span class='ocrx_word' id='word_1_514' title='bbox 1357 3777 1420 3814; x_wconf 88' lang='lat' dir='ltr'>ac</span> <span class='ocrx_word' id='word_1_515' title='bbox 1465 3760 1646 3830; x_wconf 88' lang='lat' dir='ltr'>pestis</span> <span class='ocrx_word' id='word_1_516' title='bbox 1677 3759 1978 3830; x_wconf 86' lang='lat' dir='ltr'>Cappado-</span> 
     </span>
    </p>
   </div>
   <div class='ocr_carea' id='block_1_75' title="bbox 328 3847 1982 3919">
    <p class='ocr_par' dir='ltr' id='par_1_75' title="bbox 328 3847 1982 3919">
     <span class='ocr_line' id='line_1_76' title="bbox 328 3847 1982 3919; baseline 0 -19"><span class='ocrx_word' id='word_1_517' title='bbox 328 3847 500 3913; x_wconf 90' lang='lat' dir='ltr'>ciam,</span> <span class='ocrx_word' id='word_1_518' title='bbox 535 3847 971 3919; x_wconf 87' lang='lat' dir='ltr'>Paplagoniam,</span> <span class='ocrx_word' id='word_1_519' title='bbox 1005 3848 1344 3903; x_wconf 89' lang='lat' dir='ltr'>Armeniam</span> <span class='ocrx_word' id='word_1_520' title='bbox 1377 3853 1432 3902; x_wconf 90' lang='lat' dir='ltr'>et</span> <span class='ocrx_word' id='word_1_521' title='bbox 1463 3847 1850 3902; x_wconf 86' lang='lat' dir='ltr'>Honoriadem</span> <span class='ocrx_word' id='word_1_522' title='bbox 1899 3848 1982 3902; x_wconf 92' lang='lat' dir='ltr'>ita</span> 
     </span>
    </p>
   </div>
   <div class='ocr_carea' id='block_1_76' title="bbox 328 3935 1980 4008">
    <p class='ocr_par' dir='ltr' id='par_1_76' title="bbox 328 3935 1980 4008">
     <span class='ocr_line' id='line_1_77' title="bbox 328 3935 1980 4008; baseline 0.001 -20"><span class='ocrx_word' id='word_1_523' title='bbox 328 3935 692 4002; x_wconf 85' lang='lat' dir='ltr'>afflixerunt,</span> <span class='ocrx_word' id='word_1_524' title='bbox 747 3941 811 3990; x_wconf 93' lang='lat' dir='ltr'>ut</span> <span class='ocrx_word' id='word_1_525' title='bbox 864 3935 1064 3991; x_wconf 83' lang='lat' dir='ltr'>incolae</span> <span class='ocrx_word' id='word_1_526' title='bbox 1123 3936 1329 4008; x_wconf 89' lang='lat' dir='ltr'>patriis</span> <span class='ocrx_word' id='word_1_527' title='bbox 1386 3935 1603 3991; x_wconf 86' lang='lat' dir='ltr'>relictis</span> <span class='ocrx_word' id='word_1_528' title='bbox 1662 3936 1806 3991; x_wconf 84' lang='lat' dir='ltr'>alias</span> <span class='ocrx_word' id='word_1_529' title='bbox 1868 3937 1980 3992; x_wconf 85' lang='lat' dir='ltr'>sibi</span> 
     </span>
    </p>
   </div>
   <div class='ocr_carea' id='block_1_77' title="bbox 328 4025 1980 4098">
    <p class='ocr_par' dir='ltr' id='par_1_77' title="bbox 328 4025 1980 4098">
     <span class='ocr_line' id='line_1_78' title="bbox 328 4025 1980 4098; baseline 0.002 -20"><span class='ocrx_word' id='word_1_530' title='bbox 328 4029 656 4096; x_wconf 66' lang='lat' dir='ltr'>quarerent</span> <span class='ocrx_word' id='word_1_531' title='bbox 707 4025 897 4080; x_wconf 90' lang='lat' dir='ltr'>sedes.</span> <span class='ocrx_word' id='word_1_532' title='bbox 933 4025 1157 4091; x_wconf 88' lang='lat' dir='ltr'>Quibus</span> <span class='ocrx_word' id='word_1_533' title='bbox 1207 4025 1525 4098; x_wconf 87' lang='lat' dir='ltr'>imperator</span> <span class='ocrx_word' id='word_1_534' title='bbox 1555 4043 1588 4080; x_wconf 88' lang='lat' dir='ltr'>a</span> <span class='ocrx_word' id='word_1_535' title='bbox 1631 4026 1980 4082; x_wconf 84' lang='lat' dir='ltr'>Mesanactis</span> 
     </span>
    </p>
   </div>
   <div class='ocr_carea' id='block_1_78' title="bbox 329 4112 1982 4186">
    <p class='ocr_par' dir='ltr' id='par_1_78' title="bbox 329 4112 1982 4186">
     <span class='ocr_line' id='line_1_79' title="bbox 329 4112 1982 4186; baseline 0.002 -20"><span class='ocrx_word' id='word_1_536' title='bbox 329 4112 388 4166; x_wconf 91' lang='lat' dir='ltr'>in</span> <span class='ocrx_word' id='word_1_537' title='bbox 421 4113 626 4168; x_wconf 89' lang='lat' dir='ltr'>urbem</span> <span class='ocrx_word' id='word_1_538' title='bbox 659 4113 892 4170; x_wconf 85' lang='lat' dir='ltr'>rediens</span> <span class='ocrx_word' id='word_1_539' title='bbox 922 4129 1056 4169; x_wconf 90' lang='lat' dir='ltr'>cum</span> <span class='ocrx_word' id='word_1_540' title='bbox 1089 4118 1438 4182; x_wconf 90' lang='lat' dir='ltr'>occurreret,</span> <span class='ocrx_word' id='word_1_541' title='bbox 1467 4131 1654 4186; x_wconf 90' lang='lat' dir='ltr'>neque</span> <span class='ocrx_word' id='word_1_542' title='bbox 1685 4114 1982 4186; x_wconf 84' lang='lat' dir='ltr'>ignoraret</span> 
     </span>
    </p>
   </div>
   <div class='ocr_carea' id='block_1_79' title="bbox 329 4201 1984 4277">
    <p class='ocr_par' dir='ltr' id='par_1_79' title="bbox 329 4201 1984 4277">
     <span class='ocr_line' id='line_1_80' title="bbox 329 4201 1984 4277; baseline 0.002 -21"><span class='ocrx_word' id='word_1_543' title='bbox 329 4201 697 4273; x_wconf 87' lang='lat' dir='ltr'>migrationis</span> <span class='ocrx_word' id='word_1_544' title='bbox 728 4218 990 4268; x_wconf 86' lang='lat' dir='ltr'>causam,</span> <span class='ocrx_word' id='word_1_545' title='bbox 1023 4203 1211 4276; x_wconf 84' lang='lat' dir='ltr'>coegit</span> <span class='ocrx_word' id='word_1_546' title='bbox 1239 4221 1336 4259; x_wconf 91' lang='lat' dir='ltr'>eos</span> <span class='ocrx_word' id='word_1_547' title='bbox 1370 4205 1609 4259; x_wconf 89' lang='lat' dir='ltr'>domum</span> <span class='ocrx_word' id='word_1_548' title='bbox 1647 4204 1856 4275; x_wconf 89' lang='lat' dir='ltr'>redire,</span> <span class='ocrx_word' id='word_1_549' title='bbox 1889 4219 1984 4277; x_wconf 89' lang='lat' dir='ltr'>pe-</span> 
     </span>
    </p>
   </div>
   <div class='ocr_carea' id='block_1_80' title="bbox 327 4289 1980 4350">
    <p class='ocr_par' dir='ltr' id='par_1_80' title="bbox 327 4289 1980 4350">
     <span class='ocr_line' id='line_1_81' title="bbox 327 4289 1980 4350; baseline 0.002 -5"><span class='ocrx_word' id='word_1_550' title='bbox 327 4290 498 4345; x_wconf 90' lang='lat' dir='ltr'>cunia</span> <span class='ocrx_word' id='word_1_551' title='bbox 528 4295 584 4346; x_wconf 90' lang='lat' dir='ltr'>et</span> <span class='ocrx_word' id='word_1_552' title='bbox 615 4289 746 4347; x_wconf 89' lang='lat' dir='ltr'>aliis</span> <span class='ocrx_word' id='word_1_553' title='bbox 778 4292 849 4346; x_wconf 90' lang='lat' dir='ltr'>ad</span> <span class='ocrx_word' id='word_1_554' title='bbox 881 4293 1062 4346; x_wconf 89' lang='lat' dir='ltr'>vitam</span> <span class='ocrx_word' id='word_1_555' title='bbox 1109 4291 1456 4348; x_wconf 87' lang='lat' dir='ltr'>necessariis</span> <span class='ocrx_word' id='word_1_556' title='bbox 1508 4294 1684 4348; x_wconf 89' lang='lat' dir='ltr'>rebus</span> <span class='ocrx_word' id='word_1_557' title='bbox 1714 4310 1814 4350; x_wconf 89' lang='lat' dir='ltr'>eos</span> <span class='ocrx_word' id='word_1_558' title='bbox 1845 4310 1980 4349; x_wconf 90' lang='lat' dir='ltr'>con-</span> 
     </span>
    </p>
   </div>
   <div class='ocr_carea' id='block_1_81' title="bbox 326 4378 1980 4455">
    <p class='ocr_par' dir='ltr' id='par_1_81' title="bbox 326 4378 1980 4455">
     <span class='ocr_line' id='line_1_82' title="bbox 326 4378 1980 4455; baseline 0.002 -21"><span class='ocrx_word' id='word_1_559' title='bbox 326 4378 572 4435; x_wconf 89' lang='lat' dir='ltr'>solatus.</span> <span class='ocrx_word' id='word_1_560' title='bbox 605 4380 713 4435; x_wconf 90' lang='lat' dir='ltr'>Sed</span> <span class='ocrx_word' id='word_1_561' title='bbox 769 4380 922 4437; x_wconf 81' lang='lat'>500</span> <span class='ocrx_word' id='word_1_562' title='bbox 956 4386 1012 4437; x_wconf 92' lang='lat' dir='ltr'>et</span> <span class='ocrx_word' id='word_1_563' title='bbox 1044 4381 1365 4437; x_wconf 88' lang='lat' dir='ltr'>Michaelus</span> <span class='ocrx_word' id='word_1_564' title='bbox 1394 4385 1630 4452; x_wconf 70' lang='lat' dir='ltr'>Ancyrae</span> <span class='ocrx_word' id='word_1_565' title='bbox 1680 4387 1805 4438; x_wconf 92' lang='lat' dir='ltr'>tum</span> <span class='ocrx_word' id='word_1_566' title='bbox 1858 4383 1980 4455; x_wconf 81' lang='lat' dir='ltr'>epi-</span> 
     </span>
    </p>
   </div>
   <div class='ocr_carea' id='block_1_82' title="bbox 329 4469 1981 4544">
    <p class='ocr_par' dir='ltr' id='par_1_82' title="bbox 329 4469 1981 4544">
     <span class='ocr_line' id='line_1_83' title="bbox 329 4469 1981 4544; baseline 0.001 -19"><span class='ocrx_word' id='word_1_567' title='bbox 329 4486 544 4542; x_wconf 90' lang='lat' dir='ltr'>scopus</span> <span class='ocrx_word' id='word_1_568' title='bbox 584 4470 845 4526; x_wconf 78' lang='lat' dir='ltr'>officium</span> <span class='ocrx_word' id='word_1_569' title='bbox 896 4469 1227 4538; x_wconf 85' lang='lat' dir='ltr'>fecit,nihil</span> <span class='ocrx_word' id='word_1_570' title='bbox 1278 4487 1479 4527; x_wconf 90' lang='lat' dir='ltr'>eorum</span> <span class='ocrx_word' id='word_1_571' title='bbox 1531 4472 1809 4528; x_wconf 86' lang='lat' dir='ltr'>omittens</span> <span class='ocrx_word' id='word_1_572' title='bbox 1855 4490 1981 4544; x_wconf 65' lang='lat' dir='ltr'>qua:</span> 
     </span>
    </p>
   </div>
   <div class='ocr_carea' id='block_1_83' title="bbox 324 4559 1982 4634">
    <p class='ocr_par' dir='ltr' id='par_1_83' title="bbox 324 4559 1982 4634">
     <span class='ocr_line' id='line_1_84' title="bbox 324 4559 1982 4634; baseline 0.004 -22"><span class='ocrx_word' id='word_1_573' title='bbox 324 4559 394 4613; x_wconf 86' lang='lat' dir='ltr'>ad</span> <span class='ocrx_word' id='word_1_574' title='bbox 431 4559 753 4614; x_wconf 89' lang='lat' dir='ltr'>remedium</span> <span class='ocrx_word' id='word_1_575' title='bbox 791 4559 1121 4616; x_wconf 87' lang='lat' dir='ltr'>faciendum</span> <span class='ocrx_word' id='word_1_576' title='bbox 1156 4559 1328 4616; x_wconf 88' lang='lat' dir='ltr'>famis</span> <span class='ocrx_word' id='word_1_577' title='bbox 1360 4561 1826 4634; x_wconf 72' lang='lat' dir='ltr'>pestilentimque</span> <span class='ocrx_word' id='word_1_578' title='bbox 1860 4579 1982 4618; x_wconf 88' lang='lat' dir='ltr'>ma-</span> 
     </span>
    </p>
   </div>
   <div class='ocr_carea' id='block_1_84' title="bbox 328 4645 810 4718">
    <p class='ocr_par' dir='ltr' id='par_1_84' title="bbox 328 4645 810 4718">
     <span class='ocr_line' id='line_1_85' title="bbox 328 4645 810 4718; baseline 0.004 -21"><span class='ocrx_word' id='word_1_579' title='bbox 328 4645 402 4700; x_wconf 89' lang='lat' dir='ltr'>lis</span> <span class='ocrx_word' id='word_1_580' title='bbox 435 4647 810 4718; x_wconf 88' lang='lat' dir='ltr'>pertinerent.</span> 
     </span>
    </p>
   </div>
   <div class='ocr_carea' id='block_1_85' title="bbox 398 4913 1980 4988">
    <p class='ocr_par' dir='ltr' id='par_1_85' title="bbox 398 4913 1980 4988">
     <span class='ocr_line' id='line_1_86' title="bbox 398 4913 1980 4988; baseline 0.003 -21"><span class='ocrx_word' id='word_1_581' title='bbox 398 4913 496 4968; x_wconf 90' lang='lat' dir='ltr'>Die</span> <span class='ocrx_word' id='word_1_582' title='bbox 527 4913 777 4984; x_wconf 86' lang='lat' dir='ltr'>Augusti</span> <span class='ocrx_word' id='word_1_583' title='bbox 811 4913 897 4982; x_wconf 88' lang='grc'>13,</span> <span class='ocrx_word' id='word_1_584' title='bbox 931 4913 1031 4985; x_wconf 92' lang='lat' dir='ltr'>qui</span> <span class='ocrx_word' id='word_1_585' title='bbox 1064 4914 1175 4970; x_wconf 91' lang='lat' dir='ltr'>fuit</span> <span class='ocrx_word' id='word_1_586' title='bbox 1223 4913 1585 4988; x_wconf 87' lang='lat' dir='ltr'>Dominicus,</span> <span class='ocrx_word' id='word_1_587' title='bbox 1613 4915 1757 4972; x_wconf 90' lang='lat' dir='ltr'>hora</span> <span class='ocrx_word' id='word_1_588' title='bbox 1789 4915 1980 4988; x_wconf 88' lang='lat' dir='ltr'>prima</span> 
     </span>
    </p>
   </div>
   <div class='ocr_carea' id='block_1_86' title="bbox 328 5003 1976 5076">
    <p class='ocr_par' dir='ltr' id='par_1_86' title="bbox 328 5003 1976 5076">
     <span class='ocr_line' id='line_1_87' title="bbox 328 5003 1976 5076; baseline 0.002 -20"><span class='ocrx_word' id='word_1_589' title='bbox 328 5003 536 5067; x_wconf 88' lang='lat' dir='ltr'>noctis,</span> <span class='ocrx_word' id='word_1_590' title='bbox 561 5018 714 5058; x_wconf 87' lang='lat' dir='ltr'>anno</span> <span class='ocrx_word' id='word_1_591' title='bbox 748 5004 952 5058; x_wconf 91' lang='lat' dir='ltr'>mundi</span> <span class='ocrx_word' id='word_1_592' title='bbox 980 5005 1145 5071; x_wconf 71' lang='grc'>6540,</span> <span class='ocrx_word' id='word_1_593' title='bbox 1169 5021 1420 5076; x_wconf 91' lang='lat' dir='ltr'>magnus</span> <span class='ocrx_word' id='word_1_594' title='bbox 1445 5005 1552 5060; x_wconf 87' lang='lat' dir='ltr'>fuit</span> <span class='ocrx_word' id='word_1_595' title='bbox 1574 5011 1736 5060; x_wconf 75' lang='lat' dir='ltr'>terrae</span> <span class='ocrx_word' id='word_1_596' title='bbox 1761 5010 1976 5074; x_wconf 56' lang='lat' dir='ltr'>motus,</span> 
     </span>
    </p>
   </div>
   <div class='ocr_carea' id='block_1_87' title="bbox 325 5091 1980 5166">
    <p class='ocr_par' dir='ltr' id='par_1_87' title="bbox 325 5091 1980 5166">
     <span class='ocr_line' id='line_1_88' title="bbox 325 5091 1980 5166; baseline 0.002 -18"><span class='ocrx_word' id='word_1_597' title='bbox 325 5092 395 5148; x_wconf 88' lang='lat' dir='ltr'>Et</span> <span class='ocrx_word' id='word_1_598' title='bbox 427 5091 746 5163; x_wconf 88' lang='lat' dir='ltr'>imperator</span> <span class='ocrx_word' id='word_1_599' title='bbox 776 5093 986 5149; x_wconf 86' lang='lat' dir='ltr'>urbem</span> <span class='ocrx_word' id='word_1_600' title='bbox 1022 5093 1325 5166; x_wconf 88' lang='lat' dir='ltr'>ingressus</span> <span class='ocrx_word' id='word_1_601' title='bbox 1352 5093 1588 5148; x_wconf 90' lang='lat' dir='ltr'>nomine</span> <span class='ocrx_word' id='word_1_602' title='bbox 1619 5111 1735 5150; x_wconf 77' lang='lat' dir='ltr'>sua:</span> <span class='ocrx_word' id='word_1_603' title='bbox 1769 5095 1980 5166; x_wconf 89' lang='lat' dir='ltr'>prioris</span> 
     </span>
    </p>
   </div>
   <div class='ocr_carea' id='block_1_88' title="bbox 2158 3751 3743 3833">
    <p class='ocr_par' dir='ltr' id='par_1_88' title="bbox 2158 3751 3743 3833">
     <span class='ocr_line' id='line_1_89' title="bbox 2158 3751 3743 3833; baseline 0 -22"><span class='ocrx_word' id='word_1_604' title='bbox 2158 3756 2352 3827; x_wconf 66' lang='grc' dir='ltr'>Τοῦτῳ</span> <span class='ocrx_word' id='word_1_605' title='bbox 2398 3760 2477 3827; x_wconf 83' lang='grc' dir='ltr'>τῷ</span> <span class='ocrx_word' id='word_1_606' title='bbox 2535 3751 2638 3810; x_wconf 77' lang='grc' dir='ltr'>ἔτει</span> <span class='ocrx_word' id='word_1_607' title='bbox 2698 3755 2786 3810; x_wconf 80' lang='grc' dir='ltr'>καὶ</span> <span class='ocrx_word' id='word_1_608' title='bbox 2848 3754 3014 3829; x_wconf 81' lang='grc' dir='ltr'>λιμὸς</span> <span class='ocrx_word' id='word_1_609' title='bbox 3069 3756 3160 3810; x_wconf 84' lang='grc' dir='ltr'>καὶ</span> <span class='ocrx_word' id='word_1_610' title='bbox 3210 3756 3410 3830; x_wconf 85' lang='grc' dir='ltr'>λοιμὸς</span> <span class='ocrx_word' id='word_1_611' title='bbox 3464 3754 3743 3833; x_wconf 78' lang='grc' dir='ltr'>ἐπέδραμε</span> 
     </span>
    </p>
   </div>
   <div class='ocr_carea' id='block_1_89' title="bbox 2091 3841 3741 3922">
    <p class='ocr_par' dir='ltr' id='par_1_89' title="bbox 2091 3841 3741 3922">
     <span class='ocr_line' id='line_1_90' title="bbox 2091 3841 3741 3922; baseline 0.001 -24"><span class='ocrx_word' id='word_1_612' title='bbox 2091 3841 2506 3915; x_wconf 82' lang='grc' dir='ltr'>Καππαδοκίαν,</span> <span class='ocrx_word' id='word_1_613' title='bbox 2565 3844 2968 3922; x_wconf 75' lang='grc' dir='ltr'>Παφλαγονίαν,</span> <span class='ocrx_word' id='word_1_614' title='bbox 3023 3847 3374 3921; x_wconf 80' lang='grc' dir='ltr'>Ἀρμενιακὸν</span> <span class='ocrx_word' id='word_1_615' title='bbox 3428 3847 3519 3901; x_wconf 77' lang='grc' dir='ltr'>καὶ</span> <span class='ocrx_word' id='word_1_616' title='bbox 3568 3848 3741 3904; x_wconf 88' lang='grc' dir='ltr'>Ὀνω-</span> 
     </span>
    </p>
   </div>
   <div class='ocr_carea' id='block_1_90' title="bbox 2092 3931 3743 4009">
    <p class='ocr_par' dir='ltr' id='par_1_90' title="bbox 2092 3931 3743 4009">
     <span class='ocr_line' id='line_1_91' title="bbox 2092 3931 3743 4009; baseline 0.002 -22"><span class='ocrx_word' id='word_1_617' title='bbox 2092 3931 2250 4009; x_wconf 83' lang='grc' dir='ltr'>ριάδα</span> <span class='ocrx_word' id='word_1_618' title='bbox 2280 3936 2414 4008; x_wconf 84' lang='grc'>(89),</span> <span class='ocrx_word' id='word_1_619' title='bbox 2450 3934 2547 3996; x_wconf 76' lang='grc' dir='ltr'>ὡς’</span> <span class='ocrx_word' id='word_1_620' title='bbox 2580 3935 2669 3989; x_wconf 82' lang='grc' dir='ltr'>καὶ</span> <span class='ocrx_word' id='word_1_621' title='bbox 2727 3933 2922 3997; x_wconf 77' lang='grc' dir='ltr'>αὐτοὺς</span> <span class='ocrx_word' id='word_1_622' title='bbox 2977 3934 3104 3997; x_wconf 80' lang='grc' dir='ltr'>τοὺς</span> <span class='ocrx_word' id='word_1_623' title='bbox 3141 3940 3249 3990; x_wconf 90' lang='grc' dir='ltr'>τῶν</span> <span class='ocrx_word' id='word_1_624' title='bbox 3299 3934 3546 4009; x_wconf 78' lang='grc' dir='ltr'>Θεμάσων</span> <span class='ocrx_word' id='word_1_625' title='bbox 3585 3934 3743 3990; x_wconf 87' lang='grc' dir='ltr'>ἐποί-</span> 
     </span>
    </p>
   </div>
   <div class='ocr_carea' id='block_1_91' title="bbox 2089 4021 3743 4100">
    <p class='ocr_par' dir='ltr' id='par_1_91' title="bbox 2089 4021 3743 4100">
     <span class='ocr_line' id='line_1_92' title="bbox 2089 4021 3743 4100; baseline 0.002 -23"><span class='ocrx_word' id='word_1_626' title='bbox 2089 4044 2217 4086; x_wconf 85' lang='grc' dir='ltr'>κους</span> <span class='ocrx_word' id='word_1_627' title='bbox 2271 4021 2668 4086; x_wconf 86' lang='grc' dir='ltr'>καταλιπόντας</span> <span class='ocrx_word' id='word_1_628' title='bbox 2726 4026 2820 4086; x_wconf 78' lang='grc' dir='ltr'>τάς</span> <span class='ocrx_word' id='word_1_629' title='bbox 2876 4021 3137 4100; x_wconf 87' lang='grc' dir='ltr'>πατρίδας</span> <span class='ocrx_word' id='word_1_630' title='bbox 3191 4025 3463 4098; x_wconf 84' lang='grc' dir='ltr'>μετοικίαν</span> <span class='ocrx_word' id='word_1_631' title='bbox 3509 4030 3693 4095; x_wconf 85' lang='grc' dir='ltr'>ζητεῖν</span> <span class='ocrx_word' id='word_1_632' title='bbox 3727 4045 3743 4059; x_wconf 81' lang='grc'>⁶</span> 
     </span>
    </p>
   </div>
   <div class='ocr_carea' id='block_1_92' title="bbox 2093 4113 3745 4190">
    <p class='ocr_par' dir='ltr' id='par_1_92' title="bbox 2093 4113 3745 4190">
     <span class='ocr_line' id='line_1_93' title="bbox 2093 4113 3745 4190; baseline 0.002 -22"><span class='ocrx_word' id='word_1_633' title='bbox 2093 4117 2173 4176; x_wconf 76' lang='grc' dir='ltr'>οἷς</span> <span class='ocrx_word' id='word_1_634' title='bbox 2205 4115 2233 4169; x_wconf 89' lang='lat'>6</span> <span class='ocrx_word' id='word_1_635' title='bbox 2270 4113 2524 4190; x_wconf 63' lang='grc' dir='ltr'>βασιλεὺς</span> <span class='ocrx_word' id='word_1_636' title='bbox 2552 4115 2606 4170; x_wconf 81' lang='grc' dir='ltr'>ἐν</span> <span class='ocrx_word' id='word_1_637' title='bbox 2661 4120 2742 4188; x_wconf 76' lang='grc' dir='ltr'>τῷ</span> <span class='ocrx_word' id='word_1_638' title='bbox 2787 4115 2894 4170; x_wconf 88' lang='grc' dir='ltr'>ἀπὸ</span> <span class='ocrx_word' id='word_1_639' title='bbox 2949 4120 3058 4171; x_wconf 88' lang='grc' dir='ltr'>τῶν</span> <span class='ocrx_word' id='word_1_640' title='bbox 3113 4115 3473 4172; x_wconf 84' lang='grc' dir='ltr'>Μεσανάκτων</span> <span class='ocrx_word' id='word_1_641' title='bbox 3519 4115 3745 4172; x_wconf 72' lang='grc' dir='ltr'>εἲσιέναι</span> 
     </span>
    </p>
   </div>
   <div class='ocr_carea' id='block_1_93' title="bbox 2088 4204 3744 4282">
    <p class='ocr_par' dir='ltr' id='par_1_93' title="bbox 2088 4204 3744 4282">
     <span class='ocr_line' id='line_1_94' title="bbox 2088 4204 3744 4282; baseline 0.002 -23"><span class='ocrx_word' id='word_1_642' title='bbox 2088 4207 2224 4280; x_wconf 86' lang='grc' dir='ltr'>πρὸς</span> <span class='ocrx_word' id='word_1_643' title='bbox 2252 4208 2351 4276; x_wconf 71' lang='grc' dir='ltr'>τὴν</span> <span class='ocrx_word' id='word_1_644' title='bbox 2419 4204 2678 4282; x_wconf 88' lang='grc' dir='ltr'>βασιλίδα</span> <span class='ocrx_word' id='word_1_645' title='bbox 2727 4207 3072 4281; x_wconf 85' lang='grc' dir='ltr'>συνητηκὼς,</span> <span class='ocrx_word' id='word_1_646' title='bbox 3130 4208 3222 4262; x_wconf 81' lang='grc' dir='ltr'>καὶ</span> <span class='ocrx_word' id='word_1_647' title='bbox 3268 4210 3367 4278; x_wconf 83' lang='grc' dir='ltr'>τήν</span> <span class='ocrx_word' id='word_1_648' title='bbox 3417 4206 3590 4263; x_wconf 72' lang='grc' dir='ltr'>αἰτίαν</span> <span class='ocrx_word' id='word_1_649' title='bbox 3639 4213 3744 4277; x_wconf 80' lang='grc' dir='ltr'>τῆς</span> 
     </span>
    </p>
   </div>
   <div class='ocr_carea' id='block_1_94' title="bbox 2091 4293 3748 4374">
    <p class='ocr_par' dir='ltr' id='par_1_94' title="bbox 2091 4293 3748 4374">
     <span class='ocr_line' id='line_1_95' title="bbox 2091 4293 3748 4374; baseline 0.002 -26"><span class='ocrx_word' id='word_1_650' title='bbox 2091 4295 2504 4358; x_wconf 67' lang='grc' dir='ltr'>ἀπαναστάσεως</span> <span class='ocrx_word' id='word_1_651' title='bbox 2584 4297 2661 4369; x_wconf 82' lang='grc' dir='ltr'>μὴ</span> <span class='ocrx_word' id='word_1_652' title='bbox 2743 4295 3030 4373; x_wconf 80' lang='grc' dir='ltr'>ἀγνοήσας,</span> <span class='ocrx_word' id='word_1_653' title='bbox 3117 4295 3472 4374; x_wconf 74' lang='grc' dir='ltr'>ὑποστρέφειν</span> <span class='ocrx_word' id='word_1_654' title='bbox 3559 4293 3748 4352; x_wconf 66' lang='grc' dir='ltr'>οἷ’καδε</span> 
     </span>
    </p>
   </div>
   <div class='ocr_carea' id='block_1_95' title="bbox 2091 4380 3744 4460">
    <p class='ocr_par' dir='ltr' id='par_1_95' title="bbox 2091 4380 3744 4460">
     <span class='ocr_line' id='line_1_96' title="bbox 2091 4380 3744 4460; baseline 0.002 -22"><span class='ocrx_word' id='word_1_655' title='bbox 2091 4383 2484 4458; x_wconf 76' lang='grc' dir='ltr'>κατηνάγκαζε,</span> <span class='ocrx_word' id='word_1_656' title='bbox 2538 4385 2750 4460; x_wconf 81' lang='grc' dir='ltr'>χρυσίῳ</span> <span class='ocrx_word' id='word_1_657' title='bbox 2806 4380 3205 4459; x_wconf 72' lang='grc' dir='ltr'>ἀναλαμϐάνων</span> <span class='ocrx_word' id='word_1_658' title='bbox 3263 4385 3352 4441; x_wconf 81' lang='grc' dir='ltr'>καὶ</span> <span class='ocrx_word' id='word_1_659' title='bbox 3392 4391 3510 4448; x_wconf 80' lang='grc' dir='ltr'>τοῖς</span> <span class='ocrx_word' id='word_1_660' title='bbox 3543 4383 3744 4450; x_wconf 69' lang='grc' dir='ltr'>ἄλλοις</span> 
     </span>
    </p>
   </div>
   <div class='ocr_carea' id='block_1_96' title="bbox 2091 4472 3746 4550">
    <p class='ocr_par' dir='ltr' id='par_1_96' title="bbox 2091 4472 3746 4550">
     <span class='ocr_line' id='line_1_97' title="bbox 2091 4472 3746 4550; baseline 0 -22"><span class='ocrx_word' id='word_1_661' title='bbox 2091 4479 2208 4535; x_wconf 84' lang='grc' dir='ltr'>τοῖς</span> <span class='ocrx_word' id='word_1_662' title='bbox 2239 4475 2376 4548; x_wconf 86' lang='grc' dir='ltr'>πρὸς</span> <span class='ocrx_word' id='word_1_663' title='bbox 2406 4475 2468 4528; x_wconf 86' lang='grc' dir='ltr'>τὸ</span> <span class='ocrx_word' id='word_1_664' title='bbox 2535 4479 2630 4548; x_wconf 77' lang='grc' dir='ltr'>ζῇν</span> <span class='ocrx_word' id='word_1_665' title='bbox 2690 4472 3023 4548; x_wconf 86' lang='grc' dir='ltr'>ἀναγκαίοις.</span> <span class='ocrx_word' id='word_1_666' title='bbox 3055 4475 3163 4530; x_wconf 83' lang='grc' dir='ltr'>Καὶ</span> <span class='ocrx_word' id='word_1_667' title='bbox 3220 4473 3455 4550; x_wconf 72' lang='grc' dir='ltr'>Μιγαὴλ</span> <span class='ocrx_word' id='word_1_668' title='bbox 3496 4472 3553 4529; x_wconf 76' lang='grc' dir='ltr'>δὲ</span> <span class='ocrx_word' id='word_1_669' title='bbox 3585 4475 3614 4529; x_wconf 89' lang='lat'>6</span> <span class='ocrx_word' id='word_1_670' title='bbox 3644 4482 3746 4545; x_wconf 77' lang='grc' dir='ltr'>τῆς</span> 
     </span>
    </p>
   </div>
   <div class='ocr_carea' id='block_1_97' title="bbox 2093 4561 3746 4640">
    <p class='ocr_par' dir='ltr' id='par_1_97' title="bbox 2093 4561 3746 4640">
     <span class='ocr_line' id='line_1_98' title="bbox 2093 4561 3746 4640; baseline 0.024 -29"><span class='ocrx_word' id='word_1_671' title='bbox 2093 4561 2360 4637; x_wconf 65' lang='grc' dir='ltr'>Ἀγκύρας</span> <span class='ocrx_word' id='word_1_672' title='bbox 2416 4564 2541 4618; x_wconf 85' lang='grc' dir='ltr'>τότε</span> <span class='ocrx_word' id='word_1_673' title='bbox 2597 4564 2696 4632; x_wconf 73' lang='grc' dir='ltr'>τὴν</span> <span class='ocrx_word' id='word_1_674' title='bbox 2759 4562 3087 4633; x_wconf 79' lang='grc' dir='ltr'>Ἐκκλησίαν</span> <span class='ocrx_word' id='word_1_675' title='bbox 3147 4561 3544 4640; x_wconf 74' lang='grc' dir='ltr'>πηδαλιουχῶν</span> <span class='ocrx_word' id='word_1_676' title='bbox 3617 4561 3746 4640; x_wconf 55' lang='grc' dir='ltr'>ξενία</span> 
     </span>
    </p>
   </div>
   <div class='ocr_carea' id='block_1_98' title="bbox 2085 4649 3741 4731">
    <p class='ocr_par' dir='ltr' id='par_1_98' title="bbox 2085 4649 3741 4731">
     <span class='ocr_line' id='line_1_99' title="bbox 2085 4649 3741 4731; baseline 0.001 -26"><span class='ocrx_word' id='word_1_677' title='bbox 2085 4651 2278 4726; x_wconf 75' lang='grc' dir='ltr'>ἀρετῆς</span> <span class='ocrx_word' id='word_1_678' title='bbox 2336 4649 2640 4722; x_wconf 76' lang='grc' dir='ltr'>ἐπεδείξατο</span> <span class='ocrx_word' id='word_1_679' title='bbox 2720 4652 2874 4724; x_wconf 75' lang='grc' dir='ltr'>ἄξια,</span> <span class='ocrx_word' id='word_1_680' title='bbox 2938 4649 3172 4726; x_wconf 87' lang='grc' dir='ltr'>μηδενὸς</span> <span class='ocrx_word' id='word_1_681' title='bbox 3255 4653 3578 4731; x_wconf 86' lang='grc' dir='ltr'>φεισάμενος</span> <span class='ocrx_word' id='word_1_682' title='bbox 3634 4658 3741 4707; x_wconf 89' lang='grc' dir='ltr'>τῶν</span> 
     </span>
    </p>
   </div>
   <div class='ocr_carea' id='block_1_99' title="bbox 2087 4739 3744 4817">
    <p class='ocr_par' dir='ltr' id='par_1_99' title="bbox 2087 4739 3744 4817">
     <span class='ocr_line' id='line_1_100' title="bbox 2087 4739 3744 4817; baseline 0.001 -23"><span class='ocrx_word' id='word_1_683' title='bbox 2087 4741 2370 4795; x_wconf 87' lang='grc' dir='ltr'>τεινόντων</span> <span class='ocrx_word' id='word_1_684' title='bbox 2421 4739 2498 4802; x_wconf 58' lang='grc' dir='ltr'>είς</span> <span class='ocrx_word' id='word_1_685' title='bbox 2557 4742 2831 4817; x_wconf 90' lang='grc' dir='ltr'>σωτηρίαν</span> <span class='ocrx_word' id='word_1_686' title='bbox 2875 4746 2984 4796; x_wconf 89' lang='grc' dir='ltr'>τῶν</span> <span class='ocrx_word' id='word_1_687' title='bbox 3029 4747 3124 4797; x_wconf 92' lang='grc' dir='ltr'>τοῦ</span> <span class='ocrx_word' id='word_1_688' title='bbox 3177 4741 3348 4816; x_wconf 86' lang='grc' dir='ltr'>λιμοῦ</span> <span class='ocrx_word' id='word_1_689' title='bbox 3392 4741 3481 4797; x_wconf 83' lang='grc' dir='ltr'>καὶ</span> <span class='ocrx_word' id='word_1_690' title='bbox 3536 4742 3744 4817; x_wconf 89' lang='grc' dir='ltr'>λοιμοῦ</span> 
     </span>
    </p>
   </div>
   <div class='ocr_carea' id='block_1_100' title="bbox 2085 4829 2431 4904">
    <p class='ocr_par' dir='ltr' id='par_1_100' title="bbox 2085 4829 2431 4904">
     <span class='ocr_line' id='line_1_101' title="bbox 2085 4829 2431 4904; baseline 0.003 -20"><span class='ocrx_word' id='word_1_691' title='bbox 2085 4829 2408 4904; x_wconf 86' lang='grc' dir='ltr'>τραυμάτων</span> <span class='ocrx_word' id='word_1_692' title='bbox 2419 4873 2431 4885; x_wconf 94' lang='grc'>.</span> 
     </span>
    </p>
   </div>
   <div class='ocr_carea' id='block_1_101' title="bbox 2160 4916 3741 4997">
    <p class='ocr_par' dir='ltr' id='par_1_101' title="bbox 2160 4916 3741 4997">
     <span class='ocr_line' id='line_1_102' title="bbox 2160 4916 3741 4997; baseline 0.001 -22"><span class='ocrx_word' id='word_1_693' title='bbox 2160 4921 2274 4988; x_wconf 79' lang='grc' dir='ltr'>Τῆς</span> <span class='ocrx_word' id='word_1_694' title='bbox 2310 4920 2373 4994; x_wconf 86' lang='grc' dir='ltr'>ιγ’</span> <span class='ocrx_word' id='word_1_695' title='bbox 2407 4916 2464 4973; x_wconf 77' lang='grc' dir='ltr'>δὶ</span> <span class='ocrx_word' id='word_1_696' title='bbox 2491 4923 2589 4974; x_wconf 88' lang='grc' dir='ltr'>τοῦ</span> <span class='ocrx_word' id='word_1_697' title='bbox 2644 4917 2960 4994; x_wconf 67' lang='grc' dir='ltr'>Αὐγούστου</span> <span class='ocrx_word' id='word_1_698' title='bbox 3020 4921 3216 4992; x_wconf 84' lang='grc' dir='ltr'>μηνὸς,</span> <span class='ocrx_word' id='word_1_699' title='bbox 3259 4921 3442 4995; x_wconf 72' lang='grc' dir='ltr'>ἡμέρᾳ</span> <span class='ocrx_word' id='word_1_700' title='bbox 3471 4926 3741 4997; x_wconf 79' lang='grc' dir='ltr'>Κυριακῇ,</span> 
     </span>
    </p>
   </div>
   <div class='ocr_carea' id='block_1_102' title="bbox 2091 5005 3742 5088">
    <p class='ocr_par' dir='ltr' id='par_1_102' title="bbox 2091 5005 3742 5088">
     <span class='ocr_line' id='line_1_103' title="bbox 2091 5005 3742 5088; baseline 0.004 -27"><span class='ocrx_word' id='word_1_701' title='bbox 2091 5005 2206 5082; x_wconf 78' lang='grc' dir='ltr'>ὥρᾳ</span> <span class='ocrx_word' id='word_1_702' title='bbox 2237 5009 2281 5061; x_wconf 86' lang='grc' dir='ltr'>α’</span> <span class='ocrx_word' id='word_1_703' title='bbox 2312 5015 2413 5076; x_wconf 82' lang='grc' dir='ltr'>τῆς</span> <span class='ocrx_word' id='word_1_704' title='bbox 2445 5007 2658 5075; x_wconf 82' lang='grc' dir='ltr'>νυκτὸς,</span> <span class='ocrx_word' id='word_1_705' title='bbox 2713 5007 2766 5062; x_wconf 85' lang='grc' dir='ltr'>ἐν</span> <span class='ocrx_word' id='word_1_706' title='bbox 2809 5006 2913 5063; x_wconf 82' lang='grc' dir='ltr'>ἔτει</span> <span class='ocrx_word' id='word_1_707' title='bbox 2967 5014 3050 5082; x_wconf 78' lang='grc' dir='ltr'>τῶ</span> <span class='ocrx_word' id='word_1_708' title='bbox 3108 5011 3273 5088; x_wconf 50' lang='grc' dir='ltr'>,ςφμζ</span> <span class='ocrx_word' id='word_1_709' title='bbox 3312 5012 3494 5087; x_wconf 82' lang='grc' dir='ltr'>γέγονε</span> <span class='ocrx_word' id='word_1_710' title='bbox 3518 5013 3742 5085; x_wconf 85' lang='grc' dir='ltr'>σεισμὸς</span> 
     </span>
    </p>
   </div>
   <div class='ocr_carea' id='block_1_103' title="bbox 2096 5093 3744 5176">
    <p class='ocr_par' dir='ltr' id='par_1_103' title="bbox 2096 5093 3744 5176">
     <span class='ocr_line' id='line_1_104' title="bbox 2096 5093 3744 5176; baseline 0.004 -26"><span class='ocrx_word' id='word_1_711' title='bbox 2096 5096 2278 5172; x_wconf 87' lang='grc' dir='ltr'>μέγας.</span> <span class='ocrx_word' id='word_1_712' title='bbox 2315 5093 2552 5166; x_wconf 66' lang='grc' dir='ltr'>Εῗ’σῆλοε</span> <span class='ocrx_word' id='word_1_713' title='bbox 2583 5094 2643 5151; x_wconf 75' lang='grc' dir='ltr'>δὲ</span> <span class='ocrx_word' id='word_1_714' title='bbox 2673 5096 2762 5152; x_wconf 86' lang='grc' dir='ltr'>καὶ</span> <span class='ocrx_word' id='word_1_715' title='bbox 2807 5098 2834 5152; x_wconf 93' lang='grc' dir='ltr'>ὁ</span> <span class='ocrx_word' id='word_1_716' title='bbox 2881 5097 3142 5173; x_wconf 74' lang='grc' dir='ltr'>βασιλεὺς</span> <span class='ocrx_word' id='word_1_717' title='bbox 3171 5099 3222 5154; x_wconf 88' lang='grc' dir='ltr'>ἐν</span> <span class='ocrx_word' id='word_1_718' title='bbox 3254 5103 3322 5174; x_wconf 81' lang='grc' dir='ltr'>τῇ</span> <span class='ocrx_word' id='word_1_719' title='bbox 3359 5099 3624 5176; x_wconf 87' lang='grc' dir='ltr'>βασιλίδι,</span> <span class='ocrx_word' id='word_1_720' title='bbox 3653 5101 3744 5157; x_wconf 83' lang='grc' dir='ltr'>καὶ</span> 
     </span>
    </p>
   </div>
   <div class='ocr_carea' id='block_1_104' title="bbox 1517 5217 2554 5278">
    <p class='ocr_par' dir='ltr' id='par_1_104' title="bbox 1517 5217 2554 5278">
     <span class='ocr_line' id='line_1_105' title="bbox 1517 5217 2554 5278; baseline 0.006 -6"><span class='ocrx_word' id='word_1_721' title='bbox 1517 5217 1891 5274; x_wconf 79' lang='lat' dir='ltr'>XYLANDRI</span> <span class='ocrx_word' id='word_1_722' title='bbox 1930 5219 2020 5275; x_wconf 88' lang='lat' dir='ltr'>ET</span> <span class='ocrx_word' id='word_1_723' title='bbox 2061 5221 2280 5277; x_wconf 72' lang='lat' dir='ltr'>GOARI</span> <span class='ocrx_word' id='word_1_724' title='bbox 2322 5222 2554 5278; x_wconf 69' lang='lat' dir='ltr'>NOTAE.</span> 
     </span>
    </p>
   </div>
   <div class='ocr_carea' id='block_1_105' title="bbox 399 5312 1974 5386">
    <p class='ocr_par' dir='ltr' id='par_1_105' title="bbox 399 5312 1974 5386">
     <span class='ocr_line' id='line_1_106' title="bbox 399 5312 1974 5386; baseline 0.004 -20"><span class='ocrx_word' id='word_1_725' title='bbox 399 5313 512 5384; x_wconf 85' lang='lat'>(86)</span> <span class='ocrx_word' id='word_1_726' title='bbox 543 5312 892 5386; x_wconf 76' lang='lat' dir='ltr'>Ambiguum</span> <span class='ocrx_word' id='word_1_727' title='bbox 925 5319 1011 5370; x_wconf 87' lang='lat' dir='ltr'>est</span> <span class='ocrx_word' id='word_1_728' title='bbox 1041 5313 1228 5369; x_wconf 91' lang='lat' dir='ltr'>locine</span> <span class='ocrx_word' id='word_1_729' title='bbox 1261 5313 1337 5370; x_wconf 91' lang='lat' dir='ltr'>sit</span> <span class='ocrx_word' id='word_1_730' title='bbox 1367 5331 1580 5370; x_wconf 90' lang='lat' dir='ltr'>nomen</span> <span class='ocrx_word' id='word_1_731' title='bbox 1611 5334 1682 5371; x_wconf 89' lang='lat' dir='ltr'>an</span> <span class='ocrx_word' id='word_1_732' title='bbox 1718 5317 1974 5373; x_wconf 88' lang='lat' dir='ltr'>hominis</span> 
     </span>
    </p>
   </div>
   <div class='ocr_carea' id='block_1_106' title="bbox 324 5383 1972 5453">
    <p class='ocr_par' dir='ltr' id='par_1_106' title="bbox 324 5383 1972 5453">
     <span class='ocr_line' id='line_1_107' title="bbox 324 5383 1972 5453; baseline 0.004 -15"><span class='ocrx_word' id='word_1_733' title='bbox 324 5383 548 5440; x_wconf 37' lang='lat' dir='ltr'>ea&#39;vox.</span> <span class='ocrx_word' id='word_1_734' title='bbox 582 5383 810 5440; x_wconf 54' lang='lat' dir='ltr'>XrLf—</span> <span class='ocrx_word' id='word_1_735' title='bbox 841 5385 1036 5453; x_wconf 89' lang='lat' dir='ltr'>Urbis,</span> <span class='ocrx_word' id='word_1_736' title='bbox 1069 5403 1182 5441; x_wconf 91' lang='lat' dir='ltr'>non</span> <span class='ocrx_word' id='word_1_737' title='bbox 1215 5387 1319 5440; x_wconf 90' lang='lat' dir='ltr'>viri</span> <span class='ocrx_word' id='word_1_738' title='bbox 1370 5404 1605 5453; x_wconf 91' lang='lat' dir='ltr'>nomen,</span> <span class='ocrx_word' id='word_1_739' title='bbox 1636 5405 1704 5442; x_wconf 80' lang='lat' dir='ltr'>ex</span> <span class='ocrx_word' id='word_1_740' title='bbox 1737 5389 1972 5446; x_wconf 88' lang='lat' dir='ltr'>Ortelio.</span> 
     </span>
    </p>
   </div>
   <div class='ocr_carea' id='block_1_107' title="bbox 323 5456 1775 5530">
    <p class='ocr_par' dir='ltr' id='par_1_107' title="bbox 323 5456 1775 5530">
     <span class='ocr_line' id='line_1_108' title="bbox 323 5456 1775 5530; baseline 0.003 -20"><span class='ocrx_word' id='word_1_741' title='bbox 323 5456 681 5530; x_wconf 81' lang='lat' dir='ltr'>Vertendum</span> <span class='ocrx_word' id='word_1_742' title='bbox 713 5457 911 5530; x_wconf 89' lang='lat' dir='ltr'>itaque</span> <span class='ocrx_word' id='word_1_743' title='bbox 938 5457 1273 5530; x_wconf 60' lang='lat' dir='ltr'>Perillieorz&#39;i</span> <span class='ocrx_word' id='word_1_744' title='bbox 1298 5460 1560 5530; x_wconf 73' lang='lat' dir='ltr'>episcopo.</span> <span class='ocrx_word' id='word_1_745' title='bbox 1596 5463 1775 5514; x_wconf 79' lang='lat' dir='ltr'>GOAR.</span> 
     </span>
    </p>
   </div>
   <div class='ocr_carea' id='block_1_108' title="bbox 398 5528 1972 5601">
    <p class='ocr_par' dir='ltr' id='par_1_108' title="bbox 398 5528 1972 5601">
     <span class='ocr_line' id='line_1_109' title="bbox 398 5528 1972 5601; baseline 0.003 -19"><span class='ocrx_word' id='word_1_746' title='bbox 398 5529 508 5599; x_wconf 84' lang='lat'>(87)</span> <span class='ocrx_word' id='word_1_747' title='bbox 539 5528 688 5601; x_wconf 71' lang='lat' dir='ltr'>Illud</span> <span class='ocrx_word' id='word_1_748' title='bbox 737 5528 828 5585; x_wconf 85' lang='lat' dir='ltr'>de</span> <span class='ocrx_word' id='word_1_749' title='bbox 868 5529 1043 5584; x_wconf 90' lang='lat' dir='ltr'>fratre</span> <span class='ocrx_word' id='word_1_750' title='bbox 1097 5528 1364 5585; x_wconf 90' lang='lat' dir='ltr'>Michaeli</span> <span class='ocrx_word' id='word_1_751' title='bbox 1425 5528 1800 5601; x_wconf 85' lang='lat' dir='ltr'>imperatoris</span> <span class='ocrx_word' id='word_1_752' title='bbox 1857 5547 1972 5586; x_wconf 87' lang='lat' dir='ltr'>non</span> 
     </span>
    </p>
   </div>
   <div class='ocr_carea' id='block_1_109' title="bbox 326 5599 1972 5676">
    <p class='ocr_par' dir='ltr' id='par_1_109' title="bbox 326 5599 1972 5676">
     <span class='ocr_line' id='line_1_110' title="bbox 326 5599 1972 5676; baseline 0.002 -22"><span class='ocrx_word' id='word_1_753' title='bbox 326 5599 620 5676; x_wconf 79' lang='lat' dir='ltr'>immerito</span> <span class='ocrx_word' id='word_1_754' title='bbox 649 5605 740 5656; x_wconf 90' lang='lat' dir='ltr'>est</span> <span class='ocrx_word' id='word_1_755' title='bbox 789 5605 1150 5676; x_wconf 80' lang='lat' dir='ltr'>suspectum.</span> <span class='ocrx_word' id='word_1_756' title='bbox 1185 5606 1382 5676; x_wconf 81' lang='lat' dir='ltr'>Neque</span> <span class='ocrx_word' id='word_1_757' title='bbox 1418 5599 1592 5676; x_wconf 18' lang='lat' dir='ltr'>_vid7eo</span> <span class='ocrx_word' id='word_1_758' title='bbox 1623 5603 1764 5676; x_wconf 86' lang='lat' dir='ltr'>quid</span> <span class='ocrx_word' id='word_1_759' title='bbox 1800 5601 1972 5676; x_wconf 80' lang='lat' dir='ltr'>aliud</span> 
     </span>
    </p>
   </div>
   <div class='ocr_carea' id='block_1_110' title="bbox 327 5672 1974 5748">
    <p class='ocr_par' dir='ltr' id='par_1_110' title="bbox 327 5672 1974 5748">
     <span class='ocr_line' id='line_1_111' title="bbox 327 5672 1974 5748; baseline 0.001 -16"><span class='ocrx_word' id='word_1_760' title='bbox 327 5672 599 5748; x_wconf 86' lang='lat' dir='ltr'>colligam</span> <span class='ocrx_word' id='word_1_761' title='bbox 649 5689 826 5748; x_wconf 85' lang='lat' dir='ltr'>quam</span> <span class='ocrx_word' id='word_1_762' title='bbox 875 5674 1114 5731; x_wconf 86' lang='lat' dir='ltr'>fratrem</span> <span class='ocrx_word' id='word_1_763' title='bbox 1162 5672 1300 5730; x_wconf 86' lang='lat' dir='ltr'>eum</span> <span class='ocrx_word' id='word_1_764' title='bbox 1349 5673 1529 5732; x_wconf 86' lang='lat' dir='ltr'>fuisse</span> <span class='ocrx_word' id='word_1_765' title='bbox 1576 5672 1838 5733; x_wconf 82' lang='lat' dir='ltr'>Michaeli</span> <span class='ocrx_word' id='word_1_766' title='bbox 1869 5675 1974 5733; x_wconf 85' lang='lat' dir='ltr'>Pa-</span> 
     </span>
    </p>
   </div>
   <div class='ocr_carea' id='block_1_111' title="bbox 2086 5319 3746 5398">
    <p class='ocr_par' dir='ltr' id='par_1_111' title="bbox 2086 5319 3746 5398">
     <span class='ocr_line' id='line_1_112' title="bbox 2086 5319 3746 5398; baseline 0.006 -25"><span class='ocrx_word' id='word_1_767' title='bbox 2086 5319 2556 5398; x_wconf 39' lang='lat' dir='ltr'>phlagonisuqui</span> <span class='ocrx_word' id='word_1_768' title='bbox 2573 5325 2705 5398; x_wconf 81' lang='lat' dir='ltr'>post</span> <span class='ocrx_word' id='word_1_769' title='bbox 2726 5321 2880 5398; x_wconf 86' lang='lat' dir='ltr'>hunc</span> <span class='ocrx_word' id='word_1_770' title='bbox 2903 5323 3229 5398; x_wconf 80' lang='lat' dir='ltr'>Romanum</span> <span class='ocrx_word' id='word_1_771' title='bbox 3253 5323 3498 5396; x_wconf 88' lang='lat' dir='ltr'>imperio</span> <span class='ocrx_word' id='word_1_772' title='bbox 3522 5327 3746 5398; x_wconf 84' lang='lat' dir='ltr'>potitus</span> 
     </span>
    </p>
   </div>
   <div class='ocr_carea' id='block_1_112' title="bbox 2083 5385 3740 5470">
    <p class='ocr_par' dir='ltr' id='par_1_112' title="bbox 2083 5385 3740 5470">
     <span class='ocr_line' id='line_1_113' title="bbox 2083 5385 3740 5470; baseline 0.005 -23"><span class='ocrx_word' id='word_1_773' title='bbox 2083 5385 2307 5470; x_wconf 50' lang='lat' dir='ltr'>estfut</span> <span class='ocrx_word' id='word_1_774' title='bbox 2341 5385 2794 5470; x_wconf 60' lang='grc' dir='ltr'>βεϐασιλευκότος</span> <span class='ocrx_word' id='word_1_775' title='bbox 2831 5385 3428 5470; x_wconf 28' lang='grc' dir='ltr'>ἱηῑοιιὶεαεᾉνεεροὸιυ</span> <span class='ocrx_word' id='word_1_776' title='bbox 3459 5385 3740 5468; x_wconf 66' lang='lat' dir='ltr'>auctoris,</span> 
     </span>
    </p>
   </div>
   <div class='ocr_carea' id='block_1_113' title="bbox 2085 5464 3252 5539">
    <p class='ocr_par' dir='ltr' id='par_1_113' title="bbox 2085 5464 3252 5539">
     <span class='ocr_line' id='line_1_114' title="bbox 2085 5464 3252 5539; baseline 0.004 -20"><span class='ocrx_word' id='word_1_777' title='bbox 2085 5464 2502 5539; x_wconf 33' lang='lat' dir='ltr'>non‘ltornani,</span> <span class='ocrx_word' id='word_1_778' title='bbox 2535 5466 2778 5539; x_wconf 82' lang='lat' dir='ltr'>quodet</span> <span class='ocrx_word' id='word_1_779' title='bbox 2806 5464 3087 5539; x_wconf 74' lang='lat' dir='ltr'>expressi.</span> <span class='ocrx_word' id='word_1_780' title='bbox 3122 5468 3252 5524; x_wconf 81' lang='lat' dir='ltr'>ZYL.</span> 
     </span>
    </p>
   </div>
   <div class='ocr_carea' id='block_1_114' title="bbox 2157 5535 3307 5611">
    <p class='ocr_par' dir='ltr' id='par_1_114' title="bbox 2157 5535 3307 5611">
     <span class='ocr_line' id='line_1_115' title="bbox 2157 5535 3307 5611; baseline 0.005 -22"><span class='ocrx_word' id='word_1_781' title='bbox 2296 5535 2380 5611; x_wconf 66' lang='grc' dir='ltr'>Ἑν</span> <span class='ocrx_word' id='word_1_782' title='bbox 2405 5540 2483 5608; x_wconf 79' lang='grc' dir='ltr'>τῷ</span> <span class='ocrx_word' id='word_1_783' title='bbox 2514 5535 2784 5611; x_wconf 77' lang='grc' dir='ltr'>κυνηγίῳ.</span> <span class='ocrx_word' id='word_1_784' title='bbox 2811 5535 3094 5611; x_wconf 72' lang='grc' dir='ltr'>(ὃίιίάειε).</span> <span class='ocrx_word' id='word_1_785' title='bbox 3126 5545 3307 5596; x_wconf 76' lang='lat' dir='ltr'>GOAR.</span> 
     </span>
    </p>
   </div>
   <div class='ocr_carea' id='block_1_115' title="bbox 2154 5607 3740 5688">
    <p class='ocr_par' dir='ltr' id='par_1_115' title="bbox 2154 5607 3740 5688">
     <span class='ocr_line' id='line_1_116' title="bbox 2154 5607 3740 5688; baseline 0.006 -26"><span class='ocrx_word' id='word_1_786' title='bbox 2154 5607 2484 5688; x_wconf 50' lang='lat' dir='ltr'>(aeuum</span> <span class='ocrx_word' id='word_1_787' title='bbox 2514 5607 2836 5667; x_wconf 81' lang='lat' dir='ltr'>Asiaticam</span> <span class='ocrx_word' id='word_1_788' title='bbox 2887 5607 3184 5685; x_wconf 83' lang='lat' dir='ltr'>regionem</span> <span class='ocrx_word' id='word_1_789' title='bbox 3214 5611 3276 5669; x_wconf 89' lang='lat' dir='ltr'>in</span> <span class='ocrx_word' id='word_1_790' title='bbox 3305 5615 3510 5671; x_wconf 86' lang='lat' dir='ltr'>Ponto.</span> <span class='ocrx_word' id='word_1_791' title='bbox 3546 5613 3740 5688; x_wconf 88' lang='lat' dir='ltr'>(Orte-</span> 
     </span>
    </p>
   </div>
   <div class='ocr_carea' id='block_1_116' title="bbox 2081 5675 2453 5752">
    <p class='ocr_par' dir='ltr' id='par_1_116' title="bbox 2081 5675 2453 5752">
     <span class='ocr_line' id='line_1_117' title="bbox 2081 5675 2453 5752; baseline 0.016 -19"><span class='ocrx_word' id='word_1_792' title='bbox 2081 5675 2258 5752; x_wconf 51' lang='lat' dir='ltr'>liu&#39;s.)</span> <span class='ocrx_word' id='word_1_793' title='bbox 2273 5679 2453 5739; x_wconf 67' lang='lat' dir='ltr'>Goaa.</span> 
     </span>
    </p>
   </div>
  </div>
