4036 6194
224 313 340 372 233

1361 309 1728 371 HISTORIA
1743 309 1907 370 RUM
1952 310 2108 371 (ἷοΜ
2121 310 2476 373 PENDIUM
2489 357 2502 369 .

3521 316 3638 378 234

220 449 317 510 τῆς
371 442 647 518 προτέρας
709 442 875 496 αὐτοῦ
917 443 1166 516 γυναικὸς
1215 440 1443 513 Ἑλένης
1490 440 1869 512 ἀποθανούσης

2001 442 2184 499 λκοιιὶε
2217 444 2444 501 ΙΙθιθοω
2495 459 2698 502 recens
2745 449 2990 501 morture
3030 461 3304 519 magnam
3359 447 3640 523 elargitus

227 530 467 606 μεγάλας
521 527 793 593 διαδόσεις
829 531 960 606 ὑπὲρ
997 531 1164 598 αὐτῆς
1209 529 1525 602 ἐποιήσατο.
1559 531 1752 603 Τούτῳ
1798 535 1879 602 τῷ

223 618 321 674 ἔτει
347 621 490 674 κατᾶ
518 620 620 689 τὴν
648 620 740 689 κη’
776 624 874 674 τοῦ
915 615 1290 696 Φεϐρουαρίου
1343 622 1514 694 μηνὸς
1565 621 1656 675 καὶ
1703 621 1877 692 ἀστήρ

223 707 401 777 διῇξεν
434 708 543 762 ἀπὸ
588 707 762 783 βορρᾶ
815 708 953 780 πρὸς
1011 702 1357 783 μεσημϐρίαν
1422 711 1533 781 μετ’
1575 706 1723 782 ἤχου
1787 705 1878 762 καὶ

219 798 448 852 κτύπου·
507 796 756 875 ἐφαίνετο
815 794 873 852 δὲ
929 794 1060 872 ἄχρι
1125 803 1225 866 τῆς
1284 799 1338 852 ιε’
1399 797 1664 873 Μαρτίου,
1720 797 1876 866 τόξον

223 889 450 959 ὕπερθεν
523 884 692 962 ἔχων.
774 885 1007 962 Μαρτίῳ
1084 884 1140 941 δὲ
1215 894 1279 958 ς’,
1338 885 1522 962 ἡμέρᾳ
1574 887 1642 963 γ’,
1694 886 1879 962 γέγονε

228 977 469 1048 σεισμός.

293 1067 543 1140 Ἐγένετο
592 1062 650 1120 δὲ
696 1065 832 1120 κατὰ
893 1069 1083 1120 τοῦτον
1130 1066 1222 1120 τὸν
1250 1064 1454 1140 χρόνον
1490 1063 1582 1120 καὶ
1631 1061 1876 1138 ὲκδρομή

219 1163 442 1230 Ἄφρων
496 1155 888 1230 -Σαρακηνῶν,
945 1152 1156 1219 πλοίων
1243 1153 1471 1230 χιλίων,
1537 1155 1877 1226 πολεμιστὰς

224 1244 425 1319 ἔχοντα
487 1243 738 1317 μυρίους,
797 1244 993 1306 οἳτινες
1050 1241 1239 1298 πολλᾶ
1264 1243 1359 1307 τὰς
1384 1245 1584 1314 νήσους
1613 1243 1702 1298 καὶ
1735 1263 1880 1318 παρ-

220 1320 406 1394 αλίους
445 1332 747 1388 ἐκάκωσαν.
796 1337 891 1387 Ὠν
942 1331 1090 1408 μέρει
1136 1331 1243 1386 τινὶ
1301 1331 1645 1406 ςυμπλακεὶς
1700 1338 1878 1404 Νικη-

221 1422 385 1498 ιφόρος
443 1424 473 1477 6
533 1422 876 1498 Καραντηνὸς
931 1419 1192 1496 ἐτρέψατο
1250 1423 1335 1494 [Ρ.
1369 1424 1496 1495 731]
1551 1423 1640 1477 καὶ
1682 1442 1873 1476 πεντα-

217 1512 440 1574 κοσίους
499 1508 908 1584 πεπεδημένους
967 1510 1320 1586 Σαρακηνοὺς
1366 1514 1446 1582 τῷ
1505 1511 1739 1567 Βασιλεῖ
1792 1510 1874 1582 ἐξ·

220 1599 532 1657 απέστειλε.
587 1601 780 1672 Τούτῳ
821 1604 902 1672 τῷ
949 1595 1052 1654 ἔτει
1102 1600 1190 1654 καὶ
1245 1601 1513 1677 Γεώργιος
1571 1621 1878 1675 προτοσπα-

221 1693 408 1764 Θὲριος
459 1691 489 1744 6
520 1689 823 1758 Μανιάκης,
883 1689 912 1744 6
969 1686 1263 1744 Γουδελίου
1305 1693 1402 1744 τοῦ
1455 1691 1702 1759 Μανιάκη
1737 1691 1872 1759 υἱὸς,

221 1786 326 1834 τῶν
368 1776 847 1857 παρευφρατιδίων
894 1782 1211 1852 στρατηγῶν
1274 1777 1491 1833 πόλεων
1545 1778 1633 1833 καὶ
1693 1778 1744 1833 ἐν
1775 1785 1878 1834 Σα-
1911 1819 1956 1883 Β

345 1869 357 1883 σ
576 1868 590 1883 \
708 1868 725 1883 ι
784 1869 797 1883 ι
970 1861 994 1883 ﬁ
1195 1873 1222 1883 ,ο
1427 1869 1440 1883 ι
1525 1871 1551 1882 ~
1607 1869 1661 1883 In
1846 1873 1865 1883 ι-

227 1869 487 1942 μοσᾶτοις
529 1868 628 1930 τὰς
673 1868 916 1938 οῗκήσεις
968 1861 1113 1943 ἔχων
1156 1873 1257 1937 τῆς
1304 1869 1451 1941 παρὰ
1607 1869 1877 1944 Ὀσροηνῇ

222 1955 378 2011 πὶλει
449 1957 788 2030 ἀπεπειράθη
851 1954 1133 2026 Ἐδέσσης·
1191 1955 1396 2026 ταύτης
1451 1956 1554 2033 γὰρ
1611 1957 1711 2026 τὴν
1767 1957 1881 2012 ἐπι-

229 2046 448 2101 στασίαν
527 2045 859 2118 Σαλαμάνης
924 2044 1068 2120 ἔχων
1153 2047 1181 2100 6
1253 2050 1511 2121 Τοῦρκος,
1583 2046 1730 2122 παρᾶ
1782 2051 1878 2101 τοῦ

226 2136 415 2210 ἀμηρᾶ
498 2133 1010 2210 Μαρτυρουπόλεως
1089 2133 1214 2203 ἦτοι
1284 2135 1620 2211 Μιεφερκεὶμ
1702 2134 1876 2191 ἐπιτε-

223 2225 541 2298 τιςαμμὲνθς
599 2222 768 2295 αὐτῷ,
841 2223 932 2277 καὶ
988 2220 1188 2297 δώροις
1255 2223 1346 2277 καὶ
1415 2224 1738 2300 ὑποσχέσεσι
1786 2223 1878 2279 καὶ

222 2319 408 2386 τιμαῖς
482 2309 799 2388 διαφθαρεὶς
866 2309 1202 2385 παραδίδωσι
1270 2316 1350 2384 τῷ
1408 2313 1680 2388 Μανιάκῃ,
1740 2312 1878 2389 ἀωρὶ

225 2407 325 2456 τῶν
374 2405 615 2470 νυκτῶν,
668 2401 730 2462 ’ὀς
786 2405 932 2474 τρεῖς
998 2399 1234 2476 πύργους
1304 2398 1425 2454 λίαν
1488 2400 1876 2477 ἀχυρωτάτους

226 2489 517 2566 κατασχὼν
596 2488 852 2564 εὐψύγως
926 2488 1054 2551 τοὺς
1120 2489 1555 2564 πολιορκοῦντας
1610 2490 1876 2563 ἠμύνετο,

232 2581 489 2655 βοήθειαν
560 2574 750 2649 ἔξωθεν
823 2577 1276 2652 ἐπικαλούμενος.
1343 2578 1767 2654 Ἀπομερμάνης
1822 2577 1880 2634 δὲ

230 2672 257 2724 ὁ
305 2674 415 2724 τῶν
472 2668 816 2745 Μιεφερκεὶμ
870 2667 1109 2742 ἀμηρᾶς,
1165 2669 1265 2736 τήν
1312 2665 1516 2723 ἅλωσιν
1571 2669 1756 2742 μαθὼν
1789 2669 1876 2724 καὶ

229 2759 352 2829 ags;
403 2757 688 2836 ἐπιφανεὶς
734 2758 872 2831 μετὰ
923 2754 1206 2830 δυνάμεως
1256 2757 1358 2812 οὐκ
1419 2755 1614 2834 ὀλίγης
1663 2757 1880 2834 ἐπεχεί-

234 2867 362 2921 ρησε
414 2847 512 2919 μὲν
573 2849 642 2920 τῇ
711 2845 1009 2920 πολιορκίᾳ
1062 2849 1168 2899 τῶν
1223 2845 1466 2921 πύργων,
1513 2845 1766 2920 γενναίως
1824 2844 1881 2901 δὲ

235 2936 566 2996 ὑποστάντος
596 2938 694 2988 τοῦ
746 2934 1019 3009 Γεωργίου
1063 2933 1452 3010 ἀποκρουσθεὶς
1491 2934 1581 2989 καὶ
1618 2937 1691 3007 μὴ
1734 2931 1878 3011 ἔχων

231 3025 257 3078 ὅ
293 3046 342 3078 τι
372 3023 466 3078 καὶ
509 3021 773 3098 δράσειεν,
828 3019 1118 3097 ἀποκείρας
1153 3022 1220 3076 τὰ
1247 3019 1516 3077 κάλλιστα
1561 3027 1668 3078 τῶν
1719 3023 1881 3095 οἷ’κη-

236 3115 415 3182 μάτων
463 3111 556 3166 καὶ
621 3108 932 3188 διαφθείρας
980 3111 1072 3165 τὸν
1126 3117 1224 3180 τῆς
1269 3111 1488 3174 πόλεως
1536 3112 1742 3185 κόσμον
1790 3113 1879 3167 καὶ

1985 537 2074 588 est
2105 533 2432 604 pecuniam.
2459 535 2672 590 Eodem
2706 552 2882 600 anno,
2904 534 2999 590 die
3029 535 3330 592 Februarii
3351 538 3442 604 28,
3469 538 3642 595 stella

1983 639 2018 677 a
2049 624 2444 692 septentrione
2474 639 2678 680 versus
2703 625 3007 680 meridiem
3031 625 3262 696 trajecit
3279 641 3412 681 cum
3443 628 3642 684 sonitu

1985 727 2052 766 ac
2119 711 2346 784 fragore
2398 730 2412 780 ;
2480 719 2536 767 et
2599 713 2728 768 visa
2793 717 2883 769 est
2949 730 3139 786 usque
3206 715 3279 769 ad
3348 714 3640 773 decimum

1985 799 2259 872 quintum
2319 801 2531 869 Martii,
2599 817 2857 874 superne
2913 801 3139 859 habens
3193 820 3420 859 arcum.
3487 807 3639 860 Mar-

1984 888 2052 944 tii
2110 890 2204 946 die
2258 891 2314 954 6,
2383 908 2510 963 quas
2575 891 2721 947 feria
2778 891 2888 946 fuit
2945 892 3142 959 tertia,
3207 897 3374 948 terrm
3443 896 3640 950 motus

1985 979 2232 1035 exstitit.

2057 1073 2164 1124 Per
2191 1068 2346 1123 idem
2395 1072 2633 1140 tempus
2679 1069 2800 1124 Afri
2850 1071 3124 1127 Saraceni
3168 1087 3303 1126 cum
3335 1070 3497 1128 mille
3526 1088 3638 1128 na-

1983 1157 2156 1212 vibus
2184 1163 2242 1212 et
2268 1158 2599 1214 innumeris
2629 1158 2946 1216 classiariis
2977 1161 3204 1216 insulas
3232 1177 3485 1232 orasque
3510 1177 3636 1216 ma-

1987 1246 2218 1302 ritimas
2265 1249 2482 1303 multas
2539 1247 2985 1304 infestaverunt.
3035 1249 3178 1305 Cum
3229 1265 3432 1306 eorum
3473 1254 3638 1322 parte

1987 1351 2339 1408 congressus
2370 1335 2572 1408 prmlio
2619 1337 2984 1410 Nicephorus
3015 1342 3382 1396 Carantenus
3411 1356 3512 1396 eos
3542 1340 3640 1395 fu-

1988 1425 2094 1492 dit,
2129 1442 2201 1482 ac.
2225 1425 2572 1495 quingentos
2604 1426 2661 1481 in
2695 1427 3077 1499 compedibus
3105 1429 3175 1484 ad
3221 1429 3636 1501 imperatorem

1987 1513 2171 1570 misit.
2203 1515 2419 1570 Eodem
2467 1532 2619 1570 anno
2649 1515 2933 1588 Georgius
2979 1517 3486 1588 protospatharius
3515 1519 3639 1574 Ma-

1989 1605 2207 1672 niaces,
2248 1604 2474 1661 Gudelii
2509 1605 2782 1661 Maniaces
2832 1605 3012 1672 filius,
3064 1607 3370 1678 praefectus
3400 1606 3638 1662 urbium

1989 1695 2058 1749 ad
2091 1693 2442 1764 Euphratem
2463 1694 2731 1762 sitarum,
2748 1695 3072 1751 Samosatis
3089 1695 3331 1766 degens,
3356 1695 3640 1752 Edessam

1988 1783 2256 1839 Osroenae
2289 1784 2490 1838 urbem
2524 1783 2793 1851 tentavit,
2827 1784 2918 1840 cui
2968 1801 3001 1839 a
3049 1782 3458 1856 Martyropolis
3489 1785 3640 1856 (quas

1989 1878 2046 1928 et
2076 1871 2484 1944 Miepheikim)
2537 1888 2731 1929 amera
2779 1873 3084 1944 praefectus
3133 1877 3258 1928 erat
3301 1872 3640 1930 Salamancs

1987 1963 2235 2017 Turcus.
2269 1966 2456 2032 Atque
2486 1960 2584 2016 hic
2616 1962 2785 2018 donis
2815 1978 2882 2017 ac
2905 1961 3430 2033 pollicitationibus
3451 1962 3640 2019 hono-

1987 2067 2120 2106 rum
2152 2054 2464 2120 corruptus
2495 2050 2770 2106 Maniacaa
2800 2051 3152 2123 intempesta
3185 2055 3352 2107 nocte
3382 2055 3502 2107 tres
3535 2069 3638 2108 ur-

1988 2139 2080 2195 bis
2108 2140 2236 2211 ejus
2268 2139 2700 2196 munitissimas
2721 2143 2914 2196 turres
2932 2139 3213 2208 tradidit;
3245 2141 3394 2198 501
3419 2141 3641 2214 quibus

1987 2228 2084 2284 ille
2111 2229 2414 2301 occupatis
2445 2229 2936 2300 oppugnationem
2963 2229 3389 2301 oppidanorum
3415 2230 3645 2288 fortiter

1987 2317 2271 2373 sustinuit
2295 2321 2350 2372 et
2379 2321 2710 2372 exterarum
2743 2317 2961 2373 auxilia
2983 2316 3338 2389 imploravit.
3369 2318 3478 2373 Sed
3497 2321 3646 2390 Apo-

1988 2423 2320 2462 mermanes
2373 2405 2776 2479 Martyropolis
2825 2422 3056 2462 ameras
3103 2407 3449 2478 re'cognita
3485 2406 3644 2464 illico

1989 2511 2124 2550 cum
2159 2495 2313 2550 haud
2349 2511 2526 2566 parvo
2577 2494 2833 2550 exercitu
2885 2495 3089 2566 adfuit,
3119 2500 3429 2567 turresque
3457 2513 3492 2552 a
3521 2496 3643 2552 Ma-

1989 2584 2156 2639 niaco
2213 2587 2531 2656 occupatas
2587 2583 2945 2657 Oppugnavit
2978 2600 2990 2640 :
3026 2584 3253 2640 fortiter
3309 2589 3506 2641 autem
3555 2601 3645 2642 re-

1990 2672 2220 2745 pulsus,
2251 2689 2380 2728 cum
2415 2673 2563 2728 nihil
2593 2690 2655 2728 se
2683 2675 2912 2729 efﬁcere
2946 2674 3211 2743 sentiret,
3241 2673 3644 2746 pulcherrima

1991 2778 2237 2834 quaeque
2265 2762 2512 2818 aedificia
2539 2762 2804 2834 diripuit,
2837 2779 3193 2834 omnemque
3222 2763 3436 2819 Edessa
3468 2779 3641 2819 orna-

1989 2856 2116 2906 tum
2167 2851 2475 2923 ipsiusque
2522 2851 2696 2907 etiam
2740 2851 2928 2922 Magni
2975 2851 3180 2923 templi
3231 2852 3527 2922 perdidit;
3577 2867 3644 2908 ac

1990 2939 2438 3011 pretiosissimis
2455 2939 2790 3012 quibusque
2807 2941 2982 2995 rebus
2999 2940 3058 2995 in
3079 2939 3330 2996 camelos
3347 2939 3645 3012 impositis
3685 2949 3688 2954 '

1990 3034 2048 3084 et
2075 3028 2196 3100 igni
2231 3029 2291 3084 in
2341 3029 2568 3100 reliqua
2620 3029 2785 3084 urbis
2831 3029 3046 3100 injecto
3091 3029 3506 3103 Martyropolin
3556 3044 3645 3086 re-

1993 3117 2178 3171 duxit.
2212 3117 2520 3173 Liberatus
2563 3124 2961 3189 oppugnatore
3010 3117 3305 3174 Maniaces
3357 3134 3550 3174 arcem
3583 3117 3645 3174 in

229 3200 391 3268 οὖτῆς
420 3207 526 3268 τῆς
560 3187 821 3274 Μεγάλης
850 3197 1200 3271 Ἐκκλησίας,
1229 3199 1318 3254 καὶ
1366 3199 1644 3273 καμήλοις
1677 3201 1880 3262 ἐπιθεὶς

2001 3205 2190 3261 medio
2256 3205 2423 3260 urbis
2490 3187 2661 3261 sitam
2729 3187 2801 3259 fin
2870 3205 3029 3261 edita
3093 3223 3238 3278 rupe
3315 3208 3646 3279 occupavit,

226 3291 290 3343 τὶ
345 3288 643 3356 κάλλιστα,
699 3288 787 3343 καὶ
835 3289 904 3342 τὰ
965 3287 1262 3363 περίλοιπα
1316 3295 1417 3359 τῆς
1475 3287 1690 3353 πόλεως
1750 3291 1878 3367 πυρὶ

228 3376 528 3453 παραδοὺς,
591 3375 952 3452 δπεχώθησεν
1012 3377 1088 3439 εἷς
1142 3376 1620 3453 Μαρτυρούπολιν.
1669 3377 1886 3441 ’Λδείας

230 3465 283 3520 δὲ
336 3467 528 3542 τυχὼν
590 3467 620 3521 6
677 3465 980 3536 Μανιάκης,
1010 3467 1102 3520 τὸν
1134 3465 1186 3521 ὲν
1219 3465 1368 3540 μέσῳ
1396 3474 1498 3536 τῆς
1530 3467 1746 3531 πόλεως
1773 3467 1886 3524 κεί-

239 3577 390 3627 μενον
453 3552 716 3634 φρούριον
794 3554 848 3609 ἐν
910 3552 1151 3614 λοφώδει
1200 3555 1367 3629 πὲτρᾳ
1421 3558 1733 3633 κατασχὼν,
1795 3555 1888 3611 δύ-

1993 3300 2051 3350 et
2094 3294 2293 3350 ascitis
2345 3294 2584 3350 aliunde
2640 3293 2876 3349 auxiliis
2935 3295 3139 3350 urbem
3197 3300 3382 3351 totam
3431 3297 3648 3354 tenuit.

1995 3384 2299 3439 Inventam
2357 3399 2594 3454 quoque
2668 3399 2845 3438 manu
2918 3383 3132 3438 Christi
3208 3383 3518 3454 epistolam
3575 3385 3648 3440 ad

1997 3477 2300 3544 Augarum
2355 3471 2634 3543 scriptam
2688 3470 3027 3542 imperatori
3075 3471 3409 3543 Byzantium
3452 3477 3649 3528 trans-

2001 3562 2186 3616 misit.

229 3646 385 3717 ναμίν
421 3667 482 3700 τε
531 3643 728 3715 ἔξωθεν
782 3643 1318 3719 προσκαλεσάμενος,
1368 3645 1628 3721 ἀσφαλῶς
1671 3648 1770 3715 τήν
1830 3647 1993 3702 πόλιν
2035 3649 2317 3725 κατέσχεν.
2365 3649 2552 3722 Εὑρὼν
2591 3646 2647 3703 δὲ
2694 3647 2782 3703 καὶ
2829 3649 2926 3717 τήν
2975 3645 3290 3726 ἰδιόγραφον
3344 3646 3644 3718 ἐπιστολὴν

238 3739 328 3788 Ἵοῦ
377 3734 656 3789 Δεπότου
717 3735 806 3789 καὶ
853 3733 1060 3808 Κυρίου
1108 3738 1269 3808 ἡμῶν
1310 3736 1489 3806 Ἰησοῦ
1539 3739 1796 3810 Χριστοῦ,
1848 3739 1947 3808 τὴν
1979 3739 2113 3815 πρὸς
2163 3736 2416 3816 Λύγαρον
2470 3740 2829 3816 πεμφθεῖσαν,
2870 3742 2950 3811 τῷ
3003 3736 3218 3814 βασιλεῖ
3271 3737 3323 3792 ἐν
3373 3738 3648 3812 Βυζαντίῳ

241 3823 571 3880 ἀπέστειλεν.

305 3931 495 4000 Ἀξίου
567 3927 625 3984 δὲ
683 3934 783 3985 τοῦ
855 3929 1159 4005 Αἰγυπτίου
1238 3930 1494 4004 μανὲντος
1565 3932 1654 3987 καὶ
1703 3931 1892 3988 πολλὰ

240 4021 369 4074 κακὰ
420 4019 499 4081 εἷς
549 4018 906 4094 Χριστιανοὺς
967 4017 1374 4094 ἐνδειξαμένου,
1428 4023 1890 4098 καταστρέψαντος

244 4107 298 4162 δὲ
347 4111 435 4164 καὶ
493 4110 586 4164 τὸν
649 4106 1140 4185 ἐν’ῐεροσολύμοις
1200 4110 1326 4164 ναὸν
1383 4114 1480 4165 τοῦ
1538 4111 1743 4186 Κυρίου
1802 4111 1891 4166 καὶ

247 4203 501 4272 Σωτῆρος
585 4198 747 4270 ⁴ἡμῶν
829 4199 1012 4263 Ἰησοῦ
1082 4198 1341 4270 Χριστοῦ,
1421 4197 1536 4252 εἶτα
1582 4200 1671 4252 καὶ
1730 4197 1893 4253 αὐτοῦ

247 4283 494 4363 αἴσχιστα
557 4284 964 4348 καταλύσαντος
1035 4285 1136 4354 τήν
1202 4287 1371 4356 ζωὴν,
1444 4287 1472 4340 6
1531 4287 1648 4348 υἱὸς
1705 4286 1892 4355 αὐτοῦ,

247 4375 347 4429 ἀπό
404 4396 557 4438 τινος
623 4373 899 4448 Ῥωμαίας
957 4375 1212 4450 γυναικὸς
1261 4373 1626 4450 αἰχμαλώτου
1681 4375 1894 4452 τεχθεὶς

2068 3935 2201 3992 Vita
2250 3935 2502 4008 turpiter
2559 3936 2834 3992 defuncto
2893 3934 3028 3992 Azio
3083 3934 3369 4008 Egyptio,
3428 3936 3528 4008 qui
3583 3935 3647 3992 in

1999 4025 2364 4081 Christianos
2413 4024 2681 4082 smvierat
2726 4024 3128 4098 templumque
3178 4024 3410 4082 Christo
3453 4026 3654 4082 Hiero-

2001 4113 2245 4186 solymis
2275 4114 2612 4170 dedicatum
2661 4118 2963 4183 everterat,
2997 4112 3157 4170 ﬁlius
3205 4114 3332 4185 ejus
3382 4119 3558 4171 natus
3587 4131 3660 4172 ex

2004 4203 2259 4274 quadam
2320 4204 2605 4271 Romana,
2665 4202 2897 4275 captiva
2955 4204 3109 4275 ejus,
3168 4201 3658 4260 instaurationem

2003 4290 2242 4346 liberam
2273 4291 2428 4348 fecit.
2479 4292 2564 4348 Ad
2599 4307 2725 4347 eam
2759 4305 2874 4346 rem
2916 4307 3056 4347 suas
3089 4291 3252 4348 misit
3296 4291 3659 4364 imperator:

2001 4380 2102 4435 sed
2135 4395 2202 4436 eo
2235 4386 2422 4437 morte
2470 4384 2760 4454 praevento
2811 4394 3119 4438 successor
3149 4380 3476 4439 Michaelus
3514 4398 3666 4456 opus

250 4463 405 4536 αὐτῷ,
436 4465 698 4540 ἐπέτρεψε
726 4468 841 4525 τοῖς
875 4448 1238 4540 βουλομένοις
1270 4448 1584 4537 οἰκοδομεῖν
1621 4467 1712 4520 τὸν
1746 4448 1909 4535 ναὸν,
1942 4448 1987 4512 D
2018 4468 2284 4526 absolvit.

243 4552 299 4605 δν
327 4551 650 4613 ἀποστείλας
671 4553 699 4606 6
722 4551 976 4626 βασιλεὺς
1007 4550 1319 4626 φιλοτίμως
1352 4551 1718 4626 οἰκοδομῆσαι
1757 4552 2044 4631 ἠπείγετο.
2078 4553 2254 4614 Ἀλλὰ
2283 4559 2486 4635 φθάσαν
2517 4559 2580 4614 τὸ
2609 4559 2788 4636 χρεὼν
2820 4555 3114 4631 ἐνεπόδισε,
3147 4557 3236 4614 καὶ
3269 4559 3297 4613 6
3349 4565 3464 4634 μετ’
3504 4558 3665 4617 αὐτὸν

255 4639 481 4717 Μιχαὴλ
513 4638 886 4714 ὶκπληρωτὴς
916 4644 1015 4695 τοῦ
1044 4637 1202 4717 ἔργου
1235 4639 1461 4717 ἐγένετο.

325 4749 418 4802 Καὶ
451 4750 480 4803 6
515 4749 816 4824 μάγιστρος
836 4745 894 4802 δὲ
924 4746 1232 4816 Βασίλειος,
1255 4749 1282 4802 6
1309 4747 1391 4803 ἐπ’
1413 4745 1622 4827 ἀδελφῇ
1650 4743 1900 4826 γαμϐρὸς

256 4841 348 4891 τοῦ
377 4837 669 4912 βασιλέως,
700 4841 730 4891 6
762 4834 1040 4911 Σκληρὸς,
1091 4837 1238 4912 παρᾶ
1283 4838 1697 4895 Κωνσταντίνου
1745 4837 1904 4895 ἐκτυ-

261 4928 507 5000 φλωθεὶς,
541 4923 769 4981 ἄστατον
803 4925 1034 5000 γνώμην
1088 4920 1230 5004 ἔχων
1279 4926 1369 4982 καὶ
1418 4926 1903 5005 ἀλλοπρόσαλλον,

264 5014 308 5069 εἰ
360 5016 447 5071 καὶ
509 5015 808 5091 μάγιστρος
859 5013 1146 5090 ἐτετίμητο
1184 5018 1270 5073 καὶ
1305 5015 1530 5073 πολλῶν
1587 5018 1901 5096 εὐεργεσιῶν

264 5104 454 5176 ἠξίωτο
484 5105 632 5180 παρὰ
677 5108 777 5160 τοῦ
824 5104 1130 5177 Ῥωμανοῦ,
1172 5105 1325 5179 ὅμως
1371 5101 1671 5178 ἐπιϐουλὴν
1705 5107 1906 5181 μελετᾷ

260 5200 370 5248 κατ’
422 5193 606 5250 αὐτοῦ.
667 5190 852 5249 Ἀλλὰ
881 5194 1152 5271 φωραθεὶς
1179 5202 1280 5264 τῆς
1325 5194 1544 5258 πόλεως
1577 5191 1903 5252 ἐκϐάλλεται

261 5281 351 5335 σὺν
489 5282 727 5359 γυναικί·

336 5371 638 5428 ’Δπὲστειλε
719 5370 776 5429 δὲ
851 5374 940 5430 καὶ
1003 5373 1052 5447 ἐξ
1102 5370 1359 5446 Ἐδέσσης
1412 5376 1440 5430 6
1487 5374 1773 5445 Μανιάκης
1829 5379 1908 5446 τῷ

270 5458 478 5534 βασιλεῖ
511 5459 781 5517 ἐνιαύσιον
844 5461 1033 5540 φόρον,
1093 5459 1286 5539 λίτρας
1341 5465 1698 5535 πεντήκοντα.
1754 5463 1906 5518 Καὶὸ

261 5554 360 5618 τῆς
413 5549 732 5624 Τριπὸλιως
785 5547 842 5606 δὲ
885 5550 1104 5627 ἆμηρᾶς
1166 5553 1193 5608 6
1253 5552 1554 5628 Πινζαρᾶχ,
1612 5551 1906 5628 κατισχυό-

267 5657 428 5710 μενος
486 5639 633 5716 παρὰ
685 5643 793 5696 τῶν
852 5639 1209 5719 Αἰγυπτίων,
1269 5640 1438 5723 φυγὰς
1488 5642 1586 5712 τήν
1651 5639 1909 5721 βασιλίδα

580 5767 842 5832 Peraea.
891 5770 1004 5834 Gn.
1053 5769 1294 5834 CXXII.

2085 4753 2258 4812 Porro
2289 4756 2542 4813 Basilius
2573 4755 2788 4822 Durus,
2821 4756 3040 4813 sororis
3080 4755 3456 4829 imperatoris
3485 4755 3669 4814 mari-

2012 4843 2131 4909 tus,
2165 4859 2199 4896 a
2226 4843 2610 4899 Constantino
2635 4844 2785 4900 502
2809 4842 2997 4899 oculis
3021 4843 3305 4916 privatus,
3330 4859 3668 4915 quanquam

2013 4935 2070 4986 et
2101 4931 2366 5004 magistri
2400 4932 2620 4988 honore
2641 4937 2698 4987 et
2729 4931 2932 4989 multis
2955 4950 2989 4988 a
3014 4937 3276 4988 Romano
3307 4933 3550 4989 allectus
3570 4933 3671 4989 be-

2015 5021 2262 5087 neﬁciis,
2295 5025 2492 5077 tamen
2541 5021 2716 5077 homo
2765 5021 3123 5078 inconstanti
3175 5021 3371 5078 animo
3423 5022 3674 5080 insidias

2015 5109 2351 5182 imperatori
2401 5111 2647 5179 struxit;
2706 5110 2922 5182 quibus
2962 5111 3344 5184 deprehensis
3393 5112 3540 5169 urbe
3583 5115 3675 5168 est

2015 5216 2141 5256 cum
2169 5218 2344 5257 uxore
2373 5203 2616 5272 ejectus.

2087 5379 2166 5433 Ab
2198 5379 2414 5434 Edessa
2463 5377 2756 5434 Maniaces
2804 5377 3144 5451 imperatori
3193 5395 3297 5450 pro
3349 5396 3546 5436 annuo
3575 5380 3676 5435 tri-

2015 5466 2156 5522 buto
2214 5465 2377 5522 misit
2436 5467 2867 5539 quinquaginta
2914 5466 3116 5523 libras.
3169 5467 3234 5522 Et
3282 5466 3677 5523 Pinzaracbus

2016 5554 2265 5626 Tripolis
2299 5571 2548 5626 emeras,
2593 5556 2990 5630 Egyptiorum
3041 5556 3156 5611 vim
3205 5573 3321 5611 non
3356 5555 3679 5628 perferens,

2016 5644 2223 5720 Cpolin
2279 5645 2558 5720 profugit.
2617 5645 2802 5713 Quem
2847 5645 3172 5720 imperator
3221 5660 3360 5702 cum
3412 5641 3676 5702 maximo

3315 5771 3355 5832 8
