4036 6194
329 304 444 362 235

1661 283 1977 365 Geoaeu
2027 306 2365 368 causam

3616 309 3740 370 236

319 433 597 504 exercitu,
629 433 828 490 addito
859 434 1187 491 sodalitatis
1209 436 1357 491 duce
1385 435 1738 501 Theoctisto,
1771 436 1831 490 in
1863 436 1962 508 Sy-

2079 433 2396 494 κατέλαϐεν·
2457 440 2514 496 ὃν
2574 442 2603 496 6
2639 439 2892 516 βασιλεὺς
2941 439 3108 498 πάλιν
3169 440 3303 516 μετὰ
3348 438 3610 511 πλειστης
3639 437 3737 495 δυ-

320 523 468 579 riam
501 523 683 580 misit.
728 524 939 580 Emisit
967 525 1144 581 etiam
1199 525 1400 597 Abydo
1433 541 1565 580 cum
1611 526 1798 580 classe
1829 543 1966 597 pro-

317 613 751 685 tospatharium
810 614 1096 670 Tecneam
1158 615 1216 669 in
1265 615 1601 687 Egyptum,
1654 615 1764 672 Nili
1817 615 1968 671 ostia

319 703 629 774 ipsamque
676 702 1090 758 Alexandriam
1142 719 1243 775 per
1272 703 1640 760 occasionem
1690 704 1967 760 infestare

307 792 572 862 jussum.
621 791 894 856 Quicum
943 793 1233 848 tenuisset
1283 808 1522 848 cursum
1559 798 1614 848 et
1657 794 1725 848 ad
1779 794 1965 866 ipsam

320 879 731 936 Alexandriam
764 880 996 936 delatus
1042 885 1216 948 esset,
1251 881 1524 953 plurimis
1572 882 1832 938 hostium
1864 901 1965 938 na-

318 969 488 1025 vibus
519 970 831 1041 praedaque
861 969 1118 1024 maxima
1138 971 1357 1041 potitus
1382 971 1620 1026 domum
1653 969 1967 1028 incolumis

317 1057 512 1115 rediit.
545 1057 862 1114 Castellum
916 1074 1167 1130 quoque,
1200 1059 1293 1114 cui
1330 1075 1542 1114 nomen
1576 1059 1828 1126 Percrin,
1859 1061 1965 1115 Ba-

318 1148 516 1220 byloni
547 1148 903 1219 proximum,
948 1148 1176 1202 Alimus
1219 1148 1544 1204 Saracenus
1577 1149 1627 1204 ei
1659 1149 1966 1220 przefectus

317 1237 578 1293 Romano
608 1237 948 1310 imperatori
973 1237 1152 1306 dedit,
1185 1238 1489 1309 liliumque
1521 1254 1692 1292 suum
1726 1239 1796 1293 ad
1829 1255 1964 1293 eum

317 1326 498 1394 misit,
555 1342 800 1398 sperans
856 1342 917 1380 se
977 1325 1278 1397 patriciam
1337 1326 1682 1398 dignitatem
1735 1327 1967 1398 aliaque

313 1415 555 1488 praemia
584 1419 1041 1488 reportaturum.
1094 1419 1174 1470 Ae
1199 1415 1501 1470 castellum
1549 1416 1784 1486 quidem
1817 1415 1962 1471 illud

311 1507 370 1561 in
403 1522 574 1561 suam
599 1509 948 1578 potestatem
972 1504 1197 1577 accepit
1223 1504 1504 1577 patricius
1527 1505 1686 1563 Nico]
1699 1522 1803 1562 aus
1832 1505 1965 1562 Bul-

313 1611 511 1668 garus,
571 1599 956 1668 cognomento
1015 1593 1367 1667 Chryselius.
1416 1593 1529 1650 Sed
1582 1593 1755 1649 Alimi
1806 1595 1964 1652 filius

313 1700 447 1740 cum
505 1683 762 1740 venisset
819 1682 1160 1755 Byzantium
1240 1682 1521 1754 nullaque
1576 1684 1706 1754 ejus
1767 1683 1966 1740 habita

315 1779 472 1832 esset
512 1775 680 1840 ratio,
711 1779 1060 1846 imperatore
1091 1779 1231 1829 tunc
1277 1774 1676 1831 invaletudine
1707 1777 1960 1846 detento,

313 1867 499 1922 iratus
527 1865 764 1921 domum
802 1863 988 1935 rediit,
1039 1863 1309 1937 patrique
1341 1868 1406 1920 ut
1454 1882 1624 1922 suum
1655 1865 1962 1922 castellum

316 1969 662 2028 recuperare
691 1953 977 2009 niteretur
1025 1955 1339 2025 persuasit.
1374 1955 1528 2012 503
1561 1955 1706 2028 Ergo
1733 1955 1964 2012 Alimus

315 2062 378 2101 re
408 2060 540 2100 cum
571 2043 782 2099 vicinis
812 2043 1004 2098 Persis
1027 2042 1251 2098 occulte
1277 2044 1602 2115 composita
1631 2048 1802 2100 noctu
1837 2063 1963 2101 cas-

303 2133 520 2202 tellum
554 2132 950 2204 occupavit,et
971 2148 1071 2186 sex
1089 2131 1678 2189 milliaRomanorum
1711 2135 1964 2192 militum

317 2223 644 2288 interfecit;
694 2222 847 2292 quod
882 2222 1094 2276 accidit
1125 2222 1296 2293 culpa
1327 2228 1500 2294 atque
1533 2223 1760 2280 incuria
1791 2225 1964 2298 Chry-

315 2311 464 2382 selii,
498 2310 753 2384 prasidii
785 2310 1088 2383 principis.
1145 2311 1256 2366 Sed
1290 2313 1463 2384 paulo
1495 2317 1626 2384 post
1657 2329 1724 2368 eo
1755 2320 1965 2385 praeter

315 2403 535 2458 missus
566 2401 848 2474 patricius
891 2402 1090 2458 Niceta
1141 2403 1441 2475 Pegonites
1470 2419 1604 2458 cum
1637 2405 1876 2460 Rossico
1907 2409 1964 2460 et

316 2493 578 2547 Romano
621 2491 874 2546 exercitu
907 2491 1212 2546 castellum
1247 2491 1390 2546 illud
1427 2492 1729 2547 obsidione
1760 2493 1958 2561 cinxit,

316 2584 770 2652 constanterque
815 2581 1212 2652 oppugnando
1261 2582 1434 2652 cepit,
1470 2580 1850 2653 Alimumque
1907 2587 1961 2637 et

316 2670 442 2738 ejus
476 2668 660 2724 ﬁlium
694 2669 938 2724 necavit.

2079 525 2294 599 νάμεως
2357 527 2449 584 σὺν
2507 534 2586 602 τῷ
2635 530 2985 606 ὲταιρειάρχῃ
3041 530 3346 603 Θεοκτίστῳ
3401 529 3478 592 εἰς
3538 529 3738 606 Συρίαν

2077 613 2423 692 ἐκπέπομφεν
2460 662 2473 677 .
2546 619 2849 694 Ἐξέπεμψε
2925 618 2983 675 δὲ
3039 618 3127 675 καὶ
3191 620 3325 694 μετά
3381 618 3580 675 στόλου
3635 619 3732 674 τὸν

2075 709 2566 782 πρωτοσπαθάριον
2626 708 2851 765 Τεκνέαν
2908 709 2998 764 τὸν
3054 708 3105 780 ἐξ
3161 704 3392 767 Ἀϐύδου
3450 708 3526 772 είς
3554 707 3733 785 Αἴγυ-

2075 816 2227 868 πτον,
2261 800 2340 868 [Ρ.
2374 800 2502 871 732]
2533 796 2599 853 τά
2649 802 2746 853 τοῦ
2803 796 3006 855 Νείλου
3057 799 3321 872 στόματα,
3380 799 3489 870 ὃπη
3539 797 3731 872 παρεί-

2075 905 2183 953 κοι,
2232 886 2568 956 κακώσοντα,
2617 886 2707 942 καὶ
2757 886 2924 956 αὐτὴν
2987 885 3416 964 Ἀλεξάνδρειανο
3469 885 3527 951 ὅς
3576 885 3730 942 εὐθυ-

2058 971 2327 1045 πλοησας
2401 974 2487 1029 καὶ
2567 975 2763 1052 μέχρις
2839 975 3007 1042 αὐτῆς
3071 975 3267 1040 ἐλάσας
3324 973 3734 1052 Ἀλεξανδρείας

2076 1064 2248 1118 πλοῖά
2305 1084 2363 1118 τε
2393 1063 2746 1137 πάμπλειστα
2787 1064 3124 1142 ἐχειρώσατο
3173 1066 3263 1120 καὶ
3295 1065 3441 1122 λείαν
3474 1065 3555 1121 ὅτι
3587 1065 3736 1121 πολ-

2078 1151 2181 1221 λῆν
2259 1147 2695 1227 περιϐαλόμενος
2770 1155 3093 1230 ὑπέστρεψεν
3161 1155 3375 1226 ἀσινής.
3443 1152 3737 1230 Παρέδωκε

2076 1238 2134 1296 δὲ
2177 1241 2266 1296 καὶ
2317 1241 2379 1297 τὸ
2409 1242 2669 1318 φρούριον
2699 1243 2762 1298 τὸ
2793 1244 3094 1319 λεγόμενον
3128 1243 3362 1320 Περκρὶν
3407 1245 3434 1299 6
3481 1245 3736 1320 κατέχων

2074 1329 2203 1385 αὐτὸ
2265 1332 2576 1405 Σαρακηνὺς
2622 1330 2840 1406 ’Λλεὶμ,
2894 1333 3110 1408 ἓγγιστα
3153 1328 3477 1395 Βαϐυλῶνος
3525 1330 3733 1389 διακεί-

2077 1439 2258 1492 μενον,
2319 1425 2397 1492 τῷ
2453 1420 2666 1497 βασιλεῖ
2724 1421 3033 1496 Ῥωμαίων,
3087 1419 3312 1486 ἐλπίσας
3366 1422 3731 1499 πατρικιότη-

2072 1508 2166 1570 τός
2194 1529 2252 1564 τε
2293 1510 2380 1565 καὶ
2434 1507 2708 1566 πλείστων
2757 1508 2943 1567 ἄλλων
3003 1507 3252 1586 ἀμοιόῶν
3287 1512 3602 1584 ἀξιωθῆναι,
3637 1509 3730 1568 διά

2071 1603 2168 1652 τοῦ
2224 1599 2343 1653 υἱοῦ
2399 1599 2566 1655 αὑτοῦ
2620 1601 2721 1669 τήν
2772 1601 2911 1676 πρὸς
2965 1601 3059 1656 τὸν
3094 1599 3323 1678 βασιλέα
3353 1602 3728 1676 ποιησάμενος

2073 1685 2320 1758 ἔντευξιν.
2352 1687 2469 1741 Καὶ
2515 1689 2576 1743 τὸ
2609 1688 2866 1766 φρούριον
2923 1689 3016 1764 μὲν
3070 1688 3396 1767 παρειλήφει
3457 1692 3484 1745 6
3528 1689 3729 1766 πατρί-

2073 1797 2191 1839 κιος
2221 1774 2491 1839 Νικόλαος
2545 1778 2573 1833 6
2609 1777 2945 1855 Βοὺλγαρος,
2981 1780 3026 1852 ᾧ
3077 1779 3390 1855 Χρυσήλιος
3420 1779 3483 1834 τὸ
3514 1777 3728 1834 ἐπώνυ-

2079 1887 2202 1938 μον,
2254 1867 2281 1920 6
2327 1862 2386 1921 δὲ
2412 1870 2508 1920 τοῦ
2561 1872 2882 1941 Σαρακηνοῦ
2931 1868 3049 1931 υἱὸς
3100 1865 3354 1924 εἷσελθὼν
3409 1867 3459 1923 έν
3513 1873 3593 1940 τῷ
3624 1873 3729 1923 Βυ-

2078 1953 2270 2026 ζαντίῳ
2317 1955 2407 2009 καὶ
2441 1953 2530 2010 διὰ
2569 1956 2633 2012 τὸ
2663 1957 2754 2010 τὸν
2793 1956 3020 2032 βασιλέα
3077 1958 3394 2033 συνέχεσθαι
3443 1956 3730 2034 ἀρρωστή-

2079 2063 2205 2116 ματι
2257 2041 2528 2117 μηδεμιᾶς
2582 2046 2769 2120 τυχὼν
2815 2045 3149 2125 ἐπιστροφῆς
3206 2047 3292 2101 καὶ
3357 2047 3491 2120 μετὰ
3551 2045 3728 2120 θυμοῦ

2078 2133 2415 2208 ὑποστρέψας
2489 2134 2731 2189 ἀνέπεισε
2799 2134 2892 2190 τὸν
2951 2138 3283 2211 γεννήσαντα
3342 2131 3726 2192 ἀντιλαϐέσθαι

2071 2226 2167 2276 τοῦ
2218 2221 2420 2277 ολκείου
2454 2224 2738 2301 φρουρίου,
2797 2224 2944 2287 ὅστις
2974 2222 3148 2301 λάθρα
3175 2228 3296 2287 τοῖς
3328 2225 3557 2299 ὁμόροις
3590 2225 3728 2299 Πέρ-

2072 2331 2190 2374 σαις
2235 2315 2674 2388 κοινοπραγῆσας
2718 2312 2906 2376 νυκτός
2937 2334 2994 2368 τε
3031 2315 3093 2369 τὸ
3143 2313 3402 2392 φρούριον
3453 2312 3732 2389 ἀπέκλεψε

2071 2400 2160 2455 καὶ
2243 2398 2647 2476 ἑξακισχιλίους
2732 2399 2928 2476 ἄνδρας
3012 2403 3322 2477 Ῥωμαίους
3385 2400 3730 2477 πολεμιστάς

2071 2488 2344 2544 ἀπέκτεινε
2425 2489 2671 2565 ῥᾳστώνῃ
2743 2491 2831 2546 καὶ
2913 2491 3143 2564 ἀμελείᾳ
3225 2495 3321 2546 τοῦ
3395 2492 3732 2568 κατέχοντος

2069 2582 2165 2633 τοῦ
2231 2578 2569 2655 Χρυσηλίου.
2648 2579 2821 2636 Ἀλλᾶ
2893 2581 3025 2654 μετὰ
3089 2581 3281 2655 μικρὸν
3343 2583 3370 2636 6
3440 2581 3726 2656 πατρίκιος

2069 2669 2314 2737 Νικῆτας
2376 2668 2403 2721 6
2460 2667 2769 2743 Πηγονίτης
2827 2673 2937 2743 (90)
2995 2666 3185 2745 ἄρχειν
3233 2669 3402 2725 ἐκεῖσε
3458 2671 3727 2743 πεμφθεῗς

316 2757 403 2810 xui
439 2754 686 2830 έπιμόνῳ
725 2755 1068 2831 χρησάμενος
1107 2754 1402 2832 πολιορκίᾳ
1436 2759 1570 2831 μετά
1598 2757 1735 2819 Ῥὼς
1783 2758 1870 2812 καὶ
1903 2755 2107 2826 λοιπῆς
2139 2754 2316 2828 ἄλλης
2359 2758 2670 2831 Ῥωμαϊκῆς
2715 2756 3020 2832 δυνάμεως,
3067 2759 3130 2815 τό
3174 2781 3235 2815 τε
3283 2758 3540 2837 φρούριον
3591 2758 3732 2814 κατᾶ

315 2846 513 2920 κράτος
546 2843 656 2900 ε’ίλε
685 2842 980 2920 πολιορκίᾳ
1008 2846 1096 2900 καὶ
1129 2846 1220 2900 τὸν
1255 2844 1453 2919 Ἀλείμ
1483 2846 1574 2901 σὺν
1603 2852 1681 2920 τῷ
1711 2849 1811 2920 υἱῳ
1842 2846 2138 2902 ἀπέκτεινε.

387 2937 510 2993 Sub
541 2937 696 2993 idem
726 2940 958 3009 tempus
1015 2937 1173 3004 Alda,
1206 2937 1434 3011 Georgii
1469 2939 1836 3012 Abasgorum
1871 2955 1962 2994 re-

313 3026 436 3099 guli
469 3027 763 3099 quondam
799 3043 959 3095 uxor,
986 3031 1156 3100 gente
1184 3026 1742 3102 Alana,imperatori
1778 3044 1840 3085 se
1867 3029 1963 3084 ad-

306 3117 542 3187 junxit;
592 3115 952 3188 tradiditque
1000 3117 1358 3188 Anacuphen
1407 3134 1598 3174 arcem
1634 3119 1960 3176 munitissi-

313 3221 490 3261 mam.
521 3204 703 3277 Cujus
746 3204 926 3260 filium
981 3205 1331 3261 Demetrium
1384 3207 1650 3277 magistri
1678 3208 1960 3280 dignitate

2142 2951 2276 3009 Τότε
2335 2951 2402 3024 δὴ
2477 2955 2567 3009 καὶ
2631 2952 2805 3025 Ἀλδὴ
2877 2957 2912 3026 ἡ
2975 2957 3248 3033 Γεωργίου
3303 2960 3400 3011 τοῦ
3452 2951 3728 3034 Ἀϐασγοῦ

2069 3045 2203 3119 γυνή
2255 3047 2352 3098 τοῦ
2404 3044 2592 3118 γένους
2653 3042 2783 3100 οὖσα
2835 3049 2941 3100 τῶν
2999 3043 3267 3115 Ἀλανῶν,
3302 3044 3610 3122 προσεῤῥὺη
3649 3050 3732 3118 τῷ

2074 3130 2310 3208 βασιλεῖ,
2363 3129 2674 3209 παραδοῦσα
2715 3133 2896 3189 καὶτὸ
2948 3133 3295 3210 ὀχυρώτατον
3336 3135 3596 3212 φρούριον
3622 3135 3726 3204 τὴν

2071 3221 2433 3300 Ἀνακουφήνο
2493 3221 2562 3291 ἧς
2613 3223 2705 3277 τὸν
2770 3223 2887 3277 υἱὸν
2936 3224 3256 3298 Δημήτριον
3299 3224 3328 3279 6
3361 3222 3614 3299 βασιλεὺς
3643 3228 3726 3296 τῷ

314 3295 544 3351 ornavit
573 3294 912 3367 imperator.
939 3293 1110 3350 Aliud
1144 3311 1378 3368 quoque
1409 3296 1477 3352 de
1511 3297 1816 3353 Saracenis
1848 3302 1959 3353 tro-

2076 3314 2179 3365 τῶν
2251 3310 2566 3388 μαγίστρων
2629 3311 2915 3386 τετίμηκεν
2995 3312 3286 3385 ἀξιώματι.
3364 3313 3592 3382 Ἔστησε
3667 3309 3728 3368 δὲ

315 3401 505 3456 paeum
537 3384 742 3440 statuit
768 3385 1128 3440 Carantenus
1179 3386 1500 3456 praedatum
1533 3387 1803 3458 egressis,
1835 3386 1960 3442 vin-

316 3478 560 3548 ctosque
583 3474 690 3529 600
717 3474 788 3530 ad
821 3474 1233 3546 imperatorem
1262 3475 1445 3531 misit.

393 3663 511 3719 Hoc
539 3661 668 3734 ipso
702 3661 906 3717 mundi
947 3660 1090 3716 6542
1119 3678 1292 3730 anno,
1326 3661 1418 3717 die
1460 3662 1685 3718 decima
1716 3665 1967 3736 septima

327 3751 648 3822 Februarii,
680 3755 1044 3805 terraamotus
1075 3749 1253 3820 Syriae
1285 3751 1456 3806 urbes
1489 3752 1715 3809 al'ﬂixit.
1750 3754 1964 3810 Orestae

327 3858 498 3913 porro
529 3840 873 3910 abrogatum
903 3838 1216 3910 imperium
1247 3840 1731 3913 pedestribusque
1765 3845 1965 3915 praefe-

316 3933 448 3985 ctus
477 3927 662 4001 copiis
682 3925 791 3982 Leo
810 3926 1061 3999 Opus,et
1091 3927 1150 3982 in
1183 3927 1406 3982 Italiam
1443 3929 1690 3998 missus;
1717 3934 1965 3991 classem

319 4020 529 4074 ducere
554 4019 763 4089 jussus
791 4019 1069 4082 Joannes,
1095 4033 1248 4073 unus
1271 4017 1342 4072 de
1368 4019 1744 4075 cubiculariis
1768 4022 1966 4079 Basilii

315 4106 710 4180 imperatoris.
730 4105 875 4161 Cum
908 4104 1143 4160 locusta:
1164 4107 1505 4177 aliquandiu
1538 4107 1861 4167 Orientales
1882 4130 1968 4170 es.

314 4203 446 4254 sent
475 4197 724 4268 depastae
757 4193 1105 4267 provincias,
1139 4195 1320 4249 coacti
1353 4202 1490 4251 sunt
1520 4197 1719 4254 incola:
1751 4200 1966 4258 liberos

312 4304 453 4344 suos
492 4286 800 4343 divendere
851 4289 907 4340 et
940 4284 996 4338 in
1048 4283 1357 4339 Thraciam
1412 4287 1702 4358 migrare;
1750 4291 1965 4361 quibus

312 4378 633 4450 imperator
653 4380 819 4429 terna
848 4372 907 4428 in
927 4372 1191 4444 singulos
1210 4373 1563 4432 nomismata
1582 4376 1830 4449 largitus
1853 4385 1960 4449 est,

315 4472 372 4522 et
415 4476 656 4520 domum
707 4461 897 4518 redire
946 4462 1148 4533 jussit.
1203 4464 1355 4519 504
1414 4465 1648 4520 interim
1703 4467 1961 4525 locustae

314 4560 524 4611 ventus
553 4553 869 4608 vehemens
899 4551 1184 4622 corripuit
1205 4552 1379 4623 inque
1401 4553 1841 4626 Hellespontum
1865 4559 1962 4613 ab-

2072 3397 2236 3454 πάλιν
2295 3399 2432 3454 κατὰ
2485 3405 2590 3455 τῶν
2653 3407 2985 3477 Σαρακηνῶν
3041 3400 3301 3476 τρόπαιον
3355 3401 3382 3456 6
3435 3407 3726 3476 Καραντη-

2071 3487 2184 3554 νὸς,
2217 3485 2540 3558 ἐξελθόντων
2574 3487 2661 3543 ἐπὶ
2694 3488 2982 3562 λεηλασίᾳ,
3014 3489 3102 3546 καὶ
3136 3487 3392 3563 δεσμίους
3416 3487 3725 3564 ἑξακοσίους

2071 3580 2152 3648 τῷ
2204 3575 2417 3653 βασιλεῖ
2445 3575 2720 3656 πέπομφε.

2145 3673 2338 3746 Τούτῳ
2383 3679 2463 3747 τῷ
2500 3675 2697 3752 ,ςφμβ”
2753 3671 2856 3730 ἔτει
2889 3721 2902 3746 ,
2967 3677 3030 3745 ιζ’
3089 3670 3466 3751 Φεϐρουαρίου
3522 3675 3725 3748 μηνὸς,

2074 3767 2298 3836 σεισμοῦ
2356 3765 2642 3839 γεγονότος
2699 3769 2881 3827 κακῶς
2937 3761 3131 3829 ἔπαθον
3200 3765 3255 3820 αἱ
3314 3764 3365 3820 ἐν
3417 3763 3586 3839 Συρίᾳ
3615 3763 3726 3820 πό-

2074 3851 2210 3914 λεις.
2263 3851 2360 3907 Καὶ
2391 3857 2486 3907 τοῦ
2519 3852 2773 3928 Ὀρέστου
2823 3851 2880 3908 δὲ
2927 3853 3331 3930 παραλυθέντος
3386 3860 3487 3924 τῆς
3543 3855 3727 3930 ἀρχῆς

2074 3942 2229 4014 Λέων,
2281 3942 2376 4015 μέν
2425 3941 2453 3995 ὁ
2514 3940 2810 4016 λεγόμενος
2840 3947 3010 4004 Ὦπος
3065 3946 3163 3997 τοῦ
3220 3946 3442 4012 πεζικοῦ
3487 3947 3726 4018 στρατοῦ

2072 4031 2365 4106 κατάρχειν
2424 4029 2758 4104 έκπέμπεααι
2815 4031 2868 4086 ἐν
2927 4029 3151 4103 Ἰταλίᾳ,
3199 4035 3295 4086 τοῦ
3352 4029 3409 4086 δέ
3455 4029 3723 4104 πλωΐμου

2075 4119 2352 4190 Ἰωάννης,
2409 4121 2486 4182 εἷς
2552 4118 2624 4174 ὢν
2666 4124 2774 4175 τῶν
2830 4117 3246 4192 θαλαμηπόλων
3309 4117 3591 4177 Βασιλείου
3620 4124 3722 4176 τοῦ

2077 4209 2363 4283 βασιλέως.
2397 4215 2503 4278 Τῆς
2535 4206 2593 4264 δὲ
2650 4206 2867 4283 ἀκρίδος
2923 4209 3008 4264 ἐπὶ
3041 4207 3214 4264 πολὺν
3256 4209 3452 4285 χρόνον
3479 4209 3725 4285 τάοΈῷα

2073 4295 2488 4374 διαφθειρούσης
2571 4299 2777 4371 Θέματα
2860 4299 3278 4372 ἡναγκάσθησαν
3363 4298 3414 4353 οἱ
3504 4294 3721 4354 ἔποικοι

2069 4387 2276 4442 τούτων
2329 4387 2418 4442 καὶ
2467 4386 2532 4441 τά
2584 4385 2742 4441 τέκνα
2798 4385 3052 4453 πωλῆσαι
3094 4386 3183 4441 καὶ
3225 4384 3276 4440 ἐν
3333 4387 3511 4462 Θρᾴκῃ
3554 4388 3723 4442 ἀποι-

2069 4478 2340 4544 κισθῆναι·
2398 4478 2482 4538 οἷς
2541 4476 2641 4530 ἀνά
2677 4478 2798 4548 τρία
2843 4477 3156 4549 νομίσματα
3215 4472 3396 4538 διδοὺς
3449 4478 3642 4530 ἅπασιν
3691 4477 3722 4532 6

2074 4564 2326 4638 βασιλεὺς
2387 4565 2741 4640 ὑποστρέφειν
2799 4562 2982 4620 οἷ’καδε
3039 4564 3468 4641 παρεσκεύασεν,
3518 4565 3622 4627 ἓως
3680 4567 3720 4636 ἡ

305 4645 471 4716 jecit,
505 4642 604 4698 ubi
630 4642 687 4696 in
718 4640 884 4695 littus
914 4641 1105 4710 ejectze
1133 4658 1370 4696 arenam
1404 4652 1777 4712 Operuerunt.
1815 4647 1956 4702 Refi-

319 4734 386 4755 ,ει
433 4733 524 4755 L2-
575 4732 891 4755 2..----8-..
952 4729 1120 4755 ...ιεηιμι
1175 4731 1552 4755 Α.-.---..1.-...ι-μ-
1635 4735 1834 4755 ._U!L._,
1900 4735 1913 4755 2

2076 4652 2220 4728 ὶκρὶς
2253 4654 2439 4726 ἀνέμῳ
2483 4654 2704 4730 ἀρθεῖσα
2738 4655 2901 4730 βιαίῳ
2932 4654 3010 4716 εἰς
3056 4640 3126 4710 τὸν
3169 4662 3268 4725 τῆς
3300 4652 3721 4724 Ἑλλησπόντου

313 4734 391 4789 cit
433 4733 526 4788 hic
575 4732 891 4802 imperator
949 4729 1124 4785 etiam
1174 4731 1575 4802 aquaeductus,
1628 4735 1841 4805 quibus
1899 4735 1958 4792 in

313 4823 517 4878 urbem
545 4837 695 4892 aqua
717 4818 1044 4888 deducitur,
1069 4827 1126 4874 et
1148 4819 1219 4875 iis
1246 4820 1521 4891 imposita
1543 4823 1797 4894 castella,
1821 4825 1956 4881 item

313 4911 540 4967 alendis
591 4910 821 4982 aegrotis
871 4913 927 4964 et
976 4909 1216 4981 pupillis
1263 4910 1585 4966 destinatas
1637 4913 1862 4979 domos,
1904 4919 1960 4970 et

313 4999 598 5071 quidquid
631 5003 962 5054 terreamotu
996 4998 1200 5054 laesum
1231 4997 1440 5054 fuerat.
1470 5001 1527 5053 in
1563 5018 1817 5069 summa,
1843 5020 1958 5062 om.

311 5088 488 5144 nibus
521 5087 690 5144 bonis
708 5088 984 5160 operibus
1013 5085 1300 5142 incubuit.
1327 5087 1565 5143 Interim
1588 5091 1778 5146 ntorbo
1801 5091 1957 5148 lento

311 5181 614 5250 correptus
645 5181 754 5244 est,
803 5175 1012 5248 capitis
1059 5180 1116 5231 et
1145 5175 1334 5230 barba
1366 5175 1501 5248 pilis
1541 5178 1954 5253 defluentibus,

2067 4747 2301 4796 πεσοῦσα
2371 4740 2630 4816 διεφθάρη
2704 4742 2939 4818 πέλαγος
3007 4743 3094 4798 καὶ
3172 4739 3524 4820 έκϐρασθεῖσα
3581 4744 3722 4818 πρὸς

2067 4831 2157 4884 τὸν
2217 4830 2467 4906 αἰγιαλὸν
2514 4834 2612 4899 τὴν
2643 4831 2910 4909 παράλιον
2940 4833 3166 4906 ψάμμον
3214 4831 3500 4906 ἐκάλυψεν.
3549 4834 3610 4890 Ὁ
3659 4829 3723 4888 δὲ

2072 4918 2324 4996 βασιλεὺς
2375 4920 2502 4985 τούς
2541 4943 2599 4976 τε
2627 4927 2732 4976 τῶν
2771 4919 2978 4976 ὑδάτων
3022 4920 3221 4984 ὁλκοὺς
3280 4924 3392 4996 (91)
3451 4920 3718 4995 ἐπεμοιήι

2068 5029 2196 5063 σατο
2249 5009 2374 5071 τοὺς
2426 5011 2488 5064 τὸ
2541 5008 2688 5086 ὕδωρ
2744 5015 2811 5084 τῇ
2861 5009 3022 5065 πόλει
3080 5011 3411 5086 εἰσάγοντας,
3470 5012 3558 5065 καὶ
3622 5010 3720 5073 τὰς

2068 5093 2367 5172 δεχομένας
2422 5103 2582 5154 τοῦτο
2613 5098 2949 5161 καστέλλους
3008 5101 3091 5172 [Ρ.
3134 5101 3261 5173 733]
3313 5099 3496 5154 καὶτὸ
3529 5093 3716 5155 λωϐο-

2064 5191 2316 5263 τροφεῖον
2389 5189 2501 5262 (92)
2558 5189 2644 5244 καὶ
2713 5189 2776 5244 τὸ
2837 5188 3293 5265 ὀρφανοτροφεῖον
3362 5188 3454 5244 καὶ
3516 5191 3721 5252 πάντας

1499 5311 1866 5372 XYLANDRI
1905 5318 1994 5374 ET
2031 5319 2254 5377 GOARI
2293 5322 2522 5379 NOT/E.

401 5407 494 5480 90)
527 5407 692 5480 Cuius
714 5412 962 5480 mentum
994 5407 1184 5463 latius.
1221 5406 1402 5463 Goaa.

403 5477 494 5549 91)
525 5477 758 5542 Ὀλκούς
785 5480 1014 5534 canales
1042 5483 1099 5534 et
1123 5495 1409 5548 aquarum
1431 5478 1663 5552 longius
1679 5484 1786 5540 ded
1799 5490 1950 5543 ueta-

307 5566 439 5626 rum
472 5552 885 5626 subterraneos
915 5552 1001 5606 vel
1034 5553 1215 5626 etiam
1259 5557 1483 5626 erectos
1514 5554 1571 5607 in
1598 5559 1950 5626 aquaedueti-

307 5623 422 5682 bus
441 5623 592 5681 tubos
612 5624 980 5696 interpretor,
999 5618 1330 5685 καστέλλους
1353 5623 1513 5696 ipsos
1535 5642 1606 5699 aq
1617 5618 1738 5686 uied
1749 5638 1949 5689 uotum

2064 5436 2237 5497 arcus
2263 5427 2319 5497 et
2343 5428 2553 5494 pontes,
2588 5423 2805 5497 quibus
2835 5422 3254 5497 superlabitur.
3285 5427 3469 5497 ϐολῇ.

2131 5492 2438 5569 (92)__Fo‘rte
2466 5492 3262 5569 quzej'vocamus'leprosaria
3309 5501 3407 5569 aut
3434 5495 3716 5569 lqzareta,

2060 5560 2368 5642 inquibus
2399 5560 2611 5639 lep'rosi
2662 5568 2903 5642 aluntur
2933 5582 2947 5624 :
2981 5560 3138 5642 solet
3173 5567 3331 5623 enim
3381 5560 3570 5642 λώϐην
3603 5560 3716 5642 pré

2058 5631 2222 5708 lepra
2253 5631 2535 5714 usurpare
2563 5639 2680 5697 κατ’
2709 5639 2932 5718 ἰξοχήν,
2963 5644 3030 5700 ut
3063 5637 3212 5701 alias
3240 5640 3468 5702 monui.
3498 5631 3639 5701 X15.
