4014 6194
358 328 476 388 239
1716 324 2003 385 GEOllGI

2118 324 2415 383 il'lDRENl
3657 325 3780 385 240

353 458 612 531 εδοίαζεν.
647 458 867 517 Ἀλλ’ὁ
930 459 1182 530 Ἰωάννης
1243 458 1330 513 σὺν
1389 463 1457 533 τῇ
1518 463 1641 532 Ζωῇ
1701 460 2039 528 πεντήκοντα
2102 457 2197 530 μὶν
2250 453 2484 532 χρυσίου
2516 450 2812 528 λίτραςτῷ
2841 453 3545 531 πατριάρχῃμπεντήκοντα
3577 453 3638 511 δὲ
3692 461 3777 529 τῷ

352 549 548 627 κληρῳ
606 546 731 612 δοὺς
788 547 991 604 ἴπεισεν
1055 547 1445 624 ἱεροτελεστίας
1503 547 1825 618 καταξιῶσαι
1877 546 2093 608 αὐτούς.
2127 545 2209 610 [Ρ.
2241 548 2370 619 734]
2399 546 2500 599 Τὸν
2533 544 2762 621 ῥηθέντα
2788 541 2844 598 δὲ
2873 543 3072 620 τρόπον
3107 545 3405 623 ἀναιρεθεὶς
3435 546 3714 620 Ῥωμανὸς
3746 546 3775 600 6

358 638 612 715 βασιλεὺς
643 641 897 704 θάπτεται
929 639 979 695 ἐν
1010 643 1078 713 τῇ
1110 638 1235 711 παρ’
1267 636 1427 693 αὑτοῦ
1456 637 1845 713 νεουργηθείσῄ
1878 643 1975 706 τῆς
2006 630 2375 710 περιϐλέπτου
2406 637 2516 709 (97)
2553 634 2848 708 μονῇ,κατ’
2881 634 3049 705 αὐτὴν
3078 636 3177 705 τὴν
3213 636 3365 713 άγίαν
3399 635 3488 691 καὶ
3525 634 3773 711 μεγάλην

356 730 723 805 παρασκευήν.

425 824 499 877 At
527 838 658 877 vero
689 820 798 876 Zoe
828 836 963 876 cum
994 819 1053 874 in
1084 817 1460 890 imperatorio
1487 817 1634 873 solio
1654 815 2002 873 Michaelum

2186 814 2248 869 Ἡ
2281 814 2402 882 Ζιοὴ
2438 810 2495 867 δὲ
2526 812 2614 868 τὸν
2648 811 2879 889 Μιχαὴλ
2928 812 3017 868 ἐπὶ
3074 813 3165 869 τὸν
3232 811 3508 889 βασίλειον
3559 810 3775 887 ἐνιδρύ-

357 911 720 981 collocasset,
768 908 1038 981 sperabat
1081 924 1143 963 se
1203 906 1329 962 loco
1378 906 1485 962 viri
1531 912 1587 962 et
1634 905 2007 979 imperatoris

356 1000 719 1070 mancipium
752 1015 818 1054 ac
851 997 1139 1053 famulum
1164 997 1520 1065 habituram,
1546 996 1791 1067 ideoque
1818 998 2007 1067 pater-

358 1088 449 1145 nis
482 1087 769 1145 eunuchis
801 1087 857 1142 in
888 1086 1084 1143 aulam
1111 1085 1354 1142 adscitis
1386 1102 1507 1142 rem
1539 1085 1788 1157 graviter
1811 1098 2008 1156 aggre-

357 1178 645 1234 diebatur.
681 1177 790 1232 Sed
824 1176 1128 1249 perspicue
1160 1175 1210 1231 ei
1243 1175 1439 1231 omnia
1471 1191 1641 1231 secus
1670 1177 2009 1230 evenerunt.

354 1266 585 1324 Etenim
616 1265 890 1336 Joannes
942 1264 1318 1337 imperatoris
1369 1265 1564 1334 frater,
1616 1264 1790 1319 homo
1833 1262 2010 1317 indu-

355 1356 537 1414 strius
587 1358 765 1427 atque
810 1355 1037 1426 efﬁcax,
1090 1353 1450 1426 simulatque
1499 1355 1559 1409 in
1607 1353 1800 1410 aulam
1834 1352 2009 1423 venit,

355 1446 520 1501 fratri
553 1461 657 1501 suo
692 1448 959 1500 metuens
984 1443 1353 1513 (movebatur
1376 1442 1531 1499 enim
1558 1441 1803 1498 Romani
1825 1458 2011 1499 exem-

356 1535 473 1607 plo)
500 1538 557 1590 et
585 1534 889 1589 eunuchos
935 1537 1213 1604 Augustae
1262 1532 1478 1604 palatio
1512 1532 1680 1603 ejecit
1710 1536 1766 1587 et
1796 1530 2011 1586 ﬁdissi-

359 1641 479 1680 mas
511 1624 640 1696 ejus
671 1622 915 1679 ancillas
946 1622 1179 1693 amovit,
1206 1622 1481 1679 mulieres
1513 1622 1623 1678 sibi
1647 1637 1856 1694 genere
1879 1637 2010 1692 pro-

357 1712 609 1784 pinquas
639 1712 914 1768 custodia
937 1712 1077 1768 Zoes
1101 1711 1390 1777 adhibuit,
1416 1711 1621 1781 utjam
1645 1727 1828 1780 neque
1845 1725 2015 1782 agere

357 1802 682 1874 quidquam
701 1818 768 1857 ea
784 1800 869 1856 vel
889 1818 1171 1873 magnum
1200 1800 1286 1856 vel
1307 1817 1551 1873 parvum
1574 1800 1760 1872 ipsius
1783 1800 2011 1871 injussu

358 1896 555 1963 posset
584 1894 640 1946 et
670 1907 873 1946 omnes
904 1892 1031 1961 ejus
1076 1893 1324 1946 conatus
1368 1891 1819 1962 impedirentur,
1849 1907 1914 1944 ac
1946 1905 2017 1944 ne

360 1981 421 2035 in
469 1979 743 2035 balneum
793 1980 1030 2052 quidem
1083 1978 1197 2034 nisi
1242 1979 1433 2050 ipsius
1484 1979 1777 2050 permissu
1824 1978 2018 2034 venire

360 2074 595 2141 posset;
630 2069 909 2140 omnique
927 2085 1169 2140 prorsus
1189 2067 1578 2124 oblectatione
1610 2066 1862 2139 spoliata
1889 2068 2017 2132 fuit,

2118 923 2249 957 σασα
2287 902 2476 977 θρόνον
2536 902 2700 977 ᾠήφη
2765 902 2860 976 μὲν
2921 903 3038 957 ἀντὶ
3099 901 3291 976 ἀνδρὸς
3348 904 3437 957 καὶ
3502 902 3777 979 βασιλέως

2119 989 2316 1047 δοῦλον
2366 992 2455 1046 καὶ
2503 989 2753 1047 διάκονον
2802 988 2962 1063 ἕξειν,
2992 992 3083 1047 καὶ
3141 990 3249 1064 ἤδη
3308 991 3437 1054 τοὺς
3490 992 3779 1068 πατρῴους

2121 1080 2413 1157 εὐνούχους
2466 1080 2827 1156 εἰσαγαγοῦσα
2886 1080 2964 1144 εἰς
3020 1082 3090 1137 τὰ
3150 1082 3417 1157 ἀνάκτορα
3469 1080 3776 1156 γενναιότεο

2122 1191 2213 1247 ρον
2272 1170 2474 1240 ἥπτετο
2552 1174 2659 1225 τῶν
2728 1172 3065 1247 πραγμάτιον
3100 1189 3113 1203 '
3173 1168 3301 1226 ἀλλ’
3361 1165 3535 1241 ἀπέϐη
3598 1171 3779 1224 πάντα

2117 1259 2287 1335 ταύτῃ
2321 1259 2397 1323 εἷς
2425 1258 2730 1314 τούναντίον
2760 1256 3055 1335 λαμπρῶς.
3088 1261 3144 1314 Ὀ
3183 1260 3281 1336 γὰρ
3341 1264 3439 1315 τοῦ
3501 1258 3776 1334 βασιλὲως

2122 1346 2355 1427 ἀδελφὸς
2384 1350 2661 1420 Ἰωάννης,
2713 1349 3010 1424 πρακτικὸς
3057 1351 3342 1425 ἄνθρωπος
3391 1347 3465 1404 ὢν
3514 1348 3602 1403 καὶ
3652 1346 3781 1423 δρα-

2122 1439 2365 1512 στήριος,
2400 1439 2512 1511 ἅμα
2567 1459 2624 1493 τε
2675 1433 2842 1509 ἐπέϐη
2902 1442 3009 1493 τῶν
3072 1437 3387 1514 βασιλείων,
3430 1436 3519 1493 καὶ
3578 1433 3777 1499 δεδιὼς

2120 1528 2241 1601 περὶ
2300 1532 2397 1583 τοῦ
2455 1524 2691 1605 ἀδελφοῦ
2749 1527 2916 1603 (ἑώρα
2972 1528 3075 1604 γὰρ
3145 1528 3221 1591 εἰς
3280 1524 3623 1605 παράδειγμα
3675 1530 3777 1581 τοῦ

2119 1618 2427 1692 Ῥωμανοῦ)
2462 1618 2535 1691 μή
2570 1639 2620 1672 τι
2665 1616 2755 1672 καὶ
2805 1618 2950 1692 πάθῃ
3012 1614 3204 1689 δεινὸν,
3236 1616 3366 1676 τοὺς
3426 1617 3521 1691 μὶν
3581 1616 3777 1672 εὐνούο

2122 1726 2257 1782 χους
2294 1712 2392 1777 τῆς
2457 1703 2738 1781 βασιλίδος
2797 1700 3150 1777 καταϐιϐάζει
3203 1710 3300 1763 τοῦ
3358 1705 3623 1763 παλατίου
3681 1705 3776 1761 καὶ

2121 1798 2217 1858 τὰς
2301 1797 2698 1859 πιστικωτάτας
2785 1800 2892 1851 τῶν
2966 1793 3356 1872 θεραπαινίδων
3433 1794 3569 1869 αὐτῇ
3641 1797 3779 1850 ἀπο-

2125 1886 2458 1955 σκευάζεται,
2488 1890 2743 1961 γυναῖκας
2776 1882 2833 1940 δὲ
2864 1882 2969 1940 τῶν
3012 1885 3146 1940 κατὰ
3191 1886 3348 1961 γένος
3396 1884 3546 1958 αὑτῷ
3605 1906 3777 1960 προσ-

2127 1976 2370 2046 ηκόντων
2404 1973 2673 2053 φρουροὺς
2707 1974 2953 2052 ἐφίστησι
2982 1978 3050 2048 τῇ
3086 1972 3328 2050 βασιλίδι
3356 1976 3446 2030 καὶ
3504 1973 3777 2050 φύλακας.

2127 2066 2226 2119 Καὶ
2259 2062 2412 2119 οὐδὲν
2475 2064 2666 2140 μικρὸν
2707 2065 2734 2135 ἢ
2770 2065 2908 2140 μέγα
2959 2066 3025 2135 ἦν
3056 2065 3084 2119 ὃ
3120 2066 3196 2138 μή
3233 2065 3366 2138 μετὰ
3419 2065 3644 2140 γιώμης
3679 2063 3776 2118 αὖ·

365 2159 458 2214 Sio
489 2159 665 2214 rebus
696 2159 754 2212 in
777 2158 910 2213 aula
929 2156 1263 2213 constitutis
1281 2156 1506 2213 litteras
1524 2173 1623 2229 per
1649 2173 1881 2212 omnem
1905 2156 2007 2211 im-

2128 2158 2223 2209 τοῦ
2289 2152 2657 2228 διεπράττετο”
2718 2155 3032 2230 περιπάτων
3090 2175 3147 2209 τε
3201 2156 3301 2229 γὰρ
3355 2152 3624 2209 ἐκωλύετο
3683 2152 3778 2208 καὶ

361 2248 505 2319 perii
540 2248 820 2304 ditionem
875 2247 1111 2317 emittit,
1144 2246 1537 2319 omnibusque
1569 2246 1865 2319 significat
1897 2246 2009 2300 Ro-

361 2353 603 2391 manum
652 2336 915 2391 debitum
967 2339 1189 2391 naturae
1237 2335 1610 2406 persolvisse,
1660 2334 2009 2391 Michaelum

358 2425 771 2498 imperatorem
790 2425 1163 2495 designatum
1190 2423 1286 2480 illo
1318 2424 1510 2480 adhuc
1542 2424 1771 2480 vivente
1794 2442 1857 2479 ac
1882 2441 2009 2496 per—

359 2515 647 2585 mittente,
680 2518 737 2570 et
766 2518 887 2569 Zoaa
919 2513 1297 2569 matrimonio
1320 2514 1617 2584 junctum.
1645 2514 1723 2567 Ad
1756 2512 1863 2568 hoc
1885 2529 2010 2567 om-

357 2620 462 2661 nes
510 2621 637 2660 sese
692 2603 1074 2673 inclinarunt,
1126 2602 1456 2675 faustisque
1509 2601 1807 2657 ominibus
1866 2617 2011 2657 novo

356 2695 693 2767 imperatori
725 2698 861 2750 sunt
887 2692 1187 2766 gratulati.
1221 2693 1391 2749 Solus
1416 2692 1698 2764 patricius
1722 2693 2011 2748 Constan-

356 2783 517 2841 tinus
550 2784 902 2840 Dalassenus
935 2782 1092 2838 domi
1126 2782 1344 2855 degens
1377 2783 1525 2839 507
1574 2799 1688 2837 non
1722 2781 1858 2837 tulit
1890 2798 2001 2837 me-

359 2874 637 2930 diocriter
663 2873 818 2928 hunc
850 2873 1147 2941 nuntium,
1173 2873 1273 2927 sed
1308 2872 1684 2927 abominatus
1707 2876 1815 2939 est,
1841 2876 2014 2943 atque

357 2963 500 3020 adeo
526 2962 773 3020 miratus
807 2978 922 3035 qua
954 2962 1189 3017 tandem
1237 2961 1464 3016 ratione
1498 2960 1761 3032 plebeius
1793 2961 1902 3016 iste
1950 2977 2015 3016 ac

356 3051 692 3109 triobolaris
714 3052 891 3107 homo
916 3051 1193 3107 omnibus
1216 3050 1349 3106 aliis
1372 3055 1527 3105 esset
1559 3049 1854 3122 praelatus,
1880 3067 2012 3105 cum

355 3139 1382 3213 exstarentplurimiprazstantissimi
1406 3155 1471 3195 ac
1496 3138 1736 3195 familiis
1762 3139 2014 3195 summis

356 3230 479 3288 nati
507 3230 635 3299 viri,
653 3247 718 3287 ac
748 3230 1026 3287 dominus
1052 3232 1107 3285 et
1126 3229 1443 3300 imperator
1467 3228 1836 3300 designatus,
1857 3229 2013 3300 quod

355 3324 421 3376 ut
450 3320 683 3376 rescivit
707 3319 989 3390 Joannes,
1021 3317 1283 3384 tametsi,
1310 3318 1392 3373 uti
1413 3334 1518 3389 par
1535 3321 1678 3385 erat,
1706 3317 2016 3374 vehemen-

352 3415 442 3466 ter
472 3409 950 3482 perturbabatur,
982 3412 1177 3464 tamen
1212 3407 1507 3479 quomodo
1542 3407 1725 3462 istum
1755 3406 1813 3461 in
1842 3423 2013 3462 suam

352 3499 611 3556 alliceret
643 3515 880 3555 nassam
924 3496 1219 3569 cogitavit.
1254 3496 1505 3552 Mittitur
1533 3512 1666 3567 ergo
1700 3496 1771 3552 ad
1804 3495 2007 3552 Dalas-

2128 2242 2426 2320 βαλανείων
2488 2243 2550 2297 οὐ
2615 2249 2836 2318 μετεῖχε
2897 2243 2972 2316 μή
3038 2240 3199 2297 αὐτοῦ
3242 2242 3648 2318 ἐπιτρέψαντος,
3682 2243 3776 2297 καὶ

2119 2332 2266 2395 ὅλως
2310 2332 2613 2408 περιῄρητο
2645 2332 2781 2406 αὑτῇ
2815 2337 2958 2387 πᾶσα
2990 2333 3339 2409 ψυχαγωγία.
3378 2334 3555 2389 Πάντα
3596 2330 3652 2388 δὲ
3708 2334 3779 2388 τὰ

2119 2420 2267 2477 ένδον
2323 2423 2802 2495 καταστησάμενος
2863 2422 3159 2498 γράμματα
3232 2423 3368 2477 κατὰ
3442 2423 3616 2493 πάσης
3691 2421 3779 2477 ἐκ·

2119 2511 2321 2585 πέμπει
2359 2517 2459 2580 τῆς
2519 2511 2871 2585 οἰκουμένης,
2907 2511 3247 2587 γνωρίζοντα
3304 2517 3421 2574 τοῖς
3477 2518 3635 2567 πᾶσιν
3698 2513 3777 2575 ὡς

2122 2599 2206 2670 εἶή
2235 2600 2327 2673 μὲν
2356 2600 2636 2673 Ῥωμανὸς
2671 2600 2698 2654 6
2735 2599 2987 2675 βασιλεὺς
3016 2603 3077 2654 τὸ
3135 2601 3355 2678 φυσικὸν
3406 2596 3777 2662 ἀποδεδωκὼς

2120 2690 2304 2766 χρέος,
2337 2688 2695 2765 ἀνηγόρευται
2731 2686 2788 2744 δὲ
2818 2690 2846 2744 6
2878 2686 3115 2765 Μιχαὴλ
3150 2688 3406 2765 βασιλεὺς
3454 2687 3529 2744 ἔτι
3567 2694 3776 2759 ζῶντος

2119 2777 2323 2833 ἐκείνου
2380 2779 2468 2833 καὶ
2529 2777 2941 2853 ἐπιτρέποντος,
2999 2780 3088 2833 καὶ
3144 2783 3213 2853 τῇ
3274 2776 3516 2855 βασιλίδι
3588 2780 3777 2849 συζεύο

2118 2889 2322 2943 γνυται.
2359 2868 2501 2942 Πρὸς
2534 2868 2669 2944 ἅπερ
2702 2870 2898 2931 πάντες
2936 2870 3027 2943 μὲν
3066 2868 3417 2924 ὑπεκλίνοντο
3469 2869 3521 2924 οἱ
3580 2866 3777 2943 ἄλλοι,

2120 2957 2209 3012 καὶ
2243 2954 2311 3012 δι’
2342 2956 2591 3033 εὐφήμου
2633 2958 2817 3035 φωνῆς
2847 2958 2937 3013 τὸν
2971 2959 3089 3013 νεὸν
3122 2957 3454 3035 ἐμεγάλυνον
3518 2956 3775 3034 βασιλέα·

2125 3047 2290 3120 μόνος
2367 3044 2424 3101 δὲ
2496 3049 2908 3108 Κωνσταντῖνος
2967 3048 3253 3121 πατρίκιος
3313 3048 3341 3102 6
3400 3044 3777 3121 Δαλασσηνὸς,

2123 3132 2303 3191 οἴκαδε
2363 3131 2678 3211 διατρίϐων,
2738 3135 2839 3191 οὐκ
2892 3133 3089 3210 ἤνεγκε
3146 3135 3333 3207 πράως
3390 3137 3488 3205 τήν
3575 3137 3777 3208 ἀκοήν,

2123 3224 2269 3281 ἀλλὰ
2314 3224 2403 3280 καὶ
2464 3222 2870 3296 απεδυσπέτησε
2928 3226 3066 3300 πρὸς
3120 3226 3187 3280 τὰ
3244 3227 3616 3303 φημιζόμινα,
3680 3229 3778 3282 καὶ

2124 3313 2212 3370 διὰ
2238 3315 2510 3388 θαύματος
2534 3315 2657 3393 ἦγε,
2687 3318 2805 3378 πῶς
2836 3312 3112 3371 πλείστων
3145 3316 3393 3393 κάγαθῶν
3456 3313 3623 3372 ὄντων
3681 3318 3775 3371 ἁν-

2124 3402 2266 3481 δρῶν
2298 3403 2349 3476 ἐξ
2380 3403 2543 3459 οἷειων
2606 3403 2873 3479 λαμπρῶν
2930 3403 3025 3459 καί
3078 3405 3355 3480 ἐπισήμου
3411 3406 3621 3481 γένους,
3665 3427 3775 3483 χυ-

2125 3491 2273 3557 δαῖος
2301 3496 2388 3549 καὶ
2420 3489 2857 3571 τριωϐολιμαῖος
2907 3491 3189 3570 ἅνθρωπος
3216 3498 3323 3549 τῶν
3384 3492 3568 3550 ἄλλων
3631 3516 3777 3572 προ-

352 3606 561 3646 senum
590 3589 910 3659 Ergodotes
932 3586 1261 3655 eunuchus,
1284 3586 1353 3641 ad
1374 3585 1716 3656 hujusmodi
1737 3584 2001 3640 ministe-

2118 3584 2373 3657 τετίμητο
2403 3582 2616 3639 πάντων
2648 3582 2737 3638 καὶ
2772 3580 3039 3654 δεσπότης
3097 3583 3187 3638 καὶ
3248 3582 3502 3659 βασιλεὺς
3560 3584 3771 3661 ἀνηγό-

353 3677 438 3731 ria
455 3675 821 3748 aptissimus,
844 3675 943 3746 qui
963 3673 1226 3746 praestita
1250 3673 2004 3745 acceptoquejurejurando

352 3781 484 3820 eum
517 3764 588 3818 ad
620 3763 1031 3835 imperatorem
1066 3762 1402 3817 adduceret.
1428 3764 1655 3816 Interea
1674 3760 1930 3816 Joannes
1951 3764 2007 3816 et

354 3857 645 3922 senatum,
669 3851 977 3925 primarios
996 3866 1197 3907 eorum
1220 3850 1288 3905 ad
1314 3849 1688 3905 sublimiores
1710 3848 2005 3906 evehendo

354 3942 690 4015 dignitates,
727 3957 902 3997 suum
937 3942 1096 4006 facit,
1128 3944 1185 3995 et
1216 3938 1559 3995 muneribus
1591 3956 1654 3994 ac
1686 3938 2006 4011 largitioni-

353 4032 464 4088 bus
497 4029 893 4086 multitudinis
932 4028 1399 4085 benevolentiam
1432 4033 1646 4099 captat,
1670 4029 1866 4100 itaque
1887 4045 2007 4083 om-

354 4138 458 4177 nes
489 4120 759 4176 subditos
791 4119 904 4176 sibi
935 4118 1226 4175 conciliat.
1260 4117 1643 4189 Displicuisse
1667 4124 1859 4173 autem
1887 4118 2006 4174 haec

352 4211 503 4265 facta
540 4210 650 4265 Deo
683 4208 830 4265 satis
859 4208 989 4280 ipsa
1032 4207 1268 4263 exordia
1298 4211 1494 4278 aperte
1527 4206 1873 4262 docuerunt.
1906 4207 2004 4261 Et-

348 4298 505 4355 enim
538 4298 851 4354 undeoima
881 4296 1025 4352 hora
1057 4300 1277 4352 sanctae
1327 4301 1385 4351 et
1434 4296 1660 4368 magna:
1689 4295 2004 4351 Dominicis

346 4388 568 4461 grando
614 4388 831 4458 imp‘etu
884 4385 1242 4442 intolerabili
1294 4385 1484 4440 delata
1534 4402 1648 4440 non
1689 4384 2007 4456 frugiferas

347 4479 518 4533 modo
536 4476 879 4547 sterilesque
898 4476 1135 4531 arbores
1163 4474 1575 4545 confregit,sed
1599 4474 1775 4529 etiam
1799 4475 2005 4530 domos

343 4566 552 4638 dejecit
581 4570 639 4622 et
683 4564 895 4637 templa
941 4582 1007 4620 ac
1056 4568 1290 4636 segetes
1331 4564 1596 4634 vitesque
1645 4563 1767 4619 solo
1799 4563 1999 4621 allisit.

344 4659 543 4728 Itaque
574 4672 639 4713 eo
670 4672 824 4711 anno
852 4671 1086 4710 summa
1118 4654 1234 4708 fuit
1279 4651 1586 4708 sterilitas.
1622 4652 1803 4708 Stella
1834 4654 2008 4710 etiam

343 4745 647 4803 Dominico
679 4744 780 4817 qui
825 4744 1051 4799 Pascha
1104 4741 1442 4813 insequitur
1495 4741 1611 4811 die,
1645 4741 1787 4797 hora
1818 4743 2007 4799 noctis

342 4836 534 4904 tertia,
554 4833 803 4906 trajecit,
830 4832 1055 4904 fulgore
1087 4848 1193 4887 suo
1222 4830 1554 4886 luminibus
1578 4831 1843 4887 omnium
1868 4833 2003 4888 alia-

2115 3692 2289 3748 ρευτο.
2347 3677 2516 3727 Τοῦτο
2599 3670 2655 3728 δὲ
2734 3672 3041 3745 πυθόμενος
3101 3673 3128 3727 6
3186 3671 3438 3743 Ἰωάννης
3508 3672 3767 3747 ἐπλήσθη

2118 3762 2235 3834 μὲν,
2288 3761 2362 3823 ὡς
2421 3760 2585 3830 εἰκὸς,
2649 3756 2883 3835 θορύϐου
2941 3763 3032 3816 καὶ
3087 3768 3361 3837 ταραχῆς,
3419 3760 3651 3836 ἐμελέτα
3709 3761 3773 3819 δὲ

2112 3852 2199 3904 καὶ
2230 3848 2514 3905 ἐσκέπτετο
2545 3854 2664 3913 πῶς
2695 3848 2755 3904 ἂν
2788 3850 2876 3905 καὶ
2916 3847 3072 3905 τόνδε
3128 3851 3219 3905 τὸν
3272 3849 3441 3924 ἄνδρα
3502 3853 3606 3907 ὑπὸ
3662 3852 3768 3922 τὴν

2116 3939 2306 3994 ἑαυτοῦ
2341 3945 2483 4003 θεῖτο
2512 3941 2774 4015 σαγήνην.
2809 3939 2907 3994 Καὶ
2940 3937 3007 4009 δὴ
3064 3937 3349 3995 στέλλεται
3408 3943 3542 4017 πρὸς
3600 3943 3772 3997 αὐτὸν

2115 4032 2191 4092 εἷς
2249 4034 2355 4084 τῶν
2408 4027 2685 4103 εὐνούχων
2744 4030 2771 4083 6
2826 4027 3123 4104 λεγόμενος
3172 4027 3529 4105 Ἐργοδότης,
3579 4030 3774 4102 ἐπιτή-

2116 4115 2258 4183 δειος
2306 4119 2593 4194 ὑπηρετεῖν
2626 4117 2701 4181 εἰς
2729 4116 2795 4173 τὰ
2826 4122 3071 4190 τοιαῦτα,
3104 4118 3187 4196 ἐφ’
3217 4118 3262 4191 ᾦ
3320 4118 3515 4196 ὅρκους
3574 4116 3771 4177 δοῦναί

2111 4229 2169 4263 τε
2225 4209 2313 4263 καὶ
2372 4202 2558 4263 λαϐεῖν
2612 4209 2700 4261 καί
2758 4207 2973 4282 ἀγαγεῖν
3019 4207 3107 4261 τὸν
3168 4204 3336 4284 ἄνδρα
3394 4207 3447 4270 ἐς
3508 4209 3767 4284 βασιλέα.

2114 4297 2211 4352 Καὶ
2243 4298 2270 4352 ὸ
2306 4297 2399 4371 μὲν
2432 4294 2641 4351 ἄπεισιν
2674 4294 2725 4357 ἐς
2771 4296 2863 4350 τὸν
2918 4294 3288 4368 Δαλασσηνὸν,
3321 4297 3347 4351 6
3386 4298 3643 4369 Ἰωάννης
3706 4297 3770 4354 δὲ

2112 4389 2210 4459 τήν
2242 4408 2301 4442 τε
2326 4385 2627 4461 σύγκλητον
2665 4386 2977 4440 ὑπεποιεῖτο
3029 4386 3119 4440 καὶ
3166 4386 3228 4441 τὸ
3283 4388 3481 4456 κοινὸν,
3511 4388 3601 4442 καὶ
3663 4389 3772 4458 τὴν

2111 4482 2218 4531 τῶν
2251 4475 2481 4531 πολλῶν
2514 4475 2781 4529 ἐπεσπᾶτο
2812 4472 3044 4543 εὔνοιαν,
3081 4475 3313 4549 βαθμοῖς
3373 4476 3468 4549 μὶν
3527 4476 3592 4531 αὗ
3631 4477 3769 4542 τοὺς

2113 4573 2214 4635 τῆς
2274 4564 2580 4641 συγκλήτου
2637 4560 2982 4639 προῦχοντας
3041 4563 3363 4637 ἀξιωμάτων
3417 4566 3588 4639 ὑψῶν,
3654 4564 3771 4623 δω-

2118 4659 2249 4731 ρεῶν
2285 4653 2341 4710 δὲ
2375 4654 2660 4727 διανομαῖς
2688 4653 2777 4707 καὶ
2808 4654 2995 4728 χάρισι
3024 4652 3441 4727 μειλισσόμενος
3465 4656 3526 4710 τὸ
3556 4657 3770 4726 κοινὸν,

2115 4744 2204 4801 καὶ
2248 4744 2487 4814 καθάπαξ
2545 4742 2915 4815 οἰκειούμενος
2972 4743 3032 4796 τὸ
3094 4743 3359 4813 ὑπήκοον.
3390 4746 3508 4799 Ὅτι
3571 4742 3629 4800 δὲ
3684 4749 3768 4821 μὴ

2120 4835 2315 4912 ἀρεστὰ
2369 4834 2436 4888 τὰ
2488 4832 2750 4909 γεγονότα
2799 4833 2865 4901 ἦν
2924 4836 3003 4903 τῷ
3035 4836 3173 4904 Θεῷ,
3209 4830 3488 4910 διεδείγθη
3547 4840 3770 4908 τρανῶς

340 4944 473 4983 rum
507 4923 816 4982 stellarum
857 4922 1150 4993 officiens,
1187 4921 1268 4976 ita
1298 4925 1364 4976 ut
1414 4920 1583 4975 multi
1629 4921 2007 4993 opinarentur

2118 4924 2172 4980 ἐκ
2220 4922 2531 5001 προοιμίων
2589 4920 2786 4975 αὐτῶνθ
2843 4923 2924 4993 [Ρ.
2984 4923 3113 4994 735]
3170 4922 3307 4976 κατὰ
3361 4923 3461 4999 γὰρ
3520 4924 3619 4993 τὴν
3694 4928 3770 4981 ια’

338 5016 522 5072 solem
550 5013 712 5071 oriri.
744 5011 930 5067 Malus
957 5012 1134 5067 etiam
1159 5010 1384 5065 daemon
1412 5010 1821 5082 imperatorem
1847 5013 1999 5069 508

337 5106 575 5174 invasit,
611 5118 796 5174 neque
848 5105 981 5157 ante
1030 5100 1205 5155 finem
1240 5098 1369 5155 vitae
1420 5099 1669 5154 missurn
1705 5100 1859 5156 fecit.
1893 5103 2001 5167 Qui

335 5194 598 5268 specioso
647 5192 885 5249 nomine
924 5188 1148 5246 malum
1200 5189 1257 5243 id
1290 5187 1562 5244 volebant
1604 5188 1812 5258 velare,
1841 5190 1999 5249 insa-

2115 5014 2258 5091 ὥραν
2287 5021 2387 5083 τῆς
2420 5011 2574 5087 ἁγίας
2604 5010 2693 5065 καὶ
2731 5008 2975 5085 μεγάλης
3031 5015 3303 5083 Κυριακῆς
3362 5011 3580 5087 χάλαζα
3636 5035 3773 5069 κατι

2110 5103 2317 5178 ηνέχθη
2374 5100 2646 5178 ἀφόρητος
2704 5098 2793 5153 καὶ
2852 5095 3208 5174 ῥαγδαία.ὡς
3264 5096 3613 5177 συντριϐῆναι
3683 5107 3768 5177 μή

2116 5192 2274 5266 μόνον
2314 5190 2381 5246 τά
2414 5186 2602 5262 δένδρα
2630 5186 2881 5263 κάρπιμά
2916 5208 2976 5243 τε
3004 5187 3093 5242 καὶ
3150 5185 3387 5263 ἄκαρπα,
3419 5188 3564 5245 ἀλλὰ
3623 5190 3773 5263 δῆτα

1515 5286 1903 5344 XYLANDRI
1936 5292 2030 5348 ET
2068 5291 2288 5348 GOARI
2328 5290 2565 5345 NOTIE.

402 5381 515 5464 (97)
546 5380 615 5464 Id
640 5377 984 5464 vocabulum
1016 5377 1128 5464 nisi
1157 5380 1265 5459 est,
1297 5376 1453 5459 quod
1484 5392 1614 5464 ‘non
1650 5381 1813 5447 puto,
1872 5394 2000 5450 pro-

332 5447 551 5526 prium,
584 5453 1003 5526 deestnomen
1025 5451 1171 5526 divas
1192 5447 1764 5526 _in_cu,jus‘h_ono_rem
1790 5447 1997 5507 mona-

332 5520 577 5582 sterium
605 5522 951 5580 condiderit.
972 5522 1080 5577 Sed
1102 5526 1157 5575 et
1187 5520 1340 5575 infra
1362 5521 1420 5574 in
1445 5520 1762 5591 Calaphata
1786 5530 1874 5578 est
1895 5528 1995 5591 τῆ)

2107 5381 2242 5452 gine
2286 5379 2462 5433 habet
2510 5378 2766 5450 epitheta
2796 5374 2827 5430 ἆ
2865 5395 3040 5450 γυροπ
3078 5373 3229 5448 άτου,
3265 5379 3418 5450 quod
3468 5378 3775 5452 significat

2107 5458 2350 5505 argento
2381 5452 2704 5505 venditum.
2739 5453 2795 5505 et
2828 5393 3097 5505 ἕαιμονίῖο
3127 5449 3391 5505 κατόγου.
3426 5453 3526 5505 oui
3551 5469 3583 5505 a
3606 5454 3771 5505 malo

2107 5449 2350 5523 argento
2381 5449 2704 5517 venditum,
2739 5453 2795 5524 et
2828 5449 3097 5522 δαιμονίῳ
3127 5449 3391 5524 κατόχου,
3426 5449 3583 5523 (μιῙά
3606 5454 3771 5512 malo

2105 5522 2261 5599 esset
2290 5527 2612 5599 occupatus
2643 5522 2837 5598 genio,
2872 5527 2938 5581 ut
2962 5526 3165 5597 postea
3209 5522 3507 5582 Gedrenus
3539 5531 3769 5585 narrat.

328 5592 701 5671 περιϐλεπτου
724 5594 931 5671 μονῆς,
965 5610 1079 5671 non
1113 5592 1323 5671 procul
1346 5609 1380 5647 a
1408 5591 1995 5671 Sigmate._({azterum

2118 5597 2244 5654 ΚΠ..

329 5663 650 5732 Michaelus
680 5663 774 5726 hic
803 5663 1130 5740 imperator
1154 5663 1441 5739 Paphlago
1473 5663 1584 5721 fuit
1612 5680 1626 5735 ;
1658 5666 1716 5720 et
1745 5665 1805 5723 in
1828 5683 1990 5725 mar-
