4014 6194
281 376 373 436 241
1390 365 1890 429 ΗΙδΤΟΙὶῙΑΒΙΠ

2007 365 2137 427 10M
2156 368 2529 430 l‘ENDIUM.
3535 376 3657 437 242

281 510 353 567 καὶ
381 504 535 567 οἰκίας
565 505 889 558 καταπεσεῖν
937 499 1025 556 καὶ
1072 497 1230 563 ναοὺς
1260 497 1351 554 καὶ
1384 496 1449 554 τὰ
1479 496 1614 569 λήϊα
1657 497 1748 554 καὶ
1794 497 1890 560 τὰς

2009 499 2163 557 niam
2210 500 2390 557 animi
2442 500 2865 577 appellabant:
2909 520 3051 562 sane
3098 521 3287 578 neque
3333 504 3658 567 humanum

286 596 528 671 ἀμπέλους
561 592 759 668 μέχρις
792 588 1043 668 ἐδάφους,
1075 587 1151 652 ὠς
1196 583 1566 661 ἐπισυμϐἦναι
1604 589 1741 643 κατά
1769 592 1890 641 τοῦ·

2008 606 2191 663 neque
2233 592 2495 647 divinum
2547 593 2828 649 auxilium
2878 594 3319 653 miserabilibus
3367 616 3501 655 eum
3533 600 3662 658 istis

281 711 356 744 τον
407 685 486 740 τὸν
534 681 734 758 χρόνον
794 680 1067 735 παντοίων
1118 683 1341 753 καρπῶν
1382 678 1607 754 ἀφορίαν
1636 678 1890 754 γενέσθαι.

2010 681 2368 737 cruciatibus
2400 700 2467 739 ac
2497 684 2741 739 torturis
2773 683 3008 756 eripuit.

280 779 443 852 Γέγονε
491 770 546 827 δὲ
596 771 686 826 καὶ
745 770 907 846 χύσις
962 770 1181 843 ἀστέρος
1230 769 1367 822 κατά
1419 769 1518 835 τὴν
1579 767 1849 841 Κυριακὴν
1903 766 2000 835 τὴν
2061 769 2196 839 μετᾶ
2242 770 2304 823 τὸ
2345 770 2556 846 Πάσχα,
2609 770 2729 845 περὶ
2782 772 2925 847 ὥραν
2973 772 3162 848 τρίτην
3204 779 3305 843 τῆς
3338 775 3556 841 νυκτὸς,
3592 782 3660 850 τῇ
3711 808 3716 812 ~

285 865 581 941 μαρμαρυγῇ
630 867 728 929 τῆς
779 857 1172 933 λαμπρότητος
1226 858 1353 920 τοὺς
1411 856 1636 931 ἀστέρας
1694 855 1893 917 πάντας
1942 856 2307 930 καλύψαντος,
2360 859 2433 921 ὡς
2492 861 2580 914 καὶ
2631 858 2853 930 δόκησιν
2896 868 3193 938 παρασχεῖν
3254 868 3369 925 τοῖς
3427 864 3664 927 πολλοῖς

279 955 416 1026 ἡλίου
461 950 751 1020 ἀνατολῆς.
814 948 1059 1023 Ἐλτςφθη
1111 945 1169 1002 δὲ
1197 948 1286 1001 καὶ
1337 948 1365 1001 6
1419 944 1671 1020 βασιλεὺς
1705 943 1987 1018 δαιμονίῳ·
2022 947 2050 1000 ’ὀ
2083 946 2535 1021 σεμνολογοῦντες
2569 950 2772 1025 οἱπερὶ
2820 954 3008 1005 τοῦτον
3069 954 3294 1024 μανικὸν
3352 953 3659 1009 ἀπεκάλουν

277 1046 480 1115 νόσημα,
532 1041 623 1095 καὶ
682 1041 1004 1114 παρέμεινεν
1066 1036 1197 1113 ἄχρι
1242 1034 1440 1098 τέλους
1488 1042 1588 1105 τῆς
1618 1036 1781 1090 αὑτοῦ
1816 1036 2026 1111 βιοτῆς,
2064 1038 2193 1109 μήθ’
2228 1038 2327 1092 ὑπὸ
2359 1038 2502 1101 θείας
2529 1036 2806 1113 δτνάμεως
2843 1043 2972 1113 μήθ’
3006 1042 3108 1096 ὑπὸ
3141 1041 3338 1119 ἰατρῶν
3377 1043 3662 1121 θεραπείαν

277 1129 454 1204 λαϐὼν,
486 1128 613 1186 ἀλλ’
646 1128 897 1190 ἐλεεινῶς
929 1126 1377 1199 κατατεινόμενος
1405 1127 1495 1179 καὶ
1531 1124 1973 1201 βασανιζόμενος.

334 1228 471 1297 Ἄρτι
539 1220 598 1275 δὲ
651 1224 748 1274 τοῦ
806 1215 1134 1293 Ἐργοδότου
1192 1217 1328 1293 πρὸς
1382 1215 1473 1271 τὸν
1546 1214 1891 1285 Δαλασσηνὸν

276 1313 601 1389 ἀφικομένου,
633 1314 911 1364 πιστεῦσαι
962 1310 1055 1381 μὲν
1103 1308 1259 1371 οὗτος
1304 1311 1420 1370 τοῖς
1459 1304 1647 1381 ὅρκοις
1677 1306 1765 1360 καὶ
1799 1304 1890 1358 σὺν

271 1404 395 1474 αὖτῷ
437 1399 690 1455 ἀπελθεῖν
740 1399 839 1453 οὐκ
883 1396 1150 1467 ἠθέλησεν
1201 1395 1253 1450 ἐν
1302 1400 1383 1467 τῷ
1431 1394 1731 1466 Βυζαντίῳ,
1782 1397 1892 1447 τῶν

266 1514 367 1547 τινα
395 1489 447 1545 δὲ
473 1490 692 1563 πέμψας
738 1487 1077 1542 πιστοτάτων
1125 1485 1271 1557 αὖτῷ
1322 1483 1516 1557 ὅρκους
1546 1505 1604 1538 τε
1648 1484 1895 1556 ἀπῄτησε

269 1580 488 1655 μείζονας
548 1583 645 1633 τοῦ
696 1578 771 1649 μή
819 1598 871 1631 τι
924 1577 1111 1631 παθεῖν
1174 1573 1446 1650 χαλεπὸν,
1496 1572 1584 1627 καὶ
1637 1572 1891 1635 ἀπελθεῖν

265 1668 621 1745 ἐπηγγείλατο.
676 1668 953 1739 Ηὲμπεται
1004 1664 1185 1719 τοίνυν
1242 1667 1637 1724 Κωνσταντῖνος
1696 1664 1723 1716 6
1782 1667 1892 1715 Φα-

263 1760 426 1834 γῖτζης
475 1756 763 1831 εὐνοῦχος,
818 1752 1098 1830 ἅνθρωπος
1155 1750 1460 1830 Παφλαγὼν
1510 1752 1598 1807 καὶ
1654 1753 1891 1821 συνήθης

265 1855 330 1921 τῷ
377 1845 601 1924 βασιλεῖ,
664 1846 730 1899 τά
787 1866 845 1900 τε
898 1843 1055 1917 τίμια
1106 1842 1442 1918 ἐπαγόμενος
1503 1840 1636 1912 ξύλα
1688 1840 1777 1895 καὶ
1830 1840 1893 1894 τὸ

268 1939 398 2012 ἆγιον
451 1936 740 2011 ἐκμαγεῖον
801 1933 892 1989 καὶ
939 1934 1037 2001 τήν
1088 1933 1225 2007 πρὸς
1276 1930 1525 2037 Αὕγσρον
1575 1927 1891 2037 ΐδιόγραφον
1928 1972 1975 2037 Β

267 2025 529 2096 ἐπιστολήν
557 2028 661 2080 τοῦ
710 2022 909 2099 Κυρίου
960 2022 1051 2077 καὶ
1105 2025 1238 2077 Θεοῦ
1282 2020 1373 2075 καὶ
1424 2022 1683 2095 Σωτῆρος
1734 2021 1893 2090 ἡμῶν

265 2120 419 2189 Ἰησοῦ
460 2118 701 2191 Χριστοῦ
747 2114 840 2168 καὶ
904 2111 1086 2167 εἰκόνα
1131 2112 1231 2181 τῆς
1282 2109 1577 2186 ὑπεραγίας
1609 2110 1896 2164 Θεοτόκου·

260 2209 308 2268 ’ὸς
354 2205 620 2276 ἀπελθὼν,
673 2204 759 2258 καὶ
814 2203 1008 2278 ὅρκους
1057 2205 1138 2273 τῷ
1187 2199 1580 2271 Κωνσταντίνῳ
1634 2196 1760 2259 δοὺς
1808 2192 1898 2251 καὶ

259 2293 440 2366 λαϐὼν,
489 2291 713 2370 ἔρχεται
774 2292 888 2366 μετ’
938 2289 1102 2345 αὐτοῦ
1152 2288 1229 2352 εἷς
1276 2290 1339 2343 τὸ
1399 2288 1714 2357 Βυζάντιον.
1768 2286 1899 2342 Ἐλ-

258 2387 395 2448 θόντα
443 2381 497 2437 δὲ
540 2386 745 2437 τοῦτον
797 2379 1143 2458 φιλοφρόνως
1192 2379 1219 2433 6
1274 2376 1529 2452 βασιλεὺς
1579 2374 1893 2445 ὑπεδέξατο,

256 2475 328 2528 καὶ
356 2472 653 2527 ἀνθύπατον
704 2472 942 2543 τιμήσας
988 2468 1078 2523 καὶ
1133 2465 1335 2543 δώροις
1388 2468 1663 2542 μεγίστοις
1710 2463 1895 2535 δεξιω-

254 2565 459 2634 σάμενος
510 2563 720 2623 ἀνέτως
771 2559 863 2614 καὶ
893 2556 1067 2621 ἀδεῶς
1118 2557 1411 2633 προσέταξε
1462 2553 1662 2629 διάγειν
1707 2553 1765 2609 ἐν
1816 2558 1897 2626 τῷ

255 2648 351 2705 ὄντι
380 2653 508 2706 κατὰ
536 2653 608 2706 τὰ
643 2648 819 2724 Κόρου
851 2647 989 2721 οἴκῳ
1020 2647 1206 2704 αὐτοῦ.

313 2741 494 2813 Τούτῳ
518 2745 600 2812 τῷ
650 2738 841 2814 χρόνῳ
881 2738 972 2792 καὶ
1004 2735 1145 2791 ἄλλο
1191 2758 1243 2792 τι
1276 2729 1467 2804 συνέϐη
1502 2733 1892 2812 ἀξιαφήγητον.

253 2835 355 2885 Τῶν
384 2830 453 2891 είς
502 2826 953 2905 παραχειμασίαν
1004 2826 1055 2881 ἐν
1088 2830 1166 2897 τῷ
1215 2826 1406 2898 θέματι
1437 2828 1543 2878 τῶν
1578 2823 1923 2898 Θρᾳκησίωψ

259 2917 650 2995 διεσπαρμένων
712 2917 1010 2993 Βαράγγων
1062 2917 1176 2988 (98)
1207 2914 1433 2990 γυναῖκά
1482 2934 1565 2976 τις
1616 2911 1891 2987 ἐγχωρίαν

259 3010 411 3083 εὑρὼν
461 3008 547 3063 ἐπ’
597 3006 831 3083 ἐρημίας
880 3005 1207 3079 ἀπεπειρᾶτο
1254 3009 1353 3073 τῆς
1402 3000 1757 3076 σωφροσύνης
1799 3000 1894 3055 αὐ-

254 3105 357 3167 τῆς·
389 3099 458 3160 ὡς
487 3096 545 3153 δὲ
576 3098 686 3152 οῦκ
733 3090 931 3167 ἔπειθε,
965 3094 1054 3149 καὶ
1089 3093 1209 3169 βίαν
1235 3090 1343 3163 ἤδη
1397 3092 1615 3168 ἐπῆγεν,
1648 3093 1683 3161 ἡ
1717 3088 1774 3145 δὲ
1801 3091 1893 3145 τὸν

252 3186 485 3253 ἀκινάκην
537 3188 657 3260 (99)
719 3185 1034 3256 σπασαμένη
1086 3181 1309 3259 τάνδρὸς
1368 3182 1513 3236 παίει
1570 3180 1705 3235 κατᾶ
1761 3200 1891 3255 καρο

251 3274 354 3338 δίας
382 3277 469 3331 τὸν
535 3270 815 3352 βάρϐαρον
865 3273 952 3328 καὶ
1003 3272 1160 3337 εὐθὺς
1207 3273 1433 3346 ἀναιρεῖ.
1487 3274 1592 3324 Τοῦ
1640 3267 1695 3324 δὲ
1728 3264 1890 3344 ἔργου

2076 1220 2354 1273 Caeterum
2404 1218 2782 1289 Dalassenus,
2813 1221 3099 1293 Ergodata
3144 1223 3215 1277 ad
3265 1240 3327 1278 se
3369 1224 3657 1279 veniente.

2004 1306 2240 1361 credere
2270 1309 2397 1377 ejus
2421 1309 2809 1379 jurejurando
2841 1316 2897 1365 et
2929 1328 3044 1366 una
3088 1312 3431 1383 Byzantium
3464 1312 3660 1368 venire

2006 1394 2197 1449 noluit
2227 1413 2239 1449 :
2274 1398 2374 1451 sed
2408 1399 2723 1467 quemdam
2758 1416 3000 1455 suorum
3033 1400 3443 1456 fidelissimum
3473 1402 3654 1465 misit,

2006 1500 2106 1555 per
2136 1501 2307 1556 quem
2344 1488 2736 1543 sanctioribus
2759 1489 2870 1543 sibi
2896 1490 3251 1559 juramentis
3272 1490 3461 1545 caveri
3495 1496 3654 1562 pete-

2006 1573 2122 1637 bat,
2156 1590 2340 1645 eoque
2373 1576 2523 1631 facto
2556 1582 2868 1631 venturum
2896 1595 2956 1632 se
2982 1580 3379 1649 promittebat.
3407 1580 3655 1635 Mittitur

2004 1661 2188 1733 igitur
2219 1664 2289 1718 ad
2326 1664 2708 1720 Dalassenum
2741 1666 3161 1722 Constantinus
3195 1668 3502 1740 Phagitzes
3550 1685 3651 1723 eu-

1946 1748 1957 1763 ’
2005 1751 2237 1807 nuchus
2283 1753 2597 1825 Paphlago,
2652 1754 2961 1811 familiaris
3011 1756 3403 1828 imperatoris,
3452 1774 3649 1813 secum

2007 1841 2199 1896 ferens
2230 1845 2560 1898 veneranda
2608 1844 2799 1899 crucis
2839 1844 3019 1917 ligna,
3051 1850 3109 1901 et
3158 1845 3405 1901 linteum
3435 1846 3652 1901 Christi

2006 1930 2326 2002 imaginem
2358 1932 2583 1988 habens
2614 1950 2976 2005 expressam,
3008 1951 3073 1990 ac
3114 1935 3425 2007 epistolam
3456 1940 3656 1992 Serva-

2011 2020 2153 2074 toris
2188 2037 2364 2077 manu
2414 2023 2486 2077 ad
2537 2025 2827 2095 Augarum
2876 2026 3176 2097 scriptam,
3226 2042 3292 2081 ac
3339 2026 3654 2097 imaginem

2011 2110 2289 2182 Deiparae.
2325 2112 2379 2166 Is
2412 2112 2550 2167 data
2578 2118 2931 2186 acceptaque
2953 2114 3065 2170 ﬁde
3098 2114 3480 2171 Dalassenum
3513 2115 3657 2187 Cpo-

2008 2198 2093 2253 lin
2127 2216 2330 2256 secum
2381 2202 2667 2272 perducit.
2714 2202 3057 2259 Venientem
3107 2204 3424 2274 imperator
3470 2205 3658 2259 amice

2010 2289 2254 2360 excepit,
2290 2290 2661 2361 proconsulis
2692 2291 2911 2347 honore
2943 2292 3215 2361 dignatus
3246 2297 3355 2363 est,
3391 2309 3456 2348 ac
3487 2293 3657 2348 donis

2009 2378 2397 2449 amplissimis
2428 2380 2642 2447 affecit,
2668 2382 2967 2453 jussitque
2988 2380 3167 2437 libere
3188 2386 3245 2437 et
3274 2383 3497 2454 absque
3530 2398 3654 2438 me-

2006 2471 2070 2523 tu
2106 2468 2161 2522 in
2196 2468 2368 2524 domo
2400 2469 2609 2541 ipsius,
2642 2487 2769 2541 qua:
2801 2475 2927 2526 erat
2957 2472 3028 2527 ad
3061 2470 3216 2543 Cyri,
3247 2471 3474 2544 degere.

2078 2735 2297 2791 Accidit
2339 2753 2405 2793 eo
2454 2741 2716 2808 tempore
2764 2738 2921 2794 aliud
2973 2738 3277 2812 quidpiam
3329 2745 3655 2797 memoratu

2004 2825 2269 2895 dignum.
2303 2826 2702 2899 Barangorum
2729 2845 2830 2899 per
2853 2829 3210 2900 provinciam
3232 2830 3657 2886 Thracensium

2006 2915 2064 2969 in
2098 2916 2343 2971 hiberna
2374 2916 2772 2987 dispersorum
2814 2918 3058 2990 quidam
3090 2919 3397 2974 mulierem
3431 2919 3659 2992 indige-

2004 3023 2141 3061 nam
2162 3005 2346 3061 solam
2371 3012 2579 3061 nactus
2598 3008 2668 3061 de
2688 3012 2892 3080 stupro
2914 3008 3251 3081 appellavit,
3276 3027 3341 3065 ac
3364 3011 3658 3066 recusanti

2003 3094 2117 3149 vim
2150 3095 2364 3149 inferre
2396 3111 2712 3167 aggressus
2759 3102 2867 3152 cst.
2919 3098 2999 3152 Ea
3048 3098 3362 3154 barbarum
3396 3106 3662 3172 correpto

2002 3183 2109 3237 viri
2143 3176 2377 3239 acinace
2404 3184 2463 3238 in
2496 3201 2595 3239 cor
2628 3185 2756 3241 l'erit
2787 3203 2852 3240 ac
2876 3186 3076 3241 statim
3100 3188 3253 3244 509
3289 3196 3473 3243 necat.
3500 3190 3660 3255 Quod

2007 3273 2223 3329 factum
2255 3290 2388 3328 cum
2410 3290 2513 3345 per
2528 3274 2802 3329 viciniam
2823 3275 3197 3342 innotuisset,
3220 3276 3444 3333 coivere
3468 3278 3661 3333 caeteri

257 3342 580 3429 διαδοθέντος
613 3342 675 3419 ’ἐν
840 3362 1141 3439 περιχώρῳ
1189 3359 1658 3436 συναθροισθέντες
1702 3360 1752 3413 οἱ
1786 3360 1890 3414 Βά-

2008 3363 2273 3435 Barangi,
2308 3367 2363 3417 et
2416 3362 2722 3419 mulierem
2774 3380 3142 3431 coronavere,
3178 3367 3453 3421 omnibus
3484 3367 3658 3421 etiam

249 3476 421 3530 ραγ-γοι
475 3457 580 3523 τὴν
640 3475 697 3509 τε
750 3458 974 3528 γυναῖκα
1032 3454 1391 3529 στεφανοῦσι,
1453 3446 1693 3510 διδόντες
1752 3447 1890 3521 αὐτῇ

247 3543 325 3597 καὶ
352 3546 447 3613 τήν
477 3546 694 3598 ἃπασαν
728 3541 914 3597 οὐσίαν
964 3545 1061 3596 τοῦ
1097 3540 1342 3615 βιαστοῦ,
1386 3538 1633 3593 κάκεῖνον
1684 3536 1888 3614 ἄταφον

248 3631 478 3707 ῥίπτουσι
510 3634 655 3687 κατὰ
704 3631 796 3686 τὸν
844 3636 950 3686 τῶν
1010 3629 1343 3706 βιοθανάτων
1393 3628 1559 3701 νόμον
1603 3629 1702 3700 (1).
1732 3628 1807 3679 Τὰ
1834 3623 1891 3681 δὲ

248 3729 333 3790 τῆς
362 3720 579 3797 ἀκρίδος
638 3717 990 3795 στρατόπεδα,
1024 3720 1099 3781 ὡς
1148 3716 1256 3788 ἤδη
1309 3716 1601 3793 φθάσαντες
1642 3714 1889 3788 εἷ’πομεν,

246 3813 364 3867 κατά
407 3814 504 3881 τήν
566 3812 626 3867 ἐν
685 3808 1081 3881 Ἑλλησπόντῳ
1141 3805 1435 3885 αἰγιαλῖτιν
1490 3808 1715 3881 ψάμμον
1774 3802 1889 3859 δια-

249 3901 497 3976 φθαρέντα
546 3901 708 3964 αὗθις
758 3898 960 3975 ἀνεφῦη
1011 3896 1336 3970 αὐτομάτως
1368 3896 1455 3951 καὶ
1489 3897 1589 3965 τήν
1622 3892 1889 3970 παράλιον

246 3996 331 4059 τῆς
374 3988 797 4060 Ἑλλησπόντου
850 3985 1012 4042 πάλιν
1068 3987 1433 4060 κατέμαρπτε,
1491 3986 1578 4039 καὶ
1632 3984 1719 4039 ἐπὶ
1769 4004 1888 4058 τρι-

248 4080 373 4132 ετίαν
424 4079 564 4149 ὅλην
620 4076 889 4133 διετέλεσε
936 4074 1252 4151 κεραίζοντα
1298 4076 1361 4130 τὸ
1412 4075 1551 4148 θέμα
1599 4078 1705 4127 τῶν
1752 4080 1889 4147 Θρᾳ-

246 4168 452 4238 κησίων,
496 4167 591 4222 καὶ
642 4166 700 4222 ἐν
742 4166 1017 4240 Περγάμῳ
1064 4164 1328 4240 γενόμενα
1362 4162 1645 4240 διεφθάρη,
1701 4165 1889 4216 θεασα-

249 4259 392 4326 μένου
422 4255 477 4312 δέ
507 4278 662 4319 τινος
690 4251 953 4331 πρότερον
987 4258 1095 4308 τῶν
1130 4256 1211 4327 [Ρ.
1252 4255 1382 4327 736]
1431 4252 1888 4323 ὑπηρετουμένων

245 4350 312 4415 τῷ
340 4344 623 4418 ἐπισκόπῳ
658 4342 833 4416 θέαμα
880 4343 979 4398 οὐκ
1028 4339 1154 4417 ὄναρ
1204 4340 1330 4397 ἀλλ’
1374 4341 1513 4414 ὕπαρ
1543 4344 1642 4413 (2).
1677 4338 1889 4397 Ἐδόκει

245 4435 335 4508 γὰρ
386 4437 511 4511 ὁρᾷν
565 4433 832 4509 εὖνοῦχόν
887 4454 1009 4487 τινα
1052 4431 1408 4507 λευχείμονα,
1465 4430 1894 4504 ἐξαστράπτοντα

246 4524 332 4591 την
367 4526 609 4599 μορφήν.
670 4523 766 4578 Καὶ
823 4521 883 4585 ὃς
929 4525 1094 4595 τριῶν
1143 4518 1550 4596 παρακειμένων
1586 4518 1887 4593 ἔμπροσθεν

246 4611 392 4667 αὐτοῦ
446 4612 667 4667 σάκκων
724 4610 882 4667 λῦσαι
941 4610 1292 4685 προσετάχθη
1351 4610 1443 4663 τὸν
1496 4605 1591 4663 ἕνα
1645 4607 1736 4662 καὶ
1798 4628 1885 4661 κε-

1999 3452 2169 3507 bonis
2202 3453 2329 3523 ejus
2360 3452 2461 3523 qui
2506 3451 2695 3525 ipsam
2747 3452 3010 3509 voluerat
3058 3453 3273 3509 violare
3318 3455 3595 3510 donatam
3634 3471 3645 3510 :

1998 3542 2195 3613 ipsum
2231 3545 2426 3597 autem
2466 3540 2828 3613 insepultum
2880 3543 3243 3613 abjecerunt,
3277 3548 3341 3598 ut
3372 3544 3462 3599 lex
3487 3544 3663 3615 jubet

1999 3648 2099 3687 eos
2130 3630 2227 3703 qui
2261 3630 2373 3685 sibi
2407 3635 2652 3686 mortem
2679 3631 3105 3688 consciverunt.
3128 3632 3361 3688 Interim
3385 3632 3655 3689 examina

2000 3720 2365 3775 locustarum
2398 3736 2525 3791 quae
2557 3737 2657 3791 per
2686 3719 3048 3793 Hellesponti
3100 3738 3335 3778 arenam
3369 3722 3426 3777 in
3459 3721 3654 3777 littore

2002 3810 2180 3865 sitam
2215 3809 2481 3881 dispersa
2512 3810 2757 3881 periisse
2803 3810 3138 3879 docuimus,
3172 3816 3379 3884 sponte
3426 3829 3535 3867 sua
3568 3828 3655 3866 re-

2000 3899 2269 3954 vixerunt
2299 3902 2355 3954 et
2375 3900 2572 3954 omnia
2596 3899 2956 3971 Hellesponti
2978 3900 3333 3956 infestarunt
3358 3919 3371 3969 ;
3404 3917 3658 3973 cumque

2002 3987 2359 4059 provinciam
2404 3987 2796 4043 Thracensem
2847 4005 2949 4060 per
2993 3989 3282 4061 integrum
3337 3989 3652 4045 triennium

2002 4076 2277 4149 populata
2308 4082 2523 4147 essent,
2555 4078 2710 4148 apud
2746 4082 3095 4149 Pergamum
3128 4079 3444 4150 perierunt.
3479 4082 3652 4135 Ante-

2002 4185 2177 4238 quam
2216 4168 2269 4221 id
2304 4167 2492 4234 ﬁeret,
2525 4167 2757 4222 cuidam
2811 4169 2882 4223 de
2937 4168 3224 4224 ministris
3273 4169 3533 4240 episcopi
3566 4170 3654 4223 in-

2002 4256 2289 4311 somnium
2333 4256 2596 4311 oblatum
2652 4256 2861 4321 fuerat,
2895 4274 3139 4329 prorsus
3190 4274 3309 4313 rem
3342 4259 3529 4329 ipsam
3566 4276 3652 4313 re-

2002 4350 2380 4416 praesentans.
2440 4345 2615 4399 Visus
2676 4350 2799 4399 erat
2874 4345 2987 4401 sibi
3061 4346 3256 4401 videre
3311 4347 3646 4402 eunuchum

2001 4434 2316 4505 quemdam
2342 4432 2491 4488 albis
2510 4433 2773 4489 vestibus
2793 4435 3095 4505 amictum,
3112 4436 3299 4491 forma
3320 4434 3649 4507 etfulgente,

2002 4523 2100 4595 qui
2131 4524 2322 4579 tribus
2345 4523 2455 4594 ipsi
2488 4524 2775 4595 appositis
2796 4525 2981 4581 saccis
3000 4526 3201 4581 ordine
3220 4542 3317 4581 eos
3343 4526 3652 4597 juberetur

2001 4612 2225 4685 aperire
2257 4629 2322 4667 ac
2354 4630 2654 4668 evacuare.
2705 4614 2965 4685 Cumque
2997 4614 3056 4668 id
3102 4616 3337 4685 faceret,
3381 4631 3411 4670 e
3458 4616 3648 4686 primo

249 4706 418 4771 νῶσαι,
468 4704 585 4758 εἶτα.
634 4701 726 4756 τὸν
774 4698 1021 4776 δεύτερον
1070 4700 1159 4755 καὶ
1201 4699 1388 4778 ἐφεξῆς
1420 4699 1511 4754 τὸν
1552 4698 1757 4774 τρίτον.
1784 4702 1888 4752 Τοῦ

2007 4701 2111 4757 vim
2146 4707 2508 4773 serpentum,
2539 4702 2871 4774 viperarum
2893 4707 2949 4759 et
2965 4703 3337 4774 scorpionum
3362 4704 3649 4776 erupisse,

248 4788 296 4845 δὲ
321 4793 391 4853 ὡς
418 4790 715 4861 ἐκελεύσθη
747 4791 1100 4860 ποιήσαντος,
1135 4790 1163 4844 6
1198 4790 1291 4861 μὲν
1334 4792 1552 4862 πρῶτος
1604 4783 1751 4865 ὄφεις
1795 4786 1884 4842 καὶ

248 4878 453 4953 ὲχίδνας
482 4881 577 4935 καὶ
632 4877 927 4954 σκορπίους
979 4872 1279 4952 ὲξέϐρασεν,
1311 4876 1339 4931 6
1374 4875 1431 4931 δὲ
1474 4874 1720 4951 δεύτερος
1750 4875 1884 4953 φρό-

246 4990 351 5030 νους
396 4968 487 5024 καὶ
538 4965 772 5029 ἀσπίδας
822 4966 911 5021 καὶ
965 4965 1312 5042 βασιλίσκους
1362 4965 1451 5020 καὶ
1498 4966 1757 5039 κεράστας
1796 4969 1884 5020 καί

244 5054 380 5133 ἕτερα
408 5054 639 5127 ίοόόλα,
672 5059 699 5113 6
731 5054 788 5113 δὶ
835 5055 1019 5131 τρίτος
1064 5057 1367 5131 κανθάρους
1410 5054 1499 5110 καὶ
1543 5060 1766 5119 σκνῖπας
1796 5056 1885 5109 καὶ

1997 4806 2066 4846 ex
2086 4790 2267 4846 altero
2301 4791 2562 4857 rubetae,
2594 4791 3185 4863 aspides,basiliscos,
3219 4797 3475 4849 cerastas
3506 4798 3562 4848 et
3591 4811 3648 4849 a-

1995 4879 2105 4936 lias
2128 4885 2439 4935 venenatas
2458 4880 2696 4949 bestias,
2716 4898 2784 4935 ex
2805 4881 2974 4937 tertio
2994 4881 3387 4949 cantharides,
3404 4882 3645 4951 culices,

1995 4986 2202 5042 vespas
2234 4968 2459 5039 aliaque
2490 4969 2756 5025 aculeata
2786 4968 3080 5025 animalia.
3106 4970 3227 5026 Sibi
3248 4988 3383 5027 cum
3406 4972 3477 5027 ad
3508 4986 3645 5044 spe-

1997 5058 2293 5115 ctaculum
2343 5059 2761 5126 obmutuisset,
2795 5059 3172 5132 splendidum
3224 5061 3404 5117 istum
3454 5061 3641 5116 virum

1423 5218 1801 5274 XYLANDRI
1841 5219 1934 5274 ET
1972 5219 2191 5275 GOARI
2231 5219 2460 5275 ΝΟΤίΕ.

306 5348 409 5431 (98)
440 5352 523 5403 Ex
555 5345 845 5431 Cboniata
869 5350 1107 5431 apparet
1129 5346 1236 5431 hos
1260 5346 1441 5431 fuisse
1475 5346 1766 5431 satellites
1782 5363 1884 5431 seu

244 5418 543 5488 stipatores
572 5418 963 5492 imperatoris
981 5419 1040 5474 in
1073 5419 1244 5489 bello,
1265 5418 1697 5492 bipenniferos.
1722 5418 1886 5492 Unde

246 5495 295 5564 et
322 5492 413 5563 qui
446 5491 673 5547 fuerint
704 5490 928 5564 nescire
958 5506 1019 5564 se
1051 5496 1150 5547 aut
1193 5490 1399 5564 saltem
1434 5491 1709 5564 explicari
1737 5491 1885 5547 velle

248 5561 509 5620 librarius
542 5562 800 5618 ostendit
847 5562 1015 5619 initio
1046 5563 1383 5635 Stratiotici,
1416 5561 1523 5620 ubi
1548 5581 1752 5621 eorum
1779 5564 1889 5620 fuit

251 5636 475 5689 mentio.
506 5635 652 5689 XYL.

311 5707 416 5779 (99)
446 5706 638 5763 Suine
667 5705 860 5761 mariti
891 5722 963 5761 an
995 5705 1243 5778 Barangi
1264 5706 1293 5761 ?
1323 5705 1454 5761 Χγι..

2069 5346 2145 5417 (1)
2179 5346 2357 5424 Vert_i_,
2392 5349 2489 5417 qui
2511 5354 2747 5424 mortem
2788 5350 2896 5405 sibi
2942 5352 3306 5417 consciscunt,
3339 5351 3495 5424 quod
3529 5369 3642 5408 non

1996 5424 2135 5490 puto
2168 5418 2441 5473 omnibus
2472 5419 2722 5475 violenta
2747 5426 2929 5475 morte
2954 5424 3257 5478 exstinctis
3280 5418 3429 5479 hanc
3463 5424 3642 5479 fuisse

1996 5490 2383 5615 conditi§nem
2419 5493 2749 5562 impositam
2778 5510 2789 5559 ;
2826 5494 2927 5548 sed
2959 5494 3055 5549 ille
3084 5495 3193 5550 sibi
3224 5496 3462 5551 exitium
3493 5495 3622 5551 asci-

1996 5569 2173 5615 verat.
2257 5579 2347 5615 YL.

1992 5569 2173 5617 verat.
2209 5569 2347 5616 XYL.

2067 5635 2143 5705 (2)
2176 5634 2249 5688 Ex
2284 5633 2516 5689 Homeri
2548 5634 2755 5708 Odyss.
2788 5636 2852 5705 Τ,
2882 5636 3008 5691 549.
3043 5640 3185 5692 XvL.
