4036 6194
307 329 423 389 243

1652 329 1972 392 GEORGII
2017 326 2358 392 CEDRENI

3605 324 3729 383 244

307 460 567 534 proxime
604 461 925 532 adstitisse,
977 480 1043 520 ac
1074 463 1291 521 dixisse
1325 483 1336 522 :
1370 488 1398 516 «
1432 469 1562 521 Haec
1613 464 1776 520 vobis
1806 462 1960 519 acci-

2076 466 2281 535 σφῆκας
2339 457 2427 513 καί
2487 477 2607 512 τινα
2665 451 2811 511 ἄλλα
2864 458 2973 509 τῶν
3032 453 3469 527 ὀπισθοκέντρων
3549 454 3727 522 ζώων·

308 552 446 608 dere
476 556 532 607 et
560 551 829 607 evenient
854 553 924 607 ob
954 552 1165 609 violata
1186 554 1287 609 Dei
1312 556 1589 610 mandata
1618 558 1677 609 et
1708 553 1956 623 impium

310 640 538 696 facinus
570 640 629 695 in
660 641 1074 712 imperatorem
1106 643 1435 699 Romanum
1475 645 1722 715 ejusque
1753 642 1960 713 conju-

311 744 444 801 gem
477 734 897 801 perpetratum.
934 754 957 784 ι

2070 549 2170 605 Καὶ
2201 549 2228 602 6
2264 549 2356 621 μὲν
2411 545 2498 601 ἐπὶ
2547 550 2623 618 τῷ
2672 546 2898 618 θεάματι
2944 541 3134 598 ’ίστατο
3182 542 3376 611 ἐννεὸς,
3433 543 3462 596 6
3511 539 3568 596 δὲ
3597 564 3730 618 φαι-

2068 635 2195 713 δρὸς
2251 637 2455 699 ἐκεῖνος
2510 636 2644 708 ἀνὴρ
2704 630 2923 710 ἔγγιστα
2976 634 3463 709 παραστησάμενος
3520 630 3728 702 αὐτὸν,

2069 752 2095 779 ‹‹
2125 731 2320 796 Ταῦτα,
2372 723 2497 801 ἔφη,
2547 724 2753 794 ἐπῆλθέ
2794 746 2853 779 τε
2905 724 2996 778 καὶ
3042 721 3317 777 ἐλεύσεται
3349 722 3431 797 ἐφ’
3466 722 3601 794 ὑμᾶς
3637 719 3730 775 διαὶ

309 817 408 885 τὴν
442 811 744 891 παράϐασιν
779 823 884 872 τῶν
914 823 1011 873 τοῦ
1043 823 1177 875 Θεοῦ
1208 817 1437 875 ἐντολῶν
1471 820 1560 875 καὶ
1590 821 1653 875 τὸ
1684 819 1974 895 γενόμενον
2005 816 2220 872 ἀνόσιον
2253 810 2406 893 ἔργον
2441 812 2515 877 ε”ς
2544 835 2602 869 τε
2643 815 2734 869 τὸν
2788 810 3014 889 βασιλέα
3057 810 3334 885 Ῥωμανὸν
3384 811 3472 865 καὶ
3516 809 3592 873 εἷς
3622 814 3723 880 τήν

311 905 477 959 αὐτοῦ
508 904 716 976 κοίτην.
754 929 781 957 ››
814 908 917 961 Καὶ
944 912 1111 962 ταῦτα
1144 909 1236 981 μὲν
1272 910 1575 986 συνηνέχθη
1607 907 1758 984 τῇδε.

383 1014 538 1071 510
564 1015 847 1071 Caeterum
879 1016 1161 1073 Michaelo
1195 1021 1252 1073 et
1282 1036 1315 1074 a
1346 1019 1501 1074 malo
1532 1020 1792 1075 daemone
1820 1018 1963 1073 infe-

312 1107 466 1158 stato
488 1108 545 1158 et
565 1103 825 1174 alioquin
848 1105 1055 1175 ignavo
1078 1123 1288 1162 nomen
1308 1113 1363 1162 et
1384 1108 1570 1179 ﬁgura
1594 1106 1962 1177 imperatoris

312 1191 579 1260 aderant,
602 1209 796 1247 rerum
820 1194 1083 1249 civilium
1107 1195 1384 1251 bellicaru
1396 1213 1569 1268 mque
1592 1197 1964 1252 administra-

312 1281 392 1335 tio
418 1280 609 1335 omnis
632 1282 690 1337 in
717 1298 893 1337 manu
913 1290 1036 1339 erat
1063 1284 1333 1341 Joannis.
1356 1286 1458 1340 llic
1480 1286 1678 1341 statim
1702 1286 1963 1340 Nicetam

314 1370 552 1424 fratrem
584 1387 760 1426 suum
791 1373 1122 1440 ,Antiochiee
1171 1375 1378 1430 ducem
1428 1376 1734 1446 designat;
1787 1391 1964 1444 quem

313 1457 385 1513 ad
413 1474 475 1513 se
503 1458 835 1516 venientem
866 1462 1209 1519 Antiocheni
1242 1481 1356 1518 non
1388 1464 1759 1520 admiserunt
1789 1465 1845 1517 in
1874 1480 1965 1518 ur-

314 1548 470 1614 bem,
503 1552 836 1604 metuentes
868 1567 938 1605 ne
970 1552 1018 1605 is
1048 1551 1106 1606 in
1142 1552 1302 1624 ipsos
1335 1553 1570 1624 gravius
1594 1553 1814 1624 aliquid
1843 1557 1963 1608 sta-

313 1639 524 1703 tueret,
558 1638 714 1708 quod
746 1638 917 1709 paulo
968 1645 1104 1695 ante
1136 1640 1365 1696 Salibas
1402 1642 1644 1712 quidam
1674 1642 1963 1697 tributum

315 1726 544 1796 exigere
574 1726 647 1781 ab
676 1726 818 1794 ipsis
843 1729 1053 1798 jussus
1079 1746 1213 1784 cum
1245 1731 1513 1801 asperius
1546 1731 1814 1787 homines
1846 1736 1963 1786 tra-

316 1819 520 1885 ctaret,
554 1832 588 1869 a
617 1815 830 1888 populo
862 1818 1051 1873 fuerat
1098 1819 1459 1874 interfectus.
1494 1820 1735 1874 Veniam
1769 1827 1961 1875 tamen

314 1903 441 1974 ejus
471 1904 606 1959 facti
638 1905 1570 1979 impunitatemquejurejurando
1600 1910 1800 1964 addito
1831 1926 1962 1980 pro-

316 1992 569 2048 mittenti
617 1998 817 2065 portas
877 2002 1253 2068 aperuerunt.
1289 1998 1521 2053 Nicetas
1553 1998 1852 2053 admissus
1910 2003 1967 2055 et

315 2082 461 2137 urbe
491 2082 735 2153 potitus,
764 2083 909 2139 nihil
943 2090 1043 2140 aut
1073 2102 1281 2157 parum
1306 2088 1503 2143 datam
1534 2104 1747 2143 curans
1766 2088 1962 2155 ﬁdem,

314 2170 470 2226 viros
502 2170 735 2227 circiter
764 2178 1003 2229 centum
1036 2176 1333 2246 capitibus
1366 2177 1657 2232 truncavit
1685 2181 1741 2232 et
1769 2177 1829 2231 in
1864 2195 1963 2249 pa-

312 2257 403 2315 los
436 2261 697 2328 sul‘ﬁxit;
729 2262 999 2317 undecim
1025 2281 1192 2335 porro
1219 2266 1373 2321 viros
1395 2265 1706 2337 primarios
1733 2271 1791 2322 et
1820 2282 1962 2336 Opu-

314 2346 679 2405 lentissimos
708 2368 775 2407 ac
823 2368 1034 2423 genere
1082 2352 1362 2425 illustres,
1396 2372 1645 2427 quorum
1694 2355 1963 2426 princeps

315 2438 583 2509 Elpidius
613 2441 915 2511 patricius,
950 2442 1120 2499 bonis
1150 2460 1353 2499 eorum
1398 2445 1709 2515 publicatis
1740 2445 1963 2499 vinctos

316 2526 657 2599 Byzantium
710 2529 918 2597 misit;
972 2531 1324 2602 scripsitque
1374 2533 1585 2587 Joanni
1634 2533 1797 2588 fratri
1848 2549 1962 2586 non

315 2616 388 2671 ob
422 2616 638 2672 caedem
673 2617 903 2684 Salibae,
938 2620 1040 2673 sed
1074 2620 1145 2675 ob
1178 2621 1641 2676 benevolentiam
1676 2622 1732 2675 in
1766 2621 1964 2676 Dalas-

315 2721 546 2771 senum,
583 2706 746 2761 urbis
789 2707 1061 2777 ingressu
1113 2726 1175 2781 se
1204 2710 1386 2764 fuisse
1434 2711 1813 2781 prohibitum.
1849 2710 1965 2765 Hoc

310 2793 432 2865 jam
448 2797 582 2848 ante
604 2799 945 2866 conceptam
962 2797 1032 2852 de
1050 2780 1357 2854 Dafasseno
1371 2780 1769 2871 suspicionem
1785 2802 1867 2855 vel
1881 2799 1965 2855 uti

312 2881 629 2938 scintillam
644 2885 958 2954 quamdam
972 2886 1219 2957 sopitam
1236 2887 1824 2961 excitavitignemque
1838 2907 1964 2945 suc-

311 2971 697 3028 eendit.Illico
712 2973 1263 3043 igiturDalassenus
1277 2978 1347 3032 ad
1364 2979 1770 3049 imperatorem
1785 2980 1893 3034 add
1905 2997 1964 3035 u-

311 3060 485 3129 citur,
509 3065 567 3115 et
592 3060 1147 3133 tertiadieAugusti,
1166 3065 1481 3122 indictione
1503 3068 1597 3124 51
1615 3071 1652 3122 1
1681 3068 1960 3135 secunda,

1994 1774 2041 1839 Β

2140 1010 2375 1088 Μιχαὴλ
2408 1008 2464 1066 δὲ
2496 1012 2522 1066 6
2558 1008 2811 1087 βασιλεὺς
2863 1008 2966 1064 ὑπό
3015 1029 3074 1065 τε
3116 1010 3213 1077 τῆς
3245 1004 3532 1080 δαιμονίας
3559 1001 3728 1061 νὸσου

2070 1101 2410 1178 εἰργόμενος,
2458 1100 2550 1155 καὶ
2599 1097 2785 1160 ἄλλως
2831 1098 2970 1173 πρὸς
3023 1097 3412 1173 μεταχείρησιν
3468 1097 3733 1169 πραγμά-

2069 1213 2175 1246 των
2204 1189 2413 1264 νωθρός
2460 1211 2542 1251 τις
2592 1186 2663 1243 ὢν
2714 1189 2803 1243 καὶ
2835 1183 3077 1261 ἀμϐλὺς,
3112 1192 3306 1261 σχῆμα
3340 1186 3434 1258 μὲν
3466 1183 3583 1259 εἶχε
3620 1190 3727 1252 τῆς

2075 1278 2353 1356 βασιλείας
2400 1279 2490 1333 καὶ
2542 1275 2738 1351 ὄνομα,
2771 1280 2805 1346 ἡ
2840 1274 2897 1331 δὲ
2943 1280 3049 1330 τῶν
3096 1275 3434 1350 πραγμάτιον
3481 1272 3732 1350 ἐνέργεια

2072 1372 2251 1424 ἅπασα
2279 1368 2581 1424 πολιτικῶν
2614 1388 2671 1421 τε
2700 1366 2789 1421 καὶ
2822 1369 3226 1438 στρατιωτικῶν
3262 1363 3317 1418 ἐν
3369 1368 3486 1426 ταῖς
3532 1362 3725 1437 χερσῖν

2070 1462 2135 1527 ἧν
2165 1463 2262 1513 τοῦ
2288 1458 2564 1514 Ἰωάννου.
2614 1455 2784 1520 Εὐθὺς
2837 1453 2929 1510 οὖν
2979 1452 3386 1530 προχειρίζεται
3416 1451 3506 1506 τὸν
3554 1451 3728 1505 αὐτοῦ

2072 1544 2305 1621 ἀδελφὸν
2361 1548 2601 1616 Νικήταν
2660 1542 2825 1600 δοῦκα
2875 1542 3240 1618 Ἀντιοχείας,
3294 1538 3351 1595 ὃν
3418 1539 3729 1595 ἀπελθόντα

2072 1633 2325 1691 εἶ’σελθιῖν
2356 1633 2407 1690 ἐν
2452 1638 2522 1709 τῇ
2572 1635 2733 1689 πόλει
2784 1632 2844 1689 οὐ
2878 1633 3264 1707 συνεχώρησαν
3311 1631 3364 1685 οἱ
3394 1631 3723 1704 Ἀντιοχεῖς·

2071 1726 2178 1801 πρὸ
2234 1729 2430 1800 μικροῦ
2473 1725 2573 1799 γὰρ
2622 1718 2925 1801 φορολόγος
2973 1742 3075 1790 τις,
3126 1714 3365 1783 Σαλίϐας
3410 1720 3507 1789 τήν
3558 1738 3725 1791 προσ-

2074 1811 2317 1887 ηγορίαν,
2370 1812 2438 1866 τά
2483 1811 2599 1865 κατ’
2648 1809 2840 1871 αὐτοὺς
2893 1806 3353 1881 ἐπιτετραμμένος
3384 1805 3475 1861 καὶ
3516 1806 3729 1881 βαρέως

2070 1907 2189 1963 τοῖς
2237 1902 2544 1978 ἀνθρώποις
2591 1896 3081 1974 προσενηνεγμένος
3126 1896 3385 1953 κτείνεται
3432 1897 3579 1972 παρά
3623 1900 3726 1949 τοῦ

2074 1988 2255 2065 δήμου
2297 1995 2404 2045 τῶν
2452 1989 2808 2065 Ἀντιοχέων.
2862 1988 2961 2043 Διὰ
3006 1991 3138 2063 γοῦν
3183 1987 3274 2042 τὸν
3306 1984 3501 2040 τούτου
3534 1985 3725 2062 φόνον,

2074 2081 2159 2135 ἶνα
2192 2083 2267 2153 μή
2311 2102 2363 2135 τι
2411 2080 2499 2135 καὶ
2555 2079 2848 2151 ἀνήκεστον
2900 2078 3166 2144 πάθωσιν,
3199 2076 3252 2130 oi
3303 2076 3605 2150 Ἀντιοχεῖς
3640 2071 3727 2128 δε-

2074 2166 2247 2232 διότες
2305 2167 2627 2224 ἀπέκλεισαν
2684 2172 2766 2239 τῷ
2820 2167 3035 2236 Νικήτᾳ
3079 2166 3178 2234 τὴν
3226 2160 3458 2220 εἴσοδον.
3494 2164 3725 2237 ’Όρκοις

2074 2257 2131 2314 δὲ
2159 2258 2355 2315 τούτου
2388 2258 2805 2330 πιπωσαμένου
2855 2255 2931 2317 ὠς
2982 2254 3256 2327 ἀμνηστία
3303 2256 3481 2307 κακῶν
3533 2251 3722 2312 αὐτοῖς

2073 2346 2244 2404 ἔσεται
2288 2350 2379 2403 καὶ
2427 2345 2579 2403 οὐδὲν
2632 2343 2807 2407 οὐδεὶς
2858 2344 3093 2399 πείσεται
3146 2340 3313 2417 ἄχαρι
3366 2339 3455 2395 διὰ
3482 2341 3573 2396 τὸν
3625 2344 3725 2394 τοῦ

2074 2434 2284 2493 Σαλίϐα
2327 2437 2508 2515 φόνον,
2564 2438 2914 2511 συγχωροῦσι
2962 2434 3060 2502 τήν
3114 2428 3347 2488 εἷ’σοδον.
3393 2436 3452 2487 Ὀ
3509 2427 3567 2485 δὶ
3618 2437 3724 2498 τῆς

2072 2526 2287 2588 πόλεως
2345 2525 2752 2599 ἐπειλημμένος
2808 2524 2895 2578 καὶ
2974 2523 3161 2597 κύριος
3218 2524 3325 2574 τῶν
3385 2518 3720 2596 πραγμάτων

2072 2616 2385 2691 γενόμενος,
2420 2614 2583 2688 ὀλίγα
2612 2614 2647 2683 ἢ
2689 2610 2841 2668 οὐδὲν
2869 2616 2975 2667 τῶν
3029 2605 3204 2687 ὅρκων
3240 2608 3548 2687 φροντίσας,
3580 2608 3726 2685 ἀμφὶ

2077 2706 2170 2779 μὲν
2223 2704 2351 2767 τοὺς
2419 2702 2614 2780 ἄνδρας
2696 2704 2739 2777 ρ’
2812 2702 3113 2757 ἀπέκτεινεν
3175 2698 3461 2771 ἀποτεμών
3518 2719 3577 2753 τε
3629 2698 3724 2752 καὶ

2072 2792 2523 2864 ἀνασκολοπίσας,
2572 2790 2760 2848 ἕνδεκα
2810 2789 2866 2846 δὲ
2906 2790 3031 2853 τοὺς
3078 2786 3425 2865 προῦχοντας
3480 2784 3724 2856 ζαπλού-

2068 2907 2196 2947 τους
2272 2881 2467 2959 ἄνδρας
2542 2882 2629 2937 καὶ
2694 2881 2834 2959 γένει
2889 2883 3200 2955 περιφανεῖς
3261 2874 3582 2950 δημεύσας,
3646 2876 3723 2928 ὧν

2070 2979 2366 3051 κορυφαῖος
2418 2974 2484 3041 ἦν
2520 2973 2546 3027 6
2576 2972 2862 3047 πατρίκιος
2893 2965 3199 3035 Ἐλπίδιος,
3231 2964 3485 3038 δεσμίους
3515 2962 3723 3037 ἐκπέμ-

2070 3084 2157 3119 πει
2190 3064 2323 3137 πρὸς
2372 3062 2433 3118 τὸ
2477 3064 2787 3132 Βυζάντιον,
2838 3060 3049 3135 γράψας
3100 3061 3177 3129 τῷ
3222 3052 3441 3133 ἀδελφῷ
3490 3054 3722 3127 Ἰωάννῃ

311 3148 372 3205 in
406 3149 626 3205 Platam
658 3150 913 3206 insulam
947 3152 1272 3222 relegatur;
1323 3161 1375 3210 et
1407 3172 1585 3229 gener
1614 3160 1742 3228 ejus
1773 3159 1958 3213 Cons-

2076 3156 2150 3225 μή
2203 3151 2292 3207 διὰ
2344 3152 2436 3207 τὸν
2467 3155 2564 3206 τοῦ
2613 3144 2823 3205 Σαλίϐα
2881 3147 3039 3223 φόνον
3088 3143 3403 3213 κωλυθῆναι
3436 3141 3583 3214 αὐτῷ
3610 3144 3717 3211 τὴν

310 3238 575 3294 tantinus
602 3240 785 3294 Ducas
807 3241 864 3295 in
885 3242 1094 3296 turrim
1114 3245 1433 3313 quamdam
1457 3246 1787 3317 conjicitur,
1808 3247 1961 3317 quod

312 3327 726 3383 vociferaretur
740 3328 957 3399 injuste
974 3330 1093 3387 haec
1112 3332 1235 3387 fieri
1253 3339 1309 3388 et
1328 3334 1559 3405 violarij
1574 3336 1960 3406 usjurandum

315 3417 652 3472 ostenderet
693 3422 989 3491 Deumque
1036 3424 1373 3477 testaretur.
1424 3423 1665 3494 Propter
1693 3425 1964 3479 eumdem

317 3504 492 3562 etiam
529 3506 769 3563 Gudelis
810 3509 1034 3576 Baiani,
1066 3515 1122 3565 et
1172 3512 1453 3579 Probatae,
1489 3512 1743 3567 virorum
1798 3512 1965 3569 nobi-

314 3593 461 3649 lium
495 3612 561 3651 ac
610 3596 878 3662 divitum,
932 3599 989 3652 in
1042 3598 1179 3654 Asia
1228 3601 1438 3655 minori
1491 3606 1783 3665 natorum,
1818 3603 1968 3657 bona

311 3682 609 3753 publicata
638 3689 697 3739 et
726 3685 1111 3742 Constantino
1144 3687 1520 3759 imperatoris
1544 3691 1704 3744 fratri
1736 3692 1969 3747 addicta

310 3776 471 3826 sunt.
506 3773 655 3835 Quin
692 3778 749 3827 et
780 3774 1015 3830 Simeon
1042 3778 1544 3847 protovestiarius,
1571 3796 1725 3835 unus
1757 3782 1827 3835 de
1861 3782 1966 3836 mi-

314 3860 521 3914 nistris
546 3862 910 3917 Constantini
945 3864 1336 3932 imperatoris,
1363 3869 1515 3937 quod
1552 3868 1665 3924 ista
1696 3886 1809 3924 non
1844 3887 1970 3941 pro-

314 3946 481 4002 baret
511 3947 907 4021 injuriamque
939 3952 1059 4005 fieri
1101 3953 1412 4009 Dalasseno
1450 3962 1507 4010 et
1540 3957 1781 4030 infringi
1806 3960 1969 4027 jura-

314 4042 583 4092 mentum
629 4036 929 4106 clamaret,
982 4041 1117 4098 aula
1147 4048 1204 4097 et
1251 4045 1393 4099 urbe
1445 4046 1688 4114 ejectus,
1731 4063 1863 4101 cum
1899 4048 1970 4103 ad

315 4123 625 4197 Olympum
689 4128 965 4199 venisset,
1026 4130 1084 4184 in
1135 4133 1495 4190 monasterio
1544 4153 1577 4190 a
1626 4152 1687 4190 se
1738 4137 1971 4191 condito

311 4213 638 4270 monachus
669 4220 760 4272 est
790 4218 1001 4273 factus.

2073 3243 2147 3305 εἷς
2178 3244 2277 3311 τὴν
2327 3239 2488 3296 πόλιν
2541 3236 2769 3307 ε’ίσοδον,
2822 3236 2966 3293 ἀλλά
3015 3233 3103 3290 διὰ
3148 3235 3247 3302 τὴν
3280 3232 3353 3295 εἷς
3384 3232 3476 3287 τὸν
3505 3239 3725 3286 ΔαΛασ-

2074 3331 2234 3401 σηνὸν
2285 3327 2517 3385 εὔνοιαν.
2569 3332 2752 3385 Τοῦτο
2800 3329 2897 3395 τῆς
2945 3323 3420 3399 προαποκειμένης
3460 3320 3725 3383 ὑπονοίας

2072 3420 2208 3475 κατᾶ
2254 3424 2351 3474 τοῦ
2401 3416 2753 3487 Δαλασσηνοῦ
2804 3420 2882 3486 τῷ
2934 3414 3155 3487 Ἰωάννῃ
3200 3411 3443 3483 ζώπυρον
3477 3408 3723 3484 ἐγεγόνει

2073 3510 2161 3565 καὶ
2217 3508 2294 3572 εἷς
2340 3506 2543 3584 πυρσὸν
2603 3507 2890 3577 ἀνήπτετο.
2938 3503 3034 3558 Καὶ
3093 3500 3244 3565 εὐθὺς
3289 3502 3470 3576 ἄγεται
3520 3498 3598 3561 εἷς
3626 3500 3723 3552 τὸν

2080 3596 2328 3675 βασιλέα,
2358 3597 2447 3651 καὶ
2497 3596 2635 3651 κατά
2684 3596 2780 3662 τὴν
2832 3591 3018 3669 τρίτην
3069 3594 3163 3646 τοῦ
3212 3587 3524 3663 Αὐγούστου
3561 3587 3730 3660 μηνὶς

2074 3694 2175 3755 της
2230 3685 2483 3760 δευτέρας
2545 3680 2883 3743 ἷ¹νδικτιῶνος
2936 3680 2986 3735 ἐν
3036 3681 3108 3751 τῇ
3153 3680 3304 3749 νήσῳ
3352 3675 3536 3749 Πλάτῃ
3583 3696 3738 3749 περι-

2080 3776 2340 3851 ορίζεται.
2377 3773 2649 3831 Βάλλεται
2684 3769 2741 3827 δὲ
2770 3770 2858 3825 καὶ
2889 3768 2943 3825 ἓν
2970 3790 3075 3824 τινι
3110 3768 3302 3843 πύργῳ
3333 3766 3361 3820 6
3391 3763 3477 3819 ἐπὶ
3510 3765 3738 3840 θυγατρὶ

2078 3860 2325 3942 γαμϐρὸς
2375 3863 2540 3918 αὐτοῦ
2598 3865 3001 3920 Κωνσταντῖνος
3060 3858 3087 3912 6
3144 3859 3369 3942 Δοῦκας,
3420 3852 3608 3942 ὅτιπερ
3642 3853 3739 3907 ἒπ-

2082 3940 2274 4010 εϐοᾶτο
2336 3953 2435 4021 τὴν
2497 3948 2705 4006 ἀδικίαν
2766 3950 2856 4005 καὶ
2908 3949 3006 4018 τήν
3055 3940 3357 4023 παράϐασιν
3394 3945 3502 3997 τῶν
3552 3941 3734 4015 ὅρκων

2081 4043 2348 4118 ἐξήλεγχε
2399 4042 2489 4096 καὶ
2547 4041 2639 4094 τὸν
2697 4039 2824 4094 Θεὸν
2884 4034 3236 4112 ἐμαρτύρετο.
3289 4034 3526 4095 Ἔπαθον
3575 4029 3632 4086 δὲ
3667 4029 3739 4084 δι’

2082 4133 2239 4189 αὐτὸν
2296 4132 2387 4187 καὶ
2430 4128 2619 4202 ἄνδρες
2668 4134 2813 4203 τρεῖς
2865 4130 2945 4200 [Ρ·
2995 4128 3125 4197 737]
3164 4127 3273 4178 τῶν
3306 4120 3364 4177 ἐκ
3408 4126 3508 4189 τῆς
3540 4125 3741 4192 μικρᾶς

2086 4224 2272 4286 Ἀσίας
2322 4220 2552 4297 εὐγενεῖς
2600 4220 2687 4273 καὶ
2738 4215 3018 4283 πλούσιοι,
3047 4209 3455 4281 ὁ1ὀυδέλης,ὁ
3504 4209 3739 4271 Βαϊανὸς

314 4303 405 4357 καὶ
437 4303 465 4356 6
492 4301 793 4377 λεγόμενος
824 4301 1127 4381 Προϐατᾶς,
1162 4306 1522 4381 δημευθείσης
1567 4319 1663 4381 τῆς
1708 4314 1897 4377 οὐσίας
1949 4314 2123 4369 αὐτῶν
2155 4313 2245 4369 καὶ
2295 4296 2684 4381 Κωνσταντίνῳ
2736 4311 2814 4379 τῷ
2868 4309 2962 4360 τοῦ
3024 4301 3291 4379 βασιλέως
3350 4296 3739 4378 ἀφορισθιίσης

315 4388 557 4467 ἀδελφῷ.
615 4392 744 4447 Τότε
801 4394 890 4449 καὶ
946 4398 1171 4470 Συμεὼν
1233 4396 1750 4477 πρωτοϐεστιάριος,
1813 4404 1840 4457 6
1896 4408 2005 4458 τῶν
2064 4401 2404 4479 θεραπόντων
2462 4403 2558 4453 τοῦ
2609 4396 2877 4473 βασιλέως
2921 4395 2994 4459 εἷς
3041 4390 3467 4459 Κουνσταντίνουν
3518 4388 3603 4479 δτξ
3657 4388 3736 4459 μὴ

316 4481 580 4556 ἠρέσκετο
610 4487 724 4545 τοῖς
758 4481 1081 4558 δρωμένοις,
1114 4487 1258 4544 ἀλλά
1287 4490 1383 4557 τὴν
1420 4491 1495 4553 εἷς
1525 4492 1616 4546 τὸν
1654 4490 2000 4563 Δαλασσηνὸν
2033 4476 2243 4548 ἀδικίαν
2278 4486 2542 4546 ἐπεϐοᾶτο
2574 4487 2662 4542 καὶ
2684 4488 2781 4554 τὴν
2815 4489 2919 4540 τῶν
2953 4483 3127 4560 ὅρκων
3158 4481 3404 4574 ἀθέτησιν
3422 4476 3740 4574 ,τῶνκβασιῗ

323 4567 510 4639 λείων.
538 4568 788 4627 διώκεται
817 4575 906 4628 καὶ
932 4582 1033 4645 τῆς
1060 4574 1297 4647 πόλεως,
1330 4578 1427 4634 κάν
1471 4584 1551 4652 τῷ
1600 4579 1871 4655 Ὀλύμπῳ
1903 4582 2194 4657 γενόμενος
2238 4582 2336 4649 τὴν
2385 4578 2655 4651 κοσμικὴν
2707 4574 2929 4631 ἀπέθετο
2978 4571 3169 4648 τρίχα,
3197 4567 3379 4645 καρεὶς
3418 4564 3470 4621 ἐν
3499 4564 3579 4638 τῷ
3609 4564 3739 4640 παρ’

322 4657 487 4714 αὐτοῦ
517 4660 885 4738 νεουργηθέντι
922 4666 1291 4740 μοναστηρίῳ.

390 4769 607 4825 Eodem
640 4787 793 4827 anno
815 4788 918 4843 per
937 4776 1326 4847 quadraginta
1348 4777 1473 4833 dies
1504 4784 1657 4834 terra
1680 4795 1964 4834 concussa

2148 4779 2242 4847 Τῷ
2303 4772 2350 4830 δ’
2406 4772 2553 4843 αὐτῷ
2604 4765 2708 4826 ἔτει
2766 4768 2856 4825 καὶ
2912 4770 3137 4841 σεισμοῦ
3207 4762 3501 4840 γενομένου
3549 4765 3737 4823 κακῶς

321 4857 493 4913 multi
543 4858 811 4916 homines
861 4861 1279 4937 Hierosolymis
1328 4869 1651 4939 perierunt,
1702 4870 1969 4924 fanorum

323 4962 389 5002 ac
419 4946 630 5003 aedium
663 4949 856 5006 ruinis
889 4954 1175 5024 oppressi.
1210 4960 1378 5011 Anno
1415 4959 1485 5012 ah
1509 4957 1735 5028 origine
1766 4957 1971 5011 mundi

320 5036 485 5106 6543,
530 5037 848 5096 indictione
906 5042 1098 5111 tertia,
1147 5060 1349 5100 mense
1401 5046 1750 5115 Septembri,
1804 5046 1973 5113 ignea

325 5125 597 5181 columna
627 5129 896 5200 apparuit
925 5146 1129 5187 versus
1179 5138 1394 5199 ortum,
1430 5134 1640 5189 vertice
1686 5135 1755 5189 ad
1796 5133 1971 5188 meri.

324 5213 476 5269 diem
525 5215 862 5272 inclinante.
918 5219 1019 5273 Per
1068 5237 1165 5275 eos
1214 5223 1375 5292 ipsos
1426 5224 1547 5278 dies
1594 5228 1650 5276 et
1698 5222 1971 5278 Saraceni

321 5303 486 5376 Myra
532 5311 835 5377 ceperunt,
880 5311 937 5360 et
994 5309 1359 5366 Berrmenses
1406 5311 1715 5387 Chalepilae
1766 5312 1968 5387 praefe-

320 5396 478 5446 ctum
514 5392 660 5464 ipsis
692 5395 761 5449 ab
802 5394 1152 5465 imperatore
1199 5397 1443 5453 missum
1479 5402 1827 5489 expny'runt
1854 5417 1896 5482 ς,
1912 5404 1970 5455 et

321 5482 954 5554 PaneratiusAbasgus
989 5485 1231 5540 Romani
1266 5461 1963 5567 impcratoﬁigfnimirum

322 5569 513 5640 patrui
558 5570 753 5625 uxoris
801 5588 941 5634 suae,
975 5572 1291 5629 ulciscendi
1342 5570 1773 5648 causa,'pacem
1828 5592 1962 5633 cum

322 5657 472 5713 512
507 5658 785 5713 Romanis
819 5659 1029 5714 factam
1056 5662 1315 5731 rescidit,
1339 5680 1615 5736 arcesque
1645 5669 1701 5721 et
1725 5665 1965 5723 castella

2084 4864 2281 4929 ἔπαθον
2328 4864 2395 4919 τὰ
2445 4859 2822 4938 Ἱεροσόλυμα,
2879 4856 3215 4927 τεθνηκότων
3265 4853 3563 4926 ἀνθρὼπων
3596 4847 3736 4938 πολ-

2083 4952 2193 5009 λῶν
2229 4952 2280 5008 ἐν
2321 4957 2439 5014 τοῖς
2467 4955 2575 5007 τῶν
2624 4950 2928 5021 ἐκκλησιῶν
2979 4947 3067 5003 καὶ
3097 4949 3205 5000 τῶν
3246 4941 3435 4998 οῒκιῶν
3469 4937 3733 5012 συμπτώ-

2085 5064 2233 5116 μασι,
2264 5042 2551 5115 σειομένης
2594 5043 2694 5105 τῆς
2740 5041 2843 5115 γῆς
2892 5034 3025 5113 ἄχρι
3052 5034 3446 5105 τεσσαράκοντα
3482 5030 3731 5116 ἡμιρῶν.

2079 5112 2166 5203 Τῷ
2225 5130 2283 5187 δὲ
2342 5112 2701 5205 Σεπτεμϐρίῳ
2755 5112 2897 5201 μηνὶ
2934 5112 3050 5180 τοῦ
3110 5123 3286 5199 δςφμγ¹
3340 5116 3491 5179 ἔτους
3526 5161 3540 5187 ,
3602 5112 3736 5171 ἶνδι-

2077 5225 2307 5284 κτιῶνος
2338 5222 2407 5295 γ’,
2445 5221 2643 5281 στῦλος
2691 5216 2861 5293 πυρὸς
2914 5214 3157 5290 ἐφαίνετο
3202 5210 3337 5266 κατά
3381 5209 3480 5277 τήν
3531 5206 3730 5295 ’Ῑξῷαη

2076 5311 2176 5379 τὴν
2236 5289 2478 5386 κορυφὴν
2529 5289 2859 5379 κεκλιμένην
2910 5289 3116 5381 φαίνων
3173 5300 3308 5376 πρὸς
3362 5289 3732 5386 μεσημϐρίαν.

2078 5400 2209 5454 Καθ’
2258 5383 2319 5461 ἃς
2375 5383 2586 5472 ἡμέρας
2639 5397 2727 5451 καὶ
2789 5396 2839 5449 οἱ
2903 5390 3209 5468 Σαρακηνοὶ
3258 5390 3394 5463 ἦραν
3438 5385 3514 5472 τάν
3550 5383 3730 5458 Μύρα.

2076 5485 2387 5557 Ἐξεδίωξαν
2450 5471 2507 5542 δέ
2565 5487 2654 5541 καὶ
2708 5486 2761 5538 οἱ
2814 5483 3121 5561 Βερῥοιαῖοι
3180 5481 3229 5533 οἱ
3280 5477 3370 5532 καὶ
3423 5471 3735 5531 Χαλεπῖται

2073 5576 2163 5630 τὸν
2216 5577 2361 5651 παρὰ
2405 5581 2500 5631 τοῦ
2552 5573 2821 5651 βασιλέως
2867 5571 3176 5649 πεμφςέντα
3206 5566 3389 5627 αὐτοῖς
3419 5564 3732 5639 ἁρμοστήν.

2076 5666 2171 5720 Καὶ
2224 5665 2560 5741 Παγκράτιος
2621 5662 2679 5719 δὲ
2736 5664 2764 5719 6
2816 5658 3104 5736 ’Δϐασγὸς,
3159 5656 3439 5733 Ῥωμανὸν
3486 5653 3578 5709 ¹τὸν
3626 5654 3733 5730 βα-
