4014 6194
249 330 367 392 245

1396 329 1943 393 IlIS'l‘UlllARUM
1987 327 2537 392 COMPENDlUM.

3547 332 3668 394 246

252 462 409 519 σιλὲα
468 459 628 533 δῆθεν
684 459 913 516 ἐκδικῶν
974 461 1048 524 ὡς
1097 462 1243 516 Θεῒον
1299 464 1397 530 τῆς
1442 463 1693 537 γυναικὸς
1742 461 1906 517 αὐτοῦ

2045 466 2248 522 ›ι·ἱόειῐι
2264 464 2334 521 iis
2348 481 2625 521 concessa
2638 463 3027 538 recuperavit;
3048 469 3103 521 et
3116 463 3434 523 Patzinacaa
3450 466 3667 524 Istrum

248 556 345 624 την
404 574 463 608 τε
518 552 653 626 πρὸς
704 549 1014 624 Ῥωμαίους
1084 552 1306 626 εἰρήνην
1376 552 1643 607 ἀπείπατο
1700 553 1790 607 καὶ
1842 554 1907 608 τὰ

251 644 437 719 πρώην
502 639 727 706 δοθὲντα
807 643 1012 715 καστρα

252 735 305 789 ἀν
317 735 445 803 εκτη
456 752 585 786 σατο
599 774 611 789 .

1219 641 1307 695 καὶ
1396 641 1629 717 φρούρια
1704 639 1911 697 ἅπαντα

694 731 1097 805 Περαιωθὲντες
1168 727 1225 785 δὲ
1291 729 1381 785 καὶ
1438 730 1529 785 τὸν
1594 732 1801 807 Ἵστρον
1859 733 1909 787 οἱ

255 821 583 891 Βατζινακαι
628 826 802 875 πᾶσαν
865 818 1153 888 ἰληΐσαντο
1199 822 1299 889 τὴν
1356 820 1563 874 Μυσίαν
1616 819 1746 896 ἄχρι
1780 829 1911 877 Θεσ-

256 910 576 980 σαλονίκης,
609 910 699 964 καὶ
758 909 830 963 τὰ
878 914 984 963 τῶν
1027 910 1252 986 ’Δφρων
1297 908 1468 965 πλοῖα
1499 910 1591 971 τάς
1634 908 1914 971 Κυκλάδας

257 1000 317 1055 ού
355 1004 570 1074 μικρῶς
628 998 992 1071 ἐλυμήναντο.
1047 1002 1145 1053 Ὧν
1207 996 1435 1071 οὐδεμία
1495 1000 1713 1077 φροντὶς
1736 1000 1801 1068 ἦν
1835 1004 1915 1071 τῷ

256 1090 511 1164 Ἰωάννῃ,
549 1090 713 1161 μόνην
757 1086 803 1142 δ’
850 1086 1091 1160 ἔμμονον
1142 1087 1410 1164 ἀσχολίαν
1439 1090 1579 1164 εἶχεν
1617 1088 1766 1151 ὅπως
1796 1087 1856 1143 ἂν
1888 1090 1915 1143 6

252 1179 605 1248 Δαλασσηνὸς
640 1176 915 1251 ἀσφαλῶς
946 1183 1174 1253 τηροῖτο
1208 1178 1297 1232 καὶ
1332 1179 1408 1251 μὴ
1440 1178 1533 1240 τὰς
1566 1179 1730 1233 αὐτοῦ
1760 1178 1917 1234 λαθοι

256 1266 485 1343 διαδρὰς
544 1267 881 1328 πλεκτάνας.
938 1268 1036 1321 Καὶ
1089 1264 1225 1335 δῆτα
1287 1268 1597 1342 μεταγαγὼν
1656 1268 1765 1322 ἀπα
1818 1276 1918 1337 τῆς

260 1362 433 1428 ντξσου
486 1354 709 1426 Πλατης
764 1356 922 1411 αὐτὸν
990 1356 1179 1431 πύργῳ
1235 1357 1608 1433 καθείργνυσιν
1666 1357 1915 1435 ἀσιραλεῖ,

260 1448 560 1517 ἐπιστήσας
619 1445 766 1516 αύτῷ
815 1444 1088 1519 φρουροὺς
1144 1444 1241 1499 οὐκ
1290 1444 1550 1521 ἀγεννεῖς.
1607 1446 1921 1502 Μεταστέλ-

254 1535 409 1591 λεται
472 1532 523 1588 δ’
585 1533 633 1607 ἐξ
690 1531 945 1603 Ἐὂεσσης
1017 1533 1107 1588 καὶ
1163 1536 1435 1610 Γεώργιον
1495 1535 1775 1609 πατρίκιον
1828 1538 1917 1591 τὸν

257 1626 577 1695 Μανώχην,
612 1625 699 1678 καὶ
761 1624 953 1678 τοὸτον
1014 1624 1107 1697 μὲν
1169 1625 1355 1700 ἄρχειν
1389 1623 1654 1698 ἐκπέμπει
1685 1631 1783 1694 τῆς
1810 1624 1919 1679 ἅνω

253 1713 476 1785 Μηδίας
528 1713 617 1767 καὶ
673 1719 774 1782 τῆς
844 1713 1242 1787 ’Λσπρακανίας
1318 1717 1415 1786 (ί),
1483 1712 1535 1768 ἐν
1594 1711 1816 1789 Ἐδέσσῃ
1864 1712 1921 1769 δὲ

265 1806 479 1877 πέμπει
512 1808 717 1859 Δεοντα
748 1802 835 1856 τὸν
889 1799 1276 1876 Λεπενδρηνόν.
1306 1801 1544 1866 Ἕλκους
1578 1801 1635 1858 δὲ
1666 1801 1921 1877 διανεμο-

263 1893 432 1967 μὲνου
464 1893 532 1948 τὸ
560 1897 661 1947 τοῦ
710 1891 1122 1969 ὀρφανοτρὸφου
1177 1892 1351 1965 στόμα
1408 1892 1495 1947 καὶ
1536 1892 1714 1963 πάσης
1748 1893 1919 1967 ἰατρι-

261 1990 367 2052 κῆς
392 1983 601 2057 τέχνης
647 1980 1029 2051 ἀπειρηκυίας,
1082 1980 1212 2057 ὅναρ
1268 1980 1417 2054 αύτῷ
1456 1981 1676 2045 ἐπιστὰς
1700 1984 1728 2037 ὁ
1755 1983 1923 2058 μέγας

266 2071 318 2127 ἂν
355 2071 596 2144 θαύμασι
636 2070 912 2131 Νικόλαος
983 2068 1127 2139 ἥκειν
1188 2069 1241 2125 ἐν
1289 2071 1495 2145 Μύροις
1527 2073 1622 2140 τη.
1652 2074 1920 2148 ταχίστην

2020 556 2372 627 transgressi
2388 555 2719 611 universam
2738 554 2981 627 Mysiam
2998 572 3102 626 usq
3113 556 3664 614 ue'l‘hessalonicam

2022 645 2283 718 populati
2313 651 2491 712 sunt;
2524 650 2581 699 et
2610 646 2881 700 Afrorum
2924 662 3100 700 naves
3130 644 3485 717 Cycladibus
3513 647 3668 702 insu-

2021 735 2095 791 lis
2119 753 2231 791 non
2250 734 2397 790 levia
2418 734 2989 790 damnaintulerunt.
3008 734 3385 790 Nihilhorum
3404 738 3668 791 omnium

2022 842 2173 880 curre
2204 825 2415 880 Joanni
2463 824 2592 891 fuit,
2627 825 2685 878 in
2716 825 2773 879 id
2821 842 3003 879 unum
3035 823 3257 880 intento
3306 830 3370 879 ut
3400 824 3673 879 Dalasse-

2025 932 2167 969 num
2200 911 2469 969 accurate
2516 915 2857 980 custodiret,
2896 930 2965 968 ne
2999 915 3047 969 is
3086 931 3148 970 se
3186 913 3375 985 ipsius
3404 915 3674 970 cassibus

2025 1005 2324 1076 explicans
2378 1005 2751 1058 subduceret.
2805 1006 3006 1074 Itaque
3056 1020 3189 1057 eum
3239 1003 3313 1058 ab
3359 1002 3559 1058 insula
3612 1003 3670 1057 in

2026 1094 2236 1148 turrim
2269 1095 2567 1162 transfert,
2600 1094 3064 1163 custodibusque
3087 1092 3343 1147 strenuis
3373 1108 3674 1147 asservan-

2028 1183 2167 1237 dum
2204 1184 2464 1237 mandat.
2512 1184 2823 1253 Georgium
2876 1199 3107 1253 quoque
3137 1183 3437 1236 Maniacen
3470 1185 3672 1237 avocat

2027 1274 2267 1337 Edessa,
2300 1278 2357 1326 et
2387 1272 2623 1343 praeficit
2655 1272 2855 1326 Mediae
2878 1270 3185 1342 superiori,
3220 1286 3347 1341 qua:
3379 1276 3436 1325 et
3464 1272 3672 1341 Aspra-

2028 1363 2200 1417 cauia
2231 1362 2465 1428 dicitur,
2501 1360 2683 1416 misso
2730 1361 3006 1415 Edessam
3042 1361 3230 1415 Leone
3278 1360 3671 1429 Lependreno.

2029 1452 2175 1508 Cum
2208 1456 2400 1505 autem
2449 1450 2614 1505 ulcus
2661 1448 3120 1520 orphanotrOphi
3172 1466 3237 1503 os
3268 1450 3680 1519 depasceretur

2029 1546 2086 1594 et
2120 1539 2328 1593 medici
2355 1540 2425 1594 de
2457 1556 2562 1609 ope
2594 1539 2831 1593 ferenda
2864 1539 3298 1608 desperassent,
3335 1537 3677 1608 perinsom-

2032 1630 2197 1683 nium
2258 1630 2311 1683 ei
2388 1629 2551 1683 visus
2624 1643 2875 1698 magnus
2950 1627 3371 1681 miraculorum
3444 1626 3682 1680 effector

2030 1718 2305 1773 Nicolaus
2351 1718 2580 1773 monuit
2628 1724 2691 1771 ut
2738 1716 3176 1788 quamprimum
3229 1715 3389 1786 Myra
3435 1713 3567 1779 iret,
3599 1713 3681 1768 ibi

2030 1808 2341 1863 sanitatem
2360 1811 2716 1878 recepturus.
2743 1805 3054 1861 Celerrime
3077 1805 3256 1875 igitur
3275 1820 3340 1859 eo
3362 1803 3679 1875 profectus,

2030 1896 2247 1953 Nicolai
2282 1896 2519 1952 clericos
2563 1895 2880 1964 unguentis
2911 1893 3157 1966 aliisque
3190 1893 3556 1965 sumptuosis
3588 1909 3678 1946 rc-

2033 1989 2145 2043 bus
2178 1986 2520 2051 demeritas,
2552 1984 2897 2055 metropolin
2932 1984 3092 2055 Myra
3125 2000 3291 2038 muro
3312 1982 3677 2037 validissimo

2034 2076 2235 2145 cinxit,
2269 2075 2591 2146 morboque
2622 2072 2849 2129 solutus
2882 2072 3072 2128 rediit.

263 2156 512 2216 ἕκὲλευεν
574 2160 650 2224 ὡς
711 2159 882 2215 ἐκεῖσε
930 2160 1248 2234 τευξόμενον
1305 2161 1611 2235 θεραπείας.
1670 2163 1725 2215 ⁸0
1786 2160 1841 2217 δὲ
1914 2169 2101 2226 θᾶττον
2164 2162 2198 2233 ἤ
2259 2162 2423 2238 λόγος
2481 2161 2651 2216 ἐκεῖσε
2690 2161 2974 2235 φοιτήσας,
3033 2160 3123 2215 καὶ
3186 2159 3378 2233 μύροις
3432 2158 3522 2213 καὶ
3581 2158 3678 2213 ἄλ-

262 2251 389 2313 λαις
421 2247 809 2311 πολυτελείαις
850 2250 942 2304 τὸν
1000 2254 1096 2304 τοῦ
1152 2248 1393 2325 μεγάλου
1456 2252 1600 2305 θεῖον
1647 2248 2037 2325 δεξιωσάμενος
2095 2252 2244 2323 ναὸν,
2302 2252 2392 2307 καὶ
2445 2252 2615 2325 τείχει
2674 2247 3017 2325 περικλείσας
3075 2249 3413 2324 ὀχυρωτάτῳ
3441 2250 3540 2317 τὴν
3572 2249 3683 2302 τῶν

264 2341 506 2415 Μυρέων
544 2337 917 2415 μητρόπολιν,
950 2339 1233 2413 θεραπείας
1258 2340 1439 2414 τυχὼν
1470 2339 1731 2395 ἐπάνεισιν
1754 2342 1929 2415 ὓγιης.

331 2432 557 2499 Nar/,1:
609 2425 666 2483 δὲ
714 2432 812 2483 τοῦ
870 2434 1296 2503 στρατηγοῦντος
1352 2430 1403 2485 ἐν
1464 2430 1770 2505 Ἀντιοχείᾳ
1824 2436 1923 2494 τῆς

268 2518 477 2593 Συρίας
510 2518 977 2592 καταστρέψαντος
1026 2520 1124 2588 τὴν
1177 2521 1361 2587 Σωην.
1413 2520 1597 2592 ἅτερος
1636 2525 1741 2574 τῶν
1775 2518 1928 2575 ἀδελ-

267 2612 383 2685 φῶν
430 2609 461 2661 6
525 2612 925 2669 Κωνσταντῖνος
1000 2608 1310 2671 καθίσταται
1384 2608 1580 2664 τούτου
1640 2606 1924 2683 διάδοχος,

267 2697 357 2751 καὶ
388 2697 673 2771 Γεώργιος
706 2697 733 2751 ὁ
790 2694 985 2758 λοιπὸς
1040 2692 1533 2772 πρωτοϐεστιαριος
1569 2698 1797 2773 γίνεται.
1830 2702 1927 2752 τοῦ

271 2787 535 2859 Συμεὼν,
607 2786 681 2848 ὡς
749 2782 998 2857 εἴπομεν,
1050 2786 1113 2841 τὸ
1192 2785 1480 2859 μοναδικὸν
1568 2785 1928 2861 ἐνδυσαμένου

271 2884 503 2951 σχῆμα.
563 2872 882 2947 Ἐλευθεροῖ
926 2872 983 2930 δὲ
1028 2875 1117 2930 καὶ
1162 2876 1289 2939 τοὺς
1336 2876 1755 2951 καθειργμένους
1804 2879 1930 2934 Ἀν-

268 2970 492 3040 τιοχεῖς
523 2970 627 3032 τῆς
682 2963 910 3038 χρονίας
953 2965 1270 3041 καθείρξεως
1328 2967 1355 3020 ὁ
1382 2967 1466 3037 [Ρ.
1498 2967 1624 3041 738]
1652 2965 1927 3041 βασιλεὺς,

275 3054 568 3129 ἀναγαγὼν
625 3054 711 3107 καὶ
754 3054 891 3126 πρὸς
937 3054 998 3108 τὸ
1046 3058 1141 3108 τοῦ
1172 3053 1441 3129 Καίσαρος
1468 3055 1761 3131 περίοπτον
1795 3055 1931 3129 ὕψος

276 3141 518 3219 Πιχαῆλ
551 3143 643 3196 τὸν
676 3145 774 3211 τῆς
826 3142 1016 3198 ἑαυτοῦ
1060 3141 1303 3221 ἀδελφῆς
1361 3144 1565 3219 Μαρίας
1599 3144 1736 3202 υἱόν.
1767 3149 1933 3201 Ἀπο-

271 3232 616 3304 κ).αιὸμενος
666 3229 724 3287 δὲ
778 3232 870 3286 καὶ
929 3234 1027 3301 τὴν
1084 3232 1161 3295 εἶς
1210 3234 1303 3287 τὸν
1366 3232 1591 3308 βασιλέα
1647 3235 1933 3305 Ῥωμανὸν

276 3322 411 3397 ἆγρι
446 3320 646 3381 τέλους
706 3317 1000 3375 διετέλεσεν
1062 3319 1365 3398 ἁμαρτάδα,
1413 3323 1503 3377 τὸν
1546 3324 1671 3378 Θεὸν
1709 3321 1930 3379 ἱλασκὸ-

280 3431 449 3484 μενος
514 3406 609 3463 διὰ
659 3409 1031 3485 ἀγαθοεργιῶν
1082 3411 1171 3465 καὶ
1226 3416 1332 3465 τῶν
1393 3410 1469 3473 είς
1518 3411 1645 3474 τοὺς
1703 3413 1936 3481 πένητας

279 3496 654 3571 μεταδόσεων,
715 3500 1049 3574 μοναστηριά
1125 3520 1183 3555 τε
1253 3500 1311 3554 ἐκ
1384 3508 1575 3570 καινῆς
1650 3500 1939 3577 ἀνεγείρων

275 3589 368 3642 καὶ
406 3586 696 3661 μοναχους
754 3585 1156 3661 ὲγκατοικίζων,
1208 3589 1295 3643 καὶ
1336 3587 1509 3652 ἄλλας
1568 3592 1786 3666 πράξεις
1821 3590 1938 3646 ἐπι-

273 3677 457 3732 τελῶν
520 3676 586 3731 οὖ
649 3676 919 3748 μεμπτας.
982 3676 1153 3733 nam
1216 3675 1261 3732 δ’
1310 3676 1507 3747 ἃνῆσαν
1567 3679 1842 3753 ἀνύσιμοι,
1892 3680 1940 3735 εἲ

277 3770 382 3837 τήν
421 3788 484 3820 τε
542 3764 823 3841 βασιλείαν
874 3766 1135 3842 ἀπέρριψε
1189 3765 1259 3822 δι’
1312 3766 1378 3838 ἦν
1436 3770 1501 3823 τὰ
1541 3774 1773 3825 τοσαῦτα
1802 3770 1941 3824 κακὰ

277 3857 370 3910 καὶ
432 3856 537 3923 τήν
606 3852 913 3930 μοιχαλίδα
970 3855 1250 3927 ἀπώσατο,
1295 3856 1383 3912 καὶ
1442 3858 1560 3913 καθ’
1616 3859 1799 3914 ἑαυτὸν
1848 3860 1943 3914 ἀπ-

281 3943 539 4000 εκλαίετο
571 3945 672 4011 την
725 3944 1012 4020 ἁμαρτίαν.
1045 3946 1270 4003 Τούτων
1315 3944 1371 4002 δὶ
1415 3944 1583 4021 μηδὲν
1616 3950 1939 4023 πεπραχὼς,

282 4031 417 4089 ἀλλ’
451 4032 632 4104 ἐκείνᾳ
689 4054 747 4087 τε
800 4033 971 4089 συνὼν
1018 4036 1105 4089 καὶ
1161 4043 1261 4105 τῆς
1304 4035 1582 4113 βασιλείας
1624 4035 1939 4113 ὁλοσχερῶς

282 4121 664 4197 ἀντεχόμενος
697 4122 800 4176 κάκ
852 4128 959 4177 τῶν
1015 4121 1294 4197 δημοσίων
1348 4126 1437 4180 καὶ
1493 4131 1689 4180 κοινῶν
1728 4128 1822 4189 τας
1850 4125 1939 4181 δο-

2108 2433 2337 2488 Mortuo
2378 2434 2578 2488 Niceta
2607 2433 2926 2489 Antiochiae
2957 2432 3015 2487 in
3048 2430 3210 2503 Syria
3240 2430 3533 2501 praefecto,
3567 2428 3683 2482 fra-

2037 2526 2125 2576 ter
2182 2523 2604 2578 Constantinus
2652 2524 2965 2588 sufficitur,
3016 2527 3073 2577 et
3129 2521 3372 2575 fratrum
3422 2514 3703 2589 reliquus'

2037 2610 2320 2683 Georgius
2355 2613 2419 2665 ﬁt
2450 2612 2952 2682 protovestiarius,
2985 2610 3275 2677 Simeone,
3308 2612 3373 2662 ut
3404 2605 3681 2673 diximus,

2040 2701 2425 2755 monasticam
2445 2701 2624 2755 vitam
2655 2701 2938 2770 ingresso.
2963 2698 3271 2755 Diuturnis
3291 2697 3466 2753 etiam
3490 2712 3682 2751 carce-

2039 2792 2082 2845 ri
2095 2792 2202 2844 bus
2216 2789 2531 2861 imperator
2543 2792 2585 2846 5
2600 2794 2634 2844 1
2649 2792 2695 2845 3
2709 2790 3099 2845 Antiochenos
3110 2787 3344 2843 emittit.
3361 2784 3682 2841 EtMichae-

2038 2879 2158 2934 lum
2184 2880 2371 2934 Mariis
2391 2879 2607 2935 sororis
2628 2896 2744 2934 suae
2765 2879 2950 2933 filium
2969 2880 3038 2934 ad
3062 2876 3305 2932 Caesaris
3332 2875 3561 2932 culmen
3584 2892 3682 2929 ex-

2039 2968 2210 3024 tollit.
2242 2968 2327 3023 Ad
2352 2969 2523 3023 linem
2555 2984 2741 3039 usque
2774 2968 2897 3022 vita:
2928 2967 3158 3022 deflevit
3181 2966 3554 3036 peccatumin
3578 2963 3684 3017 Ro-

2042 3074 2215 3113 mano
2248 3063 2449 3113 necato
2480 3074 2678 3123 suum,
2711 3058 2882 3112 bonis
2932 3056 3205 3127 operibus
3252 3061 3309 3111 et
3338 3052 3686 3109 liberalitate

2041 3145 2101 3201 in
2152 3163 2459 3217 pauperes,
2502 3151 2679 3200 Deum
2732 3145 2990 3216 placans,
3038 3150 3094 3199 et
3139 3142 3497 3199 monasteria
3543 3158 3690 3197 nova

2046 3236 2347 3290 condendo
2378 3241 2434 3289 et
2466 3234 2786 3289 monachos
2836 3235 2893 3287 in
2942 3250 3009 3288 ea
3057 3232 3413 3303 imponendo
3445 3229 3694 3300 aliisque

2046 3324 2213 3380 factis
2262 3324 2678 3379 laudabilibus.
2708 3325 2774 3378 Et
2802 3322 3161 3394 profuissent
3188 3337 3255 3376 ea
3303 3320 3525 3391 utique,
3560 3318 3610 3373 si
3641 3324 3698 3372 et

2050 3415 2365 3485 imperium
2416 3415 2804 3484 deposuisset,
2856 3412 2928 3468 ob
2959 3428 3085 3482 quas
3134 3410 3194 3465 in
3241 3411 3356 3465 ista
3386 3407 3696 3479 prolapsus

2050 3509 2172 3559 erat
2206 3509 2459 3575 peccata,
2494 3507 2550 3557 et
2590 3502 2913 3556 adulteram
2966 3500 3354 3570 repudiasset,
3386 3514 3453 3553 ao
3504 3496 3696 3561 priva-

2050 3600 2147 3649 tus
2173 3612 2347 3648 suum
2380 3592 2571 3647 scelus
2593 3592 2973 3663 deplorasset.
2998 3590 3163 3643 Nunc
3188 3588 3284 3643 ille
3316 3586 3460 3642 nihil
3484 3586 3693 3641 horum

2051 3700 2253 3754 agens,
2286 3684 2386 3737 sed
2438 3691 2493 3737 et
2540 3683 2680 3737 Zoes
2730 3688 2900 3737 utens
2947 3677 3391 3739 consuetudine,
3423 3682 3480 3730 et
3508 3675 3695 3745 impe-

2051 3773 2202 3827 rium
2236 3772 2531 3827 mordicus
2581 3772 2861 3835 retinens,
2906 3786 2970 3824 ac
3002 3768 3071 3822 de
3102 3767 3355 3839 publicis
3387 3764 3556 3819 bonis
3584 3764 3698 3818 ista

2052 3878 2178 3932 qua:
2228 3862 2575 3916 videbantur
2623 3860 2905 3915 beneficia
2950 3857 3229 3929 largiens,
3259 3856 3487 3925 hocque
3526 3853 3699 3909 modo

2052 3956 2249 4006 tamen
2282 3966 2343 4005 se
2391 3950 2619 4004 veniam
2664 3953 3116 4003 consecuturum
3148 3960 3415 4015 sperans,
3447 3944 3698 3998 stultum

2053 4046 2109 4094 et
2135 4040 2423 4110 injustum
2454 4055 2582 4093 esse
2628 4038 2853 4108 putavit
2892 4042 3100 4100 Deum,
3135 4038 3199 4089 ut
3230 4034 3330 4105 qui
3382 4032 3571 4089 aliena
3602 4046 3699 4103 pe-

2052 4130 2225 4183 cunia
2260 4128 2654 4199 paenitentiam
2691 4126 2899 4180 redimi
2930 4127 3164 4180 sineret.

283 4211 492 4273 κούσας
517 4209 769 4268 εύποιίας
800 4210 1166 4287 ἀποπληρῶν,
1203 4214 1301 4278 εἴθ’
1370 4210 1773 4287 ὑπολαμϐάνων
1831 4220 2018 4290 τυχεῖν
2068 4218 2497 4290 συγχωργςσεως,
2556 4213 2783 4282 ἀνόητον
2843 4209 3115 4285 ἐλογίζετο
3157 4211 3219 4264 τὸ
3278 4214 3430 4264 Θεῖον
3462 4208 3551 4262 καί
3586 4204 3701 4262 ἅδι-

284 4319 410 4365 κον,
434 4297 763 4373 ἀλλοτρίοις
796 4302 1075 4376 χρήμασιν
1106 4300 1413 4375 ὠνούμενον
1435 4309 1536 4373 τὴν
1568 4303 1870 4376 μετάνοιαν.

362 4390 462 4459 Τῷ
519 4384 580 4441 δὲ
629 4390 812 4466 ,ςφμιί
879 4387 1007 4461 ἔτει,
1070 4389 1404 4453 ἰνδικτιῶνος
1456 4394 1522 4466 γ’,
1578 4392 1737 4465 Μαΐῳ
1789 4392 1919 4465 μηνὶ

2125 4396 2203 4451 Eo
2253 4411 2426 4465 quem
2479 4393 2734 4448 diximus
2790 4408 2965 4456 anno,
3017 4405 3217 4445 mense
3266 4388 3435 4452 Maio,
3484 4386 3605 4441 Afri
3647 4389 3705 4440 et

288 4482 499 4549 Ἀαροι
560 4476 651 4531 καὶ
714 4476 941 4532 Σικελοὶ
1008 4478 1444 4557 καταδραμόντες
1511 4482 1607 4544 τὰς
1664 4479 1943 4545 Κυκλάδας

290 4566 384 4621 καὶ
416 4566 484 4619 τὲ
509 4570 610 4621 τοῦ
636 4569 946 4638 Θρᾳκησίου
999 4568 1240 4641 παράλια
1284 4568 1598 4625 τελευταῖον
1649 4569 1945 4626 κατεπολε-

295 4657 558 4729 μήθησαν
620 4656 725 4711 ὑπὸ
771 4662 878 4712 τῶν
927 4658 1097 4713 ἐκεῖσε
1153 4658 1561 4736 φυλαττόντων,
1614 4662 1700 4715 καὶ
1764 4681 1950 4715 πεντα-

289 4745 479 4798 κόσιοι
517 4746 612 4817 μὲν
657 4750 850 4814 ζῶντες
894 4747 967 4809 ὡς
1018 4746 1246 4821 βασιλέα
1285 4748 1553 4824 ἤχθησαν,
1588 4748 1637 4804 οὶ
1672 4747 1729 4804 δὲ
1760 4748 1950 4803 λοιποὶ

292 4834 493 4895 πάντες
552 4834 1087 4906 ἀνεσκολοπίσθησαν
1142 4834 1195 4891 ἐν
1241 4842 1310 4911 τῇ
1351 4837 1593 4913 παραλίᾳ
1624 4839 1728 4893 ἀπὸ
1760 4840 1953 4913 ’Δτρα-

1576 4925 1616 4943 κα

296 4923 503 4995 μυτίου
549 4923 642 4977 καὶ
700 4924 866 5001 μέχρι
925 4922 1251 5001 Στροῧίλου.
1303 4929 1514 5000 Πέμπει
1573 4925 1629 4982 δὲ
1673 4927 1763 4983 καὶ
1824 4948 1953 5001 πρε·

296 5008 535 5083 σϐευτὴν
561 5012 616 5079 ἐς
644 5014 902 5071 Σικελίαν
935 5018 1190 5088 Ἰωάννης
1226 5019 1495 5094 Γεώργιον
1527 5019 1617 5073 τὸν
1647 5014 1952 5094 Προϐατᾶν,

294 5103 425 5176 περὶ
457 5102 689 5178 εἰρήνης
744 5102 1123 5180 διαλεξόμενον
1186 5112 1265 5181 τῷ
1319 5108 1520 5179 ταύτης
1573 5109 1906 5185 ἀμηρεύοντι
1941 5126 1953 5140 ·

2054 4484 2228 4541 Siculi
2280 4484 2556 4557 Cyclades
2621 4497 2903 4552 oramque
2951 4479 3211 4534 Thraciae
3261 4475 3703 4532 incursionibus

2057 4580 2352 4642 vexantes,
2414 4574 2485 4627 ab
2543 4588 2745 4626 eorum
2812 4569 3072 4625 locorum
3136 4566 3423 4638 praefectis
3494 4562 3703 4619 devicti

2058 4666 2217 4725 sunt,
2251 4668 2308 4714 et
2343 4661 2449 4713 500
2498 4658 2608 4711 vivi
2662 4658 2733 4711 ad
2768 4657 3179 4728 imperatorem
3237 4650 3519 4724 perducti,
3573 4649 3705 4705 reli-

2061 4749 2192 4821 quis
2226 4750 2295 4804 ad
2330 4751 2494 4819 palos
2525 4746 2752 4802 sufﬁxis
2784 4748 2855 4799 ab
2880 4743 3201 4815 Atramytio
3232 4756 3419 4812 usque
3452 4741 3523 4794 ad
3555 4743 3707 4794 Stro-

2062 4839 2280 4894 belum.
2334 4838 2493 4891 Misit
2523 4837 2699 4891 etiam
2747 4836 3001 4889 Joannes
3050 4832 3309 4903 legatum
3360 4828 3706 4900 Gregorium

2064 4929 2375 4985 Probatam
2409 4929 2466 4981 in
2496 4926 2754 4981 Siciliam
2807 4925 2878 4979 ad
2930 4925 3055 4994 ejus
3086 4920 3293 4976 insulas
3325 4934 3607 4982 emeram,
3641 4917 3713 4971 de

2066 5035 2205 5090 pace
2262 5020 2673 5072 tractaturum.
2733 5014 2840 5078 Qui
2899 5014 3099 5067 dextro
3167 5009 3429 5065 confecto
3482 5005 3713 5077 negotio

2066 5124 2277 5164 emeras
2321 5105 2509 5160 ﬁlium
2542 5105 2612 5160 ad
2648 5104 3061 5175 imperatorem
3106 5102 3267 5158 514
3312 5096 3573 5154 adduxit.
3608 5095 3717 5151 Eo-

1496 5262 1866 5320 XYLANDRI
1904 5262 1991 5317 ET
2028 5261 2247 5316 GOARI
2284 5259 2516 5315 NOT/E.

374 5384 450 5452 (3i
485 5386 782 5461 Interpres
820 5405 1030 5461 parces;
1079 5387 1274 5461 aptius
1320 5390 1485 5461 urbe:
1516 5407 1536 5443 :
1574 5388 1752 5444 urbes
1801 5388 1959 5443 enim

298 5456 1019 5533 auctorjrequentissimo
1054 5456 1221 5517 vo'cat
1267 5458 1488 5533 κάστρα.
1543 5461 1637 5516 Sic
1672 5466 1961 5515 Beneven-

298 5532 459 5604 tum,
490 5528 774 5604 Capuam,
809 5532 1044 5587 Barium
1076 5532 1136 5587 in
1167 5528 1587 5604 superioribus.
1624 5534 1803 5588 Goaa.

380 5600 461 5676 (Ai)
492 5600 586 5676 Sic
633 5619 816 5676 supra
865 5604 1199 5676 aliquoties.
1243 5600 1404 5660 Nam
1462 5604 1555 5660 hic
1614 5606 1964 5676 Βαασπρακαο

302 5669 399 5722 vi:
431 5670 667 5745 legitur,
698 5669 1149 5749 Baaspracania,
1196 5677 1475 5734 mendose
1507 5676 1785 5733 nimirum
1807 5669 1960 5733 'alte-

2070 5405 2225 5442 rum.
2259 5391 2421 5442 Certe
2450 5386 2507 5440 in
2552 5385 2935 5441 Monomacho
2983 5386 3041 5437 et
3087 5380 3239 5451 apud
3273 5380 3542 5451 nostrum
3575 5374 3718 5428 Bas-

2074 5476 2330 5525 pracam,
2365 5465 2419 5512 et
2447 5460 2600 5529 apud
2624 5459 2982 5529 Zonaramqa
3013 5450 3324 5529 gemipaEO,
3354 5450 3713 5529 Beaspracan

2072 5522 2263 5585 Media
2295 5522 2656 5595 nominatur;
2682 5535 2737 5582 et
2759 5529 2841 5583 sic
2872 5526 3047 5581 etiam
3078 5525 3133 5577 in
3156 5522 3414 5595 Cedreno
3437 5522 3712 5595 deinceps

2070 5603 2307 5673 legitur,
2335 5621 2399 5658 ac
2420 5589 2868 5673 Baaspracania.
2886 5592 3330 5669 Orphanotropb
3343 5607 3411 5673 ορ
3429 5593 3516 5673 est
3534 5589 3710 5673 lopa-

2071 5657 2174 5731 nejs
2201 5657 2585 5746 imperatoris
2603 5674 2802 5739 frater,
2825 5671 2908 5725 sio
2929 5657 2985 5724 et
3005 5684 3182 5739 supra
3201 5657 3548 5735 appellatus.
3571 5657 3710 5713 Χγι..
