4014 6194
375 392 492 451 247

1712 380 2031 441 causam
2065 380 2419 474 causam

3681 384 3813 443 248

373 527 507 583 dem
540 528 801 595 tempore
849 519 1045 577 hiatus
1094 518 1154 575 in
1211 512 1553 573 Bucellariis
1604 515 1773 567 terrae
1812 514 2034 567 motum

2155 511 2207 574 ὃς
2238 510 2495 577 ἀπελθὼν
2528 512 2620 567 καὶ
2672 510 2859 584 δεξιῶς
2918 508 3251 589 διαλεχθεὶς,
3285 511 3531 589 εἰληφὼς
3578 512 3670 567 τὸν
3710 517 3815 567 τοῦ

377 618 729 673 subsecutus
758 616 868 679 est,
901 616 958 666 et
988 610 1250 681 quinque
1280 607 1503 674 integra
1533 601 1827 671 absorpsit
1858 601 2027 673 oppi-

377 704 538 770 dula,
573 717 897 775 parumque
925 699 1116 755 abfuit
1147 696 1286 768 quin
1319 711 1384 749 eo
1418 692 1593 747 etiam
1628 689 2028 760 periretNice—

377 793 600 865 phorus
631 806 865 861 presses,
898 786 1203 844 eunuchus
1232 778 1599 839 Constantini
1632 779 2026 851 imperatoris,

372 881 457 937 ibi
491 886 617 937 tum
659 880 894 950 degens.
948 878 1000 932 Is
1048 878 1259 946 praeter
1303 885 1467 941 spem
1499 868 1709 953 evitato
1765 868 2026 938 periculo

378 968 704 1025 monachus
735 968 925 1022 factus
953 969 1041 1020 est
1074 965 1133 1018 in
1166 961 1450 1017 Studiano
1480 956 1862 1011 monasterio.

432 1246 764 1320 Apolaphar
784 1247 1201 1303 Muchumetue
1216 1239 1422 1296 Siciliae
1446 1236 1778 1308 praefectus,
1807 1236 2025 1294 foedere

365 1350 498 1392 cum
534 1334 883 1404 imperatore
910 1333 1047 1401 icto,
1082 1326 1421 1400 magisterio
1460 1325 1797 1378 honoratur.
1842 1324 2022 1379 Cum-

365 1440 479 1496 que
506 1439 637 1478 cum
672 1422 850 1479 froter
878 1420 1267 1494 Apochapsus
1298 1414 1449 1471 bello
1481 1417 1788 1484 premeret,
1814 1414 1884 1468 ad
1912 1415 2025 1469 im-

367 1512 652 1586 peratoris
695 1512 979 1568 auxilium
1029 1505 1315 1577 confugit.
1364 1502 1609 1557 Mittitur
1660 1518 1797 1573 ergo
1842 1503 2023 1559 Geor-

366 1601 501 1674 gius
532 1600 823 1656 Maniacss
844 1599 1131 1673 patricius
1165 1610 1297 1651 cum
1326 1591 1581 1649 exercitu
1615 1592 1933 1663 imperator
1962 1592 2022 1648 in

368 1689 846 1762 Longibardiam,
895 1694 1073 1760 atque
1122 1701 1239 1740 una
1287 1682 1497 1739 classis
1544 1681 1851 1751 praefectus
1897 1686 2021 1738 Ste-

365 1779 599 1853 phanus
658 1778 966 1849 patricius,
1027 1774 1281 1831 maritus
1348 1769 1568 1828 sororis
1624 1769 2018 1841 imperatoris.

2146 602 2337 675 ἀμηρᾶ
2368 601 2485 656 υἱὺν
2518 600 2716 678 ἤγαγεν
2750 601 2827 664 εἷς
2866 603 2960 658 τὸν
3017 601 3263 678 βασιλέα.
3298 602 3442 657 Κατά
3490 606 3681 657 τοῦτον
3713 603 3814 657 τὸν

2142 690 2343 765 χρόνον
2399 692 2665 766 χάσματα
2702 691 2919 767 γέγονεν
2979 691 3031 746 ἰν
3090 689 3521 767 Βουκελλαρΐοις
3573 697 3810 765 σεισμοῦ

2137 784 2459 854 γεγονότος,
2507 782 2600 834 καὶ
2653 782 3027 852 κατεπόθησαν
3074 779 3362 857 ὁλόκληρα
3410 780 3594 856 χωρία
3617 781 3805 837 πέντε.

2135 871 2299 932 Ἔνθα
2333 864 2536 941 συνέϐη
2568 869 2659 925 καὶ
2710 871 3025 948 Νικηφόρον
3073 867 3341 946 πρόεδρον
3388 870 3479 925 τὸν
3508 872 3809 927 Κωνστεν-

2134 957 2287 1012 τίνου
2318 962 2417 1012 τοῦ
2454 958 2724 1033 βασιλέως
2775 959 3035 1035 εὐνοῦχον
3069 954 3417 1034 διατρίϐοντα
3461 964 3659 1035 μικροῦ
3694 958 3809 1015 δεῖν

2135 1044 2499 1119 κινδυνεῦσαι,
2532 1046 2862 1127 διαφυγόντα
2912 1046 2970 1103 δὲ
3015 1051 3143 1124 παρ’
3193 1047 3393 1105 ἐλπίδα
3417 1071 3509 1105 τνν
3542 1047 3798 1105 κίνδυνον

2133 1134 2482 1209 ἀποκαρῆναι
2518 1137 2763 1213 μοναχὸν
2798 1137 2851 1193 έν
2883 1138 2954 1213 τῇ
2987 1142 3139 1211 μονῷ
3158 1143 3268 1193 τῶν
3304 1136 3589 1195 Στουδίου.

2207 1232 2538 1311 ’Δπολάφαρ
2572 1232 2629 1290 δὲ
2660 1235 2995 1311 διουχούμετ
3044 1238 3071 1292 ὁ
3098 1234 3352 1299 Σικελίας
3384 1234 3592 1313 ἅρχων,
3622 1238 3798 1310 ἀμαι-

2133 1321 2305 1397 χμίαν
2370 1325 2509 1394 μετὰ
2562 1329 2658 1378 τοῦ
2721 1325 2995 1399 βασιλέως
3050 1328 3300 1400 θέμενος,
3350 1325 3583 1400 ἐτιμήθη
3639 1328 3804 1400 μάγιο

2134 1432 2316 1487 στρος.
2358 1417 2465 1466 Τοῦ
2509 1410 2565 1468 δὶ
2612 1410 2853 1492 ἀδελφοῦ
2923 1414 3087 1470 αὐτοῦ
3144 1416 3405 1491 ’Λπόχαψ
3464 1414 3800 1487 ἀντάραντος

2133 1499 2279 1573 αὐτῷ
2355 1503 2789 1578 κατισχυόμενος
2866 1504 2943 1566 εἷς
3010 1505 3111 1575 τὴν
3191 1502 3458 1580 βσσιλέως
3534 1504 3798 1579 βοήθειαν

2132 1591 2477 1668 καταφεύγει.
2532 1591 2629 1646 Καὶ
2690 1589 2757 1661 δὴ
2830 1592 3117 1649 στέλλεται
3204 1594 3340 1667 μετὰ
3398 1591 3679 1666 δυνάμεως
3742 1592 3796 1647 ἐν

2132 1674 2511 1755 Λογγιϐαρδίᾳ
2537 1681 2811 1757 Γεώργιος
2858 1684 3147 1757 πατρίκιος
3200 1683 3228 1737 6
3280 1684 3561 1751 Μανιάκης
3591 1703 3798 1757 στρατ-

2134 1769 2266 1841 ηγὸς
2298 1768 2670 1845 αὐτοκράτωρ,
2725 1769 2817 1824 σὺν
2874 1769 3025 1843 αὐσῷ
3076 1768 3134 1826 δὲ
3180 1770 3269 1826 καὶ
3317 1768 3506 1847 ἅρχων
3546 1775 3641 1827 τοῦ
3663 1771 3796 1826 στό-

364 1868 513 1924 Cum
544 1874 741 1922 autem
774 1865 1051 1922 Saraceni
1088 1861 1202 1918 Afri
1232 1866 1290 1917 et
1319 1858 1498 1915 Siculi
1531 1856 1735 1914 multis
1768 1859 2019 1931 navigiis

2155 1879 2235 1912 ιου
2294 1858 2563 1935 Στέφανος
2621 1860 2648 1913 6
2697 1858 2983 1935 πατρίκιος
3055 1860 3083 1914 6
3141 1857 3225 1915 ἐπ’
3283 1856 3493 1938 ἀδελφῇ
3535 1854 3792 1934 γαμϐρὸς

362 1956 593 2013 insulas
639 1972 918 2027 oramque
964 1953 1336 2022 infestarent,
1368 1949 1856 2021 Cibyrraeotarum
1903 1951 2023 2004 dux

361 2046 787 2104 Constantinus
835 2045 1060 2116 Chages
1107 2040 1355 2097 classem
1409 2055 1611 2094 eorum
1661 2037 1923 2094 locorum
1962 2039 2023 2094 in

368 2152 469 2193 eos
494 2134 661 2189 duxit
689 2150 755 2191 ac
788 2134 939 2189 fudit
970 2149 1070 2188 eos
1104 2147 1118 2186 :
1150 2131 1257 2185 500
1296 2131 1365 2185 ad
1400 2129 1811 2200 imperatorem
1843 2128 2027 2199 capti-

370 2224 460 2279 vis
496 2223 719 2292 missis,
753 2222 1013 2296 reliquos
1041 2221 1099 2276 in
1134 2235 1296 2274 mare
1326 2217 1627 2274 demersit.
1652 2218 1790 2273 Orto
1822 2218 2033 2273 deinde

378 2312 737 2369 intolerabili
767 2310 898 2383 gelu
933 2316 989 2367 et
1040 2312 1188 2365 Istro
1218 2308 1404 2381 glacie
1453 2308 1684 2375 durato,
1716 2308 2035 2362 Patzinaczs

380 2418 519 2459 eum
547 2401 901 2473 transgressi
932 2400 1177 2472 Mysiam
1212 2403 1267 2453 et
1298 2397 1608 2452 Thraciam
1632 2413 1817 2468 usque
1836 2398 1904 2450 ad
1930 2400 2040 2451 Ma-

383 2492 691 2549 cedoniam
738 2508 853 2546 non
904 2490 1107 2546 leviter
1148 2492 1451 2543 vexarunt.
1501 2486 1762 2542 Locustae
1811 2501 2044 2557 quoque

386 2580 646 2636 Thracias
678 2579 951 2651 frugibus
983 2580 1333 2633 nocuerunt.

2130 1951 2228 2003 τοῦ
2282 1946 2569 2023 βασιλέως.
2626 1954 2959 2022 Σαρακηνῶν
3013 1946 3071 2004 δὶ
3130 1950 3359 2027 Ἀφρων
3416 1949 3505 2004 καὶ
3536 1946 3791 2003 Σικελῶν

2140 2036 2275 2110 μετὰ
2315 2040 2531 2115 σκαφῶν
2582 2037 2682 2093 οὐκ
2740 2037 2943 2112 ὀλίγων
2999 2035 3408 2114 ἐπιδραμόντων
3453 2039 3547 2100 τὰς
3583 2041 3793 2109 νήσους

2139 2125 2228 2181 καὶ
2259 2127 2357 2194 τήν
2393 2126 2683 2202 παράλιον,
2718 2128 2746 2182 6
2793 2122 3225 2203 Κιϐυρραιωτῶν
3287 2128 3586 2205 στρατηγὸς
3636 2134 3795 2183 Kcm-

2143 2220 2423 2276 σταντῖνος
2449 2216 2477 2270 6
2516 2216 2662 2291 Χαγὲ
2710 2216 3052 2289 συμπλακεὶς
3102 2216 3288 2279 αὐτοῖς
3324 2217 3460 2291 μετά
3485 2221 3579 2272 τοῦ
3610 2215 3801 2293 ἐγχωο

2148 2304 2273 2379 ρίου
2333 2302 2533 2360 στόλου
2587 2303 2844 2380 ἐτρέψατο
2921 2306 3058 2360 κατὰ
3112 2305 3331 2382 κράτος,
3390 2307 3479 2361 καὶ
3535 2326 3804 2361 πεντακο-

2151 2392 2296 2454 σίους
2331 2394 2425 2467 μὲν
2478 2393 2875 2470 αἰχμαλώτους
2922 2398 3127 2469 πέμπει
3174 2400 3254 2468 τῷ
3304 2392 3538 2471 βασιλεῖ,
3578 2395 3710 2457 τοὺς
3751 2393 3811 2449 δὲ

2153 2481 2383 2545 λοιποὺς
2439 2483 2837 2543 κατεπόντισεν.
2888 2486 3195 2563 Ἀφερήτου
3255 2482 3313 2539 δὲ
3355 2488 3587 2561 παγετοῦ
3645 2506 3810 2559 γεννι-

2162 2573 2323 2645 μένου
2367 2574 2457 2628 καὶ
2504 2578 2599 2627 τοῦ
2648 2575 2861 2649 Ἴστρου
2929 2572 3452 2650 κρυσταλλωθέντος
3507 2574 3557 2627 οἱ
3615 2578 3818 2641 Ila-.3.-

388 2666 546 2723 νάκαι
603 2664 995 2741 περαιωθέντες
1054 2664 1115 2718 οὐ
1172 2668 1381 2736 μικρῶς
1434 2663 1532 2731 τήν
1586 2660 1791 2717 Μυσίαν
1850 2664 1936 2717 καὶ
1999 2660 2210 2735 Θρᾴκην
2269 2664 2434 2739 μέχρι
2491 2661 2827 2726 Μακεδονίας
2885 2663 3184 2732 ἰκάκωσαν,
3239 2660 3481 2734 Ἔπη).οε
3534 2660 3591 2718 δὶ
3639 2660 3810 2717 πάλιν

386 2756 542 2833 ἀκρὶς
572 2762 691 2819 τοῖς
722 2753 1076 2831 Θρᾳκησίοις,
1108 2756 1189 2826 [Ρ.
1220 2755 1347 2825 739]
1378 2752 1466 2806 καὶ
1498 2756 1677 2814 κακῶς
1700 2750 1903 2815 διέθετο
1933 2752 2059 2813 τοὺς
2080 2750 2342 2826 καρποὺς.

457 2870 628 2921 Anno
661 2865 731 2920 ab
762 2863 987 2935 origine
1020 2861 1223 2916 mundi
1265 2862 1428 2930 6544,
1462 2860 1778 2916 indictione
1808 2866 2039 2932 quarta,

380 2970 557 3011 verno
587 2958 851 3025 tempore
881 2951 1212 3021 .Patzinacaa
1260 2955 1348 3005 ter
1377 2950 1829 3020 impressionem
1882 2951 2040 3006 fece-

382 3048 527 3101 runt
554 3042 616 3099 in
650 3043 976 3099 Romanam
1019 3039 1324 3104 ditionem,
1357 3040 1543 3094 obviis
1574 3040 1726 3096 515
1760 3040 2038 3095 omnibus

384 3134 614 3198 excisis,
636 3136 693 3187 et
713 3146 1097 3203 quoscunque
1119 3129 1663 3201 cepissent,nullius
1682 3130 1881 3185 habita
1902 3134 2037 3185 aeta-

2221 2864 2311 2932 Τῷ
2344 2859 2524 2936 ,ςφμδ’
2556 2857 2683 2929 ἔτει,
2727 2857 3061 2923 ἰνδικτιῶνος
3111 2858 3197 2931 ιδ’,
3231 2858 3319 2915 διὰ
3342 2864 3439 2916 τοῦ
3469 2854 3626 2934 ἔαρος
3655 2881 3713 2933 τις
3732 2866 3810 2914 si:

2152 2943 2406 3012 εἰσϐολάς
2456 2950 2820 3023 ποιησάμενοι
2863 2951 2913 3005 οἱ
2958 2949 3286 3019 Πατζινάκαι
3344 2950 3480 3005 κατὰ
3514 2950 3807 3021 Ῥωμαίων

2151 3035 2319 3113 ἄρδην
2349 3038 2417 3093 τὰ
2448 3039 2832 3113 παρατυχόντα
2861 3038 3149 3116 ἠφάνισαν,
3183 3034 3395 3109 ἡϐηδὸν
3426 3037 3553 3101 τοὺς
3578 3036 3809 3093 ἁλισκο-

2154 3128 2344 3201 μένους
2370 3129 2711 3204 ἀναιροῦντες
2755 3130 2844 3184 καὶ
2901 3129 3194 3205 τιμωρίαις
3243 3130 3370 3192 τοὺς
3411 3129 3815 3205 αἰχμαλώτους

386 3223 465 3279 tis
497 3221 745 3290 ratione,
780 3220 1121 3286 interfectis,
1158 3218 1553 3274 ineifabilibus
1595 3220 1953 3275 cruciatibus
1977 3219 2036 3273 in

2155 3212 2557 3280 ὑποϐάλλοντες
2616 3216 3073 3294 ἀνεκδιηγήτοις.
3136 3218 3301 3276 Εἶλον
3349 3217 3407 3275 δὲ
3462 3220 3549 3274 καὶ
3610 3240 3812 3289 στρατ-

388 3310 648 3382 captivos
681 3308 1041 3364 debacchati.
1075 3306 1250 3361 Vivos
1281 3323 1514 3379 quoque
1546 3324 1746 3378 cepere
1778 3307 2039 3381 quinque

388 3402 690 3465 ductores,
720 3398 1008 3454 Joannem
1044 3398 1488 3464 Dermocaitam,
1510 3400 1755 3452 Bardam
1789 3398 2040 3467 Petzem,

391 3489 643 3544 Leonem
673 3486 1133 3557 Chalcobubam,
1174 3486 1621 3541 Constantinum
1656 3490 1955 3541 Pterotum
1988 3490 2045 3542 et

390 3576 744 3633 Michaelum
766 3577 1273 3631 Strabotricarem.
1300 3575 1511 3630 Mortui
1536 3580 1675 3631 sunt
1703 3575 1877 3631 etiam
1902 3576 2043 3631 Ros-

394 3683 595 3722 sorum
629 3666 926 3738 principes
956 3663 1372 3720 Nosisthlabus
1405 3669 1461 3719 et
1490 3663 1953 3720 Hierosthlabus.
1978 3665 2047 3719 Et

393 3754 620 3825 Serbia,
653 3770 780 3825 quae
814 3758 1000 3808 morte
1031 3752 1277 3808 Romani
1308 3752 1683 3823 imperatoris
1705 3754 1916 3824 jugum
1950 3769 2043 3807 ex-

394 3845 684 3909 cusserat,
708 3858 915 3896 rursus
938 3840 1181 3911 imperio
1203 3840 1515 3907 conjuncta
1531 3845 1640 3895 est.
1664 3844 1863 3896 Amere
1884 3846 2048 3914 ,Εεν-

394 3928 479 4001 pti
512 3945 927 3984 amermumna
960 3932 1213 3993 mortuo,
1245 3944 1389 3982 uxor
1420 3928 1549 3997 ejus
1580 3928 1927 3983 Christiana:
1958 3947 2046 3985 re-

392 4017 595 4089 ligioni
628 4018 826 4073 dedita
857 4034 992 4072 cum
1027 4017 1144 4071 ﬁlio
1176 4016 1399 4088 legatos
1422 4018 1492 4071 de
1525 4033 1659 4087 pace
1690 4018 1761 4073 ad
1793 4018 2045 4089 impera-

394 4109 583 4162 torem
616 4105 816 4161 mittit.
860 4105 1041 4176 Cujus
1076 4105 1125 4161 is
1174 4103 1439 4176 petitioni
1488 4105 1815 4162 assentiens
1844 4106 1913 4161 30
1943 4124 2049 4163 an-

397 4211 599 4252 norum
628 4210 831 4269 pacem
864 4194 1213 4266 composuit.

474 4471 801 4529 lndictione
859 4469 1107 4536 decima,
1168 4469 1389 4525 mensis
1442 4469 1779 4525 Decembris
1827 4470 2054 4526 decima

403 4566 606 4621 octava
635 4562 751 4629 die,
783 4562 927 4618 hora
956 4560 1144 4616 noctis
1193 4565 1421 4632 quarta,
1454 4578 1607 4616 anno
1640 4561 1843 4617 mundi
1886 4563 2049 4630 6545,

403 4658 573 4710 terrm
603 4656 800 4708 motus
830 4655 949 4707 tres
978 4650 1347 4717 exstiterunt,
1381 4651 1573 4723 exigui
1601 4652 1739 4719 duo,
1774 4669 1926 4707 unus
1955 4668 2049 4706 ve-

402 4743 671 4799 hemens.
731 4740 898 4808 Cum,
960 4744 1025 4795 ut
1079 4740 1353 4809 diximus,
1410 4741 1680 4796 Maniacaa
1744 4758 2051 4798 successor

403 4834 816 4906 Lependrenus
873 4832 1154 4886 Edessam
1208 4835 1489 4899 tueretur,
1542 4833 1751 4888 Arabes
1797 4832 1896 4903 qui
1946 4850 2050 4904 per

399 4922 882 4995 Mesopotamiam
927 4924 1113 4986 erant,
1160 4919 1308 4975 inita
1361 4921 1636 4977 societate
1683 4924 1883 4978 urbem
1916 4940 2045 4978 eam

395 5011 585 5068 adorti
610 5012 1139 5084 oppugnaverunt;
1172 5012 1229 5064 et
1250 5024 1383 5065 vero
1416 5009 1730 5082 cepissent,
1766 5012 1877 5068 nisi
1900 5015 2044 5069 Cou-

394 5100 692 5157 stantinus
739 5098 1107 5171 imperatoris
1141 5097 1339 5168 frater,
1395 5100 1575 5155 misso
1624 5101 1696 5156 ab
1740 5100 2047 5157 Antiochia

394 5191 539 5247 satis
568 5188 761 5245 valido
803 5186 1038 5254 auxilio,
1090 5202 1219 5242 eam
1271 5192 1477 5258 prater
1518 5207 1682 5261 spem
1732 5196 2041 5246 servasset.

394 5281 577 5345 Quem
610 5279 929 5351 imperator
957 5276 1029 5331 ob
1060 5275 1170 5332 hoc
1202 5276 1428 5333 facinus
1452 5278 1840 5335 domesticum
1872 5278 2043 5335 scho-

391 5366 584 5423 larum
617 5367 773 5424 διο
804 5364 1062 5420 Orientis
1092 5364 1323 5420 creavit.
1350 5366 1504 5421 Idem
1530 5366 1846 5439 imperator
1865 5370 2039 5423 Anto-

392 5456 560 5513 nium
579 5471 813 5529 quoque
831 5454 1056 5510 Pachen
1078 5454 1414 5510 eunuchum
1439 5456 1550 5511 sibi
1574 5473 1781 5528 genere
1806 5457 2040 5528 pr0pin-

396 5562 582 5619 quum
640 5542 987 5600 Nicomediae
1046 5542 1385 5615 episcopum
1446 5546 1599 5612 fecit,
1660 5546 1829 5618 plane
1892 5544 2037 5600 nihil

394 5635 737 5707 episcopatu
751 5632 995 5705 dignum
1014 5632 1348 5704 habentem,
1364 5641 1422 5691 et
1445 5636 1831 5709 bovem(quod
1851 5635 2039 5704 aiunt)

370 5724 654 5783 (infantiae
686 5724 742 5780 in
789 5722 991 5794 lingua
1019 5728 1363 5795 gestantem.
1399 5726 1544 5782 Cum
1576 5731 1772 5783 autem
1805 5726 2036 5783 siccitas

2150 3306 2317 3382 ηγοῦς
2374 3308 2531 3362 πέντε
2600 3308 2855 3384 ζωγρίας,
2917 3309 3173 3378 Ἰωάννην
3250 3310 3341 3363 τὸν
3401 3307 3804 3382 Δερμοκαΐτην,

2153 3394 2361 3471 Βάρδαν
2396 3397 2488 3451 τὸν
2520 3398 2745 3467 Πέτξην,
2806 3396 3015 3451 Λέοντα
3058 3398 3148 3452 τὸν
3185 3392 3609 3466 Χαλκοτούϐην,
3652 3404 3807 3451 Kna-

2151 3490 2427 3539 παντῖνον
2485 3487 2576 3540 τὸν
2634 3487 2920 3562 ΙΙτερωτὸν
2993 3485 3084 3540 καὶ
3152 3486 3245 3540 τὸν
3310 3481 3801 3560 Στραϐοτριχάςην

2155 3573 2408 3647 Μιχαήλ.
2445 3574 2833 3645 Ἐτελεύτησαν
2885 3572 2942 3629 δὲ
2988 3576 3074 3629 καὶ
3128 3577 3180 3629 οἱ
3208 3579 3317 3630 τῶν
3349 3575 3483 3638 Ῥὼς
3515 3571 3808 3649 ἄρχοντες,

2153 3657 2537 3724 ΝοσισθΛάϐος
2587 3665 2677 3717 καὶ
2727 3657 3124 3738 Ἰεροσθλάϐος,
3158 3662 3248 3717 καὶ
3280 3659 3467 3738 ἄρχειν
3500 3664 3803 3737 προεκρίθη

2193 3752 2219 3763 ~
2293 3750 2306 3768 ε
2364 3751 2425 3783 κ.
2676 3754 2689 3771 κ
2834 3750 2861 3760 ν
3227 3751 3238 3770 ι
3663 3746 3716 3771 γρ
3767 3774 3781 3783 α

2153 3768 2259 3802 των
2315 3756 2424 3812 Pw,
2466 3772 2729 3826 συγγενης
2787 3773 2895 3806 των
2944 3749 3384 3823 τελευτησαντων
3425 3750 3802 3815 Ζινισθλαοο,.

2158 3837 2254 3891 Καὶ
2308 3840 2342 3907 ἡ
2396 3835 2595 3913 Σερϐία
2648 3842 2930 3913 Ῥωμαίων
2999 3840 3339 3917 ἀφηνιάσασα
3389 3841 3524 3913 μετά
3575 3842 3807 3904 θάνατον

2152 3932 2435 4000 Ῥωμανοῦ
2488 3934 2585 3984 τοῦ
2646 3929 2913 4005 βασιλέως
2971 3928 3124 3994 αὖθις
3183 3929 3483 3987 ἐσπείσατο.
3528 3930 3709 4004 ’Ἃμερ
3752 3927 3811 3983 δὲ

2155 4022 2252 4072 τὸῦ
2308 4020 2406 4085 τῆς
2460 4017 2737 4094 Αἰγύπτου
2814 4020 3179 4095 ἀμερμουμνῆ
3268 4016 3713 4089 τελευτήσαντος,
3773 4020 3807 4086 ἡ

2157 4108 2294 4184 γυνὴ
2320 4108 2486 4163 αὐτοῦ
2545 4110 2847 4183 Χριστιανή
2908 4109 3039 4163 οὗσα
3092 4103 3534 4183 διαπρεσϐεύεται
3589 4108 3705 4181 ἅμα
3738 4113 3811 4177 τῷ

2161 4196 2263 4270 ὐῙῴ
2292 4197 2429 4273 πρὸς
2457 4196 2685 4272 βασιλέα
2712 4198 2837 4274 περὶ
2888 4200 3113 4273 εἱρήνης
3142 4214 3155 4229 ⁶
3179 4200 3246 4266 ἧς
3277 4194 3677 4271 ἀποδεξάμενος
3709 4198 3807 4262 τάν

2160 4286 2470 4363 προαίρεσιν
2548 4288 2575 4342 ὁ

2162 4374 2311 4431 ἔθετο
2343 4377 2458 4431 πετ’
2483 4376 2670 4446 αὐτῆς.

2684 4286 2939 4364 βασιλεὺς
3040 4283 3276 4349 σπονδάς
3368 4285 3808 4363 τριακοντούτεις

2234 4469 2546 4550 Δεκεμϐρίῳ
2600 4472 2657 4529 δὲ
2717 4473 2867 4547 μηνὶ,
2930 4471 3270 4539 ίνδικτιῶνος
3326 4480 3383 4529 ιε’
3430 4469 3581 4533 ἔτους
3614 4481 3812 4549 ,ςφμελ

2165 4564 2301 4618 κατά
2353 4565 2451 4633 τὴν
2513 4570 2584 4635 ιη’
2637 4567 2734 4618 τοῦ
2794 4564 2989 4636 μηνὸς,
3047 4564 3171 4640 περὶ
3224 4565 3485 4637 τετάρτην
3533 4562 3679 4636 ὥραν
3708 4570 3811 4629 τῆς

2160 4653 2369 4722 νυκτὸς,
2422 4652 2674 4729 γέγόνασι
2735 4652 2947 4726 σεισμοὶ
3002 4654 3173 4730 τρεῖό,
3228 4650 3324 4709 δύο
3359 4650 3546 4725 μικροὶ
3598 4651 3690 4705 καὶ
3733 4652 3809 4712 ε⁷ς

2162 4742 2348 4816 μέγας.
2432 4742 2705 4817 Γεωργίου
2760 4738 2817 4797 δὲ
2896 4742 3187 4819 πατρικίου
3270 4746 3367 4798 τοῦ
3446 4741 3699 4810 Μανιάκη
3758 4740 3810 4809 ἐξ

2159 4827 2433 4901 Ἐδέσσης,
2474 4831 2547 4892 ὡς
2599 4827 2846 4903 εἷ’πομεν,
2902 4832 3283 4904 μετατεθέντος
3328 4832 3417 4886 καὶ
3475 4833 3573 4885 τοῦ
3604 4837 3810 4884 Λεπεν-

2159 4918 2360 4995 δρηνοῦ
2402 4919 2453 4974 ἐν
2502 4920 2637 4995 αὐτῇ
2692 4917 2880 4996 ἄρχειν
2938 4922 3249 4996 ταχθέντος,
3311 4922 3365 4975 οἱ
3421 4922 3814 4979 κατοικοῦντες

2154 5011 2252 5078 τὴν
2316 5008 2738 5083 Μεσοποταμίαν
2812 5004 3048 5084 ’Ἄραϐες
3126 5008 3517 5085 κοινοπραγίαν
3588 5007 3813 5081 Θέμενοι

2157 5099 2395 5170 ἐπῆλθον
2424 5103 2491 5174 τῇ
2526 5097 2746 5174 Ἐδέσσῃ
2779 5100 2870 5154 καὶ
2923 5097 3286 5174 ἐπολιόρκουν
3331 5100 3433 5169 τήν
3483 5095 3668 5155 πόλιν.
3702 5097 3815 5153 Καὶ

2159 5193 2356 5264 μικροῦ
2382 5186 2490 5243 δεῖν
2516 5188 2682 5259 ἑάλω,
2716 5188 2761 5244 εἰ
2797 5190 2871 5262 μὴ
2909 5192 3313 5252 Κωνσταντῖνος
3346 5190 3374 5243 6
3404 5192 3501 5242 τοῦ
3536 5184 3815 5262 βασιλέως

2153 5276 2388 5356 ἀδελφὸς
2423 5280 2674 5353 βοήθειαν
2725 5277 3058 5353 ἀποχρῶσαν
3111 5282 3160 5351 εξ
3210 5276 3554 5353 ’Λντιοχείας
3582 5296 3810 5346 πεπομ-

2154 5370 2268 5446 φὼς
2296 5366 2495 5438 ταύτην
2554 5369 2684 5443 παρ’
2741 5364 2968 5431 ἐλπίδας
3024 5366 3284 5443 ἐρρύσατο
3321 5387 3332 5399 ·
3384 5368 3443 5421 ὃν
3476 5368 3504 5420 6
3541 5363 3804 5441 βασιλεὺς

2149 5462 2246 5513 τοῦ
2278 5452 2437 5533 ἔργου
2478 5454 2873 5529 ἀποδεξάμενος
2925 5453 3244 5529 δομέστικον
3277 5450 3653 5532 προϐάλλεται
3686 5459 3797 5507 τῶν

2151 5545 2371 5621 σχολῶν
2403 5554 2501 5617 τῆς
2528 5544 2856 5614 Ἀνατολῆς.
2889 5546 3297 5621 Προχειρίςεται
3329 5543 3385 5600 δὲ
3413 5545 3501 5598 καὶ
3538 5549 3795 5611 Νικομηο

2149 5633 2294 5699 δείας
2346 5635 2636 5697 ἐπίσκοπος
2688 5635 2972 5696 Ἀντώνιος
3002 5636 3029 5689 6
3088 5634 3284 5711 Πάχης
3320 5636 3605 5709 εὐνοῦχος,
3651 5630 3799 5685 κατὰ

2148 5731 2299 5801 γένος
2331 5726 2624 5800 προσήκων
2681 5728 2761 5796 τῷ
2813 5724 3047 5797 βασιλεῖ,
3106 5720 3275 5798 μηδὶν
3315 5722 3461 5798 ἄξιον
3494 5719 3639 5796 εχων
3673 5718 3798 5774 lm-
