4014 6194
269 338 388 400 249

1410 336 1954 400 HlSTORIARUM
1999 336 2155 399 COM
2171 337 2543 399 PENDIUM.

3565 339 3686 401 250

268 464 494 525 σκόπου.
551 464 699 522 ἀλλὰ
762 467 892 543 βοῦν
941 465 1176 545 ἀφωνίας
1207 467 1295 523 ἐπὶ
1324 470 1392 543 τῇ
1432 468 1655 545 γλώσσῃ
1716 468 1915 545 φέρων.

2043 468 2240 525 fuisset
2270 485 2486 543 magna
2511 473 2567 526 et
2597 468 2732 526 totis
2765 486 2864 527 sex
2887 468 3191 526 mensibus
3223 486 3335 526 non
3369 472 3682 544 potuisset,

266 557 503 633 Ᾱῦχμοῦ
562 555 618 612 δὲ
676 557 977 632 γενομένου
1029 559 1104 620 ὡς
1154 557 1237 613 ἐπὶ
1301 565 1477 633 μῆνας
1509 556 1676 621 ὅλους
1728 555 1781 629 ἓξ
1846 558 1921 630 μή

262 646 672 724 κπαρῥαγῆναι
734 647 929 715 ὑετὸν,
1008 645 1276 702 λιτανείαν
1344 648 1668 718 ἐποιήσαντο
1726 647 1779 701 οἱ
1828 644 1923 701 τοῦ

264 735 539 813 βασιλέως
591 734 839 814 ἀδελφοὶ,
876 737 903 790 6
940 737 1033 809 μὲν
1081 737 1335 808 Ἰωάννης
1371 737 1649 814 βαστάζων
1677 736 1740 791 τὸ
1772 737 1921 813 ἅγιον

258 822 563 897 μανδύλιον
595 825 696 896 (5),
730 825 758 877 6
814 825 981 898 μέγας
1014 820 1334 897 δομέστικος
1380 826 1460 898 (6)
1517 824 1615 893 τήν
1644 824 1780 898 πρὸς
1813 820 1922 879 Αύ-

254 934 430 989 γαρον
465 910 763 983 ἱπιστολῆν
793 915 875 986 (7)
902 917 1001 967 τοῦ
1029 915 1265 986 Χριστοῦ
1310 913 1401 968 καὶ
1460 914 1488 967 6
1518 907 1924 982 πρωτοϐεστιά-

256 1023 357 1075 ρος
414 1002 485 1058 τὰ
539 1003 667 1077 ἅγια
741 1003 1035 1078 σπάργανα·
1093 1004 1180 1057 καὶ
1243 1006 1381 1072 πεζῆ
1442 999 1756 1064 ὁδεύσαντες
1816 1000 1922 1056 ἀπὸ

252 1097 353 1147 τοῦ
388 1090 640 1167 μεγάλου
696 1089 969 1146 παλατίου
1015 1089 1274 1169 ἀφίκοντο
1324 1090 1456 1167 ἄχρι
1510 1094 1609 1145 τοῦ
1638 1095 1764 1145 ναοῦ
1820 1097 1920 1159 τῆς

254 1180 557 1259 ὁπιραγίας
633 1180 901 1236 Θεοτόκου
972 1185 1079 1235 τῶν
1141 1178 1494 1257 Βλαχερνῶν.
1546 1180 1805 1250 Ἐποίησε
1864 1178 1923 1234 δὲ

253 1270 346 1325 καὶ
407 1272 595 1345 ἑτέραν
658 1267 818 1339 λιτὴν
873 1273 957 1341 (8)
1013 1271 1421 1346 ὁπατριάρχης
1470 1269 1563 1325 σὺν
1593 1274 1674 1342 τῷ
1702 1267 1917 1345 κλήρῳ.

252 1361 336 1418 06
385 1361 558 1433 μόνον
592 1357 647 1414 δὲ
699 1358 796 1414 ούκ
844 1355 1075 1436 ἔϐρεξεν,
1128 1358 1275 1415 ἀλλὰ
1305 1360 1395 1415 καὶ
1426 1358 1644 1435 χάλαζα
1694 1380 1921 1432 παμμε-

250 1451 419 1525 γέθης
468 1448 867 1526 καταρραγεῖσα
920 1451 1202 1525 συνέτριψε
1257 1450 1323 1504 τὰ
1405 1446 1595 1525 δένδρα
1652 1449 1741 1503 καὶ
1793 1469 1921 1510 τους

251 1540 539 1613 κεράμους
566 1546 666 1609 τῆς
698 1538 937 1602 πόλεως.
979 1537 1260 1601 Σιτοδείας
1292 1538 1349 1594 δὶ
1396 1538 1778 1615 κατασχούσης
1818 1540 1919 1607 τὴν

2034 559 2429 632 supplicatum
2445 564 2531 616 est
2549 578 2581 616 a
2600 559 2881 617 fratribus
2899 559 3289 633 imperatoris,
3315 563 3684 632 gestantibus

2031 651 2256 704 Joanne
2300 666 2531 705 sacrum
2584 650 2951 723 mandylium
3005 650 3125 705 sive
3171 649 3440 720 linteum,
3474 667 3685 724 magno

2034 737 2353 794 domestico
2384 738 2690 810 epistolam
2725 738 2937 795 Christi
2969 739 3037 793 ad
3070 742 3393 811 Augarum,
3428 744 3687 811 protove-

2033 826 2235 882 stiario
2268 827 2512 899 Georgio
2544 843 2741 884 sacras
2764 844 3047 884 cunarum
3074 828 3314 896 fascias;
3341 828 3685 900 peditesque

2034 922 2445 988 processerunt
2475 935 2508 973 a
2539 934 2751 990 magno
2770 917 2983 990 palatio
3008 933 3196 988 usque
3227 917 3296 972 ad
3327 916 3527 971 fanum
3554 917 3685 973 Dei-

2033 1021 2188 1077 parae
2211 1006 2658 1064 Blachernense.
2682 1007 2853 1063 Aliud
2882 1023 3115 1079 quoque
3138 1005 3493 1078 supplicium
3519 1024 3552 1062 a
3579 1024 3683 1080 pa-

2032 1095 2289 1151 triarcha
2323 1100 2623 1168 peractum
2675 1101 2730 1153 et
2779 1096 2950 1154 clero.
2982 1097 3090 1151 Sed
3141 1113 3255 1152 non
3289 1099 3520 1151 tantum
3568 1114 3683 1153 non

2032 1183 2201 1255 pluit,
2233 1202 2434 1241 verum
2468 1191 2525 1241 et
2554 1187 2777 1258 grando
2807 1186 3015 1259 ingens
3038 1185 3232 1240 delata
3260 1186 3498 1241 arbores
3530 1202 3687 1243 com-

2032 1273 2245 1329 minuit
2276 1279 2332 1329 et
2363 1275 2592 1347 tegulas
2636 1276 2945 1331 domorum
2998 1275 3183 1331 urbis.
3218 1274 3362 1329 Cum
3398 1278 3594 1328 autem
3629 1275 3686 1329 in

2032 1364 2172 1418 urbe
2222 1361 2374 1419 fame
2425 1366 2813 1435 laboraretur,
2865 1366 3121 1421 Joannes
3171 1363 3296 1419 suis
3344 1362 3610 1418 dimissis
3660 1380 3691 1418 ο

2032 1452 2434 1524 Peloponneso
2464 1458 2521 1509 et
2546 1454 2764 1509 Graecia
2799 1454 3129 1509 modiorum
3165 1452 3443 1507 frumenti
3475 1451 3687 1505 100000

2034 1542 2272 1610 coemit,
2302 1542 2492 1614 iisque
2524 1543 2773 1599 miseriae
2806 1544 3023 1598 civium
3057 1558 3223 1614 opem
3257 1541 3413 1596 tulit.

252 1626 421 1681 πόλιν
454 1626 786 1689 ἀποστείλας
812 1628 840 1682 6
873 1628 1134 1699 Ἰωάννης
1164 1628 1471 1701 ἐξωνήσατο
1505 1628 1610 1683 ἀπὸ
1641 1626 2062 1699 Πελοποννήσου
2092 1627 2186 1684 καί
2214 1626 2479 1692 Ἑλλάδος
2511 1628 2666 1685 σίτου
2693 1628 2957 1706 χιλιάδας
2999 1631 3064 1705 ρ’,
3094 1629 3184 1685 καὶ
3217 1627 3282 1685 δι’
3326 1628 3506 1683 αὐτῶν
3562 1624 3688 1688 τοὺς

256 1715 499 1778 πολίτας
529 1718 817 1792 παρεμυθή
827 1737 979 1776 σατο.

324 1808 413 1880 [Ρ.
447 1808 581 1879 740]
614 1808 702 1862 Ἑν
764 1803 822 1861 δὶ
865 1804 1091 1879 Σικελίᾳ
1143 1810 1250 1861 τῶν
1284 1804 1380 1863 δύο
1421 1805 1691 1887 ἀδελφῶν,
1739 1808 1814 1870 ὡς
1847 1807 1921 1863 εἶ’-

2106 1812 2167 1866 In
2204 1810 2402 1868 Sicilia
2432 1812 2683 1883 duobus,
2708 1812 2795 1868 uti
2825 1812 3047 1868 dictum
3072 1814 3180 1881 est,
3204 1809 3481 1866 fratribus
3514 1810 3689 1868 dissi-

258 1915 448 1971 ρηται,
503 1894 902 1964 στασιαζόντων
934 1896 1023 1951 καὶ
1052 1899 1151 1950 τοῦ
1180 1894 1511 1973 Ἀπολάφαρ
1563 1896 1927 1973 ὑπερισχύον-

265 2005 384 2056 τος,
443 1980 631 2057 ἕτερος
684 1988 794 2038 τῶν
855 1981 1102 2062 ἀδελφῶν
1162 1986 1255 2041 τὸν
1310 1988 1411 2055 τῆς
1444 1987 1710 2063 Ἀφρικῆς
1751 1984 1929 2063 ἅμερα

268 2073 454 2147 Οῧμερ
483 2072 560 2134 είς
590 2070 874 2147 συνεργίαν
910 2071 1084 2128 καλεῖ·
1143 2075 1229 2129 καὶ
1278 2072 1337 2136 ὅς
1397 2074 1738 2150 ὑπισχνεῖται
1790 2097 1928 2149 συμ-

268 2164 573 2237 μαχήσειν,
646 2162 691 2216 εἷ
747 2161 1074 2237 κατάσχεσιν
1132 2162 1187 2218 ἐν
1241 2167 1310 2238 τῇ
1372 2165 1524 2236 νήσῳ
1582 2159 1726 2239 λάϐῃ
1784 2167 1924 2223 τινά.

261 2250 578 2323 Προθύμως
633 2249 693 2305 δὲ
748 2248 847 2305 τοῦ
905 2251 1138 2306 Σικελοῦ
1193 2252 1617 2315 κατανεύσαντος
1658 2252 1733 2315 εἷς
1763 2258 1926 2308 τοῦτο

256 2340 592 2415 ἀφικνεῖται,
647 2339 736 2394 καὶ
795 2338 1136 2412 συμπλακεὶς
1194 2346 1275 2414 τῷ
1331 2339 1649 2420 Ἀπολάιραρ
1706 2338 1783 2397 ἔτι
1832 2341 1926 2397 δυ-

262 2433 485 2502 νάμεως
510 2434 615 2498 τῆς
664 2430 797 2501 μετά
836 2433 936 2483 τοῦ
985 2429 1274 2506 πατρικίου
1332 2430 1609 2506 Γεωργίου
1673 2430 1927 2507 ὑστερού-

270 2540 372 2589 σης
433 2521 535 2573 τοῦ
596 2518 849 2588 Μανιάκη
909 2525 1011 2588 τῆς
1068 2518 1145 2581 είς
1205 2521 1526 2595 συμμαχίαν
1562 2519 1758 2575 τούτου
1788 2542 1929 2594 πεμ-

264 2608 520 2683 ιρθείσης,
572 2607 821 2682 τρέπεται
869 2612 1059 2663 τοῦτον
1113 2611 1249 2664 κατά
1305 2610 1525 2685 κράτος.
1585 2611 1641 2663 Ὁ
1687 2608 1744 2664 δὶ
1792 2610 1929 2686 πρὸς

261 2698 354 2751 τὸν
418 2695 661 2772 ἄρχοντα
717 2692 1116 2773 Λογγιϐαρδίας
1190 2699 1514 2774 καταφυγὼν
1579 2701 1781 2755 Λέοντα
1834 2700 1924 2755 τὸν

267 2790 441 2840 Ὠπον
502 2783 623 2859 ᾔτει
681 2786 961 2860 βοήθειαν·
1019 2786 1109 2842 καὶ
1167 2787 1225 2850 ὅς
1252 2788 1317 2857 ἦν
1352 2788 1467 2864 εἶχε
1498 2787 1724 2862 δύναμιν
1745 2787 1804 2843 ἐκ
1830 2793 1928 2843 τοῦ

264 2874 624 2950 παρείκοντος
697 2874 1046 2948 συναθροίσας
1119 2881 1439 2951 περαιοῦται
1510 2879 1587 2940 εἷς
1649 2877 1925 2947 Σικελίαν,

264 2963 355 3019 καὶ
386 2962 669 3026 πολλάκις
715 2958 1012 3037 συμϐαλὼν
1042 2968 1120 3037 τῷ
1148 2970 1257 3020 τῶν
1286 2969 1512 3045 ’Ἄφρων
1562 2968 1793 3044 ἀρχηγῷ
1837 2968 1925 3023 καὶ

270 3056 651 3131 ὑπερτερήσας
727 3055 954 3128 ἀνέκοψε
1025 3060 1217 3111 τοῦτον
1276 3063 1376 3127 τῆς
1432 3055 1667 3132 ἀσχέτου
1727 3058 1925 3133 ὁρμῆς.

2037 1900 2336 1969 dentibus,
2369 1900 2729 1974 Apolapharo
2763 1905 3096 1974 superante,
3123 1898 3269 1957 alter
3299 1900 3496 1956 Africae
3529 1917 3691 1957 ame—

2037 2007 2161 2046 ram
2188 1990 2466 2046 Umerum
2488 1991 2544 2045 in
2569 1990 2851 2046 auxilium
2871 1994 3058 2056 vocat,
3087 1989 3243 2063 quod
3266 1990 3315 2046 is
3338 1990 3610 2062 promisit
3625 2006 3694 2046 ea

2037 2079 2371 2135 conditione
2418 2084 2484 2135 ut
2531 2078 2643 2134 sibi
2689 2078 2888 2151 aliqua
2934 2079 2993 2134 in
3042 2078 3240 2135 Sicilia
3288 2078 3693 2151 assignaretur

2040 2169 2352 2242 possessio.
2402 2170 2595 2241 Atque
2623 2168 2731 2224 hac
2762 2168 3097 2225 conditione
3142 2168 3390 2239 probata
3422 2168 3600 2236 venit,
3634 2173 3692 2223 et

2039 2257 2236 2331 prmlio
2266 2257 2406 2313 vicit
2455 2257 2911 2329 Apolapharum,
2946 2258 3097 2329 quod
3131 2258 3394 2312 nondum
3447 2261 3689 2312 venerat

2038 2363 2103 2403 eo
2147 2364 2279 2402 cum
2333 2347 2716 2402 auxiliaribus
2766 2348 2950 2420 copiis
3000 2348 3311 2404 Maniaces.
3364 2347 3566 2401 Victus
3615 2348 3685 2402 ad

2038 2438 2188 2494 517
2230 2438 2476 2492 Leonem
2506 2441 2694 2509 Opum
2729 2438 3131 2510 Longibardiae
3156 2436 3463 2509 praesidem
3489 2436 3692 2491 confu-

2040 2527 2141 2599 git,
2175 2527 2246 2582 ab
2277 2544 2460 2599 eoque
2482 2526 2765 2582 auxilium
2788 2527 2946 2599 petit.
2974 2528 3086 2583 Leo
3109 2527 3292 2599 copiis
3326 2526 3471 2593 suis,
3498 2541 3688 2596 quan-

2040 2620 2163 2671 tum
2201 2631 2455 2687 praesens
2484 2621 2713 2687 tempus
2739 2616 2977 2681 ferebat,
3002 2614 3315 2671 contractis
3347 2614 3406 2670 in
3430 2613 3687 2669 Siciliam

2037 2704 2285 2775 trajecit,
2312 2721 2377 2759 ac
2408 2705 2624 2777 smpius
2645 2721 2777 2760 cum
2804 2706 2937 2761 Afro
2959 2706 3107 2761 duce
3129 2705 3273 2760 inita
3298 2720 3491 2776 pugna
3514 2719 3692 2774 supe-

2039 2793 2157 2848 rior
2185 2792 2477 2859 discessit,
2501 2794 2746 2865 ejusque
2774 2793 3149 2849 vehementes
3169 2792 3387 2848 retudit
3407 2792 3683 2861 impetus.

2041 2883 2247 2938 Postea
2263 2882 2495 2954 cognito
2520 2883 2728 2938 fratres
2756 2899 2954 2953 pacem
2974 2899 3321 2954 componere
3343 2886 3401 2937 et
3424 2880 3691 2935 insidiari

2040 2971 2342 3041 Romanis,
2371 2989 2576 3027 rursus
2594 2973 2649 3026 in
2676 2971 2901 3026 Italiam
2925 2972 3175 3042 trajecit,
3201 2970 3470 3027 abductis
3493 2986 3689 3027 secum

2040 3061 2386 3117 15millibus
2409 3061 2805 3116 Romanorum
2823 3060 3197 3133 captivis,qui
3219 3060 3431 3116 deinde
3452 3061 3693 3115 domum

269 3148 403 3201 Εἶτα
438 3146 630 3219 μαθὼν
664 3145 738 3207 ὡς
770 3147 820 3199 οἱ
853 3144 1082 3221 ἀδελφοὶ
1133 3144 1448 3203 σπένδονται
1502 3150 1592 3202 καὶ
1636 3147 1927 3221 μέλλουσιν

2043 3150 2209 3207 liberi
2243 3150 2561 3205 redierunt.
2609 3149 3085 3222 Carthaginensis
3117 3150 3366 3205 Umerus
3394 3152 3551 3203 metu
3584 3147 3697 3202 bo-

438 3201 448 3219 ,
530 3201 548 3209 ,
725 3201 736 3207 -
1002 3201 1011 3221 ε
1215 3201 1317 3202 κη
1379 3201 1410 3203 ν.

269 3235 566 3297 ἰνωθὲντες
600 3234 875 3299 ἰπιθέσθαι
933 3236 1246 3308 Ῥωπαίοις,
1299 3234 1708 3310 διαπεραιοῦται
1765 3237 1927 3294 πάλιν

2044 3201 2209 3207 Μ---
2620 3201 3082 3222 Πη-Ὃηηηη
3127 3201 3362 3205 ---η-τη
3588 3201 3596 3202 ,

2044 3240 2221 3295 stium
2268 3238 2571 3303 liberatus,
2601 3238 2857 3294 Siciliam
2900 3255 3103 3294 secure
3151 3255 3216 3293 ac
3260 3253 3557 3292 summam
3594 3251 3699 3308 per

267 3326 343 3387 εἷς
404 3323 671 3392 Ἰταλίαν,
736 3322 1113 3400 αἰχμαλώτων
1180 3326 1468 3400 Ῥωμαίων
1537 3327 1667 3407 ἐμφί
1720 3329 1816 3389 τάς
1878 3329 1935 3382 ιε’

2046 3328 2342 3384 licentiam
2374 3328 2621 3383 vexavit.

266 3412 538 3489 χιλιάδας
572 3413 623 3467 ἐν
658 3418 776 3474 τοῖς
801 3412 1021 3476 πλοίοις
1055 3414 1508 3470 συνεισελθόντων
1542 3416 1689 3490 αὐτῷ
1710 3416 1799 3471 καὶ
1849 3416 2195 3481 ἀπελθόντων
2244 3415 2317 3478 εἰς
2364 3415 2595 3473 Ἰταλίαν
2644 3417 2731 3470 καὶ
2784 3414 2935 3477 αὖθις
2985 3410 3168 3469 θ’ίκαδε
3221 3410 3688 3487 διαπερασάντων.

263 3503 480 3566 Ἀδείας
523 3502 617 3558 οὖν
648 3500 979 3580 δραξάμενος
1011 3506 1038 3560 ὁ
1070 3502 1451 3583 Καρχηδόνιος
1480 3506 1719 3563 ἐπέκειτο
1749 3512 1818 3584 τῇ
1853 3505 2076 3581 Σικελίᾳ
2100 3508 2187 3562 καὶ
2214 3506 2348 3562 κατά
2376 3505 2594 3577 πολλὴν
2628 3504 2808 3561 ἄδειαν
2844 3507 3010 3575 αὐτὴν
3045 3504 3304 3581 ἐκεράϊζε.
3348 3502 3448 3559 Καὶ
3481 3503 3545 3558 τὰ
3600 3504 3695 3577 μὲν

263 3595 404 3650 κατά
434 3592 693 3648 Σικελίαν
728 3593 870 3669 εἶχεν
901 3592 1093 3659 οὕτως.

341 3683 634 3745 Ἐκτόπως
694 3680 751 3738 δὲ
798 3688 895 3739 τοῦ
928 3685 1179 3739 Ἰωάννου
1228 3688 1325 3739 τοῦ
1383 3686 1577 3759 θρόνου
1634 3690 1729 3741 τοῦ
1783 3694 1933 3741 Κων-

268 3772 783 3837 σταντινουπόλεως
839 3773 1109 3849 ἐρῶντος,
1165 3778 1696 3852 κοινοπραγήσαντες
1753 3778 1779 3832 6
1835 3784 1935 3847 τῆς

268 3864 513 3934 Κυζίκου
570 3865 940 3937 Δημήτριος,
1011 3864 1303 3927 ’Δντώνιος
1373 3866 1400 3919 6
1457 3859 1845 3939 Νίκομηδείας,
1907 3867 1934 3921 6

266 3963 369 4025 τῆς
435 3950 609 4023 Σίδης
663 3953 755 4007 καί
810 3951 1079 4028 Ἀγκύρας
1136 3954 1189 4007 οἳ
1221 3951 1553 4032 αύτάδελφοι
1611 3954 1702 4009 σὺν
1738 3953 1933 4018 ἄλλοις

272 4041 722 4118 μητροπολίταις
782 4036 1175 4097 ἄϐουλεύσαντο
1231 4046 1329 4097 τοῦ
1387 4044 1582 4120 θρόνου
1612 4050 1931 4122 καταγαγεῖν

266 4135 361 4189 τὸν
416 4131 665 4202 Ἀλέξιον
722 4132 810 4185 καὶ
863 4131 975 4186 ἀντ’
1021 4133 1191 4187 αὐτοῦ
1217 4133 1311 4187 τὸν
1372 4132 1628 4206 Ἰωάννην
1656 4139 1735 4207 τῷ
1760 4134 1935 4210 θρόνῳ

268 4222 675 4299 ἐγκαταστῆσαι
712 4262 726 4276 .
806 4220 949 4295 Πρὸς
1026 4221 1119 4275 οῦν
1198 4219 1441 4292 Ἀλέξιος
1503 4223 1531 4277 ὁ
1587 4223 1933 4300 πατριάρχης

270 4312 409 4387 μετὰ
463 4314 565 4365 τοῦ
628 4308 825 4365 λοιποῦ
889 4310 1089 4385 μέρους
1127 4316 1229 4381 τῆς
1288 4308 1614 4382 Ἐκκλησίας
1650 4312 2012 4403 μηνύματαΙ)

266 4402 562 4475 ἃπέμπει,
620 4397 915 4470 δηλοῦντα·
976 4424 1005 4451 ‹‹
1055 4398 1305 4474 Ἐπειδὴ,
1362 4400 1435 4463 ὥς
1486 4423 1637 4480 φατε,
1671 4402 1734 4457 οὐ
1765 4404 1935 4480 ψήφῳ

268 4492 609 4567 ἀρχιερέων,
651 4486 798 4543 ἀλλά
851 4490 1138 4563 προστάξει
1193 4487 1483 4546 Βασιλείου
1530 4496 1626 4545 τοῦ
1667 4490 1934 4567 βασιλέως

271 4575 477 4650 ἰπέὄην
556 4582 655 4632 τοῦ
728 4576 925 4653 θρόνου
997 4578 1386 4650 ἀκανονίστως,
1461 4582 1937 4656 καθαιρεθήτωσαν

272 4667 367 4731 οῦς
399 4668 799 4743 ἐχειροτόνησα
849 4666 1261 4741 μητροπολίτας
1322 4668 1410 4724 ἐπὶ
1458 4666 1645 4725 ἕνδεκα
1690 4671 1828 4743 πρὸς
1856 4675 1934 4744 τῷ

272 4757 469 4832 ἡμίσει
530 4756 770 4831 χρόνους
823 4758 926 4825 τὴν
986 4756 1319 4829 Ἐκκλησίαν
1375 4757 1577 4832 ΐθύνας,
1611 4759 1935 4834 ἀναθεματι-

272 4849 565 4916 σθήτωσαν
621 4842 678 4899 δὲ
729 4844 818 4899 καὶ
898 4844 988 4907 οὕς
1041 4843 1236 4921 ἔστεψα
1290 4853 1436 4923 τρεῖς
1497 4847 1783 4923 βασιλεῖς,
1844 4850 1933 4905 καὶ

272 4937 562 5009 ἐξίσταμαι
618 4938 695 5007 τῷ
729 4931 1054 5009 βουλομένῳ
1083 4941 1180 4991 τοῦ
1207 4936 1422 5010 θρόνου.
1460 4960 1488 4989 >>
1546 4937 1759 5010 Ταύτην
1790 4937 1939 5010 δεξάο

276 5047 434 5098 μενοι
511 5024 611 5092 τήν
688 5021 947 5097 ἀγγελίαν
1007 5024 1059 5077 oi
1113 5025 1238 5099 περὶ
1296 5025 1391 5081 τὸν
1450 5029 1790 5101 Δημήτριον,
1844 5028 1931 5082 καὶ

268 5114 543 5191 αἰσχύνης
589 5112 680 5168 καὶ
714 5109 867 5175 δέους
902 5110 1229 5184 πλησθέντες
1257 5116 1415 5189 (ἦσαν
1470 5116 1573 5193 γὰρ
1602 5117 1656 5171 οἱ
1712 5116 1935 5182 πλείους

2118 3689 2358 3745 Interim
2384 3706 2518 3745 cum
2544 3687 2980 3761 patriarchatus
3002 3686 3289 3760 Cpolitaui
3312 3702 3477 3742 amor
3498 3685 3698 3741 absur-

2048 3778 2158 3833 dus
2188 3779 2476 3833 Joannem
2510 3776 2880 3849 imperatoris
2917 3776 3149 3830 fratrem
3169 3774 3440 3846 cepisset,
3456 3789 3516 3828 re
3546 3789 3700 3827 com-

2047 3868 2347 3922 municata
2410 3866 2689 3939 episcopi,
2752 3865 3077 3920 Demetrius
3142 3862 3348 3936 Cyzici,
3408 3861 3697 3918 Antonius

2046 3955 2420 4023 Nicomediae,
2451 3955 2600 4011 Sidae
2632 3959 2690 4010 et
2720 3956 2955 4027 Ancyrae
3002 3954 3206 4008 fratres
3236 3951 3525 4025 germani,
3558 3968 3691 4006 cum

2045 4045 2176 4101 aliis
2200 4043 2586 4116 metrOpolitis
2609 4041 3309 4098 consultaruntdeAlexio
3334 4040 3695 4096 deturbando

2044 4135 2215 4208 eique
2246 4134 2592 4190 sufficiendo
2615 4134 2861 4189 Joanne.
2882 4133 2962 4187 Ad
2997 4148 3094 4187 eos
3112 4130 3349 4186 Alexius
3380 4133 3437 4185 et
3470 4129 3696 4200 reliqua

2044 4224 2301 4281 ecclesia:
2362 4241 2497 4296 pars
2553 4221 2779 4277 litteras
2838 4222 2999 4288 dant,
3062 4220 3171 4275 hoc
3229 4218 3631 4291 signiﬁcantes
3680 4234 3691 4272 :

2045 4338 2071 4366 ‹‹
2106 4314 2370 4381 Quando,
2404 4317 2468 4368 ut
2497 4329 2597 4368 vos
2629 4311 2843 4379 dicitis,
2870 4328 2985 4367 non
3010 4308 3303 4380 suffragiis
3327 4307 3694 4381 pontiﬁcum,

2046 4404 2144 4459 sed
2169 4405 2344 4476 jussu
2368 4401 2565 4457 Basilii
2592 4400 2964 4472 imperatoris
2983 4415 3087 4472 ego
3106 4398 3216 4454 hoc
3247 4398 3460 4453 solium
3487 4400 3691 4452 contra

2046 4509 2298 4548 canones
2344 4490 2675 4557 conscendi,
2730 4491 2979 4562 agedum
3038 4504 3187 4561 quos
3245 4503 3351 4560 ego
3410 4485 3693 4542 constitui

2045 4581 2443 4653 metropolitas
2467 4582 2588 4651 jam
2623 4596 2724 4651 per
2768 4578 2825 4634 tl
2885 4595 3072 4633 annos
3104 4594 3168 4633 ac
3200 4576 3337 4631 anni
3370 4573 3686 4630 semissum

2049 4671 2365 4728 Ecclesiam
2396 4670 2755 4743 gubernans.
2776 4669 3181 4739 deponantur;
3216 4665 3529 4721 anathema
3552 4678 3695 4735 quo-

2045 4779 2155 4834 que
2185 4759 2567 4816 obnuntietur
2612 4757 2804 4813 tribus
2856 4754 3308 4826 imperatoribus
3340 4753 3557 4825 quibus
3588 4768 3694 4824 ego

2045 4866 2287 4907 coronas
2317 4848 2547 4920 imperii
2580 4846 2858 4919 imposui.
2897 4845 2994 4900 His
3028 4842 3192 4900 factis
3224 4843 3365 4899 cedo
3397 4841 3611 4898 solium
3641 4840 3690 4895 ci

2045 4940 2142 5011 qui
2175 4938 2328 4996 518
2378 4937 2501 4993 vult
2555 4938 2882 4992 succedere.
2932 4955 2955 4986 υ
3010 4934 3126 4989 Ηοο
3176 4936 3410 5005 accepto
3462 4932 3692 5000 nuntio,

2044 5029 2370 5084 Demetrius
2420 5044 2555 5083 cum
2605 5025 2778 5082 sociis
2831 5028 2988 5078 metu
3044 5024 3389 5095 pudoreque
3441 5020 3694 5083 confusi,

2043 5119 2197 5190 quod
2232 5116 2495 5189 plerique
2527 5116 2597 5172 ab
2629 5116 2755 5188 ipso
2778 5117 2943 5169 erant
2973 5111 3169 5182 creati,
3204 5110 3353 5166 nihil
3386 5109 3693 5182 antiquius

1474 5277 1845 5334 XYLANDRI
1885 5279 1977 5334 ET
2015 5277 2232 5335 GOARI
2270 5275 2505 5332 NOT/E.

341 5404 423 5475 (5)
477 5394 833 5482 ξείανδύλιον,
873 5398 1048 5473 vulgo
1103 5402 1401 5482 sudarium
1456 5406 1712 5482 mentite.
1753 5405 1937 5482 ’ᾼγιον

271 5476 558 5549 expc-reici:
614 5476 841 5553 vocavit
879 5489 1086 5553 Puper
1130 5481 1354 5553 auctpr,
1406 5492 1461 5548 p.
1514 5476 1938 5553 735..LexiCOn

272 5543 640 5624 Quouymum
685 5543 831 5600 bibl.
878 5543 1018 5617 Reg.
1078 5562 1091 5600 :
1153 5543 1451 5620 μανδύλιόν
1511 5545 1935 5624 χειρόμακτρον.

272 5620 657 5761 ῦῆὲῗῬιιὶωο
688 5685 785 5742 hic
815 5685 874 5744 in
909 5689 1143 5747 auctore
1163 5689 1398 5764 legitur,
1433 5691 1543 5749 sub
1575 5707 1689 5764 quo
1722 5690 1938 5748 milita-

2049 5404 2191 5459 bant
2222 5404 2277 5456 et
2319 5399 2416 5456 alii
2465 5401 2570 5451 τῶν
2607 5395 2994 5467 Ἀνατολικῶν,
3044 5400 3151 5451 τῶν
3186 5397 3423 5450 Δυτικῶν
3471 5390 3559 5447 καὶ
3591 5396 3698 5447 τῶν

2048 5471 2387 5549 Θρᾳκη-σίων.
2422 5472 2599 5526 GOAR.

2121 5540 2191 5613 (7)
2218 5540 2583 5618 ⁷Ἰδιὸγραφονε
2614 5543 2830 5618 Auctor
2857 5540 3000 5596 ibid.
3033 5540 3213 5618 Goaa.
3461 5608 3495 5618 Η
3539 5607 3547 5616 ι

2119 5610 2193 5690 (8)
2227 5610 2536 5690 Xyla'ndér
2568 5613 2838 5669 haeretica
2880 5622 2940 5690 et
2988 5614 3263 5690 ambigue
3308 5610 3641 5683 supplicium
3676 5621 3694 5657 :

2046 5684 2217 5763 plane
2248 5684 2305 5745 et
2329 5685 2622 5746 catholicae
2649 5687 3066 5758 processionem.
3098 5684 3277 5742 GOAB.
