4036 6194
338 315 455 377 251

1693 310 2011 373 GEORGII
2055 310 2399 375 CEDRENI

3629 315 3756 376 252

337 448 574 508 silentio
604 451 659 505 et
689 446 887 520 quiete
934 445 1307 513 habuerunt;
1340 450 1399 502 et
1428 445 1553 518 ipse
1598 442 1854 499 Joannes
1885 460 1986 500 cu-

2121 445 2192 500 ιπ⁹
2249 444 2411 501 αὐτοῦ
2467 446 2992 523 χειροτονηθέντες),
3031 443 3340 516 ἠσπάσαντο
3372 445 3607 520 σιωπὴν,
3646 457 3754 514 καὶ

337 540 645 615 piditatem
679 536 788 594 soli
818 535 1167 609 patriarcha:
1196 536 1255 592 in
1288 540 1587 608 posterum
1621 533 1864 590 dimisit.

414 749 573 802 Anno
597 743 806 802 munni
836 744 998 809 6546,
1024 741 1342 799 indictione
1362 743 1417 809 6,
1451 741 1545 797 die
1574 740 1915 797 Novembris
1937 742 1992 808 2,

336 838 711 891 terrmmotus
743 834 851 889 fuit
882 833 1037 888 circa
1066 832 1272 887 horam
1320 830 1433 886 diei
1470 830 1785 899 decimam,
1817 831 1993 885 dura-

336 924 531 996 vitque
569 940 754 994 usque
788 923 858 979 ad
891 922 1242 977 Januarium
1296 937 1580 976 mensem.
1614 920 1785 975 Fame
1814 920 1993 975 etiam

335 1013 671 1069 laboratum
696 1017 784 1066 est
811 1028 912 1083 per
937 1011 971 1065 Ἰ
991 1010 1272 1081 hraciam,
1297 1010 1714 1077 Macedoniam,
1738 1010 1993 1082 Strymo-

340 1100 1087 1168 nem,Thessalonicam,et
1113 1115 1298 1171 usque
1322 1098 1708 1155 Thessaliam.
1734 1105 1992 1170 Conque-

338 1191 604 1247 rentibus
627 1194 823 1246 autem
845 1189 1275 1245 Thessalonica:
1295 1188 1526 1244 clericis
1547 1189 1617 1244 de
1636 1189 1990 1260 Theophane

340 1279 735 1351 metropolita,
764 1279 918 1351 quod
945 1279 1304 1334 frumentum
1328 1278 1399 1333 iis
1424 1278 1575 1349 quod
1609 1278 1857 1333 debebat
1880 1294 1993 1333 non

339 1369 715 1443 persolveret,
751 1369 1066 1440 imperator
1114 1372 1240 1424 tum
1273 1367 1699 1423 Thessalonicae
1733 1384 1993 1423 commo-

337 1476 474 1515 rans
496 1459 764 1514 hortatus
795 1459 1136 1530 episcopum
1166 1462 1255 1512 est
1288 1474 1357 1512 ne
1389 1456 1633 1513 clericos
1658 1456 1729 1512 iis
1753 1474 1880 1528 quae
1912 1457 1996 1513 eis

337 1548 593 1620 legitime
626 1548 994 1603 debebantur
1024 1546 1434 1615 ‘defraudaret.
1482 1547 1745 1618 Cumque
1780 1548 1828 1601 is
1861 1548 1993 1603 obs-

338 1642 587 1709 treperet
621 1653 808 1708 neque
839 1636 1243 1706 obtemperare
1276 1635 1464 1705 vellet,
1498 1635 1708 1691 statuit
1740 1635 1990 1707 impera-

338 1728 430 1782 tor
479 1742 613 1780 cum
668 1726 872 1781 fraude
927 1723 1349 1780 circumvenire
1407 1730 1463 1780 et
1520 1723 1825 1780 avaritiam
1868 1726 1997 1795 ejus

2104 532 2298 589 λοιπὸν
2328 538 2356 591 6
2385 537 2640 607 Ἰωάννης
2699 535 2897 612 ἐπέσχε
2927 535 3026 605 την
3060 534 3147 590 ἐπὶ
3173 538 3241 609 τῇ
3282 536 3597 612 κατασχέσει
3655 541 3759 593 τοῦ

2105 624 2300 700 θρόνου
2331 621 2520 702 ὄρεξιν.

2172 747 2259 810 Τῷ
2319 740 2377 798 δὲ
2420 744 2596 820 ,ςφμέ
2646 739 2771 813 ἔτει,
2827 740 3169 804 ίνδικτιῶνος
3214 749 3276 812 ς’,
3336 743 3519 817 ἡμέρᾳ
3565 748 3757 817 Νοεμ-

2104 827 2259 907 ϐρίου
2296 834 2361 907 β’,
2401 834 2589 909 γέγονε
2645 834 2862 906 σεισμὸς
2914 833 3037 908 περὶ
3071 832 3214 908 ὥραν
3279 833 3307 885 ι’
3362 838 3463 901 τῆς
3516 833 3756 908 ἡμέρας,

2103 923 2189 976 καὶ
2244 919 2535 977 διετέλεσεν
2568 925 2601 992 ἡ
2652 924 2726 991 γῆ
2776 922 3027 995 σειομένη
3088 919 3249 995 ἄχρις
3308 920 3446 976 ὅλου
3497 924 3594 975 τοῦ
3647 923 3755 979 Ἰαο

2102 1011 2356 1085 νουαρίου
2420 1007 2608 1084 μηνός.
2667 1012 2857 1088 Γέγονε
2909 1008 2968 1066 δὲ
3017 1010 3107 1065 καὶ
3166 1009 3331 1082 λιμὸς
3357 1011 3492 1065 κατά
3519 1030 3577 1065 τε
3608 1010 3755 1085 Θρᾴ-

2103 1122 2205 1170 κην
2262 1100 2349 1155 καὶ
2404 1098 2777 1172 Μακεδονίαν,
2839 1100 3123 1171 Στρυμόνα
3177 1099 3269 1154 καὶ
3327 1098 3755 1170 Θεσσαλονίκην,

2102 1190 2191 1244 καὶ
2249 1190 2413 1265 μέχρι
2472 1189 2782 1251 Θετταλίας.
2843 1184 3308 1260 Καταϐοησάντων
3367 1186 3423 1243 δὲ
3474 1192 3579 1243 τῶν
3610 1187 3756 1259 κλη-

2107 1284 2270 1355 ρικῶν
2351 1277 2749 1346 Θεσσαλονίκης
2823 1280 3125 1355 Θεοφάνους
3183 1282 3279 1333 τοῦ
3340 1276 3759 1354 μητροπολίτου

2107 1368 2181 1430 ὡς
2240 1368 2678 1444 ἀποκρατοῦντος
2732 1370 2826 1430 τὰς
2879 1370 3123 1438 συνήθεις
3184 1369 3425 1438 σιτήσεις
3474 1367 3667 1439 αὐτῶν,
3730 1369 3759 1421 ὁ

2110 1458 2365 1534 βασιλεὺς
2423 1462 2490 1532 τῇ
2549 1456 2913 1532 Θεσσαλονίκῃ
2946 1452 3295 1533 ἐνδιατρίϐων
3334 1456 3522 1531 λόγοις
3552 1477 3759 1531 παραι-

2105 1554 2339 1610 νετικοῖς
2399 1548 2667 1624 ἐκέχρητο
2719 1549 2857 1623 πρὸς
2888 1547 3068 1615 αὐτὸν,
3126 1547 3216 1601 καὶ
3246 1546 3475 1620 παρῄνει
3512 1548 3587 1617 μὴ
3621 1546 3759 1601 ἀπο-

2107 1642 2312 1713 στερεῖν
2373 1638 2463 1692 τὸν
2506 1645 2607 1707 τῆς
2639 1636 2933 1708 ἐκκλησίας
2972 1634 3103 1691 λαὸν
3134 1639 3242 1691 τῶν
3295 1636 3399 1690 ἀπὸ
3446 1636 3620 1708 νόμου
3675 1657 3761 1690 σι-

2104 1726 2414 1801 τηρεσίων.
2474 1729 2557 1799 [Ρ.
2615 1730 2742 1798 741]
2795 1731 2900 1781 Τοῦ
2962 1724 3018 1781 δὶ
3062 1724 3478 1801 τραχυνομένου
3525 1725 3615 1779 καί
3680 1726 3760 1798 μή

341 1831 732 1886 compescere.
767 1814 944 1869 Mittit
988 1815 1168 1886 igitur
1197 1814 1514 1886 quemdam
1548 1831 1791 1870 suorum
1827 1814 2001 1870 mini-

2121 1817 2453 1889 ὑπείκοντος,
2510 1812 2651 1891 ἔγνω
2682 1814 2789 1871 δεῖν
2848 1817 2876 1871 6
2933 1814 3188 1892 βασιλεὺς
3222 1814 3401 1889 ἀπάτῃ
3454 1812 3762 1889 περιελθεῖν

347 1909 627 1972 strorum,
688 1908 894 1959 mutuo
954 1904 1065 1959 sibi
1118 1904 1243 1959 dari
1306 1908 1509 1975 petens
1567 1920 1751 1959 unum
1807 1909 1999 1959 cente-

348 1994 578 2050 narium
612 1993 795 2048 donec
822 1992 931 2048 sibi
980 2010 1189 2048 aurum
1231 1991 1506 2064 Byzantio
1551 1992 1877 2049 efferretur.
1912 1995 2002 2049 In-

346 2084 626 2154 terposito
648 2082 1042 2153 jurejurando
1076 2083 1309 2153 negavit
1350 2082 1660 2154 episcopus
1694 2081 1910 2138 habere
1940 2099 2003 2139 se

346 2172 501 2228 ultra
532 2171 772 2244 triginta
801 2170 1001 2227 libras.
1024 2173 1101 2227 Eo
1122 2172 1394 2226 submoto
1414 2171 1732 2243 imperator
1761 2171 2002 2227 thesau-

349 2279 447 2318 ros
480 2261 669 2334 ipsius
699 2260 973 2331 excussit,
1006 2260 1343 2332 invenitque
1374 2261 1499 2316 auri
1534 2262 1865 2317 centenaria
1898 2263 2003 2317 tri-

350 2352 515 2423 ginta
543 2352 673 2407 tria.
710 2354 788 2407 De
832 2350 927 2407 his
977 2349 1254 2422 persolvit
1300 2350 1525 2406 clericis
1557 2368 1682 2422 quae
1730 2369 1763 2405 a
1816 2351 2003 2423 primo

351 2439 729 2512 Theophanis
778 2439 1317 2512 archiepiscopatus
1370 2457 1524 2495 anno
1575 2441 1631 2494 in
1683 2457 1816 2496 eum
1849 2441 2002 2497 519

356 2546 545 2600 usque
577 2528 730 2584 diem
764 2528 1127 2584 debebantur
1177 2529 1398 2595 omnia,
1433 2528 1656 2601 reliqua
1687 2528 1835 2584 inter
1867 2547 2007 2601 pau-

355 2634 522 2691 peres
554 2617 780 2688 dividit,
813 2622 871 2673 et
903 2617 1322 2689 Theophanem
1356 2617 1603 2674 ecclesia
1642 2620 1911 2674 abactum
1945 2619 2004 2673 in

357 2707 654 2778 quoddam
687 2706 968 2778 praedium
993 2707 1300 2779 deportat:
1336 2706 1741 2779 episcopatum
1776 2712 2007 2763 Prome-

352 2796 487 2852 theo
518 2795 854 2861 committit,
879 2798 1237 2869 mandatque
1270 2801 1333 2851 ut
1362 2796 1701 2869 Theophani
1731 2796 2008 2854 alimenta

356 2886 613 2959 praebeat
646 2885 813 2956 isque
848 2885 1107 2956 privatus
1136 2884 1308 2941 vivat.

2114 1905 2276 1961 αὐτὸν
2343 1904 2435 1959 καὶ
2503 1903 2735 1960 κολάσαι
2798 1906 2897 1974 τήν
2952 1902 3258 1974 ἀπληστίαν
3308 1902 3494 1959 αύτοῦ.
3549 1901 3763 1975 Πέμπει

2115 1993 2205 2050 οὖν
2254 2015 2374 2049 τινα
2402 1999 2509 2049 τῶν
2569 1994 2980 2071 ὑπηρετούντων
3034 1993 3203 2065 αὐτῷ,
3254 1991 3471 2063 έξαιτῶν
3521 1988 3767 2047 ἐκδανεῖ-

2111 2083 2199 2139 σαί
2249 2084 2299 2139 οἱ
2329 2083 2678 2159 κεντηνάριον
2709 2079 2788 2152 ἓν,
2847 2082 3044 2158 μέχρις
3099 2081 3159 2137 ἂν
3214 2080 3273 2137 έκ
3301 2079 3599 2151 Βυζαντίου
3628 2100 3764 2156 χρυ-

2113 2174 2227 2229 σίον
2262 2171 2665 2247 διαγμομισθείη.
2724 2175 2784 2231 Ὁ
2844 2172 2901 2228 δὲ
2931 2171 3221 2245 ἐνωμότως
3262 2172 3615 2245 ἆπηρνήσατο
3684 2172 3764 2243 μὴ

2113 2262 2259 2338 ἔχειν
2312 2260 2459 2333 πλην
2506 2264 2800 2338 τριάκοντα
2822 2260 3047 2337 λιτρῶν.
3098 2260 3199 2319 Καὶ
3230 2265 3419 2315 τοῦτον
3458 2259 3554 2333 μὶν
3595 2259 3769 2314 ἐκποο

2116 2350 2221 2407 δὼν
2285 2352 2597 2425 μεθίστησιν
2658 2351 2685 2406 ὁ
2747 2350 3025 2427 βασιλεὺς,
3073 2347 3400 2414 ἀποστείλας
3439 2346 3495 2404 δὲ
3550 2346 3640 2403 καὶ
3700 2348 3772 2403 τά

2111 2447 2336 2515 ταμιεῖα
2392 2442 2558 2496 αὐτοῦ
2620 2438 3102 2518 διερευνησάμενος
3175 2439 3295 2513 εὗρε
3371 2436 3605 2513 χρυσίου
3654 2459 3770 2493 κεν-

2112 2530 2343 2605 τηνάρια
2371 2532 2662 2605 τριάκοντα
2707 2529 2985 2605 καὶ,τρία’
3040 2528 3091 2599 ἐξ
3139 2529 3211 2583 ὧν
3265 2525 3454 2583 δίδωσι
3504 2527 3600 2601 μὲν
3645 2533 3768 2589 τοῖς

2114 2619 2406 2695 κληρικοῖς
2482 2619 2547 2674 τὰ
2624 2618 2955 2696 ὀφειλόμενα
3016 2617 3121 2673 ἀπὸ
3176 2617 3399 2694 πρώτου
3454 2613 3608 2677 ἓτους
3662 2622 3767 2685 τῆς

2116 2708 2530 2785 ἀρχιερωσύνης
2605 2708 2700 2763 τοῦ
2768 2708 3072 2785 Θεοφάνους
3148 2703 3254 2768 ἓως
3303 2712 3404 2776 τῆς
3464 2703 3766 2775 ἐνεστώσης

2118 2797 2283 2873 ὥρας,
2334 2796 2401 2851 τὰ
2444 2794 2502 2851 δὲ
2568 2794 2739 2852 λοιπά
2795 2796 2987 2867 πένησι
3021 2794 3283 2869 διανέμει,
3312 2795 3404 2849 καὶ
3431 2794 3521 2849 τὸν
3552 2814 3763 2869 μητρος-

2116 2883 2350 2957 πολίτην
2412 2886 2602 2957 ἐξωθεῖ
2656 2889 2755 2955 τῆς
2795 2883 3089 2955 ἐκκλησίας
3139 2886 3228 2941 καὶ
3275 2882 3325 2939 έν
3384 2904 3491 2939 τινι
3522 2886 3766 2956 κτήματι

354 2972 676 3049 περιορίζει.
708 2972 988 3050 Ἐφίστησι
1022 2970 1078 3028 δὲ
1112 2972 1408 3050 Προμηθέα
1435 2976 1503 3048 τῇ
1541 2971 1906 3051 μητροπόλει,
1939 2975 2067 3051 παρ’
2098 2975 2160 3030 οὗ
2189 2976 2279 3030 καὶ
2314 2973 2473 3038 οὗτος
2524 2974 2803 3052 σιτηρέσια
2850 2968 3149 3047 λαμϐάνειν
3197 2975 3476 3031 τετύπωτο
3521 2974 3611 3029 καὶ
3642 2971 3770 3027 καθ’

356 3062 543 3118 ἑαυτὸν
571 3060 773 3138 διάγειν
786 3107 797 3119 .

426 3209 569 3261 Cum
602 3210 796 3261 autem
833 3206 1172 3263 Pancratius
1221 3206 1483 3277 Abasgiaa
1527 3206 1803 3263 dominus
1834 3206 2002 3263 vehe-
2035 3192 2077 3259 C

356 3301 583 3352 menter
599 3300 832 3367 urgeret
856 3296 1100 3351 Jasitam
1126 3296 1412 3368 superiori
1436 3297 1633 3352 lberite
1658 3297 2007 3368 principem,

353 3386 612 3442 Joannes
644 3392 848 3440 contra
878 3402 1011 3440 eum
1060 3386 1277 3441 emittit
1327 3386 1781 3440 Constantinum
1816 3387 2009 3441 dome-

357 3474 575 3531 sticum
621 3474 981 3544 scholarum,
1032 3475 1267 3529 fratrem
1318 3492 1515 3540 suum,
1550 3491 1681 3528 cum
1733 3475 2009 3531 omnibus

359 3562 745 3619 orientalibus
775 3562 980 3633 cepiis,
1016 3561 1314 3633 pollicitus
1359 3563 1409 3617 ei
1448 3563 1772 3617 missurum
1806 3581 1867 3619 se
1898 3565 2007 3620 Da-

358 3652 659 3708 lassenum
701 3652 1105 3708 consiliarium
1138 3669 1204 3707 ac
1244 3652 1527 3723 collegam
1576 3653 1712 3707 belli
1747 3653 2007 3724 gerendi.

361 3742 521 3806 Quod
574 3758 706 3796 cum
757 3758 871 3797 non
918 3741 1101 3812 ﬁeret,
1137 3757 1196 3795 re
1247 3742 1461 3797 infecta
1507 3742 1867 3799 domesticus
1898 3742 2014 3799 dis-

371 3829 565 3886 cessit.

436 4038 578 4092 Cum
611 4040 806 4091 autem
840 4052 1101 4109 purgans
1134 4037 1627 4093 medicamentum
1663 4042 2013 4109 accepturus

364 4129 811 4191 essetloannos,
836 4131 941 4181 Zoe
971 4132 1237 4195 Augusta
1263 4127 1473 4182 certior
1505 4129 1656 4182 facta
1681 4127 2013 4183 fidelissimi

365 4233 608 4272 suorum
640 4217 1045 4271 cunuchorum
1070 4216 1349 4287 Sguritzre
1372 4233 1549 4287 opera
1580 4216 1869 4272 medicum
1898 4233 2012 4272 non

363 4305 588 4376 exiguis
630 4305 974 4361 muneribus
1013 4305 1355 4376 corrumpit,
1402 4305 1657 4377 pollicita
1681 4322 1743 4362 se
1772 4322 1906 4362 eum
1941 4306 2013 4361 ad

362 4395 493 4450 vitae
517 4410 814 4449 summum
858 4394 1230 4465 splendorem
1263 4400 1319 4450 et
1348 4395 1749 4467 amplissimas
1783 4395 2014 4451 divitias

366 4482 676 4547 elaturam,
710 4483 759 4539 si
794 4483 1222 4538 medicamento
1253 4483 1578 4539 admisceat
1606 4484 1817 4540 lethale
1845 4500 2013 4540 vene-

2190 3206 2526 3284 Παγκρατίου
2603 3203 2661 3262 δὲ
2725 3210 2822 3261 τοῦ
2888 3204 3230 3280 ἐξουσιαστοῦ
3287 3199 3579 3279 Ἀϐασγίας
3629 3223 3772 3279 σφο-

2118 3294 2260 3370 δρῶς
2317 3295 2660 3369 έπικειμένου
2716 3301 2797 3368 τῷ
2847 3297 3129 3352 κατεπάνω
3187 3291 3423 3368 Ἰϐηρίας
3478 3298 3557 3365 τῷ
3607 3290 3770 3349 Ἰασίο

2116 3407 2207 3461 τῃ,
2269 3386 2296 3440 ὁ
2344 3384 2603 3455 Ἰωάννης
2662 3385 2797 3458 μετὰ
2826 3390 2934 3442 τῶν
2964 3387 3254 3461 ταγμάτων
3283 3392 3383 3456 τῆς
3409 3386 3521 3439 Ἕω
3546 3382 3766 3437 πάντων

2117 3475 2207 3530 τὸν
2271 3472 2593 3548 δομέστικον
2651 3477 3057 3531 Κωνσταντῖνον
3114 3480 3221 3530 τῶν
3273 3472 3518 3550 σχολῶν,
3548 3472 3641 3527 τὸν
3676 3470 3771 3526 αὖ-

2117 3568 2213 3618 τοῦ
2262 3560 2518 3641 ἀδελφὸν,
2575 3562 2861 3636 ἐκπέμπει,
2919 3562 3406 3639 καθυποσχόμενος
3464 3561 3772 3633 συνεκπέμ-

2120 3656 2215 3727 ψαι
2271 3652 2448 3724 τούτῳ
2501 3651 2589 3707 καί
2646 3653 2737 3707 τὸν
2800 3651 3169 3724 Δαλασσηνὸν,
3230 3653 3304 3715 ὡς
3337 3650 3395 3706 ἂν
3440 3649 3542 3727 ἔχῃ
3574 3655 3770 3705 τοῦτον

2121 3737 2434 3815 σύμϐουλον
2468 3742 2555 3796 καὶ
2596 3742 2943 3817 παραστάτην
2988 3742 3039 3796 iv
3084 3748 3202 3805 τοῖς
3249 3741 3537 3813 πολέμοις.
3595 3744 3775 3795 Τοῦτο

2123 3828 2179 3885 δὲ
2206 3830 2305 3885 ούκ
2344 3830 2589 3904 ἐποίησε,
2632 3851 2721 3885 και
2780 3829 2975 3886 λοιπὸν
3032 3832 3306 3904 ἄπρακτος
3364 3832 3392 3885 6
3451 3828 3777 3903 δομέστικος

2125 3920 2474 3989 ὑπενόστησε.

2196 4034 2509 4097 Μέλλοντος
2570 4032 2628 4090 δὲ
2683 4040 2779 4090 τοῦ
2838 4037 3085 4092 Ἰωάννου
3134 4035 3425 4111 καθαρσίου
3485 4038 3778 4110 μετασχεῖν

2124 4126 2435 4202 φαρμάκου,
2496 4129 2696 4199 γνοῦσα
2745 4129 2908 4180 τοῦτο
2962 4127 3083 4194 Ζωή
3143 4127 3177 4195 ἡ
3233 4124 3447 4201 βασιλὶς
3490 4122 3578 4179 διά
3627 4144 3777 4185 τινος

2122 4217 2230 4267 τῶν
2310 4214 2659 4269 οἰκειοτάτων
2738 4213 2874 4287 αὐτῇ
2952 4214 3229 4290 εὐνούχων
3300 4219 3397 4270 τοῦ
3473 4213 3779 4289 λεγομένου

2127 4301 2453 4376 Σγουρίτζη,
2510 4301 2713 4377 δώροις
2740 4302 3051 4381 ύποφθείρει
3073 4305 3164 4357 τὸν
3200 4303 3379 4379 ἲατρὸν
3412 4301 3510 4359 οὐκ
3538 4301 3776 4378 ὀλίγοις,

2128 4391 2485 4467 ὑποσχομένη
2514 4392 2566 4453 ές
2604 4392 2727 4467 βίου
2767 4413 2824 4447 τε
2866 4394 3209 4471 περιφάνειαν
3266 4392 3404 4466 ἄξειν
3464 4392 3624 4447 αὐτὸν
3684 4392 3777 4446 καὶ

2124 4479 2366 4535 πλούτου
2443 4481 2747 4555 ὑπεροχὴν,
2828 4480 2873 4535 εἰ
2949 4482 3161 4557 κεράσει
3218 4486 3298 4554 τῷ
3355 4479 3629 4557 φαρμάκῳ
3686 4481 3780 4535 καὶ

365 4588 529 4628 num.
561 4573 671 4627 Sed
708 4589 852 4643 puer
882 4572 1121 4642 quidam
1154 4572 1363 4627 medici
1397 4572 1655 4627 famulus
1685 4573 1894 4628 Joanni
1929 4574 2004 4628 in-

2122 4566 2485 4642 δηλητήριον.
2547 4566 2841 4645 Παιδαρίου
2874 4567 2933 4625 δέ
2976 4591 3123 4633 τινος
3153 4574 3261 4626 τῶν
3316 4570 3778 4644 ὑπηρετουμένων

366 4662 550 4717 sidias
580 4662 835 4723 detexit;
866 4661 1057 4732 iisque
1080 4661 1499 4716 demonstratis
1530 4662 1795 4716 medicus
1816 4662 2015 4718 Antio-

365 4750 579 4816 chiam,
610 4767 735 4822 qua;
767 4750 818 4805 ei
852 4750 1043 4805 fuerat
1087 4750 1296 4820 patria,
1330 4749 1644 4821 relegatur,
1678 4750 2015 4806 Constanti-

364 4856 478 4896 nus
509 4838 811 4910 Mucupela
846 4839 1378 4911 protospatbarius,
1410 4838 1511 4910 qui
1561 4854 1850 4895 venenum
1901 4839 2015 4893 mi-

366 4934 616 4995 scuerat,
653 4930 797 4985 urbe
828 4928 1083 5000 ejicitur,
1116 4933 1175 4983 et
1204 4929 1277 4983 de
1306 4930 1573 5001 Augusta
1602 4943 1668 4983 eo
1700 4927 2016 4984 deteriores

365 5022 545 5075 auctae
578 5018 969 5092 suspiciones.

435 5216 590 5272 520
619 5219 694 5271 Ut
724 5216 780 5269 in
826 5213 1079 5270 Siciliam
1121 5211 1350 5285 appulit
1396 5211 1673 5284 Georgius
1702 5211 2016 5284 Maniaces,

364 5304 466 5375 qui
496 5320 625 5360 eam
659 5304 936 5359 tenebant
989 5302 1219 5367 fratres,
1255 5317 1399 5373 pace
1448 5302 1598 5356 facta
1645 5300 1799 5355 inter
1830 5316 1892 5355 se
1922 5316 2017 5355 co-

365 5394 484 5448 nati
518 5398 656 5448 sunt
684 5409 815 5449 eum
850 5390 1045 5446 insula
1076 5390 1289 5461 pellere
1348 5391 1570 5445 adscito
1601 5407 1667 5445 ex
1697 5389 1887 5445 Africa
1921 5406 2020 5444 au-

363 5482 501 5537 xilio
536 5482 791 5537 virorum
826 5481 1022 5535 50000.
1071 5478 1417 5534 Conﬂictum
1452 5480 1519 5533 ad
1554 5479 1745 5534 locum
1781 5479 1871 5533 cui
1908 5479 2016 5534 Re-

367 5576 525 5627 mata
574 5588 809 5640 nomen,
852 5574 909 5624 et
960 5569 1093 5624 victi
1144 5568 1652 5640 Carthaginenses,
1698 5584 2020 5639 eorumque

365 5664 529 5717 tanta
559 5660 715 5716 edita
736 5665 963 5731 strages
980 5663 1045 5713 ut
1061 5656 1345 5730 sanguine
1364 5674 1595 5715 amnem
1624 5649 2019 5731 prmterflu'en-

2122 4664 2203 4729 τῷ
2264 4658 2433 4729 ἱατρῷ
2476 4659 2813 4730 μηνύσαντος
2838 4659 2901 4714 τὸ
2933 4661 3263 4734 σκευώρημα
3292 4665 3371 4732 τῷ
3402 4660 3651 4733 Ἰωάννῃ,
3685 4659 3778 4712 καὶ

2122 4754 2223 4815 τῆς
2256 4742 2559 4815 ἐπιϐουλῆς
2589 4746 2967 4823 ἐλεγχθείσης,
2997 4750 3026 4804 6
3062 4750 3157 4821 μὶν
3204 4749 3387 4823 ἰατρὸς
3431 4747 3508 4810 είς
3558 4747 3775 4802 Ἀντιό-

2124 4855 2279 4911 χειαν
2308 4837 2409 4904 τὴν
2438 4835 2603 4891 αὐτοῦ
2632 4835 2865 4911 πατρίδα
2885 4837 3233 4913 ἐξορίζεται,ὁ
3257 4836 3315 4893 δι
3342 4837 3404 4892 τὸ
3431 4833 3777 4912 δηλητήριον

2126 4925 2590 4998 συσκευασάμενος
2624 4931 3023 4988 Κωνσταντῖνος
3052 4926 3541 5002 πρωτοσπαθάριος
3570 4926 3599 4980 6
3632 4926 3781 4982 Μουο

2125 5012 2403 5083 κουπέλης
2436 5013 2710 5085 ἐξωθεῖται
2739 5022 2839 5086 τῆς
2860 5014 3099 5085 πόλεως,
3130 5016 3221 5071 καὶ
3250 5019 3286 5087 ἡ
3318 5013 3534 5092 βασιλὶς
3562 5012 3615 5068 έν
3653 5014 3782 5069 ὑπο-

2124 5102 2271 5177 ψίαις
2304 5099 2477 5159 ἔκειτο
2511 5101 2776 5177 μείζοσιν.

2195 5211 2354 5277 ’Ἄρτι
2434 5206 2492 5264 δὲ
2556 5211 2645 5265 καί
2706 5213 2988 5288 Γεωργίου
3032 5211 3320 5288 πατρικίου
3376 5214 3474 5266 τοῦ
3528 5208 3779 5280 Μανιάκη

2122 5299 2221 5368 τήν
2271 5296 2527 5353 Σικελίαν
2572 5296 2997 5370 καταλαϐόντος,
3039 5302 3091 5356 οἳ
3143 5301 3345 5373 ταύτης
3376 5298 3634 5377 ἄρχοντες
3688 5299 3781 5354 καὶ

2126 5385 2457 5466 αύτάδελφοι
2532 5389 2881 5463 σπεισάμενοι
2958 5390 3099 5466 πρὸς
3170 5390 3457 5462 ἀλλήλους
3516 5384 3779 5444 ἔσπευδον

2124 5476 2390 5533 ἀπελάσαι
2457 5483 2653 5533 τοῦτον
2710 5486 2810 5549 τῆς
2867 5481 3060 5551 νήσου.
3096 5481 3189 5535 Διὸ
3245 5482 3335 5535 καὶ
3376 5477 3694 5554 συμμαχίαν
3729 5470 3781 5539 ἒξ

2127 5567 2395 5643 Ἀφρικῆς
2470 5570 2881 5643 μετεπέμψαντο
2957 5568 3216 5645 χιλιάδας
3267 5572 3648 5640 πεντήκοντα·
3710 5568 3782 5636 ἧς

2125 5655 2395 5728 ἐλθούσης
2453 5658 2656 5734 γίνεται
2708 5654 2962 5733 συμϐολή
3020 5661 3268 5735 κραταιὰ·
3328 5656 3464 5715 κατὰ
3498 5658 3567 5713 τὰ
3614 5655 3784 5733 λεγό-
