4014 6194
216 348 339 409 253

223 500 358 554 μενι

221 566 698 645 Καρχηδονίουςὸ
749 568 1059 641 Μανιάκης,
1118 567 1384 624 τοσούτου
1436 568 1732 645 γινομένου
1792 568 1886 641 φό-

1373 343 1922 407 HISTORIARUM
1970 314 2511 407 COMPENDIUM.

440 480 705 551 Ῥήματα,
759 480 849 534 καὶ
921 479 1173 554 τρέπεται
1259 478 1397 533 κατὰ
1470 477 1667 555 κράτος
1756 476 1877 539 τοὺς

2002 481 2116 535 tem
2137 478 2470 534 inundat-et.
2493 478 2627 534 Post
2643 478 2764 534 haec
2790 478 2964 534 urbes
2984 477 3192 534 Sicilia
3214 478 3277 533 13
3297 480 3445 552 cepit
3468 481 3648 539 Geor-

3526 349 3647 410 254

1997 568 2897 641 gius,paulatimqueprocedens
2915 572 3097 624 totam
3116 567 3372 624 insulam
3393 571 3643 643 subegit.

222 679 321 713 νου
352 660 427 719 ὼς
456 658 546 712 τὸν
580 656 961 734 παραρρέοντα
984 658 1228 731 ποταμὸν
1262 656 1672 733 πλημμυρῆσαι
1703 660 1782 729 τῷ
1817 655 2031 730 αἵματι.
2067 658 2217 713 Μετὰ
2240 654 2297 711 δὶ
2326 661 2491 711 ταῦτα
2522 655 2632 712 εἷλε
2660 655 2851 719 πόλεις
2912 655 3198 717 Σικελικὰς
3252 657 3337 730 ιγ’,
3370 656 3458 710 καὶ
3513 660 3650 714 κατὰ

223 748 434 822 μικρὸν
466 747 673 821 προϊὼν
703 754 877 801 πᾶσαν
911 746 1245 822 ἐχειρώσατο
1276 748 1373 817 τὴν
1406 754 1592 816 νῆσον.

290 840 388 909 Τῷ
449 833 508 891 δὶ
558 838 738 914 ,ςφμξ
798 830 924 905 ἔτει,
985 834 1325 899 ἷνδικτιῶνος
1384 838 1449 907 ς’,
1489 835 1707 912 γέγονεν
1768 836 1885 890 ἐπι-

220 922 403 995 ϐουλή
456 927 593 980 κατα
638 932 739 995 τῆς
784 925 997 988 πόλεως
1050 924 1325 996 Ἐδέσσης·
1367 927 1457 980 καὶ
1520 929 1720 1000 μικρὸῦ
1778 922 1884 979 δεῖν

218 1016 393 1083 ἑάλω,
431 1015 478 1070 εί
536 1017 613 1088 μή
693 1016 822 1078 Θεὸς
898 1012 1216 1071 διεσώσατο.
1282 1020 1731 1090 Στρατηγοῦντος
1787 1014 1887 1090 γὰρ

217 1106 271 1160 ἑν
307 1104 449 1177 αὐτῇ
488 1109 585 1159 τοῦ
642 1104 1137 1179 πρωτοσπαθαρίου
1189 1100 1531 1180 Βαρασϐατζὶ
1588 1107 1682 1158 τοῦ
1734 1100 1887 1173 ’16η-

214 1214 335 1267 ρος,
398 1194 486 1267 [Ρ.
541 1195 671 1267 742]
753 1192 1011 1269 ἄρχοντες
1084 1198 1192 1249 τῶν
1255 1188 1499 1269 Ἀράϐων
1575 1192 1664 1268 ιβ’,
1705 1192 1892 1255 ἱππεῖς

214 1280 445 1356 ἔχοντες
483 1284 531 1359 φ’
561 1283 653 1336 καὶ
697 1280 988 1355 καμήλους
1021 1284 1090 1359 φ’,
1125 1277 1359 1337 κιϐώτια
1420 1281 1681 1360 φερούσας
1733 1279 1891 1356 χίλια

214 1366 435 1426 ἔνδοθεν
498 1368 700 1447 ἔχοντα
782 1369 1094 1447 δισχιλίους
1173 1371 1424 1444 ὁπλίτας,
1477 1373 1575 1440 τήν
1633 1368 1886 1427 Ἔδεσσαν

213 1458 610 1536 κατειλήφασι,
672 1461 966 1537 φάσκοντες
1022 1462 1095 1522 ὡς
1160 1457 1387 1536 βασιλέα
1457 1460 1666 1515 ἀπιέναι
1742 1456 1891 1535 δῶρα

217 1550 575 1621 κομίζοντες.
607 1551 708 1604 Ἦν
757 1548 814 1604 δὲ
866 1548 1043 1611 αύτοτς
1077 1552 1111 1619 ἡ
1142 1551 1291 1625 ὁρμὴ
1322 1546 1471 1604 ἔνδον
1516 1556 1617 1619 τῆς
1674 1547 1889 1611 πόλεως

222 1638 537 1713 εῗσαγαγεῖν
596 1639 665 1694 τὰ
724 1634 959 1694 κιϐώτια
1036 1640 1127 1694 καὶ
1211 1638 1424 1712 νύκτωρ
1477 1639 1605 1703 τοὺς
1662 1635 1891 1700 ὁπλίτας

220 1723 484 1783 ἐκϐαλεῖν
512 1728 604 1781 καὶ
644 1734 941 1804 κατασχεῖν
997 1729 1097 1798 τὴν
1140 1723 1324 1784 πὸλιν.
1358 1729 1420 1784 Ὀ
1478 1724 1534 1781 δὲ
1592 1728 1891 1803 στρατηγὸς

213 1818 346 1879 τοὺς
379 1818 480 1889 μὲν
543 1816 815 1893 ἄρχοντας
873 1817 1225 1896 φιλοφρόνως
1284 1804 1497 1889 ἐδέξατο
1553 1818 1642 1873 καὶ
1701 1819 1891 1874 εἱστία,

2076 838 2287 894 Eodem
2322 854 2497 906 anno,
2537 837 2856 893 indictione
2888 841 3068 905 sexta,
3104 854 3309 910 parum
3363 836 3551 893 abfuit
3581 854 3651 893 ne

1999 927 2218 983 Edessa
2250 928 2381 983 dolo
2411 933 2732 999 caperetur,
2760 934 2872 981 Deo
2906 944 2976 983 ne
3001 928 3053 981 id
3081 928 3241 983 ﬁeret
3273 926 3647 999 impediente.

1998 1014 2250 1069 Praeerat
2281 1014 2411 1069 urbi
2464 1014 2512 1069 ei
2565 1015 2942 1069 Barasbatzes
2994 1015 3197 1070 lberus
3246 1016 3651 1087 protospatha-

1998 1106 2141 1159 rius.
2180 1104 2470 1159 Accedunt
2501 1104 2570 1158 ad
2606 1121 2738 1158 eum
2762 1104 2979 1159 Arabes
3011 1105 3273 1176 primarii
3294 1105 3397 1159 viri
3425 1106 3491 1159 12
3513 1121 3644 1161 cum

1999 1193 2297 1264 equitibus
2328 1194 2432 1247 500
2458 1198 2512 1248 et
2536 1193 2777 1248 totidem
2805 1192 3045 1247 camelis
3064 1210 3227 1248 arcas
3252 1194 3645 1264 portantibus,

1998 1282 2058 1337 in
2091 1282 2306 1353 quibus
2329 1284 2442 1337 duo
2476 1287 2835 1338 armatorum
2856 1283 3043 1337 millia
3073 1282 3353 1349 latebant,
3375 1300 3550 1355 seque
3574 1283 3641 1337 ad

1999 1373 2409 1443 imperatorem
2471 1389 2782 1427 munerum
2844 1372 3273 1427 oii‘erendorum
3330 1389 3509 1428 causa
3566 1372 3648 1429 ire

1999 1461 2183 1516 aiunt.
2220 1464 2559 1517 Statuerant
2589 1478 2722 1516 vero
2756 1462 2908 1517 arcis
2936 1462 2993 1516 in
3028 1462 3231 1517 urbem
3264 1461 3440 1517 illatis
3472 1467 3643 1517 noctu

1998 1550 2213 1606 milites
2246 1567 2511 1622 promere
2552 1556 2610 1605 et
2658 1552 2862 1605 urbem
2912 1566 3217 1623 occupare.
3270 1550 3648 1608 Barasbatzes

1999 1640 2294 1713 principes
2344 1640 2585 1696 comiter
2641 1639 2852 1711 accipit
2910 1646 2967 1695 et
3026 1640 3354 1695 convivium
3408 1641 3645 1713 praebet,

1999 1730 2227 1803 equites
2258 1733 2451 1784 tamen
2506 1736 2558 1784 et
2600 1729 3024 1801 impedimenta
3052 1729 3110 1783 in
3160 1730 3365 1784 urbem
3397 1745 3512 1784 non
3544 1730 3647 1784 ad-
3678 1758 3679 1761 η

2003 1820 2204 1874 mittit.
2241 1820 2407 1874 Forte
2430 1819 2669 1891 quidam
2706 1819 3018 1873 Armenius
3050 1818 3357 1874 mendicus
3389 1835 3521 1873 cum
3553 1836 3646 1874 ac-

214 1908 346 1969 τοῦς
373 1903 431 1961 δὲ
463 1907 653 1969 ἱππεῖς
686 1906 775 1960 καὶ
805 1908 904 1975 τὴν
967 1908 1272 1976 ἀποσκευὴν
1334 1905 1523 1980 ἔξωθεν
1586 1905 1867 1972 διαιτᾶσθα

1999 1909 2274 1965 cessisset
2311 1908 2409 1963 ubi
2443 1908 2714 1964 Saraceni
2762 1907 3299 1974 commorabantur,
3334 1909 3646 1974 quemdam

214 1994 487 2052 ἐκέλευσε.
549 1995 723 2067 Πένης
796 1992 853 2051 δὲ
918 2018 1003 2058 τις
1075 1995 1360 2072 Ἀρμένιος
1432 2002 1721 2072 μεταιτῶν,
1772 1996 1893 2052 ἔνθα

215 2083 518 2154 ηὐλίζοντο
593 2086 644 2139 οἱ
715 2086 1029 2161 Σαρακηνοὶ
1106 2086 1421 2161 γενόμενος,
1462 2085 1668 2156 ἤκουσὲ
1743 2108 1889 2149 τινος

214 2178 322 2228 τῶν
359 2173 416 2228 ἐν
446 2180 566 2235 τοῖς
596 2169 881 2236 κιϐωτίοις
915 2170 1058 2248 (ᾔδει
1091 2174 1195 2251 γὰρ
1244 2173 1335 2230 xui
1392 2177 1491 2245 τήν
1548 2180 1656 2231 τῶν
1714 2182 1888 2251 Σαρα-

211 2268 394 2333 κηνῶν
459 2260 775 2337 διάλεκτον)
837 2261 1204 2338 διερωτῶντός
1262 2286 1409 2327 τινος
1468 2266 1594 2320 ὅποι
1648 2266 1885 2343 πάρεισι,

211 2354 299 2406 καὶ
365 2350 597 2428 δραμὼν
660 2350 966 2429 ἀπήγγειλε
1023 2359 1103 2425 τῷ
1163 2353 1475 2431 στρατηγῷ.
1532 2360 1586 2409 Ὀ
1643 2352 1699 2409 δὲ
1763 2354 1889 2420 τοὺς

216 2442 496 2517 ἄρχοντας
554 2441 745 2505 ἐσθίειν
806 2441 964 2503 ἐάσας
1043 2440 1235 2515 ἐξῆλθε
1306 2445 1424 2516 μεθ’
1484 2442 1746 2511 ὁπλιτῶν,
1795 2446 1883 2499 καὶ

215 2528 517 2607 διαῤῥῆξας
550 2533 617 2585 τὰ
647 2525 882 2586 κιϐώτια
912 2531 1000 2586 καὶ
1034 2531 1159 2595 τοὺς
1222 2531 1453 2595 ὁπλίτας
1507 2530 1657 2589 ἔνδον
1712 2534 1883 2609 εὑρὼν

213 2622 457 2681 ἅπαντας
520 2617 695 2693 ἄρδην
745 2620 1015 2699 ἇπὲσσαξε
1063 2622 1154 2675 σὺν
1206 2627 1324 2684 τοῖς
1372 2623 1591 2677 ἱππεῦσι
1623 2624 1709 2677 καὶ
1769 2629 1885 2685 τοῖς

208 2708 695 2781 κειμηλοκόμοις⁸
754 2709 867 2764 εἶτα
943 2709 1079 2784 πρὸς
1152 2711 1251 2779 τήν
1321 2710 1484 2766 πόλιν
1546 2712 1885 2787 ὑποστρέψας

2004 2015 2204 2054 eorum
2237 1999 2332 2070 qui
2366 1998 2424 2053 in
2474 1998 2624 2053 arcis
2673 1998 2935 2053 latebant
2968 1996 3131 2052 audit
3178 1996 3419 2052 ubinam
3452 2002 3651 2053 essent

2002 2092 2353 2160 quaerentem
2385 2088 2541 2159 (nam
2575 2104 2776 2143 eorum
2808 2086 3068 2159 linguam
3096 2087 3306 2157 norat),
3327 2086 3649 2159 statimque

2002 2179 2072 2232 ad
2106 2178 2270 2232 urbis
2305 2178 2641 2250 praefectum
2688 2193 2999 2231 accurrens
3031 2176 3178 2232 521
3217 2174 3271 2229 id
3307 2175 3559 2230 nuntiat.
3592 2176 3647 2231 Is

2000 2266 2057 2321 in
2093 2266 2355 2321 convivio
2404 2265 2619 2320 relictis
2653 2264 3019 2337 principibus
3066 2280 3197 2319 cum
3247 2266 3371 2319 suis
3402 2264 3647 2320 armatis

1998 2356 2134 2427 exit,
2168 2355 2527 2427 direptisque
2575 2354 2726 2409 arcis
2771 2354 3036 2409 inventos
3082 2358 3402 2409 Saracenos
3435 2352 3646 2409 milites

1998 2446 2069 2501 ad
2101 2461 2283 2499 unum
2321 2461 2524 2500 omnes
2558 2460 2675 2498 una
2706 2460 2837 2498 cum
2866 2442 3167 2514 equitibus
3198 2446 3253 2497 et
3286 2442 3642 2513 agasonibus

1996 2535 2225 2591 occidit.
2245 2534 2385 2589 Inde
2407 2534 2462 2587 in
2482 2533 2683 2588 urbem
2710 2534 3058 2587 reversusde
3074 2530 3437 2603 principibus
3458 2547 3640 2584 unum

1992 2622 2625 2696 praecipuum,reliquis
2649 2620 3294 2692 interfectis,manibus,
3316 2620 3557 2675 auribus
3576 2637 3642 2674 ac

1997 2730 2138 2768 naso
2155 2713 2743 2783 mutila,domumque
2760 2710 2835 2765 rei
2851 2716 3025 2783 gestae
3041 2710 3301 2765 nuntium
3317 2725 3448 2763 eum
3469 2708 3647 2763 mittit

206 2800 338 2861 τούς
393 2800 493 2871 μὲν
546 2795 741 2853 ’ἕνδεκα
785 2804 891 2853 τῶν
943 2798 1225 2875 ἀρχόντων
1278 2802 1606 2872 ἀπέκτεινεν,
1637 2799 1731 2857 ἕνα
1764 2799 1821 2857 δὲ
1849 2802 1940 2857 τὸν
1972 2800 2248 2877 κρείττονα
2280 2798 2505 2877 ἄγγελον
2532 2804 2638 2854 τῶν
2674 2798 2974 2875 γεγονότων
3009 2798 3091 2854 ἐπ’
3122 2796 3274 2852 οἷ’κου
3309 2794 3642 2869 ἀπέστειλεν,

212 2887 511 2960 ἀποτεμὼν
548 2892 737 2962 χεῖρας
763 2888 909 2959 αύτῷ
937 2887 1025 2942 καὶ
1057 2890 1168 2943 ὦτα
1196 2890 1283 2944 καὶ
1318 2890 1457 2967 ῥῖνα.

279 2983 370 3049 Τῷ
435 2975 494 3032 δέ.
555 2982 731 3055 ’ςφμζ
790 2974 917 3046 ἔτει,
971 2975 1309 3042 ἶνδικτιῶνος
1369 2981 1428 3050 ζ’,
1486 2978 1764 3035 ἐπιτείνων
1818 2982 1880 3036 τὸ

210 3068 347 3138 πρὸς
401 3067 497 3120 τὸν
565 3064 915 3137 Δαλασσηνὸν
972 3060 1137 3142 ἔχθος
1191 3069 1219 3121 ὁ
1252 3068 1507 3140 Ἰωάννης
1570 3068 1878 3145 ὁπερορίζει

212 3156 295 3211 καὶ
330 3156 621 3229 Θεοφάνην
656 3155 936 3231 πατρίκιον
988 3157 1078 3210 τὸν
1132 3154 1366 3234 ἀδελφὸν
1426 3157 1620 3227 αὐτοῦ,
1646 3160 1731 3212 καὶ
1786 3158 1878 3213 τὸν

212 3242 397 3320 ’ἕτερον
466 3242 706 3321 ἀδελςιὸν
767 3246 936 3300 αὐτοῦ
992 3246 1081 3299 τὸν
1132 3247 1418 3319 πατρίκιον
1472 3248 1762 3320 Ῥωμανὸν,
1793 3247 1882 3301 καὶ

202 3332 502 3408 Ἀδριανὸν
572 3334 677 3388 τὸν
737 3335 957 3408 ἀνεψιὸν
1014 3333 1179 3389 αὐτοῦ
1226 3335 1467 3397 καὶτοὺς
1498 3334 1727 3399 λοιποὺς
1758 3336 1883 3399 τοὺς

2063 2984 2227 3037 Anno
2261 2982 2464 3037 mundi
2496 2981 2657 3051 6547,
2682 2980 3004 3035 indictione
3031 2980 3086 3047 7,
3110 2979 3367 3035 Joannes
3390 2981 3558 3033 aucto
3584 2977 3643 3031 in

1990 3070 2379 3127 Dalassenum
2412 3070 2545 3127 odio
2591 3069 3006 3142 Theophanem
3040 3083 3274 3141 quoque
3307 3066 3643 3139 patricium,

1993 3161 2227 3215 fratrem
2273 3160 2421 3230 ejus,
2456 3164 2513 3215 et
2560 3158 2809 3214 alterum
2860 3159 2988 3228 ejus
3020 3156 3257 3212 fratrem
3310 3154 3643 3228 patricium,

1994 3250 2346 3315 Romanum,
2406 3253 2462 3303 et
2520 3248 2838 3321 patruelem
2897 3246 3218 3302 Adrianum
3272 3244 3647 3316 reliquosque

1995 3338 2360 3411 propinquos
2383 3338 2509 3409 ejus
2535 3338 2975 3409 relegat,totum
3000 3338 3129 3407 ejus
3151 3352 3337 3407 genus
3361 3333 3646 3406 cupiense

207 3424 344 3477 κατὰ
401 3424 567 3497 γένος
630 3423 779 3495 αὐτῷ
857 3422 1206 3499 ἐγγίζοντας·
1269 3422 1489 3480 ἔσπευδε
1552 3426 1653 3503 γὰρ
1711 3423 1877 3501 ἄρδην

1996 3428 2182 3483 medio
2212 3426 2436 3483 tollere.
2476 3428 2541 3483 Ut
2572 3431 2767 3482 autem
2801 3430 2926 3481 erat
2958 3426 3029 3481 ad
3056 3441 3289 3480 omnem
3324 3422 3646 3495 nequitiam

210 3512 467 3589 ἆοανίσαι
522 3513 587 3566 τὸ
634 3512 780 3585 γένος
842 3512 1025 3571 αὐτοῦ,
1060 3513 1453 3589 Ποριμώτατος
1499 3512 1554 3569 δὲ
1612 3514 1686 3569 ὢν
1745 3516 1883 3589 πρὸς

218 3602 283 3669 ἣν
338 3600 399 3656 ἓν
457 3623 546 3663 τις
607 3598 749 3656 εἷ’ποι
807 3602 1023 3674 κακίαν,
1079 3610 1250 3658 πᾶσαν
1314 3603 1529 3680 ἐφεῦρεν
1590 3602 1711 3660 ὁδὸν
1774 3602 1884 3659 ἁδι-

216 3691 359 3758 κῖας,
408 3692 671 3767 προσθεὶς
732 3689 978 3747 ἐπέκεινα
1036 3697 1142 3746 τῶν
1202 3690 1489 3767 δημοσίων
1535 3693 1879 3767 τελεσμπὶτων

220 3777 431 3835 διδόναι
483 3778 712 3835 ’ἕκαστον
770 3786 879 3835 τῶν
942 3781 1163 3857 χωρίων
1215 3782 1346 3857 ὑπὲρ
1393 3783 1610 3859 ἀερικοῦ
1643 3786 1717 3857 (9)
1749 3784 1884 3839 κατὰ

213 3871 315 3938 τὴν
371 3869 650 3939 ποιότητα
687 3869 777 3923 καὶ
842 3869 999 3945 ἰσχὺν
1060 3870 1255 3941 αὐτῶν,
1288 3876 1366 3944 τῷ
1428 3873 1521 3945 μὶν
1573 3871 1883 3947 νομίσματα

212 3958 468 4031 τέσσαρα,
502 3963 585 4029 τῷ
615 3955 672 4012 δὲ
701 3957 756 4028 ’ἐξ
789 3956 920 4033 ἄχρι
970 3964 1079 4013 τῶν
1138 3958 1333 4029 εἶ’κοσι,
1364 3961 1454 4015 καὶ
1514 3960 1721 4024 ἄλλους
1777 3961 1882 4017 πό-

222 4068 348 4120 ρους
398 4047 671 4122 αἰσχροὺς
714 4052 811 4103 τοῦ
858 4046 1155 4125 κερδαλὲου
1213 4052 1399 4124 χάριν,
1434 4050 1523 4113 οὓς
1574 4051 1661 4106 καὶ
1718 4073 1882 4107 κατα-

222 4135 394 4210 λέγειν
445 4136 710 4211 αῖσχύνη.
744 4139 809 4194 Ὀ
869 4135 927 4192 δὲ
990 4136 1245 4213 βασιλεὺς
1295 4141 1745 4214 κατατεινόμενος
1777 4140 1881 4196 ὐπὸ

219 4230 317 4279 τοῦ
373 4224 643 4299 δαίμονος
698 4226 786 4280 καὶ
852 4228 927 4298 μὴ
983 4227 1243 4304 εύρίσκων
1293 4226 1617 4301 ἐλευθερίαν,
1644 4225 1879 4305 ἔπεμψεν

220 4312 273 4367 ἐν
334 4320 463 4369 πᾶσι
523 4320 649 4375 τοῖς
703 4316 898 4388 Θέμασι
944 4316 1034 4371 καὶ
1094 4316 1147 4372 ἰν
1202 4322 1321 4380 ταῖς
1376 4320 1566 4391 νήσοις
1604 4325 1719 4375 τοῖς
1785 4321 1879 4394 μὶν

216 4399 609 4479 πρεσϐυτέροις
642 4404 736 4457 ἀνὰ
792 4404 1107 4478 νομίσματα
1166 4403 1286 4476 δύο,
1318 4413 1435 4470 τοῖς
1491 4406 1550 4463 δὲ
1612 4415 1881 4484 μοναχοῖς

221 4492 319 4545 ἀντὶ
396 4495 645 4565 νόμισμα
714 4490 793 4549 ἓν.
849 4488 1136 4565 Ἐϐάπτιζε
1195 4498 1306 4570 (10)
1377 4496 1434 4551 ὁὶ
1512 4498 1600 4551 καὶ
1687 4496 1884 4563 παῖδας

218 4581 542 4657 ἆρτιγενεῖς,
607 4579 788 4644 διδοὺς
862 4582 961 4637 ἀνὰ
1016 4586 1262 4658 νόμισμα
1316 4584 1371 4641 ’ἓν
1429 4586 1518 4641 καὶ
1575 4585 1882 4663 μιλιαρίσια

222 4671 476 4747 τέσσαρα.
524 4669 685 4727 ’Λλλ’
719 4669 870 4727 ούδὶν
927 4672 1131 4729 τούτων
1183 4672 1387 4746 ὤνησεν
1447 4677 1629 4731 αὐτόν’
1670 4676 1882 4749 μᾶλλον

1991 3516 2434 3581 callidissimus,
2496 3517 2575 3571 ita
2627 3516 2882 3587 injustas
2932 3514 3339 3586 conquirendae
3387 3510 3645 3584 pecuniis

1991 3606 2209 3661 multas
2242 3606 2570 3661 inveniebat
2614 3605 2889 3659 rationes.
2941 3604 3086 3659 Nam
3121 3602 3272 3657 ultra
3316 3600 3510 3673 priora
3538 3599 3643 3653 tri-

1988 3696 2151 3764 buta,
2187 3696 2255 3750 de
2286 3695 2492 3767 quovis
2525 3694 2735 3767 prcedio
2781 3693 2967 3748 mrarii
3001 3692 3125 3748 loco
3160 3692 3280 3745 dari
3307 3690 3490 3761 jussit
3539 3704 3641 3759 pro

1992 3785 2216 3839 ratione
2248 3784 2484 3839 habitus
2517 3785 2547 3837 4
2579 3787 2679 3838 aut
2700 3784 2734 3836 6
2766 3787 2821 3837 et
2848 3798 3034 3853 usque
3065 3781 3134 3836 ad
3164 3781 3236 3833 20
3266 3778 3641 3844 nomismata,

1988 3873 2253 3945 aliosque
2300 3876 2502 3945 turpes
2548 3878 2808 3943 quaestus
2858 3870 3093 3943 reperit,
3124 3869 3399 3940 indignos
3432 3865 3638 3922 relatu.

1988 3964 2228 4020 Interim
2264 3963 2580 4034 imperator
2608 3980 2640 4017 a
2680 3962 2941 4015 daemone
2992 3964 3202 4025 tortus,
3238 3974 3369 4013 cum
3406 3974 3519 4012 non
3552 3957 3640 4011 in-

1990 4053 2215 4109 veniret
2271 4050 2649 4121 laxationem,
2710 4051 2766 4104 in
2828 4066 3025 4105 omnes
3093 4046 3418 4120 provincias
3468 4050 3641 4118 atque

1988 4141 2217 4197 insulas
2249 4141 2409 4195 misit
2442 4140 2818 4213 presbyteriis
2841 4137 3094 4211 singulis
3117 4138 3231 4191 duo
3264 4135 3638 4199 nomismata,

1989 4230 2298 4286 monachis
2356 4247 2561 4285 unum.
2616 4229 2764 4296 Quin
2820 4234 2875 4284 et
2925 4245 3127 4283 recens
3174 4230 3343 4281 natos
3386 4225 3639 4280 infantes

1988 4320 2345 4393 baptizabat,
2398 4319 2454 4373 in
2506 4319 2771 4389 singulos
2822 4318 2969 4371 dans
3018 4330 3324 4371 nummum
3375 4330 3553 4368 unum
3584 4317 3641 4367 et

1990 4416 2244 4482 quatuor
2290 4408 2617 4463 miliarisia.
2668 4407 2776 4462 Sed
2833 4405 2981 4461 nihil
3028 4404 3239 4460 horum
3279 4404 3330 4459 ei
3378 4402 3635 4476 profuit;

1989 4498 2295 4569 magisque
2328 4496 2670 4551 intendebat
2718 4512 2778 4549 se
2829 4493 3073 4565 malum,
3106 4493 3414 4547 accedente
3457 4490 3633 4545 etiam

1988 4587 2267 4659 hydrOpe.
2303 4586 2517 4640 Eodem
2552 4590 2813 4656 tempore
2858 4585 3010 4640 522
3052 4588 3222 4637 terra:
3253 4586 3447 4636 motus
3478 4580 3637 4635 fuere

1990 4676 2249 4732 continui
2284 4679 2339 4730 et
2368 4674 2742 4730 vehementes
2791 4673 3068 4727 imbrium
3101 4670 3534 4726 inundationes.
3569 4669 3638 4723 Et

218 4761 319 4834 γᾶρ
349 4759 653 4815 ἕπετείνετο
690 4760 755 4816 τὸ
792 4763 976 4832 κακὸν,
1011 4759 1514 4837 συνεπιλαϐομὲνης
1571 4765 1660 4819 καὶ
1718 4767 1877 4821 νόσου

1996 4766 2045 4819 in
2086 4764 2440 4835 quibusdam
2493 4763 2806 4836 provinciis
2839 4763 3093 4818 obtinuit
3142 4761 3369 4833 angiraa
3418 4756 3637 4813 caninae

212 4846 554 4923 ὗδρωπικῆς.
618 4850 765 4915 Κατὰ
822 4855 1011 4907 τοῦτον
1080 4854 1171 4908 τὸν
1249 4853 1450 4931 χρόνον
1506 4854 1596 4909 καὶ
1656 4858 1872 4929 σεισμοὶ

211 4940 458 5013 γεγόνασι
522 4946 771 5015 συνεχεῖς
836 4941 926 4996 καὶ
1000 4936 1225 5019 ὄμϐρων
1302 4942 1583 5008 ὲπίκλυσις
1645 4944 1870 5024 σφοδρά.

1987 4856 2247 4923 morbus,
2284 4855 2363 4909 ita
2389 4857 2454 4908 ut
2484 4852 2592 4907 vivi
2627 4852 2879 4907 mortuis
2910 4851 3218 4907 efferendis
3252 4866 3365 4905 non
3400 4848 3637 4903 sufﬁce-

1984 4948 2132 5000 rent.

210 5028 583 5101 Ἐπεκράτησε
641 5027 701 5084 δὲ
750 5030 841 5084 καὶ
900 5026 951 5085 ἕν
1011 5052 1119 5086 τισι
1173 5036 1281 5089 τῶν
1323 5031 1568 5107 θεμάτων
1600 5034 1663 5089 τὸ
1691 5022 1790 5105 τῆς
1819 5032 2103 5109 κυνάγχης
2132 5026 2373 5106 νόσημα,
2403 5029 2478 5095 ὡς
2506 5026 2786 5084 ἀδυνατεῖν
2817 5027 2943 5091 τοὺς
2976 5030 3177 5098 ζῶντας
3238 5024 3475 5105 ὶκφὲρειν
3507 5022 3637 5087 τοὺς

212 5120 532 5178 τεθνεῶτας.

1412 5221 1782 5277 XYLANDRI
1822 5222 1912 5277 ET
1953 5221 2173 5278 GOARI
2213 5220 2444 5277 NOTAE.

294 5314 369 5389 (9)
397 5314 540 5382 Quid
571 5315 649 5371 sit
674 5312 929 5389 ﬁepmév,
960 5318 1114 5389 quod
1165 5319 1458 5389 aerarium,
1512 5321 1752 5375 verbum
1798 5320 1869 5376 de

206 5387 410 5463 verbo,
432 5387 711 5463 expressi,
736 5387 853 5463 non
880 5387 1180 5463 assequar,
1201 5395 1257 5446 et
1286 5387 1738 5463 quid'ponderis
1765 5397 1867 5447 aut

208 5459 579 5531 nomismatis
610 5460 723 5514 hoc
754 5460 991 5531 signum
1024 5459 1049 5522 ς
1076 5459 1330 5517 denotet.
1363 5459 1508 5518 Χγί..

282 5528 397 5604 (10)
440 5531 586 5599 Non,
637 5528 1181 5604 puta—baptizabat,
1226 5535 1326 5590 sed
1380 5536 1451 5590 de
1501 5549 1662 5589 sacro
1708 5533 1866 5589 fonte

208 5603 594 5679 suscipiebat,
641 5603 801 5675 quod
851 5604 1086 5679 pietatis
1135 5623 1250 5662 non
1302 5612 1666 5679 postremum
1716 5622 1866 5677 opus

205 5673 523 5744 judicabat,
554 5673 739 5746 eoque
769 5691 832 5733 se
852 5673 886 5732 7a
906 5676 1022 5734 Deo
1043 5673 1359 5736 sanitatem
1388 5673 1861 5751 redempturam.

1977 5320 2042 5375 Id
2074 5320 2264 5375 obiter
2294 5318 2622 5375 notandum
2655 5317 2816 5387 duxi,
2849 5317 2907 5373 in
2940 5317 3048 5373 hoc
3078 5319 3138 5372 et
3168 5312 3437 5387 sequenti
3468 5312 3637 5369 valde

1979 5390 2167 5446 multa
2191 5408 2320 5447 esse
2354 5408 2467 5459 non
2495 5391 2639 5445 satis
2662 5388 3087 5445 consentientia
3111 5388 3263 5459 apud
3291 5391 3556 5441 nostrum
3581 5393 3638 5459 et

1975 5465 2280 5519 Zonaram.
2334 5457 2451 5534 Sed
2474 5462 2613 5534 quia
2667 5468 2912 5534 uterque
2954 5457 3169 5534 jamin
3221 5459 3495 5534 manibus
3526 5457 3635 5511 erit

1978 5536 2305 5605 hominum,
2335 5528 2602 5591 n'os'tr'um
2628 5528 2859 5589 nonest
2882 5528 3036 5589 ea'in
3070 5533 3177 5587 has
3207 5531 3439 5587 chartas
3468 5528 3631 5599 ingc-

1975 5624 2123 5664 rere.
2158 5609 2292 5663 XYL.
