4014 6194
360 330 475 392 255

1705 326 1746 385 G
1763 324 2018 386 EORGII
2064 323 2403 386 CEDltENI

3652 327 3775 387 256

429 466 596 522 Anno
642 462 805 533 6548,
858 461 1178 521 indictione
1222 461 1276 531 8,
1329 459 1551 519 mensis
1606 460 1905 519 Februarii
1946 462 2001 530 2,

2190 451 2567 535 Φεϐρουαρίου
2627 453 2685 516 δὲ
2747 457 2919 534 μηνὸς
2982 457 3048 536 β’,
3103 454 3445 523 ίνδικτιῶνος
3502 465 3573 532 η’,
3620 456 3777 523 ἔτους

355 554 633 613 terribilis
666 555 776 610 fuit
804 559 1198 622 terrmmotus,
1230 561 1287 610 et
1334 571 1467 610 cum
1495 552 1609 609 alia
1641 552 1766 608 loca
1797 553 2003 609 urbes-

353 663 466 718 que
500 645 727 713 afﬂixit,
760 648 887 699 tum
938 649 1195 717 Smyrna:
1245 644 1357 698 fuit
1403 641 1736 699 miserabile
1776 646 2002 714 specta-

356 733 578 803 culum,
614 731 886 804 collapsis
930 731 1345 804 pulcherrimis
1378 733 1504 803 ejus
1535 731 1819 803 aediﬁciis,
1851 731 2006 787 mul-

357 823 438 878 tis
470 821 927 879 inhabitantium
962 821 1256 894 oppressis
1288 822 1478 878 ruina.

429 1040 712 1095 Caeterum
743 1038 860 1091 dux
891 1036 1369 1109 Carthaginensis
1410 1036 1731 1108 resumptis
1760 1035 2008 1103 viribus,

356 1128 731 1197 exercituque
785 1124 964 1181 multo
1016 1143 1192 1197 quam
1243 1131 1377 1182 ante
1418 1128 1639 1196 majore
1688 1130 2007 1194 contracto,

356 1234 591 1272 rursum
630 1214 888 1271 Siciliam
927 1217 1069 1286 petit
1117 1221 1175 1271 et
1226 1216 1545 1272 Maniacem
1595 1215 1882 1286 expellere
1913 1231 2009 1269 co-

354 1312 567 1373 natur;
600 1305 929 1375 castrisque
954 1304 1011 1358 in
1041 1305 1255 1376 supina
1273 1306 1529 1375 quadam
1548 1311 1606 1359 et
1635 1309 1835 1375 aperta
1862 1304 2008 1375 posi-

352 1395 432 1451 tis
464 1393 728 1466 planitie,
763 1394 856 1447 cui
908 1410 1121 1448 nomen
1168 1394 1454 1465 Draginae,
1485 1395 1556 1448 de
1604 1394 2007 1464 opportunita-

355 1485 516 1541 tibus
548 1481 629 1538 rei
678 1483 946 1553 gerendae
998 1482 1233 1554 cogitat.
1286 1482 1402 1537 Hoc
1443 1483 1675 1555 cognito
1721 1480 2010 1536 Maniaces

357 1589 497 1629 suos
554 1571 606 1627 ei
655 1570 885 1626 obviam
935 1571 1115 1639 ducit,
1172 1573 1449 1627 mandato
1504 1572 1668 1643 prius
1713 1570 2009 1641 Stephano

358 1662 627 1735 patricio,
662 1660 879 1716 sororis
912 1660 1284 1730 imperatoris
1336 1661 1547 1716 marito
1598 1666 1655 1716 et
1684 1659 1912 1727 classis,
1949 1662 2011 1714 ut

359 1750 640 1814 diximus,
685 1750 972 1821 prafecto,
1004 1756 1068 1804 ut
1116 1748 1425 1820 diligenter
1454 1766 1617 1805 oram
1650 1749 2009 1804 maritimam

2112 550 2318 626 scpis-'3',
2366 551 2556 625 γέγονε
2620 550 2841 624 σεισμὸς
2901 547 3207 628 φρικώδης,
3263 551 3351 605 καὶ
3415 548 3609 606 ἔπαθον
3676 552 3772 623 μὲν

2112 638 2202 693 καὶ
2262 636 2426 693 ἄλλοι
2486 640 2645 694 τόποι
2705 641 2793 694 καὶ
2851 639 3066 709 πόλεις,
3102 640 3305 715 ίγένετο
3363 637 3419 695 δὲ
3476 642 3510 709 ἡ
3546 639 3777 715 Σμύρνα

2115 725 2345 783 ἐλεεινὸν
2405 728 2599 802 θέαμα,
2631 729 3043 785 καταπεσόντων
3101 734 3212 785 τῶν
3271 727 3584 786 καλλίστων
3615 730 3772 785 οἶκοι

2118 815 2457 891 δομημάτων
2488 818 2654 889 αὐτῆς
2684 821 2771 874 καὶ
2831 818 3078 881 πολλοὺς
3124 824 3230 874 τῶν
3293 818 3598 895 οίκητόρων
3640 819 3773 875 ἀνα-

2117 903 2409 962 λωσάντων
2426 950 2437 967 .

2190 1036 2274 1106 [Ρ.
2323 1035 2449 1105 743]
2500 1034 2585 1091 Ἐν
2648 1031 2706 1089 δὲ
2756 1034 2982 1107 Σικελίᾳ
3030 1030 3316 1091 ἀναλαϐὼν
3361 1035 3526 1091 πάλιν
3589 1036 3776 1091 ἑαυτὸν

2120 1124 2148 1178 6
2207 1121 2609 1199 Καρχηδόνιος,
2662 1123 2751 1178 καὶ
2811 1121 3038 1196 δύναμιν
3101 1121 3299 1195 πολλῷ
3380 1123 3601 1196 μείζονα
3673 1133 3775 1193 τῆς

2118 1213 2385 1287 προτέρας
2434 1213 2713 1288 ἀθροίσας,
2750 1210 2971 1288 ἔρχεται
3013 1213 3150 1289 πρὸς
3202 1212 3456 1269 Σικελίαν
3504 1215 3594 1268 τὸν
3656 1216 3775 1271 Μαι

2119 1303 2306 1368 νιάκην
2370 1301 2569 1356 ἐκεῖθεν
2648 1301 2961 1374 ἐξωθήσων.
3021 1302 3119 1357 Καὶ
3180 1300 3781 1377 στρατοπεδευσάμενος

2118 1386 2171 1445 ἔν
2224 1412 2330 1445 τινι
2383 1388 2597 1444 πεδιάδι
2660 1392 2821 1461 ὑπτίᾳ
2880 1392 2969 1445 καὶ
3026 1391 3444 1465 ἀναπεπταμένῃ
3498 1394 3783 1467 (Δραγῖνσι

2118 1482 2153 1549 ἡ
2186 1476 2374 1542 πεδιὰς
2404 1478 2673 1551 ἐκαλεῖτο)
2705 1479 3087 1555 ἐκαιροσκόπει
3145 1480 3235 1534 τὸν
3298 1479 3567 1553 πόλεμον.
3600 1483 3776 1537 Τοῦτο

2120 1565 2178 1623 δὶ
2219 1569 2405 1640 μαθὼν
2452 1568 2480 1621 6
2536 1569 2838 1638 Μανιάκης,
2891 1566 3021 1643 ἄρας
3068 1568 3164 1630 τὰς
3219 1568 3344 1643 περὶ
3402 1568 3560 1624 αὐτὸν
3618 1567 3779 1624 δυνα-

2122 1678 2261 1729 μεις,
2326 1656 2666 1728 ὑπαντιάζει,
2726 1655 3031 1730 ἐπισκήψας
3105 1657 3369 1733 πρότερον
3447 1663 3527 1729 τῷ
3578 1678 3781 1732 πατρι-

2118 1747 2224 1819 κίῳ
2259 1746 2513 1822 Στεφάνῳ
2542 1750 2622 1818 τῷ
2663 1750 2759 1801 τοῦ
2812 1744 3079 1822 βασιλέως
3108 1741 3369 1823 γαμϐρῷ,
3396 1752 3494 1802 τοῦ
3551 1747 3777 1811 στόλου,

361 1840 755 1906 custodiat,ne
773 1838 1091 1893 commissa
1115 1855 1311 1910 pugna
1333 1840 1571 1910 fugatus
1593 1838 2010 1909 Carthaginen-

2129 1836 2197 1898 ὡς
2242 1833 2490 1907 εἷίπομεν,
2523 1834 2773 1912 ἄρχοντι,
2801 1835 3057 1913 ἀσφαλῶς
3103 1842 3289 1911 τηρεῖν
3336 1838 3436 1907 τήν
3482 1836 3781 1909 παράλιον,

361 1930 444 1986 sis
476 1928 676 1983 furtim
709 1929 950 1982 domum
982 1928 1170 1998 possit
1203 1928 1521 1999 perfugere.
1545 1927 1874 1983 Commissa
1905 1942 2009 1997 pu-

363 2035 498 2091 gna,
516 2017 724 2087 ingens
752 2017 902 2071 facta
923 2015 1474 2088 Carthaginensium
1500 2020 1747 2087 strages,
1762 2015 2015 2085 caasique

364 2108 516 2163 ultra
543 2105 741 2161 50000.
796 2106 923 2160 Dux
954 2105 1079 2176 ipse
1127 2122 1158 2160 e
1208 2104 1403 2176 praelio
1453 2104 1690 2177 elapsus
1740 2105 1811 2160 ad
1843 2105 2013 2159 littus

364 2195 651 2269 pervenit,
684 2210 1124 2265 conscensoque
1148 2193 1337 2250 lembo
1370 2195 1713 2249 custodibus
1734 2192 2014 2265 Stephani

365 2302 481 2341 non
530 2282 1128 2339 animadvertentibus
1176 2284 1417 2339 domum
1466 2285 1669 2339 evasit.
1701 2282 2017 2353 [Egerrime

370 2373 480 2429 hoc
516 2371 651 2427 tulit
680 2371 994 2441 Maniaces,
1026 2371 1506 2444 Stephanumque
1536 2373 1689 2430 523
1722 2376 1792 2426 ad
1828 2388 1890 2426 se
1921 2387 2014 2426 ve-

372 2464 629 2517 nientem
688 2460 964 2516 conviciis
1020 2460 1343 2517 insectatus
1398 2467 1508 2528 est,
1569 2467 1627 2516 et
1673 2461 2021 2517 seiromasta

375 2550 606 2606 sublato
664 2548 889 2620 aliquot
946 2549 1004 2603 in
1062 2554 1241 2621 caput
1288 2550 1416 2620 ejus
1466 2548 1668 2621 plagas
1716 2547 2018 2619 imposuit,

376 2640 679 2696 socordem
711 2654 843 2694 eum
880 2637 1183 2709 appellans
1214 2643 1270 2693 et
1306 2637 1707 2694 effeminatum
1740 2655 1805 2692 ac
1836 2638 2020 2709 impe-

375 2728 588 2784 ratoris
644 2728 1089 2783 commodorum
1142 2727 1514 2799 proditorem.
1563 2730 1635 2782 At
1684 2727 2019 2799 Stephanus

371 2815 786 2873 contumeliam
819 2815 970 2870 hanc
1000 2833 1115 2870 non
1139 2832 1510 2887 coneoquens
1530 2832 1661 2871 mox
1690 2817 1761 2871 ad
1795 2816 2018 2888 Orpha-

372 2904 703 2976 notrophon
746 2903 970 2960 litteras
1018 2904 1138 2973 dat,
1196 2904 1540 2977 signiﬁcans
1584 2906 1901 2961 Maniacem
1933 2922 2025 2962 res

382 3011 561 3050 novas
592 2993 783 3049 moliri
806 2994 1086 3049 adversus
1117 2994 1550 3065 imperatorem.
1585 2996 1785 3067 Itaque
1806 2996 2027 3051 Mania-

379 3099 477 3141 ces
526 3083 728 3138 statim
780 3083 1045 3154 captivus
1092 3082 1403 3138 adducitur
1451 3084 1817 3157 Byzantium,
1870 3088 1927 3138 et
1970 3084 2029 3139 in

2129 1926 2203 1999 μή
2234 1944 2352 1985 πως
2383 1921 2631 1996 πολέμου
2663 1925 3018 2000 κροτηθέντος
3061 1925 3286 1999 τραπεὶς
3316 1926 3345 1980 6
3402 1923 3779 2000 Καρχηδόνιος

2122 2012 2262 2086 λάθῃ
2294 2010 2513 2088 διαδρὰς
2556 2012 2645 2067 καὶ
2694 2010 2879 2068 οἴκαδε
2924 2012 3318 2088 παλινοστήσῃ.
3353 2015 3453 2072 Καὶ
3514 2012 3583 2085 δὴ
3644 2036 3780 2088 συμ-

2124 2098 2309 2159 ϐαλὼν
2342 2104 2595 2179 τρέπεται
2624 2108 2814 2158 τοῦτον
2867 2103 2968 2157 ἀνὰ
3020 2102 3239 2176 κράτος.
3270 2105 3379 2160 Καὶ
3436 2104 3623 2159 πίπτει
3687 2106 3781 2177 μὲν

2122 2198 2229 2247 τῶν
2263 2194 2480 2270 Ἀφρων
2535 2190 2750 2263 πλῆθος
2812 2193 2944 2268 ὑπὲρ
2991 2194 3087 2256 τὰς
3119 2200 3162 2247 ν’
3191 2191 3474 2268 χιλιάδας,
3506 2193 3668 2257 αὐτὸς
3730 2191 3787 2247 δὲ

2126 2282 2153 2335 6
2179 2281 2385 2336 τούτων
2419 2279 2606 2357 ἄρχων
2644 2279 2867 2354 διαδρὰς
2915 2282 3007 2336 τὸν
3059 2280 3308 2338 κίνδυνον
3370 2280 3588 2358 ἔρχεται
3622 2282 3676 2338 ἐν
3708 2288 3790 2354 τῷ

2126 2370 2365 2446 αἰγιαλῴ
2420 2372 2510 2425 καὶ
2569 2370 2813 2444 κελητίῳ
2873 2366 3065 2435 ἐπιϐὰς
3120 2373 3209 2426 καὶ
3259 2373 3354 2434 τὰς
3382 2377 3478 2427 τοῦ
3511 2374 3791 2450 Στεφάνου

2128 2458 2310 2523 λαθὼν
2368 2459 2610 2537 φυλακὰς
2660 2459 2927 2535 ἀπέδρασε
2984 2462 3122 2536 πρὸς
3195 2464 3294 2532 τῆν
3357 2459 3494 2517 ἰδίαν
3572 2463 3790 2538 χώραν.

2126 2550 2301 2623 ’Όπερ
2352 2549 2536 2621 μαθὼν
2591 2550 2619 2604 6
2669 2548 2949 2619 Μανιάκης
3004 2549 3058 2605 ἐν
3118 2548 3277 2624 δεινῷ
3316 2572 3374 2606 τε
3404 2549 3671 2621 ἐποιεῖτο,
3700 2552 3791 2606 καὶ

2130 2638 2223 2692 τὸν
2258 2639 2527 2714 Στέφανον
2589 2638 2929 2711 συμμίξαντα
2984 2638 3164 2713 τούτῳ
3214 2635 3397 2716 ὕϐρεσί
3451 2661 3509 2695 τε
3563 2641 3793 2705 ἀτόποις

2133 2725 2429 2782 κατέκλυσε
2484 2729 2573 2782 καὶ
2632 2727 2725 2783 τὸν
2784 2728 3148 2803 σειρομάστην
3218 2729 3489 2791 ἀνατείνας
3569 2724 3790 2785 ἔπαισεν

2136 2814 2297 2869 αὐτὸν
2357 2816 2494 2870 κατὰ
2536 2823 2636 2885 τῆς
2695 2815 2938 2891 κεφαλῆς
2986 2817 3085 2873 οὐκ
3116 2817 3324 2894 ὀλίγας,
3356 2819 3594 2895 ῥᾴθυμον
3657 2823 3791 2876 ἁπο-

2136 2903 2322 2959 καλῶν
2354 2904 2443 2959 καὶ
2478 2902 2736 2981 ἄνανδρον
2796 2906 2886 2960 καὶ
2942 2911 3053 2962 τῶν
3083 2912 3181 2962 τοῦ
3217 2908 3484 2984 βασιλέως
3511 2909 3791 2987 προδότην

2136 2996 2496 3068 πραγμάτων.
2557 2995 2618 3052 Ὀ
2679 2992 2736 3049 δὲ
2795 2996 2870 3069 μὴ
2922 2994 3156 3071 ἐνεγκὼν
3217 2999 3449 3073 μετρίως
3497 3002 3589 3055 τὸν
3650 3020 3759 3077 προ

2139 3082 2489 3156 πηλακισμὸν
2548 3083 2639 3137 καὶ
2694 3084 2796 3152 τῆν
2854 3080 3008 3161 ὕϐριν
3061 3088 3358 3163 γράμματα
3386 3090 3590 3163 πέμπει
3651 3089 3792 3165 ταχὺ

379 3189 667 3230 carcerem
715 3172 1028 3243 conjicitur
1076 3189 1209 3229 cum
1262 3172 1477 3228 Basilio
1528 3173 1774 3245 patricio
1834 3173 2016 3228 Theo-

2139 3172 2277 3246 πρὸς
2299 3173 2390 3226 τὸν
2421 3171 2851 3250 ὀρφανοτρόφον,
2887 3173 3166 3247 μηνύοντα
3221 3177 3294 3239 ὡς
3351 3177 3645 3234 ἀπόστασιν
3709 3178 3791 3249 εἴη

376 3264 685 3318 dorocano.
741 3262 956 3317 Totum
1011 3266 1205 3317 autem
1266 3263 1345 3316 rei
1398 3263 1661 3334 gerendas
1710 3262 2023 3331 imperium

375 3352 671 3425 Stephano
703 3352 1036 3419 mandatur,
1081 3351 1252 3423 eique
1284 3350 1505 3423 collega
1553 3350 1805 3406 mittitur
1834 3367 2022 3406 eunu-

376 3443 523 3499 chus
546 3441 791 3514 quidam
809 3440 1059 3496 Basilius
1080 3441 1431 3513 praepositus
1454 3440 1802 3495 Pediadites.
1825 3439 1891 3495 Hi
1911 3440 2023 3494 exi-

373 3548 489 3605 guo
520 3530 802 3602 temporis
835 3530 1023 3601 spatio
1076 3544 1197 3584 rem
1250 3532 1432 3585 totam
1466 3529 2019 3601 pessumdederunt,

374 3638 478 3692 per
507 3620 912 3692 rapacitatem,
948 3618 1237 3690 ignaviam
1270 3622 1445 3689 atque
1482 3618 1768 3673 incuriam
1803 3616 2023 3674 amissa

372 3708 593 3763 Sicilia.
628 3707 853 3762 Etenim
880 3706 1169 3761 Maniaces
1187 3723 1319 3761 cum
1342 3707 1516 3762 urbes
1545 3706 1750 3761 Sicilire
1770 3711 2020 3778 caperet,

374 3813 539 3851 arces
570 3796 628 3850 in
658 3794 731 3850 iis
763 3795 1101 3851 condiderat
1122 3809 1338 3866 easque
1360 3795 1544 3865 justis
1574 3794 1862 3866 praesidiis
1886 3811 2018 3849 mu-

376 3884 582 3951 nierat,
620 3902 689 3940 ne
720 3884 995 3956 oppidani
1028 3901 1125 3940 eas
1169 3901 1272 3955 per
1302 3883 1548 3939 insidias
1600 3883 1855 3955 recipere
1885 3900 2018 3956 pos-

374 3979 522 4030 sent.
557 3978 632 4029 Eo
664 3978 858 4030 autem
912 3974 969 4027 in
1017 3972 1293 4043 vinculis,
1328 3977 1393 4028 ut
1437 3974 1767 4044 docuimus,
1800 3975 2019 4046 Byzan-

374 4064 524 4119 tium
559 4064 830 4134 abducto,
862 4062 1035 4118 Siculi
1084 4063 1323 4118 incuriae
1372 4063 1588 4118 ducum
1622 4063 2019 4120 Romanorum

374 4152 750 4221 insultantes,
803 4154 984 4209 ascito
1044 4170 1075 4209 a
1128 4152 1691 4223 Carthaginensibus
1740 4154 2019 4220 exercitu,

371 4242 720 4314 expugnatis
735 4242 1024 4315 praesidiis
1042 4259 1204 4298 arces
1223 4246 1499 4313 ceperunt
1513 4241 1802 4314 urbesque
1816 4260 2020 4300 omnes

373 4336 611 4404 excepta
644 4332 913 4388 Messana
965 4334 1401 4403 recuperarunt.
1454 4334 1733 4386 Messana:
1774 4336 2022 4403 prmerat

373 4421 661 4491 Catacalo,
720 4420 1065 4491 cognomine
1112 4421 1460 4488 Ambustus,
1512 4420 2019 4492 protospatharius

373 4516 430 4567 et
473 4511 592 4565 dux
641 4510 994 4566 Armeniaca:
1047 4509 1315 4582 legionis,
1375 4525 1575 4565 secum
1634 4508 1858 4565 habens
1916 4510 2020 4565 300

373 4599 600 4671 equites
631 4604 687 4655 et
717 4601 823 4655 500
859 4569 1314 4671 peditesfSiculi
1346 4599 1589 4670 proinde
1620 4598 1919 4670 cupientes
1952 4616 2022 4656 ne
2051 4569 2098 4633 D

373 4688 692 4745 scintillam
726 4689 965 4760 quidem
1014 4689 1411 4744 Romanorum
1445 4689 1599 4746 524
1628 4687 1687 4743 in
1733 4705 1800 4744 ea
1828 4689 2022 4745 insula

372 4777 703 4849 relinquere
735 4777 1195 4848 delitescentem,
1230 4778 1505 4833 omnibus
1544 4777 1642 4850 qui
1676 4794 1841 4833 arma
1873 4780 2020 4834 ferre

372 4872 615 4940 possent
643 4866 922 4933 collectis,
947 4870 1004 4922 et
1035 4866 1269 4923 auxiliis
1290 4866 2017 4939 Carthaginensiumhaud

371 4956 619 5028 exiguis,
654 4956 983 5012 Messanam
1032 4956 1324 5012 obsident.
1376 4956 1482 5012 Per
1526 4956 1790 5012 triduum
1823 4961 2020 5029 portas

371 5046 603 5101 clausas
668 5045 861 5101 tenuit
926 5044 1218 5112 Catacalo,
1280 5062 1469 5117 neque
1526 5044 1716 5101 ullum
1776 5062 2019 5102 suorum

370 5134 565 5205 egredi
597 5150 809 5206 passus
841 5138 932 5190 est
964 5151 977 5189 :
1012 5151 1195 5207 eoque
1225 5134 1560 5190 timiditatis
1583 5135 1917 5208 opinionem
1949 5137 2021 5193 de

370 5239 432 5279 se
462 5223 520 5278 in
554 5224 766 5280 animis
798 5223 1057 5281 hostium
1106 5224 1393 5280 excitavit.
1445 5226 1593 5298 Ergo
1624 5225 1895 5281 Saraceni
1926 5242 2019 5282 se-

370 5328 506 5369 cure
536 5312 833 5385 palabant,
868 5330 934 5369 ac
984 5313 1111 5369 dies
1162 5320 1479 5386 noctesque
1527 5314 1683 5383 vino,
1716 5314 1932 5371 ﬁstulis
1964 5318 2022 5371 et

368 5402 653 5477 cymbalis
684 5406 988 5474 vacabant,
1023 5404 1228 5460 itidem
1256 5403 1519 5476 proxime
1550 5404 1898 5475 insequente
1929 5403 2021 5461 die

369 5509 432 5548 se
463 5493 752 5565 potituros
804 5493 945 5549 urbe
995 5499 1317 5566 sperantes.
1375 5495 1591 5560 Quarta
1638 5494 1753 5564 die,
1803 5510 1918 5565 qua
1950 5494 2019 5550 de

370 5599 532 5639 more
564 5581 900 5639 Pentecoste
931 5583 1279 5651 celebratur,
1302 5584 1621 5639 Ambustus
1645 5583 2016 5639 securitatem

370 5677 427 5729 et
458 5670 783 5731 socordiam
833 5673 1258 5731 Saracenorum
1304 5673 1703 5743 considerans,
1755 5676 1936 5745 utque
1975 5673 2017 5729 ii

2142 3259 2382 3332 μελετῶν
2444 3261 2472 3315 6
2530 3260 2808 3332 Μανιάκης
2882 3263 3019 3317 κατᾶ
3098 3268 3197 3318 τοῦ
3258 3265 3549 3342 βασιλέως.
3606 3268 3712 3323 Καὶ
3768 3270 3794 3323 6

2138 3350 2232 3422 μὶν
2274 3348 2430 3412 εὐθὺς
2464 3346 2686 3423 δέσμιος
2744 3351 2820 3414 εἷς
2883 3353 2983 3422 τῆν
3050 3352 3305 3429 βασιλίδα
3374 3355 3648 3433 εἰσάγεται
3708 3358 3794 3413 καὶ

2134 3438 2509 3514 καθείργνυται
2571 3438 2660 3494 σὺν
2714 3440 2983 3515 Βασιλείῳ
3056 3445 3333 3520 πατρικίῳ
3382 3450 3462 3518 τῷ
3520 3445 3797 3523 Θεοδωρο·

2135 3530 2304 3600 κάνῳ,
2337 3530 2371 3598 ἡ
2407 3527 2463 3584 δὲ
2493 3535 2639 3585 πᾶσα
2668 3534 2767 3595 τῆς
2799 3530 2980 3608 ἀρχῆς
3013 3530 3226 3605 ἐξουσία
3276 3532 3331 3597 ἐς
3388 3536 3480 3589 τὸν
3517 3533 3791 3610 Στέφανον

2139 3617 2499 3690 μετατίθεται,
2563 3622 3065 3695 ωνεκπεμφθέντος
3120 3620 3269 3694 αὐτῷ
3340 3622 3431 3679 καί
3499 3645 3650 3689 τινος
3698 3623 3784 3679 εὖ·

2133 3706 2340 3782 νούχου
2372 3707 2661 3763 Βασιλείου
2692 3710 3053 3785 πραιποσίτου
3085 3716 3181 3765 τοῦ
3212 3710 3554 3767 Πεδιαδίτου’
3590 3712 3789 3776 οἵτινες

2135 3796 2237 3850 οὐκ
2295 3794 2347 3850 ἐν
2405 3797 2604 3871 βραχεῖ
2654 3796 2722 3851 τὰ
2774 3798 3071 3874 πράγματα
3119 3796 3521 3877 διεφθάρκασιν,
3554 3801 3786 3877 αἰσχρο-

2132 3881 2349 3960 κερδείᾳ
2423 3884 2513 3939 καὶ
2595 3882 2771 3957 δειλίᾳ
2839 3888 2927 3942 καὶ
3023 3887 3270 3964 ῥᾳστώνῃ
3351 3887 3788 3967 καταπροδόντες

2131 3974 2231 4041 τῆν
2266 3972 2540 4031 Σικελίαν.
2573 3975 2636 4031 Ὀ
2680 3974 2780 4050 γάρ
2830 3974 3103 4043 Μανιάκης
3160 3980 3327 4054 αἱρῶν
3382 3980 3476 4042 τὰς
3525 3987 3627 4053 τῆς
3685 3984 3789 4050 νῆ-

2134 4084 2230 4117 σου
2261 4061 2453 4125 πόλεις
2483 4063 2818 4139 ἀκροπόλεις
2849 4064 2899 4120 ἐν
2927 4068 3115 4131 αὑταῖς
3152 4067 3429 4143 ᾠκοδόμει
3479 4072 3567 4124 καὶ
3618 4091 3790 4146 φρου-

2134 4154 2261 4229 ροὺς
2320 4152 2505 4231 ἐφίστα
2556 4153 2683 4216 τοὺς
2715 4154 3063 4224 ἱκανοὺς,“ίνα
3120 4160 3196 4231 μή
3257 4159 3308 4213 οἱ
3367 4158 3629 4235 ἐγχώριοι
3690 4158 3790 4215 δύ-

2131 4241 2387 4298 ναιντ’ἂν
2448 4242 2499 4314 ἐξ
2553 4238 2853 4314 ἐπιϐουλῆς
2886 4244 3209 4311 ἀνακτᾶσθαι
3264 4248 3360 4312 τὰς
3394 4248 3604 4311 πόλεις·
3667 4251 3794 4304 τού-

2129 4353 2227 4387 του
2285 4330 2341 4387 δὶ
2398 4329 2645 4406 δεσμίου,
2687 4334 2763 4396 ὡς
2815 4333 3051 4409 εἷ’ρηται,
3091 4336 3167 4399 εἷς
3221 4338 3284 4393 τὸ
3339 4337 3635 4408 Βυζάντιον
3695 4339 3792 4395 ἄν-

2132 4422 2418 4497 αχθὲντος,
2449 4429 2550 4492 τῆς
2573 4421 2871 4500 ὀλιγωρίας
2902 4426 2989 4480 καὶ
3024 4425 3293 4502 ῥᾳθυμίας
3342 4433 3449 4483 τῶν
3503 4429 3792 4504 ἀρχόντων

2130 4508 2567 4586 καταδραμόντες
2631 4513 2683 4566 oi
2730 4511 3015 4589 ἐγχώριοι,
3047 4515 3137 4570 καὶ
3197 4513 3422 4586 δύναμιν
3488 4516 3792 4593 Καρχηδοο

2130 4598 2260 4653 νίων
2316 4599 2774 4676 προσειληφότες,
2834 4601 3156 4668 ἐπιτίθενται
3228 4610 3347 4667 ταῖς
3419 4606 3637 4675 πόλεσι,
3699 4611 3791 4663 καῖ

2128 4690 2225 4752 τάς
2281 4709 2341 4744 τε
2397 4690 2563 4761 ἄκρας
2622 4691 2958 4766 κατέσκαψαν
3017 4694 3123 4747 τῶν
3176 4698 3428 4771 φρουρῶν
3478 4698 3792 4769 κρατήσαν-

2128 4798 2235 4849 τες,
2277 4777 2364 4831 καὶ
2408 4776 2505 4840 τὰς
2541 4774 2733 4841 πόλεις
2792 4780 2967 4843 πάσας
3018 4780 3424 4838 ἐπανεσώσαντο
3467 4781 3614 4853 πλὴν
3673 4787 3791 4843 Με-

2132 4869 2325 4938 σήνης·
2359 4867 2559 4939 ταύτην
2617 4868 2717 4943 γάρ
2780 4865 2950 4945 ἔλαχε
3004 4878 3258 4948 φρουρεῖν
3307 4874 3335 4927 6
3385 4877 3792 4947 πρωτοσπαθάο

2132 4977 2247 5033 ριος
2292 4958 2319 5011 6
2368 4958 2457 5012 καὶ
2512 4961 2608 5012 τοῦ
2656 4956 2935 5034 τάγματος
2988 4957 3174 5037 ἄρχων
3232 4966 3339 5016 τῶν
3391 4964 3790 5039 Ἀρμενιακῶν,

2130 5044 2459 5101 Κατακαλὼν
2517 5046 2545 5100 6
2593 5047 2691 5115 τῆν
2762 5046 3079 5123 ἐπωνυμίαν
3144 5052 3506 5126 Κεκαυμένος,
3564 5073 3790 5130 τριακο-

2130 5135 2277 5199 σίους
2334 5133 2567 5197 ἱππότας
2626 5133 2769 5211 ἔχων
2826 5139 2945 5211 μεθ’
3002 5139 3193 5194 ἑαυτοῦ
3257 5139 3346 5195 καὶ
3400 5143 3790 5206 πεντακοσίους

2129 5223 2345 5293 πεζούς.
2382 5221 2715 5289 Σπεύδοντες
2764 5224 2854 5281 οὖν
2911 5229 2963 5283 οἱ
3014 5234 3277 5299 νησιῶται
3340 5229 3476 5304 μηδὶ
3535 5233 3791 5310 ζὼπυρον

2134 5314 2528 5391 ὑπολειφθῆναι
2585 5315 2902 5389 Ῥωμαϊκῆς
2969 5314 3252 5393 δυνάμεως
3319 5319 3647 5399 ὲμφωλεῢον
3719 5328 3791 5397 τῇ

2128 5404 2303 5475 νήσῳ,
2363 5404 2538 5459 πάντα
2591 5403 2682 5459 τὸν
2745 5404 2917 5462 ὅπλον
2970 5415 3187 5479 κινῆσαι
3239 5407 3536 5483 δυνάμενον
3595 5412 3791 5489 ἀθροί-

2129 5513 2313 5556 σαντες
2373 5492 2461 5547 καὶ
2541 5496 2892 5572 συμμαχικὸν
2968 5497 3066 5553 οὐκ
3122 5496 3308 5576 ὀλίγον
3361 5502 3790 5576 Καρχησονίων,

2130 5582 2459 5647 ἀπελθόντες
2511 5581 2561 5638 ἐν
2623 5586 2843 5660 Μεσσήνῃ
2898 5588 2996 5656 τὴν
3076 5586 3238 5645 πόλιν
3322 5591 3789 5669 περιεστοίχισαν.

2128 5676 2231 5726 Τοῦ
2288 5671 2345 5727 δὲ
2390 5669 2707 5737 κλείσαντος
2753 5675 2850 5738 τὰς
2900 5674 3076 5739 πύλας
3128 5675 3215 5733 ἐπὶ
3257 5684 3402 5752 τρεῖς
3435 5679 3647 5755 ἡμέρας
3690 5682 3790 5735 καὶ
