4036 6194
221 345 341 405 257

1376 344 1917 407 HISTORIARUM
1965 343 2511 406 COMPENDIUM.

3522 354 3643 414 258

218 474 422 549 μηδὲνά
476 474 771 552 προπηδῇ
834 477 1035 538 ἒῶντος
1094 483 1193 547 τῆς
1251 476 1479 555 τάφρου,
1522 480 1668 552 [74η
1730 476 1876 533 ἀλλά

2004 478 2212 535 nullam
2247 495 2449 534 eorum
2484 495 2630 551 quos
2654 479 3005 536 obsederant
3024 482 3307 539 rationem
3339 486 3639 558 ducerent,

220 564 445 639 δόκμσιν
509 563 720 629 δειλίας
768 562 1205 643 παρεσχηκότος,
1271 571 1776 645 καταφρονήσαντες
1828 569 1880 622 οἱ

219 654 530 731 Σαρακηνοὶ
592 653 765 719 ἀδεῶς
816 677 875 711 τε
945 654 1323 712 ἐσκεδάννὺντο
1371 657 1461 712 καὶ
1520 657 1732 731 νύκτωρ
1790 656 1881 710 καὶ

226 746 337 818 μεθ’
395 744 612 819 ἡμέραν
672 743 724 799 ἐν
780 744 970 807 πότοις
1024 745 1115 800 καὶ
1172 745 1363 811 αὐλοῖς
1416 746 1505 801 καὶ
1571 740 1882 819 κυμϐάλοις

222 835 374 909 ᾖσαν,
408 836 486 896 ὡς
519 839 667 910 τάχα
697 841 797 904 τῆς
848 832 1064 897 πόλεως
1124 833 1179 897 ἐς
1218 836 1317 904 τὴν
1351 832 1538 909 αὔριον
1568 832 1882 907 μελλούσης

222 921 557 987 ἁλώσεσθαι.
618 922 830 995 Ἡμέρᾳ
885 919 943 976 δὲ
1006 922 1254 999 τετάρτῃ,
1311 924 1431 977 καθ’
1486 920 1551 992 ἤν
1613 922 1882 995 εἰώθειμεν

220 1010 455 1067 ἐκτελεῖν
508 1012 612 1080 τήν
678 1014 1083 1082 Πεντηκοστην,
1141 1015 1478 1083 κατανοήσας
1534 1014 1562 1067 ὁ
1608 1010 1881 1084 Κεκαυμὲ-

220 1123 308 1165 νος
334 1103 440 1170 τήν
490 1100 753 1174 ἀμέλειαν
803 1102 892 1156 καὶ
946 1100 1214 1178 ῥᾳθυμίαν
1260 1107 1368 1158 τῶν
1404 1100 1759 1177 Σαρακηνῶν,
1792 1100 1883 1155 καὶ

219 1192 301 1245 ὅτι
332 1190 385 1245 ἐν
418 1189 616 1264 πολλῇ
676 1190 977 1264 ἀμεριμνίᾳ
1034 1187 1308 1267 διάγουσιν
1353 1189 1547 1247 ούδὲνα
1580 1190 1742 1267 λόγον
1772 1194 1879 1245 τῶν

222 1281 369 1341 ἐντὸς
399 1278 502 1334 τοῦ
555 1280 776 1356 τείχους
826 1279 1176 1353 ποιούμενοι,
1225 1282 1314 1336 τὸν
1370 1282 1560 1336 ἑαυτοῦ
1602 1278 1882 1355 παραθαρ-

224 1370 385 1441 ⁶ἔύνςις
434 1369 570 1425 λαὸν
627 1370 717 1424 καὶ
773 1372 873 1439 τήν
914 1370 1243 1443 ἀναίμακτον
1292 1376 1413 1434 τοῖς
1441 1372 1670 1447 ἱερεῦσιν
1712 1368 1886 1424 ἐπιτε-

224 1458 375 1514 lini
410 1456 675 1521 κελεύσας
703 1458 911 1527 θυσίαν,
961 1459 1049 1514 καὶ
1089 1450 1203 1515 τῶν
1249 1460 1407 1525 θείων
1455 1459 1569 1534 ἅμα
1592 1465 1722 1514 πᾶσι
1757 1479 1882 1531 μετ-

224 1548 486 1623 εσχηκὼς
546 1548 886 1625 μυστηρίων,
946 1550 1068 1625 περῖ
1146 1550 1288 1626 ὥραν
1361 1548 1582 1624 ἀρίστου
1633 1548 1728 1611 τὰς
1782 1554 1883 1619 τῆς

220 1637 445 1699 πόλεως
509 1637 689 1700 πύλας
734 1639 1068 1700 ἀναπετάσας
1126 1642 1532 1716 προσρήγνυται
1594 1639 1729 1711 μετᾶ
1790 1659 1882 1709 με·

222 1728 420 1802 γίστης
464 1726 648 1803 ῥύμης
698 1732 815 1789 τοῖς
872 1726 1135 1792 ἐναντίοις
1193 1728 1451 1801 μεθύουσι
1508 1728 1597 1783 καὶ
1640 1722 1886 1800 καρηϐα-

229 1821 441 1889 ροῦσιν,
500 1815 665 1878 αὐτὸς
723 1822 942 1891 πρῶτος
1002 1817 1137 1891 μετά
1174 1822 1281 1872 τῶν
1329 1817 1421 1872 σὺν
1472 1818 1619 1889 αὒτῷ
1668 1815 1755 1872 ἐπὶ
1784 1817 1882 1885 τήν

226 1906 437 1975 σκηνήν
495 1904 933 1978 ἐξιππασάμενος
1007 1905 1325 1984 Ἀπολάφαρ
1396 1911 1493 1961 τοῦ
1557 1909 1655 1975 τῆς
1718 1906 1887 1975 νήσου

233 1997 528 2071 άρχοντος.
602 1994 705 2051 Καὶ
757 1993 913 2058 οὗτος
975 1995 1069 2067 μὲν
1130 1994 1285 2058 εὐθὺς
1344 1996 1662 2071 ἀναιρεῖται,
1723 1993 1886 2069 ἄκρο-

232 2084 449 2160 σφαλῆς
503 2084 610 2137 ὑπὸ
665 2080 837 2156 μέθης
893 2082 1178 2158 ὑπάρχων,
1239 2081 1634 2160 διαρῥήγνυται
1693 2080 1749 2137 δὶ
1798 2082 1887 2137 καὶ

230 2175 261 2241 ἡ
294 2174 467 2227 αύτοῦ
502 2174 676 2243 σκηνή
714 2190 727 2203 ⁶
762 2171 985 2227 ἔπιπτον
1034 2171 1091 2227 δὲ
1138 2174 1227 2227 καὶ
1282 2174 1334 2228 οἱ
1379 2172 1541 2229 ἄλλοι
1573 2176 1679 2228 τῶν
1714 2179 1889 2247 Σαρα-

230 2267 412 2332 κηνῶν
478 2260 620 2316 κατά
666 2260 761 2323 τάς
821 2262 1051 2335 σωρείας
1120 2262 1222 2317 ὑπὸ
1276 2263 1443 2335 μέθης
1492 2257 1890 2335 σφαλλόμενοι,

232 2351 454 2423 καὶτῷ
545 2347 951 2425 ἀπροσδοκήτῳ
1030 2354 1129 2417 τῆς
1204 2350 1494 2415 ἐπιθέσεως
1555 2348 1684 2425 μηδ’
1742 2348 1887 2413 ὅλως

231 2440 364 2513 πρὸς
435 2438 619 2509 ἀλκὴν
719 2435 1028 2513 ἀποϐλέψαι
1108 2439 1448 2517 ἲσχύσαντες.
1527 2442 1735 2495 Γίνεται
1798 2441 1886 2495 οὗν

228 2530 404 2603 τροπὴ
471 2527 615 2583 ὅλου
672 2532 771 2582 τοῦ
828 2526 1221 2604 στρατοπέδου,
1267 2534 1374 2584 τῶν
1438 2533 1766 2605 Σαρακηνῶν
1800 2529 1890 2584 ὐπ’

230 2616 497 2687 ἀλλήλων
590 2619 1057 2691 συμπατουμένων
1139 2619 1226 2672 καὶ
1305 2619 1729 2694 ἀναιρουμένων,
1814 2618 1890 2678 ὡς

1993 584 2233 624 suorum
2268 568 2499 625 animos
2543 568 2804 625 oratione
2835 571 3221 628 conﬁrmavit.
3254 573 3641 650 Mandatoque

1992 658 2396 714 sacerdotibus
2449 662 2510 713 ut
2562 675 2683 714 rem
2740 676 2965 714 sacram
3010 662 3286 733 facerent,
3333 671 3641 736 postquam

1990 746 2117 818 ipse
2174 763 2305 802 cum
2362 747 2652 803 universis
2724 748 3059 820 impertitus
3114 758 3199 806 est
3256 755 3646 811 sacrosanctis

1992 836 2312 909 mysteriis,
2336 837 2491 892 circa
2522 836 2725 891 horam
2750 838 2979 909 prandii
3013 840 3231 911 apertis
3266 841 3428 897 urbis
3460 844 3643 915 portis

1992 926 2053 980 in
2103 925 2302 981 hostes
2355 942 2589 981 summo
2640 942 2770 981 cum
2820 926 3037 997 impetu
3092 929 3283 1000 irruit,
3342 931 3533 989 ebrios
3589 937 3649 989 et

1992 1013 2232 1086 crapula
2280 1019 2567 1086 gravatos.
2619 1014 2749 1085 lpse
2799 1016 3124 1071 Ambustus
3188 1019 3459 1092 princeps
3510 1037 3646 1077 cum

1993 1103 2118 1159 suis
2150 1120 2327 1174 eques
2358 1104 2427 1158 ad
2475 1103 2792 1158 tentorium
2846 1104 3227 1177 Apolapharis
3258 1107 3464 1165 insula:
3496 1128 3643 1182 pras-

1993 1192 2125 1248 t'ecti
2159 1192 2366 1262 tendit,
2413 1208 2667 1263 eumque
2716 1192 2848 1248 vino
2899 1199 3134 1265 captum
3183 1197 3382 1253 statim
3417 1200 3642 1254 interfi-

1993 1280 2156 1336 ciunt
2184 1282 2615 1352 tentoriumquo
2646 1280 2950 1353 diripiunt.
2971 1285 3077 1338 Sed
3097 1289 3152 1339 et
3181 1288 3525 1343 cumulatim
3550 1306 3645 1345 ca-

1994 1371 2142 1426 dunt
2173 1370 2380 1442 reliqui
2413 1370 2707 1438 Saraceni,
2742 1376 2799 1425 et
2843 1371 2913 1425 ob
2948 1372 3287 1430 ebrietatem
3322 1376 3647 1435 titubantes

1993 1464 2050 1516 et
2080 1460 2153 1515 ob
2186 1459 2567 1531 improvisam
2599 1476 2723 1515 rem
2756 1460 2827 1515 de
2849 1460 3187 1518 defensione
3218 1464 3363 1519 nihil
3394 1467 3649 1538 cogitan-

1994 1553 2103 1604 tes.
2140 1548 2327 1619 Igitur
2356 1548 2495 1603 totis
2526 1547 2733 1603 castris
2766 1549 3009 1620 fugitur,
3040 1552 3290 1608 ducibus
3323 1555 3645 1612 Saraceno-

1996 1654 2126 1692 rum
2156 1654 2217 1692 se
2241 1637 2486 1691 invicem
2510 1638 2910 1694 obterentibus
2935 1645 3110 1711 atque
3131 1640 3642 1714 interﬁcientibus,

1997 1731 2055 1782 et
2086 1742 2328 1798 campus
2360 1726 2742 1781 cadaveribus
2773 1727 3086 1799 obtegitur,
3120 1731 3270 1787 525
3308 1748 3373 1787 ac
3405 1734 3643 1805 prapin-

1997 1832 2125 1887 quae
2141 1814 2433 1871 convalles
2452 1831 2515 1870 ac
2545 1814 2787 1871 flumina
2810 1816 3126 1888 replentur.
3158 1820 3412 1892 Denique
3434 1824 3504 1878 de
3524 1827 3643 1879 tam

2000 1905 2202 1959 multis
2234 1903 2496 1959 millibus
2526 1904 2865 1975 paucissimi
2890 1905 3243 1964 Pauormum
3278 1910 3415 1983 fuga
3444 1929 3646 1984 perve-

1998 1993 2189 2049 niunt.
2243 1994 2422 2064 Capta
2470 1997 2609 2047 sunt
2657 1999 2848 2049 castra
2896 2012 3035 2051 auro
3084 2002 3142 2053 et
3187 2006 3426 2071 argento
3478 2001 3645 2058 unio-

1998 2082 2287 2152 nibusque
2318 2086 2375 2137 et
2403 2082 2650 2151 gemmis
2702 2083 3105 2156 refertissimn,
3154 2104 3298 2158 quas
3349 2090 3649 2148 dimensos

1998 2187 2126 2228 esse
2158 2170 2370 2226 modiis
2404 2170 2619 2226 milites
2650 2171 2862 2226 ferunt.
2886 2173 3180 2230 ItaSicilia
3207 2178 3363 2233 brevi
3386 2184 3649 2251 tempore

1999 2277 2032 2315 a
2090 2260 2350 2314 Maniace
2409 2259 2467 2313 in
2525 2263 2923 2315 Romanorum
2981 2268 3333 2333 potestatem
3389 2270 3643 2338 redacta,

1998 2348 2203 2421 exiguo
2234 2347 2422 2420 spatio
2456 2348 2527 2403 ob
2577 2348 2867 2421 ignaviam
2901 2356 2955 2405 et
3006 2352 3285 2409 incuriam
3321 2357 3537 2412 ducum
3571 2360 3640 2414 ad

1997 2438 2317 2495 Saracenos
2349 2437 2541 2507 rediit,
2572 2436 2697 2493 sola
2726 2442 3012 2507 Messana,
3046 2445 3339 2511 quomodo
3363 2446 3641 2515 diximus,

1998 2528 2275 2583 Romanis
2308 2534 2554 2583 servata.
2597 2531 2877 2583 Caeterum
2912 2530 3242 2601 Stephanus
3291 2538 3349 2589 et
3381 2535 3643 2592 Pediadi-

2001 2621 2087 2672 tes
2116 2634 2183 2672 ex
2214 2615 2409 2671 insula
2440 2616 2497 2670 in
2530 2616 2979 2687 Longibardiam
3012 2621 3413 2692 profugerunt.

228 2704 596 2780 πληρωθῆναι
656 2712 859 2780 νεκρῶν
913 2706 975 2761 τὸ
1032 2704 1217 2762 πεδίον
1266 2707 1355 2762 καὶ
1410 2709 1504 2771 τάς
1552 2704 1766 2783 ἔγγιστα
1824 2707 2102 2785 φάγαγγας
2162 2706 2247 2757 καὶ
2306 2704 2433 2765 τοὺς
2492 2704 2797 2776 ποταμοὺς,
2862 2705 2935 2767 ὡς
2989 2705 3049 2760 ἐκ
3106 2708 3377 2765 τοσούτων
3442 2712 3641 2789 μυριά-

231 2795 328 2850 δων
364 2794 596 2871 ὀλίγους
648 2796 788 2850 πάνυ
828 2795 879 2851 ἐν
940 2798 1213 2871 Πανόρμῳ
1261 2794 1614 2866 διασωθῆναι.
1669 2798 1916 2871 ἘΛήφθη
1979 2792 2036 2848 δὲ
2093 2792 2181 2848 καὶ
2228 2794 2289 2847 τὸ
2354 2791 2715 2867 στρατόπεδον
2775 2790 2935 2867 ἅπαν,
2982 2802 3189 2870 χρυσοῦ
3247 2801 3335 2853 καὶ
3395 2802 3633 2878 ἀργύρου

227 2885 308 2938 καὶ
367 2885 666 2960 μαργάρων
727 2884 879 2960 γὲνον
926 2885 1015 2939 καὶ
1069 2883 1387 2940 πολυτελῶν
1464 2883 1657 2958 λίθων,
1704 2883 1819 2956 οὓς,
1896 2883 1970 2945 ὡς
2036 2880 2273 2957 λέγεται,
2333 2880 2619 2955 μεδίμνοις
2696 2883 2745 2936 οἱ
2818 2890 3141 2957 στρατιῶται
3193 2884 3630 2964 διεμοιράσαντο.

232 2976 323 3031 Κιί
387 2974 536 3028 οὕτω
574 2976 666 3047 μὲν
724 2975 758 3045 ἡ
816 2980 958 3029 πᾶσα
1017 2972 1241 3029 Σικελία
1286 2973 1330 3030 δ’
1377 2973 1565 3049 ὀλίγου
1622 2978 1950 3051 χειρωθεῖσα
2004 2972 2151 3047 παρὰ
2199 2974 2295 3025 τοῦ
2357 2970 2631 3041 Μάνιάκη,
2687 2970 2737 3025 ἐν
2804 2973 3002 3049 βρκχεῖ
3056 2977 3244 3051 χρόνῳ
3287 2978 3515 3051 ἀμελείᾳ
3545 2985 3635 3038 καὶ

231 3063 490 3134 κακότητι
552 3062 868 3140 στρατηγῶν
924 3066 1120 3141 γὲγονε
1175 3062 1339 3119 πάλιν
1392 3064 1494 3119 ὑπὸ
1554 3062 1927 3139 Σαρακηνοὺς,
1962 3063 2135 3135 μόνης
2186 3063 2285 3124 τῆς
2345 3061 2601 3146 Μεσήνης
2652 3060 3091 3139 πιριλειφθείσης
3148 3068 3264 3121 καθ’
3314 3069 3371 3123 ὃν
3431 3071 3633 3146 τρόπον

234 3152 555 3226 εἰρήκαμεν,
613 3156 711 3208 τοῦ
770 3154 1046 3232 Στεφάνου
1100 3154 1188 3209 καὶ
1241 3157 1340 3209 τοῦ
1392 3150 1712 3209 Πεδιαδίτου
1764 3150 2036 3229 φυγόντων
2098 3148 2148 3205 ἐν
2216 3143 2603 3225 Λογγιϐαρδίᾳ.
2652 3149 2754 3206 Καὶ
2806 3151 2872 3205 τὰ
2933 3152 3027 3224 μὲν
3079 3153 3129 3209 ἐν
3182 3143 3639 3238 Σικελίᾳέφὲρετο

237 3244 416 3318 ταύτῃ.

300 3352 363 3409 Ὀ
419 3349 481 3406 δί
544 3349 800 3426 βασιλεὺς
860 3351 1097 3427 Μιχαὴλ
1145 3353 1216 3424 τῇ
1271 3350 1633 3426 Θεσσαλονίκῃ
1691 3352 1766 3415 ὡς
1818 3349 1959 3421 τάς

241 3439 420 3495 πολλά
481 3436 741 3515 διέτριϐε,
799 3441 1189 3517 προσλιπαρῶν
1236 3447 1318 3514 τῷ
1373 3444 1532 3519 τάφῳ
1568 3446 1664 3496 τοῦ
1694 3439 1890 3495 καλλι-

240 3531 385 3585 νίκου
417 3529 696 3604 μάρτυρος
754 3529 1073 3605 Δημητρίου
1118 3532 1205 3585 κάὶ
1268 3528 1592 3606 ἀπαλλαγήν
1644 3529 1891 3606 εὑρέσθαι

244 3626 335 3688 τῆς
362 3620 532 3674 νόσου
577 3619 940 3694 γλιχόμενος.
990 3618 1090 3673 Καὶ
1140 3617 1341 3690 ἤπτετο
1377 3620 1470 3692 μὶν
1496 3624 1603 3674 τῶν
1637 3620 1890 3693 πραγμά-

243 3730 344 3762 των
406 3705 523 3762 οὐδ’
588 3708 913 3780 ὁπωστιοῦν,
977 3707 1058 3764 ὅτι
1284 3714 1428 3763 πᾶσα
1488 3708 1713 3784 ἀνάγκη,
1774 3707 1891 3786 ἐφέ-

246 3817 362 3868 ρετο
424 3794 483 3850 δὲ
532 3796 567 3865 ἡ
622 3792 894 3866 διοίκησις
951 3798 1037 3851 καὶ
1093 3802 1202 3851 τῶν
1259 3802 1454 3852 κοινῶν
1521 3798 1892 3872 μεταχείρισις

252 3885 350 3939 ὑπὸ
381 3884 639 3942 Ἰωάννου
669 3906 683 3919 ·
716 3886 803 3939 καὶ
840 3883 995 3940 οὐδὲν
1029 3883 1170 3948 εἶδος
1225 3882 1463 3962 βέϐηλον
1518 3886 1609 3940 καὶ
1648 3886 1893 3961 παράνο-

253 3996 351 4044 μον
401 3974 648 4038 ἐπινοίας
703 3969 1028 4051 παρεϐείσθη
1063 3975 1091 4029 ’ὀ
1144 3976 1219 4047 μὴ
1271 3974 1474 4051 ἐξεῦρεν
1526 3974 1601 4037 εἷς
1636 3996 1895 4051 συντριμ·

256 4063 353 4133 μὸν
405 4064 495 4117 καὶ
553 4064 794 4117 κάκωσιν
850 4069 958 4118 τῶν
1047 4064 1149 4118 ὑπὸ
1220 4069 1402 4141 χεῖρα.
1452 4063 1779 4139 Καταλὲγειν
1839 4062 1898 4118 δὲ

253 4146 466 4206 ἕκαστον
516 4150 729 4207 τούτων
800 4150 969 4216 ἆθλος
1036 4152 1387 4228 Ἡράκλειος.
1465 4154 1568 4210 Καὶ
1635 4150 1896 4209 διέκειντο

258 4240 443 4302 πάντες
473 4241 757 4311 ἅνθρωποι
817 4242 921 4296 ὑπὸ
969 4248 1068 4312 τῆς
1129 4242 1343 4318 βαρείας
1400 4242 1603 4313 ταύτης
1652 4244 1899 4318 τυραννί-

258 4327 351 4391 δος
401 4330 663 4404 ἀγόμενοι
711 4331 796 4385 ἐπὶ
851 4329 997 4385 πολὺ
1045 4330 1458 4393 θεοκλυτοῦντες
1507 4331 1597 4385 καὶ
1654 4329 1900 4386 ἀπαλλα-

260 4420 361 4492 γὴν
400 4418 794 4492 ἐξαιτούμενοι.
864 4420 1043 4476 Ἕσειι
1096 4417 1154 4475 δὲ
1225 4421 1315 4476 καὶ
1364 4425 1606 4497 συνεχῶς
1664 4422 1693 4476 ὁ
1748 4421 1898 4494 Θεὸς,

262 4507 347 4560 καὶ
401 4505 630 4581 δείματα
688 4510 779 4563 καὶ
838 4504 1087 4585 φόϐητρα
1136 4516 1359 4586 κατεῖχε
1416 4512 1516 4580 τὴν
1546 4509 1897 4584 οἰκουμένην,

263 4594 315 4649 ὲν
356 4596 565 4672 ούρανῷ
616 4602 877 4670 κομητῶν
949 4597 1224 4672 ἑπιτολαὶ,
1284 4599 1335 4654 ἐν
1392 4599 1508 4675 ἀέρι
1560 4601 1749 4673 ἄνεμοι
1808 4598 1899 4654 καὶ

2070 3350 2307 3405 Interim
2339 3348 2661 3405 Michaelus
2694 3348 3013 3421 imperator
3043 3353 3376 3428 plerumque
3396 3359 3644 3418 Thessa-

1999 3439 2204 3495 ionicae
2235 3439 2506 3509 degebat,
2538 3438 2609 3493 ad
2661 3438 2939 3493 Demetrii
2986 3441 3255 3513 Martyris
3304 3446 3642 3517 sepulcrum

1999 3544 2393 3595 commorans,
2444 3527 2514 3581 ab
2565 3542 2749 3598 eoque
2799 3529 2984 3582 morbi
3039 3532 3501 3603 proﬂigationem
3555 3554 3647 3610 pe-

1999 3624 2169 3685 tens;
2204 3633 2394 3687 neque
2422 3615 2602 3671 ullius
2633 3616 2871 3688 negotii,
2897 3619 3007 3673 nisi
3039 3636 3274 3677 summa
3304 3625 3647 3697 compulsus

2002 3706 2369 3774 necessitate,
2404 3721 2603 3760 curam
2653 3704 3032 3778 suscipiebat,
3068 3711 3332 3767 omnium
3381 3720 3438 3768 et
3467 3714 3649 3771 totius

2002 3796 2082 3851 rei
2101 3794 2346 3865 publica:
2360 3793 2934 3850 administrationein
2948 3799 3231 3854 Joannem
3249 3800 3647 3859 incumbente.

2003 3883 2158 3939 Nihil
2190 3884 2589 3955 improbarum
2614 3900 2679 3939 ac
2703 3885 3095 3953 pessimarum
3128 3888 3238 3942 fuit
3257 3890 3471 3946 artium
3496 3894 3651 3965 quod

2005 3973 2099 4028 hic
2132 3973 2303 4028 homo
2335 3989 2449 4027 non
2481 3973 2836 4043 excogitaret
2878 3981 3053 4046 atque
3085 3977 3389 4035 adhiberet
3418 3982 3489 4036 ad
3521 3999 3650 4053 pre-

2007 4062 2251 4116 mendos
2282 4061 2690 4132 vexandosque
2738 4063 3029 4119 subditos.
3082 4066 3149 4120 Et
3179 4068 3419 4137 quidem
3452 4071 3656 4127 omnia

2006 4151 2135 4221 ejus
2165 4150 2386 4221 ﬂagitia
2415 4150 2629 4206 referre
2666 4150 2949 4206 Herculea
3000 4152 3175 4208 fuerit
3217 4172 3496 4214 aerumna.
3550 4160 3657 4216 Per

2005 4238 2248 4311 longum
2276 4244 2510 4312 tempus
2542 4240 2723 4294 attriti
2770 4242 2877 4295 hac
2910 4243 3217 4313 tyrannide
3248 4245 3518 4304 homines
3550 4266 3652 4304 au-

2007 4328 2213 4384 xilium
2250 4329 2347 4385 Dei
2379 4329 2697 4385 identidem
2730 4334 2787 4384 et
2816 4330 3280 4389 sublevationem
3316 4338 3656 4407 poscebant.

2006 4419 2115 4474 Sed
2166 4423 2224 4474 et
2269 4418 2548 4473 divinitus
2602 4420 2969 4475 continentes
3021 4426 3187 4477 terras
3235 4428 3656 4483 concussiones

2008 4507 2354 4572 edebantur,
2386 4524 2452 4561 ac
2492 4507 2843 4562 terribilium
2892 4514 3259 4567 ostentorum
3292 4514 3501 4585 plenus
3532 4519 3658 4571 erat

2011 4596 2288 4664 mundus,
2322 4595 2377 4649 in
2412 4594 2554 4649 ccelo
2584 4596 2848 4665 cometis,
2883 4597 2941 4651 in
2982 4615 3115 4654 aere
3143 4602 3332 4658 ventis
3359 4609 3533 4675 atque
3563 4621 3658 4660 ve-

265 4680 456 4760 ὄμϐροι
496 4683 786 4773 ῥαγδαῖοι,
838 4684 890 4741 ἐν
948 4691 1019 4764 γῇ
1108 4686 1166 4743 δὲ
1243 4689 1482 4764 βρασμοὶ
1538 4690 1628 4744 καὶ
1686 4688 1892 4744 κλόνοι.

2011 4683 2477 4740 hementissimis
2509 4684 2817 4753 imbribus,
2864 4686 2920 4740 in
2954 4689 3108 4743 526
3141 4695 3295 4746 terra
3329 4692 3659 4764 fragoribus

262 4778 430 4829 Ταῦτα
488 4772 546 4829 δὶ
604 4778 977 4851 προεμήνυον,
1027 4778 1203 4850 οἶμαι,
1260 4779 1359 4847 τὴν
1414 4776 1720 4851 μέλλουσαν
1771 4776 1897 4832 ὅσον

264 4860 464 4918 ούδὲπω
492 4862 734 4940 γενέσθαι
764 4867 1145 4944 καταστροφὴν
1176 4871 1283 4922 τῶν
1313 4866 1611 4943 τυράννων.

330 4971 565 5042 [Ρ.745]
628 4968 791 5042 Μαὲῳ
845 4968 903 5025 δὶ
964 4972 1097 5044 μηνὶ
1152 4971 1249 5027 τοῦ
1307 4981 1487 5051 ,ςφμη’
1540 4968 1714 5040 ἔτους,
1767 4970 1900 5027 ίνδιο

267 5062 481 5120 κτιῶνος
515 5061 587 5128 η’,
620 5062 654 5128 ἡ
687 5057 895 5137 ἁδιλφῆ
925 5065 1021 5114 τοῦ
1085 5061 1354 5134 βασιλέως
1390 5062 1592 5137 Μαρία,
1628 5065 1812 5137 μήτηρ
1845 5060 1904 5116 δὲ

266 5150 353 5198 του
382 5148 670 5221 Καίσαρος,
696 5145 908 5202 ἄπεισιν
946 5149 996 5202 ἐν
1034 5150 1243 5227 Ἐφέσῳ
1284 5152 1361 5215 εἷς
1399 5151 1764 5225 προσκύνησιν
1804 5155 1901 5205 τοῦ

270 5233 633 5307 ἠγαπημένοι).
668 5236 774 5291 Καὶ
808 5238 861 5291 ἰν
891 5242 969 5308 τῷ
999 5235 1190 5294 διιεναι
1224 5239 1409 5295 πολλὰ
1434 5245 1539 5294 τῶν
1572 5236 1901 5315 παραλόγως

270 5326 647 5397 πραττομένων
701 5326 968 5398 μαθοῦσα,
1027 5327 1405 5403 ύποστρὲᾡασα
1463 5328 1538 5390 εἷς
1591 5330 1654 5383 τὸ
1711 5329 1901 5404 βυζάν-

270 5428 371 5463 τιον
402 5412 703 5488 ἀπήγγειλε
734 5414 909 5468 πάντα
956 5420 1035 5487 τῷ
1083 5413 1304 5494 ἀδελφῷ
1346 5419 1585 5491 Ἰωάννῃ,
1618 5419 1707 5472 καὶ
1738 5437 1902 5491 παρε-

268 5497 406 5554 κάλει
429 5501 734 5574 ἀναστολήν
758 5524 882 5558 τινα
901 5505 1144 5578 γενέσθαι
1163 5514 1263 5577 τῆς
1285 5507 1555 5582 πονηρίας
1580 5527 1593 5541 ο
1629 5508 1655 5561 ὁ
1688 5504 1745 5561 δὶ
1770 5508 1905 5580 μετά

270 5585 494 5661 τίλωτος
546 5590 717 5666 αὐτὴν
788 5591 1167 5669 ἀπεπέμψατο,
1227 5600 1507 5673 γτναικεῖα
1565 5601 1778 5677 φρονεῖν
1836 5595 1905 5655 εί·

272 5679 402 5747 πὼν,
431 5680 517 5738 καὶ
548 5680 765 5760 ἀγνοεῖν
818 5679 958 5741 ὅσων
1013 5684 1047 5759 ἡ
1095 5681 1347 5745 πολιτεία
1388 5682 1557 5746 δεῖται
1588 5685 1900 5767 Ῥωμαίων.

2009 4790 2076 4829 ac
2107 4772 2458 4828 tremoribus
2506 4772 2947 4830 exsistentibus.
2989 4775 3145 4841 Quae,
3181 4780 3490 4851 utjudico,
3526 4799 3659 4853 por-

2008 4862 2332 4917 tendebant
2360 4861 2558 4916 statim
2594 4867 2870 4931 tyrannos
2902 4864 3216 4935 perituros.

2080 4972 2199 5021 Hoc
2230 4966 2357 5038 ipso
2389 4984 2561 5035 anno,
2615 4967 2931 5024 indictione
2962 4971 3016 5035 8,
3066 4988 3261 5029 mense
3292 4976 3461 5043 Maio,
3494 4994 3661 5034 soror

2009 5056 2378 5128 imperatoris
2411 5056 2611 5125 Maria,
2647 5056 2891 5111 Caesaris
2943 5065 3148 5125 mater,
3188 5062 3482 5133 Ephesum
3516 5068 3661 5122 abiit

2012 5144 2292 5199 adorandi
2340 5144 2583 5199 Joannis
2640 5145 3009 5217 evangelista
3066 5164 3265 5215 causa,
3317 5159 3374 5207 et
3421 5171 3553 5210 cum
3602 5156 3661 5211 in

2010 5233 2217 5289 itinere
2253 5233 2435 5287 multa
2462 5233 2707 5288 vidisset
2748 5234 3013 5305 improbe
3046 5240 3188 5309 geri,
3224 5257 3456 5297 reversa
3487 5246 3558 5298 de
3588 5245 3662 5300 iis

2011 5323 2287 5379 omnibus
2320 5322 2390 5375 ad
2447 5323 2679 5377 fratrem
2732 5325 3011 5380 Joannem
3063 5330 3287 5397 retulit,
3318 5331 3666 5405 hortataque

2011 5418 2101 5469 est
2129 5416 2194 5466 ut
2226 5411 2369 5466 istas
2411 5412 2702 5481 nequitias
2751 5419 3058 5485 coerceret,
3092 5433 3271 5489 quam
3306 5420 3400 5475 ille
3430 5421 3664 5479 irrisum

2013 5501 2259 5565 dimisit,
2297 5498 2661 5555 muliebriter
2683 5503 2900 5557 sentire
2930 5505 3116 5570 aiens,
3148 5513 3208 5562 et
3237 5508 3461 5565 nescire
3490 5526 3665 5580 quam

2014 5591 2201 5652 multa
2232 5590 2301 5645 ad
2353 5588 2778 5661 rempublicam
2826 5590 3151 5651 Romanam
3204 5597 3665 5672 requirerentur.

2014 5684 2171 5746 Idem
2190 5694 2321 5740 cum
2339 5677 2408 5737 ad
2426 5676 2837 5758 imperatorem
2852 5680 3660 5762 Thessalonicamtdixinius,
