4014 6194
312 354 313 357 ί
353 378 469 439 259

1708 373 2024 436 GEORGII
2067 374 2404 435 CEDRENI

3650 371 3774 433 260

354 510 663 582 degentem
711 508 839 566 auri
891 508 1224 566 centenaria
1272 510 1471 566 decem
1524 507 1801 574 mitteret,
1843 506 1992 563 navit

2118 507 2209 562 ’Ev
2243 502 2608 579 Θεσσαλονίκῃ
2639 502 2717 575 δὲ,
2774 505 2848 568 ὡς
2895 503 3145 577 εἴπομεν,
3194 507 3274 576 τῷ
3315 501 3532 579 βασιλεῖ
3562 500 3771 579 διατρι-

354 600 590 656 turbine
621 599 777 654 venti
818 603 1084 671 correpta
1114 599 1358 672 Illyricis
1390 599 1559 655 allisa
1590 603 1679 653 est
1709 597 2008 653 littoribus

356 692 415 745 et
452 688 667 760 periit:
705 705 915 744 aurum
968 687 1240 760 princeps
1284 688 1598 743 Serborum
1647 686 2007 758 Stephanus,

357 779 456 850 qui
488 782 545 833 et
566 778 961 846 Boisthlabus,
998 777 1260 834 abstulit.
1296 782 1350 832 Is
1396 776 1567 849 paulo
1602 781 1737 831 ante
1768 792 1836 831 ex
1868 775 2009 830 urbe

358 868 714 939 profugerat,
748 870 803 922 et
832 867 1096 922 Serbiam
1127 872 1442 937 occuparat
1473 866 1641 938 pulso
1667 865 1801 921 inde
1826 864 2009 920 Theo-

358 956 517 1028 philo
548 956 794 1012 Erotico.
830 957 894 1011 At
937 957 1093 1011 enim
1125 956 1383 1012 Joannes
1417 955 1803 1027 magistratus
1835 971 2007 1009 vena-

356 1048 441 1101 les
472 1046 853 1117 prostituens,
889 1061 955 1100 ac
1003 1044 1164 1100 omni
1213 1044 1523 1114 injustitize
1556 1045 1736 1099 t'rzena
1779 1042 2007 1111 laxans,

359 1135 685 1190 innumeris
737 1133 1174 1189 calamitatibus
1225 1134 1427 1189 orbem
1461 1138 1748 1189 terrarum
1800 1131 2007 1204 imple-

359 1224 457 1290 vit,
515 1222 801 1295 prafectis
859 1222 1100 1294 impune
1152 1222 1426 1279 subditos
1479 1222 1897 1294 expilantibus,
1953 1222 2011 1275 et

357 1313 587 1367 nemine
635 1329 877 1384 prorsus
926 1312 986 1367 in
1037 1329 1106 1368 ea
1158 1329 1285 1385 quae
1336 1312 1682 1385 agebantur,
1735 1310 2005 1366 animad-

355 1405 638 1458 vertente.

428 1671 750 1741 Imperator
776 1673 973 1725 autem
1016 1666 1445 1724 Thessalonicae
1496 1668 1567 1723 de
1615 1665 1835 1722 amisso
1866 1682 2006 1722 auro

356 1759 568 1814 certior
614 1758 827 1827 factus,
876 1757 1239 1829 Stephanum
1291 1773 1395 1827 per
1442 1755 1665 1811 litteras
1715 1759 1913 1811 monet
1946 1758 2009 1810 ut

356 1847 469 1902 sibi
501 1864 678 1903 suum
725 1848 921 1903 mittat
969 1863 1158 1918 neque
1191 1845 1345 1901 ultro
1396 1843 1532 1900 belli
1581 1861 1820 1900 causam
1853 1845 2003 1901 527

354 1938 629 2007 praebeat.
665 1938 780 1993 [loc
812 1952 946 1991 cum
999 1952 1103 2007 pro
1138 1934 1320 1990 nihilo
1370 1938 1601 2005 putaret
1648 1933 2003 2006 Stephanus,
2039 1933 2057 1975 ’

353 2025 660 2096 Georgium
708 2024 1018 2081 Probatam
1063 2024 1387 2096 spadonem
1436 2039 1565 2079 cum
1612 2024 1865 2079 exercitu
1907 2024 2004 2079 ad-

353 2132 561 2171 versus
590 2131 725 2170 eum
760 2113 938 2169 mittit
960 2114 1299 2184 imperator.
1326 2112 1433 2179 Qui
1457 2113 1515 2167 in
1537 2112 1734 2168 Servia
1754 2111 2002 2185 illapsus

354 2205 785 2261 inconsiderate
809 2203 865 2258 in
889 2203 1152 2259 locorum
1176 2202 1559 2258 difﬁcultates
1584 2207 1640 2258 et
1659 2201 1847 2258 invias
1868 2218 2002 2258 con-

353 2292 551 2365 valles,
582 2297 703 2350 toto
731 2292 988 2349 exercitu
1023 2292 1242 2349 amisso
1273 2307 1423 2365 aegre
1453 2290 1649 2348 evasit.

422 2564 537 2619 Hoc
568 2562 694 2634 ipso
728 2578 879 2617 anno
926 2564 982 2617 et
1025 2560 1261 2633 Bulgari
1307 2560 1645 2616 defecerunt
1691 2559 1801 2615 hac
1832 2576 1995 2615 occa-

348 2653 513 2707 sione
534 2669 545 2705 :
564 2656 768 2706 Petrus
796 2651 1035 2722 quidam
1059 2650 1367 2721 Bulgarus,
1392 2654 1778 2720 cognomento
1808 2648 1997 2704 Delea-

349 2758 481 2810 nus,
514 2758 717 2796 servus
768 2740 1079 2810 cujusdam
1128 2738 1387 2810 Cpolitae,
1422 2738 1707 2810 profugus
1757 2754 1824 2792 ex
1856 2738 1998 2794 urbe

348 2828 676 2899 Bulgariam
712 2828 1079 2900 pervagando
1111 2844 1299 2898 usque
1332 2828 1402 2882 ad
1428 2826 1731 2882 Morabum
1765 2832 1819 2881 et
1844 2825 1995 2883 Belev

343 2917 557 2988 grados
589 2915 874 2987 pervenit,
907 2932 1034 2986 quae
1066 2918 1207 2969 sunt
1229 2913 1467 2969 castella
1497 2915 1801 2969 Pannoniae
1835 2920 1997 2970 trans

348 3011 562 3060 Istrum
611 3004 739 3071 sita,
791 3004 1045 3059 Turcicae
1097 3003 1287 3059 vicina
1338 3002 1585 3072 ditioni;
1637 3009 1693 3059 et
1721 3003 1903 3058 lilium
1936 3020 1997 3060 se

346 3094 614 3161 Romani,
649 3097 919 3165 nepotem
950 3092 1504 3163 Samuelijactando
1537 3098 1769 3164 gentem
1794 3092 1997 3164 Bulga-

348 3180 527 3235 ricam
560 3180 891 3247 concitavit,
924 3196 1051 3251 quin
1078 3196 1191 3234 non
1217 3179 1294 3235 ita
1327 3179 1546 3251 pridem
1581 3181 1992 3253 cervicesjugo

2116 589 2263 649 ϐοντι
2324 594 2553 671 χρυσίου
2608 596 2634 650 6
2694 595 2952 664 Ἰωάννης
3004 589 3212 668 ἔπεμψε
3258 595 3582 669 κεντψάρια
3617 590 3767 662 δέκα,

2118 683 2220 738 ὑπὸ
2274 676 2578 760 στροϐίλων
2640 680 2698 737 δὲ
2748 682 3069 756 πνευμάτων
3130 683 3396 757 ἁρπασθὲν
3452 682 3514 737 τὸ
3566 681 3767 737 πλοῖον

2114 778 2231 834 τοῖς
2261 772 2593 849 Ἰλλυρικοῖς
2626 771 2979 849 προσεῤῥάγη
3012 770 3288 847 αἶγιαλοῖς
3317 792 3405 827 και
3431 765 3708 846 συνετρίϐη
3750 790 3766 803 °

2115 863 2180 917 τὸ
2212 859 2269 918 δὲ
2300 862 2527 938 χρυσίον
2573 861 2826 940 ἀφείλετο
2876 860 3147 939 Στέφανος
3199 862 3227 916 ὁ
3277 861 3365 917 καὶ
3401 856 3769 927 Βοϊσθλάϐος,

2118 951 2145 1005 6
2175 957 2284 1006 τῶν
2312 946 2531 1027 Σέρϐων
2575 952 2787 1026 ἅρχων,
2846 952 2953 1027 πρὸ
3009 954 3208 1024 μικροῦ
3254 953 3352 1016 τῆς
3380 948 3596 1012 πόλεως
3624 949 3769 1003 ἀπο-

2120 1037 2249 1117 δρὰς
2296 1040 2384 1095 καὶ
2431 1041 2524 1097 τὸν
2571 1040 2740 1095 τόπον
2787 1044 2896 1095 τῶν
2943 1035 3164 1116 Σέρόων
3221 1039 3597 1114 κατεσχηκὼς,
3631 1039 3768 1094 Θεό-

2118 1127 2278 1207 φιλον
2314 1130 2513 1194 ἐκεῖθεν
2568 1130 2660 1185 τὸν
2718 1132 3019 1205 Ἐρωτικόν
3064 1128 3357 1190 ἀπελάσας.
3410 1130 3470 1185 Ὀ
3502 1126 3550 1182 δ’
3579 1127 3770 1185 Ἰωάν-

2115 1239 2214 1288 νης
2248 1217 2409 1273 ὤνιον
2470 1219 2863 1295 προτιθέμενος
2910 1219 3005 1280 τᾶς
3056 1217 3254 1294 ἀρχὰς,
3302 1217 3391 1272 καὶ
3423 1222 3552 1272 πᾶσι
3594 1216 3768 1293 χαλι-

2113 1308 2206 1363 νὸν
2261 1305 2505 1371 ἐνδιδοὺς
2566 1307 2800 1381 ἀδικίας,
2863 1309 3075 1384 μυρίων
3132 1311 3426 1385 συμφορῶν
3499 1304 3768 1377 ἐνέπλησε

2113 1398 2213 1467 τὴν
2274 1397 2627 1471 οἰκουμένην,
2677 1396 2849 1462 ἀδεῶς
2893 1402 2999 1453 τῶν
3050 1401 3249 1472 κριτῶν
3306 1395 3764 1474 φορολογούντων

2113 1488 2242 1550 τοὺς
2286 1487 2614 1563 ἐγχωρίους,
2671 1488 2757 1543 καὶ
2815 1485 3049 1561 μηδενὸς
3107 1485 3439 1563 ἔπιστροφῆν
3498 1484 3647 1550 ὅλως
3689 1507 3771 1539 τι-

2118 1577 2343 1649 θεμένου
2371 1581 2481 1632 τῶν
2510 1579 2837 1652 γινομένων.

2185 1668 2241 1721 Ὀ
2295 1664 2351 1721 δὲ
2407 1665 2661 1743 βασιλεὺς
2719 1666 2770 1722 έν
2840 1664 3206 1742 Θεσσαλονίκῃ
3273 1666 3457 1741 μαθὼν
3514 1665 3614 1734 τήν
3663 1668 3767 1719 τοῦ

2114 1755 2347 1831 χρυσίου
2402 1755 2700 1826 ἀπώλειαν,
2758 1755 2948 1835 γράφει
3021 1760 3101 1827 τῷ
3170 1754 3429 1833 Στεφάνῳ
3487 1753 3766 1828 ἐκπεμψαι

2116 1846 2251 1917 πρὸς
2306 1844 2463 1900 αὐτὸν
2519 1846 2581 1900 τὸ
2638 1842 2777 1900 ἴδιον
2840 1844 2930 1899 καὶ
3011 1846 3086 1918 μή
3170 1843 3397 1915 θελῆσαι
3450 1842 3768 1917 αὐθαίρετον

2117 1932 2398 1989 ἀνελέσθαι
2450 1934 2716 2007 πόλεμον.
2775 1937 2888 1992 Τοῦ
2943 1931 3001 1989 δὲ
3056 1931 3325 2008 μηδεμίαν
3376 1933 3762 2006 ποιησαμένου

2111 2022 2467 2102 ἐπιστροφὴν,
2554 2024 2778 2099 στρατὸν
2858 2024 2886 2077 6
2977 2021 3233 2098 βασιλεὺς
3315 2021 3580 2095 ἐκπέμπει
3638 2023 3761 2077 κατ’

2110 2113 2297 2183 αὐτοῦ,
2386 2108 2628 2189 ἄρχοντα
2720 2110 2975 2185 ἐκτομίαν
3054 2112 3325 2188 Γεώργιον
3403 2108 3603 2186 ἔχοντα
3660 2110 3760 2166 τὸν

2110 2196 2415 2276 Προϐατᾶν.
2444 2203 2505 2259 Ὀ
2564 2198 2621 2257 δὲ
2666 2201 2758 2256 τὸν
2805 2200 2973 2257 τόπον
3022 2196 3366 2269 καταλαϐὼν,
3401 2200 3489 2256 καὶ
3536 2196 3762 2275 δυσχω-

2110 2289 2254 2363 ρίαις
2323 2292 2413 2345 καὶ
2481 2290 2711 2366 φάραγξι
2783 2289 2872 2345 καὶ
2952 2284 3276 2352 δυσϐάτοοις
3350 2290 3764 2366 ἀπερισκέπτως

2107 2378 2355 2451 ἐμπεσὼν
2415 2378 2626 2447 τόποις,
2688 2378 2751 2434 τό
2824 2400 2885 2434 τε
2955 2378 3261 2454 στράτευμα
3312 2378 3442 2435 ὅλον
3502 2378 3761 2433 ἀπώλεσε

2106 2468 2195 2523 καὶ
2230 2467 2389 2531 αὐτὸς
2423 2466 2701 2545 δυσχερῶς
2736 2466 2994 2534 διεσώθη.

2175 2557 2366 2631 Τούτῳ
2396 2562 2476 2630 τῷ
2510 2557 2614 2613 ἔτει
2645 2557 2735 2613 καὶ
2775 2560 2809 2628 ἡ
2861 2558 3159 2612 ἀποστασία
3188 2556 3378 2632 γέγονε
3403 2556 3755 2634 Βουλγαρίας

2105 2652 2294 2702 τοῦτον
2325 2648 2415 2701 τὸν
2448 2644 2654 2724 τρόπον
2678 2667 2690 2679 ·
2737 2647 2937 2719 Πέτρος
2980 2669 3061 2709 τις
3111 2646 3454 2723 Βούλγαρος,
3489 2646 3757 2708 Δελεάνος

2103 2737 2203 2804 τὴν
2269 2736 2663 2812 προσηγορίαν,
2730 2733 2929 2798 δοῦλος
2985 2735 3283 2805 Βυζαντίου
3335 2737 3477 2798 τινὸς
3536 2733 3757 2812 ἀνδρὸς,

2107 2822 2345 2899 ἀποδρὰς
2392 2826 2451 2880 ἐκ
2477 2831 2579 2895 τῆς
2622 2824 2839 2887 πόλεως
2887 2822 3159 2880 ἐπλανᾶτο
3209 2824 3260 2879 ἐν
3290 2825 3628 2901 Βουλγαριᾳ,
3659 2825 3754 2879 καὶ

2105 2915 2437 2984 κατήντησεν
2472 2912 2603 2989 ἄχρι
2654 2908 2931 2987 Μωράϐου
2977 2916 3067 2968 καὶ
3118 2912 3467 2989 Βελεγράδων
3500 2914 3759 2992 (φρούρια

2108 3000 2165 3057 δὲ
2193 3007 2360 3057 ταῦτα
2396 3004 2493 3075 τῆς
2527 3002 2825 3065 Ηαννονίας
2865 3002 3001 3058 κατά
3029 3004 3128 3072 τὴν
3155 3003 3377 3078 περαίαν
3412 3008 3509 3058 τοῦ
3538 3006 3760 3079 Ἴστρου

2107 3088 2419 3165 διακείμενα
2447 3092 2537 3147 καὶ
2568 3096 2915 3169 γειτονοῦντα
2969 3096 3050 3165 τῷ
3087 3091 3264 3169 κράλῃ
3301 3094 3415 3165 (11)
3441 3092 3755 3167 Τουρκίας).

2105 3182 2193 3235 καὶ
2254 3182 2370 3236 υἱὸν
2430 3182 2618 3236 ἑαυτὸν
2683 3180 2917 3259 έιρήμιζε
2987 3183 3271 3255 Ῥωμανοῦ
3338 3183 3436 3237 τοῦ
3486 3183 3606 3236 υἱοῦ
3658 3184 3761 3236 τοῦ

346 3268 690 3324 subdiderat
710 3284 775 3325 ac
792 3268 1119 3324 libertatem
1144 3284 1495 3340 magnopere
1518 3270 1847 3340 appetebat.
1874 3272 1992 3336 Quo

2112 3270 2401 3343 Σαμουὴλ,
2432 3272 2520 3326 καὶ
2549 3272 2611 3327 τὸ
2659 3258 2813 3349 γένος
2860 3270 3061 3326 ἀνέσειε
3115 3268 3220 3325 τῶν
3262 3270 3617 3347 Βουλγάρων,
3650 3272 3764 3345 πρὸ

341 3360 559 3414 factum
587 3362 649 3413 ut
678 3358 851 3414 ﬁdem
898 3356 1123 3413 homini
1173 3358 1475 3424 haberent,
1511 3374 1758 3429 cumque
1793 3376 1987 3431 regem

338 3447 624 3521 Bulgaria
657 3447 1051 3521 designarent,
1085 3451 1142 3502 ct
1191 3463 1294 3519 per
1323 3447 1600 3503 Naissum
1631 3464 1697 3503 ac
1744 3447 1988 3519 Scupias

334 3536 673 3608 primariam
705 3536 990 3606 Bulgaria:
1041 3536 1246 3591 urbem
1279 3552 1414 3591 eum
1459 3535 1987 3606 circumducerent,

331 3626 547 3681 faustis
580 3625 1108 3681 acclamationibus
1141 3641 1336 3696 regem
1368 3624 1749 3690 celebrantes,
1791 3629 1848 3680 et
1877 3627 1988 3681 Ro-

334 3732 539 3771 manos
574 3715 630 3769 in
664 3731 808 3785 quos
842 3714 1190 3769 incidissent
1213 3714 1527 3768 crudeliter
1549 3713 1985 3772 interﬁeientes.

338 3805 400 3858 ld
436 3804 529 3858 ubi
548 3803 834 3874 comperit
852 3802 1106 3858 Basilius
1123 3802 1489 3874 Synademus
1510 3802 1811 3874 Dyrrachii
1839 3821 1986 3875 pra-

332 3895 542 3959 fectus,
576 3890 842 3947 celeriter
873 3891 1002 3962 ejus
1033 3890 1141 3945 loci
1178 3891 1377 3962 copias
1411 3890 1470 3945 in
1521 3890 1840 3947 Deleanum
1876 3893 1986 3948 du-

331 3982 439 4050 xit,
461 3981 889 4036 occurrendum
922 3984 1087 4035 ratus
1111 3980 1453 4051 priusquam
1487 3979 1640 4036 vires
1665 3980 1771 4035 hoc
1794 3980 1988 4036 incen-

333 4072 495 4126 dium
526 4074 806 4126 sumeret.
859 4070 1000 4125 Cum
1056 4075 1250 4124 autem
1305 4069 1374 4124 ad
1430 4067 1623 4124 locum
1673 4069 1767 4124 cui
1800 4070 1986 4127 Debra

334 4176 547 4217 nomen
580 4158 958 4231 pervenisset,
990 4162 1046 4214 et
1093 4157 1382 4215 dissensio
1431 4157 1481 4212 ei
1532 4159 1800 4229 quendam
1850 4176 1980 4215 cum

333 4266 449 4305 uno
474 4249 845 4305 tribunorum
876 4247 1129 4303 militum
1156 4246 1437 4303 Michaelo
1463 4247 1827 4303 Dermocaita
1855 4252 1982 4304 orta

332 4344 507 4406 esset,
541 4338 696 4411 apud
742 4338 1155 4409 imperatorem
1206 4335 1354 4392 falso
1402 4336 1647 4393 crimine
1698 4338 1983 4393 affectatae

333 4430 483 4487 528
517 4430 846 4502 tyrannidis
867 4436 1199 4495 accusatur,
1229 4428 1607 4500 privatusque
1630 4429 1978 4501 magistratu

329 4518 805 4576 Thessalonicam
834 4516 1065 4574 ducitur
1093 4522 1150 4573 et
1178 4517 1239 4572 in
1272 4517 1601 4573 custodiam
1631 4519 1825 4573 datur.
1851 4519 1981 4574 Der-

2108 3358 2301 3435 ὀλίγου
2330 3359 2420 3414 τὸν
2469 3358 2754 3435 τράχηλον
2808 3355 3082 3416 ὑποϐαλὸν
3133 3359 3203 3435 τῇ
3252 3357 3472 3431 δουλείᾳ
3508 3360 3599 3414 καὶ
3630 3358 3759 3414 λίαν

2111 3447 2486 3523 ὀριγνώμενον
2538 3448 2860 3525 ἐλευθερίας.
2922 3450 3016 3504 Διὸ
3073 3450 3163 3504 καὶ
3212 3449 3588 3511 πιστεύσαντες
3639 3455 3767 3514 τοῖς

2099 3539 2227 3611 παρ’
2257 3535 2421 3591 αυτοῦ
2448 3536 2769 3613 λεγομένοις
2816 3535 3055 3594 Βασιλέα
3082 3559 3140 3592 τε
3169 3538 3331 3593 αὐτὸν
3362 3537 3757 3614 ἀναγορεύουσι

2099 3623 2450 3700 Βουλγαρίας,
2493 3627 2583 3681 καὶ
2618 3623 2835 3699 ἄραντες
2882 3626 3079 3691 ἐκεῖθεν
3137 3624 3227 3681 διά
3272 3648 3331 3682 τε
3375 3624 3612 3681 Ναϊσσοῦ
3658 3628 3756 3681 καὶ

2095 3719 2201 3769 τῶν
2239 3715 2545 3786 Σκουπίων,
2591 3723 2691 3785 τῆς
2742 3714 3144 3792 μητροπόλεως
3204 3714 3571 3791 Βουλγαρίας,
3601 3715 3758 3770 ἵεντο

2094 3804 2547 3879 ἀνακηρύττοντες
2636 3804 2725 3858 καὶ
2809 3807 3243 3883 ἀνευφημοῦντες
3343 3810 3558 3871 τοῦτον,
3659 3805 3759 3859 καὶ

2094 3893 2263 3947 πάντα
2318 3894 2409 3947 τὸν
2495 3894 2888 3966 παρευρεοέντα
2961 3896 3237 3967 Ῥωμαῖον
3323 3892 3573 3965 ἀνηλεῶς
3660 3894 3758 3948 καὶ

2096 3981 2473 4048 ἀπανθρώπως
2542 3981 2906 4056 ἀναιροῦντες.
2970 3983 3142 4057 Ὅπερ
3222 3982 3405 4055 μαθὼν
3468 3980 3760 4047 Βασίλειος

2093 4069 2121 4123 6
2183 4066 2512 4141 Συναδηνὸς,
2553 4072 2853 4146 στρατηγὸς
2911 4069 3225 4148 Δυρραχίου
3271 4072 3582 4148 τυγχάνων,
3617 4073 3758 4148 ἄρας

2088 4158 2184 4221 τὰς
2241 4156 2547 4234 ἐγχωρίους
2638 4156 2895 4232 δυνάμεις
2970 4158 3221 4215 ἔσπευδεν
3308 4160 3615 4231 ἀπαντῆσαι
3664 4164 3753 4233 τῷ

2091 4244 2337 4320 Δελεάνῳ
2382 4248 2509 4323 πρὶν
2572 4245 2608 4317 ἤ
2684 4246 2773 4302 ἐπὶ
2850 4247 2989 4324 μέγα
3051 4249 3279 4322 ἀρθῆναι
3322 4249 3386 4304 τὸ
3432 4250 3599 4305 κακὸν
3657 4249 3757 4305 καὶ

2089 4336 2355 4411 πυρκαϊὰν
2414 4336 2737 4414 ἀναφθῆναι.
2797 4337 3099 4410 Γενόμενος
3148 4334 3205 4392 δὲ
3246 4339 3384 4393 κατά
3411 4338 3512 4407 τήν
3575 4335 3749 4413 λεγο-

2093 4425 2259 4497 μένην
2339 4420 2571 4501 Δέρϐην,
2656 4426 2747 4480 καὶ
2840 4425 3219 4502 προσκρούσας
3286 4425 3423 4482 κατά
3502 4447 3557 4481 τι
3616 4426 3759 4500 μετά

2089 4534 2239 4576 τινος
2268 4518 2373 4570 τῶν
2442 4515 2871 4591 ὑποστρατήγων
2930 4515 3164 4592 Μιχαὴλ
3218 4520 3318 4571 τοῦ
3348 4514 3755 4589 Δερμοκαίτου,

334 4609 613 4665 mocaites
651 4608 770 4677 (hic
800 4608 955 4664 enim
987 4607 1037 4663 ei
1070 4607 1609 4678 succederejussus
1641 4607 1770 4677 fuit)
1803 4607 1980 4679 impe-

2107 4605 2243 4676 746]
2302 4597 2655 4659 διαϐάλλεται
2717 4602 2772 4666 ἐς
2836 4602 3063 4679 βασιλέα
3122 4605 3197 4667 ὡς
3251 4602 3492 4679 μελετῶν
3549 4625 3754 4679 τυραν-

331 4699 440 4753 rite
469 4715 536 4753 ac
568 4696 714 4753 male
761 4713 970 4768 gerens
1019 4695 1435 4767 magistratum
1466 4695 1676 4768 exiguo
1727 4701 1982 4768 tempore

331 4787 530 4843 omnia
560 4787 750 4842 vertit.
783 4784 1029 4856 Expilati
1060 4784 1216 4839 enim
1252 4783 1323 4838 ab
1351 4801 1417 4839 eo
1462 4783 1705 4855 injuste,
1738 4784 1982 4856 suisque

330 4874 498 4945 equis
528 4878 585 4930 et
615 4873 886 4928 curribus
910 4871 1144 4943 spoliati
1172 4870 1421 4942 aliisque
1442 4874 1616 4927 rebus
1646 4889 1795 4944 quas
1818 4890 1981 4930 caras

329 4963 647 5028 habebant,
668 4963 962 5028 omnibus,
990 4965 1188 5017 contra
1211 4978 1343 5015 eum
1368 4960 1705 5032 insurgunt.
1729 4963 1914 5033 Atque
1932 4963 1980 5018 is

330 5052 577 5107 insidias
610 5052 867 5107 sentiens
891 5050 1002 5107 sibi
1033 5049 1225 5121 parari
1248 5054 1422 5104 noctu
1454 5049 1677 5121 effugit.
1705 5050 1818 5121 Ipsi
1844 5067 1979 5123 ergo

328 5142 438 5195 sibi
465 5142 535 5195 ab
559 5140 706 5196 irato
730 5140 1079 5212 imperatore
1106 5142 1434 5193 metuentes
1453 5138 1734 5194 deﬁciunt
1761 5138 1978 5210 palam,

328 5237 383 5283 et
412 5230 729 5300 quemdam
762 5231 831 5285 de
857 5228 1142 5284 militibus
1168 5225 1492 5298 prudentia;
1516 5243 1580 5282 ac
1612 5228 1980 5284 fortitudinis

333 5323 505 5384 notae,
537 5318 986 5374 Teichomerum
1021 5317 1281 5380 nomine,
1314 5315 1732 5386 imperatorem
1768 5316 1977 5388 Bulga-

327 5407 425 5463 ria:
459 5409 844 5465 constituunt.
873 5408 1004 5463 Duae
1017 5407 1143 5477 jam
1164 5409 1333 5461 erant
1357 5404 1740 5476 Bulgarorum
1776 5406 1976 5460 factio-

2090 4690 2233 4749 νίδα.
2268 4691 2368 4747 Καὶ
2401 4693 2429 4747 ὁ
2466 4692 2560 4765 μὶν
2617 4691 2772 4756 εὐθὺς
2822 4690 3159 4768 παραλύεται
3214 4695 3316 4763 τὴς
3348 4694 3525 4769 ἀρχῆς
3572 4692 3665 4747 καὶ
3699 4693 3757 4749 ἓν

2091 4779 2457 4855 Θεσσαλονίκῃ
2493 4780 2679 4855 ἀχθεὶς
2720 4780 2774 4836 ἐν
2821 4779 3038 4858 φυλακῇ
3085 4780 3376 4851 Βάλλεται,
3424 4787 3754 4858 στρατηγεῖν

2093 4866 2140 4923 δ’
2195 4870 2306 4924 ἀντ’
2383 4870 2549 4925 αὐτοῦ
2627 4870 3037 4945 προχειρίζεται
3121 4872 3149 4925 6
3228 4871 3628 4945 Δερμοκαῗτης,
3688 4872 3753 4935 ὃς

2092 4957 2328 5034 ἀπείρως
2384 4960 2474 5013 καὶ
2542 4957 2764 5036 φαύλως
2804 4956 3024 5013 διοικῶν
3075 4960 3174 5029 τὴν
3234 4959 3415 5035 ἀρχὴν
3445 4959 3498 5014 έν
3548 4961 3751 5035 βραχει

2093 5047 2274 5124 χρόνῳ
2320 5050 2388 5102 τα
2436 5050 2609 5103 πάντα
2658 5046 2930 5122 ἀνέτρεψε.
2995 5046 3490 5121 Πλεονεκτοὺμενοι
3546 5048 3650 5123 γὰρ
3697 5050 3752 5104 οἱ

2092 5137 2181 5192 ὑπ’
2237 5136 2396 5191 αὐτὸν
2448 5137 2535 5191 καὶ
2585 5135 2960 5209 ἀδικούμενοι,
2992 5136 3240 5199 καὶτοὺς
3275 5138 3476 5200 ἑαυτῶς
3528 5136 3748 5201 ’ἵππους

2088 5226 2178 5279 καὶ
2207 5225 2274 5279 τὰ
2304 5223 2518 5299 ἅρματα
2548 5228 2660 5299 (12)
2700 5225 3085 5301 ἀθαιρούμενοι
3135 5226 3225 5280 καὶ
3276 5222 3419 5280 ἄλλο
3452 5230 3556 5280 πᾶν
3611 5226 3751 5301 ὅπερ

2087 5314 2155 5382 ἦν
2196 5314 2385 5375 αὐτοῖς
2415 5314 2562 5383 ἀξιον
2613 5313 2805 5389 λόγου,
2853 5312 3320 5385 κατεξανίστανται
3370 5318 3467 5368 τοῦ
3502 5334 3752 5389 στρατη-

2088 5400 2211 5477 γοῦ.
2241 5399 2397 5459 Ἀλλ’
2428 5403 2456 5456 6
2491 5402 2609 5475 μὲν,
2641 5404 2715 5465 ὡς
2766 5397 2961 5478 ᾔσθετο
2992 5398 3511 5477 ἆπιὸουλευόμενσς,
3542 5405 3749 5467 νυκτὸς

1522 5521 1878 5577 XYLANDRI
1916 5521 2006 5577 ET
2045 5520 2260 5577 GOARI
2300 5520 2532 5576 NOTAE.

397 5625 509 5699 (lt)
536 5622 825 5699 Xylander
864 5621 1107 5699 ditioni;
1132 5619 1329 5678 verius
1360 5621 1477 5695 regi
1502 5637 1523 5680 :
1552 5621 1729 5679 crate:
1770 5619 1978 5696 Bulga-

325 5693 445 5755 riea
472 5693 678 5771 lingua
706 5711 826 5753 rex.
858 5693 1040 5751 Gesn.

2155 5621 2264 5697 (12)
2294 5622 2461 5678 Arma
2481 5622 2610 5694 jam
2640 5620 2959 5694 signiﬁcat,
2991 5636 3117 5678 noni
3137 5636 3355 5678 currus.
3387 5619 3573 5678 Gen.
