4014 6194
223 343 327 403 26!

1365 336 1731 398 HISTORIA
1748 335 1909 397 RUM
1959 334 2113 395 GOM
2130 335 2494 397 l‘ENDlUM.

3516 340 3637 400 262

223 470 488 535 διαλαθὼν
542 470 751 548 ἔφυγεν·
807 472 860 525 οἱ
911 467 967 526 δὶ
1015 474 1094 541 τῷ
1152 468 1212 525 ἐκ
1270 466 1538 545 βασιλέως
1587 464 1692 521 δέει
1738 464 1874 541 βαλ-

1991 482 2114 533 nes,
2148 466 2331 521 altera
2361 466 2707 532 Deleanum,
2739 466 3187 521 Teiohomerum
3230 468 3410 525 altera
3439 487 3638 543 regem

224 562 443 635 λομενοι
494 559 823 616 ἀποστασίαν
870 581 931 614 τε
983 556 1250 633 μελετῶσι
1298 559 1387 613 καί
1435 579 1557 612 τινα
1603 561 1711 610 τῶν
1754 576 1877 609 συν-

222 652 384 707 όντων
435 652 625 713 αὐτοῖς
678 654 1049 725 στρατιωτῶν,
1096 648 1447 724 Τειχομηρὸν
1498 644 1763 719 τοῦνομα,
1796 641 1879 698 ἐπ’

224 737 405 815 ἀνδρίᾳ
452 740 543 795 καὶ
600 739 807 794 συνέσει
870 740 1387 814 μεμαρτυρημένον,
1454 733 1679 811 βασιλέα
1739 753 1877 809 προ-

221 830 550 906 χειρίζονται
599 828 939 905 Βουλγαρίας
974 871 987 886 .
1051 827 1152 883 Καὶ
1215 825 1409 881 λοιπὸν
1469 824 1719 900 γεγόνασι
1781 820 1876 877 δύο

221 920 427 981 στάσεις
492 918 847 993 Βουλγάρων,
904 920 940 987 ἡ
1003 918 1096 990 μὲν
1156 916 1248 972 τὸν
1302 914 1561 971 Δελεάνον
1620 915 1878 990 ἀνευφη-

223 1012 419 1080 μοῦσα,
453 1009 653 1082 θατέρα
700 1005 758 1061 δὲ
803 1008 894 1062 τὸν
946 1006 1322 1082 Τειχομηρὸν.
1357 1004 1511 1062 Ἀλλ’
1544 1005 1572 1058 ὁ
1613 1001 1879 1065 Λελεάνος

219 1098 516 1171 γράμματα
569 1095 763 1172 φιλικᾶ
806 1097 941 1170 πρὸς
991 1096 1083 1151 τὸν
1140 1094 1488 1170 Τειχομηρὸν
1539 1093 1749 1167 γράψας
1786 1091 1872 1145 καὶ

221 1186 297 1241 ἐπὶ
355 1186 750 1262 κοινοπραγίαν
802 1185 1059 1255 καλέσας,
1107 1179 1312 1239 ἔπεισεν
1370 1182 1567 1238 ἐλθεῖν.
1625 1180 1773 1235 Ἐπεὶ
1821 1176 1878 1233 δὲ

220 1276 404 1346 ήνώθη
459 1275 530 1329 τὰ
589 1272 685 1329 δύο
743 1276 1062 1347 συστήματα
1112 1278 1217 1329 τῶν
1273 1270 1629 1347 Βουλγάρων,
1674 1289 1877 1344 συγκα-

222 1362 517 1437 ὶεσάμενος
576 1366 813 1426 ἅπαντας
874 1365 902 1417 ὁ
962 1361 1225 1425 Δελεάνος
1282 1357 1604 1436 παρεκάλει,
1672 1358 1718 1412 εί
1779 1358 1874 1431 μὲν

218 1452 744 1531 πεπληροφόρηνται
773 1452 880 1508 ἀπὸ
910 1457 1005 1507 τοῦ
1057 1451 1326 1525 Σαμουὴλ
1374 1447 1551 1505 ἕλκειν
1589 1447 1745 1503 αὐτὸν
1776 1448 1878 1516 τήν

220 1544 395 1617 σειρὰν
430 1543 521 1596 καί
573 1542 663 1596 ὑπ’
711 1542 880 1596 αὐτοῦ
932 1538 1207 1615 αἱροῦνται
1263 1536 1663 1615 βασιλεύεσθαι,
1714 1535 1875 1591 ἐκπο-

218 1628 316 1685 δὼν
380 1631 716 1700 ποιήσασθαι
772 1631 861 1685 τὸν
907 1629 1296 1705 Τειχομηρὸν,
1357 1627 1403 1681 εἰ
1462 1624 1507 1681 δ’
1565 1625 1877 1700 ἀπότροπον

218 1718 401 1782 αὐτοῖς
450 1723 636 1788 τοῦτο,
696 1718 855 1773 αὐτὸν
915 1720 1010 1792 μὲν
1070 1716 1559 1788 ἀποσκευάσασθαι,
1612 1717 1875 1791 ἄρχεσθαι

218 1806 271 1863 δὲ
303 1810 412 1865 ὑπό
443 1813 545 1863 τοῦ
592 1813 966 1884 Τειχομηροῦ,
1004 1834 1024 1859 ι
1070 1807 1174 1863 Δύο
1203 1808 1329 1883 γὰρ,
1361 1806 1546 1885 φησὶν,
1592 1804 1875 1882 ἐριθακοὺς
1913 1846 1955 1908 Β

265 1897 275 1908 ,
358 1897 376 1908 .
411 1898 423 1908 .
651 1896 664 1908 .
797 1896 808 1908 .
1011 1894 1037 1908 ..
1200 1897 1210 1908 .
1347 1896 1356 1908 .
1517 1894 1529 1908 .
1579 1891 1603 1908 κ
1665 1905 1677 1908 _
1711 1896 1723 1908 .

221 1897 311 1968 μία
358 1897 559 1973 λόχμη
610 1896 672 1952 οὗ
720 1896 924 1977 τρέφει,
976 1894 1098 1951 οὔτε
1151 1897 1249 1969 μία
1280 1896 1439 1971 χώρα
1482 1891 1879 1965 εὐοδωθήσεται

222 1988 318 2042 ὑπὸ
350 1984 452 2042 δύο
501 1981 888 2060 κυϐερνωμὲνη
942 1986 1225 2062 ἀρχηγῶν.
1264 2010 1291 2037 ››
1324 1988 1507 2042 Ταῦτα
1538 1980 1593 2039 δὲ
1624 1982 1872 2045 εἰπόντος

220 2076 375 2131 αὖτοῦ
439 2071 679 2150 θόρυϐός
732 2097 793 2131 τε
861 2075 1004 2149 ἤρθη
1063 2074 1280 2146 πολὺς,
1337 2073 1426 2128 καὶ
1487 2074 1650 2146 μόνον
1715 2071 1871 2127 αὐτὸν

224 2166 524 2241 βούλονται
583 2164 729 2242 ἔχειν
782 2164 978 2242 ἔφασαν
1032 2164 1408 2241 αὐτοκράτορα
1455 2162 1724 2238 ἀρχηγόν.
1778 2161 1875 2216 Καὶ

220 2260 320 2327 ἅμ
376 2260 451 2329 τῇ
535 2252 714 2329 βουλῇ
794 2253 980 2318 λίθους
1038 2252 1262 2328 ἄραντες
1320 2250 1730 2307 λιθολευστοῧσι
1787 2252 1879 2305 τὸν

217 2342 399 2405 Ξθλιον
464 2344 851 2417 Τειχομηρόν.
902 2343 1000 2397 Καὶ
1053 2342 1081 2396 ὁ
1115 2342 1210 2415 μὲν
1263 2341 1337 2403 ὡς
1390 2340 1439 2395 ἐν
1487 2339 1678 2414 ὀνείρῳ
1724 2336 1877 2411 δόξας

1987 555 2279 611 salutans.
2315 555 2396 611 Ibi
2449 555 2738 611 Deleanus
2788 555 3250 625 Teichomerum,
3285 574 3388 629 per
3417 558 3641 617 litteras

1989 645 2060 699 ad
2094 645 2434 701 societatem
2472 644 2780 700 imitatum
2834 646 2903 699 ad
2939 662 2998 700 se
3032 646 3360 716 pertrahit;
3394 664 3646 721 cumque

1988 734 2047 789 in
2082 751 2265 789 unum
2294 733 2605 789 coiisssent
2636 734 2836 805 cepize,
2872 734 2928 789 in
2980 734 3319 792 concionem
3352 736 3645 795 universis

1989 824 2283 879 advocatis
2317 823 2576 894 postulat
2610 830 2670 879 ut
2720 824 3015 895 siquidem
3050 842 3112 880 se
3146 843 3179 880 a
3209 826 3479 882 Samueli»
3508 845 3644 899 pro-

1988 919 2232 985 gnatum
2266 919 2423 969 certo
2446 914 2748 968 crederent
2772 930 2835 967 ac
2860 930 2921 968 se
2950 930 3138 981 regem
3164 915 3379 971 habere
3403 915 3639 986 vellent,

1988 1000 2437 1055 Teichomerum
2472 1004 2779 1055 amoveant
2811 1017 2823 1054 :
2865 1000 2953 1055 sin
2990 1001 3044 1054 id
3082 1020 3193 1057 non
3229 1002 3545 1073 videretur,
3581 1021 3644 1061 se

1988 1088 2261 1144 abdicare
2312 1094 2367 1144 et
2417 1104 2662 1161 regnum
2712 1088 3090 1145 Teichomero
3142 1093 3526 1162 permittere:
3579 1098 3645 1150 ut

1986 1178 2138 1234 enim
2171 1178 2320 1234 duos
2353 1179 2647 1234 erithacos
2690 1196 2875 1234 unum
2909 1179 3217 1235 orbustum
3254 1198 3364 1237 non
3399 1182 3524 1253 alit,
3557 1185 3642 1240 sic

1988 1284 2173 1323 unum
2208 1283 2454 1339 regnum
2486 1267 2731 1322 feliciter
2749 1286 2782 1323 a
2808 1268 3039 1323 duobus
3058 1268 3426 1341 principibus
3447 1271 3640 1327 admi-

1986 1358 2222 1412 nistrari
2258 1374 2371 1411 non
2423 1374 2616 1427 posse.
2650 1356 2780 1411 Haec
2815 1374 2880 1412 eo
2932 1357 3047 1412 fato
3094 1359 3334 1429 grandis
3383 1361 3644 1417 exoritur

1985 1447 2318 1514 tumultus;
2344 1446 2757 1517 vociferatique
2780 1463 2843 1502 se
2865 1445 2971 1501 soli
2999 1446 3246 1503 Deleano
3272 1465 3517 1521 regnum
3544 1451 3641 1507 de-

1986 1535 2155 1601 ferre,
2183 1535 2339 1590 illico
2361 1534 2661 1607 lapidibus
2688 1536 2971 1591 miserum
2998 1535 3161 1591 illum
3188 1542 3243 1591 et
3269 1555 3445 1610 regno
3469 1540 3642 1611 quasi

1984 1638 2087 1694 per
2102 1622 2460 1677 insomnium
2477 1622 2628 1678 529
2644 1622 3643 1697 petitumTeichomerumobi-uunt.

1984 1711 2273 1768 Deleanus
2306 1711 2469 1767 solus
2500 1728 2735 1766 omnem
2761 1717 2970 1768 nactus
3004 1717 3351 1783 potestatem
3375 1733 3512 1772 suas
3542 1733 3643 1772 co-

1986 1802 2112 1874 pias
2143 1802 2215 1857 ad
2246 1800 2728 1857 Thessalonicam
2776 1808 2978 1857 contra
3009 1802 3424 1875 imperatorem
3459 1806 3642 1863 ducit.

1988 1891 2097 1946 Sed
2133 1890 2225 1945 hic
2258 1890 2651 1961 incomposito
2684 1890 2917 1962 agmine
2951 1892 3292 1964 Byzantium
3328 1894 3492 1963 abiit,
3517 1912 3648 1952 om-

1984 1981 2161 2037 nibus
2192 1982 2648 2053 impediinentis,
2669 1997 2735 2037 ac
2766 1983 3055 2053 quidquid
3086 1989 3211 2039 erat
3240 1986 3392 2052 auri,
3420 1988 3648 2057 argenti

1986 2088 2053 2127 ac
2084 2070 2355 2137 vestium,
2388 2070 2631 2126 relictis.
2666 2072 2856 2142 Atque
2884 2088 2945 2126 ea
2970 2072 3277 2129 Manuelus
3309 2074 3505 2131 Ibatza
3528 2078 3644 2131 im-

1988 2161 2271 2232 peratoris
2303 2159 2659 2214 domesticus
2678 2176 2876 2215 secum
2898 2162 3126 2217 auferre
3153 2168 3209 2217 et
3228 2164 3639 2234 sequijussus,

1988 2250 2242 2321 acceptis
2275 2249 2366 2316 iis,
2403 2266 2535 2303 cum
2570 2249 2855 2305 Cmtonita
2886 2251 3139 2321 quodam
3175 2254 3444 2310 eunucho
3476 2255 3641 2312 cubi-

1992 2339 2213 2395 culario
2244 2340 2315 2394 ad
2348 2339 2664 2395 Deleanum
2697 2338 2954 2394 transiit.

218 2434 359 2505 ἇρξαι
428 2432 525 2485 σὺν
578 2436 648 2505 τῇ
698 2432 849 2507 ἀρχῇ
897 2430 1249 2505 καταστρέφει
1298 2429 1388 2484 καὶ
1436 2430 1534 2497 τὴν
1588 2430 1753 2498 ζωὴν,
1785 2433 1929 2482 πᾶσα
1979 2423 2036 2480 Si
2084 2428 2118 2496 ἡ
2171 2424 2381 2497 ἐξουσία
2428 2425 2738 2497 μεθίσταται
2790 2426 2864 2487 εἷς
2913 2427 3004 2480 τὸν
3044 2426 3326 2485 Δελεάνον.
3369 2430 3542 2492 Οὗτος
3594 2428 3622 2485 δ

216 2524 307 2582 τὰς
372 2519 638 2593 δυνάμεις
706 2522 839 2595 ἄρας
913 2522 1120 2583 ἁπάσας
1203 2519 1366 2593 ἀπῄει
1452 2518 1589 2593 πρὸς
1672 2515 2072 2585 Θεσσαλονίκην
2158 2517 2293 2570 κατὰ
2375 2519 2471 2569 τοῦ
2561 2513 2845 2590 βασιλέως.
2908 2519 3081 2591 ’Ὸπερ
3171 2520 3355 2590 μαθὼν
3435 2519 3640 2583 ἐκεῖνος

216 2614 563 2675 ἀσυντάκτως
620 2610 801 2687 ᾤχετο
872 2611 947 2674 εἷς
1014 2614 1075 2667 τὸ
1143 2612 1460 2682 Βυζάντιον,
1494 2608 1809 2663 καταλιπὼν
1874 2614 2045 2662 πᾶσαν
2104 2608 2204 2675 τὴν
2264 2607 2569 2674 ἀποσκευὴν
2623 2607 2713 2660 καὶ
2768 2607 2867 2675 τήν
2927 2610 3128 2677 σκηνὴν
3177 2610 3265 2663 καὶ
3321 2612 3444 2664 ὅσον
3504 2632 3642 2686 χρυ-

218 2703 325 2755 σίον
389 2704 464 2770 ἦν
525 2702 616 2755 καί
666 2700 899 2777 ἄργυρος
955 2701 1044 2755 καὶ
1109 2700 1416 2777 ὑφάσματα,
1470 2699 1602 2773 ἅπερ
1664 2698 1919 2765 Μθνουήλ
1954 2691 2665 2767 ὁ’16άτζης,ᾠκειωμένος
2722 2692 2794 2748 ὢν
2847 2700 2925 2767 τῷ
2986 2696 3221 2771 βασιλεῖ,
3277 2700 3642 2775 προσταχθεὶς

215 2789 510 2867 ἀφελέσθαι
547 2790 636 2845 καὶ
690 2788 1101 2859 ἐπακολουθεῖν,
1153 2782 1562 2861 ἀναλαϐόμενος
1607 2785 2009 2862 προσεχώρησε
2054 2790 2136 2857 τῷ
2183 2784 2428 2857 Δελεάνῳ
2482 2784 2616 2858 μετᾶ
2661 2785 2750 2839 καί
2799 2806 2948 2849 τινος
2995 2786 3351 2858 Κοιτωνίτου,
3388 2790 3505 2851 ἑνὸς
3535 2794 3641 2844 τῶν

213 2878 594 2953 θύαμπὸλων
625 2877 943 2934 εὐνούχων.

281 2972 486 3044 Γέγονε
512 2966 572 3023 δὲ
600 2968 691 3023 καὶ
722 2969 941 3044 αὐχμὸς
992 2968 1130 3022 κατὰ
1178 2970 1370 3021 τοῦτον
1420 2965 1511 3020 τὸν
1544 2965 1768 3040 χρόνον,
1802 2964 1876 3026 ὡς

216 3057 409 3134 σχεδὸν
463 3058 909 3134 ἀποξηρανθῆναι
955 3059 1052 3119 τάς
1105 3055 1371 3135 ἀφθόνους
1424 3055 1604 3129 πηγὰς
1633 3054 1723 3109 καὶ
1752 3052 1880 3118 τοὺς

214 3148 472 3208 ἀεννάους
534 3145 846 3219 ποταμούς.
894 3143 1141 3220 Ἐγένετο
1186 3142 1245 3199 δὲ
1306 3143 1397 3199 καὶ
1450 3141 1775 3218 ἐμπρησμὸς
1825 3141 1877 3197 ἐν

213 3240 278 3310 τῇ
333 3237 688 3308 Ἐξαρτήσει,
741 3234 877 3289 κατᾶ
929 3234 1030 3302 τὴν
1082 3235 1124 3297 ς’
1178 3236 1274 3288 τοῦ
1324 3231 1636 3306 Αὐγούστου
1682 3232 1878 3305 μηνὸς,

213 3327 298 3379 καὶ
328 3324 744 3400 ἐνεπρήσθηςαν
804 3324 859 3377 αἱ
911 3321 1081 3377 ἐκεῖσε
1128 3322 1407 3397 ἱστάμεναι
1438 3327 1603 3376 πᾶσαι
1631 3322 1877 3397 τριήρεις

222 3416 352 3485 μετὰ
383 3420 490 3483 τῆς
524 3414 730 3468 ἑαυτῶν
762 3418 1135 3487 παρασκευῆς.

2060 2967 2250 3021 Tanta
2275 2965 2449 3021 etiam
2501 2966 2740 3022 siccitas
2789 2983 2855 3023 eo
2906 2970 3165 3039 tempore
3218 2967 3327 3023 fuit
3376 2973 3440 3025 ut
3462 2970 3638 3041 juges

1987 3053 2175 3109 fontes
2225 3070 2289 3109 ac
2340 3071 2624 3126 perennes
2678 3056 2837 3109 ﬂuvii
2890 3056 3070 3111 ferme
3116 3057 3469 3113 exaruerint.
3512 3060 3642 3115 Fuit

1987 3144 2163 3199 etiam
2195 3144 2531 3200 incendium
2566 3145 2622 3199 in
2659 3144 2916 3200 Exartesi
2940 3146 2973 3198 6
2996 3145 3087 3200 die
3116 3146 3388 3218 Augusti,
3416 3164 3643 3204 omnes-

1988 3250 2103 3305 que
2155 3233 2235 3287 ibi
2293 3238 2517 3289 stantes
2565 3233 2834 3290 triremes
2892 3251 3027 3289 cum
3080 3234 3207 3291 suis
3258 3237 3644 3292 armamentis

1988 3322 2445 3395 conﬂagrarunt.

280 3505 341 3562 Ὀ
371 3501 435 3558 δὲ
468 3501 733 3563 Δελεανος
785 3501 1315 3572 ἀποσκευασάμενος,
1367 3499 1441 3561 ὡς
1485 3494 1731 3572 εἷ’πομεν,
1775 3497 1867 3553 τὸν

2056 3503 2341 3559 Caeterum
2368 3502 2652 3559 Deleanus
2674 3502 2937 3572 gnaviter
2959 3519 3080 3558 rem
3105 3503 3312 3575 gessit,
3337 3503 3641 3576 missoque

222 3593 584 3669 Τειχομηρὸν
649 3592 739 3646 καὶ
813 3592 1028 3645 πάντων
1102 3593 1211 3645 τῶν
1280 3586 1614 3664 πραγμάτων
1696 3586 1883 3663 κύριος

222 3682 492 3745 καταστὰς
551 3680 813 3755 γενναίως
868 3677 1107 3755 ἐξηγεῖτο
1166 3682 1273 3732 τῶν
1330 3676 1524 3752 ἔργων.
1584 3677 1687 3733 Καὶ
1744 3676 1882 3750 πρό-

222 3792 373 3846 τερον
441 3770 543 3842 μὲν
603 3767 928 3830 ἀποστείλας
986 3767 1199 3837 πλῆθος
1254 3766 1553 3841 στρατηγὸν
1610 3763 1738 3841 ἔχον
1786 3763 1880 3819 τὸν

225 3857 525 3935 λεγόμενον
598 3859 878 3913 Καυκάνον
951 3854 1063 3911 εἷλε
1134 3855 1197 3910 τὸ
1271 3853 1575 3930 Δυρράχιον
1627 3897 1639 3911 .
1718 3852 1883 3907 ’Δπὲ-

221 3947 402 4003 στειλε
457 3946 518 4003 δὲ
566 3948 657 4001 καὶ
711 3947 963 4021 στρατιάν
1022 3944 1199 3999 ἐτέοαν
1259 3942 1311 3998 ἐν
1364 3940 1612 4011 Ἑλλάδι,
1656 3962 1885 4017 στρατη-

220 4038 500 4111 γουμένην
565 4037 655 4091 ὑπ’
716 4035 1001 4108 ’Ᾱνθίμοιν
1063 4032 1211 4107 ᾗτινι
1280 4033 1606 4094 ὑπαντιάσας
1665 4033 1693 4085 ὁ
1753 4029 1882 4085 Ἀλ-

223 4124 532 4188 λακασσεὺς
613 4124 705 4180 καὶ
790 4124 1059 4198 συμμίξας
1143 4122 1198 4177 ἐν
1290 4116 1495 4192 Θήϐαις
1579 4121 1881 4196 τρέπεται,

223 4215 308 4269 καὶ
342 4217 651 4291 ἀναιρεῖται
704 4212 916 4283 πλῆθος
966 4218 1075 4267 τῶν
1124 4206 1380 4282 Θηϐαίων
1437 4212 1517 4284 [Ρ.
1549 4212 1677 4283 747]
1715 4208 1880 4267 πολύ.

222 4304 356 4358 Τότε
405 4301 475 4372 δὴ
528 4303 622 4357 καὶ
670 4303 734 4357 τὸ
786 4304 924 4375 θέμα
969 4306 1076 4356 τῶν
1120 4299 1525 4368 Νικοπολιτῶν,
1554 4297 1701 4368 πλὴν
1744 4306 1883 4354 Ναυ-

229 4392 459 4465 πάκτου,
491 4390 809 4467 προσερρὖη
854 4388 1199 4465 Βουλγάροις
1231 4387 1301 4444 ’δι’
1332 4388 1505 4444 αίτίαν
1554 4391 1653 4458 τὴν
1705 4387 1884 4465 ῥηθή-

225 4492 406 4544 σεσθαι
493 4478 830 4554 μέλλουσαν.
913 4480 1203 4548 Βυζάντιος
1264 4480 1367 4554 γάρ
1450 4499 1533 4539 τις
1604 4476 1887 4553 ἅνθρωπος

224 4569 487 4638 Ἰωάννης
541 4568 807 4641 τοῦνομα,
839 4568 1224 4641 Κουτζομύτης
1257 4569 1370 4641 (13)
1414 4568 1513 4635 την
1546 4564 1884 4639 ἐπωνυμίαν,

223 4660 488 4732 πράκτωρ
540 4662 649 4713 τῶν
710 4656 883 4713 ἐκεῖσε
939 4654 1221 4730 δημοσίων
1273 4655 1456 4734 φόρων
1502 4656 1765 4729 πεμφθεὶς
1796 4654 1885 4710 καὶ

228 4746 445 4819 βαρέως
500 4748 1007 4823 προσενηνεγμένος
1078 4750 1197 4806 τοῖς
1252 4742 1551 4819 ἐγχωρίοις
1610 4744 1784 4816 ἒαυτῷ
1827 4764 1886 4799 τε

226 4834 454 4909 ξλεθρον
524 4834 850 4911 προεξένησε
906 4835 995 4889 καὶ
1052 4831 1396 4895 ἀποστάσεως
1460 4830 1630 4895 αἴτιος
1695 4832 1886 4907 γέγονε

420 4923 845 4986 Νικοπολίταις·
913 4925 989 4997 μὴ
1065 4921 1312 5001 φέροντες
1382 4922 1484 4997 γάρ
1559 4922 1656 4989 τήν
1716 4921 1881 4976 αὐτοῦ

228 5010 545 5083 πλεονεξίαν
597 5012 980 5078 ἀποστατοῦσι,
1025 5016 1115 5067 καὶ
1163 5011 1321 5066 αὐτὸν
1372 5011 1465 5082 μὲν
1514 5009 1588 5071 εἴς
1624 5010 1761 5086 μέρη
1794 5010 1883 5066 καὶ

234 5101 373 5172 μέλη
435 5102 758 5176 κατὲτεμον,
820 5101 969 5157 αὐτοὶ
1028 5098 1085 5156 δὲ
1148 5101 1239 5155 τὸν
1302 5096 1529 5175 βασιλέα
1587 5096 1882 5176 δυσφημή-

232 5210 415 5253 σαντες
477 5192 763 5265 Ῥωμαίων
814 5197 931 5253 τοῖς
988 5189 1325 5265 Βουλγάροις
1380 5187 1746 5263 προσέθεντο.
1806 5189 1884 5245 Οὔ

230 5284 493 5336 τοσοῦτον
548 5278 605 5337 δί
654 5278 743 5335 δια
787 5282 849 5336 τὸ
893 5281 1028 5357 πρὸς
1076 5280 1166 5335 τὸν
1219 5277 1478 5333 Δελεάνον
1518 5275 1746 5354 φίλτρον
1780 5278 1882 5356 ἀφ-

230 5368 465 5437 ηνίασαν
492 5370 580 5426 καὶ
605 5372 699 5426 τὸν
732 5369 1040 5444 Ῥωμαϊκὸν
1083 5368 1242 5445 ζυγὸν
1294 5364 1593 5443 ἀπέρριψαν
1639 5368 1763 5422 ὅσον
1795 5366 1885 5424 διὰ

225 4925 337 4985 τοῖς

1987 3593 2243 3649 exercitu
2274 3594 2419 3648 duce
2448 3592 2715 3647 Caucano
2748 3592 3129 3664 Dyrrachium
3160 3593 3333 3665 cepit.
3358 3593 3636 3665 Aliasque

1988 3681 2049 3737 in
2072 3682 2348 3737 Graeciam
2373 3684 2570 3754 copias
2593 3682 2755 3737 misit
2775 3682 3016 3737 ductore
3039 3682 3336 3753 Anthimo,
3362 3684 3453 3738 cui
3477 3684 3636 3754 apud

1990 3771 2222 3827 Thebas
2252 3772 2479 3827 obviam
2508 3773 2697 3827 factus
2716 3770 3087 3827 Allacasseus
3114 3771 3317 3827 multis
3341 3772 3638 3829 Thebanis

1990 3860 2199 3916 occisis
2220 3860 2473 3931 pellitur.
2497 3866 2655 3916 Tunc
2679 3864 2855 3915 etiam
2883 3860 3182 3932 provincia
3204 3859 3640 3933 Nicopolitana,

1990 3950 2118 4004 sola
2156 3956 2396 4020 excepta
2442 3950 2766 4020 Naupacto,
2820 3949 2889 4003 ad
2941 3950 3228 4019 Bulgaros
3276 3950 3542 4005 descivit.
3577 3951 3645 4007 Et

1990 4040 2147 4093 enim
2172 4038 2523 4110 Byzantinus
2537 4038 2777 4110 quidam
2799 4039 3057 4093 Joannes
3077 4039 3469 4111 Cutzomytes,
3486 4040 3641 4097 530

1992 4128 2215 4183 missus
2234 4128 2303 4182 ad
2324 4128 2676 4199 exigendum
2699 4128 2997 4199 publicum
3028 4128 3339 4197 tributum,
3364 4145 3497 4184 cum
3525 4129 3643 4184 ini-

1993 4217 2168 4288 quius
2200 4222 2473 4271 tractaret
2503 4217 2744 4283 incolas,
2768 4217 2879 4271 sibi
2916 4217 3025 4287 ipsi
3059 4218 3308 4272 exitium
3343 4218 3644 4289 paravitet

1990 4306 2139 4378 ipsis
2169 4305 2478 4361 deiiciendi
2511 4304 2876 4361 occasionem
2931 4306 3199 4377 praebuit.
3253 4311 3349 4361 Est
3380 4306 3537 4361 enim
3569 4306 3643 4362 ab

1992 4396 2139 4466 ipsis
2170 4395 2241 4449 ob
2268 4393 2695 4450 intolerabilem
2723 4394 3026 4449 avaritiam
3048 4393 3107 4448 in
3129 4394 3315 4449 frusta
3331 4395 3643 4457 concisus;

1993 4488 2049 4538 et
2080 4484 2476 4540 Romanorum
2507 4484 2919 4556 imperatorem
2944 4485 3325 4552 detestantes,
3358 4485 3643 4557 ejusjugo

1993 4589 2259 4639 excusso,
2337 4572 2606 4645 Bulgaris
2686 4591 2747 4628 se
2822 4573 3275 4643 conjunxerunt,
3337 4591 3452 4629 non
3520 4578 3642 4629 tam

1994 4661 2189 4717 studio
2222 4660 2457 4717 Deleani
2490 4660 2753 4732 impulsi,
2788 4679 2962 4732 quam
3017 4662 3148 4716 odio
3179 4660 3644 4733 orphanotrophi

1994 4749 2067 4803 ob
2100 4749 2544 4804 insaturabilem
2591 4749 2719 4819 ejus
2770 4750 2828 4803 in
2860 4750 3265 4805 exactionibus
3315 4750 3643 4805 avaritiam.

1995 4836 2140 4892 Nam
2178 4837 2423 4893 Basilius
2448 4838 2684 4909 quidem
2708 4837 3046 4910 imperator,
3076 4856 3191 4910 quo
3216 4845 3475 4911 tempore
3500 4839 3610 4895 sub
3628 4869 3645 4883 -

1992 4926 2106 4997 egit
2130 4926 2431 4999 Bulgaros,
2455 4927 2599 4981 nihil
2617 4944 2857 4999 prorsus
2876 4928 3305 4995 immutaverat,
3322 4929 3423 4985 sed
3447 4929 3647 4984 omnia

1996 5015 2244 5086 pristina
2293 5018 2623 5072 conditione
2672 5034 2910 5072 manere
2960 5018 3326 5088 permiserat,
3374 5034 3564 5090 neque
3612 5035 3647 5073 a

1995 5104 2249 5161 Samueli
2282 5106 2578 5161 exactione
2610 5105 2786 5161 aliam
2822 5106 3096 5163 instituit.
3132 5108 3213 5162 Ea
3234 5112 3433 5162 autem
3457 5107 3648 5162 fuerat

1995 5199 2061 5249 ut
2091 5195 2421 5266 quicunque
2446 5195 2965 5268 Bulgarusjugum
3000 5196 3177 5251 boum
3210 5195 3570 5267 possidebat,
3596 5194 3647 5249 is

1993 5283 2052 5338 in
2087 5282 2388 5355 publicum
2417 5285 2707 5341 conferret
2735 5301 2921 5339 unum
2952 5284 3254 5355 frumenti,
3279 5302 3463 5340 unum
3497 5282 3648 5340 milii

1995 5373 2254 5428 modium
2288 5376 2344 5429 et
2380 5372 2501 5429 vini
2535 5391 2766 5431 urnam.
2799 5374 3331 5449 Orphanotrophus
3360 5373 3512 5431 eain
3541 5387 3649 5449 pe-

1418 5529 1796 5589 XYLANDRI
1836 5532 1926 5592 ET
1965 5532 2185 5594 GOARI
2226 5532 2458 5592 NOT/E.

303 5638 425 5712 (13)
457 5638 855 5716 Restionem;
880 5639 1080 5699 simus.
1111 5638 1296 5698 Gens.
