4036 6194
367 305 484 365 263
1715 295 2003 358 ϐΕΟῐὶϐῙ

2129 296 2415 358 EDRENI
3662 308 3789 367 264

368 436 605 493 cuniam
637 436 913 491 mutarat.
934 433 1096 498 Quod
1121 432 1366 489 moleste
1385 430 1637 487 ferentes
1658 426 2015 501 Nicopolitaa,

2129 427 2229 496 τήν
2290 431 2386 483 τοῦ
2452 427 2905 507 ὀρφανοτρόφουο
2947 430 3255 502 ἀπληστίαν
3311 432 3400 488 καὶ
3477 435 3615 511 πρὸς
3688 436 3790 499 τὰς

372 527 567 583 oblata
613 525 919 583 occasione
966 522 1201 579 Deleani
1247 526 1433 588 motu,
1483 522 1742 575 Romano
1773 518 2015 590 imperio

2134 518 2433 593 εἰσπράξεις
2471 515 2801 597 ὑπερϐολήν.
2838 519 3129 578 Βασιλείου
3176 524 3278 600 γάρ
3337 529 3433 580 τοῦ
3495 526 3788 602 βασιλέως,

369 618 580 687 rejecto
612 616 683 671 ad
717 631 856 671 suos
885 611 1133 686 gentiles
1165 610 1487 667 redierunt.

2130 608 2365 678 ὁπηνίκα
2406 608 2755 687 Βουλγάρους
2807 610 3167 688 ἐχειρώσατο,
3210 615 3284 687 μὴ
3337 620 3656 691 νεοχμῶσαι
3706 629 3793 681 θε-

370 705 641 773 λήσαντος
708 702 851 757 ὅλως
915 698 1055 774 μηδὲ
1110 700 1175 753 τά
1222 697 1513 774 πράγματα
1560 697 1935 770 μετακινῆσαι,
1987 693 2115 751 ἀλλ’
2158 695 2245 751 ἐπὶ
2293 705 2391 768 τῆς
2435 699 2599 769 αὐτῆς
2653 698 2864 773 μὲνειαν
2916 701 3288 765 καταστάσεως
3319 703 3407 758 καὶ
3440 704 3582 760 οὕτω
3641 702 3789 776 διεξ-

368 796 581 871 άγεσθαι
640 794 819 856 καθώς
874 813 981 845 που
1039 791 1066 845 6
1125 787 1390 862 Σαμουὴλ
1447 784 1762 863 διωρίσατο,
1794 786 1884 840 καὶ
1954 782 2161 841 διδόναι
2210 788 2301 843 τὸν
2357 793 2539 866 ζεῦγος
2604 792 2744 864 βοῶν
2799 788 2999 867 ἔχοντα
3046 791 3359 870 Βοόλγαρον
3420 794 3495 857 εἷς
3551 796 3611 850 τὸ
3668 816 3790 851 κοι-

365 885 454 938 νὸν
518 883 667 937 σίτου
730 878 918 955 μόδιον
973 877 1067 934 ’έναι
1122 879 1210 933 καὶ
1271 876 1517 953 κέγχρου
1573 880 1831 931 τοσοῦτον
1885 874 1975 929 καὶ
2025 872 2172 930 οἷ’νου
2234 877 2468 951 στάμνον
2519 876 2629 949 ἕνα,
2665 880 2692 934 6
2724 879 3125 959 όρφανοτρόφος
3157 882 3274 939 ἀντὶ
3302 888 3410 938 τῶν
3444 880 3600 938 εἱδῶν
3627 883 3791 959 νομί-

367 993 545 1046 σματα
597 969 835 1034 δίδοσθαι
897 966 1206 1045 διωρίσατο.
1264 970 1434 1041 Ὅπερ
1489 966 1563 1040 μὴ
1627 964 1871 1041 εὐφόρως
1928 965 1979 1018 οἱ
2043 963 2319 1039 ἐγχώριοι
2370 965 2644 1045 φέροντες,
2708 970 2951 1045 εὑρόντες
3010 968 3066 1025 δὲ
3120 972 3209 1026 καὶ
3281 969 3471 1048 καιρόν
3539 970 3791 1047 εὔκαιρον

365 1064 460 1130 τὴν
518 1064 613 1115 τοῦ
669 1058 932 1115 Δελεάνου
992 1057 1320 1137 ἐπιφάνειαν,
1378 1057 1476 1125 τὴν
1535 1055 1850 1128 Ῥωμαϊκὴν
1919 1054 2266 1111 ἀπεσείσαντο
2315 1058 2614 1132 ἠγεμονίαν
2670 1058 2760 1114 καὶ
2816 1060 2953 1136 πρὸς
3027 1059 3090 1115 τὸ
3170 1061 3405 1137 ἀρχαῖον
3492 1060 3790 1138 ἐπανέδρα-

375 1172 474 1223 μον
508 1144 651 1214 ἔθος.

438 1260 555 1316 Ηοο
587 1264 846 1330 tempore
868 1258 1147 1314 adversus
1172 1257 1582 1329 imperatorem
1610 1251 2013 1324 conspiratum

365 1355 477 1420 est,
532 1348 897 1421 principibus
950 1347 1226 1403 facinoris
1279 1343 1562 1402 Michaelo
1605 1341 1902 1399 Cerulario
1960 1349 2016 1398 et

359 1440 587 1495 Joanne
620 1436 1059 1509 Macrempolita
1082 1436 1333 1507 aliisque
1358 1433 1572 1490 civium
1606 1431 1762 1486 haud
1787 1429 2011 1501 paucis.

364 1529 431 1584 lli
465 1527 730 1599 relegati,
763 1528 915 1582 bona
960 1542 1166 1581 eorum
1199 1523 1514 1597 publicata.
1566 1521 1679 1576 Sed
1710 1524 1768 1575 et
1810 1523 2017 1574 contra

363 1616 815 1673 Constantinum
850 1630 1127 1685 magnum
1160 1613 1549 1669 domesticum
1583 1626 1675 1665 res
1707 1624 1865 1663 novae
1897 1607 2012 1662 Me-

362 1704 619 1762 sanactis
650 1708 902 1760 tentatae.
926 1702 1145 1759 Indicio
1168 1704 1315 1760 53'!
1351 1702 1431 1757 rei
1461 1700 1675 1765 delato,
1696 1696 2014 1754 Michaelus

365 1794 609 1864 Gabras,
640 1792 1004 1849 Theodosius
1046 1792 1397 1848 Mesanictes
1429 1788 1718 1861 multique
1749 1786 1848 1842 alii
1882 1804 2013 1842 cen-

2197 1252 2437 1327 Ἐγὲνετο
2490 1252 2547 1309 δὲ
2595 1257 2728 1311 κατὰ
2774 1261 2965 1312 τοῦτον
3021 1257 3111 1313 τὸν
3180 1259 3366 1334 καιρὸν
3430 1257 3632 1333 μελέτη
3690 1279 3786 1314 τυ-

2126 1339 2366 1416 ραννίδος
2394 1345 2529 1399 κατὰ
2557 1343 2653 1399 τοῦ
2688 1344 2978 1422 βασιλέως,
3013 1342 3252 1422 ἔξαρχον
3303 1342 3508 1422 ἔχουσα
3550 1347 3787 1424 Μιχαὴλ

2122 1429 2213 1484 τὸν
2275 1431 2569 1507 λεγόμενον
2622 1432 3011 1510 Κηρουλάριον
3074 1436 3165 1490 καὶ
3198 1438 3453 1508 Ἰωάννην
3510 1438 3602 1492 τὸν
3657 1443 3786 1494 Μα-

2122 1515 2495 1594 κρεμϐολίτην
2541 1523 2630 1578 καὶ
2685 1523 2888 1587 ἄλλους
2939 1525 3038 1581 οὐκ
3084 1524 3305 1603 ὀλίγους
3362 1530 3467 1581 τῶν
3512 1526 3785 1599 πολιτῶν,

2123 1609 2177 1663 οἳ
2234 1610 2323 1664 καὶ
2381 1608 2734 1685 δημευθέντες
2792 1613 3178 1691 ἐξωρίσθησαν.
3213 1616 3316 1673 Καὶ
3374 1617 3530 1691 ἑτέρα
3581 1614 3639 1672 δέ
3695 1637 3785 1680 τις

2123 1695 2467 1765 ἰπισόστασις
2514 1700 2704 1777 γέγονε
2750 1705 2886 1758 κατὰ
2935 1705 3340 1760 Κωνσταντίνου
3379 1710 3476 1760 τοῦ
3540 1703 3784 1781 μεγάλου

2127 1782 2451 1858 δομεστίκου
2538 1790 2590 1845 ἐν
2664 1794 3049 1856 Μεσανάκτοις·
3108 1796 3173 1862 ἧς
3232 1794 3562 1867 μηνυθείσης
3632 1794 3786 1867 αὐτῷ

365 1884 625 1939 turiones
655 1882 945 1950 exczecati,
971 1882 1285 1953 Gregorius
1307 1885 1503 1936 autem
1528 1876 1810 1950 patricius
1834 1876 2011 1932 Turo-

2129 1876 2364 1977 Mixg‘ﬁ‘l
2428 1878 2520 1951 μὶν
2573 1880 2600 1934 6
2649 1874 2860 1957 Γαϐρᾶς
2907 1882 2997 1937 καὶ
3048 1880 3335 1946 Θεοδόσιος
3382 1884 3789 1955 ὁΜεσανύκτης

361 1972 501 2040 nita,
536 1972 637 2044 qui
686 1978 889 2027 auctor
940 1971 1216 2026 facinoris
1266 1969 1581 2038 ferebatur,
1632 1967 1815 2022 cruda
1862 1964 2013 2037 pelle

360 2062 522 2117 bovis
555 2066 742 2116 totum
774 2077 987 2131 corpus
1011 2060 1404 2125 obductus,ut
1435 2056 1543 2113 soli
1567 2054 1801 2128 spiritui
1824 2054 2013 2110 exitus

355 2154 410 2206 et
462 2149 617 2206 oculi
672 2150 857 2222 aperti
916 2153 1133 2219 essent,
1194 2149 1267 2205 ad
1316 2145 1867 2219 orphanotrophum
1921 2146 2014 2199 est

357 2256 601 2296 11118808.

2122 1964 2213 2017 καὶ
2249 1962 2413 2020 ἄλλοι
2446 1966 2653 2024 πολλοὶ
2705 1975 2813 2025 τῶν
2862 1976 3210 2047 ταγματικῶν
3268 1971 3549 2048 ἀρχόντων
3608 1973 3787 2044 ἐκπη-

2123 2056 2338 2125 ροῦνται
2368 2057 2499 2118 τούς
2533 2056 2877 2135 ὀφθαλμοὺς,
2912 2061 3212 2136 Γρηγόριον
3263 2059 3320 2115 δὲ
3356 2062 3642 2135 πατρίκιον
3689 2062 3786 2118 τὸν

2121 2142 2434 2215 Ταρωνίτην
2466 2144 2718 2222 ἔξαρχον,
2760 2149 2835 2210 ὡς
2886 2148 3121 2224 ἐλέγετο,
3148 2150 3235 2204 καὶ
3284 2151 3634 2226 πρωτουργὸν
3680 2156 3786 2221 τῆς

2122 2230 2424 2296 συστάσεως
2456 2231 2584 2290 ὅντα
2622 2238 2749 2311 ὠμῇ
2788 2237 2960 2313 βύρσῃ
2998 2239 3124 2314 βοὸς
3157 2236 3246 2293 διὰ
3275 2240 3472 2301 παντὸς
3522 2244 3620 2294 τοῦ
3674 2240 3789 2294 σώ-

359 2349 527 2402 ματος
555 2326 797 2402 κολόψας
824 2327 851 2381 6
886 2331 1303 2399 Κωνσταντῖνος,
1335 2326 1422 2380 καὶ
1462 2326 1631 2399 μόνης
1659 2330 1758 2393 τῆς
1790 2321 2064 2385 ἀναπνοῆς
2099 2315 2279 2392 ἔξοδον
2316 2322 2467 2399 ἀφεὶς
2514 2326 2605 2380 καὶ
2635 2334 2736 2397 τῆς
2794 2324 2995 2402 ὄψεως,
3025 2328 3161 2406 πρὸς
3217 2329 3309 2383 τὸν
3370 2327 3788 2408 ὀρφανοτρόφον

358 2416 673 2475 ἀπέστειλε.

428 2532 593 2582 Anno
646 2525 854 2581 mundi
910 2527 1071 2593 6549,
1107 2526 1425 2581 indictione
1476 2540 1650 2587 nona,
1684 2537 1884 2577 mense
1912 2520 2012 2575 Se-

360 2617 631 2687 ptembri,
692 2615 1018 2671 Alusianus
1078 2615 1359 2685 patricius
1428 2620 1486 2670 et
1533 2608 2012 2680 Theodosiopolis

362 2708 689 2776 praefectus,
725 2705 1022 2759 secundus
1052 2706 1301 2759 Aaronis
1334 2702 1511 2768 ﬁlius,
1546 2702 1741 2756 subito
1772 2717 1840 2754 ex
1870 2698 2013 2753 urbe

366 2796 649 2865 profugus
682 2794 751 2848 ad
775 2792 1093 2848 Deleanum
1120 2810 1181 2847 se
1212 2792 1478 2848 contulit.
1500 2791 1645 2847 Cum
1679 2789 1834 2845 enim
1860 2789 2013 2856 inju-

363 2883 533 2938 stiti:e
566 2887 877 2937 accusatus
908 2888 1083 2947 esset,
1109 2882 1455 2953 priusquam
1489 2882 1558 2935 de
1590 2896 1770 2935 causa
1799 2894 2015 2948 cogno-

364 2978 648 3041 sceretur,
695 2972 954 3028 Joannes
987 2976 1058 3026 ab
1108 2988 1174 3027 eo
1223 2975 1491 3041 exegerat
1538 2968 1665 3023 auri
1711 2968 1893 3022 libras
1922 2968 2013 3032 50,

370 3061 784 3132 ademeratque
833 3060 1113 3131 praedium
1164 3061 1319 3131 quod
1371 3058 1613 3131 synodis
1663 3056 2015 3126 patrimonio

368 3152 427 3205 in
458 3151 777 3207 Gharsiano
808 3150 1077 3205 habebat.
1112 3152 1375 3222 Cumque
1404 3148 1610 3204 multis
1644 3149 1795 3218 apud
1828 3147 2013 3218 impe-

370 3246 621 3296 ratorem
656 3240 927 3312 precibus
958 3256 1070 3295 non
1102 3240 1456 3295 obtinuisset
1484 3244 1550 3293 ut
1579 3239 1669 3293 sui
1703 3238 2016 3292 haberetur

370 3328 872 3400 ratio,desperatis
890 3327 1013 3383 suis
1037 3329 1210 3383 rebus
1230 3328 1505 3383 Armenio
1529 3326 1729 3381 habitu
1754 3331 2013 3397 sumpto,

365 3418 771 3489 simulansque
802 3435 865 3474 se
897 3418 1094 3473 Basilii
1115 3417 1555 3473 Theodorocani
1581 3415 1865 3470 famulum
1890 3432 2017 3470 esse

366 3514 546 3578 atque
600 3508 1075 3563 Thessalonicam
1137 3508 1206 3561 ad
1259 3507 1669 3578 imperatorem
1728 3505 1832 3570 ire,
1867 3503 2017 3558 clam

367 3597 644 3652 omnibus
670 3596 919 3667 aufugit,
962 3596 1397 3666 Ostrobumque
1443 3596 1723 3665 pervenit,
1758 3594 1854 3648 ubi
1890 3601 2017 3647 tum

368 3702 499 3741 cum
530 3685 688 3740 omni
720 3685 974 3739 exercitu
994 3690 1187 3739 castra
1203 3684 1490 3740 Deleanus
1512 3683 1781 3737 habebat.
1809 3682 2019 3751 Magna

372 3777 526 3829 hunc
555 3789 688 3828 cum
724 3771 926 3827 laetitia
955 3773 1177 3844 accepit
1198 3772 1509 3840 Deleanus,
1543 3776 1810 3826 metuens
1844 3788 1913 3825 ne
1944 3771 2017 3825 ad

368 3864 563 3933 ipsum
596 3861 792 3933 potius
817 3860 1170 3916 inclinarent
1196 3861 1429 3931 Bulgari
1456 3867 1519 3915 ut
1548 3862 1705 3931 regio
1732 3860 2019 3931 sanguine

370 3957 572 4006 natum
607 3967 619 4007 :
655 3951 809 4007 532
832 3956 1187 4018 consortem,
1209 3956 1273 4005 ut
1295 3967 1409 4021 prae
1432 3966 1495 4004 se
1519 3950 1756 4014 ferebat,
1786 3948 2019 4019 imperii

367 4039 592 4108 ascivit,
625 4055 691 4093 ac
731 4055 865 4094 cum
917 4039 1173 4094 exercitu
1222 4037 1615 4109 quadraginta
1666 4035 1914 4091 millium
1944 4037 2017 4091 ad

367 4129 826 4200 oppugnandam
856 4126 1330 4183 Thessalonicam
1364 4126 1546 4189 misit,
1570 4126 1663 4180 oui
1697 4130 1839 4181 tunc
1870 4142 2016 4196 prae-

369 4222 495 4272 erat
522 4217 943 4273 Constantinus
969 4216 1276 4288 patricius,
1310 4213 1589 4286 patruelis
1621 4214 2014 4285 imperatoris.

376 4306 453 4360 Eo
480 4307 776 4377 profectus
809 4305 1130 4361 Alusianus
1163 4305 1367 4359 urbem
1398 4302 1554 4359 vallo
1578 4302 1778 4375 cingit,
1803 4319 1869 4359 ac
1891 4321 2015 4358 ma-

372 4394 563 4450 chinis
581 4393 832 4450 admotis
849 4410 1086 4449 summa
1106 4392 1728 4464 industriaoppugnat.
1746 4391 1860 4448 Sed
1880 4408 2016 4447 cum

374 4499 476 4555 per
505 4499 607 4539 sex
636 4481 761 4539 dies
791 4482 1012 4537 frustra
1060 4485 1481 4552 oppugnasset,
1531 4480 1790 4553 undique
1821 4480 2017 4552 repul-

370 4588 613 4642 sus,spe
643 4570 1046 4643 expugnanda;
1068 4570 1315 4640 abiecta,
1330 4569 1636 4625 obsidione
1656 4586 1784 4624 eam
1808 4585 2016 4641 capere

370 4632 597 4717 statuit.
632 4632 921 4731 Oppidani
954 4632 1209 4729 quadam
1244 4632 1337 4713 die
1359 4658 1431 4712 ad
1457 4657 1839 4730 sepulchrum
1871 4632 2019 4713 mar-
2050 4632 2097 4696 D

370 4750 517 4822 tyris
554 4748 834 4805 Demetrii
885 4751 1281 4815 accesserunt,
1326 4746 1871 4818 supplicationeque
1918 4762 2022 4818 per

370 4846 555 4897 totam
590 4844 819 4896 noctem
850 4843 1057 4907 tracta,
1094 4839 1304 4910 usique
1339 4843 1635 4909 unguento
1672 4839 1822 4908 quod
1856 4854 1923 4893 ex
1952 4854 2021 4893 eo

373 4930 686 5003 sepulchro
734 4928 1001 4993 scaturit,
1034 4944 1149 4983 uno
1201 4926 1422 4997 impetu
1473 4927 1691 4997 apertis
1741 4928 1923 4997 portis
1962 4927 2020 4981 in

373 5020 655 5091 Bulgaros
687 5034 748 5072 se
793 5016 1135 5082 emiserunt,
1188 5015 1471 5070 habentes
1504 5031 1699 5070 secum
1733 5015 2019 5085 legionem

369 5106 912 5180 Magnanimorum;
942 5105 1289 5175 hostemque
1311 5104 2022 5175 improvisaimpressione

372 5196 746 5269 perterritum
765 5195 823 5249 in
854 5196 1050 5265 fugam
1073 5192 1464 5263 conjecerunt,
1492 5192 1724 5248 nomine
1744 5193 2022 5247 subsiste-

373 5304 431 5342 re
466 5291 566 5342 aut
618 5301 679 5342 se
738 5282 1045 5339 defendere
1102 5298 1270 5337 auso.
1296 5281 1514 5336 Ductor
1576 5282 1846 5337 Romana:
1876 5281 2015 5336 aciei

373 5375 483 5431 fuit
532 5379 772 5445 martyr,
824 5372 1049 5442 iterque
1097 5369 1529 5441 complanavit;
1582 5371 1737 5441 quod
1783 5370 2018 5442 Bulgari

370 5464 582 5537 captivi
606 5463 944 5534 juramento
967 5458 1410 5525 conﬁrmarunt,
1434 5459 1694 5515 dicentes
1716 5460 1934 5515 vidisse
1956 5475 2018 5514 se

370 5555 640 5628 juvenem
659 5550 938 5623 equitem,
962 5548 1062 5620 qui
1085 5547 1357 5604 Romanae
1381 5546 1655 5621 phalangi
1682 5548 1929 5620 praeiret,
1950 5564 2018 5605 ex

371 5660 487 5721 quo
519 5640 672 5718 ignis
694 5636 970 5698 exsiliens
991 5638 1264 5697 adversos
1295 5642 1577 5697 cremarat
1609 5638 1830 5697 hostes.
1856 5638 2015 5698 Ceci-

2196 2516 2557 2596 Σεπτεμϐρίῳ
2621 2520 2679 2578 δὲ
2743 2524 2900 2597 μηνὶ⁹
2961 2522 3305 2587 ίνδικτιῶνος
3354 2526 3398 2589 θ’
3448 2529 3545 2579 τοῦ
3615 2536 3790 2602 Ιιῖιῑρμθ

2122 2603 2298 2675 ἔτους,
2351 2608 2700 2674 Ἀλουσιάνος
2748 2613 3032 2686 πατρίκιος
3084 2614 3176 2668 καὶ
3229 2614 3535 2690 στρατηγὸς
3595 2612 3799 2669 Θεοδο-

2124 2697 2483 2770 σιουπόλεως,
2534 2701 2562 2754 6
2612 2706 2710 2756 τοῦ
2752 2703 2955 2777 Ἀαρὼν
3020 2701 3270 2779 δεύτερος
3318 2699 3635 2779 υἱὸς,ἆ’‹ρνω
3687 2710 3794 2772 τῆς

2122 2787 2339 2850 πόλεως
2390 2787 2631 2865 ἀποδρὰς
2677 2795 2757 2863 τῷ
2802 2791 3049 2864 Δελεάνῳ
3102 2792 3477 2867 προσίρχεται
3518 2790 3569 2861 ἐξ
3610 2790 3793 2854 αἰτίας

2121 2877 2419 2949 τοιαύτης·
2482 2880 2566 2934 Ἐν
2628 2878 3083 2935 Θεοδοσιουπόλει
3151 2880 3241 2935 καὶ
3306 2881 3412 2955 γὰρ
3465 2885 3789 2955 στρατηγῶν

2127 2967 2281 3029 οὗτος
2330 2968 2419 3023 καὶ
2479 2969 2552 3031 ὡς
2605 2967 2789 3031 ἄδικος
2846 2970 3237 3046 κατηγορηθεῖ,
3285 2970 3411 3045 πρὶν
3459 2971 3494 3041 ἢ
3552 2969 3788 3039 ἐξετάσει

2126 3053 2350 3125 δοθῆναι
2378 3057 2444 3112 τὰ
2485 3064 2602 3113 κατ’
2632 3059 2799 3114 αὐτοῦ
2856 3058 3153 3133 λεγόμενα,
3185 3060 3442 3133 άπῃτήθη
3488 3058 3632 3134 παρὰ
3686 3061 3791 3112 τοῦ

2129 3144 2381 3202 Ἰωάννου
2457 3147 2692 3222 χρυσίου
2762 3148 2951 3222 λίτρας
3007 3150 3071 3217 ν’,
3131 3148 3520 3226 προσαφῃρέθη
3582 3143 3639 3201 δὲ
3694 3147 3792 3201 καὶ

2045 3263 2087 3328 C
2126 3241 2429 3328 γυναικεῖον
2486 3238 2719 3328 χωρίον,
2782 3237 2920 3328 δπερ
2999 3238 3181 3328 εἶχεν.
3221 3235 3274 3292 ἐν
3348 3242 3429 3309 τῷ
3493 3238 3792 3311 Χαρσιανῷ

2125 3323 2444 3383 κάλλιστον.
2499 3326 2719 3395 Δεηθεῖς
2778 3324 2836 3381 δὶ
2890 3326 3016 3402 περῖ
3088 3325 3286 3381 τούτου
3356 3330 3452 3380 τοῦ
3514 3324 3793 3400 βασιλέως

2125 3412 2312 3468 πολλὰ
2379 3416 2467 3469 καὶ
2532 3417 2607 3487 μὴ
2672 3415 2859 3490 τυχὼν
2921 3414 3277 3488 ἐπιστροφῆς,
3326 3418 3591 3477 πάντοθεν
3651 3413 3795 3469 ἀπο-

2126 3503 2312 3577 γνοὺς,
2344 3502 2546 3571 στολὴν
2588 3499 2773 3559 λαϐὼν
2805 3504 3103 3579 ’Δρμενίων
3162 3506 3249 3559 καὶ
3305 3503 3380 3568 ὠς
3424 3502 3567 3577 τάχα
3617 3501 3781 3578 θερά-

2127 3612 2245 3645 πων
2277 3598 2373 3646 τοῦ
2415 3591 2834 3669 Θεοδωροκάνου
2880 3592 3170 3649 Βασιλείου
3219 3592 3271 3654 ἐς
3319 3592 3411 3647 τὸν
3462 3593 3691 3667 βασιλέα
3731 3590 3790 3654 ἐς

2128 3680 2527 3752 Θεσσαλονίκην
2575 3681 2774 3752 ἀπιὼν,
2822 3681 3002 3746 λαθὼν
3060 3684 3298 3743 ἅπαντας
3362 3678 3524 3758 ἔφυγε
3579 3679 3669 3734 καί
3730 3679 3787 3735 ἐν

2126 3765 2408 3843 Ὀστροϐᾦ
2455 3768 2796 3840 διασώζεται,
2862 3775 2943 3843 [Ρ.
2994 3774 3121 3843 748]
3174 3770 3345 3825 ἐκεῖσε
3398 3766 3628 3824 πανσυδὶ
3684 3773 3789 3824 τοῦ

2128 3857 2388 3912 Δελεάνου
2465 3857 3024 3933 ἐστρατοπεδευμένου
3098 3859 3497 3934 τυγχάνοντος,
3571 3860 3786 3914 Τοῦτον

2128 3952 2445 4022 περιχαρῶς
2504 3946 2793 4020 δεξάμενος
2835 3950 2862 4002 6
2910 3947 3171 4010 Δελεάνος
3215 3945 3495 4022 (ἐδεδοίκει
3549 3945 3654 4022 γάρ
3705 3948 3786 4019 μή

2126 4057 2243 4097 πως
2276 4042 2645 4111 προστεθῶσιν
2678 4036 2825 4109 αὐτῷ
2857 4035 3070 4110 μᾶλλον
3105 4037 3156 4091 οί
3209 4036 3522 4112 Βούλγαροι
3572 4036 3646 4097 ὡς
3706 4036 3789 4098 εἰς

2128 4124 2409 4198 βασιλικὸν
2461 4129 2599 4199 αἷμα
2647 4127 2746 4195 τὴν
2805 4126 3076 4203 ἀναφορὰν
3132 4122 3337 4202 ἔχοντι)
3369 4125 3458 4180 καὶ
3505 4125 3778 4180 κοινωνὸν

2125 4215 2201 4278 ὡς
2229 4212 2402 4270 ἐδόκει
2444 4222 2545 4285 τῆς
2592 4214 2868 4290 βασιλείας
2916 4214 3297 4292 παρειληφὼς,
3325 4216 3575 4290 στρατιὰν
3632 4212 3789 4285 αὐτῷ

2128 4300 2319 4358 δίδωσι
2391 4302 2657 4379 χιλιάδας
2714 4304 3130 4381 τεσσαράκοντα,
3194 4301 3448 4367 ἀπελθεῖν
3524 4299 3791 4364 κελεύσας

2123 4392 2213 4447 καὶ
2254 4392 2681 4467 ἐκπολιορκῆσαι
2721 4392 3115 4464 Θεσσαλονίκην
3143 4409 3155 4424 ⁸
3211 4393 3364 4467 ἦρχε
3411 4388 3469 4446 δὲ
3515 4391 3633 4446 τόεε
3679 4397 3791 4460 τῆς

2124 4478 2341 4541 πόλεως
2441 4478 2844 4551 Θεσσαλονίκης
2919 4481 2947 4535 6
3024 4484 3122 4535 τοῦ
3214 4479 3481 4554 βασιλέως
3568 4479 3798 4552 ἀνεψιὸς

2130 4570 2538 4630 Κωνσταντῖνος
2595 4568 2898 4643 πατρίκιος.
2947 4570 3046 4631 Ὃς
3098 4566 3359 4633 ἀπελθὼλ
3425 4568 3517 4622 καὶ
3579 4569 3795 4645 τάφρον

2129 4652 2567 4732 περιϐαλόμενος
2639 4656 2919 4730 ἐπιμελῶς
2989 4655 3171 4732 εἴχετο
3257 4663 3358 4726 τῆς
3430 4654 3791 4730 πολιορκίας.

2135 4746 2254 4800 Ἐπὶ
2310 4745 2364 4816 ’ἐξ
2430 4744 2487 4800 δὲ
2555 4748 2767 4822 ἡμέρας
2830 4747 3338 4823 ἀποπειρασάμενος
3403 4752 3503 4814 τῆς
3568 4746 3794 4808 πόλεως

2131 4834 2417 4890 ἓλεπόλεσι
2466 4835 2556 4891 καὶ
2610 4842 2887 4911 μηχαναῖς
2936 4837 3022 4890 καὶ
3085 4836 3345 4890 πάντοθεν
3393 4833 3795 4909 ἀποκρουσθεὶς

2129 4924 2217 4979 καὶ
2264 4930 2382 4986 τοῖς
2431 4930 2590 4979 πᾶσιν
2664 4924 2977 4999 ἀπειρηκὼς
3037 4921 3126 4978 διὰ
3190 4921 3540 4998 προσεδρείας
3607 4920 3791 4978 ἐδόκει

2132 5012 2317 5067 ἀνύσαι
2351 5014 2413 5068 τὸ
2473 5011 2930 5084 σπουδαζόμενον.
2982 5015 3097 5083 Μιᾷ
3154 5010 3212 5068 δὲ
3266 5017 3373 5067 τῶν
3433 5014 3656 5086 ἡμερῶν
3709 5016 3795 5084 τῷ

2127 5103 2282 5179 τάφῳ
2312 5106 2407 5155 τοῦ
2438 5101 2679 5177 μεγάλου
2715 5102 2991 5177 μάρτυρος
3020 5101 3339 5175 Δημητρίου
3386 5098 3795 5174 προσελθόντες

2131 5192 2181 5246 οἱ
2214 5191 2530 5266 ἐπιχώριοι,
2555 5190 2645 5245 καὶ
2686 5192 2961 5267 πάννυχον
3018 5188 3422 5250 ἐπιτελέσαντες
3464 5186 3649 5259 δέησιν
3699 5190 3795 5244 καὶ

2126 5284 2207 5351 τῷ
2237 5279 2498 5355 μόρῳτῴ
2543 5278 2603 5334 ἐκ
2644 5284 2741 5334 τοῦ
2786 5280 2929 5344 θείου
2976 5279 3146 5357 τάφου
3195 5277 3451 5352 βλόζοντι
3504 5276 3801 5353 χρησάμε-

2126 5370 2338 5435 νοι,ὡς
2396 5368 2455 5423 ἑκ
2520 5373 2649 5443 μιᾶς
2695 5369 2875 5443 ὁρμῆς
2957 5366 3377 5429 ἀναπετάσαντες
3448 5368 3545 5429 τὰς
3609 5363 3799 5429 πύλας

2128 5456 2439 5534 ἐξέρχονται
2502 5458 2638 5513 κατὰ
2701 5462 2808 5512 τῶν
2869 5457 3222 5534 Βουλγάρων.
3292 5462 3466 5526 Συνῆν
3541 5452 3600 5510 δὶ
3671 5461 3798 5521 τοῖς

2126 5545 2573 5605 Θεσσαλονικεῦσι
2617 5548 2680 5603 τὸ
2737 5548 2921 5624 τάγμα
2992 5551 3099 5601 τῶν
3176 5545 3545 5622 Μεγαθόμων.
3604 5544 3792 5619 Ἐξελ-

2126 5636 2309 5706 θόντες
2380 5635 2439 5694 δι
2511 5637 2600 5695 καὶ
2676 5641 2754 5713 τῷ
2826 5633 3225 5718 ἀπροσδοκήτῳ
3296 5632 3788 5713 καταπληξάμενοι
