4036 6194
362 277 473 335 267

364 505 560 551 tamen
596 502 913 566 antequam
947 496 998 549 is
1031 512 1092 550 se
1123 494 1265 548 diris
1300 496 1492 564 ipsum
1528 492 1875 557 devovisset,
1900 490 2013 544 nisi

364 603 489 642 eam
522 590 592 641 ad
628 593 873 639 mortem
906 600 1092 654 usque
1124 601 1227 653 pro
1260 583 1499 637 domina
1530 586 1587 635 et
1619 586 1803 634 matre
1835 596 2014 649 agno-

366 682 573 741 sceret,
596 680 652 729 et
683 690 786 745 pro
818 691 926 728 sua
956 674 1250 727 voluntate
1281 688 1407 741 quas
1442 670 1560 723 lieri
1596 668 1762 723 vellet
1794 674 1891 722 aut
1914 670 2013 737 ju-

367 767 529 821 beret
558 782 623 821 ac
652 765 891 819 sineret.
917 762 1031 817 Hoc
1077 766 1245 831 pacto
1298 759 1396 813 illa
1433 757 1791 829 adopticium
1828 756 2015 811 tilium

368 856 698 910 diademate
722 853 871 910 535
903 850 1273 921 imperatorio
1299 848 1616 913 redimivit,
1635 848 1796 917 prius
1820 854 2015 900 tamen

366 945 639 999 submoto
671 938 1148 1013 orphanotropho
1180 942 1235 991 et
1268 938 1321 991 in
1364 938 1777 991 monasterium
1817 936 2015 989 Mono-

366 1035 633 1087 batarurn
668 1030 940 1101 relegato.
975 1025 1423 1081 Constantinum
1467 1040 1698 1096 quoque
1732 1024 2015 1079 domesti-

363 1138 496 1176 cum
528 1118 861 1175 scholarum
916 1117 1264 1186 magistratu
1319 1113 1582 1184 privavit.
1613 1119 1668 1167 et
1702 1114 1755 1166 in
1791 1112 2015 1176 abside,

362 1226 489 1279 qua
512 1209 637 1278 ejus
660 1212 785 1261 erat
808 1207 864 1260 in
890 1205 1123 1276 Opsicio
1149 1204 1615 1274 possessio,euni
1636 1218 1696 1254 se
1719 1202 2015 1256 continere

354 1297 563 1367 jussit;
589 1295 910 1365 eodemque
943 1292 1113 1347 modo
1138 1292 1449 1362 Georgium
1486 1307 1715 1361 quoque
1748 1294 2013 1359 protove-

361 1385 633 1441 stiarium
668 1384 724 1438 in
757 1400 865 1438 sua
893 1383 1206 1451 bona,quaa
1239 1380 1293 1433 in
1325 1378 1719 1449 Paphlagonia
1753 1380 1799 1433 is
1826 1378 2014 1449 possi-

362 1475 555 1541 debat,
584 1472 841 1527 inclusit.
868 1474 989 1535 Qua
1030 1470 1170 1523 hora
1213 1469 1526 1522 Michaelus
1569 1467 1894 1521 diadrmale
1927 1473 2016 1522 est

364 1571 628 1627 ornatus,
663 1562 867 1616 oborta
898 1560 1177 1631 vertigine
1210 1565 1265 1611 et
1296 1557 1551 1611 tenebris
1588 1573 1793 1627 parum
1828 1557 2015 1611 abfuit

366 1654 507 1725 quin
541 1651 894 1715 concideret,
919 1649 1126 1720 vixque
1149 1652 1233 1703 est
1260 1648 1510 1701 refectus
1534 1647 1872 1717 unguentis,
1893 1663 2016 1701 aro-

366 1742 626 1797 matibus
659 1740 908 1809 aliisque
955 1739 1127 1793 rebus
1160 1735 1435 1792 odoratis.
1466 1736 1573 1789 Sed
1606 1740 1663 1790 et
1693 1741 1809 1790 toto
1865 1741 2012 1790 tem-
2047 1773 2093 1836 Β

366 1848 502 1901 pore
534 1846 647 1901 quo
678 1828 729 1883 is
761 1829 1071 1898 imperium
1106 1825 1286 1881 tenuit
1332 1825 1464 1895 (luit
1497 1825 1605 1878 hoc
1637 1824 1927 1878 mensium
1961 1826 2015 1893 4)

363 1928 533 1974 terrae
577 1923 774 1972 motus
806 1918 1112 1971 durarunt.
1161 1915 1464 1969 Enimvero
1504 1919 1815 1968 coronatus
1847 1931 1879 1967 a
1912 1930 2016 1984 pa-

366 2008 640 2072 triarcha,
666 2011 723 2061 et
757 2006 1072 2075 imperator
1102 2004 1466 2074 designatus,
1509 2001 1799 2057 honorum
1834 2001 2018 2057 colla-

365 2101 520 2152 tione
549 2100 813 2152 senatum
848 2112 911 2148 ac
942 2093 1354 2165 largitionibus
1386 2090 1668 2162 populum
1705 2090 2016 2156 demeruit,

362 2192 419 2240 et
448 2184 601 2257 apud
635 2184 934 2239 dominam
963 2182 1325 2254 deprecando
1358 2180 1614 2235 obtinuit
1648 2186 1709 2235 ut
1738 2180 2019 2235 Constan-

360 2277 553 2330 tinum
583 2272 697 2329 sibi
727 2271 1113 2327 domesticum
1148 2269 1345 2324 liceret
1376 2269 1447 2323 ab
1479 2269 1682 2323 exsilio
1718 2285 2014 2334 revocare;

363 2379 534 2433 quem
578 2367 634 2416 et
688 2360 1039 2416 nobilissimi
1095 2360 1312 2413 honore
1367 2359 1657 2413 decoravit
1704 2374 1768 2411 ac
1817 2373 2014 2412 secum

364 2452 592 2507 habuit.
617 2454 759 2505 Cum
802 2454 996 2504 autem
1032 2449 1319 2503 videretur
1351 2448 1405 2501 in
1441 2452 1564 2502 tuto
1614 2451 1789 2512 stare,
1823 2445 2018 2500 subito

364 2540 600 2594 corruit.
662 2538 805 2595 Nam
864 2537 1077 2592 litteris
1134 2536 1592 2607 orphanotrophi
1650 2541 1702 2590 et
1756 2534 2019 2589 consiliis

364 2628 673 2683 domestici
723 2632 1056 2695 corruptus,
1092 2625 1452 2680 hortantium
1504 2641 1575 2678 ne
1618 2629 1893 2693 Augustas
1929 2622 2015 2675 ni-

366 2720 551 2774 mium
612 2717 836 2781 ﬁderet,
890 2715 989 2769 sed
1044 2719 1269 2768 caveret
1320 2729 1390 2768 ne
1435 2713 1704 2766 avunculi
1755 2698 2018 2764 Michaeli

363 2806 738 2879 imperatoris
767 2809 821 2859 et
855 2803 1098 2858 Romani
1134 2803 1303 2857 modo
1348 2804 1713 2867 tractaretur,
1739 2817 1887 2871 quos
1918 2799 2019 2854 illa

364 2894 659 2951 veneﬁciis
690 2892 1054 2953 sustulisset.
1089 2891 1583 2961 suadentiumque
1615 2897 1680 2944 ut
1708 2906 1836 2944 eam
1871 2906 2015 2960 qua-

362 3001 590 3055 cunque
629 2983 853 3037 ratione
880 2998 910 3035 e
944 2981 1133 3035 medio
1183 2979 1431 3043 tolleret,
1456 2980 1733 3049 daretque
1779 2994 2017 3048 operam

360 3091 431 3129 ne
489 3075 878 3128 anteverteret
938 3070 1085 3140 ipsa,
1120 3070 1272 3125 536
1322 3067 1621 3123 continuis
1680 3084 1881 3121 eorum
1944 3067 2013 3120 de

358 3163 558 3217 eadem
593 3159 698 3215 hac
730 3174 791 3213 re
821 3156 1327 3211 exhortationibus
1375 3172 1439 3211 eo
1490 3156 1725 3210 tandem
1767 3155 2010 3208 adactus

359 3256 451 3306 est
483 3254 545 3305 ut
585 3246 829 3303 insidias
878 3246 1051 3300 matri
1100 3246 1226 3300 Ζυαι
1278 3250 1525 3316 pararet.
1560 3245 1775 3299 Statuit
1823 3245 2011 3314 primo

362 3340 575 3396 civium
607 3337 836 3392 animos
870 3341 1111 3400 tentare,
1136 3342 1197 3388 ut
1222 3334 1269 3390 si
1303 3351 1401 3388 eos
1434 3335 1545 3388 sibi
1578 3334 1767 3387 favere
1797 3332 2011 3387 intelli-

364 3433 524 3498 geret
554 3443 619 3481 ac
649 3430 987 3481 constanter
1028 3423 1084 3476 in
1118 3438 1179 3477 se
1208 3438 1338 3477 esse
1389 3438 1727 3493 prapensos,
1757 3437 1876 3474 rem
1911 3436 2011 3489 ag-

366 3517 719 3585 grederetur,
756 3514 804 3568 si
838 3529 1008 3568 secus
1053 3512 1329 3575 eveniret,
1354 3511 1641 3566 omitteret
1672 3508 2007 3564 consilium.

366 3607 515 3677 Ergo
546 3606 616 3659 ad
648 3603 798 3659 diem
850 3601 948 3671 qui
981 3618 1014 3655 a
1045 3599 1329 3655 Paschate
1361 3599 1659 3669 proximus
1689 3603 1778 3652 est
1814 3596 2006 3653 Domi-

369 3695 559 3763 nicus,
588 3691 797 3764 populo
822 3690 1123 3762 publicum
1162 3705 1492 3758 processum
1521 3690 1576 3741 in
1600 3687 2009 3757 Apostolorum

365 3784 548 3838 aedem
583 3782 851 3852 imperat,
886 3780 994 3833 hoc
1024 3778 1197 3832 modo
1228 3776 1435 3831 civium
1472 3776 1529 3830 in
1564 3792 1623 3830 se
1657 3776 1885 3831 animos
1916 3793 2010 3829 ex-

366 3873 722 3944 ploraturus.
747 3868 919 3924 Venit
947 3884 1084 3939 ergo
1117 3875 1427 3921 coronatus
1466 3882 1595 3919 cum
1643 3870 1847 3919 senatu
1882 3880 2009 3917 orn-

365 3962 540 4016 nibus
573 3959 813 4015 urbanis
846 3957 917 4013 ad
950 3956 1003 4011 id
1039 3955 1440 4026 spectaculum
1488 3953 1923 4019 accurentibus,
1956 3957 2014 4007 et

362 4053 434 4106 iis
464 4050 558 4120 qui
596 4050 665 4104 ad
699 4048 852 4101 viam
902 4046 1123 4115 regiam
1176 4044 1540 4105 habitabant,
1565 4060 1799 4096 auream
1833 4048 1890 4096 et
1921 4062 2011 4097 ar-

362 4145 629 4209 genteam
664 4134 1084 4206 supellectilem
1119 4150 1184 4187 ex
1217 4132 1441 4185 azdibus
1473 4132 1915 4185 demittentibus
1946 4147 2013 4186 ac

366 4228 566 4299 peplos
584 4231 640 4281 et
657 4242 797 4280 auro
818 4223 1069 4277 intextas
1088 4225 1295 4290 vestes,
1312 4221 1489 4291 inque
1509 4220 1715 4274 faustis
1732 4221 2013 4274 acclama-

364 4318 622 4371 tionibus
654 4313 919 4369 certatim
953 4311 1149 4382 ipsum
1200 4309 1373 4364 etiam
1403 4309 1734 4363 animorum
1768 4325 2012 4363 suorum

364 4422 601 4460 sensum
653 4402 950 4457 eii'undere
982 4398 1376 4470 cupientibus.
1404 4397 1479 4453 Iis
1515 4398 1693 4452 miser
1742 4398 1850 4453 iste
1888 4398 2013 4453 ine-

1703 272 2015 330 GEOltGll
2065 271 2403 330 CEDHENI

361 408 572 463 atrium
618 412 793 477 atque
824 404 1165 461 dexteritate
1214 404 1414 475 aliqua
1464 403 1794 474 praeditum,
1829 416 2013 470 neque

2131 397 2559 476 διαφθείραντος.

3652 268 3783 327 268

2640 398 2876 473 Καίσαρα
2950 395 3076 453 ὅντα
3141 398 3229 453 καὶ
3292 396 3614 473 δραστήριον
3677 395 3779 452 δο-

2122 494 2319 543 κοῦντα
2348 489 2437 542 καὶ
2482 487 2606 563 περὶ
2644 490 2711 541 τὰ
2758 488 3055 561 πράγματα
3106 484 3299 560 δεξιὸν,
3350 484 3534 559 ὅρκοις
3581 486 3783 561 πρότε-

2126 598 2220 651 ρον
2292 575 2751 655 φρικωδεστάτοις
2801 572 3185 631 καταλαϐοῦσα
3233 577 3306 638 ὡς
3358 577 3546 651 κυρίαν
3598 576 3776 645 αὐτὴν

2123 662 2224 735 ἕξει
2253 663 2341 720 διὰ
2375 665 2496 741 βίου
2544 667 2629 719 καὶ
2666 663 2947 719 δὲσποιναν
2989 666 3073 719 καὶ
3143 664 3371 739 μητερα,
3431 666 3775 739 πράττουσαν

2126 757 2256 809 ἅττα
2283 752 2349 822 δὴ
2399 754 2487 808 καὶ
2530 754 2738 809 κελεύει
2780 758 2979 821 ποιεῖν,
3040 753 3349 824 εἰσποιητὸν
3408 749 3776 828 προσλαμϐά-

2123 865 2198 897 νει
2253 843 2369 897 υἱὸν
2418 844 2504 897 καὶ
2570 843 2796 918 βασιλία
2854 842 3137 915 Ῥωμαίων
3198 843 3529 919 ἀναγορεύει,
3561 842 3641 915 τῷ
3675 845 3778 916 βα·-

2127 936 2325 1004 σι).ικῷ
2401 932 2731 985 ταινιώσασα
2808 928 3141 1004 διαδήματι,
3204 932 3467 1007 πρότερον
3527 930 3781 987 ἐκποδὼν

2124 1021 2466 1092 ποιησαμένη
2500 1021 2588 1074 τὸν
2623 1020 3026 1097 ὀρφανοτρόφον
3079 1022 3169 1074 καὶ
3198 1020 3250 1082 ἐς
3308 1022 3369 1076 τὸ
3406 1023 3776 1097 μοναστήριον

2123 1115 2229 1163 τῶν
2291 1104 2628 1165 Μονοϐατῶν
2673 1108 2975 1184 ἓξορίσασα,
3035 1108 3435 1183 παραπλησίως
3483 1111 3570 1164 καὶ
3635 1117 3781 1165 Κων-

2126 1204 2401 1252 σταντῖνον
2434 1200 2522 1252 τὸν
2559 1196 2878 1268 δομέστικον
2910 1203 3015 1252 τῶν
3050 1198 3272 1273 σχολῶν
3304 1206 3402 1267 τῆς
3435 1200 3611 1272 ἀρχῆς
3677 1221 3781 1253 πα-

2126 1286 2401 1363 ραλύσασα
2448 1287 2536 1341 καὶ
2589 1287 2639 1340 ἐν
2678 1292 2793 1349 τοῖς
2846 1292 2941 1340 τοῦ
2974 1288 3223 1360 Ὀψικίου
3282 1290 3549 1360 κτήμασιν
3606 1289 3780 1343 αὐτοῦ

2121 1383 2219 1445 τῆς
2246 1374 2438 1450 ἁψῖδος
2468 1380 2660 1430 τοῦτον
2712 1375 3087 1451 περιορίσασα,
3138 1377 3397 1438 ὡσαύτως
3444 1378 3533 1431 καὶ
3594 1377 3778 1449 Γεώρ-

2122 1486 2239 1538 γιον
2297 1466 2387 1519 τὸν
2448 1460 2942 1539 πρωτοϐεστιάριον
2996 1463 3047 1519 ἐν
3079 1471 3193 1527 τοῖς
3224 1468 3360 1520 κατά
3385 1466 3774 1543 Παφλαγονίαν

2122 1553 2287 1608 αὐτοῦ
2334 1556 2574 1626 κτήμασι
2639 1554 2911 1609 στείλασα.
2968 1556 3091 1610 Κατ’
3152 1554 3316 1622 αὐτὴν
3368 1552 3424 1609 δὲ
3478 1558 3576 1624 τὴν
3627 1555 3777 1630 ὥραν

2122 1644 2239 1696 καθ’
2268 1644 2330 1712 ἣν
2378 1640 2620 1697 ἀνεδεῖτο
2669 1648 2747 1715 τῷ
2807 1640 3104 1714 διαδήματι
3164 1645 3191 1697 ὁ
3224 1643 3475 1719 Μιχαὴλ,
3508 1646 3776 1699 σκοτώσει

2122 1732 2211 1785 καὶ
2273 1731 2471 1806 ἰλίγγῳ
2525 1731 2753 1808 ληφθεὶς
2806 1732 2964 1807 ἐγγὺς
2993 1730 3131 1801 ἦλθε
3187 1737 3281 1787 τοῦ
3341 1739 3541 1790 πεσεῖν.
3594 1733 3777 1796 Μόλις

2126 1818 2171 1873 δ’
2230 1818 2319 1874 οὖν
2360 1819 2749 1875 ἀνεκαλέσαντο
2797 1826 2987 1875 τοῦτον
3053 1820 3245 1895 μύροις
3279 1821 3367 1875 καὶ
3401 1821 3651 1896 ἀρώμασι
3681 1822 3778 1877 καὶ

2126 1907 2344 1970 λοιποῖς
2390 1908 2582 1972 ἄλλοις
2615 1906 2870 1964 εὐώδεσιν
2902 1907 3116 1967 εἶ’δεσιν.
3174 1907 3486 1964 Ἐκλονεῖτο
3518 1908 3574 1965 δὲ
3616 1911 3706 1965 καὶ
3740 1914 3779 1980 ἡ

2124 2005 2193 2071 γῆ
2254 1998 2379 2072 παρ’
2437 1998 2599 2059 ὅλους
2656 1998 2782 2059 τοὺς
2828 1998 3086 2073 τέσσαρας
3121 2005 3296 2070 μῆνας
3354 2003 3452 2063 τῆς
3492 1998 3781 2075 βασιλείας

2128 2086 2309 2142 αὐτοῦ.
2361 2089 2441 2159 [Ρ.
2498 2090 2626 2159 750]
2688 2088 2838 2150 Τέως
2907 2085 2962 2141 δὲ
3021 2088 3263 2165 στεφθεὶς
3322 2089 3468 2162 παρά
3518 2094 3615 2142 τοῦ
3671 2111 3783 2143 πα·-

2124 2177 2392 2250 τριάρχου
2422 2175 2510 2229 καὶ
2549 2175 2804 2250 βασιλεὺς
2837 2178 3100 2237 καταστὰς
3130 2182 3317 2248 τιμαῖς
3366 2178 3453 2231 καὶ
3506 2177 3779 2251 ἀξιώμασι

2124 2266 2222 2331 τὴν
2256 2263 2559 2339 σύγκλητον
2600 2266 2688 2319 καὶ
2738 2262 2955 2339 δωρεῶν
2990 2264 3274 2338 διανομαῖς
3326 2266 3387 2321 τὸ
3446 2268 3622 2321 κοινὸν
3686 2269 3777 2321 ἂν·

2128 2347 2447 2424 ελάμὸανεν.
2499 2354 2756 2423 Ἑντεύξει
2790 2350 2847 2407 δὶ
2894 2353 2961 2427 τῇ
3015 2354 3149 2427 πρὸς
3190 2355 3288 2422 τήν
3350 2352 3629 2409 δέσποιναν
3682 2361 3777 2409 καὶ

2128 2447 2523 2496 Κωνσταντῖνον
2564 2442 2654 2496 τὸν
2734 2439 3055 2515 δομέστικον
3119 2442 3613 2516 μετακαλεσάμενος
3669 2451 3775 2513 τῆς

2132 2530 2416 2605 ὑπερορίας
2440 2532 2530 2584 καὶ
2588 2525 2975 2603 νοὸελίσσιμον
3045 2533 3155 2604 (14)
3200 2533 3435 2603 τιμήσας
3501 2534 3615 2607 εἶχε
3658 2540 3778 2598 μεθ’

2128 2621 2336 2674 ἑαυτοῦ.
2372 2619 2533 2688 Δόξας
2577 2617 2633 2673 δί
2677 2618 2726 2673 ἐν
2772 2615 2974 2694 βεϐαίῳ
3024 2618 3235 2675 ἑστάναι
3288 2619 3550 2696 αῗφνίδιον
3593 2618 3773 2679 ἔπεσε.

2128 2708 2417 2780 Γράμμασι
2474 2708 2577 2781 γάρ
2626 2712 2721 2762 τοῦ
2791 2708 3199 2786 ὀρφανοτρόφου
3256 2710 3345 2762 καὶ
3411 2706 3779 2781 συμϐουλίαις

2127 2801 2223 2849 τοῦ
2276 2794 2605 2868 δομεστίκου
2664 2794 3000 2873 διαφθαρεὶς,
3047 2796 3316 2871 λεγόντων
3382 2800 3457 2871 μὴ
3502 2798 3779 2864 πολλάκις

2128 2884 2395 2939 πιστεύειν
2449 2889 2516 2958 τῇ
2578 2883 2870 2959 δεσποίνῃ,
2929 2884 3073 2941 ἀλλά
3131 2885 3488 2964 φυλάττεσθαι
3548 2888 3779 2959 ταύτην,

2124 2972 2215 3027 ’ίνα
2276 2976 2350 3043 μὴ
2411 2972 2769 3047 παραπλήσια
2826 2976 2971 3049 πάθῃ
3032 2980 3108 3045 τῷ
3162 2996 3219 3029 τε
3278 2976 3405 3048 θείῳ
3462 2976 3627 3031 αὐτοῦ
3683 2979 3779 3031 καὶ

2133 3065 2347 3139 βασιλεῖ
2404 3065 2631 3140 Μιχαὴλ
2679 3067 2767 3120 καὶ
2819 3071 2897 3139 τῷ
2946 3068 3052 3140 πρὸ
3106 3066 3270 3121 αὐτοῦ
3317 3069 3603 3140 Ῥωμανῷ,
3637 3089 3780 3143 γοη-

2043 3131 2085 3197 C
2120 3154 2286 3217 τείαις
2319 3197 2332 3222 ,
2392 3156 2466 3217 ὡς
2543 3153 2772 3231 ἔφασκον
2806 3198 2819 3224 ,
2890 3155 3322 3230 κατεργασθέντι,
3380 3131 3468 3211 καὶ
3523 3131 3778 3230 συμέουί-

2123 3241 2391 3297 λευὸντων
2426 3286 2439 3312 ,
2499 3242 2551 3298 εἷ’
2630 3242 2743 3297 οἷόν
2801 3264 2860 3297 τε
2914 3240 3158 3298 ἐκποδὼν
3218 3245 3398 3307 Θεσθαι
3456 3244 3621 3312 αὐτὴν
3684 3247 3776 3301 καὶ

2121 3336 2343 3384 σπεῦσαι
2403 3332 2478 3403 μὴ
2534 3339 2956 3408 προληφθῆναι,
3014 3333 3101 3386 καὶ
3159 3338 3403 3407 συνεχεῖς
3455 3335 3551 3397 τάς
3596 3355 3773 3409 προσ-

2122 3414 2291 3480 ϐολὰς
2347 3419 2469 3493 περὶ
2518 3424 2613 3473 τοῦ
2670 3420 2833 3474 αὐτοῦ
2880 3420 3204 3491 ποιούμενοι
3263 3422 3579 3494 πράγματος
3634 3423 3773 3477 ἀνα-

2121 3514 2299 3561 πεῖσαι
2372 3506 2594 3582 ἴσχυσαν
2663 3504 2960 3577 ἐπιϐουλὴν
3037 3510 3153 3563 κατ’
3218 3509 3387 3579 αὐτῆς
3446 3508 3769 3583 μελετῆσαι.

2121 3594 2333 3666 Ἐδοξεν
2383 3594 2471 3651 οὗν
2526 3597 2959 3673 ἀποπειραθῆναι
3014 3602 3120 3652 τῶν
3181 3597 3426 3653 πολιτῶν
3481 3600 3770 3675 πρότερον,

2122 3684 2235 3739 θ’ίαν
2287 3682 2476 3759 ἔχουσι
2506 3686 2627 3759 περὶ
2671 3686 2854 3754 αὐτοῦ,
2888 3688 3139 3760 γνώμην,
3190 3687 3278 3741 καὶ
3310 3687 3363 3742 εἴ
3393 3689 3487 3760 μὶν
3520 3693 3775 3763 χρηστὴν

2121 3771 2355 3835 διάθεσιν
2416 3779 2621 3851 φανῶσι
2681 3773 3037 3851 φυλάττοντες
3095 3776 3171 3838 εἷς
3224 3776 3386 3830 αὐτὸν
3436 3778 3525 3830 καὶ
3584 3777 3774 3855 φιλίαν

2122 3862 2311 3937 ὀρθὴν,
2359 3862 2482 3917 τότε
2532 3861 2596 3933 δὴ
2630 3863 2717 3917 καὶ
2749 3863 3065 3939 ἐγχειρῆσαι
3112 3867 3179 3937 τῇ
3217 3864 3436 3939 μελέτῃ,
3476 3865 3525 3921 εἶ’
3552 3864 3611 3921 δὲ
3642 3868 3774 3921 τού-

2118 3951 2356 4018 ναντίον,
2406 3953 2643 4027 ⁴ἡσυχίαν
2682 3950 2850 4027 ἄγειν.
2885 3958 2975 4024 Τῷ
3008 3957 3250 4027 Κυριακῇ
3282 3953 3374 4008 οὖν
3423 3958 3491 4023 τῆ
3544 3956 3683 4028 μετά
3712 3958 3777 4012 τὸ

2121 4044 2268 4115 ἅγιον
2325 4043 2518 4117 Πάσχα
2573 4041 2891 4113 προέλευσιν
2948 4039 3218 4114 δημοσίαν
3279 4043 3512 4116 κηρύξας
3584 4046 3635 4099 ἐν
3694 4051 3776 4118 τῷ

2120 4135 2230 4183 τῶν
2295 4131 2491 4205 Ἀγίων
2543 4129 2892 4186 Ἀποστόλων
2924 4136 3060 4202 ναῷ,
3101 4131 3190 4185 καὶ
3224 4130 3293 4186 δι’
3323 4131 3492 4201 αὐτῆς
3548 4133 3777 4190 ἀποπει-

2124 4220 2348 4293 ραθῆναι
2398 4219 2581 4292 κρίνας
2630 4223 2728 4283 τῆς
2777 4218 3003 4293 γνώμης
3059 4225 3166 4274 τῶν
3225 4218 3491 4290 πολιτῶν,
3525 4222 3774 4288 ἀπῆλθεν

2122 4305 2556 4380 ἐστεφανωμένος
2614 4308 2747 4379 μετὰ
2770 4314 2869 4377 τῆς
2923 4306 3251 4383 συγκλήτου,
3308 4312 3483 4380 πάσης
3536 4319 3634 4380 τῆς
3667 4313 3775 4367 πόε-

2123 4394 2261 4458 λεως
2296 4396 2667 4470 ἀθροισθείσης
2708 4396 2781 4457 εἷς
2836 4399 2937 4466 τήν
2993 4398 3137 4463 Θέαν,
3193 4397 3355 4469 σκεύη
3416 4400 3623 4475 χρύσεα
3681 4405 3772 4456 καὶ

363 4498 580 4560 scatus,
597 4496 768 4560 atque
785 4489 981 4543 omnia
999 4506 1029 4541 ει
1049 4504 1283 4540 summa
1302 4486 1589 4558 proﬁcisci
1619 4486 2013 4541 benevolentia

2124 4486 2358 4560 ἀργύρεα
2413 4490 2519 4538 τῶν
2577 4486 2677 4551 τήν
2744 4483 3023 4563 λεωφόρον
3080 4488 3476 4542 κατοικούντων
3538 4490 3777 4565 ἀποκρε-

363 4586 662 4654 putans,ut
684 4579 935 4650 primum
963 4578 1017 4630 in
1038 4592 1304 4642 magnum
1321 4580 1687 4629 estreversus
1705 4574 2009 4646 palatium,

362 4669 749 4744 patriarcham
774 4668 829 4720 in
851 4665 1270 4719 monasterium
1296 4664 1665 4735 ipsius,quod
1685 4670 1806 4717 erat
1824 4664 1879 4717 in
1896 4665 2016 4718 Ste-

361 4778 453 4829 no,
488 4759 647 4814 abire
669 4756 859 4826 jubet,
887 4771 1067 4823 seque
1100 4752 1177 4806 ibi
1212 4753 1267 4806 in
1302 4754 1624 4806 crastinum
1658 4760 2011 4821 exspectare,

359 4850 638 4904 donatum
675 4846 802 4899 auri
838 4844 1001 4897 libris
1036 4844 1086 4899 4.
1111 4843 1265 4911 quod
1296 4841 1575 4894 nimirum
1601 4857 1649 4895 ei
1684 4842 1837 4894 brevi
1863 4847 2016 4896 esset

360 4952 759 4991 successorem
805 4933 1251 4987 constituturus.
1279 4934 1459 4984 Noctu
1495 4932 1819 5001 Augustam
1870 4930 2013 4986 solio

355 5024 627 5081 deturbat
646 5028 703 5078 et
720 5022 776 5077 in
797 5021 1133 5091 Principum
1185 5018 1423 5091 relegat,
1442 5018 1512 5073 iis
1532 5018 1628 5087 qui
1646 5019 2016 5074 abducebaut

359 5114 639 5169 mandato
675 5116 738 5166 ut
781 5126 905 5165 eam
959 5110 1227 5163 raderent
1276 5113 1449 5178 atque
1478 5106 1588 5177 ipsi
1622 5108 1811 5161 crines
1842 5108 2011 5161 ati‘er-

2126 4574 2431 4647 μαννύντων
2482 4572 2569 4627 καὶ
2602 4572 2843 4634 πὲπλους
2880 4573 2968 4627 καὶ
3031 4572 3176 4629 ἄλλα
3232 4575 3517 4653 ὑφάσματα
3573 4598 3778 4655 χρυσοο

2124 4663 2254 4740 ὑφῇ,
2286 4662 2383 4717 κάν
2411 4668 2529 4727 ταῖς
2568 4662 2859 4738 εὐφημίαις
2905 4666 3405 4737 προτεθυμημὲνων
3452 4668 3541 4720 καὶ
3589 4669 3777 4741 αὐτάς,

2125 4753 2169 4806 εἰ
2202 4747 2312 4806 οἷον
2370 4772 2448 4815 τε,
2509 4750 2799 4805 ἐκκενῶσαι
2856 4752 2949 4814 τὰς
3009 4753 3207 4827 ψυχάς.
3266 4756 3363 4815 Οἷς
3410 4752 3776 4819 δελεασθεὶςὸ

2125 4839 2362 4902 δείλαιος
2421 4844 2499 4911 τῷ
2557 4838 2607 4909 ἐξ
2664 4840 2871 4901 εὐνοίας
2930 4836 3223 4896 ὑπολαϐεῖν
3282 4848 3446 4897 ταῦτα
3504 4846 3776 4919 γίνεσθαι,

2128 4927 2462 5002 ὑποστρέψας
2505 4926 2556 4982 ὲν
2588 4932 2665 4999 τῷ
2725 4926 2952 5002 μεγάλῳ
3001 4928 3252 5002 παλατίῳ
3296 4936 3375 5003 τῷ
3424 4933 3518 5003 μὲν
3572 4954 3775 5003 πατριο

2122 5018 2267 5091 ἀρχῃ
2328 5016 2520 5089 μηνύει
2583 5015 2836 5080 ἀπελθεῖν
2898 5017 2974 5080 είς
3032 5018 3129 5085 τήν
3165 5016 3219 5073 ἐν
3266 5024 3343 5091 τῷ
3380 5025 3560 5093 Στενῷ
3597 5024 3775 5093 μονὴν

2122 5106 2287 5160 αὐτοῦ
2342 5105 2432 5158 καὶ
2493 5101 2887 5178 προσδέχεσθαι
2948 5104 3105 5160 αὐτὸν
3160 5111 3229 5180 τῇ
3290 5108 3588 5181 ἐπαύριον,
3647 5107 3780 5173 δοὺς

1556 5247 1923 5302 XYLANDRI
1966 5248 2050 5304 ET
2089 5248 2309 5303 GOARI
2349 5248 2584 5303 NOT/E.

433 5382 542 5449 (14)
568 5380 706 5435 Tres
738 5377 1096 5433 Constantini
1129 5375 1328 5449 Magni
1363 5372 1815 5449 temporetituli
1846 5373 2006 5428 fuere

358 5445 651 5536 praecipui,
685 5450 968 5529 Augustin
990 5445 1249 5529 Caesaris,
1286 5446 1426 5500 Nobi
1439 5446 1449 5497 Ι
1463 5446 1561 5498 issi
1574 5445 2005 5536 in.LA1ugustus

360 5516 700 5597 imperatur,
732 5516 918 5597 Caesar
957 5520 1184 5597 imperii
1232 5516 2006 5597 successor,_Nobili§simus

357 5587 601 5654 Caesarei
632 5587 889 5650 neminis
938 5587 1290 5661 quandoque
1342 5587 1609 5659 potiundi
1642 5604 1746 5657 spe
1776 5587 2004 5643 foveba-

2119 5374 2691 5456 tur;.unde‘nonuisi
2717 5375 2906 5456 ultimi
2932 5376 3112 5456 impp.
3144 5376 3247 5456 filii
3276 5376 3363 5456 vel
3393 5377 3599 5456 attines
3623 5396 3775 5456 prm-

2117 5445 2269 5515 cipui
2321 5463 2385 5501 eo
2419 5445 2605 5518 titulo
2648 5448 2924 5517 leguntur
2974 5445 3218 5518 imperio
3271 5447 3509 5504 ﬂorente
3553 5445 3771 5506 ornati.

2116 5518 2288 5644 glura
2314 5519 2381 5573 de
2415 5517 2792 5575 Nobilissimo
2816 5517 3117 5575 Tl‘iVOtiUS
3149 5518 3387 5576 Observ.
3412 5521 3577 5593 Apol.
3605 5538 3655 5577 ο.
3686 5524 3771 5577 16.

2164 5606 2294 5644 om.
