  <div class='ocr_page' id='page_1' title='image "/cluster/home/n/w/nwhite01/storage/ocr_20150623/122/hvd.32044073502460/144.png"; bbox 0 0 4036 6194; ppageno 0'>
   <div class='ocr_carea' id='block_1_1' title="bbox 207 279 319 335">
    <p class='ocr_par' dir='ltr' id='par_1_1' title="bbox 207 279 319 335">
     <span class='ocr_line' id='line_1_1' title="bbox 207 279 319 335; baseline 0 0"><span class='ocrx_word' id='word_1_1' title='bbox 207 279 319 335; x_wconf 72' lang='lat'><strong>26‘.)</strong></span> 
     </span>
    </p>
   </div>
   <div class='ocr_carea' id='block_1_2' title="bbox 1383 278 2518 345">
    <p class='ocr_par' dir='ltr' id='par_1_2' title="bbox 1383 278 2518 345">
     <span class='ocr_line' id='line_1_2' title="bbox 1383 278 2518 345; baseline 0.003 -7"><span class='ocrx_word' id='word_1_2' title='bbox 1383 278 1926 341; x_wconf 78' lang='lat' dir='ltr'><strong>HISTORIARUM</strong></span> <span class='ocrx_word' id='word_1_3' title='bbox 1975 281 2518 345; x_wconf 80' lang='lat' dir='ltr'><strong>COMPENDlUM.</strong></span> 
     </span>
    </p>
   </div>
   <div class='ocr_carea' id='block_1_3' title="bbox 3504 284 3624 346">
    <p class='ocr_par' dir='ltr' id='par_1_3' title="bbox 3504 284 3624 346">
     <span class='ocr_line' id='line_1_3' title="bbox 3504 284 3624 346; baseline 0.017 -3"><span class='ocrx_word' id='word_1_4' title='bbox 3504 284 3624 346; x_wconf 72' lang='lat'><strong>270</strong></span> 
     </span>
    </p>
   </div>
   <div class='ocr_carea' id='block_1_4' title="bbox 207 399 1863 489">
    <p class='ocr_par' dir='ltr' id='par_1_4' title="bbox 207 408 1862 488">
     <span class='ocr_line' id='line_1_4' title="bbox 207 408 1862 488; baseline 0.001 -24"><span class='ocrx_word' id='word_1_5' title='bbox 207 411 352 484; x_wconf 69' lang='grc' dir='ltr'>αὗτῷ</span> <span class='ocrx_word' id='word_1_6' title='bbox 385 434 475 466; x_wconf 87' lang='grc' dir='ltr'><strong>και</strong></span> <span class='ocrx_word' id='word_1_7' title='bbox 509 412 742 488; x_wconf 83' lang='grc' dir='ltr'>χρυσίου</span> <span class='ocrx_word' id='word_1_8' title='bbox 775 410 963 486; x_wconf 85' lang='grc' dir='ltr'>λίτρας</span> <span class='ocrx_word' id='word_1_9' title='bbox 999 411 1256 485; x_wconf 74' lang='grc' dir='ltr'>τέσσαρας</span> <span class='ocrx_word' id='word_1_10' title='bbox 1290 408 1378 465; x_wconf 81' lang='grc' dir='ltr'>διὰ</span> <span class='ocrx_word' id='word_1_11' title='bbox 1405 411 1503 478; x_wconf 77' lang='grc' dir='ltr'><strong>τήν</strong></span> <span class='ocrx_word' id='word_1_12' title='bbox 1557 409 1862 484; x_wconf 74' lang='grc' dir='ltr'>μέλλουσαν</span> 
     </span>
    </p>
   </div>
   <div class='ocr_carea' id='block_1_5' title="bbox 1976 399 3700 489">
    <p class='ocr_par' dir='ltr' id='par_1_5' title="bbox 1982 399 3700 489">
     <span class='ocr_line' id='line_1_5' title="bbox 1982 399 3700 489; baseline 0.002 -21"><span class='ocrx_word' id='word_1_13' title='bbox 1982 420 2126 470; x_wconf 82' lang='lat' dir='ltr'><strong>rent.</strong></span> <span class='ocrx_word' id='word_1_14' title='bbox 2168 416 2263 470; x_wconf 91' lang='lat' dir='ltr'><strong>Die</strong></span> <span class='ocrx_word' id='word_1_15' title='bbox 2297 417 2446 471; x_wconf 80' lang='lat' dir='ltr'><strong>facta</strong></span> <span class='ocrx_word' id='word_1_16' title='bbox 2477 415 2814 472; x_wconf 83' lang='lat' dir='ltr'><strong>relationem</strong></span> <span class='ocrx_word' id='word_1_17' title='bbox 2852 416 3216 488; x_wconf 83' lang='lat' dir='ltr'><strong>perscripsit,</strong></span> <span class='ocrx_word' id='word_1_18' title='bbox 3248 431 3496 489; x_wconf 77' lang='lat' dir='ltr'><strong>eamque</strong></span> <span class='ocrx_word' id='word_1_19' title='bbox 3525 435 3627 474; x_wconf 89' lang='lat' dir='ltr'><strong>ur-</strong></span> <span class='ocrx_word' id='word_1_20' title='bbox 3698 399 3700 402; x_wconf 11' lang='lat' dir='ltr'><strong>i</strong></span> 
     </span>
    </p>
   </div>
   <div class='ocr_carea' id='block_1_6' title="bbox 209 497 1864 576">
    <p class='ocr_par' dir='ltr' id='par_1_6' title="bbox 209 497 1864 576">
     <span class='ocr_line' id='line_1_6' title="bbox 209 497 1864 576; baseline 0 -22"><span class='ocrx_word' id='word_1_21' title='bbox 209 500 286 563; x_wconf 80' lang='grc' dir='ltr'>εἷς</span> <span class='ocrx_word' id='word_1_22' title='bbox 339 502 507 556; x_wconf 74' lang='grc' dir='ltr'>αὐτὸν</span> <span class='ocrx_word' id='word_1_23' title='bbox 569 503 811 576; x_wconf 70' lang='grc' dir='ltr'>γενέσθαι</span> <span class='ocrx_word' id='word_1_24' title='bbox 867 502 1011 576; x_wconf 73' lang='grc' dir='ltr'>τάχα</span> <span class='ocrx_word' id='word_1_25' title='bbox 1061 497 1364 575; x_wconf 61' lang='grc' dir='ltr'>ὑποδοχήν·</span> <span class='ocrx_word' id='word_1_26' title='bbox 1401 501 1591 562; x_wconf 81' lang='grc' dir='ltr'>νυκτὸς</span> <span class='ocrx_word' id='word_1_27' title='bbox 1650 497 1706 554; x_wconf 74' lang='grc' dir='ltr'>δὲ</span> <span class='ocrx_word' id='word_1_28' title='bbox 1762 502 1864 568; x_wconf 71' lang='grc' dir='ltr'><strong>τήν</strong></span> 
     </span>
    </p>
   </div>
   <div class='ocr_carea' id='block_1_7' title="bbox 214 588 1864 664">
    <p class='ocr_par' dir='ltr' id='par_1_7' title="bbox 214 588 1864 664">
     <span class='ocr_line' id='line_1_7' title="bbox 214 588 1864 664; baseline 0.001 -22"><span class='ocrx_word' id='word_1_29' title='bbox 214 588 479 662; x_wconf 73' lang='grc' dir='ltr'>βασιλίδα</span> <span class='ocrx_word' id='word_1_30' title='bbox 547 595 791 660; x_wconf 76' lang='grc' dir='ltr'><strong>κατασπᾷ</strong></span> <span class='ocrx_word' id='word_1_31' title='bbox 855 593 950 643; x_wconf 74' lang='grc' dir='ltr'><strong>τοῦ</strong></span> <span class='ocrx_word' id='word_1_32' title='bbox 1018 589 1208 658; x_wconf 71' lang='grc' dir='ltr'>Θρὸνου</span> <span class='ocrx_word' id='word_1_33' title='bbox 1275 590 1362 642; x_wconf 79' lang='grc' dir='ltr'><strong>καὶ</strong></span> <span class='ocrx_word' id='word_1_34' title='bbox 1435 588 1731 664; x_wconf 79' lang='grc' dir='ltr'>περιορίζει</span> <span class='ocrx_word' id='word_1_35' title='bbox 1787 588 1864 650; x_wconf 80' lang='grc' dir='ltr'><strong>εἰς</strong></span> 
     </span>
    </p>
   </div>
   <div class='ocr_carea' id='block_1_8' title="bbox 205 676 1863 753">
    <p class='ocr_par' dir='ltr' id='par_1_8' title="bbox 205 676 1863 753">
     <span class='ocr_line' id='line_1_8' title="bbox 205 676 1863 753; baseline 0.001 -22"><span class='ocrx_word' id='word_1_36' title='bbox 205 680 544 752; x_wconf 80' lang='grc' dir='ltr'>Πρίγκιπον,</span> <span class='ocrx_word' id='word_1_37' title='bbox 607 679 892 752; x_wconf 77' lang='grc' dir='ltr'><strong>ἀποκεῖραι</strong></span> <span class='ocrx_word' id='word_1_38' title='bbox 953 685 1071 740; x_wconf 85' lang='grc' dir='ltr'>τοῖς</span> <span class='ocrx_word' id='word_1_39' title='bbox 1130 679 1316 753; x_wconf 77' lang='grc' dir='ltr'>ἄγουσι</span> <span class='ocrx_word' id='word_1_40' title='bbox 1382 677 1638 738; x_wconf 67' lang='grc' dir='ltr'>κελεύσας</span> <span class='ocrx_word' id='word_1_41' title='bbox 1695 676 1863 746; x_wconf 76' lang='grc' dir='ltr'>αὐτὴν</span> 
     </span>
    </p>
   </div>
   <div class='ocr_carea' id='block_1_9' title="bbox 204 765 1861 842">
    <p class='ocr_par' dir='ltr' id='par_1_9' title="bbox 204 765 1861 842">
     <span class='ocr_line' id='line_1_9' title="bbox 204 765 1861 842; baseline -0.001 -22"><span class='ocrx_word' id='word_1_42' title='bbox 204 770 292 820; x_wconf 72' lang='grc' dir='ltr'>καί</span> <span class='ocrx_word' id='word_1_43' title='bbox 331 765 652 839; x_wconf 72' lang='grc' dir='ltr'><strong>διακομίσαι</strong></span> <span class='ocrx_word' id='word_1_44' title='bbox 689 767 870 840; x_wconf 74' lang='grc' dir='ltr'>τούτῳ</span> <span class='ocrx_word' id='word_1_45' title='bbox 913 769 1008 830; x_wconf 75' lang='grc' dir='ltr'><strong>τὰς</strong></span> <span class='ocrx_word' id='word_1_46' title='bbox 1048 767 1243 842; x_wconf 80' lang='grc' dir='ltr'>τρίχας</span> <span class='ocrx_word' id='word_1_47' title='bbox 1292 767 1485 834; x_wconf 78' lang='grc' dir='ltr'>αὐτῆς.</span> <span class='ocrx_word' id='word_1_48' title='bbox 1522 767 1617 820; x_wconf 81' lang='grc' dir='ltr'>Καὶ</span> <span class='ocrx_word' id='word_1_49' title='bbox 1667 767 1723 820; x_wconf 70' lang='grc' dir='ltr'>οἱ</span> <span class='ocrx_word' id='word_1_50' title='bbox 1767 767 1861 838; x_wconf 80' lang='grc' dir='ltr'>μὶν</span> 
     </span>
    </p>
   </div>
   <div class='ocr_carea' id='block_1_10' title="bbox 204 852 1862 934">
    <p class='ocr_par' dir='ltr' id='par_1_10' title="bbox 204 852 1862 934">
     <span class='ocr_line' id='line_1_10' title="bbox 204 852 1862 934; baseline 0.001 -25"><span class='ocrx_word' id='word_1_51' title='bbox 204 857 546 934; x_wconf 61' lang='grc' dir='ltr'>πεμφθέντες</span> <span class='ocrx_word' id='word_1_52' title='bbox 620 855 880 925; x_wconf 80' lang='grc' dir='ltr'>ἐποίησαν</span> <span class='ocrx_word' id='word_1_53' title='bbox 951 857 1023 917; x_wconf 88' lang='grc' dir='ltr'><strong>ὡς</strong></span> <span class='ocrx_word' id='word_1_54' title='bbox 1083 855 1516 926; x_wconf 63' lang='grc' dir='ltr'><strong>ἐκελεύσθησαν,</strong></span> <span class='ocrx_word' id='word_1_55' title='bbox 1578 852 1741 908; x_wconf 71' lang='grc' dir='ltr'>ἕωθεν</span> <span class='ocrx_word' id='word_1_56' title='bbox 1817 853 1862 910; x_wconf 85' lang='grc' dir='ltr'>δ’</span> 
     </span>
    </p>
   </div>
   <div class='ocr_carea' id='block_1_11' title="bbox 204 943 1862 1020">
    <p class='ocr_par' dir='ltr' id='par_1_11' title="bbox 204 943 1862 1020">
     <span class='ocr_line' id='line_1_11' title="bbox 204 943 1862 1020; baseline -0.001 -22"><span class='ocrx_word' id='word_1_57' title='bbox 204 947 365 1006; x_wconf 73' lang='grc' dir='ltr'>οὗτος</span> <span class='ocrx_word' id='word_1_58' title='bbox 399 946 676 1020; x_wconf 76' lang='grc' dir='ltr'>ἀναφορὰν</span> <span class='ocrx_word' id='word_1_59' title='bbox 700 946 1035 1019; x_wconf 72' lang='grc' dir='ltr'>(15)γράψας</span> <span class='ocrx_word' id='word_1_60' title='bbox 1059 945 1142 998; x_wconf 80' lang='grc' dir='ltr'><strong>καὶ</strong></span> <span class='ocrx_word' id='word_1_61' title='bbox 1168 949 1249 1017; x_wconf 74' lang='grc' dir='ltr'><strong>τῷ</strong></span> <span class='ocrx_word' id='word_1_62' title='bbox 1277 947 1374 1013; x_wconf 68' lang='grc' dir='ltr'>τῆς</span> <span class='ocrx_word' id='word_1_63' title='bbox 1403 944 1618 1005; x_wconf 89' lang='grc' dir='ltr'>πόλεως</span> <span class='ocrx_word' id='word_1_64' title='bbox 1637 943 1862 1019; x_wconf 71' lang='grc' dir='ltr'>ἐπάρχῳ</span> 
     </span>
    </p>
   </div>
   <div class='ocr_carea' id='block_1_12' title="bbox 202 1032 1862 1108">
    <p class='ocr_par' dir='ltr' id='par_1_12' title="bbox 202 1032 1862 1108">
     <span class='ocr_line' id='line_1_12' title="bbox 202 1032 1862 1108; baseline -0.001 -20"><span class='ocrx_word' id='word_1_65' title='bbox 202 1032 335 1095; x_wconf 63' lang='grc' dir='ltr'>δοὺς</span> <span class='ocrx_word' id='word_1_66' title='bbox 393 1035 705 1108; x_wconf 74' lang='grc' dir='ltr'>ἀναγνῶναι</span> <span class='ocrx_word' id='word_1_67' title='bbox 756 1034 808 1088; x_wconf 78' lang='grc' dir='ltr'>ὲν</span> <span class='ocrx_word' id='word_1_68' title='bbox 865 1039 946 1105; x_wconf 75' lang='grc' dir='ltr'>τῷ</span> <span class='ocrx_word' id='word_1_69' title='bbox 999 1038 1095 1088; x_wconf 77' lang='grc' dir='ltr'>τοῦ</span> <span class='ocrx_word' id='word_1_70' title='bbox 1150 1032 1405 1108; x_wconf 77' lang='grc' dir='ltr'><strong>Μεγάλου</strong></span> <span class='ocrx_word' id='word_1_71' title='bbox 1461 1033 1862 1087; x_wconf 82' lang='grc' dir='ltr'>Κωνσταντίνου</span> 
     </span>
    </p>
   </div>
   <div class='ocr_carea' id='block_1_13' title="bbox 202 1121 1861 1198">
    <p class='ocr_par' dir='ltr' id='par_1_13' title="bbox 202 1121 1861 1198">
     <span class='ocr_line' id='line_1_13' title="bbox 202 1121 1861 1198; baseline -0.001 -21"><span class='ocrx_word' id='word_1_72' title='bbox 202 1125 363 1198; x_wconf 47' lang='lat' dir='ltr'><strong>eam,</strong></span> <span class='ocrx_word' id='word_1_73' title='bbox 423 1131 545 1184; x_wconf 81' lang='grc' dir='ltr'>τοῖς</span> <span class='ocrx_word' id='word_1_74' title='bbox 603 1121 856 1185; x_wconf 84' lang='grc' dir='ltr'>πολίταις</span> <span class='ocrx_word' id='word_1_75' title='bbox 916 1122 1229 1178; x_wconf 71' lang='grc' dir='ltr'>ἐκέλευσεν·</span> <span class='ocrx_word' id='word_1_76' title='bbox 1265 1121 1468 1192; x_wconf 71' lang='grc' dir='ltr'>ἐδήλου</span> <span class='ocrx_word' id='word_1_77' title='bbox 1528 1121 1584 1176; x_wconf 73' lang='grc' dir='ltr'>δὲ</span> <span class='ocrx_word' id='word_1_78' title='bbox 1641 1125 1675 1192; x_wconf 80' lang='grc' dir='ltr'>ἡ</span> <span class='ocrx_word' id='word_1_79' title='bbox 1731 1122 1861 1176; x_wconf 84' lang='grc' dir='ltr'>ἀνα-</span> 
     </span>
    </p>
   </div>
   <div class='ocr_carea' id='block_1_14' title="bbox 198 1209 1859 1290">
    <p class='ocr_par' dir='ltr' id='par_1_14' title="bbox 198 1209 1859 1290">
     <span class='ocr_line' id='line_1_14' title="bbox 198 1209 1859 1290; baseline -0.002 -24"><span class='ocrx_word' id='word_1_80' title='bbox 198 1213 366 1290; x_wconf 59' lang='grc' dir='ltr'>φορά,</span> <span class='ocrx_word' id='word_1_81' title='bbox 400 1211 594 1286; x_wconf 71' lang='grc' dir='ltr'>ὅτιπερ</span> <span class='ocrx_word' id='word_1_82' title='bbox 627 1235 653 1263; x_wconf 75' lang='grc' dir='ltr'>(ι</span> <span class='ocrx_word' id='word_1_83' title='bbox 685 1212 1023 1280; x_wconf 77' lang='grc' dir='ltr'>Κακόνουςὴ</span> <span class='ocrx_word' id='word_1_84' title='bbox 1077 1213 1198 1281; x_wconf 80' lang='grc' dir='ltr'><strong>Ζωή</strong></span> <span class='ocrx_word' id='word_1_85' title='bbox 1253 1211 1373 1285; x_wconf 83' lang='grc' dir='ltr'><strong>περί</strong></span> <span class='ocrx_word' id='word_1_86' title='bbox 1429 1213 1527 1278; x_wconf 72' lang='grc' dir='ltr'>τὴν</span> <span class='ocrx_word' id='word_1_87' title='bbox 1585 1209 1859 1286; x_wconf 82' lang='grc' dir='ltr'>βασιλείαν</span> 
     </span>
    </p>
   </div>
   <div class='ocr_carea' id='block_1_15' title="bbox 201 1295 1863 1378">
    <p class='ocr_par' dir='ltr' id='par_1_15' title="bbox 201 1295 1863 1378">
     <span class='ocr_line' id='line_1_15' title="bbox 201 1295 1863 1378; baseline -0.002 -23"><span class='ocrx_word' id='word_1_88' title='bbox 201 1323 311 1372; x_wconf 85' lang='grc' dir='ltr'><strong>μου</strong></span> <span class='ocrx_word' id='word_1_89' title='bbox 386 1307 613 1378; x_wconf 58' lang='grc' dir='ltr'>φανεῖσα</span> <span class='ocrx_word' id='word_1_90' title='bbox 679 1299 957 1372; x_wconf 83' lang='grc' dir='ltr'>ἐξώρισται</span> <span class='ocrx_word' id='word_1_91' title='bbox 1022 1301 1147 1375; x_wconf 86' lang='grc' dir='ltr'>παρ’</span> <span class='ocrx_word' id='word_1_92' title='bbox 1211 1298 1367 1371; x_wconf 72' lang='grc' dir='ltr'>ἐμοῦ,</span> <span class='ocrx_word' id='word_1_93' title='bbox 1419 1303 1743 1376; x_wconf 73' lang='grc' dir='ltr'>συμφρονῶν</span> <span class='ocrx_word' id='word_1_94' title='bbox 1806 1295 1863 1352; x_wconf 72' lang='grc' dir='ltr'>δὲ</span> 
     </span>
    </p>
   </div>
   <div class='ocr_carea' id='block_1_16' title="bbox 196 1383 1859 1465">
    <p class='ocr_par' dir='ltr' id='par_1_16' title="bbox 196 1383 1859 1465">
     <span class='ocr_line' id='line_1_16' title="bbox 196 1383 1859 1465; baseline -0.001 -21"><span class='ocrx_word' id='word_1_95' title='bbox 196 1390 372 1465; x_wconf 64' lang='grc' dir='ltr'><strong>ταῦτῃ</strong></span> <span class='ocrx_word' id='word_1_96' title='bbox 455 1389 545 1443; x_wconf 74' lang='grc' dir='ltr'>καί</span> <span class='ocrx_word' id='word_1_97' title='bbox 621 1391 649 1442; x_wconf 84' lang='grc' dir='ltr'>ὁ</span> <span class='ocrx_word' id='word_1_98' title='bbox 723 1388 967 1458; x_wconf 77' lang='grc' dir='ltr'>Ἀλὲξιος</span> <span class='ocrx_word' id='word_1_99' title='bbox 1041 1383 1306 1459; x_wconf 70' lang='grc' dir='ltr'>ἐξεϐλήθη</span> <span class='ocrx_word' id='word_1_100' title='bbox 1381 1396 1483 1456; x_wconf 82' lang='grc' dir='ltr'><strong>τῆς</strong></span> <span class='ocrx_word' id='word_1_101' title='bbox 1549 1387 1859 1457; x_wconf 81' lang='grc' dir='ltr'>ἐκκλησίας.</span> 
     </span>
    </p>
   </div>
   <div class='ocr_carea' id='block_1_17' title="bbox 195 1474 1859 1551">
    <p class='ocr_par' dir='ltr' id='par_1_17' title="bbox 195 1474 1859 1551">
     <span class='ocr_line' id='line_1_17' title="bbox 195 1474 1859 1551; baseline -0.002 -18"><span class='ocrx_word' id='word_1_102' title='bbox 195 1481 384 1551; x_wconf 75' lang='grc' dir='ltr'>Ὑμεῖς</span> <span class='ocrx_word' id='word_1_103' title='bbox 418 1476 499 1543; x_wconf 65' lang='grc' dir='ltr'>δί,</span> <span class='ocrx_word' id='word_1_104' title='bbox 535 1480 562 1532; x_wconf 77' lang='grc' dir='ltr'><strong>ὁ</strong></span> <span class='ocrx_word' id='word_1_105' title='bbox 596 1477 727 1551; x_wconf 76' lang='grc' dir='ltr'>ἐμὸς</span> <span class='ocrx_word' id='word_1_106' title='bbox 786 1477 941 1544; x_wconf 82' lang='grc' dir='ltr'>λαὸς,</span> <span class='ocrx_word' id='word_1_107' title='bbox 975 1478 1018 1532; x_wconf 82' lang='grc' dir='ltr'><strong>εί</strong></span> <span class='ocrx_word' id='word_1_108' title='bbox 1060 1481 1158 1547; x_wconf 74' lang='grc' dir='ltr'>τὴν</span> <span class='ocrx_word' id='word_1_109' title='bbox 1224 1477 1361 1549; x_wconf 63' lang='grc' dir='ltr'>ἐμὴν</span> <span class='ocrx_word' id='word_1_110' title='bbox 1411 1476 1619 1531; x_wconf 67' lang='grc' dir='ltr'>εὔνοιαν</span> <span class='ocrx_word' id='word_1_111' title='bbox 1672 1474 1859 1546; x_wconf 86' lang='grc' dir='ltr'>διατη-</span> 
     </span>
    </p>
   </div>
   <div class='ocr_carea' id='block_1_18' title="bbox 197 1565 1858 1641">
    <p class='ocr_par' dir='ltr' id='par_1_18' title="bbox 197 1565 1858 1641">
     <span class='ocr_line' id='line_1_18' title="bbox 197 1565 1858 1641; baseline -0.004 -18"><span class='ocrx_word' id='word_1_112' title='bbox 197 1567 394 1641; x_wconf 76' lang='grc' dir='ltr'>ροίητε</span> <span class='ocrx_word' id='word_1_113' title='bbox 473 1568 609 1637; x_wconf 62' lang='grc' dir='ltr'>πρὸς</span> <span class='ocrx_word' id='word_1_114' title='bbox 685 1565 804 1637; x_wconf 78' lang='grc' dir='ltr'>ἐμὲ,</span> <span class='ocrx_word' id='word_1_115' title='bbox 875 1565 1128 1640; x_wconf 78' lang='grc' dir='ltr'>μεγάλων</span> <span class='ocrx_word' id='word_1_116' title='bbox 1213 1571 1394 1638; x_wconf 90' lang='grc' dir='ltr'>τιμῶν</span> <span class='ocrx_word' id='word_1_117' title='bbox 1463 1565 1552 1620; x_wconf 73' lang='grc' dir='ltr'><strong>καὶ</strong></span> <span class='ocrx_word' id='word_1_118' title='bbox 1641 1566 1858 1640; x_wconf 82' lang='grc' dir='ltr'>ἀγαθῶν</span> 
     </span>
    </p>
   </div>
   <div class='ocr_carea' id='block_1_19' title="bbox 196 1655 1857 1732">
    <p class='ocr_par' dir='ltr' id='par_1_19' title="bbox 196 1655 1857 1732">
     <span class='ocr_line' id='line_1_19' title="bbox 196 1655 1857 1732; baseline -0.001 -19"><span class='ocrx_word' id='word_1_119' title='bbox 196 1661 450 1728; x_wconf 61' lang='grc' dir='ltr'>τεύξεσθε</span> <span class='ocrx_word' id='word_1_120' title='bbox 507 1659 597 1713; x_wconf 80' lang='grc' dir='ltr'><strong>καὶ</strong></span> <span class='ocrx_word' id='word_1_121' title='bbox 649 1658 791 1726; x_wconf 76' lang='grc' dir='ltr'>ζωήν</span> <span class='ocrx_word' id='word_1_122' title='bbox 842 1655 1054 1712; x_wconf 72' lang='grc' dir='ltr'>ἄλυπον</span> <span class='ocrx_word' id='word_1_123' title='bbox 1102 1659 1189 1712; x_wconf 78' lang='grc' dir='ltr'><strong>καὶ</strong></span> <span class='ocrx_word' id='word_1_124' title='bbox 1243 1658 1478 1732; x_wconf 74' lang='grc' dir='ltr'>καθαρὰν</span> <span class='ocrx_word' id='word_1_125' title='bbox 1541 1659 1784 1727; x_wconf 71' lang='grc' dir='ltr'>ζήσεσθε.</span> <span class='ocrx_word' id='word_1_126' title='bbox 1831 1683 1857 1708; x_wconf 89' lang='grc'><strong>››</strong></span> 
     </span>
    </p>
   </div>
   <div class='ocr_carea' id='block_1_20' title="bbox 195 1745 1935 1842">
    <p class='ocr_par' dir='ltr' id='par_1_20' title="bbox 195 1745 1935 1842">
     <span class='ocr_line' id='line_1_20' title="bbox 195 1745 1935 1842; baseline -0.003 -39"><span class='ocrx_word' id='word_1_127' title='bbox 195 1749 560 1823; x_wconf 77' lang='grc' dir='ltr'>Ἀναγνόντος</span> <span class='ocrx_word' id='word_1_128' title='bbox 616 1746 706 1801; x_wconf 79' lang='grc' dir='ltr'>οὖν</span> <span class='ocrx_word' id='word_1_129' title='bbox 766 1751 861 1800; x_wconf 75' lang='grc' dir='ltr'><strong>τοῦ</strong></span> <span class='ocrx_word' id='word_1_130' title='bbox 944 1745 1188 1822; x_wconf 76' lang='grc' dir='ltr'><strong>ἐπάρχου</strong></span> <span class='ocrx_word' id='word_1_131' title='bbox 1263 1749 1362 1816; x_wconf 74' lang='grc' dir='ltr'>τὴν</span> <span class='ocrx_word' id='word_1_132' title='bbox 1439 1746 1707 1824; x_wconf 71' lang='grc' dir='ltr'>ἀναφορὰν</span> <span class='ocrx_word' id='word_1_133' title='bbox 1782 1746 1859 1807; x_wconf 84' lang='grc' dir='ltr'><strong>εἰς</strong></span> <span class='ocrx_word' id='word_1_134' title='bbox 1890 1778 1935 1842; x_wconf 70' lang='lat' dir='ltr'>n</span> 
     </span>
    </p>
   </div>
   <div class='ocr_carea' id='block_1_21' title="bbox 197 1832 1855 1913">
    <p class='ocr_par' dir='ltr' id='par_1_21' title="bbox 197 1832 1855 1913">
     <span class='ocr_line' id='line_1_21' title="bbox 197 1832 1855 1913; baseline -0.002 -22"><span class='ocrx_word' id='word_1_135' title='bbox 197 1837 445 1906; x_wconf 65' lang='grc' dir='ltr'>ἰττίξκοον</span> <span class='ocrx_word' id='word_1_136' title='bbox 493 1841 591 1891; x_wconf 68' lang='grc' dir='ltr'><strong>τοῦ</strong></span> <span class='ocrx_word' id='word_1_137' title='bbox 648 1835 804 1908; x_wconf 76' lang='grc' dir='ltr'>λαοῦ,</span> <span class='ocrx_word' id='word_1_138' title='bbox 866 1837 1022 1913; x_wconf 69' lang='grc' dir='ltr'>φωνή</span> <span class='ocrx_word' id='word_1_139' title='bbox 1097 1857 1178 1897; x_wconf 85' lang='grc' dir='ltr'><strong>τις</strong></span> <span class='ocrx_word' id='word_1_140' title='bbox 1239 1835 1564 1908; x_wconf 76' lang='grc' dir='ltr'><strong>ἐξηκούσθη,</strong></span> <span class='ocrx_word' id='word_1_141' title='bbox 1627 1832 1855 1908; x_wconf 76' lang='grc' dir='ltr'>μηδενὸς</span> 
     </span>
    </p>
   </div>
   <div class='ocr_carea' id='block_1_22' title="bbox 198 1924 1853 2000">
    <p class='ocr_par' dir='ltr' id='par_1_22' title="bbox 198 1924 1853 2000">
     <span class='ocr_line' id='line_1_22' title="bbox 198 1924 1853 2000; baseline -0.002 -20"><span class='ocrx_word' id='word_1_142' title='bbox 198 1926 515 2000; x_wconf 68' lang='grc' dir='ltr'>εὖρεθὲντος</span> <span class='ocrx_word' id='word_1_143' title='bbox 572 1929 668 1978; x_wconf 72' lang='grc' dir='ltr'><strong>τοῦ</strong></span> <span class='ocrx_word' id='word_1_144' title='bbox 726 1924 1070 2000; x_wconf 76' lang='grc' dir='ltr'>κεκραγότος,</span> <span class='ocrx_word' id='word_1_145' title='bbox 1104 1924 1176 1985; x_wconf 84' lang='grc' dir='ltr'><strong>ὡς</strong></span> <span class='ocrx_word' id='word_1_146' title='bbox 1235 1948 1261 1974; x_wconf 89' lang='grc'><strong>‹‹</strong></span> <span class='ocrx_word' id='word_1_147' title='bbox 1311 1929 1496 1996; x_wconf 84' lang='grc' dir='ltr'>Ἡμεῖς</span> <span class='ocrx_word' id='word_1_148' title='bbox 1549 1924 1853 1998; x_wconf 87' lang='grc' dir='ltr'>σταυροπά-</span> 
     </span>
    </p>
   </div>
   <div class='ocr_carea' id='block_1_23' title="bbox 194 2011 1856 2089">
    <p class='ocr_par' dir='ltr' id='par_1_23' title="bbox 194 2011 1856 2089">
     <span class='ocr_line' id='line_1_23' title="bbox 194 2011 1856 2089; baseline -0.002 -21"><span class='ocrx_word' id='word_1_149' title='bbox 194 2037 296 2084; x_wconf 82' lang='grc' dir='ltr'><strong>την</strong></span> <span class='ocrx_word' id='word_1_150' title='bbox 353 2019 463 2085; x_wconf 79' lang='grc'><strong>(16)</strong></span> <span class='ocrx_word' id='word_1_151' title='bbox 516 2017 604 2087; x_wconf 87' lang='grc' dir='ltr'><strong>[Ρ.</strong></span> <span class='ocrx_word' id='word_1_152' title='bbox 634 2016 761 2086; x_wconf 77' lang='grc'><strong>751]</strong></span> <span class='ocrx_word' id='word_1_153' title='bbox 820 2011 1138 2082; x_wconf 76' lang='grc' dir='ltr'>καλαφάτην</span> <span class='ocrx_word' id='word_1_154' title='bbox 1203 2012 1429 2089; x_wconf 72' lang='grc' dir='ltr'>βασιλέα</span> <span class='ocrx_word' id='word_1_155' title='bbox 1481 2012 1542 2067; x_wconf 78' lang='grc' dir='ltr'>οὗ</span> <span class='ocrx_word' id='word_1_156' title='bbox 1601 2012 1856 2084; x_wconf 62' lang='grc' dir='ltr'>θέλομεν,</span> 
     </span>
    </p>
   </div>
   <div class='ocr_carea' id='block_1_24' title="bbox 195 2099 1853 2177">
    <p class='ocr_par' dir='ltr' id='par_1_24' title="bbox 195 2099 1853 2177">
     <span class='ocr_line' id='line_1_24' title="bbox 195 2099 1853 2177; baseline -0.002 -21"><span class='ocrx_word' id='word_1_157' title='bbox 195 2101 352 2157; x_wconf 73' lang='grc' dir='ltr'><strong>ἀλλά</strong></span> <span class='ocrx_word' id='word_1_158' title='bbox 379 2106 482 2168; x_wconf 71' lang='grc' dir='ltr'><strong>τήν</strong></span> <span class='ocrx_word' id='word_1_159' title='bbox 541 2101 838 2177; x_wconf 75' lang='grc' dir='ltr'>ἀρχέγονον</span> <span class='ocrx_word' id='word_1_160' title='bbox 889 2101 977 2156; x_wconf 79' lang='grc' dir='ltr'><strong>καὶ</strong></span> <span class='ocrx_word' id='word_1_161' title='bbox 1036 2099 1386 2175; x_wconf 83' lang='grc' dir='ltr'>κληρονόμον</span> <span class='ocrx_word' id='word_1_162' title='bbox 1441 2102 1529 2155; x_wconf 84' lang='grc' dir='ltr'><strong>καὶ</strong></span> <span class='ocrx_word' id='word_1_163' title='bbox 1584 2101 1853 2174; x_wconf 64' lang='grc' dir='ltr'>ἡμετέραν</span> 
     </span>
    </p>
   </div>
   <div class='ocr_carea' id='block_1_25' title="bbox 197 2190 1856 2265">
    <p class='ocr_par' dir='ltr' id='par_1_25' title="bbox 197 2190 1856 2265">
     <span class='ocr_line' id='line_1_25' title="bbox 197 2190 1856 2265; baseline -0.002 -19"><span class='ocrx_word' id='word_1_164' title='bbox 197 2193 420 2265; x_wconf 70' lang='grc' dir='ltr'>μητέρα</span> <span class='ocrx_word' id='word_1_165' title='bbox 451 2198 631 2261; x_wconf 74' lang='grc' dir='ltr'>Ζωτξν.</span> <span class='ocrx_word' id='word_1_166' title='bbox 668 2214 694 2240; x_wconf 82' lang='grc'><strong>››</strong></span> <span class='ocrx_word' id='word_1_167' title='bbox 729 2191 827 2245; x_wconf 79' lang='grc' dir='ltr'>Καὶ</span> <span class='ocrx_word' id='word_1_168' title='bbox 857 2191 1017 2251; x_wconf 71' lang='grc' dir='ltr'>εὐθὺς</span> <span class='ocrx_word' id='word_1_169' title='bbox 1051 2190 1122 2250; x_wconf 81' lang='grc' dir='ltr'><strong>ὡς</strong></span> <span class='ocrx_word' id='word_1_170' title='bbox 1153 2190 1211 2244; x_wconf 77' lang='grc' dir='ltr'>ἐκ</span> <span class='ocrx_word' id='word_1_171' title='bbox 1246 2196 1372 2262; x_wconf 84' lang='grc' dir='ltr'>μιᾶς</span> <span class='ocrx_word' id='word_1_172' title='bbox 1413 2197 1600 2263; x_wconf 78' lang='grc' dir='ltr'>φωνῆς</span> <span class='ocrx_word' id='word_1_173' title='bbox 1651 2192 1788 2251; x_wconf 75' lang='grc' dir='ltr'>ἅπας</span> <span class='ocrx_word' id='word_1_174' title='bbox 1828 2190 1856 2243; x_wconf 80' lang='grc' dir='ltr'>ὁ</span> 
     </span>
    </p>
   </div>
   <div class='ocr_carea' id='block_1_26' title="bbox 197 2275 1856 2356">
    <p class='ocr_par' dir='ltr' id='par_1_26' title="bbox 197 2275 1856 2356">
     <span class='ocr_line' id='line_1_26' title="bbox 197 2275 1856 2356; baseline -0.002 -21"><span class='ocrx_word' id='word_1_175' title='bbox 197 2282 335 2342; x_wconf 76' lang='grc' dir='ltr'>λαὸς</span> <span class='ocrx_word' id='word_1_176' title='bbox 402 2275 577 2334; x_wconf 72' lang='grc' dir='ltr'>ἰὸὁων</span> <span class='ocrx_word' id='word_1_177' title='bbox 611 2301 622 2312; x_wconf 72' lang='grc' dir='ltr'><strong>ο</strong></span> <span class='ocrx_word' id='word_1_178' title='bbox 675 2304 702 2331; x_wconf 91' lang='grc'>‹‹</span> <span class='ocrx_word' id='word_1_179' title='bbox 752 2277 1113 2356; x_wconf 74' lang='grc' dir='ltr'>Ἀνασκαφείη</span> <span class='ocrx_word' id='word_1_180' title='bbox 1164 2280 1231 2333; x_wconf 81' lang='grc' dir='ltr'><strong>τὰ</strong></span> <span class='ocrx_word' id='word_1_181' title='bbox 1284 2278 1414 2332; x_wconf 82' lang='grc' dir='ltr'><strong>ὀστᾶ</strong></span> <span class='ocrx_word' id='word_1_182' title='bbox 1463 2282 1572 2350; x_wconf 86' lang='grc'><strong>(17)</strong></span> <span class='ocrx_word' id='word_1_183' title='bbox 1617 2281 1714 2332; x_wconf 75' lang='grc' dir='ltr'><strong>τοῦ</strong></span> <span class='ocrx_word' id='word_1_184' title='bbox 1762 2299 1856 2332; x_wconf 87' lang='grc' dir='ltr'>κα-</span> 
     </span>
    </p>
   </div>
   <div class='ocr_carea' id='block_1_27' title="bbox 197 2362 1856 2446">
    <p class='ocr_par' dir='ltr' id='par_1_27' title="bbox 197 2362 1856 2446">
     <span class='ocr_line' id='line_1_27' title="bbox 197 2362 1856 2446; baseline -0.002 -22"><span class='ocrx_word' id='word_1_185' title='bbox 197 2369 478 2446; x_wconf 69' lang='grc' dir='ltr'>λατρέτου.</span> <span class='ocrx_word' id='word_1_186' title='bbox 548 2393 573 2419; x_wconf 77' lang='grc' dir='ltr'><strong>η</strong></span> <span class='ocrx_word' id='word_1_187' title='bbox 627 2369 720 2422; x_wconf 76' lang='grc' dir='ltr'><strong>Καὶ</strong></span> <span class='ocrx_word' id='word_1_188' title='bbox 781 2362 1140 2430; x_wconf 67' lang='grc' dir='ltr'>ἀναλαϐόντες</span> <span class='ocrx_word' id='word_1_189' title='bbox 1193 2363 1421 2428; x_wconf 66' lang='grc' dir='ltr'>ἕκαστος</span> <span class='ocrx_word' id='word_1_190' title='bbox 1498 2365 1684 2430; x_wconf 85' lang='grc' dir='ltr'>λίθους</span> <span class='ocrx_word' id='word_1_191' title='bbox 1767 2365 1856 2420; x_wconf 81' lang='grc' dir='ltr'><strong>καὶ</strong></span> 
     </span>
    </p>
   </div>
   <div class='ocr_carea' id='block_1_28' title="bbox 199 2451 1855 2532">
    <p class='ocr_par' dir='ltr' id='par_1_28' title="bbox 199 2451 1855 2532">
     <span class='ocr_line' id='line_1_28' title="bbox 199 2451 1855 2532; baseline -0.003 -20"><span class='ocrx_word' id='word_1_192' title='bbox 199 2460 385 2532; x_wconf 64' lang='grc' dir='ltr'>βάθρα</span> <span class='ocrx_word' id='word_1_193' title='bbox 444 2457 536 2512; x_wconf 73' lang='grc' dir='ltr'><strong>καὶ</strong></span> <span class='ocrx_word' id='word_1_194' title='bbox 583 2459 649 2511; x_wconf 72' lang='grc' dir='ltr'>τὰ</span> <span class='ocrx_word' id='word_1_195' title='bbox 690 2457 1070 2531; x_wconf 68' lang='grc' dir='ltr'>παρατυχόντα</span> <span class='ocrx_word' id='word_1_196' title='bbox 1123 2454 1256 2526; x_wconf 83' lang='grc' dir='ltr'>ξύλα</span> <span class='ocrx_word' id='word_1_197' title='bbox 1309 2461 1403 2510; x_wconf 81' lang='grc' dir='ltr'>τὸν</span> <span class='ocrx_word' id='word_1_198' title='bbox 1466 2456 1560 2527; x_wconf 77' lang='grc' dir='ltr'>μὲν</span> <span class='ocrx_word' id='word_1_199' title='bbox 1615 2451 1855 2530; x_wconf 80' lang='grc' dir='ltr'>ἔπαρχον</span> 
     </span>
    </p>
   </div>
   <div class='ocr_carea' id='block_1_29' title="bbox 196 2544 1856 2620">
    <p class='ocr_par' dir='ltr' id='par_1_29' title="bbox 196 2544 1856 2620">
     <span class='ocr_line' id='line_1_29' title="bbox 196 2544 1856 2620; baseline 0 -22"><span class='ocrx_word' id='word_1_200' title='bbox 196 2550 276 2616; x_wconf 71' lang='grc' dir='ltr'>(ἦν</span> <span class='ocrx_word' id='word_1_201' title='bbox 317 2545 384 2601; x_wconf 75' lang='grc' dir='ltr'>δὲ</span> <span class='ocrx_word' id='word_1_202' title='bbox 417 2547 773 2606; x_wconf 76' lang='grc' dir='ltr'>’Λναστάσιος</span> <span class='ocrx_word' id='word_1_203' title='bbox 806 2546 1091 2617; x_wconf 80' lang='grc' dir='ltr'>πατρίκιος</span> <span class='ocrx_word' id='word_1_204' title='bbox 1142 2547 1168 2599; x_wconf 82' lang='grc' dir='ltr'><strong>ὁ</strong></span> <span class='ocrx_word' id='word_1_205' title='bbox 1215 2549 1294 2615; x_wconf 73' lang='grc' dir='ltr'>τῷ</span> <span class='ocrx_word' id='word_1_206' title='bbox 1340 2544 1503 2620; x_wconf 78' lang='grc' dir='ltr'>πατρὶ</span> <span class='ocrx_word' id='word_1_207' title='bbox 1559 2551 1659 2612; x_wconf 79' lang='grc' dir='ltr'><strong>τῆς</strong></span> <span class='ocrx_word' id='word_1_208' title='bbox 1703 2551 1856 2612; x_wconf 79' lang='grc' dir='ltr'>Ζωῆς</span> 
     </span>
    </p>
   </div>
   <div class='ocr_carea' id='block_1_30' title="bbox 197 2631 1855 2711">
    <p class='ocr_par' dir='ltr' id='par_1_30' title="bbox 197 2631 1855 2711">
     <span class='ocr_line' id='line_1_30' title="bbox 197 2631 1855 2711; baseline -0.003 -20"><span class='ocrx_word' id='word_1_209' title='bbox 197 2637 716 2711; x_wconf 71' lang='grc' dir='ltr'>ὁπηρετησάμενος)</span> <span class='ocrx_word' id='word_1_210' title='bbox 753 2639 950 2707; x_wconf 66' lang='grc' dir='ltr'>μικροῦ</span> <span class='ocrx_word' id='word_1_211' title='bbox 1008 2631 1114 2688; x_wconf 82' lang='grc' dir='ltr'>δεῖν</span> <span class='ocrx_word' id='word_1_212' title='bbox 1167 2634 1256 2688; x_wconf 79' lang='grc' dir='ltr'><strong>καὶ</strong></span> <span class='ocrx_word' id='word_1_213' title='bbox 1307 2634 1642 2701; x_wconf 75' lang='grc' dir='ltr'>ἀπέκτειναν,</span> <span class='ocrx_word' id='word_1_214' title='bbox 1687 2632 1730 2687; x_wconf 79' lang='grc' dir='ltr'><strong>εί</strong></span> <span class='ocrx_word' id='word_1_215' title='bbox 1780 2635 1855 2704; x_wconf 79' lang='grc' dir='ltr'>μὴ</span> 
     </span>
    </p>
   </div>
   <div class='ocr_carea' id='block_1_31' title="bbox 194 2720 1854 2803">
    <p class='ocr_par' dir='ltr' id='par_1_31' title="bbox 194 2720 1854 2803">
     <span class='ocr_line' id='line_1_31' title="bbox 194 2720 1854 2803; baseline -0.002 -25"><span class='ocrx_word' id='word_1_216' title='bbox 194 2730 343 2803; x_wconf 59' lang='grc' dir='ltr'>φυγῇ</span> <span class='ocrx_word' id='word_1_217' title='bbox 409 2724 767 2798; x_wconf 70' lang='grc' dir='ltr'>γρησάμενος</span> <span class='ocrx_word' id='word_1_218' title='bbox 822 2720 1110 2796; x_wconf 74' lang='grc' dir='ltr'>ἐπορίσατο</span> <span class='ocrx_word' id='word_1_219' title='bbox 1167 2723 1268 2790; x_wconf 80' lang='grc' dir='ltr'><strong>τήν</strong></span> <span class='ocrx_word' id='word_1_220' title='bbox 1329 2723 1518 2777; x_wconf 70' lang='grc' dir='ltr'>ἑαυτοῦ</span> <span class='ocrx_word' id='word_1_221' title='bbox 1560 2721 1854 2795; x_wconf 79' lang='grc' dir='ltr'>σωτηρίαν·</span> 
     </span>
    </p>
   </div>
   <div class='ocr_carea' id='block_1_32' title="bbox 192 2807 1854 2886">
    <p class='ocr_par' dir='ltr' id='par_1_32' title="bbox 192 2807 1854 2886">
     <span class='ocr_line' id='line_1_32' title="bbox 192 2807 1854 2886; baseline -0.002 -18"><span class='ocrx_word' id='word_1_222' title='bbox 192 2815 350 2869; x_wconf 69' lang='grc' dir='ltr'><strong>αὖτοὶ</strong></span> <span class='ocrx_word' id='word_1_223' title='bbox 410 2811 470 2867; x_wconf 73' lang='grc' dir='ltr'>δὲ</span> <span class='ocrx_word' id='word_1_224' title='bbox 535 2813 609 2876; x_wconf 79' lang='grc' dir='ltr'>εἷς</span> <span class='ocrx_word' id='word_1_225' title='bbox 665 2814 764 2879; x_wconf 75' lang='grc' dir='ltr'>τὴν</span> <span class='ocrx_word' id='word_1_226' title='bbox 842 2811 1100 2885; x_wconf 78' lang='grc' dir='ltr'>Μεγάλην</span> <span class='ocrx_word' id='word_1_227' title='bbox 1188 2807 1482 2886; x_wconf 85' lang='grc' dir='ltr'>δραμόντες</span> <span class='ocrx_word' id='word_1_228' title='bbox 1532 2809 1854 2881; x_wconf 81' lang='grc' dir='ltr'>Ἐκκλησίαν</span> 
     </span>
    </p>
   </div>
   <div class='ocr_carea' id='block_1_33' title="bbox 190 2899 1858 2977">
    <p class='ocr_par' dir='ltr' id='par_1_33' title="bbox 190 2899 1858 2977">
     <span class='ocr_line' id='line_1_33' title="bbox 190 2899 1858 2977; baseline -0.004 -20"><span class='ocrx_word' id='word_1_229' title='bbox 190 2903 386 2977; x_wconf 74' lang='grc' dir='ltr'>(ἔτυχε</span> <span class='ocrx_word' id='word_1_230' title='bbox 415 2903 523 2977; x_wconf 70' lang='grc' dir='ltr'><strong>γὰρ</strong></span> <span class='ocrx_word' id='word_1_231' title='bbox 550 2901 636 2954; x_wconf 79' lang='grc' dir='ltr'>καὶ</span> <span class='ocrx_word' id='word_1_232' title='bbox 672 2901 700 2954; x_wconf 83' lang='grc' dir='ltr'>ὁ</span> <span class='ocrx_word' id='word_1_233' title='bbox 727 2901 1079 2974; x_wconf 78' lang='grc' dir='ltr'>πατριάρχης</span> <span class='ocrx_word' id='word_1_234' title='bbox 1135 2901 1234 2967; x_wconf 73' lang='grc' dir='ltr'><strong>τήν</strong></span> <span class='ocrx_word' id='word_1_235' title='bbox 1283 2899 1447 2954; x_wconf 75' lang='grc' dir='ltr'>αὐτοῦ</span> <span class='ocrx_word' id='word_1_236' title='bbox 1510 2901 1858 2973; x_wconf 69' lang='grc' dir='ltr'>ὑποστροφήν</span> 
     </span>
    </p>
   </div>
   <div class='ocr_carea' id='block_1_34' title="bbox 194 2985 1857 3065">
    <p class='ocr_par' dir='ltr' id='par_1_34' title="bbox 194 2985 1857 3065">
     <span class='ocr_line' id='line_1_34' title="bbox 194 2985 1857 3065; baseline -0.002 -19"><span class='ocrx_word' id='word_1_237' title='bbox 194 2993 586 3063; x_wconf 65' lang='grc' dir='ltr'>ὠνησάμενος,</span> <span class='ocrx_word' id='word_1_238' title='bbox 619 2989 828 3044; x_wconf 73' lang='grc' dir='ltr'>καὶτὸν</span> <span class='ocrx_word' id='word_1_239' title='bbox 865 2989 959 3061; x_wconf 73' lang='grc' dir='ltr'>μὲν</span> <span class='ocrx_word' id='word_1_240' title='bbox 1010 2987 1234 3062; x_wconf 72' lang='grc' dir='ltr'>βασιλέα</span> <span class='ocrx_word' id='word_1_241' title='bbox 1287 2985 1484 3065; x_wconf 72' lang='grc' dir='ltr'>ὶδυσφή</span> <span class='ocrx_word' id='word_1_242' title='bbox 1500 3009 1608 3061; x_wconf 89' lang='grc' dir='ltr'>μει,</span> <span class='ocrx_word' id='word_1_243' title='bbox 1640 2989 1737 3055; x_wconf 72' lang='grc' dir='ltr'><strong>τήν</strong></span> <span class='ocrx_word' id='word_1_244' title='bbox 1801 2985 1857 3042; x_wconf 71' lang='grc' dir='ltr'>δὲ</span> 
     </span>
    </p>
   </div>
   <div class='ocr_carea' id='block_1_35' title="bbox 189 3074 1857 3154">
    <p class='ocr_par' dir='ltr' id='par_1_35' title="bbox 189 3074 1857 3154">
     <span class='ocr_line' id='line_1_35' title="bbox 189 3074 1857 3154; baseline -0.002 -20"><span class='ocrx_word' id='word_1_245' title='bbox 189 3089 283 3148; x_wconf 76' lang='grc' dir='ltr'>τῆς</span> <span class='ocrx_word' id='word_1_246' title='bbox 353 3078 687 3154; x_wconf 76' lang='grc' dir='ltr'>βασιλίσσης</span> <span class='ocrx_word' id='word_1_247' title='bbox 773 3078 951 3147; x_wconf 68' lang='grc' dir='ltr'>ἐζήτει</span> <span class='ocrx_word' id='word_1_248' title='bbox 1027 3075 1429 3150; x_wconf 72' lang='grc' dir='ltr'>ἀνακομιδ·ιίν)·</span> <span class='ocrx_word' id='word_1_249' title='bbox 1480 3074 1857 3151; x_wconf 75' lang='grc' dir='ltr'>προσέδραμον</span> 
     </span>
    </p>
   </div>
   <div class='ocr_carea' id='block_1_36' title="bbox 187 3137 1930 3238">
    <p class='ocr_par' dir='ltr' id='par_1_36' title="bbox 187 3137 1930 3238">
     <span class='ocr_line' id='line_1_36' title="bbox 239 3137 1767 3154; baseline 0.003 -6"><span class='ocrx_word' id='word_1_250' title='bbox 239 3137 282 3148; x_wconf 81' lang='grc'><strong>.-</strong></span> <span class='ocrx_word' id='word_1_251' title='bbox 353 3137 366 3154; x_wconf 82' lang='grc'>.</span> <span class='ocrx_word' id='word_1_252' title='bbox 642 3137 683 3148; x_wconf 85' lang='grc'><strong>.-</strong></span> <span class='ocrx_word' id='word_1_253' title='bbox 813 3137 863 3147; x_wconf 90' lang='grc'><strong>..</strong></span> <span class='ocrx_word' id='word_1_254' title='bbox 1201 3137 1210 3150; x_wconf 88' lang='lat'><strong>.</strong></span> <span class='ocrx_word' id='word_1_255' title='bbox 1322 3137 1387 3149; x_wconf 80' lang='grc' dir='ltr'>-ι</span> <span class='ocrx_word' id='word_1_256' title='bbox 1525 3137 1534 3151; x_wconf 88' lang='lat'><strong>.</strong></span> <span class='ocrx_word' id='word_1_257' title='bbox 1686 3137 1694 3150; x_wconf 87' lang='lat'><strong>.</strong></span> <span class='ocrx_word' id='word_1_258' title='bbox 1759 3137 1767 3148; x_wconf 80' lang='grc' dir='ltr'><strong>ι</strong></span> 
     </span>
     <span class='ocr_line' id='line_1_37' title="bbox 187 3137 1930 3238; baseline -0.003 -16"><span class='ocrx_word' id='word_1_259' title='bbox 187 3172 374 3223; x_wconf 75' lang='grc' dir='ltr'>τοίνυν</span> <span class='ocrx_word' id='word_1_260' title='bbox 437 3171 637 3228; x_wconf 70' lang='grc' dir='ltr'>πάντες</span> <span class='ocrx_word' id='word_1_261' title='bbox 703 3169 757 3221; x_wconf 73' lang='grc' dir='ltr'>οἱ</span> <span class='ocrx_word' id='word_1_262' title='bbox 812 3171 913 3219; x_wconf 84' lang='grc' dir='ltr'>τοῦ</span> <span class='ocrx_word' id='word_1_263' title='bbox 968 3167 1169 3236; x_wconf 84' lang='grc' dir='ltr'>πατρὸς</span> <span class='ocrx_word' id='word_1_264' title='bbox 1227 3165 1394 3230; x_wconf 76' lang='grc' dir='ltr'>αὐτῆς</span> <span class='ocrx_word' id='word_1_265' title='bbox 1456 3165 1711 3238; x_wconf 75' lang='grc' dir='ltr'>εὐνοῦχοι</span> <span class='ocrx_word' id='word_1_266' title='bbox 1769 3137 1930 3218; x_wconf 64' lang='grc' dir='ltr'><strong>καὶϐ</strong></span> 
     </span>
    </p>
   </div>
   <div class='ocr_carea' id='block_1_37' title="bbox 192 3249 1856 3330">
    <p class='ocr_par' dir='ltr' id='par_1_37' title="bbox 192 3249 1856 3330">
     <span class='ocr_line' id='line_1_38' title="bbox 192 3249 1856 3330; baseline -0.005 -16"><span class='ocrx_word' id='word_1_267' title='bbox 192 3261 619 3318; x_wconf 75' lang='grc' dir='ltr'>Κωντταντῖνος</span> <span class='ocrx_word' id='word_1_268' title='bbox 661 3253 947 3330; x_wconf 86' lang='grc' dir='ltr'>πατρίκιος</span> <span class='ocrx_word' id='word_1_269' title='bbox 991 3255 1018 3309; x_wconf 77' lang='grc' dir='ltr'><strong>ὁ</strong></span> <span class='ocrx_word' id='word_1_270' title='bbox 1053 3249 1358 3316; x_wconf 77' lang='grc' dir='ltr'>Καϐἀσιλας</span> <span class='ocrx_word' id='word_1_271' title='bbox 1401 3254 1490 3308; x_wconf 82' lang='grc' dir='ltr'><strong>καὶ</strong></span> <span class='ocrx_word' id='word_1_272' title='bbox 1543 3257 1605 3307; x_wconf 85' lang='grc' dir='ltr'><strong>τὸ</strong></span> <span class='ocrx_word' id='word_1_273' title='bbox 1664 3252 1856 3306; x_wconf 85' lang='grc' dir='ltr'>λοιπὸν</span> 
     </span>
    </p>
   </div>
   <div class='ocr_carea' id='block_1_38' title="bbox 195 3337 1856 3419">
    <p class='ocr_par' dir='ltr' id='par_1_38' title="bbox 195 3337 1856 3419">
     <span class='ocr_line' id='line_1_39' title="bbox 195 3337 1856 3419; baseline -0.003 -19"><span class='ocrx_word' id='word_1_274' title='bbox 195 3350 328 3401; x_wconf 71' lang='grc' dir='ltr'>ἅπαν</span> <span class='ocrx_word' id='word_1_275' title='bbox 398 3345 618 3414; x_wconf 76' lang='grc' dir='ltr'>πλῆθος</span> <span class='ocrx_word' id='word_1_276' title='bbox 666 3352 765 3414; x_wconf 79' lang='grc' dir='ltr'>τῆς</span> <span class='ocrx_word' id='word_1_277' title='bbox 809 3341 1139 3419; x_wconf 66' lang='grc' dir='ltr'>συγκλήτου,</span> <span class='ocrx_word' id='word_1_278' title='bbox 1202 3343 1290 3397; x_wconf 74' lang='grc' dir='ltr'><strong>καὶ</strong></span> <span class='ocrx_word' id='word_1_279' title='bbox 1350 3346 1506 3415; x_wconf 80' lang='grc' dir='ltr'>κοινῇ</span> <span class='ocrx_word' id='word_1_280' title='bbox 1567 3337 1856 3415; x_wconf 69' lang='grc' dir='ltr'>συμϐουλῇ</span> 
     </span>
    </p>
   </div>
   <div class='ocr_carea' id='block_1_39' title="bbox 191 3428 1858 3508">
    <p class='ocr_par' dir='ltr' id='par_1_39' title="bbox 191 3428 1858 3508">
     <span class='ocr_line' id='line_1_40' title="bbox 191 3428 1858 3508; baseline -0.005 -19"><span class='ocrx_word' id='word_1_281' title='bbox 191 3436 515 3508; x_wconf 71' lang='grc' dir='ltr'>πέμψαντες</span> <span class='ocrx_word' id='word_1_282' title='bbox 563 3431 746 3508; x_wconf 72' lang='grc' dir='ltr'>ἄγουσι</span> <span class='ocrx_word' id='word_1_283' title='bbox 805 3433 904 3500; x_wconf 73' lang='grc' dir='ltr'>τὴν</span> <span class='ocrx_word' id='word_1_284' title='bbox 956 3429 1235 3507; x_wconf 84' lang='grc' dir='ltr'>Θεοδώραν</span> <span class='ocrx_word' id='word_1_285' title='bbox 1299 3430 1403 3485; x_wconf 84' lang='grc' dir='ltr'><strong>ἀπό</strong></span> <span class='ocrx_word' id='word_1_286' title='bbox 1477 3435 1573 3484; x_wconf 78' lang='grc' dir='ltr'><strong>τοῦ</strong></span> <span class='ocrx_word' id='word_1_287' title='bbox 1631 3428 1858 3502; x_wconf 85' lang='grc' dir='ltr'>Ηετρίου</span> 
     </span>
    </p>
   </div>
   <div class='ocr_carea' id='block_1_40' title="bbox 193 3517 1858 3595">
    <p class='ocr_par' dir='ltr' id='par_1_40' title="bbox 193 3517 1858 3595">
     <span class='ocr_line' id='line_1_41' title="bbox 193 3517 1858 3595; baseline -0.004 -17"><span class='ocrx_word' id='word_1_288' title='bbox 193 3524 267 3586; x_wconf 68' lang='grc' dir='ltr'>εἷς</span> <span class='ocrx_word' id='word_1_289' title='bbox 317 3533 428 3592; x_wconf 69' lang='grc' dir='ltr'>τήν</span> <span class='ocrx_word' id='word_1_290' title='bbox 481 3522 744 3595; x_wconf 73' lang='grc' dir='ltr'>Μεγάλην</span> <span class='ocrx_word' id='word_1_291' title='bbox 790 3520 1141 3590; x_wconf 87' lang='grc' dir='ltr'>Ἐκκλησίαν,</span> <span class='ocrx_word' id='word_1_292' title='bbox 1176 3520 1267 3574; x_wconf 87' lang='grc' dir='ltr'><strong>καὶ</strong></span> <span class='ocrx_word' id='word_1_293' title='bbox 1326 3517 1636 3580; x_wconf 67' lang='grc' dir='ltr'>ἐνδύσαντες</span> <span class='ocrx_word' id='word_1_294' title='bbox 1690 3518 1858 3586; x_wconf 79' lang='grc' dir='ltr'>αὐτὴν</span> 
     </span>
    </p>
   </div>
   <div class='ocr_carea' id='block_1_41' title="bbox 191 3607 1858 3689">
    <p class='ocr_par' dir='ltr' id='par_1_41' title="bbox 191 3607 1858 3689">
     <span class='ocr_line' id='line_1_42' title="bbox 191 3607 1858 3689; baseline -0.004 -22"><span class='ocrx_word' id='word_1_295' title='bbox 191 3610 511 3689; x_wconf 71' lang='grc' dir='ltr'>ἁλουργίδα</span> <span class='ocrx_word' id='word_1_296' title='bbox 575 3610 867 3684; x_wconf 79' lang='grc' dir='ltr'>βασιλικὴν</span> <span class='ocrx_word' id='word_1_297' title='bbox 928 3607 1155 3663; x_wconf 69' lang='grc' dir='ltr'>ἄνασσαν</span> <span class='ocrx_word' id='word_1_298' title='bbox 1221 3607 1524 3686; x_wconf 73' lang='grc' dir='ltr'>εὐφημοῦσι</span> <span class='ocrx_word' id='word_1_299' title='bbox 1585 3607 1676 3660; x_wconf 78' lang='grc' dir='ltr'>σὺν</span> <span class='ocrx_word' id='word_1_300' title='bbox 1735 3611 1858 3682; x_wconf 80' lang='grc' dir='ltr'><strong>Ζιυῇ</strong></span> 
     </span>
    </p>
   </div>
   <div class='ocr_carea' id='block_1_42' title="bbox 192 3693 1857 3775">
    <p class='ocr_par' dir='ltr' id='par_1_42' title="bbox 192 3693 1857 3775">
     <span class='ocr_line' id='line_1_43' title="bbox 192 3693 1857 3775; baseline -0.005 -18"><span class='ocrx_word' id='word_1_301' title='bbox 192 3707 258 3775; x_wconf 77' lang='grc' dir='ltr'><strong>τῇ</strong></span> <span class='ocrx_word' id='word_1_302' title='bbox 310 3703 531 3770; x_wconf 71' lang='grc' dir='ltr'>ταύτης</span> <span class='ocrx_word' id='word_1_303' title='bbox 581 3697 812 3774; x_wconf 63' lang='grc' dir='ltr'>ἀδελφῇ.</span> <span class='ocrx_word' id='word_1_304' title='bbox 862 3698 964 3756; x_wconf 80' lang='grc' dir='ltr'><strong>Καὶ</strong></span> <span class='ocrx_word' id='word_1_305' title='bbox 1007 3699 1344 3772; x_wconf 71' lang='grc' dir='ltr'>ὁρμήσαντες</span> <span class='ocrx_word' id='word_1_306' title='bbox 1387 3699 1521 3773; x_wconf 86' lang='grc' dir='ltr'>πρὸς</span> <span class='ocrx_word' id='word_1_307' title='bbox 1568 3698 1630 3752; x_wconf 86' lang='grc' dir='ltr'>τὸ</span> <span class='ocrx_word' id='word_1_308' title='bbox 1678 3693 1857 3750; x_wconf 84' lang='grc' dir='ltr'>παλά-</span> 
     </span>
    </p>
   </div>
   <div class='ocr_carea' id='block_1_43' title="bbox 190 3785 1860 3863">
    <p class='ocr_par' dir='ltr' id='par_1_43' title="bbox 190 3785 1860 3863">
     <span class='ocr_line' id='line_1_44' title="bbox 190 3785 1860 3863; baseline -0.004 -19"><span class='ocrx_word' id='word_1_309' title='bbox 190 3813 305 3846; x_wconf 80' lang='grc' dir='ltr'>τιον</span> <span class='ocrx_word' id='word_1_310' title='bbox 389 3794 729 3863; x_wconf 80' lang='grc' dir='ltr'>καταγαγεῖν</span> <span class='ocrx_word' id='word_1_311' title='bbox 804 3788 1107 3862; x_wconf 79' lang='grc' dir='ltr'>ἠπείγοντο</span> <span class='ocrx_word' id='word_1_312' title='bbox 1185 3791 1294 3841; x_wconf 88' lang='grc' dir='ltr'><strong>τῶν</strong></span> <span class='ocrx_word' id='word_1_313' title='bbox 1383 3785 1694 3861; x_wconf 83' lang='grc' dir='ltr'>ἀνακτόρων</span> <span class='ocrx_word' id='word_1_314' title='bbox 1769 3785 1860 3838; x_wconf 88' lang='grc' dir='ltr'>τὸν</span> 
     </span>
    </p>
   </div>
   <div class='ocr_carea' id='block_1_44' title="bbox 195 3872 1858 3954">
    <p class='ocr_par' dir='ltr' id='par_1_44' title="bbox 195 3872 1858 3954">
     <span class='ocr_line' id='line_1_45' title="bbox 195 3872 1858 3954; baseline -0.004 -21"><span class='ocrx_word' id='word_1_315' title='bbox 195 3878 462 3954; x_wconf 70' lang='grc' dir='ltr'>Μιχαήλ.</span> <span class='ocrx_word' id='word_1_316' title='bbox 500 3879 563 3934; x_wconf 89' lang='grc' dir='ltr'>Ὁ</span> <span class='ocrx_word' id='word_1_317' title='bbox 608 3875 665 3930; x_wconf 70' lang='grc' dir='ltr'><strong>δί</strong></span> <span class='ocrx_word' id='word_1_318' title='bbox 710 3876 845 3948; x_wconf 76' lang='grc' dir='ltr'>πρὸς</span> <span class='ocrx_word' id='word_1_319' title='bbox 893 3876 994 3941; x_wconf 77' lang='grc' dir='ltr'>τήν</span> <span class='ocrx_word' id='word_1_320' title='bbox 1038 3874 1202 3950; x_wconf 71' lang='grc' dir='ltr'>ὀργήν</span> <span class='ocrx_word' id='word_1_321' title='bbox 1260 3880 1358 3929; x_wconf 77' lang='grc' dir='ltr'><strong>τοῦ</strong></span> <span class='ocrx_word' id='word_1_322' title='bbox 1417 3872 1554 3928; x_wconf 72' lang='grc' dir='ltr'>λαοῦ</span> <span class='ocrx_word' id='word_1_323' title='bbox 1612 3873 1702 3928; x_wconf 82' lang='grc' dir='ltr'><strong>καὶ</strong></span> <span class='ocrx_word' id='word_1_324' title='bbox 1757 3874 1858 3941; x_wconf 72' lang='grc' dir='ltr'>τὴν</span> 
     </span>
    </p>
   </div>
   <div class='ocr_carea' id='block_1_45' title="bbox 193 3961 1856 4038">
    <p class='ocr_par' dir='ltr' id='par_1_45' title="bbox 193 3961 1856 4038">
     <span class='ocr_line' id='line_1_46' title="bbox 193 3961 1856 4038; baseline -0.005 -16"><span class='ocrx_word' id='word_1_325' title='bbox 193 3968 414 4037; x_wconf 76' lang='grc' dir='ltr'>κίνησιν</span> <span class='ocrx_word' id='word_1_326' title='bbox 485 3962 904 4034; x_wconf 74' lang='grc' dir='ltr'>ἀποδειλιάσας,</span> <span class='ocrx_word' id='word_1_327' title='bbox 955 3962 1109 4026; x_wconf 78' lang='grc' dir='ltr'>εὐθὺς</span> <span class='ocrx_word' id='word_1_328' title='bbox 1161 3963 1488 4024; x_wconf 79' lang='grc' dir='ltr'>ἀποστείλας</span> <span class='ocrx_word' id='word_1_329' title='bbox 1545 3961 1712 4038; x_wconf 75' lang='grc' dir='ltr'>ἤγαγε</span> <span class='ocrx_word' id='word_1_330' title='bbox 1758 3963 1856 4030; x_wconf 71' lang='grc' dir='ltr'><strong>τήν</strong></span> 
     </span>
    </p>
   </div>
   <div class='ocr_carea' id='block_1_46' title="bbox 199 4050 1864 4127">
    <p class='ocr_par' dir='ltr' id='par_1_46' title="bbox 199 4050 1864 4127">
     <span class='ocr_line' id='line_1_47' title="bbox 199 4050 1864 4127; baseline -0.003 -17"><span class='ocrx_word' id='word_1_331' title='bbox 199 4060 353 4126; x_wconf 47' lang='grc' dir='ltr'><strong>Ζωέιν</strong></span> <span class='ocrx_word' id='word_1_332' title='bbox 393 4057 447 4110; x_wconf 76' lang='grc' dir='ltr'>ἐν</span> <span class='ocrx_word' id='word_1_333' title='bbox 501 4060 584 4127; x_wconf 76' lang='grc' dir='ltr'>τῷ</span> <span class='ocrx_word' id='word_1_334' title='bbox 637 4053 909 4125; x_wconf 86' lang='grc' dir='ltr'>παλατίῳ,</span> <span class='ocrx_word' id='word_1_335' title='bbox 941 4052 1031 4106; x_wconf 82' lang='grc' dir='ltr'><strong>καὶ</strong></span> <span class='ocrx_word' id='word_1_336' title='bbox 1091 4050 1363 4114; x_wconf 66' lang='grc' dir='ltr'>ἀποδύσας</span> <span class='ocrx_word' id='word_1_337' title='bbox 1423 4052 1589 4122; x_wconf 74' lang='grc' dir='ltr'>αὐτὴν</span> <span class='ocrx_word' id='word_1_338' title='bbox 1643 4053 1708 4106; x_wconf 80' lang='grc' dir='ltr'><strong>τά</strong></span> <span class='ocrx_word' id='word_1_339' title='bbox 1769 4073 1864 4124; x_wconf 89' lang='grc' dir='ltr'>μο-</span> 
     </span>
    </p>
   </div>
   <div class='ocr_carea' id='block_1_47' title="bbox 197 4135 1863 4220">
    <p class='ocr_par' dir='ltr' id='par_1_47' title="bbox 197 4135 1863 4220">
     <span class='ocr_line' id='line_1_48' title="bbox 197 4135 1863 4220; baseline -0.004 -20"><span class='ocrx_word' id='word_1_340' title='bbox 197 4147 405 4220; x_wconf 51' lang='lat' dir='ltr'><strong>ulmi</strong></span> <span class='ocrx_word' id='word_1_341' title='bbox 464 4143 814 4219; x_wconf 59' lang='grc' dir='ltr'>μετημφίασε</span> <span class='ocrx_word' id='word_1_342' title='bbox 885 4139 1192 4216; x_wconf 84' lang='grc' dir='ltr'>βασιλικοῖς</span> <span class='ocrx_word' id='word_1_343' title='bbox 1265 4135 1666 4216; x_wconf 74' lang='grc' dir='ltr'>περιϐλήμασι.</span> <span class='ocrx_word' id='word_1_344' title='bbox 1727 4147 1863 4215; x_wconf 82' lang='grc' dir='ltr'>Προ-</span> 
     </span>
    </p>
   </div>
   <div class='ocr_carea' id='block_1_48' title="bbox 202 4228 1861 4307">
    <p class='ocr_par' dir='ltr' id='par_1_48' title="bbox 202 4228 1861 4307">
     <span class='ocr_line' id='line_1_49' title="bbox 202 4228 1861 4307; baseline -0.004 -19"><span class='ocrx_word' id='word_1_345' title='bbox 202 4235 384 4307; x_wconf 48' lang='lat' dir='ltr'><strong>xci-bu;</strong></span> <span class='ocrx_word' id='word_1_346' title='bbox 444 4231 542 4285; x_wconf 74' lang='grc' dir='ltr'><strong>οὗν</strong></span> <span class='ocrx_word' id='word_1_347' title='bbox 597 4231 704 4284; x_wconf 84' lang='grc' dir='ltr'><strong>ἀπὸ</strong></span> <span class='ocrx_word' id='word_1_348' title='bbox 757 4235 854 4284; x_wconf 78' lang='grc' dir='ltr'><strong>τοῦ</strong></span> <span class='ocrx_word' id='word_1_349' title='bbox 910 4228 961 4283; x_wconf 78' lang='grc' dir='ltr'>ἐν</span> <span class='ocrx_word' id='word_1_350' title='bbox 1023 4233 1097 4301; x_wconf 78' lang='grc' dir='ltr'>τῷ</span> <span class='ocrx_word' id='word_1_351' title='bbox 1128 4228 1480 4301; x_wconf 75' lang='grc' dir='ltr'>ἱπποδρομίῳ</span> <span class='ocrx_word' id='word_1_352' title='bbox 1511 4228 1861 4300; x_wconf 78' lang='grc' dir='ltr'>καθίσματος,</span> 
     </span>
    </p>
   </div>
   <div class='ocr_carea' id='block_1_49' title="bbox 200 4316 1860 4394">
    <p class='ocr_par' dir='ltr' id='par_1_49' title="bbox 200 4316 1860 4394">
     <span class='ocr_line' id='line_1_50' title="bbox 200 4316 1860 4394; baseline -0.003 -18"><span class='ocrx_word' id='word_1_353' title='bbox 200 4324 291 4376; x_wconf 66' lang='grc' dir='ltr'><strong>καὶ</strong></span> <span class='ocrx_word' id='word_1_354' title='bbox 327 4321 735 4394; x_wconf 80' lang='grc' dir='ltr'>δημηγορῆσαι</span> <span class='ocrx_word' id='word_1_355' title='bbox 767 4317 1042 4392; x_wconf 72' lang='grc' dir='ltr'>πειραθεὶς</span> <span class='ocrx_word' id='word_1_356' title='bbox 1084 4318 1219 4392; x_wconf 85' lang='grc' dir='ltr'>πρὸς</span> <span class='ocrx_word' id='word_1_357' title='bbox 1263 4319 1356 4372; x_wconf 85' lang='grc' dir='ltr'><strong>τὸν</strong></span> <span class='ocrx_word' id='word_1_358' title='bbox 1408 4319 1536 4372; x_wconf 84' lang='grc' dir='ltr'>λαὸν</span> <span class='ocrx_word' id='word_1_359' title='bbox 1583 4316 1666 4371; x_wconf 79' lang='grc' dir='ltr'><strong>ὅτι</strong></span> <span class='ocrx_word' id='word_1_360' title='bbox 1720 4338 1779 4371; x_wconf 87' lang='grc' dir='ltr'><strong>τε</strong></span> <span class='ocrx_word' id='word_1_361' title='bbox 1825 4319 1860 4386; x_wconf 78' lang='grc' dir='ltr'><strong>ἡ</strong></span> 
     </span>
    </p>
   </div>
   <div class='ocr_carea' id='block_1_50' title="bbox 206 4403 1863 4484">
    <p class='ocr_par' dir='ltr' id='par_1_50' title="bbox 206 4403 1863 4484">
     <span class='ocr_line' id='line_1_51' title="bbox 206 4403 1863 4484; baseline -0.002 -20"><span class='ocrx_word' id='word_1_362' title='bbox 206 4411 432 4484; x_wconf 70' lang='grc' dir='ltr'>βασιλῖς</span> <span class='ocrx_word' id='word_1_363' title='bbox 487 4408 641 4484; x_wconf 75' lang='grc' dir='ltr'>ἤχθη</span> <span class='ocrx_word' id='word_1_364' title='bbox 691 4407 783 4461; x_wconf 84' lang='grc' dir='ltr'><strong>καὶ</strong></span> <span class='ocrx_word' id='word_1_365' title='bbox 829 4406 910 4460; x_wconf 80' lang='grc' dir='ltr'><strong>ὅτι</strong></span> <span class='ocrx_word' id='word_1_366' title='bbox 959 4408 1128 4461; x_wconf 75' lang='grc' dir='ltr'>πάντα</span> <span class='ocrx_word' id='word_1_367' title='bbox 1187 4403 1373 4470; x_wconf 89' lang='grc' dir='ltr'>καλῶς</span> <span class='ocrx_word' id='word_1_368' title='bbox 1429 4403 1545 4482; x_wconf 73' lang='grc' dir='ltr'>ἔχει</span> <span class='ocrx_word' id='word_1_369' title='bbox 1579 4406 1760 4467; x_wconf 80' lang='grc' dir='ltr'>αὐτοῖς</span> <span class='ocrx_word' id='word_1_370' title='bbox 1796 4406 1863 4460; x_wconf 83' lang='grc' dir='ltr'><strong>τὰ</strong></span> 
     </span>
    </p>
   </div>
   <div class='ocr_carea' id='block_1_51' title="bbox 198 4491 1861 4571">
    <p class='ocr_par' dir='ltr' id='par_1_51' title="bbox 198 4491 1861 4571">
     <span class='ocr_line' id='line_1_52' title="bbox 198 4491 1861 4571; baseline -0.002 -18"><span class='ocrx_word' id='word_1_371' title='bbox 198 4500 340 4554; x_wconf 82' lang='grc' dir='ltr'><strong>κατά</strong></span> <span class='ocrx_word' id='word_1_372' title='bbox 392 4498 621 4566; x_wconf 83' lang='grc' dir='ltr'>σκοπὸν,</span> <span class='ocrx_word' id='word_1_373' title='bbox 665 4497 730 4552; x_wconf 83' lang='grc' dir='ltr'>οὐ</span> <span class='ocrx_word' id='word_1_374' title='bbox 783 4496 1163 4571; x_wconf 69' lang='grc' dir='ltr'>συνεχωρήθη,</span> <span class='ocrx_word' id='word_1_375' title='bbox 1191 4491 1376 4570; x_wconf 73' lang='grc' dir='ltr'>ὅόρεσί</span> <span class='ocrx_word' id='word_1_376' title='bbox 1413 4517 1470 4550; x_wconf 87' lang='grc' dir='ltr'><strong>τε</strong></span> <span class='ocrx_word' id='word_1_377' title='bbox 1524 4496 1861 4570; x_wconf 79' lang='grc' dir='ltr'>πανταχόθεν</span> 
     </span>
    </p>
   </div>
   <div class='ocr_carea' id='block_1_52' title="bbox 1979 505 3629 578">
    <p class='ocr_par' dir='ltr' id='par_1_52' title="bbox 1979 505 3629 578">
     <span class='ocr_line' id='line_1_53' title="bbox 1979 505 3629 578; baseline 0.003 -20"><span class='ocrx_word' id='word_1_378' title='bbox 1979 505 2068 558; x_wconf 88' lang='lat' dir='ltr'><strong>bis</strong></span> <span class='ocrx_word' id='word_1_379' title='bbox 2103 506 2364 574; x_wconf 74' lang='lat' dir='ltr'><strong>praefecto</strong></span> <span class='ocrx_word' id='word_1_380' title='bbox 2391 505 2619 578; x_wconf 76' lang='lat' dir='ltr'><strong>publice</strong></span> <span class='ocrx_word' id='word_1_381' title='bbox 2647 505 2860 577; x_wconf 93' lang='lat' dir='ltr'><strong>populo</strong></span> <span class='ocrx_word' id='word_1_382' title='bbox 2884 507 3242 561; x_wconf 82' lang='lat' dir='ltr'><strong>recitandam</strong></span> <span class='ocrx_word' id='word_1_383' title='bbox 3266 506 3323 560; x_wconf 87' lang='lat' dir='ltr'><strong>in</strong></span> <span class='ocrx_word' id='word_1_384' title='bbox 3347 507 3629 563; x_wconf 87' lang='lat' dir='ltr'><strong>Constan-</strong></span> 
     </span>
    </p>
   </div>
   <div class='ocr_carea' id='block_1_53' title="bbox 1976 593 3626 666">
    <p class='ocr_par' dir='ltr' id='par_1_53' title="bbox 1976 593 3626 666">
     <span class='ocr_line' id='line_1_54' title="bbox 1976 593 3626 666; baseline 0.004 -20"><span class='ocrx_word' id='word_1_385' title='bbox 1976 593 2080 648; x_wconf 85' lang='lat' dir='ltr'><strong>tini</strong></span> <span class='ocrx_word' id='word_1_386' title='bbox 2115 594 2305 665; x_wconf 82' lang='lat' dir='ltr'><strong>Magni</strong></span> <span class='ocrx_word' id='word_1_387' title='bbox 2333 595 2453 650; x_wconf 83' lang='lat' dir='ltr'><strong>foro</strong></span> <span class='ocrx_word' id='word_1_388' title='bbox 2484 596 2801 650; x_wconf 80' lang='lat' dir='ltr'><strong>mandavit.</strong></span> <span class='ocrx_word' id='word_1_389' title='bbox 2827 596 3054 666; x_wconf 81' lang='lat' dir='ltr'><strong>Scripta</strong></span> <span class='ocrx_word' id='word_1_390' title='bbox 3081 595 3188 650; x_wconf 90' lang='lat' dir='ltr'><strong>fuit</strong></span> <span class='ocrx_word' id='word_1_391' title='bbox 3212 595 3270 649; x_wconf 92' lang='lat' dir='ltr'><strong>in</strong></span> <span class='ocrx_word' id='word_1_392' title='bbox 3295 594 3444 651; x_wconf 90' lang='lat' dir='ltr'><strong>hanc</strong></span> <span class='ocrx_word' id='word_1_393' title='bbox 3478 595 3626 652; x_wconf 67' lang='grc'><strong>⁸37</strong></span> 
     </span>
    </p>
   </div>
   <div class='ocr_carea' id='block_1_54' title="bbox 1975 683 3627 755">
    <p class='ocr_par' dir='ltr' id='par_1_54' title="bbox 1975 683 3627 755">
     <span class='ocr_line' id='line_1_55' title="bbox 1975 683 3627 755; baseline 0.002 -19"><span class='ocrx_word' id='word_1_394' title='bbox 1975 684 2331 737; x_wconf 86' lang='lat' dir='ltr'><strong>sententiam</strong></span> <span class='ocrx_word' id='word_1_395' title='bbox 2360 700 2372 737; x_wconf 92' lang='lat'>:</span> <span class='ocrx_word' id='word_1_396' title='bbox 2400 707 2425 732; x_wconf 86' lang='grc'><strong>‹‹</strong></span> <span class='ocrx_word' id='word_1_397' title='bbox 2462 689 2631 750; x_wconf 89' lang='lat' dir='ltr'><strong>Zoen,</strong></span> <span class='ocrx_word' id='word_1_398' title='bbox 2657 701 2832 754; x_wconf 84' lang='lat' dir='ltr'><strong>quam</strong></span> <span class='ocrx_word' id='word_1_399' title='bbox 2870 701 2997 738; x_wconf 91' lang='lat' dir='ltr'><strong>meo</strong></span> <span class='ocrx_word' id='word_1_400' title='bbox 3033 684 3276 755; x_wconf 89' lang='lat' dir='ltr'><strong>imperio</strong></span> <span class='ocrx_word' id='word_1_401' title='bbox 3306 683 3627 755; x_wconf 84' lang='lat' dir='ltr'><strong>malignam</strong></span> 
     </span>
    </p>
   </div>
   <div class='ocr_carea' id='block_1_55' title="bbox 1974 771 3627 843">
    <p class='ocr_par' dir='ltr' id='par_1_55' title="bbox 1974 771 3627 843">
     <span class='ocr_line' id='line_1_56' title="bbox 1974 771 3627 843; baseline 0.002 -19"><span class='ocrx_word' id='word_1_402' title='bbox 1974 787 2102 824; x_wconf 86' lang='lat' dir='ltr'><strong>esse</strong></span> <span class='ocrx_word' id='word_1_403' title='bbox 2126 771 2646 841; x_wconf 87' lang='lat' dir='ltr'><strong>deprehenderam,</strong></span> <span class='ocrx_word' id='word_1_404' title='bbox 2671 772 2939 843; x_wconf 86' lang='lat' dir='ltr'><strong>relegavi.</strong></span> <span class='ocrx_word' id='word_1_405' title='bbox 2965 773 3216 827; x_wconf 78' lang='lat' dir='ltr'><strong>Alexium</strong></span> <span class='ocrx_word' id='word_1_406' title='bbox 3242 790 3374 828; x_wconf 90' lang='lat' dir='ltr'><strong>cum</strong></span> <span class='ocrx_word' id='word_1_407' title='bbox 3400 789 3465 828; x_wconf 90' lang='lat' dir='ltr'><strong>ea</strong></span> <span class='ocrx_word' id='word_1_408' title='bbox 3490 791 3627 830; x_wconf 90' lang='lat' dir='ltr'><strong>sen-</strong></span> 
     </span>
    </p>
   </div>
   <div class='ocr_carea' id='block_1_56' title="bbox 1975 859 3627 933">
    <p class='ocr_par' dir='ltr' id='par_1_56' title="bbox 1975 859 3627 933">
     <span class='ocr_line' id='line_1_57' title="bbox 1975 859 3627 933; baseline 0.003 -20"><span class='ocrx_word' id='word_1_409' title='bbox 1975 859 2216 914; x_wconf 89' lang='lat' dir='ltr'><strong>tientem</strong></span> <span class='ocrx_word' id='word_1_410' title='bbox 2250 860 2494 915; x_wconf 79' lang='lat' dir='ltr'><strong>ecclesia</strong></span> <span class='ocrx_word' id='word_1_411' title='bbox 2526 862 2736 916; x_wconf 89' lang='lat' dir='ltr'><strong>amovi.</strong></span> <span class='ocrx_word' id='word_1_412' title='bbox 2759 861 2876 916; x_wconf 90' lang='lat' dir='ltr'><strong>Vos</strong></span> <span class='ocrx_word' id='word_1_413' title='bbox 2908 867 3128 927; x_wconf 89' lang='lat' dir='ltr'><strong>autem,</strong></span> <span class='ocrx_word' id='word_1_414' title='bbox 3163 862 3380 917; x_wconf 75' lang='lat' dir='ltr'><strong>subditi</strong></span> <span class='ocrx_word' id='word_1_415' title='bbox 3415 863 3550 933; x_wconf 89' lang='lat' dir='ltr'><strong>mei,</strong></span> <span class='ocrx_word' id='word_1_416' title='bbox 3574 863 3627 918; x_wconf 90' lang='lat' dir='ltr'><strong>si</strong></span> 
     </span>
    </p>
   </div>
   <div class='ocr_carea' id='block_1_57' title="bbox 1976 948 3628 1023">
    <p class='ocr_par' dir='ltr' id='par_1_57' title="bbox 1976 948 3628 1023">
     <span class='ocr_line' id='line_1_58' title="bbox 1976 948 3628 1023; baseline 0.003 -21"><span class='ocrx_word' id='word_1_417' title='bbox 1976 948 2381 1004; x_wconf 75' lang='lat' dir='ltr'><strong>benevolentia</strong></span> <span class='ocrx_word' id='word_1_418' title='bbox 2413 967 2549 1021; x_wconf 75' lang='lat' dir='ltr'><strong>erga</strong></span> <span class='ocrx_word' id='word_1_419' title='bbox 2582 967 2673 1006; x_wconf 90' lang='lat' dir='ltr'><strong>me</strong></span> <span class='ocrx_word' id='word_1_420' title='bbox 2723 951 3396 1023; x_wconf 81' lang='lat' dir='ltr'><strong>perstiteritis,-magnos</strong></span> <span class='ocrx_word' id='word_1_421' title='bbox 3444 951 3628 1007; x_wconf 90' lang='lat' dir='ltr'><strong>hono-</strong></span> 
     </span>
    </p>
   </div>
   <div class='ocr_carea' id='block_1_58' title="bbox 1975 1039 3625 1113">
    <p class='ocr_par' dir='ltr' id='par_1_58' title="bbox 1975 1039 3625 1113">
     <span class='ocr_line' id='line_1_59' title="bbox 1975 1039 3625 1113; baseline 0.003 -22"><span class='ocrx_word' id='word_1_422' title='bbox 1975 1053 2067 1092; x_wconf 88' lang='lat' dir='ltr'><strong>res</strong></span> <span class='ocrx_word' id='word_1_423' title='bbox 2098 1043 2273 1108; x_wconf 87' lang='lat' dir='ltr'><strong>atque</strong></span> <span class='ocrx_word' id='word_1_424' title='bbox 2307 1039 2585 1094; x_wconf 80' lang='lat' dir='ltr'><strong>beneﬁcia</strong></span> <span class='ocrx_word' id='word_1_425' title='bbox 2616 1039 3078 1110; x_wconf 89' lang='lat' dir='ltr'><strong>consequemini.</strong></span> <span class='ocrx_word' id='word_1_426' title='bbox 3108 1040 3407 1113; x_wconf 79' lang='lat' dir='ltr'><strong>vitamque</strong></span> <span class='ocrx_word' id='word_1_427' title='bbox 3438 1045 3625 1096; x_wconf 86' lang='lat' dir='ltr'><strong>tutam</strong></span> 
     </span>
    </p>
   </div>
   <div class='ocr_carea' id='block_1_59' title="bbox 1974 1125 3628 1200">
    <p class='ocr_par' dir='ltr' id='par_1_59' title="bbox 1974 1125 3628 1200">
     <span class='ocr_line' id='line_1_60' title="bbox 1974 1125 3628 1200; baseline 0.004 -22"><span class='ocrx_word' id='word_1_428' title='bbox 1974 1132 2030 1179; x_wconf 79' lang='lat' dir='ltr'><strong>et</strong></span> <span class='ocrx_word' id='word_1_429' title='bbox 2062 1125 2348 1195; x_wconf 84' lang='lat' dir='ltr'><strong>placidam</strong></span> <span class='ocrx_word' id='word_1_430' title='bbox 2393 1129 2637 1196; x_wconf 78' lang='lat' dir='ltr'><strong>degetis.</strong></span> <span class='ocrx_word' id='word_1_431' title='bbox 2667 1150 2692 1176; x_wconf 83' lang='grc'><strong>››</strong></span> <span class='ocrx_word' id='word_1_432' title='bbox 2716 1127 2859 1182; x_wconf 89' lang='lat' dir='ltr'><strong>Cum</strong></span> <span class='ocrx_word' id='word_1_433' title='bbox 2913 1130 3187 1183; x_wconf 89' lang='lat' dir='ltr'><strong>audiente</strong></span> <span class='ocrx_word' id='word_1_434' title='bbox 3236 1131 3450 1200; x_wconf 87' lang='lat' dir='ltr'><strong>populo</strong></span> <span class='ocrx_word' id='word_1_435' title='bbox 3483 1130 3628 1184; x_wconf 84' lang='lat' dir='ltr'><strong>reci-</strong></span> 
     </span>
    </p>
   </div>
   <div class='ocr_carea' id='block_1_60' title="bbox 1974 1215 3626 1288">
    <p class='ocr_par' dir='ltr' id='par_1_60' title="bbox 1974 1215 3626 1288">
     <span class='ocr_line' id='line_1_61' title="bbox 1974 1215 3626 1288; baseline 0.003 -20"><span class='ocrx_word' id='word_1_436' title='bbox 1974 1219 2159 1269; x_wconf 87' lang='lat' dir='ltr'><strong>tasset</strong></span> <span class='ocrx_word' id='word_1_437' title='bbox 2189 1215 2309 1270; x_wconf 76' lang='lat' dir='ltr'><strong>haec</strong></span> <span class='ocrx_word' id='word_1_438' title='bbox 2342 1217 2672 1287; x_wconf 64' lang='lat' dir='ltr'><strong>praefectus,</strong></span> <span class='ocrx_word' id='word_1_439' title='bbox 2696 1234 2802 1271; x_wconf 77' lang='lat' dir='ltr'><strong>vox</strong></span> <span class='ocrx_word' id='word_1_440' title='bbox 2845 1218 3109 1288; x_wconf 78' lang='lat' dir='ltr'><strong>quaedam</strong></span> <span class='ocrx_word' id='word_1_441' title='bbox 3152 1218 3376 1272; x_wconf 77' lang='lat' dir='ltr'><strong>exstitit</strong></span> <span class='ocrx_word' id='word_1_442' title='bbox 3406 1218 3626 1274; x_wconf 88' lang='lat' dir='ltr'><strong>incerto</strong></span> 
     </span>
    </p>
   </div>
   <div class='ocr_carea' id='block_1_61' title="bbox 1974 1304 3627 1382">
    <p class='ocr_par' dir='ltr' id='par_1_61' title="bbox 1974 1304 3627 1382">
     <span class='ocr_line' id='line_1_62' title="bbox 1974 1304 3627 1382; baseline 0.002 -24"><span class='ocrx_word' id='word_1_443' title='bbox 1974 1311 2208 1359; x_wconf 88' lang='lat' dir='ltr'><strong>auctore</strong></span> <span class='ocrx_word' id='word_1_444' title='bbox 2241 1322 2304 1358; x_wconf 76' lang='grc' dir='ltr'>εκ</span> <span class='ocrx_word' id='word_1_445' title='bbox 2339 1304 2625 1382; x_wconf 88' lang='lat' dir='ltr'><strong>Nolumus</strong></span> <span class='ocrx_word' id='word_1_446' title='bbox 2671 1311 3074 1376; x_wconf 88' lang='lat' dir='ltr'><strong>stauropatam</strong></span> <span class='ocrx_word' id='word_1_447' title='bbox 3109 1305 3477 1378; x_wconf 87' lang='lat' dir='ltr'><strong>calapbatam</strong></span> <span class='ocrx_word' id='word_1_448' title='bbox 3511 1306 3627 1361; x_wconf 89' lang='lat' dir='ltr'><strong>im-</strong></span> 
     </span>
    </p>
   </div>
   <div class='ocr_carea' id='block_1_62' title="bbox 1974 1394 3625 1466">
    <p class='ocr_par' dir='ltr' id='par_1_62' title="bbox 1974 1394 3625 1466">
     <span class='ocr_line' id='line_1_63' title="bbox 1974 1394 3625 1466; baseline 0.003 -19"><span class='ocrx_word' id='word_1_449' title='bbox 1974 1400 2299 1465; x_wconf 80' lang='lat' dir='ltr'><strong>peratorem</strong></span> <span class='ocrx_word' id='word_1_450' title='bbox 2335 1394 2566 1458; x_wconf 86' lang='lat' dir='ltr'><strong>habere,</strong></span> <span class='ocrx_word' id='word_1_451' title='bbox 2593 1395 2690 1448; x_wconf 87' lang='lat' dir='ltr'><strong>sed</strong></span> <span class='ocrx_word' id='word_1_452' title='bbox 2719 1411 2920 1465; x_wconf 88' lang='lat' dir='ltr'><strong>parere</strong></span> <span class='ocrx_word' id='word_1_453' title='bbox 2949 1396 3092 1457; x_wconf 76' lang='lat' dir='ltr'><strong>Zoaa,</strong></span> <span class='ocrx_word' id='word_1_454' title='bbox 3117 1395 3208 1449; x_wconf 93' lang='lat' dir='ltr'><strong>cui</strong></span> <span class='ocrx_word' id='word_1_455' title='bbox 3241 1412 3275 1450; x_wconf 91' lang='lat' dir='ltr'><strong>a</strong></span> <span class='ocrx_word' id='word_1_456' title='bbox 3306 1395 3625 1466; x_wconf 84' lang='lat' dir='ltr'><strong>majoribus</strong></span> 
     </span>
    </p>
   </div>
   <div class='ocr_carea' id='block_1_63' title="bbox 1973 1484 3620 1554">
    <p class='ocr_par' dir='ltr' id='par_1_63' title="bbox 1973 1484 3620 1554">
     <span class='ocr_line' id='line_1_64' title="bbox 1973 1484 3620 1554; baseline 0.001 -16"><span class='ocrx_word' id='word_1_457' title='bbox 1973 1484 2282 1554; x_wconf 90' lang='lat' dir='ltr'><strong>imperium</strong></span> <span class='ocrx_word' id='word_1_458' title='bbox 2343 1484 2590 1538; x_wconf 75' lang='lat' dir='ltr'><strong>debetur</strong></span> <span class='ocrx_word' id='word_1_459' title='bbox 2637 1485 2771 1554; x_wconf 87' lang='lat' dir='ltr'><strong>jure</strong></span> <span class='ocrx_word' id='word_1_460' title='bbox 2827 1484 3224 1551; x_wconf 67' lang='lat' dir='ltr'><strong>haereditario,</strong></span> <span class='ocrx_word' id='word_1_461' title='bbox 3285 1485 3457 1540; x_wconf 88' lang='lat' dir='ltr'><strong>matri</strong></span> <span class='ocrx_word' id='word_1_462' title='bbox 3516 1501 3620 1540; x_wconf 89' lang='lat' dir='ltr'><strong>no-</strong></span> 
     </span>
    </p>
   </div>
   <div class='ocr_carea' id='block_1_64' title="bbox 1974 1571 3623 1643">
    <p class='ocr_par' dir='ltr' id='par_1_64' title="bbox 1974 1571 3623 1643">
     <span class='ocr_line' id='line_1_65' title="bbox 1974 1571 3623 1643; baseline 0.002 -19"><span class='ocrx_word' id='word_1_463' title='bbox 1974 1577 2127 1626; x_wconf 67' lang='lat' dir='ltr'><strong>atrae.</strong></span> <span class='ocrx_word' id='word_1_464' title='bbox 2160 1594 2186 1620; x_wconf 83' lang='lat'><strong>»</strong></span> <span class='ocrx_word' id='word_1_465' title='bbox 2220 1572 2428 1627; x_wconf 80' lang='lat' dir='ltr'><strong>Statim</strong></span> <span class='ocrx_word' id='word_1_466' title='bbox 2482 1571 2650 1643; x_wconf 89' lang='lat' dir='ltr'><strong>quasi</strong></span> <span class='ocrx_word' id='word_1_467' title='bbox 2698 1589 2811 1627; x_wconf 89' lang='lat' dir='ltr'><strong>una</strong></span> <span class='ocrx_word' id='word_1_468' title='bbox 2842 1589 2976 1628; x_wconf 87' lang='lat' dir='ltr'><strong>voce</strong></span> <span class='ocrx_word' id='word_1_469' title='bbox 3008 1573 3080 1627; x_wconf 90' lang='lat' dir='ltr'><strong>ab</strong></span> <span class='ocrx_word' id='word_1_470' title='bbox 3113 1573 3389 1628; x_wconf 79' lang='lat' dir='ltr'><strong>omnibus</strong></span> <span class='ocrx_word' id='word_1_471' title='bbox 3438 1573 3623 1628; x_wconf 86' lang='lat' dir='ltr'><strong>accla-</strong></span> 
     </span>
    </p>
   </div>
   <div class='ocr_carea' id='block_1_65' title="bbox 1974 1660 3625 1732">
    <p class='ocr_par' dir='ltr' id='par_1_65' title="bbox 1974 1660 3625 1732">
     <span class='ocr_line' id='line_1_66' title="bbox 1974 1660 3625 1732; baseline 0.001 -18"><span class='ocrx_word' id='word_1_472' title='bbox 1974 1669 2194 1715; x_wconf 88' lang='lat' dir='ltr'><strong>matum</strong></span> <span class='ocrx_word' id='word_1_473' title='bbox 2229 1666 2318 1715; x_wconf 91' lang='lat' dir='ltr'><strong>est</strong></span> <span class='ocrx_word' id='word_1_474' title='bbox 2347 1678 2359 1714; x_wconf 89' lang='lat'><strong>:</strong></span> <span class='ocrx_word' id='word_1_475' title='bbox 2391 1685 2410 1707; x_wconf 76' lang='grc' dir='ltr'>«ι</span> <span class='ocrx_word' id='word_1_476' title='bbox 2450 1661 2812 1716; x_wconf 84' lang='lat' dir='ltr'><strong>EtTodiantur</strong></span> <span class='ocrx_word' id='word_1_477' title='bbox 2850 1678 2982 1716; x_wconf 88' lang='lat' dir='ltr'><strong>ossa</strong></span> <span class='ocrx_word' id='word_1_478' title='bbox 3013 1660 3350 1732; x_wconf 67' lang='lat' dir='ltr'><strong>calaphatm.</strong></span> <span class='ocrx_word' id='word_1_479' title='bbox 3377 1683 3406 1710; x_wconf 82' lang='lat'><strong>»</strong></span> <span class='ocrx_word' id='word_1_480' title='bbox 3438 1661 3498 1716; x_wconf 89' lang='lat' dir='ltr'><strong>Et</strong></span> <span class='ocrx_word' id='word_1_481' title='bbox 3532 1677 3625 1716; x_wconf 83' lang='lat' dir='ltr'><strong>ur-</strong></span> 
     </span>
    </p>
   </div>
   <div class='ocr_carea' id='block_1_66' title="bbox 1972 1749 3626 1820">
    <p class='ocr_par' dir='ltr' id='par_1_66' title="bbox 1972 1749 3626 1820">
     <span class='ocr_line' id='line_1_67' title="bbox 1972 1749 3626 1820; baseline 0.001 -17"><span class='ocrx_word' id='word_1_482' title='bbox 1972 1749 2152 1819; x_wconf 86' lang='lat' dir='ltr'><strong>reptis</strong></span> <span class='ocrx_word' id='word_1_483' title='bbox 2185 1755 2247 1804; x_wconf 90' lang='lat' dir='ltr'><strong>ut</strong></span> <span class='ocrx_word' id='word_1_484' title='bbox 2278 1750 2491 1820; x_wconf 84' lang='lat' dir='ltr'><strong>cuique</strong></span> <span class='ocrx_word' id='word_1_485' title='bbox 2523 1766 2649 1804; x_wconf 91' lang='lat' dir='ltr'><strong>sors</strong></span> <span class='ocrx_word' id='word_1_486' title='bbox 2671 1750 2948 1804; x_wconf 79' lang='lat' dir='ltr'><strong>offerebat</strong></span> <span class='ocrx_word' id='word_1_487' title='bbox 2977 1749 3294 1820; x_wconf 83' lang='lat' dir='ltr'><strong>lapidibus,</strong></span> <span class='ocrx_word' id='word_1_488' title='bbox 3326 1749 3626 1804; x_wconf 88' lang='lat' dir='ltr'><strong>subselliis</strong></span> 
     </span>
    </p>
   </div>
   <div class='ocr_carea' id='block_1_67' title="bbox 1968 1838 3627 1909">
    <p class='ocr_par' dir='ltr' id='par_1_67' title="bbox 1968 1838 3627 1909">
     <span class='ocr_line' id='line_1_68' title="bbox 1968 1838 3627 1909; baseline -0.001 -15"><span class='ocrx_word' id='word_1_489' title='bbox 1968 1843 2141 1909; x_wconf 86' lang='lat' dir='ltr'><strong>atque</strong></span> <span class='ocrx_word' id='word_1_490' title='bbox 2191 1838 2389 1909; x_wconf 83' lang='lat' dir='ltr'><strong>lignis,</strong></span> <span class='ocrx_word' id='word_1_491' title='bbox 2440 1840 2777 1908; x_wconf 65' lang='lat' dir='ltr'><strong>praat‘ectum</strong></span> <span class='ocrx_word' id='word_1_492' title='bbox 2834 1839 2998 1893; x_wconf 58' lang='lat' dir='ltr'><strong>urbis</strong></span> <span class='ocrx_word' id='word_1_493' title='bbox 3039 1842 3186 1906; x_wconf 87' lang='lat' dir='ltr'><strong>(erat</strong></span> <span class='ocrx_word' id='word_1_494' title='bbox 3232 1838 3326 1892; x_wconf 88' lang='lat' dir='ltr'><strong>hic</strong></span> <span class='ocrx_word' id='word_1_495' title='bbox 3375 1843 3627 1892; x_wconf 83' lang='lat' dir='ltr'><strong>Anasta-</strong></span> 
     </span>
    </p>
   </div>
   <div class='ocr_carea' id='block_1_68' title="bbox 1967 1926 3626 1999">
    <p class='ocr_par' dir='ltr' id='par_1_68' title="bbox 1967 1926 3626 1999">
     <span class='ocr_line' id='line_1_69' title="bbox 1967 1926 3626 1999; baseline -0.001 -19"><span class='ocrx_word' id='word_1_496' title='bbox 1967 1927 2091 1981; x_wconf 86' lang='lat' dir='ltr'><strong>sius</strong></span> <span class='ocrx_word' id='word_1_497' title='bbox 2124 1927 2425 1998; x_wconf 89' lang='lat' dir='ltr'><strong>patricius,</strong></span> <span class='ocrx_word' id='word_1_498' title='bbox 2453 1927 2752 1998; x_wconf 88' lang='lat' dir='ltr'><strong>quondam</strong></span> <span class='ocrx_word' id='word_1_499' title='bbox 2784 1932 2924 1982; x_wconf 91' lang='lat' dir='ltr'><strong>Zoes</strong></span> <span class='ocrx_word' id='word_1_500' title='bbox 2975 1928 3160 1999; x_wconf 85' lang='lat' dir='ltr'><strong>patris</strong></span> <span class='ocrx_word' id='word_1_501' title='bbox 3208 1926 3504 1999; x_wconf 82' lang='lat' dir='ltr'><strong>minister)</strong></span> <span class='ocrx_word' id='word_1_502' title='bbox 3536 1926 3626 1980; x_wconf 89' lang='lat' dir='ltr'><strong>in-</strong></span> 
     </span>
    </p>
   </div>
   <div class='ocr_carea' id='block_1_69' title="bbox 1966 2015 3623 2088">
    <p class='ocr_par' dir='ltr' id='par_1_69' title="bbox 1966 2015 3623 2088">
     <span class='ocr_line' id='line_1_70' title="bbox 1966 2015 3623 2088; baseline -0.001 -16"><span class='ocrx_word' id='word_1_503' title='bbox 1966 2017 2354 2082; x_wconf 85' lang='lat' dir='ltr'><strong>terfecissent,</strong></span> <span class='ocrx_word' id='word_1_504' title='bbox 2390 2016 2499 2070; x_wconf 89' lang='lat' dir='ltr'><strong>nisi</strong></span> <span class='ocrx_word' id='word_1_505' title='bbox 2550 2017 2598 2072; x_wconf 90' lang='lat' dir='ltr'><strong>is</strong></span> <span class='ocrx_word' id='word_1_506' title='bbox 2641 2015 2780 2086; x_wconf 85' lang='lat' dir='ltr'><strong>fuga</strong></span> <span class='ocrx_word' id='word_1_507' title='bbox 2827 2015 2938 2071; x_wconf 89' lang='lat' dir='ltr'><strong>sibi</strong></span> <span class='ocrx_word' id='word_1_508' title='bbox 2971 2015 3222 2072; x_wconf 86' lang='lat' dir='ltr'><strong>salutem</strong></span> <span class='ocrx_word' id='word_1_509' title='bbox 3277 2015 3623 2088; x_wconf 85' lang='lat' dir='ltr'><strong>paravisset.</strong></span> 
     </span>
    </p>
   </div>
   <div class='ocr_carea' id='block_1_70' title="bbox 1967 2103 3629 2176">
    <p class='ocr_par' dir='ltr' id='par_1_70' title="bbox 1967 2103 3629 2176">
     <span class='ocr_line' id='line_1_71' title="bbox 1967 2103 3629 2176; baseline 0 -18"><span class='ocrx_word' id='word_1_510' title='bbox 1967 2105 2328 2159; x_wconf 88' lang='lat' dir='ltr'><strong>Concursum</strong></span> <span class='ocrx_word' id='word_1_511' title='bbox 2383 2106 2566 2160; x_wconf 86' lang='lat' dir='ltr'><strong>fecere</strong></span> <span class='ocrx_word' id='word_1_512' title='bbox 2615 2105 2684 2159; x_wconf 88' lang='lat' dir='ltr'><strong>ad</strong></span> <span class='ocrx_word' id='word_1_513' title='bbox 2739 2105 3010 2176; x_wconf 83' lang='lat' dir='ltr'><strong>Magnum</strong></span> <span class='ocrx_word' id='word_1_514' title='bbox 3044 2103 3373 2175; x_wconf 87' lang='lat' dir='ltr'><strong>Templum,</strong></span> <span class='ocrx_word' id='word_1_515' title='bbox 3406 2120 3523 2174; x_wconf 91' lang='lat' dir='ltr'><strong>quo</strong></span> <span class='ocrx_word' id='word_1_516' title='bbox 3569 2107 3629 2158; x_wconf 82' lang='lat' dir='ltr'><strong>et</strong></span> 
     </span>
    </p>
   </div>
   <div class='ocr_carea' id='block_1_71' title="bbox 1968 2191 3627 2264">
    <p class='ocr_par' dir='ltr' id='par_1_71' title="bbox 1968 2191 3627 2264">
     <span class='ocr_line' id='line_1_72' title="bbox 1968 2191 3627 2264; baseline 0 -18"><span class='ocrx_word' id='word_1_517' title='bbox 1968 2192 2300 2264; x_wconf 83' lang='lat' dir='ltr'><strong>patriarcha</strong></span> <span class='ocrx_word' id='word_1_518' title='bbox 2332 2199 2629 2247; x_wconf 83' lang='lat' dir='ltr'><strong>mercatus</strong></span> <span class='ocrx_word' id='word_1_519' title='bbox 2673 2193 3011 2264; x_wconf 85' lang='lat' dir='ltr'><strong>aufugiendi</strong></span> <span class='ocrx_word' id='word_1_520' title='bbox 3059 2191 3359 2247; x_wconf 88' lang='lat' dir='ltr'><strong>licentiam</strong></span> <span class='ocrx_word' id='word_1_521' title='bbox 3393 2210 3455 2248; x_wconf 88' lang='lat' dir='ltr'><strong>se</strong></span> <span class='ocrx_word' id='word_1_522' title='bbox 3485 2208 3627 2247; x_wconf 92' lang='lat' dir='ltr'><strong>con-</strong></span> 
     </span>
    </p>
   </div>
   <div class='ocr_carea' id='block_1_72' title="bbox 1966 2280 3625 2352">
    <p class='ocr_par' dir='ltr' id='par_1_72' title="bbox 1966 2280 3625 2352">
     <span class='ocr_line' id='line_1_73' title="bbox 1966 2280 3625 2352; baseline -0.001 -16"><span class='ocrx_word' id='word_1_523' title='bbox 1966 2281 2183 2336; x_wconf 83' lang='lat' dir='ltr'><strong>tulerat</strong></span> <span class='ocrx_word' id='word_1_524' title='bbox 2225 2287 2282 2336; x_wconf 91' lang='lat' dir='ltr'><strong>et</strong></span> <span class='ocrx_word' id='word_1_525' title='bbox 2324 2282 2728 2336; x_wconf 86' lang='lat' dir='ltr'><strong>detestabatur</strong></span> <span class='ocrx_word' id='word_1_526' title='bbox 2784 2282 3220 2352; x_wconf 85' lang='lat' dir='ltr'><strong>imperatorem,</strong></span> <span class='ocrx_word' id='word_1_527' title='bbox 3275 2280 3625 2351; x_wconf 87' lang='lat' dir='ltr'><strong>restituique</strong></span> 
     </span>
    </p>
   </div>
   <div class='ocr_carea' id='block_1_73' title="bbox 1965 2369 3626 2442">
    <p class='ocr_par' dir='ltr' id='par_1_73' title="bbox 1965 2369 3626 2442">
     <span class='ocr_line' id='line_1_74' title="bbox 1965 2369 3626 2442; baseline -0.001 -16"><span class='ocrx_word' id='word_1_528' title='bbox 1965 2373 2289 2442; x_wconf 83' lang='lat' dir='ltr'><strong>Augustam</strong></span> <span class='ocrx_word' id='word_1_529' title='bbox 2345 2369 2636 2441; x_wconf 88' lang='lat' dir='ltr'><strong>cupiebat.</strong></span> <span class='ocrx_word' id='word_1_530' title='bbox 2697 2371 2910 2426; x_wconf 89' lang='lat' dir='ltr'><strong>Eodem</strong></span> <span class='ocrx_word' id='word_1_531' title='bbox 2979 2374 3360 2425; x_wconf 88' lang='lat' dir='ltr'><strong>accurrerunt</strong></span> <span class='ocrx_word' id='word_1_532' title='bbox 3417 2385 3626 2425; x_wconf 87' lang='lat' dir='ltr'><strong>omnes</strong></span> 
     </span>
    </p>
   </div>
   <div class='ocr_carea' id='block_1_74' title="bbox 1968 2457 3626 2529">
    <p class='ocr_par' dir='ltr' id='par_1_74' title="bbox 1968 2457 3626 2529">
     <span class='ocr_line' id='line_1_75' title="bbox 1968 2457 3626 2529; baseline -0.001 -16"><span class='ocrx_word' id='word_1_533' title='bbox 1968 2460 2089 2513; x_wconf 71' lang='lat' dir='ltr'><strong>Zoze</strong></span> <span class='ocrx_word' id='word_1_534' title='bbox 2150 2459 2369 2529; x_wconf 75' lang='lat' dir='ltr'><strong>paterni</strong></span> <span class='ocrx_word' id='word_1_535' title='bbox 2441 2459 2696 2512; x_wconf 90' lang='lat' dir='ltr'><strong>eunuchi</strong></span> <span class='ocrx_word' id='word_1_536' title='bbox 2756 2469 2809 2513; x_wconf 86' lang='lat' dir='ltr'><strong>et</strong></span> <span class='ocrx_word' id='word_1_537' title='bbox 2867 2459 3284 2514; x_wconf 76' lang='lat' dir='ltr'><strong>Constantinus</strong></span> <span class='ocrx_word' id='word_1_538' title='bbox 3342 2457 3626 2529; x_wconf 88' lang='lat' dir='ltr'><strong>patricius</strong></span> 
     </span>
    </p>
   </div>
   <div class='ocr_carea' id='block_1_75' title="bbox 1968 2544 3624 2616">
    <p class='ocr_par' dir='ltr' id='par_1_75' title="bbox 1968 2544 3624 2616">
     <span class='ocr_line' id='line_1_76' title="bbox 1968 2544 3624 2616; baseline 0.001 -18"><span class='ocrx_word' id='word_1_539' title='bbox 1968 2546 2286 2602; x_wconf 70' lang='lat' dir='ltr'><strong>Cabasilas.</strong></span> <span class='ocrx_word' id='word_1_540' title='bbox 2323 2544 2661 2616; x_wconf 84' lang='lat' dir='ltr'><strong>reliquaque</strong></span> <span class='ocrx_word' id='word_1_541' title='bbox 2705 2550 3043 2599; x_wconf 88' lang='lat' dir='ltr'><strong>senatorum</strong></span> <span class='ocrx_word' id='word_1_542' title='bbox 3091 2544 3444 2610; x_wconf 84' lang='lat' dir='ltr'><strong>multitudo;</strong></span> <span class='ocrx_word' id='word_1_543' title='bbox 3477 2561 3624 2600; x_wconf 82' lang='lat' dir='ltr'><strong>una—</strong></span> 
     </span>
    </p>
   </div>
   <div class='ocr_carea' id='block_1_76' title="bbox 1971 2633 3623 2705">
    <p class='ocr_par' dir='ltr' id='par_1_76' title="bbox 1971 2633 3623 2705">
     <span class='ocr_line' id='line_1_77' title="bbox 1971 2633 3623 2705; baseline 0.001 -18"><span class='ocrx_word' id='word_1_544' title='bbox 1971 2635 2246 2704; x_wconf 88' lang='lat' dir='ltr'><strong>nimoque</strong></span> <span class='ocrx_word' id='word_1_545' title='bbox 2278 2650 2567 2688; x_wconf 82' lang='lat' dir='ltr'><strong>consensu</strong></span> <span class='ocrx_word' id='word_1_546' title='bbox 2603 2633 2898 2688; x_wconf 83' lang='lat' dir='ltr'><strong>miserunt</strong></span> <span class='ocrx_word' id='word_1_547' title='bbox 2929 2634 3026 2705; x_wconf 88' lang='lat' dir='ltr'><strong>qui</strong></span> <span class='ocrx_word' id='word_1_548' title='bbox 3060 2633 3424 2688; x_wconf 88' lang='lat' dir='ltr'><strong>Theodoram</strong></span> <span class='ocrx_word' id='word_1_549' title='bbox 3457 2650 3490 2688; x_wconf 90' lang='lat' dir='ltr'><strong>a</strong></span> <span class='ocrx_word' id='word_1_550' title='bbox 3522 2633 3623 2688; x_wconf 82' lang='lat' dir='ltr'><strong>Ps—</strong></span> 
     </span>
    </p>
   </div>
   <div class='ocr_carea' id='block_1_77' title="bbox 1967 2722 3626 2793">
    <p class='ocr_par' dir='ltr' id='par_1_77' title="bbox 1967 2722 3626 2793">
     <span class='ocr_line' id='line_1_78' title="bbox 1967 2722 3626 2793; baseline 0.001 -17"><span class='ocrx_word' id='word_1_551' title='bbox 1967 2723 2079 2777; x_wconf 90' lang='lat' dir='ltr'><strong>trio</strong></span> <span class='ocrx_word' id='word_1_552' title='bbox 2110 2722 2165 2776; x_wconf 91' lang='lat' dir='ltr'><strong>in</strong></span> <span class='ocrx_word' id='word_1_553' title='bbox 2193 2723 2466 2793; x_wconf 82' lang='lat' dir='ltr'><strong>Magnum</strong></span> <span class='ocrx_word' id='word_1_554' title='bbox 2492 2723 2800 2792; x_wconf 88' lang='lat' dir='ltr'><strong>Templum</strong></span> <span class='ocrx_word' id='word_1_555' title='bbox 2825 2723 3200 2778; x_wconf 86' lang='lat' dir='ltr'><strong>adducerent.</strong></span> <span class='ocrx_word' id='word_1_556' title='bbox 3229 2723 3308 2778; x_wconf 92' lang='lat' dir='ltr'><strong>lbi</strong></span> <span class='ocrx_word' id='word_1_557' title='bbox 3334 2739 3460 2777; x_wconf 90' lang='lat' dir='ltr'><strong>eam</strong></span> <span class='ocrx_word' id='word_1_558' title='bbox 3486 2738 3626 2793; x_wconf 86' lang='lat' dir='ltr'><strong>pur-</strong></span> 
     </span>
    </p>
   </div>
   <div class='ocr_carea' id='block_1_78' title="bbox 1971 2811 3625 2883">
    <p class='ocr_par' dir='ltr' id='par_1_78' title="bbox 1971 2811 3625 2883">
     <span class='ocr_line' id='line_1_79' title="bbox 1971 2811 3625 2883; baseline 0.001 -18"><span class='ocrx_word' id='word_1_559' title='bbox 1971 2829 2109 2882; x_wconf 83' lang='lat' dir='ltr'><strong>pura</strong></span> <span class='ocrx_word' id='word_1_560' title='bbox 2145 2811 2448 2882; x_wconf 83' lang='lat' dir='ltr'><strong>Augustali</strong></span> <span class='ocrx_word' id='word_1_561' title='bbox 2487 2812 2750 2866; x_wconf 88' lang='lat' dir='ltr'><strong>indutam</strong></span> <span class='ocrx_word' id='word_1_562' title='bbox 2774 2814 3098 2883; x_wconf 78' lang='lat' dir='ltr'><strong>Augustam</strong></span> <span class='ocrx_word' id='word_1_563' title='bbox 3130 2811 3468 2867; x_wconf 87' lang='lat' dir='ltr'><strong>salutarunt</strong></span> <span class='ocrx_word' id='word_1_564' title='bbox 3489 2827 3625 2866; x_wconf 89' lang='lat' dir='ltr'><strong>cum</strong></span> 
     </span>
    </p>
   </div>
   <div class='ocr_carea' id='block_1_79' title="bbox 1966 2898 3624 2970">
    <p class='ocr_par' dir='ltr' id='par_1_79' title="bbox 1966 2898 3624 2970">
     <span class='ocr_line' id='line_1_80' title="bbox 1966 2898 3624 2970; baseline 0 -15"><span class='ocrx_word' id='word_1_565' title='bbox 1966 2903 2073 2955; x_wconf 90' lang='lat' dir='ltr'><strong>Zoe</strong></span> <span class='ocrx_word' id='word_1_566' title='bbox 2095 2918 2318 2966; x_wconf 88' lang='lat' dir='ltr'><strong>sorore;</strong></span> <span class='ocrx_word' id='word_1_567' title='bbox 2345 2901 2683 2970; x_wconf 88' lang='lat' dir='ltr'><strong>impetuque</strong></span> <span class='ocrx_word' id='word_1_568' title='bbox 2707 2901 2775 2953; x_wconf 85' lang='lat' dir='ltr'><strong>ad</strong></span> <span class='ocrx_word' id='word_1_569' title='bbox 2801 2899 3076 2970; x_wconf 85' lang='lat' dir='ltr'><strong>palatium</strong></span> <span class='ocrx_word' id='word_1_570' title='bbox 3097 2898 3624 2967; x_wconf 87' lang='lat' dir='ltr'><strong>dato,Michaelum</strong></span> 
     </span>
    </p>
   </div>
   <div class='ocr_carea' id='block_1_80' title="bbox 1968 2987 3625 3061">
    <p class='ocr_par' dir='ltr' id='par_1_80' title="bbox 1968 2987 3625 3061">
     <span class='ocr_line' id='line_1_81' title="bbox 1968 2987 3625 3061; baseline -0.001 -15"><span class='ocrx_word' id='word_1_571' title='bbox 1968 2990 2119 3047; x_wconf 74' lang='lat'><strong>538</strong></span> <span class='ocrx_word' id='word_1_572' title='bbox 2154 2989 2288 3044; x_wconf 88' lang='lat' dir='ltr'><strong>inde</strong></span> <span class='ocrx_word' id='word_1_573' title='bbox 2341 2987 2550 3060; x_wconf 87' lang='lat' dir='ltr'><strong>pellere</strong></span> <span class='ocrx_word' id='word_1_574' title='bbox 2598 2991 2857 3060; x_wconf 83' lang='lat' dir='ltr'><strong>aggressi</strong></span> <span class='ocrx_word' id='word_1_575' title='bbox 2910 2994 3068 3042; x_wconf 88' lang='lat' dir='ltr'><strong>sunt.</strong></span> <span class='ocrx_word' id='word_1_576' title='bbox 3103 2989 3204 3043; x_wconf 83' lang='lat' dir='ltr'><strong>Hic</strong></span> <span class='ocrx_word' id='word_1_577' title='bbox 3254 2989 3487 3044; x_wconf 86' lang='lat' dir='ltr'><strong>fremitu</strong></span> <span class='ocrx_word' id='word_1_578' title='bbox 3523 3005 3625 3061; x_wconf 84' lang='lat' dir='ltr'><strong>po-</strong></span> 
     </span>
    </p>
   </div>
   <div class='ocr_carea' id='block_1_81' title="bbox 1969 3075 3622 3149">
    <p class='ocr_par' dir='ltr' id='par_1_81' title="bbox 1969 3075 3622 3149">
     <span class='ocr_line' id='line_1_82' title="bbox 1969 3075 3622 3149; baseline -0.001 -17"><span class='ocrx_word' id='word_1_579' title='bbox 1969 3078 2087 3149; x_wconf 86' lang='lat' dir='ltr'><strong>puli</strong></span> <span class='ocrx_word' id='word_1_580' title='bbox 2119 3084 2175 3133; x_wconf 86' lang='lat' dir='ltr'><strong>et</strong></span> <span class='ocrx_word' id='word_1_581' title='bbox 2209 3082 2364 3132; x_wconf 86' lang='lat' dir='ltr'><strong>motu</strong></span> <span class='ocrx_word' id='word_1_582' title='bbox 2419 3080 2786 3148; x_wconf 89' lang='lat' dir='ltr'><strong>perterritus,</strong></span> <span class='ocrx_word' id='word_1_583' title='bbox 2821 3077 2975 3132; x_wconf 89' lang='lat' dir='ltr'><strong>illico</strong></span> <span class='ocrx_word' id='word_1_584' title='bbox 3019 3077 3185 3131; x_wconf 89' lang='lat' dir='ltr'><strong>misit</strong></span> <span class='ocrx_word' id='word_1_585' title='bbox 3237 3076 3337 3148; x_wconf 90' lang='lat' dir='ltr'><strong>qui</strong></span> <span class='ocrx_word' id='word_1_586' title='bbox 3383 3077 3532 3132; x_wconf 87' lang='lat' dir='ltr'><strong>Zoen</strong></span> <span class='ocrx_word' id='word_1_587' title='bbox 3562 3075 3622 3131; x_wconf 88' lang='lat' dir='ltr'><strong>in</strong></span> 
     </span>
    </p>
   </div>
   <div class='ocr_carea' id='block_1_82' title="bbox 1972 3165 3624 3235">
    <p class='ocr_par' dir='ltr' id='par_1_82' title="bbox 1972 3165 3624 3235">
     <span class='ocr_line' id='line_1_83' title="bbox 1972 3165 3624 3235; baseline -0.001 -15"><span class='ocrx_word' id='word_1_588' title='bbox 1972 3167 2248 3234; x_wconf 79' lang='lat' dir='ltr'><strong>palatium</strong></span> <span class='ocrx_word' id='word_1_589' title='bbox 2283 3168 2660 3234; x_wconf 85' lang='lat' dir='ltr'><strong>adducerent,</strong></span> <span class='ocrx_word' id='word_1_590' title='bbox 2685 3167 2857 3235; x_wconf 89' lang='lat' dir='ltr'><strong>eique</strong></span> <span class='ocrx_word' id='word_1_591' title='bbox 2891 3165 3190 3220; x_wconf 68' lang='lat' dir='ltr'><strong>monachae</strong></span> <span class='ocrx_word' id='word_1_592' title='bbox 3224 3165 3427 3220; x_wconf 86' lang='lat' dir='ltr'><strong>habitu</strong></span> <span class='ocrx_word' id='word_1_593' title='bbox 3459 3165 3624 3220; x_wconf 88' lang='lat' dir='ltr'><strong>dem-</strong></span> 
     </span>
    </p>
   </div>
   <div class='ocr_carea' id='block_1_83' title="bbox 1970 3254 3626 3327">
    <p class='ocr_par' dir='ltr' id='par_1_83' title="bbox 1970 3254 3626 3327">
     <span class='ocr_line' id='line_1_84' title="bbox 1970 3254 3626 3327; baseline -0.001 -18"><span class='ocrx_word' id='word_1_594' title='bbox 1970 3265 2067 3327; x_wconf 88' lang='lat' dir='ltr'><strong>ptn</strong></span> <span class='ocrx_word' id='word_1_595' title='bbox 2126 3256 2535 3325; x_wconf 88' lang='lat' dir='ltr'><strong>imperatorias</strong></span> <span class='ocrx_word' id='word_1_596' title='bbox 2585 3265 2772 3308; x_wconf 87' lang='lat' dir='ltr'><strong>vestes</strong></span> <span class='ocrx_word' id='word_1_597' title='bbox 2822 3255 3033 3308; x_wconf 85' lang='lat' dir='ltr'><strong>induit.</strong></span> <span class='ocrx_word' id='word_1_598' title='bbox 3066 3254 3214 3308; x_wconf 89' lang='lat' dir='ltr'><strong>Tum</strong></span> <span class='ocrx_word' id='word_1_599' title='bbox 3267 3271 3301 3309; x_wconf 90' lang='lat' dir='ltr'><strong>a</strong></span> <span class='ocrx_word' id='word_1_600' title='bbox 3349 3254 3626 3308; x_wconf 85' lang='lat' dir='ltr'><strong>cathedra</strong></span> 
     </span>
    </p>
   </div>
   <div class='ocr_carea' id='block_1_84' title="bbox 1969 3343 3626 3417">
    <p class='ocr_par' dir='ltr' id='par_1_84' title="bbox 1969 3343 3626 3417">
     <span class='ocr_line' id='line_1_85' title="bbox 1969 3343 3626 3417; baseline -0.002 -17"><span class='ocrx_word' id='word_1_601' title='bbox 1969 3363 2093 3417; x_wconf 75' lang='lat' dir='ltr'><strong>quae</strong></span> <span class='ocrx_word' id='word_1_602' title='bbox 2125 3346 2181 3400; x_wconf 88' lang='lat' dir='ltr'><strong>in</strong></span> <span class='ocrx_word' id='word_1_603' title='bbox 2217 3346 2370 3399; x_wconf 90' lang='lat' dir='ltr'><strong>circo</strong></span> <span class='ocrx_word' id='word_1_604' title='bbox 2401 3349 2490 3399; x_wconf 88' lang='lat' dir='ltr'><strong>est</strong></span> <span class='ocrx_word' id='word_1_605' title='bbox 2522 3343 2906 3416; x_wconf 86' lang='lat' dir='ltr'><strong>prospiciens,</strong></span> <span class='ocrx_word' id='word_1_606' title='bbox 2941 3347 3304 3414; x_wconf 84' lang='lat' dir='ltr'><strong>conatusque</strong></span> <span class='ocrx_word' id='word_1_607' title='bbox 3333 3343 3406 3397; x_wconf 91' lang='lat' dir='ltr'><strong>ad</strong></span> <span class='ocrx_word' id='word_1_608' title='bbox 3443 3358 3626 3414; x_wconf 89' lang='lat' dir='ltr'><strong>popu-</strong></span> 
     </span>
    </p>
   </div>
   <div class='ocr_carea' id='block_1_85' title="bbox 1970 3432 3621 3504">
    <p class='ocr_par' dir='ltr' id='par_1_85' title="bbox 1970 3432 3621 3504">
     <span class='ocr_line' id='line_1_86' title="bbox 1970 3432 3621 3504; baseline -0.002 -15"><span class='ocrx_word' id='word_1_609' title='bbox 1970 3433 2090 3489; x_wconf 90' lang='lat' dir='ltr'><strong>lum</strong></span> <span class='ocrx_word' id='word_1_610' title='bbox 2126 3433 2282 3504; x_wconf 90' lang='lat' dir='ltr'><strong>loqui</strong></span> <span class='ocrx_word' id='word_1_611' title='bbox 2314 3438 2371 3488; x_wconf 88' lang='lat' dir='ltr'><strong>et</strong></span> <span class='ocrx_word' id='word_1_612' title='bbox 2402 3432 2737 3504; x_wconf 81' lang='lat' dir='ltr'><strong>signiﬁcare</strong></span> <span class='ocrx_word' id='word_1_613' title='bbox 2767 3433 2915 3486; x_wconf 89' lang='lat' dir='ltr'><strong>Zoen</strong></span> <span class='ocrx_word' id='word_1_614' title='bbox 2957 3433 3083 3502; x_wconf 83' lang='lat' dir='ltr'><strong>jam</strong></span> <span class='ocrx_word' id='word_1_615' title='bbox 3130 3448 3259 3488; x_wconf 87' lang='lat' dir='ltr'><strong>esse</strong></span> <span class='ocrx_word' id='word_1_616' title='bbox 3291 3432 3621 3487; x_wconf 82' lang='lat' dir='ltr'><strong>restitutam</strong></span> 
     </span>
    </p>
   </div>
   <div class='ocr_carea' id='block_1_86' title="bbox 1969 3518 3621 3592">
    <p class='ocr_par' dir='ltr' id='par_1_86' title="bbox 1969 3518 3621 3592">
     <span class='ocr_line' id='line_1_87' title="bbox 1969 3518 3621 3592; baseline -0.003 -14"><span class='ocrx_word' id='word_1_617' title='bbox 1969 3529 2026 3578; x_wconf 87' lang='lat' dir='ltr'><strong>et</strong></span> <span class='ocrx_word' id='word_1_618' title='bbox 2074 3541 2136 3578; x_wconf 92' lang='lat' dir='ltr'><strong>se</strong></span> <span class='ocrx_word' id='word_1_619' title='bbox 2183 3523 2444 3592; x_wconf 89' lang='lat' dir='ltr'><strong>ipsorum</strong></span> <span class='ocrx_word' id='word_1_620' title='bbox 2500 3521 2809 3592; x_wconf 85' lang='lat' dir='ltr'><strong>postulatis</strong></span> <span class='ocrx_word' id='word_1_621' title='bbox 2861 3536 3270 3586; x_wconf 86' lang='lat' dir='ltr'><strong>assensurum,</strong></span> <span class='ocrx_word' id='word_1_622' title='bbox 3304 3536 3419 3575; x_wconf 90' lang='lat' dir='ltr'><strong>non</strong></span> <span class='ocrx_word' id='word_1_623' title='bbox 3470 3518 3621 3574; x_wconf 91' lang='lat' dir='ltr'><strong>obti-</strong></span> 
     </span>
    </p>
   </div>
   <div class='ocr_carea' id='block_1_87' title="bbox 1970 3608 3622 3681">
    <p class='ocr_par' dir='ltr' id='par_1_87' title="bbox 1970 3608 3622 3681">
     <span class='ocr_line' id='line_1_88' title="bbox 1970 3608 3622 3681; baseline -0.002 -16"><span class='ocrx_word' id='word_1_624' title='bbox 1970 3612 2118 3672; x_wconf 85' lang='lat' dir='ltr'><strong>nuit.</strong></span> <span class='ocrx_word' id='word_1_625' title='bbox 2152 3612 2427 3665; x_wconf 87' lang='lat' dir='ltr'><strong>omnibus</strong></span> <span class='ocrx_word' id='word_1_626' title='bbox 2462 3611 2518 3663; x_wconf 85' lang='lat' dir='ltr'><strong>in</strong></span> <span class='ocrx_word' id='word_1_627' title='bbox 2554 3611 2748 3679; x_wconf 89' lang='lat' dir='ltr'><strong>ipsum</strong></span> <span class='ocrx_word' id='word_1_628' title='bbox 2784 3610 3038 3664; x_wconf 90' lang='lat' dir='ltr'><strong>convicia</strong></span> <span class='ocrx_word' id='word_1_629' title='bbox 3071 3608 3413 3681; x_wconf 88' lang='lat' dir='ltr'><strong>lapidesque</strong></span> <span class='ocrx_word' id='word_1_630' title='bbox 3443 3608 3622 3664; x_wconf 86' lang='lat' dir='ltr'><strong>etiam</strong></span> 
     </span>
    </p>
   </div>
   <div class='ocr_carea' id='block_1_88' title="bbox 1970 3697 3622 3770">
    <p class='ocr_par' dir='ltr' id='par_1_88' title="bbox 1970 3697 3622 3770">
     <span class='ocr_line' id='line_1_89' title="bbox 1970 3697 3622 3770; baseline -0.002 -15"><span class='ocrx_word' id='word_1_631' title='bbox 1970 3703 2041 3755; x_wconf 88' lang='lat' dir='ltr'><strong>de</strong></span> <span class='ocrx_word' id='word_1_632' title='bbox 2069 3700 2325 3754; x_wconf 71' lang='lat' dir='ltr'><strong>infcriori</strong></span> <span class='ocrx_word' id='word_1_633' title='bbox 2374 3699 2497 3754; x_wconf 92' lang='lat' dir='ltr'><strong>loco</strong></span> <span class='ocrx_word' id='word_1_634' title='bbox 2530 3705 2582 3753; x_wconf 86' lang='lat' dir='ltr'><strong>et</strong></span> <span class='ocrx_word' id='word_1_635' title='bbox 2617 3699 2862 3770; x_wconf 85' lang='lat' dir='ltr'><strong>sagittas</strong></span> <span class='ocrx_word' id='word_1_636' title='bbox 2893 3698 3364 3768; x_wconf 84' lang='lat' dir='ltr'><strong>conjicientibus.</strong></span> <span class='ocrx_word' id='word_1_637' title='bbox 3401 3697 3622 3768; x_wconf 89' lang='lat' dir='ltr'><strong>Itaque,</strong></span> 
     </span>
    </p>
   </div>
   <div class='ocr_carea' id='block_1_89' title="bbox 1971 3784 3623 3860">
    <p class='ocr_par' dir='ltr' id='par_1_89' title="bbox 1971 3784 3623 3860">
     <span class='ocr_line' id='line_1_90' title="bbox 1971 3784 3623 3860; baseline -0.002 -16"><span class='ocrx_word' id='word_1_638' title='bbox 1971 3806 2031 3844; x_wconf 89' lang='lat' dir='ltr'><strong>re</strong></span> <span class='ocrx_word' id='word_1_639' title='bbox 2071 3790 2398 3860; x_wconf 86' lang='lat' dir='ltr'><strong>desperata,</strong></span> <span class='ocrx_word' id='word_1_640' title='bbox 2432 3787 2639 3842; x_wconf 88' lang='lat' dir='ltr'><strong>statuit</strong></span> <span class='ocrx_word' id='word_1_641' title='bbox 2687 3787 2743 3840; x_wconf 92' lang='lat' dir='ltr'><strong>in</strong></span> <span class='ocrx_word' id='word_1_642' title='bbox 2796 3787 3147 3841; x_wconf 82' lang='lat' dir='ltr'><strong>Studianum</strong></span> <span class='ocrx_word' id='word_1_643' title='bbox 3199 3784 3623 3842; x_wconf 86' lang='lat' dir='ltr'><strong>monasterium</strong></span> 
     </span>
    </p>
   </div>
   <div class='ocr_carea' id='block_1_90' title="bbox 1971 3874 3625 3933">
    <p class='ocr_par' dir='ltr' id='par_1_90' title="bbox 1971 3874 3625 3933">
     <span class='ocr_line' id='line_1_91' title="bbox 1971 3874 3625 3933; baseline -0.002 -1"><span class='ocrx_word' id='word_1_644' title='bbox 1971 3878 2130 3933; x_wconf 88' lang='lat' dir='ltr'><strong>abire</strong></span> <span class='ocrx_word' id='word_1_645' title='bbox 2177 3881 2233 3931; x_wconf 88' lang='lat' dir='ltr'><strong>et</strong></span> <span class='ocrx_word' id='word_1_646' title='bbox 2279 3877 2361 3930; x_wconf 88' lang='lat' dir='ltr'><strong>ibi</strong></span> <span class='ocrx_word' id='word_1_647' title='bbox 2416 3875 2740 3930; x_wconf 85' lang='lat' dir='ltr'><strong>monachus</strong></span> <span class='ocrx_word' id='word_1_648' title='bbox 2794 3875 2936 3930; x_wconf 83' lang='lat' dir='ltr'><strong>fieri.</strong></span> <span class='ocrx_word' id='word_1_649' title='bbox 2970 3875 3081 3930; x_wconf 89' lang='lat' dir='ltr'><strong>Sed</strong></span> <span class='ocrx_word' id='word_1_650' title='bbox 3132 3874 3470 3930; x_wconf 87' lang='lat' dir='ltr'><strong>scholarum</strong></span> <span class='ocrx_word' id='word_1_651' title='bbox 3521 3874 3625 3929; x_wconf 91' lang='lat' dir='ltr'><strong>do-</strong></span> 
     </span>
    </p>
   </div>
   <div class='ocr_carea' id='block_1_91' title="bbox 1972 3961 3626 4034">
    <p class='ocr_par' dir='ltr' id='par_1_91' title="bbox 1972 3961 3626 4034">
     <span class='ocr_line' id='line_1_92' title="bbox 1972 3961 3626 4034; baseline -0.002 -14"><span class='ocrx_word' id='word_1_652' title='bbox 1972 3967 2254 4021; x_wconf 81' lang='lat' dir='ltr'><strong>mesticus</strong></span> <span class='ocrx_word' id='word_1_653' title='bbox 2292 3965 2347 4018; x_wconf 90' lang='lat' dir='ltr'><strong>id</strong></span> <span class='ocrx_word' id='word_1_654' title='bbox 2402 3981 2515 4018; x_wconf 89' lang='lat' dir='ltr'><strong>non</strong></span> <span class='ocrx_word' id='word_1_655' title='bbox 2570 3964 2855 4034; x_wconf 82' lang='lat' dir='ltr'><strong>permisit,</strong></span> <span class='ocrx_word' id='word_1_656' title='bbox 2889 3980 3002 4017; x_wconf 89' lang='lat' dir='ltr'><strong>non</strong></span> <span class='ocrx_word' id='word_1_657' title='bbox 3062 3965 3144 4018; x_wconf 89' lang='lat' dir='ltr'><strong>ita</strong></span> <span class='ocrx_word' id='word_1_658' title='bbox 3201 3961 3369 4018; x_wconf 81' lang='lat' dir='ltr'><strong>facile</strong></span> <span class='ocrx_word' id='word_1_659' title='bbox 3421 3961 3626 4017; x_wconf 88' lang='lat' dir='ltr'><strong>dicens</strong></span> 
     </span>
    </p>
   </div>
   <div class='ocr_carea' id='block_1_92' title="bbox 1971 4051 3631 4123">
    <p class='ocr_par' dir='ltr' id='par_1_92' title="bbox 1971 4051 3631 4123">
     <span class='ocr_line' id='line_1_93' title="bbox 1971 4051 3631 4123; baseline -0.003 -14"><span class='ocrx_word' id='word_1_660' title='bbox 1971 4071 2099 4109; x_wconf 88' lang='lat' dir='ltr'><strong>esse</strong></span> <span class='ocrx_word' id='word_1_661' title='bbox 2131 4053 2375 4123; x_wconf 88' lang='lat' dir='ltr'><strong>imperio</strong></span> <span class='ocrx_word' id='word_1_662' title='bbox 2407 4053 2829 4114; x_wconf 74' lang='lat' dir='ltr'><strong>decedendum,</strong></span> <span class='ocrx_word' id='word_1_663' title='bbox 2863 4052 2961 4106; x_wconf 90' lang='lat' dir='ltr'><strong>sed</strong></span> <span class='ocrx_word' id='word_1_664' title='bbox 2999 4057 3102 4106; x_wconf 89' lang='lat' dir='ltr'><strong>aut</strong></span> <span class='ocrx_word' id='word_1_665' title='bbox 3134 4051 3360 4106; x_wconf 85' lang='lat' dir='ltr'><strong>fortiter</strong></span> <span class='ocrx_word' id='word_1_666' title='bbox 3386 4051 3631 4106; x_wconf 87' lang='lat' dir='ltr'><strong>vincen-</strong></span> 
     </span>
    </p>
   </div>
   <div class='ocr_carea' id='block_1_93' title="bbox 1972 4138 3634 4212">
    <p class='ocr_par' dir='ltr' id='par_1_93' title="bbox 1972 4138 3634 4212">
     <span class='ocr_line' id='line_1_94' title="bbox 1972 4138 3634 4212; baseline -0.002 -16"><span class='ocrx_word' id='word_1_667' title='bbox 1972 4145 2112 4198; x_wconf 90' lang='lat' dir='ltr'><strong>dum</strong></span> <span class='ocrx_word' id='word_1_668' title='bbox 2160 4141 2219 4196; x_wconf 90' lang='lat' dir='ltr'><strong>in</strong></span> <span class='ocrx_word' id='word_1_669' title='bbox 2267 4157 2332 4196; x_wconf 92' lang='lat' dir='ltr'><strong>eo</strong></span> <span class='ocrx_word' id='word_1_670' title='bbox 2388 4140 2776 4206; x_wconf 83' lang='lat' dir='ltr'><strong>defendendo,</strong></span> <span class='ocrx_word' id='word_1_671' title='bbox 2813 4144 2915 4194; x_wconf 91' lang='lat' dir='ltr'><strong>aut</strong></span> <span class='ocrx_word' id='word_1_672' title='bbox 2947 4156 3162 4212; x_wconf 88' lang='lat' dir='ltr'><strong>magno</strong></span> <span class='ocrx_word' id='word_1_673' title='bbox 3210 4138 3408 4195; x_wconf 90' lang='lat' dir='ltr'><strong>animo</strong></span> <span class='ocrx_word' id='word_1_674' title='bbox 3459 4144 3517 4194; x_wconf 91' lang='lat' dir='ltr'><strong>et</strong></span> <span class='ocrx_word' id='word_1_675' title='bbox 3567 4155 3634 4210; x_wconf 61' lang='lat' dir='ltr'><strong>ut</strong></span> 
     </span>
    </p>
   </div>
   <div class='ocr_carea' id='block_1_94' title="bbox 1975 4229 3632 4300">
    <p class='ocr_par' dir='ltr' id='par_1_94' title="bbox 1975 4229 3632 4300">
     <span class='ocr_line' id='line_1_95' title="bbox 1975 4229 3632 4300; baseline -0.002 -15"><span class='ocrx_word' id='word_1_676' title='bbox 1975 4232 2326 4300; x_wconf 89' lang='lat' dir='ltr'><strong>imperatore</strong></span> <span class='ocrx_word' id='word_1_677' title='bbox 2356 4229 2603 4297; x_wconf 80' lang='lat' dir='ltr'><strong>dignum</strong></span> <span class='ocrx_word' id='word_1_678' title='bbox 2653 4235 2744 4284; x_wconf 91' lang='lat' dir='ltr'><strong>est</strong></span> <span class='ocrx_word' id='word_1_679' title='bbox 2792 4229 3280 4284; x_wconf 89' lang='lat' dir='ltr'><strong>occumbendum.</strong></span> <span class='ocrx_word' id='word_1_680' title='bbox 3315 4229 3449 4295; x_wconf 67' lang='lat' dir='ltr'><strong>Quae</strong></span> <span class='ocrx_word' id='word_1_681' title='bbox 3499 4244 3632 4282; x_wconf 84' lang='lat' dir='ltr'><strong>sen-</strong></span> 
     </span>
    </p>
   </div>
   <div class='ocr_carea' id='block_1_95' title="bbox 1974 4314 3631 4388">
    <p class='ocr_par' dir='ltr' id='par_1_95' title="bbox 1974 4314 3631 4388">
     <span class='ocr_line' id='line_1_96' title="bbox 1974 4314 3631 4388; baseline -0.001 -14"><span class='ocrx_word' id='word_1_682' title='bbox 1974 4321 2160 4374; x_wconf 78' lang='lat' dir='ltr'><strong>tentia</strong></span> <span class='ocrx_word' id='word_1_683' title='bbox 2211 4335 2343 4374; x_wconf 90' lang='lat' dir='ltr'><strong>cum</strong></span> <span class='ocrx_word' id='word_1_684' title='bbox 2404 4323 2604 4384; x_wconf 89' lang='lat' dir='ltr'><strong>staret,</strong></span> <span class='ocrx_word' id='word_1_685' title='bbox 2657 4333 2864 4373; x_wconf 90' lang='lat' dir='ltr'><strong>omnes</strong></span> <span class='ocrx_word' id='word_1_686' title='bbox 2917 4318 3014 4385; x_wconf 87' lang='lat' dir='ltr'><strong>qui</strong></span> <span class='ocrx_word' id='word_1_687' title='bbox 3065 4321 3235 4372; x_wconf 91' lang='lat' dir='ltr'><strong>erant</strong></span> <span class='ocrx_word' id='word_1_688' title='bbox 3280 4317 3340 4371; x_wconf 88' lang='lat' dir='ltr'><strong>in</strong></span> <span class='ocrx_word' id='word_1_689' title='bbox 3392 4314 3631 4388; x_wconf 90' lang='lat' dir='ltr'><strong>palatio,</strong></span> 
     </span>
    </p>
   </div>
   <div class='ocr_carea' id='block_1_96' title="bbox 1974 4404 3639 4480">
    <p class='ocr_par' dir='ltr' id='par_1_96' title="bbox 1974 4404 3639 4480">
     <span class='ocr_line' id='line_1_97' title="bbox 1974 4404 3639 4480; baseline -0.002 -19"><span class='ocrx_word' id='word_1_690' title='bbox 1974 4409 2097 4480; x_wconf 89' lang='lat' dir='ltr'><strong>ipse</strong></span> <span class='ocrx_word' id='word_1_691' title='bbox 2156 4413 2442 4478; x_wconf 90' lang='lat' dir='ltr'><strong>quantum</strong></span> <span class='ocrx_word' id='word_1_692' title='bbox 2500 4407 2628 4475; x_wconf 84' lang='lat' dir='ltr'><strong>ejus</strong></span> <span class='ocrx_word' id='word_1_693' title='bbox 2687 4414 2915 4477; x_wconf 89' lang='lat' dir='ltr'><strong>tempus</strong></span> <span class='ocrx_word' id='word_1_694' title='bbox 2966 4406 3207 4470; x_wconf 85' lang='lat' dir='ltr'><strong>ferebat,</strong></span> <span class='ocrx_word' id='word_1_695' title='bbox 3264 4404 3534 4468; x_wconf 88' lang='lat' dir='ltr'><strong>armavit,</strong></span> <span class='ocrx_word' id='word_1_696' title='bbox 3579 4421 3639 4479; x_wconf 63' lang='grc' dir='ltr'><strong>(ιι</strong></span> 
     </span>
    </p>
   </div>
   <div class='ocr_carea' id='block_1_97' title="bbox 1975 4495 3635 4552">
    <p class='ocr_par' dir='ltr' id='par_1_97' title="bbox 1975 4495 3635 4552">
     <span class='ocr_line' id='line_1_98' title="bbox 1975 4495 3635 4552; baseline -0.001 0"><span class='ocrx_word' id='word_1_697' title='bbox 1975 4496 2385 4552; x_wconf 88' lang='lat' dir='ltr'><strong>nobilissimus</strong></span> <span class='ocrx_word' id='word_1_698' title='bbox 2417 4512 2622 4551; x_wconf 89' lang='lat' dir='ltr'><strong>omnes</strong></span> <span class='ocrx_word' id='word_1_699' title='bbox 2671 4512 2809 4551; x_wconf 92' lang='lat' dir='ltr'><strong>suos</strong></span> <span class='ocrx_word' id='word_1_700' title='bbox 2857 4500 3117 4551; x_wconf 87' lang='lat' dir='ltr'><strong>armatos</strong></span> <span class='ocrx_word' id='word_1_701' title='bbox 3145 4495 3319 4551; x_wconf 91' lang='lat' dir='ltr'><strong>domo</strong></span> <span class='ocrx_word' id='word_1_702' title='bbox 3350 4495 3635 4552; x_wconf 86' lang='lat' dir='ltr'><strong>avocavit.</strong></span> 
     </span>
    </p>
   </div>
   <div class='ocr_carea' id='block_1_98' title="bbox 1400 4631 2440 4688">
    <p class='ocr_par' dir='ltr' id='par_1_98' title="bbox 1400 4631 2440 4688">
     <span class='ocr_line' id='line_1_99' title="bbox 1400 4631 2440 4688; baseline -0.001 -1"><span class='ocrx_word' id='word_1_703' title='bbox 1400 4631 1768 4687; x_wconf 81' lang='lat' dir='ltr'><strong>XYLANDRI</strong></span> <span class='ocrx_word' id='word_1_704' title='bbox 1815 4632 1908 4688; x_wconf 82' lang='lat' dir='ltr'><strong>ET</strong></span> <span class='ocrx_word' id='word_1_705' title='bbox 1947 4631 2166 4688; x_wconf 82' lang='lat' dir='ltr'><strong>GOARI</strong></span> <span class='ocrx_word' id='word_1_706' title='bbox 2206 4631 2440 4687; x_wconf 66' lang='lat' dir='ltr'><strong>NOTAE.</strong></span> 
     </span>
    </p>
   </div>
   <div class='ocr_carea' id='block_1_99' title="bbox 273 4745 1879 4817">
    <p class='ocr_par' dir='ltr' id='par_1_99' title="bbox 273 4745 1879 4817">
     <span class='ocr_line' id='line_1_100' title="bbox 273 4745 1879 4817; baseline -0.002 -15"><span class='ocrx_word' id='word_1_707' title='bbox 273 4751 397 4817; x_wconf 73' lang='lat'><strong>(15&#39;)</strong></span> <span class='ocrx_word' id='word_1_708' title='bbox 432 4749 774 4802; x_wconf 68' lang='lat' dir='ltr'><strong>Relationem</strong></span> <span class='ocrx_word' id='word_1_709' title='bbox 824 4747 1016 4800; x_wconf 88' lang='lat' dir='ltr'><strong>reddit</strong></span> <span class='ocrx_word' id='word_1_710' title='bbox 1065 4745 1381 4816; x_wconf 84' lang='lat' dir='ltr'><strong>interpres,</strong></span> <span class='ocrx_word' id='word_1_711' title='bbox 1413 4747 1552 4817; x_wconf 91' lang='lat' dir='ltr'><strong>quia</strong></span> <span class='ocrx_word' id='word_1_712' title='bbox 1602 4746 1879 4812; x_wconf 81' lang='lat' dir='ltr'><strong>dirigitur</strong></span> 
     </span>
    </p>
   </div>
   <div class='ocr_carea' id='block_1_100' title="bbox 204 4818 1875 4898">
    <p class='ocr_par' dir='ltr' id='par_1_100' title="bbox 204 4818 1875 4898">
     <span class='ocr_line' id='line_1_101' title="bbox 204 4818 1875 4898; baseline -0.001 -25"><span class='ocrx_word' id='word_1_713' title='bbox 204 4829 272 4873; x_wconf 77' lang='lat' dir='ltr'><strong>ad</strong></span> <span class='ocrx_word' id='word_1_714' title='bbox 313 4822 627 4898; x_wconf 73' lang='lat' dir='ltr'><strong>populum.</strong></span> <span class='ocrx_word' id='word_1_715' title='bbox 667 4819 926 4898; x_wconf 78' lang='lat' dir='ltr'><strong>Dicerem</strong></span> <span class='ocrx_word' id='word_1_716' title='bbox 979 4834 1210 4898; x_wconf 67' lang='lat' dir='ltr'><strong>quoque</strong></span> <span class='ocrx_word' id='word_1_717' title='bbox 1259 4819 1552 4898; x_wconf 64' lang='lat' dir='ltr'><strong>decretum,</strong></span> <span class='ocrx_word' id='word_1_718' title='bbox 1589 4820 1658 4871; x_wconf 89' lang='lat' dir='ltr'><strong>ab</strong></span> <span class='ocrx_word' id='word_1_719' title='bbox 1687 4818 1875 4898; x_wconf 50' lang='lat' dir='ltr'><strong>impef</strong></span> 
     </span>
    </p>
   </div>
   <div class='ocr_carea' id='block_1_101' title="bbox 206 4890 1880 4960">
    <p class='ocr_par' dir='ltr' id='par_1_101' title="bbox 206 4890 1880 4960">
     <span class='ocr_line' id='line_1_102' title="bbox 206 4890 1880 4960; baseline -0.002 -14"><span class='ocrx_word' id='word_1_720' title='bbox 206 4890 410 4946; x_wconf 71' lang='lat' dir='ltr'><strong>retere</strong></span> <span class='ocrx_word' id='word_1_721' title='bbox 439 4893 689 4945; x_wconf 89' lang='lat' dir='ltr'><strong>editum.</strong></span> <span class='ocrx_word' id='word_1_722' title='bbox 719 4890 928 4960; x_wconf 80' lang='lat' dir='ltr'><strong>Aptius</strong></span> <span class='ocrx_word' id='word_1_723' title='bbox 962 4890 1226 4960; x_wconf 85' lang='lat' dir='ltr'><strong>redditur</strong></span> <span class='ocrx_word' id='word_1_724' title='bbox 1254 4891 1396 4944; x_wconf 79' lang='lat' dir='ltr'><strong>lzber</strong></span> <span class='ocrx_word' id='word_1_725' title='bbox 1424 4891 1794 4960; x_wconf 72' lang='lat' dir='ltr'><strong>apologaticus</strong></span> <span class='ocrx_word' id='word_1_726' title='bbox 1823 4892 1880 4943; x_wconf 88' lang='lat' dir='ltr'><strong>et</strong></span> 
     </span>
    </p>
   </div>
   <div class='ocr_carea' id='block_1_102' title="bbox 202 4959 1130 5032">
    <p class='ocr_par' dir='ltr' id='par_1_102' title="bbox 202 4959 1130 5032">
     <span class='ocr_line' id='line_1_103' title="bbox 202 4959 1130 5032; baseline -0.003 -16"><span class='ocrx_word' id='word_1_727' title='bbox 202 4966 350 5030; x_wconf 70' lang='lat' dir='ltr'><strong>{acti</strong></span> <span class='ocrx_word' id='word_1_728' title='bbox 382 4964 617 5032; x_wconf 84' lang='lat' dir='ltr'><strong>probata</strong></span> <span class='ocrx_word' id='word_1_729' title='bbox 649 4959 911 5032; x_wconf 62' lang='lat' dir='ltr'><strong>defensio.</strong></span> <span class='ocrx_word' id='word_1_730' title='bbox 948 4959 1130 5032; x_wconf 60' lang='lat' dir='ltr'><strong>G043.</strong></span> 
     </span>
    </p>
   </div>
   <div class='ocr_carea' id='block_1_103' title="bbox 281 5031 1878 5102">
    <p class='ocr_par' dir='ltr' id='par_1_103' title="bbox 281 5031 1878 5102">
     <span class='ocr_line' id='line_1_104' title="bbox 281 5031 1878 5102; baseline -0.002 -15"><span class='ocrx_word' id='word_1_731' title='bbox 281 5031 406 5102; x_wconf 68' lang='lat'><strong>(16}</strong></span> <span class='ocrx_word' id='word_1_732' title='bbox 440 5035 603 5088; x_wconf 87' lang='lat' dir='ltr'><strong>Unde</strong></span> <span class='ocrx_word' id='word_1_733' title='bbox 646 5031 721 5086; x_wconf 83' lang='lat' dir='ltr'><strong>ei</strong></span> <span class='ocrx_word' id='word_1_734' title='bbox 748 5031 858 5086; x_wconf 89' lang='lat' dir='ltr'><strong>hoc</strong></span> <span class='ocrx_word' id='word_1_735' title='bbox 911 5031 1165 5086; x_wconf 88' lang='lat' dir='ltr'><strong>nominis</strong></span> <span class='ocrx_word' id='word_1_736' title='bbox 1197 5031 1390 5094; x_wconf 76' lang='lat' dir='ltr'><strong>fuerit,</strong></span> <span class='ocrx_word' id='word_1_737' title='bbox 1427 5047 1540 5083; x_wconf 91' lang='lat' dir='ltr'><strong>non</strong></span> <span class='ocrx_word' id='word_1_738' title='bbox 1576 5047 1878 5101; x_wconf 88' lang='lat' dir='ltr'><strong>assequor.</strong></span> 
     </span>
    </p>
   </div>
   <div class='ocr_carea' id='block_1_104' title="bbox 208 5102 1882 5176">
    <p class='ocr_par' dir='ltr' id='par_1_104' title="bbox 208 5102 1882 5176">
     <span class='ocr_line' id='line_1_105' title="bbox 208 5102 1882 5176; baseline -0.002 -16"><span class='ocrx_word' id='word_1_739' title='bbox 208 5107 404 5160; x_wconf 87' lang='lat' dir='ltr'><strong>Sonat</strong></span> <span class='ocrx_word' id='word_1_740' title='bbox 437 5106 603 5176; x_wconf 86' lang='lat' dir='ltr'><strong>quasi</strong></span> <span class='ocrx_word' id='word_1_741' title='bbox 640 5106 834 5176; x_wconf 82' lang='lat' dir='ltr'><strong>crucis</strong></span> <span class='ocrx_word' id='word_1_742' title='bbox 878 5105 1365 5176; x_wconf 78' lang='lat' dir='ltr'><strong>conculcatorem.</strong></span> <span class='ocrx_word' id='word_1_743' title='bbox 1403 5102 1616 5176; x_wconf 15' lang='lat' dir='ltr'><strong>Sedran</strong></span> <span class='ocrx_word' id='word_1_744' title='bbox 1659 5103 1882 5176; x_wconf 71' lang='lat' dir='ltr'><strong>impius</strong></span> 
     </span>
    </p>
   </div>
   <div class='ocr_carea' id='block_1_105' title="bbox 208 5173 1883 5236">
    <p class='ocr_par' dir='ltr' id='par_1_105' title="bbox 208 5173 1883 5236">
     <span class='ocr_line' id='line_1_106' title="bbox 208 5173 1883 5236; baseline -0.004 -5"><span class='ocrx_word' id='word_1_745' title='bbox 208 5189 400 5231; x_wconf 67' lang='lat' dir='ltr'><strong>etiam</strong></span> <span class='ocrx_word' id='word_1_746' title='bbox 453 5173 688 5230; x_wconf 84' lang='lat' dir='ltr'><strong>habitus</strong></span> <span class='ocrx_word' id='word_1_747' title='bbox 741 5174 835 5229; x_wconf 89' lang='lat' dir='ltr'><strong>hic</strong></span> <span class='ocrx_word' id='word_1_748' title='bbox 884 5174 981 5236; x_wconf 90' lang='lat' dir='ltr'><strong>sit,</strong></span> <span class='ocrx_word' id='word_1_749' title='bbox 1025 5190 1137 5228; x_wconf 91' lang='lat' dir='ltr'><strong>non</strong></span> <span class='ocrx_word' id='word_1_750' title='bbox 1185 5178 1413 5228; x_wconf 88' lang='lat' dir='ltr'><strong>constat</strong></span> <span class='ocrx_word' id='word_1_751' title='bbox 1461 5173 1625 5228; x_wconf 90' lang='lat' dir='ltr'><strong>mihi.</strong></span> <span class='ocrx_word' id='word_1_752' title='bbox 1658 5173 1883 5227; x_wconf 57' lang='grc' dir='ltr'><strong>Χημ-</strong></span> 
     </span>
    </p>
   </div>
   <div class='ocr_carea' id='block_1_106' title="bbox 211 5241 1880 5319">
    <p class='ocr_par' dir='ltr' id='par_1_106' title="bbox 211 5241 1880 5319">
     <span class='ocr_line' id='line_1_107' title="bbox 211 5241 1880 5319; baseline 0 -21"><span class='ocrx_word' id='word_1_753' title='bbox 211 5249 434 5302; x_wconf 57' lang='lat' dir='ltr'><strong>Verbis</strong></span> <span class='ocrx_word' id='word_1_754' title='bbox 465 5250 633 5302; x_wconf 84' lang='lat' dir='ltr'><strong>tidem</strong></span> <span class='ocrx_word' id='word_1_755' title='bbox 666 5247 902 5319; x_wconf 88' lang='lat' dir='ltr'><strong>publice</strong></span> <span class='ocrx_word' id='word_1_756' title='bbox 945 5243 1322 5319; x_wconf 66' lang='lat' dir='ltr'><strong>facturus-.6:</strong></span> <span class='ocrx_word' id='word_1_757' title='bbox 1365 5241 1522 5314; x_wconf 86' lang='grc' dir='ltr'>τίμια</span> <span class='ocrx_word' id='word_1_758' title='bbox 1569 5242 1720 5319; x_wconf 71' lang='grc' dir='ltr'>ξύλα,</span> <span class='ocrx_word' id='word_1_759' title='bbox 1752 5261 1880 5298; x_wconf 82' lang='lat' dir='ltr'><strong>cru-</strong></span> 
     </span>
    </p>
   </div>
   <div class='ocr_carea' id='block_1_107' title="bbox 211 5316 1882 5400">
    <p class='ocr_par' dir='ltr' id='par_1_107' title="bbox 211 5316 1882 5400">
     <span class='ocr_line' id='line_1_108' title="bbox 211 5316 1882 5400; baseline -0.004 -28"><span class='ocrx_word' id='word_1_760' title='bbox 211 5337 328 5374; x_wconf 75' lang='lat' dir='ltr'><strong>rem</strong></span> <span class='ocrx_word' id='word_1_761' title='bbox 367 5316 758 5400; x_wconf 56' lang='lat' dir='ltr'><strong>venerandam,</strong></span> <span class='ocrx_word' id='word_1_762' title='bbox 795 5318 1004 5396; x_wconf 76' lang='lat' dir='ltr'><strong>tangit,</strong></span> <span class='ocrx_word' id='word_1_763' title='bbox 1035 5318 1306 5400; x_wconf 63' lang='lat' dir='ltr'><strong>privatim</strong></span> <span class='ocrx_word' id='word_1_764' title='bbox 1348 5333 1596 5400; x_wconf 45' lang='lat' dir='ltr'><strong>crucem“</strong></span> <span class='ocrx_word' id='word_1_765' title='bbox 1623 5316 1882 5400; x_wconf 73' lang='lat' dir='ltr'><strong>aliquam</strong></span> 
     </span>
    </p>
   </div>
   <div class='ocr_carea' id='block_1_108' title="bbox 215 5387 1888 5453">
    <p class='ocr_par' dir='ltr' id='par_1_108' title="bbox 215 5387 1888 5453">
     <span class='ocr_line' id='line_1_109' title="bbox 215 5387 1888 5453; baseline -0.004 -9"><span class='ocrx_word' id='word_1_766' title='bbox 215 5390 614 5453; x_wconf 69' lang='lat' dir='ltr'><strong>ostentat,vel</strong></span> <span class='ocrx_word' id='word_1_767' title='bbox 648 5387 1000 5444; x_wconf 84' lang='lat' dir='ltr'><strong>transversis</strong></span> <span class='ocrx_word' id='word_1_768' title='bbox 1032 5387 1327 5442; x_wconf 84' lang='lat' dir='ltr'><strong>indicibus</strong></span> <span class='ocrx_word' id='word_1_769' title='bbox 1357 5404 1482 5441; x_wconf 85' lang='lat' dir='ltr'><strong>eam</strong></span> <span class='ocrx_word' id='word_1_770' title='bbox 1517 5389 1804 5443; x_wconf 80' lang='lat' dir='ltr'><strong>eil&#39;ormat.</strong></span> <span class='ocrx_word' id='word_1_771' title='bbox 1830 5389 1888 5439; x_wconf 90' lang='lat' dir='ltr'><strong>et</strong></span> 
     </span>
    </p>
   </div>
   <div class='ocr_carea' id='block_1_109' title="bbox 221 5457 1885 5529">
    <p class='ocr_par' dir='ltr' id='par_1_109' title="bbox 221 5457 1885 5529">
     <span class='ocr_line' id='line_1_110' title="bbox 221 5457 1885 5529; baseline -0.004 -14"><span class='ocrx_word' id='word_1_772' title='bbox 221 5479 324 5529; x_wconf 80' lang='lat' dir='ltr'><strong>per</strong></span> <span class='ocrx_word' id='word_1_773' title='bbox 357 5479 492 5514; x_wconf 85' lang='lat' dir='ltr'><strong>eam</strong></span> <span class='ocrx_word' id='word_1_774' title='bbox 520 5465 725 5528; x_wconf 86' lang='lat' dir='ltr'><strong>jurans</strong></span> <span class='ocrx_word' id='word_1_775' title='bbox 751 5460 1146 5514; x_wconf 82' lang='lat' dir='ltr'><strong>exosculatur.</strong></span> <span class='ocrx_word' id='word_1_776' title='bbox 1177 5460 1422 5527; x_wconf 82' lang='lat' dir='ltr'><strong>Scriptis</strong></span> <span class='ocrx_word' id='word_1_777' title='bbox 1454 5474 1684 5529; x_wconf 87' lang='lat' dir='ltr'><strong>quoque</strong></span> <span class='ocrx_word' id='word_1_778' title='bbox 1715 5457 1885 5526; x_wconf 87' lang='lat' dir='ltr'><strong>quid-</strong></span> 
     </span>
    </p>
   </div>
   <div class='ocr_carea' id='block_1_110' title="bbox 223 5529 1886 5602">
    <p class='ocr_par' dir='ltr' id='par_1_110' title="bbox 223 5529 1886 5602">
     <span class='ocr_line' id='line_1_111' title="bbox 223 5529 1886 5602; baseline -0.002 -14"><span class='ocrx_word' id='word_1_779' title='bbox 223 5536 390 5602; x_wconf 83' lang='lat' dir='ltr'><strong>piam</strong></span> <span class='ocrx_word' id='word_1_780' title='bbox 420 5535 656 5588; x_wconf 65' lang='lat' dir='ltr'><strong>t&#39;irmans</strong></span> <span class='ocrx_word' id='word_1_781' title='bbox 677 5533 767 5588; x_wconf 90' lang='lat' dir='ltr'><strong>vel</strong></span> <span class='ocrx_word' id='word_1_782' title='bbox 794 5529 1181 5601; x_wconf 87' lang='lat' dir='ltr'><strong>polliciturus,</strong></span> <span class='ocrx_word' id='word_1_783' title='bbox 1207 5532 1264 5585; x_wconf 90' lang='lat' dir='ltr'><strong>in</strong></span> <span class='ocrx_word' id='word_1_784' title='bbox 1287 5531 1500 5602; x_wconf 63' lang='lat' dir='ltr'><strong>chartae</strong></span> <span class='ocrx_word' id='word_1_785' title='bbox 1523 5530 1758 5602; x_wconf 85' lang='lat' dir='ltr'><strong>vertice,</strong></span> <span class='ocrx_word' id='word_1_786' title='bbox 1782 5544 1886 5584; x_wconf 88' lang='lat' dir='ltr'><strong>ceu</strong></span> 
     </span>
    </p>
   </div>
   <div class='ocr_carea' id='block_1_111' title="bbox 223 5601 1886 5678">
    <p class='ocr_par' dir='ltr' id='par_1_111' title="bbox 223 5601 1886 5678">
     <span class='ocr_line' id='line_1_112' title="bbox 223 5601 1886 5678; baseline -0.004 -15"><span class='ocrx_word' id='word_1_787' title='bbox 223 5601 582 5663; x_wconf 66' lang='lat' dir='ltr'><strong>Sacramenti</strong></span> <span class='ocrx_word' id='word_1_788' title='bbox 607 5603 972 5678; x_wconf 77' lang='lat' dir='ltr'><strong>symbolum,</strong></span> <span class='ocrx_word' id='word_1_789' title='bbox 993 5617 1121 5658; x_wconf 90' lang='lat' dir='ltr'><strong>eam</strong></span> <span class='ocrx_word' id='word_1_790' title='bbox 1153 5601 1420 5674; x_wconf 87' lang='lat' dir='ltr'><strong>apponit;</strong></span> <span class='ocrx_word' id='word_1_791' title='bbox 1445 5603 1515 5658; x_wconf 91' lang='lat' dir='ltr'><strong>de</strong></span> <span class='ocrx_word' id='word_1_792' title='bbox 1547 5618 1662 5673; x_wconf 90' lang='lat' dir='ltr'><strong>quo</strong></span> <span class='ocrx_word' id='word_1_793' title='bbox 1693 5601 1750 5656; x_wconf 89' lang='lat' dir='ltr'><strong>in</strong></span> <span class='ocrx_word' id='word_1_794' title='bbox 1783 5617 1886 5657; x_wconf 89' lang='lat' dir='ltr'><strong>su-</strong></span> 
     </span>
    </p>
   </div>
   <div class='ocr_carea' id='block_1_112' title="bbox 1991 4740 3640 4817">
    <p class='ocr_par' dir='ltr' id='par_1_112' title="bbox 1991 4740 3640 4817">
     <span class='ocr_line' id='line_1_113' title="bbox 1991 4740 3640 4817; baseline -0.002 -17"><span class='ocrx_word' id='word_1_795' title='bbox 1991 4746 2339 4817; x_wconf 86' lang='lat' dir='ltr'><strong>perioribus.</strong></span> <span class='ocrx_word' id='word_1_796' title='bbox 2374 4745 2517 4800; x_wconf 83' lang='lat' dir='ltr'><strong>Hinc</strong></span> <span class='ocrx_word' id='word_1_797' title='bbox 2557 4746 2815 4816; x_wconf 75' lang='lat' dir='ltr'><strong>perjuru:</strong></span> <span class='ocrx_word' id='word_1_798' title='bbox 2846 4744 3050 4814; x_wconf 86' lang='lat' dir='ltr'><strong>quivis.</strong></span> <span class='ocrx_word' id='word_1_799' title='bbox 3074 4745 3249 4800; x_wconf 86' lang='lat' dir='ltr'><strong>ﬁdem</strong></span> <span class='ocrx_word' id='word_1_800' title='bbox 3290 4748 3524 4800; x_wconf 83' lang='lat' dir='ltr'><strong>exarata</strong></span> <span class='ocrx_word' id='word_1_801' title='bbox 3553 4740 3640 4798; x_wconf 91' lang='lat' dir='ltr'><strong>vel</strong></span> 
     </span>
    </p>
   </div>
   <div class='ocr_carea' id='block_1_113' title="bbox 1991 4817 3642 4888">
    <p class='ocr_par' dir='ltr' id='par_1_113' title="bbox 1991 4817 3642 4888">
     <span class='ocr_line' id='line_1_114' title="bbox 1991 4817 3642 4888; baseline -0.001 -18"><span class='ocrx_word' id='word_1_802' title='bbox 1991 4822 2142 4872; x_wconf 81' lang='lat' dir='ltr'><strong>facta</strong></span> <span class='ocrx_word' id='word_1_803' title='bbox 2174 4833 2343 4872; x_wconf 90' lang='lat' dir='ltr'><strong>cruce</strong></span> <span class='ocrx_word' id='word_1_804' title='bbox 2370 4817 2789 4888; x_wconf 86' lang='lat' dir='ltr'><strong>oppignorans,</strong></span> <span class='ocrx_word' id='word_1_805' title='bbox 2823 4833 2934 4872; x_wconf 90' lang='lat' dir='ltr'><strong>non</strong></span> <span class='ocrx_word' id='word_1_806' title='bbox 2959 4817 3132 4870; x_wconf 86' lang='lat' dir='ltr'><strong>fidem</strong></span> <span class='ocrx_word' id='word_1_807' title='bbox 3157 4817 3255 4871; x_wconf 89' lang='lat' dir='ltr'><strong>sed</strong></span> <span class='ocrx_word' id='word_1_808' title='bbox 3279 4832 3491 4888; x_wconf 77' lang='lat' dir='ltr'><strong>crucem</strong></span> <span class='ocrx_word' id='word_1_809' title='bbox 3519 4831 3642 4886; x_wconf 82' lang='lat' dir='ltr'><strong>pro-</strong></span> 
     </span>
    </p>
   </div>
   <div class='ocr_carea' id='block_1_114' title="bbox 1987 4887 3642 4961">
    <p class='ocr_par' dir='ltr' id='par_1_114' title="bbox 1987 4887 3642 4961">
     <span class='ocr_line' id='line_1_115' title="bbox 1987 4887 3642 4961; baseline -0.002 -18"><span class='ocrx_word' id='word_1_810' title='bbox 1987 4890 2226 4950; x_wconf 71' lang='lat' dir='ltr'><strong>calcare,</strong></span> <span class='ocrx_word' id='word_1_811' title='bbox 2251 4887 2532 4953; x_wconf 89' lang='lat' dir='ltr'><strong>temnere,</strong></span> <span class='ocrx_word' id='word_1_812' title='bbox 2561 4904 2907 4961; x_wconf 81' lang='lat' dir='ltr'><strong>conspuere.</strong></span> <span class='ocrx_word' id='word_1_813' title='bbox 2929 4904 3033 4942; x_wconf 89' lang='lat' dir='ltr'><strong>ceu</strong></span> <span class='ocrx_word' id='word_1_814' title='bbox 3070 4887 3473 4961; x_wconf 52' lang='lat' dir='ltr'><strong>praeponat-mg</strong></span> <span class='ocrx_word' id='word_1_815' title='bbox 3506 4903 3642 4961; x_wconf 79' lang='lat' dir='ltr'><strong>cen-</strong></span> 
     </span>
    </p>
   </div>
   <div class='ocr_carea' id='block_1_115' title="bbox 1991 4955 3642 5030">
    <p class='ocr_par' dir='ltr' id='par_1_115' title="bbox 1991 4955 3642 5030">
     <span class='ocr_line' id='line_1_116' title="bbox 1991 4955 3642 5030; baseline -0.004 -14"><span class='ocrx_word' id='word_1_816' title='bbox 1991 4968 2171 5016; x_wconf 88' lang='lat' dir='ltr'><strong>setur.</strong></span> <span class='ocrx_word' id='word_1_817' title='bbox 2222 4961 2330 5015; x_wconf 85' lang='lat' dir='ltr'><strong>Leo</strong></span> <span class='ocrx_word' id='word_1_818' title='bbox 2369 4955 2839 5030; x_wconf 75' lang='lat' dir='ltr'><strong>Grammaticus:</strong></span> <span class='ocrx_word' id='word_1_819' title='bbox 2871 4955 3252 5030; x_wconf 75' lang='grc' dir='ltr'>Ἐξουοὲνωσέν</span> <span class='ocrx_word' id='word_1_820' title='bbox 3282 4955 3420 5022; x_wconf 80' lang='grc' dir='ltr'>τοὺς</span> <span class='ocrx_word' id='word_1_821' title='bbox 3457 4955 3642 5030; x_wconf 77' lang='grc' dir='ltr'>ἐπιόρ-</span> 
     </span>
    </p>
   </div>
   <div class='ocr_carea' id='block_1_116' title="bbox 1990 5028 2866 5102">
    <p class='ocr_par' dir='ltr' id='par_1_116' title="bbox 1990 5028 2866 5102">
     <span class='ocr_line' id='line_1_117' title="bbox 1990 5028 2866 5102; baseline -0.002 -17"><span class='ocrx_word' id='word_1_822' title='bbox 1990 5051 2116 5090; x_wconf 88' lang='grc' dir='ltr'>κους</span> <span class='ocrx_word' id='word_1_823' title='bbox 2145 5031 2233 5083; x_wconf 81' lang='grc' dir='ltr'><strong>καὶ</strong></span> <span class='ocrx_word' id='word_1_824' title='bbox 2266 5028 2653 5102; x_wconf 84' lang='grc' dir='ltr'>σταυροπάτας.</span> <span class='ocrx_word' id='word_1_825' title='bbox 2689 5032 2866 5085; x_wconf 78' lang='lat' dir='ltr'><strong>GOAR.</strong></span> 
     </span>
    </p>
   </div>
   <div class='ocr_carea' id='block_1_117' title="bbox 2064 5099 3648 5225">
    <p class='ocr_par' dir='ltr' id='par_1_117' title="bbox 2064 5099 3648 5225">
     <span class='ocr_line' id='line_1_118' title="bbox 2064 5099 3648 5225; baseline -0.003 -68"><span class='ocrx_word' id='word_1_826' title='bbox 2064 5104 2366 5225; x_wconf 49' lang='lat' dir='ltr'><strong>(l7).Saa€e</strong></span> <span class='ocrx_word' id='word_1_827' title='bbox 2399 5099 2544 5184; x_wconf 75' lang='lat' dir='ltr'><strong>alias</strong></span> <span class='ocrx_word' id='word_1_828' title='bbox 2587 5103 2704 5184; x_wconf 54' lang='lat' dir='ltr'><strong>haec</strong></span> <span class='ocrx_word' id='word_1_829' title='bbox 2753 5101 3096 5183; x_wconf 77' lang='lat' dir='ltr'><strong>imprecatio</strong></span> <span class='ocrx_word' id='word_1_830' title='bbox 3141 5106 3424 5173; x_wconf 87' lang='lat' dir='ltr'><strong>usurpata</strong></span> <span class='ocrx_word' id='word_1_831' title='bbox 3456 5104 3546 5156; x_wconf 90' lang='lat' dir='ltr'><strong>est</strong></span> <span class='ocrx_word' id='word_1_832' title='bbox 3575 5099 3648 5182; x_wconf 74' lang='lat' dir='ltr'><strong>de</strong></span> 
     </span>
     <span class='ocr_line' id='line_1_119' title="bbox 2064 5171 3648 5225; baseline 0 0"><span class='ocrx_word' id='word_1_833' title='bbox 2064 5180 2264 5225; x_wconf 80' lang='lat' dir='ltr'><strong>nrtuis.</strong></span> <span class='ocrx_word' id='word_1_834' title='bbox 2343 5182 2515 5225; x_wconf 81' lang='lat' dir='ltr'><strong>iventi</strong></span> <span class='ocrx_word' id='word_1_835' title='bbox 2544 5190 2698 5225; x_wconf 79' lang='lat' dir='ltr'><strong>enim</strong></span> <span class='ocrx_word' id='word_1_836' title='bbox 2730 5189 2825 5225; x_wconf 80' lang='lat' dir='ltr'><strong>aui</strong></span> <span class='ocrx_word' id='word_1_837' title='bbox 2857 5173 3209 5225; x_wconf 74' lang='lat' dir='ltr'><strong>effodiantur</strong></span> <span class='ocrx_word' id='word_1_838' title='bbox 3230 5173 3406 5225; x_wconf 84' lang='lat' dir='ltr'><strong>ossa?</strong></span> <span class='ocrx_word' id='word_1_839' title='bbox 3424 5171 3531 5225; x_wconf 86' lang='lat' dir='ltr'><strong>Sed</strong></span> <span class='ocrx_word' id='word_1_840' title='bbox 3564 5187 3648 5224; x_wconf 87' lang='lat' dir='ltr'><strong>nl-</strong></span> 
     </span>
    </p>
   </div>
   <div class='ocr_carea' id='block_1_118' title="bbox 1996 5171 3651 5243">
    <p class='ocr_par' dir='ltr' id='par_1_118' title="bbox 1996 5171 3651 5243">
     <span class='ocr_line' id='line_1_120' title="bbox 1996 5171 3651 5243; baseline -0.002 -15"><span class='ocrx_word' id='word_1_841' title='bbox 1996 5171 2264 5229; x_wconf 87' lang='lat' dir='ltr'><strong>mortuis.</strong></span> <span class='ocrx_word' id='word_1_842' title='bbox 2293 5171 2515 5227; x_wconf 87' lang='lat' dir='ltr'><strong>Viventi</strong></span> <span class='ocrx_word' id='word_1_843' title='bbox 2544 5175 2698 5227; x_wconf 91' lang='lat' dir='ltr'><strong>enim</strong></span> <span class='ocrx_word' id='word_1_844' title='bbox 2730 5173 2825 5243; x_wconf 91' lang='lat' dir='ltr'><strong>qui</strong></span> <span class='ocrx_word' id='word_1_845' title='bbox 2857 5173 3209 5227; x_wconf 80' lang='lat' dir='ltr'><strong>effodiantur</strong></span> <span class='ocrx_word' id='word_1_846' title='bbox 3230 5171 3651 5243; x_wconf 7' lang='lat' dir='ltr'><strong>ossa?8edpni-</strong></span> 
     </span>
    </p>
   </div>
   <div class='ocr_carea' id='block_1_119' title="bbox 1997 5241 3650 5310">
    <p class='ocr_par' dir='ltr' id='par_1_119' title="bbox 1997 5241 3650 5310">
     <span class='ocr_line' id='line_1_121' title="bbox 1997 5241 3650 5310; baseline -0.001 -12"><span class='ocrx_word' id='word_1_847' title='bbox 1997 5248 2207 5299; x_wconf 88' lang='lat' dir='ltr'><strong>mirum</strong></span> <span class='ocrx_word' id='word_1_848' title='bbox 2243 5245 2466 5299; x_wconf 88' lang='lat' dir='ltr'><strong>abierat</strong></span> <span class='ocrx_word' id='word_1_849' title='bbox 2497 5245 2553 5298; x_wconf 90' lang='lat' dir='ltr'><strong>in</strong></span> <span class='ocrx_word' id='word_1_850' title='bbox 2581 5241 2763 5298; x_wconf 76' lang='lat' dir='ltr'><strong>usum</strong></span> <span class='ocrx_word' id='word_1_851' title='bbox 2785 5244 2898 5296; x_wconf 88' lang='lat' dir='ltr'><strong>ista</strong></span> <span class='ocrx_word' id='word_1_852' title='bbox 2920 5245 3280 5310; x_wconf 88' lang='lat' dir='ltr'><strong>imprecatio,</strong></span> <span class='ocrx_word' id='word_1_853' title='bbox 3307 5249 3369 5299; x_wconf 87' lang='lat' dir='ltr'><strong>ut</strong></span> <span class='ocrx_word' id='word_1_854' title='bbox 3402 5244 3474 5298; x_wconf 80' lang='lat' dir='ltr'><strong>de</strong></span> <span class='ocrx_word' id='word_1_855' title='bbox 3502 5241 3650 5296; x_wconf 88' lang='lat' dir='ltr'><strong>vivis</strong></span> 
     </span>
    </p>
   </div>
   <div class='ocr_carea' id='block_1_120' title="bbox 1995 5313 3650 5384">
    <p class='ocr_par' dir='ltr' id='par_1_120' title="bbox 1995 5313 3650 5384">
     <span class='ocr_line' id='line_1_122' title="bbox 1995 5313 3650 5384; baseline -0.003 -14"><span class='ocrx_word' id='word_1_856' title='bbox 1995 5332 2226 5384; x_wconf 83' lang='lat' dir='ltr'><strong>quoque</strong></span> <span class='ocrx_word' id='word_1_857' title='bbox 2249 5321 2653 5384; x_wconf 86' lang='lat' dir='ltr'><strong>usurparetur;</strong></span> <span class='ocrx_word' id='word_1_858' title='bbox 2674 5332 2788 5384; x_wconf 91' lang='lat' dir='ltr'><strong>quo</strong></span> <span class='ocrx_word' id='word_1_859' title='bbox 2808 5316 2978 5370; x_wconf 88' lang='lat' dir='ltr'><strong>modo</strong></span> <span class='ocrx_word' id='word_1_860' title='bbox 3001 5313 3140 5369; x_wconf 79' lang='lat' dir='ltr'><strong>fatui</strong></span> <span class='ocrx_word' id='word_1_861' title='bbox 3167 5320 3454 5370; x_wconf 86' lang='lat' dir='ltr'><strong>nostrates</strong></span> <span class='ocrx_word' id='word_1_862' title='bbox 3477 5313 3650 5368; x_wconf 91' lang='lat' dir='ltr'><strong>multi</strong></span> 
     </span>
    </p>
   </div>
   <div class='ocr_carea' id='block_1_121' title="bbox 1997 5387 3646 5447">
    <p class='ocr_par' dir='ltr' id='par_1_121' title="bbox 1997 5387 3646 5447">
     <span class='ocr_line' id='line_1_123' title="bbox 1997 5387 3646 5447; baseline -0.002 -8"><span class='ocrx_word' id='word_1_863' title='bbox 1997 5389 2346 5440; x_wconf 77' lang='lat' dir='ltr'><strong>ferramenta</strong></span> <span class='ocrx_word' id='word_1_864' title='bbox 2369 5394 2422 5440; x_wconf 87' lang='lat' dir='ltr'><strong>et</strong></span> <span class='ocrx_word' id='word_1_865' title='bbox 2455 5389 2868 5443; x_wconf 84' lang='lat' dir='ltr'><strong>instrumenta.</strong></span> <span class='ocrx_word' id='word_1_866' title='bbox 2891 5388 3005 5440; x_wconf 86' lang='lat' dir='ltr'><strong>alia</strong></span> <span class='ocrx_word' id='word_1_867' title='bbox 3037 5405 3097 5440; x_wconf 89' lang='lat' dir='ltr'><strong>re</strong></span> <span class='ocrx_word' id='word_1_868' title='bbox 3128 5405 3241 5440; x_wconf 85' lang='lat' dir='ltr'><strong>non</strong></span> <span class='ocrx_word' id='word_1_869' title='bbox 3275 5387 3646 5447; x_wconf 85' lang='lat' dir='ltr'><strong>succedente,</strong></span> 
     </span>
    </p>
   </div>
   <div class='ocr_carea' id='block_1_122' title="bbox 1997 5457 3648 5529">
    <p class='ocr_par' dir='ltr' id='par_1_122' title="bbox 1997 5457 3648 5529">
     <span class='ocr_line' id='line_1_124' title="bbox 1997 5457 3648 5529; baseline -0.004 -16"><span class='ocrx_word' id='word_1_870' title='bbox 1997 5467 2094 5513; x_wconf 82' lang='lat' dir='ltr'><strong>aut.</strong></span> <span class='ocrx_word' id='word_1_871' title='bbox 2126 5460 2243 5512; x_wconf 67' lang='lat' dir='ltr'><strong>lmsi</strong></span> <span class='ocrx_word' id='word_1_872' title='bbox 2282 5466 2575 5527; x_wconf 85' lang='lat' dir='ltr'><strong>utcunque</strong></span> <span class='ocrx_word' id='word_1_873' title='bbox 2605 5459 2748 5511; x_wconf 81' lang='lat' dir='ltr'><strong>diris</strong></span> <span class='ocrx_word' id='word_1_874' title='bbox 2797 5459 3073 5512; x_wconf 82' lang='lat' dir='ltr'><strong>devovent.</strong></span> <span class='ocrx_word' id='word_1_875' title='bbox 3103 5457 3648 5529; x_wconf 86' lang='lat' dir='ltr'><strong>imprecationibus,</strong></span> 
     </span>
    </p>
   </div>
   <div class='ocr_carea' id='block_1_123' title="bbox 1997 5528 3653 5603">
    <p class='ocr_par' dir='ltr' id='par_1_123' title="bbox 1997 5528 3653 5603">
     <span class='ocr_line' id='line_1_125' title="bbox 1997 5528 3653 5603; baseline -0.001 -19"><span class='ocrx_word' id='word_1_876' title='bbox 1997 5547 2122 5599; x_wconf 65' lang='lat' dir='ltr'><strong>quae</strong></span> <span class='ocrx_word' id='word_1_877' title='bbox 2153 5530 2210 5583; x_wconf 91' lang='lat' dir='ltr'><strong>in</strong></span> <span class='ocrx_word' id='word_1_878' title='bbox 2243 5546 2311 5584; x_wconf 90' lang='lat' dir='ltr'><strong>ea</strong></span> <span class='ocrx_word' id='word_1_879' title='bbox 2360 5547 2477 5603; x_wconf 79' lang='lat' dir='ltr'><strong>non</strong></span> <span class='ocrx_word' id='word_1_880' title='bbox 2518 5528 2704 5601; x_wconf 88' lang='lat' dir='ltr'><strong>magis</strong></span> <span class='ocrx_word' id='word_1_881' title='bbox 2743 5528 3301 5603; x_wconf 78' lang='lat' dir='ltr'><strong>competunt,quam</strong></span> <span class='ocrx_word' id='word_1_882' title='bbox 3337 5531 3653 5603; x_wconf 70' lang='lat' dir='ltr'><strong>paupertas</strong></span> 
     </span>
    </p>
   </div>
   <div class='ocr_carea' id='block_1_124' title="bbox 1997 5599 3254 5673">
    <p class='ocr_par' dir='ltr' id='par_1_124' title="bbox 1997 5599 3254 5673">
     <span class='ocr_line' id='line_1_126' title="bbox 1997 5599 3254 5673; baseline 0.001 -16"><span class='ocrx_word' id='word_1_883' title='bbox 1997 5603 2056 5658; x_wconf 92' lang='lat' dir='ltr'><strong>in</strong></span> <span class='ocrx_word' id='word_1_884' title='bbox 2088 5617 2292 5658; x_wconf 83' lang='lat' dir='ltr'><strong>saxum</strong></span> <span class='ocrx_word' id='word_1_885' title='bbox 2323 5607 2425 5657; x_wconf 90' lang='lat' dir='ltr'><strong>aut</strong></span> <span class='ocrx_word' id='word_1_886' title='bbox 2449 5599 2750 5673; x_wconf 76' lang='lat' dir='ltr'><strong>damnatio</strong></span> <span class='ocrx_word' id='word_1_887' title='bbox 2781 5599 2836 5655; x_wconf 93' lang='lat' dir='ltr'><strong>in</strong></span> <span class='ocrx_word' id='word_1_888' title='bbox 2871 5599 3091 5659; x_wconf 80' lang='lat' dir='ltr'><strong>fenum.</strong></span> <span class='ocrx_word' id='word_1_889' title='bbox 3117 5602 3254 5658; x_wconf 77' lang='lat' dir='ltr'><strong>XvL.</strong></span> 
     </span>
    </p>
   </div>
  </div>
