  <div class='ocr_page' id='page_1' title='image "/cluster/home/n/w/nwhite01/storage/ocr_20150623/122/hvd.32044073502460/145.png"; bbox 0 0 4014 6194; ppageno 0'>
   <div class='ocr_carea' id='block_1_1' title="bbox 411 299 524 357">
    <p class='ocr_par' dir='ltr' id='par_1_1' title="bbox 411 299 524 357">
     <span class='ocr_line' id='line_1_1' title="bbox 411 299 524 357; baseline -0.009 -1"><span class='ocrx_word' id='word_1_1' title='bbox 411 299 524 357; x_wconf 78' lang='grc'>271</span> 
     </span>
    </p>
   </div>
   <div class='ocr_carea' id='block_1_2' title="bbox 1758 291 2460 353">
    <p class='ocr_par' dir='ltr' id='par_1_2' title="bbox 1758 291 2460 353">
     <span class='ocr_line' id='line_1_2' title="bbox 1758 291 2460 353; baseline -0.003 0"><span class='ocrx_word' id='word_1_2' title='bbox 1758 291 2075 353; x_wconf 75' lang='lat' dir='ltr'>GEORGII</span> <span class='ocrx_word' id='word_1_3' title='bbox 2118 291 2460 351; x_wconf 81' lang='lat' dir='ltr'>CEDRENI</span> 
     </span>
    </p>
   </div>
   <div class='ocr_carea' id='block_1_3' title="bbox 3712 291 3831 351">
    <p class='ocr_par' dir='ltr' id='par_1_3' title="bbox 3712 291 3831 351">
     <span class='ocr_line' id='line_1_3' title="bbox 3712 291 3831 351; baseline -0.017 -1"><span class='ocrx_word' id='word_1_4' title='bbox 3712 291 3831 351; x_wconf 78' lang='lat'>2&#39;72</span> 
     </span>
    </p>
   </div>
   <div class='ocr_carea' id='block_1_4' title="bbox 410 400 2058 499">
    <p class='ocr_par' dir='ltr' id='par_1_4' title="bbox 410 400 2058 499">
     <span class='ocr_line' id='line_1_4' title="bbox 410 400 2058 499; baseline -0.004 -16"><span class='ocrx_word' id='word_1_5' title='bbox 410 400 479 483; x_wconf 82' lang='lat' dir='ltr'>Et</span> <span class='ocrx_word' id='word_1_6' title='bbox 507 433 746 486; x_wconf 84' lang='lat' dir='ltr'>venerat</span> <span class='ocrx_word' id='word_1_7' title='bbox 775 430 923 485; x_wconf 84' lang='lat' dir='ltr'>forte</span> <span class='ocrx_word' id='word_1_8' title='bbox 963 434 1091 485; x_wconf 91' lang='lat' dir='ltr'>tum</span> <span class='ocrx_word' id='word_1_9' title='bbox 1138 445 1327 499; x_wconf 83' lang='lat' dir='ltr'>nuper</span> <span class='ocrx_word' id='word_1_10' title='bbox 1355 443 1384 483; x_wconf 93' lang='lat' dir='ltr'>e</span> <span class='ocrx_word' id='word_1_11' title='bbox 1411 425 1602 481; x_wconf 79' lang='lat' dir='ltr'>Sicilia</span> <span class='ocrx_word' id='word_1_12' title='bbox 1632 423 1899 480; x_wconf 89' lang='lat' dir='ltr'>Catacalo</span> <span class='ocrx_word' id='word_1_13' title='bbox 1931 426 2058 477; x_wconf 85' lang='lat' dir='ltr'>Am-</span> 
     </span>
    </p>
   </div>
   <div class='ocr_carea' id='block_1_5' title="bbox 2181 400 3831 499">
    <p class='ocr_par' dir='ltr' id='par_1_5' title="bbox 2182 418 3831 497">
     <span class='ocr_line' id='line_1_5' title="bbox 2182 418 3831 497; baseline 0.002 -24"><span class='ocrx_word' id='word_1_14' title='bbox 2182 418 2529 493; x_wconf 87' lang='grc' dir='ltr'>πλυνόμενος</span> <span class='ocrx_word' id='word_1_15' title='bbox 2570 422 2661 474; x_wconf 78' lang='grc' dir='ltr'>καὶ</span> <span class='ocrx_word' id='word_1_16' title='bbox 2720 419 2903 483; x_wconf 81' lang='grc' dir='ltr'>λίθοις</span> <span class='ocrx_word' id='word_1_17' title='bbox 2954 422 3193 487; x_wconf 82' lang='grc' dir='ltr'>κάτωθεν</span> <span class='ocrx_word' id='word_1_18' title='bbox 3252 423 3342 478; x_wconf 78' lang='grc' dir='ltr'>καὶ</span> <span class='ocrx_word' id='word_1_19' title='bbox 3397 423 3572 493; x_wconf 77' lang='grc' dir='ltr'>τόξοις</span> <span class='ocrx_word' id='word_1_20' title='bbox 3626 420 3831 497; x_wconf 76' lang='grc' dir='ltr'>βαλλό·</span> 
     </span>
    </p>
   </div>
   <div class='ocr_carea' id='block_1_6' title="bbox 411 515 2066 588">
    <p class='ocr_par' dir='ltr' id='par_1_6' title="bbox 411 515 2066 588">
     <span class='ocr_line' id='line_1_6' title="bbox 411 515 2066 588; baseline -0.004 -16"><span class='ocrx_word' id='word_1_21' title='bbox 411 520 645 588; x_wconf 85' lang='lat' dir='ltr'>bustus,</span> <span class='ocrx_word' id='word_1_22' title='bbox 682 519 760 573; x_wconf 86' lang='lat' dir='ltr'>rei</span> <span class='ocrx_word' id='word_1_23' title='bbox 796 519 864 572; x_wconf 92' lang='lat' dir='ltr'>ad</span> <span class='ocrx_word' id='word_1_24' title='bbox 901 519 1229 572; x_wconf 89' lang='lat' dir='ltr'>Massenam</span> <span class='ocrx_word' id='word_1_25' title='bbox 1284 516 1526 570; x_wconf 83' lang='lat' dir='ltr'>feliciter</span> <span class='ocrx_word' id='word_1_26' title='bbox 1572 519 1746 584; x_wconf 67' lang='lat' dir='ltr'>gestae</span> <span class='ocrx_word' id='word_1_27' title='bbox 1794 515 2066 566; x_wconf 86' lang='lat' dir='ltr'>nuntium</span> 
     </span>
    </p>
   </div>
   <div class='ocr_carea' id='block_1_7' title="bbox 414 600 2070 675">
    <p class='ocr_par' dir='ltr' id='par_1_7' title="bbox 414 600 2070 675">
     <span class='ocr_line' id='line_1_7' title="bbox 414 600 2070 675; baseline -0.005 -14"><span class='ocrx_word' id='word_1_28' title='bbox 414 608 682 663; x_wconf 78' lang='lat' dir='ltr'>all‘crens.</span> <span class='ocrx_word' id='word_1_29' title='bbox 736 607 853 662; x_wconf 90' lang='lat' dir='ltr'>Hoc</span> <span class='ocrx_word' id='word_1_30' title='bbox 912 607 1233 675; x_wconf 90' lang='lat' dir='ltr'>imporator</span> <span class='ocrx_word' id='word_1_31' title='bbox 1289 605 1469 658; x_wconf 87' lang='lat' dir='ltr'>fretus</span> <span class='ocrx_word' id='word_1_32' title='bbox 1520 602 1789 673; x_wconf 66' lang='lat' dir='ltr'>praesidio</span> <span class='ocrx_word' id='word_1_33' title='bbox 1844 600 2070 654; x_wconf 78' lang='lat' dir='ltr'>fortiter</span> 
     </span>
    </p>
   </div>
   <div class='ocr_carea' id='block_1_8' title="bbox 416 690 2066 768">
    <p class='ocr_par' dir='ltr' id='par_1_8' title="bbox 416 690 2066 768">
     <span class='ocr_line' id='line_1_8' title="bbox 416 690 2066 768; baseline -0.006 -17"><span class='ocrx_word' id='word_1_34' title='bbox 416 713 535 752; x_wconf 87' lang='lat' dir='ltr'>rem</span> <span class='ocrx_word' id='word_1_35' title='bbox 582 712 784 768; x_wconf 82' lang='lat' dir='ltr'>gerere</span> <span class='ocrx_word' id='word_1_36' title='bbox 831 694 1099 749; x_wconf 85' lang='lat' dir='ltr'>intendit.</span> <span class='ocrx_word' id='word_1_37' title='bbox 1132 696 1275 749; x_wconf 91' lang='lat' dir='ltr'>Cum</span> <span class='ocrx_word' id='word_1_38' title='bbox 1323 697 1518 747; x_wconf 88' lang='lat' dir='ltr'>autem</span> <span class='ocrx_word' id='word_1_39' title='bbox 1570 691 1825 762; x_wconf 89' lang='lat' dir='ltr'>populus</span> <span class='ocrx_word' id='word_1_40' title='bbox 1857 690 1915 742; x_wconf 92' lang='lat' dir='ltr'>in</span> <span class='ocrx_word' id='word_1_41' title='bbox 1950 694 2066 743; x_wconf 86' lang='lat' dir='ltr'>tres</span> 
     </span>
    </p>
   </div>
   <div class='ocr_carea' id='block_1_9' title="bbox 415 777 2067 855">
    <p class='ocr_par' dir='ltr' id='par_1_9' title="bbox 415 777 2067 855">
     <span class='ocr_line' id='line_1_9' title="bbox 415 777 2067 855; baseline -0.006 -15"><span class='ocrx_word' id='word_1_42' title='bbox 415 790 610 855; x_wconf 86' lang='lat' dir='ltr'>partes</span> <span class='ocrx_word' id='word_1_43' title='bbox 651 785 877 839; x_wconf 88' lang='lat' dir='ltr'>divisus</span> <span class='ocrx_word' id='word_1_44' title='bbox 922 788 1095 847; x_wconf 85' lang='lat' dir='ltr'>esset,</span> <span class='ocrx_word' id='word_1_45' title='bbox 1120 797 1370 852; x_wconf 91' lang='lat' dir='ltr'>quorum</span> <span class='ocrx_word' id='word_1_46' title='bbox 1422 795 1558 850; x_wconf 88' lang='lat' dir='ltr'>pars</span> <span class='ocrx_word' id='word_1_47' title='bbox 1589 795 1619 832; x_wconf 90' lang='lat' dir='ltr'>e</span> <span class='ocrx_word' id='word_1_48' title='bbox 1650 779 1800 833; x_wconf 87' lang='lat' dir='ltr'>circo</span> <span class='ocrx_word' id='word_1_49' title='bbox 1834 777 2067 848; x_wconf 86' lang='lat' dir='ltr'>ingrue-</span> 
     </span>
    </p>
   </div>
   <div class='ocr_carea' id='block_1_10' title="bbox 417 866 2067 940">
    <p class='ocr_par' dir='ltr' id='par_1_10' title="bbox 417 866 2067 940">
     <span class='ocr_line' id='line_1_10' title="bbox 417 866 2067 940; baseline -0.006 -12"><span class='ocrx_word' id='word_1_50' title='bbox 417 874 533 940; x_wconf 94' lang='lat' dir='ltr'>bat,</span> <span class='ocrx_word' id='word_1_51' title='bbox 569 872 754 927; x_wconf 88' lang='lat' dir='ltr'>altera</span> <span class='ocrx_word' id='word_1_52' title='bbox 786 872 854 926; x_wconf 93' lang='lat' dir='ltr'>ad</span> <span class='ocrx_word' id='word_1_53' title='bbox 895 870 1192 935; x_wconf 88' lang='lat' dir='ltr'>Excubita,</span> <span class='ocrx_word' id='word_1_54' title='bbox 1226 867 1398 923; x_wconf 89' lang='lat' dir='ltr'>tertia</span> <span class='ocrx_word' id='word_1_55' title='bbox 1440 868 1511 921; x_wconf 90' lang='lat' dir='ltr'>ad</span> <span class='ocrx_word' id='word_1_56' title='bbox 1544 866 2067 935; x_wconf 83' lang='lat' dir='ltr'>szcanisterium,</span> 
     </span>
    </p>
   </div>
   <div class='ocr_carea' id='block_1_11' title="bbox 417 955 2067 1033">
    <p class='ocr_par' dir='ltr' id='par_1_11' title="bbox 417 955 2067 1033">
     <span class='ocr_line' id='line_1_11' title="bbox 417 955 2067 1033; baseline -0.005 -18"><span class='ocrx_word' id='word_1_57' title='bbox 417 960 776 1033; x_wconf 83' lang='lat' dir='ltr'>imperatorii</span> <span class='ocrx_word' id='word_1_58' title='bbox 819 975 1050 1031; x_wconf 91' lang='lat' dir='ltr'>quoque</span> <span class='ocrx_word' id='word_1_59' title='bbox 1103 956 1394 1026; x_wconf 90' lang='lat' dir='ltr'>tripartito</span> <span class='ocrx_word' id='word_1_60' title='bbox 1449 957 1564 1009; x_wconf 89' lang='lat' dir='ltr'>vim</span> <span class='ocrx_word' id='word_1_61' title='bbox 1615 955 2067 1019; x_wconf 89' lang='lat' dir='ltr'>distribuerunt,</span> 
     </span>
    </p>
   </div>
   <div class='ocr_carea' id='block_1_12' title="bbox 418 1043 2072 1119">
    <p class='ocr_par' dir='ltr' id='par_1_12' title="bbox 418 1043 2072 1119">
     <span class='ocr_line' id='line_1_12' title="bbox 418 1043 2072 1119; baseline -0.005 -15"><span class='ocrx_word' id='word_1_62' title='bbox 418 1050 705 1119; x_wconf 85' lang='lat' dir='ltr'>multique</span> <span class='ocrx_word' id='word_1_63' title='bbox 758 1048 967 1101; x_wconf 81' lang='lat' dir='ltr'>civium</span> <span class='ocrx_word' id='word_1_64' title='bbox 1020 1045 1193 1100; x_wconf 90' lang='lat' dir='ltr'>occisi</span> <span class='ocrx_word' id='word_1_65' title='bbox 1242 1049 1401 1108; x_wconf 88' lang='lat' dir='ltr'>sunt,</span> <span class='ocrx_word' id='word_1_66' title='bbox 1432 1049 1633 1114; x_wconf 90' lang='lat' dir='ltr'>utpote</span> <span class='ocrx_word' id='word_1_67' title='bbox 1682 1045 1782 1113; x_wconf 89' lang='lat' dir='ltr'>qui</span> <span class='ocrx_word' id='word_1_68' title='bbox 1835 1043 1975 1097; x_wconf 89' lang='lat' dir='ltr'>nudi</span> <span class='ocrx_word' id='word_1_69' title='bbox 2016 1049 2072 1097; x_wconf 91' lang='lat' dir='ltr'>et</span> 
     </span>
    </p>
   </div>
   <div class='ocr_carea' id='block_1_13' title="bbox 415 1130 2070 1206">
    <p class='ocr_par' dir='ltr' id='par_1_13' title="bbox 415 1130 2070 1206">
     <span class='ocr_line' id='line_1_13' title="bbox 415 1130 2070 1206; baseline -0.004 -15"><span class='ocrx_word' id='word_1_70' title='bbox 415 1138 671 1191; x_wconf 82' lang='lat' dir='ltr'>inermes</span> <span class='ocrx_word' id='word_1_71' title='bbox 721 1135 872 1192; x_wconf 75' lang='lat'>589</span> <span class='ocrx_word' id='word_1_72' title='bbox 915 1134 1232 1206; x_wconf 80' lang='lat' dir='ltr'>lapidibus,</span> <span class='ocrx_word' id='word_1_73' title='bbox 1267 1132 1444 1204; x_wconf 86' lang='lat' dir='ltr'>lignis</span> <span class='ocrx_word' id='word_1_74' title='bbox 1496 1137 1671 1202; x_wconf 83' lang='lat' dir='ltr'>atque</span> <span class='ocrx_word' id='word_1_75' title='bbox 1721 1130 1851 1185; x_wconf 90' lang='lat' dir='ltr'>aliis</span> <span class='ocrx_word' id='word_1_76' title='bbox 1885 1131 1937 1183; x_wconf 91' lang='lat' dir='ltr'>id</span> <span class='ocrx_word' id='word_1_77' title='bbox 1973 1146 2070 1201; x_wconf 84' lang='lat' dir='ltr'>ge-</span> 
     </span>
    </p>
   </div>
   <div class='ocr_carea' id='block_1_14' title="bbox 416 1220 2067 1293">
    <p class='ocr_par' dir='ltr' id='par_1_14' title="bbox 416 1220 2067 1293">
     <span class='ocr_line' id='line_1_14' title="bbox 416 1220 2067 1293; baseline -0.001 -15"><span class='ocrx_word' id='word_1_78' title='bbox 416 1242 528 1279; x_wconf 91' lang='lat' dir='ltr'>nus</span> <span class='ocrx_word' id='word_1_79' title='bbox 559 1225 732 1278; x_wconf 87' lang='lat' dir='ltr'>rebus</span> <span class='ocrx_word' id='word_1_80' title='bbox 763 1222 1047 1293; x_wconf 84' lang='lat' dir='ltr'>correptis</span> <span class='ocrx_word' id='word_1_81' title='bbox 1098 1228 1301 1276; x_wconf 84' lang='lat' dir='ltr'>contra</span> <span class='ocrx_word' id='word_1_82' title='bbox 1355 1225 1611 1274; x_wconf 87' lang='lat' dir='ltr'>armatos</span> <span class='ocrx_word' id='word_1_83' title='bbox 1645 1220 2067 1289; x_wconf 75' lang='lat' dir='ltr'>depugnarent.</span> 
     </span>
    </p>
   </div>
   <div class='ocr_carea' id='block_1_15' title="bbox 416 1307 2069 1377">
    <p class='ocr_par' dir='ltr' id='par_1_15' title="bbox 416 1307 2069 1377">
     <span class='ocr_line' id='line_1_15' title="bbox 416 1307 2069 1377; baseline -0.005 -10"><span class='ocrx_word' id='word_1_84' title='bbox 416 1314 483 1367; x_wconf 85' lang='lat' dir='ltr'>Et</span> <span class='ocrx_word' id='word_1_85' title='bbox 514 1313 682 1367; x_wconf 91' lang='lat' dir='ltr'>aiunt</span> <span class='ocrx_word' id='word_1_86' title='bbox 712 1313 779 1366; x_wconf 89' lang='lat' dir='ltr'>ad</span> <span class='ocrx_word' id='word_1_87' title='bbox 826 1312 939 1366; x_wconf 90' lang='lat' dir='ltr'>tria</span> <span class='ocrx_word' id='word_1_88' title='bbox 968 1310 1222 1364; x_wconf 89' lang='lat' dir='ltr'>virorum</span> <span class='ocrx_word' id='word_1_89' title='bbox 1276 1308 1459 1362; x_wconf 80' lang='lat' dir='ltr'>millia</span> <span class='ocrx_word' id='word_1_90' title='bbox 1491 1325 1555 1363; x_wconf 88' lang='lat' dir='ltr'>eo</span> <span class='ocrx_word' id='word_1_91' title='bbox 1589 1309 1682 1362; x_wconf 88' lang='lat' dir='ltr'>die</span> <span class='ocrx_word' id='word_1_92' title='bbox 1713 1308 1786 1377; x_wconf 86' lang='lat' dir='ltr'>(is</span> <span class='ocrx_word' id='word_1_93' title='bbox 1816 1307 1927 1360; x_wconf 86' lang='lat' dir='ltr'>fuit</span> <span class='ocrx_word' id='word_1_94' title='bbox 1958 1314 2069 1360; x_wconf 77' lang='lat' dir='ltr'>ter-</span> 
     </span>
    </p>
   </div>
   <div class='ocr_carea' id='block_1_16' title="bbox 414 1393 2069 1471">
    <p class='ocr_par' dir='ltr' id='par_1_16' title="bbox 414 1393 2069 1471">
     <span class='ocr_line' id='line_1_16' title="bbox 414 1393 2069 1471; baseline -0.006 -14"><span class='ocrx_word' id='word_1_95' title='bbox 414 1403 535 1457; x_wconf 88' lang='lat' dir='ltr'>tius</span> <span class='ocrx_word' id='word_1_96' title='bbox 566 1400 993 1471; x_wconf 90' lang='lat' dir='ltr'>antipaschatis</span> <span class='ocrx_word' id='word_1_97' title='bbox 1016 1399 1165 1465; x_wconf 87' lang='lat' dir='ltr'>dies)</span> <span class='ocrx_word' id='word_1_98' title='bbox 1187 1397 1380 1452; x_wconf 91' lang='lat' dir='ltr'>occisa</span> <span class='ocrx_word' id='word_1_99' title='bbox 1414 1396 1893 1451; x_wconf 86' lang='lat' dir='ltr'>fuisse.Tandem</span> <span class='ocrx_word' id='word_1_100' title='bbox 1917 1393 2069 1449; x_wconf 88' lang='lat' dir='ltr'>mul-</span> 
     </span>
    </p>
   </div>
   <div class='ocr_carea' id='block_1_17' title="bbox 414 1484 2071 1559">
    <p class='ocr_par' dir='ltr' id='par_1_17' title="bbox 414 1484 2071 1559">
     <span class='ocr_line' id='line_1_17' title="bbox 414 1484 2071 1559; baseline -0.004 -15"><span class='ocrx_word' id='word_1_101' title='bbox 414 1490 666 1544; x_wconf 87' lang='lat' dir='ltr'>tiludine</span> <span class='ocrx_word' id='word_1_102' title='bbox 695 1489 1107 1559; x_wconf 81' lang='lat' dir='ltr'>imperatorias</span> <span class='ocrx_word' id='word_1_103' title='bbox 1140 1487 1347 1540; x_wconf 88' lang='lat' dir='ltr'>urbani</span> <span class='ocrx_word' id='word_1_104' title='bbox 1384 1486 1664 1551; x_wconf 87' lang='lat' dir='ltr'>vicerunt,</span> <span class='ocrx_word' id='word_1_105' title='bbox 1689 1502 1755 1539; x_wconf 91' lang='lat' dir='ltr'>ac</span> <span class='ocrx_word' id='word_1_106' title='bbox 1780 1484 2071 1554; x_wconf 86' lang='lat' dir='ltr'>perruptis</span> 
     </span>
    </p>
   </div>
   <div class='ocr_carea' id='block_1_18' title="bbox 418 1572 2069 1649">
    <p class='ocr_par' dir='ltr' id='par_1_18' title="bbox 418 1572 2069 1649">
     <span class='ocr_line' id='line_1_18' title="bbox 418 1572 2069 1649; baseline -0.004 -17"><span class='ocrx_word' id='word_1_107' title='bbox 418 1578 600 1649; x_wconf 89' lang='lat' dir='ltr'>portis</span> <span class='ocrx_word' id='word_1_108' title='bbox 624 1576 904 1648; x_wconf 83' lang='lat' dir='ltr'>palatium</span> <span class='ocrx_word' id='word_1_109' title='bbox 931 1575 1179 1643; x_wconf 81' lang='lat' dir='ltr'>ingressi</span> <span class='ocrx_word' id='word_1_110' title='bbox 1205 1591 1410 1628; x_wconf 88' lang='lat' dir='ltr'>aurum</span> <span class='ocrx_word' id='word_1_111' title='bbox 1439 1580 1494 1626; x_wconf 92' lang='lat' dir='ltr'>et</span> <span class='ocrx_word' id='word_1_112' title='bbox 1516 1572 1799 1643; x_wconf 88' lang='lat' dir='ltr'>quidquid</span> <span class='ocrx_word' id='word_1_113' title='bbox 1825 1573 1881 1626; x_wconf 90' lang='lat' dir='ltr'>in</span> <span class='ocrx_word' id='word_1_114' title='bbox 1902 1574 2069 1627; x_wconf 89' lang='lat' dir='ltr'>Secto</span> 
     </span>
    </p>
   </div>
   <div class='ocr_carea' id='block_1_19' title="bbox 418 1660 2067 1733">
    <p class='ocr_par' dir='ltr' id='par_1_19' title="bbox 418 1660 2067 1733">
     <span class='ocr_line' id='line_1_19' title="bbox 418 1660 2067 1733; baseline -0.003 -13"><span class='ocrx_word' id='word_1_115' title='bbox 418 1671 542 1720; x_wconf 90' lang='lat' dir='ltr'>erat</span> <span class='ocrx_word' id='word_1_116' title='bbox 570 1680 765 1720; x_wconf 88' lang='lat' dir='ltr'>rerum</span> <span class='ocrx_word' id='word_1_117' title='bbox 808 1664 1201 1733; x_wconf 82' lang='lat' dir='ltr'>diripuerunt,</span> <span class='ocrx_word' id='word_1_118' title='bbox 1234 1661 1500 1733; x_wconf 88' lang='lat' dir='ltr'>publicas</span> <span class='ocrx_word' id='word_1_119' title='bbox 1533 1676 1767 1732; x_wconf 81' lang='lat' dir='ltr'>quoque</span> <span class='ocrx_word' id='word_1_120' title='bbox 1814 1660 2067 1715; x_wconf 91' lang='lat' dir='ltr'>tributo-</span> 
     </span>
    </p>
   </div>
   <div class='ocr_carea' id='block_1_20' title="bbox 421 1749 2067 1822">
    <p class='ocr_par' dir='ltr' id='par_1_20' title="bbox 421 1749 2067 1822">
     <span class='ocr_line' id='line_1_20' title="bbox 421 1749 2067 1822; baseline -0.002 -13"><span class='ocrx_word' id='word_1_121' title='bbox 421 1770 547 1809; x_wconf 88' lang='lat' dir='ltr'>rum</span> <span class='ocrx_word' id='word_1_122' title='bbox 607 1752 839 1808; x_wconf 82' lang='lat' dir='ltr'>tabulas</span> <span class='ocrx_word' id='word_1_123' title='bbox 893 1751 1331 1821; x_wconf 85' lang='lat' dir='ltr'>consciderunt,</span> <span class='ocrx_word' id='word_1_124' title='bbox 1380 1750 1693 1822; x_wconf 88' lang='lat' dir='ltr'>ipsumque</span> <span class='ocrx_word' id='word_1_125' title='bbox 1749 1749 2067 1821; x_wconf 88' lang='lat' dir='ltr'>imperato-</span> 
     </span>
    </p>
   </div>
   <div class='ocr_carea' id='block_1_21' title="bbox 420 1838 2067 1913">
    <p class='ocr_par' dir='ltr' id='par_1_21' title="bbox 420 1838 2067 1913">
     <span class='ocr_line' id='line_1_21' title="bbox 420 1838 2067 1913; baseline -0.002 -16"><span class='ocrx_word' id='word_1_126' title='bbox 420 1858 541 1897; x_wconf 89' lang='lat' dir='ltr'>rem</span> <span class='ocrx_word' id='word_1_127' title='bbox 574 1840 1069 1913; x_wconf 88' lang='lat' dir='ltr'>comprehendere</span> <span class='ocrx_word' id='word_1_128' title='bbox 1119 1839 1312 1894; x_wconf 87' lang='lat' dir='ltr'>conati</span> <span class='ocrx_word' id='word_1_129' title='bbox 1343 1844 1502 1894; x_wconf 88' lang='lat' dir='ltr'>sunt.</span> <span class='ocrx_word' id='word_1_130' title='bbox 1535 1838 1641 1902; x_wconf 88' lang='lat' dir='ltr'>Qui</span> <span class='ocrx_word' id='word_1_131' title='bbox 1675 1844 1739 1892; x_wconf 91' lang='lat' dir='ltr'>ut</span> <span class='ocrx_word' id='word_1_132' title='bbox 1784 1855 1848 1893; x_wconf 88' lang='lat' dir='ltr'>se</span> <span class='ocrx_word' id='word_1_133' title='bbox 1896 1854 2067 1908; x_wconf 88' lang='lat' dir='ltr'>supe-</span> 
     </span>
    </p>
   </div>
   <div class='ocr_carea' id='block_1_22' title="bbox 422 1926 2072 2000">
    <p class='ocr_par' dir='ltr' id='par_1_22' title="bbox 422 1926 2072 2000">
     <span class='ocr_line' id='line_1_22' title="bbox 422 1926 2072 2000; baseline -0.004 -15"><span class='ocrx_word' id='word_1_134' title='bbox 422 1938 613 1985; x_wconf 88' lang='lat' dir='ltr'>ratum</span> <span class='ocrx_word' id='word_1_135' title='bbox 653 1929 819 1997; x_wconf 88' lang='lat' dir='ltr'>vidit,</span> <span class='ocrx_word' id='word_1_136' title='bbox 852 1928 1227 2000; x_wconf 87' lang='lat' dir='ltr'>imperatoria</span> <span class='ocrx_word' id='word_1_137' title='bbox 1275 1927 1463 1982; x_wconf 85' lang='lat' dir='ltr'>celoce</span> <span class='ocrx_word' id='word_1_138' title='bbox 1512 1943 1643 1980; x_wconf 92' lang='lat' dir='ltr'>cum</span> <span class='ocrx_word' id='word_1_139' title='bbox 1695 1926 2072 1980; x_wconf 84' lang='lat' dir='ltr'>Nobilissimo</span> 
     </span>
    </p>
   </div>
   <div class='ocr_carea' id='block_1_23' title="bbox 423 2014 2068 2087">
    <p class='ocr_par' dir='ltr' id='par_1_23' title="bbox 423 2014 2068 2087">
     <span class='ocr_line' id='line_1_23' title="bbox 423 2014 2068 2087; baseline -0.002 -14"><span class='ocrx_word' id='word_1_140' title='bbox 423 2035 745 2074; x_wconf 89' lang='lat' dir='ltr'>conscensa</span> <span class='ocrx_word' id='word_1_141' title='bbox 793 2017 1037 2087; x_wconf 87' lang='lat' dir='ltr'>aliisque</span> <span class='ocrx_word' id='word_1_142' title='bbox 1068 2016 1315 2084; x_wconf 88' lang='lat' dir='ltr'>intimis,</span> <span class='ocrx_word' id='word_1_143' title='bbox 1350 2016 1551 2070; x_wconf 90' lang='lat' dir='ltr'>relicta</span> <span class='ocrx_word' id='word_1_144' title='bbox 1597 2015 1655 2068; x_wconf 90' lang='lat' dir='ltr'>in</span> <span class='ocrx_word' id='word_1_145' title='bbox 1691 2014 1907 2086; x_wconf 89' lang='lat' dir='ltr'>palatio</span> <span class='ocrx_word' id='word_1_146' title='bbox 1936 2016 2068 2082; x_wconf 90' lang='lat' dir='ltr'>Zoa,</span> 
     </span>
    </p>
   </div>
   <div class='ocr_carea' id='block_1_24' title="bbox 424 2104 2066 2179">
    <p class='ocr_par' dir='ltr' id='par_1_24' title="bbox 424 2104 2066 2179">
     <span class='ocr_line' id='line_1_24' title="bbox 424 2104 2066 2179; baseline -0.002 -16"><span class='ocrx_word' id='word_1_147' title='bbox 424 2112 633 2179; x_wconf 89' lang='lat' dir='ltr'>quarta</span> <span class='ocrx_word' id='word_1_148' title='bbox 664 2107 825 2177; x_wconf 84' lang='lat' dir='ltr'>feria,</span> <span class='ocrx_word' id='word_1_149' title='bbox 860 2122 1093 2161; x_wconf 90' lang='lat' dir='ltr'>summo</span> <span class='ocrx_word' id='word_1_150' title='bbox 1126 2121 1316 2172; x_wconf 90' lang='lat' dir='ltr'>mane,</span> <span class='ocrx_word' id='word_1_151' title='bbox 1344 2104 1399 2158; x_wconf 91' lang='lat' dir='ltr'>in</span> <span class='ocrx_word' id='word_1_152' title='bbox 1424 2104 1613 2159; x_wconf 91' lang='lat' dir='ltr'>Studii</span> <span class='ocrx_word' id='word_1_153' title='bbox 1648 2104 2066 2160; x_wconf 87' lang='lat' dir='ltr'>monasterium</span> 
     </span>
    </p>
   </div>
   <div class='ocr_carea' id='block_1_25' title="bbox 410 2193 2067 2270">
    <p class='ocr_par' dir='ltr' id='par_1_25' title="bbox 410 2193 2067 2270">
     <span class='ocr_line' id='line_1_25' title="bbox 410 2193 2067 2270; baseline -0.001 -19"><span class='ocrx_word' id='word_1_154' title='bbox 410 2198 690 2270; x_wconf 80' lang='lat' dir='ltr'>perfugit,</span> <span class='ocrx_word' id='word_1_155' title='bbox 723 2201 779 2252; x_wconf 90' lang='lat' dir='ltr'>et</span> <span class='ocrx_word' id='word_1_156' title='bbox 809 2212 941 2250; x_wconf 90' lang='lat' dir='ltr'>cum</span> <span class='ocrx_word' id='word_1_157' title='bbox 976 2194 1103 2266; x_wconf 89' lang='lat' dir='ltr'>ipse</span> <span class='ocrx_word' id='word_1_158' title='bbox 1147 2199 1271 2249; x_wconf 90' lang='lat' dir='ltr'>tum</span> <span class='ocrx_word' id='word_1_159' title='bbox 1318 2193 1754 2261; x_wconf 89' lang='lat' dir='ltr'>Nobilissimus,</span> <span class='ocrx_word' id='word_1_160' title='bbox 1793 2194 2067 2250; x_wconf 90' lang='lat' dir='ltr'>monachi</span> 
     </span>
    </p>
   </div>
   <div class='ocr_carea' id='block_1_26' title="bbox 411 2285 953 2342">
    <p class='ocr_par' dir='ltr' id='par_1_26' title="bbox 411 2285 953 2342">
     <span class='ocr_line' id='line_1_26' title="bbox 411 2285 953 2342; baseline -0.007 -1"><span class='ocrx_word' id='word_1_161' title='bbox 411 2287 613 2342; x_wconf 87' lang='lat' dir='ltr'>habitu</span> <span class='ocrx_word' id='word_1_162' title='bbox 646 2301 707 2341; x_wconf 87' lang='lat' dir='ltr'>se</span> <span class='ocrx_word' id='word_1_163' title='bbox 740 2285 953 2340; x_wconf 86' lang='lat' dir='ltr'>induit.</span> 
     </span>
    </p>
   </div>
   <div class='ocr_carea' id='block_1_27' title="bbox 2179 507 3828 587">
    <p class='ocr_par' dir='ltr' id='par_1_27' title="bbox 2179 507 3828 587">
     <span class='ocr_line' id='line_1_27' title="bbox 2179 507 3828 587; baseline 0.001 -25"><span class='ocrx_word' id='word_1_164' title='bbox 2179 530 2359 580; x_wconf 84' lang='grc' dir='ltr'>μενος.</span> <span class='ocrx_word' id='word_1_165' title='bbox 2412 510 2517 564; x_wconf 85' lang='grc' dir='ltr'>Καὶ</span> <span class='ocrx_word' id='word_1_166' title='bbox 2569 507 2768 564; x_wconf 89' lang='grc' dir='ltr'>λοιπὸν</span> <span class='ocrx_word' id='word_1_167' title='bbox 2818 509 3089 586; x_wconf 77' lang='grc' dir='ltr'>ἀπογνοὺς</span> <span class='ocrx_word' id='word_1_168' title='bbox 3134 511 3351 587; x_wconf 86' lang='grc' dir='ltr'>έγνώκει</span> <span class='ocrx_word' id='word_1_169' title='bbox 3414 512 3489 573; x_wconf 75' lang='grc' dir='ltr'>είς</span> <span class='ocrx_word' id='word_1_170' title='bbox 3545 512 3608 566; x_wconf 85' lang='grc' dir='ltr'>τὸ</span> <span class='ocrx_word' id='word_1_171' title='bbox 3662 531 3828 583; x_wconf 84' lang='grc' dir='ltr'>μονα-</span> 
     </span>
    </p>
   </div>
   <div class='ocr_carea' id='block_1_28' title="bbox 2176 596 3827 673">
    <p class='ocr_par' dir='ltr' id='par_1_28' title="bbox 2176 596 3827 673">
     <span class='ocr_line' id='line_1_28' title="bbox 2176 596 3827 673; baseline 0.002 -23"><span class='ocrx_word' id='word_1_172' title='bbox 2176 599 2403 671; x_wconf 87' lang='grc' dir='ltr'>στήριον</span> <span class='ocrx_word' id='word_1_173' title='bbox 2448 596 2702 652; x_wconf 83' lang='grc' dir='ltr'>ἀπελθεῖν</span> <span class='ocrx_word' id='word_1_174' title='bbox 2769 602 2879 653; x_wconf 88' lang='grc' dir='ltr'>τῶν</span> <span class='ocrx_word' id='word_1_175' title='bbox 2948 598 3212 654; x_wconf 86' lang='grc' dir='ltr'>Στουδίου</span> <span class='ocrx_word' id='word_1_176' title='bbox 3275 599 3363 654; x_wconf 81' lang='grc' dir='ltr'>καὶ</span> <span class='ocrx_word' id='word_1_177' title='bbox 3419 600 3827 673; x_wconf 79' lang='grc' dir='ltr'>ἀποκείρασθαι.</span> 
     </span>
    </p>
   </div>
   <div class='ocr_carea' id='block_1_29' title="bbox 2175 684 3827 763">
    <p class='ocr_par' dir='ltr' id='par_1_29' title="bbox 2175 684 3827 763">
     <span class='ocr_line' id='line_1_29' title="bbox 2175 684 3827 763; baseline 0 -22"><span class='ocrx_word' id='word_1_178' title='bbox 2175 684 2331 741; x_wconf 84' lang='grc' dir='ltr'>Ἀλλ’</span> <span class='ocrx_word' id='word_1_179' title='bbox 2364 685 2462 740; x_wconf 78' lang='grc' dir='ltr'>οὐκ</span> <span class='ocrx_word' id='word_1_180' title='bbox 2511 686 2713 763; x_wconf 78' lang='grc' dir='ltr'>ἀφῆκεν</span> <span class='ocrx_word' id='word_1_181' title='bbox 2765 686 2924 741; x_wconf 77' lang='grc' dir='ltr'>αὐτὸν</span> <span class='ocrx_word' id='word_1_182' title='bbox 2980 689 3008 741; x_wconf 93' lang='lat'>6</span> <span class='ocrx_word' id='word_1_183' title='bbox 3041 685 3362 761; x_wconf 75' lang='grc' dir='ltr'>δομέστικος</span> <span class='ocrx_word' id='word_1_184' title='bbox 3414 692 3521 743; x_wconf 90' lang='grc' dir='ltr'>τῶν</span> <span class='ocrx_word' id='word_1_185' title='bbox 3584 685 3827 763; x_wconf 74' lang='grc' dir='ltr'>σχολῶν,</span> 
     </span>
    </p>
   </div>
   <div class='ocr_carea' id='block_1_30' title="bbox 2177 772 3828 851">
    <p class='ocr_par' dir='ltr' id='par_1_30' title="bbox 2177 772 3828 851">
     <span class='ocr_line' id='line_1_30' title="bbox 2177 772 3828 851; baseline 0.001 -23"><span class='ocrx_word' id='word_1_186' title='bbox 2177 772 2344 828; x_wconf 74' lang='grc' dir='ltr'>εἶπὼν</span> <span class='ocrx_word' id='word_1_187' title='bbox 2404 776 2481 846; x_wconf 74' lang='grc' dir='ltr'>μὴ</span> <span class='ocrx_word' id='word_1_188' title='bbox 2525 774 2668 829; x_wconf 74' lang='grc' dir='ltr'>οὕτω</span> <span class='ocrx_word' id='word_1_189' title='bbox 2728 773 2928 851; x_wconf 73' lang='grc' dir='ltr'>ῥᾳδίως</span> <span class='ocrx_word' id='word_1_190' title='bbox 2978 776 3297 832; x_wconf 75' lang='grc' dir='ltr'>καταλιπεῖν</span> <span class='ocrx_word' id='word_1_191' title='bbox 3341 779 3440 845; x_wconf 78' lang='grc' dir='ltr'>τήν</span> <span class='ocrx_word' id='word_1_192' title='bbox 3499 777 3680 851; x_wconf 69' lang='grc' dir='ltr'>ἀρχὴν</span> <span class='ocrx_word' id='word_1_193' title='bbox 3740 776 3828 831; x_wconf 81' lang='grc' dir='ltr'>καὶ</span> 
     </span>
    </p>
   </div>
   <div class='ocr_carea' id='block_1_31' title="bbox 2180 861 3828 938">
    <p class='ocr_par' dir='ltr' id='par_1_31' title="bbox 2180 861 3828 938">
     <span class='ocr_line' id='line_1_31' title="bbox 2180 861 3828 938; baseline 0.002 -23"><span class='ocrx_word' id='word_1_194' title='bbox 2180 861 2564 937; x_wconf 77' lang='grc' dir='ltr'>ὑποχωρῆσαι,</span> <span class='ocrx_word' id='word_1_195' title='bbox 2596 861 2744 918; x_wconf 80' lang='grc' dir='ltr'>ἀλλὰ</span> <span class='ocrx_word' id='word_1_196' title='bbox 2774 864 3037 938; x_wconf 79' lang='grc' dir='ltr'>γενναίως</span> <span class='ocrx_word' id='word_1_197' title='bbox 3087 865 3395 935; x_wconf 80' lang='grc' dir='ltr'>ἀντιστῆναι</span> <span class='ocrx_word' id='word_1_198' title='bbox 3426 865 3516 919; x_wconf 83' lang='grc' dir='ltr'>καὶ</span> <span class='ocrx_word' id='word_1_199' title='bbox 3542 865 3577 933; x_wconf 73' lang='grc' dir='ltr'>ἢ</span> <span class='ocrx_word' id='word_1_200' title='bbox 3608 865 3828 925; x_wconf 86' lang='grc' dir='ltr'>πάντως</span> 
     </span>
    </p>
   </div>
   <div class='ocr_carea' id='block_1_32' title="bbox 2181 950 3831 1029">
    <p class='ocr_par' dir='ltr' id='par_1_32' title="bbox 2181 950 3831 1029">
     <span class='ocr_line' id='line_1_32' title="bbox 2181 950 3831 1029; baseline 0.002 -27"><span class='ocrx_word' id='word_1_201' title='bbox 2181 950 2535 1024; x_wconf 78' lang='grc' dir='ltr'>ὑπερισχῦσαι</span> <span class='ocrx_word' id='word_1_202' title='bbox 2568 952 2604 1021; x_wconf 78' lang='grc' dir='ltr'><strong>ἢ</strong></span> <span class='ocrx_word' id='word_1_203' title='bbox 2641 950 3053 1029; x_wconf 79' lang='grc' dir='ltr'>μεγαλοψύχως</span> <span class='ocrx_word' id='word_1_204' title='bbox 3079 954 3170 1008; x_wconf 82' lang='grc' dir='ltr'>καὶ</span> <span class='ocrx_word' id='word_1_205' title='bbox 3226 952 3522 1029; x_wconf 81' lang='grc' dir='ltr'>βασιλικῶς</span> <span class='ocrx_word' id='word_1_206' title='bbox 3577 953 3652 1013; x_wconf 86' lang='grc' dir='ltr'>ὡς</span> <span class='ocrx_word' id='word_1_207' title='bbox 3706 951 3831 1027; x_wconf 80' lang='grc' dir='ltr'>πρέ⁴</span> 
     </span>
    </p>
   </div>
   <div class='ocr_carea' id='block_1_33' title="bbox 2178 1038 3831 1116">
    <p class='ocr_par' dir='ltr' id='par_1_33' title="bbox 2178 1038 3831 1116">
     <span class='ocr_line' id='line_1_33' title="bbox 2178 1038 3831 1116; baseline 0.007 -25"><span class='ocrx_word' id='word_1_208' title='bbox 2178 1058 2277 1091; x_wconf 88' lang='grc' dir='ltr'>πον</span> <span class='ocrx_word' id='word_1_209' title='bbox 2364 1038 2508 1093; x_wconf 79' lang='grc' dir='ltr'>ἐστὶν</span> <span class='ocrx_word' id='word_1_210' title='bbox 2605 1040 2894 1103; x_wconf 84' lang='grc' dir='ltr'>ἀποθανεῖν</span> <span class='ocrx_word' id='word_1_211' title='bbox 2974 1040 3238 1116; x_wconf 82' lang='grc' dir='ltr'>βασιλέα.</span> <span class='ocrx_word' id='word_1_212' title='bbox 3298 1042 3511 1111; x_wconf 79' lang='grc' dir='ltr'>Ταύτης</span> <span class='ocrx_word' id='word_1_213' title='bbox 3601 1039 3659 1096; x_wconf 66' lang='grc' dir='ltr'>δὲ</span> <span class='ocrx_word' id='word_1_214' title='bbox 3731 1048 3831 1110; x_wconf 78' lang='grc' dir='ltr'>τῆς</span> 
     </span>
    </p>
   </div>
   <div class='ocr_carea' id='block_1_34' title="bbox 2176 1126 3833 1203">
    <p class='ocr_par' dir='ltr' id='par_1_34' title="bbox 2176 1126 3833 1203">
     <span class='ocr_line' id='line_1_34' title="bbox 2176 1126 3833 1203; baseline 0.002 -23"><span class='ocrx_word' id='word_1_215' title='bbox 2176 1127 2405 1203; x_wconf 79' lang='grc' dir='ltr'>γνώμης</span> <span class='ocrx_word' id='word_1_216' title='bbox 2437 1126 2899 1202; x_wconf 83' lang='grc' dir='ltr'>έπικρατησάσης,</span> <span class='ocrx_word' id='word_1_217' title='bbox 2933 1130 3063 1194; x_wconf 80' lang='grc' dir='ltr'>τοὺς</span> <span class='ocrx_word' id='word_1_218' title='bbox 3094 1130 3145 1185; x_wconf 78' lang='grc' dir='ltr'>ὲν</span> <span class='ocrx_word' id='word_1_219' title='bbox 3198 1134 3276 1186; x_wconf 88' lang='grc' dir='ltr'>τῶ</span> <span class='ocrx_word' id='word_1_220' title='bbox 3322 1128 3575 1202; x_wconf 86' lang='grc' dir='ltr'>παλατίῳ</span> <span class='ocrx_word' id='word_1_221' title='bbox 3630 1128 3833 1190; x_wconf 72' lang='grc' dir='ltr'>πάντας</span> 
     </span>
    </p>
   </div>
   <div class='ocr_carea' id='block_1_35' title="bbox 2178 1214 3834 1292">
    <p class='ocr_par' dir='ltr' id='par_1_35' title="bbox 2178 1214 3834 1292">
     <span class='ocr_line' id='line_1_35' title="bbox 2178 1214 3834 1292; baseline 0.002 -23"><span class='ocrx_word' id='word_1_222' title='bbox 2178 1216 2254 1277; x_wconf 85' lang='grc' dir='ltr'>ὡς</span> <span class='ocrx_word' id='word_1_223' title='bbox 2288 1216 2315 1270; x_wconf 98' lang='lat'>6</span> <span class='ocrx_word' id='word_1_224' title='bbox 2338 1217 2523 1292; x_wconf 85' lang='grc' dir='ltr'>καιρὸς</span> <span class='ocrx_word' id='word_1_225' title='bbox 2562 1214 2742 1273; x_wconf 87' lang='grc' dir='ltr'>έδίδου</span> <span class='ocrx_word' id='word_1_226' title='bbox 2770 1218 3109 1281; x_wconf 82' lang='grc' dir='ltr'>καθοπλίσας</span> <span class='ocrx_word' id='word_1_227' title='bbox 3143 1220 3324 1289; x_wconf 80' lang='grc' dir='ltr'>αὐτὸς,</span> <span class='ocrx_word' id='word_1_228' title='bbox 3359 1221 3446 1274; x_wconf 84' lang='grc' dir='ltr'>καὶ</span> <span class='ocrx_word' id='word_1_229' title='bbox 3499 1221 3527 1273; x_wconf 93' lang='lat'>6</span> <span class='ocrx_word' id='word_1_230' title='bbox 3568 1214 3834 1273; x_wconf 75' lang='grc' dir='ltr'>νωϐελίσο</span> 
     </span>
    </p>
   </div>
   <div class='ocr_carea' id='block_1_36' title="bbox 2179 1302 3835 1376">
    <p class='ocr_par' dir='ltr' id='par_1_36' title="bbox 2179 1302 3835 1376">
     <span class='ocr_line' id='line_1_36' title="bbox 2179 1302 3835 1376; baseline 0.002 -19"><span class='ocrx_word' id='word_1_231' title='bbox 2179 1325 2339 1376; x_wconf 80' lang='grc' dir='ltr'>σιμος</span> <span class='ocrx_word' id='word_1_232' title='bbox 2372 1302 2429 1358; x_wconf 72' lang='grc' dir='ltr'>δὲ</span> <span class='ocrx_word' id='word_1_233' title='bbox 2458 1306 2634 1359; x_wconf 88' lang='grc' dir='ltr'>πάντά</span> <span class='ocrx_word' id='word_1_234' title='bbox 2662 1307 2754 1361; x_wconf 85' lang='grc' dir='ltr'>τὸν</span> <span class='ocrx_word' id='word_1_235' title='bbox 2789 1306 2981 1361; x_wconf 72' lang='grc' dir='ltr'>ἑαυτοῦ</span> <span class='ocrx_word' id='word_1_236' title='bbox 3016 1305 3147 1362; x_wconf 87' lang='grc' dir='ltr'>λαὸν</span> <span class='ocrx_word' id='word_1_237' title='bbox 3186 1307 3292 1362; x_wconf 82' lang='grc' dir='ltr'>ἀπὸ</span> <span class='ocrx_word' id='word_1_238' title='bbox 3337 1311 3436 1361; x_wconf 77' lang='grc' dir='ltr'>τοῦ</span> <span class='ocrx_word' id='word_1_239' title='bbox 3486 1304 3627 1362; x_wconf 75' lang='grc' dir='ltr'>ἰδίου</span> <span class='ocrx_word' id='word_1_240' title='bbox 3678 1305 3835 1360; x_wconf 72' lang='grc' dir='ltr'>οἴκου</span> 
     </span>
    </p>
   </div>
   <div class='ocr_carea' id='block_1_37' title="bbox 2182 1391 3833 1469">
    <p class='ocr_par' dir='ltr' id='par_1_37' title="bbox 2182 1391 3833 1469">
     <span class='ocr_line' id='line_1_37' title="bbox 2182 1391 3833 1469; baseline 0.001 -23"><span class='ocrx_word' id='word_1_241' title='bbox 2182 1394 2673 1465; x_wconf 78' lang='grc' dir='ltr'>μεταπεμψάμενος</span> <span class='ocrx_word' id='word_1_242' title='bbox 2709 1391 2940 1449; x_wconf 77' lang='grc' dir='ltr'>ἔνοπλον</span> <span class='ocrx_word' id='word_1_243' title='bbox 2975 1393 3158 1469; x_wconf 78' lang='grc' dir='ltr'>(ἔτυχε</span> <span class='ocrx_word' id='word_1_244' title='bbox 3208 1392 3265 1449; x_wconf 80' lang='grc' dir='ltr'>δὶ</span> <span class='ocrx_word' id='word_1_245' title='bbox 3309 1395 3369 1450; x_wconf 80' lang='grc' dir='ltr'>ἐκ</span> <span class='ocrx_word' id='word_1_246' title='bbox 3412 1395 3663 1456; x_wconf 79' lang='grc' dir='ltr'>Σικελίας</span> <span class='ocrx_word' id='word_1_247' title='bbox 3714 1414 3833 1465; x_wconf 82' lang='grc' dir='ltr'>αρτι</span> 
     </span>
    </p>
   </div>
   <div class='ocr_carea' id='block_1_38' title="bbox 2177 1479 3831 1558">
    <p class='ocr_par' dir='ltr' id='par_1_38' title="bbox 2177 1479 3831 1558">
     <span class='ocr_line' id='line_1_38' title="bbox 2177 1479 3831 1558; baseline 0.002 -24"><span class='ocrx_word' id='word_1_248' title='bbox 2177 1479 2350 1544; x_wconf 80' lang='grc' dir='ltr'>ἐλθὼν</span> <span class='ocrx_word' id='word_1_249' title='bbox 2411 1481 2500 1535; x_wconf 84' lang='grc' dir='ltr'>καὶ</span> <span class='ocrx_word' id='word_1_250' title='bbox 2552 1482 2579 1536; x_wconf 90' lang='lat'>6</span> <span class='ocrx_word' id='word_1_251' title='bbox 2635 1484 2941 1558; x_wconf 83' lang='grc' dir='ltr'>στρατηγὸς</span> <span class='ocrx_word' id='word_1_252' title='bbox 3000 1482 3328 1539; x_wconf 82' lang='grc' dir='ltr'>Κατακαλὼν</span> <span class='ocrx_word' id='word_1_253' title='bbox 3384 1484 3411 1539; x_wconf 84' lang='grc' dir='ltr'>ὁ</span> <span class='ocrx_word' id='word_1_254' title='bbox 3462 1482 3831 1557; x_wconf 82' lang='grc' dir='ltr'>Κεκαυμὲνος,</span> 
     </span>
    </p>
   </div>
   <div class='ocr_carea' id='block_1_39' title="bbox 2174 1568 3830 1649">
    <p class='ocr_par' dir='ltr' id='par_1_39' title="bbox 2174 1568 3830 1649">
     <span class='ocr_line' id='line_1_39' title="bbox 2174 1568 3830 1649; baseline 0.002 -26"><span class='ocrx_word' id='word_1_255' title='bbox 2174 1569 2243 1623; x_wconf 75' lang='grc' dir='ltr'>τὰ</span> <span class='ocrx_word' id='word_1_256' title='bbox 2299 1568 2357 1623; x_wconf 72' lang='grc' dir='ltr'>ἐκ</span> <span class='ocrx_word' id='word_1_257' title='bbox 2406 1571 2666 1640; x_wconf 82' lang='grc' dir='ltr'>Μεσήνης</span> <span class='ocrx_word' id='word_1_258' title='bbox 2732 1570 3030 1646; x_wconf 78' lang='grc' dir='ltr'>εὐαγγέλια</span> <span class='ocrx_word' id='word_1_259' title='bbox 3076 1572 3330 1645; x_wconf 80' lang='grc' dir='ltr'>κομίσας)</span> <span class='ocrx_word' id='word_1_260' title='bbox 3397 1572 3656 1649; x_wconf 83' lang='grc' dir='ltr'>γενναίως</span> <span class='ocrx_word' id='word_1_261' title='bbox 3707 1573 3830 1627; x_wconf 81' lang='grc' dir='ltr'>άντ-</span> 
     </span>
    </p>
   </div>
   <div class='ocr_carea' id='block_1_40' title="bbox 2177 1657 3833 1737">
    <p class='ocr_par' dir='ltr' id='par_1_40' title="bbox 2177 1657 3833 1737">
     <span class='ocr_line' id='line_1_40' title="bbox 2177 1657 3833 1737; baseline 0.002 -24"><span class='ocrx_word' id='word_1_262' title='bbox 2177 1658 2360 1733; x_wconf 78' lang='grc' dir='ltr'>είχετο</span> <span class='ocrx_word' id='word_1_263' title='bbox 2388 1663 2495 1713; x_wconf 86' lang='grc' dir='ltr'>τῶν</span> <span class='ocrx_word' id='word_1_264' title='bbox 2519 1658 2875 1735; x_wconf 69' lang='grc' dir='ltr'>πραγμάτων.</span> <span class='ocrx_word' id='word_1_265' title='bbox 2912 1663 3024 1715; x_wconf 77' lang='grc' dir='ltr'>Τοῦ</span> <span class='ocrx_word' id='word_1_266' title='bbox 3078 1658 3136 1714; x_wconf 77' lang='grc' dir='ltr'>δὶ</span> <span class='ocrx_word' id='word_1_267' title='bbox 3176 1657 3358 1734; x_wconf 88' lang='grc' dir='ltr'>δήμου</span> <span class='ocrx_word' id='word_1_268' title='bbox 3404 1668 3574 1736; x_wconf 87' lang='grc' dir='ltr'>τριχῆ</span> <span class='ocrx_word' id='word_1_269' title='bbox 3620 1659 3833 1737; x_wconf 86' lang='grc' dir='ltr'>διαιρε-</span> 
     </span>
    </p>
   </div>
   <div class='ocr_carea' id='block_1_41' title="bbox 2179 1745 3831 1823">
    <p class='ocr_par' dir='ltr' id='par_1_41' title="bbox 2179 1745 3831 1823">
     <span class='ocr_line' id='line_1_41' title="bbox 2179 1745 3831 1823; baseline 0.005 -28"><span class='ocrx_word' id='word_1_270' title='bbox 2179 1749 2377 1816; x_wconf 66' lang='grc' dir='ltr'>θέντος,</span> <span class='ocrx_word' id='word_1_271' title='bbox 2412 1747 2500 1801; x_wconf 87' lang='grc' dir='ltr'>καὶ</span> <span class='ocrx_word' id='word_1_272' title='bbox 2539 1748 2735 1823; x_wconf 73' lang='grc' dir='ltr'>μέρους</span> <span class='ocrx_word' id='word_1_273' title='bbox 2770 1749 2865 1820; x_wconf 79' lang='grc' dir='ltr'>μὶν</span> <span class='ocrx_word' id='word_1_274' title='bbox 2901 1746 2953 1802; x_wconf 82' lang='grc' dir='ltr'>ἐν</span> <span class='ocrx_word' id='word_1_275' title='bbox 2999 1754 3080 1820; x_wconf 76' lang='grc' dir='ltr'>τῷ</span> <span class='ocrx_word' id='word_1_276' title='bbox 3128 1750 3338 1821; x_wconf 76' lang='grc' dir='ltr'>ἱππικῷ</span> <span class='ocrx_word' id='word_1_277' title='bbox 3394 1745 3831 1823; x_wconf 76' lang='grc' dir='ltr'>προσϐαλόντος,</span> 
     </span>
    </p>
   </div>
   <div class='ocr_carea' id='block_1_42' title="bbox 2183 1832 3833 1912">
    <p class='ocr_par' dir='ltr' id='par_1_42' title="bbox 2183 1832 3833 1912">
     <span class='ocr_line' id='line_1_42' title="bbox 2183 1832 3833 1912; baseline 0.002 -23"><span class='ocrx_word' id='word_1_278' title='bbox 2183 1835 2367 1910; x_wconf 75' lang='grc' dir='ltr'>ὲτέρου</span> <span class='ocrx_word' id='word_1_279' title='bbox 2427 1832 2484 1890; x_wconf 74' lang='grc' dir='ltr'><strong>δί</strong></span> <span class='ocrx_word' id='word_1_280' title='bbox 2534 1835 2671 1890; x_wconf 78' lang='grc' dir='ltr'>κατὰ</span> <span class='ocrx_word' id='word_1_281' title='bbox 2724 1836 2793 1890; x_wconf 76' lang='grc' dir='ltr'>τὰ</span> <span class='ocrx_word' id='word_1_282' title='bbox 2852 1832 3137 1906; x_wconf 75' lang='grc' dir='ltr'>ἐξκούϐιτα</span> <span class='ocrx_word' id='word_1_283' title='bbox 3192 1840 3325 1912; x_wconf 84' lang='grc'>(18),</span> <span class='ocrx_word' id='word_1_284' title='bbox 3358 1842 3454 1892; x_wconf 76' lang='grc' dir='ltr'>τοῦ</span> <span class='ocrx_word' id='word_1_285' title='bbox 3512 1835 3571 1893; x_wconf 71' lang='grc' dir='ltr'>δὲ</span> <span class='ocrx_word' id='word_1_286' title='bbox 3630 1840 3833 1894; x_wconf 76' lang='grc' dir='ltr'>λοιποῦ</span> 
     </span>
    </p>
   </div>
   <div class='ocr_carea' id='block_1_43' title="bbox 2180 1923 3833 2002">
    <p class='ocr_par' dir='ltr' id='par_1_43' title="bbox 2180 1923 3833 2002">
     <span class='ocr_line' id='line_1_43' title="bbox 2180 1923 3833 2002; baseline 0.001 -23"><span class='ocrx_word' id='word_1_287' title='bbox 2180 1924 2314 1980; x_wconf 87' lang='grc' dir='ltr'>κατά</span> <span class='ocrx_word' id='word_1_288' title='bbox 2360 1923 2423 1979; x_wconf 82' lang='grc' dir='ltr'>τὸ</span> <span class='ocrx_word' id='word_1_289' title='bbox 2472 1927 2947 1998; x_wconf 84' lang='grc' dir='ltr'>τζυκανιστήριον,</span> <span class='ocrx_word' id='word_1_290' title='bbox 2994 1926 3086 1980; x_wconf 83' lang='grc' dir='ltr'>καὶ</span> <span class='ocrx_word' id='word_1_291' title='bbox 3163 1927 3213 1981; x_wconf 76' lang='grc' dir='ltr'>οἱ</span> <span class='ocrx_word' id='word_1_292' title='bbox 3276 1926 3401 2001; x_wconf 89' lang='grc' dir='ltr'>περὶ</span> <span class='ocrx_word' id='word_1_293' title='bbox 3452 1926 3543 1982; x_wconf 84' lang='grc' dir='ltr'>τὸν</span> <span class='ocrx_word' id='word_1_294' title='bbox 3603 1927 3833 2002; x_wconf 79' lang='grc' dir='ltr'>βασιλέα</span> 
     </span>
    </p>
   </div>
   <div class='ocr_carea' id='block_1_44' title="bbox 2184 2010 3833 2088">
    <p class='ocr_par' dir='ltr' id='par_1_44' title="bbox 2184 2010 3833 2088">
     <span class='ocr_line' id='line_1_44' title="bbox 2184 2010 3833 2088; baseline 0.002 -21"><span class='ocrx_word' id='word_1_295' title='bbox 2184 2013 2258 2075; x_wconf 83' lang='grc' dir='ltr'>είς</span> <span class='ocrx_word' id='word_1_296' title='bbox 2316 2012 2438 2087; x_wconf 78' lang='grc' dir='ltr'>τρία</span> <span class='ocrx_word' id='word_1_297' title='bbox 2492 2015 2592 2082; x_wconf 84' lang='grc' dir='ltr'>τήν</span> <span class='ocrx_word' id='word_1_298' title='bbox 2652 2014 2853 2067; x_wconf 72' lang='grc' dir='ltr'>ἑαυτῶν</span> <span class='ocrx_word' id='word_1_299' title='bbox 2915 2010 3190 2076; x_wconf 78' lang='grc' dir='ltr'>διελόντες</span> <span class='ocrx_word' id='word_1_300' title='bbox 3276 2012 3502 2088; x_wconf 88' lang='grc' dir='ltr'>δύναμιν</span> <span class='ocrx_word' id='word_1_301' title='bbox 3556 2016 3833 2087; x_wconf 80' lang='grc' dir='ltr'>ἠμύνοντο</span> 
     </span>
    </p>
   </div>
   <div class='ocr_carea' id='block_1_45' title="bbox 2178 2101 3832 2178">
    <p class='ocr_par' dir='ltr' id='par_1_45' title="bbox 2178 2101 3832 2178">
     <span class='ocr_line' id='line_1_45' title="bbox 2178 2101 3832 2178; baseline 0 -21"><span class='ocrx_word' id='word_1_302' title='bbox 2178 2107 2467 2175; x_wconf 79' lang='grc' dir='ltr'>κραταιῶς.</span> <span class='ocrx_word' id='word_1_303' title='bbox 2532 2101 2630 2155; x_wconf 85' lang='grc' dir='ltr'>Καὶ</span> <span class='ocrx_word' id='word_1_304' title='bbox 2686 2101 2889 2178; x_wconf 89' lang='grc' dir='ltr'>γίνεται</span> <span class='ocrx_word' id='word_1_305' title='bbox 2949 2102 3114 2177; x_wconf 81' lang='grc' dir='ltr'>φόνος</span> <span class='ocrx_word' id='word_1_306' title='bbox 3170 2103 3345 2166; x_wconf 76' lang='grc' dir='ltr'>πολὺς</span> <span class='ocrx_word' id='word_1_307' title='bbox 3410 2108 3517 2158; x_wconf 85' lang='grc' dir='ltr'>τῶν</span> <span class='ocrx_word' id='word_1_308' title='bbox 3584 2104 3832 2160; x_wconf 78' lang='grc' dir='ltr'>πολιτῶν</span> 
     </span>
    </p>
   </div>
   <div class='ocr_carea' id='block_1_46' title="bbox 2179 2188 3834 2268">
    <p class='ocr_par' dir='ltr' id='par_1_46' title="bbox 2179 2188 3834 2268">
     <span class='ocr_line' id='line_1_46' title="bbox 2179 2188 3834 2268; baseline 0.002 -23"><span class='ocrx_word' id='word_1_309' title='bbox 2179 2194 2267 2245; x_wconf 80' lang='grc' dir='ltr'>οἷα</span> <span class='ocrx_word' id='word_1_310' title='bbox 2298 2195 2523 2265; x_wconf 84' lang='grc' dir='ltr'>γυμνῶν</span> <span class='ocrx_word' id='word_1_311' title='bbox 2556 2190 2646 2245; x_wconf 79' lang='grc' dir='ltr'>καὶ</span> <span class='ocrx_word' id='word_1_312' title='bbox 2677 2188 2901 2245; x_wconf 83' lang='grc' dir='ltr'>ἀόπλων</span> <span class='ocrx_word' id='word_1_313' title='bbox 2951 2191 3086 2265; x_wconf 87' lang='grc' dir='ltr'>πρὸς</span> <span class='ocrx_word' id='word_1_314' title='bbox 3115 2190 3381 2254; x_wconf 80' lang='grc' dir='ltr'>ἐνόπλους</span> <span class='ocrx_word' id='word_1_315' title='bbox 3416 2193 3834 2268; x_wconf 64' lang='grc' dir='ltr'>ἀγωνιζομένων</span> 
     </span>
    </p>
   </div>
   <div class='ocr_carea' id='block_1_47' title="bbox 2180 2276 3833 2357">
    <p class='ocr_par' dir='ltr' id='par_1_47' title="bbox 2180 2276 3833 2357">
     <span class='ocr_line' id='line_1_47' title="bbox 2180 2276 3833 2357; baseline 0.001 -23"><span class='ocrx_word' id='word_1_316' title='bbox 2180 2280 2315 2352; x_wconf 84' lang='grc' dir='ltr'>μετὰ</span> <span class='ocrx_word' id='word_1_317' title='bbox 2344 2276 2520 2351; x_wconf 81' lang='grc' dir='ltr'>ξύλων</span> <span class='ocrx_word' id='word_1_318' title='bbox 2558 2278 2648 2332; x_wconf 80' lang='grc' dir='ltr'>καὶ</span> <span class='ocrx_word' id='word_1_319' title='bbox 2681 2278 2849 2333; x_wconf 91' lang='grc' dir='ltr'>λίθων</span> <span class='ocrx_word' id='word_1_320' title='bbox 2890 2281 2979 2335; x_wconf 84' lang='grc' dir='ltr'>καὶ</span> <span class='ocrx_word' id='word_1_321' title='bbox 3009 2284 3117 2335; x_wconf 90' lang='grc' dir='ltr'>τῶν</span> <span class='ocrx_word' id='word_1_322' title='bbox 3151 2283 3577 2357; x_wconf 83' lang='grc' dir='ltr'>παρατυχόντων</span> <span class='ocrx_word' id='word_1_323' title='bbox 3627 2280 3790 2337; x_wconf 73' lang='grc' dir='ltr'>εἶόῶν</span> <span class='ocrx_word' id='word_1_324' title='bbox 3821 2304 3833 2316; x_wconf 86' lang='grc'><strong>·</strong></span> 
     </span>
    </p>
   </div>
   <div class='ocr_carea' id='block_1_48' title="bbox 410 2366 3835 2456">
    <p class='ocr_par' dir='ltr' id='par_1_48' title="bbox 410 2366 3835 2456">
     <span class='ocr_line' id='line_1_48' title="bbox 410 2366 3835 2456; baseline -0.001 -28"><span class='ocrx_word' id='word_1_325' title='bbox 410 2374 536 2451; x_wconf 80' lang='grc' dir='ltr'>φασὶ</span> <span class='ocrx_word' id='word_1_326' title='bbox 590 2374 691 2448; x_wconf 75' lang='grc' dir='ltr'>γὰρ</span> <span class='ocrx_word' id='word_1_327' title='bbox 752 2373 824 2434; x_wconf 86' lang='grc' dir='ltr'>ὡς</span> <span class='ocrx_word' id='word_1_328' title='bbox 875 2368 1169 2426; x_wconf 85' lang='grc' dir='ltr'>ἀπώλοντο</span> <span class='ocrx_word' id='word_1_329' title='bbox 1227 2370 1363 2424; x_wconf 82' lang='grc' dir='ltr'>κατὰ</span> <span class='ocrx_word' id='word_1_330' title='bbox 1417 2369 1616 2439; x_wconf 89' lang='grc' dir='ltr'>ταύτην</span> <span class='ocrx_word' id='word_1_331' title='bbox 1674 2369 1773 2437; x_wconf 84' lang='grc' dir='ltr'>τήν</span> <span class='ocrx_word' id='word_1_332' title='bbox 1834 2368 2042 2456; x_wconf 74' lang='grc' dir='ltr'>ἡμέραν</span> <span class='ocrx_word' id='word_1_333' title='bbox 2102 2370 2191 2442; x_wconf 83' lang='grc' dir='ltr'>(ἦν</span> <span class='ocrx_word' id='word_1_334' title='bbox 2254 2366 2311 2422; x_wconf 72' lang='grc' dir='ltr'>δὶ</span> <span class='ocrx_word' id='word_1_335' title='bbox 2357 2370 2392 2437; x_wconf 80' lang='grc' dir='ltr'>ἡ</span> <span class='ocrx_word' id='word_1_336' title='bbox 2439 2367 2597 2456; x_wconf 82' lang='grc' dir='ltr'>τρίτη</span> <span class='ocrx_word' id='word_1_337' title='bbox 2629 2372 2727 2456; x_wconf 81' lang='grc' dir='ltr'>τοῦ</span> <span class='ocrx_word' id='word_1_338' title='bbox 2758 2368 3087 2444; x_wconf 86' lang='grc' dir='ltr'>ἀντίπασχα)</span> <span class='ocrx_word' id='word_1_339' title='bbox 3124 2368 3311 2445; x_wconf 78' lang='grc' dir='ltr'>ἅνδρες</span> <span class='ocrx_word' id='word_1_340' title='bbox 3343 2370 3483 2443; x_wconf 73' lang='grc' dir='ltr'>ἀμφὶ</span> <span class='ocrx_word' id='word_1_341' title='bbox 3530 2372 3629 2433; x_wconf 75' lang='grc' dir='ltr'>τὰς</span> <span class='ocrx_word' id='word_1_342' title='bbox 3682 2378 3835 2445; x_wconf 82' lang='grc' dir='ltr'>τρεῖς</span> 
     </span>
    </p>
   </div>
   <div class='ocr_carea' id='block_1_49' title="bbox 407 2459 930 2538">
    <p class='ocr_par' dir='ltr' id='par_1_49' title="bbox 407 2459 930 2538">
     <span class='ocr_line' id='line_1_49' title="bbox 407 2459 930 2538; baseline -0.008 -20"><span class='ocrx_word' id='word_1_343' title='bbox 407 2459 689 2538; x_wconf 78' lang='grc' dir='ltr'>χιλιάδας.</span> <span class='ocrx_word' id='word_1_344' title='bbox 756 2460 930 2522; x_wconf 83' lang='grc' dir='ltr'>Τὲλος</span> 
     </span>
    </p>
   </div>
   <div class='ocr_carea' id='block_1_50' title="bbox 1016 2455 3833 2535">
    <p class='ocr_par' dir='ltr' id='par_1_50' title="bbox 1016 2455 3833 2535">
     <span class='ocr_line' id='line_1_50' title="bbox 1016 2455 3833 2535; baseline 0.001 -22"><span class='ocrx_word' id='word_1_345' title='bbox 1016 2458 1243 2534; x_wconf 56' lang='grc' dir='ltr'>ἴσχυσαν</span> <span class='ocrx_word' id='word_1_346' title='bbox 1318 2460 1370 2512; x_wconf 76' lang='grc' dir='ltr'>οἱ</span> <span class='ocrx_word' id='word_1_347' title='bbox 1445 2458 1667 2513; x_wconf 87' lang='grc' dir='ltr'>πολῖται</span> <span class='ocrx_word' id='word_1_348' title='bbox 1744 2463 1824 2531; x_wconf 77' lang='grc' dir='ltr'>τῷ</span> <span class='ocrx_word' id='word_1_349' title='bbox 1893 2455 2093 2527; x_wconf 85' lang='grc' dir='ltr'>πλήθει</span> <span class='ocrx_word' id='word_1_350' title='bbox 2180 2461 2590 2531; x_wconf 82' lang='grc' dir='ltr'>ὑπερτεροῦντες</span> <span class='ocrx_word' id='word_1_351' title='bbox 2676 2455 3111 2534; x_wconf 84' lang='grc' dir='ltr'>έπικρατέστιροι</span> <span class='ocrx_word' id='word_1_352' title='bbox 3192 2463 3298 2513; x_wconf 89' lang='grc' dir='ltr'>τῶν</span> <span class='ocrx_word' id='word_1_353' title='bbox 3378 2464 3472 2514; x_wconf 77' lang='grc' dir='ltr'>τοῦ</span> <span class='ocrx_word' id='word_1_354' title='bbox 3552 2458 3833 2535; x_wconf 70' lang='grc' dir='ltr'>βασιλέως</span> 
     </span>
    </p>
   </div>
   <div class='ocr_carea' id='block_1_51' title="bbox 403 2543 3831 2625">
    <p class='ocr_par' dir='ltr' id='par_1_51' title="bbox 403 2543 3831 2625">
     <span class='ocr_line' id='line_1_51' title="bbox 403 2543 3831 2625; baseline -0 -21"><span class='ocrx_word' id='word_1_355' title='bbox 403 2552 667 2625; x_wconf 79' lang='grc' dir='ltr'>γενέσθαι.</span> <span class='ocrx_word' id='word_1_356' title='bbox 712 2550 813 2606; x_wconf 82' lang='grc' dir='ltr'>Καὶ</span> <span class='ocrx_word' id='word_1_357' title='bbox 876 2546 1256 2623; x_wconf 62' lang='grc' dir='ltr'>διαρρήξαντες</span> <span class='ocrx_word' id='word_1_358' title='bbox 1314 2550 1399 2622; x_wconf 81' lang='grc' dir='ltr'>[Ρ.</span> <span class='ocrx_word' id='word_1_359' title='bbox 1457 2550 1583 2619; x_wconf 79' lang='grc'>752]</span> <span class='ocrx_word' id='word_1_360' title='bbox 1642 2546 1734 2608; x_wconf 83' lang='grc' dir='ltr'>τὰς</span> <span class='ocrx_word' id='word_1_361' title='bbox 1788 2544 1964 2609; x_wconf 75' lang='grc' dir='ltr'>πύλας</span> <span class='ocrx_word' id='word_1_362' title='bbox 2017 2551 2113 2600; x_wconf 79' lang='grc' dir='ltr'>τοῦ</span> <span class='ocrx_word' id='word_1_363' title='bbox 2170 2545 2442 2601; x_wconf 79' lang='grc' dir='ltr'>παλατίου</span> <span class='ocrx_word' id='word_1_364' title='bbox 2499 2545 2589 2600; x_wconf 81' lang='grc' dir='ltr'>καὶ</span> <span class='ocrx_word' id='word_1_365' title='bbox 2649 2543 2777 2599; x_wconf 82' lang='grc' dir='ltr'>εἷ’σω</span> <span class='ocrx_word' id='word_1_366' title='bbox 2833 2546 3114 2621; x_wconf 86' lang='grc' dir='ltr'>γενόμενοι</span> <span class='ocrx_word' id='word_1_367' title='bbox 3171 2546 3233 2602; x_wconf 89' lang='grc' dir='ltr'>τό</span> <span class='ocrx_word' id='word_1_368' title='bbox 3291 2569 3350 2603; x_wconf 90' lang='grc' dir='ltr'>τε</span> <span class='ocrx_word' id='word_1_369' title='bbox 3408 2547 3831 2621; x_wconf 82' lang='grc' dir='ltr'>ἐναποκείμενον</span> 
     </span>
    </p>
   </div>
   <div class='ocr_carea' id='block_1_52' title="bbox 404 2632 3835 2717">
    <p class='ocr_par' dir='ltr' id='par_1_52' title="bbox 404 2632 3835 2717">
     <span class='ocr_line' id='line_1_52' title="bbox 404 2632 3835 2717; baseline 0 -24"><span class='ocrx_word' id='word_1_370' title='bbox 404 2638 455 2693; x_wconf 81' lang='grc' dir='ltr'>έν</span> <span class='ocrx_word' id='word_1_371' title='bbox 510 2638 590 2711; x_wconf 86' lang='grc' dir='ltr'>τῷ</span> <span class='ocrx_word' id='word_1_372' title='bbox 652 2638 836 2709; x_wconf 84' lang='grc' dir='ltr'>Σέκτῳ</span> <span class='ocrx_word' id='word_1_373' title='bbox 897 2636 1248 2711; x_wconf 84' lang='grc' dir='ltr'>διαρπάζουσι</span> <span class='ocrx_word' id='word_1_374' title='bbox 1310 2635 1571 2711; x_wconf 85' lang='grc' dir='ltr'>χρουσίον</span> <span class='ocrx_word' id='word_1_375' title='bbox 1629 2634 1719 2689; x_wconf 76' lang='grc' dir='ltr'>καὶ</span> <span class='ocrx_word' id='word_1_376' title='bbox 1775 2636 1842 2689; x_wconf 83' lang='grc' dir='ltr'>τὰ</span> <span class='ocrx_word' id='word_1_377' title='bbox 1898 2633 2067 2689; x_wconf 80' lang='grc' dir='ltr'>λοιπὰ</span> <span class='ocrx_word' id='word_1_378' title='bbox 2125 2634 2266 2707; x_wconf 80' lang='grc' dir='ltr'>εἷ’δη,</span> <span class='ocrx_word' id='word_1_379' title='bbox 2315 2632 2702 2711; x_wconf 79' lang='grc' dir='ltr'>διαρῥήσσουσι</span> <span class='ocrx_word' id='word_1_380' title='bbox 2763 2632 2819 2690; x_wconf 77' lang='grc' dir='ltr'>δὲ</span> <span class='ocrx_word' id='word_1_381' title='bbox 2870 2636 2961 2690; x_wconf 84' lang='grc' dir='ltr'>καὶ</span> <span class='ocrx_word' id='word_1_382' title='bbox 3017 2638 3112 2699; x_wconf 83' lang='grc' dir='ltr'>τὰς</span> <span class='ocrx_word' id='word_1_383' title='bbox 3155 2633 3427 2709; x_wconf 85' lang='grc' dir='ltr'>δημοσίας</span> <span class='ocrx_word' id='word_1_384' title='bbox 3485 2637 3835 2717; x_wconf 73' lang='grc' dir='ltr'>ἀπογραφὰς,</span> 
     </span>
    </p>
   </div>
   <div class='ocr_carea' id='block_1_53' title="bbox 403 2719 3835 2801">
    <p class='ocr_par' dir='ltr' id='par_1_53' title="bbox 403 2719 3835 2801">
     <span class='ocr_line' id='line_1_53' title="bbox 403 2719 3835 2801; baseline -0.001 -19"><span class='ocrx_word' id='word_1_385' title='bbox 403 2726 492 2782; x_wconf 78' lang='grc' dir='ltr'>καὶ</span> <span class='ocrx_word' id='word_1_386' title='bbox 550 2738 641 2782; x_wconf 81' lang='grc' dir='ltr'>τὸν</span> <span class='ocrx_word' id='word_1_387' title='bbox 702 2724 927 2800; x_wconf 74' lang='grc' dir='ltr'>βασιλέα</span> <span class='ocrx_word' id='word_1_388' title='bbox 981 2720 1275 2780; x_wconf 75' lang='grc' dir='ltr'>συλλαϐεῖν</span> <span class='ocrx_word' id='word_1_389' title='bbox 1335 2719 1613 2778; x_wconf 81' lang='grc' dir='ltr'>ἔσπευδον.</span> <span class='ocrx_word' id='word_1_390' title='bbox 1673 2724 1734 2779; x_wconf 89' lang='grc' dir='ltr'>Ὁ</span> <span class='ocrx_word' id='word_1_391' title='bbox 1793 2720 1850 2777; x_wconf 74' lang='grc' dir='ltr'>δὲ</span> <span class='ocrx_word' id='word_1_392' title='bbox 1908 2722 2126 2799; x_wconf 81' lang='grc' dir='ltr'>ἐπείπερ</span> <span class='ocrx_word' id='word_1_393' title='bbox 2181 2721 2317 2800; x_wconf 78' lang='grc' dir='ltr'>ἔγνω</span> <span class='ocrx_word' id='word_1_394' title='bbox 2374 2722 2825 2799; x_wconf 78' lang='grc' dir='ltr'>κατισχυόμενος,</span> <span class='ocrx_word' id='word_1_395' title='bbox 2861 2729 2939 2795; x_wconf 83' lang='grc' dir='ltr'>τῷ</span> <span class='ocrx_word' id='word_1_396' title='bbox 3001 2722 3271 2799; x_wconf 80' lang='grc' dir='ltr'>βασιλικῷ</span> <span class='ocrx_word' id='word_1_397' title='bbox 3324 2720 3515 2787; x_wconf 76' lang='grc' dir='ltr'>ἐπιϐὰς</span> <span class='ocrx_word' id='word_1_398' title='bbox 3577 2723 3835 2801; x_wconf 84' lang='grc' dir='ltr'>δρόμωνι</span> 
     </span>
    </p>
   </div>
   <div class='ocr_carea' id='block_1_54' title="bbox 408 2812 3827 2894">
    <p class='ocr_par' dir='ltr' id='par_1_54' title="bbox 408 2812 3827 2894">
     <span class='ocr_line' id='line_1_54' title="bbox 408 2812 3827 2894; baseline -0.001 -22"><span class='ocrx_word' id='word_1_399' title='bbox 408 2818 544 2891; x_wconf 80' lang='grc' dir='ltr'>μετὰ</span> <span class='ocrx_word' id='word_1_400' title='bbox 599 2821 696 2872; x_wconf 78' lang='grc' dir='ltr'>τοῦ</span> <span class='ocrx_word' id='word_1_401' title='bbox 751 2812 1159 2889; x_wconf 76' lang='grc' dir='ltr'>νωδελισσίμου</span> <span class='ocrx_word' id='word_1_402' title='bbox 1216 2815 1306 2870; x_wconf 86' lang='grc' dir='ltr'>καί</span> <span class='ocrx_word' id='word_1_403' title='bbox 1360 2836 1522 2869; x_wconf 86' lang='grc' dir='ltr'>τινων</span> <span class='ocrx_word' id='word_1_404' title='bbox 1585 2813 1931 2868; x_wconf 74' lang='grc' dir='ltr'>οἰκειοτάτων</span> <span class='ocrx_word' id='word_1_405' title='bbox 1991 2813 2159 2886; x_wconf 84' lang='grc' dir='ltr'>αύτῷ,</span> <span class='ocrx_word' id='word_1_406' title='bbox 2191 2812 2505 2869; x_wconf 87' lang='grc' dir='ltr'>καταλιπὼν</span> <span class='ocrx_word' id='word_1_407' title='bbox 2567 2813 2619 2868; x_wconf 82' lang='grc' dir='ltr'>έν</span> <span class='ocrx_word' id='word_1_408' title='bbox 2648 2819 2728 2887; x_wconf 81' lang='grc' dir='ltr'>τῷ</span> <span class='ocrx_word' id='word_1_409' title='bbox 2760 2812 3011 2887; x_wconf 84' lang='grc' dir='ltr'>παλατίῳ</span> <span class='ocrx_word' id='word_1_410' title='bbox 3058 2816 3157 2883; x_wconf 81' lang='grc' dir='ltr'>τὴν</span> <span class='ocrx_word' id='word_1_411' title='bbox 3201 2816 3373 2883; x_wconf 75' lang='grc' dir='ltr'>Ζωήν,</span> <span class='ocrx_word' id='word_1_412' title='bbox 3404 2812 3582 2891; x_wconf 82' lang='grc' dir='ltr'>ᾤχετο</span> <span class='ocrx_word' id='word_1_413' title='bbox 3638 2819 3827 2894; x_wconf 70' lang='grc' dir='ltr'>φυγὰς</span> 
     </span>
    </p>
   </div>
   <div class='ocr_carea' id='block_1_55' title="bbox 406 2899 3829 2981">
    <p class='ocr_par' dir='ltr' id='par_1_55' title="bbox 406 2899 3829 2981">
     <span class='ocr_line' id='line_1_55' title="bbox 406 2899 3829 2981; baseline -0 -20"><span class='ocrx_word' id='word_1_414' title='bbox 406 2905 481 2969; x_wconf 66' lang='grc' dir='ltr'>εἷς</span> <span class='ocrx_word' id='word_1_415' title='bbox 510 2906 610 2975; x_wconf 73' lang='grc' dir='ltr'>τὴν</span> <span class='ocrx_word' id='word_1_416' title='bbox 646 2906 818 2978; x_wconf 76' lang='grc' dir='ltr'>μονήν</span> <span class='ocrx_word' id='word_1_417' title='bbox 848 2909 955 2960; x_wconf 91' lang='grc' dir='ltr'>τῶν</span> <span class='ocrx_word' id='word_1_418' title='bbox 990 2901 1251 2960; x_wconf 84' lang='grc' dir='ltr'>Στουδίου</span> <span class='ocrx_word' id='word_1_419' title='bbox 1278 2908 1346 2979; x_wconf 84' lang='grc' dir='ltr'>τῇ</span> <span class='ocrx_word' id='word_1_420' title='bbox 1396 2900 1611 2979; x_wconf 80' lang='grc' dir='ltr'>τετράδι</span> <span class='ocrx_word' id='word_1_421' title='bbox 1668 2899 1898 2979; x_wconf 73' lang='grc' dir='ltr'>πρωίας,</span> <span class='ocrx_word' id='word_1_422' title='bbox 1930 2902 2019 2957; x_wconf 74' lang='grc' dir='ltr'>καὶ</span> <span class='ocrx_word' id='word_1_423' title='bbox 2067 2902 2219 2965; x_wconf 69' lang='grc' dir='ltr'>εὐθὺς</span> <span class='ocrx_word' id='word_1_424' title='bbox 2270 2902 2583 2981; x_wconf 81' lang='grc' dir='ltr'>ἠμφιάσατο</span> <span class='ocrx_word' id='word_1_425' title='bbox 2633 2903 2694 2958; x_wconf 83' lang='grc' dir='ltr'>τὸ</span> <span class='ocrx_word' id='word_1_426' title='bbox 2743 2908 2847 2958; x_wconf 88' lang='grc' dir='ltr'>τῶν</span> <span class='ocrx_word' id='word_1_427' title='bbox 2900 2907 3161 2979; x_wconf 89' lang='grc' dir='ltr'>μοναχῶν</span> <span class='ocrx_word' id='word_1_428' title='bbox 3214 2910 3409 2979; x_wconf 74' lang='grc' dir='ltr'>σχῆμα</span> <span class='ocrx_word' id='word_1_429' title='bbox 3467 2905 3680 2978; x_wconf 82' lang='grc' dir='ltr'>συνάμα</span> <span class='ocrx_word' id='word_1_430' title='bbox 3743 2911 3829 2979; x_wconf 72' lang='grc' dir='ltr'>τῷ</span> 
     </span>
    </p>
   </div>
   <div class='ocr_carea' id='block_1_56' title="bbox 406 2992 749 3066">
    <p class='ocr_par' dir='ltr' id='par_1_56' title="bbox 406 2992 749 3066">
     <span class='ocr_line' id='line_1_56' title="bbox 406 2992 749 3066; baseline 0 -17"><span class='ocrx_word' id='word_1_431' title='bbox 406 2992 535 3066; x_wconf 91' lang='grc' dir='ltr'>θείῳ</span> <span class='ocrx_word' id='word_1_432' title='bbox 565 2992 749 3049; x_wconf 78' lang='grc' dir='ltr'>αὐτοῦ.</span> 
     </span>
    </p>
   </div>
   <div class='ocr_carea' id='block_1_57' title="bbox 478 3082 2058 3156">
    <p class='ocr_par' dir='ltr' id='par_1_57' title="bbox 478 3082 2058 3156">
     <span class='ocr_line' id='line_1_57' title="bbox 478 3082 2058 3156; baseline -0.002 -17"><span class='ocrx_word' id='word_1_433' title='bbox 478 3084 595 3139; x_wconf 87' lang='lat' dir='ltr'>Hoc</span> <span class='ocrx_word' id='word_1_434' title='bbox 618 3084 791 3139; x_wconf 90' lang='lat' dir='ltr'>modo</span> <span class='ocrx_word' id='word_1_435' title='bbox 814 3099 1029 3156; x_wconf 88' lang='lat' dir='ltr'>pugna.</span> <span class='ocrx_word' id='word_1_436' title='bbox 1047 3100 1173 3155; x_wconf 69' lang='lat' dir='ltr'>qua:</span> <span class='ocrx_word' id='word_1_437' title='bbox 1195 3082 1339 3138; x_wconf 92' lang='lat' dir='ltr'>hora</span> <span class='ocrx_word' id='word_1_438' title='bbox 1361 3083 1619 3137; x_wconf 86' lang='lat' dir='ltr'>secunda</span> <span class='ocrx_word' id='word_1_439' title='bbox 1644 3082 1913 3137; x_wconf 68' lang='lat' dir='ltr'>secunda:</span> <span class='ocrx_word' id='word_1_440' title='bbox 1944 3084 2058 3136; x_wconf 85' lang='lat' dir='ltr'>An-</span> 
     </span>
    </p>
   </div>
   <div class='ocr_carea' id='block_1_58' title="bbox 402 3170 2055 3244">
    <p class='ocr_par' dir='ltr' id='par_1_58' title="bbox 402 3170 2055 3244">
     <span class='ocr_line' id='line_1_58' title="bbox 402 3170 2055 3244; baseline -0.002 -17"><span class='ocrx_word' id='word_1_441' title='bbox 402 3171 751 3244; x_wconf 85' lang='lat' dir='ltr'>tipaschatis</span> <span class='ocrx_word' id='word_1_442' title='bbox 780 3173 891 3227; x_wconf 92' lang='lat' dir='ltr'>diei</span> <span class='ocrx_word' id='word_1_443' title='bbox 926 3177 1199 3243; x_wconf 71' lang='lat' dir='ltr'>coeperat,</span> <span class='ocrx_word' id='word_1_444' title='bbox 1223 3180 1388 3227; x_wconf 80' lang='lat' dir='ltr'>nocte</span> <span class='ocrx_word' id='word_1_445' title='bbox 1418 3172 1583 3226; x_wconf 83' lang='lat' dir='ltr'>finita</span> <span class='ocrx_word' id='word_1_446' title='bbox 1604 3176 1692 3227; x_wconf 88' lang='lat' dir='ltr'>est</span> <span class='ocrx_word' id='word_1_447' title='bbox 1713 3171 1895 3225; x_wconf 65' lang='lat' dir='ltr'>tertiae</span> <span class='ocrx_word' id='word_1_448' title='bbox 1920 3170 2055 3238; x_wconf 90' lang='lat' dir='ltr'>diei,</span> 
     </span>
    </p>
   </div>
   <div class='ocr_carea' id='block_1_59' title="bbox 401 3260 2058 3333">
    <p class='ocr_par' dir='ltr' id='par_1_59' title="bbox 401 3260 2058 3333">
     <span class='ocr_line' id='line_1_59' title="bbox 401 3260 2058 3333; baseline 0 -20"><span class='ocrx_word' id='word_1_449' title='bbox 401 3265 474 3315; x_wconf 74' lang='lat' dir='ltr'>At</span> <span class='ocrx_word' id='word_1_450' title='bbox 500 3277 635 3317; x_wconf 90' lang='lat' dir='ltr'>vero</span> <span class='ocrx_word' id='word_1_451' title='bbox 680 3261 789 3316; x_wconf 91' lang='lat' dir='ltr'>Zoe</span> <span class='ocrx_word' id='word_1_452' title='bbox 836 3277 1044 3317; x_wconf 86' lang='lat' dir='ltr'>rursus</span> <span class='ocrx_word' id='word_1_453' title='bbox 1102 3261 1420 3333; x_wconf 88' lang='lat' dir='ltr'>imperium</span> <span class='ocrx_word' id='word_1_454' title='bbox 1481 3260 1712 3331; x_wconf 88' lang='lat' dir='ltr'>adepta,</span> <span class='ocrx_word' id='word_1_455' title='bbox 1749 3261 1817 3315; x_wconf 91' lang='lat' dir='ltr'>de</span> <span class='ocrx_word' id='word_1_456' title='bbox 1860 3276 2058 3314; x_wconf 88' lang='lat' dir='ltr'>sorore</span> 
     </span>
    </p>
   </div>
   <div class='ocr_carea' id='block_1_60' title="bbox 399 3347 2056 3422">
    <p class='ocr_par' dir='ltr' id='par_1_60' title="bbox 399 3347 2056 3422">
     <span class='ocr_line' id='line_1_60' title="bbox 399 3347 2056 3422; baseline -0.001 -19"><span class='ocrx_word' id='word_1_457' title='bbox 399 3349 702 3405; x_wconf 79' lang='lat' dir='ltr'>Theodore</span> <span class='ocrx_word' id='word_1_458' title='bbox 734 3350 1136 3406; x_wconf 85' lang='lat' dir='ltr'>submovenda</span> <span class='ocrx_word' id='word_1_459' title='bbox 1162 3366 1295 3405; x_wconf 91' lang='lat' dir='ltr'>cum</span> <span class='ocrx_word' id='word_1_460' title='bbox 1328 3350 1630 3422; x_wconf 85' lang='lat' dir='ltr'>cogitaret,</span> <span class='ocrx_word' id='word_1_461' title='bbox 1657 3347 2056 3404; x_wconf 85' lang='lat' dir='ltr'>multitudinis</span> 
     </span>
    </p>
   </div>
   <div class='ocr_carea' id='block_1_61' title="bbox 394 3438 2051 3510">
    <p class='ocr_par' dir='ltr' id='par_1_61' title="bbox 394 3438 2051 3510">
     <span class='ocr_line' id='line_1_61' title="bbox 394 3438 2051 3510; baseline -0.002 -18"><span class='ocrx_word' id='word_1_462' title='bbox 394 3438 680 3494; x_wconf 87' lang='lat' dir='ltr'>voluntati</span> <span class='ocrx_word' id='word_1_463' title='bbox 723 3440 1035 3509; x_wconf 88' lang='lat' dir='ltr'>concessit,</span> <span class='ocrx_word' id='word_1_464' title='bbox 1069 3456 1194 3510; x_wconf 69' lang='lat' dir='ltr'>quas</span> <span class='ocrx_word' id='word_1_465' title='bbox 1245 3439 1396 3492; x_wconf 86' lang='lat' dir='ltr'>hanc</span> <span class='ocrx_word' id='word_1_466' title='bbox 1446 3438 1677 3509; x_wconf 89' lang='lat' dir='ltr'>imperii</span> <span class='ocrx_word' id='word_1_467' title='bbox 1724 3441 2051 3492; x_wconf 87' lang='lat' dir='ltr'>consortem</span> 
     </span>
    </p>
   </div>
   <div class='ocr_carea' id='block_1_62' title="bbox 2239 3078 3837 3156">
    <p class='ocr_par' dir='ltr' id='par_1_62' title="bbox 2239 3078 3837 3156">
     <span class='ocr_line' id='line_1_62' title="bbox 2239 3078 3837 3156; baseline 0.001 -22"><span class='ocrx_word' id='word_1_468' title='bbox 2239 3081 2336 3135; x_wconf 83' lang='grc' dir='ltr'>Καὶ</span> <span class='ocrx_word' id='word_1_469' title='bbox 2364 3082 2392 3135; x_wconf 92' lang='lat'>6</span> <span class='ocrx_word' id='word_1_470' title='bbox 2427 3081 2521 3152; x_wconf 75' lang='grc' dir='ltr'>μὲν</span> <span class='ocrx_word' id='word_1_471' title='bbox 2571 3078 2841 3151; x_wconf 82' lang='grc' dir='ltr'>πόλεμος,</span> <span class='ocrx_word' id='word_1_472' title='bbox 2871 3080 3170 3156; x_wconf 76' lang='grc' dir='ltr'>ἀρξάμενος</span> <span class='ocrx_word' id='word_1_473' title='bbox 3218 3080 3324 3136; x_wconf 86' lang='grc' dir='ltr'>ἀπὸ</span> <span class='ocrx_word' id='word_1_474' title='bbox 3374 3078 3625 3156; x_wconf 78' lang='grc' dir='ltr'>δευτέρας</span> <span class='ocrx_word' id='word_1_475' title='bbox 3675 3081 3837 3155; x_wconf 80' lang='grc' dir='ltr'>ὥρας</span> 
     </span>
    </p>
   </div>
   <div class='ocr_carea' id='block_1_63' title="bbox 2166 3165 3835 3246">
    <p class='ocr_par' dir='ltr' id='par_1_63' title="bbox 2166 3165 3835 3246">
     <span class='ocr_line' id='line_1_63' title="bbox 2166 3165 3835 3246; baseline 0.001 -23"><span class='ocrx_word' id='word_1_476' title='bbox 2166 3173 2264 3233; x_wconf 77' lang='grc' dir='ltr'>τῆς</span> <span class='ocrx_word' id='word_1_477' title='bbox 2339 3167 2588 3241; x_wconf 85' lang='grc' dir='ltr'>δευτέρας</span> <span class='ocrx_word' id='word_1_478' title='bbox 2654 3170 2863 3243; x_wconf 73' lang='grc' dir='ltr'>ἡμέρας</span> <span class='ocrx_word' id='word_1_479' title='bbox 2927 3173 3022 3223; x_wconf 78' lang='grc' dir='ltr'>τοῦ</span> <span class='ocrx_word' id='word_1_480' title='bbox 3083 3169 3425 3246; x_wconf 83' lang='grc' dir='ltr'>Ἀντίπασχα</span> <span class='ocrx_word' id='word_1_481' title='bbox 3469 3172 3603 3243; x_wconf 88' lang='grc'>(19),</span> <span class='ocrx_word' id='word_1_482' title='bbox 3656 3165 3835 3242; x_wconf 75' lang='grc' dir='ltr'>ἔληξε</span> 
     </span>
    </p>
   </div>
   <div class='ocr_carea' id='block_1_64' title="bbox 2164 3255 3834 3335">
    <p class='ocr_par' dir='ltr' id='par_1_64' title="bbox 2164 3255 3834 3335">
     <span class='ocr_line' id='line_1_64' title="bbox 2164 3255 3834 3335; baseline 0.001 -24"><span class='ocrx_word' id='word_1_483' title='bbox 2164 3257 2353 3319; x_wconf 79' lang='grc' dir='ltr'>νυκτὸς</span> <span class='ocrx_word' id='word_1_484' title='bbox 2426 3264 2524 3327; x_wconf 87' lang='grc' dir='ltr'>τῆς</span> <span class='ocrx_word' id='word_1_485' title='bbox 2586 3257 2777 3332; x_wconf 91' lang='grc' dir='ltr'>τρίτης</span> <span class='ocrx_word' id='word_1_486' title='bbox 2846 3257 3093 3334; x_wconf 76' lang='grc' dir='ltr'>ἡμέρας·</span> <span class='ocrx_word' id='word_1_487' title='bbox 3145 3260 3180 3328; x_wconf 79' lang='grc' dir='ltr'>ἡ</span> <span class='ocrx_word' id='word_1_488' title='bbox 3242 3255 3299 3313; x_wconf 71' lang='grc' dir='ltr'>δὲ</span> <span class='ocrx_word' id='word_1_489' title='bbox 3346 3259 3468 3328; x_wconf 78' lang='grc' dir='ltr'>Ζωὴ</span> <span class='ocrx_word' id='word_1_490' title='bbox 3518 3257 3683 3313; x_wconf 84' lang='grc' dir='ltr'>πάλιν</span> <span class='ocrx_word' id='word_1_491' title='bbox 3744 3258 3834 3335; x_wconf 82' lang='grc' dir='ltr'>ἐγ-</span> 
     </span>
    </p>
   </div>
   <div class='ocr_carea' id='block_1_65' title="bbox 2163 3342 3826 3422">
    <p class='ocr_par' dir='ltr' id='par_1_65' title="bbox 2163 3342 3826 3422">
     <span class='ocr_line' id='line_1_65' title="bbox 2163 3342 3826 3422; baseline 0.001 -23"><span class='ocrx_word' id='word_1_492' title='bbox 2163 3347 2370 3422; x_wconf 80' lang='grc' dir='ltr'>κρατὴς</span> <span class='ocrx_word' id='word_1_493' title='bbox 2418 3348 2686 3421; x_wconf 73' lang='grc' dir='ltr'>γενομένη</span> <span class='ocrx_word' id='word_1_494' title='bbox 2737 3347 2835 3413; x_wconf 78' lang='grc' dir='ltr'>τῆς</span> <span class='ocrx_word' id='word_1_495' title='bbox 2898 3344 3177 3420; x_wconf 85' lang='grc' dir='ltr'>βασιλείας</span> <span class='ocrx_word' id='word_1_496' title='bbox 3232 3342 3490 3402; x_wconf 77' lang='grc' dir='ltr'>ἐϐούλετο</span> <span class='ocrx_word' id='word_1_497' title='bbox 3553 3346 3647 3419; x_wconf 78' lang='grc' dir='ltr'>μὶν</span> <span class='ocrx_word' id='word_1_498' title='bbox 3713 3350 3826 3416; x_wconf 71' lang='grc' dir='ltr'>τὴν</span> 
     </span>
    </p>
   </div>
   <div class='ocr_carea' id='block_1_66' title="bbox 2164 3431 3830 3513">
    <p class='ocr_par' dir='ltr' id='par_1_66' title="bbox 2164 3431 3830 3513">
     <span class='ocr_line' id='line_1_66' title="bbox 2164 3431 3830 3513; baseline 0.002 -25"><span class='ocrx_word' id='word_1_499' title='bbox 2164 3434 2330 3503; x_wconf 75' lang='grc' dir='ltr'>αὐτῆς</span> <span class='ocrx_word' id='word_1_500' title='bbox 2388 3432 2628 3513; x_wconf 77' lang='grc' dir='ltr'>ἀδελφὴν</span> <span class='ocrx_word' id='word_1_501' title='bbox 2680 3431 2963 3503; x_wconf 85' lang='grc' dir='ltr'>Θεοδώραν</span> <span class='ocrx_word' id='word_1_502' title='bbox 3034 3433 3406 3508; x_wconf 82' lang='grc' dir='ltr'>παρώσασθαι,</span> <span class='ocrx_word' id='word_1_503' title='bbox 3457 3434 3693 3505; x_wconf 84' lang='grc' dir='ltr'>έκυλύθη</span> <span class='ocrx_word' id='word_1_504' title='bbox 3765 3435 3830 3492; x_wconf 69' lang='grc' dir='ltr'>δὲ</span> 
     </span>
    </p>
   </div>
   <div class='ocr_carea' id='block_1_67' title="bbox 393 3508 2058 3598">
    <p class='ocr_par' dir='ltr' id='par_1_67' title="bbox 393 3508 2049 3598">
     <span class='ocr_line' id='line_1_67' title="bbox 393 3508 2049 3598; baseline -0.001 -18"><span class='ocrx_word' id='word_1_505' title='bbox 393 3527 624 3583; x_wconf 89' lang='lat' dir='ltr'>volebat</span> <span class='ocrx_word' id='word_1_506' title='bbox 653 3544 802 3583; x_wconf 82' lang='lat' dir='ltr'>esse.</span> <span class='ocrx_word' id='word_1_507' title='bbox 829 3508 1029 3598; x_wconf 88' lang='lat' dir='ltr'>Itaque</span> <span class='ocrx_word' id='word_1_508' title='bbox 1056 3508 1231 3582; x_wconf 84' lang='lat' dir='ltr'>etiam</span> <span class='ocrx_word' id='word_1_509' title='bbox 1255 3508 1557 3582; x_wconf 88' lang='lat' dir='ltr'>Theodora</span> <span class='ocrx_word' id='word_1_510' title='bbox 1590 3543 1621 3581; x_wconf 90' lang='lat' dir='ltr'>a</span> <span class='ocrx_word' id='word_1_511' title='bbox 1648 3526 1857 3598; x_wconf 88' lang='lat' dir='ltr'>Magno</span> <span class='ocrx_word' id='word_1_512' title='bbox 1881 3526 2049 3580; x_wconf 87' lang='lat' dir='ltr'>Tem-</span> 
     </span>
    </p>
   </div>
   <div class='ocr_carea' id='block_1_68' title="bbox 2181 3508 3826 3598">
    <p class='ocr_par' dir='ltr' id='par_1_68' title="bbox 2181 3518 3826 3597">
     <span class='ocr_line' id='line_1_68' title="bbox 2181 3518 3826 3597; baseline 0.001 -21"><span class='ocrx_word' id='word_1_513' title='bbox 2181 3523 2309 3595; x_wconf 75' lang='grc' dir='ltr'>ταρᾶ</span> <span class='ocrx_word' id='word_1_514' title='bbox 2348 3526 2445 3577; x_wconf 79' lang='grc' dir='ltr'>τοῦ</span> <span class='ocrx_word' id='word_1_515' title='bbox 2484 3520 2733 3592; x_wconf 81' lang='grc' dir='ltr'>πλήθους</span> <span class='ocrx_word' id='word_1_516' title='bbox 2783 3518 3203 3595; x_wconf 75' lang='grc' dir='ltr'>συμϐασιλεύειν</span> <span class='ocrx_word' id='word_1_517' title='bbox 3265 3524 3403 3597; x_wconf 80' lang='grc' dir='ltr'>αὐτῇ</span> <span class='ocrx_word' id='word_1_518' title='bbox 3472 3524 3561 3578; x_wconf 74' lang='grc' dir='ltr'>καί</span> <span class='ocrx_word' id='word_1_519' title='bbox 3607 3524 3826 3595; x_wconf 81' lang='grc' dir='ltr'>ταύτην</span> 
     </span>
    </p>
   </div>
   <div class='ocr_carea' id='block_1_69' title="bbox 396 3614 2052 3687">
    <p class='ocr_par' dir='ltr' id='par_1_69' title="bbox 396 3614 2052 3687">
     <span class='ocr_line' id='line_1_69' title="bbox 396 3614 2052 3687; baseline -0.002 -16"><span class='ocrx_word' id='word_1_520' title='bbox 396 3618 492 3687; x_wconf 77' lang='lat' dir='ltr'>plo</span> <span class='ocrx_word' id='word_1_521' title='bbox 523 3618 578 3670; x_wconf 92' lang='lat' dir='ltr'>in</span> <span class='ocrx_word' id='word_1_522' title='bbox 614 3615 893 3686; x_wconf 84' lang='lat' dir='ltr'>palatium</span> <span class='ocrx_word' id='word_1_523' title='bbox 925 3616 1104 3670; x_wconf 88' lang='lat' dir='ltr'>venit.</span> <span class='ocrx_word' id='word_1_524' title='bbox 1126 3616 1343 3670; x_wconf 87' lang='lat' dir='ltr'>Senatu</span> <span class='ocrx_word' id='word_1_525' title='bbox 1370 3615 1543 3670; x_wconf 83' lang='lat' dir='ltr'>etiam</span> <span class='ocrx_word' id='word_1_526' title='bbox 1580 3618 1914 3678; x_wconf 86' lang='lat' dir='ltr'>convocato,</span> <span class='ocrx_word' id='word_1_527' title='bbox 1945 3614 2052 3669; x_wconf 91' lang='lat' dir='ltr'>Zoe</span> 
     </span>
    </p>
   </div>
   <div class='ocr_carea' id='block_1_70' title="bbox 400 3703 2050 3775">
    <p class='ocr_par' dir='ltr' id='par_1_70' title="bbox 400 3703 2050 3775">
     <span class='ocr_line' id='line_1_70' title="bbox 400 3703 2050 3775; baseline -0.002 -16"><span class='ocrx_word' id='word_1_528' title='bbox 400 3721 505 3775; x_wconf 90' lang='lat' dir='ltr'>pro</span> <span class='ocrx_word' id='word_1_529' title='bbox 532 3704 809 3759; x_wconf 89' lang='lat' dir='ltr'>concione</span> <span class='ocrx_word' id='word_1_530' title='bbox 831 3706 899 3759; x_wconf 86' lang='lat' dir='ltr'>ad</span> <span class='ocrx_word' id='word_1_531' title='bbox 935 3709 1204 3759; x_wconf 90' lang='lat' dir='ltr'>senatum</span> <span class='ocrx_word' id='word_1_532' title='bbox 1240 3703 1515 3772; x_wconf 90' lang='lat' dir='ltr'>primum,</span> <span class='ocrx_word' id='word_1_533' title='bbox 1539 3703 1749 3758; x_wconf 83' lang='lat' dir='ltr'>deinde</span> <span class='ocrx_word' id='word_1_534' title='bbox 1770 3703 1841 3757; x_wconf 91' lang='lat' dir='ltr'>ad</span> <span class='ocrx_word' id='word_1_535' title='bbox 1868 3720 2050 3773; x_wconf 90' lang='lat' dir='ltr'>popu-</span> 
     </span>
    </p>
   </div>
   <div class='ocr_carea' id='block_1_71' title="bbox 399 3791 2053 3862">
    <p class='ocr_par' dir='ltr' id='par_1_71' title="bbox 399 3791 2053 3862">
     <span class='ocr_line' id='line_1_71' title="bbox 399 3791 2053 3862; baseline -0.001 -17"><span class='ocrx_word' id='word_1_536' title='bbox 399 3791 523 3846; x_wconf 91' lang='lat' dir='ltr'>lum</span> <span class='ocrx_word' id='word_1_537' title='bbox 557 3808 785 3862; x_wconf 89' lang='lat' dir='ltr'>quoque</span> <span class='ocrx_word' id='word_1_538' title='bbox 828 3808 857 3843; x_wconf 88' lang='lat' dir='ltr'>e</span> <span class='ocrx_word' id='word_1_539' title='bbox 906 3792 1032 3847; x_wconf 90' lang='lat' dir='ltr'>loco</span> <span class='ocrx_word' id='word_1_540' title='bbox 1080 3792 1398 3862; x_wconf 87' lang='lat' dir='ltr'>conspicuo</span> <span class='ocrx_word' id='word_1_541' title='bbox 1450 3792 1661 3859; x_wconf 89' lang='lat' dir='ltr'>locuta,</span> <span class='ocrx_word' id='word_1_542' title='bbox 1713 3791 1955 3862; x_wconf 86' lang='lat' dir='ltr'>gratias,</span> <span class='ocrx_word' id='word_1_543' title='bbox 1992 3798 2053 3844; x_wconf 89' lang='lat' dir='ltr'>ut</span> 
     </span>
    </p>
   </div>
   <div class='ocr_carea' id='block_1_72' title="bbox 403 3879 2051 3951">
    <p class='ocr_par' dir='ltr' id='par_1_72' title="bbox 403 3879 2051 3951">
     <span class='ocr_line' id='line_1_72' title="bbox 403 3879 2051 3951; baseline 0.001 -18"><span class='ocrx_word' id='word_1_544' title='bbox 403 3896 509 3951; x_wconf 88' lang='lat' dir='ltr'>par</span> <span class='ocrx_word' id='word_1_545' title='bbox 539 3886 685 3943; x_wconf 85' lang='lat' dir='ltr'>erat,</span> <span class='ocrx_word' id='word_1_546' title='bbox 708 3879 792 3934; x_wconf 79' lang='lat' dir='ltr'>cis</span> <span class='ocrx_word' id='word_1_547' title='bbox 822 3880 940 3950; x_wconf 88' lang='lat' dir='ltr'>egit</span> <span class='ocrx_word' id='word_1_548' title='bbox 965 3897 1066 3951; x_wconf 86' lang='lat' dir='ltr'>pro</span> <span class='ocrx_word' id='word_1_549' title='bbox 1090 3897 1198 3934; x_wconf 90' lang='lat' dir='ltr'>sua</span> <span class='ocrx_word' id='word_1_550' title='bbox 1229 3883 1285 3933; x_wconf 93' lang='lat' dir='ltr'>in</span> <span class='ocrx_word' id='word_1_551' title='bbox 1312 3880 1500 3950; x_wconf 88' lang='lat' dir='ltr'>ipsam</span> <span class='ocrx_word' id='word_1_552' title='bbox 1541 3879 1962 3941; x_wconf 78' lang='lat' dir='ltr'>benevolentia.</span> <span class='ocrx_word' id='word_1_553' title='bbox 1986 3896 2051 3934; x_wconf 89' lang='lat' dir='ltr'>ac</span> 
     </span>
    </p>
   </div>
   <div class='ocr_carea' id='block_1_73' title="bbox 404 3968 2052 4041">
    <p class='ocr_par' dir='ltr' id='par_1_73' title="bbox 404 3968 2052 4041">
     <span class='ocr_line' id='line_1_73' title="bbox 404 3968 2052 4041; baseline 0 -18"><span class='ocrx_word' id='word_1_554' title='bbox 404 3968 549 4023; x_wconf 90' lang='lat' dir='ltr'>bene</span> <span class='ocrx_word' id='word_1_555' title='bbox 570 3974 660 4023; x_wconf 89' lang='lat' dir='ltr'>est</span> <span class='ocrx_word' id='word_1_556' title='bbox 679 3974 911 4039; x_wconf 81' lang='lat' dir='ltr'>precata</span> <span class='ocrx_word' id='word_1_557' title='bbox 941 3985 952 4023; x_wconf 92' lang='lat'>:</span> <span class='ocrx_word' id='word_1_558' title='bbox 977 3972 1100 4024; x_wconf 92' lang='lat' dir='ltr'>tum</span> <span class='ocrx_word' id='word_1_559' title='bbox 1125 3969 1263 4041; x_wconf 90' lang='lat' dir='ltr'>quid</span> <span class='ocrx_word' id='word_1_560' title='bbox 1289 3970 1358 4023; x_wconf 89' lang='lat' dir='ltr'>de</span> <span class='ocrx_word' id='word_1_561' title='bbox 1380 3969 1729 4040; x_wconf 83' lang='lat' dir='ltr'>imperatore</span> <span class='ocrx_word' id='word_1_562' title='bbox 1753 3968 1873 4022; x_wconf 74' lang='lat' dir='ltr'>fieri</span> <span class='ocrx_word' id='word_1_563' title='bbox 1898 3969 2052 4024; x_wconf 72' lang='lat'>540</span> 
     </span>
    </p>
   </div>
   <div class='ocr_carea' id='block_1_74' title="bbox 402 4057 2053 4129">
    <p class='ocr_par' dir='ltr' id='par_1_74' title="bbox 402 4057 2053 4129">
     <span class='ocr_line' id='line_1_74' title="bbox 402 4057 2053 4129; baseline 0.002 -19"><span class='ocrx_word' id='word_1_564' title='bbox 402 4057 619 4113; x_wconf 90' lang='lat' dir='ltr'>vellent</span> <span class='ocrx_word' id='word_1_565' title='bbox 659 4062 998 4129; x_wconf 84' lang='lat' dir='ltr'>percontata</span> <span class='ocrx_word' id='word_1_566' title='bbox 1045 4066 1150 4113; x_wconf 80' lang='lat' dir='ltr'>est.</span> <span class='ocrx_word' id='word_1_567' title='bbox 1187 4057 1266 4112; x_wconf 88' lang='lat' dir='ltr'>Ibi</span> <span class='ocrx_word' id='word_1_568' title='bbox 1317 4074 1447 4112; x_wconf 88' lang='lat' dir='ltr'>vero</span> <span class='ocrx_word' id='word_1_569' title='bbox 1497 4074 1702 4112; x_wconf 89' lang='lat' dir='ltr'>omnes</span> <span class='ocrx_word' id='word_1_570' title='bbox 1754 4074 1871 4111; x_wconf 90' lang='lat' dir='ltr'>una</span> <span class='ocrx_word' id='word_1_571' title='bbox 1916 4075 2053 4113; x_wconf 91' lang='lat' dir='ltr'>voce</span> 
     </span>
    </p>
   </div>
   <div class='ocr_carea' id='block_1_75' title="bbox 403 4146 2051 4209">
    <p class='ocr_par' dir='ltr' id='par_1_75' title="bbox 403 4146 2051 4209">
     <span class='ocr_line' id='line_1_75' title="bbox 403 4146 2051 4209; baseline -0.001 -9"><span class='ocrx_word' id='word_1_572' title='bbox 403 4146 730 4201; x_wconf 82' lang='lat' dir='ltr'>exclamare</span> <span class='ocrx_word' id='word_1_573' title='bbox 764 4163 776 4199; x_wconf 88' lang='lat'><strong>:</strong></span> <span class='ocrx_word' id='word_1_574' title='bbox 805 4167 829 4197; x_wconf 76' lang='grc' dir='ltr'>ιι</span> <span class='ocrx_word' id='word_1_575' title='bbox 861 4146 1124 4201; x_wconf 90' lang='lat' dir='ltr'>Tollatur</span> <span class='ocrx_word' id='word_1_576' title='bbox 1154 4146 1501 4209; x_wconf 89' lang='lat' dir='ltr'>scelerosus,</span> <span class='ocrx_word' id='word_1_577' title='bbox 1533 4146 1836 4200; x_wconf 83' lang='lat' dir='ltr'>auferatur</span> <span class='ocrx_word' id='word_1_578' title='bbox 1866 4162 1896 4198; x_wconf 74' lang='grc' dir='ltr'><strong>θ</strong></span> <span class='ocrx_word' id='word_1_579' title='bbox 1928 4162 2051 4199; x_wconf 66' lang='grc' dir='ltr'>τηου</span> 
     </span>
    </p>
   </div>
   <div class='ocr_carea' id='block_1_76' title="bbox 401 4234 2049 4307">
    <p class='ocr_par' dir='ltr' id='par_1_76' title="bbox 401 4234 2049 4307">
     <span class='ocr_line' id='line_1_76' title="bbox 401 4234 2049 4307; baseline -0.002 -16"><span class='ocrx_word' id='word_1_580' title='bbox 401 4237 496 4291; x_wconf 90' lang='lat' dir='ltr'>dio</span> <span class='ocrx_word' id='word_1_581' title='bbox 551 4234 901 4307; x_wconf 81' lang='lat' dir='ltr'>ﬂagitiosus,</span> <span class='ocrx_word' id='word_1_582' title='bbox 955 4236 1013 4289; x_wconf 90' lang='lat' dir='ltr'>in</span> <span class='ocrx_word' id='word_1_583' title='bbox 1076 4235 1272 4307; x_wconf 87' lang='lat' dir='ltr'>palum</span> <span class='ocrx_word' id='word_1_584' title='bbox 1335 4235 1668 4306; x_wconf 84' lang='lat' dir='ltr'>sufﬁgatur,</span> <span class='ocrx_word' id='word_1_585' title='bbox 1702 4238 1758 4288; x_wconf 91' lang='lat' dir='ltr'>in</span> <span class='ocrx_word' id='word_1_586' title='bbox 1818 4250 2049 4289; x_wconf 74' lang='lat' dir='ltr'>crucem</span> 
     </span>
    </p>
   </div>
   <div class='ocr_carea' id='block_1_77' title="bbox 399 4322 2051 4395">
    <p class='ocr_par' dir='ltr' id='par_1_77' title="bbox 399 4322 2051 4395">
     <span class='ocr_line' id='line_1_77' title="bbox 399 4322 2051 4395; baseline -0.002 -14"><span class='ocrx_word' id='word_1_587' title='bbox 399 4330 627 4395; x_wconf 84' lang='lat' dir='ltr'>agatur,</span> <span class='ocrx_word' id='word_1_588' title='bbox 656 4330 992 4380; x_wconf 67' lang='lat' dir='ltr'>excaecetur.</span> <span class='ocrx_word' id='word_1_589' title='bbox 1014 4347 1039 4373; x_wconf 82' lang='lat' dir='ltr'>n</span> <span class='ocrx_word' id='word_1_590' title='bbox 1069 4332 1143 4379; x_wconf 84' lang='lat' dir='ltr'>Ac</span> <span class='ocrx_word' id='word_1_591' title='bbox 1170 4328 1279 4378; x_wconf 88' lang='lat' dir='ltr'>Zoe</span> <span class='ocrx_word' id='word_1_592' title='bbox 1302 4322 1400 4395; x_wconf 90' lang='lat' dir='ltr'>qui</span> <span class='ocrx_word' id='word_1_593' title='bbox 1434 4324 1669 4394; x_wconf 88' lang='lat' dir='ltr'>quidem</span> <span class='ocrx_word' id='word_1_594' title='bbox 1703 4341 1731 4376; x_wconf 84' lang='lat' dir='ltr'>a</span> <span class='ocrx_word' id='word_1_595' title='bbox 1762 4322 2051 4394; x_wconf 89' lang='lat' dir='ltr'>supplicio</span> 
     </span>
    </p>
   </div>
   <div class='ocr_carea' id='block_1_78' title="bbox 400 4411 2054 4478">
    <p class='ocr_par' dir='ltr' id='par_1_78' title="bbox 400 4411 2054 4478">
     <span class='ocr_line' id='line_1_78' title="bbox 400 4411 2054 4478; baseline -0.001 -11"><span class='ocrx_word' id='word_1_596' title='bbox 400 4413 751 4468; x_wconf 88' lang='lat' dir='ltr'>abhorrebat</span> <span class='ocrx_word' id='word_1_597' title='bbox 778 4424 835 4467; x_wconf 88' lang='lat' dir='ltr'>et</span> <span class='ocrx_word' id='word_1_598' title='bbox 853 4412 1146 4467; x_wconf 90' lang='lat' dir='ltr'>infelicem</span> <span class='ocrx_word' id='word_1_599' title='bbox 1180 4411 1604 4478; x_wconf 84' lang='lat' dir='ltr'>miserabatur;</span> <span class='ocrx_word' id='word_1_600' title='bbox 1628 4411 1727 4466; x_wconf 81' lang='lat' dir='ltr'>sed</span> <span class='ocrx_word' id='word_1_601' title='bbox 1753 4411 2054 4466; x_wconf 79' lang='lat' dir='ltr'>Theodore</span> 
     </span>
    </p>
   </div>
   <div class='ocr_carea' id='block_1_79' title="bbox 399 4500 2053 4573">
    <p class='ocr_par' dir='ltr' id='par_1_79' title="bbox 399 4500 2053 4573">
     <span class='ocr_line' id='line_1_79' title="bbox 399 4500 2053 4573; baseline -0.001 -18"><span class='ocrx_word' id='word_1_602' title='bbox 399 4501 499 4555; x_wconf 77' lang='lat' dir='ltr'>irae</span> <span class='ocrx_word' id='word_1_603' title='bbox 532 4500 724 4573; x_wconf 87' lang='lat' dir='ltr'>plena,</span> <span class='ocrx_word' id='word_1_604' title='bbox 759 4506 1017 4570; x_wconf 89' lang='lat' dir='ltr'>tuncque</span> <span class='ocrx_word' id='word_1_605' title='bbox 1059 4500 1353 4555; x_wconf 88' lang='lat' dir='ltr'>licentiam</span> <span class='ocrx_word' id='word_1_606' title='bbox 1403 4504 1594 4563; x_wconf 85' lang='lat' dir='ltr'>nacta,</span> <span class='ocrx_word' id='word_1_607' title='bbox 1628 4514 1830 4554; x_wconf 89' lang='lat' dir='ltr'>recens</span> <span class='ocrx_word' id='word_1_608' title='bbox 1862 4504 2053 4554; x_wconf 81' lang='lat' dir='ltr'>creato</span> 
     </span>
    </p>
   </div>
   <div class='ocr_carea' id='block_1_80' title="bbox 400 4588 2053 4663">
    <p class='ocr_par' dir='ltr' id='par_1_80' title="bbox 400 4588 2053 4663">
     <span class='ocr_line' id='line_1_80' title="bbox 400 4588 2053 4663; baseline -0.004 -18"><span class='ocrx_word' id='word_1_609' title='bbox 400 4591 669 4663; x_wconf 67' lang='lat' dir='ltr'>praefecto</span> <span class='ocrx_word' id='word_1_610' title='bbox 727 4589 891 4643; x_wconf 91' lang='lat' dir='ltr'>urbis</span> <span class='ocrx_word' id='word_1_611' title='bbox 940 4591 1086 4661; x_wconf 88' lang='lat' dir='ltr'>(erat</span> <span class='ocrx_word' id='word_1_612' title='bbox 1138 4589 1187 4643; x_wconf 91' lang='lat' dir='ltr'>is</span> <span class='ocrx_word' id='word_1_613' title='bbox 1235 4588 1660 4658; x_wconf 88' lang='lat' dir='ltr'>Campanares)</span> <span class='ocrx_word' id='word_1_614' title='bbox 1698 4588 1941 4642; x_wconf 89' lang='lat' dir='ltr'>mandat</span> <span class='ocrx_word' id='word_1_615' title='bbox 1990 4593 2053 4640; x_wconf 89' lang='lat' dir='ltr'>ut</span> 
     </span>
    </p>
   </div>
   <div class='ocr_carea' id='block_1_81' title="bbox 401 4675 2048 4735">
    <p class='ocr_par' dir='ltr' id='par_1_81' title="bbox 401 4675 2048 4735">
     <span class='ocr_line' id='line_1_81' title="bbox 401 4675 2048 4735; baseline -0.004 0"><span class='ocrx_word' id='word_1_616' title='bbox 401 4679 601 4735; x_wconf 87' lang='lat' dir='ltr'>statim</span> <span class='ocrx_word' id='word_1_617' title='bbox 632 4683 726 4733; x_wconf 89' lang='lat' dir='ltr'>eat</span> <span class='ocrx_word' id='word_1_618' title='bbox 766 4677 1049 4733; x_wconf 74' lang='lat' dir='ltr'>Michaelo</span> <span class='ocrx_word' id='word_1_619' title='bbox 1097 4682 1154 4732; x_wconf 92' lang='lat' dir='ltr'>et</span> <span class='ocrx_word' id='word_1_620' title='bbox 1199 4675 1578 4732; x_wconf 86' lang='lat' dir='ltr'>Nobilissimo</span> <span class='ocrx_word' id='word_1_621' title='bbox 1622 4675 1823 4730; x_wconf 91' lang='lat' dir='ltr'>oculos</span> <span class='ocrx_word' id='word_1_622' title='bbox 1874 4675 2048 4730; x_wconf 74' lang='lat' dir='ltr'>effos-</span> 
     </span>
    </p>
   </div>
   <div class='ocr_carea' id='block_1_82' title="bbox 403 4763 2049 4826">
    <p class='ocr_par' dir='ltr' id='par_1_82' title="bbox 403 4763 2049 4826">
     <span class='ocr_line' id='line_1_82' title="bbox 403 4763 2049 4826; baseline -0.005 0"><span class='ocrx_word' id='word_1_623' title='bbox 403 4785 559 4826; x_wconf 89' lang='lat' dir='ltr'>sum.</span> <span class='ocrx_word' id='word_1_624' title='bbox 606 4768 770 4823; x_wconf 85' lang='lat' dir='ltr'>Hunc</span> <span class='ocrx_word' id='word_1_625' title='bbox 819 4767 891 4822; x_wconf 90' lang='lat' dir='ltr'>ad</span> <span class='ocrx_word' id='word_1_626' title='bbox 941 4766 1292 4821; x_wconf 86' lang='lat' dir='ltr'>Studianum</span> <span class='ocrx_word' id='word_1_627' title='bbox 1347 4763 1765 4820; x_wconf 85' lang='lat' dir='ltr'>monasterium</span> <span class='ocrx_word' id='word_1_628' title='bbox 1815 4769 2049 4819; x_wconf 89' lang='lat' dir='ltr'>euntem</span> 
     </span>
    </p>
   </div>
   <div class='ocr_carea' id='block_1_83' title="bbox 2162 3608 3831 3686">
    <p class='ocr_par' dir='ltr' id='par_1_83' title="bbox 2162 3608 3831 3686">
     <span class='ocr_line' id='line_1_83' title="bbox 2162 3608 3831 3686; baseline 0.004 -24"><span class='ocrx_word' id='word_1_629' title='bbox 2162 3608 2551 3683; x_wconf 75' lang='grc' dir='ltr'>αἷτησαμένου.</span> <span class='ocrx_word' id='word_1_630' title='bbox 2587 3613 2848 3686; x_wconf 81' lang='grc' dir='ltr'>Ἔρχεται</span> <span class='ocrx_word' id='word_1_631' title='bbox 2881 3609 2971 3665; x_wconf 80' lang='grc' dir='ltr'>οὗν</span> <span class='ocrx_word' id='word_1_632' title='bbox 3017 3610 3106 3665; x_wconf 79' lang='grc' dir='ltr'>καὶ</span> <span class='ocrx_word' id='word_1_633' title='bbox 3158 3614 3193 3681; x_wconf 76' lang='grc' dir='ltr'><strong>ἡ</strong></span> <span class='ocrx_word' id='word_1_634' title='bbox 3254 3608 3509 3683; x_wconf 85' lang='grc' dir='ltr'>Θεοδώρα</span> <span class='ocrx_word' id='word_1_635' title='bbox 3548 3611 3655 3667; x_wconf 77' lang='grc' dir='ltr'>ἀπὸ</span> <span class='ocrx_word' id='word_1_636' title='bbox 3716 3621 3831 3682; x_wconf 78' lang='grc' dir='ltr'>τῆς</span> 
     </span>
    </p>
   </div>
   <div class='ocr_carea' id='block_1_84' title="bbox 2161 3696 3829 3773">
    <p class='ocr_par' dir='ltr' id='par_1_84' title="bbox 2161 3696 3829 3773">
     <span class='ocr_line' id='line_1_84' title="bbox 2161 3696 3829 3773; baseline 0.002 -21"><span class='ocrx_word' id='word_1_637' title='bbox 2161 3696 2417 3773; x_wconf 84' lang='grc' dir='ltr'>Μεγάλης</span> <span class='ocrx_word' id='word_1_638' title='bbox 2453 3696 2741 3769; x_wconf 70' lang='grc' dir='ltr'>ἐξελθοῦσα</span> <span class='ocrx_word' id='word_1_639' title='bbox 2774 3698 3104 3770; x_wconf 85' lang='grc' dir='ltr'>Ἐκκλησίας</span> <span class='ocrx_word' id='word_1_640' title='bbox 3134 3700 3209 3762; x_wconf 75' lang='grc' dir='ltr'>εἷς</span> <span class='ocrx_word' id='word_1_641' title='bbox 3240 3701 3302 3755; x_wconf 85' lang='grc' dir='ltr'>τὸ</span> <span class='ocrx_word' id='word_1_642' title='bbox 3352 3697 3641 3757; x_wconf 87' lang='grc' dir='ltr'>παλάτιον.</span> <span class='ocrx_word' id='word_1_643' title='bbox 3676 3707 3829 3756; x_wconf 83' lang='grc' dir='ltr'>Συν-</span> 
     </span>
    </p>
   </div>
   <div class='ocr_carea' id='block_1_85' title="bbox 2161 3784 3835 3863">
    <p class='ocr_par' dir='ltr' id='par_1_85' title="bbox 2161 3784 3835 3863">
     <span class='ocr_line' id='line_1_85' title="bbox 2161 3784 3835 3863; baseline 0.002 -22"><span class='ocrx_word' id='word_1_644' title='bbox 2161 3786 2540 3858; x_wconf 88' lang='grc' dir='ltr'>αθροισθείσης</span> <span class='ocrx_word' id='word_1_645' title='bbox 2588 3784 2644 3841; x_wconf 69' lang='grc' dir='ltr'>δὲ</span> <span class='ocrx_word' id='word_1_646' title='bbox 2690 3787 2779 3841; x_wconf 81' lang='grc' dir='ltr'>καὶ</span> <span class='ocrx_word' id='word_1_647' title='bbox 2824 3795 2924 3857; x_wconf 81' lang='grc' dir='ltr'>τῆς</span> <span class='ocrx_word' id='word_1_648' title='bbox 2980 3788 3318 3862; x_wconf 79' lang='grc' dir='ltr'>συγκλήτου,</span> <span class='ocrx_word' id='word_1_649' title='bbox 3373 3786 3835 3863; x_wconf 80' lang='grc' dir='ltr'>δημηγορήσασα</span> 
     </span>
    </p>
   </div>
   <div class='ocr_carea' id='block_1_86' title="bbox 2161 3876 3829 3954">
    <p class='ocr_par' dir='ltr' id='par_1_86' title="bbox 2161 3876 3829 3954">
     <span class='ocr_line' id='line_1_86' title="bbox 2161 3876 3829 3954; baseline 0.003 -25"><span class='ocrx_word' id='word_1_650' title='bbox 2161 3878 2195 3943; x_wconf 76' lang='grc' dir='ltr'>ὴ</span> <span class='ocrx_word' id='word_1_651' title='bbox 2230 3877 2350 3944; x_wconf 59' lang='lat' dir='ltr'>Zur},</span> <span class='ocrx_word' id='word_1_652' title='bbox 2384 3876 2645 3951; x_wconf 82' lang='grc' dir='ltr'>πρότερον</span> <span class='ocrx_word' id='word_1_653' title='bbox 2703 3876 2800 3949; x_wconf 76' lang='grc' dir='ltr'>μὶν</span> <span class='ocrx_word' id='word_1_654' title='bbox 2844 3877 2979 3952; x_wconf 86' lang='grc' dir='ltr'>πρὸς</span> <span class='ocrx_word' id='word_1_655' title='bbox 3029 3879 3129 3947; x_wconf 78' lang='grc' dir='ltr'>τὴν</span> <span class='ocrx_word' id='word_1_656' title='bbox 3181 3876 3504 3954; x_wconf 87' lang='grc' dir='ltr'>σύγκλητον,</span> <span class='ocrx_word' id='word_1_657' title='bbox 3556 3878 3672 3931; x_wconf 77' lang='grc' dir='ltr'>εἶτα</span> <span class='ocrx_word' id='word_1_658' title='bbox 3726 3882 3829 3934; x_wconf 71' lang='grc' dir='ltr'>καὶ</span> 
     </span>
    </p>
   </div>
   <div class='ocr_carea' id='block_1_87' title="bbox 2162 3961 3832 4041">
    <p class='ocr_par' dir='ltr' id='par_1_87' title="bbox 2162 3961 3832 4041">
     <span class='ocr_line' id='line_1_87' title="bbox 2162 3961 3832 4041; baseline 0.003 -22"><span class='ocrx_word' id='word_1_659' title='bbox 2162 3961 2221 4019; x_wconf 79' lang='grc' dir='ltr'>ἔκ</span> <span class='ocrx_word' id='word_1_660' title='bbox 2285 3985 2433 4025; x_wconf 91' lang='grc' dir='ltr'>τινος</span> <span class='ocrx_word' id='word_1_661' title='bbox 2513 3985 2611 4040; x_wconf 89' lang='grc' dir='ltr'>περ</span> <span class='ocrx_word' id='word_1_662' title='bbox 2641 3972 2797 4034; x_wconf 86' lang='grc' dir='ltr'>ωπῆς</span> <span class='ocrx_word' id='word_1_663' title='bbox 2861 3965 2999 4041; x_wconf 85' lang='grc' dir='ltr'>πρὸς</span> <span class='ocrx_word' id='word_1_664' title='bbox 3054 3964 3117 4021; x_wconf 84' lang='grc' dir='ltr'>τὸ</span> <span class='ocrx_word' id='word_1_665' title='bbox 3179 3965 3414 4037; x_wconf 81' lang='grc' dir='ltr'>πλῆθος,</span> <span class='ocrx_word' id='word_1_666' title='bbox 3472 3966 3661 4031; x_wconf 74' lang='grc' dir='ltr'>αὐτοῖς</span> <span class='ocrx_word' id='word_1_667' title='bbox 3722 3970 3832 4041; x_wconf 79' lang='grc' dir='ltr'>μὶν</span> 
     </span>
    </p>
   </div>
   <div class='ocr_carea' id='block_1_88' title="bbox 2162 4052 3836 4130">
    <p class='ocr_par' dir='ltr' id='par_1_88' title="bbox 2162 4052 3836 4130">
     <span class='ocr_line' id='line_1_88' title="bbox 2162 4052 3836 4130; baseline 0.001 -21"><span class='ocrx_word' id='word_1_668' title='bbox 2162 4054 2530 4129; x_wconf 79' lang='grc' dir='ltr'>εὐχαριστίας,</span> <span class='ocrx_word' id='word_1_669' title='bbox 2564 4054 2639 4117; x_wconf 85' lang='grc' dir='ltr'>ὡς</span> <span class='ocrx_word' id='word_1_670' title='bbox 2699 4054 2864 4121; x_wconf 72' lang='grc' dir='ltr'>εἰκὸς,</span> <span class='ocrx_word' id='word_1_671' title='bbox 2924 4052 3158 4110; x_wconf 84' lang='grc' dir='ltr'>ἀπέδοτο</span> <span class='ocrx_word' id='word_1_672' title='bbox 3215 4052 3305 4109; x_wconf 77' lang='grc' dir='ltr'>καί</span> <span class='ocrx_word' id='word_1_673' title='bbox 3362 4054 3528 4130; x_wconf 74' lang='grc' dir='ltr'>εὐχὰς</span> <span class='ocrx_word' id='word_1_674' title='bbox 3582 4058 3683 4124; x_wconf 76' lang='grc' dir='ltr'>τῆς</span> <span class='ocrx_word' id='word_1_675' title='bbox 3746 4058 3836 4120; x_wconf 81' lang='grc' dir='ltr'>εἰς</span> 
     </span>
    </p>
   </div>
   <div class='ocr_carea' id='block_1_89' title="bbox 2161 4139 3834 4217">
    <p class='ocr_par' dir='ltr' id='par_1_89' title="bbox 2161 4139 3834 4217">
     <span class='ocr_line' id='line_1_89' title="bbox 2161 4139 3834 4217; baseline 0.002 -23"><span class='ocrx_word' id='word_1_676' title='bbox 2161 4139 2327 4207; x_wconf 73' lang='grc' dir='ltr'>αὐτὴν</span> <span class='ocrx_word' id='word_1_677' title='bbox 2369 4140 2597 4209; x_wconf 81' lang='grc' dir='ltr'>εὐνοίας,</span> <span class='ocrx_word' id='word_1_678' title='bbox 2642 4142 2757 4209; x_wconf 73' lang='grc' dir='ltr'>,τὴν</span> <span class='ocrx_word' id='word_1_679' title='bbox 2815 4140 2939 4217; x_wconf 82' lang='grc' dir='ltr'>περὶ</span> <span class='ocrx_word' id='word_1_680' title='bbox 2994 4145 3093 4196; x_wconf 77' lang='grc' dir='ltr'>τοῦ</span> <span class='ocrx_word' id='word_1_681' title='bbox 3156 4142 3421 4216; x_wconf 84' lang='grc' dir='ltr'>βασιλέως</span> <span class='ocrx_word' id='word_1_682' title='bbox 3473 4139 3532 4196; x_wconf 74' lang='grc' dir='ltr'>δὲ</span> <span class='ocrx_word' id='word_1_683' title='bbox 3579 4144 3834 4216; x_wconf 79' lang='grc' dir='ltr'>γνώμην</span> 
     </span>
    </p>
   </div>
   <div class='ocr_carea' id='block_1_90' title="bbox 2161 4226 3833 4303">
    <p class='ocr_par' dir='ltr' id='par_1_90' title="bbox 2161 4226 3833 4303">
     <span class='ocr_line' id='line_1_90' title="bbox 2161 4226 3833 4303; baseline 0.003 -21"><span class='ocrx_word' id='word_1_684' title='bbox 2161 4227 2362 4297; x_wconf 80' lang='grc' dir='ltr'>έζήτει,</span> <span class='ocrx_word' id='word_1_685' title='bbox 2410 4229 2463 4282; x_wconf 87' lang='grc' dir='ltr'>τί</span> <span class='ocrx_word' id='word_1_686' title='bbox 2521 4226 2602 4283; x_wconf 85' lang='grc' dir='ltr'>δεῖ</span> <span class='ocrx_word' id='word_1_687' title='bbox 2662 4228 2905 4303; x_wconf 74' lang='grc' dir='ltr'>γενέσθαι</span> <span class='ocrx_word' id='word_1_688' title='bbox 2991 4229 3172 4285; x_wconf 79' lang='grc' dir='ltr'>αὐτόν.</span> <span class='ocrx_word' id='word_1_689' title='bbox 3232 4229 3328 4284; x_wconf 82' lang='grc' dir='ltr'>Καὶ</span> <span class='ocrx_word' id='word_1_690' title='bbox 3398 4232 3596 4291; x_wconf 87' lang='grc' dir='ltr'>πάντες</span> <span class='ocrx_word' id='word_1_691' title='bbox 3670 4232 3833 4303; x_wconf 82' lang='grc' dir='ltr'>ὁμο-</span> 
     </span>
    </p>
   </div>
   <div class='ocr_carea' id='block_1_91' title="bbox 2163 4317 3832 4394">
    <p class='ocr_par' dir='ltr' id='par_1_91' title="bbox 2163 4317 3832 4394">
     <span class='ocr_line' id='line_1_91' title="bbox 2163 4317 3832 4394; baseline 0.003 -24"><span class='ocrx_word' id='word_1_692' title='bbox 2163 4319 2355 4394; x_wconf 83' lang='grc' dir='ltr'>φώνως</span> <span class='ocrx_word' id='word_1_693' title='bbox 2413 4317 2729 4392; x_wconf 75' lang='grc' dir='ltr'>ἀνέκραγον-</span> <span class='ocrx_word' id='word_1_694' title='bbox 2763 4342 2791 4369; x_wconf 88' lang='grc'>‹‹</span> <span class='ocrx_word' id='word_1_695' title='bbox 2839 4318 2973 4388; x_wconf 75' lang='grc' dir='ltr'>Αἶρε</span> <span class='ocrx_word' id='word_1_696' title='bbox 3034 4320 3125 4373; x_wconf 89' lang='grc' dir='ltr'>τὸν</span> <span class='ocrx_word' id='word_1_697' title='bbox 3177 4318 3546 4391; x_wconf 85' lang='grc' dir='ltr'>παλαμναῖον,</span> <span class='ocrx_word' id='word_1_698' title='bbox 3578 4319 3832 4389; x_wconf 78' lang='grc' dir='ltr'>ποίησον</span> 
     </span>
    </p>
   </div>
   <div class='ocr_carea' id='block_1_92' title="bbox 2162 4404 3835 4482">
    <p class='ocr_par' dir='ltr' id='par_1_92' title="bbox 2162 4404 3835 4482">
     <span class='ocr_line' id='line_1_92' title="bbox 2162 4404 3835 4482; baseline 0.002 -22"><span class='ocrx_word' id='word_1_699' title='bbox 2162 4404 2221 4460; x_wconf 79' lang='grc' dir='ltr'>ἐκ</span> <span class='ocrx_word' id='word_1_700' title='bbox 2282 4406 2448 4479; x_wconf 80' lang='grc' dir='ltr'>μέσου</span> <span class='ocrx_word' id='word_1_701' title='bbox 2498 4406 2591 4461; x_wconf 83' lang='grc' dir='ltr'>τὸν</span> <span class='ocrx_word' id='word_1_702' title='bbox 2651 4405 2978 4482; x_wconf 77' lang='grc' dir='ltr'>ἀλιτήριον·</span> <span class='ocrx_word' id='word_1_703' title='bbox 3038 4405 3591 4476; x_wconf 85' lang='grc' dir='ltr'>ἀνασκολοπισθήτω,</span> <span class='ocrx_word' id='word_1_704' title='bbox 3652 4429 3835 4463; x_wconf 80' lang='grc' dir='ltr'>σταυ-</span> 
     </span>
    </p>
   </div>
   <div class='ocr_carea' id='block_1_93' title="bbox 2164 4492 3837 4570">
    <p class='ocr_par' dir='ltr' id='par_1_93' title="bbox 2164 4492 3837 4570">
     <span class='ocr_line' id='line_1_93' title="bbox 2164 4492 3837 4570; baseline 0.003 -22"><span class='ocrx_word' id='word_1_705' title='bbox 2164 4496 2421 4569; x_wconf 86' lang='grc' dir='ltr'>ρωθήτω,</span> <span class='ocrx_word' id='word_1_706' title='bbox 2467 4493 2835 4566; x_wconf 81' lang='grc' dir='ltr'>τυφλωθήτω.</span> <span class='ocrx_word' id='word_1_707' title='bbox 2875 4521 2902 4547; x_wconf 84' lang='grc'><strong>››</strong></span> <span class='ocrx_word' id='word_1_708' title='bbox 2933 4498 2993 4550; x_wconf 85' lang='grc' dir='ltr'><strong><em>Ἦ</em></strong></span> <span class='ocrx_word' id='word_1_709' title='bbox 3054 4494 3112 4551; x_wconf 66' lang='grc' dir='ltr'>δέ</span> <span class='ocrx_word' id='word_1_710' title='bbox 3168 4492 3331 4551; x_wconf 79' lang='grc' dir='ltr'>ὤκνει</span> <span class='ocrx_word' id='word_1_711' title='bbox 3388 4496 3525 4570; x_wconf 87' lang='grc' dir='ltr'>πρὸς</span> <span class='ocrx_word' id='word_1_712' title='bbox 3582 4498 3686 4566; x_wconf 81' lang='grc' dir='ltr'>τήν</span> <span class='ocrx_word' id='word_1_713' title='bbox 3736 4520 3837 4553; x_wconf 81' lang='grc' dir='ltr'>τι·-</span> 
     </span>
    </p>
   </div>
   <div class='ocr_carea' id='block_1_94' title="bbox 2165 4581 3835 4661">
    <p class='ocr_par' dir='ltr' id='par_1_94' title="bbox 2165 4581 3835 4661">
     <span class='ocr_line' id='line_1_94' title="bbox 2165 4581 3835 4661; baseline 0.005 -26"><span class='ocrx_word' id='word_1_714' title='bbox 2165 4583 2373 4657; x_wconf 85' lang='grc' dir='ltr'>μωρίαν</span> <span class='ocrx_word' id='word_1_715' title='bbox 2453 4584 2542 4638; x_wconf 86' lang='grc' dir='ltr'>καὶ</span> <span class='ocrx_word' id='word_1_716' title='bbox 2626 4585 2917 4657; x_wconf 79' lang='grc' dir='ltr'>συμπαθὴς</span> <span class='ocrx_word' id='word_1_717' title='bbox 3002 4589 3082 4657; x_wconf 79' lang='grc' dir='ltr'>τῷ</span> <span class='ocrx_word' id='word_1_718' title='bbox 3155 4581 3511 4661; x_wconf 78' lang='grc' dir='ltr'>δυστυχοῦντι</span> <span class='ocrx_word' id='word_1_719' title='bbox 3581 4583 3835 4659; x_wconf 77' lang='grc' dir='ltr'>ἐγίνετο.</span> 
     </span>
    </p>
   </div>
   <div class='ocr_carea' id='block_1_95' title="bbox 2162 4669 3842 4751">
    <p class='ocr_par' dir='ltr' id='par_1_95' title="bbox 2162 4669 3842 4751">
     <span class='ocr_line' id='line_1_95' title="bbox 2162 4669 3842 4751; baseline 0.001 -25"><span class='ocrx_word' id='word_1_720' title='bbox 2162 4669 2382 4741; x_wconf 78' lang='grc' dir='ltr'>ἈΛλ’ἠ</span> <span class='ocrx_word' id='word_1_721' title='bbox 2441 4669 2697 4748; x_wconf 86' lang='grc' dir='ltr'>Θεοδώρα</span> <span class='ocrx_word' id='word_1_722' title='bbox 2751 4674 2920 4748; x_wconf 81' lang='grc' dir='ltr'>ὀργῆς</span> <span class='ocrx_word' id='word_1_723' title='bbox 2974 4674 3385 4744; x_wconf 77' lang='grc' dir='ltr'>ὑποπλησθεῖσα</span> <span class='ocrx_word' id='word_1_724' title='bbox 3440 4672 3529 4727; x_wconf 78' lang='grc' dir='ltr'>καὶ</span> <span class='ocrx_word' id='word_1_725' title='bbox 3588 4675 3842 4751; x_wconf 73' lang='grc' dir='ltr'>παῤῥη-</span> 
     </span>
    </p>
   </div>
   <div class='ocr_carea' id='block_1_96' title="bbox 2162 4757 3841 4837">
    <p class='ocr_par' dir='ltr' id='par_1_96' title="bbox 2162 4757 3841 4837">
     <span class='ocr_line' id='line_1_96' title="bbox 2162 4757 3841 4837; baseline 0.002 -24"><span class='ocrx_word' id='word_1_726' title='bbox 2162 4760 2276 4823; x_wconf 88' lang='grc' dir='ltr'>σίας</span> <span class='ocrx_word' id='word_1_727' title='bbox 2320 4765 2399 4833; x_wconf 82' lang='grc' dir='ltr'>τῷ</span> <span class='ocrx_word' id='word_1_728' title='bbox 2441 4761 2636 4816; x_wconf 80' lang='grc' dir='ltr'>νεωστὶ</span> <span class='ocrx_word' id='word_1_729' title='bbox 2683 4757 3058 4837; x_wconf 76' lang='grc' dir='ltr'>προϐληθέντι</span> <span class='ocrx_word' id='word_1_730' title='bbox 3103 4760 3331 4835; x_wconf 78' lang='grc' dir='ltr'>ἐπάρχῳ</span> <span class='ocrx_word' id='word_1_731' title='bbox 3378 4760 3466 4831; x_wconf 76' lang='grc' dir='ltr'>(ἦν</span> <span class='ocrx_word' id='word_1_732' title='bbox 3510 4757 3567 4815; x_wconf 78' lang='grc' dir='ltr'>δὶ</span> <span class='ocrx_word' id='word_1_733' title='bbox 3598 4762 3629 4816; x_wconf 92' lang='lat'>6</span> <span class='ocrx_word' id='word_1_734' title='bbox 3660 4769 3841 4836; x_wconf 80' lang='grc' dir='ltr'>Καμ-</span> 
     </span>
    </p>
   </div>
   <div class='ocr_carea' id='block_1_97' title="bbox 405 4846 2058 4925">
    <p class='ocr_par' dir='ltr' id='par_1_97' title="bbox 405 4853 2048 4914">
     <span class='ocr_line' id='line_1_97' title="bbox 405 4853 2048 4914; baseline -0.004 -1"><span class='ocrx_word' id='word_1_735' title='bbox 405 4858 679 4914; x_wconf 88' lang='lat' dir='ltr'>universa</span> <span class='ocrx_word' id='word_1_736' title='bbox 726 4854 1043 4911; x_wconf 91' lang='lat' dir='ltr'>multitudo</span> <span class='ocrx_word' id='word_1_737' title='bbox 1092 4862 1181 4910; x_wconf 88' lang='lat' dir='ltr'>est</span> <span class='ocrx_word' id='word_1_738' title='bbox 1233 4853 1529 4909; x_wconf 86' lang='lat' dir='ltr'>comitata.</span> <span class='ocrx_word' id='word_1_739' title='bbox 1564 4853 1773 4907; x_wconf 90' lang='lat' dir='ltr'>Eorum</span> <span class='ocrx_word' id='word_1_740' title='bbox 1800 4854 2048 4907; x_wconf 86' lang='lat' dir='ltr'>adventu</span> 
     </span>
    </p>
   </div>
   <div class='ocr_carea' id='block_1_98' title="bbox 2181 4846 3844 4925">
    <p class='ocr_par' dir='ltr' id='par_1_98' title="bbox 2181 4846 3844 4925">
     <span class='ocr_line' id='line_1_98' title="bbox 2181 4846 3844 4925; baseline 0.002 -22"><span class='ocrx_word' id='word_1_741' title='bbox 2181 4850 2424 4924; x_wconf 79' lang='grc' dir='ltr'>ιανάρης)</span> <span class='ocrx_word' id='word_1_742' title='bbox 2473 4848 2681 4905; x_wconf 79' lang='grc' dir='ltr'>κελεύει</span> <span class='ocrx_word' id='word_1_743' title='bbox 2763 4852 2898 4923; x_wconf 86' lang='grc' dir='ltr'>μετὰ</span> <span class='ocrx_word' id='word_1_744' title='bbox 2973 4848 3213 4919; x_wconf 81' lang='grc' dir='ltr'>σπουδῆς</span> <span class='ocrx_word' id='word_1_745' title='bbox 3269 4846 3522 4905; x_wconf 81' lang='grc' dir='ltr'>ἀπελθεῖν</span> <span class='ocrx_word' id='word_1_746' title='bbox 3581 4852 3676 4905; x_wconf 87' lang='grc' dir='ltr'>καὶ</span> <span class='ocrx_word' id='word_1_747' title='bbox 3739 4852 3844 4925; x_wconf 69' lang='grc' dir='ltr'>ἱξ-</span> 
     </span>
    </p>
   </div>
   <div class='ocr_carea' id='block_1_99' title="bbox 404 4937 2058 5017">
    <p class='ocr_par' dir='ltr' id='par_1_99' title="bbox 404 4940 2051 5017">
     <span class='ocr_line' id='line_1_99' title="bbox 404 4940 2051 5017; baseline -0.004 -16"><span class='ocrx_word' id='word_1_748' title='bbox 404 4945 635 5017; x_wconf 82' lang='lat' dir='ltr'>cognito</span> <span class='ocrx_word' id='word_1_749' title='bbox 666 4944 725 4998; x_wconf 94' lang='lat' dir='ltr'>hi</span> <span class='ocrx_word' id='word_1_750' title='bbox 755 4943 811 4998; x_wconf 92' lang='lat' dir='ltr'>in</span> <span class='ocrx_word' id='word_1_751' title='bbox 838 4942 1131 5013; x_wconf 86' lang='lat' dir='ltr'>penetrale</span> <span class='ocrx_word' id='word_1_752' title='bbox 1154 4942 1270 4996; x_wconf 87' lang='lat' dir='ltr'>fani</span> <span class='ocrx_word' id='word_1_753' title='bbox 1290 4941 1535 4996; x_wconf 85' lang='lat' dir='ltr'>Joannis</span> <span class='ocrx_word' id='word_1_754' title='bbox 1556 4940 1826 5012; x_wconf 58' lang='lat' dir='ltr'>Baptistae</span> <span class='ocrx_word' id='word_1_755' title='bbox 1849 4942 2051 4995; x_wconf 92' lang='lat' dir='ltr'>confu-</span> 
     </span>
    </p>
   </div>
   <div class='ocr_carea' id='block_1_100' title="bbox 2181 4937 3845 5017">
    <p class='ocr_par' dir='ltr' id='par_1_100' title="bbox 2181 4937 3845 5015">
     <span class='ocr_line' id='line_1_100' title="bbox 2181 4937 3845 5015; baseline 0.002 -24"><span class='ocrx_word' id='word_1_756' title='bbox 2181 4937 2345 5011; x_wconf 72' lang='grc' dir='ltr'>ιρύξαι</span> <span class='ocrx_word' id='word_1_757' title='bbox 2398 4937 2562 4993; x_wconf 82' lang='grc' dir='ltr'>αὐτοῦ</span> <span class='ocrx_word' id='word_1_758' title='bbox 2603 4959 2662 4993; x_wconf 89' lang='grc' dir='ltr'>τε</span> <span class='ocrx_word' id='word_1_759' title='bbox 2706 4938 2796 4993; x_wconf 88' lang='grc' dir='ltr'>καὶ</span> <span class='ocrx_word' id='word_1_760' title='bbox 2839 4944 2935 4993; x_wconf 79' lang='grc' dir='ltr'>τοῦ</span> <span class='ocrx_word' id='word_1_761' title='bbox 3002 4939 3148 4992; x_wconf 73' lang='grc' dir='ltr'>θείου</span> <span class='ocrx_word' id='word_1_762' title='bbox 3179 4937 3343 4992; x_wconf 76' lang='grc' dir='ltr'>αὐτοῦ</span> <span class='ocrx_word' id='word_1_763' title='bbox 3375 4937 3723 5015; x_wconf 73' lang='grc' dir='ltr'>ὀφθαλμούςο</span> <span class='ocrx_word' id='word_1_764' title='bbox 3768 4944 3845 5006; x_wconf 70' lang='grc' dir='ltr'>ὃς</span> 
     </span>
    </p>
   </div>
   <div class='ocr_carea' id='block_1_101' title="bbox 402 5023 2058 5108">
    <p class='ocr_par' dir='ltr' id='par_1_101' title="bbox 402 5029 2053 5108">
     <span class='ocr_line' id='line_1_101' title="bbox 402 5029 2053 5108; baseline -0.004 -18"><span class='ocrx_word' id='word_1_765' title='bbox 402 5036 594 5108; x_wconf 87' lang='lat' dir='ltr'>giunt.</span> <span class='ocrx_word' id='word_1_766' title='bbox 628 5032 740 5089; x_wconf 85' lang='lat' dir='ltr'>Sed</span> <span class='ocrx_word' id='word_1_767' title='bbox 790 5030 1042 5104; x_wconf 88' lang='lat' dir='ltr'>populus</span> <span class='ocrx_word' id='word_1_768' title='bbox 1082 5031 1169 5085; x_wconf 89' lang='lat' dir='ltr'>ira</span> <span class='ocrx_word' id='word_1_769' title='bbox 1199 5030 1523 5086; x_wconf 88' lang='lat' dir='ltr'>etiamnum</span> <span class='ocrx_word' id='word_1_770' title='bbox 1555 5034 1767 5085; x_wconf 88' lang='lat' dir='ltr'>ardens</span> <span class='ocrx_word' id='word_1_771' title='bbox 1797 5029 1869 5084; x_wconf 93' lang='lat' dir='ltr'>ob</span> <span class='ocrx_word' id='word_1_772' title='bbox 1900 5029 2053 5084; x_wconf 88' lang='lat' dir='ltr'>cives</span> 
     </span>
    </p>
   </div>
   <div class='ocr_carea' id='block_1_102' title="bbox 2181 5023 3849 5108">
    <p class='ocr_par' dir='ltr' id='par_1_102' title="bbox 2181 5023 3849 5101">
     <span class='ocr_line' id='line_1_102' title="bbox 2181 5023 3849 5101; baseline 0.005 -22"><span class='ocrx_word' id='word_1_773' title='bbox 2181 5023 2392 5097; x_wconf 68' lang='grc' dir='ltr'>ιξελθὼν</span> <span class='ocrx_word' id='word_1_774' title='bbox 2444 5029 2812 5101; x_wconf 89' lang='grc' dir='ltr'>συνεπομένου</span> <span class='ocrx_word' id='word_1_775' title='bbox 2860 5027 3008 5101; x_wconf 83' lang='grc' dir='ltr'>αύτῷ</span> <span class='ocrx_word' id='word_1_776' title='bbox 3064 5027 3154 5083; x_wconf 86' lang='grc' dir='ltr'>καὶ</span> <span class='ocrx_word' id='word_1_777' title='bbox 3210 5030 3308 5082; x_wconf 78' lang='grc' dir='ltr'>τοῦ</span> <span class='ocrx_word' id='word_1_778' title='bbox 3365 5023 3548 5099; x_wconf 88' lang='grc' dir='ltr'>δήμου</span> <span class='ocrx_word' id='word_1_779' title='bbox 3608 5033 3849 5095; x_wconf 79' lang='grc' dir='ltr'>παντὸς</span> 
     </span>
    </p>
   </div>
   <div class='ocr_carea' id='block_1_103' title="bbox 1581 5188 2617 5246">
    <p class='ocr_par' dir='ltr' id='par_1_103' title="bbox 1581 5188 2617 5246">
     <span class='ocr_line' id='line_1_103' title="bbox 1581 5188 2617 5246; baseline 0.001 -1"><span class='ocrx_word' id='word_1_780' title='bbox 1581 5189 1959 5246; x_wconf 83' lang='lat' dir='ltr'>XYLANDRI</span> <span class='ocrx_word' id='word_1_781' title='bbox 1998 5192 2091 5246; x_wconf 90' lang='lat' dir='ltr'>ET</span> <span class='ocrx_word' id='word_1_782' title='bbox 2129 5188 2349 5246; x_wconf 84' lang='lat' dir='ltr'>GOARI</span> <span class='ocrx_word' id='word_1_783' title='bbox 2389 5188 2617 5246; x_wconf 69' lang='lat' dir='ltr'>NOT/E.</span> 
     </span>
    </p>
   </div>
   <div class='ocr_carea' id='block_1_104' title="bbox 2155 5311 3723 5381">
    <p class='ocr_par' dir='ltr' id='par_1_104' title="bbox 2155 5311 3723 5381">
     <span class='ocr_line' id='line_1_104' title="bbox 2155 5311 3723 5381; baseline 0.002 -13"><span class='ocrx_word' id='word_1_784' title='bbox 2155 5313 2323 5379; x_wconf 90' lang='lat' dir='ltr'>bunt,</span> <span class='ocrx_word' id='word_1_785' title='bbox 2356 5311 2678 5381; x_wconf 80' lang='lat' dir='ltr'>signiﬁcat;</span> <span class='ocrx_word' id='word_1_786' title='bbox 2714 5313 2783 5369; x_wconf 90' lang='lat' dir='ltr'>de</span> <span class='ocrx_word' id='word_1_787' title='bbox 2815 5331 2929 5381; x_wconf 90' lang='lat' dir='ltr'>quo</span> <span class='ocrx_word' id='word_1_788' title='bbox 2962 5315 3125 5370; x_wconf 89' lang='lat' dir='ltr'>nulla</span> <span class='ocrx_word' id='word_1_789' title='bbox 3154 5315 3492 5371; x_wconf 81' lang='lat' dir='ltr'>difﬁcultas.</span> <span class='ocrx_word' id='word_1_790' title='bbox 3528 5314 3723 5371; x_wconf 65' lang='lat' dir='ltr'>Goan.</span> 
     </span>
    </p>
   </div>
   <div class='ocr_carea' id='block_1_105' title="bbox 2224 5382 3858 5457">
    <p class='ocr_par' dir='ltr' id='par_1_105' title="bbox 2224 5382 3858 5457">
     <span class='ocr_line' id='line_1_105' title="bbox 2224 5382 3858 5457; baseline 0.007 -20"><span class='ocrx_word' id='word_1_791' title='bbox 2224 5383 2338 5454; x_wconf 86' lang='grc'>(19)</span> <span class='ocrx_word' id='word_1_792' title='bbox 2355 5382 2669 5457; x_wconf 80' lang='lat' dir='ltr'>Oppositus</span> <span class='ocrx_word' id='word_1_793' title='bbox 2693 5382 2925 5441; x_wconf 63' lang='lat' dir='ltr'>Pascha:</span> <span class='ocrx_word' id='word_1_794' title='bbox 2944 5387 3067 5441; x_wconf 89' lang='lat' dir='ltr'>dies</span> <span class='ocrx_word' id='word_1_795' title='bbox 3089 5391 3145 5442; x_wconf 90' lang='lat' dir='ltr'>et</span> <span class='ocrx_word' id='word_1_796' title='bbox 3166 5393 3404 5457; x_wconf 82' lang='lat' dir='ltr'>octavus</span> <span class='ocrx_word' id='word_1_797' title='bbox 3416 5387 3858 5457; x_wconf 79' lang='lat' dir='ltr'>Antispascba</span> 
     </span>
    </p>
   </div>
   <div class='ocr_carea' id='block_1_106' title="bbox 2153 5454 3855 5537">
    <p class='ocr_par' dir='ltr' id='par_1_106' title="bbox 2153 5454 3855 5537">
     <span class='ocr_line' id='line_1_106' title="bbox 2153 5454 3855 5537; baseline 0.006 -30"><span class='ocrx_word' id='word_1_798' title='bbox 2153 5460 2260 5537; x_wconf 66' lang='lat' dir='ltr'>est,</span> <span class='ocrx_word' id='word_1_799' title='bbox 2287 5454 2387 5537; x_wconf 77' lang='lat' dir='ltr'>qui</span> <span class='ocrx_word' id='word_1_800' title='bbox 2418 5455 2788 5537; x_wconf 50' lang='grc' dir='ltr'>Κυριακήητρῦ</span> <span class='ocrx_word' id='word_1_801' title='bbox 2819 5461 3010 5537; x_wconf 63' lang='grc' dir='ltr'>ρῳμᾶ,</span> <span class='ocrx_word' id='word_1_802' title='bbox 3042 5476 3074 5512; x_wconf 86' lang='lat' dir='ltr'>a</span> <span class='ocrx_word' id='word_1_803' title='bbox 3106 5458 3255 5537; x_wconf 83' lang='lat' dir='ltr'>lecto</span> <span class='ocrx_word' id='word_1_804' title='bbox 3280 5454 3855 5537; x_wconf 65' lang='lat' dir='ltr'>8vangelio,_nobis</span> 
     </span>
    </p>
   </div>
   <div class='ocr_carea' id='block_1_107' title="bbox 2153 5526 3856 5653">
    <p class='ocr_par' dir='ltr' id='par_1_107' title="bbox 2153 5526 3856 5653">
     <span class='ocr_line' id='line_1_107' title="bbox 2153 5526 3856 5603; baseline 0.006 -22"><span class='ocrx_word' id='word_1_805' title='bbox 2153 5526 2455 5581; x_wconf 88' lang='lat' dir='ltr'>Dominica</span> <span class='ocrx_word' id='word_1_806' title='bbox 2503 5526 2560 5581; x_wconf 92' lang='lat' dir='ltr'>in</span> <span class='ocrx_word' id='word_1_807' title='bbox 2618 5526 2788 5582; x_wconf 53' lang='lat' dir='ltr'>Albis.</span> <span class='ocrx_word' id='word_1_808' title='bbox 2822 5527 2883 5584; x_wconf 86' lang='grc' dir='ltr'><strong><em>Ἡ</em></strong></span> <span class='ocrx_word' id='word_1_809' title='bbox 2916 5526 3081 5602; x_wconf 71' lang='grc' dir='ltr'>’τρίτη</span> <span class='ocrx_word' id='word_1_810' title='bbox 3132 5532 3231 5603; x_wconf 91' lang='lat' dir='ltr'>qui</span> <span class='ocrx_word' id='word_1_811' title='bbox 3282 5526 3565 5603; x_wconf 67' lang='lat' dir='ltr'>sequitur,</span> <span class='ocrx_word' id='word_1_812' title='bbox 3602 5529 3856 5592; x_wconf 80' lang='lat' dir='ltr'>Martis</span> 
     </span>
     <span class='ocr_line' id='line_1_108' title="bbox 2153 5596 2513 5653; baseline 0 0"><span class='ocrx_word' id='word_1_813' title='bbox 2153 5599 2299 5653; x_wconf 86' lang='lat' dir='ltr'>dies.</span> <span class='ocrx_word' id='word_1_814' title='bbox 2332 5596 2513 5653; x_wconf 58' lang='lat' dir='ltr'>Goan.</span> 
     </span>
    </p>
   </div>
   <div class='ocr_carea' id='block_1_108' title="bbox 2196 5612 2513 5654">
    <p class='ocr_par' dir='ltr' id='par_1_108' title="bbox 2196 5612 2513 5654">
     <span class='ocr_line' id='line_1_109' title="bbox 2196 5612 2513 5654; baseline -0.003 0"><span class='ocrx_word' id='word_1_815' title='bbox 2196 5612 2299 5654; x_wconf 71' lang='grc'>188.</span> <span class='ocrx_word' id='word_1_816' title='bbox 2332 5612 2513 5653; x_wconf 75' lang='lat' dir='ltr'>UOAB.</span> 
     </span>
    </p>
   </div>
   <div class='ocr_carea' id='block_1_109' title="bbox 470 5312 2041 5389">
    <p class='ocr_par' dir='ltr' id='par_1_109' title="bbox 470 5312 2041 5389">
     <span class='ocr_line' id='line_1_110' title="bbox 470 5312 2041 5389; baseline -0.013 -14"><span class='ocrx_word' id='word_1_817' title='bbox 470 5320 582 5389; x_wconf 83' lang='grc'>(18)</span> <span class='ocrx_word' id='word_1_818' title='bbox 622 5320 813 5373; x_wconf 87' lang='lat' dir='ltr'>Locum</span> <span class='ocrx_word' id='word_1_819' title='bbox 844 5322 897 5373; x_wconf 79' lang='lat' dir='ltr'>et</span> <span class='ocrx_word' id='word_1_820' title='bbox 926 5320 1213 5372; x_wconf 78' lang='lat' dir='ltr'>stationem</span> <span class='ocrx_word' id='word_1_821' title='bbox 1260 5312 2041 5389; x_wconf 28' lang='lat' dir='ltr'>putatiz‘excubitorugzxcg-</span> 
     </span>
    </p>
   </div>
   <div class='ocr_carea' id='block_1_110' title="bbox 398 5381 2045 5460">
    <p class='ocr_par' dir='ltr' id='par_1_110' title="bbox 398 5381 2045 5460">
     <span class='ocr_line' id='line_1_111' title="bbox 398 5381 2045 5460; baseline -0.006 -14"><span class='ocrx_word' id='word_1_822' title='bbox 398 5381 576 5446; x_wconf 65' lang='lat' dir='ltr'>diuus</span> <span class='ocrx_word' id='word_1_823' title='bbox 608 5392 679 5445; x_wconf 89' lang='lat' dir='ltr'>de</span> <span class='ocrx_word' id='word_1_824' title='bbox 706 5389 1017 5460; x_wconf 29' lang='lat' dir='ltr'>UrigucpJ</span> <span class='ocrx_word' id='word_1_825' title='bbox 1062 5381 1275 5460; x_wconf 69' lang='grc' dir='ltr'>Ἳέκτισε</span> <span class='ocrx_word' id='word_1_826' title='bbox 1304 5384 1368 5436; x_wconf 76' lang='grc' dir='ltr'>τὰ</span> <span class='ocrx_word' id='word_1_827' title='bbox 1393 5381 1632 5460; x_wconf 28' lang='grc' dir='ltr'>παλάτ-ια</span> <span class='ocrx_word' id='word_1_828' title='bbox 1682 5390 1782 5452; x_wconf 83' lang='grc' dir='ltr'>τῆς</span> <span class='ocrx_word' id='word_1_829' title='bbox 1832 5382 2045 5460; x_wconf 75' lang='grc' dir='ltr'>Χαλκῆς</span> 
     </span>
    </p>
   </div>
   <div class='ocr_carea' id='block_1_111' title="bbox 395 5453 2045 5529">
    <p class='ocr_par' dir='ltr' id='par_1_111' title="bbox 395 5453 2045 5529">
     <span class='ocr_line' id='line_1_112' title="bbox 395 5453 2045 5529; baseline -0.004 -13"><span class='ocrx_word' id='word_1_830' title='bbox 395 5462 485 5516; x_wconf 85' lang='grc' dir='ltr'>καὶ</span> <span class='ocrx_word' id='word_1_831' title='bbox 536 5465 643 5515; x_wconf 90' lang='grc' dir='ltr'>τῶν</span> <span class='ocrx_word' id='word_1_832' title='bbox 702 5453 1250 5529; x_wconf 43' lang='grc' dir='ltr'>ἐξκόῦϐίτωνηλιὶὺὶ</span> <span class='ocrx_word' id='word_1_833' title='bbox 1312 5462 1520 5529; x_wconf 75' lang='lat' dir='ltr'>tamen</span> <span class='ocrx_word' id='word_1_834' title='bbox 1570 5457 1731 5529; x_wconf 72' lang='lat' dir='ltr'>ipsas</span> <span class='ocrx_word' id='word_1_835' title='bbox 1788 5456 2045 5529; x_wconf 65' lang='lat' dir='ltr'>excubias</span> 
     </span>
    </p>
   </div>
   <div class='ocr_carea' id='block_1_112' title="bbox 396 5523 2045 5602">
    <p class='ocr_par' dir='ltr' id='par_1_112' title="bbox 396 5523 2045 5602">
     <span class='ocr_line' id='line_1_113' title="bbox 396 5523 2045 5602; baseline -0.005 -15"><span class='ocrx_word' id='word_1_836' title='bbox 396 5538 495 5587; x_wconf 77' lang='grc' dir='ltr'>τοῦ</span> <span class='ocrx_word' id='word_1_837' title='bbox 522 5523 812 5602; x_wconf 64' lang='grc' dir='ltr'>παλατίρυ,</span> <span class='ocrx_word' id='word_1_838' title='bbox 842 5531 939 5599; x_wconf 85' lang='grc' dir='ltr'>τήν</span> <span class='ocrx_word' id='word_1_839' title='bbox 986 5526 1252 5583; x_wconf 87' lang='grc' dir='ltr'>παλατίου</span> <span class='ocrx_word' id='word_1_840' title='bbox 1284 5523 1678 5602; x_wconf 65' lang='grc' dir='ltr'>παραφυλακὴν</span> <span class='ocrx_word' id='word_1_841' title='bbox 1711 5526 1815 5602; x_wconf 63' lang='grc' dir='ltr'>Δκαὶ</span> <span class='ocrx_word' id='word_1_842' title='bbox 1862 5525 2045 5602; x_wconf 82' lang='grc' dir='ltr'>τάγμα</span> 
     </span>
    </p>
   </div>
   <div class='ocr_carea' id='block_1_113' title="bbox 398 5598 2044 5674">
    <p class='ocr_par' dir='ltr' id='par_1_113' title="bbox 398 5598 2044 5674">
     <span class='ocr_line' id='line_1_114' title="bbox 398 5598 2044 5674; baseline -0.004 -14"><span class='ocrx_word' id='word_1_843' title='bbox 398 5608 510 5660; x_wconf 78' lang='grc' dir='ltr'>τῶν</span> <span class='ocrx_word' id='word_1_844' title='bbox 558 5598 900 5674; x_wconf 71' lang='grc' dir='ltr'>ἰξκουὸίτων,</span> <span class='ocrx_word' id='word_1_845' title='bbox 959 5608 1024 5658; x_wconf 92' lang='lat' dir='ltr'>ut</span> <span class='ocrx_word' id='word_1_846' title='bbox 1068 5602 1272 5658; x_wconf 75' lang='lat' dir='ltr'>Rutl’us</span> <span class='ocrx_word' id='word_1_847' title='bbox 1322 5604 1380 5654; x_wconf 84' lang='lat' dir='ltr'>et</span> <span class='ocrx_word' id='word_1_848' title='bbox 1424 5598 1842 5656; x_wconf 84' lang='lat' dir='ltr'>Constantinus</span> <span class='ocrx_word' id='word_1_849' title='bbox 1898 5598 2044 5654; x_wconf 76' lang='lat' dir='ltr'>seri-</span> 
     </span>
    </p>
   </div>
  </div>
