4036 6194
425 366 545 426 375

1793 362 2112 425 GEORGII
2155 361 2496 424 CEDltENI

3727 351 3848 412 276

433 500 618 556 visus.
652 503 804 571 Ergo
836 499 1124 555 adductus
1184 505 1274 556 est
1325 500 1395 555 ad
1460 498 1743 569 templum
1795 487 2080 568 principis

2199 492 2362 554 λείας.
2413 497 2613 547 Τοῦτον
2672 492 2796 567 γάρ,
2848 489 3082 560 ὁπηνίκα
3129 490 3220 545 τὸν
3280 486 3464 564 ἕτερον
3518 482 3845 542 ἐϐουλεύετο

437 588 824 654 exercituum,
859 589 1009 659 quod
1042 590 1098 642 in
1138 593 1530 643 Damocranea
1572 593 1662 640 est
1691 585 1900 657 Athyro
1956 601 2084 656 pro-

437 677 703 746 ximum;
743 678 1078 747 missusque
1112 677 1441 747 Stephanus
1483 680 1900 747 Pergamenus,
1935 691 2090 728 unus

435 766 511 821 de
559 764 940 821 cubiculariis
989 767 1383 834 Augustarum
1436 763 1750 830 etnuchis,
1801 764 1900 834 qui
1955 779 2088 818 eum

440 857 667 927 privato
695 854 895 909 habitu
930 859 1167 909 exutum
1204 853 1574 925 imperatoria
1619 853 1888 907 amiciret
1946 869 2089 923 pur-

440 961 586 1016 pura
615 948 672 998 et
704 943 877 998 celoci
913 942 1254 1013 impositum
1304 943 1360 996 in
1418 942 1702 1014 palatium
1754 943 2088 996 adduceret.

442 1033 703 1088 Adducto
734 1036 996 1103 Augusta
1027 1032 1134 1085 Zoc
1181 1032 1402 1102 nupsit,
1463 1036 1842 1086 consecrante
1890 1031 2092 1083 matri-

444 1121 707 1176 monium
743 1121 930 1191 primo
961 1121 1128 1176 Novae
1153 1120 1344 1176 Romae
1380 1120 1739 1192 presbytero,
1765 1119 1858 1174 cui
1882 1117 2093 1198 Stypes

445 1215 570 1264 erat
596 1224 830 1277 nomen,
865 1208 958 1263 die
985 1208 1144 1263 Junii
1182 1209 1496 1263 undecima
1555 1209 1694 1262 anni
1741 1209 1870 1278 ejus
1921 1224 2094 1277 quem

445 1314 625 1368 supra
658 1297 1068 1352 indicavimus.
1105 1297 1391 1353 Postridie
1421 1303 1736 1352 coronatus
1754 1303 1892 1352 esta
1913 1295 2095 1368 patri-

447 1386 646 1441 archa.

2200 587 2606 636 Κωνσταντῖνον
2669 580 2744 642 είς
2791 579 2880 633 τὸν
2956 577 3226 653 βασίλειον
3290 577 3479 651 θρόνον
3541 578 3844 650 ἀναγαγεῖν³

2200 667 2454 737 δικαστὴν
2517 667 2800 738 Ἑλλήνων
2862 671 2972 739 (21)
3031 667 3486 742 προεχειρίσατοι
3542 662 3727 732 ἐπειδὴ
3791 662 3849 717 δὲ

2197 760 2474 830 κάκεῖνος,
2534 759 2607 820 ὡς
2695 755 2961 828 εἷ’πομεν,
3022 757 3380 832 κατειργάσθη
3465 757 3756 832 φαρμάκῳ,
3821 754 3848 806 ὁ

2202 848 2386 922 ῥηθεὶς
2433 849 2770 922 Μονομάχος
2819 845 2908 900 καὶ
2960 850 3038 917 τῷ
3087 845 3300 909 θανόντι
3359 845 3652 915 ὁμώνυμος
3710 843 3852 917 πρὸς

2198 937 2406 1010 τρόπου
2465 935 2719 1005 ἐνολίσθη
2778 939 2846 1007 τῇ
2904 933 3382 1009 βασιλίδι.”Ηχθη
3430 933 3519 987 οὖν
3580 932 3716 1006 πρὸς
3761 932 3850 984 τὸν

2203 1028 2434 1101 ἄγχιστα
2463 1029 2559 1079 τοῦ
2592 1024 2818 1100 Ἀθῦρος
2851 1021 3185 1096 διακείμενον
3240 1024 3364 1076 ναὸν
3396 1022 3491 1076 τοῦ
3519 1022 3848 1096 ἀρχιστρατ-

2205 1117 2344 1189 ήγου
2400 1115 2490 1168 τὸν
2551 1112 2604 1168 ἐν
2659 1113 3054 1187 Δαμοκρανείᾳ·
3111 1113 3200 1167 καὶ
3250 1112 3516 1189 πεμφθεὶς
3578 1108 3855 1186 Στέφανος

2207 1207 2284 1265 εἷς
2317 1203 2390 1258 ὢν
2419 1207 2530 1258 τῶν
2563 1202 2981 1274 θαλαμηπόλων
3017 1200 3291 1276 εὐνούχων
3345 1201 3445 1270 τῆς
3506 1195 3792 1276 βασιλίδος
3825 1199 3854 1252 ὁ

2211 1292 2564 1368 Περγαμηνὸς
2625 1289 2973 1363 άποδιδύσκει
3031 1291 3126 1362 μὶν
3187 1290 3345 1344 αὐτὸν
3406 1290 3503 1356 τήν
3566 1286 3854 1357 ἰδιωτικήν

2210 1380 2431 1450 στολὴν,
2499 1381 2816 1456 ἀμφιέννυσι
2880 1377 2936 1433 ὃὶ
3008 1377 3313 1457 πορφυρίδα
3393 1377 3702 1454 βασιλικὴν,
3765 1376 3858 1431 καὶ

449 1470 695 1548 δρόμωνι
751 1468 1046 1544 ἐμϐιϐάσας
1107 1474 1218 1548 ἄγει
1264 1474 1400 1548 πρὸς
1451 1472 1517 1526 τά
1565 1471 1830 1548 βασίλεια.
1865 1473 2039 1550 ’ῼτινι
2087 1470 2305 1545 ἀχθέντι
2355 1469 2672 1524 συνάπτεται
2725 1468 2802 1530 είς
2849 1470 3133 1523 κοινωνίαν
3179 1468 3354 1543 γάμου
3404 1469 3438 1537 ἡ
3488 1465 3723 1541 βασιλὶς,
3754 1472 3856 1534 τῆς

449 1559 758 1637 ἱερολογίας
789 1561 1088 1636 γενομένης
1120 1563 1266 1636 παρά
1293 1566 1389 1616 τοῦ
1418 1562 1638 1636 πρώτου
1670 1566 1774 1615 τῶν
1817 1556 2191 1636 πρεσϐυτέρων
2230 1566 2329 1627 τῆς
2375 1561 2516 1619 Νέας
2561 1561 2694 1631 (22),
2726 1560 2783 1620 ὂς
2832 1565 3053 1626 Στυπῆς
3098 1557 3434 1630 ὠνομάζετο,
3478 1563 3542 1610 ια’
3591 1556 3713 1610 τότε
3759 1559 3858 1609 τοῦ

448 1651 678 1706 Ἰουνίου
714 1651 886 1722 μηνὸς
917 1648 1161 1725 ἄγοντος,
1195 1655 1289 1704 τοῦ
1320 1653 1448 1728 lquv'
1480 1648 1652 1713 ἔτους.
1693 1651 1950 1724 Στέφεται
1987 1650 2042 1704 δὲ
2072 1653 2139 1722 τῇ
2173 1648 2426 1722 ἐπαύριον
2460 1649 2607 1721 παρὰ
2635 1652 2730 1702 τοῦ
2762 1649 3126 1721 πατριάρχου.

526 1741 950 1798 Monomachus
964 1749 1200 1813 accepto
1223 1741 1554 1814 imperio,et
1577 1742 1902 1797 senatorios
1931 1741 2101 1807 viros,
2135 1743 2180 1807 Β

456 1836 629 1902 prout
659 1831 949 1901 cujusque
1009 1831 1267 1902 dignitas
1315 1831 1554 1898 lerebat,
1605 1831 1674 1884 ad
1726 1830 2100 1886 sublimiores

457 1919 642 1976 evexit
675 1919 944 1986 honores,
979 1924 1036 1976 et
1067 1920 1324 1991 pecuniae
1357 1920 1772 1975 distributione
1821 1937 1986 1975 suam
2041 1921 2097 1974 in

457 2007 741 2079 populum
799 2007 1206 2063 liberalitatem
1267 2008 1603 2062 declaravit.
1666 2008 1874 2063 Emisit
1922 2007 2098 2062 etiam

457 2097 691 2153 decreta
721 2114 822 2169 per
850 2114 1054 2152 omnes
1091 2097 1440 2167 provincias,
1476 2114 1602 2168 quze
1631 2103 1688 2152 et
1718 2098 1912 2169 ipsum
1971 2114 2100 2152 esse

453 2185 859 2257 imperatorem
891 2188 1108 2241 factum
1140 2186 1485 2252 indicarent,
1513 2187 1664 2242 543
1696 2192 1752 2242 et
1791 2188 2097 2259 promitte-

451 2279 581 2330 rent
612 2276 756 2331 i‘orte
789 2281 851 2330 ut
884 2277 992 2331 sub
1028 2275 1154 2346 ipso
1186 2275 1386 2330 omnia
1417 2275 1662 2331 honesta
1700 2275 1961 2345 vigerent
1981 2292 2100 2330 om-

448 2364 664 2436 niaque
715 2364 937 2436 ﬂagitia
983 2364 1482 2420 exscinderentur.
1533 2365 1815 2420 Joannem
1865 2381 2099 2435 quoque

445 2451 991 2524 orphanotrophum
1026 2469 1157 2507 cum
1191 2452 1467 2506 omnibus
1499 2469 1626 2524 qua:
1657 2451 1866 2523 'ipsius
1910 2459 2096 2524 erant,

445 2559 478 2597 a
511 2541 954 2597 Monobatarum
990 2541 1344 2596 monasterio
1378 2541 1432 2594 in
1470 2541 1748 2610 Lesbum,
1773 2547 1828 2595 et
1858 2541 2100 2596 Michae-

445 2630 572 2685 lum
603 2646 808 2685 recens
840 2630 1082 2700 imperio
1118 2630 1407 2701 privatum
1439 2630 1496 2684 in
1540 2629 1772 2697 Chium,
1813 2631 2095 2685 Constan-

447 2718 761 2790 tinumque
795 2719 1232 2773 nobilissimum
1265 2720 1321 2772 in
1343 2724 1580 2773 Samum
1609 2720 1952 2789 deportavit.
1978 2723 2096 2773 Hoc

451 2822 596 2862 usus
641 2807 876 2862 exordio
934 2807 1359 2861 Monomachus
1417 2806 1736 2860 indictione
1797 2808 1878 2860 1οι
1925 2807 2096 2862 Sexta

453 2910 626 2965 porro
648 2895 913 2952 Octobris
951 2895 1066 2961 die,
1096 2893 1411 2950 indictione
1436 2896 1680 2960 lt,anno
1709 2896 2090 2963 mundi6551,

454 2989 682 3038 cometa
709 2983 1003 3055 apparuit,
1035 2985 1106 3038 ab
1147 2983 1367 3039 oriente
1417 2985 1487 3039 ad
1539 3001 1810 3038 occasum
1863 2984 2092 3055 profici-

2285 1739 2364 1810 [P.
2429 1741 2555 1810 754]
2644 1737 2741 1790 Καὶ
2816 1734 2925 1806 ἤδη
3009 1740 3115 1790 τῶν
3198 1737 3485 1808 σκήπτρων
3566 1735 3856 1808 γενόμενος

2209 1826 2472 1901 ἐγκρατὴς
2562 1826 2762 1887 πάντας
2833 1827 2928 1898 μὲν
2977 1824 3104 1889 τοὺς
3157 1823 3553 1900 συγκλητικοὺς
3615 1824 3856 1898 βαθμοῖς

2209 1915 2532 1987 ἀξιωμάτων
2607 1915 2741 1968 κατὰ
2806 1917 2905 1982 τὴν
2981 1915 3206 1969 ἑκάστου
3266 1907 3624 1988 προεϐίϐασεν
3678 1912 3854 1983 ἀξίαν⁹

2207 2004 2298 2058 καὶ
2331 2004 2563 2078 χρυσίου
2619 2001 2675 2057 δὲ
2707 2000 2988 2076 διανομαῖς
3026 2003 3088 2056 τὸ
3147 2003 3361 2071 πλῆθος
3394 1999 3849 2078 ἐφιλοτιμήσατο.

2209 2092 2586 2163 Ἐξαπέστειλι
2641 2089 2698 2147 δὶ
2742 2091 2830 2147 καὶ
2891 2093 3158 2168 ἀναφορὰς
3214 2091 3264 2144 ἐν
3314 2096 3442 2144 πᾶσι
3482 2097 3598 2151 τοῖς
3633 2090 3850 2163 θέμασι,

2205 2184 2303 2251 τήν
2362 2203 2419 2236 τε
2483 2181 2770 2258 ἀνάρρησιν
2831 2180 2994 2236 αὑτοῦ
3053 2177 3348 2250 δηλοῦσας,
3398 2179 3486 2234 καὶ
3547 2178 3852 2254 ὑπισχνου-

2211 2269 2368 2343 μένας
2421 2272 2619 2332 παντὸς
2675 2272 2768 2342 μὲν
2827 2270 3032 2344 ἀγαθοῦ
3105 2267 3295 2344 βλύσιν
3382 2269 3473 2323 καὶ
3521 2269 3850 2344 παρρησίαν,

2208 2362 2386 2430 πάσης
2460 2357 2518 2414 δὲ
2599 2360 2788 2420 κακίας
2875 2359 3184 2430 ἀποτομήν.
3247 2352 3577 2414 λίετεῦίϐασε
3649 2354 3704 2411 δὲ
3761 2360 3854 2411 καὶ

2210 2451 2465 2519 Ἰωάννην
2500 2451 2587 2504 τὸν
2647 2448 3054 2526 ὀρφανοτρόφον
3112 2449 3246 2521 μετὰ
3298 2449 3512 2502 πάντων
3570 2449 3642 2501 ὧν
3703 2447 3852 2522 εἶχεν

2207 2538 2311 2593 ἀπὸ
2369 2546 2467 2607 τῆς
2523 2546 2697 2610 μονῆς
2750 2543 2856 2592 τῶν
2917 2532 3245 2594 Μονοϐατῶν
3307 2536 3382 2598 εἷς
3408 2539 3505 2606 τήν
3538 2543 3699 2604 νῆσον
3752 2536 3854 2592 Ai-

2207 2622 2359 2694 o6ov,
2417 2627 2506 2682 καὶ
2564 2627 2795 2702 Μιχαὴλ
2851 2628 2942 2682 τὸν
3001 2628 3105 2700 πρὸ
3153 2631 3248 2681 τοῦ
3307 2624 3531 2701 βασιλέα
3578 2624 3652 2687 εῗς
3693 2627 3855 2693 Χίον,

2205 2716 2295 2770 καὶ
2330 2719 2732 2771 Κωνσταντῖνον
2764 2717 2855 2770 τὸν
2913 2710 3311 2785 νιοϐελίσσιμον
3370 2714 3444 2775 είς
3505 2715 3714 2784 Σάμον.
3753 2715 3852 2768 Καὶ

2202 2809 2370 2858 ταῦτα
2432 2805 2526 2878 μὶν
2583 2805 2830 2880 ἐπράχθη
2890 2804 2943 2858 ἐν
2998 2804 3318 2876 προοιμίοις
3363 2809 3443 2876 τῷ
3501 2805 3850 2879 Μονομάχῳ,

2203 2893 2338 2948 κατά
2390 2900 2488 2962 τήν
2525 2901 2552 2948 ι’
2584 2891 2913 2948 ίνδικτιῶνα·
2946 2893 3082 2948 κατὰ
3139 2890 3195 2947 δὲ
3250 2895 3348 2962 τήν
3409 2899 3451 2955 ς’
3487 2896 3583 2946 τοῦ
3643 2892 3849 2948 ὐκτωο

2204 2977 2360 3056 ϐρίου
2424 2984 2614 3054 μηνὸς,
2643 2990 2742 3051 τῆς
2803 2984 2865 3036 ια’
2912 2979 3268 3048 ἷνδικτιῶνος,
3300 2985 3396 3035 τοῦ
3450 2987 3614 3058 εςφνα]
3671 2979 3847 3049 ἔτους,

449 3086 640 3139 scens,
676 3077 915 3143 totoque
947 3071 1048 3127 illo
1111 3088 1312 3127 mense
1363 3072 1551 3128 fulsit.
1604 3075 1658 3128 Is
1709 3074 2086 3144 portendebat

2203 3070 2366 3148 ἐφάνη
2431 3074 2684 3143 κομήτης
2744 3071 2847 3124 ἀπὸ
2895 3078 2994 3139 τῆς
3049 3067 3123 3124 ἕω
3181 3070 3316 3144 πρὸς
3348 3071 3446 3138 τὴν
3480 3067 3628 3123 δύσιν
3661 3071 3850 3124 ποιοιῖι⁶

2464 3161 2477 3176 ι
2722 3159 2731 3176 .
2937 3159 2952 3176 ς
3027 3159 3041 3176 ε
3097 3165 3121 3174 .-
3248 3157 3268 3176 ς
3302 3159 3312 3176 ρ
3651 3165 3664 3176 .
3716 3157 3767 3176 ..ς

444 3158 811 3216 calamitates
847 3161 1067 3215 mundo
1099 3165 1426 3216 eventuras.
1478 3163 1620 3216 Cum
1653 3163 1806 3216 enim
1842 3161 2088 3233 Stepha-

446 3265 577 3319 nus,
608 3251 708 3321 qui
741 3253 798 3304 et
829 3250 1226 3315 Boisthlabus,
1260 3251 1416 3321 fuga,
1453 3255 1517 3305 ut
1575 3257 1708 3305 ante
1761 3251 2086 3306 docuimus.

439 3353 508 3392 ex
539 3339 683 3394 urbe
727 3337 965 3409 elapsus
1023 3337 1285 3409 Illyricos
1325 3343 1672 3410 occupasset
1719 3345 1969 3407 montes,
2022 3356 2087 3394 ac

436 3426 727 3483 Triballos
747 3430 806 3482 et
824 3431 1027 3482 Servos
1049 3427 1301 3497 indeque
1326 3428 1597 3482 viciniam
1643 3428 1923 3482 Romanis
1945 3429 2088 3482 sub-

437 3515 620 3570 ditam
654 3515 1137 3587 populationibus
1167 3521 1416 3580 vexaret,
1442 3516 1864 3572 Monomachus
1885 3533 2085 3571 carum

439 3604 873 3675 grassationum
896 3604 1210 3676 impatiens
1226 3605 1509 3660 Michaelo
1533 3605 1776 3676 patricio
1795 3605 2090 3661 Anastasii

442 3691 746 3762 logothetaa
775 3691 914 3758 lilio,
949 3697 1074 3746 tum
1135 3692 1436 3763 Dyrrachii
1502 3693 1790 3763 praefecto,
1843 3694 2086 3748 mandat

440 3795 542 3849 per
568 3779 793 3836 litteras
825 3785 887 3834 ut
921 3780 1180 3835 collectis
1211 3786 1268 3835 et
1309 3781 1434 3835 suis
1486 3786 1543 3835 et
1591 3780 1722 3834 aliis
1775 3780 2082 3849 militibus,

439 3873 726 3940 quotquot
757 3869 813 3922 in
844 3869 1052 3924 vicinis
1082 3886 1148 3924 ac
1173 3869 1451 3924 Romanis
1485 3869 1737 3924 subditis
1769 3870 2082 3939 provinciis

437 3956 705 4028 dispositi
737 3963 925 4023 erant,
979 3975 1096 4012 una
1147 3974 1279 4012 cum
1333 3958 1605 4012 ordinum
1653 3957 1997 4013 ductoribus
2025 3957 2084 4014 in

436 4043 726 4101 Triballos
758 4046 1161 4116 proﬁciscatur
1190 4052 1247 4100 et
1295 4047 1661 4116 Stephanum
1713 4047 1980 4103 debellet.
2031 4047 2084 4101 ls

433 4149 565 4188 vero
586 4133 903 4188 Michaelus
935 4139 1014 4188 rei
1049 4133 1265 4189 bellicae
1295 4135 1715 4206 ignarissimus
1747 4134 1990 4206 (quippe
2025 4136 2083 4190 in

434 4221 643 4277 umbra
672 4221 898 4276 etinter
929 4221 1168 4277 delicias
1201 4223 1508 4292 educatus)
1540 4223 1733 4292 inepte
1765 4228 1823 4276 et
1871 4222 2080 4277 inscite

430 4324 553 4366 rem
568 4325 880 4382 aggressus
905 4326 1179 4382 magnam
1205 4312 1285 4366 rei
1310 4311 1577 4366 Romanae
1601 4312 1756 4367 544
1787 4310 2084 4366 calamita-

429 4404 545 4455 tem
570 4398 801 4454 invexit.
830 4399 1157 4454 Contractis
1180 4401 1360 4463 enim,
1384 4407 1448 4453 ut
1467 4416 1675 4464 jussus
1699 4406 1843 4465 crat,
1890 4401 2076 4471 copiis

2205 3180 2364 3232 μενος
2417 3161 2515 3228 τὴν
2576 3159 2818 3227 πορείαν,
2863 3159 2954 3214 καὶ
3011 3159 3190 3233 ὠρᾶτο
3248 3157 3480 3230 λάμπων
3538 3165 3664 3234 παρ’
3711 3157 3847 3212 ὅλον

2197 3253 2386 3302 τοῦτον
2444 3249 2532 3302 τῖον
2600 3251 2761 3320 μῆνα.
2797 3249 3117 3323 Προεμήνυε
3167 3245 3211 3302 δ’
3243 3248 3398 3309 οὗτος
3446 3247 3544 3309 τὰς
3601 3245 3846 3320 μελλού-

2198 3358 2292 3398 σας
2352 3332 2814 3410 ἒπισυμϐήσεσθαι
2872 3336 3139 3410 κοσμικὰς
3196 3338 3502 3414 συμφοράς.
3567 3336 3846 3410 Στεφάνου

2196 3427 2297 3500 γάρ
2327 3430 2422 3480 τοῦ
2457 3426 2546 3479 καὶ
2611 3420 2979 3490 Βοϊσθλάϐου,
3012 3425 3190 3500 ὥσπερ
3250 3423 3549 3499 ἔμπροσθεν
3609 3424 3842 3501 ἐρρήθη,

2197 3511 2530 3589 ἀποδράντος
2609 3515 2713 3568 ἀπὸ
2792 3519 2886 3568 τοῦ
2944 3514 3237 3583 Βυζαντίου
3296 3514 3382 3568 καὶ
3438 3514 3504 3569 τὰ
3557 3513 3845 3589 Ἰλλυρικά

2195 3601 2564 3676 κατασχόντος
2594 3600 2719 3678 ὄρη,
2769 3602 2859 3657 καὶ
2907 3598 3254 3677 Τριϐαλλοὺς
3309 3603 3398 3658 καὶ
3461 3597 3700 3675 Σέρόους
3749 3605 3839 3658 καὶ

2197 3691 2262 3744 τά
2317 3691 2584 3766 πρόσοικα
2638 3692 2766 3764 γένη
2825 3691 2914 3746 καὶ
2961 3691 3249 3764 Ῥωμαίοις
3310 3693 3524 3760 ὑπήκοα
3579 3693 3840 3768 κατατρέ-

2198 3799 2395 3853 χοντος
2442 3779 2530 3833 καὶ
2573 3778 2929 3852 ληϊζομένου,
2966 3781 3041 3851 μή
3096 3779 3269 3853 φέρων
3300 3780 3327 3834 ὁ
3363 3781 3705 3854 Μονομάχος
3746 3781 3840 3841 τὰς

2195 3865 2400 3921 ἐκείνου
2431 3864 2776 3940 καταδρομάς
2803 3873 2883 3940 τῷ
2924 3869 3046 3922 τότε
3104 3865 3331 3943 ἄρχοντι
3377 3872 3478 3922 τοῦ
3529 3867 3840 3943 Δυρραχίου

2194 3956 2280 4027 (ἦν
2340 3951 2397 4010 δὶ
2448 3954 2683 4030 Μιχαὴλ
2739 3956 3046 4030 πατρίκιος,
3091 3957 3118 4010 ὁ
3177 3956 3530 4012 Ἀναστασίου
3586 3959 3685 4010 τοῦ
3743 3955 3840 4012 λο-

2191 4043 2417 4116 γοθέτου
2511 4045 2651 4116 υἱὸς)
2759 4044 3075 4119 γράμμασιν
3161 4043 3494 4119 ἐγκελεύεται
3575 4045 3667 4098 τὸν
3755 4046 3842 4100 ὑπ’

2194 4132 2353 4186 αὐτὸν
2410 4138 2658 4205 ἀθροῖσαι
2707 4137 2804 4186 τοῦ
2863 4132 3168 4208 Δυρραχίου
3237 4133 3366 4188 λαὸν
3427 4136 3840 4209 στρατιωτικὸν,

2191 4217 2267 4275 ἔτι
2301 4219 2358 4276 δὲ
2386 4223 2471 4276 καὶ
2514 4223 2609 4284 τὰς
2670 4223 2920 4297 στρατιὰς
2970 4223 3077 4276 τῶν
3137 4221 3462 4298 ἐγγιζόντων
3519 4222 3699 4295 τούτῳ
3755 4225 3844 4277 θε-

2195 4311 2375 4383 μάτων
2452 4311 2544 4365 καὶ
2621 4309 2767 4382 αὖτῷ
2849 4311 3241 4384 ὑποκειμένων,
3299 4311 3388 4365 καὶ
3459 4311 3670 4384 συνάμα
3720 4317 3840 4374 τοῖς

2193 4400 2624 4474 ὑποστρατήγοις
2704 4399 2781 4461 ιίς
2865 4395 3212 4474 Τριϐαλλοὺς
3284 4400 3536 4455 ἀπελθεῖν
3591 4401 3682 4454 καὶ
3741 4421 3839 4454 κα-

429 4489 525 4558 (ad
557 4490 864 4560 sexaginta
913 4487 1099 4543 millia
1131 4487 1384 4543 militum
1431 4506 1509 4542 eas
1561 4490 1965 4559 continebant)
2016 4490 2073 4544 in

2199 4488 2564 4560 ταπολεμῆσαι
2613 4488 2703 4542 τὸν
2768 4487 3056 4563 Στέφανον.
3120 4490 3181 4545 Ὀ
3240 4485 3297 4542 ὃὶ
3353 4485 3664 4561 πολεμικῆς
3718 4488 3839 4543 ἐπι-

429 4575 718 4632 Triballos
741 4577 909 4632 duxit
942 4577 1252 4632 itineribus
1283 4578 1625 4645 acclivibus,
1659 4579 1904 4649 asperis,
1927 4579 2078 4634 sale-

434 4666 631 4722 brosis
662 4682 727 4722 ac
759 4667 839 4720 ita
868 4668 1140 4737 angustis
1172 4670 1235 4720 ut
1277 4684 1345 4721 ne
1379 4665 1496 4720 bini
1527 4666 1761 4737 quidem
1791 4667 1964 4722 simul
1994 4668 2076 4724 ire

429 4756 659 4826 equites
694 4759 955 4826 possent,
1003 4753 1214 4819 Servis,
1276 4760 1338 4808 ut
1398 4755 1598 4823 fertur,
1653 4755 1849 4810 dedita
1899 4773 2076 4827 opera

427 4843 773 4899 cedentibus
803 4859 869 4897 ac
900 4843 1118 4897 intrare
1172 4858 1304 4898 eum
1357 4842 1707 4910 sinentibus,
1763 4861 1952 4915 neque
2002 4845 2073 4900 de

424 4932 614 4988 reditu
650 4930 967 4987 sollicitum
1022 4946 1210 5001 neque
1238 4931 1396 5001 justo
1447 4932 1715 5003 praesidio
1765 4934 2070 5004 angustias

422 5022 920 5092 occupantem.lta
942 5019 1244 5089 ingressus
1269 5019 1620 5091 campestria
1637 5019 2067 5092 direptionibus

2186 4578 2404 4648 στήμης
2456 4576 2677 4651 ἀπέχων
2743 4577 2975 4652 μακρὰ-ι,
3011 4578 3099 4630 οἱα
3156 4578 3486 4655 σκιατραφὴς
3545 4575 3839 4651 ἄνθρωπος

2182 4665 2272 4718 καί
2333 4659 2638 4726 εὐπαθείαις
2699 4664 3147 4740 ἐντεθραμμένος,
3201 4665 3385 4740 ἀφυῶς
3442 4667 3528 4720 καὶ
3588 4667 3836 4742 ἀτέχνως

2182 4752 2536 4828 ἰπιχειρήσας
2589 4759 2670 4824 τῷ
2729 4749 2873 4828 ἔργῳ
2935 4754 3181 4827 μεγάλης
3240 4753 3410 4817 α’ίτιος
3469 4754 3697 4830 ἀτυχίας
3751 4761 3835 4826 τῷ

2179 4841 2462 4914 Ῥωμαίων
2533 4841 2740 4916 ἐγένετο
2804 4841 3192 4915 πολιτεύματι.
3270 4843 3555 4918 Ἀθροίσας
3610 4844 3715 4917 γὰρ
3771 4842 3831 4906 ἃς

2177 4931 2568 5004 προσετέτακτο
2639 4927 2918 5004 δυνάμεις,
2981 4928 3142 4993 οὔσας
3201 4936 3324 5006 περί
3400 4933 3494 4994 τὰς
3567 4932 3834 5002 ἐξήκοντα

2177 5017 2458 5094 χιλιάδας,
2503 5017 2716 5074 ε’ίσεισιν
2777 5018 2852 5082 εἰς
2909 5015 3275 5094 Τριϐαλλοῦς,
3334 5017 3612 5084 διοδεύσας
3669 5019 3834 5085 ὁδοὺς

1600 5134 1965 5191 XYLANDRI
2010 5136 2096 5191 ET
2134 5135 2354 5192 GOARI
2408 5135 2635 5191 NOTAE.

484 5240 732 5311 (2l)Qui
779 5239 915 5295 lites
973 5245 1130 5294 ortas
1191 5240 1337 5295 inter
1392 5246 1744 5296 Sarracenos
1804 5241 2069 5311 aliosque

418 5313 904 5384 septentrionales
964 5311 1228 5366 inﬁdeles
1278 5312 1594 5382 judicaret,
1671 5319 1728 5367 et
1802 5315 1872 5366 de
1949 5313 2066 5368 illis

417 5383 768 5465 eit'zequo‘et
799 5385 949 5437 bono
981 5383 1587 5465 decernerettinhoc
1633 5401 1666 5464 ιι
1716 5383 1918 5465 judice
1968 5400 2064 5465 ca-_-

418 5454 631 5512 strcnSi
673 5455 984 5522 discretus,
1017 5455 1171 5523 quod
1195 5455 1285 5508 hic
1332 5455 1679 5509 Christianis
1727 5454 2062 5525 imperatori

419 5527 830 5594 militantibus,
865 5525 960 5580 ille
991 5525 1219 5580 cunctis
1246 5542 1279 5580 a
1308 5525 1521 5580 Christi
1555 5527 1667 5580 ﬁde
1706 5525 1910 5579 alienis
1963 5528 2062 5595 jus

417 5599 654 5655 diceret.
701 5602 908 5652 Auctor
941 5613 1122 5651 unum
1185 5602 1490 5657 memorat.
1551 5597 1731 5651 alium
1781 5597 2058 5666 Codinus,

417 5686 628 5744 nempe
660 5668 1217 5740 quinquagesimum
1250 5669 1576 5725 secundum
1599 5669 1751 5724 inter
1781 5667 2059 5726 ofﬁciales

2182 5247 2462 5298 recenset.
2495 5243 2675 5297 Goaa.

2247 5315 2355 5388 (22)
2376 5314 2677 5388 Xylander
2703 5313 2968 5378 ridicule,
2986 5319 3048 5388 et
3078 5319 3142 5370 ut
3172 5316 3332 5385 libet,
3364 5333 3433 5372 ex
3477 5317 3670 5388 capite
3711 5317 3822 5372 sibi

2176 5385 2341 5466 lingit
2373 5387 2427 5440 in
2448 5385 3234 5466 “NovaRoma‘presbyteros.
3261 5385 3748 5466 Sanctiusitaque
3768 5394 3826 5444 et

2172 5455 2405 5510 verius:
2440 5457 2667 5511 Peracta
2704 5455 2976 5527 nuptialis
3025 5455 3419 5516 benedi'ctz'imis
3464 5455 3824 5515 solemnitate

2169 5527 2237 5600 ab
2267 5529 2516 5600 Ecclesia:
2548 5531 2709 5583 Νουκ
2737 5529 3228 5600 ανειιὶρναςὸῃιενο.
3259 5532 3396 5585 Erat
3420 5537 3617 5587 autem
3641 5532 3677 5599 ἡ
3711 5529 3821 5586 Nini

2168 5597 2426 5674 Ecclesia
2457 5599 2515 5653 in
2551 5599 2762 5674 palatio
2779 5597 3431 5674 a_Ba_silio'imperatore
3453 5597 3816 5668 constructa,

2168 5667 2239 5725 de
2271 5687 2387 5742 qua
2417 5667 2618 5727 auctor
2646 5687 2703 5743 p.
2733 5671 2859 5726 588.
2894 5670 3071 5726 Goan.
