4036 6194
249 416 352 472 2⁵17

1368 411 1913 474 HlSTOltIARUM
1957 410 2501 473 COMPENDIUM.

3514 414 3634 472 378

248 544 465 605 ἀνάντεις
508 543 592 595 καὶ
652 542 912 616 τραχείας
966 545 1054 596 καὶ
1116 542 1507 619 ἀποκρήμνους
1550 543 1637 596 xui
1692 562 1865 596 στενο-

1993 543 2396 614 incendiisque
2427 544 2715 598 vastabat.
2751 544 2821 597 At
2844 542 3000 597 Servi
3034 542 3231 598 fauces
3252 542 3528 599 itinerum
3566 562 3633 599 ac

250 633 449 705 χώρους
506 632 576 690 ὡς
656 632 731 702 μή
804 629 856 684 ἑν
933 635 1112 703 ταυτῷ
1169 628 1422 685 δύνασθαι
1494 629 1588 685 δύο
1646 632 1879 693 ἱππότας

252 719 500 795 βιδίζειν,
550 717 795 781 ἐνδόντος
856 718 1200 790 ἐξεπίτηδες,
1264 720 1337 782 ὥς
1395 742 1561 798 φασι,
1625 722 1713 776 καὶ
1772 726 1878 775 τῶν

252 805 448 883 Σὲρὸων
502 810 588 862 καὶ
627 811 1104 882 συγχωρησάντων
1138 810 1236 877 τὴν
1294 808 1523 879 εἶ’σοδον,
1588 813 1725 882 μήτε
1780 817 1879 877 τῆς

250 899 574 975 ὑποστροφῆς
658 896 948 973 φροντίσας
1028 899 1169 968 μήτε
1253 898 1500 971 φυλακην
1589 898 1880 967 ἐπιστήσας

244 987 526 1061 ἀξιόμαχον
584 991 704 1047 ταῖς
769 986 1173 1061 στενοχωρίαις,
1210 988 1448 1049 Ἐκεῖνος
1501 988 1594 1059 μὲν
1630 986 1721 1041 οὖν
1774 987 1879 1041 είσ-

246 1073 402 1137 ελθὼν
471 1071 636 1147 ἐδῄου
706 1074 804 1135 τὰς
873 1072 1129 1136 πεδιάδας
1184 1076 1270 1129 καὶ
1330 1075 1650 1151 ἐπυρπὸλει,
1711 1078 1761 1131 oi
1821 1077 1878 1131 δὲ

245 1157 420 1236 Σὲρϐοι
478 1158 880 1224 καταλαϐόντες
938 1162 1236 1240 ἐφύλαττον
1298 1164 1363 1219 τὰ
1422 1166 1575 1218 στενὰ
1603 1164 1689 1217 καὶ
1741 1166 1876 1219 ἀπό-

242 1271 442 1325 κρημνα
496 1258 599 1319 τῆς
657 1246 872 1325 τρίϐου,
934 1253 1019 1305 καὶ
1082 1253 1417 1327 προσέμενον
1476 1255 1577 1322 τήν
1611 1255 1876 1329 ὑποστρο-

243 1342 354 1415 ιρήν,
399 1340 485 1401 Ὧς
534 1336 590 1393 δὲ
632 1338 753 1401 ἅλις
790 1344 870 1412 τῷ
920 1340 1149 1415 Μιχαὴλ
1202 1339 1373 1396 ἐδόκει
1422 1341 1486 1396 τὰ
1523 1348 1620 1411 τῆς
1670 1342 1877 1411 λεηλα-

242 1430 363 1492 σίας,
418 1428 510 1482 καὶ
570 1427 720 1483 λείαν
782 1429 999 1498 πολλὴν
1055 1430 1145 1485 καὶ
1200 1430 1589 1505 αἰχμαλωσίαν
1619 1426 1876 1506 περιεϐά-

242 1518 372 1581 λετο,
428 1519 519 1571 xui
580 1520 768 1590 καιρὸς
822 1519 983 1596 ἐφάνη
1047 1520 1336 1594 ἀναζυγῆς,
1391 1521 1487 1575 κᾶν
1544 1526 1665 1582 ταῖς
1697 1541 1876 1575 στενο-

242 1606 456 1680 χωρίαις
520 1604 936 1682 ὁδοιποροῦντες
989 1608 1257 1682 ἐγένοντο,
1305 1609 1429 1663 τότε
1470 1607 1535 1675 δη
1563 1608 1652 1686 ἀφ’
1708 1608 1876 1682 ὕψους

240 1696 285 1748 οἱ
340 1694 603 1767 πολέμιοι
652 1696 893 1770 χέρμασί
945 1718 998 1751 τε
1055 1695 1353 1771 βάλλοντες
1413 1697 1499 1751 καὶ
1550 1698 1728 1767 τόξοις
1786 1698 1874 1752 καὶ

237 1784 500 1845 παντοίοις
558 1780 852 1855 ἑκηϐόλοις
900 1785 1154 1860 ὀργάνοις
1186 1786 1273 1840 καὶ
1334 1784 1521 1849 λίθους
1582 1786 1874 1861 ὑπερμεγὲ-

1990 637 2282 704 praerupta
2315 632 2569 687 insidere
2599 637 2655 687 et
2689 633 2937 686 reditum
2971 632 3099 702 ejus
3131 631 3472 702 praestolari.
3528 636 3632 686 Mi-

1990 721 2230 777 chaelus
2297 726 2357 777 ut
2406 723 2549 777 satis
2611 723 2814 793 praeda
2861 722 3340 792 captivorumque
3403 728 3629 792 partum

1991 820 2341 883 tempusque
2374 814 2609 865 domum
2646 812 2962 866 reducendi
2998 813 3245 880 putavit,
3280 815 3336 865 et
3359 810 3415 863 in
3443 811 3632 864 reditu

1990 901 2046 953 in
2082 901 2389 971 angustias
2421 900 2699 970 pervenit,
2734 899 2811 952 ibi
2845 915 2979 953 vero
3009 900 3164 954 Servi
3213 900 3281 953 de
3333 897 3635 953 sublimia.

1990 988 2153 1044 ribus
2187 988 2328 1044 locis
2360 993 2651 1043 Romanos
2683 988 2861 1053 saxis,
2895 987 3212 1058 lapidibus,
3238 987 3489 1057 sagittis,
3511 1003 3633 1042 om-

1989 1078 2197 1148 nisque
2228 1080 2458 1147 generis
2492 1078 2816 1133 missilibus
2868 1078 3166 1148 impetere,
3218 1093 3408 1147 neque
3455 1076 3635 1132 armis

1990 1184 2177 1237 neque
2214 1168 2483 1221 inanibus
2518 1167 2597 1220 uti
2633 1167 2911 1230 valentes,
2955 1172 3057 1220 aut
3111 1164 3230 1219 ullo
3283 1165 3453 1219 modo
3508 1181 3629 1220 rem

1987 1273 2202 1325 gerere.
2238 1259 2319 1311 Ita
2352 1256 2447 1309 alii
2479 1256 2806 1310 missilibus
2840 1256 3149 1325 prosterni,
3194 1254 3291 1308 alii
3342 1270 3443 1324 per
3490 1272 3630 1325 prae-

1987 1345 2190 1417 cipitia
2218 1344 2466 1413 devolvi,
2492 1343 2806 1400 miserabili
2830 1343 3017 1412 clade,
3042 1345 3184 1398 adeo
3210 1348 3273 1398 ut
3294 1343 3628 1412 adjacentes

1985 1433 2278 1489 convalles
2337 1440 2513 1504 atque
2571 1433 2848 1488 cavitates
2921 1432 3302 1487 cadaveribus
3377 1431 3629 1502 impletae

1989 1524 2477 1593 persequentibus
2511 1524 2715 1593 perviae
2746 1526 2956 1576 essent.
2996 1520 3297 1575 Perierunt
3320 1521 3389 1573 ad
3415 1522 3486 1574 40
3503 1519 3631 1574 mil-

1988 1611 2065 1666 lia
2095 1616 2151 1665 et
2179 1613 2213 1663 7
2245 1612 2465 1666 duces:
2501 1610 2705 1681 reliqui
2741 1626 2843 1680 per
2881 1608 3067 1663 saltus
3122 1625 3187 1663 ac
3235 1607 3412 1662 silvas
3458 1623 3628 1661 mon-

1984 1700 2131 1755 tium
2164 1700 2430 1771 dissipati
2463 1705 2520 1755 et
2568 1700 2903 1771 conspectui
2933 1698 3190 1753 hostium
3242 1696 3518 1752 subducti
3566 1696 3625 1751 in

1984 1790 2291 1845 cacumina
2368 1795 2696 1855 evaserunt,
2776 1789 2926 1845 545
3009 1790 3299 1854 noctuque
3372 1786 3441 1840 ad
3521 1802 3629 1839 sua

240 1872 337 1932 Θεις
390 1873 673 1935 κυλίοντες
733 1874 991 1948 ἀνῄρουν,
1022 1881 1129 1929 τῶν
1162 1874 1285 1949 περὶ
1337 1876 1428 1929 τὸν
1465 1874 1699 1950 Μιχαὴλ
1736 1878 1865 1946 μήτε

362 1962 375 1979 ε
598 1962 624 1980 ,ο
669 1961 688 1980 κ
933 1965 945 1980 ,
1061 1974 1077 1980 -
1190 1961 1214 1980 ει
1372 1962 1383 1980 ι
1632 1966 1644 1980 ,
1688 1964 1699 1980 .
1763 1965 1775 1980 .

1986 1878 2803 1950 pervenerunt,miserandum
2827 1893 2892 1930 ac
2919 1874 3292 1946 Iacrymabile
3320 1878 3623 1944 spectacu-

239 1962 375 2038 χερσὶ
428 1964 562 2034 μήθ’
594 1961 789 2024 ὅπλοις
835 1965 1140 2038 χρήσασθαι
1187 1961 1517 2035 δυναμένων,
1571 1964 1699 2034 μήτ’
1752 1965 1873 2038 ἀρε-

237 2057 323 2120 τῆς
375 2050 523 2113 ὅλως
576 2048 932 2121 ἐπιδείξασθαι
964 2048 1137 2127 ἔργον.
1191 2055 1272 2125 [Ρ.
1321 2053 1450 2127 755]
1508 2051 1603 2105 Καὶ
1663 2052 1716 2104 οἷ
1776 2054 1869 2125 μὲν

1987 1967 2299 2022 lum.Inter
2324 1968 2430 2022 hos
2464 1968 2564 2021 fuit
2590 1968 2763 2021 etiam
2788 1966 2913 2037 ipse
2935 1964 3253 2019 Michaelus
3277 1962 3454 2017 simili
3481 1979 3625 2018 usus

1985 2056 2236 2111 fortuna.

236 2139 403 2193 αὐτόοι
440 2138 785 2213 βαλλόμενοι
817 2137 1064 2207 ἔπιπτον,
1098 2142 1149 2195 οἱ
1184 2138 1240 2195 δὶ
1270 2139 1763 2216 κατεκρημνίζοντο
1793 2140 1881 2194 καὶ
1913 2138 2157 2202 ἐλεεινῶς
2189 2140 2572 2211 ἀνηλίσκοντο,
2602 2142 2675 2205 ὡς
2703 2140 3064 2215 πληρωθῆναι
3095 2144 3294 2213 νεκρῶν
3324 2140 3417 2200 τὰς
3457 2158 3630 2212 παρα-

239 2230 470 2301 κειμένας
507 2231 791 2307 φάραγγας
820 2230 909 2284 καὶ
940 2229 1067 2291 τοὺς
1102 2230 1298 2305 ῥύακας
1344 2230 1433 2284 καὶ
1466 2231 1630 2305 βατὰς
1660 2232 1904 2303 γενὲσθαι
1932 2238 2049 2294 τοῖς
2080 2229 2387 2286 διώκουσιν.
2422 2233 2650 2288 Ἔπεσον
2686 2232 2776 2286 οὗν
2810 2232 2933 2306 περί
2979 2252 3085 2285 που
3133 2231 3226 2287 τὰς
3275 2235 3326 2304 μ’
3371 2230 3632 2307 χλιάδας,

237 2318 559 2391 ἀνῃρέθησαν
593 2316 651 2373 δὲ
680 2318 771 2373 καὶ
805 2319 1100 2393 στρατηγοὶ
1133 2320 1284 2373 ἑπτά.
1319 2320 1383 2371 Oi.
1415 2316 1470 2373 δὲ
1502 2318 1685 2373 λοιποῖ
1722 2318 1773 2373 ἐν
1800 2324 1917 2380 ταῖς
1952 2319 2196 2391 λόχμαις
2226 2321 2314 2373 καὶ
2345 2326 2463 2381 ταῖς
2493 2321 2682 2381 νάπαις
2726 2321 2814 2374 xui
2836 2325 2955 2382 ταῖς
2986 2320 3322 2395 συναγκείαις
3350 2315 3634 2391 κρυϐέντες

234 2410 330 2459 τῶν
357 2407 554 2480 ὀρέων,
585 2409 673 2461 καὶ
707 2407 835 2469 τοὺς
862 2413 967 2463 τῶν
1004 2406 1252 2463 ἐναντίων
1278 2405 1589 2481 διαδράντες
1639 2405 1980 2485 ὀφθαλμοὺς,
2026 2408 2113 2463 καὶ
2168 2406 2254 2462 διὰ
2298 2414 2405 2463 τῶν
2430 2414 2679 2487 κορυφῶν
2712 2408 2918 2463 τούτων
2947 2407 3408 2483 ἀναρῥιχώμενοι,
3440 2410 3631 2471 νυκτὸς

236 2492 556 2566 διεσώθησαν
592 2499 746 2566 πεζοὶ
773 2499 863 2552 καὶ
895 2499 1093 2571 γυμνοὶ
1123 2499 1213 2553 καὶ
1245 2504 1361 2560 τοῖς
1388 2500 1553 2571 ὁρῶσι
1590 2500 1762 2569 θέαμα
1790 2496 2022 2552 ἐλεεινὸν
2055 2498 2143 2552 καὶ
2177 2501 2386 2570 θρήνων
2419 2498 2583 2569 ἄξιον.
2615 2500 2855 2569 Διεσώθη
2891 2496 2945 2552 δὲ
2980 2500 3093 2571 μετ’
3125 2498 3300 2553 αὐτῶν
3349 2500 3439 2553 καὶ
3470 2500 3497 2553 ὁ
3531 2505 3631 2554 Μι-

233 2587 392 2657 χαὴλ,
420 2589 526 2654 τὴν
552 2584 680 2654 ιἴσην
714 2588 800 2641 xui
836 2586 997 2648 αὐτὸς
1037 2588 1409 2661 περικείμενος
1448 2587 1648 2661 τύχην.

294 2676 564 2748 Γεώργιος
616 2673 674 2729 δὲ
736 2677 1027 2751 μάγιστρος
1088 2678 1115 2731 ὁ
1177 2679 1460 2747 Μανιάκης
1513 2676 1563 2730 ἐν
1622 2676 1825 2746 Ἰταλίᾳ
1859 2718 1872 2743 ,

235 2763 300 2822 ὡς
356 2762 591 2837 εῗρηται,
646 2766 791 2841 παρά
844 2767 999 2834 Ζωῆς
1028 2773 1128 2834 τῆς
1162 2764 1443 2833 βασιλίδος
1480 2767 1739 2843 πεμφθεὶς
1796 2765 1876 2843 ἐφ’

229 2851 271 2922 ᾧ
309 2855 743 2922 καταστήσασθαι
800 2856 868 2908 τὰ
921 2854 1031 2909 ἐκεῖ
1073 2854 1263 2925 (ἐνόσει
1296 2856 1395 2930 γὰρ
1433 2856 1500 2909 τὰ
1554 2857 1727 2909 πάντα
1782 2855 1870 2909 xui

231 2947 392 3002 κακῶς
447 2942 674 3019 ἐφέρετο
728 2943 942 3018 ὲπειρίᾳ
1007 2943 1096 2997 καὶ
1174 2943 1478 3017 φαυλότητι
1532 2945 1821 3018 ἀρχηγών)
1856 2988 1870 3013 ,

234 3032 355 3104 πρὸς
412 3030 748 3085 ἀποστασίαν
800 3029 1035 3086 ἀπεῖδεν.
1086 3033 1269 3102 ’Ἄξιον
1321 3031 1377 3087 δὲ
1429 3032 1597 3087 εἰπεῖν
1649 3030 1869 3106 ἐπιδρα-

234 3118 415 3189 μόντας
471 3118 568 3174 καί
626 3121 725 3181 τάς
783 3120 958 3183 αἰτίας
1018 3122 1092 3183 εἷς
1156 3117 1352 3196 ἀκριϐῆ
1414 3126 1611 3198 γνῶσιν
1659 3126 1766 3175 τῶν
1796 3126 1873 3192 τῷ

232 3202 419 3281 βιϐλίῳ
474 3208 935 3284 ἐντνγχανόντων,
994 3212 1123 3267 "Ore
1181 3212 1284 3286 γὰρ
1335 3212 1491 3273 οὗτος
1530 3216 1746 3283 πρῶτον
1793 3209 1872 3273 εἷς

228 3295 443 3351 Ἰταλίαν
506 3296 762 3371 ἰπὲμφθη
812 3299 961 3373 παρὰ
992 3304 1090 3353 τοῦ
1144 3299 1407 3373 βασιλέως
1457 3299 1689 3374 Μιχαήλ
1740 3321 1871 3371 συμ-

233 3388 483 3459 μαχήσων
551 3385 871 3466 Ἀπολάφαρ
942 3390 1245 3462 Μαχοῦμετ
1303 3393 1380 3461 τῷ
1446 3395 1547 3458 τῆς
1615 3386 1869 3450 Σικελίας
1903 3417 1945 3482 C

232 3474 439 3548 ἄρχοντι
492 3473 897 3549 πελεμουμὲνῳ
946 3478 1091 3552 παρά
1131 3483 1226 3532 τοῦ
1257 3477 1463 3532 οἷκείου
1495 3475 1731 3554 ἀδελφοῦ
1778 3477 1866 3530 xui

231 3563 326 3613 τῶν
376 3565 631 3639 Ἄφρων,
690 3562 851 3639 ἔτυχε
920 3568 1467 3642 προσεταιρισάμενος
1542 3567 1631 3620 καὶ
1691 3564 1867 3641 Φραγ-

230 3669 348 3721 γους
420 3652 820 3714 πεντακοσίους
893 3654 999 3708 ἀπὸ
1059 3660 1169 3709 τῶν
1226 3656 1391 3728 πὲραν
1445 3660 1551 3709 τῶν
1611 3654 1862 3711 Ἄλπεων

229 3740 459 3793 Γαλλιῶν
569 3744 1044 3820 μεταπεμφθέντας
1136 3745 1225 3798 xui
1308 3744 1556 3819 ἀρχηγὸν
1639 3739 1866 3818 ἔχοντας

224 3825 525 3901 ’Ᾱρδουῖνον
592 3833 703 3901 (23)
747 3833 847 3899 τὴν
904 3831 1124 3901 κλῆσιν,
1180 3834 1369 3908 χώρας
1426 3834 1570 3895 τινὸς
1624 3832 1865 3909 ἄρχοντα

222 3916 299 3968 καὶ
330 3918 427 3972 ὕπὸ
464 3916 705 3991 μηδενὸς
759 3919 1044 3994 ἀγόμενον,
1083 3924 1201 3994 μεθ’
1231 3924 1304 3976 ὧν
1346 3923 1413 3977 τὰ
1458 3927 1563 3976 τῶν
1620 3929 1864 3993 Σαρακη-

223 4008 313 4057 νῶν
370 4006 660 4081 εἰργάσατο
713 4009 968 4076 τρόπαια.
1032 4010 1183 4065 Ἐπεὶ
1216 4008 1273 4064 δὲ
1323 4012 1480 4072 οὗτος
1524 4033 1860 4088 συκοφαντη-

221 4089 315 4153 θείς
370 4094 657 4169 παρελύθη
714 4103 813 4165 τῆς
871 4096 1051 4172 ἀρχῆς
1106 4100 1193 4153 xui
1252 4098 1325 4161 είς
1375 4101 1474 4167 τὴν
1528 4099 1691 4155 πόλιν
1752 4100 1860 4154 εἷσ-

222 4183 390 4256 αχθεῖς
440 4184 773 4258 καθείρχθη,
813 4186 905 4240 xui
947 4183 1133 4261 ἄρχειν
1169 4188 1279 4242 ἀντ’
1310 4188 1474 4243 αὐτοῦ
1501 4195 1600 4257 τῆς
1632 4187 1862 4253 Ἰταλίας

224 4267 448 4347 ἰπὲμφθη
481 4272 717 4347 Μιχαὴλ
774 4277 1262 4349 πρωτοσπαθάριος
1321 4279 1348 4331 ὁ
1404 4279 1709 4345 Δοκειανὸς,
1764 4277 1859 4333 ἀν-

224 4359 512 4429 επιτήδειος
573 4362 859 4432 ἄνθρωπος
918 4364 1006 4418 xui
1072 4366 1209 4440 πρὸς
1280 4365 1664 4440 μεταχείρησιν
1721 4388 1855 4442 πρα-

222 4447 425 4519 γμάτων
458 4450 561 4504 οὖκ
609 4450 833 4527 εὐφυὴς,
887 4452 984 4507 οὐκ
1036 4450 1230 4522 ἐδεήθη
1264 4454 1470 4528 χρόνου
1502 4454 1726 4530 σδγχὲαι
1767 4457 1854 4510 καὶ

227 4530 511 4613 διαφθεῖραι
579 4539 646 4593 τὰ
676 4538 869 4597 πάντα.
905 4542 998 4608 Μή
1057 4540 1311 4615 παρέχων
1356 4543 1456 4618 γὰρ
1502 4543 1634 4597 κατᾶ
1673 4543 1859 4617 καιρὸν

222 4628 325 4685 τοῖς
382 4627 666 4701 Φράγγοις
722 4629 786 4682 τὸ
834 4628 1020 4690 αὐτοῖς
1071 4631 1451 4704 παρεχόμενον
1504 4631 1583 4708 ἐφ’
1633 4630 1854 4687 ἕκαστον

228 4716 357 4779 μῆνα
399 4717 733 4789 σιτηρέσιον,
771 4715 984 4787 μᾶλλον
1039 4714 1114 4787 δὶ,
1170 4717 1243 4779 ὥς
1286 4730 1434 4795 φασι,
1485 4720 1574 4774 xui
1606 4722 1696 4775 τὸν
1720 4725 1855 4797 ,ἠγε-

2060 2680 2129 2733 At
2160 2680 2218 2733 in
2254 2680 2503 2745 Italiam,
2539 2684 2603 2735 ut
2625 2679 3173 2748 demonstravimus,
3214 2680 3435 2735 missus
3459 2696 3491 2734 a
3520 2680 3633 2736 Zna

1987 2768 2269 2838 Georgius
2315 2769 2599 2824 Maniaces
2659 2768 2960 2840 magister,
3021 2772 3084 2824 ut
3132 2785 3223 2824 res
3280 2769 3361 2823 ibi
3413 2769 3627 2824 ducum

1985 2856 2213 2924 ignavia
2242 2858 2617 2913 labefactatas
2648 2859 3053 2923 constitueret,
3094 2857 3459 2929 tyrannidem
3492 2858 3628 2912 atie-

1985 2946 2179 3000 ctavit.
2215 2947 2426 3017 Estque
2458 2964 2641 3019 Operae
2676 2948 2928 3018 pretium
2957 2947 3134 3017 hujus
3167 2946 3441 3001 facinoris
3497 2963 3628 3001 cau-

1984 3052 2078 3088 sas
2113 3035 2521 3105 perstringere.
2567 3038 2687 3101 Quo
2722 3045 2979 3107 tempore
3011 3036 3082 3090 ab
3116 3036 3467 3106 imperatore
3519 3034 3625 3089 Mi-

1983 3122 2185 3178 chaelo
2244 3126 2302 3178 in
2363 3124 2589 3179 Italiam
2653 3125 2873 3179 missus
2925 3126 3114 3179 fuerat
3172 3124 3480 3189 Maniaces,
3564 3129 3627 3178 ut

1981 3212 2332 3283 Apolapbari
2392 3212 2764 3267 Muchumeto
2813 3213 3020 3267 Siciliae
3073 3211 3318 3283 principi
3371 3232 3401 3265 a
3451 3212 3625 3266 fratre

1983 3320 2088 3356 suo
2139 3308 2193 3355 et
2252 3303 2403 3356 Afris
2463 3306 2799 3372 Oppugnato
2848 3301 3126 3356 auxilium
3183 3303 3377 3363 ferret,
3437 3301 3624 3354 socios

1981 3392 2088 3445 sibi
2144 3392 2429 3445 asciverat
2478 3392 2582 3443 500
2633 3392 2905 3455 Francos,
2949 3407 2978 3445 e
3026 3389 3212 3445 Gallia
3260 3387 3625 3457 transalpina

1978 3490 2256 3545 evocatos,
2293 3481 2435 3534 ducs
2469 3480 2751 3547 Arduino,
2777 3480 3079 3548 cujusdam
3107 3477 3362 3549 regionis
3384 3476 3623 3531 domino

1979 3568 2197 3623 nemini
2235 3568 2489 3623 subdito.
2529 3569 2621 3623 His
2652 3568 2827 3623 sociis
2848 3585 2955 3622 sua
2978 3568 3047 3620 de
3066 3566 3371 3621 Saracenis
3396 3569 3617 3621 statue-

1980 3663 2321 3728 rattrOpaaa.
2357 3658 2674 3728 Postquam
2723 3673 2859 3712 vero
2913 3656 3201 3711 Maniaces
3251 3671 3355 3725 per
3403 3654 3621 3710 calum-

1975 3746 2129 3800 niam
2165 3745 2411 3816 imperio
2445 3746 2702 3816 privatus
2735 3762 2800 3799 ac
2831 3745 3167 3817 Byzantium
3229 3742 3286 3797 in
3327 3758 3615 3798 carcerem

1974 3834 2263 3890 abductus
2298 3836 2423 3900 fuit,
2475 3834 2811 3906 missusque
2854 3834 2901 3889 ei
2955 3850 3258 3889 successor
3297 3831 3616 3887 Michaelus

1976 3925 2478 3994 protcspatharius
2538 3923 2860 3985 Doceanus,
2908 3923 3081 3978 homo
3131 3922 3388 3993 ineptus,
3454 3919 3617 3975 nulla

1975 4031 2135 4068 mora
2166 4013 2506 4083 interposita
2537 4012 2703 4083 periit
2728 4030 2818 4067 res
2872 4013 3150 4067 Romana.
3175 4012 3320 4066 Nam
3351 4010 3448 4066 hic
3480 4027 3612 4065 cum

1973 4101 2207 4156 Francis
2232 4118 2343 4155 non
2373 4102 2717 4172 praebuisset
2744 4106 3044 4155 menstrua
3071 4117 3199 4171 quae
3226 4099 3489 4171 accipere
3521 4115 3617 4153 so-

1971 4190 2169 4245 lebant
2201 4191 2515 4262 stipendia,
2550 4206 2867 4259 eorumque
2890 4188 3133 4260 insuper
3163 4189 3394 4258 ducem,
3420 4186 3517 4259 qui
3546 4189 3615 4242 ad

1969 4279 2164 4348 ipsum
2197 4286 2435 4334 venerat
2467 4279 2933 4349 bortabaturque
2988 4283 3053 4332 ut
3098 4277 3348 4347 benigne
3398 4276 3619 4332 milites

1969 4374 2245 4422 tractaret
2281 4384 2461 4437 neque
2512 4385 2609 4422 eos
2661 4369 2924 4422 mercede
2975 4366 3241 4421 laborum
3296 4366 3615 4433 fraudaret,

1969 4458 2123 4513 546
2176 4475 2276 4530 per
2335 4456 2748 4511 contumeliam
2803 4455 3001 4527 ﬂagris
3062 4455 3164 4524 (ita
3207 4454 3362 4509 enim
3413 4454 3616 4520 fertur)

1968 4548 2291 4612 cecidisset,
2343 4547 2525 4616 coegit
2588 4546 2835 4599 Francos
2885 4562 2917 4599 a
2967 4561 3027 4599 se
3081 4542 3390 4598 deciscere.
3450 4544 3620 4598 Cum-

1970 4655 2081 4709 que
2116 4636 2151 4689 ii
2187 4652 2349 4689 arma
2379 4634 2718 4699 movissent,
2747 4639 2801 4689 et
2836 4634 2957 4705 ipse
2990 4649 3122 4687 cum
3186 4632 3458 4687 omnibus
3508 4632 3617 4686 Ro-

1969 4726 2159 4781 manis
2192 4724 2373 4795 c0piis
2407 4740 2505 4778 eos
2532 4722 2764 4778 deberet
2797 4722 3034 4787 adoriri,
3070 4722 3244 4776 unica
3301 4721 3613 4793 Opsiciana

228 4799 349 4869 μόνα
367 4784 595 4871 τούτων,
626 4784 924 4881 ἀφιγμένον
968 4806 1043 4869 ὡς
1083 4784 1257 4861 αὐτῶν
1298 4784 1389 4884 ’ἐφ’
1544 4784 1854 4883 παρακαλέ-

1980 4815 2191 4887 ,ρεὶοοο
2235 4817 2293 4868 et
2347 4817 2505 4884 parte
2556 4811 2974 4866 Thracensium
3031 4812 3302 4881 stipatus,
3357 4826 3489 4864 cum
3539 4810 3611 4862 iis

225 4908 301 4943 σαι
350 4893 526 4961 ἠπίως
580 4898 821 4969 χρῆσθαι
877 4902 992 4959 τοῖς
1048 4898 1403 4974 στρατιώταις
1454 4902 1543 4955 καὶ
1604 4902 1679 4975 μὴ
1721 4903 1853 4957 ἀπο-

222 4985 406 5052 στερεῖν
453 4983 681 5045 τούτους
743 4982 842 5039 τοῦ
898 4990 1009 5041 τῶν
1038 4987 1219 5041 πόνων
1266 4993 1478 5061 μισθοῦ,
1516 4985 1736 5065 ὑϐρίσας
1764 4991 1853 5046 καὶ

226 5071 549 5154 μαστιγώσας
643 5072 905 5147 ἀτίμως,
992 5075 1260 5152 ἠνάγκασε
1341 5077 1468 5139 τοὺς
1536 5079 1855 5154 ἀνθρώπους

220 5152 592 5228 ἆποστατῆσαι.
651 5166 747 5216 Ὧν
810 5161 957 5218 ὅπλα
1000 5167 1370 5237 κεκινηκότων
1429 5164 1546 5222 διον
1588 5152 1680 5232 τάς
1722 5170 1854 5224 Ῥω-

218 5244 394 5309 μαῖκᾶς
448 5249 649 5313 ἁπάσας
699 5251 947 5327 ἀθροῖσαι
1001 5250 1253 5327 δυνάμεις
1298 5254 1388 5309 καὶ
1436 5256 1653 5318 τούτοις
1684 5278 1854 5331 προσ-

221 5332 371 5423 μῖξαι,
429 5336 457 5390 ὁ
507 5335 560 5393 δὲ
616 5344 781 5395 τοῦτο
842 5340 943 5395 οὐκ
998 5341 1270 5412 ἆποίησεν,
1324 5342 1449 5399 ἀλλ’
1498 5342 1551 5398 ἓν
1611 5343 1856 5423 εἰληφὼς

220 5419 384 5495 τάγμα
428 5425 490 5479 τὸ
534 5433 634 5482 τοῦ
691 5430 944 5502 Ὀψικίου
987 5428 1074 5483 καί
1131 5430 1300 5506 μέροςΔ
1339 5436 1448 5487 τῶν
1494 5419 1809 5507 Θρᾳκησίων
1837 5479 1852 5504 ,

1966 4904 2118 4975 apud
2144 4903 2375 4957 Cannas
2394 4918 2573 4973 prope
2590 4900 2861 4955 Aufidum
2885 4898 3273 4971 ﬂuvium,quo
3293 4898 3416 4953 loco
3432 4915 3611 4968 quon-

1966 4994 2099 5046 dam
2134 4992 2424 5063 permulta
2458 4990 2852 5044 Romanorum
2889 4986 3067 5042 millia
3098 4988 3311 5042 occidit
3334 4986 3608 5053 Annibal,

1966 5082 2240 5146 conﬂixit,
2274 5083 2581 5149 victusque
2612 5078 2835 5131 amissa
2869 5077 3091 5145 majore
3127 5077 3417 5131 exercitus
3451 5087 3614 5147 parte

1965 5170 2194 5223 Cannas
2217 5166 2468 5237 turpiter
2487 5164 2689 5219 evasit.
2719 5168 2831 5217 Hac
2857 5169 3092 5234 accepta
3130 5163 3312 5229 clade,
3354 5181 3424 5219 ne
3461 5165 3612 5220 ictus

1966 5255 2396 5328 quidem,quod
2423 5254 2600 5309 estde
2623 5253 2908 5325 piscatore
2958 5253 3352 5324 proverbium,
3395 5255 3611 5327 sapuit,

1968 5363 2155 5417 neque
2178 5345 2455 5401 omnibus
2486 5343 2666 5413 c0piis
2717 5341 2982 5396 munitus
3030 5341 3259 5397 hostem
3296 5342 3480 5416 petiit,
3512 5344 3612 5399 sed

1962 5437 2292 5490 temeritate
2322 5433 2602 5488 nimirum
2637 5432 2850 5486 ductus
2882 5447 2979 5486 eos
3014 5430 3174 5503 ipsos
3207 5433 3302 5503 qui
3324 5433 3457 5488 victi
3491 5432 3611 5487 fue-

1394 5548 1763 5606 XYLANDRI
1805 5552 1891 5605 ET
1929 5551 2148 5607 GOARI
2185 5551 2415 5606 NOT/E.

285 5645 394 5713 (23)
423 5651 679 5707 Arduino
713 5653 1268 5729 lgngpbardqduco
1296 5656 1614 5729 Normanni
1655 5657 1864 5729 Apulia
1894 5657 2059 5729 potiti
2082 5662 2241 5725 sunt,
2276 5672 2460 5728 eaque
2484 5656 2641 5712 inter
2685 5672 2747 5712 se
2807 5655 2996 5710 divisa
3056 5654 3385 5709 Grecorum
3435 5650 3607 5705 amici

230 5727 657 5793 nonnumquam
691 5724 899 5780 etl’ecti.
932 5724 1042 5780 Leo
1073 5723 1381 5795 Ostiensis,
1417 5744 1480 5793 ιι,
1511 5728 1599 5783 68.
1634 5723 1812 5783 Go'an.
