4036 6194
362 417 478 480 379

1718 410 2031 473 GEORGII
2075 408 2415 473 CEDRENI

3651 424 3771 486 280

361 557 493 610 rant
523 553 791 627 collegit;
824 554 1235 627 adjunctisque
1284 551 1493 608 Pisidis
1538 552 1596 604 et
1645 546 2003 619 Lycaonihus

2120 540 2208 632 xui
2282 538 2578 632 συμϐαλὼν
2632 544 2813 632 αὐτοῖς
2870 546 2921 602 έν
2978 547 3194 611 Κάνναις
3236 551 3358 625 περὶ
3418 551 3506 606 τὸν
3558 555 3765 632 ’Ἄμφιο

371 644 470 714 qui
502 642 917 700 fcederatorum
949 644 1237 716 legionem
1272 640 1534 710 implent.
1572 642 1842 703 Francos,
1876 635 2007 706 qui-

360 733 469 786 bus
499 732 613 786 alia
644 733 797 788 haud
835 734 1043 805 exigua
1075 731 1293 787 auxilia
1314 732 1384 783 ab
1420 728 1580 782 Italis
1604 728 1756 780 circa
1786 726 2007 779 Padum

362 822 577 876 flumen
611 827 667 876 et
698 823 767 877 ad
811 822 1044 893 Alpium
1098 821 1324 874 radices
1366 817 1767 871 habitantibus
1813 830 2008 868 acces-

361 923 574 981 serant,
607 914 759 982 apud
810 916 996 966 Horas
1057 910 1136 982 (id
1188 908 1299 964 loci
1347 922 1557 961 nomen
1612 908 1721 972 est)
1767 904 2007 959 adortus

365 1017 576 1069 magna
605 1018 839 1055 rursum
876 1018 1069 1071 pugna
1100 1000 1289 1053 victus
1318 1005 1425 1051 est.
1462 995 1780 1050 Michaelus
1829 994 2009 1064 impe-

365 1093 524 1143 rator
551 1089 644 1143 his
673 1089 924 1159 cognitis
954 1089 1263 1158 imperium
1304 1088 1562 1140 Doceano
1595 1086 1856 1154 abrogat,
1878 1083 2009 1136 mit-

368 1177 555 1247 titque
597 1194 697 1249 pro
728 1193 793 1232 eo
825 1178 882 1232 in
919 1177 1146 1231 Italiam
1182 1176 1557 1244 Boioanncm,
1594 1174 1691 1243 qui
1731 1179 2008 1227 strenuus

365 1269 421 1320 et
452 1264 604 1320 bello
635 1265 907 1338 egregius
940 1265 1263 1332 videbatur,
1297 1268 1353 1318 et
1385 1262 1454 1317 ab
1485 1279 1551 1316 eo
1584 1262 1878 1332 Bojoanne
1899 1261 2006 1313 du-

365 1354 533 1409 cebat
569 1371 756 1426 genus
786 1356 953 1427 quia
995 1353 1208 1409 Basilio
1260 1354 1607 1431 imperatore
1665 1352 1723 1405 in
1779 1350 2005 1405 Italiam

364 1443 584 1500 missus
616 1450 796 1499 totam
832 1444 1052 1498 Italiam
1088 1444 1158 1497 ad
1195 1443 1435 1497 Romam
1462 1440 1724 1510 usquein
1750 1445 2005 1511 potesta-

364 1536 478 1588 tem
510 1534 641 1603 ejus
670 1534 991 1604 redegerat.
1020 1532 1233 1586 Verum
1266 1531 1317 1585 is
1349 1546 1582 1601 quoque
1614 1545 1745 1583 cum
1780 1544 1846 1582 eo
1905 1544 2004 1582 ve-

362 1622 565 1689 nisset,
598 1626 655 1677 et
684 1639 895 1677 novum
932 1621 1249 1677 exercitum
1286 1637 1398 1674 non
1433 1619 1693 1684 haberet,
1729 1618 1828 1672 sed
1878 1618 2000 1687 jam

360 1718 494 1767 ante
523 1711 705 1767 victos
736 1716 1039 1782 cogeretur
1068 1712 1127 1764 in
1160 1709 1387 1765 hostem
1424 1709 1568 1763 547
1606 1708 1840 1770 ducere,
1902 1706 2002 1775 qui

360 1801 657 1868 regionem
688 1816 818 1854 eam
850 1799 1150 1854 obtinebat
1181 1816 1246 1854 ac
1270 1804 1334 1852 ut
1358 1798 1651 1868 propriam
1678 1795 2001 1861 tutabatur,

360 1890 549 1943 victus
563 1889 713 1960 apud
740 1888 1093 1960 Monopolim
1119 1888 1177 1941 in
1202 1890 1547 1958 potestatem
1564 1884 1819 1939 hostium
1835 1884 2003 1986 vivus
2038 1922 2085 1986 Β

366 1978 647 2050 pervenit,
680 1977 753 2032 iis
776 1993 921 2047 quos
980 1977 1193 2031 ferrum
1245 1992 1361 2029 non
1411 1975 1842 2045 absumpserat,
1891 1972 2004 2028 alio

367 2067 512 2121 alias
544 2065 848 2136 dissipatis
881 2066 935 2119 in
969 2064 1212 2119 castella
1242 2081 1369 2134 qua)
1402 2063 1682 2117 Romanis
1706 2062 1895 2117 adhuc
1923 2062 2003 2116 fa-

365 2155 594 2210 vebant.
630 2154 846 2208 Exinde
883 2154 1081 2207 Franci
1115 2154 1337 2208 Italiam
1373 2159 1434 2205 ut
1464 2150 1614 2207 bello
1644 2159 1867 2222 partam
1893 2150 2006 2204 sibi

364 2243 751 2309 vindicavere,
784 2242 989 2297 incolis
1022 2258 1137 2312 qua
1169 2240 1321 2296 ultro
1352 2257 1412 2295 se
1443 2240 1795 2294 dedentibus
1817 2256 1929 2309 qua
1952 2240 2003 2292 vi

363 2331 644 2388 subactis.
694 2334 952 2396 Quatuor
1000 2335 1230 2385 tantum
1280 2330 1455 2385 urbes
1496 2330 1553 2384 in
1608 2329 2004 2384 Romanorum

362 2421 476 2478 ﬁde
506 2425 975 2492 permanserunt,
1003 2420 1419 2485 Brundusium,
1448 2419 2003 2488 Hidrus,Tarentum

359 2516 416 2565 et
446 2511 629 2566 Baris.
662 2509 940 2564 Michaelo
974 2509 1327 2580 imperatore
1357 2513 1588 2563 mortuo
1610 2516 1667 2562 et
1687 2507 2007 2576 Calapbata

358 2601 488 2669 ejus
519 2614 858 2653 successore
879 2598 1185 2653 exturbato
1211 2597 1430 2651 missus
1457 2598 1513 2650 in
1555 2595 1803 2661 Italiam,
1834 2602 1893 2650 ut
1923 2597 2007 2649 di-

359 2687 575 2755 ximus,
604 2686 920 2752 Maniaces,
952 2702 1290 2758 quanquam
1330 2703 1445 2741 non
1480 2691 1633 2741 esset
1665 2685 2006 2755 satisjustis

360 2775 546 2848 copiis
580 2775 925 2839 instructus,
958 2775 1183 2830 artibus
1216 2780 1410 2829 tamen
1444 2774 1833 2844 imperatoris
1877 2779 2004 2828 tan-

358 2869 480 2921 tum
507 2864 773 2927 confecit,
807 2871 888 2932 jut
934 2868 991 2917 et
1040 2869 1288 2918 Francos
1347 2862 1509 2917 Italia
1562 2864 1801 2933 pelleret
1846 2862 2001 2932 apud

365 2953 647 3024 Capuam,
682 2957 1074 3007 Beneventum
1111 2968 1174 3006 ac
1206 2952 1507 3023 Neapolin,
1531 2958 1587 3006 et
1615 2967 1704 3006 res
1731 2952 2002 3006 mediocri

361 3042 420 3096 in
454 3040 646 3113 quiete
677 3057 741 3096 ac
783 3042 1095 3096 securitate
1143 3040 1541 3096 constitueret.
1603 3040 1863 3095 Habebat
1910 3039 2004 3094 hic

364 3130 655 3185 Maniaces
686 3130 745 3183 in
773 3128 1084 3199 provinciis
1139 3128 1530 3184 Orientalibus
1579 3130 2002 3199 possessiones,

359 3222 417 3271 et
442 3216 701 3272 vicinum
735 3214 1061 3271 Romanum
1095 3216 1340 3277 Durum,
1373 3232 1503 3269 cum
1536 3233 1650 3281 quo
1670 3222 2005 3271 exercuerat

362 3304 740 3361 inimicitias:
776 3310 833 3359 et
862 3321 993 3359 eum
1028 3304 1358 3375 aliquoties,
1395 3304 1501 3359 nisi
1532 3307 1665 3375 fuga
1689 3305 1798 3359 sibi
1825 3304 2003 3359 cavis-
2031 3283 2073 3350 α

357 3398 467 3457 set,
503 3392 911 3447 interfecturus
943 3392 1150 3448 fuerat.
1213 3396 1529 3464 Postquam
1578 3410 1713 3448 vero
1758 3393 2003 3465 imperio

362 3482 619 3537 Romano
652 3480 874 3552 potitus
905 3487 993 3537 est
1028 3480 1479 3547 Monomachus,
1532 3487 1721 3537 Durus
1772 3498 2005 3553 quoque

359 3571 428 3625 ad
455 3586 752 3625 summam
777 3576 1009 3624 evectus
1037 3569 1333 3625 fortunam
1355 3570 1513 3640 (nam
1540 3572 1610 3625 ah
1630 3572 2000 3641 imperatore,

360 3658 460 3730 qui
494 3674 692 3713 sorore
724 3660 853 3724 eius
886 3675 987 3729 pro
1040 3658 1243 3730 pellice
1286 3660 1581 3725 utebatur,
1624 3661 1902 3731 magister
1948 3664 2006 3714 et

361 3750 750 3818 protostrator
778 3747 963 3801 factus
994 3754 1133 3813 erat)
1170 3748 1519 3817 injuriarum
1560 3750 1839 3803 Maniacis
1882 3764 2003 3804 mc-

365 3850 514 3904 mor,
536 3835 758 3889 abusus
783 3851 887 3889 sua
909 3836 1168 3906 potentia
1199 3836 1351 3893 548
1379 3843 1435 3891 et
1481 3836 1757 3892 Maniacis
1796 3837 2003 3893 absen-

364 3924 470 3988 tia,
504 3921 708 3977 ditioni
740 3923 866 3993 ejus
901 3923 1082 3979 multa
1116 3926 1314 3980 intulit
1344 3928 1559 3981 damna
1591 3933 1646 3980 et
1675 3926 2002 3981 thalamum

365 4014 491 4080 ejus
519 4010 759 4066 licenter
788 4011 1014 4083 polluit.
1048 4013 1128 4068 De
1158 4015 1373 4084 quibus
1407 4015 1697 4070 Maniaces
1730 4016 1787 4069 in
1842 4016 2007 4070 Italia

365 4100 552 4156 factus
583 4100 809 4163 certior,
854 4118 1099 4173 magnas
1156 4101 1354 4158 animo
1416 4103 1712 4157 molestias
1772 4104 2006 4175 irasque

362 4187 641 4260 agitabat.
675 4188 936 4261 Cumque
981 4208 1156 4261 Opera
1204 4192 1449 4245 Romani
1498 4192 1740 4262 insuper
1788 4194 2004 4247 factum

358 4282 516 4334 esset
548 4282 609 4330 ut
641 4278 1022 4349 magistratus
1071 4280 1183 4349 ipsi
1235 4282 1633 4351 abrogaretur,
1686 4279 2006 4351 deploratis

356 4382 598 4437 prorsus
633 4367 808 4421 rebus
838 4367 1227 4439 (intelligebut
1258 4370 1410 4423 enim
1434 4370 1685 4423 reditum
1722 4373 1773 4421 in
1801 4370 2001 4424 urbem

356 4470 472 4508 non
497 4454 643 4509 bene
666 4454 777 4510 sibi
801 4462 1155 4527 cessurum),
1180 4458 1486 4512 concitatis
1511 4463 1683 4528 atque
1714 4458 2004 4529 corruptis

356 4542 575 4598 Italicis
607 4543 813 4615 copiis,
846 4560 977 4600 cum
1002 4546 1128 4615 jam
1162 4546 1451 4601 desiderio
1497 4548 1553 4600 in
1617 4548 1863 4618 patriam
1914 4565 2002 4603 re-

2123 628 2212 685 δον
2293 631 2563 702 ποταμὸν,
2645 631 2765 698 ἔνθα
2821 637 2910 690 καὶ
2959 638 3094 691 κατά
3129 637 3255 700 τοὺς
3304 639 3472 694 πάλαι
3530 628 3769 717 χρόνους

2122 717 2367 782 ’Λννίόας
2414 722 2507 784 τὰς
2550 722 2762 785 πολλὰς
2810 729 2917 778 τῶν
2969 727 3289 797 Ῥωμαϊκῶν
3352 735 3767 804 στρατευμάτων

2120 809 2384 883 κατέκοψε
2431 810 2713 885 μυριάδας,
2777 816 2987 883 ἡττήθη
3054 815 3142 869 καὶ
3188 816 3250 869 τὸ
3312 816 3474 873 πλέον
3527 815 3768 876 άπέϐαλε

2117 904 2217 966 τῆς
2286 907 2558 973 στρατιᾶς,
2608 901 2903 977 αἰσχίστως
2952 903 3040 957 καὶ
3087 904 3246 959 αὐτὸν
3280 904 3333 961 έν
3380 907 3602 973 Κάνναις
3653 906 3770 965 δια-

2120 988 2329 1050 σωθείς.
2363 988 2522 1046 Οὕτω
2555 987 2611 1045 δὲ
2642 989 2870 1065 πληγεὶς
2904 990 3031 1046 οὐδὲ
3064 994 3196 1065 μετά
3224 997 3323 1064 τὴν
3356 995 3602 1070 πληγὴν,
3633 999 3771 1054 κατᾶ

2119 1074 2210 1130 τὸν
2268 1076 2320 1130 έν
2371 1080 2689 1152 παροιμίαις
2748 1080 2924 1145 ἁλιέα,
2957 1086 3077 1135 νοῦν
3110 1081 3288 1158 ἔσχεν,
3322 1083 3435 1139 οὐδ’
3483 1086 3773 1161 ὀχυρώσας

2122 1166 2307 1219 έαυτὸν
2365 1168 2509 1241 πάσῃ
2563 1172 2630 1241 τῇ
2692 1174 2913 1244 στρατιᾷ
2967 1167 3272 1244 προσέϐαλε
3326 1179 3444 1237 τοῖς
3499 1173 3771 1249 ἐχθροῖς,

2121 1250 2249 1308 ἀλλ’
2281 1255 2382 1309 ὑπὸ
2429 1257 2677 1329 θράσους.
2731 1258 2804 1319 ὡς
2851 1251 3011 1326 ἔοικε,
3070 1260 3541 1337 στρατηγούμενος
3572 1263 3772 1325 αύτούς

2118 1362 2176 1396 τε
2228 1342 2352 1404 τοὺς
2428 1346 2759 1415 ἡττηθέντας
2816 1346 2977 1402 πάλιν
3027 1344 3313 1405 ἀναλαϐὼν
3362 1352 3451 1406 καὶ
3512 1350 3772 1414 [Ιισσίδας

2116 1431 2203 1483 καὶ
2276 1432 2571 1503 Λυκάονας,
2645 1434 2797 1509 οἵπερ
2872 1436 3249 1511 ἀναπληροῦσι
3303 1440 3366 1494 τὸ
3421 1442 3607 1513 τάγμα
3659 1445 3773 1496 τῶν

2120 1515 2451 1595 φοιδεράτων
2499 1525 2634 1594 (24),
2694 1525 2813 1597 περὶ
2865 1524 2960 1585 τάς
3021 1526 3315 1601 λεγομένας
3373 1530 3541 1603 ’Ὥρας
3592 1549 3770 1604 προσ-

2118 1607 2374 1682 ρήγνυται
2452 1615 2569 1671 τοῖς
2640 1610 2862 1685 ἐχθροῖς
2933 1614 3020 1668 xui
3106 1615 3355 1687 τρέπεται
3430 1617 3582 1680 αὖθις
3627 1618 3767 1671 κατά

2115 1697 2337 1770 κράτος,
2398 1702 2964 1774 προσεταιρισαμένων
3015 1707 3123 1756 τῶν
3179 1703 3443 1779 Φράγγων
3500 1706 3589 1759 καὶ
3621 1703 3767 1760 ἄλλο

2116 1784 2332 1854 πλῆθος
2392 1790 2471 1859 [Ρ.
2504 1790 2631 1862 756]
2687 1790 2785 1844 οὐκ
2836 1789 3024 1865 ὀλίγον
3074 1793 3177 1846 ἀπὸ
3227 1798 3334 1847 τῶν
3375 1793 3598 1848 Ἱταλῶν
3655 1799 3769 1848 τῶν

2119 1874 2242 1946 περὶ
2292 1876 2381 1928 τὸν
2437 1874 2610 1930 Πάδον
2640 1878 2731 1932 τὸν
2782 1878 3029 1951 ποταμὸν
3080 1881 3169 1934 xui
3214 1880 3309 1943 τὰς
3366 1881 3633 1956 ὑπωρείας
3683 1884 3766 1936 0i.-

2115 1963 2352 2017 κούντιυν
2385 1969 2491 2018 τῶν
2545 1965 2824 2024 Ἀλπεων.
2877 1971 3051 2025 Τοῦτο
3110 1966 3167 2023 δὲ
3197 1968 3497 2042 πυθόμενος
3532 1972 3559 2025 ὁ
3609 1971 3766 2047 βασι-

2117 2049 2243 2114 λεὺς
2298 2052 2571 2128 Μιχαὴλ,
2649 2060 2837 2111 τοῦτον
2901 2058 2995 2128 μὲν
3057 2059 3349 2130 μετέστησε
3398 2066 3499 2127 τῆς
3552 2060 3759 2135 ἀρχῆς,

2116 2139 2325 2215 ἔπεμψε
2384 2140 2440 2197 δὲ
2467 2144 2557 2199 τὸν
2597 2146 2939 2216 Βοϊωάννην,
2973 2144 3231 2202 δοκοῦντα
3262 2150 3555 2222 πρακτικὸν
3590 2146 3764 2222 ἀνδρα

2116 2232 2248 2285 εἶναι
2300 2232 2387 2287 καὶ
2451 2232 2503 2287 έν
2558 2232 2827 2307 πολέμοις
2886 2232 3217 2307 εὐδόκιμον,
3276 2236 3363 2290 xui
3424 2238 3498 2299 εἷς
3556 2238 3759 2293 ἐκεῖνον

2115 2319 2446 2397 ἀναφέροντα
2488 2322 2584 2390 τήν
2633 2327 2730 2377 τοῦ
2780 2324 2968 2398 γένους
3016 2324 3285 2400 ἀναφορὰν
3322 2327 3413 2381 τὸν
3462 2326 3547 2381 ἰπὶ
3599 2334 3764 2382 Βασι-

2117 2408 2266 2464 λείου
2304 2414 2399 2464 τοῦ
2468 2409 2739 2486 βασιλέως
2788 2412 2840 2467 έν
2901 2411 3103 2485 Ἰταλίᾳ
3155 2415 3463 2493 πεμφθέντα
3520 2417 3765 2472 Βοϊωάν-

2115 2519 2231 2567 νην,
2293 2498 2349 2560 ὅς
2408 2506 2579 2553 πᾶσαν
2634 2502 2734 2567 τήν
2790 2500 3022 2557 Ἰταλίαν
3086 2502 3250 2577 μέχρι
3280 2505 3501 2576 Ῥώμης
3532 2504 3655 2558 τότε
3682 2507 3768 2574 τῷ

2121 2586 2337 2659 βασιλεῖ
2410 2591 2782 2659 παρεστήσατο
2820 2635 2832 2645 .
2910 2590 3083 2647 Ἀλλά
3156 2593 3244 2647 xui
3301 2592 3457 2654 οὗτος
3508 2591 3763 2655 ἀπελθὼν

2114 2676 2249 2729 κατά
2325 2677 2511 2752 χώραν
2569 2677 2657 2732 xui
2716 2677 2882 2748 νεαιλῆ
2951 2680 3041 2735 καὶ
3096 2680 3329 2753 ἀκμαίαν
3392 2677 3618 2755 δύναμιν
3680 2681 3763 2753 μὴ

2116 2758 2321 2833 λαϐὼν,
2364 2764 2490 2820 ἀλλ’
2557 2766 2906 2843 ἀναγκασθεὶς
2976 2769 3111 2841 μετά
3166 2774 3271 2823 τῶν
3321 2768 3760 2843 προηττημένων

2115 2848 2413 2925 συμϐαλεῖν
2470 2862 2585 2919 τοῖς
2657 2855 2879 2931 ἐχθροῖς
2928 2858 3063 2912 κατά
3121 2859 3218 2925 τὴν
3273 2858 3585 2914 Μονὸπολιν
3642 2855 3755 2927 ἤδη

2113 2949 2498 3015 κραταιωθεῖσι
2544 2945 2633 2999 καὶ
2676 2952 2775 3013 τῆς
2806 2945 2992 3020 χώρας
3042 2946 3116 3009 ὡς
3154 2943 3295 3008 ῗδίας
3347 2948 3759 3022 ἀντεχομένοις,

2114 3030 2368 3101 ἡττηθεῗς
2410 3030 2576 3103 ἑάλω,
2620 3034 2707 3088 xui
2762 3035 2788 3089 ὁ
2839 3033 2931 3087 σὺν
2991 3035 3138 3107 αὖτῷ
3193 3035 3436 3111 στρατὸς,
3498 3037 3613 3089 ὅσοι
3675 3036 3757 3107 μή

2115 3118 2341 3195 σιδήρου
2390 3122 2641 3196 γεγόνασι
2692 3123 3090 3198 παρανάλωμα,
3140 3123 3313 3186 ἀλλος
3371 3123 3621 3199 ἀλλαχοῦ
3672 3121 3761 3178 δι-

2113 3207 2527 3281 εσκεδάσθησαν,
2580 3208 2927 3274 διασωθέντες
2970 3211 3021 3266 έν
3065 3218 3182 3274 τοῖς
3233 3212 3309 3268 ἔτι
3356 3214 3423 3268 τά
3472 3212 3759 3285 Ῥωμαίων

2114 3297 2371 3376 φρονοῦσι
2441 3300 2740 3376 φρουρίοις.
2819 3301 2921 3357 Καὶ
2993 3300 3186 3356 λοιπὸν
3246 3303 3298 3356 oi
3353 3304 3596 3377 Φράγγοι
3654 3309 3763 3371 τῆς

2116 3385 2347 3448 Ἰταλίας
2426 3388 2499 3449 ὡς
2572 3385 2909 3463 δορυκτήτου
2995 3390 3373 3445 ἀντεποιοῦντο
3454 3391 3761 3462 κτήματος,

2112 3480 2219 3529 τῶν
2252 3474 2536 3551 ἐγχωρίων
2584 3478 2656 3530 ὧν
2693 3478 2786 3549 μὲν
2821 3476 3099 3545 ἱκουσίως,
3132 3479 3205 3532 ὤν
3239 3475 3296 3533 δὲ
3330 3478 3423 3554 βίᾳ
3441 3478 3530 3533 καὶ
3560 3478 3765 3551 ἀνάγκῃ

2116 3565 2589 3641 προσχωρούντων
2624 3566 2828 3634 αὐτοῖς,
2858 3565 3003 3635 πλὴν
3048 3568 3372 3642 Βρεντησίου
3398 3568 3487 3621 καὶ
3519 3566 3761 3641 Ἰδροῦν-

2112 3675 2207 3715 τος
2261 3656 2345 3708 καὶ
2408 3650 2675 3726 Ταραντός
2733 3676 2791 3709 τε
2845 3655 2933 3709 καὶ
2996 3655 3211 3730 Βάρεως
3246 3674 3259 3688 θ
3324 3656 3475 3710 αὗται
3531 3656 3634 3729 γάρ
3704 3656 3761 3709 αἱ

2112 3742 2360 3818 τέσσαρες
2414 3742 2607 3804 πόλεις
2683 3742 3009 3818 παρέμειναν
3070 3745 3250 3799 πίστιν
3308 3745 3600 3815 Ῥωμαίοις
3658 3766 3761 3821 φυ-

2116 3830 2426 3888 λάττουσαι.
2459 3830 2689 3906 Μιχαὴλ
2739 3829 2796 3887 δὲ
2837 3838 2933 3886 τοῦ
2968 3831 3236 3907 βασιλέως
3270 3833 3633 3897 ἀποθανόντος
3665 3832 3759 3887 καὶ

2114 3925 2210 3974 τοῦ
2246 3922 2358 3993 μετ’
2399 3921 2560 3975 αὐτὸν
2611 3920 2930 3991 έξωσθέντος
2981 3929 3081 3990 τῆς
3132 3922 3429 3997 βασιλείας,
3464 3924 3491 3976 ὁ
3548 3922 3760 3977 Μανιά-

2112 4030 2232 4079 κης,
2266 4009 2339 4071 ὡς
2369 4006 2565 4064 ἀνωθεν
2610 4008 2825 4085 έρῥέθη,
2869 4010 3131 4086 πεμφθεὶς
3192 4010 3265 4072 εἷς
3324 4009 3553 4067 Ἰταλίαν
3612 4010 3765 4084 παρά

2112 4105 2211 4167 τῆς
2234 4105 2408 4168 Ζωῆς,
2444 4098 2492 4152 εί
2540 4100 2630 4154 καὶ
2664 4100 2740 4172 μὴ
2775 4096 3003 4171 δύναμιν
3046 4098 3344 4175 ἀξιόχρεων
3378 4100 3544 4175 εἶχεν,
3604 4099 3761 4171 ὅμως

2118 4187 2251 4260 μετά
2296 4194 2396 4256 τῆς
2448 4186 2726 4262 παρούσης
2775 4192 3159 4263 στρατηγικαῖς
3211 4193 3491 4263 μηχαναῖς
3543 4186 3766 4262 ’χρησά-

2118 4296 2279 4349 μενος
2337 4273 2584 4346 ἐκδιῶξαι
2646 4274 2835 4351 ἴσχυσε
2890 4275 3016 4337 τοὺς
3068 4276 3350 4352 Φράγγους
3393 4283 3495 4344 τῆς
3530 4275 3765 4338 Ἰταλίας

2114 4365 2237 4440 περὶ
2317 4364 2534 4434 Καπύην
2612 4364 2700 4420 καὶ
2768 4360 3085 4421 Βενεϐενδὸν
3161 4367 3249 4420 xui
3309 4364 3612 4433 Νεάπολιν,
3670 4364 3764 4419 καὶ

2118 4455 2335 4530 μετρίαν
2385 4474 2701 4509 καταστασιν
2746 4454 2836 4508 καὶ
2866 4452 3115 4528 γαλήνην
3171 4453 3411 4530 παρέσχε
3457 4459 3573 4515 τοῖς
3622 4453 3766 4528 πρά-

2113 4565 2304 4618 γμασι.
2367 4542 2536 4604 Οὗτος
2596 4544 2623 4596 ὁ
2682 4542 2964 4613 Μανιάκης
3013 4545 3147 4599 κατά
3202 4544 3262 4598 τὸ
3292 4544 3428 4616 θέμα
3456 4547 3563 4597 τῶν
3597 4544 3764 4598 Ἀνα-

359 4631 577 4687 deundi
610 4632 831 4688 milites
862 4634 1155 4702 arderent,
1181 4652 1348 4689 arma
1369 4641 1570 4690 contra
1592 4636 2002 4705 imperatorem

2115 4630 2346 4687 τολικῶν
2404 4632 2497 4692 τὰς
2529 4631 2769 4701 οἰκήσεις
2804 4630 2947 4706 ἔχων
2981 4632 3071 4687 καὶ
3116 4634 3387 4704 Ῥωμανῷ
3415 4636 3496 4702 τῷ
3520 4629 3765 4704 Σκληρῷ

353 4726 566 4776 movet.
600 4721 845 4776 Missum
877 4737 1013 4793 ergo
1039 4722 1149 4776 sibi
1168 4739 1565 4778 successorem
1594 4723 1843 4778 Pardum
1870 4741 2000 4795 pro-

354 4807 811 4879 tospatbarium,
847 4810 1142 4865 hominem
1181 4811 1546 4883 Byzantium,
1582 4828 1767 4883 neque
1818 4812 2001 4868 ullam

350 4903 425 4951 ob
460 4898 883 4968 praestantiam,
919 4900 1017 4954 sed
1054 4899 1193 4971 quia
1245 4906 1419 4955 nctus
1469 4905 1593 4956 erat
1639 4900 2000 4973 imperatori,

350 4990 528 5041 tanta;
553 4986 861 5057 provinciae
907 4988 1264 5056 praefectum,
1293 4988 1601 5044 interfecit.
1629 4992 1758 5059 Ipse
1801 4990 2003 5045 diade-

353 5080 509 5130 mate
540 5080 598 5129 et
630 5075 872 5147 reliquis
904 5075 1134 5147 imperii
1169 5078 1424 5147 sumptis
1457 5079 1793 5149 insignibus
1826 5080 2003 5149 impe-

348 5167 508 5218 rator
536 5162 851 5229 salutatur,
886 5165 1262 5235 exercituque
1296 5166 1351 5219 in
1389 5183 1565 5221 naves
1614 5167 1890 5238 imposito
1940 5168 2000 5223 in

350 5249 683 5319 Bulgariam
758 5251 993 5322 trajicit.
1047 5253 1367 5323 Imperator
1416 5260 1725 5325 postquam
1776 5256 1846 5310 de
1894 5256 2001 5311 hoc

351 5339 606 5405 rescivit,
643 5356 755 5395 non
791 5339 992 5395 leviter
1028 5342 1425 5411 perturbatus,
1458 5342 1685 5399 litteras
1742 5345 1812 5399 ad
1864 5361 2000 5400 eum

354 5425 559 5495 mittit,
583 5428 642 5483 in
673 5427 888 5498 quibus
921 5427 1034 5499 ipsi
1056 5433 1112 5483 et.
1131 5446 1278 5500 quos
1301 5446 1499 5486 secum
1526 5430 1779 5488 habebat
1804 5434 1998 5504 impu-

2110 4725 2387 4796 γειτονῶν,
2452 4719 2841 4796 διαφερόμενος
2916 4721 3053 4795 πρὸς
3111 4721 3270 4775 αὑτὸν
3332 4718 3605 4780 πολλάκις
3662 4718 3760 4773 έπ-

2112 4809 2392 4884 εχείρησεν
2423 4808 2631 4865 ἀνελεῖν
2664 4813 2877 4878 τοῦτον,
2911 4808 2955 4863 εἰ
2991 4810 3066 4882 μὴ
3099 4814 3239 4887 φυγῇ
3272 4810 3370 4878 τὴν
3401 4809 3593 4865 ἑαυτοῦ
3627 4807 3763 4863 έπο-

2113 4904 2299 4974 ρίσατο
2375 4898 2667 4968 σωτηρίαν.
2725 4898 2870 4951 Ἐπεὶ
2935 4895 2992 4951 δὶ
3036 4899 3103 4951 τά
3164 4896 3453 4970 Ῥωμαίων
3508 4903 3765 4970 σκῆπτρα

2111 4986 2162 5049 ἐς
2192 4989 2596 5043 Κωνσταντῖνον
2622 4986 2760 5055 ἦλθε
2814 4986 2905 5040 τὸν
2939 4985 3280 5061 Μονομάχον
3330 4986 3416 5040 καὶ
3450 4986 3478 5040 ὁ
3505 4983 3765 5060 Σκληρὸς

2112 5076 2199 5130 ἐπὶ
2236 5075 2369 5150 μέγα
2423 5074 2599 5150 τύχης
2645 5076 2783 5150 ἦρτο
2834 5073 3259 5148 (ἐπαλλακεύετο
3312 5075 3415 5148 γὰρ
3446 5077 3526 5145 τῷ
3580 5078 3767 5128 Μονο-

2114 5164 2281 5240 μαχῳ
2321 5167 2355 5235 ἡ
2412 5168 2509 5220 τοῦ
2570 5163 2825 5240 Σκληροῦ
2879 5162 3112 5238 ἀδελφὴ)
3173 5163 3464 5238 μάγιστρος
3510 5161 3769 5234 τιμηθεὶς

2110 5255 2199 5308 xui
2250 5254 2707 5328 πρωτοστράτωρ,
2759 5258 2869 5308 τῶν
2922 5252 2998 5315 εἰς
3043 5251 3199 5306 αὐτὸν
3265 5251 3615 5325 μεμνημένος
3668 5254 3768 5305 τοῦ

2112 5342 2382 5417 Γεωργίου
2455 5339 2814 5417 καταδρομῶν
2850 5384 2863 5411 ,
2940 5340 3372 5415 καταχρώμενος
3430 5343 3497 5413 τῇ
3553 5338 3770 5409 έξουσίᾳ

2109 5430 2200 5485 καὶ
2255 5432 2354 5500 τήν
2406 5430 2665 5486 ἀπουσίαν
2724 5431 3074 5507 κατατρέχων
3123 5434 3219 5485 τοῦ
3274 5429 3549 5499 Μανιάκη,
3607 5428 3677 5482 τά
3703 5445 3767 5481 τε

1537 5560 1911 5618 XYLANDRI
1950 5562 2043 5619 ET
2081 5561 2300 5618 GOARI
2337 5562 2569 5618 NOTIE.

426 5664 543 5737 (24)
574 5664 744 5720 Error
772 5664 1089 5736 tollendus,
1140 5683 1253 5737 quo
1310 5666 1570 5723 fosberati
1630 5673 1687 5725 et
1733 5669 1994 5725 icederati

354 5735 535 5792 iidem
564 5744 897 5795 censentur.
931 5739 1001 5796 Hi
1031 5756 1098 5796 ex
1127 5735 1286 5796 omni
1320 5745 1483 5795 extra
1523 5740 1781 5810 natione,
1813 5740 1897 5797 illi
1928 5757 1998 5798 ex.

2105 5668 2359 5796 supdg'tis
2391 5669 2601 5727 Pisidis
2633 5674 2690 5725 et
2722 5667 3109 5741 Lycaonibus,
3144 5670 3208 5723 ut
3246 5666 3340 5723 hic
3359 5670 3567 5723 auctor
3585 5680 3760 5723 enar-

2106 5757 2171 5796 ra
2204 5780 2218 5796 .
2276 5756 2427 5796 IOAR.

2106 5756 2218 5798 rat.
2250 5756 2427 5797 “CAR.
