4036 6194
356 366 473 426 283
1714 364 2027 425 GEORGII
2071 364 2415 425 CEDHENI
3643 370 3767 429 284

356 501 832 557 Annuntiationis
882 500 1026 556 festo
1078 500 1401 555 Michaelus
1484 499 1840 562 Cerularius,
1900 516 1950 566 qi

2168 518 2243 565 ης,
2277 498 2366 551 καὶ
2399 497 2649 572 ἀνάγεται
2700 496 2777 559 εἷς
2835 499 2925 553 τὸν
2984 498 3148 554 αὐτοῦ
3201 500 3391 573 θρόνον
3445 499 3682 574 Μιχαὴλ
3733 501 3762 554 6

358 590 573 645 vixerat
611 591 932 646 monachus
963 607 1027 645 ex
1055 608 1171 661 quo
1214 605 1345 643 eum
1390 586 1903 658 orphanotrophus
1932 604 1952 640 c

2164 584 2519 661 ηρουλάριος,
2560 587 2695 641 κατὰ
2749 589 2849 655 τὴν
2904 586 3111 662 ἡμέραν
3170 593 3264 642 τοῦ
3319 586 3757 664 Εὐαγγελισμοῦ,

364 686 592 748 paratas
628 680 875 734 insidias
908 678 1276 747 relegaverat.
1340 677 1638 732 Indicatur
1676 676 1849 730 etiam
1893 676 1958 730 in.

2162 673 2394 749 οναχους
2428 672 2499 728 ὢν
2533 674 2584 745 ἐξ
2617 675 2781 751 οὗπερ
2820 677 2847 729 6
2881 676 3284 754 ὀρφανοτρὸφος
3315 676 3472 731 αὐτὸν
3522 674 3611 731 διὰ
3655 678 3756 744 τὴν

362 768 611 834 peratori
640 768 953 823 thesaurus
985 768 1110 822 auri
1140 766 1473 821 reconditus
1506 765 1559 818 in
1614 764 1796 818 Alexii
1838 782 1956 819 mar

2167 758 2413 832 τιϐουλὴν
2474 763 2712 838 ἐξώρισε.
2766 763 3234 839 Προσαγγέλλεται
3299 763 3356 819 δὲ
3407 770 3483 837 τῶ
3544 764 3761 840 βασιλεῖ

360 856 540 920 sione,
577 874 749 927 quem
787 857 986 911 missis
1020 855 1254 909 famulis
1300 856 1535 925 recepit,
1567 855 1636 908 ad
1673 860 1947 908 centenar

2165 852 2200 904 ιὶ
2258 852 2483 927 χρυσίον
2543 853 3137 929 ἀποτεθησαυρισμένων
3200 854 3252 909 ὲν
3283 858 3350 927 τῇ
3384 859 3479 908 τοῦ
3511 854 3759 923 Ἀλεξίου

360 944 561 1015 viginti
596 945 1096 1015 quinque.Eadem
1130 943 1761 1013 indictione,postridie
1799 942 1954 997 Kalei

2166 944 2281 1007 ονῆ,
2311 942 2399 994 γαὶ
2449 942 2667 1015 πέμψας
2726 936 3160 1013 ἀναλαμϐάνεται
3208 947 3391 1015 τοῦτο,
3439 942 3513 1004 εἷς
3562 963 3760 1012 κεντη-

359 1033 463 1086 das
490 1031 852 1097 Maias,oculi
886 1032 1246 1087 effodiuntur
1277 1031 1755 1103 orphanotropho
1789 1031 1844 1084 in
1876 1030 1953 1085 loc

2169 1030 2270 1105 ιρια
2300 1030 2638 1103 ποσούμενον
2699 1038 2791 1086 κε’.
2827 1030 3002 1086 Μαΐου
3049 1028 3105 1085 δὶ
3153 1029 3423 1105 δευτέρας,
3455 1038 3555 1101 τῆς
3593 1032 3763 1100 αὐτῆς

361 1121 452 1174 cui
486 1137 692 1175 nomen
730 1120 1243 1191 lllarycatis.Aliiid
1270 1120 1453 1176 inscio
1476 1120 1955 1191 imperatoreaiui

2171 1117 2471 1186 δικτιῶνος,
2500 1119 2859 1195 ἐκτυφλοῦται
2910 1121 2997 1174 καὶ
3048 1122 3074 1175 6
3123 1120 3526 1197 ὀρφανοτρόφος
3579 1123 3630 1175 ἐν
3678 1125 3762 1192 τῷ

362 1208 543 1262 fuisse
598 1210 813 1263 factum
846 1211 1019 1278 jussu
1081 1211 1427 1265 Theodore:
1490 1210 1751 1281 plerique
1801 1225 1956 1263 omne

2169 1210 2395 1281 ιγομένῳ
2452 1211 2648 1283 χωρίῳ
2720 1214 2828 1263 τῶν
2884 1211 3226 1284 Μαρυκάτου,
3287 1211 3362 1273 ὡς
3438 1209 3531 1281 μὲν
3615 1210 3763 1270 τινές

360 1297 548 1368 ipsius
573 1299 842 1352 monachi
886 1298 1250 1363 mandato,ei
1283 1300 1355 1353 ob
1388 1298 1799 1369 relegationem
1836 1300 1954 1351 irati

2170 1318 2296 1367 ισιν,
2337 1298 2437 1351 ὑπὸ
2471 1296 2775 1372 Θεοδώρας,
2809 1295 3031 1360 ἄκοντος
3062 1303 3158 1352 τοῦ
3202 1298 3488 1373 βασιλέως,
3520 1298 3595 1360 ὡς
3642 1296 3700 1353 δὲ
3736 1300 3764 1352 ὁ

357 1389 618 1441 Mortuus
684 1392 773 1441 est
829 1388 1057 1442 decima
1110 1388 1281 1443 tertia
1315 1389 1407 1443 die
1467 1390 1728 1459 ejusdem
1762 1386 1946 1441 mensi

2170 1388 2221 1438 iw
2255 1384 2482 1440 πολλῶν
2514 1392 2703 1462 κρατεῖ
2760 1385 2946 1461 λόγος,
2975 1388 3102 1462 παρ’
3125 1387 3292 1442 αὐτοῦ
3346 1386 3539 1441 τούτου
3595 1386 3764 1462 ἐγκο-

355 1474 512 1530 Julio
548 1492 748 1530 mense
779 1477 1114 1547 Stephanus
1136 1478 1605 1548 SebastOphorus
1629 1475 1860 1530 delatus
1895 1493 1949 1530 es

2172 1479 2319 1535 ὸντος
2362 1476 2511 1545 αὐτῷ
2570 1472 2659 1529 διὰ
2713 1476 2807 1536 τὰς
2862 1476 3173 1549 ὑπερορίας,
3205 1477 3292 1529 καί
3339 1480 3407 1549 τῇ
3445 1478 3505 1551 ιγ’
3531 1480 3627 1531 τοῦ
3670 1476 3766 1529 αὐ-

359 1565 512 1634 quod
548 1566 861 1620 insidiatus
892 1575 1046 1620 esset
1070 1566 1400 1635 imperatori
1428 1565 1794 1635 volueritque
1826 1565 1948 1635 imp

2167 1567 2210 1616 ιῦ
2263 1565 2433 1635 μηνὸς
2492 1564 2842 1633 ἀποθνήσκει.
2874 1564 3091 1637 Ἰουλίῳ
3146 1562 3203 1619 δὲ
3259 1566 3389 1637 μηνὶ
3432 1570 3532 1633 τῆς
3588 1564 3761 1634 αὐτῆς

362 1655 513 1707 rium
550 1654 608 1707 in
644 1654 893 1708 Leonem
931 1656 1237 1723 patricium
1274 1659 1589 1709 transferre
1642 1660 1699 1708 et
1721 1653 1951 1708 Meliten

2168 1651 2451 1713 δικτιῶνος
2509 1655 2863 1729 κατηγορήθη
2926 1653 3015 1707 καὶ
3087 1654 3350 1730 Στέφανος
3405 1655 3434 1708 6
3489 1649 3760 1709 Σεϐαστο-

363 1742 698 1813 prael'ectum
725 1745 1079 1799 constituere
1105 1743 1286 1798 ﬁlium
1324 1743 1581 1815 Lampri.
1640 1750 1720 1797 Ac
1752 1742 1957 1813 Stepha

2165 1740 2281 1814 ὗρος
2316 1740 2389 1802 ὡς
2422 1736 2790 1795 ἐπιϐουλεύων
2819 1740 2897 1813 τῷ
2940 1740 3154 1816 βασιλεῖ
3208 1742 3296 1795 καὶ
3347 1741 3569 1817 βασιλέα
3626 1743 3759 1817 βου-

364 1848 474 1886 nus
499 1833 732 1903 quidem
776 1834 985 1903 opibus
1029 1833 1151 1888 suis
1199 1832 1481 1887 multatus
1512 1838 1570 1887 et
1622 1832 1958 1887 monasticai

2167 1829 2351 1901 5μενος
2402 1837 2629 1899 ποιῆσαι
2690 1829 2891 1885 Λέοντα
2959 1830 3242 1904 πατρίκιον
3308 1831 3397 1885 καὶ
3461 1830 3761 1905 στρατηγὸν

358 1921 545 1976 vivere
566 1924 770 1989 jussus
791 1926 847 1975 et
880 1922 1173 1992 relegatus
1204 1931 1313 1976 est.
1348 1924 1658 1993 Lamprus,
1691 1921 1952 1976 crudelitt

2177 1916 2453 1989 ελιτηνῆς,
2486 1920 2577 1973 τὸν
2608 1920 2722 1973 υἱὸν
2772 1924 2868 1973 τοῦ
2926 1924 3213 2005 Λριμπροῦ·
3247 1919 3334 1973 καὶ
3392 1921 3419 1973 6
3482 1920 3575 1992 μὲν
3637 1919 3768 1974 Στι-

358 2014 545 2064 tortus
567 2014 622 2065 et
644 2026 743 2081 per
765 2010 954 2064 forum
980 2010 1213 2064 ludibrii
1250 2027 1428 2064 causa
1456 2010 1513 2063 in
1545 2026 1759 2080 pompa
1793 2010 1952 2063 ducti

2167 2029 2283 2069 τινος
2314 2013 2420 2061 τῶν
2460 2009 2818 2083 ὑπαρχόντων
2850 2008 3156 2083 γυμνωθεῖς
3202 2010 3295 2063 καὶο
3344 2010 3587 2083 μοναχὸς
3622 2010 3761 2062 ἀπο-

354 2102 530 2170 atque
552 2098 735 2153 oculis
767 2100 1030 2164 orbatus,
1060 2098 1231 2170 paulo
1263 2103 1393 2170 post
1416 2097 1537 2153 vita
1564 2098 1834 2154 excessit.

2171 2096 2298 2171 ιρεῖς
2356 2096 2658 2172 ἐξωρίσθη·
2711 2098 2739 2151 6
2800 2094 2855 2151 δὲ
2914 2098 3197 2171 Λαμπρὸς,
3249 2099 3469 2166 ἀπηνῶς
3528 2096 3765 2161 ἐτασθεὶς

2114 2188 2204 2241 καὶ
2262 2188 2358 2249 τὰς
2414 2183 2565 2259 ὄψεις
2623 2186 2900 2262 πηρωθεὶς
2932 2187 3022 2241 καὶ
3062 2183 3151 2241 διὰ
3204 2193 3303 2255 τῆς
3360 2186 3559 2261 ἀγορᾶς
3606 2207 3763 2257 πομ-

2115 2274 2351 2342 πευθείς,
2383 2276 2515 2347 μετά
2550 2276 2738 2351 μικρὸν
2773 2276 3051 2339 ἀπέθανεν.

428 2401 576 2458 551
614 2400 731 2455 Hac
762 2400 889 2470 ipsa
913 2401 1254 2465 indictione,
1292 2418 1490 2456 mense
1517 2399 1717 2462 Junio,
1766 2399 2005 2454 Rossica

2187 2400 2426 2474 Ἐγένετο
2461 2398 2515 2454 δὲ
2546 2399 2633 2454 καὶ
2664 2400 2799 2454 κατὰ
2843 2401 2930 2454 τὸν
2963 2399 3192 2453 Ἰούνιον
3245 2402 3383 2471 μῆνα
3436 2406 3535 2468 τῆς
3589 2399 3758 2468 αὐτῆς

360 2506 502 2559 gens
536 2498 737 2544 contra
769 2490 1094 2543 Romanum
1120 2490 1432 2560 imperium
1456 2490 1954 2544 insurrexit.Hactl

2164 2492 2483 2560 τινεμήσεως
2560 2490 2649 2543 γαί
2704 2491 2738 2557 ἡ
2796 2493 2892 2543 τοῦ
2954 2486 3139 2551 ἔθνους
3192 2493 3302 2542 τῶν
3347 2488 3483 2549 Ῥὼς
3540 2489 3758 2559 κίνησις

363 2594 474 2632 nus
491 2594 685 2649 pacem
714 2578 1148 2649 amicitiamque
1173 2594 1303 2632 cum
1332 2578 1607 2633 Romanis
1622 2579 1790 2632 Bossi
1811 2576 1957 2631 colu:

2162 2579 2248 2632 ιιτᾶ
2276 2585 2374 2647 τῆς
2426 2575 2920 2653 βασιλίδος.(ὶῦτοι
2968 2578 3070 2652 γὰρ
3116 2581 3598 2652 κοινοπραγοῦντες
3663 2578 3756 2648 μὲ-

364 2666 823 2737 rant,libcraque
854 2666 1099 2721 invicem
1135 2667 1363 2721 fuerant
1394 2666 1830 2733 commercia,et
1853 2682 1958 2720 mei

2160 2688 2209 2739 ρι
2267 2664 2425 2721 τοῦδε
2475 2666 2769 2738 Ῥωμαίοις
2821 2667 2908 2720 καὶ
2970 2666 3334 2741 εἰρηνεύοντες
3396 2667 3509 2737 μετ’
3552 2665 3754 2735 αὐτῶν,

364 2762 587 2809 calores
620 2756 772 2809 ultro
805 2756 1067 2826 citroque
1112 2762 1531 2809 commearent.
1578 2756 1741 2809 Tunc
1790 2756 1956 2808 veroi

2164 2755 2284 2817 Ξεῶς
2339 2778 2396 2810 τε
2447 2752 2721 2824 ἀλλήλοις
2780 2754 3136 2829 ἐπεμίγνυντο
3204 2756 3291 2809 καὶ
3376 2754 3651 2829 ἐμπόρους
3703 2755 3758 2816 ἐς

368 2844 508 2897 urbe
536 2849 663 2897 orta
683 2844 800 2897 rixa
830 2862 961 2898 cum
995 2845 1348 2914 quibusdam
1379 2845 1609 2910 Scythis
1628 2846 1962 2915 negotiatori

2166 2844 2397 2914 ιλήλους
2430 2844 2692 2916 ἔπεμπον.
2715 2845 2857 2898 Κατὰ
2881 2842 2938 2898 δὶ
2953 2848 3141 2898 τοῦτον
3175 2845 3264 2897 τὸν
3297 2843 3497 2918 χρόνον
3521 2842 3760 2920 φιλονεμ

365 2932 597 2998 bus,rcs
630 2934 698 2985 ad
736 2950 948 2988 manus
976 2933 1151 2994 venit.
1185 2940 1241 2988 et
1271 2939 1358 2987 est
1380 2935 1617 3004 quidam
1653 2934 1722 2987 de
1755 2933 1959 2988 nobilic

2166 2934 2233 2995 ας
2283 2936 2579 3007 γενομένης
2631 2933 2681 2987 ἐν
2732 2932 3009 3004 Βυζαντίῳ
3070 2932 3201 3003 μετά
3275 2936 3434 2986 τινῶν
3500 2930 3760 3006 ἐμπόρων

359 3021 522 3075 ribus
542 3021 771 3094 Scythis
787 3021 1401 3077 interfectusProinde
1414 3024 1540 3092 ejus
1555 3022 1741 3093 gentis
1764 3022 1953 3093 regult

2167 3025 2352 3089 κυθῶν,
2386 3018 2785 3094 συμπληγάδος
2814 3042 2871 3075 τε
2921 3020 2970 3090 ἐξ
3022 3020 3186 3074 αὐτοῦ
3244 3018 3761 3089 ἑπακολουθησάσης

356 3109 922 3178 Bladimerus,homo
954 3110 1272 3166 iracundus
1294 3117 1467 3182 atque
1484 3113 1678 3166 animo
1714 3112 1950 3182 inquieti

2166 3112 2198 3165 ιί
2281 3132 2425 3172 τινος
2506 3112 2713 3165 Σκύθου
2763 3110 3115 3187 φονευθέντος
3183 3109 3491 3187 ἐπιφανοῦς,
3553 3110 3581 3163 6
3636 3110 3760 3163 τότε

354 3215 556 3253 casum
620 3200 772 3254 hunc
804 3200 913 3254 sibi
974 3201 1387 3255 annuntiatum
1451 3202 1753 3271 aegerrime
1787 3208 1940 3255 I’eren

2162 3202 2402 3273 ιτάρχων
2436 3204 2530 3253 τοῦ
2588 3200 2775 3272 γένοτς
2827 3198 3033 3252 τούτων
3070 3197 3438 3271 Βλαδιμηρὸς,
3468 3194 3604 3273 ἀνὴρ
3665 3199 3756 3273 ὁρ-

352 3287 865 3359 nullainterposita
881 3290 1139 3356 mora,ad
1159 3291 1552 3344 armavocatis
1569 3290 1824 3345 subditis
1840 3307 1946 3361 quo

2162 3288 2312 3357 ητίας
2344 3289 2431 3341 καὶ
2463 3288 2529 3341 τὰ
2575 3287 2765 3343 πολλὰ
2820 3288 2897 3359 τῷ
2948 3290 3103 3360 θυμῷ
3159 3286 3539 3362 χαριζόμενος,
3583 3286 3756 3350 πυθό-

349 3381 486 3447 quot
513 3376 661 3432 bello
685 3377 909 3434 habiles
937 3379 1427 3449 crant,c0piisque
1444 3378 1827 3432 auxiliaribus
1844 3396 1939 3433 asc

2162 3398 2270 3439 ενος
2324 3377 2385 3431 τὸ
2443 3371 2651 3445 συμϐὰν
2733 3376 2822 3430 καὶ
2908 3373 3297 3446 δεινοπαθήσας
3353 3375 3440 3430 καὶ
3499 3376 3576 3448 μή
3626 3372 3756 3438 δοὺς

348 3466 420 3520 tis
438 3465 594 3520 haud
623 3467 848 3537 exiguis
873 3468 1256 3522 anationibus
1280 3484 1407 3538 quae
1434 3467 1643 3522 Oceani
1672 3468 1893 3523 insulas
1908 3485 1942 3522 si

2161 3461 2381 3534 ιαϐολὴν
2541 3466 2728 3539 καιρὸν
2797 3470 2877 3536 τῷ
2932 3467 3216 3536 κινήματι,
3275 3469 3382 3519 τῶν
3446 3465 3533 3519 ὑπ’
3590 3464 3755 3520 αὐτὸν

346 3554 768 3625 ptentrionales
799 3556 1478 3623 inhabitabant,collecta
1501 3560 1568 3610 ad
1596 3557 1940 3620 hominum,i

2159 3554 2322 3628 (είρας
2402 3556 2525 3607 ὅσον
2591 3556 2863 3627 μάχιμον,
2922 3552 3475 3627 προσεταιρισάμενος
3548 3550 3605 3606 δὲ
3661 3553 3753 3607 καὶ

351 3632 783 3703 ferunt.100000
812 3645 1205 3713 multitudine,
1230 3662 1354 3701 eam
1394 3647 1623 3699 usitatis
1652 3648 1801 3717 apud
1836 3645 1945 3716 ipS(

2155 3642 2455 3717 ›μμαχικὸν
2504 3642 2605 3695 οὐκ
2659 3640 2851 3714 ὀλίγον
2910 3640 3015 3695 ἀπὸ
3070 3646 3174 3695 τῶν
3252 3641 3648 3695 κατοικούντων
3698 3641 3749 3695 ἐν

347 3732 594 3803 navigiis
628 3732 856 3799 (lintres
890 3751 994 3789 nos
1025 3751 1323 3800 vocamus,
1351 3733 1521 3789 unica
1547 3735 1750 3789 arbore
1797 3751 1941 3788 cava

2158 3736 2219 3791 ιῖς
2271 3730 2656 3805 προσαρκτίοις
2711 3735 2807 3783 του
2858 3731 3110 3784 Ὠκεανοῦ
3174 3731 3361 3798 νήσοις
3413 3729 3598 3798 ἐθνῶν,
3658 3730 3752 3784 καὶ

348 3818 554 3891 factos)
576 3820 848 3891 imponit.
878 3828 933 3876 et
963 3824 1245 3877 adversus
1277 3824 1477 3876 urbem
1504 3822 1707 3876 tendit.
1743 3823 1942 3891 imper.-

2162 3824 2319 3888 lieoc
2352 3819 2628 3893 ἀθροίσας,
2664 3817 2737 3880 ὥς
2765 3840 2912 3897 φασι.
2942 3818 3064 3890 περὶ
3090 3820 3183 3880 τὰς
3228 3820 3411 3873 δκατὸν
3465 3817 3756 3893 χιλιάδας,

345 3914 456 3971 tor,
489 3912 617 3977 ejus
646 3916 853 3964 conatu
873 3910 1403 3981 intellecto,legatis
1432 3911 1631 3965 missis
1658 3912 1800 3981 petit
1830 3916 1893 3964 ut
1924 3928 1939 3963 ε

2163 3909 2191 3960 εὶ
2252 3906 2472 3969 πλοίοις
2530 3906 2822 3982 ἐγχωρίοις
2880 3913 2994 3968 τοῖς
3056 3906 3370 3983 λεγομένοις
3431 3906 3757 3979 μονοξύλοις

347 3998 530 4054 armis
551 3998 1134 4072 discedat,pollicitus
1149 4016 1210 4054 se
1225 4000 1506 4070 quidquid
1526 4007 1825 4071 peccatum
1842 4016 1941 4054 esst

2162 3992 2365 4051 ’.ϐαλὼν
2426 3998 2561 4051 κατὰ
2614 4004 2714 4065 τῆς
2765 3994 2982 4058 πόλεως
3025 3996 3245 4069 ἐξορμᾷ.
3276 4000 3445 4050 Τοῦτο
3507 3998 3693 4068 μαθὼν
3729 3997 3756 4051 6

345 4089 1069 4159 compensaturum,modo
1094 4106 1163 4142 ne
1188 4088 1435 4160 ipselevi
1464 4089 1533 4143 de
1568 4105 1743 4143 causa
1777 4091 1929 4157 totja

2160 4084 2365 4147 ισιλευς
2423 4085 2627 4158 πέμπει
2688 4086 2779 4157 μὲν
2844 4080 3194 4159 πρεσϐευτὰς,
3254 4082 3475 4154 ἐξαιτῶν
3526 4084 3754 4139 κατοιθὲ-

344 4192 446 4247 per
476 4193 659 4231 annos
678 4177 945 4232 coalitam
969 4195 1169 4246 pacem
1197 4196 1259 4231 ru
1273 4185 1493 4244 mperet
1507 4184 1827 4249 gentesque
1845 4179 1932 4233 bel

2162 4196 2224 4235 lat
2255 4176 2322 4229 τὰ
2349 4172 2495 4229 ὅπλα
2525 4174 2614 4229 καὶ
2650 4174 3081 4249 ὑπισχνούμενος
3114 4172 3417 4245 ἐξιάσασθαι
3471 4172 3522 4228 εἷ’
3572 4194 3624 4227 τι
3687 4172 3756 4243 δὴ

345 4265 912 4321 committeret.Cum
948 4272 1141 4321 autem
1177 4268 1458 4321 barbarus
1493 4267 1706 4321 litteris
1739 4275 1939 4338 accept

2160 4265 2193 4317 ιί
2251 4262 2469 4338 γέγονεν
2526 4262 2752 4332 ἄτοπον,
2810 4263 2900 4317 καὶ
2962 4264 3038 4335 μὴ
3099 4259 3187 4316 διὰ
3242 4261 3435 4336 μικρὸν
3498 4260 3754 4328 ἰθελῆσαι

346 4353 569 4423 legatos
595 4354 986 4427 ignominiose
1010 4355 1701 4427 proturbarel,responsis
1725 4357 1940 4427 superb

2163 4358 2332 4427 >ᾶγμα
2363 4354 2461 4421 τὴν
2516 4352 2574 4406 ἐκ
2638 4356 2846 4425 μακροῦ
2895 4352 3252 4425 παγιωθεῖσαν
3300 4347 3550 4404 διαλῦσαι
3609 4350 3757 4425 ε”ρή-

347 4442 1179 4516 datis,imperator,desperata
1211 4445 1503 4515 pace,ipse
1537 4462 1770 4516 quoque
1803 4462 1863 4500 se
1894 4463 1941 4516 pi

2160 4464 2202 4511 3v
2250 4442 2338 4496 καὶ
2381 4441 2447 4496 τὰ
2495 4439 2617 4508 ἔθνη
2671 4446 2790 4494 κατ’
2821 4438 3088 4510 ἀλλήλων
3144 4439 3362 4512 ἀνάψαι·
3402 4437 3515 4493 ἐπεὶ
3569 4436 3625 4493 δὲ
3667 4436 3754 4493 δε‹

347 4530 575 4587 viribus
598 4532 746 4587 bello
787 4539 967 4604 parat.
1002 4533 1302 4605 Scythicos
1325 4533 1718 4605 negotiatores
1758 4535 1812 4587 in
1852 4536 1941 4589 uri

2156 4534 2333 4601 ἱμενος
2382 4528 2541 4591 αὐτὸς
2595 4530 2660 4582 τα
2700 4529 2998 4603 γράμματα
3059 4528 3184 4588 τούς
3234 4548 3290 4581 τε
3322 4522 3574 4599 πρέσϐεις
3632 4527 3750 4581 ἀτί-

414 4582 741 4587 ’“-⁷”””⁷“’⁷“
787 4582 967 4604 r"""
1004 4582 1100 4605 ’νιν
1122 4582 1299 4588 ⁷’“““’“’”
1328 4582 1716 4605 “”ἰ’7“””“““⁷““⁷“’
1761 4582 1811 4587 ’⁸⁷
1854 4582 1945 4589 ““’“

351 4620 505 4675 552
557 4622 856 4692 degentes,
918 4639 1021 4676 nec
1099 4639 1210 4676 non
1262 4622 1358 4693 qui
1414 4629 1477 4675 ut
1524 4623 1664 4677 socii
1727 4626 1939 4677 aderan

2156 4640 2224 4679 ως
2256 4616 2442 4687 ἐδίωξε
2470 4619 2558 4671 καὶ
2617 4582 2996 4693 ὑπερηφάνους
3034 4616 3123 4669 καὶ
3182 4611 3416 4690 σοϐαρὰς
3474 4613 3750 4671 ἀπέδωκεν

353 4725 454 4781 per
485 4710 810 4779 provincias
859 4709 914 4764 in
952 4711 1276 4765 custodiam
1329 4711 1557 4773 dividit,
1613 4729 1680 4765 ne
1739 4729 1864 4782 quae
1923 4730 1947 4766 a

2155 4704 2431 4780 πολογίας,
2470 4705 2798 4781 ἀπεγνωκὼς
2843 4707 2870 4758 6
2925 4702 3181 4777 βασιλεὺς
3224 4706 3325 4773 τὴν
3386 4703 3607 4777 εἰρήνην
3658 4704 3749 4758 καὶ

351 4798 499 4870 ipsis
531 4799 686 4853 domi
722 4804 919 4854 essent
954 4800 1279 4855 metuendae
1334 4799 1578 4854 insidiis.
1642 4800 1787 4854 Tum
1824 4801 1945 4855 ad01

2156 4794 2264 4857 31:6:
2312 4795 2384 4855 ὡς
2447 4792 2569 4863 ἐνῆν
2627 4794 3125 4867 ἀντιπαρετάττετο.
3161 4795 3241 4865 [Ρ.
3277 4795 3403 4863 759]
3458 4793 3562 4848 Καὶ
3618 4793 3750 4856 τοὺς

348 4887 525 4953 natis,
558 4893 842 4957 quantum
877 4890 1005 4958 ejus
1056 4904 1309 4959 praeceps
1358 4889 1585 4943 occasio
1642 4891 1720 4944 rei
1756 4889 1942 4944 fereba

2153 4884 2203 4937 ὲν
2237 4881 2604 4954 ἐνδημοῦντας
2638 4887 2705 4955 τῇ
2742 4879 2979 4958 βασιλίδι
3013 4880 3287 4956 ἐμπόρους
3337 4885 3443 4936 τῶν
3503 4884 3747 4952 Σκυθῶν,

348 4976 747 5047 imperatoriis
779 4976 1122 5031 triremibus
1160 4976 1409 5047 aliisque
1457 4975 1683 5031 levibus
1724 4978 1933 5049 navigii

2155 4992 2179 5024 Tt
2240 4970 2297 5024 δὲ
2353 4972 2443 5025 καὶ
2495 4971 2625 5032 τοὺς
2654 4971 2789 5025 κατὰ
2821 4970 3142 5045 συμμαχίαν
3176 4971 3444 5045 παρόντας
3495 4967 3749 5045 διασκορ-

347 5070 403 5119 et
435 5066 727 5136 impositis
759 5065 816 5119 in
863 5082 960 5120 eas
994 5066 1090 5135 qui
1125 5082 1153 5120 e
1188 5065 1471 5120 militibus
1530 5083 1594 5120 ea
1654 5073 1933 5136 tempesta

2154 5063 2266 5125 ίσας
2326 5062 2376 5117 ἐν
2431 5068 2548 5124 τοῖς
2609 5064 2821 5135 θὲμασι,
2882 5061 2972 5116 καὶ
3032 5061 3470 5134 ἀσφαλισάμενος
3522 5059 3617 5115 ’ίνα
3672 5063 3748 5134 μὴ

348 5154 598 5226 Byzantii
636 5155 947 5225 agentibus
992 5154 1099 5225 legi
1163 5159 1429 5225 poterant
1485 5154 1828 5220 classiariis,
1870 5156 1942 5226 ips

2155 5152 2190 5204 ιὶ
2242 5152 2346 5207 ἀπὸ
2404 5157 2510 5205 τῶν
2557 5149 2711 5207 ’ἐνδον
2781 5146 3052 5220 ἐπιϐουλή
3113 5172 3196 5212 τις
3254 5150 3536 5225 ἀνεγιρθῇ,
3596 5151 3671 5211 ὡς
3723 5152 3749 5205 6

346 5259 579 5314 quoque
613 5260 932 5297 conscensa
964 5242 1151 5297 celoce
1174 5259 1281 5296 sua
1330 5243 1601 5297 Barbaris
1651 5243 1901 5298 occurrit
1932 5245 1940 5297 i

2155 5242 2289 5315 ιιρὸς
2349 5238 2529 5296 ἐδίδου
2581 5241 2670 5296 καὶ
2727 5241 2789 5295 τὸ
2846 5244 2942 5294 τοῦ
2995 5237 3157 5313 ἔργου
3189 5239 3506 5315 ὀξύρροπον,
3537 5241 3634 5301 τάς
3694 5262 3749 5295 τε

347 5331 616 5386 faucibus
652 5332 830 5385 maris
863 5331 932 5383 ad
988 5330 1239 5384 Pharum
1267 5334 1578 5386 stationem
1613 5331 1941 5387 habentihn;

2152 5327 2390 5394 ισιλικὰς
2418 5328 2701 5407 ἐξαρτύσας
2728 5331 2972 5405 τριήρεις
3022 5328 3111 5382 καὶ
3171 5326 3343 5389 ἄλλας
3400 5327 3498 5382 οὐκ
3548 5326 3746 5404 ὀλίγας

340 5420 508 5490 juxta
545 5438 646 5492 per
687 5419 1086 5476 continentem
1139 5420 1456 5474 comitante
1508 5422 1770 5491 equitatu
1832 5421 1934 5476 hat

2154 5419 2204 5472 τὸ
2234 5424 2339 5473 τῶν
2374 5418 2649 5475 εὐσταλῶν
2706 5418 2797 5473 καὶ
2853 5416 3093 5493 κούφων,
3123 5415 3213 5470 καὶ
3263 5414 3397 5471 λαοῦ
3444 5414 3748 5491 πληρώσας

344 5509 575 5581 exiguo.
612 5509 904 5564 Instructa
937 5508 1214 5579 utrinque
1245 5508 1313 5563 ad
1343 5524 1596 5580 pugnam
1630 5508 1815 5565 classe
1846 5529 1938 5567 net

2151 5507 2203 5561 τὸ
2250 5511 2358 5561 τῶν
2398 5506 2823 5584 παρατυχόντων
2876 5504 2926 5560 ἰν
2970 5505 3246 5576 Βυζαντίῳ
3303 5505 3423 5559 τότε
3477 5524 3745 5581 στρατιω·

346 5601 437 5652 tra
470 5616 604 5667 pars
648 5596 908 5669 praelium
942 5597 1279 5669 incipiebat,
1327 5596 1557 5669 Scythis
1606 5599 1761 5655 intra
1811 5617 1940 5657 occu

2153 5600 2225 5664 ὸν,
2256 5596 2345 5650 καὶ
2403 5596 2573 5666 αὐτῆς
2625 5596 2783 5657 οὗτος
2841 5598 2921 5668 τῷ
2981 5592 3247 5670 βασιλικῷ
3276 5588 3466 5657 ἐπιϐὰς
3493 5590 3747 5668 δρόμωνι

344 5690 546 5756 patum
584 5692 815 5759 portum
868 5704 930 5743 se
984 5684 1442 5756 continentibus,
1483 5692 1540 5743 et
1576 5689 1852 5746 Romanis
1884 5705 1938 5747 ec

2148 5704 2254 5749 εισι
2327 5684 2415 5741 καὶ
2480 5690 2596 5749 τοῖς
2672 5684 2905 5747 Σκύθαις
2978 5680 3288 5753 ἄπαντιάζει
3341 5682 3478 5739 κατὰ
3524 5684 3586 5739 τὸ
3641 5691 3742 5741 τοῦ
