4036 6194
321 321 448 381 285

1473 308 2013 371 HISTORIARUM
2062 304 2602 368 COMPENDIUM.

3622 286 3739 347 286

328 449 543 505 Πόντου
604 445 775 518 στόμα
836 443 887 498 ἐν
945 448 1026 516 τῷ
1082 442 1367 518 λεγομένῳ
1422 439 1755 516 ναυλοχοῦσι
1797 437 1982 512 Φάρῳ,

2119 456 2231 493 ὐῐη
2263 442 2483 491 motum
2519 427 3173 505 exspectantibus.Cum
3198 429 3430 495 tempus
3458 423 3744 476 tereretur

330 536 719 609 παρεπομένην
773 528 918 607 ἔχων
980 529 1067 584 διὰ
1090 537 1188 598 τῆς
1223 531 1386 603 ξηρᾶς
1420 532 1508 583 καὶ
1545 530 1775 597 ἱππικὴν
1828 548 1985 600 στρα-

328 628 451 679 τιὲιν
515 626 613 677 οὐκ
665 622 881 695 ὀλίγην.
932 621 1082 675 Ἐπεὶ
1142 617 1197 672 δὲ
1255 618 1623 691 ἀντιμέτωποι
1657 615 1883 687 ἔστησαν
1935 618 1989 670 αἱ

332 714 613 786 δυνάμεις,
672 711 831 787 ἔργου
895 711 987 783 μὶν
1040 707 1319 783 οὐδέτερον
1379 710 1540 782 μέρος
1569 707 1790 776 ἥπτετο·
1852 705 1904 760 ο’ί
1934 727 1991 760 τε

329 803 439 878 γάρ
514 799 713 862 Σκύθαι
794 798 881 851 ἐπὶ
948 802 1043 852 τοῦ
1118 795 1341 869 λιμένος
1420 792 1543 851 ἔνθα
1625 797 1988 870 προσώρμουν

332 891 569 949 ἑστῶτες
626 889 861 960 ἡσυχίαν
912 889 1069 963 ἦγον,
1128 888 1215 941 καὶ
1272 888 1298 940 ὁ
1362 885 1612 961 βασιλεὺς
1645 886 1741 952 τήν
1775 884 1989 938 ἐκείνων

330 980 663 1055 προσμένων
743 978 957 1045 κίνησιν
1032 977 1323 1051 ἐκαρτέρει.
1403 976 1549 1031 Ἐπεὶ
1608 972 1665 1027 δὶ
1723 975 1750 1026 ὁ
1806 973 1992 1046 καιρὸς

332 1063 584 1144 ἐτρίϐετο
632 1067 721 1120 καὶ
776 1069 810 1135 ὴ
867 1066 982 1141 ὣρα
1036 1067 1103 1134 ἦν
1160 1066 1292 1140 πρὸς
1325 1065 1443 1138 ὀψὲ,
1501 1059 1808 1138 πρέσϐειςὸ
1845 1061 1993 1135 βασι-

336 1158 471 1219 λεὺς
526 1156 692 1211 πάλιν
750 1154 1011 1226 ἐκπέμπει
1046 1155 1169 1229 περὶ
1226 1153 1465 1228 εἰρήνης,
1515 1151 1605 1205 καὶ
1663 1149 1826 1204 πάλιν
1879 1149 1996 1203 ἀτί-

342 1268 465 1319 μως
518 1245 832 1316 ἀποπέμπει
886 1242 1112 1305 τούτους
1170 1244 1197 1296 ὁ
1250 1235 1522 1316 βάρϐαρος
1558 1284 1570 1307 ,
1634 1238 1898 1311 μηνύσας,
1952 1236 2003 1291 εἷ’

343 1336 609 1409 βούλεται
663 1338 744 1405 τῷ
806 1331 1024 1405 βασιλεῖ
1093 1331 1409 1392 καταθέσθαι
1466 1329 1533 1382 τὰ
1589 1327 1755 1390 ὅπλα,
1814 1324 1997 1380 δοῦναι

340 1425 501 1479 παντὶ
537 1428 616 1495 τῷ
669 1422 917 1494 ἑπομένῳ
975 1420 1119 1491 αὐτῷ
1152 1423 1363 1494 στρατῷ
1394 1419 1491 1473 ἀνα
1523 1416 1755 1492 χρυσίου
1814 1414 2000 1490 λίτρας

337 1520 514 1588 τρεῖς.
578 1511 904 1586 Ἀμηχάνου
959 1507 1015 1563 δὲ
1063 1509 1313 1587 φανείσης
1345 1515 1443 1577 τῆς
1495 1506 1830 1581 ἀπλκρίσεως
1864 1503 2001 1578 ἔγνω

344 1597 674 1675 δεῖν,ἕργου
732 1600 971 1675 ἔχεσθαι.
1031 1600 1119 1660 Ὠς
1179 1596 1223 1653 δ’
1284 1598 1473 1652 ἐκεῖνοι
1534 1597 1766 1671 ἀτρέμας
1823 1600 2000 1670 εἶχον,

351 1690 847 1765 μεταστειλάμενος
881 1690 908 1743 ὁ
945 1687 1197 1763 βασιλεὺς
1241 1688 1330 1743 τὸν
1365 1688 1659 1761 μάγιστρον
1719 1684 1999 1741 Βασίλειον

347 1789 445 1843 τὸν
507 1785 920 1858 Θεοδωροκάνον
981 1791 1123 1861 τρεῖς
1183 1784 1462 1861 εἷκηςρέναι
1520 1785 1840 1857 προστάττει
1888 1803 2004 1855 τρι·
2043 1815 2088 1879 Β

358 1880 387 1929 ἤ

378 1880 510 1949 ipsi;
546 1872 823 1950 δρομάδας
851 1874 941 1929 καὶ
977 1874 1229 1937 ἀπελθεῖν
1262 1874 1351 1927 καὶ
1404 1871 1864 1945 ἀποπειράσασθαι
1906 1876 2013 1926 τῶν

366 1971 616 2036 Σκυθῶν,
675 1961 823 2038 εἶίπερ
887 1961 1138 2032 δυνηθείη
1192 1957 1691 2036 ἀκροϐολιζόμενος
1732 1962 1865 2035 πρὸς
1913 1960 2013 2015 πό-

362 2054 534 2128 λεμον
568 2052 764 2114 αὐτοὺς
826 2053 1244 2108 σπισπάσασθαι.
1302 2053 1359 2105 Ὀ
1413 2047 1469 2105 δὲ
1497 2051 1590 2112 τὰς
1647 2052 1888 2124 τριήρεις
1946 2050 2016 2104 εἰ·

363 2142 559 2219 ληςρὼς
605 2142 695 2197 καὶ
727 2142 863 2217 πρὸς
914 2140 1039 2203 τοὺς
1093 2141 1299 2204 Σκύθας
1325 2140 1616 2216 γενόμενος
1646 2140 1710 2193 ού
1750 2136 1818 2193 δι’
1848 2138 2013 2214 ἀκρο-

359 2228 636 2306 εολισμοῦ
684 2238 783 2301 τῆς
840 2231 1016 2286 αύτῶν
1082 2230 1407 2305 ἀπεπειρᾶτο
1465 2230 1709 2304 γνώμης,
1770 2226 1894 2282 ἀλλ’
1938 2227 2012 2288 εἷς

361 2322 560 2393 μέσους
608 2323 797 2377 ἑαυτὸν
850 2320 1067 2389 ῶθγςσας
1116 2322 1249 2374 ἑπτά
1312 2320 1403 2391 μὲν
1462 2320 1636 2395 σκάφη
1688 2322 1765 2388 τῷ
1825 2338 2012 2370 σκευα-

356 2417 469 2482 στῷ
521 2410 843 2488 καταφλέγει
897 2409 1050 2483 πυρὶ,
1082 2408 1205 2483 τρία
1264 2406 1322 2462 δὲ
1380 2406 1646 2480 αὔτανδρα
1686 2404 2011 2459 καταποντί-

360 2506 459 2569 ζει.
524 2501 811 2573 Χειροῦται
849 2496 905 2552 δὶ
952 2498 1038 2551 καὶ
1086 2494 1140 2550 ἓν
1175 2495 1332 2557 αὐτὸς
1387 2493 1723 2565 εἰσπηδήσας
1756 2494 1831 2555 εἷς
1861 2492 2013 2565 αὐτὸ,

356 2597 446 2651 καὶ
500 2603 609 2651 τῶν
663 2594 812 2651 ἔνδον
868 2595 958 2656 οὓς
1024 2595 1117 2666 μὲν
1178 2594 1503 2670 ἀποσφάξας,
1562 2592 1653 2654 οὓς
1689 2590 1861 2647 δὲκαὶ
1894 2612 2017 2667 τρο-

358 2687 704 2757 πωσάμενος,
762 2687 859 2752 τὴν
918 2684 1134 2756 τόλμην
1204 2682 1646 2758 καταπλαγέντας
1704 2682 1888 2736 αὐτοῦ.
1950 2682 2017 2737 υἱ

362 2774 418 2829 δὶ
472 2776 697 2841 Σκύθαι,
745 2775 832 2828 καί
892 2776 980 2827 τὸν
1025 2772 1249 2847 βασιλέα
1295 2770 1403 2842 ἤδη
1434 2773 1662 2847 ὁρῶντες
1717 2769 2016 2845 ἐρχόμενον

362 2866 456 2917 συν
496 2865 654 2919 παντὶ
685 2869 765 2935 τῷ
796 2862 998 2935 στόλῳ,
1024 2863 1113 2916 καὶ
1147 2861 1526 2935 λογισάμενοι,
1582 2861 1713 2934 ὅπερ
1743 2862 1810 2929 ἦν
1848 2860 2015 2931 εἰκὸς,

364 2952 409 3007 εί
468 2958 695 3007 τοιαῦτα
762 2952 1059 3006 πεπόνθασι
1128 2952 1273 3025 τρισὶ
1342 2952 1618 3025 τριήρεσιν
1677 2949 2016 3010 ἀντιστάντες

364 3041 741 3114 πολεμούσαις
778 3085 791 3107 ,
842 3041 893 3095 τί
951 3042 1013 3094 ἂν
1069 3042 1290 3103 πάθοιεν
1351 3040 1666 3114 βιαζόμενοι
1720 3038 1879 3092 παντὶ
1936 3042 2017 3109 τῷ

363 3130 545 3202 στόλῳ
604 3131 1030 3202 συμπλέκεσθαι,
1095 3125 1404 3201 ἀπέϐλεψαν
1463 3129 1599 3203 πρὸς
1666 3130 1863 3205 φυγὴν,
1922 3127 2011 3180 καὶ

359 3220 435 3284 ἐς
482 3221 649 3274 τόπον
710 3218 1099 3296 ἀπορῥιφέντες
1162 3216 1463 3279 σκοπέλους
1520 3213 1717 3292 ἔχοντα
1773 3217 1859 3270 καὶ
1912 3215 2008 3270 πέ-

355 3330 487 3383 τρας
542 3308 786 3385 ὑφάλους
842 3308 908 3363 τὰ
958 3305 1133 3362 πλείω
1188 3312 1296 3361 τῶν
1374 3312 1591 3383 σκαφῶν
1652 3301 2012 3371 ἀπεϐάλοντο,

357 3397 747 3469 ἐπιτιθεμένων
780 3398 992 3457 τούτοις
1055 3397 1161 3450 ἀπὸ
1206 3402 1304 3464 τῆς
1356 3398 1522 3469 ξηρᾶς
1567 3395 1793 3448 καὶτῶν
1841 3414 2011 3467 παρα-

360 3488 745 3559 πορευομένων
820 3489 1162 3558 στρατιωτῶν
1218 3484 1308 3537 καὶ
1380 3482 1739 3537 ἀπολλύντων
1796 3482 2010 3553 αὐτοὺς,

357 3584 433 3645 ὡς
492 3585 779 3658 εὑρεθῆναι
851 3582 983 3655 μετά
1041 3586 1207 3636 ταῦτα
1260 3580 1482 3654 νεκροὺς
1542 3579 1900 3654 ἐρῥιμμένους
1959 3580 2010 3633 ἐν

354 3678 471 3733 τοῖς
502 3670 780 3746 αἰγιαλοῖς
814 3672 951 3748 ἀμφὶ
983 3672 1074 3731 τὰς
1105 3672 1161 3724 ιε’
1211 3667 1494 3744 χιλιάδας.
1534 3671 1592 3725 Ὀ
1655 3670 1748 3740 μὶν
1783 3669 1871 3723 οὖν
1911 3669 2011 3741 βα-

358 3760 542 3821 σιλεὺς
588 3761 724 3830 μετα
781 3762 881 3828 τὴν
932 3764 1040 3812 τῶν
1102 3752 1321 3822 Σκυθῶν
1379 3759 1545 3826 ἧτταν
1604 3756 1685 3834 ἐφ’
1741 3755 1872 3818 ὅλας
1915 3754 2010 3810 δύο

356 3848 692 3921 προσμείνας
770 3847 1004 3920 ἡμέρας,
1078 3848 1215 3901 κατὰ
1286 3848 1385 3915 τήν
1439 3846 1627 3920 τρίτην
1684 3846 2009 3921 ὑπέστρεψεν

359 3940 435 4000 εἰς
494 3940 593 4005 την
660 3934 938 4011 βασιλίδα,
972 3935 1067 3991 δύο
1123 3937 1367 4009 τάγματα
1420 3935 1736 3989 καταλιπὼν
1795 3935 2010 3997 καὶτὰς

359 4025 658 4102 λεγομένας
720 4024 1008 4100 ἑταιρείας,
1061 4026 1147 4101 ὑφ’
1206 4025 1438 4099 ἡγεμόνι
1493 4024 1795 4095 ταττόμενα
1852 4031 2011 4077 Νικο-

360 4116 479 4186 λάῳ
535 4119 618 4186 τῷ
675 4114 1159 4187 παρακοιμωμένῷ
1190 4116 1274 4187 [Ρ.
1303 4116 1429 4188 760]
1483 4113 1572 4167 καὶ
1605 4112 1871 4184 Βασιλείῳ
1907 4134 2007 4184 μα-

355 4204 558 4278 γίστρῳ
626 4200 1208 4277 τῷ’Θεοδωροκάνῳ,
1286 4201 1367 4276 ἐφ’
1422 4203 1467 4275 ᾧ
1531 4200 1657 4263 τοὺς
1725 4200 2007 4275 αἰγιαλοὺς

357 4291 667 4346 ἐπισκοπεῖν
729 4292 818 4344 καὶ
868 4292 1225 4365 παρατρέχειν
1303 4291 1394 4345 καὶ
1449 4289 1810 4364 φυλάττεσθαι
1843 4332 1859 4360 ,
1930 4292 2004 4361 μή

358 4403 439 4442 τις
497 4376 763 4441 ἀπόϐασις
824 4380 1047 4453 γένηται
1099 4384 1207 4433 τῶν
1255 4374 1570 4454 Βαρϐάρων,
1631 4379 1722 4432 τὸν
1752 4377 1809 4433 δί
1834 4377 2009 4432 πάντα

364 4470 555 4523 στόλον
576 4470 713 4523 κατὰ
758 4470 848 4523 τὸν
905 4469 1084 4543 Φάρον
1118 4467 1439 4543 προσμένειν
1471 4466 1750 4527 κελεύσας.
1822 4466 1917 4519 Καὶ
1978 4467 2006 4520 ὁ

2099 533 2155 581 et
2186 528 2255 581 ad
2311 541 2609 596 vesperam
2664 523 2788 576 dies
2854 517 3185 581 inclinaret,
3239 528 3473 566 rursum
3527 509 3745 577 legatos

2100 618 2171 670 de
2204 633 2341 687 pace
2375 615 2553 667 mittit
2586 612 2921 681 imperator,
2947 621 3163 675 eosque
3182 616 3414 655 rursum
3441 604 3743 652 contume-

2103 706 2243 759 liose
2277 706 2564 757 barbarus
2598 700 2803 769 reiicit,
2840 714 2951 751 non
2988 694 3156 748 aliter
3211 706 3273 745 se
3323 704 3484 743 arma
3520 684 3748 755 deposi-

2104 801 2301 849 turum
2329 793 2666 863 significans
2691 804 2866 859 quam
2894 782 3145 853 acceptis
3170 780 3226 834 in
3248 777 3481 849 singula
3506 788 3749 828 suorum

2104 882 2537 937 classiariorum
2574 879 2767 948 capita
2810 875 2997 928 tribus
3055 870 3177 925 auri
3229 867 3418 923 libris.
3467 865 3628 929 Quod
3666 877 3754 915 re-

2105 989 2389 1042 aponsum
2441 987 2570 1023 cum
2607 969 2827 1020 videret
2857 976 3089 1018 summe
3121 957 3465 1020 absurdum,
3500 954 3751 1021 impera-

2105 1040 2195 1114 tor
2228 1075 2422 1130 pugna
2445 1056 2874 1111 decernendum
2900 1045 3522 1114 statuit.Barbarisque
3547 1040 3752 1095 etiam-

2109 1166 2246 1203 num
2282 1146 2743 1219 quiescentibus,
2774 1148 2971 1196 vocatu
3004 1139 3073 1192 ad
3127 1153 3187 1190 se
3222 1134 3502 1205 magistro
3539 1126 3752 1184 Basilio

2108 1247 2562 1301 Theodorocano
2609 1242 2843 1295 mandat
2896 1244 2959 1292 ut
3028 1251 3159 1290 cum
3208 1234 3397 1288 tribus
3455 1226 3750 1282 velocibus

2109 1336 2446 1390 triremibus
2524 1332 2632 1386 levi
2697 1346 2892 1401 pugna
2948 1325 3189 1398 Scythas
3233 1324 3417 1375 tentet
3462 1323 3633 1387 atque
3678 1313 3750 1368 ad

2112 1424 2374 1496 przelium
2411 1417 2966 1493 provocet.Basillus
2998 1412 3249 1483 acceptis
3278 1407 3616 1464 triremibus
3638 1417 3754 1458 non

2111 1513 2218 1568 levi
2272 1514 2465 1583 praelia
2504 1528 2701 1565 eorum
2756 1508 2985 1562 animos
3030 1502 3311 1573 explorat,
3371 1498 3469 1552 sed
3523 1496 3575 1548 in
3632 1510 3753 1547 me-

2113 1603 2239 1656 dios
2276 1582 2451 1657 7553
2504 1601 2701 1652 hostes
2772 1598 3032 1649 invectus
3077 1596 3297 1660 septem
3358 1600 3531 1640 naves
3581 1582 3758 1635 artiﬁ-

2114 1693 2270 1747 cioso
2305 1692 2437 1761 igne
2482 1691 2726 1751 cremat,
2761 1692 2875 1738 tres
2902 1698 3033 1737 cum
3096 1679 3240 1751 ipsis
3288 1672 3618 1729 vectoribus
3667 1671 3761 1724 de-

2123 1780 2354 1851 mergit,
2389 1794 2619 1848 unaque
2652 1776 2887 1848 potitur,
2942 1772 2998 1824 in
3031 1785 3157 1824 eam
3193 1765 3461 1820 insiliens
3508 1766 3563 1816 et
3610 1759 3759 1814 clas-

2123 1868 2328 1924 siarios
2387 1868 2599 1937 partim
2660 1865 2909 1929 caedetis,
2990 1858 3199 1930 partim
3273 1852 3518 1909 audacia
3575 1848 3762 1921 ipsius

2126 1958 2460 2029 perterritos
2508 1956 2737 2022 fugatis.
2793 1951 3016 2022 Scythas
3073 1964 3202 2001 cuin
3257 1943 3530 1998 universa
3575 1938 3763 1993 classe

2124 2049 2392 2101 accedere
2422 2046 2832 2114 imperatorem
2859 2042 3143 2103 videntes,
3177 2039 3351 2103 atque
3398 2031 3454 2085 id
3482 2029 3635 2101 quod
3674 2042 3763 2081 res

2122 2141 2246 2191 erat
2276 2134 2622 2205 cogitantes,
2657 2148 2786 2185 cum
2836 2145 2904 2183 ne
2938 2128 3115 2181 trium
3159 2124 3395 2195 quidem
3433 2117 3761 2174 triremium

2124 2224 2555 2280 sustinuissent
2593 2221 2901 2291 impetum,
2946 2215 3086 2287 quid
3128 2217 3471 2267 eventurum
3527 2210 3681 2261 esset
3716 2204 3765 2259 si

2124 2332 2256 2368 cum
2290 2318 2410 2366 tota
2437 2311 2623 2366 classe
2646 2306 3075 2378 confligendum
3102 2304 3264 2368 foret,
3292 2300 3487 2369 fugam
3521 2294 3761 2360 faciunt,

2125 2418 2181 2467 et
2204 2412 2345 2466 sein
2382 2411 2571 2464 locum
2609 2408 2991 2461 immittentes
3031 2419 3167 2457 saxa
3216 2415 3281 2453 ac
3323 2395 3594 2467 scopulos
3653 2392 3763 2447 sub

2131 2501 2274 2555 mari
2328 2498 2734 2554 delitescentes
2807 2494 3119 2548 habentem
3196 2488 3503 2560 plerasque
3592 2495 3767 2537 naves

2131 2591 2402 2660 perdunt.
2437 2587 2545 2642 Sed
2579 2591 2635 2641 et
2668 2583 2883 2639 milites
2914 2599 2943 2635 e
2973 2576 3296 2634 continenti
3328 2592 3425 2630 eos
3454 2572 3763 2636 invadunt,

2130 2666 2516 2745 magnamque
2543 2682 2797 2744 stragem
2833 2671 3033 2724 edunt.
3065 2671 3213 2721 Sane
3264 2664 3609 2719 cadaverum
3662 2657 3765 2711 ho-

2125 2768 2347 2822 stilium
2378 2766 2433 2819 in
2470 2764 2660 2817 littore
2680 2763 2913 2814 inventa
2937 2764 3075 2812 sunt
3099 2753 3404 2826 postmodo
3427 2746 3761 2821 quindecim

2128 2856 2360 2912 circiter
2390 2854 2596 2908 millia.
2632 2851 2936 2922 Superatis
2970 2847 3075 2901 hoc
3111 2848 3276 2915 pacto
3299 2840 3551 2913 Scythis,
3579 2838 3760 2907 impe-

2128 2954 2284 3000 rator
2331 2951 2515 2998 totum
2578 2941 2821 2995 biduum
2883 2938 2959 2991 ibi
3035 2935 3292 2989 locorum
3365 2931 3760 2986 commoratus

2127 3034 2291 3087 tertio
2326 3031 2416 3086 die
2449 3029 2791 3103 Byzantium
2825 3026 3019 3087 rediit,
3054 3024 3284 3077 duabus
3327 3018 3656 3088 legionibus
3711 3020 3765 3069 et

2128 3138 2301 3192 quam
2334 3126 2542 3174 vocant
2566 3117 2905 3172 sodalitates
2957 3112 3195 3179 relictis,
3238 3109 3488 3163 ducibus
3528 3104 3762 3159 Nicolao

2126 3209 2482 3266 cubiculario
2548 3212 2604 3262 et
2664 3207 2945 3276 magistro
3022 3199 3235 3255 Basilio
3314 3196 3763 3253 Tticodorocano

2127 3302 2399 3355 mandato
2434 3306 2494 3353 ut
2525 3314 2686 3352 oram
2721 3294 3075 3349 maritimam
3134 3286 3516 3348 custodirent,
3580 3296 3765 3351 neque

2124 3388 2559 3444 exscensionem
2596 3387 2781 3438 facere
2828 3381 3114 3436 Barbaros
3177 3378 3532 3447 paterentur,
3584 3377 3765 3440 utque

2126 3483 2250 3532 tota
2282 3475 2489 3531 classis
2539 3473 2691 3545 apud
2742 3471 2996 3524 Pharum
3051 3469 3107 3521 in
3160 3464 3416 3521 statione
3467 3464 3642 3515 esset.
3697 3457 3765 3512 Hi

2125 3566 2342 3630 littora,
2373 3570 2432 3619 ut
2455 3563 2608 3634 jussi
2642 3566 2828 3626 erant,
2864 3558 3314 3619 circumeuntes,
3341 3568 3456 3621 qua
3486 3549 3767 3604 cadavera

2124 3655 2513 3709 Barbarorum
2548 3656 2722 3705 aestus
2740 3651 3012 3719 ejecerat,
3050 3645 3265 3715 ingenti
3296 3642 3489 3711 praeda
3513 3655 3578 3692 ac
3627 3652 3762 3705 spo-

2121 3744 2216 3799 liis
2260 3744 2425 3813 potiti
2476 3748 2636 3795 sunt.
2685 3739 2889 3792 Verum
2944 3734 3156 3805 viginti
3206 3736 3459 3801 quatuor
3496 3727 3766 3782 triremes

2124 3834 2418 3894 Romanae,
2447 3830 2598 3885 554
2632 3830 2841 3881 avulsae
2874 3825 2945 3878 ab
2980 3823 3204 3892 reliqua
3234 3819 3443 3884 classe,
3478 3815 3767 3888 fugientes

2120 3923 2405 3977 Barbaros
2439 3921 2711 3973 insecutae
2743 3930 2961 3985 eosque
2988 3914 3369 3984 praetervecta:
3419 3911 3580 3973 sunt,
3633 3919 3763 3957 cum

2120 4012 2159 4065 ii
2199 4011 2257 4065 in
2281 4009 2592 4081 quemdam
2622 4014 2852 4077 portum
2881 4020 3053 4057 naves
3086 3993 3762 4066 subduxissent.Scythae

2120 4117 2256 4171 ergo
2291 4098 2582 4169 paucitate
2616 4094 2915 4149 hostilium
2955 4092 3188 4145 navium
3220 4087 3474 4158 cognita,
3507 4099 3764 4154 comper-

2120 4196 2296 4260 toque
2330 4204 2439 4241 non
2466 4185 2661 4257 plures
2715 4198 2841 4237 esse
2888 4197 3067 4252 quam
3120 4178 3254 4232 visa:
3309 4180 3494 4243 erant,
3550 4191 3583 4227 a
3634 4187 3763 4242 pro-

2121 4277 2425 4333 montoriis
2457 4274 2527 4330 ab
2578 4279 2824 4342 utraque
2884 4275 3046 4341 parte
3106 4267 3237 4322 sitis
3287 4282 3506 4320 cornua
3562 4266 3762 4315 exten-

2118 4370 2351 4431 derunt,
2377 4372 2433 4421 et
2461 4368 2733 4419 contenta
2758 4362 2847 4415 usi
2911 4358 3290 4429 remigatione
3340 4349 3763 4409 circumvenire

2120 4473 2217 4511 eas
2260 4457 2581 4524 emperunt.
2639 4449 2879 4504 Romani
2945 4446 3131 4517 priore
3176 4444 3373 4498 labore
3439 4434 3764 4508 remigandi

371 4559 460 4626 μὲν
518 4557 771 4631 βασιλεὺς
830 4561 996 4611 ταῦτα
1054 4554 1480 4629 διαπραξάμενος
1540 4554 1789 4625 εἰσῆλθεν
1839 4554 1914 4618 εἰς
1944 4555 2005 4608 τὸ

2121 4542 2585 4616 insequendique
2606 4538 2929 4609 defatigati,
2959 4542 3015 4591 et
3048 4531 3427 4589 multitudine
3457 4527 3763 4584 hostilium

374 4647 673 4714 Βυζάντιον,
736 4646 787 4699 οἱ
846 4645 971 4721 περὶ
1028 4646 1116 4699 τὸν
1158 4644 1652 4720 παρακοιμώμενον
1714 4641 1887 4697 δὲκαὶ
1917 4643 2009 4697 τὸν

376 4731 781 4809 Θεοδωροκάνον
815 4735 941 4795 τοὺς
990 4731 1273 4807 αἲγιαλοὺς
1330 4734 1653 4808 περιιόντες,
1706 4730 1828 4795 ἔνθα
1882 4732 2012 4804 μετὰ

374 4823 467 4887 τὴν
522 4826 729 4897 τροπὴν
780 4818 1071 4895 ἐξεϐράσθη
1120 4823 1187 4876 τὰ
1244 4821 1470 4894 σώματα
1522 4826 1630 4875 τῶν
1690 4815 2007 4895 Βαρϐάρων,

376 4917 580 4988 πολλῆς
658 4919 808 4981 λείας
879 4920 970 4973 καὶ
1045 4918 1258 4973 σκύλων
1332 4919 1579 4994 ἐγένοντο
1646 4917 1844 4989 κύριοι.
1908 4916 2010 4973 Καὶ

377 5010 599 5083 τριήρεις
658 5007 717 5063 δὶ
770 5009 1035 5083 τέσσαρας
1084 5007 1168 5061 ἐπὶ
1228 5007 1398 5063 εἷ’κοσι
1456 5012 1553 5062 τοῦ
1586 5006 1783 5063 λοιποῦ
1812 5004 2011 5080 διαιρε-

376 5095 530 5149 θεῖσαι
570 5096 769 5152 στόλου
832 5095 1050 5151 ε’ίποντο
1110 5100 1364 5173 φεύγουσι
1421 5102 1538 5157 τοῖς
1589 5091 1911 5169 Βαρϐάροις·
1955 5090 2009 5147 ἓν

374 5203 471 5237 τινι
525 5184 580 5240 δὲ
630 5186 830 5258 κόλπῳ
885 5184 1309 5261 ναυλοχούντων
1339 5186 1511 5240 αύτῶν
1540 5183 1823 5260 παρῆλθον
1857 5183 2011 5237 αὗται

381 5268 672 5330 διώκουσαι.
732 5275 833 5330 Καί
864 5275 1084 5350 γνόντες
1116 5276 1167 5329 οἱ
1194 5276 1395 5329 Σκύθαι
1426 5276 1523 5343 τὴν
1554 5274 1873 5348 ὀλιγότητα,
1922 5271 2010 5327 καὶ

376 5358 598 5435 ἀκριϐῶς
640 5359 1049 5425 καταλαϐόντες
1081 5365 1155 5427 ὡς
1201 5366 1264 5418 οὐ
1316 5364 1537 5425 πλείους
1582 5367 1690 5417 τῶν
1751 5360 2008 5439 φαινομέ-

376 5470 473 5502 νων
506 5452 653 5519 eicis,
702 5453 1099 5527 ὑπερκερώσεις
1150 5455 1513 5526 ποιησάμενοι
1572 5452 1676 5506 ἀπὸ
1724 5455 1820 5505 τοῦ
1865 5448 2010 5513 ἔνθεν

378 5538 600 5603 κάκεῖθεν
657 5540 1005 5616 ἀκρωτηρίου
1062 5541 1154 5595 καὶ
1213 5542 1449 5615 συντόνῳ
1505 5545 1573 5615 τῇ
1634 5538 1832 5612 εἰρεσίᾳ
1864 5537 2010 5613 χρώ·

384 5647 522 5695 μενοι
568 5628 821 5685 ἔσπευδον
854 5627 1306 5705 ὶγκολπώσασθαι
1337 5630 1461 5692 τοὺς
1499 5629 1788 5690 ἐναντίους.
1844 5627 1905 5681 Ol
1954 5623 2011 5681 δὲ

2124 4635 2358 4689 navium
2418 4628 2729 4703 perterriti,
2790 4628 2860 4682 ad
2904 4626 3100 4696 fugam
3157 4621 3537 4677 inclinarunt.
3619 4616 3763 4671 Cum

2123 4732 2322 4777 autem
2358 4720 2672 4776 barbarica:
2698 4733 2869 4771 naves
2906 4716 3101 4769 fauces
3133 4712 3298 4767 sinus
3344 4704 3764 4764 circumdedis-

2125 4817 2256 4864 sent
2286 4816 2342 4864 et
2371 4809 2429 4861 in
2462 4810 2649 4861 altum
2682 4810 2836 4859 exire
2868 4821 2979 4857 non
3022 4804 3277 4863 daretur,
3337 4795 3762 4853 Constantinus

2126 4899 2409 4972 patricius
2441 4894 2807 4951 Caballurius
2837 4893 3321 4963 Cibyrrasotarum
3344 4889 3481 4953 dux,
3505 4900 3636 4941 cum
3659 4899 3766 4937 sua

2123 4995 2181 5045 et
2211 4987 2343 5043 aliis
2370 4988 2566 5042 decem
2615 4982 2953 5038 triremibus
2999 4978 3224 5034 fortiter
3276 4977 3333 5031 in
3384 4976 3613 5030 hostem
3667 4988 3766 5042 pu-

2123 5095 2334 5148 gnans,
2378 5073 2644 5130 concisus
2692 5076 2798 5126 est.
2852 5074 3044 5140 Captae
3106 5086 3137 5121 a
3191 5065 3459 5122 Barbarie
3516 5067 3767 5134 quatuor

2123 5178 2393 5229 triremes
2425 5189 2554 5226 cum
2588 5170 2735 5241 ipsis
2761 5168 3112 5231 vectoribus,
3140 5166 3388 5236 ipsaque
3405 5163 3582 5217 etiam
3626 5176 3767 5236 prta-

2124 5266 2272 5319 toria
2304 5263 2488 5318 navis.
2516 5259 2793 5315 Homines
2826 5258 2884 5312 in
2929 5257 2999 5310 iis
3042 5270 3248 5311 omnes
3294 5251 3604 5309 interfecti.
3656 5251 3763 5305 Re-

2122 5354 2293 5425 liqua;
2326 5353 2722 5407 Romanorum
2758 5363 2932 5401 naves
2965 5345 3022 5399 in
3056 5345 3274 5409 brevia,
3305 5342 3501 5398 littora
3550 5341 3767 5394 incom-

2126 5444 2295 5497 moda
2321 5448 2377 5496 et
2401 5456 2540 5494 saxa
2568 5438 2762 5507 ejecta:
2825 5451 2889 5489 ac
2948 5436 3207 5489 contritae
3255 5438 3414 5488 sunt.
3463 5426 3762 5487 Classiarii

2121 5533 2216 5586 alii
2252 5533 2309 5586 in
2366 5545 2520 5600 aqua
2553 5527 2869 5598 perierunt,
2903 5524 2998 5578 alii
3030 5541 3061 5577 a
3086 5521 3355 5578 Barbaris
3376 5520 3462 5574 vel
3483 5514 3763 5572 trucidati

2119 5620 2205 5674 vel
2237 5617 2448 5690 captivi
2478 5614 2715 5672 abducti
2736 5616 2898 5670 sunt.
2934 5612 3295 5684 Saperstites
3322 5606 3484 5674 nudi,
3510 5601 3755 5675 pedites-
