4036 6194
280 336 393 397 287

1634 337 1955 400 GEORGII
1999 336 2341 399 CEDRENI

3569 336 3692 400 288

278 483 392 539 que
427 468 499 523 ad
533 482 776 522 suorum
802 467 1115 523 stationem
1156 467 1473 524 redierunt.
1506 468 1751 541 Scytha,
1779 485 1912 524 cum

2051 472 2297 540 Ρωμαῖοι
2373 466 2434 523 έκ
2506 474 2605 536 τῆς
2678 465 2945 541 προτέρας
3019 466 3378 537 κωπηλασίας
3432 467 3524 522 καὶ
3590 472 3690 523 τοῦ

274 564 484 628 praeter
512 571 675 627 spem
725 555 870 627 ipsis
929 557 1269 612 institutum
1318 559 1644 621 cecidisset,
1677 558 1921 613 domum

274 665 476 702 versus
510 649 620 701 iter
651 649 1050 702 instituerunt.
1086 654 1225 702 Cum
1274 665 1387 702 non
1423 648 1569 702 mari
1596 650 1786 713 modo,
1822 649 1923 702 sed

274 742 431 789 terra
454 736 627 791 etiam
666 737 918 791 redirent
961 739 1171 808 (neque
1222 736 1376 792 enim
1439 741 1609 791 tanta:
1657 736 1924 791 multitu-

278 824 566 880 dinisatis
587 830 711 880 erat
744 827 1004 889 navium,
1064 842 1197 880 cum
1252 825 1448 896 praelio
1499 826 1696 880 multae
1730 831 1929 881 essent

283 916 581 981 demersis,
641 916 790 971 555
854 916 1052 968 multa:
1092 923 1295 985 captaa,
1356 915 1555 969 multis
1619 918 1922 985 naufragio

284 1004 1121 1075 periissent),inCatacalonem
1154 1009 1379 1058 Hastam
1410 1005 1762 1059 Ambustum
1784 1009 1928 1059 tunc

284 1096 429 1147 Istro
450 1091 650 1146 vicina
682 1090 903 1163 regioni
965 1092 1301 1163 praefectum
1364 1092 1697 1148 inciderunt
1734 1094 1789 1147 in
1828 1111 1930 1149 ora

284 1181 463 1235 maris
494 1181 645 1250 apud
673 1180 947 1247 Barnam,
986 1181 1217 1253 fusique
1263 1187 1404 1236 sunt
1435 1187 1491 1237 et
1533 1200 1744 1253 magna
1768 1182 1930 1238 clade

280 1269 490 1323 affecti.
513 1268 890 1339 Oetingentes
919 1286 1121 1324 eorum
1155 1270 1313 1326 vivos
1344 1270 1401 1324 in
1438 1273 1821 1342 compedibus
1856 1271 1926 1325 ad

280 1356 689 1427 imperatorem
725 1358 906 1412 misit.
944 1359 995 1412 ls
1052 1359 1389 1425 Ambustus,
1433 1365 1647 1413 etcum
1676 1359 1929 1430 primum

280 1444 506 1516 Scythae
529 1446 599 1500 ad
642 1445 1189 1518 Constantinopolin
1210 1449 1519 1503 tenderent
1544 1448 1719 1518 inque
1743 1447 1932 1520 ipsius

287 1532 643 1604 provinciam
702 1535 921 1605 egressi
974 1535 1416 1606 pabularentur,
1481 1537 1766 1591 militibus
1811 1538 1933 1593 suis

287 1622 548 1677 collectis
571 1623 797 1678 fortiter
824 1624 1136 1691 invaserat,
1164 1626 1483 1696 pulsosque
1505 1627 1574 1681 ad
1601 1643 1708 1681 sua
1731 1630 1932 1682 conlu-

287 1727 422 1781 gere
455 1710 685 1781 navigia
739 1719 1026 1781 coegerat.
1062 1714 1126 1767 Et
1164 1720 1303 1768 tunc
1354 1714 1567 1768 iterum
1619 1731 1779 1769 oram
1815 1731 1933 1769 suae

2035 554 2281 629 διωγμοῦ
2331 558 2630 611 κατάκοποι
2682 558 2851 622 ὄντες,
2888 556 2977 611 καὶ
3010 557 3147 628 πρὸς
3192 557 3253 610 τὸ
3306 555 3519 621 πλῆθος
3575 562 3687 612 τῶν

2043 640 2386 719 βαρϐαρικῶν
2444 649 2660 722 σκαφῶν
2708 642 3218 713 ἀποδειλιάσαντες,
3280 643 3495 700 ἔκλιναν
3553 646 3695 719 πρὸς

2037 736 2237 811 φυγήν.
2273 735 2420 790 Ἐπεὶ
2460 732 2517 789 δὲ
2574 733 2803 809 ἔφθασαν
2861 735 2928 789 τά
2981 739 3087 788 τῶν
3149 729 3445 809 Βαρϐάρων
3506 735 3685 811 σκάφη

2036 823 2447 901 στεφανώσαντα
2501 825 2564 879 τὸ
2618 823 2792 896 στόμα
2829 828 3118 898 κατασχεῖν
3177 828 3275 878 τοῦ
3333 822 3547 879 κόλπου
3593 825 3690 878 καὶ

2038 911 2242 985 ἄπορος
2297 913 2365 980 ἦν
2401 915 2435 981 ἡ
2490 912 2625 983 πρὸς
2652 912 2715 966 τὸ
2771 912 3006 987 πέλαγος
3054 909 3311 981 διέξοδος,
3348 918 3695 967 Κωνσταντῖ-

2037 1023 2129 1055 νον
2181 1002 2273 1074 μὶν
2331 1001 2615 1076 πατρίκιος
2674 1002 2701 1055 6
2761 996 3198 1075 Καϐαλλούριος,
3259 1002 3559 1077 στρατηγὸς
3613 1000 3691 1055 ὣν

2036 1094 2144 1145 τῶν
2191 1085 2610 1166 Κιϐυρῥαιωτῶν
2646 1136 2662 1162 ,
2718 1090 2972 1165 γενναίως
3042 1088 3168 1160 ἔστη
3228 1090 3366 1165 πρὸς
3438 1089 3688 1163 πόλεμον

2044 1181 2177 1252 μετὰ
2243 1187 2342 1249 τῆς
2417 1181 2607 1234 ἑαυτοῦ
2676 1182 2938 1252 τριήρους
2988 1181 3078 1234 καὶ
3130 1184 3337 1234 λοιπῶν
3394 1177 3540 1243 δέκα,
3594 1181 3693 1235 καὶ

2040 1268 2326 1340 εὐρώστως
2375 1268 2692 1342 μαχόμενος
2749 1268 3044 1339 κατεκόπη,
3105 1267 3419 1345 ἐλήφθησαν
3493 1267 3550 1323 δὲ
3600 1270 3697 1323 καὶ

2039 1356 2289 1430 τέσσαρες
2344 1360 2587 1431 τριήρεις
2619 1354 2901 1431 αὔτανδροι
2952 1358 3044 1410 σὺν
3102 1360 3170 1430 τῇ
3229 1354 3541 1432 ναυαρχίδι,
3601 1358 3697 1411 καὶ

2041 1446 2233 1509 πάντες
2291 1446 2342 1499 οἱ
2402 1444 2453 1500 ἐν
2508 1444 2697 1506 αὐταῖς
2756 1444 3139 1522 ἀπεσφάγησαν
3176 1490 3189 1514 ,
3258 1445 3324 1499 τά
3394 1442 3450 1500 δὶ
3520 1444 3697 1501 λοιπΞι

2042 1536 2325 1607 Ῥωμαϊκὰ
2380 1534 2555 1589 πλοῖα
2585 1533 2637 1589 ἐν
2689 1535 2918 1610 βράχεσι
2956 1536 3046 1588 καὶ
3099 1534 3289 1596 ἀκταῖς
3348 1534 3437 1588 καὶ
3495 1534 3697 1589 σκοπέ-

2046 1622 2164 1684 λοις
2197 1622 2589 1699 ἀπερρίφησαν·
2649 1625 2721 1676 ὧν
2784 1617 3170 1697 συντριϐέντων
3221 1624 3272 1678 οἱ
3329 1624 3424 1695 μὲν
3470 1628 3575 1676 τῶν
3638 1622 3695 1677 ἐν

2044 1712 2230 1775 αὐταῖς
2290 1706 2623 1787 ὑποϐρύχιοι
2680 1713 2933 1787 γεγόνασι
2986 1714 3053 1785 τῇ
3114 1711 3379 1785 θαλάσσῃ,
3441 1708 3604 1765 ἄλλοι
3637 1708 3698 1765 δὶ

287 1800 595 1869 provinciae
630 1800 984 1856 maritimam
1013 1803 1375 1870 custodiens,
1409 1803 1707 1875 exituique
1738 1804 1932 1860 inten-

2048 1799 2288 1856 ἑάλωσαν
2341 1800 2443 1855 ὑπὸ
2500 1805 2606 1855 τῶν
2650 1797 2947 1876 Βαρϐάρων
3007 1800 3095 1855 καὶ
3159 1800 3405 1875 μαχαίρᾳ
3452 1798 3693 1871 παρεδό-

286 1892 404 1957 tus,
438 1887 546 1944 hoc
578 1889 806 1945 facinus
837 1890 1038 1946 edidit.

2048 1893 2207 1959 θησαν
2240 1890 2329 1945 καὶ
2362 1887 2604 1960 δουλείᾳ,
2666 1889 2715 1944 οἱ
2749 1887 2806 1944 δὲ
2837 1887 3185 1951 διασωθέντες
3240 1890 3393 1958 πεζοὶ
3449 1890 3539 1944 καὶ
3595 1912 3693 1962 γυ-

288 1975 521 2046 μνοὶεῖς
551 1977 613 2030 τὸ
666 1975 868 2031 οἰκεῖον
916 1977 1279 2052 στρατόπεδον
1340 1981 1705 2049 ἀνεσώθησαν.
1766 1981 1833 2036 ()i.
1891 1978 1949 2035 δὶ
2008 1980 2211 2044 Σκύθαι
2267 1980 2340 2039 ὡς
2398 1977 2496 2033 οὐκ
2551 1979 2627 2040 είς
2688 1976 2842 2054 ἔργον
2906 1978 3103 2054 ἐχώρει
3136 1979 3319 2039 αὐτοῖς
3363 1980 3431 2033 τὰ
3458 1984 3566 2032 τῶν
3595 1978 3693 2033 έλ-

212 2062 222 2073 ”
282 2062 481 2131 πίδων,
556 2072 655 2135 τῆς
711 2065 794 2120 ἐπ’
851 2064 1004 2121 θ’ίκου
1082 2066 1306 2142 πορείας
1361 2068 1726 2142 ἐμνήσθησαν.
1784 2070 2208 2146 ’Υποστρέφουσι
2273 2066 2329 2123 δὲ
2374 2068 2590 2129 τούτοις
2648 2065 2736 2122 διά
2788 2089 2847 2122 τε
2904 2075 3005 2144 γῆς
3056 2069 3144 2122 καὶ
3207 2067 3481 2138 θαλάσσης
3541 2064 3700 2140 (ούδὶ

286 2153 392 2229 γὰρ
449 2152 704 2226 ἐξήρκουν
748 2161 866 2219 τοῖς
916 2161 1044 2210 πᾶσι
1102 2159 1168 2211 τα
1226 2157 1425 2237 σκάφη,
1484 2158 1552 2213 τὰ
1614 2159 1708 2231 μὶν
1763 2159 1866 2214 ὑπὸ
1917 2162 2018 2224 τῆς
2077 2159 2543 2233 προηγησαμένης
2599 2156 2892 2232 ναυαρχίας
2950 2156 3435 2211 καταποντισθέντα
3488 2177 3546 2212 τε
3605 2156 3701 2210 καὶ

293 2241 588 2317 ληφθέντα,
646 2244 712 2299 τά
767 2242 824 2299 δὲ
868 2245 971 2301 ὑπὸ
1027 2244 1305 2309 κλύδωνος
1360 2248 1449 2303 καὶ
1508 2248 1798 2324 τρικυμίας
1859 2246 2189 2315 θλασθέντα,
2238 2247 2327 2301 καὶ
2383 2244 2473 2302 διά
2525 2251 2686 2301 τοῦτο
2743 2247 2795 2301 ei
2851 2244 3077 2309 πλείους
3124 2249 3260 2318 πεζῇ
3317 2248 3416 2315 τὴν
3472 2242 3702 2300 ὁδοιπο-

290 2331 408 2406 ρίαν
466 2331 772 2404 έποιοῦντο)
830 2338 1161 2405 συναντήσας
1223 2335 1550 2391 Κατακαλὼν
1614 2340 1815 2406 Βέστης
1873 2339 1900 2391 6
1957 2337 2295 2409 Κεκαυμένος
2351 2334 2537 2411 ἄρχων
2618 2333 2689 2389 ὢν
2741 2340 2850 2389 τῶν
2911 2335 3034 2410 περὶ
3085 2335 3177 2389 τὸν
3233 2337 3440 2410 Ἴστρον
3480 2334 3701 2389 πόλεων

287 2421 376 2475 καὶ
444 2422 689 2497 χωρίων,
746 2424 882 2478 κατὰ
936 2425 1027 2479 τὸν
1106 2423 1354 2500 αἲγιειλὸν
1430 2434 1531 2496 τῆς
1608 2425 1915 2501 λεγομένης
1981 2425 2206 2497 Βάρνας,
2281 2427 2371 2479 καὶ
2425 2419 2723 2496 συμϐαλὼν
2775 2424 3057 2499 έτρέψατο,
3111 2424 3201 2478 καὶ
3263 2425 3537 2478 ἀπέκτεινε
3599 2424 3701 2496 μὲν

290 2509 557 2579 πολλοὺς,
636 2512 985 2576 ὀκτακοσίους
1059 2512 1115 2568 δε
1173 2515 1410 2590 ζωγρίας
1488 2510 1672 2570 λαϐὼν
1744 2513 2155 2588 πεπεδημένους
2217 2512 2460 2586 έκπέμπε
2511 2519 2591 2585 τῷ
2648 2511 2885 2589 βασιλεῖ,
2946 2514 3119 2574 Οὗτος
3171 2514 3273 2589 γαρ
3330 2514 3357 2567 6
3411 2513 3547 2585 ἀνὴρ
3604 2511 3700 2567 καί

290 2597 379 2651 ὅτε
435 2600 667 2674 πρώτως
744 2605 852 2655 τῶν
931 2601 1144 2656 οἲκείων
1219 2605 1365 2672 ἠθῶν
1442 2603 1837 2666 ἀπαναστάντες
1914 2604 1966 2658 οἱ
2044 2602 2244 2665 Σκύθαι
2309 2603 2444 2677 πρὸς
2515 2603 2616 2671 τὴν
2677 2598 2936 2678 βασιλίδα
2992 2601 3279 2675 ἠπείγοντο
3338 2602 3427 2655 καὶ
3484 2599 3538 2663 ἐς
3593 2602 3699 2670 τὴν

290 2685 565 2761 λαχοῦσαν
626 2688 784 2743 αὐτὸν
842 2690 1019 2765 ἀρχὴν
1071 2688 1361 2753 ἀποδάντις
1416 2693 1696 2766 προνομὰς
1756 2692 2057 2761 ἐποιοῦντο,
2115 2693 2207 2747 τὸν
2236 2692 2368 2767 ἀμφ’
2399 2690 2557 2746 αὐτὸν
2592 2691 2841 2764 ἀθροίσας
2895 2688 3026 2744 λαὸν
3074 2688 3403 2765 προσέῤῥαξε
3449 2688 3691 2761 τούτοις,

286 2776 372 2830 ναὶ
398 2774 658 2850 γενναίως
690 2778 1090 2851 ἀγωνισάμενος
1124 2778 1381 2854 έτρέψατό
1408 2802 1467 2835 τε
1495 2782 1629 2835 γατὰ
1654 2782 1848 2855 κράτος
1877 2781 1966 2836 καὶ
1989 2781 2065 2843 είς
2096 2781 2162 2836 τὰ
2193 2781 2367 2836 οἷ’κεῖα
2399 2780 2571 2856 σκάφη
2604 2785 2790 2857 φυγεῖν
2824 2780 3108 2855 ἠνάγκασεο
3137 2782 3218 2850 [Ρ.
3251 2781 3380 2852 761]
3408 2782 3497 2833 καὶ
3527 2778 3701 2833 πάλιν

293 2861 348 2917 δὲ
376 2864 442 2918 τὰ
470 2864 712 2941 ἀγχίαλα
738 2873 837 2935 τῆς
870 2868 957 2922 ὑπ’
988 2868 1148 2923 αὐτὸν
1178 2870 1354 2945 ἀρχῆς
1385 2868 1668 2947 φυλάττων
1716 2871 1919 2947 χωρία,
1969 2872 2058 2925 καὶ
2107 2871 2450 2945 προσμένων,
2493 2871 2556 2925 τὸ
2582 2868 2762 2942 τέλος,
2808 2870 3242 2946 ὑποστρέφοντας
3274 2866 3559 2941 δεξάμενος
3604 2865 3699 2921 καὶ

286 2958 560 3027 καοτερῶς
594 2954 825 3018 ὑποστὰς
858 2956 1142 3032 εἰργάσατο
1181 2959 1249 3013 τὰ
1277 2957 1394 3034 εῗρη
1407 2960 1561 3031 μένα.

363 3046 523 3098 Anno
557 3045 763 3099 mundi
785 3047 947 3116 6552,
980 3047 1300 3103 indictione
1332 3049 1419 3114 12,
1439 3065 1639 3104 mense
1668 3050 1933 3121 Septem-

293 3132 403 3200 bri,
434 3132 748 3188 vehemens
780 3134 939 3189 ﬂavit
969 3141 1195 3205 ventus,
1229 3153 1345 3207 quo
1378 3138 1604 3193 fruetus
1632 3139 1933 3193 vinearum

2122 3042 2479 3120 Σεπτεμϐρίῳ
2527 3043 2583 3101 δὲ
2644 3045 2799 3118 μηνὶ,
2834 3043 3172 3106 ίνδικτιῶνος
3207 3046 3300 3120 ιβ’,
3328 3043 3477 3105 ἔτους
3523 3044 3701 3121 ,ςφνβο

2048 3135 2293 3191 ἔπνευσεν
2354 3133 2552 3208 ἄνεμος
2610 3132 2875 3212 σφοδρὸς,
2933 3134 3005 3196 ὡς
3068 3131 3427 3211 διαφθαρῆναι
3493 3130 3695 3207 σχεδὸν

292 3235 437 3292 pene
498 3221 812 3292 perierunt.
878 3224 964 3279 Eo
1013 3223 1139 3297 ipso
1198 3243 1369 3294 anno,
1413 3244 1565 3281 nona
1599 3226 1691 3282 die
1723 3228 1932 3293 Martii,

2052 3224 2179 3287 τοὺς
2238 3229 2342 3278 τῶν
2392 3211 2663 3297 ἀμπέλων
2703 3223 2965 3294 καρπούς.
3000 3223 3151 3278 Κατὰ
3177 3225 3367 3276 τοῦτον
3414 3221 3506 3275 τὸν
3555 3219 3699 3296 χρό-

295 3324 422 3379 quae
457 3310 601 3365 festa
624 3316 713 3366 est
744 3313 1036 3369 memoriae
1071 3314 1338 3370 divorum
1363 3316 1766 3387 Quadraginta
1788 3316 1936 3371 Mar-

291 3401 510 3469 tyrum,
544 3400 698 3456 550
751 3400 1070 3473 imperator
1114 3409 1177 3457 ut
1217 3403 1289 3459 iis
1320 3404 1679 3476 supplicaret
1708 3405 1935 3475 publice

292 3504 699 3558 processurus,
725 3491 1014 3546 seditione
1038 3491 1237 3562 populi
1270 3492 1631 3564 interceptus
1654 3500 1760 3548 est.
1793 3496 1935 3547 Cum

288 3577 445 3631 enim
480 3577 657 3648 pedes
710 3594 922 3650 magno
980 3578 1304 3635 satellitum
1366 3597 1499 3635 cum
1559 3582 1838 3636 comitatu
1883 3584 1939 3635 et

290 3664 502 3720 faustis
532 3665 1054 3723 acclamationibus
1084 3685 1117 3722 a
1168 3668 1384 3739 palatio
1412 3686 1598 3739 usque
1630 3670 1700 3723 ad
1735 3670 1934 3724 fanum

295 3752 620 3807 Servatoris
651 3753 709 3807 in
771 3755 979 3809 Chalce
1030 3758 1437 3827 processisset,
1500 3759 1634 3811 inde
1675 3775 1822 3825 eque
1866 3759 1936 3812 ad

296 3846 622 3911 martyrum
655 3842 837 3896 isdem
863 3842 990 3897 vehi
1042 3842 1237 3908 vellet,
1298 3845 1494 3899 subito
1544 3862 1652 3900 vox
1680 3861 1709 3900 e
1744 3847 1937 3901 medio

298 3926 699 3983 multitudinis
731 3931 1003 3986 exaudita
1050 3937 1176 3987 est:
1212 3954 1238 3985 α
1267 3932 1557 3989 Nolumus
1587 3933 1938 3990 Sclerenam

294 4016 404 4084 (sic
444 4016 689 4073 Romani
765 4018 904 4075 Duri
963 4038 1128 4077 soror
1175 4022 1506 4089 vocabatur,
1570 4024 1939 4080 Menemachi

298 4106 649 4176 concubina)
671 4124 800 4163 esse
833 4110 1292 4181 imperatrieem,
1326 4129 1511 4182 neque
1545 4119 1781 4185 propter
1810 4130 1936 4167 eam

301 4195 574 4250 dominas
604 4202 837 4252 nostras
871 4199 1446 4271 perphyrogennetas
1474 4201 1618 4256 Zeen
1659 4218 1723 4255 ac
1754 4203 1941 4257 Theo-

304 4286 507 4340 doram
562 4285 728 4339 mori.
766 4308 793 4335 ››
824 4288 1010 4359 Atque
1041 4287 1195 4344 illico
1228 4289 1426 4344 omnia
1464 4290 1824 4347 confusionis
1875 4308 1942 4346 ac

297 4372 592 4429 tumultus
642 4373 834 4445 plena,
894 4381 949 4431 et
980 4377 1391 4448 imperatorem
1429 4380 1599 4434 turba
1646 4380 1717 4433 ad
1744 4397 1942 4437 necem

294 4462 580 4533 deposcit.
607 4463 770 4526 Quod
807 4464 917 4519 nisi
949 4465 1215 4520 celeriter
1260 4468 1534 4538 Augustae
1574 4469 1645 4522 de
1699 4469 1942 4525 sublimi

2044 3336 2135 3368 vev
2167 3314 2358 3389 ἑορτῆς
2390 3311 2663 3387 ἀγομένης
2691 3317 2799 3367 τῶν
2856 3310 3025 3386 ἁγίων
3085 3313 3136 3384 μ’
3183 3309 3509 3386 Μαρτύρων,
3546 3308 3598 3363 έν
3625 3312 3697 3382 τῇ

2046 3402 2088 3453 θ’
2143 3405 2241 3454 τοῦ
2300 3399 2546 3474 Μαρτίου
2582 3400 2777 3471 μηνὸς,
2814 3398 3034 3471 μέλλων
3077 3400 3105 3453 6
3139 3397 3395 3474 βασιλεὺς
3419 3397 3493 3458 εἲς
3522 3416 3699 3472 προσ-

2044 3489 2266 3560 κύνησιν
2299 3488 2554 3543 ἀπελθεῖν
2614 3493 2719 3543 τῶν
2771 3489 2937 3563 ἁγίων
2994 3485 3236 3559 δημοσίᾳ
3291 3483 3514 3561 προόδῳ
3566 3507 3697 3540 κατ-

2047 3576 2365 3648 εστασιάσθη
2398 3577 2543 3653 παρὰ
2596 3581 2694 3632 τοῦ
2727 3574 2929 3650 δήμου.
2964 3576 3306 3646 Ἐξελθόντος
3356 3576 3456 3650 γὰρ
3495 3574 3700 3629 τούτου

2044 3670 2181 3739 πεζῇ
2236 3667 2368 3739 μετὰ
2396 3666 2616 3735 πολλῆς
2648 3663 2974 3743 δορυφορίας
3021 3665 3126 3719 ἀπὸ
3163 3668 3258 3717 τοῦ
3290 3663 3555 3719 παλατίου
3603 3665 3699 3717 καὶ

2047 3754 2337 3833 εὐφημίας,
2394 3755 2610 3810 καὶτὸν
2662 3754 2713 3809 έν
2746 3759 2813 3827 τῇ
2864 3753 3052 3827 Χαλκῇ
3109 3748 3515 3814 καταλαϐόντος
3568 3754 3699 3806 ναὸν

2043 3849 2141 3899 τοῦ
2216 3851 2499 3917 Σωτῆρος,
2567 3843 2656 3898 καὶ
2713 3842 3015 3917 μέλλοντος
3063 3842 3261 3906 ἐκεῖθεν
3306 3842 3700 3912 ἐξιππάσασθαι

2045 3933 2295 4009 καὶπρὸς
2339 3934 2432 3989 τὸν
2481 3937 2590 3989 τῶν
2638 3932 2940 4009 Μαρτύρων
2986 3932 3265 4009 ἀφικέσθαι
3308 3931 3495 4000 σηκὸν,
3557 3927 3701 3999 ἐξαί-

2047 4044 2186 4099 φνης
2217 4022 2459 4096 έξηχήθη
2488 4023 2639 4100 φωνὴ
2671 4021 2777 4076 ἀπὸ
2821 4022 2986 4093 μέσου
3014 4025 3110 4077 τοῦ
3140 4020 3410 4090 πλήθους·
3450 4043 3475 4072 ε
3504 4021 3702 4090 Ὴμεῖς

2045 4114 2143 4181 τὴν
2180 4110 2519 4186 Σκλήραιναν
2555 4109 2871 4185 βασιλίσσαν
2904 4110 2965 4164 οὐ
2998 4107 3250 4182 θέλομεν,
3313 4106 3437 4163 ούδὶ
3486 4105 3556 4163 δι’
3600 4107 3701 4161 αὖ-

2045 4203 2145 4271 την
2179 4202 2233 4256 αἱ
2278 4202 2468 4273 μάνναι
2685 4202 2843 4273 ἡμῶν
2902 4200 2958 4254 αἱ
3018 4199 3513 4277 πορφυρογέννητοι
3569 4198 3697 4267 Ζωή

2046 4312 2104 4345 τε
2132 4291 2221 4344 καὶ
2252 4286 2508 4365 Θεοδώρα
2548 4293 2851 4352 θανοῦνται.
2901 4312 2931 4341 n
2980 4286 3079 4342 Καὶ
3128 4286 3283 4351 εὐθὺς
3332 4287 3601 4361 συνεχύθη
3634 4285 3707 4340 τὰ

2048 4380 2241 4445 πάντα,
2280 4377 2367 4433 καὶ
2418 4379 2633 4452 ταραχὴ
2680 4376 2909 4452 κατέσχε
2955 4378 3017 4431 τὸ
3047 4374 3285 4444 πλῆθος,
3336 4375 3424 4429 καὶ
3471 4374 3702 4443 ἐζήτουν

2048 4469 2139 4523 τὸν
2200 4465 2425 4542 βασιλέα
2484 4463 2935 4541 διαχειρίσασθαι.
2991 4466 3085 4521 Καὶ
3144 4463 3194 4519 εἴ
3256 4466 3330 4536 μή
3388 4464 3582 4539 τάχιον
3643 4464 3704 4517 αἱ

303 4551 728 4621 prospicientes
783 4552 1225 4609 multitudinem
1288 4555 1640 4626 placassent,
1703 4558 1934 4629 plurimi

2056 4554 2329 4631 βασιλίδες
2428 4554 2770 4631 προκύψασαι
2857 4550 3058 4617 ἄνωθεν
3163 4547 3547 4627 κατεστόρεσαν
3634 4552 3704 4607 τὸ

296 4638 453 4694 haud
480 4638 659 4695 dubie
691 4644 866 4711 atque
900 4640 1023 4712 ipse
1056 4643 1299 4698 forsitan
1354 4643 1669 4716 imperator
1701 4646 1941 4718 perituri

300 4728 550 4784 fuerant.
577 4727 789 4783 Sedate
829 4734 1025 4785 autem
1058 4736 1219 4787 metu
1250 4730 1585 4802 imperator,
1618 4734 1838 4790 omissa
1868 4736 1940 4791 ad

300 4822 583 4889 martyres
614 4816 1006 4888 processione,
1038 4818 1099 4873 in
1131 4819 1408 4891 palatium
1440 4836 1501 4875 se
1522 4821 1759 4893 recepit.

375 4993 697 5050 Indictione
729 4996 795 5049 13
824 4995 1047 5052 bellum
1078 4997 1149 5052 de
1204 4997 1354 5054 Anio
1403 4999 1596 5070 coepit.
1631 4999 1740 5055 Sed
1772 5016 1942 5072 expo-

297 5082 558 5137 nendum
591 5087 681 5138 est
705 5101 808 5139 cur
829 5088 886 5139 et
917 5101 1034 5156 qua
1086 5086 1310 5141 ratione
1337 5089 1466 5142 Anii
1503 5089 1751 5160 principi
1776 5090 1940 5160 quie-

299 5170 507 5235 scenti,
533 5170 809 5243 nullaque
840 5173 912 5227 ab
936 5190 1002 5228 eo
1034 5178 1161 5229 orta
1191 5175 1427 5245 injuria,
1466 5176 1788 5248 imperator
1816 5177 1942 5233 bel-

299 5261 421 5316 lum
453 5262 735 5317 intulerit.
771 5262 1057 5334 Georgius
1114 5265 1481 5338 Abasgorum
1513 5267 1784 5339 princeps
1830 5267 1944 5323 bel-

295 5350 419 5407 lum
441 5352 719 5408 adversus
751 5352 900 5409 557
938 5352 1230 5410 Romanos
1268 5370 1509 5412 movens
1554 5356 1778 5412 socium
1812 5357 1942 5429 ejus

2050 4643 2286 4713 πλῆθος,
2320 4642 2702 4699 ἀπολώλεισαν
2732 4641 2793 4697 ἃν
2823 4644 2925 4697 οὐκ
2958 4640 3157 4718 ὀλίγοι,
3184 4639 3322 4705 Ἱσως
3352 4638 3409 4695 δὲ
3452 4639 3545 4695 καὶ
3602 4638 3703 4694 αὖ·

2048 4732 2142 4797 τὸς
2194 4734 2222 4787 6
2285 4730 2537 4806 βασιλεύς
2574 4774 2587 4787 .
2661 4730 3112 4801 Κατευνασθείσης
3193 4728 3251 4785 δὶ
3298 4736 3400 4800 τῆς
3445 4736 3702 4804 ταραχῆς

2056 4820 2377 4896 ὑπέστρεψεν
2430 4819 2507 4883 είς
2553 4820 2621 4876 τὰ
2668 4818 2933 4894 βασίλεια,
2984 4819 3082 4888 τὴν
3115 4818 3192 4883 είς
3240 4818 3369 4880 τοὺς
3422 4816 3704 4894 μάρτυρας

2050 4908 2224 4985 ἄφιξιν
2256 4910 2751 4983 παραιτησάμενος.

2120 4995 2484 5060 Ἰνδικτιῶνος
2516 4994 2574 5053 δὲ
2606 4998 2674 5072 ιγ’
2702 4998 2730 5052 6
2760 4997 2895 5053 κατὰ
2915 5000 3011 5051 τοῦ
3068 4995 3250 5052 Ἀνίου
3299 4995 3478 5070 ἀρχὴν
3524 4993 3702 5068 ἐλάμ-

2051 5082 2180 5142 ϐανε
2231 5084 2499 5160 πόλεμος.
2556 5083 2730 5143 Ἀλλὰ
2788 5085 2978 5160 ῥητέον
3033 5082 3234 5149 ἄνωθεν
3289 5087 3407 5147 πῶς
3460 5083 3551 5139 καὶ
3611 5081 3708 5139 διὰ

2049 5175 2169 5231 τίνα
2189 5174 2389 5251 τρόπον
2416 5174 2650 5251 ἡσυχίαν
2695 5171 2876 5251 ἄγοντι
2928 5178 3007 5246 τῷ
3059 5178 3157 5228 τοῦ
3210 5171 3391 5230 Ἀνίου
3441 5171 3704 5247 τοπάρχῇ

2050 5267 2137 5321 καὶ
2204 5262 2370 5337 μηδὶν
2430 5264 2677 5319 ἀπαίσιον
2738 5260 3186 5339 διαπραττομένω
3213 5267 3614 5322 Κωνσταντῖνος
3676 5264 3705 5318 ὁ

2055 5352 2311 5431 βασιλεὺς
2367 5350 2630 5429 πολεμεῖν
2689 5352 3043 5429 ἐπεχείρησεν
3077 5395 3089 5409 .
3165 5352 3296 5408 Ὅτε
3350 5350 3618 5426 Γεώργιος
3676 5352 3707 5407 6

1484 5514 1849 5573 XYLANDRI
1891 5516 1983 5574 ET
2021 5516 2239 5575 GOARI
2278 5517 2514 5575 ΝΟΤᾸΕ.

363 5656 480 5728 (26)
504 5656 629 5715 Non
659 5658 925 5731 dominae,
949 5660 1051 5717 sed
1072 5668 1305 5719 matres.
1338 5658 1519 5718 Gem.
