4014 6194
218 284 309 341 293

1286 279 1833 341 HISTORIARUM
1880 235 2423 344 COMPENDIUM.

3443 294 3563 352 294

217 410 346 466 ἄλλοι
376 411 460 483 μὶν
509 409 628 471 τοὺς
680 406 886 471 ’ίππους
941 407 1262 479 ἀποϐάντες,
1296 408 1461 465 ἄλλοι
1492 407 1549 464 δὲ
1578 409 1665 464 καὶ
1697 404 1788 486 ἔφ-

1925 412 2086 468 itatis
2101 416 2448 487 principem,
2485 419 2886 484 eunuchum,a
2901 421 3205 478 Saracenis
3219 423 3556 492 oriundum,

222 521 363 568 ιπποι,
411 499 476 560 ὥς
527 519 597 568 πη
653 496 876 561 ἕκαστος
937 494 1226 571 ἐόοόλετο,
1286 500 1423 576 πρὸς
1477 500 1574 569 τὴν
1635 497 1796 554 πόλιν

218 588 398 663 ἔτρεχον
444 587 511 650 ὡς
561 582 809 642 αὐτοϐοεὶ
867 586 1062 653 ταύτην
1135 588 1473 664 αἱρήσοντες.
1535 588 1682 643 Ἐπεὶ
1743 586 1800 642 δὲ

215 675 338 731 ἔνδον
381 675 603 750 ἐγένοντο
659 681 769 730 τῶν
824 676 876 730 ἰν
926 675 1072 748 μὲσω
1122 683 1228 730 τῶν
1281 676 1622 749 ἀμπελώνων
1657 674 1797 731 ὁδῶν

215 766 282 818 καὶ
329 763 438 840 ἄχρι
481 771 574 832 τῆς
603 763 818 826 πόλεως
851 763 1102 839 ἔφθασαν,
1143 765 1264 819 τότε
1311 763 1377 834 δὴ
1421 768 1490 838 τῇ
1533 764 1795 840 σάλπιγγι

212 855 415 925 σημήνας
474 855 500 907 6
562 851 954 926 Ἀπλησφάρης
1013 852 1176 928 ἔργου
1226 853 1496 909 ἐκέλευσεν
1557 849 1797 929 ἔχεσθαι,

209 952 277 1005 καὶ
322 950 665 1024 ἐξαναστάντες
724 952 829 1006 ἀπὸ
878 956 986 1006 τῶν
1049 951 1237 1027 λόχων
1301 953 1354 1006 οἱ
1405 951 1558 1020 πεζοὶ
1592 953 1642 1006 οἳ
1700 953 1797 1024 μὲν

207 1044 347 1111 τόξοις
392 1043 437 1094 ot
487 1039 539 1095 δὲ
588 1041 766 1103 λίθοις
819 1037 1077 1110 ἔϐαλλον,
1142 1041 1304 1097 ἄλλοι
1369 1040 1424 1096 δὲ
1476 1042 1800 1117 ἐτίτρωσκον

209 1131 290 1183 ἀπὸ
334 1135 425 1184 τῶν
474 1132 729 1206 θρ.γγῶν,
785 1134 890 1184 τῶν
950 1131 1237 1204 Ῥωμαίων
1293 1129 1660 1204 κωλυομένων
1698 1131 1799 1184 ὑπὸ

204 1218 370 1272 τούτων
441 1220 560 1281 τοὺς
629 1216 932 1291 πολεμίους
1007 1219 1344 1292 ἀμύνασθαι.
1421 1220 1628 1274 Γίνεται
1706 1220 1796 1274 οὖν

205 1309 344 1380 τροπή
417 1306 647 1382 μεγάλη,
718 1310 806 1362 καὶ
878 1308 1130 1382 σφάζεται
1214 1309 1500 1382 Ῥωμαίων
1563 1307 1796 1384 ἀπείρων

205 1396 396 1465 πλῆθος,
451 1401 636 1472 γυγεῖν
710 1397 787 1469 μὴ
865 1395 1177 1470 δυναμένων
1243 1402 1351 1452 τῶν
1409 1395 1620 1466 ἳππων,
1673 1396 1801 1452 ἀλλ’

206 1483 534 1554 ἐμπιπτόντων
594 1484 672 1547 εἷς
729 1485 821 1539 τὸν
855 1484 1034 1556 πηλὸν
1065 1487 1156 1539 καὶ
1204 1487 1270 1540 τὰ
1323 1485 1587 1560 τέλματα.
1623 1482 1800 1547 Μόλις

203 1574 272 1627 οὖν
316 1573 486 1634 σωθεὶς
537 1574 564 1626 6
619 1571 853 1642 Ἰασίτης
907 1572 1000 1627 σὺν
1058 1578 1137 1645 τῷ
1163 1573 1554 1629 Κωνσταντίνω
1612 1573 1662 1627 ἐν
1721 1578 1800 1645 τῷ

199 1663 335 1717 ’Δνίω
375 1661 685 1737 αὐτάγγελοι
741 1669 839 1730 τῆς
871 1667 1152 1738 συμφορᾶς
1203 1667 1282 1735 τῷ
1335 1662 1592 1734 Νικολάῷ
1647 1664 1798 1738 γεγό-

198 1771 335 1806 νασιν.
389 1749 766 1824 Ἀγγελθέντος
824 1747 878 1804 δε
932 1755 1030 1804 τοῦ
1081 1746 1387 1823 συμϐάντος
1436 1751 1790 1826 ἀτυχήματος

1910 502 2019 556 sibi
2053 503 2235 558 fidum
2280 506 2597 576 hominem,
2639 513 2696 561 et
2743 511 2911 578 cujus
2949 526 3124 580 opera
3171 512 3344 567 etiam
3396 520 3559 570 ante-

1910 609 2085 662 quam
2120 593 2266 649 561
2306 595 2374 647 ad
2413 595 2724 665 imperium
2760 598 3103 653 eveheretur
3135 617 3278 655 usus
3348 601 3555 658 fuerat.

1910 679 1974 734 1Ιί
2006 685 2198 736 autem
2263 683 2620 753 provinciam
2684 686 2933 756 ingressi
2993 688 3371 760 collectisque
3400 706 3561 746 exer-

1909 768 2122 824 citibus
2156 772 2223 824 ad
2259 789 2379 825 rem
2413 775 2730 844 gerendum
2763 777 3052 840 conversi,
3089 779 3291 832 urbem
3326 779 3557 834 'I‘ibium

1910 873 2036 925 qum
2095 864 2219 913 erat
2304 861 2433 928 ejus
2513 863 2699 929 gentis
2761 865 3143 934 .metropolis,
3221 883 3560 937 Oppugnare

1908 944 2348 1002 incommodum
2408 950 2539 1014 rati,
2612 950 2834 1022 reliqua
2918 955 2988 1006 ad
3090 956 3297 1010 Anium
3379 957 3558 1027 perti-

1910 1035 2130 1089 mentia
2161 1036 2400 1091 castella
2430 1044 2674 1107 tentant,
2708 1041 3068 1113 capiuntque
3102 1044 3378 1099 Sanctam
3433 1045 3550 1101 Ma-

1910 1124 2079 1191 riam,
2114 1125 2466 1196 Ampierum,
2497 1128 2778 1182 Sanctum
2811 1130 3180 1201 Gregorium,
3235 1133 3556 1188 admodum

1911 1214 2174 1269 munitas
2203 1220 2259 1269 et
2289 1217 2599 1288 praeruptis
2631 1217 2938 1289 impositas
2963 1220 3121 1275 saxis
3144 1237 3328 1287 arces,
3381 1222 3557 1293 Apte-

1911 1301 2149 1372 sphario
2177 1319 2330 1375 saepe
2361 1321 2528 1376 Opem
2565 1305 2638 1361 iis
2667 1306 2808 1361 dum
2861 1315 3349 1380 oppugnarentur
3409 1313 3557 1367 ferre

1910 1397 2138 1458 conato,
2163 1409 2508 1463 semperque
2531 1397 2698 1449 victo.
2733 1396 2874 1450 Inde
2906 1397 2975 1452 ad
3013 1397 3320 1453 castellum
3361 1399 3553 1454 Cheli-

1910 1480 2154 1534 donium
2188 1482 2451 1549 veniunt,
2503 1483 2684 1538 situm
2741 1485 2796 1538 in
2857 1487 3137 1556 praecipiti
3199 1487 3346 1542 colle
3395 1489 3552 1543 haud

1908 1568 2080 1640 longe
2112 1587 2142 1623 a
2173 1570 2358 1624 Tibio.
2395 1571 2448 1625 [d
2482 1586 2614 1625 cum
2639 1573 2787 1627 vallo
2811 1574 3083 1645 fossaque
3134 1575 3554 1633 circumvenis-

1910 1657 2374 1722 sent,obsidione
2404 1676 2610 1732 capere
2648 1662 2983 1728 intendunt,
3035 1665 3188 1734 quod
3218 1666 3343 1734 jam
3403 1682 3552 1736 prae-

1911 1746 2185 1802 sidiarios
2219 1765 2308 1802 res
2361 1750 2430 1803 ad
2495 1750 2710 1804 victum
2752 1753 3090 1807 necessariae
3137 1754 3560 1825 destituebant,

197 1845 258 1910 τῷ
306 1814 515 1913 βασιλεῖ’,
576 1840 606 1892 6
668 1840 765 1912 μὶν
822 1838 1097 1903 Νικόλαος
1151 1814 1241 1894 και
1291 1842 1319 1894 6
1367 1814 1790 1918 ’Iactrge'dcpat-

1918 1845 2106 1899 subita
2133 1845 2436 1900 obsidione
2472 1856 2791 1917 praeventos
2824 1865 2894 1904 ne
2923 1866 3123 1904 earum
3157 1850 3382 1923 copiam
3443 1853 3557 1907 im-

196 1931 370 2003 ροὲνται
422 1927 510 1989 τας
565 1927 768 2003 ἀρχὰς,
823 1929 1268 2004 προχειρίζονται
1330 1927 1386 1984 δὲ
1421 1929 1536 1984 ἀντὶ
1573 1930 1666 2002 μὶν
1699 1934 1798 1984 τοῦ

195 2016 382 2073 Ἰασίτου
433 2013 552 2087 ὃοὺξ
615 2012 854 2092 Ἰϐηρίας
910 2020 938 2072 6
978 2020 1347 2092 Κεκαυμὲνος,
1404 2018 1520 2073 ἀντὶ
1583 2017 1640 2073 δὲ
1706 2024 1801 2073 τοῦ

197 2104 426 2160 Νικολάου
498 2107 800 2180 στρατηγὸς
874 2105 1225 2182 αὐτοκράτωρ
1316 2113 1714 2170 Κωνσταντῖνος
1773 2109 1801 2162 ὁ

195 2200 274 2262 τῆς
323 2191 554 2268 μεγάλης
616 2194 877 2270 ἑταιρείας
937 2192 1146 2271 ἅρχων,
1200 2196 1465 2272 εὐνοῦχος
1496 2194 1801 2271 ἅνθρωπος,

199 2290 244 2345 ἐκ
290 2298 600 2367 Σαρακηνῶν
650 2290 826 2348 ἕλκων
882 2295 943 2348 τὸ
989 2293 1135 2366 γένος
1189 2295 1279 2350 καὶ
1335 2300 1413 2366 τῷ
1447 2294 1659 2370 βασιλεῖ
1706 2297 1804 2350 ὑπ-

199 2383 422 2454 ηρετήσας
478 2385 586 2454 πρὸ
655 2390 756 2452 τῆς
818 2383 1095 2458 βασιλείας
1144 2383 1234 2438 καὶ
1288 2383 1465 2438 πίστιν
1508 2389 1690 2458 τηρῶν
1751 2384 1801 2438 ἐς

200 2468 327 2523 αὐτόν
372 2469 418 2525 οἳ
447 2469 512 2541 δὴ
557 2471 653 2526 καὶ
700 2473 836 2526 κατᾶ
866 2473 1051 2548 χώραν
1102 2473 1388 2548 γενόμενοι
1438 2473 1652 2534 καὶτὰς
1711 2470 1803 2526 δυ-

195 2560 351 2630 νὶμεις
394 2561 812 2635 συνηθροικότες
886 2558 1041 2636 ἔργου
1123 2559 1361 2636 εἴχοντο.
1425 2563 1519 2615 Καὶ
1576 2565 1644 2635 τῇ
1706 2562 1798 2634 μὲν

197 2647 324 2702 πόλει
351 2654 439 2702 τοῦ
466 2645 684 2721 Τιϐίου,
713 2650 835 2718 ἥτις
863 2653 927 2718 ἦν
959 2655 1054 2704 τοῦ
1097 2652 1297 2714 παντὸς
1356 2644 1539 2714 ἔθνους
1602 2650 1801 2726 μητρό-

194 2736 347 2804 πολις,
387 2734 723 2810 προσῦαλεῖν
770 2739 872 2792 οὐκ
918 2737 1230 2809 ἠθέλησαν,
1279 2739 1685 2813 ἀποπειρῶνται
1745 2736 1802 2793 δὲ

193 2826 390 2899 [Ρ.764]
442 2831 549 2880 τῶν
609 2825 819 2881 λοιπῶν
880 2827 1151 2903 φρουρίων
1209 2831 1314 2880 τῶν
1370 2827 1467 2881 ὅσα
1513 2831 1592 2899 τῷ
1636 2827 1801 2882 ’Δνίω

194 2914 453 2969 ὑπόκειται.
515 2916 621 2970 Καὶ
667 2916 879 2990 αἱροῦσι
916 2915 1009 2989 μὶν
1066 2917 1166 2985 τήν
1204 2917 1394 2990 ’Δγίαν
1454 2915 1663 2987 Μαρίαν
1712 2916 1800 2969 καὶ

192 3000 533 3075 τὸλεγόμενον
569 3004 810 3078 Ἀμπίερ
854 3003 940 3057 καὶ
970 3005 1060 3058 τὸν
1096 3005 1280 3079 ’Ὰγιον
1321 3003 1641 3080 Γρηγόριον,
1677 3001 1799 3058 λίαν

192 3088 360 3162 ἐρυμνά
382 3093 467 3144 καί
517 3092 853 3167 ἀπόκρημνα
901 3090 1244 3166 ὀχυρώματι,
1304 3095 1400 3146 τοῦ
1439 3089 1799 3169 Ἀπλησιράρη

1913 1939 2228 2004 portarent.
2271 1936 2654 2008 Fuissentque
2685 1954 2750 1992 eo
2783 1938 2974 2008 potiti,
3008 1938 3117 1994 nisi
3145 1938 3200 1992 in
3250 1939 3563 1995 Occidente

1915 2028 2151 2094 repente
2186 2024 2410 2095 patricii
2447 2026 2656 2081 Leonis
2673 2027 2924 2082 Tornicii
2950 2028 3266 2084 exarsisset
3291 2029 3559 2095 defectio,

1916 2112 1972 2165 Is
2006 2113 2117 2167 Leo
2151 2130 2281 2167 cum
2316 2114 2562 2169 lberiam
2597 2116 2952 2185 gubernaret
2979 2117 3257 2172 affectatae
3304 2119 3562 2190 tyranni-

1917 2203 2043 2255 dem
2103 2209 2434 2269 accusatus,
2497 2203 2844 2275 magistratu
2927 2205 3216 2276 spoliatus
3278 2223 3562 2277 rasusque

1914 2290 2090 2343 vitam
2126 2292 2506 2346 monasticam
2534 2308 2701 2363 agere
2725 2292 2933 2363 jussus
2965 2300 3107 2347 erat.
3171 2295 3293 2348 Non
3346 2296 3564 2349 medio-

1915 2379 2090 2434 criter
2118 2386 2310 2434 autem
2344 2381 2534 2435 ferens
2566 2381 3006 2450 contumeliam,
3035 2383 3259 2437 occulte
3294 2399 3359 2438 ac
3420 2401 3560 2456 pau-

1915 2466 2077 2521 latim
2112 2469 2290 2523 duces
2327 2471 2422 2539 qui
2450 2470 2823 2541 Adrianopnli
2859 2479 3023 2525 erant
3053 2476 3332 2543 corrupit,
3367 2473 3466 2543 qui
3499 2477 3556 2527 et

1915 2556 2024 2627 ipsi
2057 2559 2434 2628 contemptim
2470 2560 2542 2612 ab
2578 2560 2929 2630 imperatore
2962 2561 3143 2614 habiti
3183 2561 3300 2615 otio
3363 2571 3558 2633 torpe-

1915 2646 2072 2700 bant.
2108 2650 2325 2702 Horum
2386 2648 2594 2703 deinde
2642 2653 2697 2702 et
2784 2665 3024 2703 suorum
3095 2650 3559 2706 necessariorum

1916 2758 2091 2812 opera
2117 2743 2330 2798 milites
2349 2761 2582 2815 quoque
2622 2743 2732 2799 sibi
2760 2745 3050 2807 conciliat,
3077 2744 3175 2816 qui
3201 2746 3368 2801 otiosi
3402 2747 3556 2804 562

1914 2831 2221 2901 degebant,
2255 2839 2311 2888 et
2349 2840 2635 2906 quotquot
2666 2835 2875 2904 praedis
2907 2851 2972 2888 ac
3003 2835 3434 2907 direptionibus
3465 2837 3560 2890 de-

1911 2917 2738 2993 lectabantur.Contractaque
2773 2939 2980 2995 magna
3007 2940 3206 2989 manu,
3234 2925 3558 2996 imperator

1912 3007 2204 3062 salutatus
2235 3025 2368 3063 cum
2410 3010 2685 3065 omnibus
2742 3011 2866 3065 suis
2915 3012 3100 3083 copiis
3153 3017 3416 3067 actutum
3484 3014 3556 3068 ad

1912 3099 2116 3150 urbem
2152 3099 2556 3166 proliciscitur.
2587 3101 2925 3169 Imperator,
2950 3101 3044 3169 qui
3096 3117 3283 3172 neque
3331 3102 3399 3155 ad
3465 3117 3558 3157 re-

193 3177 422 3241 πολλάκις
485 3161 970 3256 ἐπιχειρήσαντος*
1001 3161 1268 3257 βοηθῆσαι
1327 3180 1514 3242 αὐτοῖς
1570 3161 1799 3254 πολιορ-

1918 3161 2242 3240 sistendum
2285 3188 2428 3241 satis
2462 3161 2710 3242 habebat
2741 3188 2796 3240 in
2831 3161 3099 3259 promptu
3138 3161 3412 3257 militum,
3457 3207 3561 3244 nc-

192 3265 463 3339 κουμένοις,
497 3270 590 3322 καὶ
631 3268 950 3333 τοσαυτάκις
1003 3269 1350 3339 ἡττηθέντος.
1399 3270 1696 3343 Ἓρχονται
1750 3265 1807 3322 δὶ

192 3355 262 3407 καὶ
303 3355 383 3410 ἰπὶ
422 3360 484 3412 τὸ
533 3359 796 3434 φρούριον
845 3359 904 3412 τὸ
950 3357 1287 3430 καλούμενον
1319 3355 1658 3424 Χελιδόνιον,
1720 3356 1806 3411 ἐπὶ

195 3443 355 3513 βρυνθῦ
425 3467 480 3500 τι
556 3449 922 3518 ἀποκρήμνου
999 3443 1287 3522 ἱδρυμένον
1343 3447 1434 3500 καὶ
1494 3447 1558 3500 οὐ
1617 3445 1807 3522 πὸῥρω

190 3533 398 3604 κείμενον
449 3539 547 3589 τοῦ
603 3530 821 3589 Τιϐίου”
888 3535 974 3589 καὶ
1029 3534 1444 3608 κυκλωσάμενοι
1503 3538 1664 3588 τοῦτο
1713 3536 1804 3588 τά-

192 3640 321 3695 ςροις
365 3624 450 3678 γαί
509 3624 713 3699 χάραξι
775 3621 864 3678 διὰ
893 3621 1244 3701 προσεδρείας
1303 3624 1596 3698 ἠπείγοντο
1632 3643 1807 3698 παρα-

190 3713 465 3779 στήσασθαι·
527 3715 620 3766 καὶ
671 3716 773 3788 γαρ
833 3711 899 3781 δὴ
931 3715 1019 3767 καὶ
1053 3712 1331 3782 ἐσπάνιζον
1363 3716 1469 3767 τῶν
1503 3712 1806 3787 ἀναγκαίων

190 3799 230 3849 οἱ
277 3796 393 3854 tim
446 3806 544 3855 τοῦ
601 3802 845 3876 τείχους,
1043 3801 1336 3878 φθάσαντες
1396 3800 1807 3874 εἷσκομίσασθαι

189 3896 241 3948 τὰ
264 3895 527 3968 ἐπιτήδειοι
587 3897 677 3954 διὰ
705 3899 767 3952 τὸ
806 3906 905 3969 τῆς
965 3894 1288 3974 προσϐολῆς
1321 3898 1645 3976 ὀξύρροπον,
1708 3899 1810 3955 Καὶ

192 3990 563 4058 παρεστήσαντο
608 3987 669 4042 ἃν
717 3987 806 4042 καὶ
859 3992 1042 4059 τοῦτο,
1103 3987 1150 4042 εἷ
1201 3990 1277 4060 μή
1336 3985 1620 4063 αἴφνιδίως
1650 3991 1684 4058 ἡ
1714 3993 1811 4042 τοῦ

193 4077 446 4147 πατρικίου
495 4079 735 4140 Λίοντος
783 4081 878 4131 τοῦ
916 4078 1201 4150 Τορνικίου
1233 4077 1284 4147 ἐξ
1315 4077 1539 4153 ἇσπέρας
1594 4076 1809 4154 ἀνήφθη

193 4161 454 4218 ἀποστασία
489 4208 502 4222 .
577 4166 753 4227 Οὗτος
808 4165 908 4239 γὰρ
967 4171 1284 4240 στρατηγῶν
1345 4165 1396 4220 ἐν
1459 4160 1667 4239 Ἰϐηρίᾳ
1721 4166 1811 4219 καὶ

192 4246 471 4321 διαϐληθεὶς
500 4255 577 4315 ὡς
611 4258 910 4328 τυραννιῶν
940 4261 1040 4324 τῆς
1097 4275 1156 4308 τε
1208 4257 1384 4331 ἀρχῆς
1442 4252 1812 4329 παραστίλλεο

190 4358 259 4391 ται
323 4341 405 4394 καὶ
483 4343 731 4417 μοναχὸς
803 4343 1147 4415 ἀποκείρεται
1214 4344 1303 4398 καὶ
1363 4343 1438 4405 είς
1493 4345 1590 4411 τὴν
1646 4343 1809 4398 πόλιν

191 4429 350 4502 ἀχθεὶς
402 4431 548 4486 οἶκοι
586 4431 768 4504 μένειν
802 4432 854 4486 ἐν
889 4429 1340 4503 Ἀδριανουπόλει
1399 4432 1810 4507 προστάττεται.

1917 3291 2028 3344 que
2056 3273 2266 3328 civium
2301 3291 2435 3345 erga
2468 3291 2528 3328 se
2563 3277 2691 3329 fidei
2728 3293 2792 3329 ac
2835 3276 3242 3331 benevolentiae
3294 3293 3356 3332 se
3406 3294 3562 3332 com-

1918 3365 2146 3416 mittere
2178 3363 2451 3429 audebat,
2486 3364 2541 3418 in
2579 3365 2819 3418 lberiam
2859 3365 3129 3420 nuntium
3162 3366 3330 3436 equis
3362 3367 3559 3436 dispo-

1917 3450 2047 3506 sitis
2082 3452 2260 3506 mittit
2291 3453 2361 3506 ad
2395 3453 3110 3522 Constantinum,omissis
3135 3471 3260 3525 quae
3294 3457 3348 3510 in
3371 3455 3561 3509 mani-

1922 3543 2028 3594 bus
2061 3548 2246 3608 erant,
2274 3541 2576 3595 celerrime
2598 3543 2666 3595 ad
2703 3542 2901 3612 Cpolin
2936 3559 3066 3596 cum
3093 3544 3343 3598 exercitu
3369 3543 3564 3598 venire

1911 3630 2151 3697 jubens.
2191 3630 2243 3684 Is
2279 3631 2531 3701 acceptis
2602 3630 2831 3697 litteris,
2889 3648 3230 3703 quanquam
3305 3633 3557 3702 jamjam

1920 3719 2211 3789 petiturus
2243 3718 2581 3774 Cbelidonio
2633 3719 2956 3790 videbatur,
3009 3720 3202 3775 soluta
3255 3722 3561 3776 obsidione

1918 3823 2052 3861 cum
2084 3807 2444 3879 Aplespbaro
2478 3823 2676 3878 pacem
2705 3807 3010 3878 fmdusque
3041 3808 3563 3879 componitJurato

1920 3901 1977 3949 et
2009 3896 2154 3950 diris
2185 3897 2357 3950 etiam
2391 3896 2448 3950 ni
2484 3897 2772 3967 promissa
2805 3896 3074 3967 impleret
3123 3896 3565 3967 imprecationi-

1923 3983 2031 4038 bus
2054 4001 2113 4038 se
2141 3985 2474 4048 devovente,
2501 4001 2562 4038 se
2603 3985 2661 4037 in
2700 3985 2810 4038 fide
2863 3984 3231 4055 imperatoris
3290 4001 3567 4056 perman-

1921 4089 2125 4128 surum
2142 4089 2329 4144 neque
2345 4071 2663 4144 quidquam
2680 4077 2883 4128 contra
2899 4073 3186 4128 Romanos
3202 4073 3566 4128 moliturum.

1927 4161 2027 4216 His
2059 4163 2138 4215 ita
2197 4162 2360 4229 aclis,
2397 4163 2464 4216 ad
2533 4163 2733 4217 urbem
2796 4178 2929 4216 cum
2990 4162 3243 4217 exerctiu
3295 4162 3562 4216 festinat.

1922 4261 2039 4316 Hoc
2073 4263 2243 4316 modo
2274 4261 2678 4314 Cbelidonium
2707 4260 3176 4332 liberutumese
3205 4278 3334 4315 cum
3368 4261 3571 4316 Orien-

1923 4349 2067 4404 tales
2124 4349 2382 4421 legiones
2417 4354 2722 4420 totumque
2799 4350 3116 4404 exercitum
3205 4350 3568 4414 adduxisset,

1914 4441 2089 4510 jussu
2125 4437 2493 4508 imperatoris
2554 4439 2756 4493 urbem
2789 4437 3046 4508 intravit,
3079 4438 3367 4493 exercitus
3401 4441 3568 4510 parte

192 4520 261 4582 Μὴ
313 4516 529 4592 ἐνεγκὼν
594 4518 654 4573 εὶ
711 4520 956 4596 εὐφόρως
988 4521 1054 4574 τὰ
1087 4521 1160 4582 εἰς
1192 4519 1350 4574 αὐτὸν
1378 4521 1643 4595 γεγονότα
1671 4520 1805 4574 ἀνια·

1924 4530 1981 4583 in
2004 4528 2311 4583 Thraciam
2361 4533 2777 4598 transportata,
2841 4529 2909 4581 ad
2956 4527 3361 4598 Chrysoyolin,
3437 4541 3565 4598 qua

191 4604 259 4673 ςὶ,
307 4603 467 4681 λάθρα
509 4607 606 4662 καῖ
650 4608 786 4662 κατά
836 4610 1029 4684 μικρὸν
1077 4608 1206 4670 τοὺς
1255 4608 1307 4665 ἒν
1368 4607 1811 4684 Ἀδριανουπόλει

1355 4697 1547 4752 ὀπόσοι
1619 4695 1814 4773 ἔτυχον

1361 4782 1449 4839 διὰ
1506 4783 1563 4839 δὲ
1607 4785 1815 4840 τούτων

190 4695 418 4768 πρότερον
485 4697 835 4752 ὐποποιεῖται
911 4697 1274 4773 στρατηγοὺς,

191 4778 313 4843 ὄντες
363 4785 782 4859 παρεωραμᾶνοι
832 4785 920 4840 καὶ
980 4786 1290 4860 ἄπρακτοι·

192 4869 264 4920 ut
310 4877 412 4925 τῶν
472 4873 643 4928 αὐτοῦ
694 4879 961 4949 συγγενῶν
1023 4875 1350 4951 ὑποφθείρας
1397 4874 1489 4928 καὶ
1538 4873 1666 4935 τοὺς
1699 4876 1816 4928 ὃσοι

190 4961 277 5011 τῶν
329 4959 717 5017 Μακεδονικῶν
771 4963 948 5038 ἦρχον
1002 4962 1294 5038 ταγμάτων
1350 4963 1437 5016 καὶ
1494 4961 1815 5037 Θρᾳκικῶν,

192 5048 263 5099 ut
311 5051 428 5111 τοὺς
488 5049 616 5104 ὅσοι
675 5049 973 5126 ἐσχόλαζον
1031 5050 1361 5125 στρατιώτας
1420 5050 1663 5113 καὶτοὺς
1699 5050 1819 5105 ὅσοι

196 5150 292 5205 ταῖς
345 5145 671 5217 λεηλασίαις
727 5148 816 5202 καὶ
872 5155 991 5211 ταῖς
1051 5146 1372 5223 διαρπαγαῖς
1431 5145 1680 5223 ἔχαιρον,
1731 5149 1820 5203 καὶ

196 5238 334 5307 χεῖρα
383 5236 578 5306 ἱκανὴν
634 5235 1053 5307 συστησάμενος,
1114 5235 1492 5311 ἀναγορεύεται
1548 5234 1822 5311 βασιλεὺς,

197 5321 270 5374 καὶ
317 5327 517 5379 ἅπαντα
577 5325 674 5379 τὸν
735 5326 822 5378 ὑπ’
873 5325 1029 5380 αὐτὸν
1085 5325 1300 5401 ἀγείρας
1361 5326 1492 5380 λαὸν
1554 5325 1673 5397 ὀξὺς
1705 5325 1821 5380 ἐπι-

202 5410 413 5481 εαὲνεται
469 5418 540 5486 τῇ
578 5409 844 5488 βασιλίδι,
875 5417 972 5466 τοῦ
1008 5413 1273 5490 βασιλέως
1308 5415 1448 5485 μήτε
1476 5413 1656 5468 ἱκανόν
1692 5412 1822 5469 λαὸν

202 5497 402 5574 ἔχοντος
455 5505 600 5577 πρὸς
661 5503 1070 5578 ἀντιπαράταξιν
1105 5508 1244 5577 μήτε
1302 5503 1652 5566 πιστεύοντος
1707 5511 1825 5568 τοῖς

204 5589 428 5653 πολίταις
459 5593 535 5654 ὡς
569 5589 783 5647 εὔνοιαν
809 5593 898 5647 καὶ
928 5594 1108 5648 πίστιν
1172 5593 1496 5672 φυλάξουσιν
1528 5592 1582 5655 ἇς
1639 5594 1825 5654 αὐτόν.

1929 4616 2073 4670 mari
2107 4616 2481 4670 interfluente
2512 4615 2672 4686 Cpoli
2707 4615 2978 4686 Opposita
3017 4623 3124 4682 est,
3159 4616 3276 4670 alia
3309 4617 3379 4670 ad
3412 4616 3568 4686 Aby-

1926 4708 2065 4760 dum
2100 4721 2225 4775 quae
2259 4704 2314 4757 in
2355 4703 2744 4774 Hellesponto.
2784 4708 2991 4758 Verum
3025 4704 3143 4758 haec
3189 4709 3388 4775 postea
3418 4708 3572 4757 tem-

1927 4795 2084 4864 poris
2116 4798 2264 4848 acta.
2321 4793 2628 4847 Tornicius
2679 4798 2811 4847 ante
2843 4793 3207 4848 Constantini
3259 4795 3571 4847 adventum

1932 4900 2129 4937 mense
2160 4881 2514 4952 Septembri,
2547 4880 2867 4936 indictione
2901 4884 3106 4952 prima,
3141 4882 3478 4952 imperator,
3514 4884 3577 4934 ut

1931 4969 2507 5030 diximus.salutalus
2541 4970 2692 5024 668
2717 4970 2870 5024 dicto
2896 4972 3069 5026 citius
3091 4972 3292 5043 Cpolin
3325 4970 3574 5040 obsidet,

1933 5085 2177 5140 sperans
2237 5084 2296 5120 se
2353 5066 2548 5121 statim
2623 5083 2690 5122 ea
2751 5068 3098 5138 potiturum,
3151 5070 3305 5136 quod
3355 5068 3579 5124 sciebat

1935 5160 2344 5229 imperatorem
2382 5154 2666 5210 militibus
2697 5155 2960 5212 destitui.
2988 5157 3165 5222 Igitur
3196 5157 3404 5213 castris
3445 5173 3578 5226 pro-

1932 5248 2086 5302 xime
2129 5244 2550 5298 monasterium
2583 5248 3010 5315 Anargyrorum
3069 5264 3099 5301 e
3152 5246 3384 5318 regione
3442 5246 3576 5300 Bla-

1936 5338 2284 5389 chernarum
2322 5333 2470 5397 fixis,
2509 5333 2761 5403 primum
2811 5336 2998 5388 verbis
3040 5352 3107 5390 ac
3139 5334 3578 5406 pollicitationi-

1939 5428 2044 5479 bus
2073 5421 2300 5478 animos
2333 5420 2546 5475 civium
2577 5423 3016 5491 tentat,deinde,
3044 5424 3273 5479 nemine
3307 5422 3578 5476 audiente

1935 5512 2276 5584 ipsum,vim
2312 5510 2617 5582 parat.Sed
2637 5517 2694 5565 et
2725 5511 3042 5582 imperator
3078 5515 3233 5569 cives
3265 5510 3575 5584 populum-

1938 5619 2048 5673 que
2077 5593 2291 5667 armat,
2321 5599 2512 5670 iisque
2546 5615 2846 5654 murorum
2875 5603 3271 5658 defensionem
3309 5597 3574 5656 commit-
