4014 6194
329 327 443 386 291

1676 316 1996 379 GEORGII
2042 306 2382 378 CEDRENI

3613 325 3719 385 292

326 456 687 530 postulatum
719 454 1085 528 Aplespbarii
1132 458 1321 509 ratum
1357 469 1417 508 se
1447 452 1660 506 habere
1719 454 1969 504 testatus

2083 465 2174 506 νος
2213 445 2304 518 μὲν
2339 444 2501 521 ἔργου
2533 445 2738 522 ε’ίχετο,
2766 449 2833 502 τὰ
2864 445 2921 504 δὶ
2981 448 3280 524 γράμματα
3341 449 3538 524 πέμπει
3595 455 3715 527 πρὸς

325 554 433 603 est.
467 549 589 612 Qua
621 550 854 616 accepta
888 542 1307 615 Aplespbarius
1339 541 1537 597 statim
1573 556 1692 594 rem
1746 553 1980 610 aggres-

325 655 428 692 sus
454 637 671 690 multas
692 634 844 690 559
879 633 1083 688 Cacicii
1111 633 1371 698 arCesiac
1408 629 1762 684 munitiones
1793 644 1978 698 expu-

328 731 536 798 gnatas
567 723 870 792 occupavit
923 721 1182 775 Cacicius
1227 737 1258 771 a
1293 719 1571 772 Romanis
1604 722 1978 788 oppugnatus

327 815 511 887 copiis
541 818 597 868 et
627 829 659 865 a
685 812 926 865 Tibiano
960 811 1222 880 praefecto
1247 807 1579 871 infestatus,
1611 807 1784 860 rebus
1844 806 1974 860 des-

327 903 565 976 peratis,
599 916 731 957 cum
756 899 987 955 Nicolao
1015 914 1214 969 pacem
1250 896 1405 966 facit,
1437 913 1538 966 per
1597 911 1852 966 eumque
1913 910 1975 949 se

322 1002 378 1048 et
410 994 610 1048 urbem
645 989 976 1060 Imperatori
1004 987 1182 1041 dedit.
1221 987 1301 1039 Ad
1341 1003 1515 1056 quem
1549 985 1844 1054 profectus
1867 1026 1882 1052 ,
1905 983 1977 1038 ab

323 1097 505 1152 eoque
537 1077 852 1149 magisterii
880 1075 1162 1147 dignitate
1195 1075 1504 1128 decoratus
1559 1073 1975 1143 amplissimis-

327 1171 522 1242 quein
572 1166 938 1238 Cappadocia
985 1166 1052 1219 ad
1100 1163 1604 1231 Charsianumque
1661 1167 1717 1216 et
1779 1161 1975 1215 Lican-

325 1262 493 1314 drum
529 1256 761 1330 praediis
809 1256 1083 1317 donatus,
1108 1253 1285 1307 vitam
1329 1252 1536 1307 exinde
1587 1256 1851 1322 pacatam
1909 1267 1976 1306 ac

323 1345 707 1418 tranquillam
739 1345 876 1413 egit.
910 1343 1362 1397 Monomarchus
1396 1346 1566 1410 capta
1598 1340 1792 1407 at'l‘ibii
1831 1356 1974 1409 prae-

321 1439 468 1492 fecto
500 1434 739 1490 castella
770 1437 826 1486 et
857 1432 1071 1502 oppida
1105 1437 1165 1484 ut
1198 1435 1419 1500 partem
1455 1429 1687 1484 Aniaxm
1719 1429 1972 1482 ditionis

324 1541 657 1596 reposcens,
688 1539 819 1576 cum
853 1537 919 1576 ea
948 1519 1333 1590 Aplesiihares
1366 1522 1571 1587 sponte
1606 1535 1718 1572 non
1771 1517 1972 1571 dimit-

324 1617 490 1678 teret,
523 1619 623 1667 sed
649 1627 826 1667 aurea
857 1608 1016 1664 bulla
1078 1607 1381 1671 niteretur,
1420 1605 1651 1662 Nicolao
1712 1605 1976 1677 praecipit

324 1710 384 1758 ut
421 1718 554 1757 cum
592 1703 846 1755 Romano
894 1704 950 1752 et
997 1697 1213 1752 Iberico
1251 1695 1503 1750 exercitu
1535 1699 1591 1749 et
1612 1696 1797 1765 ecpiis
1861 1703 1970 1747 Ar-

325 1789 528 1844 meniae
563 1789 803 1860 Magna,
855 1804 979 1857 qum
1031 1785 1296 1840 Cacicius
1345 1786 1604 1846 duxerat,
1640 1783 1854 1837 bellum
1917 1784 1968 1836 ei
2004 1814 2045 1876 Β

326 1877 516 1935 faciat.
551 1877 823 1932 Nieolaus
856 1873 1174 1930 contractis
1204 1873 1478 1927 omnibus
1511 1870 1692 1943 ecpiis
1735 1876 1968 1926 Bestar-

325 1969 495 2024 cham
519 1965 768 2023 Jasitam
794 1964 865 2020 iis
891 1962 1131 2034 praeficit
1148 1967 1204 2017 et
1227 1978 1401 2016 suum
1425 1977 1650 2015 servum
1683 1961 1965 2016 Constan-

322 2058 510 2112 tinum
563 2055 910 2126 magistrum
953 2053 1469 2120 Alanum,eosque
1499 2051 1571 2105 ad
1623 2067 1968 2120 oppugnan-

324 2147 465 2200 dum
495 2144 727 2199 Tibium
765 2144 965 2197 mittit.
1029 2142 1166 2196 Erat
1224 2139 1612 2210 Aplesphares
1653 2139 1847 2204 homo,
1909 2144 1970 2194 ut

324 2235 635 2306 quisquam
670 2233 841 2297 alius,
885 2230 1226 2284 bellicarum
1277 2228 1487 2284 artium
1551 2213 1966 2299 peritissimus,

321 2339 542 2396 gnarus
576 2322 653 2378 rei
711 2321 978 2393 gerendae
1025 2323 1082 2373 et
1129 2316 1378 2373 consilia
1430 2317 1690 2372 hostium
1733 2315 1969 2372 eludere

323 2412 593 2468 callidus.
631 2412 682 2466 Is
749 2425 880 2465 cum
941 2426 1002 2463 se
1057 2424 1263 2478 pugnes
1313 2423 1447 2461 cum
1475 2405 1753 2460 Romanis
1785 2407 1969 2476 copiis

323 2501 752 2557 committenda
814 2500 1093 2569 imparem
1148 2496 1410 2565 sentiret,
1463 2495 1616 2550 intra
1654 2512 1853 2548 muros
1908 2511 1969 2549 se

324 2590 601 2658 continet,
646 2603 1000 2658 amnemque
1078 2585 1395 2640 alluentem
1466 2585 1693 2650 avertit,
1768 2584 1846 2638 ita
1908 2589 1970 2637 ut

322 2695 556 2735 omnem
587 2677 713 2732 urbi
739 2675 987 2730 vicinam
1015 2673 1313 2746 planitiem
1338 2673 1387 2727 is
1407 2673 1719 2727 inundaret
1737 2678 1968 2743 stagno-

325 2784 438 2839 que
463 2775 520 2822 et
549 2782 710 2821 coeno
745 2764 975 2836 paludis
1009 2779 1226 2816 morem
1261 2762 1416 2818 560
1447 2760 1747 2832 oppleret;
1797 2767 1854 2816 et
1909 2761 1967 2816 in

324 2857 514 2911 vineis
544 2871 671 2926 qua
702 2853 918 2908 circum
957 2853 1154 2905 urbem
1186 2851 1243 2904 in
1277 2851 1472 2904 orbem
1507 2855 1673 2903 erant
1705 2851 1848 2911 sitae,
1883 2868 1969 2905 sa-

326 2945 596 3018 gittarios
624 2939 1061 3015 pcditesabdit;
1101 2943 1157 2994 et
1187 2943 1522 3010 exspectare
1552 2939 1788 3010 signum
1813 2941 1966 3011 quod

324 3034 448 3105 ipse
481 3033 622 3087 tuba
651 3032 898 3086 daturus
928 3029 1308 3098 essetjubet:
1363 3027 1441 3081 ita
1499 3027 1818 3083 instructus
1861 3029 1964 3084 ad—

323 3127 560 3176 ventum
593 3119 849 3174 hostium
884 3118 1165 3188 operitur.
1202 3117 1597 3171 Romanorum
1630 3124 1824 3171 autem
1857 3119 1962 3172 du-

321 3216 508 3266 ctores
540 3225 654 3280 prie
714 3214 870 3261 metu
929 3222 994 3260 ac
1063 3206 1468 3268 desperatione
1514 3222 1704 3259 rerum
1742 3207 1868 3261 urbi
1904 3225 1964 3260 se

322 3298 635 3354 inclusisse
655 3302 711 3351 et
731 3311 1003 3365 campum
1031 3299 1180 3365 aqua
1196 3293 1524 3365 Opplevisse
1545 3293 1963 3365 Aplespharem

321 3387 562 3459 opinati,
598 3386 928 3457 promiscue
951 3389 1007 3438 et
1040 3381 1201 3438 nullo
1234 3383 1453 3450 ordine,
1479 3382 1576 3438 alii
1607 3383 1835 3454 equites
1867 3385 1964 3440 alii

319 3479 391 3534 ab
421 3475 590 3548 equis
621 3473 891 3543 digressi,
927 3479 988 3526 ut
1017 3472 1225 3540 cuique
1251 3471 1609 3542 placebat,ad
1647 3472 1847 3527 urbem
1871 3491 1964 3527 oc-

319 3570 583 3632 currunt,
619 3564 808 3635 primo
839 3561 1064 3615 scilicet
1091 3576 1372 3628 aggressu
1415 3576 1545 3615 eam
1568 3562 1818 3632 captari.
1857 3563 1962 3616 Ubi

318 3657 379 3710 in
413 3655 535 3710 vias
566 3666 876 3724 pervenere
909 3666 1035 3720 quae
1063 3665 1159 3718 per
1182 3648 1404 3703 medias
1421 3649 1713 3703 ducebant
1744 3649 1961 3718 vineas,

311 3745 558 3815 jamque
592 3739 723 3794 urbi
746 3734 1432 3799 subiverunt,classicum
1459 3735 1846 3807 Aplesphares
1869 3755 1960 3795 ca-

321 3833 425 3886 nit.
461 3835 526 3884 Et
558 3829 777 3900 pedites
809 3843 877 3880 ex
908 3824 1142 3879 insidiis
1185 3824 1366 3879 coorti
1410 3825 1508 3878 alii
1541 3826 1697 3880 saxis
1753 3830 1962 3883 Roma-

321 3937 426 3974 nos
479 3922 796 3989 impetunt,
857 3914 951 3968 alii
1004 3915 1256 3983 desuper
1301 3914 1371 3966 de
1421 3915 1602 3984 septis
1662 3915 1960 3972 vinearum

319 4007 649 4073 vulnerant,
683 4020 812 4058 cum
875 4003 1110 4074 quidem
1164 4002 1442 4057 Romanis
1493 4004 1580 4058 sui
1616 4005 1964 4060 defendendi

320 4096 513 4153 omnis
544 4098 700 4150 esset
731 4095 928 4162 erepta
963 4091 1456 4163 facultas.lngens
1490 4098 1615 4148 tum
1651 4093 1848 4149 clades
1878 4113 1943 4151 ac

320 4192 508 4256 cepta,
543 4188 599 4239 et
628 4182 1022 4236 Romanorum
1057 4179 1508 4234 innumerabilis
1565 4197 1714 4235 caesa
1767 4184 1965 4237 multi-

324 4275 483 4340 tudo,
517 4288 646 4327 cum
683 4270 817 4340 equi
852 4270 1050 4339 fugere
1084 4285 1192 4322 non
1230 4274 1470 4338 possent
1494 4269 1631 4323 limo
1653 4277 1709 4324 et
1743 4271 1967 4326 lacunis

321 4361 609 4433 impediti.
670 4360 837 4430 [Egre
883 4357 1067 4427 elapsi
1137 4358 1354 4411 Jasites
1428 4363 1482 4410 et
1550 4357 1968 4417 Constantinus

324 4451 530 4508 Anium
561 4450 967 4521 pervenerunt,
1009 4445 1360 4516 Nicolaoque
1392 4444 1745 4502 calamitatis
1778 4449 1968 4504 nuntii

2085 534 2178 588 τὸν
2209 532 2630 612 Ἀπλησφάρην,
2657 536 2865 612 γράψας
2896 538 2984 592 καὶ
3037 539 3196 600 αὐτὸς
3255 539 3344 593 καὶ
3399 541 3714 615 παροτρύνεις

2086 623 2175 676 καὶ
2237 620 2434 697 δώροις
2493 624 2582 678 καὶ
2647 627 3003 701 ὑποσχέσεσιν
3059 627 3297 702 ἐρεθίσας
3350 627 3593 705 ἐνεργοὺς
3647 633 3719 686 0t-

2089 723 2208 775 σθαι
2239 713 2334 774 τὰς
2372 713 2662 788 βουλήσεις
2693 720 2790 770 τοῦ
2826 716 3112 791 βασιλέως.
3137 719 3197 774 Ὀ
3230 716 3286 772 δὲ
3316 719 3380 772 τὰ
3437 720 3716 795 γράμματα

2088 798 2373 874 δεξάμενος
2421 799 2696 875 ἀμείϐεται
2759 803 2982 876 ἐπιτελῆ
3055 815 3283 876 ποιῆσαι
3354 808 3419 863 τὰ
3483 806 3713 864 κεκελευ-

2088 890 2277 963 σμὲνα,
2311 891 2354 945 εί
2387 891 2617 967 γράμμα
2663 893 2937 972 πεμφθείη
2987 897 3165 969 τούτῳ
3228 895 3509 971 βασιλικὸν
3562 899 3715 973 ἀσφά-

2087 978 2238 1034 λειαν
2270 982 2510 1056 παρέχον
2547 983 2696 1054 αότῷ
2739 986 2914 1039 πάντα
2966 980 3112 1060 ἔχειν
3169 985 3219 1040 ἐν
3284 981 3487 1061 βεϐαίῳ
3538 985 3715 1042 δεσπο-

2084 1074 2250 1130 τικῶς
2306 1069 2372 1123 τὰ
2429 1070 2663 1146 φρούρια
2719 1073 2808 1126 καὶ
2861 1076 3095 1148 χωρία(
3137 1076 3194 1148 9)
3231 1073 3431 1150 ὅσαπερ
3493 1074 3716 1150 ἲσχῦσειε

2085 1156 2241 1232 νόμῳ
2272 1159 2520 1233 πολέμου
2561 1163 2858 1233 κτήσασθαι
2910 1163 3016 1218 ἀπὸ
3074 1167 3183 1218 τῶν
3236 1161 3596 1242 διαφερόντων
3647 1170 3718 1238 τῷ

2086 1249 2342 1322 Κακικίῳ.
2375 1247 2622 1322 Ἐδὲξατο
2652 1252 2741 1306 τὸν
2775 1250 2942 1327 λόγον
2991 1254 3017 1308 ὁ
3076 1252 3352 1328 βασιλεὺς,
3383 1252 3470 1308 καὶ
3531 1273 3718 1328 χρυσο-

2085 1332 2348 1399 ϐοὗλλσις
2410 1345 2644 1413 γραφαῖς
2721 1335 3030 1395 ἐπιϐεϐαιοῖ
3101 1340 3199 1395 ὅσα
3254 1343 3281 1395 ὁ
3341 1339 3718 1418 Ἀπλησφάρης

2084 1425 2362 1499 ᾐτήσατο“
2414 1428 2501 1481 καὶ
2582 1427 2872 1499 δεξάμενος
2941 1430 3103 1491 οὗτος
3167 1431 3229 1484 τὸ
3287 1430 3522 1504 γράμμα
3575 1428 3718 1506 ἔργον

2084 1515 2307 1586 ἥπτετο,
2341 1517 2428 1570 καὶ
2463 1513 2651 1570 πολλά
2679 1522 2784 1572 τῶν
2818 1523 2915 1572 τοῖ’)
2975 1519 3236 1575 Κακικίου
3294 1516 3718 1593 ἐκπολιορκήσας

2083 1602 2340 1679 κατέσχεν
2403 1604 2742 1680 ὀχυρώματα
2825 1607 2913 1661 καὶ
2986 1607 3190 1684 χωρία.
3243 1609 3301 1665 Ὀ
3360 1605 3418 1662 δὶ
3477 1608 3715 1670 Κακίκιος

2085 1694 2186 1748 ὑπό
2240 1715 2295 1747 τε
2351 1701 2450 1762 τῆς
2479 1696 2792 1767 Ῥωμαϊκῆς
2827 1693 3106 1768 δυνάμεως
3151 1695 3570 1769 πολεμούμενος
3627 1697 3716 1751 ὑπό

2081 1804 2139 1836 τε
2167 1787 2264 1836 τοῦ
2297 1783 2564 1857 ἄρχοντος
2595 1784 2691 1837 τοῦ
2734 1780 2920 1838 Τιϐίου
2976 1783 3437 1856 λεηλατούμενος,
3467 1786 3558 1838 καὶ
3615 1792 3716 1848 τοῖς

2081 1877 2238 1926 πᾶσιν
2302 1873 2649 1948 ἀπεγνωκὼς,
2713 1870 2992 1928 σπὲνδεται
3048 1874 3184 1949 πρὸς
3233 1875 3324 1928 τὸν
3379 1876 3720 1948 παρακοιμώο

2085 1981 2242 2033 μενον
2273 1960 2361 2015 καὶ
2389 1966 2711 2037 προσχωρεῖ
2741 1965 2817 2034 τῷ
2872 1959 3088 2036 βασιλεῖ
3134 1959 3206 2016 δι’
3236 1963 3423 2034 αὐτοῦ,
3457 1961 3720 2038 παραδοῦς

2078 2051 2176 2116 τήν
2205 2049 2390 2106 πόλιν.
2427 2052 2520 2104 Καὶ
2558 2052 2584 2104 ὁ
2621 2052 2713 2123 μὶν
2749 2051 2801 2113 ἂς
2833 2051 2922 2106 τὸν
2962 2051 3190 2126 βασιλέα
3242 2050 3415 2107 ἐλθὼν
3472 2053 3564 2107 καὶ
3622 2053 3718 2123 μά-

2079 2159 2302 2214 γιστρος
2347 2140 2623 2211 τιμηθεὶς,
2684 2140 2775 2194 καὶ
2825 2141 3004 2216 χωρία
3056 2138 3449 2215 πολυπρότοδα
3491 2143 3627 2196 κατά
3668 2162 3718 2196 τι

2082 2225 2463 2282 Καππαδοκίαν
2509 2228 2599 2282 καὶ
2646 2229 2736 2282 τὸν
2789 2230 3087 2304 Χαρσιανὸν
3149 2229 3238 2283 καὶ
3292 2229 3384 2284 τὸν
3436 2228 3719 2299 Λικανδρὸν

2080 2315 2346 2395 εἰληφὼς,
2409 2316 2681 2389 εῗρηνικὸν
2750 2318 2839 2371 καὶ
2916 2316 3187 2393 ἀτάραχον
3239 2319 3331 2372 τὸν
3388 2319 3495 2374 ἀπὸ
3550 2324 3646 2373 τοῦ
3698 2341 3718 2375 ε

2079 2405 2235 2475 ἔζησε
2297 2404 2458 2480 βίον·
2516 2406 2543 2459 ὁ
2604 2403 2661 2460 δὲ
2720 2406 3061 2480 Μονομάχος
3102 2407 3170 2461 τὰ
3225 2405 3716 2483 ἐκπολιορκηθὲντα

2080 2493 2311 2571 φρούρια
2341 2495 2486 2566 παρὰ
2514 2499 2610 2549 τοῦ
2640 2490 2908 2548 Τιϐιώτου
2939 2495 3029 2549 καὶ
3088 2495 3268 2570 χωρία
3326 2495 3400 2558 ὡς
3460 2497 3598 2572 μέρη
3630 2499 3716 2552 τοῦ

2080 2583 2258 2640 Ἀνίου
2316 2587 2608 2654 ἐπιζητῶν,
2660 2587 2739 2657 [Ρ⁸
2771 2586 2898 2656 763]
2940 2583 3054 2638 ἐπεὶ
3104 2583 3236 2639 ἑκών
3297 2606 3358 2660 γε
3399 2585 3604 2648 ἐκεῖνος
3659 2585 3715 2641 οὗ

2083 2674 2294 2746 μεθίετο
2351 2673 2582 2742 τούτων,
2618 2673 2742 2730 ἀλλ⁹
2800 2673 3078 2749 ἀντείχετο
3137 2682 3236 2743 τῆς
3292 2670 3716 2751 χρυσοϐούλλσυ

2078 2770 2311 2840 γραφῆς,
2351 2765 2644 2837 ἀναιρεῖται
2693 2761 2938 2835 πόλεμον
2992 2763 3130 2838 πρὸς
3169 2764 3353 2831 αὐτὸν,
3412 2764 3503 2818 καὶ
3559 2764 3715 2820 πάλιν

2079 2853 2398 2926 προστάττει
2455 2851 2534 2924 τῷ
2590 2850 3072 2928 παρακοιμωμένῳ
3136 2854 3269 2925 μετά
3315 2874 3377 2927 γε
3431 2861 3534 2922 τῆς
3584 2855 3717 2910 Ῥω-

2084 2948 2284 3014 μαϊκῆς
2321 2941 2510 3016 χειρὸς
2539 2945 2632 2995 τοῦ
2674 2961 2731 2995 τε
2761 2935 3038 3014 Ἰϐηρικοῦ
3089 2945 3316 3014 στρατοῦ
3374 2941 3462 2996 καὶ
3512 2950 3613 3012 τῆς
3669 2943 3715 2996 ιν

2077 3033 2145 3102 τῇ
2232 3027 2442 3105 μεγάλῃ
2531 3027 2786 3103 Ἀρμενίᾳ
2865 3026 3168 3100 δυνάμεως,
3220 3032 3285 3098 ἧς
3361 3038 3635 3107 κατῆρχεν
3692 3033 3717 3086 ὁ

2080 3119 2367 3188 Ἀνιώτης,
2397 3122 2474 3187 τῷ
2504 3117 2866 3195 Ἀπλησφάρῃ
2914 3117 3202 3189 πολεμεῖν.
3255 3120 3431 3180 Πάσας
3488 3119 3581 3174 οὖν
3635 3122 3718 3174 οὗ·

2074 3229 2168 3269 τος
2239 3205 2514 3279 ἡθροικὼς
2596 3206 2691 3266 τὰς
2758 3203 3033 3277 δυνάμεις,
3090 3206 3178 3259 καὶ
3239 3205 3478 3282 ἄρχοντα
3536 3209 3717 3270 αὐταῖς

2073 3295 2364 3365 ἐπιστήσας
2397 3293 2631 3370 Μιχαὴλ
2675 3295 2764 3348 τὸν
2830 3293 3139 3370 βεστάρχην
3199 3295 3286 3350 τὸν
3351 3297 3580 3368 Ἰασίτην
3633 3298 3717 3351 καῖ

2070 3385 2162 3439 τὸν
2191 3384 2381 3438 ἑαυτοῦ
2413 3381 2609 3438 δοῦλον
2657 3385 2768 3456 (30)
2822 3389 3222 3438 Κωνσταντῖνον
3281 3385 3578 3460 μάγιστρον
3627 3387 3714 3441 τὸν

2074 3471 2322 3540 Ἀλανὸν,
2356 3473 2492 3526 κατὰ
2544 3476 2645 3526 τοῦ
2703 3467 2899 3528 Τιόίου
2957 3471 3242 3544 ἐκπέμπει.
3274 3474 3330 3526 Ὀ
3389 3471 3445 3528 δὶ
3502 3474 3712 3545 Ἀπληο

2071 3562 2303 3640 σράρης,
2361 3561 2869 3636 στρατηγικώτατος
2927 3557 3206 3636 ἅνθρωπος
3279 3558 3374 3632 ὢν,
3435 3560 3586 3639 ε’ίπερ
3635 3584 3712 3624 τις

2074 3649 2266 3718 ἄλλος,
2300 3650 2389 3704 καὶ
2421 3644 2553 3725 ἔργα
2583 3648 2861 3721 πολεμικᾶ
2911 3649 3000 3703 καὶ
3061 3647 3262 3724 βουλὰς
3325 3651 3535 3726 ἐχθρῶν
3597 3649 3713 3706 δια-

2073 3738 2322 3797 σκεδάσαι
2374 3737 2692 3811 δυνάμενος,
2754 3739 2890 3813 πρὸς
2949 3739 3043 3812 μὲν
3103 3741 3200 3808 τὴν
3251 3741 3576 3813 -Ῥωμαϊκὴν
3625 3739 3714 3796 3-5-

2070 3852 2228 3902 ναμιν
2285 3825 2444 3890 εἰδὼς
2501 3827 2687 3881 ἑαυτὸν
2748 3828 2821 3899 μή
2855 3827 3154 3903 ἀξιόχρεων
3213 3827 3307 3882 οὐκ
3367 3830 3716 3903 ἀντιπαριτὰο

2074 3923 2218 3992 ξατο,
2281 3915 2407 3972 εἶ’σω
2467 3913 2524 3970 δὲ
2577 3919 2780 3990 τειχῶν
2833 3915 3148 3991 συγκλείσας
3217 3917 3406 3972 ἑαυτὸν
3480 3919 3568 3972 καὶ
3628 3921 3718 3973 τὸν

2074 4006 2441 4083 παραῤῥὲοντα
2530 4003 2922 4079 μενοχετεύσας
2990 4005 3236 4077 ποταμὸν
3273 4052 3286 4077 ,
3371 4006 3459 4060 καὶ
3546 4013 3716 4061 πᾶσαν

2076 4095 2369 4158 ἐπικλύσας
2397 4096 2494 4164 τὴν
2525 4090 2753 4149 πεδιάδα
2808 4093 2898 4147 καὶ
2957 4091 3421 4166 ἀποτελματώσοις
3479 4093 3715 4166 πηλώδη

2073 4207 2130 4240 τε
2190 4182 2348 4238 οὖσαν
2400 4183 2488 4237 καὶ
2544 4179 2845 4257 τεναγώδη,
2897 4182 3200 4256 προσέμενε
3265 4185 3364 4251 την
3441 4183 3718 4240 ἒπὲλευσιν

2074 4279 2180 4327 τῶν
2238 4270 2515 4340 ἐναντίων,
2571 4269 2941 4345 παρασπείρας
3000 4269 3050 4324 ἐν
3109 4277 3226 4334 τοῖς
3289 4270 3567 4327 κῦκλωθεν
3628 4281 3724 4342 τῆς

2076 4361 2290 4424 πόλεως
2351 4359 2498 4416 οὖσιν
2560 4357 2850 4432 ἀμπελῶσι
2907 4358 3129 4429 τοξότας
3186 4359 3400 4428 πεζοὺς,
3445 4361 3535 4416 καὶ
3594 4362 3723 4434 x96-

2076 4463 2297 4515 πτεσθαι
2355 4451 2444 4505 καὶ
2502 4449 2824 4523 προσμένειν
2882 4446 3163 4517 κελεύσας,
3219 4447 3382 4524 ἄχρις
3433 4449 3491 4504 ἂν
3563 4451 3725 4512 αὐτὸς

324 4543 579 4598 fuerunt.
619 4540 694 4592 De
726 4553 842 4607 qua
873 4534 1033 4590 clade
1060 4535 1272 4589 certior
1303 4535 1493 4588 factus
1517 4535 1836 4606 imperator
1869 4539 1966 4596 Ni-

2080 4541 2142 4614 τῇ
2201 4537 2463 4613 σάλπιγγι
2525 4536 2931 4609 ἔπιτημήνηται
2985 4537 3047 4590 τὸ
3079 4534 3349 4594 ἐνυάλιον.
3385 4538 3452 4596 Οἱ
3508 4535 3564 4593 δὲ
3614 4544 3721 4593 τῶν

323 4629 484 4685 colao
523 4634 579 4682 et
605 4627 805 4682 Jasita:
845 4626 1087 4695 abrogat
1116 4623 1552 4694 magistratum,
1595 4625 1720 4680 loco
1775 4626 1972 4683 Jasita

325 4719 529 4774 ducem
565 4715 762 4772 Iberia»
797 4713 933 4768 facit
962 4713 1343 4776 Ambustum,
1378 4728 1478 4782 pro
1522 4712 1757 4770 Nicolao
1791 4716 1970 4789 impe-

323 4812 573 4863 ratorem
587 4802 905 4860 exercitum
919 4807 1076 4856 creat
1104 4804 1352 4856 Constan
1365 4802 1398 4855 ti
1411 4819 1548 4857 uum
1568 4820 1792 4875 magna;
1810 4809 1978 4864 soda-

2082 4629 2367 4702 Ῥωμαίων
2424 4625 2688 4701 ἄρχοντες
2743 4623 2834 4678 τόν
2879 4645 2937 4678 τε
2983 4623 3060 4685 εἲς
3088 4625 3187 4693 τὴν
3245 4625 3407 4681 πόλιν
3469 4625 3724 4702 συγκλει-

2085 4718 2221 4790 σμὸν
2280 4716 2366 4769 καὶ
2420 4715 2518 4782 τὴν
2573 4720 2672 4783 τῆς
2703 4710 2958 4774 πεδιάδος
2990 4711 3270 4769 ἐπίκλυσιν
3303 4710 3510 4776 δειλίας
3565 4713 3724 4791 ἔργον

2085 4807 2173 4863 καὶ
2231 4803 2594 4877 ἀπογνώσεως
2652 4801 2943 4878 κρίναντες,
2994 4802 3212 4857 ἄτακτοι
3287 4803 3376 4858 καὶ
3448 4801 3728 4878 σποράδην

1511 4946 1887 5007 XYLANDRI
1931 4953 2019 5008 ET
2056 4951 2274 5009 GOARI
2312 4949 2541 5004 NOT/E.

415 5072 505 5141 29)
540 5072 737 5143 Pages.
773 5067 984 5143 Χωρίον
1021 5069 1301 5143 moderna
1329 5068 1526 5141 lingua
1557 5087 1746 5142 pagus.
1791 5073 1972 5132 Goaa.

316 5189 330 5206 ,
363 5141 508 5216 *(30)
534 5141 747 5216 Servos
775 5141 956 5216 fuisse
981 5141 1311 5216 magistros
1330 5157 1453 5216 n_on_
1475 5141 1666 5196 credo.
1699 5145 1974 5216 Legerem

329 5207 546 5291 aliquid
586 5231 687 5284 pro
720 5209 942 5291 δοβλον,
977 5207 1485 5291 Γοςυιῖιεεθ-ἀδελφόν
1517 5219 1617 5267 aut
1643 5207 1974 5291 taleuquip-

331 5287 484 5354 piam
513 5302 526 5340 :
554 5301 688 5338 vero
707 5285 857 5339 enim
887 5284 1126 5356 propius
1156 5289 1244 5356 est
1277 5284 1512 5338 fratrem
1545 5302 1717 5356 quam
1747 5284 1974 5344 servum

328 5356 542 5438 Nicolai
576 5358 924 5438 magistrum
953 5354 1374 5438 rUlSSQ.XY‘L'.-‘-
1410 5354 1675 5438 Apetoris
1707 5375 1807 5414 ceu
1833 5378 1978 5416 sana

327 5434 552 5503 retenta
576 5425 840 5494 lectione,
879 5427 1212 5480 monendus
1244 5425 1839 5497 Xylandereumdem
1876 5431 1974 5503 qui

329 5502 607 5571 magister
639 5505 751 5566 est,
784 5515 912 5571 esse
962 5513 1130 5571 posse
1191 5513 1438 5571 servum.
1495 5504 1696 5554 Annon
1759 5502 1978 5558 dux’in

329 5569 523 5646 aliq’qg
575 5570 872 5646 provincia
894 5640 905 5646 _
929 5569 1410 5646 regisAsuhditus
1436 5575 1530 5646 est
1560 5575 1634 5637 et,
1667 5575 1730 5626 ut
1758 5575 1976 5646 aiunt,

323 5637 632 5700 vasallus?
661 5643 786 5698 Vox
815 5640 970 5699 enim
1005 5637 1205 5701 δοῦλος
1267 5658 1381 5696 non
1434 5641 1791 5700 inhonorarii
1839 5637 1977 5702 sub;

2083 5076 2188 5130 diti
2214 5073 2546 5145 signiﬁcatu
2581 5071 2674 5126 hic
2697 5072 2873 5145 jacet.
2910 5069 2992 5124 Ad
3029 5087 3159 5145 rem,
3183 5071 3736 5145 nostram,Cacicius

2084 5164 2211 5202 sese
2244 5142 2427 5216 n'uper
2458 5143 2829 5215 imperatoris
2860 5158 3112 5216 servum,
3146 5142 3202 5197 id
3249 5148 3336 5216 est
3401 5144 3731 5216 subditum,

2087 5218 2194 5272 fuit
2249 5213 2571 5288 professus,
2623 5218 2682 5268 at
2728 5231 2840 5268 non
2901 5213 3016 5268 alio
3073 5213 3372 5288 proposito
3396 5215 3506 5270 nisi
3549 5221 3614 5268 ut
3670 5216 3728 5269 in

2087 5286 2294 5344 Anium
2331 5288 2694 5356 lboriamque
2718 5290 3060 5356 perpetuum
3085 5286 3194 5338 sibi
3223 5286 3546 5340 vindicaret
3567 5288 3731 5357 prin-

2085 5362 2362 5431 cipatum.
2403 5357 3027 5431 Isqruergonstantinus
3060 5358 3295 5431 pariter,
3324 5358 3588 5431 magistri
3657 5359 3737 5412 di-

2086 5427 2378 5502 gnitntcin
2415 5427 2544 5502 aula
2571 5429 2670 5482 ΟΡ.
2699 5433 3023 5499 provectus,
3059 5427 3231 5502 simul
3271 5427 3468 5502 potuit
3517 5428 3734 5484 Alanis:

2089 5499 2370 5574 partionis
2401 5503 2472 5555 ab
2503 5501 2850 5574 imperatore
2887 5499 3548 5574 renuntiaridominus,
3581 5518 3646 5555 ac
3673 5505 3739 5574 ut

2089 5569 2365 5630 subditus
2396 5590 2496 5629 seu
2531 5569 2784 5627 vasallus
2841 5571 2953 5626 sub
2983 5571 3185 5633 eodem
3220 5570 3276 5626 in
3306 5571 3471 5628 bellis
3505 5572 3734 5628 mereri.

2089 5647 2268 5704 Goaa.
