4014 6194
411 293 534 353 295

1772 269 2089 334 GEORGII
2134 269 2471 332 CEDRENI

3675 281 3771 343 290

409 424 623 495 tit;et
656 421 870 478 milites
896 422 997 494 qui
1054 425 1183 476 tum
1243 417 1487 473 aderant
1549 410 1812 480 aliosque
1869 405 2040 495 ipsius

2174 402 2280 495 Καὶ
2354 398 2442 456 διὰ
2511 406 2672 459 τοῦτο
2746 403 2974 482 ἅγγελος
3030 406 3082 469 ἒς
3160 408 3253 462 τὸν
3309 414 3687 466 Κωνσταντῖνον
3726 411 3769 466 ἐν

399 514 572 583 jussu
606 530 637 568 a
670 492 1036 584 principibus
1051 512 1293 565 senatus
1315 500 1691 570 armatos,qui
1720 496 1873 552 ultra
1896 492 2054 549 mille

410 622 524 659 non
576 607 765 662 erant.
836 617 935 670 per
997 603 1220 670 portam
1301 593 1787 649 Blachernensem
1859 581 2056 641 educit

407 700 582 763 atque
613 693 888 745 adversos
916 689 1064 742 hosti
1114 684 1437 747 constituit,
1464 680 1611 734 vallo
1642 673 2052 731 tantummodo

400 778 929 852 interposito,qund
967 776 1249 847 impetum
1278 770 1622 826 irruentium
1660 765 1917 820 hostium
1963 778 2048 816 re-

404 851 752 925 moraretur.
790 867 959 938 Atqui
1021 866 1177 919 intra
1230 865 1426 933 portas
1460 876 1522 914 se
1548 856 1847 913 continere
1896 855 1953 907 et
1982 851 2053 905 de

402 959 588 1013 muris
619 956 896 1027 repellere
931 953 1264 1009 adorientes
1300 947 1653 1019 prastabat;
1684 947 1740 997 et
1772 939 2053 1010 magister

397 1058 655 1119 Argyrus
694 1044 875 1100 italus
911 1043 1286 1097 vehementer
1317 1036 1735 1107 quiritabatur,
1770 1048 1834 1083 ac
1864 1028 2048 1097 impe-

398 1143 645 1193 ratorem
678 1132 1028 1188 hortabatur
1062 1144 1131 1182 ne
1164 1144 1226 1182 se
1256 1130 1421 1180 extra
1476 1128 1673 1194 portas
1735 1120 2048 1178 emitteret,

402 1243 541 1281 neve
572 1240 707 1279 cum
734 1223 956 1277 favente
986 1215 1366 1273 multitudine
1397 1216 1455 1267 et
1488 1207 1711 1265 bellicis
1746 1204 2051 1261 laboribus

394 1320 632 1370 assueta
672 1310 1148 1381 congrederetur,
1173 1304 1297 1375 ipse
1348 1301 1599 1372 stipatus
1629 1296 1839 1368 exigua
1870 1309 2048 1348 manu

396 1404 655 1458 tironum
692 1398 944 1467 bellique
978 1395 1383 1464 imperitorum
1420 1387 1749 1443 hominum.
1790 1383 1871 1438 Ne
1903 1383 2046 1451 quid

393 1496 590 1546 tamen
624 1488 930 1553 obtineret,
989 1481 1406 1538 Constantinus
1463 1474 1784 1531 Leichudes
1837 1471 2047 1549 effecit,

397 1585 603 1634 auctor
641 1576 884 1633 alterius
918 1571 1142 1628 consilii
1176 1568 1316 1624 etin
1342 1582 1576 1621 summa
1601 1563 1755 1635 apud
1788 1561 2043 1632 impera-

395 1672 579 1723 torem
606 1665 971 1722 auctoritate.
1001 1662 1354 1729 Imperatore
1385 1671 1519 1710 cum
1552 1652 1677 1709 suis
1731 1651 1841 1706 sub
1911 1666 2041 1703 ves-

2164 485 2376 564 Ἰὄηρίᾳ
2449 490 2718 565 πέμπεται
2797 491 3084 568 δημοσίοις
3158 492 3360 573 ἔποχος
3424 496 3606 563 ’ίπποις
3662 503 3772 573 μετᾶ

2163 581 2503 655 γραμμάτων
2600 580 2898 655 βασιλικῶν
2959 583 3293 640 κελευόντων
3349 592 3457 642 τῶν
3515 588 3563 643 ἐν
3613 592 3770 664 γερσὶν

2165 668 2425 744 ἀφᾶμενον
2484 668 2657 744 ἔργων
2707 671 2986 748 ἀφικέσθαι
3046 674 3120 735 ὡς
3178 674 3349 750 τάχος
3414 678 3542 746 μετὰ
3574 660 3773 734 τῶν-δυ-

2163 760 2376 830 νάμεων
2432 758 2483 820 ἐς
2533 762 2636 829 τὴν
2697 760 2953 836 βασιλίδα
2988 808 3000 820 .
3066 764 3360 838 Δεξάμενος
3422 763 3469 819 δ’
3525 768 3673 829 οὗτος
3721 771 3774 823 τά

2162 846 2476 921 γράμματα,
2537 849 2711 904 καίτοι
2743 848 2795 905 ἐν
2851 853 3038 927 χερσὶν
3091 849 3236 929 ἔχων
3264 856 3326 910 τὸ
3358 855 3630 933 φρούριον,
3676 854 3774 912 λύει

2168 937 2261 1009 μὲν
2289 938 2387 1005 τήν
2433 936 2782 1012 πολιορκίαν,
2833 940 3111 997 σπένδεται
3171 940 3230 997 δὶ
3284 949 3365 1015 τῷ
3423 946 3772 1022 Ἀπλησφάρη,

2162 1024 2598 1099 ἀσφαλισάμενος
2657 1027 2816 1083 αὐτὸν
2876 1031 3031 1105 ἀραῖς
3080 1032 3170 1086 καὶ
3229 1028 3415 1106 ὅρκοις
3473 1034 3545 1095 ὡς
3594 1031 3773 1088 εὔνοιαν

2162 1111 2475 1192 διαφυλάξει
2530 1120 2609 1187 τῷ
2662 1116 2875 1191 βασιλεῖ
2910 1120 2997 1173 καὶ
3042 1117 3302 1176 οὐδέποτε
3334 1120 3614 1193 μελετήσει
3659 1128 3773 1200 φαῦ-

2160 1201 2255 1259 λον
2288 1204 2425 1259 κατὰ
2468 1205 2781 1278 Ῥωμαίων.
2837 1206 2995 1265 Οὕτω
3027 1205 3083 1264 δὲ
3114 1210 3315 1283 πράξας
3372 1210 3462 1265 καὶ
3519 1212 3609 1274 τὰς
3638 1209 3774 1266 δυνά-

2163 1314 2281 1365 μεις
2330 1289 2617 1349 ἀναλαϐὼν
2673 1293 2982 1360 σπουδαίως
3028 1299 3283 1373 ἠπείγετο
3335 1299 3469 1374 πρὸς
3506 1302 3602 1368 τήν
3653 1302 3777 1374 βασι-

2160 1379 2302 1436 λιδα.
2342 1382 2443 1437 Καὶ
2483 1383 2545 1437 τὸ
2582 1383 2673 1455 μὲν
2703 1380 3019 1439 Χελιδόνιον
3074 1391 3264 1441 τοῦτον
3293 1387 3383 1441 τὸν
3434 1388 3631 1462 τρόπον
3677 1386 3775 1443 δια-

2159 1467 2431 1546 διδράσκει
2488 1474 2587 1541 τὴν
2620 1469 2844 1527 ἅλωσιν
2903 1472 3021 1529 ὁδὶ
3065 1482 3464 1539 Κωνσταντῖνος
3522 1479 3645 1550 μετᾶ
3686 1482 3777 1532 τῶν

2156 1560 2305 1631 ὲῴων
2363 1560 2652 1634 ταγμάτων
2699 1561 2787 1616 καὶ
2820 1565 3018 1626 παντὸς
3076 1569 3171 1619 τοῦ
3240 1570 3470 1640 στρατοῦ
3530 1564 3776 1631 κατελθὼν

2156 1648 2313 1711 αὐτὸς
2378 1650 2472 1721 μὲν
2524 1648 2741 1705 εἷ’σεισιν
2793 1650 2868 1713 είς
2924 1655 3023 1722 τὴν
3091 1652 3370 1727 βασιλίδα,
3406 1656 3468 1709 τὸ
3503 1652 3561 1709 δὲ
3589 1654 3777 1723 πλῆθος

396 1772 597 1828 peram
631 1770 884 1826 egresso.
922 1749 1236 1822 perduellis
1267 1763 1406 1801 suos
1438 1750 1625 1797 armat
1650 1747 1705 1795 et
1746 1742 1804 1794 in
1858 1740 2039 1808 impe-

2155 1740 2289 1792 ἅπαν
2323 1744 2637 1811 περαιοῦται
2686 1743 2968 1815 προστάξει
3027 1746 3122 1796 τοῦ
3154 1741 3425 1818 βασιλέως
3459 1744 3537 1807 εἰς
3566 1744 3775 1819 Θρᾴκην,

395 1845 644 1901 ratorios
678 1858 889 1914 magno
937 1856 1071 1895 cum
1097 1837 1318 1907 impetu
1351 1834 1542 1901 irruit,
1574 1830 1844 1900 oculique
1874 1828 2039 1899 ζδθίε

401 1936 700 1989 momento
727 1944 1111 2003 perrumpens
1134 1924 1350 1980 vallum
1373 1939 1472 1978 eos
1507 1918 1915 1993 pellit.Horum
1943 1915 2039 1971 alii

398 2022 553 2093 capti
576 2025 733 2083 sunt.
768 2019 868 2075 alii
905 2017 1207 2088 fugientes
1238 2012 1296 2067 in
1328 2014 1545 2067 fossam
1602 2007 1730 2063 urbi
1788 2006 2041 2060 circum-

395 2113 592 2166 datam
628 2109 964 2163 inciderunt
993 2113 1052 2159 et
1082 2104 1293 2158 misere
1326 2097 1763 2173 perierunt.Sed
1807 2102 1862 2149 et
1892 2094 2043 2149 cives

400 2200 471 2255 de
505 2198 691 2253 muris
724 2196 1002 2268 praecipiti
1038 2196 1173 2265 luga
1198 2209 1259 2247 se
1288 2186 2042 2263 proripueruntProfugere

396 2289 573 2345 etiam
606 2291 903 2361 portarum
937 2279 1451 2339 Blachernensium
1485 2276 1903 2345 custodesmon
1938 2276 2038 2329 ob-

391 2378 566 2448 jectis
625 2383 922 2447 portarum
956 2372 1157 2427 valvis.
1198 2371 1359 2434 Quod
1413 2367 1525 2423 nisi
1556 2366 1865 2422 Tornicius
1926 2364 2040 2420 fato

394 2458 971 2535 fuissetimpeditusl
1000 2465 1266 2531 potuerat
1295 2459 1519 2527 absque
1550 2455 1671 2509 ullo
1722 2454 1920 2508 labore
1980 2453 2038 2507 in

391 2556 597 2610 urbem
632 2563 933 2627 penetrare
963 2567 1028 2605 ac
1060 2548 1371 2620 imperium
1400 2559 1702 2615 occupare.
1739 2547 1900 2595 Nunc
1944 2540 2039 2594 ille

394 2661 526 2700 cum
549 2642 820 2715 usquead
846 2643 1060 2697 fossam
1102 2652 1267 2692 muro
1307 2634 1637 2706 conliguam
1658 2630 2036 2703 pervenisset,

392 2735 464 2789 ab
498 2732 861 2804 insequendo
892 2728 1136 2784 destitit.
1177 2727 1287 2780 lloc
1316 2724 1581 2778 animum
1644 2721 2039 2792 imperatoriis

394 2822 746 2877 reddidit.ut
774 2826 831 2873 et
864 2824 1060 2888 portas
1090 2818 1445 2884 occuparent
1473 2818 1529 2866 et
1583 2827 1883 2865 murorum
1936 2811 2039 2863 de-

394 2913 718 2966 fensionem
750 2910 1134 2978 susciperent.
1170 2904 1331 2958 Haud
1368 2902 1545 2957 dnbie
1574 2904 1711 2954 tunc
1748 2902 1893 2954 Deus
1924 2898 2038 2952 im-

394 3006 721 3073 peratorem
751 2996 1023 3067 servavit,
1060 3012 1129 3050 ne
1162 2992 1373 3064 sagitta
1404 2989 1855 3058 interficeretur,
1910 3005 2036 3060 qua:

392 3089 451 3144 in
475 3089 671 3160 ipsum
702 3086 919 3143 emissa
939 3087 995 3139 in
1029 3083 1345 3138 rotundum
1378 3079 1691 3144 cujusdam
1723 3076 1924 3132 famuli
1949 3094 2032 3132 ca~

394 3177 531 3249 pitis
563 3182 794 3247 tegmen
827 3178 917 3229 est
946 3172 1155 3240 delata,
1190 3170 1341 3241 quod
1368 3173 1425 3223 et
1445 3166 1580 3221 huic
1611 3175 1668 3222 et
1699 3166 2035 3235 imperatori

396 3265 651 3321 salutare
684 3264 814 3319 fuit.
852 3264 925 3316 Ad
980 3260 1132 3315 hunc
1165 3274 1300 3330 ergo
1334 3257 1569 3310 modum
1606 3256 1743 3309 urbs
1775 3255 2039 3325 proxima

397 3352 680 3426 periculo,
713 3352 783 3407 ab
816 3351 984 3406 hoste
1018 3349 1202 3404 tamen
1237 3354 1405 3418 capta
1436 3362 1550 3400 non
1590 3347 1694 3399 est.
1730 3342 2039 3398 Tornicius

395 3461 530 3498 cum
566 3460 663 3514 per
693 3442 917 3511 aliquot
946 3439 1070 3494 dies
1105 3438 1161 3492 in
1194 3435 1401 3492 castris
1432 3432 1878 3493 haasisset.etab
1912 3432 2038 3500 ipso

400 3532 688 3603 paulatim
720 3532 789 3585 ad
826 3530 1236 3598 imperatorem
1264 3524 1632 3588 deficeretur,
1687 3521 1908 3576 veritus
1968 3537 2040 3576 ne

395 3621 483 3676 vel
519 3620 769 3675 universi
805 3619 876 3673 ab
909 3617 1035 3687 ipso
1066 3615 1385 3667 transirent
1410 3611 1494 3665 vel
1545 3610 1717 3665 etiam
1777 3625 2036 3680 compre-

400 3710 648 3764 hensum
680 3703 1018 3777 imperatori
1048 3702 1359 3771 traderent,
1378 3697 1586 3754 castris
1636 3698 1811 3752 motis
1862 3699 2038 3751 Arca-

399 3796 655 3868 diopolin
691 3802 844 3849 retro
876 3793 1039 3857 abiit,
1092 3790 1288 3859 ibique
1333 3804 1469 3843 cum
1526 3787 1750 3842 Joanne
1810 3789 2041 3840 Batatza

398 3891 591 3939 castra
627 3880 1152 3953 posuit.Tbeodoro
1177 3877 1564 3947 Strabomyta,
1605 3874 1767 3946 Polys
1827 3874 2036 3928 Maria-

398 3990 590 4045 noque
623 3974 830 4031 Brana.
864 3967 1323 4026 Occidentalium
1360 3966 1650 4035 legionum
1689 3963 1934 4017 ducibus
1981 3966 2041 4015 et

399 4061 511 4118 sibi
539 4061 824 4134 sanguine
881 4057 1248 4130 propinquis,
1299 4055 1371 4108 ad
1434 4053 1759 4108 Raadestum
1848 4068 2035 4122 oppu-

395 4152 690 4223 gnandam
752 4148 991 4213 missis;
1047 4162 1176 4216 qua:
1233 4144 1381 4201 565
1448 4144 1587 4197 urbs
1619 4158 1752 4196 cum
1803 4140 2037 4209 reliquas

393 4257 598 4297 omnes
629 4237 1008 4294 Macedonicas
1040 4241 1215 4305 atque
1230 4231 1520 4287 Thracicae
1555 4230 1725 4285 urbes
1770 4228 2038 4284 Tornicio

390 4329 798 4397 accessissent,
835 4328 1003 4380 fidem
1040 4340 1157 4377 una
1181 4323 1452 4376 servabat
1482 4335 1655 4391 opera
1694 4317 1949 4389 episcopi
1982 4321 2039 4370 et

393 4418 705 4489 cujusdam
730 4415 786 4471 in
844 4432 911 4470 ea
962 4414 1101 4468 urbe
1126 4426 1360 4466 summa
1392 4407 1650 4480 potentia
1682 4404 1904 4477 praditi
1940 4405 2035 4459 Ba-

2149 1828 2210 1881 τὸ
2267 1827 2362 1900 μὲν
2418 1828 2552 1882 κατὰ
2606 1828 2704 1897 τὴν
2756 1829 3124 1905 ἀντίπορθμον
3172 1836 3242 1905 τῇ
3299 1830 3544 1907 βασιλίδι
3592 1834 3776 1906 Χρυσό-

2150 1916 2311 1972 πολιν
2373 1918 2508 1990 (31),
2560 1918 2621 1972 τὸ
2680 1915 2737 1973 δὶ
2789 1919 2923 1973 κατᾶ
2978 1920 3077 1987 τὴν
3139 1919 3192 1975 ἐν
3254 1925 3333 1991 τῷ
3404 1919 3774 1993 Ἑλλησπόντῳ

2151 2000 2412 2062 ⁹¹Α6υδον.
2444 2004 2622 2063 Ἀλλά
2678 2012 2838 2062 τοῦτο
2893 2008 2987 2080 μὶν
3048 2007 3294 2082 ὕστερον*
3354 2009 3481 2083 πρὶν
3534 2012 3568 2077 ἦ
3623 2007 3676 2064 δὶ
3699 2011 3775 2069 τὰς

2152 2091 2407 2167 δυνάμεις
2458 2092 2657 2161 ἐλθεῖν,
2718 2097 2747 2150 6
2777 2097 3065 2170 Τορνίκιος
3095 2097 3231 2151 κατὰ
3278 2099 3369 2152 τὸν
3432 2096 3778 2169 Σεπτὲμεριον

2155 2190 2320 2254 μῆνα,
2377 2185 2475 2251 τῆς
2532 2191 2577 2237 α’
2632 2183 3026 2256 ὶπινεμήσεως,
3103 2184 3380 2260 βασιλεὺς,
3439 2188 3518 2249 ὡς
3580 2187 3777 2262 ἑλεχθη,

2150 2269 2476 2346 ἀναρρηθεὶς
2538 2277 2727 2335 θᾶττον
2785 2272 2820 2342 ἢ
2853 2271 3018 2348 λόγος
3072 2276 3171 2344 τήν
3231 2273 3486 2350 βασιλίδα
3520 2274 3780 2345 καταλαμ-

2150 2355 2320 2428 ϐάνει,
2375 2364 2455 2429 ΙΡ.
2511 2363 2635 2434 765]
2695 2360 2933 2430 ελπίζων
3002 2358 3253 2417 αὐτοϐοεὶ
3305 2364 3509 2434 ταύτην
3566 2364 3785 2438 αἱρήσειν

2150 2445 2240 2502 διὰ
2293 2449 2356 2503 τὸ
2417 2450 2491 2519 μή
2527 2449 2772 2525 εὐπορεῖν
2814 2452 2905 2505 τὸν
2953 2451 3178 2525 βασιλέα
3228 2449 3536 2525 δυνάμεων.
3572 2454 3665 2507 Καὶ
3692 2452 3781 2527 χὰ-

2146 2557 2286 2610 γακα
2326 2538 2635 2610 πηξάμενος
2673 2540 2993 2612 καταντικρὺ
3052 2544 3160 2595 τῶν
3224 2539 3595 2616 Βλαχερνῶν,
3655 2540 3783 2617 ἔγγι-

2150 2647 2246 2680 στα
2270 2633 2370 2696 τῆς
2403 2630 2576 2697 μονῆς
2608 2632 2716 2682 τῶν
2776 2628 2967 2702 Ἀγίων
3021 2628 3372 2705 Ἀναργῦρων
3408 2633 3548 2704 (32),
3580 2636 3780 2707 πρῶτον

2150 2714 2339 2789 λόγοις
2395 2716 2482 2770 καὶ
2542 2715 2895 2792 ὑποσχέσεσιν
2965 2719 3295 2794 ἀπεπειρᾶτο
3370 2724 3479 2774 τῶν
3533 2719 3781 2785 πολιτῶν,

2152 2801 2383 2875 μηδενὸς
2418 2801 2475 2858 δὶ
2504 2806 2873 2880 προσέχοντος
2928 2808 3077 2877 αὗτῷ
3109 2804 3217 2877 ἤδη
3252 2806 3343 2861 καὶ
3374 2802 3541 2881 ἔργου
3572 2807 3778 2876 ἥπτετο.

2149 2892 2249 2949 Καὶ
2300 2892 2460 2954 αὐτὸς
2503 2890 2559 2947 δὲ
2607 2894 2633 2947 6
2670 2893 2923 2969 βασιλεὺς
2955 2892 3043 2949 διά
3071 2916 3129 2950 τε
3158 2900 3262 2949 τῶν
3294 2895 3539 2951 πολιτῶν
3572 2898 3657 2951 καὶ
3684 2900 3779 2951 τῶν

2146 2983 2577 3057 παρευρεθὲντων
2648 2983 2786 3037 κατά
2853 2983 3029 3059 τύχην
3105 2990 3445 3057 στρατιωτῶν
3506 2987 3778 3059 ἀντιπαρε-

2144 3069 2386 3140 τάττετο,
2431 3072 2557 3133 τοὺς
2604 3073 2697 3143 μὲν
2749 3070 2984 3135 πολίτας
3030 3073 3120 3127 καὶ
3168 3074 3259 3129 τὸν
3293 3071 3467 3145 δῆμον
3496 3076 3655 3145 τάξας
3705 3073 3780 3128 ἐπὶ

2146 3164 2242 3215 τοῦ
2272 3160 2512 3234 τείχους,
2544 3159 2671 3223 τοὺς
2720 3159 2777 3215 δὲ
2818 3162 3254 3237 παρατυχόντας,
3312 3166 3649 3238 στρατιώτας
3702 3163 3782 3217 καὶ

2147 3247 2352 3309 ἄλλους
2408 3250 2556 3309 τινας
2608 3248 2764 3311 ὅσους
2824 3251 2877 3304 οἱ
2934 3257 3032 3319 τῆς
3064 3248 3380 3326 συγκλήτου
3412 3253 3675 3327 ἄρχοντες
3699 3272 3783 3305 κε-

2148 3336 2327 3393 λεύσει
2382 3336 2577 3392 τούτου
2630 3336 3002 3410 καθώπλισαν,
3031 3341 3106 3411 μὴ
3138 3318 3306 3395 πλέον
3342 3318 3456 3394 τῶν.
3479 3318 3681 3417 ἱιλίων
3712 3336 3787 3394 ὅν-

2146 3446 2262 3496 τας,
2322 3425 2593 3501 ἐξαγαγὼν
2653 3431 2749 3481 τοῦ
2805 3426 3027 3502 τείχους
3060 3425 3148 3482 διὰ
3201 3433 3308 3482 τῶν
3343 3427 3395 3482 ἐν
3452 3428 3785 3505 Βλαχέρναις

2146 3514 2335 3570 πυλῶν
2396 3516 2803 3587 ἀντιμετώπους
2863 3512 3054 3585 ἔστησε
3105 3522 3185 3588 τῷ
3236 3519 3483 3592 τυράννῳ
3519 3564 3533 3586 ,
3593 3518 3785 3594 τάφρον

2145 3604 2265 3658 τινὰ
2320 3604 2768 3677 προστησάμενος
2800 3603 2874 3665 εἷς
2902 3603 3138 3677 κώλυμα
3184 3609 3291 3659 τῶν
3347 3604 3639 3675 ἐπιόντων,
3678 3605 3787 3661 δέον

2146 3691 2276 3748 ε”σω
2316 3692 2506 3748 πυλῶν
2565 3692 2778 3768 ἆπέχειν
2812 3693 2898 3747 καὶ
2956 3692 3062 3747 ἀπὸ
3114 3697 3218 3747 τῶν
3270 3698 3472 3771 τειχῶν
3500 3694 3631 3758 τοὺς
3678 3694 3785 3749 ἔπι-

2148 3784 2303 3845 όντας
2329 3780 2641 3853 ἀμύνεσθαι,
2674 3780 2860 3837 πολλὰ
2887 3786 2983 3837 τοῦ
3019 3782 3319 3856 μαγίστρου
3370 3784 3643 3859 Ἀργυροῦ
3697 3788 3787 3838 τοῦ

2148 3870 2359 3926 Ἰταλοῦ
2385 3871 2763 3942 ποτνιωμένου
2805 3871 2894 3924 καὶ
2943 3871 3385 3944 παρακαλοῦντος
3432 3871 3564 3927 εἷ’σω
3619 3872 3786 3945 μὲνειν

2148 3960 2237 4013 καὶ
2272 3961 2346 4031 μή
2381 3957 2717 4027 ἐξάλλεσθαι,
2768 3960 2853 4012 καὶ
2906 3964 2980 4031 μή
3030 3958 3203 4022 θέλειν
3237 3959 3355 4031 λαῷ
3387 3959 3787 4031 συμπλέκεσθαι

2153 4047 2468 4120 μαινομένῳ
2518 4047 2602 4101 καὶ
2657 4046 2887 4121 ὀργῶντι
2936 4046 3023 4101 καὶ
3077 4054 3491 4121 στρατιωτικαῖς
3544 4048 3792 4123 μελέταις

2147 4134 2510 4208 ἓνηθλημένῳ
2576 4134 2709 4207 μετὰ
2769 4140 3113 4209 στρατιωτῶν
3175 4134 3477 4212 ὀλιγοστῶν
3520 4139 3612 4192 καὶ
3664 4135 3793 4191 λαοῦ

2144 4224 2372 4285 νεαλοῦς
2410 4224 2497 4277 καὶ
2523 4221 2989 4296 ἀπειροπολέμου.
3044 4222 3217 4279 Ἀλλὰ
3272 4230 3437 4279 ταῦτα
3477 4225 3653 4299 λέγων
3706 4224 3799 4280 οὐκ

2145 4311 2370 4369 ἔπειθεν
2449 4311 2719 4366 ἀντὲκειτο
2796 4312 2899 4387 γὰρ
2982 4317 3386 4376 Κωνσταντῖιος
3458 4315 3487 4368 6
3550 4317 3655 4383 τήν
3715 4314 3798 4368 ἕπ-

2146 4401 2387 4475 ωνυμίαν
2448 4398 2775 4477 Λειχούδης,
2835 4401 2902 4454 τά
2928 4406 3118 4476 πρῶτα
3174 4400 3296 4456 τότε
3347 4402 3493 4477 παρὰ
3526 4402 3794 4478 βασιλέως

386 4512 576 4572 tatzae,
612 4505 712 4577 qui
748 4510 804 4560 et
832 4505 955 4575 ipse
985 4499 1464 4570 consanguineus
1496 4501 1619 4551 erat
1649 4494 1925 4551 Tornicii.
1968 4493 2035 4548 Hi

2152 4493 2320 4570 φὶρων
2393 4488 2483 4543 καὶ
2565 4490 2702 4565 μέγα
2759 4489 2904 4563 παρὰ
2956 4487 3138 4562 τούτῳ
3195 4487 3490 4562 δυνάμενος
3549 4492 3645 4545 καὶ
3701 4499 3795 4559 τῆς

387 4612 523 4650 cum
560 4594 700 4649 nihil
738 4595 1028 4647 efticerent
1064 4590 1366 4659 aliquanto
1391 4587 1447 4640 in
1472 4586 1600 4656 ejus
1624 4584 2029 4654 oppidioppu-

387 4686 666 4758 gnatione
696 4688 879 4736 tracto
908 4678 1324 4750 tempore,ipse
1373 4676 1548 4729 etiam
1604 4672 1909 4727 Tornicius
1967 4688 2033 4726 eo

387 4778 631 4830 cunctas
690 4788 831 4826 suas
891 4768 1051 4825 ducit
1109 4767 1324 4837 capias.
1367 4768 1626 4832 Cumque
1657 4761 1815 4816 omni
1848 4776 2031 4832 Oppu-

391 4870 633 4935 gnasset
663 4866 872 4917 conatu
906 4865 961 4914 et
994 4855 1400 4911 machinarum
1446 4868 1621 4907 omne
1654 4866 1839 4922 genus
1869 4849 2033 4904 adhi-

390 4953 635 5017 buisset,
664 4948 974 5020 oppidanis
1002 4944 1229 5000 fortiter
1257 4940 1729 5005 defendentihus,
1763 4939 2034 5010 proﬂiga-

388 5045 508 5106 tus,
544 5039 732 5094 soluto
769 5037 997 5092 obsidio
1065 5030 1477 5101 Arcadiopolin
1554 5028 1750 5081 rediit.
1802 5027 2035 5080 Interim

392 5126 813 5185 Munomachus
846 5122 1171 5179 Orientales
1196 5118 1505 5187 exercitus,
1532 5116 1629 5187 qui
1655 5116 1778 5185 jam
1807 5133 1838 5170 a
1868 5115 2039 5187 Chry-

391 5217 577 5290 θοροὶὶ
614 5221 671 5271 et
701 5215 899 5287 Abydo
930 5211 988 5266 in
1022 5209 1329 5266 Thraciam
1362 5208 1734 5275 trajecerant,
1777 5204 1921 5258 duce
1970 5203 2041 5258 iis

390 5310 660 5377 praefecto
694 5304 972 5359 Michaelo
1008 5300 1181 5355 lacita
1232 5296 1512 5367 magistro
1569 5294 1784 5349 emittit
1837 5293 1897 5346 in
1957 5310 2040 5346 re-

2146 4578 2354 4656 βουλῆς
2426 4577 2621 4643 ταύτης
2699 4578 2962 4652 ὑπάρχων
3035 4580 3237 4652 πατήρ.
3316 4577 3687 4649 Ἐξελθόντων
3742 4576 3797 4633 δὶ

2139 4669 2347 4724 τούτων
2398 4667 2519 4739 περῖ
2553 4664 2742 4734 δείλην
2780 4665 2961 4739 ὀψίαν,
3014 4666 3087 4727 ὡς
3133 4663 3268 4741 ἔγνω
3300 4668 3328 4722 6
3385 4666 3671 4740 τύραννος,
3703 4669 3796 4729 τάς

2144 4758 2278 4835 ἀμφ’
2310 4755 2471 4810 αὐτὸν
2521 4754 2858 4816 καθοπλίσας
2898 4752 3152 4828 δυνάμεις
3202 4754 3372 4810 ἔπεισι
3419 4758 3552 4828 μετὰ
3623 4756 3801 4832 ῥύμης

2149 4844 2414 4919 μεγάλης,
2456 4843 2545 4898 καὶ
2606 4850 2796 4907 θᾶττον
2951 4841 3119 4918 λόγος
3166 4845 3264 4913 τὴν
3294 4844 3495 4921 τάφρον
3524 4842 3799 4917 διατεμὼν

2144 4932 2394 5009 τρέπεται
2452 4930 2581 4993 τοὺς
2642 4928 2816 4997 ἔνδον,
2874 4933 2948 5001 ῶν
3001 4933 3051 4986 oi
3109 4936 3203 5004 μὶν
3256 4932 3590 5003 ἁλίσκονται,
3649 4936 3703 4988 οἱ
3748 4932 3805 4988 δὶ

2148 5022 2439 5097 φεύγοντες
2502 5019 2577 5081 εἷς
2620 5020 2719 5086 τήν
2779 5026 2880 5089 τῆς
2940 5019 3157 5083 πόλεως
3208 5021 3411 5096 τάφρον
3469 5023 3805 5077 κατέπιπτον

2148 5109 2236 5165 καὶ
2296 5108 2528 5183 οἰκτρῶς
2586 5105 2900 5165 ἀπώλοντο.
2961 5112 3226 5186 Ἔφευγον
3284 5105 3342 5163 δὶ
3397 5109 3486 5164 καὶ
3542 5109 3655 5165 ἀπὸ
3712 5115 3809 5165 τοῦ

2148 5197 2366 5273 τείχους
2418 5218 2522 5272 κρη
2536 5196 2855 5269 μνιζόμενοι
2918 5197 2969 5251 οἱ
3000 5196 3246 5268 πολῖται,
3278 5196 3692 5273 παραπλησίως
3722 5198 3811 5254 καὶ

2152 5286 2205 5340 οἱ
2262 5283 2516 5360 πυλωροὶ
2575 5290 2684 5339 τῶν
2747 5283 2799 5339 εν
2856 5284 3194 5362 Βλαχὲρναις
3249 5292 3450 5362 τειχῶν
3478 5288 3572 5350 τὰς
3628 5287 3811 5348 πύλας

1593 5427 1678 5481 XX
1694 5425 1954 5480 LANDRI
1998 5425 2084 5480 ET
2124 5419 2341 5478 GOARI
2379 5419 2611 5475 NOT/E.

454 5524 580 5610 (31)
612 5538 816 5594 Turcis
857 5550 1014 5610 nunc
1042 5526 1436 5610 ScutartM‘ale
1457 5526 1884 5610 aquibusdam
1907 5540 2040 5578 cum

396 5599 765 5668 Gnalcedone
796 5608 1040 5665 inferius
1073 5606 1181 5660 sita
1219 5599 1617 5657 contunditur.
1652 5601 1830 5651 Goaa.

2221 5519 2334 5589 (32)
2365 5520 2587 5573 Cosmae
2617 5523 2674 5573 et
2706 5519 2964 5574 Damiani
2997 5518 3165 5572 nulla
3183 5535 3279 5589 spe
3301 5520 3561 5575 mercedis
3609 5521 3808 5577 medi-

2157 5608 2283 5647 cam
2308 5596 2493 5647 artem
2525 5606 2594 5646 ex
2623 5589 2910 5645 cbaritate
2923 5591 3261 5647 abeuntium.
3294 5592 3469 5647 Goan.
