  <div class='ocr_page' id='page_1' title='image "/cluster/home/n/w/nwhite01/storage/ocr_20150623/122/hvd.32044073502460/160.png"; bbox 0 0 4036 6194; ppageno 0'>
   <div class='ocr_carea' id='block_1_1' title="bbox 736 94 743 105">
    <p class='ocr_par' dir='ltr' id='par_1_1' title="bbox 736 94 743 105">
     <span class='ocr_line' id='line_1_1' title="bbox 736 94 743 105; baseline 0 0"><span class='ocrx_word' id='word_1_1' title='bbox 736 94 743 105; x_wconf 70' lang='grc' dir='ltr'>ε</span> 
     </span>
    </p>
   </div>
   <div class='ocr_carea' id='block_1_2' title="bbox 185 363 301 423">
    <p class='ocr_par' dir='ltr' id='par_1_2' title="bbox 185 363 301 423">
     <span class='ocr_line' id='line_1_2' title="bbox 185 363 301 423; baseline -0.009 0"><span class='ocrx_word' id='word_1_2' title='bbox 185 363 301 423; x_wconf 83' lang='lat'>297</span> 
     </span>
    </p>
   </div>
   <div class='ocr_carea' id='block_1_3' title="bbox 1324 354 2464 418">
    <p class='ocr_par' dir='ltr' id='par_1_3' title="bbox 1324 354 2464 418">
     <span class='ocr_line' id='line_1_3' title="bbox 1324 354 2464 418; baseline 0.001 -2"><span class='ocrx_word' id='word_1_3' title='bbox 1324 354 1878 418; x_wconf 77' lang='lat' dir='ltr'>liISTORlARUM</span> <span class='ocrx_word' id='word_1_4' title='bbox 1922 355 2464 417; x_wconf 79' lang='lat' dir='ltr'>COMPENDIUM.</span> 
     </span>
    </p>
   </div>
   <div class='ocr_carea' id='block_1_4' title="bbox 3479 366 3600 429">
    <p class='ocr_par' dir='ltr' id='par_1_4' title="bbox 3479 366 3600 429">
     <span class='ocr_line' id='line_1_4' title="bbox 3479 366 3600 429; baseline 0.017 -2"><span class='ocrx_word' id='word_1_5' title='bbox 3479 366 3600 429; x_wconf 70' lang='lat'>998</span> 
     </span>
    </p>
   </div>
   <div class='ocr_carea' id='block_1_5' title="bbox 186 468 1831 568">
    <p class='ocr_par' dir='ltr' id='par_1_5' title="bbox 186 468 1831 565">
     <span class='ocr_line' id='line_1_5' title="bbox 186 468 1831 565; baseline -0.015 -15"><span class='ocrx_word' id='word_1_6' title='bbox 186 493 629 554; x_wconf 84' lang='grc' dir='ltr'>ἀναπετάσαντες.</span> <span class='ocrx_word' id='word_1_7' title='bbox 663 488 765 545; x_wconf 76' lang='grc' dir='ltr'>Καὶ</span> <span class='ocrx_word' id='word_1_8' title='bbox 797 489 844 545; x_wconf 72' lang='grc' dir='ltr'>εἱ</span> <span class='ocrx_word' id='word_1_9' title='bbox 880 490 956 563; x_wconf 78' lang='grc' dir='ltr'>μὴ</span> <span class='ocrx_word' id='word_1_10' title='bbox 986 486 1129 565; x_wconf 75' lang='grc' dir='ltr'>τύχη</span> <span class='ocrx_word' id='word_1_11' title='bbox 1173 508 1258 550; x_wconf 88' lang='grc' dir='ltr'>τις</span> <span class='ocrx_word' id='word_1_12' title='bbox 1314 485 1520 564; x_wconf 71' lang='grc' dir='ltr'>ἔσφηλε</span> <span class='ocrx_word' id='word_1_13' title='bbox 1572 490 1650 558; x_wconf 77' lang='grc' dir='ltr'>τῷ</span> <span class='ocrx_word' id='word_1_14' title='bbox 1696 468 1831 561; x_wconf 49' lang='grc' dir='ltr'>Τοῖς.</span> 
     </span>
    </p>
   </div>
   <div class='ocr_carea' id='block_1_6' title="bbox 1945 468 3597 568">
    <p class='ocr_par' dir='ltr' id='par_1_6' title="bbox 1958 484 3597 568">
     <span class='ocr_line' id='line_1_6' title="bbox 1958 484 3597 568; baseline 0.007 -27"><span class='ocrx_word' id='word_1_15' title='bbox 1958 484 2157 543; x_wconf 85' lang='lat' dir='ltr'>belles.</span> <span class='ocrx_word' id='word_1_16' title='bbox 2217 487 2320 543; x_wconf 80' lang='lat' dir='ltr'><strong>Hic</strong></span> <span class='ocrx_word' id='word_1_17' title='bbox 2375 490 2690 548; x_wconf 81' lang='lat' dir='ltr'>contractis</span> <span class='ocrx_word' id='word_1_18' title='bbox 2746 492 3021 550; x_wconf 89' lang='lat' dir='ltr'><strong>omnibus</strong></span> <span class='ocrx_word' id='word_1_19' title='bbox 3078 492 3139 549; x_wconf 82' lang='lat' dir='ltr'>in</span> <span class='ocrx_word' id='word_1_20' title='bbox 3197 510 3381 551; x_wconf 91' lang='lat' dir='ltr'><strong>unum</strong></span> <span class='ocrx_word' id='word_1_21' title='bbox 3412 496 3597 568; x_wconf 86' lang='lat' dir='ltr'><strong>copiis</strong></span> 
     </span>
    </p>
   </div>
   <div class='ocr_carea' id='block_1_7' title="bbox 184 574 1826 656">
    <p class='ocr_par' dir='ltr' id='par_1_7' title="bbox 184 574 1826 656">
     <span class='ocr_line' id='line_1_7' title="bbox 184 574 1826 656; baseline -0.006 -18"><span class='ocrx_word' id='word_1_22' title='bbox 184 584 336 656; x_wconf 79' lang='grc' dir='ltr'>νικίφ</span> <span class='ocrx_word' id='word_1_23' title='bbox 388 584 458 637; x_wconf 77' lang='grc' dir='ltr'>τά</span> <span class='ocrx_word' id='word_1_24' title='bbox 508 580 824 656; x_wconf 84' lang='grc' dir='ltr'>πράγματα,</span> <span class='ocrx_word' id='word_1_25' title='bbox 874 576 1117 648; x_wconf 85' lang='grc' dir='ltr'>είσῆλθεν</span> <span class='ocrx_word' id='word_1_26' title='bbox 1162 576 1222 632; x_wconf 77' lang='grc' dir='ltr'>ἂν</span> <span class='ocrx_word' id='word_1_27' title='bbox 1278 575 1521 652; x_wconf 61' lang='grc' dir='ltr'>ἀλογητὶ</span> <span class='ocrx_word' id='word_1_28' title='bbox 1588 576 1679 630; x_wconf 81' lang='grc' dir='ltr'>καὶ</span> <span class='ocrx_word' id='word_1_29' title='bbox 1726 574 1826 629; x_wconf 65' lang='grc' dir='ltr'><strong><em>κῦ-</em></strong></span> 
     </span>
    </p>
   </div>
   <div class='ocr_carea' id='block_1_8' title="bbox 186 662 1825 747">
    <p class='ocr_par' dir='ltr' id='par_1_8' title="bbox 186 662 1825 747">
     <span class='ocr_line' id='line_1_8' title="bbox 186 662 1825 747; baseline -0.006 -20"><span class='ocrx_word' id='word_1_30' title='bbox 186 695 297 747; x_wconf 86' lang='grc' dir='ltr'>ριος</span> <span class='ocrx_word' id='word_1_31' title='bbox 352 676 464 727; x_wconf 89' lang='grc' dir='ltr'>τῶν</span> <span class='ocrx_word' id='word_1_32' title='bbox 521 672 776 727; x_wconf 79' lang='grc' dir='ltr'>ἁπάντων</span> <span class='ocrx_word' id='word_1_33' title='bbox 834 668 1062 742; x_wconf 74' lang='grc' dir='ltr'>ἐγένετο.</span> <span class='ocrx_word' id='word_1_34' title='bbox 1123 668 1279 741; x_wconf 81' lang='grc' dir='ltr'>Ἀρτι</span> <span class='ocrx_word' id='word_1_35' title='bbox 1337 663 1395 721; x_wconf 71' lang='grc' dir='ltr'>δὲ</span> <span class='ocrx_word' id='word_1_36' title='bbox 1448 663 1643 736; x_wconf 79' lang='grc' dir='ltr'>διώξας</span> <span class='ocrx_word' id='word_1_37' title='bbox 1694 662 1825 739; x_wconf 76' lang='grc' dir='ltr'>ἄχρι</span> 
     </span>
    </p>
   </div>
   <div class='ocr_carea' id='block_1_9' title="bbox 179 752 1826 837">
    <p class='ocr_par' dir='ltr' id='par_1_9' title="bbox 179 752 1826 837">
     <span class='ocr_line' id='line_1_9' title="bbox 179 752 1826 837; baseline -0.007 -19"><span class='ocrx_word' id='word_1_38' title='bbox 179 771 275 833; x_wconf 82' lang='grc' dir='ltr'>τῆς</span> <span class='ocrx_word' id='word_1_39' title='bbox 332 762 482 837; x_wconf 85' lang='grc' dir='ltr'>παρά</span> <span class='ocrx_word' id='word_1_40' title='bbox 536 765 616 833; x_wconf 77' lang='grc' dir='ltr'>τῷ</span> <span class='ocrx_word' id='word_1_41' title='bbox 673 759 851 834; x_wconf 84' lang='grc' dir='ltr'>τείχει</span> <span class='ocrx_word' id='word_1_42' title='bbox 906 758 1114 834; x_wconf 77' lang='grc' dir='ltr'>τάφρου</span> <span class='ocrx_word' id='word_1_43' title='bbox 1173 755 1372 831; x_wconf 84' lang='grc' dir='ltr'>ἐπέσχε</span> <span class='ocrx_word' id='word_1_44' title='bbox 1430 755 1520 809; x_wconf 89' lang='grc' dir='ltr'>τὸν</span> <span class='ocrx_word' id='word_1_45' title='bbox 1561 752 1826 828; x_wconf 84' lang='grc' dir='ltr'>διωγμὸν,</span> 
     </span>
    </p>
   </div>
   <div class='ocr_carea' id='block_1_10' title="bbox 178 841 1831 924">
    <p class='ocr_par' dir='ltr' id='par_1_10' title="bbox 178 841 1831 924">
     <span class='ocr_line' id='line_1_10' title="bbox 178 841 1831 924; baseline -0.007 -18"><span class='ocrx_word' id='word_1_46' title='bbox 178 852 261 907; x_wconf 72' lang='grc' dir='ltr'>καί</span> <span class='ocrx_word' id='word_1_47' title='bbox 294 850 462 907; x_wconf 83' lang='grc' dir='ltr'>πάλιν</span> <span class='ocrx_word' id='word_1_48' title='bbox 496 847 963 924; x_wconf 68' lang='grc' dir='ltr'>ἀναθαρρήσαντες</span> <span class='ocrx_word' id='word_1_49' title='bbox 1019 847 1072 900; x_wconf 79' lang='grc' dir='ltr'>οἱ</span> <span class='ocrx_word' id='word_1_50' title='bbox 1125 845 1248 920; x_wconf 83' lang='grc' dir='ltr'>περὶ</span> <span class='ocrx_word' id='word_1_51' title='bbox 1302 845 1392 899; x_wconf 70' lang='grc' dir='ltr'>τὸ)</span> <span class='ocrx_word' id='word_1_52' title='bbox 1457 841 1680 918; x_wconf 89' lang='grc' dir='ltr'>βασιλέα</span> <span class='ocrx_word' id='word_1_53' title='bbox 1735 842 1831 902; x_wconf 86' lang='grc' dir='ltr'>τάς</span> 
     </span>
    </p>
   </div>
   <div class='ocr_carea' id='block_1_11' title="bbox 180 931 1828 1013">
    <p class='ocr_par' dir='ltr' id='par_1_11' title="bbox 180 931 1828 1013">
     <span class='ocr_line' id='line_1_11' title="bbox 180 931 1828 1013; baseline -0.007 -19"><span class='ocrx_word' id='word_1_54' title='bbox 180 962 234 996; x_wconf 83' lang='grc' dir='ltr'>τε</span> <span class='ocrx_word' id='word_1_55' title='bbox 288 941 469 1001; x_wconf 64' lang='grc' dir='ltr'>πύλας</span> <span class='ocrx_word' id='word_1_56' title='bbox 523 938 793 1013; x_wconf 74' lang='grc' dir='ltr'>κατέσχον</span> <span class='ocrx_word' id='word_1_57' title='bbox 843 936 932 991; x_wconf 84' lang='grc' dir='ltr'>καὶ</span> <span class='ocrx_word' id='word_1_58' title='bbox 977 942 1078 1004; x_wconf 85' lang='grc' dir='ltr'>τῆς</span> <span class='ocrx_word' id='word_1_59' title='bbox 1110 934 1357 1010; x_wconf 79' lang='grc' dir='ltr'>φυλακῆς</span> <span class='ocrx_word' id='word_1_60' title='bbox 1411 931 1828 1005; x_wconf 74' lang='grc' dir='ltr'>ἐπεμελήθησαν</span> 
     </span>
    </p>
   </div>
   <div class='ocr_carea' id='block_1_12' title="bbox 182 1020 1830 1105">
    <p class='ocr_par' dir='ltr' id='par_1_12' title="bbox 182 1020 1830 1105">
     <span class='ocr_line' id='line_1_12' title="bbox 182 1020 1830 1105; baseline -0.007 -21"><span class='ocrx_word' id='word_1_61' title='bbox 182 1034 284 1084; x_wconf 89' lang='grc' dir='ltr'>τῶν</span> <span class='ocrx_word' id='word_1_62' title='bbox 317 1033 540 1105; x_wconf 75' lang='grc' dir='ltr'>τειχῶν.</span> <span class='ocrx_word' id='word_1_63' title='bbox 573 1027 714 1085; x_wconf 84' lang='grc' dir='ltr'>Τότε</span> <span class='ocrx_word' id='word_1_64' title='bbox 744 1023 803 1080; x_wconf 67' lang='grc' dir='ltr'>δὲ</span> <span class='ocrx_word' id='word_1_65' title='bbox 830 1024 921 1080; x_wconf 78' lang='grc' dir='ltr'>καὶ</span> <span class='ocrx_word' id='word_1_66' title='bbox 974 1025 1001 1079; x_wconf 99' lang='lat'>6</span> <span class='ocrx_word' id='word_1_67' title='bbox 1061 1022 1315 1099; x_wconf 75' lang='grc' dir='ltr'>βασιλεὺς</span> <span class='ocrx_word' id='word_1_68' title='bbox 1360 1025 1557 1096; x_wconf 78' lang='grc' dir='ltr'>μικροῦ</span> <span class='ocrx_word' id='word_1_69' title='bbox 1612 1020 1669 1074; x_wconf 75' lang='grc' dir='ltr'>ἂν</span> <span class='ocrx_word' id='word_1_70' title='bbox 1730 1021 1830 1073; x_wconf 88' lang='grc' dir='ltr'>ἀπ-</span> 
     </span>
    </p>
   </div>
   <div class='ocr_carea' id='block_1_13' title="bbox 182 1104 1833 1189">
    <p class='ocr_par' dir='ltr' id='par_1_13' title="bbox 182 1104 1833 1189">
     <span class='ocr_line' id='line_1_13' title="bbox 182 1104 1833 1189; baseline -0.007 -17"><span class='ocrx_word' id='word_1_71' title='bbox 182 1116 386 1173; x_wconf 78' lang='grc' dir='ltr'>ολώλει</span> <span class='ocrx_word' id='word_1_72' title='bbox 420 1104 509 1171; x_wconf 74' lang='grc' dir='ltr'>διά</span> <span class='ocrx_word' id='word_1_73' title='bbox 538 1112 698 1187; x_wconf 82' lang='grc' dir='ltr'>τόξου</span> <span class='ocrx_word' id='word_1_74' title='bbox 731 1112 1040 1189; x_wconf 77' lang='grc' dir='ltr'>βληθεὶς,εἰ</span> <span class='ocrx_word' id='word_1_75' title='bbox 1066 1113 1142 1185; x_wconf 79' lang='grc' dir='ltr'>μῆ</span> <span class='ocrx_word' id='word_1_76' title='bbox 1166 1111 1295 1174; x_wconf 81' lang='grc' dir='ltr'>Θεὸς</span> <span class='ocrx_word' id='word_1_77' title='bbox 1324 1114 1614 1188; x_wconf 75' lang='grc' dir='ltr'>προφανῶς</span> <span class='ocrx_word' id='word_1_78' title='bbox 1648 1104 1833 1163; x_wconf 85' lang='grc' dir='ltr'>διεσώ-</span> 
     </span>
    </p>
   </div>
   <div class='ocr_carea' id='block_1_14' title="bbox 182 1199 1835 1277">
    <p class='ocr_par' dir='ltr' id='par_1_14' title="bbox 182 1199 1835 1277">
     <span class='ocr_line' id='line_1_14' title="bbox 182 1199 1835 1277; baseline -0.007 -15"><span class='ocrx_word' id='word_1_79' title='bbox 182 1228 330 1275; x_wconf 82' lang='grc' dir='ltr'>σατο,</span> <span class='ocrx_word' id='word_1_80' title='bbox 394 1209 493 1261; x_wconf 76' lang='grc' dir='ltr'>τοῦ</span> <span class='ocrx_word' id='word_1_81' title='bbox 567 1206 753 1259; x_wconf 77' lang='grc' dir='ltr'>όϊσ-τοῦ</span> <span class='ocrx_word' id='word_1_82' title='bbox 810 1202 1119 1277; x_wconf 83' lang='grc' dir='ltr'>ἐνεχθέντος</span> <span class='ocrx_word' id='word_1_83' title='bbox 1177 1199 1250 1263; x_wconf 81' lang='grc' dir='ltr'>ε’ίς</span> <span class='ocrx_word' id='word_1_84' title='bbox 1302 1221 1449 1261; x_wconf 88' lang='grc' dir='ltr'>τινος</span> <span class='ocrx_word' id='word_1_85' title='bbox 1508 1199 1835 1273; x_wconf 85' lang='grc' dir='ltr'>θεράποντος</span> 
     </span>
    </p>
   </div>
   <div class='ocr_carea' id='block_1_15' title="bbox 176 1284 1829 1368">
    <p class='ocr_par' dir='ltr' id='par_1_15' title="bbox 176 1284 1829 1368">
     <span class='ocr_line' id='line_1_15' title="bbox 176 1284 1829 1368; baseline -0.005 -20"><span class='ocrx_word' id='word_1_86' title='bbox 176 1294 452 1367; x_wconf 85' lang='grc' dir='ltr'>κάλυμμα</span> <span class='ocrx_word' id='word_1_87' title='bbox 535 1287 944 1366; x_wconf 76' lang='grc' dir='ltr'>στροϐιλοειδὶς</span> <span class='ocrx_word' id='word_1_88' title='bbox 1011 1289 1287 1368; x_wconf 81' lang='grc' dir='ltr'>κεφαλῆς,</span> <span class='ocrx_word' id='word_1_89' title='bbox 1348 1287 1480 1363; x_wconf 73' lang='grc' dir='ltr'>ὅπερ</span> <span class='ocrx_word' id='word_1_90' title='bbox 1564 1286 1654 1341; x_wconf 86' lang='grc' dir='ltr'>καὶ</span> <span class='ocrx_word' id='word_1_91' title='bbox 1738 1284 1829 1341; x_wconf 87' lang='grc' dir='ltr'>τὸν</span> 
     </span>
    </p>
   </div>
   <div class='ocr_carea' id='block_1_16' title="bbox 180 1373 1830 1457">
    <p class='ocr_par' dir='ltr' id='par_1_16' title="bbox 180 1373 1830 1457">
     <span class='ocr_line' id='line_1_16' title="bbox 180 1373 1830 1457; baseline -0.007 -19"><span class='ocrx_word' id='word_1_92' title='bbox 180 1380 380 1457; x_wconf 78' lang='grc' dir='ltr'>ἔχοντα</span> <span class='ocrx_word' id='word_1_93' title='bbox 438 1382 532 1438; x_wconf 77' lang='grc' dir='ltr'>καὶ</span> <span class='ocrx_word' id='word_1_94' title='bbox 585 1382 676 1437; x_wconf 85' lang='grc' dir='ltr'>τὸν</span> <span class='ocrx_word' id='word_1_95' title='bbox 736 1379 964 1457; x_wconf 76' lang='grc' dir='ltr'>βασιλέα</span> <span class='ocrx_word' id='word_1_96' title='bbox 1019 1376 1336 1435; x_wconf 82' lang='grc' dir='ltr'>διεσώσατο.</span> <span class='ocrx_word' id='word_1_97' title='bbox 1366 1380 1572 1434; x_wconf 82' lang='grc' dir='ltr'>Τοῦτον</span> <span class='ocrx_word' id='word_1_98' title='bbox 1632 1373 1690 1429; x_wconf 70' lang='grc' dir='ltr'>δὲ</span> <span class='ocrx_word' id='word_1_99' title='bbox 1739 1375 1830 1429; x_wconf 86' lang='grc' dir='ltr'>τὸν</span> 
     </span>
    </p>
   </div>
   <div class='ocr_carea' id='block_1_17' title="bbox 176 1463 1831 1547">
    <p class='ocr_par' dir='ltr' id='par_1_17' title="bbox 176 1463 1831 1547">
     <span class='ocr_line' id='line_1_17' title="bbox 176 1463 1831 1547; baseline -0.004 -20"><span class='ocrx_word' id='word_1_100' title='bbox 176 1472 379 1547; x_wconf 80' lang='grc' dir='ltr'>τρόπον</span> <span class='ocrx_word' id='word_1_101' title='bbox 439 1471 600 1546; x_wconf 77' lang='grc' dir='ltr'>ἐγγὺς</span> <span class='ocrx_word' id='word_1_102' title='bbox 654 1475 752 1526; x_wconf 75' lang='grc' dir='ltr'>τοῦ</span> <span class='ocrx_word' id='word_1_103' title='bbox 805 1470 1011 1526; x_wconf 81' lang='grc' dir='ltr'>ἀλῶναι</span> <span class='ocrx_word' id='word_1_104' title='bbox 1044 1471 1079 1538; x_wconf 79' lang='grc' dir='ltr'>ἠ</span> <span class='ocrx_word' id='word_1_105' title='bbox 1112 1466 1278 1530; x_wconf 83' lang='grc' dir='ltr'>πόλις</span> <span class='ocrx_word' id='word_1_106' title='bbox 1310 1465 1539 1523; x_wconf 78' lang='grc' dir='ltr'>ἐλθοῦσα</span> <span class='ocrx_word' id='word_1_107' title='bbox 1571 1463 1831 1529; x_wconf 84' lang='grc' dir='ltr'>διεσώθη.</span> 
     </span>
    </p>
   </div>
   <div class='ocr_carea' id='block_1_18' title="bbox 177 1552 1835 1632">
    <p class='ocr_par' dir='ltr' id='par_1_18' title="bbox 177 1552 1835 1632">
     <span class='ocr_line' id='line_1_18' title="bbox 177 1552 1835 1632; baseline -0.007 -15"><span class='ocrx_word' id='word_1_108' title='bbox 177 1564 236 1619; x_wconf 80' lang='grc'>’0</span> <span class='ocrx_word' id='word_1_109' title='bbox 294 1559 355 1616; x_wconf 75' lang='grc' dir='ltr'>δὲ</span> <span class='ocrx_word' id='word_1_110' title='bbox 411 1562 729 1630; x_wconf 74' lang='grc' dir='ltr'>ἀποστάτης</span> <span class='ocrx_word' id='word_1_111' title='bbox 781 1558 870 1614; x_wconf 78' lang='grc' dir='ltr'>ἐπί</span> <span class='ocrx_word' id='word_1_112' title='bbox 921 1579 1070 1620; x_wconf 89' lang='grc' dir='ltr'>τινας</span> <span class='ocrx_word' id='word_1_113' title='bbox 1122 1556 1333 1632; x_wconf 79' lang='grc' dir='ltr'>ἡμέρας</span> <span class='ocrx_word' id='word_1_114' title='bbox 1392 1554 1726 1630; x_wconf 75' lang='grc' dir='ltr'>προσμείνας</span> <span class='ocrx_word' id='word_1_115' title='bbox 1783 1552 1835 1607; x_wconf 82' lang='grc' dir='ltr'>ἐν</span> 
     </span>
    </p>
   </div>
   <div class='ocr_carea' id='block_1_19' title="bbox 173 1643 1831 1726">
    <p class='ocr_par' dir='ltr' id='par_1_19' title="bbox 173 1643 1831 1726">
     <span class='ocr_line' id='line_1_19' title="bbox 173 1643 1831 1726; baseline -0.005 -21"><span class='ocrx_word' id='word_1_116' title='bbox 173 1656 249 1723; x_wconf 72' lang='grc' dir='ltr'>τῷ</span> <span class='ocrx_word' id='word_1_117' title='bbox 289 1647 668 1726; x_wconf 79' lang='grc' dir='ltr'>στρατοπέδῳ,</span> <span class='ocrx_word' id='word_1_118' title='bbox 703 1645 891 1717; x_wconf 84' lang='grc' dir='ltr'>ἐπειδή</span> <span class='ocrx_word' id='word_1_119' title='bbox 948 1649 1001 1702; x_wconf 73' lang='grc' dir='ltr'>οἱ</span> <span class='ocrx_word' id='word_1_120' title='bbox 1058 1648 1182 1722; x_wconf 82' lang='grc' dir='ltr'>περὶ</span> <span class='ocrx_word' id='word_1_121' title='bbox 1230 1645 1388 1701; x_wconf 73' lang='grc' dir='ltr'>αὐτὸν</span> <span class='ocrx_word' id='word_1_122' title='bbox 1443 1644 1579 1700; x_wconf 86' lang='grc' dir='ltr'>κατά</span> <span class='ocrx_word' id='word_1_123' title='bbox 1640 1643 1831 1716; x_wconf 76' lang='grc' dir='ltr'>μικρὸν</span> 
     </span>
    </p>
   </div>
   <div class='ocr_carea' id='block_1_20' title="bbox 185 1734 1831 1816">
    <p class='ocr_par' dir='ltr' id='par_1_20' title="bbox 185 1734 1831 1816">
     <span class='ocr_line' id='line_1_20' title="bbox 185 1734 1831 1816; baseline -0.006 -20"><span class='ocrx_word' id='word_1_124' title='bbox 185 1740 546 1816; x_wconf 69' lang='grc' dir='ltr'>ὑπορρυέντες</span> <span class='ocrx_word' id='word_1_125' title='bbox 603 1737 952 1811; x_wconf 73' lang='grc' dir='ltr'>ηὒτομόλουν</span> <span class='ocrx_word' id='word_1_126' title='bbox 1010 1741 1090 1810; x_wconf 85' lang='grc' dir='ltr'>τῷ</span> <span class='ocrx_word' id='word_1_127' title='bbox 1151 1735 1389 1813; x_wconf 83' lang='grc' dir='ltr'>βασιλεῖ,</span> <span class='ocrx_word' id='word_1_128' title='bbox 1430 1734 1694 1805; x_wconf 83' lang='grc' dir='ltr'>πτοηθεὶς</span> <span class='ocrx_word' id='word_1_129' title='bbox 1755 1734 1831 1806; x_wconf 84' lang='grc' dir='ltr'>μή</span> 
     </span>
    </p>
   </div>
   <div class='ocr_carea' id='block_1_21' title="bbox 180 1823 1831 1899">
    <p class='ocr_par' dir='ltr' id='par_1_21' title="bbox 180 1823 1831 1899">
     <span class='ocr_line' id='line_1_21' title="bbox 180 1823 1831 1899; baseline -0.005 -16"><span class='ocrx_word' id='word_1_130' title='bbox 180 1851 295 1892; x_wconf 84' lang='grc' dir='ltr'>πως</span> <span class='ocrx_word' id='word_1_131' title='bbox 356 1830 407 1883; x_wconf 73' lang='grc' dir='ltr'>οἱ</span> <span class='ocrx_word' id='word_1_132' title='bbox 469 1829 666 1891; x_wconf 89' lang='grc' dir='ltr'>πάντες</span> <span class='ocrx_word' id='word_1_133' title='bbox 712 1826 1101 1890; x_wconf 80' lang='grc' dir='ltr'>καταλιπόντες</span> <span class='ocrx_word' id='word_1_134' title='bbox 1128 1824 1287 1880; x_wconf 80' lang='grc' dir='ltr'>αὐτὸν</span> <span class='ocrx_word' id='word_1_135' title='bbox 1320 1825 1647 1899; x_wconf 78' lang='grc' dir='ltr'>οἰχήσονται</span> <span class='ocrx_word' id='word_1_136' title='bbox 1679 1823 1714 1893; x_wconf 72' lang='grc' dir='ltr'><strong>ἢ</strong></span> <span class='ocrx_word' id='word_1_137' title='bbox 1740 1823 1831 1875; x_wconf 78' lang='grc' dir='ltr'>καὶ</span> 
     </span>
    </p>
   </div>
   <div class='ocr_carea' id='block_1_22' title="bbox 180 1911 1828 1994">
    <p class='ocr_par' dir='ltr' id='par_1_22' title="bbox 180 1911 1828 1994">
     <span class='ocr_line' id='line_1_22' title="bbox 180 1911 1828 1994; baseline -0.006 -21"><span class='ocrx_word' id='word_1_138' title='bbox 180 1919 546 1994; x_wconf 71' lang='grc' dir='ltr'>κατασχόντες</span> <span class='ocrx_word' id='word_1_139' title='bbox 602 1915 885 1986; x_wconf 80' lang='grc' dir='ltr'>παραδῶσι</span> <span class='ocrx_word' id='word_1_140' title='bbox 939 1920 1019 1987; x_wconf 82' lang='grc' dir='ltr'>τῷ</span> <span class='ocrx_word' id='word_1_141' title='bbox 1080 1911 1315 1991; x_wconf 79' lang='grc' dir='ltr'>βασιλεῖ,</span> <span class='ocrx_word' id='word_1_142' title='bbox 1346 1913 1575 1974; x_wconf 76' lang='grc' dir='ltr'>ἀναστὰς</span> <span class='ocrx_word' id='word_1_143' title='bbox 1630 1912 1828 1975; x_wconf 81' lang='grc' dir='ltr'>ἐκεῖθεν</span> 
     </span>
    </p>
   </div>
   <div class='ocr_carea' id='block_1_23' title="bbox 186 1998 1831 2082">
    <p class='ocr_par' dir='ltr' id='par_1_23' title="bbox 186 1998 1831 2082">
     <span class='ocr_line' id='line_1_23' title="bbox 186 1998 1831 2082; baseline -0.005 -20"><span class='ocrx_word' id='word_1_144' title='bbox 186 2008 512 2082; x_wconf 75' lang='grc' dir='ltr'>ὑπέστρεψεν</span> <span class='ocrx_word' id='word_1_145' title='bbox 569 2005 622 2061; x_wconf 81' lang='grc' dir='ltr'>ἐν</span> <span class='ocrx_word' id='word_1_146' title='bbox 667 2002 1144 2077; x_wconf 74' lang='grc' dir='ltr'>Ἀρκαδιουπόλει.</span> <span class='ocrx_word' id='word_1_147' title='bbox 1192 2007 1278 2077; x_wconf 86' lang='grc' dir='ltr'>[Ρ.</span> <span class='ocrx_word' id='word_1_148' title='bbox 1324 2005 1452 2076; x_wconf 84' lang='grc'>766]</span> <span class='ocrx_word' id='word_1_149' title='bbox 1513 2002 1611 2056; x_wconf 86' lang='grc' dir='ltr'>Καὶ</span> <span class='ocrx_word' id='word_1_150' title='bbox 1666 1998 1831 2063; x_wconf 79' lang='grc' dir='ltr'>αὐτδς</span> 
     </span>
    </p>
   </div>
   <div class='ocr_carea' id='block_1_24' title="bbox 189 2087 1831 2169">
    <p class='ocr_par' dir='ltr' id='par_1_24' title="bbox 189 2087 1831 2169">
     <span class='ocr_line' id='line_1_24' title="bbox 189 2087 1831 2169; baseline -0.005 -18"><span class='ocrx_word' id='word_1_151' title='bbox 189 2098 281 2168; x_wconf 70' lang='grc' dir='ltr'>μὶν</span> <span class='ocrx_word' id='word_1_152' title='bbox 330 2095 426 2150; x_wconf 70' lang='grc' dir='ltr'>σὺν</span> <span class='ocrx_word' id='word_1_153' title='bbox 457 2097 682 2168; x_wconf 77' lang='grc' dir='ltr'>Ἰωάννῃ</span> <span class='ocrx_word' id='word_1_154' title='bbox 727 2099 807 2166; x_wconf 85' lang='grc' dir='ltr'>τῷ</span> <span class='ocrx_word' id='word_1_155' title='bbox 839 2096 1079 2168; x_wconf 82' lang='grc' dir='ltr'>Βατάτζῃ</span> <span class='ocrx_word' id='word_1_156' title='bbox 1134 2087 1492 2169; x_wconf 72' lang='grc' dir='ltr'>παρεμϐολήν</span> <span class='ocrx_word' id='word_1_157' title='bbox 1520 2091 1831 2163; x_wconf 78' lang='grc' dir='ltr'>πηξάμενος</span> 
     </span>
    </p>
   </div>
   <div class='ocr_carea' id='block_1_25' title="bbox 185 2179 1826 2259">
    <p class='ocr_par' dir='ltr' id='par_1_25' title="bbox 185 2179 1826 2259">
     <span class='ocr_line' id='line_1_25' title="bbox 185 2179 1826 2259; baseline -0.005 -19"><span class='ocrx_word' id='word_1_158' title='bbox 185 2185 353 2241; x_wconf 77' lang='grc' dir='ltr'>ἐκεῖσε</span> <span class='ocrx_word' id='word_1_159' title='bbox 408 2183 732 2259; x_wconf 76' lang='grc' dir='ltr'>προσέμενε,</span> <span class='ocrx_word' id='word_1_160' title='bbox 772 2181 1049 2258; x_wconf 83' lang='grc' dir='ltr'>Θεόδωρον</span> <span class='ocrx_word' id='word_1_161' title='bbox 1101 2179 1160 2237; x_wconf 69' lang='grc' dir='ltr'>δὲ</span> <span class='ocrx_word' id='word_1_162' title='bbox 1210 2183 1303 2237; x_wconf 85' lang='grc' dir='ltr'>τὸν</span> <span class='ocrx_word' id='word_1_163' title='bbox 1352 2183 1452 2249; x_wconf 70' lang='grc' dir='ltr'>τὴν</span> <span class='ocrx_word' id='word_1_164' title='bbox 1514 2179 1826 2252; x_wconf 71' lang='grc' dir='ltr'>ἐπωνυμίαν</span> 
     </span>
    </p>
   </div>
   <div class='ocr_carea' id='block_1_26' title="bbox 185 2268 1827 2348">
    <p class='ocr_par' dir='ltr' id='par_1_26' title="bbox 185 2268 1827 2348">
     <span class='ocr_line' id='line_1_26' title="bbox 185 2268 1827 2348; baseline -0.004 -19"><span class='ocrx_word' id='word_1_165' title='bbox 185 2269 582 2348; x_wconf 73' lang='grc' dir='ltr'>Στραϐομῦτην</span> <span class='ocrx_word' id='word_1_166' title='bbox 609 2276 719 2345; x_wconf 84' lang='lat'>(33)</span> <span class='ocrx_word' id='word_1_167' title='bbox 757 2273 845 2328; x_wconf 78' lang='grc' dir='ltr'>καὶ</span> <span class='ocrx_word' id='word_1_168' title='bbox 877 2273 968 2327; x_wconf 82' lang='grc' dir='ltr'>τὸν</span> <span class='ocrx_word' id='word_1_169' title='bbox 999 2271 1290 2346; x_wconf 82' lang='grc' dir='ltr'>λεγόμενον</span> <span class='ocrx_word' id='word_1_170' title='bbox 1332 2268 1513 2325; x_wconf 79' lang='grc' dir='ltr'>Ῑίολὺν</span> <span class='ocrx_word' id='word_1_171' title='bbox 1561 2268 1650 2324; x_wconf 82' lang='grc' dir='ltr'>καὶ</span> <span class='ocrx_word' id='word_1_172' title='bbox 1711 2274 1827 2323; x_wconf 84' lang='grc' dir='ltr'>Μα-</span> 
     </span>
    </p>
   </div>
   <div class='ocr_carea' id='block_1_27' title="bbox 183 2355 1830 2437">
    <p class='ocr_par' dir='ltr' id='par_1_27' title="bbox 183 2355 1830 2437">
     <span class='ocr_line' id='line_1_27' title="bbox 183 2355 1830 2437; baseline -0.003 -22"><span class='ocrx_word' id='word_1_173' title='bbox 183 2364 363 2437; x_wconf 61' lang='lat' dir='ltr'>pur-96v</span> <span class='ocrx_word' id='word_1_174' title='bbox 417 2362 513 2415; x_wconf 79' lang='grc' dir='ltr'>τὸν</span> <span class='ocrx_word' id='word_1_175' title='bbox 588 2367 816 2434; x_wconf 80' lang='grc' dir='ltr'>Βρανᾶν,</span> <span class='ocrx_word' id='word_1_176' title='bbox 873 2361 1163 2437; x_wconf 81' lang='grc' dir='ltr'>ταγμάτων</span> <span class='ocrx_word' id='word_1_177' title='bbox 1247 2360 1516 2435; x_wconf 76' lang='grc' dir='ltr'>ἄρχοντας</span> <span class='ocrx_word' id='word_1_178' title='bbox 1575 2355 1830 2427; x_wconf 79' lang='grc' dir='ltr'>δυτικῶν,</span> 
     </span>
    </p>
   </div>
   <div class='ocr_carea' id='block_1_28' title="bbox 182 2446 1832 2524">
    <p class='ocr_par' dir='ltr' id='par_1_28' title="bbox 182 2446 1832 2524">
     <span class='ocr_line' id='line_1_28' title="bbox 182 2446 1832 2524; baseline -0.002 -19"><span class='ocrx_word' id='word_1_179' title='bbox 182 2462 278 2515; x_wconf 81' lang='grc' dir='ltr'>καθ</span> <span class='ocrx_word' id='word_1_180' title='bbox 329 2449 564 2522; x_wconf 73' lang='grc' dir='ltr'>αἳματος</span> <span class='ocrx_word' id='word_1_181' title='bbox 623 2450 907 2505; x_wconf 74' lang='grc' dir='ltr'>κοινωνίαν</span> <span class='ocrx_word' id='word_1_182' title='bbox 960 2450 1108 2522; x_wconf 73' lang='grc' dir='ltr'>αὖτῷ</span> <span class='ocrx_word' id='word_1_183' title='bbox 1159 2448 1492 2524; x_wconf 81' lang='grc' dir='ltr'>ἐγγίζοντας,</span> <span class='ocrx_word' id='word_1_184' title='bbox 1525 2446 1832 2522; x_wconf 83' lang='grc' dir='ltr'>πολιορκῆ-</span> 
     </span>
    </p>
   </div>
   <div class='ocr_carea' id='block_1_29' title="bbox 186 2536 1834 2613">
    <p class='ocr_par' dir='ltr' id='par_1_29' title="bbox 186 2536 1834 2613">
     <span class='ocr_line' id='line_1_29' title="bbox 186 2536 1834 2613; baseline -0.003 -19"><span class='ocrx_word' id='word_1_185' title='bbox 186 2561 269 2594; x_wconf 81' lang='grc' dir='ltr'>σαι</span> <span class='ocrx_word' id='word_1_186' title='bbox 323 2539 592 2613; x_wconf 80' lang='grc' dir='ltr'>ἐκπέμπει</span> <span class='ocrx_word' id='word_1_187' title='bbox 649 2541 749 2608; x_wconf 81' lang='grc' dir='ltr'>τήν</span> <span class='ocrx_word' id='word_1_188' title='bbox 810 2537 1153 2595; x_wconf 80' lang='grc' dir='ltr'>Ῥαιδεστόν·</span> <span class='ocrx_word' id='word_1_189' title='bbox 1216 2536 1408 2613; x_wconf 74' lang='grc' dir='ltr'>ἔτυχον</span> <span class='ocrx_word' id='word_1_190' title='bbox 1466 2539 1568 2613; x_wconf 75' lang='grc' dir='ltr'>γάρ</span> <span class='ocrx_word' id='word_1_191' title='bbox 1628 2537 1682 2591; x_wconf 70' lang='grc' dir='ltr'>αἱ</span> <span class='ocrx_word' id='word_1_192' title='bbox 1738 2536 1834 2609; x_wconf 69' lang='grc' dir='ltr'>μὲν</span> 
     </span>
    </p>
   </div>
   <div class='ocr_carea' id='block_1_30' title="bbox 189 2626 1837 2701">
    <p class='ocr_par' dir='ltr' id='par_1_30' title="bbox 189 2626 1837 2701">
     <span class='ocr_line' id='line_1_30' title="bbox 189 2626 1837 2701; baseline -0.003 -18"><span class='ocrx_word' id='word_1_193' title='bbox 189 2629 351 2684; x_wconf 68' lang='grc' dir='ltr'>ἄλλαι</span> <span class='ocrx_word' id='word_1_194' title='bbox 384 2626 750 2685; x_wconf 74' lang='grc' dir='ltr'>Μακεδονικαὶ</span> <span class='ocrx_word' id='word_1_195' title='bbox 798 2629 887 2682; x_wconf 78' lang='grc' dir='ltr'>καὶ</span> <span class='ocrx_word' id='word_1_196' title='bbox 936 2627 1193 2701; x_wconf 78' lang='grc' dir='ltr'>Θρᾳκικαὶ</span> <span class='ocrx_word' id='word_1_197' title='bbox 1250 2626 1440 2688; x_wconf 91' lang='grc' dir='ltr'>πόλεις</span> <span class='ocrx_word' id='word_1_198' title='bbox 1495 2627 1837 2700; x_wconf 81' lang='grc' dir='ltr'>προσχωρή-</span> 
     </span>
    </p>
   </div>
   <div class='ocr_carea' id='block_1_31' title="bbox 190 2711 1842 2791">
    <p class='ocr_par' dir='ltr' id='par_1_31' title="bbox 190 2711 1842 2791">
     <span class='ocr_line' id='line_1_31' title="bbox 190 2711 1842 2791; baseline -0.003 -18"><span class='ocrx_word' id='word_1_199' title='bbox 190 2740 340 2773; x_wconf 87' lang='grc' dir='ltr'>σασαι</span> <span class='ocrx_word' id='word_1_200' title='bbox 370 2718 574 2790; x_wconf 75' lang='grc' dir='ltr'>τούτῳ,</span> <span class='ocrx_word' id='word_1_201' title='bbox 606 2717 741 2787; x_wconf 75' lang='grc' dir='ltr'>αὕτη</span> <span class='ocrx_word' id='word_1_202' title='bbox 776 2715 834 2772; x_wconf 72' lang='grc' dir='ltr'>δὲ</span> <span class='ocrx_word' id='word_1_203' title='bbox 867 2716 1006 2789; x_wconf 86' lang='grc' dir='ltr'>μόνη</span> <span class='ocrx_word' id='word_1_204' title='bbox 1040 2714 1244 2771; x_wconf 75' lang='grc' dir='ltr'>εὔνοιαν</span> <span class='ocrx_word' id='word_1_205' title='bbox 1277 2715 1455 2791; x_wconf 89' lang='grc' dir='ltr'>ἐτήρει</span> <span class='ocrx_word' id='word_1_206' title='bbox 1512 2719 1590 2786; x_wconf 79' lang='grc' dir='ltr'>τῷ</span> <span class='ocrx_word' id='word_1_207' title='bbox 1624 2711 1842 2788; x_wconf 82' lang='grc' dir='ltr'>βασιλεῖ</span> 
     </span>
    </p>
   </div>
   <div class='ocr_carea' id='block_1_32' title="bbox 193 2800 1834 2879">
    <p class='ocr_par' dir='ltr' id='par_1_32' title="bbox 193 2800 1834 2879">
     <span class='ocr_line' id='line_1_32' title="bbox 193 2800 1834 2879; baseline -0.002 -20"><span class='ocrx_word' id='word_1_208' title='bbox 193 2803 405 2878; x_wconf 82' lang='grc' dir='ltr'>σπουδῇ</span> <span class='ocrx_word' id='word_1_209' title='bbox 434 2810 532 2860; x_wconf 71' lang='grc' dir='ltr'>τοῦ</span> <span class='ocrx_word' id='word_1_210' title='bbox 561 2803 768 2874; x_wconf 81' lang='grc' dir='ltr'>ταύτης</span> <span class='ocrx_word' id='word_1_211' title='bbox 799 2804 1097 2879; x_wconf 77' lang='grc' dir='ltr'>ἀρχιερέως</span> <span class='ocrx_word' id='word_1_212' title='bbox 1134 2804 1222 2857; x_wconf 85' lang='grc' dir='ltr'>καί</span> <span class='ocrx_word' id='word_1_213' title='bbox 1266 2823 1414 2864; x_wconf 91' lang='grc' dir='ltr'>τινος</span> <span class='ocrx_word' id='word_1_214' title='bbox 1444 2802 1718 2877; x_wconf 78' lang='grc' dir='ltr'>ἐγχωρίου</span> <span class='ocrx_word' id='word_1_215' title='bbox 1751 2800 1834 2857; x_wconf 78' lang='grc' dir='ltr'>δυο</span> 
     </span>
    </p>
   </div>
   <div class='ocr_carea' id='block_1_33' title="bbox 193 2886 1843 2968">
    <p class='ocr_par' dir='ltr' id='par_1_33' title="bbox 193 2886 1843 2968">
     <span class='ocr_line' id='line_1_33' title="bbox 193 2886 1843 2968; baseline -0.001 -20"><span class='ocrx_word' id='word_1_216' title='bbox 193 2896 390 2949; x_wconf 79' lang='grc' dir='ltr'>νάπου</span> <span class='ocrx_word' id='word_1_217' title='bbox 415 2898 514 2949; x_wconf 73' lang='grc' dir='ltr'>τοῦ</span> <span class='ocrx_word' id='word_1_218' title='bbox 545 2892 851 2968; x_wconf 76' lang='grc' dir='ltr'>λεγομένου</span> <span class='ocrx_word' id='word_1_219' title='bbox 912 2892 1173 2961; x_wconf 84' lang='grc' dir='ltr'>Βατάτζη,</span> <span class='ocrx_word' id='word_1_220' title='bbox 1207 2896 1492 2967; x_wconf 78' lang='grc' dir='ltr'>συγγενοῦς</span> <span class='ocrx_word' id='word_1_221' title='bbox 1541 2886 1695 2952; x_wconf 70' lang='grc' dir='ltr'>ὄντος</span> <span class='ocrx_word' id='word_1_222' title='bbox 1746 2897 1843 2946; x_wconf 77' lang='grc' dir='ltr'>τοῦ</span> 
     </span>
    </p>
   </div>
   <div class='ocr_carea' id='block_1_34' title="bbox 196 2975 1844 3058">
    <p class='ocr_par' dir='ltr' id='par_1_34' title="bbox 196 2975 1844 3058">
     <span class='ocr_line' id='line_1_34' title="bbox 196 2975 1844 3058; baseline -0.002 -22"><span class='ocrx_word' id='word_1_223' title='bbox 196 2981 506 3058; x_wconf 80' lang='grc' dir='ltr'>Τορνικίου.</span> <span class='ocrx_word' id='word_1_224' title='bbox 535 2983 625 3044; x_wconf 76' lang='grc' dir='ltr'>Ὠς</span> <span class='ocrx_word' id='word_1_225' title='bbox 658 2979 710 3036; x_wconf 78' lang='grc' dir='ltr'>δ’</span> <span class='ocrx_word' id='word_1_226' title='bbox 735 2980 1056 3043; x_wconf 74' lang='grc' dir='ltr'>ἀπελθόντες</span> <span class='ocrx_word' id='word_1_227' title='bbox 1082 2980 1275 3035; x_wconf 86' lang='grc' dir='ltr'>ἐκεῖνοι</span> <span class='ocrx_word' id='word_1_228' title='bbox 1305 2980 1394 3034; x_wconf 84' lang='grc' dir='ltr'>καὶ</span> <span class='ocrx_word' id='word_1_229' title='bbox 1427 2975 1844 3056; x_wconf 72' lang='grc' dir='ltr'>χρονοτριόοὖν-</span> 
     </span>
    </p>
   </div>
   <div class='ocr_carea' id='block_1_35' title="bbox 1944 577 3597 656">
    <p class='ocr_par' dir='ltr' id='par_1_35' title="bbox 1944 577 3597 656">
     <span class='ocr_line' id='line_1_35' title="bbox 1944 577 3597 656; baseline 0.007 -26"><span class='ocrx_word' id='word_1_230' title='bbox 1944 581 2142 631; x_wconf 90' lang='lat' dir='ltr'><strong>castra</strong></span> <span class='ocrx_word' id='word_1_231' title='bbox 2173 577 2446 633; x_wconf 90' lang='lat' dir='ltr'><strong>hostibus</strong></span> <span class='ocrx_word' id='word_1_232' title='bbox 2472 580 2735 651; x_wconf 90' lang='lat' dir='ltr'><strong>opponit,</strong></span> <span class='ocrx_word' id='word_1_233' title='bbox 2772 598 3089 656; x_wconf 79' lang='lat' dir='ltr'>pugnaque</span> <span class='ocrx_word' id='word_1_234' title='bbox 3123 583 3427 640; x_wconf 88' lang='lat' dir='ltr'><strong>abstinens</strong></span> <span class='ocrx_word' id='word_1_235' title='bbox 3457 601 3597 655; x_wconf 87' lang='lat' dir='ltr'><strong>epe-</strong></span> 
     </span>
    </p>
   </div>
   <div class='ocr_carea' id='block_1_36' title="bbox 1943 665 3590 744">
    <p class='ocr_par' dir='ltr' id='par_1_36' title="bbox 1943 665 3590 744">
     <span class='ocr_line' id='line_1_36' title="bbox 1943 665 3590 744; baseline 0.005 -25"><span class='ocrx_word' id='word_1_236' title='bbox 1943 682 2066 720; x_wconf 86' lang='lat' dir='ltr'>ram</span> <span class='ocrx_word' id='word_1_237' title='bbox 2102 665 2203 720; x_wconf 90' lang='lat' dir='ltr'>dat</span> <span class='ocrx_word' id='word_1_238' title='bbox 2236 683 2307 721; x_wconf 92' lang='lat' dir='ltr'><strong>ne</strong></span> <span class='ocrx_word' id='word_1_239' title='bbox 2341 682 2540 722; x_wconf 90' lang='lat' dir='ltr'><strong>eorum</strong></span> <span class='ocrx_word' id='word_1_240' title='bbox 2598 670 2816 739; x_wconf 66' lang='lat' dir='ltr'><strong>praedia</strong></span> <span class='ocrx_word' id='word_1_241' title='bbox 2865 670 3217 726; x_wconf 83' lang='lat' dir='ltr'><strong>maleﬁcium</strong></span> <span class='ocrx_word' id='word_1_242' title='bbox 3270 673 3590 744; x_wconf 81' lang='lat' dir='ltr'><strong>patiantur,</strong></span> 
     </span>
    </p>
   </div>
   <div class='ocr_carea' id='block_1_37' title="bbox 1945 755 3594 834">
    <p class='ocr_par' dir='ltr' id='par_1_37' title="bbox 1945 755 3594 834">
     <span class='ocr_line' id='line_1_37' title="bbox 1945 755 3594 834; baseline 0.005 -24"><span class='ocrx_word' id='word_1_243' title='bbox 1945 757 2265 826; x_wconf 84' lang='lat' dir='ltr'><strong>captosque</strong></span> <span class='ocrx_word' id='word_1_244' title='bbox 2296 755 2635 813; x_wconf 74' lang='lat' dir='ltr'>humaniter</span> <span class='ocrx_word' id='word_1_245' title='bbox 2678 764 2908 826; x_wconf 80' lang='lat' dir='ltr'>tractat,</span> <span class='ocrx_word' id='word_1_246' title='bbox 2943 760 3188 833; x_wconf 84' lang='lat' dir='ltr'>reliquis</span> <span class='ocrx_word' id='word_1_247' title='bbox 3237 778 3340 834; x_wconf 89' lang='lat' dir='ltr'>per</span> <span class='ocrx_word' id='word_1_248' title='bbox 3367 760 3594 818; x_wconf 79' lang='lat' dir='ltr'><strong>litteras</strong></span> 
     </span>
    </p>
   </div>
   <div class='ocr_carea' id='block_1_38' title="bbox 1946 843 3594 906">
    <p class='ocr_par' dir='ltr' id='par_1_38' title="bbox 1946 843 3594 906">
     <span class='ocr_line' id='line_1_38' title="bbox 1946 843 3594 906; baseline 0.004 -7"><span class='ocrx_word' id='word_1_249' title='bbox 1946 843 2170 899; x_wconf 89' lang='lat' dir='ltr'>occulte</span> <span class='ocrx_word' id='word_1_250' title='bbox 2203 844 2417 899; x_wconf 87' lang='lat' dir='ltr'><strong>missas</strong></span> <span class='ocrx_word' id='word_1_251' title='bbox 2449 846 2675 901; x_wconf 86' lang='lat' dir='ltr'><strong>veniam</strong></span> <span class='ocrx_word' id='word_1_252' title='bbox 2708 847 2902 903; x_wconf 86' lang='lat' dir='ltr'><strong>delicti</strong></span> <span class='ocrx_word' id='word_1_253' title='bbox 2923 855 2978 904; x_wconf 89' lang='lat' dir='ltr'>et</span> <span class='ocrx_word' id='word_1_254' title='bbox 3006 850 3273 905; x_wconf 91' lang='lat' dir='ltr'><strong>omnium</strong></span> <span class='ocrx_word' id='word_1_255' title='bbox 3307 850 3594 906; x_wconf 86' lang='lat' dir='ltr'><strong>bonorum</strong></span> 
     </span>
    </p>
   </div>
   <div class='ocr_carea' id='block_1_39' title="bbox 1947 933 3599 1012">
    <p class='ocr_par' dir='ltr' id='par_1_39' title="bbox 1947 933 3599 1012">
     <span class='ocr_line' id='line_1_39' title="bbox 1947 933 3599 1012; baseline 0.005 -27"><span class='ocrx_word' id='word_1_256' title='bbox 1947 933 2171 1003; x_wconf 86' lang='lat' dir='ltr'><strong>copiam</strong></span> <span class='ocrx_word' id='word_1_257' title='bbox 2208 933 2577 1003; x_wconf 69' lang='lat' dir='ltr'><strong>promittens.</strong></span> <span class='ocrx_word' id='word_1_258' title='bbox 2628 935 2757 992; x_wconf 89' lang='lat' dir='ltr'><strong>Jam</strong></span> <span class='ocrx_word' id='word_1_259' title='bbox 2820 941 2875 991; x_wconf 89' lang='lat' dir='ltr'>et</span> <span class='ocrx_word' id='word_1_260' title='bbox 2925 937 3114 994; x_wconf 87' lang='lat' dir='ltr'><strong>hiems</strong></span> <span class='ocrx_word' id='word_1_261' title='bbox 3172 940 3507 1012; x_wconf 87' lang='lat' dir='ltr'><strong>appetebat,</strong></span> <span class='ocrx_word' id='word_1_262' title='bbox 3539 944 3599 996; x_wconf 88' lang='lat' dir='ltr'><strong>et</strong></span> 
     </span>
    </p>
   </div>
   <div class='ocr_carea' id='block_1_40' title="bbox 1947 1020 3595 1097">
    <p class='ocr_par' dir='ltr' id='par_1_40' title="bbox 1947 1020 3595 1097">
     <span class='ocr_line' id='line_1_40' title="bbox 1947 1020 3595 1097; baseline 0.005 -22"><span class='ocrx_word' id='word_1_263' title='bbox 1947 1020 2297 1093; x_wconf 89' lang='lat' dir='ltr'><strong>perduelles,</strong></span> <span class='ocrx_word' id='word_1_264' title='bbox 2331 1038 2461 1077; x_wconf 91' lang='lat' dir='ltr'>cum</span> <span class='ocrx_word' id='word_1_265' title='bbox 2514 1029 2572 1079; x_wconf 90' lang='lat' dir='ltr'>et</span> <span class='ocrx_word' id='word_1_266' title='bbox 2620 1024 2729 1096; x_wconf 86' lang='lat' dir='ltr'><strong>ipsi</strong></span> <span class='ocrx_word' id='word_1_267' title='bbox 2783 1042 2983 1082; x_wconf 87' lang='lat' dir='ltr'><strong>eorum</strong></span> <span class='ocrx_word' id='word_1_268' title='bbox 3030 1028 3304 1097; x_wconf 86' lang='lat' dir='ltr'><strong>jumenta</strong></span> <span class='ocrx_word' id='word_1_269' title='bbox 3348 1028 3595 1084; x_wconf 88' lang='lat' dir='ltr'><strong>alimen-</strong></span> 
     </span>
    </p>
   </div>
   <div class='ocr_carea' id='block_1_41' title="bbox 1943 1110 3595 1188">
    <p class='ocr_par' dir='ltr' id='par_1_41' title="bbox 1943 1110 3595 1188">
     <span class='ocr_line' id='line_1_41' title="bbox 1943 1110 3595 1188; baseline 0.007 -26"><span class='ocrx_word' id='word_1_270' title='bbox 1943 1110 2018 1163; x_wconf 87' lang='lat' dir='ltr'>tis</span> <span class='ocrx_word' id='word_1_271' title='bbox 2050 1110 2532 1179; x_wconf 88' lang='lat' dir='ltr'><strong>destitnerenlur,</strong></span> <span class='ocrx_word' id='word_1_272' title='bbox 2576 1113 2716 1185; x_wconf 86' lang='lat' dir='ltr'><strong>quia</strong></span> <span class='ocrx_word' id='word_1_273' title='bbox 2765 1115 2972 1186; x_wconf 79' lang='lat' dir='ltr'><strong>frigus,</strong></span> <span class='ocrx_word' id='word_1_274' title='bbox 3003 1115 3215 1172; x_wconf 75' lang='lat' dir='ltr'><strong>famem</strong></span> <span class='ocrx_word' id='word_1_275' title='bbox 3242 1116 3595 1188; x_wconf 85' lang='lat' dir='ltr'><strong>hostemque</strong></span> 
     </span>
    </p>
   </div>
   <div class='ocr_carea' id='block_1_42' title="bbox 1944 1198 3590 1278">
    <p class='ocr_par' dir='ltr' id='par_1_42' title="bbox 1944 1198 3590 1278">
     <span class='ocr_line' id='line_1_42' title="bbox 1944 1198 3590 1278; baseline 0.005 -25"><span class='ocrx_word' id='word_1_276' title='bbox 1944 1198 2118 1253; x_wconf 88' lang='lat' dir='ltr'><strong>simul</strong></span> <span class='ocrx_word' id='word_1_277' title='bbox 2155 1200 2445 1255; x_wconf 89' lang='lat' dir='ltr'><strong>sustinere</strong></span> <span class='ocrx_word' id='word_1_278' title='bbox 2479 1218 2593 1257; x_wconf 92' lang='lat' dir='ltr'>non</span> <span class='ocrx_word' id='word_1_279' title='bbox 2652 1208 2937 1274; x_wconf 86' lang='lat' dir='ltr'><strong>poterant,</strong></span> <span class='ocrx_word' id='word_1_280' title='bbox 2972 1205 3255 1276; x_wconf 73' lang='lat' dir='ltr'><strong>paulatim</strong></span> <span class='ocrx_word' id='word_1_281' title='bbox 3289 1206 3360 1261; x_wconf 90' lang='lat' dir='ltr'>ad</span> <span class='ocrx_word' id='word_1_282' title='bbox 3405 1206 3590 1278; x_wconf 82' lang='lat' dir='ltr'><strong>magi-</strong></span> 
     </span>
    </p>
   </div>
   <div class='ocr_carea' id='block_1_43' title="bbox 1943 1290 3591 1366">
    <p class='ocr_par' dir='ltr' id='par_1_43' title="bbox 1943 1290 3591 1366">
     <span class='ocr_line' id='line_1_43' title="bbox 1943 1290 3591 1366; baseline 0.006 -25"><span class='ocrx_word' id='word_1_283' title='bbox 1943 1294 2131 1343; x_wconf 89' lang='lat' dir='ltr'><strong>strum</strong></span> <span class='ocrx_word' id='word_1_284' title='bbox 2164 1290 2553 1347; x_wconf 76' lang='lat' dir='ltr'><strong>desciverunt.</strong></span> <span class='ocrx_word' id='word_1_285' title='bbox 2605 1293 2911 1349; x_wconf 83' lang='lat' dir='ltr'><strong>Tornicius</strong></span> <span class='ocrx_word' id='word_1_286' title='bbox 2961 1310 3112 1362; x_wconf 86' lang='lat' dir='ltr'><strong>vero,</strong></span> <span class='ocrx_word' id='word_1_287' title='bbox 3160 1295 3445 1366; x_wconf 88' lang='lat' dir='ltr'><strong>quamdiu</strong></span> <span class='ocrx_word' id='word_1_288' title='bbox 3484 1296 3591 1351; x_wconf 75' lang='lat' dir='ltr'><strong>ob-</strong></span> 
     </span>
    </p>
   </div>
   <div class='ocr_carea' id='block_1_44' title="bbox 1946 1379 3591 1456">
    <p class='ocr_par' dir='ltr' id='par_1_44' title="bbox 1946 1379 3591 1456">
     <span class='ocr_line' id='line_1_44' title="bbox 1946 1379 3591 1456; baseline 0.006 -26"><span class='ocrx_word' id='word_1_289' title='bbox 1946 1379 2098 1431; x_wconf 89' lang='lat' dir='ltr'><strong>scuri</strong></span> <span class='ocrx_word' id='word_1_290' title='bbox 2132 1383 2360 1433; x_wconf 90' lang='lat' dir='ltr'><strong>tantum</strong></span> <span class='ocrx_word' id='word_1_291' title='bbox 2387 1380 2757 1449; x_wconf 83' lang='lat' dir='ltr'><strong>deﬁciebant,</strong></span> <span class='ocrx_word' id='word_1_292' title='bbox 2778 1387 3076 1455; x_wconf 90' lang='lat' dir='ltr'><strong>utcunque</strong></span> <span class='ocrx_word' id='word_1_293' title='bbox 3098 1384 3331 1439; x_wconf 87' lang='lat' dir='ltr'><strong>duravit</strong></span> <span class='ocrx_word' id='word_1_294' title='bbox 3350 1388 3407 1440; x_wconf 90' lang='lat' dir='ltr'>et</span> <span class='ocrx_word' id='word_1_295' title='bbox 3429 1401 3591 1456; x_wconf 88' lang='lat' dir='ltr'><strong>spem</strong></span> 
     </span>
    </p>
   </div>
   <div class='ocr_carea' id='block_1_45' title="bbox 1947 1467 3593 1545">
    <p class='ocr_par' dir='ltr' id='par_1_45' title="bbox 1947 1467 3593 1545">
     <span class='ocr_line' id='line_1_45' title="bbox 1947 1467 3593 1545; baseline 0.006 -26"><span class='ocrx_word' id='word_1_296' title='bbox 1947 1467 2107 1520; x_wconf 82' lang='lat' dir='ltr'><strong>fovit.</strong></span> <span class='ocrx_word' id='word_1_297' title='bbox 2142 1470 2282 1522; x_wconf 88' lang='lat' dir='ltr'>Cum</span> <span class='ocrx_word' id='word_1_298' title='bbox 2317 1474 2514 1524; x_wconf 89' lang='lat' dir='ltr'><strong>autem</strong></span> <span class='ocrx_word' id='word_1_299' title='bbox 2563 1470 2862 1526; x_wconf 88' lang='lat' dir='ltr'><strong>Marianus</strong></span> <span class='ocrx_word' id='word_1_300' title='bbox 2895 1472 3135 1538; x_wconf 90' lang='lat' dir='ltr'><strong>Branas,</strong></span> <span class='ocrx_word' id='word_1_301' title='bbox 3181 1472 3371 1545; x_wconf 80' lang='lat' dir='ltr'><strong>Polys,</strong></span> <span class='ocrx_word' id='word_1_302' title='bbox 3403 1473 3593 1529; x_wconf 87' lang='lat' dir='ltr'><strong>Theo-</strong></span> 
     </span>
    </p>
   </div>
   <div class='ocr_carea' id='block_1_46' title="bbox 1946 1555 3597 1633">
    <p class='ocr_par' dir='ltr' id='par_1_46' title="bbox 1946 1555 3597 1633">
     <span class='ocr_line' id='line_1_46' title="bbox 1946 1555 3597 1633; baseline 0.004 -24"><span class='ocrx_word' id='word_1_303' title='bbox 1946 1555 2124 1611; x_wconf 92' lang='lat' dir='ltr'><strong>dorus</strong></span> <span class='ocrx_word' id='word_1_304' title='bbox 2157 1557 2536 1630; x_wconf 82' lang='lat' dir='ltr'><strong>Strabomyta</strong></span> <span class='ocrx_word' id='word_1_305' title='bbox 2564 1560 2719 1621; x_wconf 76' lang='lat'>566</span> <span class='ocrx_word' id='word_1_306' title='bbox 2744 1565 2802 1615; x_wconf 93' lang='lat' dir='ltr'><strong>et</strong></span> <span class='ocrx_word' id='word_1_307' title='bbox 2832 1560 3095 1617; x_wconf 89' lang='lat' dir='ltr'><strong>Glabana</strong></span> <span class='ocrx_word' id='word_1_308' title='bbox 3128 1561 3349 1617; x_wconf 77' lang='lat' dir='ltr'><strong>familia</strong></span> <span class='ocrx_word' id='word_1_309' title='bbox 3377 1561 3597 1633; x_wconf 89' lang='lat' dir='ltr'><strong>aliique</strong></span> 
     </span>
    </p>
   </div>
   <div class='ocr_carea' id='block_1_47' title="bbox 1945 1643 3597 1718">
    <p class='ocr_par' dir='ltr' id='par_1_47' title="bbox 1945 1643 3597 1718">
     <span class='ocr_line' id='line_1_47' title="bbox 1945 1643 3597 1718; baseline 0.005 -22"><span class='ocrx_word' id='word_1_310' title='bbox 1945 1643 2206 1700; x_wconf 84' lang='lat' dir='ltr'><strong>illustres</strong></span> <span class='ocrx_word' id='word_1_311' title='bbox 2238 1645 2365 1718; x_wconf 91' lang='lat' dir='ltr'><strong>ipso</strong></span> <span class='ocrx_word' id='word_1_312' title='bbox 2398 1648 2627 1703; x_wconf 90' lang='lat' dir='ltr'><strong>deserto</strong></span> <span class='ocrx_word' id='word_1_313' title='bbox 2660 1649 2968 1705; x_wconf 81' lang='lat' dir='ltr'><strong>confertim</strong></span> <span class='ocrx_word' id='word_1_314' title='bbox 3001 1650 3073 1705; x_wconf 89' lang='lat' dir='ltr'>ad</span> <span class='ocrx_word' id='word_1_315' title='bbox 3101 1650 3350 1705; x_wconf 85' lang='lat' dir='ltr'><strong>Jasitam</strong></span> <span class='ocrx_word' id='word_1_316' title='bbox 3382 1650 3597 1706; x_wconf 81' lang='lat' dir='ltr'><strong>transi-</strong></span> 
     </span>
    </p>
   </div>
   <div class='ocr_carea' id='block_1_48' title="bbox 1942 1735 3599 1810">
    <p class='ocr_par' dir='ltr' id='par_1_48' title="bbox 1942 1735 3599 1810">
     <span class='ocr_line' id='line_1_48' title="bbox 1942 1735 3599 1810; baseline 0.003 -21"><span class='ocrx_word' id='word_1_317' title='bbox 1942 1735 2376 1806; x_wconf 88' lang='lat' dir='ltr'><strong>verunt,t&#39;ugam</strong></span> <span class='ocrx_word' id='word_1_318' title='bbox 2405 1736 2531 1808; x_wconf 85' lang='lat' dir='ltr'><strong>ipse</strong></span> <span class='ocrx_word' id='word_1_319' title='bbox 2550 1754 2680 1793; x_wconf 92' lang='lat' dir='ltr'>cum</span> <span class='ocrx_word' id='word_1_320' title='bbox 2700 1741 2926 1794; x_wconf 88' lang='lat' dir='ltr'><strong>Joanne</strong></span> <span class='ocrx_word' id='word_1_321' title='bbox 2947 1738 3311 1810; x_wconf 89' lang='lat' dir='ltr'><strong>Batatza,qui</strong></span> <span class='ocrx_word' id='word_1_322' title='bbox 3329 1739 3402 1795; x_wconf 90' lang='lat' dir='ltr'>ab</span> <span class='ocrx_word' id='word_1_323' title='bbox 3424 1755 3492 1794; x_wconf 93' lang='lat' dir='ltr'>eo</span> <span class='ocrx_word' id='word_1_324' title='bbox 3513 1738 3599 1794; x_wconf 90' lang='lat' dir='ltr'><strong>iu-</strong></span> 
     </span>
    </p>
   </div>
   <div class='ocr_carea' id='block_1_49' title="bbox 1946 1822 3594 1900">
    <p class='ocr_par' dir='ltr' id='par_1_49' title="bbox 1946 1822 3594 1900">
     <span class='ocr_line' id='line_1_49' title="bbox 1946 1822 3594 1900; baseline 0.005 -25"><span class='ocrx_word' id='word_1_325' title='bbox 1946 1827 2035 1877; x_wconf 83' lang='lat' dir='ltr'>ter</span> <span class='ocrx_word' id='word_1_326' title='bbox 2058 1822 2301 1878; x_wconf 82' lang='lat' dir='ltr'><strong>rebelles</strong></span> <span class='ocrx_word' id='word_1_327' title='bbox 2321 1830 2446 1879; x_wconf 89' lang='lat' dir='ltr'><strong>erat</strong></span> <span class='ocrx_word' id='word_1_328' title='bbox 2466 1826 2805 1899; x_wconf 81' lang='lat' dir='ltr'><strong>dignatione</strong></span> <span class='ocrx_word' id='word_1_329' title='bbox 2827 1827 3404 1900; x_wconf 84' lang='lat' dir='ltr'><strong>proximus,paravit.</strong></span> <span class='ocrx_word' id='word_1_330' title='bbox 3424 1826 3594 1883; x_wconf 89' lang='lat' dir='ltr'><strong>Cum-</strong></span> 
     </span>
    </p>
   </div>
   <div class='ocr_carea' id='block_1_50' title="bbox 1941 1916 3584 1991">
    <p class='ocr_par' dir='ltr' id='par_1_50' title="bbox 1941 1916 3584 1991">
     <span class='ocr_line' id='line_1_50' title="bbox 1941 1916 3584 1991; baseline 0.004 -24"><span class='ocrx_word' id='word_1_331' title='bbox 1941 1930 2055 1986; x_wconf 89' lang='lat' dir='ltr'>que</span> <span class='ocrx_word' id='word_1_332' title='bbox 2085 1916 2367 1971; x_wconf 86' lang='lat' dir='ltr'><strong>evadendi</strong></span> <span class='ocrx_word' id='word_1_333' title='bbox 2400 1933 2512 1971; x_wconf 91' lang='lat' dir='ltr'>non</span> <span class='ocrx_word' id='word_1_334' title='bbox 2546 1923 2885 1991; x_wconf 87' lang='lat' dir='ltr'><strong>suppeteret</strong></span> <span class='ocrx_word' id='word_1_335' title='bbox 2915 1919 3184 1989; x_wconf 80' lang='lat' dir='ltr'><strong>facultas,</strong></span> <span class='ocrx_word' id='word_1_336' title='bbox 3208 1919 3264 1975; x_wconf 92' lang='lat' dir='ltr'>in</span> <span class='ocrx_word' id='word_1_337' title='bbox 3297 1917 3584 1991; x_wconf 82' lang='lat' dir='ltr'><strong>templum</strong></span> 
     </span>
    </p>
   </div>
   <div class='ocr_carea' id='block_1_51' title="bbox 1941 2004 3584 2080">
    <p class='ocr_par' dir='ltr' id='par_1_51' title="bbox 1941 2004 3584 2080">
     <span class='ocr_line' id='line_1_51' title="bbox 1941 2004 3584 2080; baseline 0.003 -23"><span class='ocrx_word' id='word_1_338' title='bbox 1941 2004 2233 2075; x_wconf 85' lang='lat' dir='ltr'><strong>quoddam</strong></span> <span class='ocrx_word' id='word_1_339' title='bbox 2253 2021 2316 2060; x_wconf 90' lang='lat' dir='ltr'>se</span> <span class='ocrx_word' id='word_1_340' title='bbox 2335 2007 2718 2078; x_wconf 84' lang='lat' dir='ltr'><strong>rccepere.Sic</strong></span> <span class='ocrx_word' id='word_1_341' title='bbox 2738 2024 2945 2080; x_wconf 83' lang='lat' dir='ltr'><strong>agmen</strong></span> <span class='ocrx_word' id='word_1_342' title='bbox 2961 2005 3351 2080; x_wconf 89' lang='lat' dir='ltr'><strong>perduellium</strong></span> <span class='ocrx_word' id='word_1_343' title='bbox 3364 2012 3454 2065; x_wconf 90' lang='lat' dir='ltr'>est</span> <span class='ocrx_word' id='word_1_344' title='bbox 3468 2007 3584 2063; x_wconf 87' lang='lat' dir='ltr'><strong>dis-</strong></span> 
     </span>
    </p>
   </div>
   <div class='ocr_carea' id='block_1_52' title="bbox 1939 2091 3583 2170">
    <p class='ocr_par' dir='ltr' id='par_1_52' title="bbox 1939 2091 3583 2170">
     <span class='ocr_line' id='line_1_52' title="bbox 1939 2091 3583 2170; baseline 0.004 -24"><span class='ocrx_word' id='word_1_345' title='bbox 1939 2091 2219 2164; x_wconf 88' lang='lat' dir='ltr'><strong>sipatum.</strong></span> <span class='ocrx_word' id='word_1_346' title='bbox 2252 2094 2440 2153; x_wconf 84' lang='lat' dir='ltr'><strong>Jasita</strong></span> <span class='ocrx_word' id='word_1_347' title='bbox 2469 2112 2569 2151; x_wconf 89' lang='lat' dir='ltr'>eos</span> <span class='ocrx_word' id='word_1_348' title='bbox 2600 2097 2795 2152; x_wconf 87' lang='lat' dir='ltr'><strong>missis</strong></span> <span class='ocrx_word' id='word_1_349' title='bbox 2826 2097 3060 2154; x_wconf 80' lang='lat' dir='ltr'><strong>famulis</strong></span> <span class='ocrx_word' id='word_1_350' title='bbox 3088 2100 3244 2170; x_wconf 85' lang='lat' dir='ltr'><strong>cepit</strong></span> <span class='ocrx_word' id='word_1_351' title='bbox 3272 2102 3330 2153; x_wconf 90' lang='lat' dir='ltr'><strong>et</strong></span> <span class='ocrx_word' id='word_1_352' title='bbox 3357 2098 3583 2154; x_wconf 88' lang='lat' dir='ltr'><strong>vinctos</strong></span> 
     </span>
    </p>
   </div>
   <div class='ocr_carea' id='block_1_53' title="bbox 1942 2180 3579 2257">
    <p class='ocr_par' dir='ltr' id='par_1_53' title="bbox 1942 2180 3579 2257">
     <span class='ocr_line' id='line_1_53' title="bbox 1942 2180 3579 2257; baseline 0.004 -22"><span class='ocrx_word' id='word_1_353' title='bbox 1942 2182 2011 2235; x_wconf 83' lang='lat' dir='ltr'>ad</span> <span class='ocrx_word' id='word_1_354' title='bbox 2050 2180 2455 2253; x_wconf 86' lang='lat' dir='ltr'><strong>imperatorem</strong></span> <span class='ocrx_word' id='word_1_355' title='bbox 2489 2184 2770 2240; x_wconf 83' lang='lat' dir='ltr'><strong>abduxit:</strong></span> <span class='ocrx_word' id='word_1_356' title='bbox 2808 2185 3025 2242; x_wconf 89' lang='lat' dir='ltr'><strong>milites</strong></span> <span class='ocrx_word' id='word_1_357' title='bbox 3057 2187 3231 2257; x_wconf 88' lang='lat' dir='ltr'><strong>jussu</strong></span> <span class='ocrx_word' id='word_1_358' title='bbox 3268 2186 3579 2257; x_wconf 79' lang='lat' dir='ltr'><strong>imperato-</strong></span> 
     </span>
    </p>
   </div>
   <div class='ocr_carea' id='block_1_54' title="bbox 1940 2269 3583 2345">
    <p class='ocr_par' dir='ltr' id='par_1_54' title="bbox 1940 2269 3583 2345">
     <span class='ocr_line' id='line_1_54' title="bbox 1940 2269 3583 2345; baseline 0.004 -20"><span class='ocrx_word' id='word_1_359' title='bbox 1940 2269 2097 2325; x_wconf 89' lang='lat' dir='ltr'><strong>risin</strong></span> <span class='ocrx_word' id='word_1_360' title='bbox 2130 2288 2295 2326; x_wconf 90' lang='lat' dir='ltr'><strong>suam</strong></span> <span class='ocrx_word' id='word_1_361' title='bbox 2329 2272 2580 2344; x_wconf 89' lang='lat' dir='ltr'><strong>quisque</strong></span> <span class='ocrx_word' id='word_1_362' title='bbox 2613 2276 2860 2345; x_wconf 90' lang='lat' dir='ltr'><strong>patriam</strong></span> <span class='ocrx_word' id='word_1_363' title='bbox 2893 2274 3583 2331; x_wconf 88' lang='lat' dir='ltr'><strong>discesserunt.Tornicio</strong></span> 
     </span>
    </p>
   </div>
   <div class='ocr_carea' id='block_1_55' title="bbox 1944 2361 3584 2433">
    <p class='ocr_par' dir='ltr' id='par_1_55' title="bbox 1944 2361 3584 2433">
     <span class='ocr_line' id='line_1_55' title="bbox 1944 2361 3584 2433; baseline 0.004 -19"><span class='ocrx_word' id='word_1_364' title='bbox 1944 2363 2001 2414; x_wconf 91' lang='lat' dir='ltr'>et</span> <span class='ocrx_word' id='word_1_365' title='bbox 2032 2364 2274 2414; x_wconf 73' lang='lat' dir='ltr'><strong>Batatzm</strong></span> <span class='ocrx_word' id='word_1_366' title='bbox 2307 2361 2456 2415; x_wconf 88' lang='lat' dir='ltr'><strong>oculi</strong></span> <span class='ocrx_word' id='word_1_367' title='bbox 2507 2362 2699 2418; x_wconf 72' lang='lat' dir='ltr'><strong>effossi</strong></span> <span class='ocrx_word' id='word_1_368' title='bbox 2735 2363 2919 2433; x_wconf 88' lang='lat' dir='ltr'><strong>pridie</strong></span> <span class='ocrx_word' id='word_1_369' title='bbox 2968 2362 3365 2419; x_wconf 90' lang='lat' dir='ltr'><strong>natalitiorum</strong></span> <span class='ocrx_word' id='word_1_370' title='bbox 3412 2363 3584 2421; x_wconf 87' lang='lat' dir='ltr'><strong>Chri-</strong></span> 
     </span>
    </p>
   </div>
   <div class='ocr_carea' id='block_1_56' title="bbox 1946 2449 3582 2524">
    <p class='ocr_par' dir='ltr' id='par_1_56' title="bbox 1946 2449 3582 2524">
     <span class='ocr_line' id='line_1_56' title="bbox 1946 2449 3582 2524; baseline 0.004 -21"><span class='ocrx_word' id='word_1_371' title='bbox 1946 2450 2042 2503; x_wconf 89' lang='lat' dir='ltr'><strong>sti.</strong></span> <span class='ocrx_word' id='word_1_372' title='bbox 2077 2449 2287 2504; x_wconf 86' lang='lat' dir='ltr'><strong>Eorum</strong></span> <span class='ocrx_word' id='word_1_373' title='bbox 2317 2450 2414 2521; x_wconf 92' lang='lat' dir='ltr'>qui</span> <span class='ocrx_word' id='word_1_374' title='bbox 2448 2451 2505 2505; x_wconf 91' lang='lat' dir='ltr'>in</span> <span class='ocrx_word' id='word_1_375' title='bbox 2542 2450 2940 2507; x_wconf 81' lang='lat' dir='ltr'><strong>benevolentia</strong></span> <span class='ocrx_word' id='word_1_376' title='bbox 2970 2452 3289 2522; x_wconf 90' lang='lat' dir='ltr'><strong>perduellis</strong></span> <span class='ocrx_word' id='word_1_377' title='bbox 3319 2454 3582 2524; x_wconf 87' lang='lat' dir='ltr'><strong>perstite-</strong></span> 
     </span>
    </p>
   </div>
   <div class='ocr_carea' id='block_1_57' title="bbox 1947 2538 3590 2613">
    <p class='ocr_par' dir='ltr' id='par_1_57' title="bbox 1947 2538 3590 2613">
     <span class='ocr_line' id='line_1_57' title="bbox 1947 2538 3590 2613; baseline 0.003 -20"><span class='ocrx_word' id='word_1_378' title='bbox 1947 2544 2081 2593; x_wconf 87' lang='lat' dir='ltr'><strong>rant</strong></span> <span class='ocrx_word' id='word_1_379' title='bbox 2113 2539 2263 2593; x_wconf 90' lang='lat' dir='ltr'><strong>bona</strong></span> <span class='ocrx_word' id='word_1_380' title='bbox 2294 2538 2605 2609; x_wconf 88' lang='lat' dir='ltr'><strong>publicata,</strong></span> <span class='ocrx_word' id='word_1_381' title='bbox 2638 2540 2800 2612; x_wconf 89' lang='lat' dir='ltr'><strong>prius</strong></span> <span class='ocrx_word' id='word_1_382' title='bbox 2833 2540 3225 2613; x_wconf 84' lang='lat' dir='ltr'><strong>ignominiose</strong></span> <span class='ocrx_word' id='word_1_383' title='bbox 3255 2558 3359 2613; x_wconf 88' lang='lat' dir='ltr'>per</span> <span class='ocrx_word' id='word_1_384' title='bbox 3403 2542 3590 2598; x_wconf 84' lang='lat' dir='ltr'><strong>forum</strong></span> 
     </span>
    </p>
   </div>
   <div class='ocr_carea' id='block_1_58' title="bbox 1949 2626 3599 2703">
    <p class='ocr_par' dir='ltr' id='par_1_58' title="bbox 1949 2626 3599 2703">
     <span class='ocr_line' id='line_1_58' title="bbox 1949 2626 3599 2703; baseline 0.003 -22"><span class='ocrx_word' id='word_1_385' title='bbox 1949 2626 2480 2683; x_wconf 73' lang='lat' dir='ltr'><strong>circumduclorum</strong></span> <span class='ocrx_word' id='word_1_386' title='bbox 2537 2646 2602 2684; x_wconf 88' lang='lat' dir='ltr'>ac</span> <span class='ocrx_word' id='word_1_387' title='bbox 2654 2629 2863 2684; x_wconf 88' lang='lat' dir='ltr'><strong>deinde</strong></span> <span class='ocrx_word' id='word_1_388' title='bbox 2939 2630 3371 2703; x_wconf 85' lang='lat' dir='ltr'><strong>relegatorum.</strong></span> <span class='ocrx_word' id='word_1_389' title='bbox 3431 2630 3599 2687; x_wconf 85' lang='lat' dir='ltr'><strong>Hunc</strong></span> 
     </span>
    </p>
   </div>
   <div class='ocr_carea' id='block_1_59' title="bbox 1952 2715 3603 2790">
    <p class='ocr_par' dir='ltr' id='par_1_59' title="bbox 1952 2715 3603 2790">
     <span class='ocr_line' id='line_1_59' title="bbox 1952 2715 3603 2790; baseline 0.004 -20"><span class='ocrx_word' id='word_1_390' title='bbox 1952 2715 2127 2770; x_wconf 85' lang='lat' dir='ltr'><strong>ﬁnem</strong></span> <span class='ocrx_word' id='word_1_391' title='bbox 2159 2716 2258 2771; x_wconf 91' lang='lat' dir='ltr'><strong>ille</strong></span> <span class='ocrx_word' id='word_1_392' title='bbox 2292 2717 2500 2773; x_wconf 84' lang='lat' dir='ltr'><strong>habuit</strong></span> <span class='ocrx_word' id='word_1_393' title='bbox 2529 2723 2746 2773; x_wconf 90' lang='lat' dir='ltr'><strong>motus.</strong></span> <span class='ocrx_word' id='word_1_394' title='bbox 2779 2717 2911 2773; x_wconf 85' lang='lat' dir='ltr'><strong>Jam</strong></span> <span class='ocrx_word' id='word_1_395' title='bbox 2944 2735 3089 2790; x_wconf 88' lang='lat' dir='ltr'><strong>quas</strong></span> <span class='ocrx_word' id='word_1_396' title='bbox 3136 2736 3170 2774; x_wconf 89' lang='lat' dir='ltr'>a</span> <span class='ocrx_word' id='word_1_397' title='bbox 3198 2719 3405 2775; x_wconf 88' lang='lat' dir='ltr'><strong>Turcis</strong></span> <span class='ocrx_word' id='word_1_398' title='bbox 3435 2734 3603 2776; x_wconf 85' lang='lat' dir='ltr'><strong>acce-</strong></span> 
     </span>
    </p>
   </div>
   <div class='ocr_carea' id='block_1_60' title="bbox 1954 2805 3602 2881">
    <p class='ocr_par' dir='ltr' id='par_1_60' title="bbox 1954 2805 3602 2881">
     <span class='ocr_line' id='line_1_60' title="bbox 1954 2805 3602 2881; baseline 0.002 -21"><span class='ocrx_word' id='word_1_399' title='bbox 1954 2806 2216 2877; x_wconf 81' lang='lat' dir='ltr'><strong>perimus</strong></span> <span class='ocrx_word' id='word_1_400' title='bbox 2274 2805 2637 2863; x_wconf 87' lang='lat' dir='ltr'><strong>calamitates</strong></span> <span class='ocrx_word' id='word_1_401' title='bbox 2694 2808 2965 2874; x_wconf 81' lang='lat' dir='ltr'><strong>referam,</strong></span> <span class='ocrx_word' id='word_1_402' title='bbox 3023 2808 3072 2864; x_wconf 90' lang='lat' dir='ltr'>si</span> <span class='ocrx_word' id='word_1_403' title='bbox 3131 2808 3298 2879; x_wconf 82' lang='lat' dir='ltr'><strong>prius</strong></span> <span class='ocrx_word' id='word_1_404' title='bbox 3354 2807 3602 2881; x_wconf 88' lang='lat' dir='ltr'><strong>quinam</strong></span> 
     </span>
    </p>
   </div>
   <div class='ocr_carea' id='block_1_61' title="bbox 1957 2895 3609 2967">
    <p class='ocr_par' dir='ltr' id='par_1_61' title="bbox 1957 2895 3609 2967">
     <span class='ocr_line' id='line_1_61' title="bbox 1957 2895 3609 2967; baseline 0.004 -18"><span class='ocrx_word' id='word_1_405' title='bbox 1957 2895 2175 2949; x_wconf 83' lang='lat' dir='ltr'><strong>fuerint</strong></span> <span class='ocrx_word' id='word_1_406' title='bbox 2201 2895 2398 2961; x_wconf 89' lang='lat' dir='ltr'><strong>Turci,</strong></span> <span class='ocrx_word' id='word_1_407' title='bbox 2431 2900 2484 2951; x_wconf 91' lang='lat' dir='ltr'>et</span> <span class='ocrx_word' id='word_1_408' title='bbox 2520 2913 2636 2967; x_wconf 91' lang='lat' dir='ltr'>qua</span> <span class='ocrx_word' id='word_1_409' title='bbox 2665 2897 2972 2953; x_wconf 90' lang='lat' dir='ltr'><strong>occasione</strong></span> <span class='ocrx_word' id='word_1_410' title='bbox 3008 2896 3230 2954; x_wconf 91' lang='lat' dir='ltr'><strong>bellum</strong></span> <span class='ocrx_word' id='word_1_411' title='bbox 3261 2902 3465 2955; x_wconf 89' lang='lat' dir='ltr'><strong>contra</strong></span> <span class='ocrx_word' id='word_1_412' title='bbox 3495 2902 3609 2955; x_wconf 81' lang='lat' dir='ltr'>Ro-</span> 
     </span>
    </p>
   </div>
   <div class='ocr_carea' id='block_1_62' title="bbox 1959 2984 3123 3057">
    <p class='ocr_par' dir='ltr' id='par_1_62' title="bbox 1959 2984 3123 3057">
     <span class='ocr_line' id='line_1_62' title="bbox 1959 2984 3123 3057; baseline 0.003 -19"><span class='ocrx_word' id='word_1_413' title='bbox 1959 3000 2163 3038; x_wconf 74' lang='lat' dir='ltr'><strong>manos</strong></span> <span class='ocrx_word' id='word_1_414' title='bbox 2194 3000 2395 3055; x_wconf 84' lang='lat' dir='ltr'><strong>gerere</strong></span> <span class='ocrx_word' id='word_1_415' title='bbox 2427 2984 2729 3056; x_wconf 74' lang='lat' dir='ltr'><strong>cmperint,</strong></span> <span class='ocrx_word' id='word_1_416' title='bbox 2757 2986 3123 3057; x_wconf 81' lang='lat' dir='ltr'><strong>expedivero.</strong></span> 
     </span>
    </p>
   </div>
   <div class='ocr_carea' id='block_1_63' title="bbox 193 3067 3611 3151">
    <p class='ocr_par' dir='ltr' id='par_1_63' title="bbox 193 3067 3611 3151">
     <span class='ocr_line' id='line_1_63' title="bbox 193 3067 3611 3151; baseline 0.001 -25"><span class='ocrx_word' id='word_1_417' title='bbox 193 3093 279 3126; x_wconf 71' lang='grc' dir='ltr'>τες</span> <span class='ocrx_word' id='word_1_418' title='bbox 310 3069 470 3126; x_wconf 75' lang='grc' dir='ltr'>οὖδὶν</span> <span class='ocrx_word' id='word_1_419' title='bbox 500 3069 688 3142; x_wconf 77' lang='grc' dir='ltr'>ἤνυον,</span> <span class='ocrx_word' id='word_1_420' title='bbox 710 3069 843 3146; x_wconf 75' lang='grc' dir='ltr'>ἄρας</span> <span class='ocrx_word' id='word_1_421' title='bbox 900 3071 989 3125; x_wconf 75' lang='grc' dir='ltr'>καὶ</span> <span class='ocrx_word' id='word_1_422' title='bbox 1050 3070 1211 3132; x_wconf 83' lang='grc' dir='ltr'>αὐτὸς</span> <span class='ocrx_word' id='word_1_423' title='bbox 1269 3068 1479 3125; x_wconf 82' lang='grc' dir='ltr'>ἄπεισιν</span> <span class='ocrx_word' id='word_1_424' title='bbox 1512 3069 1681 3124; x_wconf 84' lang='grc' dir='ltr'>ἐκεῖσε</span> <span class='ocrx_word' id='word_1_425' title='bbox 1712 3070 1847 3144; x_wconf 84' lang='grc' dir='ltr'>μετά</span> <span class='ocrx_word' id='word_1_426' title='bbox 1876 3071 2074 3133; x_wconf 78' lang='grc' dir='ltr'>παντὸς</span> <span class='ocrx_word' id='word_1_427' title='bbox 2100 3075 2197 3125; x_wconf 81' lang='grc' dir='ltr'>τοῦ</span> <span class='ocrx_word' id='word_1_428' title='bbox 2228 3076 2479 3146; x_wconf 75' lang='grc' dir='ltr'>στρατοῦ,</span> <span class='ocrx_word' id='word_1_429' title='bbox 2530 3072 2619 3126; x_wconf 85' lang='grc' dir='ltr'>καὶ</span> <span class='ocrx_word' id='word_1_430' title='bbox 2668 3077 2839 3127; x_wconf 79' lang='grc' dir='ltr'>πᾶσαν</span> <span class='ocrx_word' id='word_1_431' title='bbox 2899 3067 3219 3147; x_wconf 71' lang='grc' dir='ltr'>προσϐολὴν</span> <span class='ocrx_word' id='word_1_432' title='bbox 3271 3073 3362 3130; x_wconf 84' lang='grc' dir='ltr'>καὶ</span> <span class='ocrx_word' id='word_1_433' title='bbox 3421 3095 3611 3151; x_wconf 87' lang='grc' dir='ltr'>μηχα-</span> 
     </span>
    </p>
   </div>
   <div class='ocr_carea' id='block_1_64' title="bbox 196 3157 3612 3239">
    <p class='ocr_par' dir='ltr' id='par_1_64' title="bbox 196 3157 3612 3239">
     <span class='ocr_line' id='line_1_64' title="bbox 196 3157 3612 3239; baseline 0.002 -27"><span class='ocrx_word' id='word_1_434' title='bbox 196 3163 292 3229; x_wconf 46' lang='lat' dir='ltr'><strong>vim</strong></span> <span class='ocrx_word' id='word_1_435' title='bbox 349 3161 636 3236; x_wconf 83' lang='grc' dir='ltr'>ἐπαγαγὼν</span> <span class='ocrx_word' id='word_1_436' title='bbox 693 3165 763 3234; x_wconf 77' lang='grc' dir='ltr'>τῇ</span> <span class='ocrx_word' id='word_1_437' title='bbox 821 3160 981 3215; x_wconf 80' lang='grc' dir='ltr'>πόλει</span> <span class='ocrx_word' id='word_1_438' title='bbox 1038 3160 1127 3214; x_wconf 84' lang='grc' dir='ltr'>καὶ</span> <span class='ocrx_word' id='word_1_439' title='bbox 1183 3160 1442 3213; x_wconf 79' lang='grc' dir='ltr'>πάντοθεν</span> <span class='ocrx_word' id='word_1_440' title='bbox 1496 3159 1886 3234; x_wconf 76' lang='grc' dir='ltr'>ἀποκρουσθεὶς</span> <span class='ocrx_word' id='word_1_441' title='bbox 1945 3159 2199 3235; x_wconf 63' lang='grc' dir='ltr'>εὐψόχως</span> <span class='ocrx_word' id='word_1_442' title='bbox 2243 3164 2351 3214; x_wconf 89' lang='grc' dir='ltr'>τῶν</span> <span class='ocrx_word' id='word_1_443' title='bbox 2386 3157 2536 3214; x_wconf 70' lang='grc' dir='ltr'>ἔνδον</span> <span class='ocrx_word' id='word_1_444' title='bbox 2570 3160 3027 3237; x_wconf 85' lang='grc' dir='ltr'>ἀποκρουομένων</span> <span class='ocrx_word' id='word_1_445' title='bbox 3054 3161 3147 3225; x_wconf 83' lang='grc' dir='ltr'>τάς</span> <span class='ocrx_word' id='word_1_446' title='bbox 3200 3164 3453 3239; x_wconf 76' lang='grc' dir='ltr'>μηχανὰς</span> <span class='ocrx_word' id='word_1_447' title='bbox 3512 3165 3612 3219; x_wconf 82' lang='grc' dir='ltr'>ὑπ-</span> 
     </span>
    </p>
   </div>
   <div class='ocr_carea' id='block_1_65' title="bbox 199 3244 3613 3326">
    <p class='ocr_par' dir='ltr' id='par_1_65' title="bbox 199 3244 3613 3326">
     <span class='ocr_line' id='line_1_65' title="bbox 199 3244 3613 3326; baseline 0.001 -23"><span class='ocrx_word' id='word_1_448' title='bbox 199 3252 421 3321; x_wconf 67' lang='grc' dir='ltr'>έστρεψε</span> <span class='ocrx_word' id='word_1_449' title='bbox 451 3247 616 3303; x_wconf 87' lang='grc' dir='ltr'>πάλιν</span> <span class='ocrx_word' id='word_1_450' title='bbox 651 3248 703 3303; x_wconf 88' lang='grc' dir='ltr'>ἐν</span> <span class='ocrx_word' id='word_1_451' title='bbox 739 3245 1211 3322; x_wconf 77' lang='grc' dir='ltr'>Ἀρκαδιουπόλει,</span> <span class='ocrx_word' id='word_1_452' title='bbox 1247 3244 1413 3308; x_wconf 63' lang='grc' dir='ltr'>λύσας</span> <span class='ocrx_word' id='word_1_453' title='bbox 1445 3249 1544 3316; x_wconf 78' lang='grc' dir='ltr'>τὴν</span> <span class='ocrx_word' id='word_1_454' title='bbox 1573 3245 1921 3323; x_wconf 75' lang='grc' dir='ltr'>πολιορκίαν.</span> <span class='ocrx_word' id='word_1_455' title='bbox 1956 3250 2111 3320; x_wconf 63' lang='grc' dir='ltr'>’.Χρτι</span> <span class='ocrx_word' id='word_1_456' title='bbox 2146 3245 2202 3302; x_wconf 76' lang='grc' dir='ltr'>δέ</span> <span class='ocrx_word' id='word_1_457' title='bbox 2231 3248 2319 3303; x_wconf 82' lang='grc' dir='ltr'>καὶ</span> <span class='ocrx_word' id='word_1_458' title='bbox 2348 3253 2457 3303; x_wconf 91' lang='grc' dir='ltr'>τῶν</span> <span class='ocrx_word' id='word_1_459' title='bbox 2488 3249 2674 3322; x_wconf 82' lang='grc' dir='ltr'>Ἐῲων</span> <span class='ocrx_word' id='word_1_460' title='bbox 2725 3252 3142 3325; x_wconf 76' lang='grc' dir='ltr'>στρατευμάτων</span> <span class='ocrx_word' id='word_1_461' title='bbox 3192 3249 3613 3326; x_wconf 74' lang='grc' dir='ltr'>διαπεραιωθέν-</span> 
     </span>
    </p>
   </div>
   <div class='ocr_carea' id='block_1_66' title="bbox 193 3332 3614 3416">
    <p class='ocr_par' dir='ltr' id='par_1_66' title="bbox 193 3332 3614 3416">
     <span class='ocr_line' id='line_1_66' title="bbox 193 3332 3614 3416; baseline 0 -24"><span class='ocrx_word' id='word_1_462' title='bbox 193 3360 299 3392; x_wconf 83' lang='grc' dir='ltr'>των</span> <span class='ocrx_word' id='word_1_463' title='bbox 324 3337 387 3393; x_wconf 78' lang='grc' dir='ltr'>ἔκ</span> <span class='ocrx_word' id='word_1_464' title='bbox 415 3359 473 3393; x_wconf 90' lang='grc' dir='ltr'>τε</span> <span class='ocrx_word' id='word_1_465' title='bbox 502 3334 944 3413; x_wconf 86' lang='grc' dir='ltr'>Χρυσουπόλεως</span> <span class='ocrx_word' id='word_1_466' title='bbox 974 3336 1064 3391; x_wconf 78' lang='grc' dir='ltr'>καὶ</span> <span class='ocrx_word' id='word_1_467' title='bbox 1101 3332 1340 3390; x_wconf 78' lang='grc' dir='ltr'>Ἀϐύδου</span> <span class='ocrx_word' id='word_1_468' title='bbox 1370 3337 1505 3409; x_wconf 86' lang='grc' dir='ltr'>πρὸς</span> <span class='ocrx_word' id='word_1_469' title='bbox 1540 3336 1777 3408; x_wconf 69' lang='grc' dir='ltr'>Θρᾴκην,</span> <span class='ocrx_word' id='word_1_470' title='bbox 1811 3336 2108 3413; x_wconf 77' lang='grc' dir='ltr'>στρατηγὸν</span> <span class='ocrx_word' id='word_1_471' title='bbox 2144 3335 2434 3408; x_wconf 76' lang='grc' dir='ltr'>ἐπιστήσας</span> <span class='ocrx_word' id='word_1_472' title='bbox 2467 3336 2651 3402; x_wconf 79' lang='grc' dir='ltr'>αὐτοῖς</span> <span class='ocrx_word' id='word_1_473' title='bbox 2682 3339 2709 3392; x_wconf 90' lang='grc' dir='ltr'>ὁ</span> <span class='ocrx_word' id='word_1_474' title='bbox 2745 3336 2999 3414; x_wconf 73' lang='grc' dir='ltr'>βασιλεὺς</span> <span class='ocrx_word' id='word_1_475' title='bbox 3041 3339 3273 3416; x_wconf 77' lang='grc' dir='ltr'>Μιχαὴλ</span> <span class='ocrx_word' id='word_1_476' title='bbox 3307 3340 3614 3416; x_wconf 88' lang='grc' dir='ltr'>μάγιστρον</span> 
     </span>
    </p>
   </div>
   <div class='ocr_carea' id='block_1_67' title="bbox 193 3424 3623 3507">
    <p class='ocr_par' dir='ltr' id='par_1_67' title="bbox 193 3424 3623 3507">
     <span class='ocr_line' id='line_1_67' title="bbox 193 3424 3623 3507; baseline 0.001 -27"><span class='ocrx_word' id='word_1_477' title='bbox 193 3428 281 3482; x_wconf 78' lang='grc' dir='ltr'>τὸν</span> <span class='ocrx_word' id='word_1_478' title='bbox 342 3427 579 3495; x_wconf 80' lang='grc' dir='ltr'>ἰασίτην</span> <span class='ocrx_word' id='word_1_479' title='bbox 640 3428 846 3498; x_wconf 72' lang='grc' dir='ltr'>πέμπει</span> <span class='ocrx_word' id='word_1_480' title='bbox 907 3426 1045 3480; x_wconf 87' lang='grc' dir='ltr'>κατά</span> <span class='ocrx_word' id='word_1_481' title='bbox 1085 3428 1191 3480; x_wconf 89' lang='grc' dir='ltr'>τῶν</span> <span class='ocrx_word' id='word_1_482' title='bbox 1246 3425 1586 3480; x_wconf 82' lang='grc' dir='ltr'>ἀποστατῶν.</span> <span class='ocrx_word' id='word_1_483' title='bbox 1620 3426 1907 3500; x_wconf 77' lang='grc' dir='ltr'>Ἀθροίσας</span> <span class='ocrx_word' id='word_1_484' title='bbox 1968 3424 2013 3480; x_wconf 83' lang='grc' dir='ltr'>δ’</span> <span class='ocrx_word' id='word_1_485' title='bbox 2047 3427 2203 3488; x_wconf 77' lang='grc' dir='ltr'>οὗτος</span> <span class='ocrx_word' id='word_1_486' title='bbox 2235 3427 2323 3505; x_wconf 82' lang='grc' dir='ltr'>ὑφ’</span> <span class='ocrx_word' id='word_1_487' title='bbox 2369 3426 2423 3482; x_wconf 79' lang='grc' dir='ltr'>’ὲν</span> <span class='ocrx_word' id='word_1_488' title='bbox 2472 3427 2567 3489; x_wconf 80' lang='grc' dir='ltr'>τάς</span> <span class='ocrx_word' id='word_1_489' title='bbox 2599 3425 2855 3502; x_wconf 84' lang='grc' dir='ltr'>δυνάμεις</span> <span class='ocrx_word' id='word_1_490' title='bbox 2886 3428 2977 3484; x_wconf 83' lang='grc' dir='ltr'>καὶ</span> <span class='ocrx_word' id='word_1_491' title='bbox 3008 3427 3623 3507; x_wconf 82' lang='grc' dir='ltr'>παραστρατοπεδεύσας</span> 
     </span>
    </p>
   </div>
   <div class='ocr_carea' id='block_1_68' title="bbox 198 3510 3628 3591">
    <p class='ocr_par' dir='ltr' id='par_1_68' title="bbox 198 3510 3628 3591">
     <span class='ocr_line' id='line_1_68' title="bbox 198 3510 3628 3591; baseline -0 -22"><span class='ocrx_word' id='word_1_492' title='bbox 198 3521 311 3579; x_wconf 78' lang='grc' dir='ltr'>τοῖς</span> <span class='ocrx_word' id='word_1_493' title='bbox 342 3516 679 3576; x_wconf 77' lang='grc' dir='ltr'>ἀποστάταις</span> <span class='ocrx_word' id='word_1_494' title='bbox 716 3516 903 3589; x_wconf 69' lang='grc' dir='ltr'>μάχης</span> <span class='ocrx_word' id='word_1_495' title='bbox 937 3513 1031 3585; x_wconf 78' lang='grc' dir='ltr'>μὶν</span> <span class='ocrx_word' id='word_1_496' title='bbox 1064 3514 1167 3567; x_wconf 84' lang='grc' dir='ltr'>οὐκ</span> <span class='ocrx_word' id='word_1_497' title='bbox 1189 3510 1642 3588; x_wconf 77' lang='grc' dir='ltr'>ἧρχεν,.ἐκήδετο</span> <span class='ocrx_word' id='word_1_498' title='bbox 1675 3510 1731 3567; x_wconf 76' lang='grc' dir='ltr'>δὲ</span> <span class='ocrx_word' id='word_1_499' title='bbox 1765 3510 1979 3584; x_wconf 80' lang='grc' dir='ltr'>μᾶλλον</span> <span class='ocrx_word' id='word_1_500' title='bbox 2005 3518 2111 3566; x_wconf 89' lang='grc' dir='ltr'>τῶν</span> <span class='ocrx_word' id='word_1_501' title='bbox 2147 3513 2453 3583; x_wconf 78' lang='grc' dir='ltr'>ἀνηκόντων</span> <span class='ocrx_word' id='word_1_502' title='bbox 2487 3514 2708 3591; x_wconf 84' lang='grc' dir='ltr'>χωρίων</span> <span class='ocrx_word' id='word_1_503' title='bbox 2735 3520 2854 3577; x_wconf 83' lang='grc' dir='ltr'>τοῖς</span> <span class='ocrx_word' id='word_1_504' title='bbox 2886 3515 3342 3589; x_wconf 81' lang='grc' dir='ltr'>ἀποστάταις,καὶ</span> <span class='ocrx_word' id='word_1_505' title='bbox 3368 3521 3484 3578; x_wconf 85' lang='grc' dir='ltr'>τοῖς</span> <span class='ocrx_word' id='word_1_506' title='bbox 3508 3513 3628 3571; x_wconf 85' lang='grc' dir='ltr'>ἀλι.</span> 
     </span>
    </p>
   </div>
   <div class='ocr_carea' id='block_1_69' title="bbox 203 3599 3630 3681">
    <p class='ocr_par' dir='ltr' id='par_1_69' title="bbox 203 3599 3630 3681">
     <span class='ocr_line' id='line_1_69' title="bbox 203 3599 3630 3681; baseline 0 -23"><span class='ocrx_word' id='word_1_507' title='bbox 203 3606 495 3676; x_wconf 73' lang='grc' dir='ltr'>σκομὲνοις</span> <span class='ocrx_word' id='word_1_508' title='bbox 553 3602 960 3680; x_wconf 73' lang='grc' dir='ltr'>φιλανθρώπως</span> <span class='ocrx_word' id='word_1_509' title='bbox 1022 3601 1259 3679; x_wconf 70' lang='grc' dir='ltr'>ἐφέρετο,</span> <span class='ocrx_word' id='word_1_510' title='bbox 1318 3601 1407 3656; x_wconf 80' lang='grc' dir='ltr'>καὶ</span> <span class='ocrx_word' id='word_1_511' title='bbox 1464 3603 1760 3677; x_wconf 80' lang='grc' dir='ltr'>γράμματα</span> <span class='ocrx_word' id='word_1_512' title='bbox 1819 3599 2090 3678; x_wconf 81' lang='grc' dir='ltr'>λαθραίως</span> <span class='ocrx_word' id='word_1_513' title='bbox 2150 3599 2358 3676; x_wconf 75' lang='grc' dir='ltr'>ἔπεμπε</span> <span class='ocrx_word' id='word_1_514' title='bbox 2428 3605 2564 3680; x_wconf 82' lang='grc' dir='ltr'>πρὸς</span> <span class='ocrx_word' id='word_1_515' title='bbox 2637 3603 2831 3666; x_wconf 74' lang='grc' dir='ltr'>αὐτοὺς</span> <span class='ocrx_word' id='word_1_516' title='bbox 2908 3603 3206 3678; x_wconf 79' lang='grc' dir='ltr'>ἀμνηστίαν</span> <span class='ocrx_word' id='word_1_517' title='bbox 3282 3604 3630 3681; x_wconf 79' lang='grc' dir='ltr'>ἐπαγγελλό⁹</span> 
     </span>
    </p>
   </div>
   <div class='ocr_carea' id='block_1_70' title="bbox 211 3687 3634 3768">
    <p class='ocr_par' dir='ltr' id='par_1_70' title="bbox 211 3687 3634 3768">
     <span class='ocr_line' id='line_1_70' title="bbox 211 3687 3634 3768; baseline 0 -21"><span class='ocrx_word' id='word_1_518' title='bbox 211 3714 369 3764; x_wconf 80' lang='grc' dir='ltr'>μενος</span> <span class='ocrx_word' id='word_1_519' title='bbox 429 3697 614 3747; x_wconf 78' lang='grc' dir='ltr'>κακῶν</span> <span class='ocrx_word' id='word_1_520' title='bbox 683 3693 773 3747; x_wconf 86' lang='grc' dir='ltr'>καὶ</span> <span class='ocrx_word' id='word_1_521' title='bbox 830 3692 1041 3766; x_wconf 82' lang='grc' dir='ltr'>ἀγαθῶν</span> <span class='ocrx_word' id='word_1_522' title='bbox 1102 3687 1401 3764; x_wconf 82' lang='grc' dir='ltr'>δαψίλειαν.</span> <span class='ocrx_word' id='word_1_523' title='bbox 1432 3690 1582 3747; x_wconf 78' lang='grc' dir='ltr'>Ἐπεὶ</span> <span class='ocrx_word' id='word_1_524' title='bbox 1644 3687 1700 3745; x_wconf 68' lang='grc' dir='ltr'>δὲ</span> <span class='ocrx_word' id='word_1_525' title='bbox 1759 3690 1848 3744; x_wconf 82' lang='grc' dir='ltr'>καὶ</span> <span class='ocrx_word' id='word_1_526' title='bbox 1908 3692 1936 3744; x_wconf 92' lang='lat'>6</span> <span class='ocrx_word' id='word_1_527' title='bbox 1996 3691 2209 3765; x_wconf 75' lang='grc' dir='ltr'>χειμὼν</span> <span class='ocrx_word' id='word_1_528' title='bbox 2266 3690 2460 3762; x_wconf 85' lang='grc' dir='ltr'>ἐπέστη</span> <span class='ocrx_word' id='word_1_529' title='bbox 2518 3692 2608 3748; x_wconf 82' lang='grc' dir='ltr'>καὶ</span> <span class='ocrx_word' id='word_1_530' title='bbox 2668 3698 2776 3747; x_wconf 90' lang='grc' dir='ltr'>τῶν</span> <span class='ocrx_word' id='word_1_531' title='bbox 2826 3692 3132 3768; x_wconf 83' lang='grc' dir='ltr'>ἀναγκαίων</span> <span class='ocrx_word' id='word_1_532' title='bbox 3165 3693 3446 3764; x_wconf 71' lang='grc' dir='ltr'>ἐσπάνιζον</span> <span class='ocrx_word' id='word_1_533' title='bbox 3477 3692 3634 3749; x_wconf 83' lang='grc' dir='ltr'>αὐτοί</span> 
     </span>
    </p>
   </div>
   <div class='ocr_carea' id='block_1_71' title="bbox 210 3777 3634 3858">
    <p class='ocr_par' dir='ltr' id='par_1_71' title="bbox 210 3777 3634 3858">
     <span class='ocr_line' id='line_1_71' title="bbox 210 3777 3634 3858; baseline 0 -21"><span class='ocrx_word' id='word_1_534' title='bbox 210 3804 265 3838; x_wconf 80' lang='grc' dir='ltr'>τε</span> <span class='ocrx_word' id='word_1_535' title='bbox 296 3785 350 3837; x_wconf 67' lang='grc' dir='ltr'>οἱ</span> <span class='ocrx_word' id='word_1_536' title='bbox 384 3780 688 3837; x_wconf 72' lang='grc' dir='ltr'>ἀποστάται</span> <span class='ocrx_word' id='word_1_537' title='bbox 744 3780 832 3834; x_wconf 83' lang='grc' dir='ltr'>καὶ</span> <span class='ocrx_word' id='word_1_538' title='bbox 889 3780 957 3834; x_wconf 76' lang='grc' dir='ltr'>τά</span> <span class='ocrx_word' id='word_1_539' title='bbox 1011 3781 1279 3853; x_wconf 71' lang='grc' dir='ltr'>ὑποζύγια</span> <span class='ocrx_word' id='word_1_540' title='bbox 1333 3780 1424 3833; x_wconf 75' lang='grc' dir='ltr'>καὶ</span> <span class='ocrx_word' id='word_1_541' title='bbox 1472 3781 1524 3833; x_wconf 78' lang='grc' dir='ltr'>οἱ</span> <span class='ocrx_word' id='word_1_542' title='bbox 1572 3777 1758 3836; x_wconf 69' lang='grc' dir='ltr'>ἵπποι.</span> <span class='ocrx_word' id='word_1_543' title='bbox 1792 3780 1867 3852; x_wconf 87' lang='grc' dir='ltr'>μή</span> <span class='ocrx_word' id='word_1_544' title='bbox 1930 3777 2221 3853; x_wconf 84' lang='grc' dir='ltr'>δυνάμενοι</span> <span class='ocrx_word' id='word_1_545' title='bbox 2270 3784 2407 3856; x_wconf 83' lang='grc' dir='ltr'>πρὸς</span> <span class='ocrx_word' id='word_1_546' title='bbox 2436 3802 2495 3837; x_wconf 91' lang='grc' dir='ltr'>τε</span> <span class='ocrx_word' id='word_1_547' title='bbox 2533 3783 2594 3837; x_wconf 90' lang='grc' dir='ltr'>τὸ</span> <span class='ocrx_word' id='word_1_548' title='bbox 2638 3785 2814 3858; x_wconf 78' lang='grc' dir='ltr'>ψῦχος</span> <span class='ocrx_word' id='word_1_549' title='bbox 2871 3784 2961 3838; x_wconf 86' lang='grc' dir='ltr'>καὶ</span> <span class='ocrx_word' id='word_1_550' title='bbox 3005 3783 3098 3838; x_wconf 87' lang='grc' dir='ltr'>τὸν</span> <span class='ocrx_word' id='word_1_551' title='bbox 3159 3780 3326 3857; x_wconf 85' lang='grc' dir='ltr'>λιμὸν</span> <span class='ocrx_word' id='word_1_552' title='bbox 3366 3782 3459 3840; x_wconf 84' lang='grc' dir='ltr'>καὶ</span> <span class='ocrx_word' id='word_1_553' title='bbox 3506 3781 3634 3845; x_wconf 77' lang='grc' dir='ltr'>τοὺς</span> 
     </span>
    </p>
   </div>
   <div class='ocr_carea' id='block_1_72' title="bbox 215 3867 3637 3951">
    <p class='ocr_par' dir='ltr' id='par_1_72' title="bbox 215 3867 3637 3951">
     <span class='ocr_line' id='line_1_72' title="bbox 215 3867 3637 3951; baseline 0 -26"><span class='ocrx_word' id='word_1_554' title='bbox 215 3871 492 3930; x_wconf 75' lang='grc' dir='ltr'>ἐναντίους</span> <span class='ocrx_word' id='word_1_555' title='bbox 580 3870 1049 3932; x_wconf 80' lang='grc' dir='ltr'>ἀντικαθίστασθαι</span> <span class='ocrx_word' id='word_1_556' title='bbox 1084 3915 1097 3939; x_wconf 81' lang='lat'>,</span> <span class='ocrx_word' id='word_1_557' title='bbox 1165 3869 1301 3923; x_wconf 86' lang='grc' dir='ltr'>κατά</span> <span class='ocrx_word' id='word_1_558' title='bbox 1388 3869 1579 3944; x_wconf 87' lang='grc' dir='ltr'>μικρὸν</span> <span class='ocrx_word' id='word_1_559' title='bbox 1665 3867 2163 3945; x_wconf 71' lang='grc' dir='ltr'>προσεῤῥυΐσκοντο</span> <span class='ocrx_word' id='word_1_560' title='bbox 2235 3875 2314 3943; x_wconf 75' lang='grc' dir='ltr'>τῷ</span> <span class='ocrx_word' id='word_1_561' title='bbox 2369 3870 2668 3946; x_wconf 81' lang='grc' dir='ltr'>μαγίστρῳ.</span> <span class='ocrx_word' id='word_1_562' title='bbox 2728 3871 2827 3927; x_wconf 77' lang='grc' dir='ltr'>Καὶ</span> <span class='ocrx_word' id='word_1_563' title='bbox 2915 3870 3081 3948; x_wconf 74' lang='grc' dir='ltr'>μέχρι</span> <span class='ocrx_word' id='word_1_564' title='bbox 3166 3873 3260 3946; x_wconf 75' lang='grc' dir='ltr'>μὲν</span> <span class='ocrx_word' id='word_1_565' title='bbox 3316 3876 3424 3927; x_wconf 90' lang='grc' dir='ltr'>τῶν</span> <span class='ocrx_word' id='word_1_566' title='bbox 3502 3872 3637 3951; x_wconf 84' lang='grc' dir='ltr'>ἀφα-</span> 
     </span>
    </p>
   </div>
   <div class='ocr_carea' id='block_1_73' title="bbox 213 3956 3639 4038">
    <p class='ocr_par' dir='ltr' id='par_1_73' title="bbox 213 3956 3639 4038">
     <span class='ocr_line' id='line_1_73' title="bbox 213 3956 3639 4038; baseline 0.001 -27"><span class='ocrx_word' id='word_1_567' title='bbox 213 3966 321 4015; x_wconf 81' lang='grc' dir='ltr'>νῶν</span> <span class='ocrx_word' id='word_1_568' title='bbox 350 3960 420 4029; x_wconf 72' lang='grc' dir='ltr'>ἦν</span> <span class='ocrx_word' id='word_1_569' title='bbox 456 3957 765 4030; x_wconf 74' lang='grc' dir='ltr'>αὖτομολία</span> <span class='ocrx_word' id='word_1_570' title='bbox 820 3957 908 4011; x_wconf 72' lang='grc' dir='ltr'>καὶ</span> <span class='ocrx_word' id='word_1_571' title='bbox 968 3956 1066 4011; x_wconf 75' lang='grc' dir='ltr'>οὐκ</span> <span class='ocrx_word' id='word_1_572' title='bbox 1121 3956 1431 4029; x_wconf 80' lang='grc' dir='ltr'>ἐπισήμων,</span> <span class='ocrx_word' id='word_1_573' title='bbox 1481 3956 1753 4034; x_wconf 73' lang='grc' dir='ltr'>ἐκαρτέρει</span> <span class='ocrx_word' id='word_1_574' title='bbox 1808 3957 1897 4012; x_wconf 82' lang='grc' dir='ltr'>καὶ</span> <span class='ocrx_word' id='word_1_575' title='bbox 1940 3964 2062 4019; x_wconf 84' lang='grc' dir='ltr'>ταῖς</span> <span class='ocrx_word' id='word_1_576' title='bbox 2126 3957 2339 4013; x_wconf 77' lang='grc' dir='ltr'>ἐλπίσιν</span> <span class='ocrx_word' id='word_1_577' title='bbox 2391 3958 2659 4038; x_wconf 83' lang='grc' dir='ltr'>ἐτρέφετο’</span> <span class='ocrx_word' id='word_1_578' title='bbox 2721 3958 2833 4015; x_wconf 79' lang='grc' dir='ltr'>ἐπεὶ</span> <span class='ocrx_word' id='word_1_579' title='bbox 2894 3957 2953 4015; x_wconf 77' lang='grc' dir='ltr'>δὶ</span> <span class='ocrx_word' id='word_1_580' title='bbox 3008 3960 3285 4035; x_wconf 85' lang='grc' dir='ltr'>Μαριανὸς</span> <span class='ocrx_word' id='word_1_581' title='bbox 3338 3960 3367 4015; x_wconf 90' lang='lat'>6</span> <span class='ocrx_word' id='word_1_582' title='bbox 3424 3961 3639 4035; x_wconf 82' lang='grc' dir='ltr'>Βρανᾶς</span> 
     </span>
    </p>
   </div>
   <div class='ocr_carea' id='block_1_74' title="bbox 217 4041 3635 4124">
    <p class='ocr_par' dir='ltr' id='par_1_74' title="bbox 217 4041 3635 4124">
     <span class='ocr_line' id='line_1_74' title="bbox 217 4041 3635 4124; baseline 0 -21"><span class='ocrx_word' id='word_1_583' title='bbox 217 4050 303 4103; x_wconf 79' lang='grc' dir='ltr'>καὶ</span> <span class='ocrx_word' id='word_1_584' title='bbox 364 4046 552 4108; x_wconf 64' lang='grc' dir='ltr'>Πολὺς</span> <span class='ocrx_word' id='word_1_585' title='bbox 607 4046 698 4101; x_wconf 77' lang='grc' dir='ltr'>καὶ</span> <span class='ocrx_word' id='word_1_586' title='bbox 755 4044 1036 4119; x_wconf 82' lang='grc' dir='ltr'>Θεόδωρος</span> <span class='ocrx_word' id='word_1_587' title='bbox 1086 4048 1114 4101; x_wconf 97' lang='lat'>6</span> <span class='ocrx_word' id='word_1_588' title='bbox 1164 4041 1561 4119; x_wconf 70' lang='grc' dir='ltr'>Στραϐομύτης</span> <span class='ocrx_word' id='word_1_589' title='bbox 1608 4047 1719 4124; x_wconf 38' lang='grc' dir='ltr'>καὶ.</span> <span class='ocrx_word' id='word_1_590' title='bbox 1754 4046 1805 4100; x_wconf 73' lang='grc' dir='ltr'>οἱ</span> <span class='ocrx_word' id='word_1_591' title='bbox 1860 4046 1919 4101; x_wconf 90' lang='grc' dir='ltr'>ἐκ</span> <span class='ocrx_word' id='word_1_592' title='bbox 1961 4051 2058 4101; x_wconf 70' lang='grc' dir='ltr'>τοῦ</span> <span class='ocrx_word' id='word_1_593' title='bbox 2104 4047 2289 4123; x_wconf 89' lang='grc' dir='ltr'>γένους</span> <span class='ocrx_word' id='word_1_594' title='bbox 2341 4053 2436 4102; x_wconf 77' lang='grc' dir='ltr'>τοῦ</span> <span class='ocrx_word' id='word_1_595' title='bbox 2479 4043 2664 4103; x_wconf 77' lang='grc' dir='ltr'>Γλαόἆ</span> <span class='ocrx_word' id='word_1_596' title='bbox 2690 4049 2780 4103; x_wconf 88' lang='grc' dir='ltr'>καί</span> <span class='ocrx_word' id='word_1_597' title='bbox 2809 4069 2949 4111; x_wconf 88' lang='grc' dir='ltr'>τινες</span> <span class='ocrx_word' id='word_1_598' title='bbox 2982 4045 3144 4106; x_wconf 71' lang='grc' dir='ltr'>ἄλλοι</span> <span class='ocrx_word' id='word_1_599' title='bbox 3173 4053 3282 4104; x_wconf 90' lang='grc' dir='ltr'>τῶν</span> <span class='ocrx_word' id='word_1_600' title='bbox 3344 4046 3635 4121; x_wconf 83' lang='grc' dir='ltr'>ἐπισήμων</span> 
     </span>
    </p>
   </div>
   <div class='ocr_carea' id='block_1_75' title="bbox 218 4134 3637 4212">
    <p class='ocr_par' dir='ltr' id='par_1_75' title="bbox 218 4134 3637 4212">
     <span class='ocr_line' id='line_1_75' title="bbox 218 4134 3637 4212; baseline 0 -20"><span class='ocrx_word' id='word_1_601' title='bbox 218 4137 406 4210; x_wconf 74' lang='grc' dir='ltr'>ἀθρόοι</span> <span class='ocrx_word' id='word_1_602' title='bbox 480 4134 870 4198; x_wconf 82' lang='grc' dir='ltr'>καταλιπόντες</span> <span class='ocrx_word' id='word_1_603' title='bbox 959 4134 1118 4189; x_wconf 74' lang='grc' dir='ltr'>αὐτὸν</span> <span class='ocrx_word' id='word_1_604' title='bbox 1191 4134 1600 4210; x_wconf 72' lang='grc' dir='ltr'>προσεῤῥύησαν</span> <span class='ocrx_word' id='word_1_605' title='bbox 1685 4140 1766 4209; x_wconf 76' lang='grc' dir='ltr'>τῷ</span> <span class='ocrx_word' id='word_1_606' title='bbox 1823 4135 2048 4209; x_wconf 73' lang='grc' dir='ltr'>Ἰασίτῃ,</span> <span class='ocrx_word' id='word_1_607' title='bbox 2111 4137 2295 4212; x_wconf 77' lang='grc' dir='ltr'>φυγὼν</span> <span class='ocrx_word' id='word_1_608' title='bbox 2385 4136 2519 4211; x_wconf 89' lang='grc' dir='ltr'>μετά</span> <span class='ocrx_word' id='word_1_609' title='bbox 2566 4139 2816 4194; x_wconf 89' lang='grc' dir='ltr'>Ἰωάννου</span> <span class='ocrx_word' id='word_1_610' title='bbox 2893 4141 2992 4193; x_wconf 78' lang='grc' dir='ltr'>τοῦ</span> <span class='ocrx_word' id='word_1_611' title='bbox 3076 4138 3347 4208; x_wconf 86' lang='grc' dir='ltr'>Βατάτζη,</span> <span class='ocrx_word' id='word_1_612' title='bbox 3426 4137 3488 4201; x_wconf 85' lang='grc' dir='ltr'>’ὸς</span> <span class='ocrx_word' id='word_1_613' title='bbox 3569 4134 3637 4205; x_wconf 81' lang='grc' dir='ltr'>δὴ</span> 
     </span>
    </p>
   </div>
   <div class='ocr_carea' id='block_1_76' title="bbox 222 4220 3642 4304">
    <p class='ocr_par' dir='ltr' id='par_1_76' title="bbox 222 4220 3642 4304">
     <span class='ocr_line' id='line_1_76' title="bbox 222 4220 3642 4304; baseline 0 -24"><span class='ocrx_word' id='word_1_614' title='bbox 222 4228 335 4296; x_wconf 79' lang='grc' dir='ltr'>μετ’</span> <span class='ocrx_word' id='word_1_615' title='bbox 391 4225 555 4280; x_wconf 76' lang='grc' dir='ltr'>αὐτὸν</span> <span class='ocrx_word' id='word_1_616' title='bbox 612 4225 665 4279; x_wconf 82' lang='grc' dir='ltr'>ἐν</span> <span class='ocrx_word' id='word_1_617' title='bbox 719 4223 800 4297; x_wconf 80' lang='grc' dir='ltr'>τῷ</span> <span class='ocrx_word' id='word_1_618' title='bbox 857 4220 1207 4300; x_wconf 83' lang='grc' dir='ltr'>στρατοπέδῳ</span> <span class='ocrx_word' id='word_1_619' title='bbox 1259 4228 1367 4277; x_wconf 90' lang='grc' dir='ltr'>τῶν</span> <span class='ocrx_word' id='word_1_620' title='bbox 1426 4223 1744 4277; x_wconf 86' lang='grc' dir='ltr'>ἀποστατῶν</span> <span class='ocrx_word' id='word_1_621' title='bbox 1802 4222 2068 4291; x_wconf 80' lang='grc' dir='ltr'>ἐτάττετο,</span> <span class='ocrx_word' id='word_1_622' title='bbox 2130 4223 2350 4300; x_wconf 82' lang='grc' dir='ltr'>ἐπείπερ</span> <span class='ocrx_word' id='word_1_623' title='bbox 2411 4226 2619 4302; x_wconf 79' lang='grc' dir='ltr'>ἄφυκτα</span> <span class='ocrx_word' id='word_1_624' title='bbox 2674 4227 2763 4295; x_wconf 78' lang='grc' dir='ltr'>ῆν,</span> <span class='ocrx_word' id='word_1_625' title='bbox 2819 4222 2869 4280; x_wconf 72' lang='grc' dir='ltr'>ἔν</span> <span class='ocrx_word' id='word_1_626' title='bbox 2928 4247 3033 4280; x_wconf 90' lang='grc' dir='ltr'>τινι</span> <span class='ocrx_word' id='word_1_627' title='bbox 3088 4225 3381 4304; x_wconf 72' lang='grc' dir='ltr'>κατέφυγεν</span> <span class='ocrx_word' id='word_1_628' title='bbox 3434 4222 3642 4295; x_wconf 81' lang='grc' dir='ltr'>ἐκκλη-</span> 
     </span>
    </p>
   </div>
   <div class='ocr_carea' id='block_1_77' title="bbox 221 4309 3638 4389">
    <p class='ocr_par' dir='ltr' id='par_1_77' title="bbox 221 4309 3638 4389">
     <span class='ocr_line' id='line_1_77' title="bbox 221 4309 3638 4389; baseline 0 -21"><span class='ocrx_word' id='word_1_629' title='bbox 221 4318 330 4386; x_wconf 70' lang='grc' dir='ltr'>σία,</span> <span class='ocrx_word' id='word_1_630' title='bbox 388 4314 486 4369; x_wconf 77' lang='grc' dir='ltr'>καὶ</span> <span class='ocrx_word' id='word_1_631' title='bbox 543 4316 579 4382; x_wconf 75' lang='grc' dir='ltr'><strong>ἡ</strong></span> <span class='ocrx_word' id='word_1_632' title='bbox 640 4312 985 4373; x_wconf 70' lang='grc' dir='ltr'>ἐπισυστασις</span> <span class='ocrx_word' id='word_1_633' title='bbox 1040 4317 1147 4366; x_wconf 89' lang='grc' dir='ltr'>τῶν</span> <span class='ocrx_word' id='word_1_634' title='bbox 1206 4312 1522 4366; x_wconf 84' lang='grc' dir='ltr'>ἀποστατῶν</span> <span class='ocrx_word' id='word_1_635' title='bbox 1582 4309 1899 4381; x_wconf 84' lang='grc' dir='ltr'>ἐσκεδάσθη.</span> <span class='ocrx_word' id='word_1_636' title='bbox 1956 4312 2055 4368; x_wconf 58' lang='grc' dir='ltr'>Καί</span> <span class='ocrx_word' id='word_1_637' title='bbox 2134 4312 2363 4377; x_wconf 67' lang='grc' dir='ltr'>τούτους</span> <span class='ocrx_word' id='word_1_638' title='bbox 2437 4314 2532 4386; x_wconf 75' lang='grc' dir='ltr'>μὲν</span> <span class='ocrx_word' id='word_1_639' title='bbox 2592 4315 2620 4369; x_wconf 92' lang='lat'>6</span> <span class='ocrx_word' id='word_1_640' title='bbox 2679 4314 2912 4384; x_wconf 85' lang='grc' dir='ltr'>Ἰασίτης</span> <span class='ocrx_word' id='word_1_641' title='bbox 2986 4316 3207 4388; x_wconf 79' lang='grc' dir='ltr'>πέμψας</span> <span class='ocrx_word' id='word_1_642' title='bbox 3260 4316 3494 4389; x_wconf 74' lang='grc' dir='ltr'>κατέσχε</span> <span class='ocrx_word' id='word_1_643' title='bbox 3548 4315 3638 4370; x_wconf 81' lang='grc' dir='ltr'>καὶ</span> 
     </span>
    </p>
   </div>
   <div class='ocr_carea' id='block_1_78' title="bbox 226 4399 3645 4478">
    <p class='ocr_par' dir='ltr' id='par_1_78' title="bbox 226 4399 3645 4478">
     <span class='ocr_line' id='line_1_78' title="bbox 226 4399 3645 4478; baseline -0 -21"><span class='ocrx_word' id='word_1_644' title='bbox 226 4406 355 4478; x_wconf 72' lang='grc' dir='ltr'>πρὸς</span> <span class='ocrx_word' id='word_1_645' title='bbox 411 4404 508 4458; x_wconf 81' lang='grc' dir='ltr'>τὸν</span> <span class='ocrx_word' id='word_1_646' title='bbox 570 4400 797 4478; x_wconf 77' lang='grc' dir='ltr'>βασιλέα</span> <span class='ocrx_word' id='word_1_647' title='bbox 850 4399 1259 4474; x_wconf 78' lang='grc' dir='ltr'>πεπεδημένους</span> <span class='ocrx_word' id='word_1_648' title='bbox 1320 4401 1543 4477; x_wconf 74' lang='grc' dir='ltr'>εἰσάγει,</span> <span class='ocrx_word' id='word_1_649' title='bbox 1599 4406 1696 4456; x_wconf 77' lang='grc' dir='ltr'>τοῦ</span> <span class='ocrx_word' id='word_1_650' title='bbox 1784 4399 1841 4455; x_wconf 76' lang='grc' dir='ltr'>δὶ</span> <span class='ocrx_word' id='word_1_651' title='bbox 1907 4406 2137 4474; x_wconf 88' lang='grc' dir='ltr'>στρατοῦ</span> <span class='ocrx_word' id='word_1_652' title='bbox 2214 4400 2436 4466; x_wconf 77' lang='grc' dir='ltr'>ἕκαστος</span> <span class='ocrx_word' id='word_1_653' title='bbox 2506 4403 2584 4467; x_wconf 71' lang='grc' dir='ltr'>εἲς</span> <span class='ocrx_word' id='word_1_654' title='bbox 2652 4404 2751 4472; x_wconf 79' lang='grc' dir='ltr'>τὴν</span> <span class='ocrx_word' id='word_1_655' title='bbox 2833 4404 3026 4459; x_wconf 71' lang='grc' dir='ltr'>ἑαυτοῦ</span> <span class='ocrx_word' id='word_1_656' title='bbox 3082 4403 3355 4473; x_wconf 79' lang='grc' dir='ltr'>ἐπανῆλθε</span> <span class='ocrx_word' id='word_1_657' title='bbox 3411 4399 3645 4478; x_wconf 82' lang='grc' dir='ltr'>πατρίδα</span> 
     </span>
    </p>
   </div>
   <div class='ocr_carea' id='block_1_79' title="bbox 223 4489 3648 4569">
    <p class='ocr_par' dir='ltr' id='par_1_79' title="bbox 223 4489 3648 4569">
     <span class='ocr_line' id='line_1_79' title="bbox 223 4489 3648 4569; baseline -0 -23"><span class='ocrx_word' id='word_1_658' title='bbox 223 4493 470 4548; x_wconf 69' lang='grc' dir='ltr'>κελεῦσει</span> <span class='ocrx_word' id='word_1_659' title='bbox 529 4495 626 4546; x_wconf 70' lang='grc' dir='ltr'>τοῦ</span> <span class='ocrx_word' id='word_1_660' title='bbox 688 4490 979 4565; x_wconf 77' lang='grc' dir='ltr'>βασιλέως.</span> <span class='ocrx_word' id='word_1_661' title='bbox 1041 4490 1139 4544; x_wconf 75' lang='grc' dir='ltr'>Καὶ</span> <span class='ocrx_word' id='word_1_662' title='bbox 1197 4491 1226 4545; x_wconf 89' lang='lat'>6</span> <span class='ocrx_word' id='word_1_663' title='bbox 1280 4492 1374 4563; x_wconf 73' lang='grc' dir='ltr'>μὲν</span> <span class='ocrx_word' id='word_1_664' title='bbox 1428 4490 1709 4565; x_wconf 82' lang='grc' dir='ltr'>Τορνίκιος</span> <span class='ocrx_word' id='word_1_665' title='bbox 1764 4490 1854 4545; x_wconf 83' lang='grc' dir='ltr'>καὶ</span> <span class='ocrx_word' id='word_1_666' title='bbox 1908 4491 1936 4544; x_wconf 91' lang='lat'>6</span> <span class='ocrx_word' id='word_1_667' title='bbox 1989 4490 2267 4561; x_wconf 69' lang='grc' dir='ltr'>Βατάτζγ,ς</span> <span class='ocrx_word' id='word_1_668' title='bbox 2325 4489 2764 4569; x_wconf 75' lang='grc' dir='ltr'>ἀποτυφλοῦνται</span> <span class='ocrx_word' id='word_1_669' title='bbox 2794 4492 2930 4547; x_wconf 88' lang='grc' dir='ltr'>κατά</span> <span class='ocrx_word' id='word_1_670' title='bbox 2965 4492 3063 4561; x_wconf 78' lang='grc' dir='ltr'>τὴν</span> <span class='ocrx_word' id='word_1_671' title='bbox 3115 4491 3341 4565; x_wconf 72' lang='grc' dir='ltr'>ἑσπέραν</span> <span class='ocrx_word' id='word_1_672' title='bbox 3390 4499 3492 4561; x_wconf 85' lang='grc' dir='ltr'>τῆς</span> <span class='ocrx_word' id='word_1_673' title='bbox 3530 4491 3648 4565; x_wconf 71' lang='grc' dir='ltr'>ἑορ-</span> 
     </span>
    </p>
   </div>
   <div class='ocr_carea' id='block_1_80' title="bbox 222 4575 3647 4655">
    <p class='ocr_par' dir='ltr' id='par_1_80' title="bbox 222 4575 3647 4655">
     <span class='ocr_line' id='line_1_80' title="bbox 222 4575 3647 4655; baseline -0 -21"><span class='ocrx_word' id='word_1_674' title='bbox 222 4589 323 4649; x_wconf 75' lang='grc' dir='ltr'>τῆς</span> <span class='ocrx_word' id='word_1_675' title='bbox 375 4587 485 4649; x_wconf 87' lang='grc' dir='ltr'>τῆς</span> <span class='ocrx_word' id='word_1_676' title='bbox 534 4584 633 4634; x_wconf 78' lang='grc' dir='ltr'>τοῦ</span> <span class='ocrx_word' id='word_1_677' title='bbox 688 4575 923 4653; x_wconf 72' lang='grc' dir='ltr'>Χριστοῦ</span> <span class='ocrx_word' id='word_1_678' title='bbox 978 4580 1306 4652; x_wconf 88' lang='grc' dir='ltr'>γεννήσεως,</span> <span class='ocrx_word' id='word_1_679' title='bbox 1350 4576 1678 4651; x_wconf 74' lang='grc' dir='ltr'>δημε·3ονται</span> <span class='ocrx_word' id='word_1_680' title='bbox 1735 4576 1792 4633; x_wconf 72' lang='grc' dir='ltr'>δὲ</span> <span class='ocrx_word' id='word_1_681' title='bbox 1848 4579 1938 4633; x_wconf 78' lang='grc' dir='ltr'>καὶ</span> <span class='ocrx_word' id='word_1_682' title='bbox 1997 4579 2188 4634; x_wconf 83' lang='grc' dir='ltr'>ὁπόσοι</span> <span class='ocrx_word' id='word_1_683' title='bbox 2245 4578 2572 4653; x_wconf 84' lang='grc' dir='ltr'>παρέμειναν</span> <span class='ocrx_word' id='word_1_684' title='bbox 2626 4576 2730 4642; x_wconf 74' lang='grc' dir='ltr'>ἕως</span> <span class='ocrx_word' id='word_1_685' title='bbox 2784 4578 2976 4642; x_wconf 80' lang='grc' dir='ltr'>τέλους</span> <span class='ocrx_word' id='word_1_686' title='bbox 3037 4580 3179 4635; x_wconf 77' lang='grc' dir='ltr'>εὖνοι</span> <span class='ocrx_word' id='word_1_687' title='bbox 3234 4580 3315 4652; x_wconf 80' lang='grc' dir='ltr'>τῷ</span> <span class='ocrx_word' id='word_1_688' title='bbox 3380 4580 3647 4655; x_wconf 85' lang='grc' dir='ltr'>τυραννή-</span> 
     </span>
    </p>
   </div>
   <div class='ocr_carea' id='block_1_81' title="bbox 226 4665 3648 4744">
    <p class='ocr_par' dir='ltr' id='par_1_81' title="bbox 226 4665 3648 4744">
     <span class='ocr_line' id='line_1_81' title="bbox 226 4665 3648 4744; baseline -0 -22"><span class='ocrx_word' id='word_1_689' title='bbox 226 4691 397 4738; x_wconf 57' lang='lat' dir='ltr'><strong>erat,</strong></span> <span class='ocrx_word' id='word_1_690' title='bbox 434 4670 653 4740; x_wconf 77' lang='grc' dir='ltr'>ἀτίμως</span> <span class='ocrx_word' id='word_1_691' title='bbox 708 4667 971 4742; x_wconf 79' lang='grc' dir='ltr'>πρότερον</span> <span class='ocrx_word' id='word_1_692' title='bbox 1033 4668 1419 4742; x_wconf 78' lang='grc' dir='ltr'>περιαχθέντες</span> <span class='ocrx_word' id='word_1_693' title='bbox 1474 4665 1563 4721; x_wconf 75' lang='grc' dir='ltr'>διὰ</span> <span class='ocrx_word' id='word_1_694' title='bbox 1618 4674 1717 4735; x_wconf 82' lang='grc' dir='ltr'>τῆς</span> <span class='ocrx_word' id='word_1_695' title='bbox 1773 4667 1971 4743; x_wconf 84' lang='grc' dir='ltr'>ἀγορᾶς</span> <span class='ocrx_word' id='word_1_696' title='bbox 2024 4667 2114 4722; x_wconf 79' lang='grc' dir='ltr'>καὶ</span> <span class='ocrx_word' id='word_1_697' title='bbox 2175 4666 2354 4742; x_wconf 81' lang='grc' dir='ltr'>ἐξορίᾳ</span> <span class='ocrx_word' id='word_1_698' title='bbox 2410 4670 2909 4744; x_wconf 75' lang='grc' dir='ltr'>παραπεμφθέντες.</span> <span class='ocrx_word' id='word_1_699' title='bbox 2944 4670 3047 4726; x_wconf 83' lang='grc' dir='ltr'>Καὶ</span> <span class='ocrx_word' id='word_1_700' title='bbox 3092 4671 3127 4739; x_wconf 73' lang='grc' dir='ltr'>ἡ</span> <span class='ocrx_word' id='word_1_701' title='bbox 3189 4669 3283 4742; x_wconf 77' lang='grc' dir='ltr'>μὶν</span> <span class='ocrx_word' id='word_1_702' title='bbox 3342 4668 3648 4723; x_wconf 85' lang='grc' dir='ltr'>ἀποστασία</span> 
     </span>
    </p>
   </div>
   <div class='ocr_carea' id='block_1_82' title="bbox 228 4753 3648 4833">
    <p class='ocr_par' dir='ltr' id='par_1_82' title="bbox 228 4753 3648 4833">
     <span class='ocr_line' id='line_1_82' title="bbox 228 4753 3648 4833; baseline -0.001 -22"><span class='ocrx_word' id='word_1_703' title='bbox 228 4764 480 4815; x_wconf 68' lang='grc' dir='ltr'>τοιοῖιτον</span> <span class='ocrx_word' id='word_1_704' title='bbox 515 4756 643 4832; x_wconf 75' lang='grc' dir='ltr'>ἔσχε</span> <span class='ocrx_word' id='word_1_705' title='bbox 670 4758 734 4811; x_wconf 81' lang='grc' dir='ltr'>τὸ</span> <span class='ocrx_word' id='word_1_706' title='bbox 764 4755 944 4825; x_wconf 84' lang='grc' dir='ltr'>τέλος,</span> <span class='ocrx_word' id='word_1_707' title='bbox 979 4753 1203 4831; x_wconf 74' lang='grc' dir='ltr'>ἄρχεται</span> <span class='ocrx_word' id='word_1_708' title='bbox 1234 4754 1290 4811; x_wconf 71' lang='grc' dir='ltr'>δὲ</span> <span class='ocrx_word' id='word_1_709' title='bbox 1321 4755 1514 4811; x_wconf 88' lang='grc' dir='ltr'>λοιπὸν</span> <span class='ocrx_word' id='word_1_710' title='bbox 1545 4757 1611 4810; x_wconf 76' lang='grc' dir='ltr'>τὰ</span> <span class='ocrx_word' id='word_1_711' title='bbox 1641 4756 1748 4811; x_wconf 82' lang='grc' dir='ltr'>ἀπὸ</span> <span class='ocrx_word' id='word_1_712' title='bbox 1775 4761 1880 4810; x_wconf 88' lang='grc' dir='ltr'>τῶν</span> <span class='ocrx_word' id='word_1_713' title='bbox 1912 4756 2165 4832; x_wconf 69' lang='grc' dir='ltr'>Τοΰρκων</span> <span class='ocrx_word' id='word_1_714' title='bbox 2212 4756 2369 4813; x_wconf 85' lang='grc' dir='ltr'>κακά.</span> <span class='ocrx_word' id='word_1_715' title='bbox 2397 4756 2546 4820; x_wconf 84' lang='grc' dir='ltr'>Τίνες</span> <span class='ocrx_word' id='word_1_716' title='bbox 2602 4755 2658 4813; x_wconf 70' lang='grc' dir='ltr'>δὲ</span> <span class='ocrx_word' id='word_1_717' title='bbox 2717 4759 2768 4813; x_wconf 75' lang='lat' dir='ltr'>oi</span> <span class='ocrx_word' id='word_1_718' title='bbox 2827 4762 3079 4833; x_wconf 78' lang='grc' dir='ltr'>Τοῦρκοι,</span> <span class='ocrx_word' id='word_1_719' title='bbox 3127 4758 3217 4814; x_wconf 83' lang='grc' dir='ltr'>καὶ</span> <span class='ocrx_word' id='word_1_720' title='bbox 3267 4758 3391 4813; x_wconf 89' lang='grc' dir='ltr'>τίνα</span> <span class='ocrx_word' id='word_1_721' title='bbox 3444 4756 3648 4832; x_wconf 88' lang='grc' dir='ltr'>τρόπον</span> 
     </span>
    </p>
   </div>
   <div class='ocr_carea' id='block_1_83' title="bbox 252 4840 2727 4923">
    <p class='ocr_par' dir='ltr' id='par_1_83' title="bbox 252 4840 2727 4923">
     <span class='ocr_line' id='line_1_83' title="bbox 252 4840 2727 4923; baseline -0.002 -19"><span class='ocrx_word' id='word_1_722' title='bbox 252 4850 479 4923; x_wconf 66' lang='grc' dir='ltr'>’ξρξαντο</span> <span class='ocrx_word' id='word_1_723' title='bbox 510 4846 773 4919; x_wconf 87' lang='grc' dir='ltr'>πολεμεῖν</span> <span class='ocrx_word' id='word_1_724' title='bbox 800 4845 1118 4917; x_wconf 77' lang='grc' dir='ltr'>Ῥωμαίοις,</span> <span class='ocrx_word' id='word_1_725' title='bbox 1152 4843 1353 4899; x_wconf 80' lang='grc' dir='ltr'>ἄνωθεν</span> <span class='ocrx_word' id='word_1_726' title='bbox 1381 4840 1667 4899; x_wconf 75' lang='grc' dir='ltr'>ἀναλαϐὼν</span> <span class='ocrx_word' id='word_1_727' title='bbox 1701 4842 2063 4919; x_wconf 80' lang='grc' dir='ltr'>διηγήσομαι.</span> <span class='ocrx_word' id='word_1_728' title='bbox 2722 4896 2727 4903; x_wconf 86' lang='grc'>,</span> 
     </span>
    </p>
   </div>
   <div class='ocr_carea' id='block_1_84' title="bbox 290 4933 1831 5011">
    <p class='ocr_par' dir='ltr' id='par_1_84' title="bbox 290 4933 1829 5011">
     <span class='ocr_line' id='line_1_84' title="bbox 290 4933 1829 5011; baseline -0.004 -16"><span class='ocrx_word' id='word_1_729' title='bbox 418 4939 577 5010; x_wconf 80' lang='lat'>767.]</span> <span class='ocrx_word' id='word_1_730' title='bbox 607 4938 677 4990; x_wconf 83' lang='grc' dir='ltr'>Τὸ</span> <span class='ocrx_word' id='word_1_731' title='bbox 719 4940 828 4991; x_wconf 86' lang='grc' dir='ltr'>τῶν</span> <span class='ocrx_word' id='word_1_732' title='bbox 878 4937 1131 5010; x_wconf 69' lang='grc' dir='ltr'>Τούρκων</span> <span class='ocrx_word' id='word_1_733' title='bbox 1165 4933 1313 4995; x_wconf 83' lang='grc' dir='ltr'>ἔθνος</span> <span class='ocrx_word' id='word_1_734' title='bbox 1370 4935 1527 5010; x_wconf 82' lang='grc' dir='ltr'>γένος</span> <span class='ocrx_word' id='word_1_735' title='bbox 1589 4935 1683 5007; x_wconf 87' lang='grc' dir='ltr'>μέν</span> <span class='ocrx_word' id='word_1_736' title='bbox 1743 4934 1829 4989; x_wconf 88' lang='grc' dir='ltr'>ἐστ</span> 
     </span>
    </p>
   </div>
   <div class='ocr_carea' id='block_1_85' title="bbox 1945 4933 3644 5011">
    <p class='ocr_par' dir='ltr' id='par_1_85' title="bbox 1945 4935 3644 5009">
     <span class='ocr_line' id='line_1_85' title="bbox 1945 4935 3644 5009; baseline -0.001 -17"><span class='ocrx_word' id='word_1_737' title='bbox 1945 4939 1958 5004; x_wconf 71' lang='grc' dir='ltr'>ι</span> <span class='ocrx_word' id='word_1_738' title='bbox 2063 4937 2387 4992; x_wconf 89' lang='lat' dir='ltr'><strong>Turcorum</strong></span> <span class='ocrx_word' id='word_1_739' title='bbox 2421 4953 2563 5009; x_wconf 90' lang='lat' dir='ltr'><strong>gens</strong></span> <span class='ocrx_word' id='word_1_740' title='bbox 2587 4936 2809 4993; x_wconf 87' lang='lat' dir='ltr'><strong>Unnica</strong></span> <span class='ocrx_word' id='word_1_741' title='bbox 2837 4937 2965 5001; x_wconf 79' lang='lat' dir='ltr'><strong>fuit,</strong></span> <span class='ocrx_word' id='word_1_742' title='bbox 2992 4937 3267 4994; x_wconf 88' lang='lat' dir='ltr'><strong>habitans</strong></span> <span class='ocrx_word' id='word_1_743' title='bbox 3292 4935 3366 4992; x_wconf 90' lang='lat' dir='ltr'>ad</span> <span class='ocrx_word' id='word_1_744' title='bbox 3397 4935 3644 4992; x_wconf 85' lang='lat' dir='ltr'><strong>Caucasi</strong></span> 
     </span>
    </p>
   </div>
   <div class='ocr_carea' id='block_1_86' title="bbox 236 5022 1831 5098">
    <p class='ocr_par' dir='ltr' id='par_1_86' title="bbox 236 5022 1831 5098">
     <span class='ocr_line' id='line_1_86' title="bbox 236 5022 1831 5098; baseline -0.001 -19"><span class='ocrx_word' id='word_1_745' title='bbox 236 5028 528 5089; x_wconf 51' lang='lat' dir='ltr'><strong>t‘liwmbv,</strong></span> <span class='ocrx_word' id='word_1_746' title='bbox 577 5027 717 5080; x_wconf 68' lang='grc' dir='ltr'>οἲκεῖ</span> <span class='ocrx_word' id='word_1_747' title='bbox 770 5022 829 5079; x_wconf 74' lang='grc' dir='ltr'>δὲ</span> <span class='ocrx_word' id='word_1_748' title='bbox 882 5024 949 5078; x_wconf 77' lang='grc' dir='ltr'>τά</span> <span class='ocrx_word' id='word_1_749' title='bbox 1008 5024 1346 5098; x_wconf 85' lang='grc' dir='ltr'>προσάρκτια</span> <span class='ocrx_word' id='word_1_750' title='bbox 1398 5028 1508 5078; x_wconf 92' lang='grc' dir='ltr'>τῶν</span> <span class='ocrx_word' id='word_1_751' title='bbox 1567 5024 1831 5080; x_wconf 71' lang='grc' dir='ltr'>Κάυκασίο</span> 
     </span>
    </p>
   </div>
   <div class='ocr_carea' id='block_1_87' title="bbox 1945 5022 3649 5098">
    <p class='ocr_par' dir='ltr' id='par_1_87' title="bbox 1999 5023 3649 5097">
     <span class='ocr_line' id='line_1_87' title="bbox 1999 5023 3649 5097; baseline -0.001 -17"><span class='ocrx_word' id='word_1_752' title='bbox 1999 5025 2218 5080; x_wconf 88' lang='lat' dir='ltr'><strong>montis</strong></span> <span class='ocrx_word' id='word_1_753' title='bbox 2270 5030 2465 5096; x_wconf 89' lang='lat' dir='ltr'><strong>partes</strong></span> <span class='ocrx_word' id='word_1_754' title='bbox 2520 5025 3028 5096; x_wconf 88' lang='lat' dir='ltr'><strong>septentrionales,</strong></span> <span class='ocrx_word' id='word_1_755' title='bbox 3079 5023 3540 5097; x_wconf 85' lang='lat' dir='ltr'><strong>populosissima</strong></span> <span class='ocrx_word' id='word_1_756' title='bbox 3589 5029 3649 5078; x_wconf 88' lang='lat' dir='ltr'><strong>et</strong></span> 
     </span>
    </p>
   </div>
   <div class='ocr_carea' id='block_1_88' title="bbox 240 5111 1831 5189">
    <p class='ocr_par' dir='ltr' id='par_1_88' title="bbox 240 5111 1828 5189">
     <span class='ocr_line' id='line_1_88' title="bbox 240 5111 1828 5189; baseline 0 -22"><span class='ocrx_word' id='word_1_757' title='bbox 435 5113 876 5189; x_wconf 81' lang='grc' dir='ltr'>πολυάνθρωπόν</span> <span class='ocrx_word' id='word_1_758' title='bbox 926 5133 985 5167; x_wconf 90' lang='grc' dir='ltr'>τε</span> <span class='ocrx_word' id='word_1_759' title='bbox 1029 5112 1088 5167; x_wconf 75' lang='grc' dir='ltr'>’ὸν</span> <span class='ocrx_word' id='word_1_760' title='bbox 1142 5112 1231 5167; x_wconf 67' lang='grc' dir='ltr'>καὶ</span> <span class='ocrx_word' id='word_1_761' title='bbox 1285 5111 1588 5185; x_wconf 75' lang='grc' dir='ltr'>αὐτόνομον</span> <span class='ocrx_word' id='word_1_762' title='bbox 1645 5112 1734 5166; x_wconf 81' lang='grc' dir='ltr'>καὶ</span> <span class='ocrx_word' id='word_1_763' title='bbox 1801 5113 1828 5167; x_wconf 89' lang='grc' dir='ltr'>ὑ</span> 
     </span>
    </p>
   </div>
   <div class='ocr_carea' id='block_1_89' title="bbox 1945 5111 3651 5189">
    <p class='ocr_par' dir='ltr' id='par_1_89' title="bbox 1998 5112 3651 5185">
     <span class='ocr_line' id='line_1_89' title="bbox 1998 5112 3651 5185; baseline -0.001 -17"><span class='ocrx_word' id='word_1_764' title='bbox 1998 5114 2185 5168; x_wconf 86' lang='lat' dir='ltr'><strong>libera</strong></span> <span class='ocrx_word' id='word_1_765' title='bbox 2217 5113 2560 5185; x_wconf 87' lang='lat' dir='ltr'><strong>nulliusque</strong></span> <span class='ocrx_word' id='word_1_766' title='bbox 2591 5131 2850 5185; x_wconf 90' lang='lat' dir='ltr'><strong>unquam</strong></span> <span class='ocrx_word' id='word_1_767' title='bbox 2884 5114 3138 5170; x_wconf 90' lang='lat' dir='ltr'><strong>nationis</strong></span> <span class='ocrx_word' id='word_1_768' title='bbox 3187 5112 3516 5170; x_wconf 89' lang='lat' dir='ltr'><strong>dominium</strong></span> <span class='ocrx_word' id='word_1_769' title='bbox 3547 5128 3651 5167; x_wconf 86' lang='lat' dir='ltr'>ex-</span> 
     </span>
    </p>
   </div>
   <div class='ocr_carea' id='block_1_90' title="bbox 246 5198 1831 5277">
    <p class='ocr_par' dir='ltr' id='par_1_90' title="bbox 246 5198 1831 5277">
     <span class='ocr_line' id='line_1_90' title="bbox 246 5198 1831 5277; baseline -0.002 -19"><span class='ocrx_word' id='word_1_770' title='bbox 246 5206 460 5267; x_wconf 64' lang='grc' dir='ltr'>’.ὖδενὸς</span> <span class='ocrx_word' id='word_1_771' title='bbox 521 5201 707 5267; x_wconf 76' lang='grc' dir='ltr'>ἔθνους</span> <span class='ocrx_word' id='word_1_772' title='bbox 761 5202 898 5257; x_wconf 76' lang='grc' dir='ltr'>ποτὶ</span> <span class='ocrx_word' id='word_1_773' title='bbox 956 5198 1252 5258; x_wconf 82' lang='grc' dir='ltr'>δουλωθέν.</span> <span class='ocrx_word' id='word_1_774' title='bbox 1286 5204 1402 5271; x_wconf 87' lang='grc' dir='ltr'>Τῆς</span> <span class='ocrx_word' id='word_1_775' title='bbox 1443 5199 1501 5255; x_wconf 71' lang='grc' dir='ltr'>δὲ</span> <span class='ocrx_word' id='word_1_776' title='bbox 1530 5205 1635 5255; x_wconf 88' lang='grc' dir='ltr'>τῶν</span> <span class='ocrx_word' id='word_1_777' title='bbox 1669 5206 1831 5277; x_wconf 86' lang='grc' dir='ltr'>Περσί</span> 
     </span>
    </p>
   </div>
   <div class='ocr_carea' id='block_1_91' title="bbox 1945 5198 3654 5277">
    <p class='ocr_par' dir='ltr' id='par_1_91' title="bbox 2003 5203 3654 5276">
     <span class='ocr_line' id='line_1_91' title="bbox 2003 5203 3654 5276; baseline -0.001 -18"><span class='ocrx_word' id='word_1_778' title='bbox 2003 5208 2185 5275; x_wconf 87' lang='lat' dir='ltr'><strong>perla.</strong></span> <span class='ocrx_word' id='word_1_779' title='bbox 2220 5203 2536 5274; x_wconf 89' lang='lat' dir='ltr'><strong>Postquam</strong></span> <span class='ocrx_word' id='word_1_780' title='bbox 2571 5203 2846 5259; x_wconf 86' lang='lat' dir='ltr'><strong>Saraceni</strong></span> <span class='ocrx_word' id='word_1_781' title='bbox 2880 5203 3186 5259; x_wconf 88' lang='lat' dir='ltr'><strong>Persarum</strong></span> <span class='ocrx_word' id='word_1_782' title='bbox 3238 5218 3418 5276; x_wconf 86' lang='lat' dir='ltr'><strong>regno</strong></span> <span class='ocrx_word' id='word_1_783' title='bbox 3450 5216 3654 5258; x_wconf 87' lang='lat' dir='ltr'><strong>everso</strong></span> 
     </span>
    </p>
   </div>
   <div class='ocr_carea' id='block_1_92' title="bbox 242 5288 1831 5368">
    <p class='ocr_par' dir='ltr' id='par_1_92' title="bbox 242 5288 1831 5368">
     <span class='ocr_line' id='line_1_92' title="bbox 242 5288 1831 5368; baseline -0.001 -23"><span class='ocrx_word' id='word_1_784' title='bbox 242 5294 422 5368; x_wconf 66' lang='grc' dir='ltr'>άςχῆς</span> <span class='ocrx_word' id='word_1_785' title='bbox 479 5291 558 5353; x_wconf 87' lang='grc' dir='ltr'>είς</span> <span class='ocrx_word' id='word_1_786' title='bbox 619 5290 966 5365; x_wconf 77' lang='grc' dir='ltr'>Σαρακηνοὺς</span> <span class='ocrx_word' id='word_1_787' title='bbox 1040 5288 1410 5361; x_wconf 77' lang='grc' dir='ltr'>διαλυθείσης,</span> <span class='ocrx_word' id='word_1_788' title='bbox 1460 5290 1551 5344; x_wconf 78' lang='grc' dir='ltr'>καὶ</span> <span class='ocrx_word' id='word_1_789' title='bbox 1627 5296 1725 5358; x_wconf 88' lang='grc' dir='ltr'>τῆς</span> <span class='ocrx_word' id='word_1_790' title='bbox 1780 5294 1831 5344; x_wconf 80' lang='grc' dir='ltr'>τί</span> 
     </span>
    </p>
   </div>
   <div class='ocr_carea' id='block_1_93' title="bbox 1945 5288 3660 5368">
    <p class='ocr_par' dir='ltr' id='par_1_93' title="bbox 2003 5290 3660 5364">
     <span class='ocr_line' id='line_1_93' title="bbox 2003 5290 3660 5364; baseline -0.001 -17"><span class='ocrx_word' id='word_1_791' title='bbox 2003 5309 2115 5347; x_wconf 91' lang='lat' dir='ltr'>non</span> <span class='ocrx_word' id='word_1_792' title='bbox 2152 5291 2449 5349; x_wconf 88' lang='lat' dir='ltr'><strong>Persidem</strong></span> <span class='ocrx_word' id='word_1_793' title='bbox 2485 5292 2687 5364; x_wconf 89' lang='lat' dir='ltr'><strong>modo,</strong></span> <span class='ocrx_word' id='word_1_794' title='bbox 2710 5291 2985 5364; x_wconf 89' lang='lat' dir='ltr'><strong>Mediam,</strong></span> <span class='ocrx_word' id='word_1_795' title='bbox 3016 5290 3369 5364; x_wconf 77' lang='lat' dir='ltr'><strong>Babylonem</strong></span> <span class='ocrx_word' id='word_1_796' title='bbox 3402 5294 3461 5347; x_wconf 91' lang='lat' dir='ltr'>et</span> <span class='ocrx_word' id='word_1_797' title='bbox 3487 5293 3660 5362; x_wconf 80' lang='lat' dir='ltr'><strong>Assy-</strong></span> 
     </span>
    </p>
   </div>
   <div class='ocr_carea' id='block_1_94' title="bbox 1430 5504 2463 5563">
    <p class='ocr_par' dir='ltr' id='par_1_94' title="bbox 1430 5504 2463 5563">
     <span class='ocr_line' id='line_1_94' title="bbox 1430 5504 2463 5563; baseline 0 -1"><span class='ocrx_word' id='word_1_798' title='bbox 1430 5504 1798 5562; x_wconf 84' lang='lat' dir='ltr'>XYLANDRI</span> <span class='ocrx_word' id='word_1_799' title='bbox 1836 5505 1929 5561; x_wconf 85' lang='lat' dir='ltr'>ET</span> <span class='ocrx_word' id='word_1_800' title='bbox 1968 5505 2186 5563; x_wconf 84' lang='lat' dir='ltr'>GOARI</span> <span class='ocrx_word' id='word_1_801' title='bbox 2227 5505 2463 5562; x_wconf 69' lang='lat' dir='ltr'>NOTIE.</span> 
     </span>
    </p>
   </div>
   <div class='ocr_carea' id='block_1_95' title="bbox 315 5675 2766 5753">
    <p class='ocr_par' dir='ltr' id='par_1_95' title="bbox 315 5675 2766 5753">
     <span class='ocr_line' id='line_1_95' title="bbox 315 5675 2766 5753; baseline -0.002 -16"><span class='ocrx_word' id='word_1_802' title='bbox 315 5682 432 5753; x_wconf 87' lang='lat'>(33)</span> <span class='ocrx_word' id='word_1_803' title='bbox 460 5681 681 5737; x_wconf 75' lang='lat' dir='ltr'><strong>Obtorto</strong></span> <span class='ocrx_word' id='word_1_804' title='bbox 707 5693 865 5734; x_wconf 76' lang='lat' dir='ltr'><strong>naso.</strong></span> <span class='ocrx_word' id='word_1_805' title='bbox 898 5675 1113 5732; x_wconf 86' lang='lat' dir='ltr'><strong>Facilia</strong></span> <span class='ocrx_word' id='word_1_806' title='bbox 1141 5676 1356 5732; x_wconf 63' lang='lat' dir='ltr'><strong>Graecis</strong></span> <span class='ocrx_word' id='word_1_807' title='bbox 1388 5693 1455 5732; x_wconf 82' lang='lat' dir='ltr'><strong>ex</strong></span> <span class='ocrx_word' id='word_1_808' title='bbox 1485 5692 1795 5750; x_wconf 88' lang='lat' dir='ltr'><strong>corporum</strong></span> <span class='ocrx_word' id='word_1_809' title='bbox 1827 5677 2150 5735; x_wconf 83' lang='lat' dir='ltr'><strong>defectibus</strong></span> <span class='ocrx_word' id='word_1_810' title='bbox 2179 5675 2553 5750; x_wconf 79' lang='lat' dir='ltr'><strong>cognomina.</strong></span> <span class='ocrx_word' id='word_1_811' title='bbox 2586 5676 2766 5734; x_wconf 70' lang='lat' dir='ltr'><strong>Gem.</strong></span> 
     </span>
    </p>
   </div>
   <div class='ocr_carea' id='block_1_96' title="bbox 577 5801 1831 5867">
    <p class='ocr_par' dir='ltr' id='par_1_96' title="bbox 577 5801 1286 5867">
     <span class='ocr_line' id='line_1_96' title="bbox 577 5801 1286 5867; baseline -0.003 0"><span class='ocrx_word' id='word_1_812' title='bbox 577 5808 838 5867; x_wconf 63' lang='lat' dir='ltr'><strong>Panos.</strong></span> <span class='ocrx_word' id='word_1_813' title='bbox 889 5805 999 5866; x_wconf 78' lang='lat' dir='ltr'>Gn.</span> <span class='ocrx_word' id='word_1_814' title='bbox 1049 5801 1286 5866; x_wconf 70' lang='lat' dir='ltr'>CXXII.</span> 
     </span>
    </p>
   </div>
   <div class='ocr_carea' id='block_1_97' title="bbox 1945 5801 3344 5867">
    <p class='ocr_par' dir='ltr' id='par_1_97' title="bbox 3260 5802 3344 5861">
     <span class='ocr_line' id='line_1_97' title="bbox 3260 5802 3344 5861; baseline 0.036 -3"><span class='ocrx_word' id='word_1_815' title='bbox 3260 5802 3344 5861; x_wconf 71' lang='grc'>10</span> 
     </span>
    </p>
   </div>
  </div>
