4036 6194
330 274 450 335 299

1678 272 1995 334 GEORGII
2044 273 2383 333 CEDitENI

3620 273 3748 335 300

336 406 507 475 riam,
541 405 641 463 sed
674 409 733 462 et
758 406 1071 480 Egyptum
1121 411 1180 463 et
1219 407 1455 480 Libyam
1503 410 1561 461 et
1589 405 1831 476 Europes
1863 419 1980 459 non

2106 405 2427 476 Σαρακηνῶν
2481 400 2821 478 ἐπικρατείας
2897 403 2974 475 μὴ
3063 402 3230 475 μόνον
3314 398 3574 475 Περσίδος
3654 400 3747 457 καὶ

338 496 607 569 exiguam
642 500 867 567 partem
892 495 1391 567 subegerunt,ipsi
1423 494 1573 550 inter
1596 509 1657 550 se
1687 499 1992 565 coeperunt

343 584 591 641 diversis
622 584 984 654 temporibus
1042 585 1201 640 varie
1248 583 1581 639 dissentire.
1616 582 1701 637 lta
1752 582 1987 637 unicum

346 675 769 730 Saracenorum
793 673 968 744 idque
995 674 1315 728 maximum
1350 672 1665 744 imperium
1689 671 1745 726 in
1771 670 1992 726 multas

347 769 437 819 est
465 761 719 817 divisum
770 769 986 833 partes,
1024 768 1087 817 ut
1135 760 1287 817 alius
1337 761 1628 833 Hispaniae
1651 760 1803 832 jam,
1836 760 1983 817 567

349 850 501 907 alius
535 851 754 916 Africa,
785 850 937 905 alius
984 851 1231 923 Egypti,
1265 849 1417 905 alius
1474 848 1806 921 Babylonis,
1839 847 1994 905 alius

348 939 604 995 Persidis
635 943 790 994 esset
821 938 1113 1009 princeps.
1147 939 1403 993 Tantum
1428 954 1560 992 vero
1593 937 1779 992 abfuit
1810 936 1901 991 his
1930 943 1995 991 ut

349 1028 503 1084 inter
532 1044 594 1082 se
641 1027 995 1093 conveniret,
1059 1032 1123 1081 ut
1151 1027 1306 1082 inter
1351 1026 1573 1081 vicinos
1622 1025 1799 1080 etiam
1842 1024 1995 1081 bella

348 1117 568 1171 fuerint
598 1116 895 1170 intestina.
921 1117 1174 1171 Proinde
1204 1111 1994 1183 Persidis,Chorasmiorum,

347 1204 733 1262 Oretanorum
763 1209 821 1260 et
850 1204 1056 1261 Mediae
1089 1204 1363 1277 princeps
1412 1204 1846 1271 Muchumetus,
1882 1204 1994 1258 Im-

347 1293 530 1349 braeli
562 1293 740 1362 illius,
788 1292 1002 1349 Basilio
1062 1294 1294 1365 imperii
1344 1294 1585 1349 Romani
1647 1293 1876 1347 clavum
1907 1298 1993 1347 te-

347 1386 544 1454 nente,
577 1397 713 1439 cum
760 1382 820 1437 in
870 1383 1021 1438 bello
1076 1384 1230 1454 quod
1284 1382 1564 1437 adversus
1618 1381 1793 1436 Indos
1822 1386 1997 1452 atque

349 1469 699 1541 Babylonios
748 1472 1005 1543 gerebat,
1057 1471 1233 1527 rebus
1283 1476 1542 1526 uteretur
1597 1470 1880 1535 adversis,
1930 1485 1999 1523 ex

351 1577 463 1616 usu
497 1561 615 1615 fore
638 1560 947 1632 judicavit,
994 1560 1044 1615 si
1076 1559 1275 1615 missis
1305 1560 1374 1613 ad
1421 1559 1747 1614 Turcorum
1779 1558 1999 1630 princi-

352 1667 484 1723 pem
519 1650 728 1721 legatis
759 1649 1042 1705 auxilium
1089 1655 1331 1722 peteret.
1367 1649 1546 1705 Mittit
1574 1665 1711 1721 ergo
1759 1649 1831 1706 ad
1863 1666 1996 1704 eum

352 1741 575 1812 legatos
602 1755 736 1794 cum
767 1738 938 1794 donis
972 1737 1261 1810 pretiosis,
1287 1737 1662 1810 postulatque
1692 1738 1802 1794 sibi
1833 1738 1997 1793 auxi-

353 1828 431 1884 lio
456 1827 607 1883 mitti
638 1828 754 1883 tria
780 1828 1040 1882 virorum
1072 1827 1280 1883 millia.
1303 1829 1527 1883 Turcus
1558 1834 1617 1883 et
1648 1825 1827 1883 allata
1846 1828 2001 1882 dona

351 1917 693 1991 gratissima
722 1916 948 1982 habuit,
982 1921 1039 1971 et
1066 1915 1240 1987 legati
1274 1916 1592 1971 admodum
1623 1916 2000 1987 comprobata

353 2004 631 2077 petitione
665 2004 847 2060 mittit
875 2004 948 2059 ad
974 2004 1415 2060 Muchumetum
1459 2004 1593 2073 tria,
1627 2012 1687 2059 ut
1719 2003 2001 2075 petiverat

353 2094 561 2163 millia,
609 2094 758 2150 duce
795 2092 1176 2165 Tragolipace
1223 2092 1530 2162 Mucaleto,
1587 2092 1809 2149 Miceeli
1857 2092 1995 2148 lilio.

352 2184 663 2240 Enimvero
693 2182 799 2237 hoc
820 2183 1114 2253 sperabat,
1134 2182 1183 2238 si
1208 2181 1524 2254 reprimere
1545 2182 1635 2239 sui
1670 2182 2001 2254 potuissent

354 2289 454 2329 eos
485 2289 520 2329 a
546 2271 764 2345 quibus
793 2270 1065 2327 Saraceni
1108 2270 1561 2342 invadebantur,
1595 2270 1869 2327 facillime
1898 2287 1997 2326 eos

353 2362 660 2418 effecturos
685 2363 751 2415 ut
781 2375 926 2431 pons
957 2376 1074 2431 quo
1122 2364 1456 2415 constratus
1504 2361 1721 2415 Araxes
1764 2365 1910 2429 erat,
1944 2365 1998 2414 et

354 2450 452 2523 qui
486 2450 558 2507 ab
592 2454 838 2521 utroque
870 2448 1051 2504 latere
1079 2448 1346 2504 turribus
1389 2448 1655 2505 excitatis
1703 2465 1770 2505 ac
1802 2448 1996 2519 pressi-

355 2539 471 2594 diis
498 2537 793 2611 impositis
812 2538 1078 2592 munitus
1099 2537 1305 2592 Turcis
1323 2537 1678 2592 inaccessam
1699 2537 1997 2594 Persidem

355 2627 628 2693 faciebat,
661 2625 1039 2699 prasidiariis
1084 2625 1272 2698 pulsis
1321 2627 1555 2699 pervius
1594 2626 1800 2681 Turcis
1835 2632 1995 2697 post-

355 2717 529 2772 modo
559 2716 743 2781 ﬁeret,
774 2715 974 2785 itaque
1004 2714 1260 2770 Persidis
1291 2716 1643 2785 occupanda:
1690 2713 1802 2770 sibi
1827 2731 1997 2770 occa-

353 2805 441 2861 sio
469 2806 729 2861 daretur.
762 2804 966 2859 Turcis
1016 2803 1392 2859 mercenariis
1452 2803 1867 2859 Muchumetus
1897 2819 1995 2859 ac-

351 2894 557 2967 oeptis,
593 2893 782 2966 iisque
828 2909 962 2950 cum
1012 2908 1120 2949 suo
1169 2894 1423 2949 exercitu
1476 2893 1829 2963 conjunctis,
1861 2909 1995 2949 cum

350 2982 607 3039 Arabum
643 2982 904 3055 principe
935 2981 1212 3038 Pisasirio
1235 2981 1521 3053 conﬂigit,
1552 2997 1807 3054 eumque
1834 2981 1995 3037 nullo

352 3071 582 3143 negotio
604 3076 862 3143 superat,
895 3072 1248 3144 sagittarum
1297 3072 1625 3141 conjectum
1659 3087 1775 3126 non
1809 3072 1994 3127 feren-

2103 488 2344 561 Μηδίας,
2407 485 2731 552 Βαϐυλωνος
2813 490 2905 545 καὶ
2986 490 3281 566 ’Δσσυρίων
3366 491 3750 565 κυριευούσης,

2099 575 2208 649 ἤδη
2270 576 2327 633 δὲ
2380 580 2470 634 καὶ
2521 578 2799 655 Αῗγύπτου
2858 580 2944 635 καὶ
2997 574 3207 650 Λιϐύης
3259 579 3348 634 καὶ
3408 578 3608 655 μὲρους
3653 578 3755 634 οὐκ

2102 665 2293 741 ὀλίγου
2374 674 2473 737 τῆς
2563 668 2852 743 Εὐρώπης,
2936 668 3155 744 ἐπείπερ
3241 666 3434 744 ἔτυχον
3508 667 3561 723 ἐν
3629 666 3753 723 δια-

2102 756 2293 835 φόροις
2350 762 2560 832 καιροῖς
2630 756 2896 827 ἀλλήλων
2973 758 3488 820 καταστασιάσαντες
3565 757 3657 811 καὶ
3714 760 3751 826 ἡ

2105 845 2201 918 μία
2255 843 2343 899 καί
2426 844 2656 919 μεγίστη
2737 845 2887 921 ἀρχὴ
2946 845 3081 916 αὕτη
3143 844 3220 908 εἷς
3278 842 3464 901 πολλὰ
3521 843 3751 922 διῃρὲθη

2107 935 2268 1006 μέρη,
2326 932 2416 988 καὶ
2477 931 2647 989 ἄλλον
2731 935 2825 1007 μὲν
2887 934 3138 1010 ἀρχηγὸν
3192 935 3336 1009 εῗχεν
3393 936 3427 1003 ἡ
3488 934 3755 1002 Ἰσπανία,

2104 1020 2274 1076 ἄλλον
2309 1020 2365 1076 δὲ
2397 1026 2430 1091 ἡ
2465 1018 2672 1093 Αιϐύη,
2697 1018 2868 1078 ἄλλον
2921 1020 2978 1077 δὶ
3025 1026 3059 1093 ἡ
3093 1020 3391 1098 Αἴγυπτος,
3422 1019 3594 1077 ἄλλον
3627 1020 3687 1077 δὲ
3715 1026 3753 1092 ἡ

2103 1105 2601 1186 Βαϐυλὼν,’έτερον
2659 1109 2716 1166 δὲ
2771 1114 2806 1181 ἡ
2867 1111 3082 1188 Περσὶς,
3122 1111 3212 1165 καὶ
3271 1112 3406 1184 πρὸς
3464 1107 3755 1181 ἀλλήλους

2110 1200 2203 1272 μὶν
2237 1201 2344 1276 οὐχ
2374 1199 2684 1273 ὡμονόουν,
2720 1198 2933 1273 μᾶλλον
2977 1201 3073 1274 μὲν
3123 1198 3217 1255 οὖν
3263 1201 3352 1255 καὶ
3407 1196 3756 1275 προσεπολέ-

2111 1309 2243 1361 μουν
2306 1290 2357 1344 οἱ
2417 1294 2806 1364 γειτονοῦντες,
2867 1289 3117 1365 ἀρχηγὸς
3168 1286 3424 1365 Περσίδος
3478 1288 3569 1345 καὶ
3625 1289 3755 1345 Χω-

2109 1377 2354 1451 ρασμίων
2436 1378 2525 1432 καὶ
2609 1380 2916 1454 Ὠρητανῶν
3017 1379 3106 1433 καὶ
3195 1376 3406 1449 Μηδίας
3490 1378 3759 1453 ὑπάρχων

2110 1470 2446 1543 Μουχοῦμετ
2483 1466 2618 1521 κατὰ
2664 1466 2792 1531 τοὺς
2834 1468 3067 1542 χρόνους
3110 1466 3402 1523 Βασιλείου
3446 1471 3544 1522 τοῦ
3596 1467 3759 1542 βασι-

2108 1555 2271 1623 λὲως,
2304 1557 2333 1610 ὁ
2370 1555 2466 1610 τοῦ
2499 1551 2790 1630 Ἰμϐραήλ,
2824 1556 2915 1611 καὶ
2957 1554 3219 1629 πολεμῶν
3279 1552 3469 1617 Ἰνδοῖς
3512 1555 3601 1610 καὶ
3651 1562 3758 1610 Βα-

2109 1640 2404 1706 ϐυλωνίοις
2432 1645 2523 1699 καὶ
2552 1650 2732 1708 κακῶς
2765 1644 2815 1699 ἐν
2847 1650 2927 1717 τῷ
2975 1643 3210 1718 πολέμῳ
3267 1644 3586 1723 φερόμενος,
3617 1640 3759 1721 ἔγνω

2113 1731 2222 1788 δεῖν
2280 1734 2415 1808 πρὸς
2466 1734 2558 1788 τὸν
2605 1731 2845 1811 ἄρχοντα
2890 1734 3151 1808 Τουρκίας
3180 1729 3605 1810 πρεσϐεύσασθαι
3663 1734 3758 1787 καὶ

2110 1822 2430 1897 συμμαχίαν
2504 1823 2704 1877 ἐκεῖθεν
2762 1822 3106 1894 αἰτήσασθαι.
3165 1824 3375 1896 Πέμπει
3430 1826 3560 1897 γοῦν
3629 1823 3761 1895 πρε-

2110 1907 2256 1975 σϐεις
2310 1911 2446 1987 πρὸς
2506 1912 2666 1968 αὐτὸν
2718 1912 2807 1967 καὶ
2858 1908 3007 1989 δῶρα
3036 1909 3342 1981 πολυτελῆ,
3373 1911 3461 1966 καὶ
3495 1918 3759 1988 πεμφθῆ-

2107 1998 2191 2054 ναί
2223 2000 2275 2054 οἱ
2307 1999 2504 2071 ἐξαιτεῖ
2563 1998 2890 2075 συμμάχους
2946 2001 3040 2055 τὸν
3095 2001 3329 2077 ἀριθμὸν
3383 2000 3758 2076 τρισχιλίους.

2107 2089 2163 2141 '0
2223 2086 2280 2143 δὲ
2338 2086 2624 2163 δεξάμενος
2702 2090 3063 2163 ἀσμενέστατα
3146 2091 3243 2158 τὴν
3324 2084 3608 2167 πρεσϐείαν
3665 2089 3759 2144 καὶ

2107 2182 2222 2239 τοῖς
2274 2184 2565 2256 πεμφθεῖσι
2599 2176 2796 2253 δώροις
2847 2178 3033 2249 ἡσθεὶς
3090 2177 3353 2251 ὲκπὲμπει
3411 2179 3544 2253 πρὸς
3597 2177 3762 2233 αὐτὸν

2106 2266 2235 2329 τοὺς
2290 2265 2660 2342 τρισχιλίους,
2719 2268 2971 2344 ἀρχηγὸν
3048 2266 3276 2344 ἔχοντας
3329 2266 3762 2343 Τραγολιπάκην

2108 2354 2396 2413 Μουκάλετ
2450 2358 2541 2411 τὸν
2602 2357 2716 2411 υἱὸν
2778 2355 3020 2425 Μικεήλ,
3079 2358 3192 2429 ἅμα
3246 2357 3332 2411 καὶ
3398 2355 3621 2418 ἐλπίσας
3682 2357 3763 2418 ὡς

2109 2442 2258 2520 εἷ’περ
2299 2444 2449 2499 οὗτοι
2500 2442 2778 2515 δυνηθεῖεν
2839 2444 3277 2520 ἀποκρούσασθαι
3335 2444 3462 2507 τοὺς
3495 2440 3759 2518 ἐπεμϐαίο

2105 2554 2295 2596 νοντας
2326 2539 2444 2595 τοῖς
2477 2539 2833 2611 Σαρακηνοῖς,
2866 2533 3031 2610 ῥᾷστά
3084 2555 3143 2589 τε
3197 2534 3296 2602 τήν
3342 2538 3443 2588 τοῦ
3471 2531 3759 2606 Ἀράξιδος

2105 2627 2357 2697 ποταμοῦ
2389 2626 2622 2700 γέφυραν
2662 2624 2761 2691 τήν
2803 2622 3119 2678 κωλύουσαν
3171 2622 3452 2699 Τούρκους
3507 2621 3558 2684 ἰς
3610 2624 3723 2697 Περ

2105 2709 2228 2767 σίδα
2280 2712 2417 2767 ῗὶναι
2471 2714 2562 2767 ἅτε
2617 2712 3047 2790 πεπυργωμένην
3103 2712 3262 2767 οὖσαν
3317 2706 3460 2775 ἔνθεν
3508 2712 3758 2776 κάκεῖθεν

2105 2802 2194 2857 καὶ
2252 2807 2513 2878 φρουροῖς
2570 2803 2829 2866 πάντοθεν
2865 2800 3280 2880 φυλαττομένην
3319 2802 3486 2878 βατήν
3520 2802 3759 2871 θήσουσι

2103 2890 2447 2967 περιελόντες
2528 2891 2621 2953 τὰς
2707 2891 2980 2969 φρουρὰς,
3039 2891 3129 2944 καὶ
3199 2889 3513 2966 ὑποχείριον
3601 2889 3760 2963 αὐτῷ

2104 2983 2395 3052 ποιήσουσι
2459 2980 2558 3050 τὴν
2636 2983 2744 3035 τῶν
2824 2983 3042 3056 Περσῶν
3101 2978 3309 3056 χώραν.
3369 2978 3754 3057 Ἀφικομένων

2103 3070 2280 3125 τοῖνυν
2333 3074 2438 3123 τῶν
2500 3068 2872 3147 μισθοφόρων,
2906 3068 3100 3133 αὐτούς
3155 3089 3214 3123 τι
3265 3062 3680 3140 ἀναλαϐόμενος
3733 3068 3762 3123 ὁ

350 3159 507 3218 tibus
541 3160 843 3216 Arabibus.
877 3159 1127 3215 Domum
1159 3176 1192 3215 a
1233 3158 1473 3215 victoria
1518 3176 1805 3227 reversus,
1839 3159 1992 3216 568

2109 3162 2439 3234 Μουχοῦμετ
2470 3158 2558 3212 καὶ
2606 3145 2701 3220 τὰς
2731 3158 2922 3213 ἑαυτοῦ
2977 3154 3230 3231 δυνάμεις
3285 3152 3621 3233 προσϐάλλει
3681 3160 3766 3228 τῷ

352 3249 591 3306 eosdem
616 3253 833 3304 Turces
863 3248 1047 3303 voluit
1075 3248 1249 3302 etiam
1284 3250 1341 3303 in
1379 3264 1634 3320 pugnam
1670 3253 1869 3303 contra
1903 3249 1997 3303 In-

355 3340 485 3408 dos,
515 3357 549 3396 a
580 3340 795 3412 quibus
826 3340 1299 3412 oppugnabatur,
1334 3338 1447 3395 sibi
1478 3340 1703 3396 adesse.
1736 3341 2000 3411 Cumque

358 3429 694 3501 petentibus
725 3432 791 3484 ut
820 3429 1058 3485 domum
1091 3428 1203 3484 sibi
1250 3428 1438 3484 redire
1463 3427 1657 3484 liceret
1710 3433 1766 3483 et
1797 3431 1999 3499 praesi-

360 3519 521 3573 dium
556 3518 627 3573 ab
658 3517 859 3573 Araxis
892 3521 1066 3589 ponte
1106 3517 1515 3582 abduceretur,
1547 3516 1663 3571 vim
1709 3518 1883 3572 etiam
1910 3516 1999 3571 in-

354 3611 626 3677 tentaret,
653 3606 825 3662 Turci
849 3607 1014 3661 veriti
1057 3606 1284 3677 majora
1323 3604 1585 3677 pericula
1634 3608 1707 3661 ab
1745 3622 1811 3661 eo
1842 3606 1998 3661 defe-

356 3702 647 3760 cerunt,et
668 3696 728 3750 in
750 3695 1184 3751 Carbonitidem
1207 3693 1587 3751 solitudinem
1611 3696 1821 3765 (neque
1843 3694 2000 3750 enim

355 3791 474 3840 tam
509 3785 676 3855 pauci
708 3784 988 3840 adversus
1029 3788 1148 3839 tam
1200 3783 1389 3838 multa
1438 3782 1776 3854 depugnare
1816 3783 1997 3838 aude-

356 3874 499 3929 bant
539 3873 743 3947 millia)
786 3890 849 3929 se
896 3874 1322 3941 subduxerunt,
1375 3871 1627 3942 indeque
1677 3871 1996 3927 identidem

355 3966 727 4036 erumpentes
767 3962 1192 4018 Saracenorum
1225 3961 1505 4016 ditionem
1545 3960 1803 4032 populati
1839 3969 1997 4016 sunt.

356 4050 735 4124 lniquissime
755 4051 813 4106 id
839 4052 1029 4106 ferens
1054 4049 1486 4119 Muchumetus,
1511 4050 1579 4104 ad
1604 4050 1676 4103 2O
1698 4049 1995 4105 hominum

353 4139 538 4197 millia
557 4141 866 4196 adversum
891 4139 1115 4194 Turcos
1138 4138 1343 4205 mittit,
1368 4138 1567 4192 decem
1593 4137 1999 4193 nobilissimos

354 4238 619 4301 notasque
649 4226 1008 4284 fortitudinis
1040 4244 1107 4282 ac
1128 4226 1447 4299 prudentia:
1472 4227 1650 4281 duces
1678 4226 1999 4282 Saracenos

352 4316 628 4374 exercitui
664 4316 1007 4389 praeﬁciens.
1059 4316 1124 4369 Hi
1171 4316 1241 4368 ad
1271 4315 1484 4369 bellum
1513 4313 2000 4385 profecti,intrare

349 4407 412 4464 in
441 4408 739 4463 desertum
768 4407 838 4461 ob
870 4421 1034 4475 aquae
1064 4409 1123 4458 et
1166 4404 1577 4458 alimentorum
1614 4403 1866 4474 inopiam
1894 4404 1998 4475 ju-

2108 3252 2215 3302 τῶν
2270 3241 2519 3322 Ἀράϐων
2578 3243 2805 3322 ἄρχοντι
2874 3246 3195 3321 Πισασιρίῳ,
3244 3245 3333 3301 καὶ
3392 3245 3516 3323 ῥᾷον
3595 3243 3761 3299 αὐτὸν

2107 3336 2382 3411 τρέπεται,
2419 3337 2493 3408 μή
2532 3336 2877 3391 ὑποστάντων
2927 3336 3023 3397 τὰς
3076 3333 3183 3390 τῶν
3242 3335 3409 3405 τόξων
3447 3332 3614 3410 βολὰς
3644 3338 3762 3389 τῶν

2111 3420 2384 3499 Ἀράϐων.
2436 3424 2798 3499 Ὑποστρέψας
2866 3422 2924 3479 δὲ
2971 3424 3048 3485 εἷς
3102 3426 3202 3491 τὴν
3252 3424 3442 3479 ἑαυτοῦ
3497 3422 3763 3497 ἠπείγετο

2108 3514 2196 3568 καὶ
2254 3514 2386 3590 πρὸς
2441 3513 2568 3576 τοὺς
2621 3513 2999 3588 πολεμοῦντας
3054 3510 3253 3575 Ἰνδοὺς
3330 3510 3761 3587 διαγωνίσασθαι

2112 3604 2227 3675 μετ’
2284 3602 2480 3659 αὐτῶν.
2541 3602 2788 3659 Έκείνων
2878 3600 2936 3657 δὲ
3010 3600 3401 3675 ἐξαιτουμένων
3488 3600 3565 3663 εἷς
3652 3603 3760 3669 τήν

2110 3692 2310 3746 ἑαυτῶν
2396 3692 2723 3767 ὑποστρέψαι
2802 3694 3253 3768 συγχωρηθῆναι,
3313 3689 3588 3761 ἀνεθείσης
3652 3690 3760 3744 αύ-

2107 3785 2223 3842 τοῖς
2278 3787 2379 3849 τῆς
2439 3779 2492 3835 ἰν
2566 3783 2633 3854 τῇ
2700 3781 2908 3857 γεφύρᾳ
2989 3779 3241 3856 φυλακῆς
3294 3783 3392 3834 τοῦ
3452 3775 3765 3853 ’Δράξιδος,

2111 3868 2328 3944 ἐπείπερ
2385 3867 2590 3933 ἐκεῖνος
2645 3868 2876 3924 ὶνέκειτο
2932 3868 3021 3924 καὶ
3083 3869 3200 3945 βίαν
3236 3867 3537 3943 ἐπενεγκεῖν
3596 3862 3759 3922 ἐϐού-

2110 3957 2256 4026 λετο,
2292 3955 2560 4021 δείσαντες
2612 3959 2760 4013 οὗτοι
2812 3959 2888 4031 μή
2947 3958 3036 4013 καὶ
3068 3957 3282 4013 πάθωσί
3312 3979 3363 4012 τι
3396 3955 3591 4025 δεινὸν,
3625 3957 3771 4012 ἆποὲ

2109 4051 2380 4103 πατοῦσι.
2435 4046 2530 4101 Καὶ
2585 4048 2685 4116 τὴν
2748 4042 3083 4119 Καρϐωνῖτιν
3168 4044 3461 4108 ὑποδύντες
3544 4044 3768 4121 ἔρημον

2110 4133 2198 4189 διὰ
2253 4140 2314 4190 το
2376 4137 2449 4208 μή
2499 4135 2712 4212 θαρρεῖν
2766 4135 2988 4211 ὀλίγους
3046 4136 3181 4208 πρὸς
3221 4134 3483 4195 τοσαύτας
3530 4134 3767 4189 ἀντιπα-

2110 4224 2427 4300 ρατάξασθαι
2486 4220 2773 4300 μυριάδας,
2831 4224 3030 4288 ἐκεῖθεν
3098 4222 3371 4299 ἐκδρομὰς
3435 4224 3769 4296 ποιούμενοι

2109 4309 2301 4387 ἐδῄουν
2355 4312 2444 4368 καὶ
2499 4309 2689 4388 ἔφερον
2732 4314 2800 4367 τά
2861 4319 3217 4388 Σαρακηνῶν.
3279 4315 3772 4388 Δυσανασχετήσας

2109 4402 2200 4457 οὖν
2226 4404 2253 4457 ὁ
2294 4405 2628 4477 Μοιδχοῦμετ
2655 4400 2741 4456 ἐπὶ
2768 4408 2886 4463 τοῖς
2934 4403 3265 4477 γινομένοις,
3298 4402 3523 4477 στρατὸν
3570 4402 3762 4476 ἀθροί-

351 4497 613 4552 dicantcs
629 4491 1355 4564 incommodum,proxime
1374 4492 1640 4547 additum
1661 4493 1995 4548 solitudinis

2109 4512 2204 4553 σας
2287 4492 2427 4566 ἀμφὶ
2507 4491 2601 4553 τὰς
2678 4497 2723 4544 κ’
2780 4490 3041 4565 χιλιάδας
3098 4490 3362 4563 ἐκπέμπει
3441 4492 3574 4545 κατὰ
3642 4495 3764 4545 τῶν

347 4585 671 4641 Turcorum
729 4584 845 4637 dux
898 4583 969 4636 de
1018 4582 1269 4635 adventu
1327 4585 1747 4635 Saracenorum
1810 4583 1999 4635 factus

348 4673 582 4743 certior,
616 4688 674 4728 re
702 4687 835 4727 cum
888 4670 1013 4725 suis
1044 4669 1503 4737 communicata,
1555 4669 1749 4724 subito
1781 4670 1993 4724 adoriri

347 4763 668 4819 Saracenos
720 4778 787 4815 ac
845 4761 1049 4813 Persas
1100 4759 1350 4826 statuit;
1412 4758 1707 4828 biduoque
1768 4762 1995 4830 magnis

350 4849 627 4907 confectis
659 4848 890 4920 spatiis,
925 4847 1093 4901 tertia
1123 4850 1309 4900 nocte
1335 4861 1436 4900 eos
1466 4861 1669 4900 secure
1713 4846 1771 4899 in
1806 4852 1993 4902 tento-

348 4941 454 4996 riis
500 4943 741 5011 agentes
798 4935 1062 5006 nihilque
1120 4933 1259 4989 mali
1312 4938 1715 5006 exspectantes
1770 4934 1993 4992 invadit

348 5033 524 5100 atque
552 5025 709 5082 illico
740 5023 1028 5097 profligat.
1065 5023 1143 5077 ibi
1179 5023 1470 5090 curribus,
1494 5022 1682 5093 equis,
1718 5024 1987 5094 pecunia-

346 5132 460 5188 que
478 5114 729 5188 plurima
754 5112 992 5186 potitus,
1017 5128 1131 5166 non
1154 5115 1276 5182 jam
1301 5116 1362 5165 ut
1380 5111 1660 5182 fugitivus
1683 5112 1987 5168 latrocinia

343 5220 629 5272 exercere,
660 5203 762 5258 sed
795 5201 989 5273 palam
1034 5201 1241 5255 exinde
1288 5200 1347 5255 in
1376 5200 1528 5257 569
1562 5205 1761 5272 aperto
1792 5206 1987 5257 castra

339 5294 574 5350 habere.
600 5296 666 5346 Et
685 5289 1059 5346 conﬂuebant
1079 5290 1149 5344 ad
1173 5305 1305 5344 eum
1330 5289 1431 5360 qui
1454 5289 1526 5344 ob
1546 5288 1833 5344 maleficia
1852 5307 1985 5362 sup-

2105 4581 2381 4654 Τούσκων,
2436 4583 2521 4654 [Ρ.
2583 4583 2710 4654 768]
2767 4580 3058 4651 ἐπιστήσας
3129 4582 3315 4641 αὐτοῖς
3376 4578 3501 4634 δέκα
3560 4600 3761 4654 στρατ-

2107 4670 2278 4742 ηγοὺς
2328 4670 2434 4725 ἀπὸ
2473 4675 2581 4724 τῶν
2633 4669 3025 4743 εὐγενεστάτων
3078 4669 3168 4725 καὶ
3223 4669 3602 4725 συνετωτάτων
3661 4670 3765 4723 καὶ

2106 4757 2189 4812 ἐπ’
2244 4756 2437 4833 ἀνδρίᾳ
2510 4758 3018 4833 μεμαρτυρημὲνῶν
3079 4763 3435 4831 Σαρακηνῶν.
3477 4760 3766 4832 ,Ἄραντες

2105 4845 2194 4901 οὖν
2228 4845 2382 4902 οὗτοι
2409 4848 2728 4923 ἀπήρχοντο
2775 4848 2911 4923 πρὸς
2957 4848 3046 4901 τὸν
3105 4845 3377 4919 πόλεμον.
3419 4846 3521 4901 Καὶ
3578 4846 3768 4902 εἰσελ-

2101 4935 2209 4989 θεῖν
2267 4937 2361 5009 μὲν
2423 4935 2498 4998 εῗς
2552 4937 2651 5004 τὴν
2710 4930 2916 5009 ἔρημον
2989 4933 3077 4990 διὰ
3132 4937 3231 5005 νην
3279 4939 3376 4990 τοῦ
3407 4932 3600 4996 ὕδατος
3657 4936 3764 4990 καὶ

2097 5028 2204 5079 τῶν
2255 5028 2469 5103 τροφῶν
2522 5019 2724 5079 ἔνδειαν
2786 5022 3104 5086 ἀλυσιτελὲς
3152 5022 3494 5099 ἐλογίζοντο,
3526 5018 3763 5099 ἔγγιστα

2098 5110 2155 5168 δὲ
2185 5117 2281 5168 τοῦ
2338 5114 2605 5187 στόματος
2642 5120 2740 5182 τῆς
2796 5111 3010 5186 ἐρήμου
3061 5111 3610 5188 στρατοπεδεύσαντες
3665 5110 3760 5167 δι-

2095 5207 2425 5259 εσκοποῦντο
2480 5204 2543 5258 τὸ
2599 5201 2877 5274 ποιητέον.
2910 5204 2970 5261 Ὀ
3030 5200 3087 5258 δὲ
3126 5201 3512 5279 Γαγγρολὶπηξ
3543 5205 3656 5273 (34)
3694 5201 3757 5266 ἐς

2090 5292 2154 5346 τὸ
2216 5292 2379 5367 βάθος
2438 5287 2796 5364 αὐλιζόμενος
2855 5294 2957 5362 τὴς
3011 5291 3243 5368 ἐρήμου,
3306 5291 3524 5366 ἐπείπερ
3580 5289 3765 5364 ἔμαθε

1522 5412 1891 5469 XYLANDRI
1930 5415 2018 5471 ET
2057 5416 2283 5475 GOARI
2320 5419 2549 5475 ΝΟΤᾸΞ.

410 5516 965 5595 (347)1‘ragolipaces
1015 5516 1250 5595 dicitur.
1282 5515 1393 5571 Sed
1454 5515 1561 5571 hoc
1614 5532 1727 5571 non
1788 5518 2257 5577 estinusitatum
2318 5523 2376 5577 in
2437 5524 2545 5579 hoc
2602 5520 2822 5590 codice,
2883 5522 3039 5579 idem
3097 5524 3447 5581 vocabulum
3511 5523 3758 5580 diverse

333 5588 510 5653 scribi
544 5588 842 5663 aliquanto
872 5589 1137 5645 inferius.
1167 5588 1303 5643 XYL.
