4036 6194
405 319 523 379 303

1734 320 2044 378 GEORGII
2100 320 2293 376 CEDR
2314 318 2433 376 ENl

3694 324 3819 382 304

404 445 650 502 vissimo
710 445 1075 517 interposito,
1135 445 1432 518 pollicitus
1492 463 1553 501 se
1599 446 1740 501 571
1800 462 2031 515 SUOBQUl

2167 440 2519 515 πρεσϐευτὰς,
2575 442 2735 512 ἀξιῶν
2797 447 3228 520 συγχωρηθῆναι
3293 443 3526 501 διελθεῖν
3597 445 3819 502 ἀκωλῦ-

410 537 633 606 absque
683 532 969 588 maleﬁcio
1020 537 1387 589 transituros.
1422 537 1492 588 At
1537 535 1873 603 Stephanus
1927 551 2053 587 eam

410 625 750 697 petitionem
772 640 804 678 a
821 623 1137 678 timiditate
1167 627 1474 694 profectam
1496 623 2052 693 opinatus,exercitu

410 731 529 769 suaa
562 716 869 786 provinciae
902 713 1164 775 collecto,
1198 714 1256 766 in
1291 717 1507 766 'l‘urcos
1542 716 1823 781 tanquam
1858 712 2056 766 hostes

411 804 593 857 ducit.
647 802 1073 859 Gravissimum
1124 818 1191 855 ea
1251 817 1342 855 res
1392 801 1651 854 dolorem
1714 799 2055 854 Cutlumuso

411 892 627 957 attulit,
662 893 877 963 quippe
930 890 1096 958 cuius
1147 890 1435 944 exercitus
1486 889 1700 957 omnis,
1753 894 1953 959 utpote
1983 890 2053 943 ab

409 983 652 1035 adverso
684 980 880 1051 praelia
906 980 1156 1043 rediens,
1192 982 1458 1048 pedester
1482 978 1844 1048 inermisque
1876 984 2050 1034 esset.

408 1070 653 1124 Coactus
693 1074 885 1122 tamen
946 1067 1236 1131 conflixit,
1296 1068 1716 1137 victoriamque
1776 1068 2050 1134 obtinuit,

405 1164 573 1231 capto
604 1175 735 1211 cum
772 1156 972 1211 multis
996 1158 1125 1211 aliis
1156 1158 1329 1211 etiam
1366 1158 1492 1228 ipso
1516 1157 1809 1228 Stephano
1838 1174 1849 1211 :
1876 1174 2048 1227 quem

401 1256 457 1303 et
491 1248 548 1301 in
580 1247 773 1301 reditu
804 1247 959 1317 apud
992 1247 1336 1301 Tabrezium
1369 1246 1475 1300 loci
1500 1248 1628 1315 ejus
1658 1246 1893 1301 domino
1918 1264 2051 1301 ven-

402 1336 568 1391 didit.
603 1335 885 1390 Caeterum
921 1336 990 1389 ad
1027 1334 1327 1390 sultanum
1362 1351 1631 1389 reversus
1666 1334 2050 1389 Cutlumnsus

404 1426 473 1480 de
504 1431 741 1495 accepta
772 1423 935 1479 clade
966 1440 1027 1479 se
1060 1429 1289 1494 purgat,
1324 1422 1497 1493 culpa
1528 1424 1584 1477 in
1636 1423 1782 1477 alios
1814 1423 2047 1493 collata,

403 1513 827 1585 polliceturque
857 1513 904 1567 si
940 1528 1173 1567 rursum
1206 1529 1338 1566 cum
1384 1511 1566 1582 copiis
1600 1512 1880 1566 adversus
1912 1512 2045 1566 Car-

402 1603 632 1657 besium
665 1603 953 1670 mittatur,
1008 1601 1169 1655 facile
1218 1617 1280 1655 se
1327 1600 1589 1654 Arabiam
1640 1601 2044 1655 subacturum.

401 1693 601 1747 Obiter
654 1691 829 1746 etiam
889 1693 957 1744 de
1018 1690 1443 1761 Baaspracania
1497 1690 1695 1759 refert,
1752 1689 2042 1760 regionem

400 1799 529 1836 esse
559 1779 984 1835 fertilissimam
1019 1786 1077 1833 et
1108 1796 1140 1832 a
1172 1778 1521 1832 mulieribus
1550 1779 1756 1846 teneri,
1790 1780 1874 1832 sic
1905 1779 2044 1832 obli-

399 1887 512 1942 que
544 1875 753 1924 notans
788 1868 1023 1933 milites,
1057 1884 1189 1921 cum
1223 1867 1440 1937 quibus
1474 1866 1795 1921 dimicaret.
1834 1868 2038 1922 Verum

397 1958 671 2014 sultanus
697 1959 746 2012 ei
780 1958 853 2011 ob
903 1958 1155 2011 dedecus
1205 1956 1421 2011 amissae
1456 1956 1705 2010 victorim
1758 1957 1941 2010 iratus
1972 1956 2042 2011 de

397 2046 946 2119 comprehendendo
983 2046 1415 2115 occidendoque
1447 2044 1682 2098 homine
1714 2044 2041 2115 cogitabat;

394 2139 672 2192 adversus
696 2153 763 2189 au
776 2141 889 2191 tem
912 2135 1206 2189 Romanos
1230 2152 1394 2188 arma
1416 2150 1644 2189 movere
1670 2134 2039 2201 formidabat,

392 2228 517 2297 ipso
552 2226 787 2280 nomine
816 2239 1007 2277 rerum
1060 2222 1334 2293 praeclare
1381 2239 1413 2276 a
1446 2222 1636 2276 tribus
1670 2222 2038 2293 imperatori-

390 2317 501 2371 bus
533 2313 877 2386 Nicephoro,
912 2311 1199 2367 Tzimisca
1231 2317 1286 2367 et
1318 2310 1531 2365 Basilio
1576 2316 1876 2382 gestarum
1910 2328 2039 2382 per-

386 2406 649 2471 territus,
712 2402 1139 2472 suspicansque
1198 2402 1463 2455 eamdem
1526 2417 1653 2455 esse
1711 2400 2035 2455 etiamnum

386 2495 662 2550 virtutem
699 2492 1097 2547 Romanorum
1133 2494 1308 2560 atque
1342 2490 1680 2561 potentiam.
1719 2489 2038 2543 Dubitabat

382 2590 580 2638 tamen
617 2582 998 2649 incertusque
1051 2579 1232 2633 animi
1286 2578 1647 2633 deliberabat
1697 2578 1832 2648 quid
1868 2595 2037 2649 agen-

389 2674 528 2726 dum
580 2670 733 2726 572
785 2668 947 2723 foret.
1004 2668 1110 2722 Sed
1176 2667 1559 2721 Cutlumusus
1609 2667 1861 2721 insidias
1904 2684 2033 2721 sen-

391 2762 545 2815 tiens
577 2774 707 2813 cum
742 2758 867 2812 suis
901 2758 1084 2826 l'ugit;
1121 2757 1443 2827 urbemque
1475 2756 1533 2809 in
1565 2755 1921 2810 Chorasmiis
1955 2758 2034 2811 si-

392 2856 536 2915 tam,
572 2851 665 2903 cui
719 2852 896 2900 Pasar
944 2862 1178 2909 nomen,
1230 2845 1687 2899 munitissimam
1743 2861 2036 2916 occupans

392 2938 624 2994 sultano
658 2936 1018 2991 adversatur.
1045 2934 1326 2988 Sultanus
1349 2934 1405 2987 in
1433 2934 1738 3004 praesentia
1767 2950 1831 2988 eo
1854 2935 2033 2988 omis-

393 3044 457 3083 so
487 3043 620 3081 cum
654 3023 929 3079 omnibus
975 3023 1096 3078 suis
1147 3022 1329 3093 cepiis
1361 3027 1559 3077 contra
1612 3022 1828 3076 Arabes
1861 3024 2032 3094 profi-

394 3118 654 3182 ciscitur,
687 3120 742 3168 et
771 3115 844 3168 ab
867 3114 938 3168 iis
960 3114 1083 3184 ipse
1105 3128 1336 3183 quoque
1354 3112 1713 3184 profligetur.
1750 3112 2035 3167 Reversus

3107 534 3281 605 ὅρκων
3366 533 3821 609 φρικωδεστάτων

2904 535 3021 605 μεθ’

2166 619 2437 693 ἄψαυστον
2495 622 2580 675 καὶ
2638 623 2794 689 ἀσινῆ
2856 620 3180 697 διατηρῆσαι
3240 624 3337 692 την
3399 625 3608 698 χώραν.
3644 628 3705 683 Ὀ
3757 625 3820 681 δὲ

2164 553 2271 591 τως
2310 577 2322 599 ,
2384 533 2815 607 ὑπισχνούμενος

2163 710 2287 770 τοὺς
2317 705 2569 783 πρέσϐεις
2600 708 2883 782 δεξάμενος
2915 713 3001 765 καὶ
3050 714 3151 780 τήν
3206 712 3549 787 παράκλησιν
3602 712 3815 769 δειλίαν

2166 798 2293 851 εἶναι
2328 800 2697 868 ὑποτοπάσας,
2730 801 2821 853 τὸν
2853 800 3127 875 ἐγχώριον
3174 802 3427 876 ἁθροίσας
3478 805 3700 874 στρατὸν
3733 806 3815 865 ὡς

2166 887 2242 948 εἷς
2301 887 2545 960 πόλεμον
2609 890 2915 958 ὑπαντιάζει
2972 897 3089 951 τοῖς
3122 891 3398 964 Τοῦρκοις.
3442 893 3502 946 Ὁ
3550 890 3613 946 δά
3670 900 3809 948 Koe-

2161 974 2437 1048 τλουμοῦς
2468 977 2771 1054 περιαλγὴς
2809 980 2900 1052 μὲν
2936 979 3019 1033 ἐπὶ
3068 985 3183 1034 τοῖς
3234 982 3628 1053 πραττομένοις
3682 981 3806 1056 ἐγέ-

2161 1086 2281 1118 νετο
2317 1066 2397 1134 (ἦν
2432 1068 2533 1141 γὰρ
2568 1068 2594 1121 ὁ
2625 1069 2740 1121 κατ’
2771 1068 2929 1122 αὐτὸν
2986 1068 3115 1129 λαὸς
3174 1070 3332 1137 ἅπας,
3362 1069 3436 1130 ὡς
3489 1068 3548 1123 ἐκ
3594 1078 3808 1143 τροπῆς

2162 1152 2468 1223 ἐπανήκων,
2529 1157 2687 1225 πεζὸς
2744 1158 2833 1210 καὶ
2892 1157 3143 1228 ἄοπλος),
3194 1157 3347 1230 ὅμως
3401 1155 3457 1212 δὶ
3515 1160 3599 1213 καὶ
3660 1158 3808 1213 ἄκων

2160 1243 2466 1318 ἠναγκάσθη
2539 1245 3080 1317 ἀντιπαρατάξασθαι.
3139 1246 3234 1299 Καὶ
3313 1241 3599 1318 συμϐολῆς
3650 1269 3807 1323 γενο-

2165 1331 2327 1406 μένης
2356 1336 2646 1407 τρέπονται
2680 1336 2735 1387 οἱ
2766 1336 2887 1408 περὶ
2942 1336 3032 1389 τὸν
3090 1335 3379 1412 Στέφανον,
3412 1333 3687 1391 ἁλίσκεται
3748 1335 3811 1393 δὶ

2158 1422 2245 1475 καὶ
2280 1422 2438 1483 αὐτὸς
2468 1422 2827 1497 αἶ’χμάλωτος
2863 1422 2955 1476 σὺν
3008 1422 3200 1484 ἄλλοις
3251 1422 3504 1485 πολλοῖς.
3535 1426 3631 1478 Καὶ
3676 1432 3808 1480 τοῦ·

2157 1532 2249 1564 τον
2289 1512 2380 1583 μέν
2444 1508 2803 1585 διερχόμενος
2857 1514 2991 1566 κατά
3042 1513 3102 1566 τὸ
3152 1508 3445 1582 Ταῦρέζιον
3494 1512 3812 1585 ἀπεμπολεῖ

2156 1600 2510 1675 τῷτοπάρχῃ
2553 1608 2651 1669 τῆς
2687 1602 2898 1676 χώρας,
2935 1600 3093 1654 αὖτὸς
3151 1599 3207 1655 δὲ
3259 1602 3395 1675 πρὸς
3432 1603 3522 1655 τὸν
3579 1602 3811 1658 σουλτά-

2155 1711 2241 1743 νον
2285 1688 2589 1743 ἐπανελθὼν
2647 1690 2735 1742 καὶ
2787 1689 2906 1762 περῖ
2956 1697 3056 1757 τῆς
3094 1693 3301 1763 τροπῆς
3355 1688 3809 1763 ἀπολογούμενος

2160 1777 2418 1849 μετετίθει
2477 1779 2571 1838 τας
2624 1777 2800 1839 αἰτίας
2862 1778 2935 1838 εἷς
2989 1777 3216 1844 ἀλλους,
3275 1778 3363 1831 καὶ
3398 1780 3801 1853 ἐπηγγέλλετο,

2155 1867 2201 1922 εἷ
2262 1866 2410 1929 αὖθις
2497 1864 2723 1939 δύναμιν
2810 1863 2993 1920 λαϐὼν
3075 1867 3443 1942 ἐκστρατεύσει
3510 1870 3644 1923 κατά
3700 1871 3803 1924 τοῦ

2154 1952 2471 2031 Καρϐεσίου,
2534 1956 2660 2031 ῥᾷον
2723 1956 2867 2027 αὐτῷ
2922 1958 3281 2030 παραστήσειν
3352 1957 3451 2025 τήν
3514 1953 3798 2031 Ἀραϐίαν.

2152 2046 2240 2108 Ὡς
2296 2044 2346 2097 ἐν
2409 2042 2633 2119 παρόδῳ
2667 2042 2723 2098 δὲ
2753 2046 3019 2121 ἀφηγεῖτο
3056 2046 3145 2098 καὶ
3188 2045 3310 2119 περὶ
3367 2052 3463 2100 τοῦ
3514 2049 3801 2120 Βαασπρα-

2150 2135 2270 2200 κάν,
2307 2134 2381 2194 ὡς
2414 2132 2496 2203 εἶή
2534 2134 2627 2205 μὲν
2681 2134 2839 2209 χώρα
2882 2134 3196 2211 πάμφορος,
3246 2134 3529 2209 κατέχεται
3589 2134 3645 2191 δὲ
3691 2138 3800 2191 ὑπὸ

3224 2224 3357 2298 πρὸς
3417 2224 3576 2279 αὐτὸν
3636 2247 3799 2299 στραο

2497 1864 2723 1939 δύναμιν

2149 2227 2415 2297 γυναικῶν
2427 2266 2438 2287 ,
2495 2222 2619 2281 τοὺς
2690 2222 3146 2294 πεπολεμηκὸτας

2149 2310 2345 2370 τιώτας
2408 2310 2871 2382 ὐπαινιττόμενος.
2919 2309 3076 2365 Ἀλλ’
3126 2310 3325 2364 ἐκεῖνον
3391 2312 3484 2382 μὲν
3536 2315 3563 2366 ὁ
3628 2314 3801 2369 σουλ-

2149 2401 2301 2461 τάνος
2334 2406 2626 2474 κατασχεῖν
2662 2398 2912 2471 ἐμελέτα,
2947 2398 3035 2454 διὰ
3062 2401 3123 2455 τι)
3145 2468 3150 2473 θ
3176 2402 3365 2477 αἶσχος
3418 2404 3644 2474 μηνίσας
3701 2409 3804 2473 τῆς

2150 2489 2344 2557 ἥττης,
2378 2489 2466 2542 καὶ
2524 2489 2854 2557 ἀποκτεῖναι,
2885 2490 3020 2560 πρὸς
3070 2486 3126 2543 δέ
3165 2490 3470 2562 Ῥωμαίους
3519 2491 3659 2546 ὅπλα
3710 2516 3802 2547 κι-

2148 2581 2303 2645 νῆσαι
2337 2574 2642 2645 ἀπεδειλία,
2679 2574 2869 2640 δεδιὼς
2920 2578 3007 2631 καὶ
3069 2578 3305 2653 φρίττων
3366 2579 3423 2634 ἐκ
3472 2582 3640 2652 μόνης
3696 2587 3801 2648 τῆς

2148 2670 2219 2744 φη
2234 2688 2338 2739 μης
2372 2667 2435 2718 τα
2464 2671 2572 2718 τῶν
2598 2668 3074 2740 προηγησαμένων
3120 2672 3283 2741 τριῶν
3339 2667 3601 2743 βασιλέων
3634 2669 3799 2745 ἀνδρ-

2148 2757 2475 2829 αγαθήματα
2512 2801 2524 2823 ,
2564 2757 2882 2829 Νικηφὸρου
2916 2798 2928 2821 ,
2992 2757 3242 2810 Ἰωάννου
3295 2759 3381 2811 καὶ
3454 2758 3745 2814 Βασιλείου
3780 2804 3796 2830 ,

2145 2845 2233 2898 καὶ
2273 2844 2587 2898 ὑποπτεύων
2642 2846 2742 2912 την
2810 2844 2973 2911 αὐτὴν
3035 2845 3231 2919 ἀρετὴν
3289 2842 3364 2900 ἔτι
3422 2847 3509 2900 καὶ
3561 2845 3795 2920 δύναμιν

2145 2933 2743 3007 προσεῖναιῬωμαίοις
2795 2934 2987 3003 ’Ὀμως
3052 2934 3393 3009 ὀμφίῤῥοπος
3438 2937 3503 3004 ἦν
3562 2937 3649 2989 καὶ
3708 2936 3794 2991 διο

2145 3023 2476 3096 χογνώμων,
2535 3022 2621 3075 καὶ
2680 3019 2910 3093 ἐμελέτα
2963 3022 3026 3076 τὸ
3067 3025 3341 3093 ποιητέον.
3396 3023 3793 3098 Κουτλουμοῦς

2146 3110 2199 3164 δὲ
2232 3110 2394 3185 γνοὺς
2421 3112 2517 3177 τὴν
2552 3105 2848 3177 ἐπιϐουλὴν
2883 3111 3061 3186 φεύγει
3125 3113 3257 3183 μετά
3310 3114 3416 3167 τῶν
3471 3113 3559 3167 σὺν
3612 3115 3787 3186 αὐτῷ,

393 3207 659 3271 domum,
692 3203 1107 3273 dedecorisque
1138 3208 1193 3256 et
1224 3201 1664 3272 opprobriorum
1699 3200 2031 3256 Cutlumusi

2147 3200 2232 3253 καὶ
2267 3199 2425 3254 πόλιν
2456 3199 2809 3273 ὀχυρωτάτην
2857 3202 3143 3275 κατασχὼν
3181 3202 3232 3255 ἐν
3284 3206 3633 3276 Χωρασμίοις
3677 3226 3794 3259 κει-

395 3295 733 3365 impatiens,
766 3292 1020 3346 maxima
1051 3307 1181 3343 cum
1227 3295 1390 3360 parte
1424 3290 1714 3343 exercitus
1767 3289 2030 3344 Pasarem

391 3386 639 3451 obsidet,
674 3400 739 3439 ac
769 3382 868 3437 diu
920 3398 1058 3436 sane
1109 3380 1428 3452 patruelem
1489 3398 1661 3435 suum
1715 3385 2031 3451 oppugnat,

390 3476 601 3529 fretum
652 3472 760 3528 loci
820 3470 1147 3526 munitione
1204 3475 1261 3523 et
1319 3486 1469 3539 saepe
1521 3470 1824 3540 eruptione
1883 3470 2035 3523 facta

387 3563 624 3619 sultano
658 3561 811 3615 haud
846 3560 991 3614 levia
1037 3559 1240 3613 damna
1285 3559 1541 3612 dantem.
1575 3558 1794 3622 Alium,
1838 3564 2031 3611 autem

388 3653 704 3708 exercitum
763 3649 1000 3713 emittit,
1054 3648 1283 3702 circiter
1334 3648 1537 3719 viginti
1576 3646 1801 3701 milium
1833 3652 2033 3700 contra

385 3742 701 3803 Romanos,
736 3740 882 3792 duce
914 3737 1111 3791 fratris
1160 3736 1251 3791 sui
1291 3736 1407 3791 ﬁlio
1456 3738 1645 3790 Asane
1687 3735 2033 3806 cognomine

380 3831 589 3895 Surdo,
625 3827 983 3897 mandatque
1015 3824 1064 3880 ei
1111 3830 1175 3879 ut
1207 3825 1507 3881 celerrime
1539 3831 1741 3896 pergat
1771 3829 1825 3878 et
1858 3825 2031 3879 rebus

380 3917 833 3973 succedentibus
894 3914 1137 3969 Mediam
1187 3915 1445 3984 subigat.
1499 3913 1629 3967 Hzrc
1681 3914 1758 3967 ita
1817 3912 2032 3967 tumin

370 4006 605 4062 Perside
638 4010 785 4060 acta.

2149 3290 2336 3361 μένην,
2396 3288 2517 3356 ἥτις
2578 3290 2757 3362 Πάσαρ
2836 3289 3169 3361 ὠνόμασται,
3232 3290 3524 3354 ἀντίπαλος
3581 3294 3791 3367 γίνεται

2144 3378 2220 3447 τῷ
2276 3377 2576 3449 σουλτάνῳ.
2610 3377 2671 3433 Ὁ
2732 3374 2787 3430 δὲ
2838 3377 2899 3430 τὸ
2957 3382 3046 3430 νῦν
3107 3377 3235 3453 ἔχον
3269 3379 3405 3454 πρὸς
3445 3385 3632 3436 τοῦτον
3696 3384 3793 3454 μὲν

2146 3463 2498 3535 διαπολεμεῖν
2561 3464 2657 3519 οὐκ
2704 3463 3015 3538 ἐδοκίμασε,
3078 3470 3159 3540 [Ρ.
3194 3470 3321 3540 770]
3354 3469 3523 3533 πάσας
3578 3468 3635 3524 δὲ
3690 3474 3790 3532 τας

2144 3555 2333 3608 ἑαυτοῦ
2366 3553 2619 3625 δυνάμεις
2665 3554 2918 3628 ἀθροίσας
2959 3553 3137 3610 ἄπεισι
3188 3559 3323 3611 κατά
3378 3565 3486 3613 τῶν
3516 3555 3790 3631 Ἀράϐων,

2142 3642 2230 3696 καὶ
2292 3645 2476 3716 μάχης
2532 3644 2837 3716 γενομένης
2916 3645 3080 3697 πάλιν
3156 3646 3403 3721 τρέπεται
3461 3648 3550 3702 καὶ
3611 3650 3795 3711 αὐτόςι

2143 3730 2491 3787 Ἐπανελθὼν
2526 3729 2583 3784 δέ
2616 3732 2720 3785 ἀπὸ
2767 3735 2866 3800 τῆς
2913 3740 3150 3807 τροπῆς,
3182 3736 3269 3789 καὶ
3333 3738 3407 3808 μή
3459 3741 3633 3811 φέρων
3690 3741 3791 3806 τήν

2142 3819 2405 3894 αἰσχύνην
2439 3820 2526 3873 καὶ
2560 3820 2619 3873 τὸ
2658 3821 2764 3874 ἀπὸ
2794 3826 2895 3875 τοῦ
2931 3821 3317 3896 Κουτλουμοῦς
3367 3822 3592 3889 ὄνειδος,
3626 3828 3790 3891 αὐτὸς

2147 3911 2238 3981 μὲν
2288 3910 2348 3962 τὸ
2400 3908 2655 3963 πλεῖστον
2716 3908 2931 3978 πλῆΟος
2985 3909 3269 3967 ἀναλαϐὼν
3324 3915 3531 3969 ἄπεισιν
3591 3916 3668 3977 εἷς
3727 3920 3791 3972 τὸ

2144 3999 2345 4073 Ηάσαρ,
2404 3998 2492 4051 καὶ
2553 3995 2819 4053 διετέλεσε
2886 4000 3288 4073 προσπολεμῶν
3357 4004 3517 4078 μέχρι
3567 4004 3788 4061 πολλοῦ

366 4101 447 4167 τῷ
521 4092 707 4164 οἰκείῳ
785 4092 1019 4164 ἀνεψιῷ,
1077 4094 1145 4163 τῇ
1206 4089 1506 4164 ὀχυρότητι
1564 4096 1662 4158 τῆς
1723 4088 1935 4147 πόλεως
1994 4086 2278 4162 θαρᾷοὖντι
2347 4087 2434 4141 καὶ
2495 4085 2765 4149 πολλάκις
2828 4089 3239 4144 ἀναπεταννύντι
3295 4092 3392 4153 τὰς
3458 4093 3633 4155 πύλας
3692 4097 3784 4149 καὶ

366 4183 717 4259 ἐξερχομένῳ
765 4181 854 4235 καὶ
915 4180 975 4234 οὐ
1033 4184 1238 4254 μικρῶς
1289 4178 1417 4242 τοὺς
1468 4178 1588 4250 περὶ
1637 4179 1727 4232 τὸν
1780 4176 2070 4231 σουλῖιὶλιον

374 4274 579 4349 ἑτέραν,
638 4270 775 4347 ἀμφὶ
833 4270 926 4330 τὰς
985 4270 1029 4323 κ’
1087 4265 1364 4343 χιλιάδας,
1426 4268 1726 4342 στρατηγὸν
1806 4265 2098 4335 ἐπιστήσας
2181 4266 2313 4337 αὐτῇ

2129 4175 2177 4199 Γ)“

2138 4175 2446 4232 ᾖξἀπτοντι.
2492 4177 2633 4230 Κατά
2722 4174 2779 4230 δὲ
2831 4178 3118 4249 Ῥωμαίων
3200 4178 3425 4253 δύναμιν
3509 4181 3783 4255 ἐκπέμπει

2403 4260 2773 4343 ἀδελφόπαιδα
2833 4267 2989 4321 Ἀσάν
3070 4269 3160 4322 τὸν
3220 4268 3515 4344 λεγόμενον
3570 4276 3782 4346 κωφὸν,

2128 4220 2137 4251 ί

368 4362 672 4434 ἐπισκήψας
716 4360 814 4428 τήν
871 4358 1132 4433 ταχίστην
1196 4356 1474 4430 ἀφικέσθαι
1534 4356 1621 4410 καὶ
1682 4355 1729 4409 εἷ’
1781 4355 2105 4430 προχωροίη
2167 4357 2602 4429 προσκτήσασθαι
2663 4354 2808 4426 αὐτῷ
2858 4358 2957 4424 την
3011 4354 3243 4425 Μηδίαν.
3300 4360 3392 4413 Καὶ
3448 4364 3615 4413 ταῦτα
3683 4363 3779 4433 μὶν

367 4451 656 4525 ἐπράττετο
688 4448 739 4503 ἂν
770 4446 1007 4522 Περσίδι.

432 4541 771 4597 Pancratius
789 4556 957 4606 porro
981 4537 1176 4592 lberiae
1195 4535 1631 4607 regulus,homo
1654 4535 2011 4605 impudicus,

358 4647 595 4686 uxorem
631 4630 899 4699 Liparitre
934 4627 1187 4679 violavit.
1224 4626 1357 4678 Erat
1389 4625 1437 4678 is
1472 4624 1758 4693 Liparites
1792 4624 2009 4677 Horatii

356 4720 627 4791 Liparitaa
660 4717 837 4781 filius,
869 4716 995 4783 ejus
1021 4714 1119 4785 qui
1145 4712 1294 4767 bello
1329 4712 1523 4767 Basilii
1552 4713 1919 4784 imperatoris
1948 4713 2003 4765 in

356 4809 667 4878 Georgium
692 4808 1054 4874 Abasgorui.
1082 4804 1288 4855 duceni
1318 4803 1547 4856 occisus
1576 4801 1683 4855 fuit
1709 4802 1879 4854 homo
1906 4804 2011 4854 l'er-

350 4896 600 4952 titudine
632 4900 687 4949 et
720 4892 1028 4966 prudentia
1064 4891 1296 4957 nobilis,
1329 4906 1671 4961 magnasque
1696 4894 1825 4961 post
1858 4894 2007 4943 Pan-

352 4985 602 5041 cratium
630 4984 783 5038 inter
804 4982 997 5036 Iberos
1023 4979 1419 5050 potentiaeﬂic
1446 4996 1580 5050 ergo
1606 4978 1828 5049 injuriae
1852 4983 2003 5032 atro-

350 5076 523 5130 citate
554 5071 880 5128 concitatus
904 5086 1064 5123 arma
1090 5075 1286 5121 contra
1309 5068 1678 5121 Pancratium
1707 5066 2002 5135 sumit,vic

349 5170 631 5235 clumque
664 5158 859 5232 praeliu
888 5159 957 5213 ad
993 5161 1314 5213 Caucasum
1367 5164 1422 5211 et
1452 5157 1785 5212 interiorem
1824 5158 1997 5210 Abus-

2197 4534 2531 4607 ΙΙαγκράτιος
2565 4531 2619 4587 δὲ
2653 4534 2679 4587 ὁ
2728 4536 2825 4601 τῆς
2879 4532 3113 4609 Ἰϐηρίας
3173 4536 3439 4610 ἀρχηγὸς,
3476 4537 3781 4603 ἀκόλαστος

2124 4620 2424 4693 ἅνθρωπος.
2486 4622 2537 4682 ές
2596 4627 2690 4676 τοῦ
2742 4624 3042 4695 Λιπαρῖτου
3100 4627 3198 4693 τήν
3248 4626 3432 4694 κοίτην
3493 4622 3778 4699 ἐξυϐρίσας

2125 4712 2209 4781 (ἦν
2246 4709 2301 4763 δὲ
2334 4713 2360 4764 ὁ
2395 4712 2695 4781 Ᾱιπαρίτης
2728 4713 2842 4772 υἱὸς
2875 4718 2970 4766 τοῦ
3005 4713 3091 4767 ἐπὶ
3134 4719 3230 4767 τοῦ
3278 4716 3543 4789 βασιλέως
3608 4720 3772 4771 Βασε-

2122 4798 2270 4853 λεῖου
2296 4799 2345 4853 ἓν
2380 4804 2456 4870 τῷ
2506 4801 2641 4874 πρὸς
2690 4801 2779 4853 τὸν
2816 4803 3079 4877 Γεώργιον
3111 4802 3341 4875 πολέμῳ
3400 4804 3770 4879 ἀναιρεθέντος

2119 4888 2372 4961 Ὁρατίου
2401 4892 2496 4940 τοῦ
2549 4888 2870 4963 Λιπαρίτου,
2905 4889 2989 4943 έπὶ
3052 4892 3259 4946 συνέσει
3314 4914 3372 4947 τε
3429 4894 3517 4947 καὶ
3575 4892 3773 4965 ἀνδρίᾳ

2122 4971 2454 5051 βεϐοημένος
2487 4977 2574 5030 καὶ
2613 4977 2819 5049 μεγάλῃ
2882 4979 3013 5049 μετά
3069 4978 3161 5033 τὸν
3219 4986 3555 5056 [Ιαγκρατιον
3605 4979 3767 5036 δυνά-

2120 5086 2278 5137 μενος
2308 5065 2369 5132 ,ἐν
2410 5071 2527 5127 τοῖς
2560 5061 2828 5140 Ἴϐηρσιν)
2859 5068 3126 5143 ἠνάγκασε
3174 5074 3363 5123 τοῦτον
3414 5069 3500 5123 ἐπὶ
3547 5074 3626 5139 τῷ
3675 5092 3766 5146 γε-

2115 5154 2296 5228 γονότι
2351 5151 2808 5224 δεινοπαθήσαντα
2886 5156 3032 5210 ὅπλα
3109 5159 3223 5212 κατ’
3272 5158 3435 5213 αὐτοῦ
3520 5166 3764 5228 κινῆσαν

1525 5297 1900 5353 XYLANDRI
1942 5298 2033 5352 ET
2075 5296 2295 5352 GOARI
2336 5296 2567 5352 NOT/E.

339 5430 482 5498 jicio
513 5445 547 5483 a
574 5426 789 5498 praedio
812 5422 1007 5498 aliquo
1030 5427 1130 5478 aut
1153 5424 1373 5498 ditione
1404 5439 1509 5498 sua
1529 5422 1581 5475 id
1616 5439 1756 5498 eum
1781 5437 1991 5498 cognof

352 5493 530 5555 minis
562 5493 821 5570 potuisse
874 5493 1105 5550 habere.
1154 5497 1284 5549 Χγι.
1320 5524 1388 5534 -
1418 5494 1542 5570 Non
1595 5512 1625 5548 a
1657 5493 1876 5570 ditioue
1908 5493 1993 5547 vel

350 5566 587 5643 praedio,
622 5569 721 5625 sed
756 5585 788 5623 a
819 5574 1024 5643 matre,
1050 5566 1731 5643 ex_qua.qua_ndoque,nsi
1769 5571 1992 5643 specta-

348 5636 461 5700 tior
491 5643 570 5701 sit
600 5645 657 5697 et
689 5638 1064 5708 nominatior,
1099 5637 1278 5693 Graeci
1332 5638 1481 5693 filios
1514 5636 1829 5709 appellant,
1865 5637 1991 5692 Ste-

2144 5420 2334 5498 banus
2371 5422 2461 5475 hic
2520 5423 2740 5498 dicitur
2798 5419 3128 5498 ᾼειχουδίας
3178 5423 3313 5498 υἱός·
3376 5426 3544 5491 alias,
3588 5428 3761 5498 juxta

2104 5494 2488 5619 gylanéirum,
2525 5496 2724 5565 praedii
2758 5496 2845 5550 vel
2879 5494 3118 5552 ditionis
3168 5497 3325 5553 filius
3372 5503 3461 5553 est
3489 5494 3757 5555 asseren-

2148 5580 2235 5619 us.
2321 5582 2449 5619 can.
