4036 6194
277 329 386 390 305

1423 334 1966 399 HISTORIARUM
2011 336 2556 398 COMPENDIUM.

3565 337 3684 396 306

277 460 372 514 Καὶ
431 457 663 529 πολέμῳ
738 464 931 514 τοῦτον
1001 463 1337 533 τρεψάμενος
1396 463 1472 524 είς
1527 465 1594 516 τὰ
1649 466 1888 518 Καυκάσι

2038 465 2198 537 giam
2221 465 2863 539 573;compellit.lpse
2888 464 3043 535 regia
3065 467 3351 534 occupata
3381 464 3682 520 dominam

272 549 355 600 καὶ
401 549 505 614 τὴν
556 545 706 602 ἔνδον
770 549 1066 604 ἀπελαύνει
1120 546 1438 626 Ἀϐασγίαν,
1501 552 1552 606 ἐν
1602 558 1720 616 τοῖς
1773 555 1922 625 βασι-

273 634 438 696 λείοις
497 658 555 691 τε
615 637 906 710 γενόμενος
961 643 1029 712 τῇ
1092 641 1282 694 ἑαυτοῦ
1341 641 1588 716 μίγνυται
1637 643 1772 714 πρὸς
1809 642 1926 716 βίαν

273 723 548 800 δεσποίνῃ,
729 729 901 801 μητρὶ
953 733 1049 783 τοῦ
1110 731 1470 805 Ιίαγκρατίου,
1503 731 1730 786 καὶτῶν
1776 731 1919 786 ὅλων

269 822 364 882 τῆς
413 811 661 891 Ἰϐηρίας
710 818 1044 890 πραγμάτων
1099 819 1287 891 κύριος
1343 820 1565 894 γίνεται.
1621 819 1922 894 Γραμματά

268 923 322 956 τε
379 904 457 964 εἰς
512 907 604 959 τὸν
684 905 918 980 βασιλάα
974 906 1188 982 πέμψας
1249 907 1407 986 φίλος
1466 911 1556 963 καὶ
1624 909 1919 984 σύμμαχος

266 991 457 1061 ἐξαιτεῖ
505 997 754 1068 γενέσθαι
815 997 1123 1068 Ῥωμαίων·
1175 999 1234 1051 οὗ
1284 999 1382 1064 τήν
1430 994 1712 1072 πρεσϐείαν
1765 995 1913 1070 δεξά-

268 1102 424 1151 μενος
502 1082 660 1145 οὗτος
727 1092 1168 1158 κοινοπραγεῖται
1238 1089 1353 1158 μετ’
1402 1088 1586 1142 αὐτοῦ.
1660 1091 1802 1142 Μετὰ
1860 1086 1916 1141 δέ

262 1192 378 1224 τινα
431 1173 634 1245 χρόνον
685 1175 769 1226 καὶ
803 1175 831 1226 ὁ
865 1178 1205 1247 Παγκράτιος
1237 1172 1325 1228 διὰ
1353 1181 1447 1230 τοῦ
1479 1176 1716 1238 Φάσιδος
1747 1199 1918 1232 ποτα-

266 1265 367 1328 μοῦ
423 1261 514 1313 καὶ
569 1261 821 1314 Σουάνων
855 1262 944 1316 καὶ
999 1263 1226 1337 Κόλχων
1292 1262 1660 1338 ὁδοιπορήσας
1694 1263 1912 1340 ἔρχεται

259 1349 329 1408 εἰς
387 1355 786 1422 Τραπεζοῦντα,
845 1351 1086 1406 κάκεῖθεν
1148 1351 1410 1427 ἀγγέλους
1468 1353 1730 1426 ἐκπέμπει
1777 1356 1914 1430 πρὸς

262 1436 506 1511 βασιλέα,
563 1436 749 1508 δηλῶν
814 1440 888 1503 ὥς
958 1439 1131 1518 ἔφεσιν
1205 1437 1319 1517 ἔχει
1406 1441 1667 1497 εἰσελθεῖν
1736 1443 1788 1497 ἐν
1843 1447 1910 1518 τῇ

259 1525 504 1599 βασιλίδι
565 1529 653 1581 καὶ
704 1527 850 1600 αὐτῷ
881 1529 1144 1605 ἐντυχεῖν.
1182 1533 1549 1606 Προσταχθεὶς
1579 1532 1670 1586 οὗν
1700 1530 1909 1599 ε’ίσεισι,

250 1615 334 1668 καὶ
396 1621 481 1688 τῷ
547 1616 761 1691 βασιλεῖ
792 1619 1030 1692 ἐντυχὼν
1065 1624 1279 1692 πρῶτον
1315 1621 1408 1692 μὲν
1445 1617 1692 1689 ὀνειδίζει
1724 1619 1912 1675 πολλὰ

248 1704 460 1778 ὅτιπερ,
519 1705 774 1779 βασιλεὺς
830 1704 904 1761 ὣν
954 1707 1041 1761 καὶ
1095 1709 1230 1780 πρὸς
1287 1709 1532 1784 ἀρχηγὸν
1589 1709 1650 1763 οὐ
1711 1716 1905 1784 μικρᾶς

2039 573 2206 610 suam
2232 558 2519 611 Pancratii
2554 561 2789 610 matrem
2823 555 2874 608 vi
2905 559 3157 625 stuprat,
3192 558 3430 623 totaque
3489 554 3682 608 Iberia

2039 645 2273 716 potitur.
2306 647 2447 700 Inde
2472 637 2668 700 missis
2691 647 2761 699 ad
2793 649 3204 714 imperatorem
3224 641 3431 696 litteris
3453 641 3511 696 in
3537 643 3680 696 ami-

2034 736 2229 789 citiam
2263 735 2714 806 societatemque
2744 733 3138 788 Romanorum
3164 731 3341 802 recipi
3375 730 3632 802 postulat
3663 748 3676 796 ;

2031 823 2208 894 idque
2238 825 2309 879 ab
2341 823 2690 895 imperatore
2723 825 3016 894 impetrat.
3043 821 3356 892 Aliquanto
3383 824 3512 892 post
3533 820 3677 874 Pan-

2031 915 2250 968 cratius
2286 930 2385 984 per
2405 913 2714 968 Phasidem
2756 913 3020 980 fluvium,
3065 913 3289 966 Suauos
3315 919 3372 965 et
3429 908 3676 964 Colchos

2030 1003 2139 1057 iter
2191 1005 2406 1058 faciens
2445 1003 2871 1071 Trapezuntem
2898 999 3176 1072 pervenit,
3199 999 3453 1069 indeque
3473 998 3674 1052 missis

2029 1092 2250 1146 nuntiis
2282 1092 2619 1163 imperatori
2655 1090 2948 1160 signiﬁcat
2978 1104 3188 1160 cupere
3220 1104 3280 1142 se
3325 1085 3665 1158 Byzantium

2024 1181 2107 1235 ire
2137 1186 2192 1236 et
2224 1197 2357 1235 cum
2391 1180 2518 1250 ipso
2541 1179 2813 1250 colloqui.
2836 1178 2996 1241 Quod
3031 1177 3125 1232 ubi
3151 1176 3500 1248 permissum
3528 1175 3658 1239 fuit,

2023 1286 2376 1340 congressus
2400 1286 2532 1323 cum
2569 1269 2918 1340 imperatore
2953 1265 3154 1320 multis
3176 1266 3225 1318 ei
3253 1263 3443 1320 verbis
3466 1279 3673 1334 expro-

2025 1362 2172 1420 brat,
2207 1360 2360 1428 quod
2411 1363 2707 1428 sceptrum
2762 1357 2885 1427 ipse
2934 1372 3138 1426 gerens
3177 1355 3384 1422 fmdus,
3427 1353 3579 1423 quod
3621 1353 3674 1408 ei

2021 1463 2153 1500 cum
2188 1447 2450 1516 Abasgiae
2483 1445 2723 1500 ditionis
2757 1445 2910 1499 haud
2946 1444 3161 1513 exigua:
3200 1441 3400 1513 regulo
3453 1442 3670 1507 fuerat,

2021 1536 2318 1598 violasset,
2351 1539 2408 1589 et
2438 1551 2569 1589 cum
2597 1533 2816 1604 privato
2846 1550 2911 1588 ac
2941 1549 3104 1587 servo
3134 1528 3417 1604 perduelli
3450 1527 3660 1582 coivis-

2020 1629 2108 1678 set
2137 1623 2699 1678 societatem.Simul
2727 1622 2868 1692 petit
2900 1626 2963 1676 ut
2994 1621 3144 1675 inter
3167 1637 3226 1674 se
3256 1625 3312 1673 et
3342 1617 3666 1688 Liparitam

2019 1712 2322 1783 transigiit.
2359 1718 2543 1782 Atque
2566 1712 2674 1766 hoc
2695 1712 3025 1780 imperator
3072 1707 3339 1772 confecit,
3400 1709 3666 1776 pactum-

251 1794 441 1867 χώρας
495 1801 595 1863 τῆς
652 1791 945 1870 Ἀϐασγίας
1022 1795 1257 1857 σπονδὰς
1315 1793 1499 1872 ἔχων,
1555 1798 1752 1862 ταύτας
1812 1799 1896 1870 μὲν

683 1883 729 1898 ,η
864 1882 1264 1898 μ......κ.
1471 1884 1656 1898 ,ειη
1784 1887 1796 1898 .

2016 1819 2128 1872 que
2159 1809 2247 1856 est
2279 1807 2342 1855 ut
2375 1801 2715 1856 Pancratius
2745 1816 2978 1854 omnem
3003 1797 3246 1853 lberiam
3272 1801 3447 1866 atque
3479 1793 3666 1848 Abas-

229 1883 500 1951 ήθέτησε,
533 1883 826 1957 προσέθετο
861 1882 918 1939 δὲ
949 1883 1102 1959 ἀνδρί
1152 1883 1346 1960 ἰδιώτῃ
1397 1888 1486 1940 καὶ
1537 1884 1721 1942 δούλου
1771 1887 1902 1942 ἀπο-

249 1973 433 2043 στάτῃ,
483 1967 669 2027 ἔπειτα
716 1973 805 2027 καὶ
855 1972 1186 2043 καταλλάξαι
1233 1974 1518 2045 ἀλλήλους
1574 1975 1898 2050 παρακαλεῖ.

249 2063 312 2113 Ὃ
372 2058 439 2128 δή
494 2063 585 2115 καὶ
636 2064 824 2136 γέγονε
878 2067 948 2136 τῇ
983 2061 1191 2137 σπουδῇ
1221 2069 1318 2118 τοῦ
1352 2063 1643 2139 βασιλέως,
1677 2087 1898 2120 σπεισα-

252 2152 428 2220 μένων
488 2149 762 2221 ἀλλήλοις
820 2147 960 2206 ὥστε
1012 2154 1104 2207 τὸν
1165 2153 1258 2224 μὲν
1315 2156 1650 2229 Παγκρατιον
1709 2154 1894 2223 κόριον

2009 1891 2163 1960 giam
2197 1890 2478 1958 obtineat,
2509 1890 2756 1960 Liparita
2807 1894 3000 1943 autem
3055 1888 3208 1958 parti
3242 1882 3507 1939 Meschiaa
3559 1897 3667 1952 per

2012 1995 2244 2034 omnem
2283 1980 2458 2033 vitam
2486 1977 2680 2050 praesit
2708 1995 2776 2033 ac
2807 1978 3180 2053 Pancratium
3213 1975 3519 2029 dominum
3563 1987 3657 2024 re-

2009 2083 2259 2137 gemque
2290 2083 2464 2121 suum
2498 2070 2797 2138 agnoscat.
2833 2066 2998 2121 Hunc
3023 2065 3261 2136 quidem
3303 2063 3522 2120 exitum
3564 2078 3653 2116 res

2010 2161 2046 2208 Δ
2061 2157 2294 2227 basgica
2325 2155 2549 2211 habuit.

249 2239 380 2292 εἶναι
412 2242 500 2294 καὶ
530 2241 779 2316 ἀρχηγὸν
809 2242 986 2310 πάσης
1017 2250 1116 2311 τῆς
1151 2238 1390 2313 Ἰϐηρίας
1418 2245 1507 2298 καί
1538 2239 1850 2317 Ἀϐασγίας,
1884 2243 2042 2298 αὐτὸν
2079 2241 2134 2297 δὲ
2169 2243 2362 2318 μέρους
2393 2241 2636 2318 ὂίρχοντα
2684 2249 2786 2311 τῆς
2844 2241 3088 2316 Μεσχίας
3145 2237 3233 2294 διὰ
3292 2239 3411 2315 βίου
3469 2237 3655 2312 κύριον

247 2325 450 2381 ἐκεῖνον
483 2328 635 2404 ἔχειν
663 2331 753 2383 καὶ
788 2330 1036 2404 βασιλέα.
1074 2331 1170 2388 Καὶ
1199 2332 1266 2386 τὰ
1299 2332 1391 2406 μὲν
1418 2335 1553 2387 κατὰ
1580 2335 1680 2402 τήν
1709 2328 1996 2408 Ἀϐασγίαν
2025 2334 2356 2402 κατήντησεν
2387 2331 2465 2394 εἷς
2492 2331 2675 2388 τοῦτο.

314 2452 479 2505 ’Λσαν
541 2450 599 2507 δὶ
659 2455 687 2508 ὁ
746 2456 881 2508 κατὰ
931 2454 1218 2527 Ῥωμαίων
1275 2457 1542 2534 πεμφθεὶς
1603 2457 1748 2530 παρὰ
1802 2458 1898 2511 τοὸ

246 2540 570 2610 σουλτανου,
622 2543 908 2616 παρελθὼν
963 2545 1024 2598 τὸ
1075 2540 1364 2620 Ταϐρέζιον
1425 2546 1514 2600 καὶ
1567 2547 1629 2600 τὸ
1661 2545 1898 2620 λεγόμε-

243 2651 329 2681 νον
390 2628 592 2707 Τεφλίς
641 2630 805 2698 ἦλθεν
868 2632 944 2694 εἷς
999 2636 1462 2709 Βαασπρακανίαν,
1496 2634 1666 2689 πάντα
1704 2635 1898 2710 κείρων

242 2723 328 2770 καὶ
382 2719 686 2793 πυρπολῶν
718 2721 806 2774 καὶ
839 2721 968 2785 τοὺς
1005 2723 1442 2796 προσπίπτοντας
1493 2723 1756 2799 ἀνπιρῶν,
1810 2724 1898 2778 καὶ

249 2805 388 2878 μηδὶ
448 2812 548 2871 τῆς
595 2807 855 2878 παιδικῆς
897 2809 1219 2888 φειδόμενος
1267 2810 1508 2880 ἡλικίας.
1554 2815 1637 2883 [Ρ.
1667 2815 1791 2887 771]
1839 2815 1899 2870 Ὁ

247 2892 301 2947 δὲ
357 2897 461 2962 τῆς
517 2897 707 2970 χώρας
762 2895 949 2973 ἄρχων
1005 2899 1218 2975 Ἀαρὼν
1254 2900 1476 2970 Βέστης,
1519 2901 1668 2954 ὁτοῦ
1701 2898 1898 2956 Βλαδι-

246 2978 488 3045 saligna
519 2985 634 3046 υἱὸς
684 2986 773 3040 καὶ
824 2991 921 3040 τοῦ
975 2991 1312 3058 Προυσιάνου
1343 2987 1599 3066 ἀδελφὸς,
1644 2990 1719 3060 μὴ
1751 2989 1898 3058 ἀξιό-

2082 2460 2234 2512 Asan
2266 2473 2398 2511 vero
2426 2474 2458 2512 a
2489 2456 2723 2511 sultano
2753 2456 3034 2511 adversus
3069 2454 3365 2508 Romanos
3415 2450 3659 2515 missus,

2011 2546 2162 2601 ultra
2183 2546 2522 2601 Tabrezium
2548 2549 2604 2600 et
2625 2544 2963 2616 Tephlidem
2987 2543 3281 2614 prolectus
3305 2541 3359 2594 in
3378 2541 3664 2611 Baaspra-

2011 2635 2236 2689 caniam
2265 2635 2438 2702 venit,
2496 2634 2754 2705 proxima
2802 2648 3048 2704 quaeque
3099 2630 3432 2702 populando
3485 2633 3662 2699 atque

2011 2724 2282 2778 incendio
2313 2729 2571 2788 vastans,
2606 2729 2664 2778 et
2703 2723 2906 2777 obvios
2959 2721 3288 2783 trucidans,
3331 2735 3403 2773 ne
3451 2717 3660 2789 puerili

2011 2813 2246 2884 quidem
2283 2830 2529 2884 parcens
2554 2813 2730 2867 aetati.
2766 2816 3009 2866 Praeerat
3039 2815 3164 2863 tum
3196 2808 3657 2879 lBaaspracaniaa

2009 2910 2202 2957 Aaron
2239 2902 2406 2956 Besta
2433 2901 2818 2956 Bladisthlabi
2852 2901 3008 2956 514
3042 2898 3218 2959 filius,
3245 2897 3510 2952 Prusiani
3542 2898 3656 2950 fra-

2010 2997 2112 3046 ter.
2137 2989 2392 3054 Quicum
2417 2990 2526 3044 sibi
2551 3007 2661 3043 non
2687 2989 2836 3043 satis
2857 3004 2986 3043 esse
3004 2987 3072 3042 ad
3096 2985 3654 3041 tantamTurcorum

247 3091 426 3145 μπχον
482 3070 641 3135 εἰδὼς
699 3075 883 3128 ἓαυτὸν
921 3073 1061 3147 μηδέ
1091 3075 1383 3150 δυνάμενον
1413 3078 1724 3142 ἀντιστῆναι
1761 3079 1896 3151 πρὸς

2010 3079 2451 3134 multitudinem
2477 3079 2882 3133 sustinendam
2910 3076 3121 3130 virium
3147 3075 3656 3142 sentiret,Cataca-

241 3161 510 3231 τοσαύτηι
589 3161 847 3237 Τοῦρκων
924 3162 1176 3235 πληθὺν,
1256 3168 1554 3241 γράμματα
1633 3165 1895 3240 ἐκπέμπει

241 3249 372 3322 πρὸς
450 3251 542 3304 τὸν
607 3251 809 3321 Βέστην
882 3253 1200 3309 κατακαλῶν
1255 3255 1346 3308 τὸν
1409 3254 1746 3330 Κεκαυμένον
1803 3257 1894 3310 τὸν

241 3339 422 3392 Ἀνίου
472 3339 693 3409 καὶτῆς
739 3336 980 3413 Ἰϐηρίας
1027 3343 1393 3418 κατάρχοντα,
1453 3347 1540 3399 καὶ
1589 3345 1762 3415 ὁπόση
1800 3342 1894 3398 δό-

239 3447 398 3498 ναμις
452 3428 758 3500 παρακαλεῖ
816 3431 1060 3503 βοηθεῖν,
1117 3433 1178 3489 Ὁ
1236 3431 1293 3487 δὲ
1348 3433 1414 3486 τὰ
1475 3434 1775 3508 γράμματα
1807 3431 1895 3486 δεο

237 3517 486 3588 ξάμενος,
518 3518 606 3570 καὶ
637 3518 889 3586 θᾶττονῆ
944 3519 1110 3594 λόγος
1158 3523 1248 3575 τὸν
1283 3522 1418 3599 ἀμφ’
1465 3520 1622 3574 αὐτὸν
1676 3521 1893 3595 ἀγείρας

237 3604 391 3666 λαὸν,
427 3603 607 3658 ἄπεισι
640 3603 731 3659 διὰ
759 3606 971 3681 ταχέων
1025 3608 1114 3662 καὶ
1147 3609 1353 3663 ἑνοῦται
1381 3614 1460 3680 τῷ
1501 3610 1732 3684 ’Δαρών.
1795 3609 1891 3663 Καὶ

236 3688 563 3764 σομϐουλῆς
619 3695 974 3768 προτεθείσης
1044 3697 1270 3771 πότερον
1342 3698 1690 3772 νυκτομαχίᾳ
1757 3717 1890 3772 χρη-

235 3783 383 3836 στέον
445 3781 482 3850 ἢ
561 3785 786 3858 φανερὰν
865 3784 1048 3860 μάχην
1127 3783 1459 3857 ἀναδεκτέον,
1536 3788 1673 3860 πρὸς
1733 3784 1889 3840 οὐδέ-

231 3891 386 3942 τερον
465 3871 492 3924 ὁ
574 3875 913 3945 Κεκαυμὲνος
997 3873 1295 3942 κατένευεν,
1367 3875 1591 3949 ἐγνώκει
1650 3873 1707 3929 δὶ
1759 3876 1889 3948 τρό-

232 3979 331 4012 πον
394 3957 572 4013 ἄλλον
647 3970 1158 4038 καταστρατηγῆσαι
1230 3963 1356 4025 τοὺς
1431 3962 1681 4039 ἐχθρούς.
1761 3971 1891 4017 Συν-

233 4042 494 4102 εὗοῦλευε
594 4051 700 4124 γὰρ
803 4053 902 4119 τῆν
1008 4047 1368 4126 παρεμϐολὴν
1489 4052 1887 4115 καταλιπόντας

230 4136 305 4196 ὡς
403 4137 522 4212 εἶχε
625 4141 759 4210 μετὰ
847 4144 956 4194 τῶν
1048 4143 1260 4209 σκηνῶν
1338 4141 1424 4196 καὶ
1499 4163 1609 4196 των
1687 4143 1889 4211 ὑποζυ-

228 4225 362 4297 γίων
438 4228 529 4278 καὶ
615 4235 719 4295 τῆς
793 4225 972 4297 ἄλλης
1042 4230 1373 4299 ἀποσκευῆς,
1433 4231 1639 4306 λόχους
1695 4232 1886 4292 νυκτὸς

228 4312 279 4366 ἐν
350 4313 797 4388 ἐπικαιροτάτοις
873 4323 1064 4383 στῆσαι
1145 4320 1399 4394 χωρίοις,
1476 4319 1756 4390 κάπειδὰν,
1835 4321 1886 4374 oi.

227 4405 472 4474 Τοῦρκοι
502 4404 781 4482 ἆφίκονται
830 4407 921 4460 καὶ
966 4403 1170 4482 ἔρημον
1232 4405 1440 4484 ἀνδρῶν
1495 4410 1740 4483 εὑρόντες
1792 4409 1884 4462 τὸν

227 4490 449 4564 χάρακα
502 4495 640 4567 πρὸς
686 4492 985 4570 διαρπαγὰς
1045 4500 1154 4550 τῶν
1206 4495 1357 4554 ἔνδον
1387 4501 1709 4572 χωρήσωσι,
1767 4497 1890 4551 τότε

227 4576 294 4647 δὴ
322 4588 424 4650 τῆς
469 4579 680 4657 ἐνέδρας
738 4583 1140 4649 ἀπαναστάντας
1187 4585 1459 4649 ἐπιθέσθαι
1518 4587 1718 4648 αὐτοῖς.
1783 4586 1884 4642 Καί

224 4689 284 4740 γε
339 4670 400 4724 οὗ
464 4667 753 4744 διεψεύσθη
785 4677 882 4727 τοῦ
940 4679 1166 4732 σκοποῦ.
1225 4677 1430 4738 Ἕωθεν
1485 4675 1585 4750 γὰρ
1645 4678 1671 4731 ὁ
1725 4675 1881 4732 Ἀσάν

224 4756 458 4819 ἀναστὰς
536 4760 595 4813 ἐκ
675 4767 774 4829 τῆς
849 4761 1050 4824 οἰκείας
1134 4758 1495 4837 παρεμϐολῆς
1579 4765 1712 4818 κατᾶ
1788 4765 1880 4819 τὸν

803 4053 902 4119 τὴν

227 4849 482 4921 Στραγνα
508 4849 767 4920 κειμένης
826 4851 1074 4923 ποταμὸν
1132 4849 1338 4907 ἄπεισιν
1398 4853 1473 4915 ὡς
1524 4855 1658 4927 πρὸς
1709 4852 1883 4907 πόλε-

227 4953 348 5004 μον·
412 4936 490 4996 ὡς
553 4934 612 4990 δὲ
643 4935 822 5001 οὐδεὶς
852 4938 1085 5008 ὑπήντα,
1120 4937 1415 5009 ἐπλησίασε
1473 4939 1528 4995 δὲ
1559 4941 1647 4995 καὶ
1675 4945 1754 5012 τῷ
1784 4943 1881 5016 χά-

223 5041 342 5094 ρακι
400 5029 512 5078 τῶν
560 5026 872 5099 Ῥωμαίων,
934 5030 1026 5083 καὶ
1079 5025 1197 5083 οὔτε
1253 5029 1500 5105 φυλακὴν
1562 5029 1704 5104 εἶχεν
1761 5026 1883 5084 οὔτε

229 5115 384 5186 ᾳωνὴ
455 5111 766 5183 ἐξηκοῦετο,
820 5115 968 5173 ἀλλὰ
1025 5118 1175 5178 κενὸς
1230 5118 1296 5186 ἦν
1349 5118 1524 5188 πάσης
1583 5116 1879 5190 δυνάμεως,

221 5200 348 5252 τότε
408 5197 469 5254 δὲ
525 5208 713 5276 φυγεῖν
770 5205 1075 5276 ὑπονοήσας
1131 5204 1258 5268 τοὺς
1304 5207 1606 5278 Ῥωμαίους
1659 5206 1881 5282 ῥήγνυσί

218 5307 278 5339 τε
313 5283 404 5340 διὰ
435 5289 665 5344 πολλῶν
697 5291 877 5346 τόπων
937 5295 1034 5361 τὴν
1092 5289 1456 5371 παρεμϐολὴν
1508 5295 1597 5348 καὶ
1656 5293 1881 5370 διαρπα-

223 5378 326 5447 -ίήν
391 5381 665 5433 ποιεῖσθαι
696 5385 804 5434 τῶν
839 5377 1094 5458 λαφύρων
1140 5385 1372 5440 κελεύει.
1421 5385 1483 5436 Οἱ
1516 5381 1571 5437 δὲ
1615 5385 1881 5457 Ῥωμαῖοι

224 5464 346 5536 περέ
384 5462 578 5536 δείλην
635 5467 792 5542 ὀψίαν
850 5469 1167 5536 ἀναστάντες
1219 5477 1327 5528 τῶν
1391 5471 1597 5548 λόχων,
1660 5473 1881 5527 ἀσυντά-

222 5572 379 5614 κτοις
413 5558 830 5630 συντεταγμένοι
860 5562 1300 5634 προσρήγνυνται
1329 5567 1448 5623 τοῖς
1472 5561 1758 5637 Τοόρκοις,
1790 5561 1881 5615 καὶ

2007 3170 2195 3224 lonem
2229 3169 2456 3223 Bestam
2477 3168 2830 3221 Ambustum
2853 3165 2978 3219 Anii
3014 3170 3188 3235 atque
3219 3163 3417 3218 Iberia:
3451 3163 3654 3232 praefe-

2005 3262 2163 3312 ctum
2213 3255 2424 3311 litteris
2476 3254 2675 3309 missis
2717 3255 2986 3308 hortatur
3048 3258 3112 3306 ut
3173 3251 3283 3307 sibi
3348 3252 3653 3322 suppetias

2005 3364 2037 3416 q
2051 3363 2179 3399 nam
2193 3345 2444 3416 primum
2472 3343 2965 3398 ferat.Ambustus
2987 3341 3198 3396 litteris
3220 3339 3653 3410 acceptis,dicto

2004 3436 2180 3490 citius
2229 3452 2366 3490 suos
2418 3434 2648 3497 excitat,
2704 3447 2955 3500 cumque
3007 3430 3077 3484 iis
3129 3430 3200 3485 ad
3251 3431 3536 3483 Aaronem
3589 3443 3652 3482 se

2003 3521 2593 3593 cont‘ert.Conjunctis
2619 3520 2803 3591 capiis
2827 3537 2957 3574 cum
2979 3519 3403 3574 deliberaretur
3423 3521 3655 3571 noctur-

2005 3630 2153 3667 none
2184 3630 2255 3666 an
2292 3617 2494 3682 aperto
2531 3609 2726 3682 praelio
2759 3626 2894 3663 cum
2916 3609 3121 3663 Turcis
3165 3612 3320 3662 esset
3379 3621 3647 3677 pugnan-

2002 3702 2165 3769 dum,
2201 3708 2473 3754 neutrum
2506 3698 2836 3754 Catacaloni
2886 3697 3190 3767 probatum
3224 3701 3333 3756 est,
3380 3695 3479 3749 sed
3533 3693 3648 3748 alia

2001 3798 2123 3843 arte
2155 3789 2350 3844 hostes
2399 3788 2943 3842 circumveniendos
2991 3786 3176 3841 duxit.
3222 3783 3648 3854 Castra,inque

2003 3877 2074 3932 iis
2105 3879 2374 3941 tentoria,
2412 3882 2682 3943 uterant,
2718 3877 3079 3946 acjumenta
3128 3879 3185 3929 et
3224 3871 3648 3943 impedimenta

1999 3965 2197 4020 omnia
2220 3966 2468 4036 relinqui
2495 3966 2696 4028 voluit,
2719 3971 2777 4019 et
2807 3965 3052 4020 insidias
3079 3981 3176 4033 per
3194 3968 3423 4018 noctem
3442 3977 3647 4031 oppor-

1998 4055 2330 4109 tunissimis
2363 4054 2506 4109 locis
2539 4055 2714 4125 poni:
2747 4058 2874 4108 tum
2921 4053 3128 4108 Turris
3178 4051 3645 4118 advenientibus,

1999 4148 2054 4198 et
2086 4149 2410 4198 castrorum
2440 4143 2779 4198 hominibus
2811 4158 3129 4197 vacuorum
3189 4140 3500 4212 direptioni
3558 4141 3643 4194 in-

1997 4232 2376 4303 tentis.proru
2391 4234 2706 4304 mpendum
2727 4248 2793 4286 ex
2809 4230 3039 4286 insidiis
3056 4230 3298 4285 etiueos
3314 4229 3644 4284 faciendum

1997 4321 2308 4391 impetum.
2344 4321 2540 4391 Neque
2572 4321 2628 4376 id
2666 4337 2798 4375 eum
2835 4319 3146 4374 consilium
3207 4317 3423 4373 fefellit.
3480 4319 3645 4372 Mane

1999 4409 2150 4463 enim
2181 4416 2335 4463 Asan
2370 4425 2398 4462 e
2449 4411 2655 4464 castris
2682 4409 2807 4464 suis
2839 4409 3163 4464 secundum
3198 4407 3508 4478 Stragnam
3533 4407 3642 4460 flu-

2000 4497 2156 4551 vium
2183 4504 2467 4567 tanquam
2501 4498 2572 4551 ad
2625 4515 2876 4567 pugnam
2940 4495 3349 4568 proﬁciscitur,
3389 4511 3644 4565 cumque

1995 4593 2324 4641 occurreret
2359 4587 2657 4650 nemo,ubi
2681 4588 2750 4640 ad
2784 4593 2978 4641 castra
3009 4586 3408 4639 Romanorum
3441 4601 3642 4655 perve-

1995 4674 2309 4744 nit,ibique
2326 4691 2511 4744 neque
2533 4691 2637 4728 vox
2667 4674 2784 4729 ulla
2816 4675 3017 4730 audita
3043 4674 3156 4746 [est
3209 4688 3397 4744 neque
3446 4679 3642 4728 custos

1995 4762 2153 4818 ullus
2183 4763 2363 4828 visus,
2397 4765 2495 4818 sed
2528 4764 2805 4818 omniain
2830 4781 2937 4820 sua
2957 4781 3086 4820 esse
3105 4767 3392 4835 potestate
3416 4766 3645 4833 putavit

1994 4853 2408 4922 Romanosque
2445 4851 2661 4922 fugisse
2693 4853 2955 4918 credidit,
2995 4853 3197 4907 multis
3248 4851 3392 4905 locis
3420 4853 3645 4920 {castra

1995 4943 2324 5012 perrumpit
2356 4941 2650 5013 diripique
2683 4943 2936 5014 pradam
2959 4943 3232 5013 jubet.At
3262 4939 3509 4996 Romani
3534 4942 3643 4994 sub

1992 5046 2294 5100 vesperam
2320 5047 2387 5083 ex
2423 5029 2658 5084 insidiis
2693 5030 3344 5101 progressicomposito
3391 5030 3644 5098 agmine.

1991 5117 2316 5187 dissipatos
2341 5119 2564 5173 Turcos
2599 5118 2966 5181 adoriuntur,
2996 5119 3302 5190 primoque
3324 5108 3646 5189 congressu

1995 5207 2274 5272 fundunt,
2309 5207 2455 5264 575
2492 5207 2918 5262 vehementiam
2954 5207 3042 5262 sui
3078 5208 3332 5279 impetus
3365 5223 3478 5261 non
3512 5224 3648 5262 sus-

1993 5294 2264 5350 tinentes.
2323 5295 2493 5350 Cadit
2541 5296 2696 5352 inter
2733 5297 2954 5369 primos
3024 5313 3294 5369 pugnans
3357 5298 3532 5364 Asan,
3593 5301 3650 5351 et

1993 5383 2276 5454 quidquid
2324 5384 2382 5458 in
2433 5402 2499 5440 eo
2549 5387 2806 5440 exercitu
2861 5387 3004 5439 forte
3072 5386 3182 5440 fuit
3237 5387 3642 5441 obtruncatur.

1995 5472 2245 5544 Reliqui,
2280 5475 2444 5545 pauci
2472 5476 2788 5530 admodum
2827 5475 2861 5528 ii
2889 5483 3061 5546 atque
3096 5476 3256 5542 nudi,
3282 5493 3384 5548 per
3417 5479 3643 5529 montes

1993 5560 2052 5615 in
2086 5561 2500 5618 Persarmenia:
2535 5565 2710 5620 urbes
2741 5565 3013 5619 evadunt.

224 5647 578 5717 παραχρῆμα
606 5645 860 5719 τριπουσι
890 5647 953 5703 τὸ
979 5649 1344 5706 ἀνυπόστατον
1379 5652 1455 5724 μή
1490 5649 1795 5728 ἰνεγκόντας
1820 5650 1920 5718 τῆς
1948 5647 2262 5720 Ῥωμαϊκῆς
2293 5649 2494 5726 ὁρμῆς.
2527 5650 2722 5708 Πίπτει
2759 5652 2854 5725 μὶν
2888 5652 2978 5707 οὗν
3030 5659 3247 5730 πρῶτος
3295 5655 3324 5708 ὁ
3373 5653 3534 5709 Ἀσὰν
3585 5649 3638 5708 ἐν

1785 5810 1812 5827 δ
