4036 6194
345 417 467 480 307
1699 406 2017 474 GEORGII
2061 410 2397 471 CEDRENI
3629 415 3752 477 308

344 554 462 611 τοῖς
492 546 737 624 πρώτοις
771 547 1188 622 ἀγωνιζόμενος,
1219 548 1404 601 πίπτει
1434 543 1491 600 δὲ
1513 543 1604 600 καὶ
1636 545 1758 598 ὅσον
1793 540 2026 614 ἄλκιμον
2057 544 2152 595 τοῦ
2183 545 2431 617 στρατοῦ.
2466 543 2533 598 Οἳ
2559 540 2618 596 δὲ
2648 543 3035 616 περισωθέντες
3069 542 3189 599 λίαν
3222 543 3406 618 ὀλίγοι
3435 546 3524 601 καὶ
3548 547 3754 622 γυμνοί

349 636 438 693 διὰ
464 641 572 692 τῶν
606 636 775 712 ὁρίων
809 635 860 699 ἐς
888 636 983 699 τὰς
1012 641 1121 691 τῶν
1142 636 1559 711 Περσαρμενίων
1594 631 1947 701 διασώζονται
1979 629 2193 692 πόλεις.

421 730 503 784 Ab
547 729 641 784 bis
681 728 751 784 de
802 732 1037 800 accepta
1106 727 1269 782 clade
1312 728 1554 781 edoctus
1623 724 1892 780 sultanus
1937 725 1993 776 in

2182 720 2243 776 Ὀ
2274 718 2331 774 δὲ
2389 719 2684 784 σουλτάνος
2732 719 2821 776 διὰ
2876 727 2986 777 τῶν
3035 721 3387 799 ἀποδράντων
3419 726 3757 797 μεμαθηκὼς

353 834 627 892 magnam
672 817 902 872 devenit
952 815 1424 871 sollicitudinem.
1479 814 1550 889 Ut
1609 820 1803 868 autem
1839 812 1989 866 hanc

2135 810 2159 863 ὸ
2213 804 2421 882 συμϐὰν
2474 811 2736 886 ἀτύχημα
2787 811 2864 873 είς
2918 811 3166 886 μεγάλην
3202 812 3442 868 ἐνέπεσεν
3492 814 3754 888 ἀγωνίαν,

351 906 741 963 calamitatem
768 905 1098 972 resarciret,
1125 921 1154 960 e
1181 905 1406 973 Turcis,
1434 904 1669 959 Gabaris
1692 907 1747 957 ct
1774 902 1827 956 Li
1840 920 1891 955 [ιί
1904 899 1989 954 ni-

2135 900 2186 951 αὶ
2220 897 2272 952 ἐν
2336 897 2544 973 σπουδῇ
2602 900 2844 955 ἐποιεῖτο
2897 902 3047 964 ὅπως
3106 900 3165 956 ἂν
3199 904 3298 971 τὴν
3328 902 3627 977 γενομένην
3660 904 3756 959 ἐπ-

350 998 427 1052 tis
451 995 735 1050 delectum
760 994 1074 1050 exercitum
1098 995 1169 1049 ad
1196 994 1403 1048 100000
1425 992 1721 1057 conducit,
1738 1007 1991 1062 cumque

2135 988 2473 1063 νορθώσηται
2506 988 2796 1063 ἀκληρίαν.
2832 988 3020 1059 Καὶδή
3067 991 3201 1047 λαὸν
3233 990 3515 1047 ἐπίλεκτον
3554 1014 3760 1064 συστη-

351 1088 495 1141 duce
527 1083 802 1138 Abramio
826 1083 1035 1147 Alimo,
1073 1084 1245 1137 fratre
1276 1098 1343 1137 ex
1375 1080 1557 1136 altero
1587 1084 1823 1152 parente
1862 1096 1993 1149 suo,

2140 1077 2337 1148 άμενος
2395 1075 2454 1133 ἔκ
2481 1099 2540 1134 τε
2569 1079 2826 1153 Τούρκων
2884 1080 2974 1135 καὶ
3028 1076 3307 1155 Καϐείρων
3352 1081 3443 1136 καὶ
3475 1086 3757 1154 Λιμνιτῶν

351 1179 557 1230 contra
586 1172 880 1227 Romanos
905 1170 1100 1227 mittit.
1139 1171 1419 1226 Nuntiato
1454 1172 1837 1225 barbarorum
1888 1169 1994 1223 ad-

2135 1167 2227 1239 τερὶ
2276 1168 2369 1228 τὰς
2403 1168 2447 1239 ρ’
2502 1165 2786 1242 χιλιάδας,
2844 1169 2936 1224 καὶ
2970 1164 3254 1245 Ἀϐραμίῳ
3312 1168 3510 1243 Ἀλεῖμ
3538 1175 3617 1242 τῷ
3645 1172 3762 1226 ἑτε-

350 1267 544 1332 ventu,
570 1263 757 1316 Aaron
782 1265 838 1315 ct
871 1262 1190 1316 Ambustus
1216 1260 1396 1315 unitis
1434 1277 1670 1315 rursum
1729 1258 1996 1314 exerciti-

2135 1252 2334 1318 ›οθα).εἶ
2358 1253 2579 1330 ἀδελφῴ
2637 1256 2801 1312 αὐτοῦ
3011 1256 3307 1333 παραδοὺς,
3358 1259 3554 1322 ταύτας
3621 1261 3763 1315 κατὰ

351 1354 462 1408 bus
485 1350 623 1423 quid
659 1350 949 1422 agendum
982 1350 1071 1405 sit"
1089 1348 1446 1405 consultant.
1484 1347 1788 1404 Sententia
1832 1350 1995 1401 Cata-

2135 1343 2400 1416 Ρωμαίων
2460 1344 2722 1419 ἐκπέμπει
2758 1389 2771 1403 .

351 1440 572 1496 calonis
604 1446 884 1495 eratcum
920 1440 1306 1511 prasentibus
1341 1438 1771 1493 occurrendum
1797 1436 2001 1491 Turcis

353 1546 482 1585 esse
512 1534 674 1585 extra
705 1529 998 1584 Romanos
1032 1528 1405 1599 fines,ibique
1425 1527 1999 1592 decertandum,cum

356 1621 548 1673 adhuc
581 1618 768 1689 major
797 1617 1055 1673 hostium
1092 1633 1229 1689 pars
1257 1616 1425 1688 equis
1458 1619 1763 1682 careret,et
1796 1613 2005 1685 reliqui

358 1710 534 1764 etiam
594 1706 767 1779 longo
811 1707 1018 1762 itinere
1083 1711 1280 1762 essent
1328 1704 1653 1777 defatigati,
1714 1705 2005 1774 soleisque

363 1796 566 1853 terreis
598 1795 770 1851 Turci
820 1800 1086 1850 carerent
1124 1796 1339 1866 quibus
1383 1794 1616 1866 ungulae
1678 1798 2004 1861 armantur,

2826 1346 3212 1423 Ἀγγελθείσης
3264 1345 3323 1402 δὲ
3377 1355 3476 1416 τῆς
3536 1347 3762 1427 ἐφόδου,

2113 1431 2395 1495 ἐνωθέντες
2445 1432 2611 1488 πάλιν
2666 1436 2717 1488 οἱ
2777 1430 2978 1498 ἄνωθεν
3025 1434 3277 1510 ῥηθέντες
3330 1437 3590 1512 ἄρχοντες
3648 1443 3761 1493 τῶν

2116 1522 2526 1596 στρατευμάτων
2581 1522 2788 1597 βουλὴν
2837 1524 3190 1598 προετίθεσαν
3224 1526 3315 1579 καὶ
3373 1522 3765 1582 διεσκοποῦντο

2111 1610 2174 1665 τὸ
2222 1610 2504 1685 πρακτέον.
2585 1613 2686 1668 Καὶ
2742 1617 2823 1684 τῷ
2883 1613 2978 1685 μὲν
3030 1614 3357 1687 Κεκαυμὲνῳ
3402 1612 3576 1670 ἐδόκει
3628 1618 3768 1688 μετὰ

2113 1705 2214 1768 τῆς
2278 1699 2561 1775 παρούσης
2631 1700 2911 1775 δυνάμεως
2970 1703 3268 1772 ὑπαντῆσαι
3321 1710 3437 1766 τοῖς
3494 1705 3767 1781 Τούρκοις

2116 1785 2308 1857 ἔξωθεν
2366 1794 2473 1843 τῶν
2521 1790 2841 1863 Ῥωμαϊκῶν
2872 1790 3037 1865 ὅρων,
3068 1791 3284 1847 κάκεῖσε
3322 1790 3767 1868 διαγωνίσασθαι,

364 1884 610 1941 Romani
644 1891 837 1940 autem
872 1885 1087 1941 recenti
1114 1884 1354 1939 victoria
1375 1883 1510 1939 elati
1534 1882 1756 1938 alacres
1789 1886 2008 1951 essent,

2135 1874 2195 1931 ἱτι
2249 1882 2356 1932 τῶν
2415 1878 2685 1934 πλειόνων
2740 1879 3025 1935 ἀντιπὸλιν
3057 1882 3303 1937 ἆνίππων
3349 1878 3517 1937 ὄντων
3544 1882 3635 1938 καὶ
3665 1890 3771 1952 τῆς

367 1990 745 2048 pugnamque
766 1978 1120 2045 expeterent.
1147 1972 1358 2027 Contra
1383 1974 1564 2027 Aaron
1591 1970 2011 2044 pronuntiabat

2135 1965 2300 2037 ιλλης
2329 1965 2607 2041 δυνάμεως
2637 1970 2967 2043 κεκμηκυίας
3014 1971 3119 2025 ἀπὸ
3159 1979 3263 2040 τῆς
3307 1970 3565 2042 κλείστης
3608 1969 3769 2027 ὁδοι-

377 2063 798 2120 continendum
830 2060 1171 2128 exercitum,
1206 2062 1498 2133 urbesque
1527 2065 1584 2116 et
1614 2059 1855 2116 castella
1887 2076 2012 2114 mu-

2135 2056 2337 2131 πορίας,
2370 2055 2804 2113 ἐπιλελοιπότων
2838 2057 2894 2114 δὶ
2921 2060 3008 2114 καὶ
3043 2057 3305 2136 σιδηρίων
3334 2066 3453 2123 τοῖς
3474 2060 3771 2137 Τούρκοις,

378 2152 660 2208 niendum
690 2156 866 2222 atque
897 2150 1090 2207 omnia
1122 2151 1303 2206 muris
1334 2150 1753 2206 includendum
1780 2167 1794 2204 :
1832 2150 1902 2203 de
1959 2165 2018 2203 re

2135 2145 2208 2206 οἷς
2237 2146 2331 2208 τὰς
2363 2144 2546 2221 χηλὰς
2577 2152 2684 2202 τῶν
2710 2150 2862 2217 ζώων
2896 2148 3113 2213 εἰώθασι
3138 2153 3221 2223 [Ρ.
3249 2153 3373 2221 772]
3398 2149 3777 2225 περιστέλλειν

375 2242 448 2298 ad
518 2242 672 2298 576
720 2240 1147 2312 imperatorem
1203 2240 1587 2307 referendum,
1636 2255 1823 2309 neque
1889 2241 2017 2309 ejus

2135 2233 2449 2308 ἐπηρμένων
2510 2233 2566 2290 δὲ
2625 2236 2715 2291 καὶ
2787 2242 2894 2292 τῶν
2957 2239 3242 2312 Ῥωμαίων
3308 2240 3397 2294 καὶ
3456 2238 3777 2316 θαρῥαλέων

373 2331 606 2401 injussu
638 2334 839 2386 contra
889 2332 1113 2385 tantam
1166 2328 1604 2384 multitudinem
1657 2334 1772 2383 tam
1826 2328 2017 2398 parvis

2135 2320 2298 2378 ὄντων
2331 2324 2435 2379 ἀπὸ
2464 2332 2562 2393 τῆς
2588 2327 3050 2400 προηγησαμένης
3105 2328 3283 2399 νίκης,
3326 2329 3415 2384 καὶ
3462 2330 3783 2403 προθυμου-

373 2419 558 2492 copiis
587 2419 1012 2475 dimicandum.
1046 2418 1175 2474 Hinc
1206 2417 1497 2474 sententia
1531 2416 1683 2472 vicit.
1709 2417 1777 2470 Et
1832 2415 2016 2487 profe-

373 2509 448 2565 cti
483 2509 541 2564 in
572 2508 844 2573 Iberiam,
875 2507 935 2562 in
970 2506 1209 2578 planitie
1230 2507 1509 2579 quadam,
1533 2523 1660 2577 qua
1692 2505 2016 2560 incolarum

374 2612 648 2653 sermone
678 2596 927 2652 Osurtru
961 2596 1198 2663 dicitur,
1231 2595 1444 2650 castris
1502 2597 1611 2649 sub
1664 2594 1759 2649 dio
1815 2593 2020 2664 positis

373 2686 745 2756 quieverunt,
776 2684 934 2740 omni
970 2684 1134 2755 prius
1165 2682 1382 2756 agresti
1431 2683 1606 2738 turba
1652 2682 2018 2750 mulieribus,

2133 2409 2306 2482 μένων
2368 2414 2633 2484 συμμῖξαι
2689 2418 2806 2475 τοῖς
2865 2413 3179 2487 πολεμίοις.
3239 2414 3570 2473 Τοῦναντίον
3629 2413 3691 2470 δὲ
3749 2417 3781 2471 ὁ

2131 2499 2339 2571 Ἀαρὼν
2411 2500 2753 2577 ἀπεφαίνετο,
2831 2501 3043 2578 ἐπέχων
3118 2504 3214 2566 τὰς
3267 2502 3544 2578 δυνάμεις,
3598 2503 3781 2580 λέγων

2132 2588 2412 2663 ὀχυρῶσαί
2458 2611 2517 2644 τε
2556 2592 2649 2653 τὰς
2708 2590 2899 2655 πόλεις
2958 2592 3049 2647 καὶ
3098 2593 3164 2648 τὰ
3214 2594 3445 2671 φρούρια
3490 2594 3576 2649 καὶ
3645 2591 3784 2648 εἷ’σω

2127 2683 2328 2752 τειχῶν
2362 2678 2672 2754 συγκλεῖσαι
2725 2680 2792 2735 τὰ
2845 2681 3040 2752 πάντα,
3099 2682 3335 2754 μηνῦσαί
3362 2703 3421 2737 τε
3446 2687 3525 2755 τῷ
3558 2682 3787 2758 βασιλεῖ

375 2772 576 2846 pueris
615 2790 681 2828 ac
735 2789 862 2845 quae
909 2773 1163 2844 pretiosa
1211 2772 1511 2840 baberent,
1568 2771 1627 2827 in
1665 2771 2023 2826 munitiones

2135 2766 2218 2820 καὶ
2272 2767 2347 2838 μὴ
2381 2768 2500 2821 ἄνευ
2554 2769 2781 2841 γνώμης
2820 2769 3025 2825 ἐκείνου
3051 2770 3209 2843 ’μετὰ
3247 2768 3523 2844 δυνάμεως
3577 2776 3784 2845 μικρᾶς

376 2860 644 2919 inclusis.
678 2862 747 2917 Et
773 2861 1185 2933 imperatorem
1207 2860 1434 2916 cursori
1455 2860 1688 2916 traditis
1709 2859 1921 2916 litteris
1951 2860 2022 2914 de

382 2951 632 3006 adventu
666 2949 927 3005 hostium
952 2950 1254 3005 certiorem
1285 2950 1566 3005 fecerunt.
1590 2953 1914 3019 Imperator
1934 2948 2025 3003 lit-

379 3038 527 3095 teris
555 3037 744 3110 lectis,
768 3038 1168 3095 ducibusistis
1197 3039 1435 3094 mandat
1458 3039 1542 3093 uti
1573 3055 1633 3094 se
1664 3041 2023 3105 contineant,

381 3128 565 3184 donec
592 3128 876 3200 Liparites
907 3144 1040 3183 cum
1069 3127 1302 3183 [bericis
1331 3126 1515 3198 copiis
1545 3127 1615 3181 ad
1640 3126 1799 3196 ipsos
1830 3142 2027 3196 perve-

379 3217 523 3273 niat.
553 3217 622 3272 Et
645 3217 938 3288 Lipariten
967 3233 1070 3288 per
1096 3215 1321 3272 litteras
1351 3216 1619 3271 hortatur
1648 3220 1711 3269 ut
1732 3214 2024 3285 siquidem

379 3304 1019 3377 sociussitamicusque
1037 3305 1459 3371 Romanorum,
1484 3305 1707 3375 absque
1731 3303 1850 3358 ulla
1873 3319 2027 3357 mora

378 3411 513 3451 cum
563 3393 843 3451 omnibus
887 3393 1012 3450 suis
1071 3393 1257 3465 οονὶἰε
1321 3409 1383 3448 se
1436 3392 1684 3447 ducibus
1744 3390 2023 3446 Romanis

379 3483 681 3555 adjungat.
725 3487 908 3538 Duces
958 3483 1214 3554 acceptis
1261 3481 1473 3536 litteris
1527 3480 1894 3552 quieverunt,
1938 3480 2019 3532 uti

380 3570 748 3642 erantjussi.
783 3576 842 3626 et
881 3570 1177 3642 Lipariten
1223 3574 1657 3642 exspectarunt.
1716 3570 1902 3639 Atque
1954 3566 2024 3634 is,

381 3658 754 3731 imperatoris
777 3660 1053 3715 mandato
1088 3664 1377 3731 percepto,
1412 3675 1549 3713 suos
1582 3673 1683 3728 per
1702 3656 1883 3711 otium
1909 3654 2030 3709 col-

379 3747 524 3821 legit
553 3751 728 3820 atque
759 3748 1028 3803 armavit.
1068 3750 1212 3802 Dum
1248 3747 1303 3801 id
1342 3747 1405 3801 fit
1435 3763 1499 3801 ac
1532 3750 1765 3816 tempus
1798 3744 2028 3807 teritur,

384 3836 620 3892 interim
652 3836 967 3892 Abramius
996 3836 1056 3891 in
1083 3834 1569 3907 Baaspracaniam
1604 3834 1799 3901 venit;
1834 3832 2026 3902 cogni-

386 3931 564 3995 toque
593 3924 910 3991 Romanos,
933 3925 1030 3996 qui
1067 3925 1149 3979 ibi
1199 3924 1430 3978 fuerant
1465 3921 1710 3988 collecti,
1764 3938 1869 3975 suo
1927 3921 2027 3975 ad-

384 4018 563 4069 ventu
593 4012 884 4069 intellecto
908 4012 963 4068 in
1001 4013 1247 4068 Iberiam
1281 4011 1617 4078 recessisse,
1643 4027 1757 4081 prae
1782 4015 1938 4064 metu
1970 4009 2027 4064 id

386 4104 460 4157 ab
494 4102 567 4158 iis
593 4103 837 4170 factum,
869 4101 1025 4173 quod
1058 4106 1184 4156 erat
1214 4098 1537 4173 probabile,
1573 4105 1756 4166 ratus,
1792 4099 2028 4168 postha-

384 4191 525 4247 bitis
557 4189 981 4262 direptionibus
998 4205 1098 4245 eos
1130 4192 1219 4243 est
1239 4186 2030 4258 insecutus,cupiensprmlio

384 4280 660 4352 congredi
684 4280 779 4337 ιη
795 4281 831 4331 7
846 4278 1185 4351 priusquam
1208 4277 1333 4332 aliae
1350 4276 2027 4346 couducerenturcopiaa.

384 4371 668 4427 Certiores
687 4369 797 4425 hac
823 4369 894 4424 de
926 4386 987 4425 re
1018 4368 1151 4423 facti
1179 4367 1356 4421 duces
1379 4365 1845 4436 imperatoris,ac
1866 4363 2031 4420 veriti

386 4475 458 4515 ne
479 4458 567 4515 vel
598 4458 765 4514 inviti
815 4462 1163 4530 cogerentur
1214 4461 1349 4511 ante
1415 4453 1673 4525 Liparitaa
1713 4456 2029 4509 adventum

387 4565 670 4621 pugnare,
702 4547 1108 4603 subduxerunt
1137 4561 1199 4600 se
1228 4543 1285 4598 in
1312 4543 1492 4599 locum
1519 4544 1835 4614 quemdam
1868 4543 2030 4597 aditu

386 4636 708 4705 difﬁcilem,
731 4634 1074 4708 praecipitiis
1108 4632 1368 4703 undique
1400 4638 1458 4688 et
1490 4630 1854 4686 convallibus
1870 4631 2030 4687 cinc-

386 4731 536 4797 tum,
569 4729 743 4797 atque
775 4724 854 4778 ibi
877 4722 1242 4795 quieverunt,
1267 4726 1325 4776 et
1354 4722 1424 4776 ad
1453 4720 1744 4792 Lipariten
1776 4720 2026 4792 scripse-

2131 2855 2268 2927 πρὸς
2317 2860 2576 2910 τοσοῦτον
2638 2855 2849 2927 πλῆθος
2906 2866 3220 2932 πολεμῆσαι
3282 2855 3589 2935 βαρὸἀρων.
3621 2858 3785 2915 Οὕτω

2134 2940 2192 2997 δὲ
2246 2948 2354 2998 τῶν
2411 2951 2727 3021 στρατηγῶν
2791 2947 3224 3025 ἀποφηναμένων
3282 2948 3523 3018 ἐνίκησεν
3583 2952 3619 3018 ἡ
3678 2954 3785 3004 τοῦ

2133 3031 2343 3104 Ἀαρὼν
2402 3034 2626 3107 γνώμη.
2672 3036 2770 3090 Καὶ
2801 3036 2955 3091 αὐτοὶ
3014 3038 3109 3110 μὲν
3181 3038 3317 3110 μετὰ
3368 3045 3467 3107 τῆς
3522 3045 3784 3115 στρατιᾶς

2134 3119 2456 3184 ἀπελθόντες
2515 3121 2564 3177 ἐν
2628 3119 2837 3199 Ἰϐηρίᾳ
2884 3129 3021 3180 κατά
3061 3148 3183 3182 τινα
3221 3124 3452 3182 πεδιάδα
3489 3127 3784 3202 ἐγχωρίους

2134 3211 2462 3285 ὐσούρτρου
2516 3210 2814 3286 λεγομένην
2874 3211 3063 3287 ἔμενον
3129 3217 3499 3289 ἡσυχάζοντες
3550 3215 3603 3270 ἐν
3659 3221 3787 3278 τοῖς

2138 3299 2457 3371 ὑπαίθροις,
2513 3302 2686 3356 πάντα
2739 3302 3001 3378 πρότερον
3063 3305 3154 3359 τὸν
3214 3303 3449 3379 ἀγρότην
3507 3304 3637 3359 λαὸν
3692 3305 3788 3359 καὶ

2135 3393 2390 3462 γυναῖκας
2443 3389 2531 3443 καὶ
2564 3388 2758 3452 παῖδας
2788 3392 2878 3446 καὶ
2925 3396 3026 3446 πᾶν
3074 3394 3104 3447 ὅ
3132 3414 3185 3447 τι
3216 3394 3399 3466 τίμιον
3429 3392 3593 3468 συγκ)
3606 3393 3791 3448 εἷσαν-

2132 3496 2221 3537 τες
2255 3474 2306 3530 ἐν
2338 3482 2453 3538 τοῖς
2514 3477 2886 3553 ὀχυρώμασιν·
2937 3476 3174 3556 ἔγραψαν
3206 3478 3264 3536 δὲ
3310 3481 3400 3537 καὶ
3444 3485 3525 3552 τῷ
3567 3480 3795 3556 βασιλεῖ

2138 3562 2227 3618 διὰ
2276 3562 2654 3640 ταχυδρόμου,
2714 3565 3184 3640 δηλοποιήσαντες
3240 3572 3340 3639 τὴν
3371 3576 3478 3625 τῶν
3523 3568 3790 3625 ἐναντίων

2138 3651 2434 3710 ἐπέλευσιν.
2490 3656 2784 3728 Δεξάμενος
2837 3656 2928 3712 οὖν
2972 3660 3130 3723 οὗτος
3173 3659 3242 3713 τὰ
3285 3660 3585 3734 γράμματα
3639 3657 3792 3715 ἐκεί-

2135 3762 2247 3803 νοις
2292 3743 2386 3814 μὶν
2428 3742 2641 3817 ἐπέχειν
2676 3744 2941 3815 ἐκέλευεν,
2992 3744 3097 3811 ἕως
3148 3745 3207 3801 ἂν
3236 3748 3264 3802 ὁ
3293 3748 3597 3821 Λιπαρίτης
3651 3748 3796 3819 μετὰ

2135 3837 2237 3899 τῆς
2288 3836 2395 3886 τῶν
2456 3828 2685 3907 Ἰϐήρων
2716 3832 2993 3907 δυνάμεως
3044 3835 3217 3900 ἐλθὼν
3274 3842 3391 3898 τοῖς
3449 3837 3796 3909 Ῥωμαϊκοῖς

2139 3918 2311 3994 ἐνωθῇ
2371 3922 2751 3994 σνρατείιμασι·
2811 3926 3015 3997 πέμπει
3074 3923 3132 3980 δὲ
3186 3927 3323 4001 πρὸς
3355 3925 3558 3981 ἐκεῖνον
3599 3925 3793 3999 γράμο

2143 4029 2282 4080 ματα
2339 4006 2689 4084 διοριζόμενα
2760 4015 2857 4081 τὴν
2924 4014 3215 4089 ταχίστην,
3277 4014 3425 4090 εἷ’περ
3483 4013 3792 4089 σύμμαχον

2139 4096 2325 4151 ἑαυτὸν
2356 4100 2444 4152 καὶ
2478 4098 2634 4175 φίλον
2666 4101 2832 4174 κρίνει
2863 4101 3171 4174 Ῥωμαίων,
3240 4101 3573 4180 ἀνειληφότα
3610 4102 3799 4159 πάντα

2137 4186 2229 4240 τὸν
2287 4186 2410 4261 περὶ
2469 4187 2626 4243 αὐτὸν
2679 4187 2808 4244 λαὸν
2865 4191 3145 4269 ἀφικέσθαι
3202 4194 3294 4246 καὶ
3350 4192 3617 4265 συμμῖξαι
3668 4199 3795 4256 τοῖς

2140 4282 2469 4352 στρατηγοῖς
2526 4282 2632 4332 τῶν
2693 4279 2975 4351 Ῥωμαίων
3032 4280 3122 4335 καὶ
3185 4281 3299 4354 μετ’
3353 4280 3530 4335 αὐτῶν
3591 4279 3798 4337 διαπο-

2141 4363 2379 4437 λεμῆσαι
2412 4366 2544 4437 πρὸς
2567 4366 2696 4429 τοὺς
2731 4363 3054 4444 βαρϐάρους.
3108 4370 3176 4427 Οἱ
3236 4371 3329 4442 μὶν
3363 4369 3455 4424 οὖν
3484 4371 3797 4444 στρατηγοὶ

2140 4452 2206 4507 τὰ
2254 4455 2551 4527 γράμματα
2602 4453 2880 4529 δεξάμενοι
2939 4459 3180 4531 ῆρὲμουν
3237 4458 3311 4520 ὡς
3367 4456 3797 4529 ἐκελεύσθησαν,

2139 4543 2227 4596 καὶ
2286 4544 2387 4610 τὴν
2440 4548 2536 4597 τοῦ
2593 4546 2891 4617 Λιπαρίτου
2930 4547 3261 4620 προσέμενον
3316 4545 3529 4624 ἄφιξιν,
3581 4547 3801 4610 ἐκεῖνος

2143 4626 2201 4684 δὲ
2271 4631 2334 4685 τὸ
2395 4632 2676 4706 βασιλικὸν
2733 4631 3019 4707 δεξάμενος
3068 4636 3394 4711 πρόσταγμα
3440 4636 3534 4691 τὸν
3598 4637 3803 4691 ἑαυτοῦ

2146 4719 2282 4790 μετὰ
2336 4719 2550 4795 σχολῆς
2603 4719 2825 4796 ἤθροισε
2879 4723 2969 4778 καὶ
3021 4723 3337 4794 καθώπλιζε
3368 4723 3522 4781 Ααόν.
3552 4726 3646 4781 Ἐν
3677 4724 3805 4798 ὅσῳ

388 4819 530 4870 runt
550 4817 614 4869 ut
642 4815 864 4884 absque
894 4814 1267 4867 cunctatione
1308 4810 1519 4865 veniat.
1560 4809 1874 4864 Abramius
1924 4809 2024 4864 Ro-

2148 4804 2206 4861 δε
2236 4805 2392 4871 οὗτος
2420 4809 2516 4871 τὰς
2548 4809 2750 4874 οῗκείας
2781 4812 3085 4887 συνεκρότει
3115 4809 3371 4885 δυνάμεις
3400 4812 3489 4867 καὶ
3523 4814 3551 4866 ὁ
3584 4809 3804 4889 χρόνος

389 4920 634 4961 manum
662 4902 981 4960 exercitum
1016 4918 1129 4957 non
1182 4906 1489 4955 assecutus
1535 4900 1606 4953 ad
1647 4900 1813 4953 Artze
1858 4898 2035 4953 venit.

390 4993 582 5067 Pagus
609 4991 804 5049 eratis
836 4991 1041 5059 ingens
1073 5006 1139 5044 ac
1159 4988 1484 5043 multorum
1533 4986 1782 5041 millium
1834 5003 2033 5057 capax,

388 5097 733 5155 magnaque
763 5096 830 5136 eo
864 5079 1322 5135 continebantur
1386 5076 1622 5133 divntiaa.
1683 5075 2036 5130 Habitabant

385 5172 544 5227 enim
576 5170 656 5225 ibi
686 5185 819 5223 cum
855 5167 1142 5239 indigenas
1180 5170 1549 5234 mercatores,
1583 5168 1707 5219 tum
1756 5163 2030 5234 Syrorum

385 5257 795 5316 Armeniorum
821 5260 880 5311 et
900 5254 1033 5311 aliis
1063 5271 1131 5309 ex
1163 5254 1503 5310 nationibus
1526 5251 1842 5308 multitudo
1875 5250 2031 5306 haud

2147 4892 2409 4970 ἐτρίϐετο,
2461 4900 2489 4954 ὁ
2541 4895 2840 4975 Ἀϐράμιος
2898 4903 2998 4971 τήν
3043 4901 3487 4976 Βαασπρακανίαν
3547 4902 3807 4959 κοταλαο

2147 4978 2280 5054 ϐὼν,
2341 4986 2429 5040 καὶ
2488 4988 2671 5060 μαθὼν
2730 4988 2916 5065 ὅτιπερ
2967 4991 3019 5044 οἱ
3074 4991 3340 5063 Ῥωμαῖοι
3367 4990 3594 5045 ἐνταῦθα
3624 5011 3812 5046 συνει-

2146 5070 2397 5148 λεγμένοι
2454 5072 2600 5140 ὅντες
2658 5077 2746 5132 καὶ
2801 5080 2900 5148 τὴν
2962 5079 3128 5134 αὐτοῦ
3196 5080 3453 5152 μαθόντες
3508 5077 3811 5137 ἐπέλευσιν

2145 5162 2507 5235 ὑπενόστησαν
2555 5167 2629 5231 είς
2659 5163 2920 5245 Ἰϐηρίαν,
2951 5164 3158 5223 δειλίαν
3204 5167 3335 5244 ὅπερ
3381 5169 3448 5237 ἦν
3501 5167 3679 5238 εἰκὸς,
3741 5171 3814 5225 τὸ

2141 5258 2368 5328 πρᾶγμα
2393 5254 2716 5332 ὑπονοήσας,
2761 5259 2886 5333 παρ’
2919 5256 3075 5314 οὐδὲν
3107 5258 3334 5333 θέμενος
3373 5256 3463 5314 καὶ
3494 5256 3647 5312 λείαν
3711 5261 3815 5314 καὶ

1586 5421 1959 5478 XYLANI)RI
1998 5422 2089 5479 ET
2128 5424 2348 5484 GOARI
2391 5430 2598 5485 NOTAE

466 5581 577 5651 (37)
620 5580 937 5651 Incertum,
978 5575 1286 5651 uterinone
1333 5592 1405 5651 an
1461 5572 1579 5651 alia
1631 5579 1817 5628 matre
1882 5576 2039 5640 nato,

399 5646 568 5726 quasi
589 5650 688 5722 qui
710 5649 944 5705 aliunde
961 5647 1345 5719 germinasset
1370 5646 1547 5699 frater
1563 5660 1677 5699 non
1703 5660 2036 5718 germanus.

397 5740 515 5799 Hoc
547 5742 698 5795 enim
732 5744 901 5793 sonat
953 5754 1054 5792 vos
1109 5732 1453 5810 ὲτεροθαλὴς.
1501 5735 1568 5788 Et
1615 5735 1762 5789 tales
1807 5732 2040 5789 ﬂusculi

2152 5583 2209 5638 in
2243 5586 2452 5641 horum
2485 5585 2835 5658 scriptorum
2866 5585 3050 5658 pratis
3099 5601 3213 5642 non
3254 5587 3406 5658 sunt
3446 5580 3813 5658 insolentes.

2152 5664 2357 5726 estque
2388 5655 2727 5713 eadem‘vox
2767 5655 2918 5729 apud
2952 5659 3258 5723 Zonaram,
3289 5660 3346 5711 et
3395 5655 3547 5709 infra
3580 5672 3811 5713 rursus

2151 5734 2219 5784 de
2253 5731 2425 5785 Alimi
2459 5732 2654 5784 fratre.
2689 5729 2825 5785 ch.
