4036 6194
251 386 366 444 309

1388 383 1435 441 Η
1450 382 1929 442 ISTORIARUM
1976 380 2131 441 COM
2147 379 2430 439 PENDIU
2444 379 2497 437 M
2510 421 2523 434 .

3543 379 3665 436 310

255 510 691 587 λαφυραγωγίαν,
744 508 960 565 ἐδίωκεν
1022 512 1239 574 ὄπισθεν
1290 510 1483 577 αὐτων,
1544 510 1892 584 ἐπειγόμενος

2033 510 2261 565 nodica.
2290 514 2477 579 Atque
2513 507 2547 561 ii
2582 523 2823 561 numero
2856 506 2982 560 freti
3016 506 3170 560 intra
3200 521 3401 561 muros
3424 523 3485 562 se
3516 508 3662 561 reci-

254 600 501 675 συρέάξαι
562 606 680 661 τοῖς
742 605 975 674 παροῦσι
1033 601 1139 674 πρὸ
1196 605 1291 653 τοῦ
1360 602 1447 654 καὶ
1528 600 1707 673 ἑτέραν
1783 621 1903 653 συν-

255 694 602 761 αθροισθῆναι
668 687 915 761 δύναμιν.
976 691 1140 763 Ὅπερ
1202 689 1460 762 μαθόντες
1519 690 1568 743 οἱ
1611 688 1903 763 στρατηγοὶ

252 784 353 831 τῶν
411 779 724 851 Ῥωμαίων,
786 776 875 831 καῖ
924 779 1245 843 πτοηθέντες
1280 781 1353 850 μή
1390 801 1503 840 πως
1536 776 1903 853 ἀναγκασθῶσι

251 869 335 921 καὶ
394 866 613 928 ἄκοντες
661 866 973 939 πολεμῆσαι
1024 868 1128 941 πρὸ
1161 873 1255 921 τοῦ
1286 869 1379 921 τὸΛ
1410 870 1711 939 Λιπαρίτην
1743 889 1903 923 κατα-

254 952 439 1010 λαϐεῖν
528 956 821 1019 ὑποδὶντες
872 956 992 1010 τινά
1058 954 1333 1031 δυχωρίαν
1402 957 1756 1030 ἀπόκρημνον
1818 956 1904 1011 καὶ

262 1046 484 1122 σάραγξι
534 1045 791 1109 πάντοθεν
837 1044 1218 1119 κυκλουμένην
1265 1044 1564 1120 ἡσύχαζον,
1607 1046 1909 1120 γράψαντες

253 1135 383 1207 πρὸς
446 1136 539 1188 τὸν
601 1135 902 1209 Λιπαρίτην
950 1135 1100 1203 ἥκειν
1156 1136 1247 1188 καί
1310 1138 1383 1207 μή
1424 1132 1723 1208 βραδύνειν.
1759 1137 1817 1191 Ὁ
1850 1133 1906 1188 δὲ

254 1220 551 1298 Ἀϐράμξος
607 1232 706 1292 τῆς
754 1226 1068 1296 Ῥωμαϊκῆς
1099 1225 1432 1299 ἡστοχηκὼς
1465 1229 1713 1298 στρατιᾷς
1747 1220 1904 1299 ἔρχε-

252 1336 331 1367 ται
368 1313 445 1375 εἷς
476 1313 537 1366 τὸ
564 1312 627 1367 λε
644 1313 863 1385 τὸμενον
894 1315 1111 1385 ”Αρτζε,
1166 1311 1505 1385 Κωμόπολις
1535 1311 1590 1367 δὲ
1616 1314 1677 1367 τὸ
1708 1315 1907 1387 Ἀρτζε

256 1400 585 1475 μυρίανδρος
618 1404 704 1455 καὶ
749 1402 921 1455 πολὺν
956 1403 1192 1456 πλοῦτιν
1228 1402 1448 1478 ἔχουσα”
1511 1402 1686 1475 ᾤκουν
1720 1405 1819 1478 γὰρ
1851 1402 1901 1457 ἐν

253 1492 386 1563 αὐτῇ
448 1490 710 1565 ἰθαγενεῖς
739 1512 797 1545 τε
845 1486 1079 1566 ἔμποροι
1123 1492 1211 1545 καὶ
1256 1491 1444 1564 Σύρων
1477 1493 1564 1546 καὶ
1599 1492 1901 1567 Ἀρμενίων

252 1581 335 1634 καὶ
368 1578 559 1633 ἀλλων
608 1576 773 1634 ἔθνῶν
805 1580 1020 1650 πληθὺς
1051 1580 1149 1635 οὐκ
1178 1579 1368 1653 ὀλίγη·
1405 1581 1594 1642 οθίτινες
1626 1585 1693 1655 τῇ
1726 1581 1906 1652 οἰκείᾳ

254 1668 574 1743 θαρῥοῦντες
609 1666 819 1737 πληθύι
873 1668 934 1722 οὖ
983 1667 1329 1741 κατεδέξαντο
1371 1667 1498 1723 εἶ’σω
1546 1670 1766 1744 τιίχους
1817 1692 1901 1745 γε’

256 1758 451 1824 νέσθαι,
499 1757 587 1810 καὶ
618 1762 783 1811 ταῦτα
821 1764 919 1826 τῆς
964 1755 1477 1820 Θεοδοσιουπόλεως
1535 1759 1594 1812 ἐκ
1649 1759 1906 1833 γειτόνων

253 1848 507 1917 κειμένης
557 1847 824 1921 μεγίστης
869 1845 1083 1907 πόλεως
1113 1848 1199 1901 καὶ
1250 1853 1434 1922 τεῖχος
1470 1846 1704 1921 ἐχούσης
1749 1847 1902 1921 ίσχυ-
1937 1885 1983 1948 Β

254 1936 341 2008 ρον
372 1934 460 1987 καὶ
491 1933 796 2002 ἀνάλωτον,
850 1933 1033 1989 πολλὰ
1065 1940 1160 1989 τοῦ
1210 1936 1557 2008 Κεκαυμένου
1592 1933 1681 1990 διὰ
1729 1957 1907 2011 γραμ-

266 2024 445 2093 μάτων
505 2020 595 2076 καί
653 2022 1053 2093 ἀπειλήσαντος
1100 2024 1189 2077 καὶ
1240 2023 1732 2098 παρακαλέσαντος.
1797 2028 1909 2082 Κα-

261 2108 610 2166 ταλαϐόντων
670 2110 760 2165 οὖν
817 2118 923 2165 τῶν
957 2111 1216 2187 Τοῦρκων
1249 2113 1336 2168 καὶ
1369 2114 1692 2186 ἁπτομένων
1723 2110 1907 2189 ἔργου,

261 2200 309 2254 οἱ
368 2198 420 2253 ὲν
474 2205 553 2271 τῷ
605 2206 801 2274 ἈἈρτζε
856 2200 951 2264 τὰς
981 2198 1195 2263 διόδους
1256 2201 1668 2276 συγκλείσαντες
1696 2204 1783 2257 καὶ
1821 2202 1905 2257 ἐπὶ

258 2294 365 2343 τῶν
427 2287 697 2361 δωμάτων
747 2285 1039 2353 ἀναϐάντες
1069 2292 1153 2363 [Ρ.
1187 2294 1318 2364 773]
1368 2290 1543 2356 λίθοις
1588 2292 1677 2347 καὶ
1728 2292 1912 2363 ξύλοις

256 2380 344 2432 καὶ
406 2379 587 2448 τόξοις
646 2378 772 2438 τοὺς
830 2377 1080 2441 ἐπιόντας
1141 2379 1442 2451 ἠμύνοντο.
1479 2382 1575 2434 Καὶ
1608 2379 1908 2436 διετέλεσαν

258 2466 570 2541 μαχόμενοι
630 2466 713 2540 ἐφ’
744 2466 877 2528 ὕλας
909 2470 1119 2541 ἡμέρας
1150 2466 1224 2539 ἓξ.
1277 2469 1637 2545 Ἀγγελθέντο
1697 2468 1754 2524 δὲ
1782 2470 1911 2524 τού-

256 2576 351 2607 του
385 2560 501 2615 τοῖς
538 2561 894 2629 στρατηγοῖς,
956 2557 983 2609 ὁ
1044 2557 1381 2628 Κεκαυμένος
1438 2557 1611 2619 πολὺς
1641 2560 1706 2627 ἦν
1742 2558 1913 2633 ἰγκεί-

263 2665 419 2713 μενος
475 2643 566 2697 καὶ
625 2642 952 2717 παρακαλῶν
1014 2645 1265 2709 ἀπελθεῖν
1323 2647 1411 2700 καὶ
1462 2642 1759 2719 συμϐαλεῖν
1800 2654 1917 2711 τοῖς

257 2733 535 2806 Τοῦρκοις
565 2732 657 2785 τὸν
691 2737 816 2786 νοῦν
849 2730 1037 2807 ἔχουσι
1099 2736 1236 2810 πρὸς
1268 2740 1334 2809 τῇ
1366 2736 1682 2810 πολιορκίᾳ,
1713 2736 1803 2791 καὶ
1838 2737 1913 2808 μὴ

260 2822 528 2889 καθῆσθαι
584 2820 879 2889 τηνάλλως
933 2822 1022 2875 καὶ
1084 2817 1290 2897 τρίϐειν
1341 2825 1435 2879 τὸν
1493 2826 1691 2900 χρόνον
1727 2870 1739 2894 ,
1815 2827 1916 2894 τήν

265 2909 484 2978 συκίνην
574 2914 983 2983 προσμένοντας
1057 2910 1366 2988 ἐπικουρίαν
1436 2915 1527 2968 τὸν
1597 2916 1916 2988 Αιπαρίτην,

263 2999 348 3052 καῖ
393 3000 483 3052 τὸν
547 2995 857 3067 ἐπιτήδειον
917 3002 1328 3075 παρατρέχοντα
1362 3000 1581 3077 βλέπειν
1613 3004 1821 3078 καιρὸν,
1858 3005 1919 3058 οὗ

265 3092 452 3161 τυχεῖν
508 3085 676 3141 πάλιν
737 3087 799 3141 οὐ
833 3085 1038 3162 ῥᾴδιον.
1099 3090 1542 3155 Ἀντιπίπτοντος
1585 3089 1641 3146 δὲ
1671 3097 1765 3146 τοῦ
1797 3094 1917 3149 Ἀα-

268 3177 402 3248 ρὼν,
463 3173 555 3228 καί
622 3172 788 3247 μηδέν
844 3196 895 3227 τι
959 3172 1342 3252 διαπράξασθαι
1404 3177 1655 3254 λέγοντος
1686 3181 1831 3255 παρά
1858 3182 1921 3235 τὸ

2018 617 2147 670 pere
2178 599 2509 661 noluerunt,
2556 613 2685 650 cum
2720 595 2956 666 quidem
2994 595 3256 666 proxima
3286 601 3441 649 esset
3470 596 3660 651 Theo-

2016 689 2333 759 dosiOpolis
2361 688 2500 741 urbs
2522 703 2730 758 magna
2750 693 2803 739 et
2826 701 2993 739 muro
3018 685 3208 738 cincta
3227 684 3663 755 inexpugnabili

2016 780 2224 833 Turcis
2257 793 2386 831 cum
2424 794 2634 847 pagum
2670 774 2985 846 aggressis,
3020 772 3252 827 Artzeni
3276 772 3529 828 occlusis
3558 773 3665 828 viis

2017 874 2168 923 tecta
2197 866 2685 927 conscenderunt,
2719 867 2907 933 deque
2942 864 3011 917 iis
3044 863 3371 934 saxa,ligna
3397 861 3666 932 etjacula

2018 959 2075 1011 in
2099 960 2509 1027 oppugnantes
2538 959 2855 1008 torserunt.
2878 955 2963 1007 Ita
2997 957 3144 1007 totos
3168 968 3268 1006 sex
3285 950 3409 1007 dies
3440 966 3665 1021 pugna-

2016 1054 2141 1101 tum
2172 1053 2278 1101 est.
2323 1045 2424 1099 Rei
2460 1043 2663 1097 nuntio
2688 1043 2756 1097 ad
2782 1042 3076 1097 Romanos
3106 1039 3303 1106 allato,
3338 1039 3666 1094 Ambustus

2019 1135 2241 1189 multus
2272 1141 2396 1188 erat
2430 1134 2486 1187 in
2522 1132 2781 1203 urgendo
2810 1135 2982 1200 atque
3014 1130 3372 1184 exhortando
3399 1133 3459 1183 ut
3482 1128 3666 1182 iretur

2017 1242 2082 1280 ac
2116 1241 2247 1278 cum
2279 1223 2484 1277 Turcis
2511 1220 2930 1293 oppugnationi
2954 1220 3197 1274 intentis
3226 1235 3437 1273 manus
3464 1233 3662 1273 conse-

2018 1320 2202 1369 reretu
2215 1328 2454 1383 r,neque
2478 1318 2590 1366 tem
2603 1328 2709 1382 pus
2734 1310 2789 1362 in
2802 1308 3019 1364 utiliter
3036 1314 3282 1362 tererelu
3295 1326 3321 1361 r
3342 1306 3662 1361 desidendo

2016 1411 2071 1459 et
2105 1401 2380 1456 liculnum
2407 1400 2547 1454 illud
2575 1399 2909 1470 praesidium
2940 1398 3223 1469 Lipariten
3248 1395 3662 1467 exspectando,

2015 1508 2259 1561 eamque
2305 1489 2669 1544 occasionem
2733 1486 3081 1557 negligendo
3138 1485 3392 1551 interim,
3427 1482 3660 1553 qualem

2016 1582 2223 1635 deinde
2255 1581 2408 1634 haud
2458 1578 2625 1633 facile
2684 1580 2882 1631 essent
2932 1575 3220 1646 adepturi.
3283 1575 3661 1643 Repugnante

2015 1676 2208 1723 tamen
2241 1666 2758 1736 Aarcne,nihilque
2790 1682 2850 1720 se
2874 1669 3082 1735 praeter
3102 1662 3470 1735 imperatoris
3493 1677 3659 1715 man-

2016 1760 2215 1812 datum
2250 1764 2518 1812 acturum
2579 1756 2930 1820 affirmante,
2997 1753 3123 1824 ipse
3178 1751 3354 1806 etiam
3416 1748 3655 1820 quievit.

2015 1848 2167 1905 578
2202 1846 2512 1901 Abramius
2545 1862 2655 1899 non
2691 1862 2758 1898 ex
2788 1842 2970 1898 animi
3002 1839 3291 1897 sententia
3312 1838 3658 1895 succedente

2019 1938 2409 2007 negotio,cum
2435 1935 2625 1990 vicum
2658 1948 2989 2003 expugnare
3023 1948 3135 1985 non
3174 1933 3392 2002 posset,
3446 1927 3656 1998 opibus

2019 2027 2325 2097 praedaque
2378 2023 2589 2094 spretis
2649 2022 2842 2092 ignem
2914 2020 3186 2075 domibus
3247 2017 3409 2088 injici
3461 2017 3653 2086 jubet.

2019 2115 2232 2171 Statim
2264 2112 2430 2167 Turci
2466 2113 2618 2167 faces
2651 2110 3075 2179 materiamque
3107 2108 3261 2179 ignis
3292 2121 3563 2176 capacem
3600 2105 3655 2157 in

2019 2206 2225 2258 domos
2270 2201 2633 2272 conjiciunt:
2685 2206 2742 2254 et
2797 2206 2991 2254 coorto
3049 2197 3312 2266 undique
3369 2193 3663 2259 incendio,

2018 2292 2245 2348 Artzeni
2279 2308 2412 2346 cum
2446 2289 2562 2359 igni
2595 2289 2771 2343 simul
2805 2293 2861 2343 et
2906 2287 3174 2342 hostibus
3223 2285 3493 2339 resistere
3549 2299 3665 2337 non

2023 2381 2359 2453 possent,ad
2394 2380 2592 2450 fugam
2655 2377 2963 2432 inclinant.
3017 2376 3233 2431 Ferunt
3288 2370 3533 2443 periisse
3588 2369 3669 2423 ibi

2022 2471 2326 2525 hominum
2361 2470 2431 2523 ad
2464 2472 2695 2523 centum
2748 2466 3133 2537 quadraginta
3192 2460 3399 2530 millia,
3461 2458 3670 2530 partim

2024 2561 2173 2615 ferro
2192 2556 2717 2628 cassorum,partim
2740 2554 2860 2626 igni
2876 2555 3020 2609 absu
3033 2553 3497 2623 mptorum.Cum
3511 2546 3669 2603 enim

2025 2655 2193 2719 capto
2217 2649 2341 2703 vico
2373 2648 2446 2701 de
2478 2645 3096 2714 salute-desperarent,
3146 2639 3315 2694 multi
3344 2655 3427 2708 se,
3463 2653 3672 2692 uxores

2027 2739 2360 2807 liberosque
2417 2752 2556 2789 suos
2588 2735 2646 2788 in
2710 2734 2906 2804 ignem
2965 2731 3364 2799 conjecerunt.
3396 2729 3563 2781 Artze
3595 2726 3667 2780 ad

2028 2827 2184 2881 hunc
2218 2826 2458 2879 modum
2508 2823 2725 2895 potitus
2775 2820 3001 2875 Alimus
3057 2819 3183 2873 auri
3237 2816 3555 2888 plurimum
3614 2820 3672 2867 et

2029 2915 2227 2985 aliqua
2258 2912 2423 2967 utilia
2449 2914 2801 2966 ferramenta
2820 2908 3197 2977 invenit,quas
3228 2904 3383 2976 ignis
3406 2920 3518 2959 non
3544 2920 3670 2957 cor-

2033 3007 2484 3074 ruperat.Equos
2507 3002 2643 3054 item
2674 3000 2893 3053 multos
2912 3004 2969 3053 et
2999 2996 3399 3065 aliajumenta
3426 2993 3673 3063 adeptus

2030 3097 2155 3156 est;
2193 3097 2536 3160 armatoque
2565 3095 2754 3159 utpar
2782 3092 2904 3142 erat
2952 3104 3058 3141 suo
3109 3083 3385 3147 exercitu,
3435 3082 3677 3137 abduxit

2030 3182 2191 3243 inde,
2228 3180 2558 3234 Romanum
2593 3192 2860 3246 quaerens
2886 3175 3226 3229 exercitum.

279 3261 564 3336 βασιλικὸν
631 3263 913 3337 βούλημα,
973 3266 1206 3340 ἡσυχίαν
1265 3268 1356 3321 καὶ
1412 3269 1573 3331 αὐτὸς
1623 3270 1771 3343 ἦγεν.
1830 3264 2133 3343 Ἀϐράμιος
2166 3265 2223 3321 δὲ
2256 3268 2331 3338 μὴ
2363 3265 2497 3320 κατά
2556 3263 2753 3317 σκοπὸν
2815 3260 3139 3336 χωρούντων
3200 3258 3474 3329 αὖτῷτῶν
3503 3275 3681 3331 πραγσ-

274 3354 477 3423 μάτων,
539 3355 615 3424 μή
678 3350 971 3425 δυνάμενος
1029 3354 1325 3431 πολιορκίᾳ
1377 3359 1476 3426 τήν
1528 3358 1854 3430 κωμόπολιν
1908 3358 2373 3432 παραστήσασθαι,
2440 3350 2708 3427 ὑπεριδὼν
2766 3350 2855 3404 καὶ
2900 3348 3143 3403 πλούτου
3199 3347 3290 3401 καὶ
3352 3345 3521 3412 λείας,
3575 3348 3681 3416 π’ἶνρ

272 3440 466 3492 ἐνεῖναι
529 3446 647 3503 τοῖς
707 3439 950 3513 δώμασιν
1012 3440 1373 3516 ἰγκελεόεται,
1425 3448 1513 3500 καί
1570 3446 1724 3507 εὐθὺς
1784 3448 1835 3499 οὶ
1892 3450 2122 3518 Τοῦρκοι
2181 3440 2380 3503 δαλοὺς
2436 3438 2673 3516 α’ίροντες
2722 3438 2809 3493 καὶ
2843 3436 2980 3506 ὕλην
3040 3433 3339 3506 εὔπρηστον
3370 3432 3684 3502 ἐξάπτοντες

274 3528 566 3603 ὲρῥίπτουν
626 3528 680 3583 ἐν
736 3536 853 3591 τοῖς
908 3527 1171 3603 δώμασιν·
1232 3534 1554 3611 ἀναφθέντος
1614 3533 1670 3590 δὲ
1733 3540 1829 3590 τοῦ
1885 3535 2051 3611 πυρὸς
2106 3532 2441 3607 πανταχόθεν
2501 3530 2589 3585 καὶ
2649 3532 2914 3602 πυρκαϊᾶς
2978 3525 3234 3599 μεγίστης
3286 3518 3682 3595 ἀνεγερθείσης,

276 3620 325 3671 οἳ
387 3620 685 3692 Ἀρτζηνοῖ
754 3615 890 3692 πρὸς
944 3641 1003 3674 ’τε
1058 3622 1120 3676 τὸ
1179 3627 1285 3696 πῦρ
1345 3608 1491 3696 -πρός
1538 3646 1595 3678 τε
1640 3626 1733 3685 τάς
1788 3625 1847 3678 ἐκ
1899 3608 2006 3678 τών
2063 3622 2229 3692 τόξων
2295 3618 2461 3695 βολὰς
2522 3620 2596 3691 μή
2663 3615 2973 3685 δυνηθέντες
3029 3612 3271 3687 ἀντέχειν
3303 3608 3572 3666 ἐνέκλιναν
3608 3608 3682 3669 εἰς

276 3711 471 3786 φυγήν.
510 3709 609 3761 Καὶ
641 3706 853 3781 λέγεται
885 3707 1184 3773 ἀπολέσθαι
1215 3712 1336 3787 περὶ
1365 3713 1459 3776 τὰς
1490 3715 1564 3785 ρν¹
1586 3711 1843 3788 χιλιάδας
1873 3710 2099 3787 ἀνδρῶν,
2124 3717 2229 3765 τῶν
2263 3712 2354 3783 μὲν
2390 3709 2664 3784 μαχαίρας
2695 3712 2801 3760 τῶν
2836 3703 2891 3759 δὲ
2916 3705 3086 3779 πυρὸς
3116 3698 3493 3775 παρανάλωμα
3521 3718 3683 3771 γεγο-

274 3798 469 3850 νότων
506 3795 657 3850 οὗτοι
691 3796 792 3871 γὰρ
827 3798 939 3852 ἐπεὶ
970 3802 1360 3874 κατισχυμένοι
1392 3801 1627 3875 ἔγνωσαν
1656 3804 2108 3879 ἀποσφάττεσθαι,
2140 3800 2396 3876 γυναῖκάς
2427 3820 2485 3853 τε
2517 3798 2606 3852 καὶ
2635 3798 2796 3850 τέκνα
2826 3796 3027 3849 ἑαυτῶν
3061 3791 3136 3855 είς
3165 3792 3227 3845 τὸ
3274 3794 3380 3863 πῦρ
3421 3785 3683 3863 ἀπιρῥίπ’

276 3906 420 3941 τουν.
460 3884 622 3941 Οὖτω
648 3890 745 3939 τοῦ
775 3892 973 3960 ’Ἃρτζε
1012 3887 1334 3965 ληφθέντος,
1367 3888 1511 3944 πολὺ
1544 3891 1768 3965 χρυσίον
1800 3867 1969 3966 εὑρὼν
2000 3893 2027 3944 6
2058 3866 2354 3964 Ἀϐράμιος
2383 3890 2470 3943 καὶ
2503 3884 2647 3941 ὅπλα
2677 3884 2766 3939 καὶ
2799 3883 2942 3938 ἄλλα
2972 3882 3091 3937 τινὰ
3119 3866 3574 3955 χ“ρειώδη,ὁπόσα
3608 3875 3682 3946 μὴ

275 3980 355 4046 τῷ
386 3973 519 4047 πυρὶ
551 3976 885 4044 κατέστησαν
916 3974 1183 4051 ἄχρηστα,
1218 3974 1654 4054 περιϐαλόμενος
1686 3977 1742 4033 δὲ
1771 3980 1859 4032 καὶ
1884 3976 2053 4031 ’ίππον
2087 3977 2186 4031 οὐκ
2216 3976 2410 4052 ὀλίγην
2441 3975 2529 4029 καὶ
2565 3972 2847 4048 ὑποζύγια,
2892 3972 2977 4025 καὶ
3011 3970 3101 4025 τὸν
3132 3970 3326 4022 ἑαυτοῦ
3358 3966 3488 4020 λαὸν
3523 3975 3683 4026 καθο-

278 4062 476 4123 πλίσας
510 4063 584 4123 ὡς
618 4056 749 4129 ἔδει,
786 4063 1106 4138 ὑπέστρεψεν
1136 4066 1415 4136 ἀναζητῶν
1436 4068 1533 4135 τὴν
1560 4069 1875 4139 Ῥωμαϊκὴν
1906 4064 2151 4138 δύναμιν.

351 4150 501 4219 Αὕτη
540 4147 596 4204 δὲ
643 4147 1044 4214 καταλαϐόντος
1077 4151 1184 4223 ⁹ἤδη
1235 4155 1325 4209 καὶ
1356 4160 1452 4210 τοῦ
1510 4154 1809 4229 Λιπαρίτου
1842 4176 1929 4208 κα-
1962 4159 2004 4223 C

274 4234 484 4294 ταϐἆσα
542 4239 649 4293 ἀπὸ
706 4244 801 4293 τοῦ
864 4240 1118 4315 ῥηθέντος
1147 4242 1511 4319 ὀχυρώματος
1559 4239 1730 4298 ἔκειτο
1758 4242 1807 4298 ἐν
1866 4247 1935 4317 τῇ

279 4326 494 4382 πεδιάδι
551 4328 689 4382 κατά
747 4329 875 4391 τοὺς
940 4329 1219 4406 πρόποδας
1275 4338 1373 4388 τοῦ
1457 4336 1652 4409 βουνοῦ
1712 4332 1936 4408 ἔνθαπερ

285 4415 495 4491 ἵδρυται
527 4418 589 4471 τὸ
623 4418 910 4492 Καπετροῦ
949 4420 1228 4496 φρούριον,
1293 4423 1643 4499 Ἐρχομένων
1706 4424 1796 4476 οὗν
1828 4427 1936 4477 τῶν

284 4505 546 4579 Τουρκων
610 4504 891 4581 σποράδην
950 4505 1303 4565 συνεϐούλευε
1355 4512 1518 4567 πάλιν
1580 4513 1608 4566 6
1661 4510 1936 4583 Κεκαυμέ-

286 4616 377 4655 νος
434 4590 742 4665 συμϐαλεῖν
800 4595 984 4660 αὐτοῖς
1010 4595 1419 4674 διεσπαρμένοις
1480 4601 1597 4654 οὗσι
1656 4601 1742 4655 καὶ
1784 4602 1939 4653 ἀσυν-

285 4683 503 4743 τάκτοις
558 4676 658 4736 ἔτι.
718 4681 880 4739 Ἀλλ’
935 4686 962 4739 6
1022 4664 1326 4762 Amapi'rqc
1384 4690 1484 4743 οὐκ
1527 4687 1693 4757 ἤθελε
1724 4686 1812 4743 διὰ
1840 4689 1940 4756 τὴν

286 4772 522 4844 ὴμίρανυ
584 4772 654 4839 ἦν
716 4772 816 4845 γάρ
859 4768 1148 4842 σάϐϐατον,
1189 4778 1257 4846 ιη’
1314 4774 1543 4851 ἄγοντος
1568 4782 1665 4832 τοῦ
1697 4785 1940 4850 Σεπτεμ-

288 4853 468 4931 ϐρίου,
504 4861 701 4931 μηνὸς,
748 4868 848 4930 τῆς
979 4862 1351 4935 ἔπινειιήσεως
1381 4868 1516 4940 (38),
1579 4866 1629 4920 ἐν
1657 4872 1774 4928 ταῖς
1808 4868 1940 4920 ἀπο-

290 4950 450 5023 φράσι
507 4947 567 5003 δὲ
635 4950 745 5003 τὼν
814 4953 1037 5027 ἡμερῶν
1105 4959 1186 5025 τῷ
1242 4956 1512 5030 Λιπαρίτῃ
1566 4957 1628 5011 τὸ
1675 4952 1939 5011 σάϐϐατον

290 5036 593 5107 ἐνομίζετο,
626 5036 760 5111 ὅπερ
809 5039 1347 5116 ἀποτροπιαζόμεαος
1373 5043 1623 5100 ἀνεδύετο
1655 5046 1941 5118 πολεμεῖν.

292 5124 391 5178 Καὶ
423 5126 487 5179 τά
520 5127 615 5199 μὲν
638 5131 749 5181 τῶν
780 5128 1066 5201 Ῥωμαίων
1098 5132 1149 5186 ἐν
1181 5134 1417 5204 τούτοις,
1479 5136 1506 5189 6
1558 5132 1615 5189 δὲ
1648 5130 1946 5209 ’Δϐράμιος

2154 4156 2397 4210 Romani
2429 4159 2647 4217 autem,
2681 4168 2810 4207 cum
2838 4152 2961 4220 jam
2984 4149 3265 4217 Liparites
3289 4145 3359 4199 ad
3383 4160 3482 4199 eos
3499 4141 3689 4196 venis-

2047 4250 2153 4315 set,
2184 4263 2216 4298 a
2246 4245 2400 4299 dicta
2441 4242 2764 4297 munitione
2801 4240 3219 4295 descenderant
3259 4235 3313 4288 in
3363 4231 3688 4303 planitiem,

2049 4336 2117 4388 ad
2143 4335 2368 4388 radices
2382 4332 2546 4387 collis
2565 4331 2655 4385 cui
2675 4330 2989 4400 Capetrum
3009 4324 3316 4380 castellum
3335 4326 3426 4377 est
3447 4318 3688 4390 imposi~

2046 4420 2670 4477 tum.Adventantibus
2701 4434 2837 4488 ergo
2866 4416 3072 4471 Turcis
3101 4412 3385 4484 dissipato
3436 4408 3686 4479 agmine,

2049 4528 2283 4566 rursum
2317 4508 2615 4565 consuluit
2638 4508 2952 4562 Ambustus
2975 4508 3038 4560 ut
3068 4504 3125 4557 in
3158 4502 3455 4572 dispersos
3476 4502 3533 4554 et
3554 4496 3689 4551 nul-

2052 4602 2121 4655 lis
2182 4599 2371 4654 adhuc
2423 4596 2728 4652 ordinibus
2784 4593 3088 4649 instructis
3164 4593 3443 4663 vagantes
3528 4588 3689 4640 ﬁeret

2050 4690 2305 4759 impetus
2355 4705 2369 4753 ;
2453 4687 2553 4741 sed
2619 4683 2897 4756 Liparites
2947 4700 2979 4737 a
3067 4697 3259 4753 pugna
3319 4676 3690 4737 abhorrebat,

2051 4779 2204 4851 quod
2240 4778 2550 4832 sabbatum
2579 4774 2734 4829 inter
2771 4773 2894 4827 dies
2952 4776 3109 4825 atros
3168 4774 3343 4840 atque
3399 4765 3692 4819 infaustos

2051 4868 2309 4921 haberet.
2347 4867 2475 4919 Erat
2509 4870 2701 4917 autem
2745 4867 2871 4915 tum
2920 4859 3237 4914 Sabbatum
3289 4857 3415 4911 dies
3467 4854 3696 4909 decima

2051 4961 2258 5011 octava
2287 4951 2993 5024 Septembrisindictione
3035 4947 3314 5003 secunda.
3346 4945 3454 5000 Sed
3510 4943 3695 4997 Abra-

2052 5046 2207 5101 mius
2240 5044 2391 5101 579
2417 5058 2484 5096 ex
2528 5040 2988 5113 praecursoribus
3044 5035 3379 5106 intelligens
3410 5050 3521 5104 quo
3572 5031 3698 5085 loco

2055 5132 2304 5190 Romani
2346 5137 2538 5187 castra
2571 5130 2849 5185 haberent
2880 5133 3059 5199 utque
3090 5126 3482 5196 quiescerent,
3542 5137 3702 5176 com-

1498 5285 1874 5340 XYLANDRI
1913 5284 2004 5338 ET
2039 5281 2254 5338 GOARI
2293 5280 2508 5337 NOT/E

368 5398 688 5481 (3R).Ann0
722 5403 948 5461 scilicet
981 5408 1671 5481 mundi6557,siquidem
1706 5408 1945 5464 indictio

297 5472 848 5552 secundumannos
872 5483 1155 5544 mutatur,
1183 5486 1237 5535 et
1267 5472 1601 5552 quindecim
1656 5498 1944 5536 annorum

294 5546 1209 5627 circuitupad.eumdem_reditur
1238 5546 1820 5627 numerumﬂonstat
1850 5570 1947 5607 au-

298 5618 428 5699 tem
461 5615 837 5699 indictionem
864 5623 1233 5699 undecimam
1261 5624 1443 5681 fuisse
1465 5624 1948 5699 ann_um,etc.,54,

302 5690 361 5738 et
393 5682 805 5746 duodecimam
839 5708 1061 5750 annum
1088 5695 1179 5765 52,
1202 5712 1271 5752 ex
1300 5682 1790 5769 superioribus,et
1818 5682 1949 5768 quas

2057 5409 2128 5463 de
2176 5406 2492 5462 Theodore:
2556 5402 2802 5477 imperio
2862 5400 3014 5477 infra
3070 5398 3383 5477 dicuntur,_
3451 5394 3703 5477 aliisque

2057 5477 2274 5533 multis.
2312 5482 2397 5533 Ita
2426 5467 2676 5531 Tornicii
2704 5473 2970 5538 del'rctio,
3004 5488 3129 5539 quis
3181 5471 3236 5523 in
3300 5467 3547 5539 primam
3606 5467 3693 5517 in-

2057 5549 2371 5605 dictionem
2405 5549 2558 5603 dicta
2589 5552 2674 5602 est
2704 5544 3000 5609 incidisse,
3030 5538 3143 5595 fuit
3200 5538 3350 5593 anno
3405 5538 3549 5609 6556
3603 5548 3695 5587 se-

2058 5621 2318 5675 cundum
2351 5625 2638 5675 nostrum.
2665 5618 2783 5673 Hoc
2806 5606 3111 5671 radiorum
3133 5626 3309 5666 causa
3340 5606 3494 5663 volui
3521 5617 3695 5660 anuo-

2061 5696 2203 5748 tare.
2226 5693 2369 5747 ΧΠ..
