4036 6194
313 271 422 330 3H

1649 260 1963 321 GEORGII
2010 258 2347 319 CEDHENI

3595 277 3716 337 312

313 401 501 473 posito
534 400 604 456 ad
637 416 897 472 pugnam
931 399 1162 473 agmine
1210 399 1282 454 ad
1324 413 1422 452 eos
1475 394 1741 451 accessit.
1793 391 1954 457 Quod

2078 386 2156 442 διὰ
2187 393 2293 442 τῶν
2322 386 2654 464 προδρόμων
2693 394 2877 464 μαθὼν
2905 394 3032 450 ὅποι
3081 418 3139 452 τε
3165 400 3216 453 oi
3248 400 3507 473 Ῥωμαῖνι
3549 404 3712 474 ηὐλί-

309 489 559 545 Romani
582 489 846 544 videntes
880 490 988 560 ipsi
1023 505 1251 558 quoque
1275 485 1437 540 inviti
1461 484 1714 552 ordines
1749 485 1956 534 instru-

315 585 546 634 xerunt.
584 579 796 633 Dextro
819 584 1021 633 coruui
1046 582 1393 640 Ambustus,
1429 575 1565 627 lzevo
1587 576 1772 625 Aaron
1813 587 1954 640 prae-

315 670 542 724 fectus:
576 669 863 739 Liparites
899 668 1144 722 mediam
1179 667 1428 720 ducebat
1460 662 1955 716 acieni.Ambusto

311 758 618 829 oppositus
641 765 764 812 erat
790 753 1359 820 Abramius,Aaroni
1391 752 1534 807 alter
1565 752 1780 804 ducum
1821 748 1958 801 Tur-

313 846 569 902 cicorum
615 847 1048 914 Chorosauites,
1100 843 1362 914 Liparitae
1424 845 1630 908 ASpam
1677 837 1956 900 Selarius,

313 934 574 990 Abramii
651 952 720 989 ex
789 934 969 988 altero
1034 935 1318 988 duntaxat.
1393 935 1694 1001 parentum
1761 928 1958 988 frater,

315 1023 814 1078 Praeliuminitum
857 1031 946 1077 est
993 1023 1134 1077 SOllS
1160 1026 1280 1091 jam
1314 1021 1657 1073 imminente
1714 1032 1956 1081 occasu;

317 1120 374 1166 et
405 1127 538 1166 cum
563 1112 883 1165 Ambustus
911 1120 1031 1165 tum
1053 1116 1236 1165 Aaron
1264 1116 1504 1178 uterque
1527 1107 1639 1162 sibi
1661 1106 1960 1177 oppositos

317 1201 516 1255 hostes
562 1200 859 1265 fuderunt,
911 1205 1082 1269 atque
1131 1215 1318 1269 usque
1376 1198 1445 1251 ad
1510 1196 1649 1267 galli
1723 1201 1958 1248 cantum

314 1288 602 1358 persecuti
644 1295 804 1344 sunt.
846 1288 1131 1359 Liparites
1170 1293 1366 1342 autem
1417 1285 1738 1357 patruelem
1784 1298 1958 1337 suum

312 1376 826 1449 occubuissemgre
877 1379 1089 1442 ferens,
1135 1377 1276 1431 dum
1329 1376 1613 1446 impetum
1660 1373 1960 1428 vehemen-

317 1466 526 1521 tiorem
570 1466 692 1535 dat,
738 1483 888 1536 equo
921 1483 1026 1521 suo
1079 1466 1270 1521 occiso
1319 1465 1562 1535 capitur.
1635 1463 1880 1517 Romani
1928 1476 1962 1512 a

313 1554 715 1626 persecutione
750 1557 962 1610 reversi
994 1559 1064 1610 ab
1095 1555 1264 1625 equis
1311 1554 1698 1617 descendunt,
1733 1568 1963 1620 unaque

311 1660 450 1699 voce
486 1644 601 1700 Deo
651 1661 752 1715 pro
799 1644 1038 1699 victoria
1089 1649 1272 1714 agunt
1301 1645 1542 1714 gratias,
1591 1647 1647 1696 et
1683 1646 1956 1695 cantant:

314 1756 341 1783 ι(
391 1733 534 1796 Quis
578 1733 730 1788 Deus
781 1732 861 1787 ita
912 1750 1161 1804 magnus
1203 1738 1377 1802 atque
1433 1737 1580 1786 Deus
1631 1735 1828 1784 noster
1863 1730 1891 1783 ?
1929 1749 1957 1778 ››
1997 1763 2039 1826 Β

316 1822 748 1893 Liparitamque
773 1827 1148 1892 exspectant,
1200 1837 1369 1889 quem
1416 1826 1472 1875 et
1519 1822 1709 1889 ipsum
1755 1823 1964 1889 putant

313 1910 698 1982 insequendis
719 1911 990 1965 hostibus
1014 1927 1075 1965 se
1101 1911 1352 1965 dedisse.
1377 1914 1517 1963 Cum
1545 1915 1737 1963 autem
1765 1908 1964 1962 nullus

314 2004 699 2072 compareret,
769 1999 1104 2054 sollicitudo
1187 2016 1286 2054 eos
1363 1998 1628 2063 incessit,
1711 1999 1964 2051 incertos

317 2089 602 2161 quidnam
633 2088 685 2143 ei
715 2088 1399 2144 evenissetﬂwrentibus
1431 2088 1512 2142 eis
1546 2088 1702 2142 venit
1724 2086 1963 2156 quidam

317 2178 418 2250 qui
448 2177 559 2232 sub
588 2176 842 2248 Liparita
865 2183 989 2232 tum
1016 2176 1390 2246 militaverat,
1440 2193 1695 2246 eumque
1750 2177 1965 2229 victum

314 2271 628 2338 etcaptum
661 2266 816 2323 580
862 2267 1122 2332 nuntiat,
1148 2272 1328 2337 utque
1385 2266 1691 2320 Abramius
1749 2281 1782 2318 a
1835 2265 1968 2329 fuga

316 2371 589 2411 reversus
638 2361 697 2411 et
741 2373 872 2410 cum
919 2373 1024 2412 suo
1074 2355 1424 2425 conjunctus
1465 2357 1638 2409 fratre
1687 2369 1966 2424 germano

316 2446 479 2514 (nam
509 2446 666 2500 Asan
703 2445 761 2498 in
800 2461 995 2515 pugna
1015 2445 1326 2513 ceciderat)
1381 2444 1699 2498 accelerate
1742 2444 1966 2506 itinere,

325 2533 574 2588 abducto
606 2549 804 2588 secum
839 2533 1097 2604 Liparita
1126 2538 1183 2587 et
1213 2532 1460 2603 captivis
1488 2531 1973 2601 lberis,redierint

324 2621 813 2677 Castrocomium.
849 2621 1036 2676 Duces
1081 2621 1324 2676 Romam
1356 2622 1426 2676 ad
1475 2637 1608 2675 eum
1655 2624 1970 2692 obstupue-

328 2718 468 2767 runt
497 2711 794 2779 nuntium,
824 2717 1112 2782 nocteque
1160 2728 1228 2766 ea
1277 2711 1530 2766 insomni
1583 2717 1802 2780 exacta,
1845 2716 1972 2765 orta

331 2801 459 2855 luce
490 2798 899 2856 consultarunt
921 2800 1058 2871 quid
1095 2801 1466 2870 potissimum
1520 2805 1796 2870 agerent;
1853 2800 1971 2871 pla-

334 2889 571 2960 cuitque
619 2888 860 2944 domum
929 2890 1158 2943 reverti.
1212 2890 1411 2959 Itaque
1458 2893 1644 2945 Aaron
1688 2907 1820 2944 cum
1865 2905 1972 2942 suo

333 2978 585 3034 exercitu
655 2977 893 3032 lbanem
950 2978 1139 3046 rediit,
1196 2994 1322 3049 qua:
1381 2984 1470 3033 est
1537 2978 1972 3050 Baaspracaniaa

334 3065 715 3138 metropolis:
749 3066 1058 3120 Catacalon
1093 3084 1232 3122 suos
1263 3068 1473 3122 Anium
1509 3069 1754 3122 reduxit.
1797 3071 1972 3122 Ceste-

2069 483 2222 546 ζοντο
2269 478 2358 532 καὶ
2418 479 2501 532 ὅτι
2554 482 2844 555 ἠρεμοῦσι,
2906 485 3161 555 συντάξας
3216 489 3311 550 τὰς
3344 491 3532 546 ἑαυτοῦ
3565 491 3718 548 δυνά-

2071 589 2186 638 μεις
2245 566 2452 642 ἤρχετο
2514 573 2930 644 συντεταγμένος
2990 574 3127 645 πρὸς
3185 578 3392 652 μάχην.
3428 585 3596 637 Τοῦτο
3657 581 3716 638 δὲ

2067 655 2154 710 καιῖ
2187 659 2220 724 ἡ
2270 654 2568 718 ἀντίπαλος
2620 655 2847 731 δύναμις
2900 659 3088 716 ἰδοῦσα
3129 664 3395 729 ἀκουσίως
3452 671 3542 723 καὶ
3574 670 3712 741 αὐτὴ

2067 744 2564 817 ἀντιπαρετάττετο,
2627 748 2688 801 τὸ
2749 751 2843 821 μὶν
2905 747 3075 820 δεξιὸν
3126 749 3352 829 ἔχοντος
3407 758 3564 833 κέρας
3617 765 3716 815 τοῦ

2070 835 2433 906 Κεκαυμὲνου,
2491 841 2586 890 τοῦ
2637 835 2692 890 δὲ
2750 839 2956 912 Ἀαρὼν
3013 843 3076 895 τὸ
3135 843 3434 917 εὐώνυμον,
3496 848 3548 902 ἐν
3595 856 3719 914 τοῖς

2073 924 2257 994 μέσοις
2309 921 2366 977 δὲ
2425 925 2452 978 6
2505 926 2805 999 Λιπαρίτης
2834 927 3101 986 ἐτάττετο.
3137 934 3237 989 Ἦν
3291 932 3346 989 δὲ
3402 939 3490 991 xui
3535 941 3569 1007 ἡ
3601 939 3718 1016 ὥρα

2069 1013 2192 1086 περὶ
2225 1012 2510 1086 βουλυτον.
2571 1017 2664 1086 Τῷ
2701 1017 2794 1089 μὲν
2825 1016 2917 1071 οὖν
2953 1023 3272 1094 Κεκαυμὲνῳ
3337 1012 3712 1098 ἀντιμέτωπος

2068 1101 2134 1168 ἧν
2191 1102 2218 1154 6
2279 1097 2601 1178 Ἀὄράμιος,
2631 1109 2710 1175 τῷ
2759 1103 2804 1158 δ’
2865 1108 3074 1182 ’Δαρὼν
3110 1097 3490 1185 Χωροσανίτης
3526 1118 3715 1190 ἅτερος

2071 1192 2392 1266 στρατηγὸς,
2459 1194 2780 1267 καταντικρὺ
2853 1193 2910 1250 δὲ
2995 1202 3090 1252 τοῦ
3149 1201 3441 1275 Διπαρίτου
3500 1205 3721 1278 Ἀσπάμ

2073 1277 2337 1352 Σελάρίος
2396 1281 2423 1334 6
2497 1286 2594 1371 τοῦ
2676 1279 2979 1371 Ἀδραμίου
3055 1287 3383 1364 ἓτεροθαλής
3457 1277 3718 1371 ἀδελφός.

2070 1371 2150 1439 [Ρ.
2177 1371 2299 1437 774]
2364 1369 2701 1441 Συμπλοκῆς
2757 1369 2813 1426 δὶ
2841 1375 3135 1447 γενομένης
3170 1377 3198 1431 6
3248 1378 3341 1450 μὲν
3378 1369 3723 1454 Κεκαυμένος

2070 1458 2160 1509 καὶ
2212 1458 2239 1511 6
2298 1458 2506 1532 Ἀαρὼν
2558 1461 2626 1513 τὰ
2652 1461 3336 1540 κατάὐτοὺςεέτρέψαντο
3385 1469 3581 1544 κέρατα
3629 1471 3723 1524 καὶ

2076 1547 2241 1620 μέχρι
2296 1554 2482 1622 φωνῆς
2539 1547 2910 1622 ἀλεκτρυόνων
2945 1549 3196 1624 ἐδίωκον,
3232 1556 3260 1609 6
3309 1553 3365 1610 δὲ
3393 1557 3722 1630 Λιπαρίτης.

2071 1634 2331 1696 πεσόντος
2389 1636 2534 1708 αὐτῴ
2580 1642 2678 1691 τοῦ
2735 1638 2956 1712 ἀνεψιοῦ
3007 1637 3401 1714 δεινοπαθήσας
3459 1647 3549 1700 καὶ
3602 1649 3724 1718 μεθ’

2072 1723 2249 1795 ὁρμῆς
2308 1725 2486 1799 βιαίας
2556 1725 2772 1796 ἐλάσας,
2821 1732 2918 1782 τοῦ
2969 1726 3143 1784 ἵππου
3200 1731 3368 1788 αὐτοῦ
3418 1736 3724 1808 τρωθέντος

2071 1813 2156 1866 καὶ
2211 1814 2471 1876 πεσόντος
2531 1813 2832 1872 ἁλίσκεται.
2895 1818 2995 1873 Καὶ
3028 1819 3054 1872 6
3091 1820 3184 1891 μὶν
3217 1821 3282 1889 ἧν
3317 1821 3366 1876 ὲν
3401 1823 3637 1892 τούτοις,
3673 1825 3728 1878 οἱ

2075 1899 2132 1955 δὲ
2204 1904 2466 1976 Ῥωμαῖοι
2539 1906 2826 1967 παυθέντες
2902 1905 2961 1960 ἐκ
3026 1916 3124 1977 τῆς
3173 1907 3407 1980 διώξεως
3463 1912 3552 1967 xui
3608 1912 3722 1967 τῶν

2067 1988 2252 2045 ’ίππων
2312 1988 2612 2054 ἀποϐάντες
2664 1994 2752 2048 καὶ
2809 1999 2887 2066 τῷ
2915 2000 3031 2068 Θεῷ
3073 1995 3254 2060 δόντες
3289 1999 3488 2072 ὕμνους
3548 2001 3728 2056 ἐπινι-

2074 2079 2246 2148 κίους,
2304 2081 2354 2135 ἐν
2420 2087 2515 2154 μιᾷ
2572 2086 2721 2160 φωνῇ
2777 2085 3069 2158 βοήσαντες
3102 2092 3183 2155 τὸ,
3221 2112 3244 2142 ε
3271 2087 3364 2151 Τίς
3395 2091 3523 2152 Θεὸς
3557 2092 3727 2166 μέγας

2077 2171 2150 2232 ὡς
2213 2171 2239 2223 ὁ
2267 2172 2396 2234 Θεὸς
2426 2174 2586 2242 ἡμῶν
2614 2191 2627 2240 ;
2673 2195 2699 2222 ››
2731 2171 3064 2247 προσέμενον
3091 2176 3179 2229 τὸν
3215 2177 3538 2252 Λιπαρίτην,
3573 2178 3731 2232 ἐκπί-

2081 2265 2257 2328 ζοντες
2315 2261 2402 2314 καὶ
2437 2260 2595 2314 αὐτὸν
2633 2258 2845 2316 διώκειν
2903 2257 3121 2326 ὄπισθεν
3152 2269 3259 2319 τῶν
3295 2265 3530 2343 ἐχθρῶν.
3579 2268 3736 2324 Ἐπεὶ

2079 2347 2135 2403 δὲ
2188 2349 2432 2425 ὶφαίνετο
2490 2347 2759 2422 οὐδαμοῦ,
2792 2351 2843 2405 ἐν
2896 2352 3181 2427 ἀμηχανίᾳ
3209 2355 3366 2423 ἦσαν,
3410 2353 3735 2432 διαποροῦν-

2076 2459 2165 2501 τες
2221 2441 2249 2492 6'
2305 2460 2356 2492 τι
2386 2439 2476 2492 καὶ
2508 2440 2743 2513 γίνοιτο.
2777 2440 2935 2496 Οὕτω
2969 2439 3024 2495 δὲ
3057 2440 3512 2519 διαπορουμὲνοις
3540 2446 3734 2507 αὐτοῖς

2081 2525 2297 2601 ἔρχεταί
2323 2548 2404 2588 τις
2435 2529 2771 2604 στρατιώτης
2802 2535 2908 2584 τῶν
2942 2530 3028 2584 ὑπ’
3054 2531 3240 2605 ἐκείνῳ
3270 2534 3736 2607 ταττομένων,καὶ

2083 2615 2421 2686 μηνύει⁶τοῖς
2478 2623 2798 2692 στρατηγοῖς
2855 2619 2952 2687 τὴν
2989 2619 3190 2674 ἐκείνου
3236 2627 3444 2697 τροπὴν
3504 2625 3593 2678 καὶ
3625 2626 3732 2692 τὴν

2083 2703 2309 2775 ἅλωσιν,
2367 2706 2456 2759 καὶ
2518 2706 2668 2766 ὅπως
2721 2709 2748 2761 6
2804 2702 3104 2781 Ἀϐράμιος
3161 2708 3212 2764 ἐν
3271 2717 3370 2780 τῆς
3425 2719 3602 2790 φυγῆς
3634 2711 3733 2767 ἐπ-

2081 2793 2317 2848 ανελθὼν
2351 2793 2439 2848 καὶ
2471 2799 2548 2866 τῷ
2598 2794 2787 2866 οἰκείῳ
2839 2797 3053 2860 ἑνωθεὶς
3113 2795 3331 2877 ἀδελφῷ
3363 2801 3413 2873 (6
3442 2801 3540 2876 γὰρ
3567 2802 3733 2856 Ἀσᾶν

2082 2883 2262 2937 ἔπεσεν
2325 2882 2376 2937 ἐν
2409 2887 2486 2954 τῷ
2540 2881 2796 2956 πολέμῳ)
2853 2881 3214 2948 ἀναλαϐόντες
3259 2889 3392 2945 τὸνε
3427 2891 3737 2964 Λιπαρίτην

2083 2972 2171 3026 καὶ
2222 2971 2350 3033 τοὺς
2407 2971 2638 3034 ἁλόντας
2691 2977 2798 3026 τῶν
2850 2968 3078 3048 Ἰϐήρων
3138 2975 3498 3046 ὑπενόστησαν
3531 2976 3608 3038 εἷς
3667 2979 3736 3032 τὸ

2086 3061 2378 3136 λεγόμενον
2432 3062 2880 3136 Καστροκώμιον,
2933 3060 3225 3118 σπουδαίαν
3280 3065 3380 3133 τήν
3412 3062 3736 3139 ὁδοιπορίαν

322 3171 461 3210 rum
490 3126 806 3210 Ahramius
843 3155 1095 3226 Liparita
1127 3163 1294 3226 capto
1326 3163 1656 3220 contentus,
1689 3163 1744 3211 et
1798 3157 1966 3225 hujus

2088 3150 2431 3221 ποιούμενοι.
2467 3150 2854 3224 Ἀπεπάγησαν
2888 3152 3025 3226 πρὸς
3051 3154 3151 3221 τήν
3187 3154 3352 3222 ἀκοὴν
3386 3155 3437 3207 oi
3468 3152 3740 3229 ἄρχοντες

329 3259 641 3299 successus
665 3260 844 3299 causa
867 3243 1172 3299 hominum
1197 3263 1326 3301 sese
1362 3246 1758 3301 felicissimum
1794 3247 1975 3315 depu-

332 3333 767 3402 tans,omnibus
798 3332 931 3387 aliis
962 3333 1118 3388 curis
1149 3333 1646 3404 omissis,magnis
1669 3334 1976 3388 itineribus

331 3422 398 3476 ad
435 3425 515 3476 Re
544 3421 807 3491 quinque
838 3423 1064 3476 dierum
1099 3423 1288 3492 spatio
1322 3425 1618 3494 pervenit;
1645 3431 1818 3493 atque
1845 3423 1977 3476 inde

331 3509 641 3564 discedens
673 3510 750 3564 rei
781 3509 1027 3564 feliciter
1049 3516 1229 3580 gestae
1262 3512 1500 3566 nuntios
1549 3513 1619 3565 ad
1671 3515 1974 3566 sultunum

335 3596 532 3664 mittit,
599 3597 906 3665 Liparitam
978 3604 1214 3668 captum
1276 3599 1621 3654 indicantes.
1693 3600 1976 3654 Sultanus

335 3685 616 3742 simulata
645 3685 846 3740 laetitia
866 3687 938 3740 ob
960 3693 1196 3758 captum
1230 3693 1457 3742 tantum
1503 3689 1713 3753 virum,
1737 3688 1974 3742 interim

336 3780 562 3829 tantam
623 3775 787 3828 fratri
839 3775 918 3829 rei
971 3777 1236 3844 gerenda
1290 3777 1622 3832 felicitatem
1686 3778 1973 3846 invidens,

335 3862 573 3918 assidue
602 3863 673 3918 de
722 3879 788 3918 eo
837 3863 1095 3919 tollendo
1154 3866 1424 3936 cogitavit
1471 3883 1793 3936 ansamque
1841 3881 1976 3936 cap-

334 3951 492 4007 tavit.

2085 3243 2181 3292 τοῦ
2265 3243 2510 3313 στρατοῦ.
2596 3241 2788 3311 Ὅμως
2851 3237 3383 3306 διανυκτερεύσαντες
3445 3244 3739 3318 ἄγρυπνοι,

2087 3326 2304 3401 ἐπείπερ
2375 3329 2556 3400 ἡμέρα
2604 3327 2884 3401 ἐπέλαμψε
2943 3331 3028 3383 καὶ
3096 3331 3270 3405 βουλὴ
3328 3331 3590 3402 προετέθη
3641 3333 3741 3386 καὶ

2083 3422 2200 3478 τοῖς
2261 3423 2388 3471 πᾶσι
2444 3416 2714 3493 συμφέρον
2748 3417 3008 3489 ἐνομίσθη
3059 3414 3283 3472 ἕκαστον
3344 3418 3526 3474 οέκαδε
3557 3420 3741 3476 ἀπελ-

2087 3512 2193 3570 θεῖν
2232 3549 2245 3570 ,
2295 3506 2323 3560 6
2390 3507 2484 3577 μὲν
2544 3507 2753 3579 Ἀαρὼν
2810 3508 2902 3560 τὸν
2963 3507 3162 3561 οἰκεῖον
3223 3507 3536 3585 ἀνειληφὼς
3595 3507 3736 3563 λαὸν

2087 3595 2294 3650 ἄπεισιν
2355 3595 2430 3657 εἷς
2483 3595 2546 3648 τὸ
2595 3589 2739 3650 Ἰϐαν
2777 3593 3146 3668 (μητρόπολις
3186 3593 3242 3650 δὲ
3298 3595 3431 3666 αὕτη
3463 3601 3558 3650 τοῦ
3592 3599 3740 3653 Βαα-

2087 3686 2372 3760 σπρακὰν),
2402 3684 2428 3737 6
2487 3681 2543 3737 δὲ
2578 3685 2913 3757 Κεκαυμένος
2941 3685 3074 3757 μετά
3103 3690 3210 3739 τῶν
3243 3683 3395 3740 ίδίων
3428 3684 3737 3754 ἐπανῆλθεν

2088 3774 2164 3835 εἰς
2214 3774 2277 3827 τὸ
2336 3772 2531 3828 Ἀνίον.
2591 3773 2650 3828 Ὁ
2702 3769 2759 3826 δὲ
2815 3768 3114 3847 Ἀϐράμιος
3167 3777 3234 3847 τῇ
3291 3778 3387 3828 τοῦ
3427 3775 3738 3849 Λιπαρίτου

2086 3862 2364 3937 ἀρκεσθεὶς
2422 3860 2624 3915 ἀλώσει
2660 3904 2674 3930 ,
2751 3862 2838 3915 καὶ
2918 3857 3249 3937 ὀλϐιώτερον
3306 3863 3490 3918 ἑαυτὸν
3547 3864 3743 3939 κρίνας

2085 3953 2283 4013 παντὸς
2342 3951 2630 4025 ἀνθρώπου
2663 3947 2751 4003 διὰ
2779 3951 2840 4005 τὸ
2874 3953 3042 4026 παρὸν
3077 3951 3382 4026 εὐτύχημα,
3419 3949 3587 4025 μηδὲν
3621 3950 3743 4008 ’ἐτε-

333 4057 423 4113 ρον
484 4036 1044 4114 πολυπραγμονήσας,
1097 4041 1224 4098 ἀλλ’
1285 4041 1543 4104 ἰπιτείνας
1598 4044 1695 4110 τήν
1757 4040 2093 4117 ὁδοιπορίαν,
2155 4039 2244 4095 διὰ
2303 4050 2456 4094 πέντε
2513 4042 2732 4112 ἡμερῶν
2794 4039 3143 4114 παραγίνεται
3200 4041 3276 4105 εἷς
3321 4041 3382 4095 τὸ
3441 4039 3746 4117 λεγόμενον

329 4125 437 4198 Ῥὲ,
495 4129 737 4182 κάκεῖθεν
804 4128 1012 4184 ἄπεισιν
1063 4131 1138 4192 εἷς
1186 4133 1276 4185 τὸν
1338 4131 1636 4186 σουλτάνον
1693 4134 2020 4206 προπέμψας
2073 4133 2138 4186 τὰ
2197 4129 2487 4206 εὐαγγέλια
2544 4131 2630 4185 καὶ
2679 4134 2777 4201 τὴν
2822 4134 2917 4185 τοῦ
2951 4129 3245 4204 Λιπαρίτου
3299 4129 3539 4201 μηνύσας
3571 4130 3746 4184 κατά-

327 4235 538 4292 σχεσιν.
598 4217 660 4274 Ὀ
719 4214 778 4272 δὲ
804 4223 882 4290 τῷ
915 4217 1091 4274 δοκεῖν
1130 4221 1224 4292 μὲν
1257 4221 1538 4294 ηὐφράνθη
1575 4221 1662 4274 καὶ
1695 4221 2072 4294 ἠγαλλιάσατο
2103 4220 2187 4274 ἐπὶ
2220 4225 2287 4292 τῇ
2319 4219 2522 4275 ἁλώσει
2554 4225 2648 4275 τοῦ
2680 4220 2998 4294 Λιπαρίτου,
3035 4218 3292 4296 ἐφθόνησε
3323 4216 3378 4274 δὲ
3409 4224 3485 4289 τῷ
3515 4216 3747 4294 ἀδελφῷ

327 4307 587 4361 τοιούτου
621 4307 1000 4378 καταξιωθέντι
1050 4314 1148 4363 τοῦ
1196 4309 1597 4384 εὐτυχήματος,
1647 4313 1735 4364 καὶ
1783 4308 1872 4364 διὰ
1918 4311 2117 4372 παντὸς
2166 4307 2397 4383 ἰμελὲτα
2441 4311 2529 4365 καὶ
2561 4310 2827 4386 πρόφασιν
2857 4309 3033 4380 ἐζήτει
3063 4313 3252 4363 τοῦτον
3287 4310 3614 4378 ποιήσασθαι
3651 4307 3742 4364 ἐκ·

330 4390 540 4452 ποδών.

401 4521 728 4593 Imperator
759 4524 1074 4596 Liparitam
1107 4532 1344 4599 captum
1378 4545 1507 4584 esse
1538 4530 1783 4585 audiens
1817 4535 1966 4585 totus

2152 4526 2257 4581 T6v
2314 4524 2409 4598 μὶν
2468 4525 2557 4579 οὖν
2610 4524 2930 4596 Λιπαρίτην,
2991 4523 3065 4583 ὡς
3119 4521 3343 4586 ἐπύθετο
3388 4522 3484 4589 τὴν
3536 4520 3743 4576 τούτου

329 4609 387 4665 in
420 4610 528 4665 hoc
557 4611 664 4666 fuit
694 4619 758 4667 ut
787 4631 919 4669 eum
956 4614 1250 4671 liberaret.
1288 4617 1464 4672 Misso
1499 4619 1694 4690 itaque
1735 4620 1803 4674 ad
1857 4619 1972 4674 sul-

325 4703 530 4754 tanum
564 4701 807 4773 Georgio
837 4703 1039 4772 Droso,
1064 4705 1256 4760 scriba
1300 4708 1565 4772 Aaronis,
1601 4725 1731 4762 cum
1767 4725 1972 4762 mune-

324 4786 490 4843 ribus
522 4806 626 4860 pro
659 4793 998 4847 redimendo
1029 4809 1095 4848 eo
1129 4795 1422 4865 pretiosis,
1475 4795 1650 4851 simul
1703 4803 1758 4850 et
1816 4797 1971 4851 hunc

326 4877 437 4930 sibi
467 4878 626 4933 reddi
681 4885 736 4933 et
787 4897 983 4951 pacem
1038 4883 1306 4953 componi
1361 4885 1638 4956 postulat.
1695 4885 1974 4940 Sultanus

327 4967 583 5034 acceptis
631 4965 861 5038 legatis,
911 4975 974 5023 ut
1040 4973 1388 5042 magnificus
1461 4974 1604 5030 581
1681 4975 1976 5028 videretur

327 5052 521 5123 potius
574 5072 670 5110 rex
718 5073 892 5127 quam
939 5059 1034 5129 qui
1090 5061 1305 5114 bellum
1359 5069 1806 5133 cauponaretur,
1873 5080 1972 5134 pro

330 5140 482 5197 dono
515 5143 849 5216 imperatori
905 5148 1086 5202 mittit
1141 5149 1496 5220 Liparitam;
1560 5158 1615 5206 et
1665 5171 1786 5222 qua:
1845 5155 1970 5221 (jus

328 5230 652 5286 redimendi
685 5250 863 5289 causa
887 5236 1205 5306 imperator
1232 5240 1708 5312 miserat,accipit
1731 5241 1970 5310 quidem

326 5320 428 5373 sed
463 5321 737 5376 omnibus
762 5323 832 5377 iis
867 5324 1177 5396 Liparitam
1207 5329 1403 5395 donat,
1431 5329 1698 5384 hortatus
1747 5335 1812 5385 ut
1842 5332 1969 5400 ejus

322 5404 380 5459 in
418 5414 714 5477 posterum
749 5412 857 5466 dici
898 5418 1230 5470 memoriam
1273 5417 1509 5485 coleret,
1537 5437 1724 5489 neque
1770 5426 1969 5474 contra

323 5495 547 5551 Turcas
582 5515 751 5566 porro
775 5519 938 5556 arma
971 5511 1245 5560 sumeret.
1302 5507 1550 5576 Legatus
1593 5507 1811 5562 sultani
1858 5508 1968 5562 t'uit

323 5582 395 5637 ad
427 5581 836 5656 imperatorem
870 5592 920 5646 is
961 5609 1136 5664 quem
1188 5594 1300 5665 ipsi
1350 5594 1658 5666 Seriphum
1720 5600 1964 5664 vocant;

2081 4613 2401 4689 κατάσχεσιν
2457 4616 2484 4668 6
2541 4611 2816 4690 βασιλεὺς,
2876 4611 3005 4674 ὅλος
3048 4610 3257 4686 ἐγένετο
3311 4609 3738 4686 ἀναῤῥύσασθαι,

2083 4703 2173 4757 καὶ
2214 4700 2362 4778 δῶρα
2413 4700 2692 4772 πολυτελῆ
2748 4700 2835 4756 καί
2887 4701 3056 4776 λύτρα
3088 4701 3307 4774 πέμψας
3339 4704 3417 4771 τῷ
3449 4697 3741 4772 σουλτάνῳ

2087 4789 2173 4845 διὰ
2207 4793 2475 4865 Γεωργίου
2524 4797 2620 4847 τοῦ
2651 4789 2952 4864 λεγομένου
3002 4786 3206 4862 Δρόσου
3251 4787 3740 4863 (ὐπογραμματεὺς

2087 4878 2144 4934 δὲ
2198 4881 2264 4949 ἦν
2318 4882 2345 4936 6
2407 4881 2605 4956 Δρόσος
2636 4881 2731 4934 τοῦ
2792 4880 3027 4954 Ἀαρὼν)
3070 4878 3476 4950 ἐξαιτεῖταιτήν
3518 4875 3741 4938 ἐλευθε-

2086 4969 2198 5044 ρίαν
2227 4969 2315 5024 καὶ
2365 4967 2598 5030 σπονδὰς
2649 4968 2891 5042 εἰρήνης.
2946 4969 3006 5024 Ὀ
3060 4965 3116 5021 δὶ
3160 4964 3453 5025 σουλτάνος
3480 4963 3572 5023 τὰς
3603 4984 3742 5036 πρε-

2083 5054 2262 5119 σϐείας
2337 5056 2644 5131 δεξάμενος,
2715 5057 2803 5112 καὶ
2876 5055 3302 5131 μεγαλοπρεπὴς
3369 5051 3542 5117 θέλων
3600 5053 3740 5106 εἶναι

2086 5147 2336 5223 βασιλεὺς
2368 5146 2580 5219 μᾶλλον
2614 5146 2648 5214 ἢ
2704 5144 2953 5216 κάπηλος
2997 5143 3365 5217 ἀνελεύθερος,
3426 5137 3744 5196 ἀποδίδωσι

2078 5241 2266 5291 τοῦτον
2303 5234 2474 5309 δῶρον
2523 5241 2601 5306 τῷ
2635 5233 2869 5310 βασιλεῖ,
2901 5229 3084 5288 λαϐὼν
3118 5233 3213 5306 μὶν
3240 5233 3305 5286 τὰ
3334 5231 3525 5305 λύτρα,
3559 5231 3743 5286 πάντα

2081 5324 2137 5380 δὲ
2187 5331 2266 5398 τῷ
2321 5326 2590 5400 Λιπαρίτῃ
2646 5323 3049 5399 παρεσχηκὼς,
3110 5323 3199 5376 καὶ
3263 5322 3565 5394 μεμνῆσθαι
3628 5326 3736 5388 τῆς

2081 5415 2356 5488 παρούσης
2407 5417 2616 5491 ἡμέρας
2663 5412 2752 5468 διὰ
2797 5414 2996 5474 παντὸς
3047 5409 3586 5485 παρεγγυησάμενος,
3633 5410 3732 5462 καὶ

2081 5503 2355 5576 μηδέποτε
2386 5502 2531 5559 ὅπλα
2559 5504 2785 5572 θελῆσαι
2839 5503 2896 5556 τὸ
2955 5501 3059 5555 ἀπὸ
3115 5497 3273 5554 τοῦδε
3321 5502 3537 5562 κινῆσαι
3589 5497 3737 5551 κατᾶ

2073 5597 2179 5648 τῶν
2240 5594 2514 5669 Τούρκων.
2565 5595 2646 5667 [Ρ.
2706 5593 2833 5663 775]
2892 5587 3276 5664 Ἀνεπλήρωσε
3336 5585 3382 5642 δ’
3421 5585 3568 5657 αὐτῷ
3623 5586 3730 5654 τήν
