4036 6194
222 319 334 380 313

1353 320 1897 385 HISTORIARUM
1944 321 2492 384 COMPENDIUM.

3502 321 3623 381 314

217 448 352 524 πρὸς
377 449 471 502 τὸν
507 446 739 523 βασιλέα
794 445 1075 527 πρεσϐείαν
1109 451 1139 506 ὁ
1172 450 1473 528 λεγόμενος
1520 453 1647 527 παρ’
1674 451 1858 513 αὐτοῖς

1977 454 2145 522 cujus
2193 471 2261 510 ea
2310 457 2400 509 est
2447 453 2518 508 ad
2564 454 2829 523 ipsorum
2877 450 3224 523 Cbalipbam
3274 451 3442 519 ratio,
3494 469 3625 523 quas

216 538 451 613 σὲριφος’
511 535 736 593 δύναται
795 537 854 594 δὶ
909 545 1067 596 τοῦτο
1110 542 1174 596 τὸ
1222 537 1399 614 ὄνομα
1426 543 1563 615 πρὸς
1589 542 1682 596 τὸν
1735 541 1862 616 παρ’

216 626 397 688 αὐτοῖς
455 633 733 703 χαΛυφᾶν,
768 630 902 703 ὅπερ
951 630 979 683 ὁ
1033 632 1158 703 παρ’
1189 633 1325 703 ἡμῖν
1375 627 1680 707 σῦγκελλος
1725 630 1862 703 πρὸς

210 715 298 767 τὸν
328 718 681 791 πατριάρχην
731 716 904 772 πάλαι
947 715 1196 774 ἐδύνατω
1247 718 1452 774 ἐκείνου
1500 721 1604 794 γάρ
1654 718 1859 782 ἀποθα-

209 802 390 864 νόντος
418 804 585 866 αὐτὸς
618 805 777 867 εὐθὺς
808 805 888 870 εἷς
914 808 1004 862 τὸν
1056 808 1253 863 τούτου
1304 809 1494 883 θρόνον
1554 804 1865 883 ἐγκαθίδρυ-

212 911 317 947 ται.
350 892 529 954 Οὗτος
561 894 748 948 τοίνυν
783 896 812 949 ὁ
843 893 1059 970 σέριφος
1091 895 1350 952 εἰσελθὼν
1383 895 1434 951 ἐν
1495 900 1563 970 τῇ
1619 892 1862 972 βασιλίδι

215 979 299 1034 xui
332 979 385 1042 ἐς
416 981 713 1054 πρόσωπον
748 981 921 1039 ἐλθὼν
951 988 1032 1056 τῷ
1056 983 1273 1059 βασιλεῖ
1299 985 1388 1039 καὶ
1412 982 1656 1057 ὁμιλίαν,
1675 980 1861 1038 πολλά

212 1089 267 1122 τε
321 1069 751 1146 μεγαλαυχήσας
807 1071 899 1126 καὶ
960 1075 1354 1150 φρυαξάμενος,
1405 1072 1493 1127 καὶ
1550 1070 1858 1127 τελευταῖον

216 1159 487 1237 ὗπόιρορον
538 1163 723 1226 θὲσθαι
773 1163 1005 1227 σπεύσας
1053 1166 1157 1234 τὴν
1201 1162 1484 1236 Ῥωμαίων
1542 1166 1622 1234 τῷ
1670 1161 1861 1216 ἑαυτοῦ

212 1247 512 1321 σουλτάνῳ,
548 1248 663 1304 ἐπεὶ
699 1254 774 1323 μή
805 1251 926 1327 εὗρε
952 1252 1045 1307 τὸν
1081 1251 1311 1327 βασιλέα
1364 1248 1643 1319 ἐπικλινῆ,
1690 1246 1861 1322 ἄπρα-

209 1355 330 1398 κτος
357 1337 690 1413 ὑπεχώρησε
719 1340 856 1412 πρὸς
883 1341 977 1395 τὸν
1016 1342 1324 1414 πέμψαντα.
1360 1340 1457 1395 Καὶ
1516 1340 1544 1394 ὁ
1607 1335 1860 1414 βασιλεὺς

206 1429 267 1483 τὸ
296 1428 388 1482 ἐπ’
412 1427 620 1484 ἐκείνου
646 1428 1008 1506 ἐκδεχόμενος
1043 1432 1291 1505 πόλεμον
1341 1431 1448 1487 ἀπὸ
1494 1428 1591 1485 τοῦ
1623 1426 1857 1483 σουλτά-

204 1539 318 1585 νο),
349 1519 470 1581 καθ’
501 1517 629 1573 ὅσον
682 1521 801 1574 οἷόν
848 1541 908 1575 τε
952 1520 1043 1592 ἦν,
1074 1520 1140 1575 τά
1189 1522 1504 1595 ὁμοροῦντα
1532 1522 1601 1590 τῇ
1636 1520 1854 1591 Περσῶν

1975 543 2301 615 antiquitus
2351 542 2591 615 syneelli
2642 543 2711 597 ad
2769 540 3159 613 patriarcbam
3217 557 3229 596 :
3283 539 3417 596 huic
3466 542 3623 597 enim

1975 638 2202 686 mortuo
2253 630 2348 686 ille
2393 632 2592 686 statim
2641 631 3009 686 succedebat.
3065 630 3118 685 ls
3166 645 3302 702 ergo
3343 630 3625 702 Seripbus

1976 720 2313 791 Byzantiqu
2349 721 2640 792 profectus
2671 728 2728 774 et
2756 720 2828 774 ad
2853 718 3216 790 colloquium
3252 717 3625 788 imperatoris

1972 808 2292 877 admissus,
2341 826 2475 864 cum
2527 809 2713 864 multa
2760 808 2874 863 alia
2924 807 3175 879 superbe
3226 823 3291 861 ac
3334 807 3628 876 jactanter

1973 895 2137 965 dixit,
2172 902 2295 952 tum
2329 895 2385 951 id
2419 914 2653 968 quoque
2704 895 3022 967 postulavit
3052 898 3116 949 ut
3150 894 3394 949 Romani
3429 911 3490 949 se
3520 893 3624 949 sti-

1975 985 2308 1054 pendiarios
2340 986 2570 1041 sultano
2604 985 2876 1040 facerent.
2910 984 2978 1038 Et
3008 1000 3141 1039 cum
3174 984 3396 1037 videret
3437 983 3624 1055 impe-

1976 1078 2225 1128 ratorem
2249 1091 2315 1129 eo
2349 1091 2719 1146 nequaquam
2740 1073 3044 1140 inclinare,
3064 1090 3124 1127 re
3145 1072 3360 1127 infecta
3382 1072 3623 1126 domum

1974 1161 2167 1217 rediit.
2201 1163 2421 1218 Exinde
2451 1180 2485 1218 a
2510 1163 2744 1217 sultano
2778 1160 2995 1217 bellum
3047 1164 3389 1232 exspectans
3421 1159 3622 1214 Mono-

1974 1250 2218 1305 macbus
2251 1267 2486 1321 operam
2520 1252 2680 1305 dedit
2703 1256 2765 1305 ut
2794 1268 2920 1321 quas
2954 1249 3201 1304 ﬁnitima
3231 1253 3398 1303 erant
3422 1248 3622 1303 Persa-

1972 1354 2102 1393 rum
2151 1354 2327 1409 regno
2376 1339 2788 1393 communiret.
2827 1338 3052 1393 [nterea
3098 1339 3379 1408 temporis
3429 1335 3622 1391 Patzi-

1974 1442 2129 1482 nacta
2176 1426 2351 1481 etiam
2404 1445 2466 1482 se
2512 1430 2978 1483 commoverunt.
3032 1426 3112 1481 Ea
3160 1442 3253 1480 res
3295 1425 3404 1480 hoc
3446 1425 3621 1480 modo

1973 1520 2121 1569 acta.

210 1610 277 1680 γῇ
310 1605 533 1680 πέμψας
563 1608 1029 1683 κατησφαλίσατο.
1065 1610 1150 1665 Ἐν
1184 1610 1231 1682 ᾧ
1261 1607 1318 1664 δὶ
1346 1612 1513 1663 ταῦτα
1542 1606 1768 1683 ἐγίνετο,
1801 1602 1890 1658 καὶ
1919 1604 1955 1672 ἡ
1999 1607 2105 1657 τῶν
2144 1603 2491 1672 [Ιατζινάκων
2544 1598 2832 1674 ἆπισυνέὅη
2867 1601 3101 1673 κίνησις·
3128 1605 3245 1665 πῶς
3280 1598 3336 1656 δὲ
3364 1600 3455 1656 καὶ
3504 1600 3623 1655 τίνα

210 1696 437 1771 τρόπον,
473 1693 716 1753 λεκτὲον.

269 1821 343 1875 Τὸ
401 1819 551 1884 ἔθνος
599 1825 708 1875 τῶν
762 1822 1108 1890 [Ῑατζινάκων
1144 1822 1404 1886 Σκυθικὸν
1436 1823 1705 1901 ὑπάρχον,
1736 1828 1843 1882 ἀπὸ

2024 1819 2463 1877 Ραῑῑίῑιςιοιιωω
2513 1836 2657 1891 gens
2706 1819 2978 1892 Scythica
3041 1824 3160 1887 est,
3215 1833 3418 1874 eorum
3477 1816 3623 1888 Scy-

207 1913 314 1964 τιῖιν
349 1906 662 1982 λεγομένων
713 1910 1003 1984 βασιλείων
1044 1917 1286 1975 Σκυθων.
1325 1916 1461 1987 μέγα
1504 1913 1561 1970 τὲ
1610 1915 1719 1973 ἔστι
1768 1921 1861 1975 καὶ

212 1996 668 2073 πολυάνθρωπον,
700 2000 838 2072 πρὸς
871 2000 900 2054 ὃ
931 1997 1055 2055 οὐδὲ
1090 1999 1146 2055 ’ὲν
1197 2002 1331 2057 αὐτὸ
1375 2004 1497 2066 καθ’
1526 2005 1683 2061 ἑαυτὸ
1728 2014 1865 2064 Σκυ-

213 2088 359 2141 θικὸν
415 2086 573 2163 γένος
653 2089 965 2157 ἀντιστῆναι
1044 2087 1286 2146 δὸναται.
1349 2092 1615 2166 Δοῄρηται
1677 2092 1734 2151 δὲ
1791 2098 1866 2160 είς

208 2172 555 2243 τρισκαίδεκα
581 2176 788 2252 γενεὰς,
817 2175 1016 2242 α’ίτινες
1065 2178 1357 2235 καλοῦνται
1415 2182 1510 2255 μὲν
1566 2188 1733 2240 πᾶσαι
1785 2192 1866 2260 τῷ

206 2270 373 2335 κοινῷ
406 2264 661 2339 ὀνόματι,
694 2261 886 2341 ἔχουσι
919 2265 976 2322 Si
1009 2267 1205 2340 ἑκάστη
1256 2269 1346 2324 καὶ
1408 2268 1546 2326 ἴδιον
1600 2272 1707 2329 ἀπὸ
1765 2280 1865 2331 τοῦ

207 2352 370 2421 αὐτῆς
400 2353 680 2428 προγόνου
710 2355 800 2410 καὶ
834 2356 1086 2431 ἀρχηγοῦ
1138 2358 1239 2426 τὴν
1292 2361 1668 2435 προσηγορίαν
1724 2362 1864 2434 κλη-

206 2442 517 2513 ρωσαμένη.
554 2443 829 2515 Νέμονται
872 2441 930 2498 Si
986 2445 1078 2507 τὰς
1138 2446 1303 2522 πέραν
1337 2447 1548 2520 Ἴστρου
1605 2449 1711 2504 ἀπὸ
1766 2454 1864 2506 τοῦ

204 2532 566 2604 Βορυσθένους
596 2537 856 2604 ποταειοῦ
885 2532 974 2587 καὶ
1032 2533 1198 2610 μέχρι
1252 2536 1540 2599 Παννονίας
1594 2537 1862 2613 ήπλωμὲ-

204 2640 290 2681 νας
323 2617 607 2685 πεδιάδας,
640 2619 878 2694 νομάδες
898 2643 957 2677 τε
988 2619 1139 2686 ὅντες
1173 2625 1259 2679 καὶ
1311 2624 1402 2679 τὸν
1451 2626 1712 2697 σκηνίτην
1776 2625 1866 2683 διὰ

209 2709 406 2771 παντὸς
438 2710 812 2782 ἀσπαζόμενοι
846 2712 987 2787 βίον.
1020 2711 1230 2768 Τούτου
1255 2717 1351 2767 τοῦ
1383 2713 1568 2789 γένους
1618 2716 1862 2793 ἀρχηγὸς

207 2797 268 2865 ἧν
295 2804 377 2870 τῷ
403 2799 532 2854 τότε
561 2799 751 2875 Τυράχ
781 2801 810 2854 ὁ
840 2804 937 2855 τοῦ
972 2800 1165 2875 Κιλτὲρ
1222 2803 1361 2869 υἱὸς,
1393 2802 1656 2880 εὐγενείας
1709 2802 1860 2874 ἤκων

206 2885 256 2946 ἃς
284 2888 349 2941 τὸ
382 2888 708 2963 ἀκρότατον,
740 2884 959 2961 ἀμϐλὺς
989 2887 1046 2945 δὲ
1098 2886 1283 2953 ἄλλως
1329 2891 1418 2946 καὶ
1473 2894 1574 2961 τὴν
1624 2896 1861 2970 ἡσυχίαν

207 2980 405 3049 φιλῶν.
438 2978 541 3032 Ἦν
576 2974 635 3031 δὲ
664 2978 756 3032 καὶ
787 2976 961 3041 ἄλλος
987 3000 1072 3043 τις
1102 2978 1154 3033 ἐν
1196 2978 1275 3053 τῷ
1322 2978 1458 3035 ἔθνει
1505 2982 1607 3050 τὴν
1664 2981 1865 3054 κλῆσιν

207 3065 464 3140 Κεγᾶνης,
496 3066 613 3127 υἱὸς
644 3071 746 3120 τοῦ
788 3063 1054 3141 Βαλτζὰρ,
1083 3068 1145 3122 τὸ
1181 3068 1276 3140 μὶν
1324 3068 1478 3145 γένος
1519 3071 1727 3144 ἄσημος
1771 3071 1860 3126 καὶ

1974 1911 2210 1965 tbarum
2260 1912 2358 1984 qui
2393 1912 2531 1984 regii
2565 1912 2864 1977 dicuntur,
2897 1927 3112 1983 magna
3141 1914 3198 1965 et
3228 1907 3534 1982 pepulosa,
3568 1911 3627 1964 et

1975 2000 2069 2053 cui
2101 1999 2263 2054 nulla
2292 1999 2408 2055 alia
2446 2016 2590 2073 gens
2639 2001 2911 2073 Scythica
2943 2000 3216 2056 resistere
3258 1996 3384 2054 sola
3414 1996 3623 2069 possit.

1978 2087 2268 2143 Dividitur
2309 2094 2504 2145 autem
2556 2090 2615 2144 in
2667 2090 2943 2145 tredecim
2975 2089 3187 2154 tribus,
3222 2103 3348 2158 qua
3398 2092 3463 2140 ut
3492 2084 3626 2140 uni.
3709 2133 3713 2136 .

1975 2193 2150 2232 versa:
2208 2194 2518 2233 commune
2568 2179 3005 2234 l’utzinacarum
3056 2193 3256 2232 nomen
3309 2177 3621 2245 usurpant,

1977 2266 2057 2321 ita
2104 2266 2323 2337 quaevis
2379 2285 2413 2323 a
2461 2284 2567 2323 suo
2624 2268 2856 2340 generis
2910 2266 3172 2338 principe
3229 2263 3386 2322 582
3445 2268 3623 2333 atque

1974 2363 2210 2410 auctore
2271 2356 2622 2428 peculiarem
2697 2356 2906 2412 sortita
2984 2359 3075 2410 est
3142 2352 3619 2425 appellationem.

1977 2444 2250 2500 Incolunt
2279 2451 2442 2501 trans
2473 2445 2684 2501 Istrum
2714 2445 2984 2518 planities
3006 2461 3039 2499 a
3070 2441 3426 2515 Borysthene
3446 2438 3623 2494 fluvio

1975 2533 2045 2588 ad
2081 2533 2439 2589 Pannoniam
2497 2550 2684 2606 usque
2734 2537 3051 2605 porrectas,
3086 2530 3322 2585 incertis
3360 2531 3624 2584 errantes

1974 2623 2216 2677 sedibus
2248 2639 2598 2696 semperque
2632 2624 2690 2678 in
2727 2621 3123 2679 tabernaculis
3155 2620 3453 2690 degentes.
3478 2616 3625 2672 Huic

1973 2712 2131 2784 genti
2163 2716 2304 2766 tunc
2354 2718 2598 2783 praeerat
2626 2711 2928 2786 Tyracbus
2981 2708 3182 2768 Kilteri
3235 2708 3415 2773 filius,
3446 2705 3623 2760 homo

1976 2800 2403 2866 nobilissimus,
2435 2801 2728 2872 ceteroqui
2781 2799 2980 2872 segnis
3028 2802 3086 2853 et
3132 2796 3345 2870 quietis
3392 2810 3622 2849 amans.

1971 2894 2112 2945 Erat
2138 2888 2197 2945 in
2240 2891 2439 2946 eadem
2490 2897 2659 2960 gente
2707 2891 2882 2945 etiam
2916 2888 3069 2944 alius
3098 2887 3338 2959 quidam
3363 2885 3622 2956 Kegenes

1975 2979 2231 3043 nomine,
2263 2980 2545 3035 Baltzaris
2591 2979 2748 3036 filius
2796 2995 3006 3052 genere
3035 2974 3458 3033 obscurissime
3490 2970 3619 3027 nul-

1972 3067 2164 3139 lisque
2194 3068 2510 3133 natalibus,
2543 3069 2641 3124 sed
2676 3068 2826 3124 bello
2857 3066 3258 3137 ducendisque
3280 3061 3621 3120 cohortibus

208 3150 403 3228 σχεδὸν
436 3153 747 3226 ἀνώνυμος,
780 3155 903 3230 περὶ
932 3152 989 3210 ’ὀὶ
1018 3157 1085 3211 τά
1115 3154 1395 3230 πολεμικά
1424 3158 1514 3212 καὶ
1539 3160 1634 3223 τάς
1665 3181 1858 3235 στρατ-

1978 3154 2144 3227 longe
2197 3157 2766 3228 prmetantissimus:
2812 3172 2946 3211 nam
2997 3154 3211 3225 saepius
3258 3152 3406 3208 Uzos
3454 3151 3621 3223 (gens

206 3242 362 3316 ηγίας
393 3242 565 3318 κάρτα
595 3240 1098 3319 ὃραστηριώτατος,
1131 3245 1189 3307 ’ὸς
1221 3245 1310 3300 καὶ
1348 3243 1622 3310 πολλάκις
1675 3246 1858 3303 ἐπιόν-

204 3349 291 3390 τας
350 3332 491 3385 κατὰ
545 3336 654 3386 τῶν
715 3331 1065 3401 Πατζινάκων
1141 3334 1270 3397 τοὺς
1322 3332 1532 3405 Οῧζους
1579 3338 1752 3413 (γένος
1805 3335 1863 3393 δὲ

206 3418 461 3474 Οὖννικὸν
497 3420 555 3474 οἱ
585 3418 772 3493 Οὗζοι)
829 3422 1061 3484 ὑποστὰς
1121 3421 1377 3497 ἐτρέψατο
1434 3424 1524 3480 καὶ
1582 3425 1860 3498 ἀπώσατο,

206 3510 300 3560 τοῦ
331 3507 533 3583 Τυράχ
562 3509 674 3584 οὑχ
707 3508 856 3572 ὅπως
888 3510 1285 3582 ἀντεπεξελθεῖν
1339 3515 1415 3585 μὴ
1466 3513 1858 3591 θαρρήσαντος,

208 3592 350 3649 ἄλλά
377 3595 469 3649 καὶ
498 3594 828 3662 καταδύντος
857 3597 935 3661 εἷς
960 3599 1029 3654 τά
1075 3600 1219 3670 παρὰ
1263 3606 1344 3673 τῷ
1374 3602 1570 3678 Ἴστρῳ
1618 3600 1718 3674 ἴλη
1769 3605 1856 3660 καὶ

209 3681 301 3742 τάς
329 3680 559 3753 λίμνας.
591 3684 692 3739 Τὸν
721 3686 815 3758 μὲν
868 3684 958 3739 οὖν
1017 3689 1212 3763 Τυρὰχ
1268 3689 1321 3743 οἱ
1376 3688 1701 3759 Ηατζινάκαι
1754 3691 1860 3747 ζτί-

212 3791 324 3859 μιυν
357 3768 451 3824 δια
478 3770 544 3859 τὸ
574 3772 750 3847 γενος,
780 3774 872 3829 τὸν
925 3771 984 3828 δὶ
1040 3774 1244 3850 Κεγὲνη
1299 3778 1609 3847 ἠσπάζοντο
1669 3776 1858 3859 διαφε-

208 3858 411 3931 ρόντως
470 3857 562 3914 διὰ
610 3861 675 3915 τὸ
725 3864 825 3930 τῆς
887 3860 1106 3939 ἀνδρίας
1155 3860 1502 3937 ὑπερϐάλλον
1531 3867 1621 3921 καὶ
1651 3857 1860 3936 τήν-ἑν

206 3952 316 4008 τοῖς
348 3947 628 4021 πολέμοις
676 3946 984 4021 δεινότητα.
1013 3954 1189 4028 "Amp
1218 3952 1436 4009 ἀκούων
1485 3955 1577 4011 καὶ
1640 3955 1856 4033 βλίπων

207 4034 235 4088 ὁ
261 4037 461 4114 Τυράχ
491 4035 742 4094 ἰδάκνετο
772 4041 874 4109 τήν
906 4042 1116 4116 ψυχὴν,
1150 4038 1342 4108 δεδιὼς
1370 4043 1492 4119 περὶ
1522 4051 1622 4114 τῆς
1654 4046 1857 4121 ἀρχῆς,

204 4126 287 4177 καὶ
346 4126 554 4198 τρόπον
618 4126 797 4198 ἐζήτει
856 4127 1006 4192 ὅπως
1060 4129 1119 4185 ἃν
1170 4132 1259 4186 τὸν
1297 4132 1528 4205 Κεγίνην
1562 4134 1858 4190 ἀποσκευά-

206 4232 383 4281 σηται.
420 4215 736 4292 Ἐφίστησιν
797 4216 887 4272 οὖν
945 4219 1096 4293 αὖτῷ
1154 4217 1363 4297 λόχους
1420 4219 1713 4292 πολλάκις,
1747 4223 1858 4300 ἐγί-

202 4323 357 4357 νοντο
389 4301 448 4358 δὲ
486 4303 692 4368 πάντες
716 4306 895 4381 ἀργοί.
925 4309 1071 4365 Ἐπεὶ
1135 4306 1193 4365 δὶ
1240 4308 1511 4374 πολλάκις
1568 4311 1858 4388 ἐπιχειρή-

204 4409 293 4453 σας
324 4393 569 4470 κρυφξως
600 4394 1087 4472 ἠστόχησεν,ἔγν‹υ
1119 4394 1228 4453 δεῖν
1266 4398 1341 4472 μὴ
1374 4395 1858 4473 διαμὲλλειν,άλλ’

205 4477 502 4556 ἰπιχειρεῖν
564 4487 826 4560 φανερῶς.
863 4485 957 4540 Διὸ
1005 4488 1093 4541 καὶ
1156 4485 1371 4557 πλῆθος
1428 4488 1647 4563 πέμψας
1694 4510 1856 4545 κατα-

208 4564 394 4624 λαϐεῖν
480 4569 728 4627 ἐκέλευσε
809 4574 903 4629 τὸν
986 4572 1150 4650 ἄνδρα
1230 4576 1321 4631 καὶ
1399 4575 1634 4636 ἀνελεῖν.
1692 4579 1753 4637 Ὁ
1803 4576 1860 4633 Si

205 4658 473 4733 προγνοὺς
524 4660 625 4728 τὴν
684 4656 986 4734 ἐπιϐουλὴν
1042 4663 1210 4742 φυγάς
1269 4665 1405 4739 πρὸς
1456 4667 1524 4721 τὰ
1567 4663 1671 4737 ἕλη
1705 4667 1855 4742 γίνε-

202 4765 285 4800 ται
342 4749 443 4802 τοῦ
490 4749 887 4825 Βορυσθένους,
940 4751 1028 4807 xui
1112 4752 1254 4809 οὕτω
1341 4753 1693 4833 διαφυγγάνει
1758 4756 1850 4811 τὸν

205 4831 454 4911 ὄλεθρον.
537 4839 620 4910 [Ρ.
678 4841 808 4913 776]
864 4840 1105 4905 Ἐκεῖθεν
1165 4840 1223 4897 δὶ
1303 4831 1678 4918 κρυπτόμενος
1761 4844 1853 4899 xui

207 4921 380 4998 λάθρα
440 4926 672 4999 πέμπων
728 4927 1025 5001 μηνύματα
1109 4930 1249 5004 πρός
1319 4951 1375 4985 τε
1453 4930 1582 4995 τοὺς
1659 4931 1852 4987 ἑαυτοῦ

204 5018 479 5086 συγγενεῖς
534 5014 623 5068 καὶ
702 5018 802 5082 τὴν
877 5016 1079 5093 φυλὴν,
1137 5014 1381 5088 ἠδυνήθη
1426 5019 1526 5088 τήν
1593 5037 1651 5072 τε
1707 5015 1847 5073 ἰδίαν
1884 5070 1905 5087 ,

201 5102 381 5172 γενεὰν
450 5102 752 5173 ἀποστῆσαι
803 5109 905 5173 τῆς
931 5107 1030 5159 τοῦ
1064 5103 1335 5180 βασιλέως
1383 5105 1592 5170 εὐνοίας
1646 5105 1734 5180 (ἦν
1792 5103 1850 5161 δὲ

200 5190 233 5258 ἡ
288 5188 651 5268 Βελεμαρνῖς)
709 5190 799 5247 xui
883 5194 1021 5266 πρὸς
1100 5194 1267 5269 ταύτῃ
1344 5194 1433 5249 xui
1510 5194 1689 5265 ἄλλην
1745 5197 1846 5266 τὴν

202 5279 582 5354 Παγουμανίόα
615 5302 628 5314 ·
690 5281 781 5336 καὶ
839 5277 1064 5354 δύναμιν
1125 5277 1579 5358 προσλαϐόμενος
1628 5284 1846 5339 ἀντιπα-

203 5367 508 5439 ρατάττεται
566 5373 701 5441 μετά
754 5372 865 5426 τῶν
909 5366 1006 5424 δύο
1064 5376 1261 5446 γενεῶν
1318 5373 1454 5448 πρὸς
1505 5373 1595 5428 τὸν
1655 5364 1848 5450 Τυράχ

200 5454 291 5515 τὶς
321 5458 390 5509 ια’
419 5452 636 5532 ἔχοντα.
663 5458 764 5514 Καὶ
796 5458 888 5514 ἐπὶ
925 5457 1139 5522 πολλὰς
1192 5461 1286 5535 μὲν
1343 5462 1614 5537 ἀντισχὼν
1676 5460 1843 5537 ὥρας,

203 5543 351 5615 ὅμως
418 5546 518 5601 ὑπὸ
582 5545 677 5602 to":
762 5549 1018 5618 πλήθους
1102 5550 1497 5620 καταπονηθεὶς
1571 5550 1842 5626 τρέπεται.

1889 4534 1937 4599 D

1972 3262 2037 3300 ea
2096 3245 2278 3301 Unica
2337 3248 2444 3314 est)
2507 3246 2799 3302 irruentes
2865 3245 3198 3301 subsistens
3258 3242 3617 3313 proﬂigarat,

1969 3334 2232 3407 Tyracbo
2262 3352 2372 3390 non
2408 3336 2579 3392 modo
2609 3341 2812 3392 contra
2853 3352 2951 3391 eos
2983 3334 3139 3389 exire
3168 3349 3283 3388 non
3314 3346 3482 3399 auso,
3515 3329 3615 3383 sed

1972 3424 2145 3480 etiam
2181 3423 2234 3479 in
2269 3424 2434 3480 lacus
2478 3441 2545 3480 ac
2577 3423 2820 3495 paludes
2852 3424 3002 3479 Istro
3032 3421 3254 3477 vicinas
3297 3435 3360 3474 se
3389 3417 3615 3473 subdu-

1970 3518 2156 3568 cente.
2228 3514 2429 3585 Itaque
2484 3513 2814 3586 Tyrachum
2883 3512 3117 3584 quidem
3168 3508 3487 3564 Patzinacaa
3541 3506 3615 3561 ob

1970 3602 2200 3674 generis
2233 3601 2598 3657 nobilitatem
2627 3602 3074 3665 venerabantur,
3107 3599 3396 3669 Kegenem
3415 3600 3613 3650 tamen

1972 3690 2218 3746 mirifice
2248 3691 2751 3763 amplectebantur
2780 3692 2853 3746 ob
2886 3688 3288 3745 fortitudinem
3322 3685 3615 3756 insignem

1970 3779 2143 3850 inque
2199 3781 2474 3851 gerendis
2531 3779 2698 3836 bellis
2774 3778 3208 3835 strenuitatem.
3289 3778 3417 3829 Haec
3480 3789 3615 3828 vero

1967 3868 2208 3940 Tyrachi
2254 3868 2505 3925 videntis
2554 3868 2669 3925 ista
2714 3873 2890 3940 atque
2937 3864 3296 3922 inaudientis
3348 3860 3611 3918 animum

1970 3958 2338 4026 mordebant,
2370 3959 2441 4015 de
2469 3958 2716 4030 imperio
2746 3974 2854 4013 suo
2885 3953 3143 4024 solliciti,
3176 3954 3255 4008 ita
3285 3966 3428 4007 sane
3460 3950 3613 4004 utdc

1970 4044 2226 4101 tollendo
2258 4046 2484 4118 Kegcne
2517 4048 2817 4117 cogitaret.
2868 4044 2971 4100 Cui
3005 4059 3139 4099 cum
3170 4057 3323 4112 saepe
3352 4038 3614 4095 occultas

1968 4134 2216 4189 tendens
2264 4134 2511 4190 insidias
2563 4134 2706 4189 nihil
2757 4134 3082 4205 proficeret,
3131 4130 3365 4186 tandem
3416 4131 3614 4199 aperte

1967 4240 2101 4278 eum
2162 4223 2378 4279 adoriri
2435 4223 2663 4292 statuit,
2721 4221 3021 4293 missaque
3076 4219 3255 4275 turba
3311 4216 3611 4272 hominem

1968 4311 2181 4383 corripi
2240 4311 2603 4384 interﬁcique
2648 4312 2839 4382 jubet.
2900 4310 3011 4366 Sed
3068 4309 3328 4381 Kegenes
3380 4302 3611 4360 insidiis

1968 4400 2338 4473 prmeognitis
2393 4401 2465 4456 ad
2525 4399 2770 4472 paludes
2824 4397 3271 4471 Borysthenieas
3329 4392 3608 4466 profugit,

1969 4486 2168 4559 itaque
2197 4489 2436 4544 exitium
2487 4489 2743 4546 evitavit.
2776 4488 2933 4545 588
2963 4486 3048 4543 Ibi
3078 4485 3426 4549 occultatus,
3458 4482 3605 4538 clam

1969 4577 2039 4631 ad
2072 4582 2351 4649 cognatos
2381 4577 2719 4648 tribumque
2768 4577 2964 4633 missis
2995 4573 3392 4643 internuntiis,
3423 4570 3614 4626 ellecit

1965 4669 2028 4719 ut
2058 4671 2115 4720 et
2144 4665 2265 4723 haec
2290 4683 2323 4720 a
2353 4682 2486 4739 rege
2516 4666 2866 4723 descisceret
2896 4664 3233 4737 (vocabatur
3250 4659 3612 4717 Belemarnis

1963 4753 2179 4827 tribus)
2226 4759 2283 4810 et
2322 4753 2437 4811 alia
2465 4756 2642 4811 etiam
2691 4757 2928 4810 nomine
2977 4751 3351 4825 Pagumanis.
3392 4749 3613 4805 Exinde

1963 4844 2279 4899 contractis
2319 4843 2498 4915 copiis
2544 4861 2677 4900 cum
2725 4844 2961 4899 duabus
3010 4842 3283 4898 tribubus
3332 4840 3612 4894 adversus

1962 4931 2315 5003 Tyracbum,
2367 4933 2460 4988 cui
2512 4933 2575 4987 11
2626 4932 2819 4988 tribus
2877 4935 3138 4998 aderant,
3172 4945 3428 5003 pugnam
3478 4927 3611 4982 init.

1962 5017 2226 5090 Cumque
2260 5036 2362 5090 per
2390 5018 2614 5090 aliquot
2659 5020 2835 5075 boras
2863 5019 3154 5086 durasset,
3188 5016 3424 5073 tandem
3458 5012 3611 5070 mul-

1960 5107 2213 5162 titudine
2263 5123 2582 5179 oppressus
2628 5109 2883 5181 fugatur.
2939 5108 3172 5180 Vagans
3219 5105 3355 5160 inde
3387 5104 3608 5159 circum

1960 5194 2221 5267 paludes,
2256 5213 2323 5252 ac
2372 5197 2622 5253 salutem
2674 5214 2940 5269 quarens
2988 5196 3097 5252 sibi
3133 5195 3395 5267 suisque,
3432 5210 3607 5248 unam

1957 5283 2106 5339 hanc
2142 5286 2362 5340 invenit
2393 5287 2701 5350 rationem,
2744 5286 2793 5343 si
2825 5287 2894 5341 ad
2929 5286 3255 5341 Romanum
3288 5284 3578 5356 imperato
3606 5316 3609 5317 ν

1957 5391 2080 5430 rem
2105 5377 2520 5445 transfugeret.
2536 5381 2740 5446 Itaque
2765 5376 3058 5448 profectus
3080 5373 3474 5439 Dorostolum,
3496 5388 3613 5442 quo

1955 5469 2124 5519 tutus
2170 5465 2242 5519 ab
2291 5463 2525 5520 insidiis
2574 5468 2749 5534 esset,
2794 5481 2856 5520 se
2903 5469 2961 5520 et
2999 5481 3160 5525 suos.
3211 5462 3307 5535 qui
3340 5460 3625 5516 erantad

1950 5554 2021 5608 20
2073 5553 2277 5624 millia,
2332 5553 2388 5608 in
2443 5553 2700 5608 insulam
2754 5554 3075 5625 quamdam
3127 5553 3286 5609 ﬂuvii
3338 5549 3604 5620 exiguam

206 5633 691 5710 Περιπλανώμενος
747 5633 806 5692 δὶ
856 5635 912 5692 ἐν
974 5642 1094 5702 τοῖς
1169 5636 1315 5697 ἕλεσι
1398 5640 1489 5696 καὶ
1575 5634 1844 5718 σωτηρίαν

1980 5640 2225 5714 ncludit,
2277 5642 2652 5716 regionisque
2703 5642 2974 5719 praefecto
3021 5644 3096 5717 (is
3125 5647 3250 5701 erat
3290 5639 3609 5698 Micbaelus
