4036 6194
394 360 509 421 315

1727 361 2045 422 GEORGII
2090 360 2431 422 CEDRENI

3680 362 3805 420 316

396 491 684 546 Anastasii
722 492 899 563 ﬁlius)
926 493 1219 564 signiﬁcat
1249 495 1383 565 quis
1405 498 1553 548 esset
1580 498 1633 547 et
1665 510 1773 563 qua
1811 494 2041 547 fortuna

2167 497 2330 561 ζητῶν
2387 491 2510 564 μίαν
2569 486 2711 566 ἔγνω
2752 492 2942 545 δαυτοῦ
2998 511 3055 544 τε
3110 489 3199 543 καὶ
3242 494 3348 544 τῶν
3379 490 3470 543 σὺν
3502 491 3673 560 αὐτῷ,
3699 492 3803 559 τὴν

393 584 561 633 actus
594 579 705 632 huc
737 582 1028 645 venisset;
1058 586 1115 635 et
1145 599 1207 636 se
1236 599 1447 651 cupere
1493 583 1549 634 in
1588 582 1757 635 fidem
1793 582 2042 652 impera.

388 668 538 722 toris
615 672 949 735 concedere,
1014 678 1425 741 receptumque
1496 688 1556 725 se
1634 672 1808 725 rebus
1867 673 2043 742 hujus

398 774 747 829 magnopere
780 762 1291 813 commodaturum
1346 760 1676 829 pollicetur.
1734 762 2044 815 Prmfectus

397 862 529 899 cum
562 847 848 918 extemplo
882 864 999 902 rem
1050 851 1117 900 ad
1171 848 1576 919 imperatorem
1615 851 1943 918 detulisset,
1973 852 2044 905 ab

396 952 463 989 eo
509 936 752 1003 jubetur
806 937 1004 989 statim
1068 936 1354 1007 Kegenem
1416 955 1547 992 cum
1609 956 1715 993 suo
1766 939 2042 994 comitatu

398 1024 679 1094 accipere,
713 1030 885 1095 atque
928 1026 1062 1079 huic
1113 1027 1348 1095 quidem
1407 1029 1735 1082 necessaria
1768 1031 2045 1099 praebere,

398 1115 590 1182 ipsum
625 1118 821 1167 autem
856 1113 1143 1185 Kegenem
1179 1116 1499 1170 honoriﬁce
1530 1116 1871 1188 Byzantium
1908 1118 2043 1171 mit-

397 1206 535 1254 tere.
588 1202 692 1266 Qui
749 1207 811 1255 ut
842 1218 908 1257 eo
961 1204 1139 1271 venit,
1192 1204 1441 1275 benigne
1486 1211 1575 1259 est
1628 1206 2047 1278 splendideque

396 1294 690 1358 exceptus,
717 1308 778 1343 ac
803 1308 933 1345 cum
960 1291 1309 1362 imperatore
1331 1294 1673 1360 collocutus,
1696 1312 1756 1350 se
1774 1302 2043 1350 sanctum

397 1377 758 1448 baptismum
805 1380 1205 1435 admissurum
1258 1382 1758 1455 popularibUsque
1801 1384 1951 1439 idem
1988 1393 2049 1439 ut

395 1464 613 1518 faciant
671 1484 1089 1536 persuasurum
1146 1472 1515 1541 promittens,
1576 1475 1646 1528 ab
1695 1474 2048 1544 imperatore

395 1552 637 1622 patricio
686 1555 901 1611 honore
950 1558 1106 1613 584
1160 1566 1441 1627 ornatur;
1494 1562 1662 1633 eique
1710 1568 1827 1616 tres
1887 1579 2047 1617 arces

394 1640 774 1712 assignantur
804 1645 873 1699 de
918 1646 991 1700 iis
1024 1664 1147 1717 quzs
1198 1650 1267 1702 ad
1302 1651 1488 1720 ripam
1541 1656 1680 1705 sunt
1710 1652 1860 1717 Istri,
1896 1652 2047 1706 mul-

396 1736 571 1801 taque
601 1733 723 1803 agri
751 1734 961 1805 jugera
989 1753 1001 1801 ;
1038 1741 1213 1807 atque
1237 1739 1379 1793 adeo
1413 1739 1469 1793 in
1492 1756 1805 1795 numerum
1830 1742 2045 1795 amico-

398 1836 527 1874 rum
561 1821 976 1893 sociorumque
1009 1824 1099 1878 PR
1131 1827 1464 1891 ascribitur,
1498 1845 1624 1883 eam
1660 1829 1948 1899 praecipue
1972 1831 2042 1885 ob

314 1908 315 1911 “
394 1924 634 1963 causam
677 1912 853 1982 quod,
890 1912 973 1966 uti
1027 1913 1323 1984 pollicitus
1373 1916 1579 1983 fuerat,
1612 1922 1670 1972 et
1699 1916 1825 1987 ipse
1856 1918 2045 1989 bapti-

392 1998 508 2052 zari
540 1998 727 2053 voluit
754 2006 812 2054 et
845 2002 944 2072 qui
978 2018 1108 2056 cum
1150 2004 1277 2074 ipso
1308 2010 1495 2058 erant.
1547 2006 1737 2077 anue
1771 2007 1829 2061 in
1863 2024 1922 2061 re
1952 2008 2041 2062 usi

394 2091 534 2140 sunt
566 2086 819 2158 religiosi
853 2090 1161 2157 cujusdam
1197 2093 1469 2147 monachi
1518 2095 1816 2166 Euthymii
1848 2112 2044 2166 opera,

396 2175 465 2229 ad
504 2174 664 2245 ipsos
698 2178 887 2239 missi.
920 2179 1019 2248 qui
1063 2180 1131 2233 ad
1171 2181 1381 2235 Istrum
1416 2200 1649 2238 amnem
1681 2185 1807 2253 ejus
1851 2202 2042 2239 sacra-

394 2264 573 2317 menti
606 2266 969 2322 ceremonias
997 2268 1429 2325 administravit
1462 2272 1876 2344 universosque
1902 2275 2044 2345 bap-

395 2351 613 2406 tizavit.

2155 580 2228 641 εἷ¹ς
2257 582 2347 635 τὸν
2398 580 2626 653 βασιλέα
2673 586 2778 634 τῶν
2813 580 3101 651 Ῥωμαίων
3161 580 3498 655 καταφυγήν.
3552 580 3643 632 Διὸ
3708 581 3799 633 καὶ

2152 668 2289 742 πρός
2317 670 2379 723 τὸ
2410 670 2749 739 Δορόστολον
2780 670 3131 743 ἀφικόμενος,
3164 669 3250 721 καὶ
3286 666 3335 721 ἵν
3388 689 3495 721 τινι
3555 669 3805 739 ποταμίᾳ

2153 756 2330 826 νησίδι
2390 758 2732 833 περικλείσας
2790 759 2973 813 ἑαυτὸν
3063 755 3151 811 διὰ
3213 758 3273 810 τὸ
3348 752 3801 811 ἀνεπιϐούλευτον

2159 849 2292 917 μετὰ
2348 853 2455 902 τῶν
2513 847 2605 902 σὺν
2664 848 2808 918 αὐτῷ
2855 848 3006 915 (ἦσαν
3037 844 3094 900 δὲ
3122 846 3261 923 ἀμφὶ
3292 846 3385 906 τὰς
3417 846 3462 899 κ’
3494 843 3801 919 χ·λιάδας),

2156 934 2511 1008 διαμηνύεται
2541 940 2619 1007 τῷ
2650 944 2749 1003 τῆς
2781 938 2971 1010 γώρας
3003 934 3229 1010 ἄρχοντι
3262 936 3348 1006 (ἦν
3396 931 3451 988 δὶ
3507 931 3738 1008 Μιχαὴλ
3774 936 3804 988 ὁ

2153 1030 2249 1079 τοῦ
2283 1025 2630 1081 Ἀναστασίου
2663 1026 2825 1097 υἱὸς),
2857 1025 2945 1079 καὶ
2979 1024 3230 1099 γνωρίζει
3290 1024 3435 1085 ὅστις
3481 1045 3539 1077 τε
3585 1022 3669 1092 εἴη
3710 1024 3803 1077 καὶ

2158 1114 2272 1176 οἵας
2309 1112 2708 1189 διαδιδράσκων
2742 1114 2914 1188 τύχας
2946 1114 3187 1187 ἀφῖκται,
3219 1112 3308 1166 καὶ
3359 1111 3439 1165 ὅτι
3489 1110 3805 1183 αὐτόμολος

2162 1204 2415 1277 βούλεται
2449 1204 2694 1277 γενέσθαι
2719 1208 2797 1273 τῷ
2846 1202 3077 1276 βασιλεῖ,
3112 1199 3546 1276 ὑπισχνούμενος
3603 1196 3660 1253 δὲ
3713 1199 3806 1253 καὶ

2158 1291 2202 1346 εί
2262 1289 2654 1366 προσδεχθείη,
2715 1291 2789 1353 εἷς
2851 1290 3093 1366 μεγάλην
3160 1286 3342 1360 ὄνησιν
3418 1286 3626 1351 ἔσεσθαι
3682 1294 3803 1349 τοῖς

2156 1380 2352 1434 τούτου
2408 1382 2743 1455 πράγμασιν.
2778 1380 2834 1433 Ὀ
2895 1377 2952 1433 δὲ
3008 1379 3073 1433 τὰ
3136 1378 3426 1451 μηνύματα
3475 1377 3641 1452 λόγου
3673 1382 3805 1439 Θᾶτο

2156 1491 2245 1523 τον
2306 1470 2442 1543 πρὸς
2498 1471 2588 1524 τὸν
2654 1468 2880 1544 βασιλέα
2956 1466 3387 1543 διαπορθμεύσας
3445 1464 3533 1520 διὰ
3588 1465 3804 1540 ταχέων

2157 1558 2431 1613 κελεύεται
2515 1560 2605 1612 τὸν
2695 1556 2860 1633 ἄνδρα
2950 1558 3084 1630 μετά
3164 1562 3273 1610 τῶν
3332 1556 3594 1609 συνόντων
3656 1555 3807 1624 αὐτῷ

2157 1646 2569 1719 προσδὲξασθαι,
2636 1648 2722 1701 καὶ
2780 1647 2994 1707 τούτοις
3056 1646 3150 1719 μὶν
3206 1645 3273 1699 τὰ
3330 1642 3609 1713 ἐπιτήδεια
3664 1663 3803 1718 χορ-

2155 1743 2327 1809 ηγεῖν⁹
2353 1738 2512 1790 αὐτὸν
2544 1734 2601 1790 δὲ
2628 1733 2855 1808 ἐνδόξως
2889 1735 2939 1796 ἐς
2990 1736 3052 1789 τὸ
3104 1736 3388 1802 Βυζάντιον
3438 1732 3805 1805 πεπομφέναι.

2161 1828 2257 1881 Καὶ
2294 1828 2320 1879 6
2375 1827 2467 1897 μὶν
2530 1827 2602 1886 ὡς
2655 1824 2943 1895 ἐκελεύσθη
2995 1822 3336 1899 διεπράξατο,
3370 1824 3398 1876 6
3454 1820 3510 1876 δὶ
3568 1822 3804 1895 Κεγὲνης

2156 1915 2231 1976 εἷς
2276 1918 2372 1984 τήν
2431 1912 2685 1989 βασιλίδα
2732 1916 2997 1984 φοιτήσας
3039 1914 3128 1968 καὶ
3162 1912 3215 1974 ἐς
3247 1910 3441 1986 λόγους
3498 1910 3668 1974 ἐλθὼν
3725 1914 3806 1981 τῷ

2161 2002 2376 2078 βασιλεῖ
2460 2004 2808 2081 φιλοφρόνως
2865 2024 2923 2057 τε
2974 2002 3063 2057 καὶ
3147 1999 3583 2076 μεγαλοπρεπῶς
3662 2000 3797 2053 ὑπε-

2157 2091 2352 2168 δέχθη,
2384 2093 2472 2147 καὶ
2536 2093 2915 2168 ὑποσχόμενος
2974 2092 3137 2152 αὐτός
3178 2112 3235 2145 τε
3278 2092 3341 2145 τὸ
3374 2092 3524 2164 ἅγιον
3555 2086 3800 2157 δέξασθαι

2161 2182 2458 2256 βάπτισμα,
2509 2188 2835 2242 παραπεῖσαι
2896 2179 2953 2235 δὲ
3006 2181 3095 2235 καὶ
3151 2180 3281 2242 τοὺς
3340 2179 3593 2239 συνόντας
3650 2177 3805 2246 αὐτῷ

2152 2277 2313 2326 τοῦτο
2372 2279 2619 2339 ποιῆσαι,
2682 2272 2757 2334 εἷς
2830 2270 3223 2344 πατρικιότητά
3292 2290 3351 2323 τε
3416 2268 3651 2343 ἀνήχθη,
3711 2265 3805 2319 καὶ

2156 2360 2387 2437 φρούρια
2417 2361 2539 2435 τρία
2569 2361 2674 2415 ἀπὸ
2703 2365 2809 2415 τῶν
2842 2359 2891 2414 ἐν
2944 2365 3059 2421 ταῖς
3104 2355 3296 2433 ὄχθαις
3352 2355 3651 2431 ἷδρυμὲνων
3704 2359 3807 2408 τοῦ

398 2439 613 2513 Ἴστρου
671 2439 886 2519 εἰλήφει
942 2443 1031 2496 καὶ
1088 2448 1189 2517 γῆς
1248 2445 1433 2500 πολλά
1490 2446 1699 2517 στάδια,
1732 2449 1821 2503 καὶ
1874 2447 1969 2503 τοῦ
2021 2446 2218 2503 λοιποῦ
2246 2455 2361 2511 τοῖς
2393 2449 2578 2527 φίλοις
2613 2449 2874 2527 ἐνεγράφη
2908 2449 2995 2503 καὶ
3029 2449 3351 2522 συμμάχοις
3378 2446 3690 2519 Ῥωμαίων.
3727 2444 3809 2500 Τὸ

399 2526 566 2583 πλέον
599 2526 641 2582 δ’
674 2528 756 2583 ὅτι
787 2531 874 2584 καὶ
900 2532 973 2593 ὡς
1010 2532 1274 2608 ὑπέσχετο
1306 2533 1585 2606 ἀνεδέξατο
1610 2540 1671 2592 τὸ
1703 2540 1858 2613 ἅγιον
1891 2539 2167 2613 βάπτισμα
2197 2538 2357 2601 αὐτός
2386 2526 2445 2593 τε
2474 2541 2560 2593 καὶ
2594 2541 2644 2593 οἱ
2695 2538 2786 2592 σῦν
2820 2526 2995 2609 αύτῷ,
3033 2537 3305 2609 Εὐθυμίου
3354 2542 3497 2596 τινὸς
3539 2528 3812 2593 εύλαϐοῦς

406 2622 651 2690 μοναχοῦ
681 2618 998 2691 πεμθέντος,
1030 2626 1126 2675 τοῦ
1155 2624 1222 2677 τὰ
1243 2628 1339 2677 τοῦ
1370 2625 1513 2679 Θείου
1544 2625 1778 2701 λουτροῦ
1810 2628 1955 2703 παρά
1982 2632 2062 2700 τῷ
2093 2629 2287 2701 Ἴστρῳ
2316 2634 2550 2700 ποταμῷ
2580 2626 2955 2689 ἐκτελέσαντος
3008 2626 3097 2681 καὶ
3146 2632 3275 2679 πᾶσι
3328 2622 3652 2698 μεταδόντος
3709 2625 3813 2676 τοῦ

406 2706 566 2779 ἁγίου
601 2707 995 2780 βαπτίσματος.

477 2833 673 2889 Rebus
730 2834 789 2889 in
849 2840 975 2892 tuto
1026 2840 1364 2897 constitutis
1424 2843 1705 2915 Kegenes,
1760 2862 1889 2900 cum
1935 2846 2053 2917 jam

408 2930 612 2977 contra
645 2923 874 2981 subitos
909 2926 1166 2983 hostium
1205 2930 1458 3001 impetus
1492 2950 1552 2987 se
1584 2934 1949 3004 munivisset,
1983 2936 2053 2989 ad

411 3010 811 3068 ulciscendum
863 3014 1091 3071 hostem
1143 3034 1203 3073 se
1254 3021 1494 3085 confert,
1547 3025 1811 3094 Istroque
1862 3029 2053 3078 trans-

411 3099 591 3154 misso
620 3118 774 3156 nunc
804 3120 937 3159 cum
973 3104 1261 3174 millibus,
1294 3107 1438 3164 alias
1460 3126 1591 3164 cum
1624 3112 1852 3167 duobus
1884 3111 2056 3167 milli-

408 3188 631 3287 bus,'et
660 3190 978 3261 aliquando
1011 3193 1282 3265 pluribus
1332 3198 1648 3270 aliquando
1683 3202 2053 3271 paucioribus
2086 3222 2128 3288 ο

408 3277 640 3341 ductis,
729 3280 1215 3351 impressionibus
1309 3287 1637 3344 subitaneis
1720 3290 2057 3345 Patzinacas

408 3365 722 3437 Tyrachios
780 3372 1034 3441 graviter
1063 3373 1288 3442 afﬂixit,
1322 3375 1498 3446 viros,
1529 3377 1586 3431 in
1641 3395 1787 3449 quos
1822 3381 2060 3435 incidis-

410 3459 523 3519 set,
551 3454 846 3523 occidens,
883 3460 1159 3515 mulieres
1211 3468 1407 3519 autem
1459 3471 1517 3522 et
1547 3483 1757 3534 pueros
1790 3468 1846 3522 in
1882 3469 2060 3523 servi-

413 3548 594 3598 tutem
647 3546 943 3602 abducens
989 3566 1054 3604 ac
1098 3555 1380 3608 Romanis
1429 3557 1709 3613 vendens.
1763 3557 2060 3630 Tyracbus

413 3631 807 3689 clandestinae
842 3636 947 3691 has
992 3641 1239 3707 Kegenis
1272 3642 1691 3714 impressiones
1724 3664 1836 3701 non
1873 3647 2061 3702 ferens

415 3722 486 3774 ad
524 3721 931 3793 imperatorem
988 3727 1170 3782 mittit
1216 3729 1456 3802 legatos,
1490 3735 1589 3804 qui
1626 3735 1745 3789 haec
1778 3753 2062 3807 propone-

416 3813 548 3861 rent
597 3826 609 3864 :
665 3810 1075 3881 Imperatorem
1136 3816 1485 3891 Romanum,
1546 3823 1638 3877 cui
1699 3840 1831 3878 cum
1890 3832 2062 3896 gente

418 3898 856 3955 Patzinacarum
908 3904 1095 3959 foedus
1145 3914 1318 3975 esset,
1353 3912 1591 3967 omnino
1640 3930 1755 3968 non
1786 3915 2063 3971 debuisse

421 3985 674 4057 recipere
704 4006 837 4044 eum
872 3993 970 4063 qui
1018 3994 1087 4048 ab
1120 3995 1266 4066 ipsis
1297 3999 1673 4068 descivisset;
1723 4008 1825 4056 aut
1855 4004 2061 4058 saltem

420 4080 652 4146 recepto
700 4077 1066 4148 interdicere,
1119 4101 1188 4139 ne
1240 4090 1384 4141 Istro
1430 4089 1672 4159 trajecto
1722 4092 1933 4146 amicos
1972 4092 2064 4146 PR

418 4163 672 4219 laederet.
716 4166 965 4224 Proinde
1018 4177 1119 4227 aut
1149 4174 1395 4245 Kegenis
1444 4185 1837 4249 compesceret
1862 4197 2063 4235 excur-

421 4252 637 4320 siones,
670 4260 771 4310 aut
800 4258 1082 4314 auxilium
1105 4262 1153 4316 ei
1186 4280 1299 4319 non
1336 4266 1604 4335 praebeat.
1627 4267 1683 4322 Si
1720 4284 1888 4324 secus
1915 4270 2063 4325 face-

421 4349 527 4408 ret,
563 4344 735 4399 sciret
765 4361 826 4399 se
858 4347 1007 4406 585
1043 4352 1460 4419 gravissimum
1503 4360 1704 4411 contra
1734 4373 1795 4412 se
1827 4375 1893 4413 ac
1925 4376 2066 4416 suos

420 4430 638 4486 bellum
674 4436 983 4490 concitare.
1019 4440 1252 4495 Auditis
1282 4441 1597 4513 imperator
1629 4445 1717 4500 his
1752 4448 2064 4517 postulatis

420 4520 771 4577 cachinnum
806 4525 1067 4593 sustulit,
1093 4532 1247 4596 quod
1274 4531 1589 4587 ludibrium
1627 4540 1877 4605 putaret,
1909 4538 1957 4591 si
1991 4537 2063 4592 ob

2241 2845 2534 2916 Γενόμενος
2577 2840 2632 2897 δὶ
2683 2843 2733 2897 ἰν
2783 2844 2862 2914 τῷ
2923 2841 3170 2919 ἀσφαλεῖ,
3215 2842 3303 2895 καὶ
3352 2840 3446 2904 τὰς
3505 2835 3808 2916 αἰφνιδίους

2167 2931 2391 3010 ἰφόδους
2451 2930 2911 3009 ἀσφαλισάμενος,
2950 2932 3086 3006 πρὸς
3143 2927 3347 3002 ἄμυναν
3409 2929 3663 3003 ἰτράπετο
3711 2930 3811 2980 τοῦ

2166 3020 2387 3097 ἐχθροῦ,
2430 3020 2517 3075 καὶ
2576 3020 2968 3095 περαιούμενος
3024 3020 3112 3073 τὸν
3147 3021 3352 3093 Ἴστρον
3410 3023 3499 3071 νῦν
3560 3018 3652 3089 μὲν
3714 3014 3809 3069 σῦν

2168 3110 2398 3185 χιλίοις,
2432 3111 2543 3165 εἶτα
2591 3110 2683 3164 σὺν
2736 3107 3039 3184 δισχιλίοις
3073 3108 3161 3163 καὶ
3195 3109 3257 3162 αὗ
3316 3106 3406 3161 σὺν
3466 3104 3712 3161 πλείοσιν
3773 3107 3811 3174 ἦ

2168 3200 2438 3269 ἐλάττοσι,
2490 3199 2577 3254 καὶ
2631 3198 2680 3271 ἐξ
2742 3196 2938 3274 ἐφόδου
3016 3198 3393 3271 προσπίπτων,
3446 3197 3511 3249 τὰ
3583 3197 3815 3268 μέγιστα

2171 3288 2364 3343 ἐκάκου
2420 3287 2511 3343 καί
2565 3287 2893 3359 ἐλυμαίνετο
2950 3286 3075 3348 τοὺς
3116 3288 3238 3362 περὶ
3266 3285 3357 3341 τὸν
3391 3285 3585 3359 Τυράχ
3615 3289 3817 3352 Πατζι-

2168 3379 2352 3448 νάκας,
2415 3374 2610 3453 ἄνδρας
2679 3377 2772 3449 μὶν
2846 3376 2975 3439 τοῦς
3057 3375 3494 3451 προσπίπτοντας
3556 3374 3821 3447 ἀναιρῶν,

2170 3466 2363 3541 γύναια
2394 3464 2451 3521 δὲ
2482 3467 2567 3521 καὶ
2621 3463 2819 3528 παῖδας
2881 3462 3407 3538 ἀνδραποδιζόμενος
3464 3463 3552 3517 καὶ
3607 3459 3820 3515 πωλῶν

2169 3562 2284 3618 τοῖς
2343 3556 2671 3629 Ῥωμαίοις,
2708 3553 2921 3618 Ταύτας
2979 3552 3036 3607 δὲ
3083 3553 3177 3615 τὰς
3238 3551 3494 3627 λαθραίας
3552 3550 3823 3613 ὲπιθὲσεις

2168 3648 2264 3700 τοῦ
2322 3643 2580 3719 Κεγὲνους
2633 3646 2708 3716 μή
2790 3644 2966 3721 φέρων
3021 3644 3049 3697 6
3107 3641 3295 3717 Τυράχ
3374 3634 3815 3713 διαπρεσϐεύεται

2170 3734 2306 3807 πρὸς
2362 3735 2453 3788 τὸν
2516 3731 2761 3807 βασιλᾶα,
2826 3732 3069 3804 μηνύσας
3128 3732 3201 3794 ὡς
3279 3728 3385 3784 ἔδει
3467 3730 3557 3783 τὸν
3646 3729 3815 3801 μέγαν

2177 3820 2443 3897 βασιλέα,
2506 3818 2739 3881 σπονδὰς
2821 3816 3025 3895 ἔχοντα
3111 3818 3245 3891 μετά
3316 3822 3411 3872 τοῦ
3465 3816 3650 3892 γένους
3703 3820 3814 3870 τῶν

2174 3894 2538 3981 Πατζινάκων,
2574 3912 2656 3983 [Ρ.
2694 3894 2827 3980 ~777]
2886 3894 3029 3981 μηδὲ
3087 3904 3470 3981 προσδέξασθαι
3531 3905 3675 3966 δλως
3721 3904 3815 3959 τὸν

2174 4000 2479 4069 ἀποστάτην
2535 3998 2731 4066 αὐτῶν,
2769 3996 2881 4052 ἰπεὶ
2925 3995 2980 4051 δὶ
3028 3993 3405 4071 προσεδέξατο,
3437 3991 3669 4048 κωλύειν
3737 3995 3815 4064 μή

2174 4087 2428 4163 διαπερᾷν
2486 4087 2576 4142 καὶ
2633 4087 2763 4149 τοὺς
2816 4082 3192 4146 ὑποσπόνδους
3247 4084 3617 4156 λυμαίνεσθαι·
3652 4084 3687 4151 ἢ
3722 4079 3814 4135 οῦν

2172 4176 2478 4248 κωλυθήτω
2509 4178 2537 4230 6
2586 4177 2721 4252 ἀνὴρ
2774 4176 2839 4229 τὰ
2892 4178 3117 4229 τοιαῦτα
3162 4175 3437 4249 πράττειν,
3470 4170 3503 4241 ἢ
3540 4168 3819 4243 μηδεμιᾶς

2172 4268 2384 4341 τυχέτω
2435 4264 2778 4339 συμμαχίας,
2837 4263 2872 4333 ἢ
2950 4261 3261 4337 γινωσκέτω
3328 4264 3356 4316 6
3426 4258 3681 4336 βασιλεὺς
3744 4261 3819 4320 ὡς

2171 4358 2286 4410 καθ’
2342 4356 2535 4409 ἑαυτοῦ
2585 4374 2643 4408 τε
2699 4354 2787 4407 καὶ
2840 4359 2939 4421 τῆς
2999 4353 3190 4406 ἑαυτοῦ
3278 4351 3467 4426 χώρας
3536 4348 3820 4427 ἑφὲλκεται

2178 4444 2472 4519 βαρύτατον
2530 4440 2793 4514 πόλεμον.
2856 4440 2951 4495 Καὶ
3026 4446 3192 4495 ταῦτα
3252 4441 3345 4512 μὲν
3400 4440 3466 4493 τά
3526 4438 3825 4511 μηνύματα

2173 4536 2269 4585 τοῦ
2325 4530 2538 4607 Τυρὰχ,
2573 4532 2600 4585 6
2658 4527 2715 4584 δὲ
2780 4528 3031 4604 βασιλεὺς
3089 4529 3183 4591 τὰς
3242 4528 3497 4603 ἀγγελίας
3531 4524 3824 4599 δεξάμενος

422 4609 738 4665 Patzinaﬂte
754 4614 944 4668 minas
960 4617 1201 4686 prodere
1215 4625 1516 4691 cogeretur
1536 4638 1671 4678 eum
1695 4626 1791 4694 qui
1812 4625 1867 4679 in
1893 4626 2056 4679 ﬁdem

2174 4621 2308 4693 πρὸς
2359 4596 2553 4681 ταύτας
2612 4620 2707 4690 μὲν
2757 4596 2846 4673 καὶ
2904 4617 3292 4693 ἐπεκάγχασεν,
3326 4616 3371 4671 εί
3425 4613 3512 4670 διὰ
3560 4616 3827 4684 Πατζινά-

422 4699 612 4771 ipsius
645 4702 1026 4775 confugisset,
1060 4712 1161 4761 aut
1206 4724 1334 4763 eum
1382 4710 1453 4765 ab
1486 4711 1823 4769 ulciscenda
1852 4714 2068 4783 injuria

424 4792 756 4861 abstinere;
810 4794 1148 4868 legatosque
1206 4816 1265 4855 re
1315 4801 1531 4858 infecta
1579 4804 1837 4858 dimittit.
1877 4804 2066 4860 Simul

426 4879 651 4936 litteras
682 4884 751 4936 ad
788 4882 1133 4941 Michaelum
1181 4888 1299 4954 dat,
1336 4891 1566 4945 urbium
1621 4892 1765 4946 Istro
1796 4892 2067 4962 adjacen-

424 4970 571 5024 tium
610 4972 964 5041 praefectum,
997 4981 1052 5028 et
1101 4978 1169 5029 ad
1204 4977 1539 5044 Kegenum;
1588 4979 1778 5050 iisque
1812 4980 2069 5053 injungit

427 5063 490 5111 ut
520 5058 677 5129 ripas
711 5059 835 5113 lstri
873 5068 1140 5117 accurate
1172 5067 1525 5135 custodiant,
1552 5084 1614 5121 ac
1639 5070 1684 5122 si
1720 5068 1852 5138 quis
1878 5070 2069 5141 gravis
2118 5064 2133 5077 ’

426 5150 708 5202 exercitus
742 5156 999 5219 appetat,
1035 5152 1088 5205 id
1124 5153 1232 5207 sibi
1288 5171 1387 5223 per
1437 5155 1658 5210 litteras
1692 5157 1971 5225 indicent,
2004 5164 2068 5214 ut

426 5236 496 5290 de
528 5234 1001 5294 Occidentalibus
1046 5240 1219 5294 etiam
1256 5240 1579 5312 legionibus
1628 5245 1855 5301 mittere
1885 5248 2072 5318 possit

428 5322 526 5393 qui
561 5322 705 5394 ipsis
731 5327 1026 5396 conjuncti
1062 5329 1395 5384 Patzinacas
1425 5332 1673 5386 transitu
1709 5333 1835 5388 lstri
1869 5335 2070 5405 probi-

428 5412 622 5467 beant.
675 5413 848 5467 Mittit
903 5414 1072 5469 etiam
1121 5417 1388 5472 triremes
1438 5429 1691 5488 centum,
1754 5440 1880 5493 quis
1942 5426 2069 5480 Islri

428 5500 586 5571 ripas
619 5500 819 5571 legant
866 5507 923 5557 et
970 5503 1304 5561 Patzinacas
1334 5508 1578 5577 trajectu
1629 5517 1881 5567 arceant.
1922 5517 2068 5569 Cum

427 5586 598 5658 legati
634 5588 795 5644 irrita
828 5608 930 5661 spe
966 5593 1297 5661 rediissent,
1322 5596 1621 5668 Tyracbus
1655 5600 2071 5671 indignabatur

430 5693 494 5732 ac
526 5677 832 5751 fremebat,
866 5680 1195 5755 hiemisque
1243 5684 1558 5742 adventum
1590 5690 1917 5761 exoptabat.
1949 5691 2070 5748 Sub

2173 4730 2273 4763 κου
2303 4706 2529 4770 ἀπειλὰς
2561 4705 2837 4782 προδότης
2865 4708 3077 4783 γένοιτο
3105 4711 3200 4761 τοῦ
3234 4705 3309 4769 εἷς
3366 4705 3525 4759 αὐτὸν
3573 4726 3824 4784 προσφυ-

2173 4797 2386 4873 γόντος,
2418 4796 2506 4851 καὶ
2538 4796 2769 4852 κωλύειν
2802 4801 2899 4851 τοῦ
2960 4797 3034 4869 μὴ
3097 4799 3292 4850 κακοῦν
3347 4796 3474 4855 τοὺς
3532 4796 3825 4849 κακώσαν-

2174 4908 2269 4949 τας
2304 4933 2318 4955 ,
2376 4885 2505 4947 τοὺς
2584 4883 2641 4939 δὶ
2722 4880 3050 4961 πρεσϐευτὰς
3130 4884 3438 4959 ἀπράκτους
3520 4882 3825 4957 ἐξέπεμψε.

2178 4977 2481 5049 Γράμματα
2539 4971 2595 5028 δὶ
2651 4974 2787 5048 πρός
2828 4994 2886 5028 τε
2944 4971 3178 5048 Μιχαὴλ
3242 4975 3330 5027 τὸν
3418 4973 3661 5047 ἄρχοντα
3714 4978 3832 5027 τῶν

2175 5063 2505 5139 παριστρίων
2552 5061 2789 5135 πόλεων,
2849 5057 2925 5117 ἔτι
3002 5059 3060 5116 δὶ
3130 5063 3218 5116 καὶ
3294 5062 3429 5137 πρὸς
3492 5062 3653 5115 αὐτὸν
3731 5063 3830 5116 τὸν

2176 5154 2407 5228 Κεγένην
2493 5151 2785 5226 ἐκπέμπει,
2833 5150 3119 5229 φυλάττειν
3199 5145 3439 5225 ἀκριϐῶς
3497 5149 3589 5211 τὰς
3649 5146 3833 5224 ὄχθας

2174 5246 2270 5297 τοῦ
2351 5240 2639 5315 ποταμοῦ·
2703 5240 2747 5297 εί
2816 5239 2873 5296 δὲ
2947 5261 3027 5303 τις
3102 5238 3229 5314 ἰπίῃ
3314 5240 3503 5315 βαρεῖα
3569 5236 3836 5312 δύναμις,

2175 5332 2460 5406 γράμμασι
2495 5330 2737 5404 μηνύειν,
2765 5328 2857 5385 ’ίνα
2884 5329 2975 5385 καὶ
3007 5330 3111 5384 ἀπὸ
3150 5333 3254 5383 τῶν
3317 5332 3558 5383 Δυτικῶν
3613 5328 3835 5403 ταγμά-

2175 5440 2282 5474 των
2368 5419 2750 5494 ἐκπεμπόμενά
2822 5440 2943 5475 τινα
3022 5418 3114 5472 σὺν
3188 5418 3372 5481 αὐτοῖς
3430 5415 3647 5492 εἶ’ργωσι
3705 5423 3835 5481 τοῖς

2178 5506 2532 5578 Πατζινᾶκαις
2586 5511 2684 5578 τὴν
2741 5513 2839 5564 τοῦ
2881 5512 3133 5581 ποταμοῦ
3164 5502 3430 5570 διάϐασιν.
3460 5508 3711 5579 Ἐπεμψε
3777 5504 3838 5563 δὶ

2176 5598 2267 5653 καὶ
2340 5600 2583 5675 τριήρεις
2669 5599 2854 5654 ἑκατὸν
2889 5640 2904 5667 ,
2962 5596 3265 5670 ἐπισκήψας
3346 5594 3651 5669 παραπλεῖν
3738 5597 3837 5650 τὸν

2177 5689 2389 5763 Ἵστρον
2436 5688 2526 5742 καὶ
2576 5686 2949 5763 πειρωμένους
3002 5683 3325 5741 διακωλύειν
3379 5684 3506 5747 τοὺς
3564 5687 3838 5754 Πατζινά·
