4036 6194
301 345 412 402 317

1434 342 1979 405 HISTORIARUM
2027 342 2567 403 COMPENDIUM.

3586 338 3705 397 318

294 494 389 535 κας
443 477 633 546 ¹περᾷν.
694 472 1109 542 Ἐπανηκόντων
1169 471 1214 527 δ’
1273 474 1561 550 ἀπράκτων
1619 479 1728 528 τῶν
1774 473 1939 528 αὐτοῦ

2059 476 2229 531 linem
2265 474 2558 540 autumni,
2591 491 2656 528 ac
2689 473 2879 529 hieme
2912 472 3167 537 ineunte,
3202 486 3332 524 cum
3360 472 3481 539 jam
3510 469 3596 526 sol
3628 473 3698 526 ad

298 557 587 637 πρέσϐεων,
650 563 679 616 6
738 564 928 637 Τυράχ
976 561 1301 637 ἐχαλέπαινε
1363 564 1451 618 καὶ
1537 563 1800 638 ὠργίζετο
1859 561 1946 616 καὶ

296 654 485 705 θάττον
535 648 744 725 ηὔχετο
807 648 1135 706 καταλαϐεῖν
1206 654 1296 707 τὸν
1357 658 1627 729 χειμῶνα,
1690 650 1827 721 Ἤδη
1892 649 1949 705 δὲ

295 748 387 807 τῆς
421 748 834 815 φθινοπωρινῆς
865 739 1149 815 ληγούσης
1182 741 1323 815 ὥρας
1371 742 1460 796 καὶ
1526 746 1622 796 τοῦ
1671 746 1948 817 χειμῶνος

296 829 632 899 ἐπιστάντος,
690 835 786 883 τοῦ
855 829 1020 899 ἡλίου
1079 828 1232 892 ὄντος
1286 830 1372 885 ἐπὶ
1436 833 1523 885 τὸν
1574 831 1944 905 Αἷγοκὲριυτα,

295 925 485 997 ἄνεμος
547 921 794 981 ἔπνευσεν
854 927 1151 1001 ἀπαρκτίας
1210 926 1403 995 πολὺς,
1439 928 1511 988 ὡς
1562 924 1945 999 ἀποκρυσταλ-

296 1016 533 1083 λιυθῆναι
597 1018 765 1090 μέχρι
824 1013 1201 1071 πεντεκαίδεκα
1261 1018 1485 1091 πήχεων
1540 1015 1591 1078 ές
1637 1017 1801 1090 βάθος
1856 1016 1946 1069 τὸν

293 1104 558 1175 ποταμόν.
626 1105 806 1174 Πάσης
871 1103 960 1158 οὖν
1013 1104 1259 1181 φυλακῆς
1321 1103 1691 1181 σχολασάσης,
1755 1102 1945 1179 δραξά-

298 1215 455 1265 μενος
489 1193 673 1255 ἁδείας
702 1197 767 1261 ἧς
812 1194 1088 1269 ἐπιτυχεῖν
1122 1192 1327 1269 ηὔχετο
1388 1196 1416 1248 6
1466 1195 1661 1270 Τυρὰχ
1719 1192 1948 1267 διαπερᾷ

295 1284 379 1335 τὸν
434 1286 651 1359 Ἴστρον
715 1284 849 1355 μετὰ
891 1284 1102 1337 πάντων
1160 1288 1265 1338 τῶν
1328 1286 1694 1353 Πατζινάκων,
1754 1282 1944 1351 ὄντων,

296 1374 363 1432 ὡς
394 1370 643 1446 ὶλᾶγετο,
676 1370 947 1447 χιλιάδων
983 1372 1334 1442 ὀκτακοσίων,
1366 1374 1455 1427 καὶ
1488 1372 1540 1434 ές
1572 1375 1670 1441 τὴν
1722 1372 1941 1447 περαίαν

294 1459 525 1533 ἱδρύετο,
586 1462 781 1535 κείρων
851 1462 941 1515 καὶ
1024 1463 1289 1539 ἀφανίζων
1367 1462 1432 1516 τὰ
1507 1462 1941 1536 παραπίπτοντα.

298 1552 595 1621 Γράμματα
645 1547 701 1603 δί
748 1550 883 1623 πρὸς
940 1552 1031 1605 τὸν
1097 1550 1322 1625 βασιλέα
1376 1548 1662 1605 ἐστέλλετο
1725 1551 1942 1624 βοηθεῖν

294 1638 517 1709 δεόμενα
542 1641 645 1707 τήν
682 1641 971 1713 ταχίστην.
1005 1642 1063 1696 Ὀ
1113 1638 1169 1695 δὶ
1221 1638 1349 1713 μηδ’
1398 1640 1503 1695 ὅλα
1532 1640 1598 1696 τά
1651 1641 1946 1715 γράμματα

290 1728 545 1801 ἀναγνοὺς
603 1733 683 1800 τῷ
736 1726 889 1783 δουκὶ
940 1727 1441 1804 Ἀδριανουπόλεως
1500 1732 1693 1807 γράφει
1752 1731 1840 1802 (ἦν
1887 1726 1943 1782 δὲ

2058 565 2469 633 Capricornum
2502 563 2848 633 appulisset,
2880 565 3085 616 ventus
3116 559 3407 630 aparetias
3435 560 3701 630 cepiosus

2058 651 2215 706 ﬂavit
2246 653 2504 722 Isterque
2535 652 2593 705 in
2625 650 2871 719 glaciem
2905 648 3242 719 quindecim
3274 646 3500 700 cubitos
3526 645 3699 701 altam

2057 741 2400 812 cungelavit.
2436 742 2631 795 Otiosa
2682 739 2877 808 itaque
2927 737 3088 792 omni
3134 735 3399 791 custodia
3442 739 3698 806 optatam

2058 831 2355 901 Tyrachus
2388 839 2594 884 nactus
2644 829 2958 893 licentiam,
2997 832 3209 881 Istrum
3263 842 3394 878 cum
3428 823 3701 878 omnibus

2060 920 2396 985 Patzinacis,
2431 936 2681 990 quorum
2719 918 3034 971 multitudo
3063 915 3532 985 octingentorum
3567 929 3701 967 cen-

2057 1015 2298 1070 sebatur
2349 1012 2621 1078 millium,
2670 1016 3094 1080 transgressus,
3144 1009 3201 1061 in
3256 1007 3589 1063 ulteriorem
3641 1022 3703 1060 se

2056 1104 2259 1158 etIudit
2307 1102 2609 1165 ditionem,
2664 1100 2943 1171 diripiens
2996 1104 3171 1169 atque
3220 1096 3418 1151 delens
3467 1096 3523 1150 in
3574 1112 3704 1165 qua:

2057 1202 2351 1255 incidebat
2378 1200 2596 1255 omnia.
2630 1199 2942 1253 Mittuntur
2989 1214 3125 1267 ergo
3170 1196 3239 1250 ad
3286 1194 3696 1265 imperatorem

2058 1291 2283 1351 litterae,
2321 1288 2535 1359 quibus
2584 1289 2653 1341 ad
2697 1288 2990 1341 ferendam
3041 1285 3479 1355 quamprimum
3530 1299 3698 1353 opem

2054 1380 2425 1434 incitabatur.
2463 1383 2513 1432 ls
2544 1379 2772 1431 vixdum
2809 1374 3303 1446 perlectislitteris
3320 1374 3390 1427 ad
3416 1373 3699 1426 Adriano—

2056 1469 2203 1538 polis
2236 1468 2389 1524 586
2436 1468 2645 1520 dueum
2677 1463 3124 1519 Constantinum
3160 1462 3503 1533 magistrum
3534 1460 3695 1514 Aria-

2056 1559 2239 1611 nitam
2290 1556 2512 1621 scribit,
2551 1563 2610 1607 ut
2660 1552 3045 1607 Macedonicis
3094 1567 3229 1604 cum
3280 1549 3483 1619 copiis,
3526 1554 3582 1603 et
3630 1549 3699 1603 ad

2056 1646 2338 1700 Basiliam
2366 1642 2713 1698 Monachum
2752 1640 3032 1712 Bulgariae
3065 1641 3296 1701 ducem,
3322 1643 3387 1692 ut
3408 1654 3539 1691 cum
3564 1636 3701 1691 Bul-

2055 1734 2249 1805 garico
2282 1734 2536 1788 exercitu
2570 1730 2849 1785 Michaelo
2903 1745 2968 1783 ac
3002 1728 3215 1799 Kegeni
3250 1743 3310 1781 se
3341 1727 3702 1796 conjungant

298 1819 701 1878 Κιυνσταντῖνος
763 1818 1060 1892 μάγιστρος
1112 1820 1139 1872 6
1197 1819 1535 1892 Ἀριανίτης)
1593 1819 1689 1882 τάς
1767 1826 1940 1872 Μακε-

2054 1830 2109 1879 et
2141 1832 2342 1878 contra
2372 1822 2711 1875 Patzinacas
2740 1821 3095 1889 depugnent.
3120 1817 3281 1886 lique
3305 1817 3478 1883 jussa
3500 1815 3699 1869 statim

296 1902 505 1966 δονικάς
531 1906 791 1980 εἰληφότι
819 1904 1097 1979 δυνάμεις,
1130 1902 1208 1961 ἔτι
1241 1906 1297 1961 δὲ
1326 1908 1414 1961 καὶ
1468 1910 1604 1982 πρὸς
1654 1905 1941 1963 Βασίλειον

307 1996 553 2069 Μοναχὸν
604 1995 696 2049 τὸν
732 1998 1000 2069 ιὴγεμόνα
1055 2004 1154 2064 τῆς
1218 1995 1557 2072 Βουλγαρίας
1611 1998 1711 2064 τὴν
1772 1994 1944 2050 Βουλ-

306 2086 526 2157 γαρικὴν
559 2081 831 2158 εἰληφότα
862 2090 1022 2159 χεῖρα
1080 2086 1359 2160 ἀφικέσθαι
1405 2086 1493 2139 καὶ
1554 2087 1817 2154 ὲνωθῆναι
1867 2090 1946 2156 τῷ

306 2170 533 2245 Μιχαὴλ
590 2173 683 2225 xui
742 2177 821 2243 τῷ
874 2174 1073 2247 Κεγένῃ
1131 2174 1217 2226 καὶ
1283 2174 1399 2245 μετ’
1429 2173 1600 2228 αὐτῶν
1657 2174 1791 2249 πρὸς
1820 2173 1946 2235 τοὺς

307 2266 634 2328 Πατζινάκας
691 2257 1128 2334 διαγωνίσασθαι.
1188 2267 1277 2315 Ὧν
1337 2264 1472 2316 κατὰ
1527 2264 1589 2317 τὸ
1661 2264 1943 2339 βασιλικὸν

303 2350 644 2416 ποιησάντων
707 2349 983 2423 ἐπίταγμα
1056 2351 1141 2404 καὶ
1203 2352 1415 2404 πάντων
1468 2352 1556 2425 ὑφ’
1604 2351 1659 2405 ’ὲν
1722 2353 1946 2427 γενομέ-

303 2460 423 2503 νων,
458 2432 749 2491 ἀναλαϐὼν
807 2439 835 2491 6
884 2439 1114 2513 Κεγένης
1170 2439 1263 2499 τὰς
1316 2439 1621 2511 Ῥωμαϊκὰς
1669 2437 1944 2517 φάλαγγας

303 2526 347 2579 ἐν
380 2532 495 2587 τοῖς
552 2527 837 2599 ὑπαίθροις
894 2524 1394 2600 στρατοπεδεύεται,
1427 2528 1515 2581 καὶ
1573 2530 1689 2582 καθ’
1719 2528 1943 2598 ἑκάστην

300 2615 458 2669 ἐπιὼν
488 2616 541 2685 ἐξ
573 2615 772 2692 ἐφόδου
816 2616 877 2670 οὐ
944 2616 1109 2689 μικρά
1163 2616 1289 2678 τοὺς
1346 2620 1675 2685 Πατζινάκας
1734 2616 1943 2672 έλύπει.

301 2716 526 2775 Τούτοις
555 2714 660 2789 γὰρ
703 2715 817 2785 ἅμα
845 2718 914 2787 τῇ
945 2719 1041 2769 τοῦ
1089 2720 1344 2787 ποταμοῦ
1395 2710 1635 2770 διαϐάσει
1686 2715 1943 2790 ἀφθονίαν

303 2803 447 2869 ζώων
482 2802 702 2877 εὑροῦσι
734 2801 956 2871 πολλὴν
989 2802 1077 2856 xui
1111 2800 1257 2856 οἷ’νου
1314 2804 1403 2857 καὶ
1457 2808 1564 2857 τῶν
1624 2802 1683 2857 ἐκ
1728 2803 1948 2875 μέλιτος

298 2890 840 2961 κατασκευαζομένων
900 2891 1184 2964 πομάτων,
1241 2892 1315 2944 ὧν
1377 2888 1505 2946 οὐδὲ
1567 2892 1734 2959 ἀκοὴν
1782 2887 1945 2966 ἔσχον

301 2981 541 3043 πώποτε,
598 2980 690 3033 xui
774 2977 966 3049 ἀνέδην
1026 2985 1132 3035 τῶν
1188 2979 1450 3035 τοιούτων
1512 2979 1946 3055 έμφορουμένοις

542 3068 793 3123 ἐσπίπτει
879 3068 1170 3139 κοιλιακήν
1249 3068 1483 3134 διάθεσιν
1572 3066 1795 3145 ἔχουσα,
1856 3070 1945 3124 καὶ

293 3155 622 3211 ἀπώλλυντο
709 3158 938 3228 ἑκάστης
1023 3160 1232 3233 ἡμέρας
1308 3159 1651 3234 ἆναρίθμητα
1723 3158 1936 3229 πλήθη.

297 3247 376 3317 [Ρ.
432 3248 561 3319 778]
610 3248 786 3321 ’Όπερ
866 3247 1173 3319 πυθόμενος
1229 3249 1257 3302 6
1319 3249 1545 3321 Κεγένης
1633 3245 1719 3302 διά
1795 3270 1939 3310 τινος

294 3333 633 3405 αὐτομόλου,
682 3335 773 3389 xui
850 3336 1037 3409 καιρὸν
1119 3334 1426 3406 ἐπιτήδειον
1500 3337 1685 3411 κρίνας
1753 3342 1942 3392 τοῦτον

296 3423 424 3476 εἶναι
471 3428 591 3486 τοῖς
650 3422 874 3496 ἐχθροῖς
929 3423 1296 3494 έπιθήσεσθαι,
1348 3423 1513 3478 ὁπότε
1558 3424 1647 3478 καὶ
1706 3430 1943 3497 χειμῶνι

296 3511 379 3564 καὶ
425 3513 570 3582 νόσῳ
628 3512 926 3580 πιέζονται,
972 3512 1257 3576 ἀναπείσας
1308 3513 1396 3567 καὶ
1452 3513 1581 3574 τοὺς
1630 3515 1942 3586 Ῥωμαίους

298 3599 583 3661 ὀκνοῦντας
612 3602 703 3654 xui
761 3599 1004 3663 δεδιότας
1052 3603 1185 3676 πρὸς
1229 3602 1491 3663 τοσαύτας
1555 3602 1943 3677 ἀντιπαρατάτ-

298 3701 475 3751 τεσθαι
534 3687 824 3763 μυριάδας,
856 3693 1260 3766 προσρήγνυται
1308 3696 1425 3752 τοῖς
1486 3690 1730 3766 ἐχθροῖς.
1766 3693 1833 3747 U't
1888 3690 1944 3746 δὲ

299 3779 392 3845 τήν
466 3778 642 3849 ὀξεῖαν
720 3777 928 3833 ἔλευσιν
1030 3777 1379 3853 ἐκπλαγέντες
1464 3780 1553 3833 xui
1628 3780 1763 3854 πρὸς
1850 3783 1941 3835 τὸν

300 3866 539 3938 πόλεμον
602 3866 1099 3937 ἀποδειλιάσαντες,
1154 3868 1399 3944 ῥίψαντες
1457 3870 1524 3923 τὰ
1583 3868 1729 3923 ὅπλα
1784 3868 1942 3931 αὐτός

302 3976 351 4008 τε
400 3957 425 4009 ὁ
483 3958 680 4031 Τυράχ
735 3959 824 4010 καὶ
883 3957 1076 4019 πάντες
1134 3960 1187 4013 oi
1217 3956 1478 4033 ἄρχοντες
1509 3960 1596 4013 καὶ
1630 3959 1691 4012 τὸ
1750 3958 1940 4013 λοιπὸν

304 4043 508 4111 πλῆθος
548 4046 771 4107 ἑαυτοὺς
831 4046 1250 4122 ἐγχειρίζουσιν.
1284 4048 1344 4104 Ὁ
1399 4048 1493 4119 μὶν
1552 4047 1643 4101 οὖν
1706 4046 1943 4122 Κεγένης

303 4137 655 4197 συνεϐούλευε
700 4144 787 4197 καὶ
837 4141 1231 4219 διεμαρτύρατο
1279 4144 1478 4207 πάντας
1535 4139 1744 4215 ἡϐηδὸν
1804 4146 1943 4200 ἀπο-

305 4233 507 4305 σφάξαι,
544 4226 701 4305 ἔλεγε
732 4230 789 4286 δὶ
834 4233 923 4287 xui
980 4234 1281 4306 παροιμίαν
1347 4228 1617 4309 βάρϐαρον
1670 4235 1786 4308 μὲν,
1817 4240 1940 4289 νοῦν

306 4316 355 4373 δὲ
384 4320 558 4375 πολὺν
601 4317 857 4395 ἔχουσαν,
886 4322 961 4382 ὡς
995 4324 1113 4378 Ἔτι
1172 4326 1450 4397 χειμῶνος
1507 4319 1662 4385 ὄντος
1722 4321 1802 4377 δεῖ
1850 4324 1940 4377 τὸν

305 4405 415 4483 ὄφιν
474 4410 807 4482 ἀποκτεῖναι,
864 4411 1101 4481 ὁπηνίκα
1186 4414 1283 4481 τήν
1370 4414 1562 4485 κέρκον
1630 4418 1798 4467 κινεῖν
1882 4412 1943 4467 οὗ

308 4494 511 4552 δύναται
548 4518 560 4531 ⁸
624 4498 727 4553 ὑπὸ
810 4498 975 4567 ἡλίου
1048 4500 1152 4573 γάρ
1230 4499 1488 4577 θαλφθεὶς
1544 4501 1748 4561 κόπους
1804 4503 1938 4573 ἡμῖν

300 3068 449 3128 νόσος

720 3777 778 3832 ἔ).
787 3800 877 3833 ευσ
886 3803 928 3832 ιν

2056 1918 2196 1967 sunt
2246 1909 2523 1965 exsecuti.
2584 1907 2920 1978 Conjunctis
2971 1907 3246 1961 omnibus
3305 1905 3699 1959 Romanorum

2055 2001 2239 2071 c0piis
2272 1999 2530 2070 Kegenes
2560 2014 2659 2052 eas
2708 1997 2925 2060 eduxit,
2958 1994 3283 2065 castrisque
3328 1994 3439 2048 sub
3469 1993 3563 2047 dio
3598 2009 3701 2063 po-

2056 2090 2207 2153 sitis,
2256 2088 2615 2159 quotidianis
2666 2086 3104 2140 incursionibus
3154 2084 3487 2138 Patzinacas
3544 2082 3699 2135 haud

2054 2178 2256 2233 leviter
2276 2178 2519 2231 vexavit.
2559 2176 2619 2243 li,
2653 2192 2823 2228 amne
2855 2174 3119 2243 trajecto,
3144 2172 3201 2225 in
3239 2172 3552 2242 pecudum,
3583 2169 3701 2224 vini

2056 2274 2113 2322 et
2163 2274 2332 2336 potus
2379 2282 2409 2320 e
2468 2264 2639 2319 melle
2696 2263 2941 2317 confecti
3003 2262 3319 2316 maximam
3374 2260 3704 2314 inciderant

2056 2356 2304 2426 copiam,
2342 2371 2411 2409 ne
2454 2353 2652 2407 auditu
2710 2352 2945 2421 quidem
2997 2356 3167 2404 antea
3197 2350 3340 2420 ipsis
3387 2348 3528 2403 noti.
3562 2346 3698 2411 Qui-

2057 2446 2167 2499 bus
2200 2459 2331 2498 cum
2366 2441 2585 2495 affatim
2620 2442 2973 2502 fruerentur,
3009 2440 3248 2492 morbus
3279 2454 3378 2492 eos
3428 2436 3698 2492 cceliacus

2054 2533 2289 2595 invasit,
2323 2536 2378 2586 et
2410 2530 2670 2602 quotidie
2701 2529 3102 2583 moriebantur
3130 2527 3446 2581 innumeri.
3482 2526 3561 2580 De
3585 2542 3699 2596 quo

2055 2622 2268 2677 certior
2299 2638 2331 2674 a
2360 2621 2666 2689 transfuga
2698 2618 2949 2687 quodam
2985 2618 3171 2670 factus
3197 2616 3474 2683 Kegenes,
3526 2614 3701 2684 idque

2056 2708 2367 2765 invadendi
2401 2709 2585 2763 hostis
2607 2713 3007 2779 opportunum
3032 2710 3265 2776 tempus
3298 2710 3481 2770 ratus,
3506 2719 3621 2773 quo
3648 2708 3703 2757 et

2056 2798 2248 2854 hieme
2290 2802 2346 2852 et
2375 2798 2579 2851 morbo
2630 2796 3065 2866 premebantur,
3101 2793 3406 2865 pertractis
3438 2791 3497 2845 in
3530 2808 3697 2846 suam

2055 2889 2403 2944 sententiam
2440 2888 2611 2941 etiam
2665 2884 2961 2949 Romanis,
2994 2883 3520 2955 tergiversantibus
3552 2898 3700 2936 non-

2055 2978 2203 3032 nihil
2237 2983 2291 3031 et
2319 2982 2522 3030 contra
2555 2980 2777 3028 tantam
2813 2972 3251 3027 multitudinem
3286 2987 3546 3042 pugnare
3580 2986 3697 3025 me-

2056 3066 2379 3132 tuentibus,
2413 3063 2471 3117 in
2524 3064 2858 3117 Patzinacas
2896 3065 3179 3133 impetum
3213 3063 3330 3115 dat.
3367 3060 3473 3123 Qui
3507 3057 3703 3113 celeri-

2053 3160 2171 3209 tate
2229 3152 2579 3207 irruentium
2657 3150 2911 3205 hostium
2978 3150 3265 3220 perterriti
3320 3154 3378 3202 et
3443 3163 3701 3219 pugnam

2057 3242 2501 3298 reformidantes
2533 3239 2772 3309 abjectis
2803 3238 2980 3292 armis
2999 3254 3125 3292 sese
3149 3237 3427 3291 Romanis
3458 3237 3702 3301 dedunt,

2055 3357 2191 3395 cum
2260 3338 2560 3411 Tyrachus
2626 3338 2751 3407 ipse
2818 3340 2875 3391 et
2941 3334 3133 3390 caeteri
3203 3333 3518 3404 principes,
3577 3336 3703 3387 tum

2055 3428 2279 3499 reliqua
2331 3427 2507 3482 etiam
2559 3426 2751 3481 turba.
2802 3424 3158 3480 Consulebat
3209 3423 3492 3492 Kegenes,
3532 3425 3706 3492 atque

2054 3518 2230 3571 etiam
2264 3517 2669 3571 obtestabatur
2701 3513 2783 3568 uti
2818 3514 2888 3568 ad
2925 3530 3107 3567 unum
3142 3527 3346 3567 omnes
3378 3511 3705 3565 occideren-

2054 3611 2151 3659 tur
2179 3605 2397 3660 hostes.
2451 3608 2519 3657 Et
2568 3603 2846 3673 adagium
2898 3601 3192 3663 afferebat,
3226 3600 3545 3654 barbarum
3577 3601 3708 3670 qui-

2055 3696 2212 3757 dem,
2261 3694 2361 3748 sed
2411 3692 2578 3746 valde
2635 3697 2908 3763 argutum
2958 3707 2969 3745 :
3022 3706 3273 3761 anguem
3334 3688 3525 3743 hieme
3581 3703 3711 3742 esse

2055 3784 2405 3841 necandum.
2439 3782 2587 3838 587
2624 3798 2757 3836 cum
2792 3797 2905 3835 non
2949 3783 3139 3851 potest
3180 3779 3423 3832 caudam
3458 3793 3710 3844 movere,

2052 3888 2125 3925 ne
2181 3870 2324 3925 solis
2381 3869 2570 3926 calore
2626 3871 2875 3926 refectus
2935 3866 3265 3923 molestiam
3328 3865 3707 3936 laboremque

2052 3960 2198 4030 ipsis
2230 3965 2403 4014 creet.
2432 3960 2710 4014 Romanis
2742 3958 3087 4013 ductoribus
3106 3956 3161 4011 id
3187 3973 3300 4010 non
3327 3954 3707 4025 probabatur,

2055 4048 2282 4103 facinus
2315 4047 2422 4101 hoc
2474 4048 2845 4102 barbaricum
2900 4047 3017 4101 fore
3048 4051 3105 4100 et
3147 4044 3393 4115 impium
3436 4059 3503 4098 ac
3536 4059 3569 4095 α
3598 4045 3706 4096 Ro-

2055 4154 2229 4192 mana
2277 4136 2586 4191 clementia
2630 4136 2888 4191 alienum
2924 4134 3323 4189 censentibus.
3374 4131 3576 4186 Potius
3607 4147 3705 4185 eos

2054 4244 2156 4298 per
2232 4229 2491 4280 desertas
2555 4224 2831 4295 Bulgaria;
2920 4221 3190 4295 planities
3262 4220 3708 4291 dispergendos,

2052 4322 2227 4385 atque
2259 4314 2393 4368 hinc
2426 4314 2562 4368 inde
2602 4312 2905 4382 dissipatis
2936 4312 3222 4365 tributum
3254 4308 3706 4379 imponendum,

2053 4405 2171 4459 Hoc
2203 4404 2374 4457 modo
2405 4408 2461 4457 et
2489 4404 2783 4471 ingentem
2818 4401 2887 4455 ab
2921 4401 2991 4454 iis
3035 4398 3285 4454 reditum
3321 4398 3397 4453 rei
3432 4400 3705 4451 Romanis

2055 4508 2454 4559 accessurum,
2474 4495 2532 4545 et
2548 4506 2680 4545 cum
2712 4489 3031 4560 imperator
3060 4487 3351 4542 militibus
3380 4503 3528 4558 opus
3550 4489 3707 4541 esset

310 4587 508 4658 παρέξει
548 4586 638 4641 xui
682 4588 996 4662 πράγματα.
1026 4569 1196 4642 Τοῑέτο
1254 4586 1309 4643 δὲ
1348 4569 1475 4650 ’τοῖς
1531 4590 1795 4664 ἄρχουσιν
1846 4569 1942 4645 οὐκ

2054 4580 2368 4636 habiturus
2427 4581 2706 4636 adversus
2762 4584 2982 4633 Turcos
3042 4581 3142 4632 aut
3198 4576 3343 4632 alios
3401 4576 3702 4641 barbaros,

310 4671 469 4729 ἐδόκει
514 4676 831 4748 Ῥωμαίων,
892 4676 1037 4732 ἀλλὰ
1106 4672 1435 4752 βαρϐαρικὸν
1505 4681 1568 4732 τὸ
1640 4672 1794 4753 ἔργον
1852 4679 1941 4733 xui

316 4763 510 4818 ἀνόσιον
558 4765 841 4837 ἐνομίζετο
881 4766 970 4819 καὶ
1018 4767 1333 4838 Ῥωμαϊκῆς
1392 4767 1605 4837 ἀνάξιον
1662 4769 1941 4843 ἡμερότη-

316 4870 414 4913 τος.
443 4852 663 4909 Μᾶλλον
699 4854 796 4926 μὲν
830 4853 919 4908 οὖν
967 4855 1237 4929 συμφέρον
1296 4855 1546 4929 ἐνόμιζον
1602 4854 1941 4911 διασκεδάσαι

321 4943 521 5002 τούτους
553 4945 604 4997 έν
637 4948 760 5003 ταῖς
791 4942 885 5017 ἱρή
899 4964 1020 5015 μοις
1046 4948 1143 5009 τῆς
1194 4944 1531 5020 Βουλγαρίας
1590 4942 1804 4999 πεδιάσι
1851 4945 1941 4999 καὶ

326 5026 504 5093 ἄλλους
532 5030 789 5107 άλλαχοῦ
818 5030 1184 5105 ἐγκατοικίσαι
1212 5034 1301 5088 καὶ
1346 5033 1547 5109 φόρους
1596 5033 1779 5095 αὐτοῖς
1820 5032 1941 5088 ἐπι-

326 5122 489 5176 θεῖναι·
522 5118 731 5183 ἔσεσθαι
791 5121 896 5196 γὰρ
957 5122 1055 5176 οὐκ
1111 5122 1473 5195 εὐαρίθμητον
1529 5121 1620 5177 τὸν
1671 5122 1777 5176 άπὸ
1831 5126 1939 5177 τῶν

324 5207 558 5263 τοιούτων
623 5207 870 5283 δασμόν⁶
934 5210 977 5264 εἰ
1048 5208 1226 5282 δεήσει
1303 5208 1359 5265 δὲ
1435 5215 1514 5282 τῷ
1582 5208 1794 5287 βασιλεῖ
1851 5212 1937 5266 καὶ

328 5300 525 5363 στρατοῦ
578 5300 715 5374 πρός
768 5319 828 5353 τε
883 5298 1010 5361 τοὺς
1068 5300 1339 5375 Τούρκους
1420 5300 1509 5355 καὶ
1593 5300 1729 5375 πρὸς
1797 5298 1943 5356 ἄλλα

330 5379 595 5458 ἑτερόουλα
623 5390 780 5462 γένη,
814 5386 1162 5458 καθοπλίζειν
1219 5389 1310 5444 ἀπ’
1341 5388 1538 5445 αὐτῶν.
1571 5387 1805 5446 Πολλῶν
1847 5388 1941 5445 οὖν

331 5465 480 5544 λόγων
538 5475 803 5549 ῥηθέντων
861 5477 1103 5547 ἐνίκησεν
1150 5479 1184 5547 ἡ
1230 5482 1335 5533 τῶν
1381 5477 1670 5551 Ῥωμαίων
1717 5478 1937 5552 γνώμηο

329 5562 405 5610 xul
448 5562 473 5614 6
522 5565 610 5632 μὶν
671 5563 910 5641 Κεγένης
956 5566 1117 5628 ὅσους
1166 5561 1327 5622 ἔλαϐε
1369 5567 1626 5642 ζωγρίας,
1656 5563 1803 5636 πλὴν
1864 5564 1937 5621 ὧν

2052 4674 2193 4724 tunc
2242 4686 2339 4724 eos
2386 4668 2601 4723 armari
2663 4684 2854 4740 posse.
2914 4670 2993 4721 Re
3052 4666 3150 4720 diu
3212 4664 3513 4736 disputata
3566 4664 3707 4720 vicit

2051 4758 2291 4813 tandem
2339 4758 2733 4813 Romanorum
2778 4755 3088 4812 sententia.
3121 4755 3228 4809 Sed
3260 4759 3523 4825 Kegenes
3552 4753 3700 4807 occi—

2053 4846 2135 4902 sis
2168 4852 2457 4919 quotquot
2482 4851 2714 4918 ceperat
2737 4846 3081 4913 Patzinacis,
3104 4844 3217 4899 nisi
3250 4860 3396 4915 quos
3418 4841 3703 4905 vendidit,

2052 4937 2293 4990 domum
2343 4940 2432 4991 est
2478 4952 2762 4990 reversus.
2797 4934 3074 4989 Caeterum
3120 4949 3319 4987 eorum
3375 4929 3705 4986 multitudi-

2053 5040 2183 5079 nem
2240 5024 2521 5095 Bulgariaa
2572 5024 2881 5094 praefectus
2932 5021 3180 5078 Basilius
3231 5020 3554 5076 Monachus
3605 5036 3706 5092 per

2052 5112 2402 5183 campestria
2432 5112 2705 5177 Serdicae,
2753 5111 2911 5169 Naisi
2944 5116 2999 5167 et
3049 5109 3347 5182 Eutzapeli
3379 5110 3699 5177 distribuit,

2052 5201 2328 5257 omnibus
2360 5202 2650 5273 ademptis
2682 5200 2886 5266 armis,
2922 5217 2992 5255 ne
3040 5200 3179 5272 quid
3215 5198 3404 5254 moliri
3440 5204 3698 5269 possent.

2053 5300 2355 5371 Tyrachus
2386 5302 2442 5354 et
2491 5315 2619 5353 cum
2669 5314 2735 5355 eo
2768 5306 2998 5353 centum
3052 5296 3445 5369 quadraginta
3491 5295 3599 5351 viri
3633 5297 3703 5351 ad

2051 5390 2460 5460 imperatorem
2507 5390 2746 5445 abducti
2779 5395 2957 5459 sunt;
2991 5394 3163 5462 atque
3212 5391 3283 5445 ab
3314 5388 3424 5445 hoc
3454 5389 3702 5459 benigne

2051 5481 2292 5550 accepti,
2351 5480 2624 5550 baptizati
2673 5480 3064 5551 maximisque
3114 5479 3439 5534 honoribus
3489 5478 3700 5542 affecti,

2050 5569 2233 5625 vitam
2270 5569 2345 5624 ibi
2370 5569 2696 5639 jucundam
2731 5574 2997 5641 egerunt.

336 5654 693 5733 ἀπημπόληκε,
742 5664 870 5725 τοὺς
923 5666 1127 5727 πάντας
1173 5664 1480 5744 ἀποσφάξας
1542 5663 1894 5735 ὑπενόστησεν
1980 5663 2182 5734 οἴκαδε,
2241 5665 2337 5725 τὰς
2425 5662 2482 5720 δὲ
2565 5669 2673 5719 τῶν
2754 5666 3098 5735 Πατζινάκων
3178 5662 3439 5739 μυριάδας
3524 5664 3552 5717 6
3599 5668 3700 5731 τῆς
