4036 6194
330 381 447 442 319

1679 383 1996 445 GEORGII
2042 384 2381 445 CEDRENI

3620 389 3743 447 320

333 511 677 587 Βουλγαρίας
723 507 1058 586 παραλαϐὼν
1116 511 1302 588 ἅρχων
1359 513 1633 575 Βασίλειος
1695 515 1722 567 6
1783 513 2037 587 Μοναχὸς
2093 511 2433 590 ἐγκαθιδρύει
2493 517 2591 570 ἀνά
2652 538 2709 571 τε
2782 518 2878 576 τὰς
2952 515 3207 579 πεδιάδας
3276 524 3373 586 τῆς
3441 514 3733 589 Σαρδικῆς.

330 604 400 670 τῆ
407 624 429 663 ς
522 603 726 657 Ναϊσοῦ
801 601 890 655 καὶ

337 780 549 857 φρόνως
633 782 789 844 οὗτος
868 779 1264 854 ἀποδεξάμενος
1350 783 1437 836 καὶ
1520 783 1779 856 βαπτίσας
1864 781 1952 835 καὶ

339 874 483 943 εἶχεν
496 915 507 926 ,

980 602 1328 670 Εὐτζαπὲλου
1406 601 1719 678 διασπείρας
1802 602 2002 663 πάντας
2065 606 2150 657 καὶ
2209 610 2311 657 πᾶν
2372 604 2544 660 ὅπλον
2604 601 2943 683 ἀφελόμενος
2998 606 3085 661 διὰ
3142 609 3200 661 τὸ
3258 604 3735 661 ἀνεπιϐούλευτον.

331 692 395 747 Ὀ
454 689 511 745 δὲ
565 692 749 766 Τυράχ
801 692 887 745 καὶ
945 692 1035 745 σὺν
1091 692 1235 763 αὐτῷ
1304 690 1490 760 ἄνδρες
1542 693 1726 746 ἑκατὸν
1785 692 1875 746 καὶ
1959 694 2361 765 τεσσαράκοντα
2439 695 2655 770 ἄγονται
2726 696 2801 757 είς
2883 697 2973 750 τὸν

2042 782 2321 855 μεγίστοις

3069 694 3293 771 βασιλέα
3328 716 3338 727 ⁸

2814 785 3011 858 ἐπάρας
3091 784 3141 839 ἐν
3221 786 3525 847 εὐπαθείαις
3605 805 3731 839 κατ-

3402 696 3492 759 οὒς
3571 694 3737 772 φιλο-

2417 785 2715 857 ἀξιώμασιν

404 999 475 1050 At
506 1014 635 1051 vero
668 997 936 1052 sultanus
984 998 1054 1052 ob
1108 998 1332 1052 irritam
1370 998 1714 1070 legationem
1768 998 1970 1062 iratus,

2158 996 2218 1053 Ὀ
2278 995 2333 1051 δὶ
2383 998 2674 1061 σουλτάνος
2732 1000 2828 1068 τὴν
2883 1004 2990 1053 τῶν
3023 998 3184 1053 αὐτοῦ
3239 993 3503 1072 πρέσϐεωκ
3564 996 3735 1071 ἄπρα-

337 1086 650 1139 contractis
682 1102 711 1140 e
748 1086 974 1139 Perside
1007 1091 1063 1141 et
1096 1086 1410 1158 Babylonia
1434 1088 1639 1158 cepiis,
1675 1086 1887 1141 bellum
1923 1088 1979 1140 in

340 1176 617 1229 Romanos
662 1180 870 1229 movet.
912 1176 965 1229 ld
1000 1193 1130 1230 cum
1168 1178 1364 1231 auditu
1404 1178 1757 1248 percepisset
1789 1177 1982 1230 Mono-

341 1265 606 1325 machus.
640 1281 771 1318 cum
808 1282 947 1319 suas
995 1266 1192 1338 copias
1245 1284 1537 1338 Opponere
1590 1266 1740 1321 hosti
1776 1265 1983 1320 statuit

336 1359 460 1406 tum
495 1352 646 1409 588
680 1354 1013 1423 quindecim
1061 1355 1246 1409 millia
1282 1356 1717 1410 Patzinacarum
1752 1360 1978 1422 armat;

335 1442 527 1513 iisque
557 1444 733 1497 duces
767 1449 1018 1513 quatuor
1038 1446 1107 1498 de
1140 1444 1462 1500 Patzinacis
1488 1446 1739 1517 Byzintii
1773 1446 1981 1513 degen-

340 1529 500 1585 tibus
561 1532 819 1600 praeficit,
874 1533 1266 1601 Sultzumum,
1316 1534 1561 1603 Selzten,
1613 1535 1891 1588 Caraman
1927 1538 1983 1587 et

336 1618 740 1687 Cataleimum,
777 1621 1139 1693 donatosque
1185 1623 1336 1677 haud
1370 1623 1681 1695 vulgariter
1712 1628 1769 1677 et
1800 1623 1979 1676 armis

339 1708 745 1779 pulcherrimis
821 1720 1057 1765 ornatos
1144 1712 1523 1783 Chrysopolin
1609 1711 1978 1773 transmittit,

336 1797 534 1851 addito
592 1798 692 1868 qui
740 1814 838 1853 eos
895 1800 951 1853 in
1016 1800 1259 1855 lberiam
1315 1802 1551 1856 duceret
1603 1800 1978 1855 Constantino

340 1885 581 1955 patricio
615 1888 999 1943 Adrobalano.
1048 1890 1187 1943 Mari
1225 1892 1461 1959 trajecto
1495 1889 1813 1944 Patziuacm
1844 1906 1976 1943 cum

336 1990 511 2042 equos
580 1977 1059 2031 conscendissent
1123 1984 1179 2032 et
1243 1978 1354 2033 iter
1413 1977 1473 2033 in
1541 1978 1830 2033 Orientem
1890 1978 1975 2031 in-

335 2063 521 2132 gressi
572 2081 757 2135 usque
808 2066 877 2120 ad
928 2066 1258 2121 Melitenam
1310 2068 1730 2138 pervenissent,
1765 2066 1861 2122 ubi
1905 2067 1976 2121 ad

336 2151 651 2223 Damatryn
704 2155 1267 2226 apprOpinquavere,
1302 2158 1635 2212 subsistunt
1666 2161 1723 2211 et
1754 2156 1976 2210 delibe-

339 2241 622 2295 rationem
688 2242 819 2313 (ipsi
880 2252 1277 2299 commentum
1349 2247 1577 2314 vocant)
1637 2246 1974 2299 instituunt.

337 2332 511 2383 Erant
543 2330 641 2399 qui
675 2332 1101 2401 procedendum
1151 2338 1422 2404 putarent
1451 2351 1639 2405 neque
1685 2334 1977 2388 mandatis

339 2418 709 2488 imperatoris
735 2420 790 2472 in
819 2420 1005 2490 ipsius
1031 2422 1246 2477 ditione
1273 2424 1740 2495 repugnandum,
1768 2440 1900 2478 cum
1924 2429 1980 2477 et

337 2508 524 2562 avulsi
556 2527 589 2561 a
619 2510 746 2563 suis
784 2519 1003 2575 essent,
1038 2529 1225 2582 neque
1276 2512 1382 2567 soli
1419 2513 1811 2567 Romanorum
1848 2529 1979 2583 pos-

337 2602 466 2650 sent
512 2597 776 2653 resistere
824 2600 1067 2665 viribus,
1116 2618 1301 2671 neque
1352 2601 1635 2656 haberent
1678 2618 1867 2656 arcem
1919 2602 1978 2656 in

337 2702 514 2754 quam
548 2702 627 2752 se,
663 2688 708 2741 si
741 2688 880 2756 quid
914 2696 1121 2759 praeter
1160 2691 1493 2745 institutum
1530 2691 1673 2744 forte
1702 2690 1976 2757 eveniret,

338 2775 678 2845 reciperent.
703 2776 845 2831 Aliis
876 2778 1184 2832 videbatur
1205 2780 1576 2850 occupandos
1599 2795 1729 2834 esse
1752 2778 1979 2850 aliquos

338 2862 621 2935 Bithynia:
668 2872 897 2921 montes
946 2868 1000 2920 in
1036 2868 1225 2938 iisque
1276 2869 1653 2934 manendum,
1686 2870 1812 2923 etsi
1847 2868 1980 2938 quis

335 2953 683 3020 adoriretur,
737 2955 1166 3010 defendendum
1200 2973 1211 3010 :
1245 2974 1356 3010 non
1409 2962 1602 3011 autem
1638 2958 1978 3012 intrandum

338 3041 391 3094 in
450 3041 719 3111 Iberiam,
773 3044 1068 3114 regionem
1129 3051 1412 3100 remotam
1476 3052 1652 3117 atque
1711 3046 1978 3111 «lienam,

335 3135 511 3198 atque
542 3130 640 3185 ubi
674 3148 784 3185 non
822 3132 1014 3187 hostes
1043 3134 1214 3188 modo
1245 3134 1661 3202 Romanorum,
1697 3136 1792 3190 sed
1821 3136 1979 3206 ipsos

335 3218 506 3273 etiam
574 3221 864 3275 Romanos
934 3221 1131 3276 hostes
1199 3230 1397 3277 essent
1462 3224 1741 3278 habituri.
1804 3224 1977 3279 Solus

330 3307 647 3363 Catalimus
665 3310 852 3363 suasit
874 3312 1278 3365 revertendum
1304 3328 1427 3366 esse
1471 3318 1607 3367 etse
1638 3329 1767 3366 cum
1796 3330 1977 3383 popu-

332 3396 553 3452 laribus
611 3400 1107 3471 conjungendum.
1160 3401 1228 3454 Et
1283 3402 1538 3471 quodam
1601 3406 1977 3473 percontante

332 3503 587 3556 quanam
622 3490 843 3543 ratione
892 3505 1047 3543 mare
1097 3490 1332 3544 transiri
1387 3495 1600 3561 posset,
1632 3491 1775 3545 nihil
1818 3490 1976 3544 aliud

332 3576 477 3629 dixit
508 3593 680 3646 quam
709 3576 857 3646 quod
884 3579 1133 3647 sejussit
1158 3579 1343 3649 sequi.
1372 3580 1519 3650 Ergo
1540 3579 1972 3633 Adrobalanum

331 3663 482 3719 589
507 3664 833 3719 interﬁcere
858 3667 1074 3721 frustra
1094 3669 1284 3722 conati
1309 3669 1527 3739 (effugit
1547 3669 1701 3722 enim
1720 3670 1775 3722 in
1796 3670 1977 3738 quod-

2090 1105 2214 1137 κτον
2278 1087 2622 1161 ὑποστροφὴν
2681 1090 2756 1161 μῆ
2810 1089 3007 1164 φέρων,
3040 1089 3133 1149 τὰς
3184 1086 3236 1142 ἐν
3298 1084 3513 1162 Περσίδι
3559 1084 3737 1144 πάσας

2094 1170 2346 1246 δυνάμεις
2417 1176 2506 1229 καὶ
2578 1178 2672 1237 τὰς
2758 1172 3134 1240 Βαϐυλωνίους
3209 1178 3293 1252 ὑφ’
3348 1176 3405 1230 ἓν
3482 1175 3739 1249 ἀθροίσας

2092 1258 2349 1331 εἷσδολήν
2407 1270 2640 1319 ποιεῖται
2697 1267 2831 1319 κατὰ
2886 1266 3189 1338 Ῥωμαίων.
3248 1269 3416 1319 Τοῦτο
3483 1262 3539 1317 δὲ
3597 1284 3735 1337 προ-

2093 1354 2345 1421 σκηκοὼς
2403 1355 2431 1408 6
2483 1356 2817 1429 Μονομάχος
2880 1352 3099 1409 ἔσπευδε
3177 1354 3272 1426 μὲν
3331 1352 3421 1407 καὶ
3479 1350 3567 1406 διὰ
3620 1358 3737 1406 τῶν

2093 1441 2303 1495 οἰκείων
2368 1440 2645 1513 δυνάμεων
2706 1444 3115 1517 ἀντιπαράταξιν
3194 1450 3385 1511 στῆσαι
3436 1446 3514 1512 τῷ
3564 1440 3736 1494 πολε-

2095 1529 2227 1602 μίῳ,
2261 1530 2468 1585 ὥπλισε
2500 1529 2554 1585 δὲ
2594 1533 2681 1585 καὶ
2738 1532 2843 1586 ἀπὸ
2900 1538 3004 1586 τῶν
3071 1531 3412 1599 ΙΙατζινάκων
3475 1526 3738 1605 χιλιάδας

2095 1620 2170 1671 ιε’.
2235 1620 2329 1673 Καὶ
2388 1616 2665 1693 ἡγεμόνας
2710 1622 2970 1695 τὲσσαρας
3023 1621 3128 1675 ἀπὸ
3182 1625 3290 1675 τῶν
3352 1620 3403 1674 ἐν
3453 1625 3737 1672 Κωνστανο

2089 1707 2404 1764 τινουπόλει
2438 1712 2782 1779 Πατζινάκων
2831 1709 3013 1772 αὐτοῖς
3065 1709 3376 1780 ἐπιστήσας,
3410 1709 3499 1764 τὸν
3555 1706 3739 1762 Σουλ-

2088 1803 2264 1869 τζοῦν,
2296 1800 2385 1853 τὸν
2446 1798 2631 1867 Σιλτὲ,
2660 1801 2749 1853 τὸν
2810 1802 3069 1875 Καραμᾶν
3130 1800 3218 1854 καὶ
3276 1800 3365 1853 τὸν
3426 1796 3735 1867 Ι(αταλεῖμ,

2091 1884 2285 1958 δώροις
2318 1908 2374 1941 τε
2409 1886 2916 1964 φιλοτιμησάμενος
2975 1889 3039 1942 οὐ
3102 1894 3338 1961 μικροῖς,
3368 1888 3459 1941 καὶ
3518 1888 3737 1960 ἅρματα

2089 1972 2355 2030 κάλλιστα
2414 1974 2538 2038 δοὺς
2592 1977 2682 2031 καὶ
2753 1975 2957 2039 ’ίππους
3017 1975 3347 2049 διαπρεπεῖς,
3406 1981 3624 2051 περαιοῖ
3679 1974 3731 2028 ἐν

2089 2062 2488 2137 Χρυσουπόλει,
2524 2065 2647 2127 δοὺς
2700 2067 2886 2128 αὐτοῖς
2937 2064 3136 2140 ὁδηγὸν
3195 2067 3285 2120 τὸν
3342 2066 3533 2135 ἀπάξαι
3589 2063 3732 2137 μελ-

2089 2150 2257 2207 λοντα
2329 2153 2551 2215 τούτους
2656 2154 2729 2215 εἷς
2805 2150 3042 2229 Ἰϐηρίαν
3143 2158 3538 2210 Κωνσταντῖνον
3589 2153 3733 2206 ’τὸν

2087 2240 2392 2316 πατρίκιον,
2424 2246 2504 2315 [Ρ.
2556 2245 2684 2317 779]
2741 2245 2786 2315 ᾧ
2844 2239 3245 2318 Ἀδροϐάλανος
3298 2244 3361 2298 τὸ
3421 2242 3737 2314 ἐπώνυμον.

2012 2332 2483 2429 ΒΙῐεραιωθὲντες
2540 2330 2596 2386 δὲ
2665 2333 2812 2386 οὗτοι
2870 2332 2959 2386 καὶ
3008 2332 3134 2393 τοὺς
3187 2331 3390 2392 ’ίππους
3449 2326 3741 2391 ἀναϐάντες

2090 2420 2177 2473 καὶ
2237 2424 2333 2485 τῆς
2412 2422 2546 2493 πρὸς
2589 2418 2891 2489 Ἀνατολήν
2981 2421 3249 2496 φερούσης
3326 2420 3591 2493 ἁψάμενοι
3645 2421 3739 2473 καὶ

2089 2508 2447 2583 προελθόντες
2502 2511 2632 2585 ἄχρι
2693 2510 2890 2582 μιλίων
2939 2514 3099 2562 τινῶν
3168 2511 3255 2562 καὶ
3319 2514 3395 2580 τῷ
3455 2506 3744 2584 λεγομένῳ

2092 2598 2370 2672 Δαματρῦϊ
2436 2599 2885 2673 προσεγγίσαντες
2946 2598 3175 2673 ἐπέσχον
3234 2598 3332 2666 τὴν
3373 2597 3614 2671 πορείαν,
3647 2597 3742 2650 καὶ

2090 2687 2301 2747 στάντες
2360 2687 2444 2742 ἐπὶ
2505 2692 2602 2752 τῆς
2659 2686 2788 2742 ὁδοῦ
2848 2682 3169 2759 συμϐουλὴν
3207 2686 3579 2760 προετίθεσαθ,
3614 2686 3740 2753 ἥτις

2088 2777 2213 2850 παρ’
2270 2775 2447 2837 αὐτοῖς
2521 2776 2783 2849 κομέντον
2854 2775 3184 2848 ὠνόμασται.
3247 2777 3364 2830 Τισὶ
3459 2776 3550 2847 μὶν
3643 2774 3737 2827 οῦν

2089 2863 2262 2919 ἐδόκει
2322 2864 2584 2939 πορευτέα
2642 2865 2774 2919 εἶναι
2840 2864 2928 2917 καὶ
2988 2866 3063 2936 μὴ
3124 2859 3443 2918 ἀντιϐαίνειν
3503 2862 3589 2917 ἐπὶ
3633 2870 3738 2930 τῆς

2089 2954 2278 3029 χώρας
2334 2958 2431 3008 τοῦ
2494 2952 2763 3028 βασιλέως
2817 2958 2935 3015 τοῖς
2999 2953 3307 3026 βασιλικοῖς
3333 2953 3734 3027 προστάγμασι,

2086 3048 2182 3096 τοῦ
2232 3063 2290 3097 τε
2347 3042 2544 3097 λοιποῦ
2596 3040 2779 3104 ἔθνους
2819 3041 3247 3115 κεχωρισμένοις
3278 3041 3367 3094 καὶ
3420 3042 3557 3113 μήτε
3616 3042 3737 3102 καθ’

2088 3131 2309 3193 ἑαυτοὺς
2418 3132 2711 3199 ὑποστῆναι
2816 3126 3136 3201 δυναμένοις
3229 3130 3328 3197 τὴν
3412 3130 3737 3201 Ῥωμαϊκὴν

2090 3218 2316 3292 δύναμιν
2348 3223 2483 3292 μήτε
2516 3221 2855 3294 ὁρμητήριον
2884 3214 3071 3293 ἔχουσι
3104 3220 3240 3292 πρὸς
3294 3217 3360 3272 τά
3407 3224 3505 3285 τῆς
3553 3216 3736 3290 τύχης

2088 3304 2369 3379 ἀϐούλητα
2403 3328 2415 3341 ⁸
2476 3306 2670 3369 ἄλλοις
2725 3308 2888 3362 πάλιν
2954 3304 3147 3374 ἐδόκει,
3194 3310 3554 3381 κατασχοῦσιν
3627 3301 3734 3379 ὄρη

2087 3398 2207 3452 τινὰ
2248 3406 2349 3466 τῆς
2411 3396 2681 3465 Βιθυνίας,
2715 3395 2767 3451 ἐν
2825 3396 3037 3457 τούτοις
3080 3398 3403 3471 παραμένειν
3462 3396 3548 3449 καὶ
3604 3394 3738 3455 τοὺς

2088 3486 2341 3548 ἐπιόντας
2422 3486 2774 3559 ἀμύνασθαι,
2838 3485 3079 3540 ἀνελθεῖν
3160 3483 3216 3539 δὲ
3305 3482 3575 3557 μηδαμῶς
3662 3484 3742 3543 εἷς

2086 3571 2346 3649 Ἰϐηρίαν,
2402 3575 2455 3637 ἐς
2542 3578 2729 3650 χώραν
2792 3574 2996 3649 μακράν
3074 3574 3163 3627 καὶ
3222 3571 3549 3640 ἀλλόκοτον,
3616 3568 3741 3626 ἔνθα

2091 3664 2384 3737 μὶλλουσιν
2419 3662 2552 3734 ἕξειν
2613 3664 2917 3736 πολεμίους
2979 3662 3040 3716 οὐ
3100 3663 3263 3735 μόνον
3318 3662 3444 3723 τοὺς
3501 3662 3741 3737 ἐχθροὺς

333 3755 466 3807 dam
491 3754 645 3823 apud
682 3754 990 3827 Damatryn
1015 3730 1360 3827 palatiorurn
1386 3730 1664 3813 solarium
1685 3730 1875 3811 tribus
1900 3758 1973 3811 fa-

2091 3754 2390 3827 Ῥωμαίων,
2448 3752 2592 3808 ἀλλὰ
2665 3754 2754 3807 καὶ
2836 3751 3030 3813 αὐτοὺς
3104 3751 3234 3805 τοὺς
3288 3752 3613 3823 Ῥωμαίους.
3677 3752 3743 3803 '0

334 3841 525 3911 stigiis
558 3843 798 3913 tectum)
829 3844 1177 3899 Catalimum
1212 3852 1543 3917 sequuntur
1564 3848 1631 3900 ad
1660 3863 1839 3915 mare,
1865 3864 1978 3901 non

333 3931 569 4001 quidem
605 3937 908 4003 sperantes
938 3950 1071 3987 eum
1108 3935 1336 4006 navigia
1367 3936 1579 3989 habere
1616 3941 1817 4007 parata
1847 3936 1979 4005 qui-

338 4020 447 4073 bus
511 4036 666 4075 mare
710 4022 1067 4091 trajicerent,
1118 4023 1218 4077 sed
1273 4023 1609 4079 haesitantes
1666 4040 1732 4078 ac
1787 4025 1981 4080 videre

336 4108 637 4179 cupientes
682 4126 952 4182 quanam
1003 4116 1157 4166 esset
1206 4113 1400 4167 futura
1448 4112 1778 4183 trajiciendi
1812 4114 1978 4167 ratio.

335 4196 408 4251 Ut
439 4197 507 4250 ad
535 4196 702 4253 littus
722 4205 961 4253 ventum
983 4200 1418 4265 est,Catalimus
1439 4200 1546 4255 hoc
1576 4218 1758 4255 unum
1788 4202 1980 4257 fatus:

340 4309 368 4336 ‹‹
401 4287 505 4350 Qui
540 4304 601 4341 se
632 4283 825 4357 ipsum
878 4294 934 4343 et
980 4290 1275 4345 universos
1325 4290 1662 4345 Patzinacas
1702 4291 1827 4345 vult
1856 4306 1983 4345 esse

341 4375 971 4447 salvos,mesequatur,
997 4402 1022 4426 ››
1047 4395 1194 4447 equo
1217 4378 1542 4455 calcaribus
1568 4380 1808 4434 incitato
1830 4396 1986 4434 mare

341 4470 429 4521 est
464 4466 787 4535 ingressus.
818 4466 977 4531 Quod
1009 4467 1159 4522 alius
1208 4458 1563 4537 rursumque
1607 4468 1758 4523 alius
1787 4468 1983 4523 imita-

346 4560 461 4620 tus,
495 4561 551 4610 et
583 4557 817 4610 tandem
852 4555 1043 4611 omnis
1076 4557 1512 4611 Patzinacarum
1547 4557 1864 4612 multitudo
1896 4575 1983 4613 se-

345 4650 479 4700 cuta
509 4649 617 4710 est,
653 4645 890 4715 quidam
927 4649 989 4699 ut
1019 4651 1183 4699 erant
1226 4646 1455 4711 armati,
1490 4645 1588 4700 alii
1620 4647 1863 4714 abjectis
1894 4664 1984 4701 ar-

345 4734 476 4788 mis.
509 4738 659 4788 Mare
706 4750 841 4805 ergo
873 4737 1128 4801 tranant,
1161 4740 1217 4789 et
1260 4734 1329 4788 ad
1364 4735 1637 4789 Sanctum
1680 4736 1986 4791 Tarasium

344 4824 401 4877 in
434 4822 769 4895 oppositum
805 4822 945 4877 litus
995 4823 1268 4889 evadunt,
1311 4827 1367 4877 et
1413 4822 1645 4895 magnis
1678 4825 1986 4880 itineribus

344 4914 410 4967 ad
447 4931 583 4969 suos
618 4913 770 4981 apud
805 4912 1156 4965 Triaditzam
1208 4913 1573 4982 perveniunt,
1610 4914 1839 4969 nemine
1884 4914 1986 4967 ob-

343 5006 495 5056 stare
528 5006 625 5054 aut
648 5018 744 5055 eos
775 4999 1077 5071 prohibere
1102 5016 1263 5063 auso,
1287 5016 1418 5054 cum
1444 5001 1677 5056 subitus
1700 5004 1988 5059 adventus

2092 3842 2371 3914 Καταλεὶμ
2418 3840 2475 3896 δὶ
2535 3842 2699 3915 μόνος
2754 3842 2979 3915 γνώμην
3026 3838 3201 3895 ἐδίδοο
3264 3842 3592 3913 ὑποστρέψαι
3643 3841 3739 3894 καὶ

2090 3934 2358 4000 ὲνωθῆναι
2442 3936 2560 3992 τοῖς
2647 3930 2971 4005 συγγενέσιν.
3052 3929 3311 3990 Εἰπόντος
3399 3927 3455 3983 δὲ
3536 3950 3686 3989 τινος
3726 3948 3739 3959 ·

2094 4021 2251 4075 «Καὶ
2300 4025 2417 4081 πῶς
2471 4018 2533 4074 ἂν
2588 4016 2761 4074 ἔσεται
2819 4020 3024 4093 περατὴ
3082 4021 3117 4087 ἠ
3169 4016 3446 4086 θάλασσα;
3484 4042 3509 4068 ››
3563 4016 3742 4090 μηδὲν

2090 4111 2263 4165 πὶίον
2324 4109 2488 4163 εἰπὼν
2560 4106 2779 4171 ἕπεσθαί
2865 4109 2916 4161 οἱ
2994 4105 3227 4162 κελεύει.
3286 4108 3388 4164 Τὸν
3463 4108 3556 4179 μὶν

2091 4194 2495 4273 Ἃδροϐάλανον
2556 4199 2896 4273 ὁρμήσαντες
2956 4195 3275 4251 ἀποκτεῖοαι
3335 4197 3437 4250 οὐκ
3507 4197 3747 4270 ἱσχυσαν

2095 4289 2300 4364 (φυγὼν
2331 4289 2431 4363 γὰρ
2462 4285 2693 4355 διεσώθη
2727 4280 2778 4339 ἕν
2836 4306 2942 4339 τινι
2999 4285 3292 4360 τριωρόφῳ
3346 4285 3573 4356 ὑπερῴῳ
3631 4290 3751 4339 τῶν

2094 4374 2146 4430 ἐν
2200 4377 2278 4448 τῷ
2338 4374 2617 4450 Δαματρύϊ
2664 4371 2985 4443 παλατίων),
3033 4376 3113 4442 τῷ
3176 4370 3457 4443 Καταλεῖμ
3503 4369 3561 4426 δὶ
3610 4372 3749 4427 67:6-

2097 4486 2249 4538 μενοι
2307 4467 2652 4539 κατήρχοντο
2696 4462 2829 4536 πρὸς
2885 4462 2983 4529 τὴν
3067 4459 3357 4529 θάλασσαν,
3401 4461 3499 4515 οὐκ
3582 4460 3748 4517 ἐλπί-

2098 4559 2277 4622 ζοντες
2332 4555 2477 4627 τάχα
2532 4550 2702 4607 πλοῖα
2760 4547 2903 4625 ἔχειν
2984 4549 3144 4603 αὐτὸν
3218 4548 3617 4623 ηὐτρεπισμένα
3674 4555 3751 4606 τὰ

2097 4640 2282 4716 ῥᾳδίαν
2314 4641 2529 4701 τούτοις
2565 4638 2839 4713 μέλλοντα
2870 4640 3099 4706 ποιῆσαι
3152 4638 3252 4705 τήν
3310 4645 3410 4705 τῆς
3464 4636 3749 4709 θαλάσσης

2094 4730 2410 4805 περαίωσιν,
2444 4727 2587 4783 ἀλλὰ
2631 4726 3012 4801 διαποροῦντες
3068 4726 3157 4780 καὶ
3219 4732 3405 4799 μαθεῖν
3466 4725 3747 4790 ἐθέλοντες

2094 4820 2177 4883 τίς
2206 4822 2234 4874 6
2263 4820 2465 4891 τρόπος
2492 4824 2592 4887 τῆς
2622 4812 2935 4877 διαϐάσεως.
2972 4816 3120 4870 Ἐπεὶ
3156 4812 3213 4869 δὲ
3262 4815 3312 4869 ἐν
3361 4820 3440 4886 τῷ
3499 4815 3749 4891 αῗγιαλῷ

2096 4908 2363 4982 ἐγένοντο,
2430 4904 2595 4979 μηδὲν
2654 4904 2822 4961 πλέον
2878 4904 3044 4958 εἰπὼν
3101 4905 3129 4957 6
3188 4903 3473 4977 Καταλεὶμ
3527 4903 3656 4959 ἀλλ’
3705 4906 3744 4974 ἢ

2101 4997 2287 5069 μόνον,
2325 5018 2352 5047 ‹‹
2384 4994 2626 5058 Ἐπὲσθω
2680 4995 2708 5048 6
2761 4991 3093 5067 βουλόμενος
3149 4992 3311 5047 αὐτόν
3359 5015 3415 5047 τε
3472 5000 3745 5069 περιεῖναι

3645 4106 3744 4161 οὗν

346 5090 486 5160 ipsis
520 5089 829 5143 transitum
863 5088 1177 5158 expediret.
1225 5090 1527 5157 Conjuncti
1562 5107 1692 5144 cum
1727 5091 1979 5145 Patzina-

2094 5086 2182 5141 καὶ
2242 5084 2438 5147 πάντας
2478 5082 2603 5145 τοὺς
2636 5082 2987 5152 ΙΙατζινάκας.
3024 5104 3048 5134 ν
3081 5082 3173 5135 τὸν
3228 5079 3399 5135 ’ίππον
3460 5083 3750 5154 μυωπίσας

345 5180 427 5233 cis
463 5181 559 5251 qui
596 5180 747 5250 apud
778 5177 1126 5233 ’I‘riaditzam
1162 5182 1433 5249 agebant,
1463 5196 1561 5235 eos
1591 5198 1854 5252 quosque
1886 5181 1985 5251 qui

344 5269 474 5323 aliis
507 5270 561 5323 in
598 5268 937 5338 regionibus
958 5268 1337 5322 morabantur
1354 5269 1637 5323 sollicant.
1669 5270 1983 5340 Postquam

345 5358 597 5413 universi
631 5357 685 5411 in
721 5374 903 5412 unum
938 5355 1340 5422 suntcollecti,
1366 5358 1647 5429 correptis
1682 5358 1984 5412 securibus

346 5446 639 5501 ruralibus
673 5446 1036 5516 falcibusque
1066 5450 1122 5500 et
1169 5445 1301 5501 aliis
1352 5447 1716 5502 ferramentis
1748 5447 1985 5502 rusticis

346 5552 406 5590 se
459 5540 709 5601 armant,
758 5534 1304 5606 Philippopolinque
1354 5536 1589 5607 profecti
1640 5540 1693 5589 et
1750 5537 1981 5591 [Emum

347 5626 694 5697 transgressi
727 5626 795 5679 ad
832 5625 1047 5679 flumen
1071 5628 1313 5679 Osmum
1344 5624 1399 5678 in
1434 5625 1655 5693 campis
1681 5626 1823 5679 Istro
1852 5642 1983 5695 pro-

341 5715 579 5788 pinquis
630 5718 825 5770 castra
869 5718 1095 5784 ponunt
1134 5730 1148 5770 :
1195 5712 1358 5770 solus
1407 5710 1594 5768 Seltes
1642 5712 1702 5770 in
1753 5714 1985 5772 Lobitzo

2098 5172 2315 5228 εἴσεισιν
2373 5172 2449 5236 είς
2498 5174 2598 5242 τὴν
2654 5170 2946 5235 θάλασσαν.
3002 5172 3179 5226 Τοῦτο
3239 5170 3326 5223 καὶ
3385 5170 3555 5234 ἄλλος
3612 5170 3750 5226 Ῑδὼν

2095 5263 2338 5333 ιποῖησι,
2370 5262 2459 5316 καὶ
2491 5261 2573 5315 ἐπ’
2621 5260 2810 5333 ἐκείνῳ
2841 5258 3031 5323 ἄλλος,
3063 5259 3152 5312 καὶ
3205 5259 3360 5320 εὐθὺς
3409 5260 3471 5314 τὸ
3528 5259 3750 5329 πλῆθος

2094 5354 2231 5406 ἅπαν
2267 5372 2279 5383 ·
2361 5351 2449 5406 καὶ
2537 5348 2916 5422 διανηξάμενοι
2989 5352 3338 5421 περαιοῦνται
3439 5350 3577 5403 κατὰ
3654 5352 3749 5405 τὸν

2093 5443 2286 5515 ’Άγιον
2356 5438 2626 5515 Ταράσον,
2684 5438 2735 5493 οἱ
2824 5438 2917 5510 μὶν
2995 5435 3181 5499 αὐτοῖς
3267 5438 3526 5511 ἅρμασιν,
3585 5438 3637 5491 οἱ
3692 5436 3752 5493 δὲ

2094 5528 2354 5603 πρότερον
2427 5529 2494 5583 τά
2568 5529 2782 5601 ἅρματα
2846 5524 3259 5601 ἀπορρίψαντες.
3330 5526 3425 5580 Καὶ
3503 5548 3744 5598 περαιω-

2093 5618 2264 5679 θέντες
2358 5618 2448 5673 καὶ
2545 5620 2643 5686 τὴν
2747 5614 2966 5690 πορείαν
3059 5613 3413 5677 ἐπιτείναντες
3514 5613 3742 5691 ἴσχυσαν

2096 5706 2429 5779 διασωθῆναι
2459 5707 2594 5785 πρὸς
2617 5706 2743 5770 τοὺς
2773 5704 3006 5767 οἰκείους
3060 5704 3197 5761 κατὰ
3241 5703 3341 5774 τὴν
3394 5702 3740 5781 Τριαδίτζαν,
