4036 6194
393 317 510 378 323

1741 311 2058 373 GEORGII
2101 310 2440 372 CEDRENI

3673 310 3796 369 324

391 466 608 522 easque
631 448 914 521 paulatim
939 448 1257 520 impellere,
1292 463 1578 518 muroque
1604 446 1712 501 sub
1735 445 1808 500 iis
1839 459 2035 500 succe-

2147 440 2354 496 κελεύει
2411 444 2478 515 τῇ
2538 439 2735 512 τοξείᾳ,
2794 439 2956 502 αὐτὸς
3005 437 3063 494 δὲ
3117 439 3318 510 σκηνάς
3349 437 3409 494 ἐκ
3438 436 3620 515 λύγων
3653 435 3801 516 ἔχων

393 541 528 592 dere
559 544 616 593 et
647 543 804 593 tutos
835 537 946 592 isto
979 539 1233 609 tegmine
1282 537 1663 590 fundamenta
1693 534 1846 591 592
1880 531 2042 588 omni

393 628 443 681 vi
506 628 790 682 subruere
839 627 1032 696 jubet,
1067 626 1244 680 animi
1303 629 1498 679 certus
1557 624 1631 678 ob
1691 622 2040 695 sagittarum

392 717 661 771 nimbum
712 715 1007 770 neminem
1057 731 1339 770 ausurum
1375 714 1444 768 de
1490 729 1656 768 muro
1690 711 2041 784 prospicere,

393 811 570 877 atque
600 804 680 860 ita
711 822 771 860 se
805 805 1004 860 urbem
1040 808 1512 874 expugnaturum
1557 801 1879 857 somnians.
1914 801 2044 855 Haec

394 897 464 949 de
527 911 692 950 muro
737 909 982 950 cernens
1034 892 1284 947 Basilius
1334 893 1405 948 iis
1456 892 1674 964 quibus
1739 906 2044 945 murorum

393 983 894 1039 defendendorum
929 999 1146 1037 munus
1182 982 1580 1046 incumbebat,
1615 981 1858 1035 mandat
1888 985 1952 1034 ut
1982 995 2044 1034 se

393 1074 748 1137 contineant,
786 1087 968 1141 neque
1027 1071 1339 1140 quisquam
1401 1086 1460 1123 se
1512 1073 1762 1133 exserat,
1821 1068 1920 1122 sed
1983 1066 2042 1120 in

393 1165 663 1232 promptu
719 1161 968 1214 habeant
1017 1161 1262 1232 grandia
1322 1176 1483 1229 saxa,
1516 1159 1759 1230 sagittas
1812 1157 2043 1229 aliaque

395 1249 725 1319 missilia,et
747 1253 1084 1320 exspectent
1105 1249 1362 1320 signum,
1389 1264 1504 1318 quo
1527 1249 1664 1302 dato
1688 1248 2042 1318 (eratantem

387 1343 613 1394 tessera
649 1355 661 1394 :
699 1338 1115 1410 Christe,juva)
1169 1355 1286 1392 rem
1338 1343 1558 1406 gerant.
1592 1337 1660 1391 Et
1690 1337 1941 1391 habebat
1969 1335 2038 1390 ad

391 1445 508 1483 rem
547 1429 697 1483 hanc
729 1432 965 1498 paratas
1001 1427 1196 1481 trabes
1247 1427 1529 1481 maximas
1562 1426 1785 1480 inferne
1817 1430 2039 1480 auctas.

390 1517 628 1572 Interim
652 1517 994 1580 Alcan,cum
1016 1515 1183 1569 'l‘urci
1207 1514 1514 1586 grandinis
1547 1514 1602 1568 in
1627 1530 1847 1568 morem
1871 1512 2043 1567 emis-

389 1605 471 1660 sis
531 1605 761 1675 sagittis
822 1610 1286 1676 propugnatores
1341 1603 1682 1658 viderentur
1751 1601 2040 1672 abegisse,

387 1695 672 1766 paulatim
708 1693 858 1748 lesas
891 1711 1056 1748 muro
1089 1695 1379 1748 admovet.
1413 1692 1546 1748 Cute
1576 1709 1706 1748 cum
1735 1691 1815 1746 ita
1845 1709 2040 1747 acces-

389 1783 608 1837 sissent
640 1788 704 1836 ut
726 1783 851 1853 jam
888 1788 1040 1837 retro
1072 1781 1230 1837 abire
1262 1781 1424 1836 nullo
1455 1782 1630 1836 modo
1679 1797 1851 1852 posse
1881 1781 2040 1835 vidc-

391 1876 612 1940 rcntur,
647 1872 843 1927 subito
875 1872 1008 1926 dato
1031 1889 1064 1926 a
1103 1870 1316 1926 Basilio
1353 1871 1520 1941 signo
1554 1869 1588 1924 ii
1622 1871 1834 1938 quibus
1860 1886 2038 1941 nego-

389 1962 534 2015 tium
569 1965 692 2016 erat
743 1960 1127 2016 commissum
1179 1961 1374 2014 trahes
1424 1959 1563 2014 lesis
1614 1959 1905 2029 injiciunt,
1939 1959 2034 2013 alii

388 2049 712 2105 missilibus
743 2055 799 2104 et
827 2049 1125 2120 lapidibus
1158 2048 1470 2118 impetunt.
1511 2049 1709 2119 Itaque
1759 2048 1880 2103 lesa
1923 2065 2039 2119 qua

389 2138 517 2209 ipse
567 2138 743 2193 Alcan
794 2137 1117 2209 tegebatur,
1155 2137 1405 2208 pondere
1459 2136 1846 2206 impactorum
1893 2137 2039 2191 sub-

385 2243 552 2282 versa
602 2233 785 2282 tectos
839 2227 1124 2293 nudavit;
1181 2226 1280 2295 qui
1331 2225 1592 2296 undique
1639 2225 1934 2296 lapidibus
1983 2231 2040 2280 et

384 2315 619 2386 sagittis
669 2315 944 2386 impetiti,
987 2330 1118 2370 cum
1173 2330 1343 2384 opem
1395 2315 1543 2369 ferre
1600 2331 1768 2368 nemo
1819 2321 2033 2385 posset,

295 2439 298 2441 -
384 2420 589 2459 omnes
649 2404 966 2474 perierunt.
1029 2403 1310 2457 Alcanem
1360 2402 1672 2473 splendore
1737 2419 2034 2457 armorum

383 2493 650 2565 agnitum
688 2491 868 2546 fortes
891 2491 1268 2562 duojuvenes
1292 2497 1457 2562 porta
1502 2490 1664 2545 urbis
1701 2490 2036 2545 exsilientes

383 2580 646 2636 crinibus
685 2580 1176 2652 comprehensum
1225 2579 1281 2633 in
1333 2580 1532 2634 urbem
1585 2584 2030 2650 pertraxerunt;

384 2671 538 2726 593
571 2671 664 2725 cui
697 2669 893 2725 statim
943 2673 1121 2739 caput
1168 2669 1493 2739 amputavit
1537 2667 1810 2736 Basilius,
1861 2669 2034 2737 idque

387 2758 445 2813 in
475 2760 694 2814 'l‘urcos
723 2765 813 2813 est
833 2757 1154 2828 jaculatus.
1189 2757 1476 2812 Sultanus
1525 2757 1876 2827 gravissimo
1928 2758 2030 2810 do-

385 2847 506 2902 lore
527 2847 601 2902 ob
623 2864 749 2901 eam
771 2847 993 2902 cladem
1024 2853 1293 2917 percepto
1334 2850 1524 2900 castra
1559 2851 1770 2907 movet,
1805 2847 2032 2917 fingens

382 2953 445 2992 se
474 2937 820 2992 necessariis
845 2936 1198 3006 quibusdam
1225 2935 1399 2990 rebus
1423 2934 1772 3005 urgentibus
1792 2937 2030 2990 domum

383 3026 632 3090 avocari,
668 3025 1044 3097 minatusque
1076 3023 1406 3095 insequenti
1440 3039 1570 3079 vere
1613 3040 1676 3079 se
1708 3023 2031 3094 majoribus

377 3131 510 3169 eum
546 3114 731 3185 ecpiis
764 3115 821 3168 in
855 3115 1149 3170 Romanos
1179 3112 1608 3184 expeditionem
1644 3114 1956 3168 facturum.

2151 529 2552 604 πεπλεγμένας,
2614 531 2818 605 βοείαις
2899 528 3123 605 βύρσαις
3199 525 3401 583 ἄνωθεν
3463 528 3800 602 ἐσκεπασμέ-

2152 641 2244 682 νας
2304 621 2395 674 καὶ
2454 619 2690 695 τροχοὺς
2736 619 2966 694 ἐχούσας
3023 618 3124 673 ὑπὸ
3154 619 3247 680 τὰς
3277 623 3382 672 τῶν
3430 619 3803 694 βασταζόντων

2150 709 2348 764 κιόνων
2401 709 2582 785 βάσεις
2633 708 2852 779 (λὲσσας
2907 709 3002 770 τὰς
3059 707 3311 770 τοιαύτας
3368 711 3802 780 κατονομάζουσι

2154 803 2240 871 [Ρ.
2270 801 2396 874 781]
2446 799 2743 874 μηχανάς),
2809 798 2944 853 λαοῦ
3005 796 3218 867 πλήσας
3251 795 3508 859 δικέλλας
3542 797 3803 876 φέροντος

2151 889 2240 944 καὶ
2312 888 2578 950 σκαπάνας
2652 888 2739 943 καὶ
2802 887 2947 943 ἄλλα
3018 887 3288 962 γεωργικὰ
3363 883 3587 962 ὄργανα,
3660 888 3802 961 ᾤετο

2151 977 2288 1031 κατᾶ
2342 977 2534 1050 μικρὸν
2593 976 2826 1040 ὑπωθεῖν
2879 977 2973 1036 τὰς
3030 977 3230 1046 σκηνάς
3289 976 3378 1031 καὶ
3426 982 3542 1038 τοῖς
3595 978 3801 1054 τείχεσι

2152 1066 2532 1140 προσαρμόσαι
2581 1065 2672 1120 καί
2704 1065 2877 1128 οὕτως
2909 1064 3222 1141 ὑπορύττειν
3255 1064 3459 1128 ἀνέτως
3507 1067 3596 1121 καὶ
3627 1065 3804 1129 ἀδεῶς

2150 1156 2217 1209 τὰ
2283 1154 2544 1228 θεμέλια,
2618 1153 2904 1216 πιστεύσας
2977 1155 3052 1216 ὡς
3123 1151 3300 1218 οὐδεὶς
3364 1155 3637 1229 προκύψαι
3705 1162 3804 1211 τοῦ

2149 1244 2368 1320 τείχους
2439 1231 2924 1320 συγχωρηθήσεται
3014 1243 3116 1297 ὑπὸ
3185 1247 3281 1297 τοῦ
3361 1241 3613 1314 πλήθους
3692 1251 3804 1300 τῶν

2157 1333 2332 1408 βελῶν
2366 1353 2378 1365 ’
2431 1333 2520 1387 καὶ
2588 1337 2779 1388 τοῦτο)
2846 1332 3167 1408 ἐφαντάζετο
3215 1332 3304 1386 τὸν
3363 1333 3566 1408 τρόπον
3621 1354 3803 1408 παρα-

2153 1417 2418 1492 λήψεσθαι
2475 1421 2573 1488 τὴν
2647 1419 2832 1476 πόλιν.
2912 1421 3094 1475 Ταῦτα
3151 1415 3209 1473 δὲ
3266 1419 3480 1493 βλέπων
3540 1421 3644 1476 ἀπὸ
3702 1426 3804 1477 τοῦ

2149 1508 2366 1583 τείχους
2427 1509 2455 1563 6
2509 1509 2824 1577 Ἀποκάπης
2850 1513 2968 1568 τοῖς
3003 1508 3096 1580 μὲν
3122 1507 3612 1585 τειχοφυλακοῦσιν
3641 1509 3799 1584 ἀτρε-

2153 1603 2272 1670 μεῖν
2319 1597 2407 1652 καὶ
2469 1595 2675 1670 μηδένα
2731 1597 3061 1672 προκύπτειν
3122 1594 3480 1666 διτκελεύετο,
3518 1599 3680 1671 μόνον
3743 1598 3805 1655 δὲ

2151 1683 2336 1750 λίθους
2389 1685 2782 1761 χειροπληθεῖς
2833 1683 2980 1760 ἔχειν
3042 1684 3507 1760 ηύτρεπισμένους
3553 1688 3642 1742 καὶ
3673 1688 3806 1759 τόξα

2075 1775 2239 1881 Βκαὶ
2297 1773 2442 1830 ἄλλα
2499 1770 2742 1846 ἑκηϐόλα
2796 1771 3034 1850 ὄργανα,
3093 1775 3184 1828 καὶ
3242 1775 3564 1847 προσμένειν
3627 1778 3688 1831 τὸ
3749 1778 3803 1850 ἐξ

2194 1864 2507 1881 ,..,-
2716 1865 2763 1881 ,ν
2868 1861 3622 1881 διηνεημ.
3771 1866 3800 1881 ν

2148 1865 2314 1919 αὑτοῦ
2391 1864 2636 1937 σύνθημα
2710 1865 2796 1933 (ἦν
2865 1861 2922 1918 δὲ
2996 1864 3080 1931 τὸ,
3145 1864 3362 1938 Χριστέ,
3416 1865 3626 1938 βοήθει)
3663 1909 3676 1934 ,
3738 1866 3803 1922 οῦ

2149 1952 2395 2018 δοθέντος
2451 1949 2610 2029 ἔργου
2669 1952 2923 2028 ἔχεσθαι·
2987 1953 3103 2027 εἶχε
3182 1951 3238 2007 δὲ
3294 1954 3419 2028 παρ’
3479 1955 3651 2026 έαυτῷ
3710 1957 3802 2010 καὶ

2148 2041 2340 2105 δοκοὺς
2403 2043 2682 2118 μεγίστας,
2717 2043 2855 2096 κατά
2884 2042 2983 2110 τὴν
3031 2042 3182 2116 βάσιν
3237 2041 3428 2112 ὀξείας·
3493 2045 3588 2097 Καὶ
3625 2045 3652 2098 6
3707 2045 3803 2117 μὲν

2147 2130 2449 2187 διετάττετο
2517 2128 2643 2204 ὧδε,
2719 2133 2746 2186 6
2805 2128 2862 2186 δὲ
2915 2130 3112 2188 Ἀλκᾶν
3168 2135 3276 2186 τῶν
3331 2130 3484 2193 ἐκτὸς
3535 2133 3800 2208 Τούρκων

2145 2218 2461 2298 χαλαζηδὸν
2539 2219 2929 2294 ἐκπεμπόντων
3003 2220 3070 2274 τά
3151 2219 3286 2296 βέλη
3346 2221 3434 2274 καὶ
3481 2220 3610 2281 τοὺς
3662 2219 3799 2278 εἶ’σω

2143 2310 2368 2386 τείχους
2407 2309 2724 2364 ἀνακόπτειν
2770 2307 3099 2380 δοκούντων,
3149 2311 3267 2364 κατ’
3325 2308 3514 2384 ὀλίγον
3577 2311 3813 2384 ὑπωοῶν

2141 2402 2237 2462 τας
2296 2398 2492 2462 λέσσας
2549 2397 2879 2473 προσήρειδε
2929 2403 3007 2470 τῷ
3056 2400 3271 2474 τείχει.
3306 2398 3450 2454 Ἐπεὶ
3483 2397 3541 2454 δὲ
3568 2397 3806 2476 ἴφθασαν

2145 2490 2199 2542 αἱ
2259 2488 2454 2559 σκηναὶ
2522 2487 2871 2564 προσεγγίσαι
2921 2489 3008 2542 καὶ
3071 2485 3243 2542 ἐδόκει
3299 2486 3559 2552 ἀδύνατος
3611 2489 3806 2552 αὑταῖς

2145 2578 2275 2633 εἶναι
2309 2581 2342 2647 ἡ
2375 2576 2449 2639 εἷς
2481 2577 2722 2632 τούπίσω
2776 2577 3110 2654 ἀναστροφὴ,
3172 2574 3436 2654 αἰφνίδιον
3476 2581 3572 2632 τοῦ
3628 2580 3800 2634 Ἀπο-

2143 2666 2288 2734 κάπη
2363 2667 2424 2721 τὸ
2496 2667 2748 2739 σύνθημα
2821 2663 3006 2727 δόντος
3083 2664 3135 2720 οῖ
3206 2687 3262 2720 τε
3311 2665 3396 2720 ἰπὶ
3450 2671 3556 2720 τῶν
3617 2665 3799 2722 δοκῶν

2139 2757 2459 2832 τεταγμένοι
2518 2755 2614 2817 τὰς
2673 2753 2866 2819 δοκοὺς
2929 2754 3153 2830 ἠφίεσαν
3222 2755 3356 2810 κατὰ
3409 2761 3516 2810 τῶν
3575 2763 3792 2826 σκηνῶν

2141 2845 2229 2901 καὶ
2289 2847 2340 2900 οἱ
2401 2845 2589 2900 λοιποὶ
2635 2845 2812 2915 τόξοις
2865 2844 2956 2899 καὶ
3013 2842 3188 2908 λίθοις
3243 2839 3501 2901 ἔϐαλλον.
3559 2845 3694 2900 Τότε
3729 2844 3798 2916 δὴ

2142 2932 2232 2988 οῦν
2279 2937 2313 3003 ἡ
2372 2935 2462 2988 τὸν
2496 2931 2698 2988 Ἀλκίιν
2727 2930 2929 3009 ἔχουσα
2961 2933 3134 3003 σκηνὴ
3169 2931 3409 2996 πολλαῖς
3436 2941 3802 3009 περιπαρεῖσα

2139 3022 2274 3077 κατᾶ
2330 3024 2429 3092 τήν
2485 3022 2673 3098 στέγην
2744 3019 2926 3083 δοκοῖς
2978 3022 3246 3098 ἀνετράπη
3309 3021 3408 3076 ὑπὸ
3437 3022 3532 3076 τοῦ
3587 3021 3791 3098 βάρους

2139 3112 2344 3166 τοότων
2422 3116 2840 3188 περιτραπεῖσα’
2917 3110 2985 3178 ἦς
3046 3110 3478 3185 περιτραπείσης
3535 3112 3586 3164 οἱ
3649 3109 3808 3167 ἔνδον

372 3203 578 3272 ταύτης
611 3203 1095 3276 ἀπογυμνωθέντες
1127 3196 1428 3256 ἐϐάλλοντο
1457 3200 1717 3265 πάντοθεν
1747 3198 1924 3262 λίθοις
1954 3200 2041 3254 καὶ
2071 3200 2274 3270 τόξοις,
2310 3199 2544 3274 μηδεδὸς
2576 3200 2841 3272 ἐπαμῦναι
2873 3199 3087 3262 τούτοις
3121 3199 3440 3274 ἲσχύοντος.
3493 3201 3590 3254 Καὶ
3618 3202 3671 3254 οἱ
3706 3204 3805 3274 μὲν

372 3288 537 3346 ἄλλοι
569 3292 762 3352 πάντες
794 3286 981 3346 ἔπεσον
1011 3289 1218 3360 έλεῖση,
1253 3289 1466 3366 ἐλήφθη
1502 3287 1558 3343 δὶ
1590 3291 1618 3343 6
1649 3288 1843 3345 Ἀλκαν
1880 3288 2135 3364 ζωγρίας,
2169 3290 2444 3363 γνώριμος
2479 3290 2581 3344 ἀπὸ
2604 3292 2701 3358 τῆς
2732 3287 3120 3363 λαμπρότητος
3146 3292 3253 3343 τῶν
3287 3287 3475 3342 ὅπλων
3512 3289 3801 3364 ὑπάρχων’

373 3376 468 3433 δύο
501 3393 604 3455 γαρ
635 3401 774 3442 τινες
805 3379 965 3435 καλοὶ
996 3379 1219 3454 κάγαθοὶ
1256 3379 1458 3433 νεανίαι
1489 3376 1940 3453 προπηδήσαντες
1966 3384 2075 3433 τῶν
2107 3376 2296 3433 πυλῶν
2328 3385 2428 3447 τῆς
2457 3377 2672 3442 πόλεως
2694 3379 2781 3432 καὶ
2815 3383 2919 3432 τῶν
2955 3383 3181 3452 τριχῶν
3232 3377 3430 3432 τούτου
3466 3374 3802 3453 δραξάμενοι

371 3467 620 3542 σύροντες
653 3468 934 3544 εἰσήγαγον
966 3468 1042 3530 εἷς
1074 3470 1171 3537 τήν
1206 3467 1391 3537 πόλιν,
1425 3468 1522 3522 Καὶ
1552 3466 1746 3522 τούτου
1773 3468 1866 3541 μὶν
1893 3467 2050 3529 εὐθὺς
2079 3469 2178 3538 τήν
2204 3468 2446 3546 κεφαλὴν
2474 3467 2764 3540 ἀποτεμὼν
2799 3467 2827 3521 6
2859 3465 3145 3528 Βασίλειος
3177 3466 3444 3536 ἀκοντίζει
3475 3472 3592 3527 τοῖς
3622 3468 3792 3541 Τούρ-

369 3579 509 3625 κοις,
544 3562 572 3615 6
605 3557 662 3614 δὲ
694 3558 988 3622 σουλτάνος
1038 3557 1409 3635 περιαλγήσας
1456 3559 1535 3630 τῷ
1577 3560 1734 3621 πάθει
1785 3556 1901 3613 λύει
1949 3561 2048 3627 τήν
2093 3557 2415 3630 πολιορκίαν
2465 3560 2553 3612 καὶ
2599 3558 2968 3632 ἀναζεύγνυσι,
2995 3555 3343 3630 πλασάμενος
3368 3557 3635 3632 ἀναγκαῖά
3662 3579 3786 3614 τινα

368 3653 660 3726 πράγματα
687 3651 1018 3725 κατεπείγειν
1065 3650 1226 3704 αὐτὸν
1267 3646 1453 3704 οἷ’καδε
1500 3647 1872 3724 ὑποστρέφειν,
1923 3646 2162 3702 ἀπειλῶν
2216 3649 2291 3710 εἷς
2340 3648 2562 3704 τοὺπιὸν
2606 3644 2700 3724 ἓαρ
2737 3648 2870 3721 μετὰ
2903 3647 3156 3719 μείζονος
3185 3647 3322 3702 κακᾶ
3351 3652 3458 3702 τῶν
3494 3648 3781 3720 Ῥωμαίων

367 3739 773 3814 ἐπιστρατεῦσαι
805 3737 1111 3830 δυνάμεως.

437 3870 561 3930 Qua
590 3866 660 3920 de
691 3883 748 3922 re
778 3865 1094 3936 imperator
1123 3861 1617 3932 sollicitus,simul
1651 3866 1704 3918 et
1734 3862 1803 3917 de
1820 3861 2019 3933 Aples-

2202 3860 2328 3936 Περὶ
2388 3861 2455 3930 ἧς
2513 3860 2808 3940 φροντίζων
2865 3863 2893 3916 6
2944 3862 3296 3936 Μονομάχος,
3339 3856 3420 3914 ἔτι
3477 3857 3533 3914 δὲ
3563 3860 3653 3915 καὶ
3686 3861 3778 3916 τὸν

363 3955 564 4026 phare,
594 3953 694 4026 qui
719 3954 929 4009 violato
956 3954 1111 4025 quod
1137 3969 1268 4006 cum
1295 3951 1676 4006 Constantino
1717 3950 2013 4022 pepigerat

2147 3950 2517 4029 Ᾱπλησφάρην
2597 3951 2686 4004 τὸν
2753 3955 2850 4006 τοῦ
2921 3945 3118 4007 Τιϐίου
3203 3950 3446 4025 ἄρχοντα
3521 3949 3620 4010 τὰς
3690 3949 3778 4004 ἐπὶ

365 4044 577 4099 foedere
609 4043 928 4099 Romanam
981 4042 1259 4097 ditionem
1304 4041 1642 4106 infestabat,
1675 4039 2011 4095 ulciscendo

2147 4039 2529 4094 (ωνσταντίνου
2587 4036 2818 4102 σπονδάς
2875 4035 3205 4093 διαλύσαντα
3253 4038 3338 4093 καὶ
3373 4038 3440 4092 τα
3489 4042 3601 4092 τῶν
3634 4039 3777 4092 Ῥω-

363 4133 651 4205 cogitans,
714 4149 916 4188 omnes
974 4131 1030 4184 in
1095 4147 1278 4184 unum
1337 4128 1629 4184 contrahit
1688 4127 2012 4184 Orientales

2147 4126 2301 4182 ιαίων
2375 4132 2642 4182 κακοῦντα
2711 4127 3080 4200 ἀμυνόμενος,
3168 4126 3228 4180 τὸ
3307 4127 3449 4197 Ἑῷα
3521 4125 3780 4200 τάγματα

360 4225 582 4294 copias,
617 4224 804 4294 iisque
841 4221 1079 4294 praeficit
1106 4219 1494 4291 Nicephorum
1539 4218 1854 4290 quemdam
1907 4233 2010 4273 en-

2147 4217 2296 4271 ιάντα
2395 4216 2649 4294 ἀθροίσας
2729 4216 2818 4270 καὶ
2915 4216 3266 4292 ἡγεμονεύειν
3351 4215 3508 4285 τάξας
3593 4215 3776 4269 αὑτῶν

361 4313 642 4377 nuchum,
675 4312 773 4384 qui
807 4311 1125 4383 aliquando
1175 4309 1450 4364 sacerdos
1502 4307 1881 4362 Monomacho
1917 4309 2013 4363 ad-

2147 4305 2430 4382 ἷικηφόρον
2507 4304 2629 4358 τινὰ
2704 4305 2991 4378 εὐνοῦχον,
3070 4303 3213 4378 ἱερέα
3279 4303 3376 4375 μὶν
3432 4303 3780 4378 τυγχάνοντα

359 4401 474 4456 huc
524 4402 748 4474 privato
806 4401 1152 4456 inservierat
1202 4403 1258 4454 et
1315 4396 1645 4468 splendoris
1699 4414 1763 4451 ac
1816 4397 2012 4468 gloria:

2147 4395 2382 4470 πρότερον
2439 4394 2528 4449 καὶ
2585 4398 2663 4466 τῷ
2723 4393 2940 4468 βασιλεῖ
2985 4393 3351 4468 ὑπηρετοῦντα
3413 4388 3772 4456 ίδιωτεύοντι,

360 4491 614 4562 profanae
637 4491 834 4546 studio
857 4487 1251 4544 sacerdotium
1291 4485 1638 4556 ejuraverat.
1673 4485 1838 4540 Hunc
1874 4503 2012 4558 ergo

2147 4485 2211 4537 ῐιᾶι
2261 4485 2531 4557 κοσμικὴν
2595 4482 2650 4538 δὲ
2679 4482 3020 4561 περιφάνειαν
3069 4483 3160 4536 καὶ
3212 4480 3364 4555 δόξαν
3415 4482 3777 4555 ἀπωσάμενον

359 4579 604 4634 rectoris
638 4578 806 4633 titulo
833 4579 1172 4633 decoratum
1209 4580 1265 4629 et
1304 4578 1629 4628 castrorum
1667 4575 1920 4644 praefecti
1953 4575 2008 4629 in

2147 4574 2217 4642 ..ἦν
2277 4572 2600 4649 ἱερωσύνην,
2661 4571 2933 4649 ραίκτωρα
2983 4577 3174 4626 τοῦτον
3224 4573 3462 4644 τιμήσας
3489 4568 3578 4624 χαί
3624 4591 3782 4646 συπρα.

361 4668 655 4724 Orientem
682 4667 886 4735 mittit,
917 4684 1031 4721 non
1065 4665 1216 4736 quod
1253 4663 1302 4718 is
1336 4663 1508 4717 homo
1541 4667 1822 4717 strenuus
1855 4670 2012 4719 esset

2147 4659 2465 4736 orrsgcipxm
2523 4662 2796 4733 ὀνομάσας
2857 4659 2933 4722 εἷς
2987 4661 3085 4730 τὴν
3146 4661 3319 4732 Ἑῲαν
3353 4658 3644 4731 ἐκπέμπει,
3680 4659 3783 4714 οὑκ

359 4761 462 4812 aut
485 4756 693 4812 bellica
723 4774 782 4812 re
817 4755 1165 4819 industrius,
1201 4753 1298 4808 sed
1333 4752 1472 4822 quia
1519 4751 1854 4822 imperatori
1888 4758 2011 4807 erat

2147 4748 2305 4820 πειδὴ
2385 4748 2708 4825 δραστήριος
2782 4751 2848 4819 ἦν
2923 4751 3008 4804 καὶ
3071 4749 3282 4824 ἐνεργὸς
3349 4747 3415 4802 τὰ
3472 4747 3784 4820 πολεμικὰ,

359 4845 572 4902 ﬁdelis.
609 4847 660 4901 Is
679 4845 1040 4917 Nicephorus
1059 4859 1192 4898 cum
1213 4841 1464 4898 exercitu
1489 4856 1672 4911 usque
1703 4841 1773 4895 ad
1806 4846 2011 4912 pontes

2147 4837 2246 4895 ιλλ’
2303 4837 2488 4908 ἐπειδὴ
2547 4837 2750 4893 εύνοιαν
2804 4837 2983 4914 ἐτήρει
3015 4843 3093 4910 τῷ
3138 4835 3370 4913 βασιλεῖ.
3409 4838 3580 4897 Οῦτος
3614 4835 3778 4890 ἀνελο

358 4939 596 4991 Ferreos
617 4935 746 5007 (loci
773 4934 881 4990 hoc
907 4932 1139 5004 nomen)
1164 4935 1219 4988 et
1265 4929 1634 4986 Cantzacium
1663 4946 2009 5002 progressus

2154 4930 2226 4983 ὼν
2288 4929 2420 5002 μετὰ
2469 4932 2566 4982 τοῦ
2624 4932 2851 5003 στρατοῦ
2883 4925 3013 5004 ἄχρι
3044 4933 3141 4997 τῆς
3174 4929 3253 5001 [Ρ.
3281 4927 3408 5000 782]
3460 4924 3782 5001 λεγομένης

359 5024 418 5079 in
452 5025 677 5079 Turcos
711 5024 946 5095 quidem
979 5040 1089 5077 non
1125 5019 1333 5075 incidit
1366 5036 1377 5074 :
1410 5019 1466 5073 hi
1494 5018 1647 5073 enim
1686 5017 1741 5072 in
1769 5017 2009 5090 planitie

2147 5015 2359 5088 Σιδῆρας
2407 5017 2638 5095 γεφύρας
2687 5017 2775 5072 καῖ
2821 5022 2915 5072 τοῦ
2962 5015 3296 5086 Καντζακίου
3355 5014 3620 5089 Τούρκοις
3676 5016 3780 5086 μὲν

360 5112 771 5168 Ροῐιδοινιιοοοὶεθ
794 5118 982 5167 castra
1029 5110 1254 5172 metati,
1291 5110 1436 5163 duce
1461 5107 1838 5163 Abimelecho
1870 5110 2004 5163 Cut-

2152 5107 2217 5162 ύκ
2260 5105 2506 5181 ἐνέτυχεν
2565 5105 2644 5175 (έν
2675 5110 2743 5179 τῇ
2802 5103 3014 5160 πεδτάδι
3075 5108 3178 5182 γάρ
3236 5113 3334 5173 τῆς
3366 5104 3786 5179 Περσαρμενίας

358 5200 576 5256 lumusi
613 5201 809 5263 fratre,
844 5215 978 5254 cum
1012 5199 1082 5253 de
1114 5199 1509 5253 Romanorum
1562 5195 1721 5266 gravi
1771 5197 2005 5266 expedi-

2147 5193 2626 5269 τρατοπεδεύοντες
2690 5197 2822 5268 μετά
2881 5190 3187 5270 ’Λϐιμέλεχ
3233 5195 3381 5254 τινὸς
3434 5196 3780 5265 στρατηγοῦ,

359 5293 513 5347 tione
549 5293 823 5346 nuntium
860 5291 1366 5362 accepissent,non
1401 5288 1527 5342 arsi
1560 5304 1760 5341 eorum
1791 5290 2008 5342 adven-

2147 5284 2357 5360 ιδελφοῦ
2415 5290 2515 5339 τοῦ
2575 5283 2990 5356 Κούτλουμοῦς,
3031 5284 3118 5338 καὶ
3180 5283 3474 5354 πυθόμενοι
3532 5282 3634 5348 τήν
3667 5285 3784 5335 τῶν

357 5387 481 5435 tum
507 5386 844 5452 exspectare
870 5381 1107 5436 domum
1135 5381 1418 5434 abierant.
1441 5376 1789 5446 Aplesphnre
1812 5383 2005 5431 autem

2147 5375 2396 5446 Ῥωμαίων
2443 5375 2660 5449 βαρεῖαν
2708 5370 2926 5450 ἔφοδον,
2977 5376 3052 5445 μὴ
3087 5373 3296 5448 στέρξαι
3333 5373 3434 5440 τήν
3487 5368 3779 5424 ἐπὲλευσιν

359 5470 516 5524 intra
544 5486 742 5524 muros
776 5469 1080 5540 compulso
1111 5469 1380 5524 viciniam
1434 5463 1846 5534 depopulatur,
1881 5467 2004 5520 adi-

2151 5463 2491 5536 ολμτςσαντες
2549 5461 2907 5530 ὑπεοόσττβαν
2964 5459 3208 5535 οἷ’καδε),
3269 5463 3296 5516 6
3356 5458 3412 5514 δὲ
3460 5459 3782 5530 Ῥωμαϊκὸς

358 5562 562 5630 gitque
593 5576 726 5614 cum
790 5563 852 5614 ut
911 5559 995 5614 vel
1046 5557 1265 5613 invitus
1316 5555 1504 5608 fmdus
1557 5558 1811 5622 renovet,
1853 5556 2006 5611 594

2147 5572 2342 5628 reporto;
2389 5554 2478 5606 τὸν
2513 5552 2906 5626 ’Ᾱπλησφάρην
2939 5551 3064 5605 εἶ’σω
3103 5555 3201 5605 τοῦ
3249 5550 3469 5626 τείχους
3513 5547 3785 5622 συγκλεί-

356 5647 746 5720 obsidemque
776 5651 870 5706 det
899 5652 1232 5719 Artasyram
1264 5643 1450 5700 ﬁlium
1487 5640 1775 5698 Phatlumi
1811 5645 2007 5701 fratris

2153 5663 2322 5710 αντες,
2375 5641 2464 5695 καὶ
2503 5642 2601 5710 τὴν
2649 5641 2959 5717 περίχωρον
3011 5646 3182 5695 πᾶσαν
3231 5639 3577 5712 ληϊσάμενοι,
3637 5635 3788 5692 ἔπει.

2043 5245 2085 5308 D
