4036 6194
223 309 325 369 325

1327 305 1868 368 HISTORIARUM
1914 307 2461 369 COMPENDIUM.

3478 311 3598 372 326
3676 361 3680 368 .

223 461 298 493 31v
345 439 424 492 καὶ
478 436 677 492 ἄκοντα
735 437 1135 500 ἀνανεώσασθαι
1186 437 1282 500 τὰς
1310 433 1541 496 σπονδὰς
1572 435 1660 489 καὶ
1695 433 1836 508 δμη-

1963 439 2067 505 3ui,
2101 443 2469 495 Cantzacenae
2502 441 2759 514 regionis
2793 441 3099 514 principis.
3122 444 3263 498 Cum
3299 443 3404 499 hoc
3432 444 3596 500 Nice-

221 551 296 602 ρον
327 525 493 582 δοῦναι
528 527 860 600 Ἀρτασύραν
888 527 977 580 τὸν
1005 526 1120 579 υἱὸν
1171 524 1444 597 Φατλοὺμ
1485 527 1583 578 τοῦ
1634 523 1838 579 οἰκείου

223 618 429 692 ἀδελφώ
482 621 582 671 τοῦ
639 623 740 685 τῆς
795 620 1187 684 Καντζακηνῶν
1265 614 1638 688 κατάρχοντος
1693 619 1837 687 γῆς·

222 710 270 762 ὃν
297 706 526 781 εἶληφὼς
561 707 588 760 6
621 705 936 782 Νικηφόρος
967 703 1203 758 ἐπάνεισι
1235 703 1371 772 πρὸς
1397 704 1497 771 τὴν
1531 700 1716 757 πόλιν.

281 832 336 888 Οἱ
368 828 689 898 Πατζινάκαι
738 825 794 882 δὶ
840 828 930 882 τὸν
982 830 1179 901 Αἷμον,
1218 827 1292 889 ὡς
1348 825 1596 899 εἷ’πομεν,
1631 820 1860 880 διαϐάνέ

221 946 314 990 τες,
356 923 437 976 καὶ
495 923 596 989 τήν
649 919 844 993 μεταξῦ
887 917 1082 973 τούτου
1130 917 1220 971 καὶ
1277 921 1374 972 τοῦ
1419 918 1632 991 Ἴστρου
1688 938 1847 971 κατα-

225 1015 564 1080 σιοπγξσαντες
595 1007 826 1064 πεδιάδα
853 1009 953 1078 τὴν
987 1006 1279 1078 διήκουσαν
1336 1005 1501 1082 μέχρι
1548 1004 1842 1076 Θαλάσσης,

223 1102 294 1155 γ.ῖῖ
344 1101 506 1154 τόπον
568 1098 815 1173 εὑρόντες
872 1096 1036 1160 νάπας
1102 1096 1192 1150 καὶ
1269 1093 1410 1166 ἄλση
1483 1090 1682 1170 ἔχοντα
1755 1095 1841 1149 καὶ

226 1189 420 1265 λόχμας
476 1185 825 1250 παντοδαπὰς
881 1186 969 1241 καὶ
1027 1183 1173 1262 ὕδωρ
1234 1184 1324 1239 καὶ
1379 1184 1550 1256 νομὰς
1604 1184 1844 1256 (Ἑκατὸν

226 1277 426 1352 βσυνους
456 1276 550 1331 τὸν
579 1275 745 1330 τόπον
795 1275 1152 1348 ὀνομάζουσιν
1215 1274 1267 1327 οἱ
1326 1271 1640 1348 ἐγχώριοι),
1675 1271 1847 1326 ἐκεῖσε

225 1363 662 1442 ἐγκαθιδρύονται,
685 1364 775 1418 καὶ
818 1361 1088 1438 ἐκδρομὰς
1119 1363 1346 1426 αὐτόθεν
1405 1361 1728 1434 ποιούμενοι
1785 1361 1846 1415 οὐ

227 1457 369 1530 μικρά
421 1457 522 1524 τήν
579 1454 678 1508 ὑπὸ
709 1452 1016 1525 Ῥωμαίους
1069 1450 1322 1509 ἐλύπουν.
1357 1452 1417 1508 Ὀ
1473 1449 1553 1509 δὲ,
1592 1447 1846 1525 βασιλεὺς

225 1547 608 1618 μεταπέμπεται
665 1543 756 1597 τὸν
816 1541 1046 1616 Κεγένην
1105 1540 1194 1595 ἐπὶ
1268 1535 1558 1613 συμϐουλῇ
1618 1539 1691 1600 εἰς
1749 1540 1846 1608 τήν

225 1633 487 1709 βασιλίδα·
539 1633 630 1688 καὶ
687 1632 761 1693 ὡς
819 1628 1034 1686 εἶ’σεισιν
1096 1629 1250 1694 εὐθὺς
1313 1630 1448 1702 μετά
1503 1629 1702 1690 παντὸς
1753 1632 1850 1682 τοῦ

224 1724 403 1779 οἰκείου
459 1727 710 1796 στρατῶ,
739 1721 830 1774 καὶ
895 1724 1230 1789 κατασκηνοῖ
1287 1720 1422 1772 κατᾶ
1479 1719 1576 1787 τὴν
1636 1719 1848 1792 ἀφωρι-

1953 527 2174 599 phorus
2204 528 2261 583 in
2298 531 2501 584 urbem
2543 531 2737 587 rediit.

2024 830 2344 886 Patzinacai
2395 837 2590 887 autem
2644 833 2866 898 Haemo,
2903 837 2963 887 ut
3011 834 3400 897 ostendimus,
3432 850 3606 905 supe-

1955 928 2103 985 rato,
2141 920 2440 991 planitiem
2464 923 2762 992 quaeinter
2789 923 2944 977 hunc
2977 927 3034 978 et
3068 925 3278 977 Istrum
3304 923 3610 994 interjacet

1955 1009 2024 1064 ad
2062 1025 2219 1064 mare
2252 1027 2437 1081 usque
2465 1016 2730 1081 porrecta
2760 1012 3212 1082 speculati,cum
3249 1011 3612 1067 invenissent

1955 1097 2149 1154 locum
2183 1099 2258 1153 ibi
2293 1099 2479 1154 saltus
2511 1106 2560 1156 et
2610 1100 2774 1155 lucos
2805 1102 3116 1172 omnisque
3156 1101 3390 1171 generis
3431 1101 3611 1156 silvas

1955 1193 2013 1242 et
2042 1205 2254 1258 aquam
2289 1205 2353 1243 ac
2378 1206 2596 1260 pascua
2625 1188 2940 1245 habentem
2973 1188 3196 1258 (incolas
3237 1189 3428 1244 locum
3462 1190 3610 1244 Cen-

1957 1280 2082 1331 tum
2135 1275 2314 1331 colles
2345 1277 2766 1349 appellabant),
2798 1278 2854 1332 in
2888 1295 2953 1332 eo
2993 1278 3402 1343 consederunt,
3435 1286 3609 1349 atque

1958 1364 2091 1419 inde
2119 1365 2286 1420 factis
2307 1366 2752 1422 excursionibus
2779 1366 3043 1422 subditos
3073 1368 3464 1422 Romanorum
3492 1384 3607 1422 non

1958 1454 2159 1510 leviter
2190 1461 2491 1509 vexarunt.
2525 1457 2672 1527 Ergo
2705 1456 2962 1528 Kegeues
3013 1455 3382 1511 consultandi
3432 1473 3612 1512 causa

1959 1544 2031 1598 ab
2066 1543 2415 1612 imperatore
2463 1549 2736 1598 evocatus
2769 1561 2899 1598 cum
2944 1545 3220 1599 omnibus
3268 1545 3395 1600 suis
3427 1546 3612 1616 copiis

1961 1633 2031 1686 ad
2066 1632 2269 1687 urbem
2304 1632 2545 1701 accedit,
2571 1638 2628 1688 et
2658 1638 2853 1688 castra
2898 1633 3035 1688 facit
3075 1633 3131 1688 in
3156 1650 3364 1704 campo
3397 1634 3612 1705 Byzan-

1963 1721 2058 1774 tiis
2093 1721 2420 1792 designato,
2449 1721 2542 1775 cui
2574 1721 2697 1776 loco
2731 1722 2935 1778 Maitas
2969 1739 3179 1777 nomen
3198 1727 3308 1777 est.
3340 1722 3611 1778 Nondum

225 1812 402 1886 σμένην
463 1807 693 1866 πεδιάδα
751 1809 1060 1878 Βυζαντίοις
1122 1807 1200 1870 εἷς
1275 1804 1462 1862 πεδίαν
1527 1805 1764 1876 (Merita:
1824 1807 1850 1860 6

1963 1815 2158 1866 autem
2193 1827 2322 1865 cum
2358 1811 2712 1883 imperatore
2741 1827 3308 1883 cougressus,neque
3330 1827 3435 1866 cur
3462 1819 3618 1868 esset

225 1903 370 1963 τόπος
399 1901 850 1974 κατονομάζεται)
883 1897 973 1952 σὺν
1026 1899 1218 1951 ἅπαντι
1257 1901 1338 1968 τῷ
1397 1900 1630 1970 στρατῷ.
1666 1896 1854 1965 Μήπω

228 1990 274 2046 εὶ
301 1991 532 2066 ἐντυχὼν
579 1994 658 2061 τῷ
706 1987 943 2063 βασιλεῖ,
979 1984 1108 2060 μηδ’
1138 1988 1266 2041 ὅτου
1320 1983 1630 2059 μετεκλτςθη
1693 1985 1854 2059 χάριν

230 2082 414 2152 μαθὼν,
445 2073 857 2133 ἐπιϐουλεύεται
890 2075 1058 2150 ταύτῃ
1090 2080 1158 2150 τῇ
1187 2075 1335 2130 νυκτὶ
1375 2074 1479 2130 ὑπὸ
1513 2072 1856 2142 numam

227 2175 372 2243 τριῶν
406 2170 538 2241 μετά
565 2171 732 2245 ξιφῶν
767 2164 1103 2229 ἐπελθόντων
1163 2166 1502 2237 κοιμωμένῳ
1559 2163 1649 2217 καὶ
1707 2161 1854 2231 πλη-

224 2260 308 2332 τὶς
358 2257 752 2332 ἐπενεγκόντων
818 2254 983 2326 αὐτῷ,
1039 2255 1113 2327 μή
1179 2255 1365 2326 μέντοι
1421 2252 1655 2327 καιρίας’
1707 2271 1854 2326 γνω-

227 2349 419 2411 σθέντες
440 2347 539 2421 γάρ
573 2344 728 2409 εὐθὺς
784 2344 889 2398 ὑπὸ
943 2348 1051 2397 τῶν
1094 2341 1711 2420 σωματοφυλακούντων
1762 2341 1855 2401 τάς

225 2458 272 2491 τε
323 2435 538 2511 πληγάς
616 2435 853 2495 ἀσθενεῖς
929 2432 1261 2509 ἐπιφέρουσι,
1321 2431 1410 2485 καὶ
1476 2430 1612 2501 πρὸς
1681 2431 1852 2507 φυγὴν

226 2529 538 2598 ὁρμήσαντες
576 2521 1067 2599 βοηδρομήσαντος
1107 2525 1204 2575 τοῦ
1235 2518 1484 2590 πλήθους
1517 2518 1652 2592 μετά
1705 2516 1853 2574 Βαλ-

227 2616 342 2689 τζάρ
399 2615 515 2668 υἱοῦ
569 2617 668 2667 τοῦ
728 2611 991 2685 Κεγένους
1047 2607 1384 2665 ἁλίσκονται.
1420 2610 1621 2665 Ἐωθεν
1675 2605 1766 2661 οὖν
1826 2607 1854 2660 6

229 2704 455 2778 Βαλτζὲρ
485 2701 566 2770 ἐφ’
602 2701 812 2774 ἁμάξης
863 2694 1230 2773 τετρατρόχου
1282 2697 1373 2751 τὸν
1433 2698 1623 2752 ἑαυτοῦ
1655 2695 1856 2768 πατέρα

231 2795 352 2861 θεῖς,
383 2790 621 2852 καὶτοὺς
674 2785 1158 2849 ἐπιϐουλεύσαντας
1211 2781 1426 2849 ὄπισθεν
1484 2792 1583 2856 τῆς
1643 2785 1853 2857 ἁμάξης

227 2880 391 2937 ἕλκων
420 2877 828 2951 πεπεδημένοιις
862 2873 1036 2951 (οὐδὶν
1083 2876 1183 2951 γάρ
1237 2874 1313 2937 εἷς
1368 2873 1562 2935 αὐτοὺς
1624 2871 1857 2947 διαπρά-

231 2972 398 3040 ξασθαι
428 2968 593 3024 πλέον
637 2966 938 3039 ἐτόλμησεν
990 2959 1399 3037 ἐπιϐοωμένους
1447 2963 1537 3018 τὸν
1587 2959 1854 3036 βασιλέα),

236 3061 339 3131 ἅμα
366 3059 516 3112 παντὶ
551 3056 770 3135 ἐφίππῳ
821 3060 900 3127 τῷ
949 3058 1182 3130 στρατῷ,
1214 3053 1376 3114 αὐτὸς
1431 3052 1592 3120 πεζὸς
1639 3050 1730 3104 σὺν
1780 3054 1856 3120 τῷ

229 3147 433 3224 ἁδελσῷ
461 3147 704 3218 ΓουΛίνῳ
736 3143 1002 3216 ἑπόμενος
1028 3146 1095 3216 τῇ
1129 3141 1305 3215 ἁμάξῃ
1337 3141 1440 3196 ὑπὸ
1491 3138 1638 3195 δυοῖν
1698 3139 1853 3194 ἑλκο-

232 3239 353 3310 μένῃ
379 3235 580 3303 ἳππων,
605 3231 824 3310 ἔρχεται
856 3233 993 3307 πρὸς
1038 3233 1131 3286 τὸν
1183 3230 1428 3307 βασιλέα.
1461 3229 1567 3286 Καὶ
1617 3228 1751 3284 κατᾶ
1792 3229 1852 3283 τὸ

229 3325 574 3401 ἱπποδρόμιον
629 3323 921 3398 γενόμενος
976 3321 1176 3389 ταύτην
1242 3321 1335 3393 μὶν
1390 3317 1605 3388 ’ἔστησιν
1658 3316 1851 3388 ἐκεῖσε,

230 3416 378 3475 αύτὸς
417 3412 470 3468 δὲ
499 3412 684 3468 εἶ’σεισι
717 3413 853 3486 πρὸς
894 3410 987 3464 τὸν
1040 3405 1288 3484 βασιλέα,
1318 3412 1418 3472 τῆς
1468 3406 1658 3482 φήμης
1716 3426 1852 3480 προ-

232 3502 522 3577 δραμούσης
567 3503 655 3556 καὶ
709 3497 1224 3575 προοδοποιησάσης
1273 3496 1421 3568 αύτῷ
1457 3497 1556 3564 τὴν
1617 3491 1850 3550 εἶ’σαδον.

229 3595 315 3649 Ὃν
345 3591 646 3668 εἶσαχθέντα
676 3590 704 3644 ὁ
739 3587 991 3665 βασιλεὺς
1043 3586 1273 3660 ἐπήρετο
1324 3582 1412 3639 διὰ
1460 3583 1511 3638 τί
1565 3584 1640 3656 μὴ
1701 3583 1854 3647 εὐθὺς

231 3682 454 3756 τιμωρὸς
513 3680 720 3756 ἐγένετο
776 3682 880 3732 τῶν
941 3681 1038 3731 τοῦ
1095 3677 1296 3749 πατρὸς
1349 3674 1590 3746 φονέωνο
1642 3677 1737 3727 τοῦ
1797 3670 1854 3727 δὲ

237 3773 740 3847 τρήσαντος,“υτιπερ
770 3768 833 3822 τὸ
865 3767 950 3832 σὸ,
985 3763 1346 3820 ἐπεκαλοῦντο
1379 3768 1624 3838 συνεχῶς
1657 3759 1852 3834 ὄνομα,

238 3859 302 3921 εἷς
334 3860 557 3933 ὑποψίας
616 3857 855 3918 ἀτόπους
903 3853 1144 3910 ἐνέπεσεν
1179 3854 1206 3907 6
1243 3850 1517 3927 βασιλεὺς,
1547 3851 1636 3905 καὶ
1683 3850 1854 3926 Λόγου

234 3955 400 4010 θᾶττον
451 3949 728 4020 ἐκπέμψας
788 3945 908 4019 ἄγει
965 3943 1091 4006 τοὺς
1150 3939 1404 4014 δεσμίους
1456 3941 1591 4015 πρὸς
1643 3940 1853 4008 ἑαυτὸν,

233 4039 312 4091 καὶ
337 4040 426 4107 τήν
456 4037 629 4092 αἰτίαν
660 4037 985 4098 ἐπυνθάνετο
1028 4029 1095 4086 δι’
1123 4030 1294 4106 ἥνπερ
1345 4029 1704 4105 ἐπεχείρησαν
1762 4030 1852 4084 τὸν

230 4128 486 4198 πατρίκιον
518 4123 747 4181 ἀνελεῖν.
783 4127 864 4197 [Ρ.
899 4123 1027 4194 783]
1059 4124 1177 4178 Τῶν
1213 4116 1269 4174 δέ
1301 4118 1851 4197 φησάντων,”οτιπερ

235 4217 464 4278 κακόνους
519 4217 586 4284 ἦν
637 4219 705 4288 τῇ
760 4210 1011 4288 βασιλείᾳ
1071 4230 1165 4264 σου
1224 4206 1416 4279 καὶτῇ
1436 4206 1618 4275 πόλει,
1654 4203 1852 4282 ὄρθρου

241 4304 450 4374 μελετῶν
480 4304 736 4361 εἰσελθεῖν
782 4303 870 4356 καὶ
927 4299 1129 4360 πάντας
1185 4298 1278 4371 μὶν
1338 4297 1669 4373 κατασφάξαι
1725 4297 1850 4360 τοὺς

236 4391 384 4463 ἔνδον,
415 4393 883 4470 λαφυραγωγῆσαι
942 4387 999 4444 δὲ
1055 4388 1143 4443 καὶ
1198 4389 1296 4456 τὴν
1348 4385 1510 4442 πόλιν
1567 4385 1656 4440 καὶ
1715 4388 1849 4460 πρὸς

237 4483 341 4544 τοὺς
398 4483 725 4552 Πατζινάκας
813 4475 1231 4554 ἐπαναδραμεῖν,
1292 4473 1410 4530 δέον
1495 4474 1730 4547 ἐξετάσαι
1787 4476 1852 4530 τὰ

1968 1903 2209 1953 vocatus
2228 1899 2439 1967 sciens,
2461 1899 2567 1955 hac
2584 1900 2711 1970 ipsa
2730 1906 2897 1955 nocte
2917 1899 3150 1954 insidiis
3173 1899 3615 1956 Patzinacarum

1967 1987 2144 2041 trium
2184 1989 2420 2058 petitur,
2453 1987 2550 2059 qui
2593 1988 2813 2043 strictis
2861 1989 3102 2044 ensibus
3152 1987 3446 2044 irruentes
3490 1990 3618 2045 dor-

1969 2076 2168 2130 mienti
2204 2075 2444 2131 vulnera
2475 2076 2925 2147 imponunt,non
2966 2081 3164 2132 tamen
3195 2076 3610 2133 letbalia.Nam

1967 2181 2000 2220 a
2031 2165 2380 2220 satellitibus
2409 2167 2606 2221 statim
2640 2166 2854 2237 cogniti
2890 2166 3040 2221 ictus
3093 2165 3493 2237 languidiores
3523 2166 3613 2221 in-

1967 2253 2196 2310 ferunt:
2233 2259 2287 2307 et
2319 2254 2464 2325 fuga:
2505 2271 2567 2310 se
2618 2255 2822 2308 dantes
2872 2259 3212 2310 accurrente
3260 2253 3614 2325 opitulatum

1967 2341 2345 2398 multitudine
2375 2360 2508 2398 cum
2543 2342 2779 2398 Balzaro
2825 2343 3073 2416 Kegenis
3109 2342 3225 2398 filio
3279 2344 3614 2416 capiuntur.

1966 2431 2133 2486 Mane
2163 2431 2389 2486 Baltzar
2410 2433 2607 2487 currui
2639 2437 2890 2504 quatuor
2911 2432 3150 2487 habenti
3186 2437 3344 2488 rotas
3365 2433 3617 2503 imponit

1966 2528 2214 2593 patrem,
2267 2527 2321 2578 et
2368 2538 2746 2592 percussores
2797 2528 2928 2594 post
2980 2538 3111 2576 eum
3163 2522 3394 2580 vinctos,
3433 2522 3616 2578 trahit

1966 2610 2136 2681 (nihil
2167 2613 2321 2665 enim
2356 2611 2613 2682 amplius
2641 2617 2900 2666 statuere
2928 2612 2999 2666 de
3029 2612 3113 2666 eis
3153 2612 3426 2678 audebat,
3460 2613 3614 2683 quod

1966 2699 2374 2768 imperatorem
2403 2699 2846 2772 appellassent),
2871 2704 2928 2756 et
2956 2701 3114 2756 omni
3149 2718 3254 2756 suo
3286 2717 3420 2756 cum
3450 2717 3615 2757 exer-

1966 2790 2083 2844 citu
2116 2789 2370 2860 equestri
2414 2791 2589 2862 pedes
2637 2790 2786 2846 595
2822 2790 2948 2860 ipse
2991 2807 3124 2845 cum
3177 2791 3354 2846 fratre
3403 2790 3616 2847 Gulino

1967 2894 2265 2933 curruma
2296 2879 2524 2933 duobus
2585 2883 2837 2934 tractum
2889 2878 3055 2950 equis
3107 2895 3358 2950 sequens
3408 2881 3610 2936 urbem

1969 2967 2190 3034 intrat;
2225 2984 2478 3038 cumque
2510 2968 2581 3022 ad
2616 2966 2845 3022 Circum
2880 2967 3504 3039 pervenisset,currum
3538 2969 3618 3024 ibi

1967 3055 2183 3109 sistens
2214 3057 2284 3110 ad
2337 3055 2747 3126 imperatorem
2808 3074 2868 3111 se
2910 3056 3152 3122 confert,
3185 3074 3297 3124 quo
3319 3059 3444 3129 jam
3478 3064 3612 3114 ante

1885 3186 1928 3253 α
1970 3145 2123 3198 fama
2149 3150 2525 3242 praecurrerat
2559 3144 2820 3215 ipsisque
2867 3145 3091 3199 aditum
3119 3145 3347 3253 fecer'at.
3374 3146 3611 3201 Admis-

1970 3249 2100 3287 sum
2157 3233 2475 3304 imperator
2520 3237 2893 3303 percontatur
2922 3250 3026 3288 cur
3075 3250 3186 3288 non
3219 3232 3377 3289 illico
3426 3236 3611 3306 patris

1965 3339 2339 3394 percussores
2368 3322 2654 3392 supplicio
2687 3321 2959 3376 effecerit.
2996 3322 3346 3392 Respondet,
3377 3323 3523 3387 Quia
3554 3328 3610 3379 te

1963 3410 2283 3465 identidem
2335 3410 2681 3466 nominatim
2738 3410 3102 3465 invocabant.
3149 3411 3295 3466 Hinc
3343 3411 3610 3467 absurda:

1965 3499 2180 3554 obortae
2238 3499 2618 3554 Monomacho
2677 3499 3066 3570 suspiciones,
3100 3516 3166 3554 ac
3225 3499 3378 3554 dicto
3435 3500 3609 3556 citius

1965 3589 2132 3642 missi
2197 3589 2294 3659 qui
2356 3588 2579 3644 vinctos
2632 3589 2772 3644 istos
2831 3589 3209 3654 adducerent,
3254 3605 3610 3662 causamque

1963 3677 2215 3748 exquirit
2246 3695 2362 3749 qua
2390 3679 2462 3733 ad
2488 3695 2687 3733 necem
2722 3677 2968 3749 Kegenis
3002 3677 3229 3749 patricii
3261 3679 3476 3734 fuerint
3503 3679 3609 3734 im-

1965 3766 2142 3837 pulsi.
2175 3766 2258 3820 Illi
2292 3767 2444 3822 hanc
2493 3767 2794 3838 proferunt
2826 3766 3071 3821 inﬁdum
3123 3767 3369 3838 imperio
3402 3768 3609 3823 Roma-

1965 3872 2039 3910 no
2073 3856 2255 3912 luisse
2299 3861 2590 3928 Kegenem
2641 3861 2816 3927 atque
2867 3855 3017 3920 urbi,
3073 3860 3128 3911 et
3173 3857 3230 3911 in
3263 3856 3456 3912 animo
3507 3857 3608 3912 ba-

1964 3943 2165 4000 buisse
2224 3945 2410 4015 prima
2465 3946 2592 4000 luce
2650 3946 2852 4000 urbem
2904 3944 3152 4016 ingredi,
3184 3946 3610 4018 trucidatisque

1964 4035 2240 4090 omnibus
2273 4035 2371 4105 qui
2421 4035 2582 4090 intus
2612 4040 2966 4098 essent,eam
3017 4033 3292 4106 diripere,
3327 4038 3505 4106 atque
3536 4036 3609 4091 ad

1962 4123 2302 4179 Patzinacas
2334 4123 2561 4179 reverti.
2584 4123 2682 4178 llic
2716 4124 3031 4194 imperator
3059 4140 3194 4179 cum
3225 4123 3520 4193 inquirere
3548 4123 3608 4179 in

1961 4214 2115 4269 dicta
2150 4221 2204 4268 et
2251 4213 2550 4269 veritatem
2607 4212 2956 4284 perscrutari
2990 4212 3258 4279 debebat,
3293 4213 3514 4270 omissa
3542 4231 3609 4270 ea

1961 4319 2103 4358 cura
2137 4302 2310 4357 {idem
2346 4301 2582 4357 incertis
2601 4308 2658 4356 et
2687 4301 2837 4356 male
2857 4301 3285 4358 cohaerentibus
3301 4301 3610 4359 calumniis

1961 4392 2250 4460 deferens,
2283 4395 2573 4463 Kegenem
2623 4391 2678 4445 in
2713 4389 2995 4462 palatium
3046 4389 3446 4446 introductum
3498 4392 3608 4448 sub

1961 4480 2282 4535 curationis
2311 4497 2376 4534 ac
2402 4479 2704 4534 medicina:
2727 4478 2994 4550 speciein
3024 4479 3410 4550 Elephantina
3431 4479 3612 4536 inclu-

241 4569 468 4646 λεχθέντα
523 4572 614 4626 καὶ
669 4571 844 4643 εὑρεῖν
906 4570 1004 4637 τὴν
1063 4567 1348 4636 ἀλήθειαν,
1380 4566 1408 4619 6
1448 4562 1504 4619 δὲ
1531 4569 1697 4618 τοῦτο
1759 4566 1850 4638 μὲν

1963 4570 2066 4634 dit,
2102 4568 2251 4624 lilios
2283 4570 2411 4640 ejus
2441 4586 2474 4622 a
2504 4585 2566 4624 se
2596 4567 2847 4623 invicem
2878 4567 3139 4624 divulsos
3189 4568 3434 4624 diversis
3464 4568 3608 4626 locis

241 4661 320 4714 ούκ
363 4660 624 4732 ἐποίησεν,
683 4658 809 4713 ἀλλ’
862 4654 1180 4716 ἀδεσπότοις
1241 4653 1526 4716 πιστεύσας
1581 4674 1845 4729 συκοφαν-

241 4749 354 4812 τίαις
381 4752 464 4805 καὶ
499 4748 843 4814 ἀσυστάτοις,
874 4746 964 4800 τὸν
1003 4745 1096 4818 μὶν
1145 4741 1380 4817 Κεγένην
1429 4739 1542 4817 ἄγει
1593 4742 1729 4817 πρός
1787 4743 1852 4797 τὰ

245 4837 458 4906 βασίλεια
500 4841 587 4895 καὶ
640 4838 692 4892 έν
751 4836 1112 4910 προσχήματι
1179 4831 1326 4906 τάχα
1404 4831 1687 4903 θεραπείας
1759 4832 1846 4885 καὶ

246 4924 442 4998 ἶιτρεῖας
471 4928 524 4982 ἐν
567 4931 635 5000 τῇ
697 4923 1010 5002 ἐλεφαντίνῃ
1052 4918 1419 4994 καθείργνυσι,
1450 4918 1575 4980 τοὺς
1625 4917 1680 4973 δὲ
1721 4920 1850 4974 τού-

239 5033 314 5067 του
361 5017 500 5080 υἱοὺς
556 5015 606 5070 ἐν
661 5015 830 5088 ἑτέρῳ
885 5011 974 5066 καὶ
1024 5010 1187 5084 ἑτέρῳ
1232 5008 1387 5080 τόπῳ
1438 5005 1703 5078 διίστησιν
1761 5008 1853 5064 ἀπ’

245 5103 399 5159 αὐτοῦ.
428 5106 493 5160 T6
525 5103 580 5160 δὲ
629 5103 840 5172 πλῆθος
887 5105 993 5155 τῶν
1046 5097 1396 5166 Πατζινάκων
1453 5097 1703 5171 βρώμασι
1761 5097 1850 5152 καὶ

242 5190 410 5262 πόμασι
439 5195 716 5253 παντοίοις
747 5191 882 5265 πρὸς
911 5188 974 5243 τὸ
1018 5187 1194 5242 δοκεῖν
1244 5186 1446 5240 εὐνοεῖν
1489 5180 1848 5258 ἀνελάμϐανε,

245 5279 542 5342 σπιύδων,εἰ
604 5281 722 5337 οἷόν
777 5301 857 5350 τε,
883 5283 992 5332 τῶν
1043 5277 1299 5349 ἁρμάτων
1355 5273 1582 5336 τούτους
1639 5274 1850 5351 ἀπογυ-

248 5371 423 5434 manu
446 5373 532 5425 καὶ
561 5377 670 5425 τῶν
697 5369 889 5422 ’ἱππων
915 5367 1003 5421 καὶ
1037 5369 1329 5439 κατασχεῖν
1375 5362 1464 5417 καὶ
1523 5367 1848 5439 φρουρῆσαι,

243 5456 348 5517 τοὺς
373 5457 710 5532 ἐπιθεμένους
758 5461 838 5527 τῷ
890 5456 1042 5533 φόνῳ
1099 5452 1300 5514 ἀνέτως
1361 5453 1448 5506 καὶ
1509 5450 1849 5528 ἐλευθερίως,

238 5541 325 5612 ὅπη
352 5547 433 5599 καὶ
476 5547 546 5612 ὡς
599 5545 916 5622 βούλονται,
951 5541 1150 5618 διάγειν
1202 5539 1490 5601 κελεύσας.
1527 5542 1624 5594 Καὶ
1678 5539 1849 5596 ἐδόκει

247 5633 322 5700 μὲν
341 5641 490 5690 ταῦτα
519 5634 950 5712 διαπραξάμενος
997 5630 1303 5701 λανθάνειν,
1334 5625 1482 5686 ἀλλὰ
1525 5629 1616 5684 τὸν
1673 5626 1849 5704 δῆμον

1960 4657 2226 4725 collocat,
2256 4657 2652 4727 simulataque
2682 4656 3105 4726 benevolentia,
3160 4657 3605 4715 multitudinem

1962 4747 2321 4802 Patzicarum
2370 4762 2640 4801 recreans
2671 4746 2784 4800 cibi
2828 4763 2893 4801 ac
2943 4752 3117 4816 potus
3165 4746 3323 4802 omni
3374 4762 3605 4819 genere,

1958 4835 2014 4891 id
2047 4836 2251 4906 quaerit
2292 4841 2355 4890 ut
2385 4835 2435 4890 si
2466 4852 2579 4904 qua
2628 4834 2752 4890 ﬁeri
2787 4835 2972 4906 possit
3022 4835 3267 4901 ratione,
3297 4837 3479 4892 armis
3509 4852 3608 4892 eos
3668 4847 3672 4850 ’

1959 4925 2245 4997 equisque
2279 4924 2529 4980 nudatos
2559 4924 2618 4978 in
2651 4925 2976 4979 custodiam
3013 4924 3206 4979 dedat.
3243 4924 3607 4981 Pereussori-

1957 5014 2090 5081 bus,
2125 5013 2457 5083 ubicunque
2509 5011 2720 5068 vellent
2750 5011 2930 5068 libere
2974 5013 3221 5084 degendi
3271 5013 3607 5070 facultatem

1958 5102 2246 5158 concedit.
2279 5103 2432 5160 596
2465 5103 2532 5156 Et
2575 5102 2820 5173 putabat
2873 5118 3012 5156 sane
3059 5120 3173 5157 non
3220 5102 3610 5158 animadverti

1960 5192 2099 5263 quid
2132 5196 2365 5263 ageret:
2392 5191 2492 5246 sed
2517 5191 2854 5246 Patzinacas
2874 5195 3066 5245 tamen
3108 5191 3353 5248 minime
3379 5191 3603 5248 fefellit.

1959 5281 2104 5336 Nam
2158 5279 2305 5334 nihil
2367 5279 2504 5335 boni
2561 5279 2881 5352 signiﬁcari
2939 5295 3004 5334 eo
3047 5279 3394 5351 judicabant
3450 5282 3607 5354 quod

1959 5371 2164 5424 ducem
2200 5369 2463 5438 ipsorum
2496 5369 2792 5423 detinebat
2823 5386 2888 5422 ac
2939 5369 3093 5439 quod
3126 5369 3279 5425 ﬁlios
3331 5371 3458 5441 ejus
3488 5371 3607 5426 dis-

1954 5460 2268 5530 junxerat;
2302 5464 2358 5512 et
2391 5457 2716 5513 libertatem
2769 5459 3209 5527 percussoribus
3257 5459 3606 5529 permissam

1961 5566 2065 5620 pro
2099 5551 2294 5618 aperto
2344 5547 2762 5602 malevolentize
2813 5547 2981 5619 signo
3030 5547 3346 5602 habebant.
3399 5550 3604 5617 Itaque

1963 5654 2035 5692 ea
2062 5653 2188 5707 quae
2223 5636 2613 5691 mittebantur
2659 5636 2731 5691 ab
2766 5635 3116 5707 imperatore
3147 5638 3292 5690 actis
3323 5635 3524 5707 gratiis
3555 5638 3611 5686 et
