4036 6194
377 344 493 403 327

1728 334 2043 394 GEORGII
2090 335 2429 396 CEDRENI
3669 348 3792 405 3:28

378 478 571 532 fausta
602 476 650 531 ei
687 478 987 546 precantes
1020 472 1405 545 accipiebant,
1430 485 1789 542 prorsusque
1821 486 1935 541 pra:
1968 486 2007 523 Si

2146 466 2243 521 οὐκ
2272 465 2431 523 ἔλαθε
2460 474 2566 523 τῶν
2619 472 2984 540 Ιῐατζινάκων.
3019 475 3130 544 Τήν
3188 497 3243 530 τε
3303 478 3405 551 γὰρ
3464 483 3559 532 10'3
3618 480 3797 534 αὐτῶν

381 567 641 621 ferebant
671 566 868 618 omnia
907 562 1017 618 sibi
1072 563 1324 634 probari.
1358 561 1465 615 Sed
1504 564 1672 613 nocte
1723 559 1893 623 facta,
1929 575 2027 612 ne-

381 656 538 710 mine
588 654 944 725 suspicante,
978 669 1007 706 e
1037 650 1247 705 castris
1294 651 1713 713 discesserunt,
1749 664 1814 701 ac
1845 648 2032 701 conti-

381 749 587 799 nenter
631 759 731 814 per
773 746 957 796 totam
1010 745 1233 794 noctem
1289 739 1438 792 facto
1466 738 1698 801 itinere,
1730 736 1904 790 tertio
1938 736 2033 789 die

383 832 640 886 Haemum
663 828 1020 899 transgressi
1046 826 1285 896 reliquis
1311 842 1371 881 se
1394 825 1819 895 conjunxerunt
1844 822 2031 877 Patzi-

382 922 563 976 nacis.
613 921 753 975 Cum
808 934 1011 973 omnes
1065 917 1121 970 in
1178 932 1361 970 unum
1415 915 1748 979 coivissent,
1786 914 2032 984 jamque

381 1013 555 1065 etiam
591 1025 887 1064 armorum
933 1007 1079 1061 satis
1111 1022 1386 1076 magnam
1442 1009 1750 1076 parassent
1780 1002 2028 1074 copiam,

378 1107 637 1156 Hazmuzn
687 1102 1013 1165 transeunt,
1048 1096 1375 1166 castrisque
1426 1096 1497 1150 ad
1548 1094 1755 1149 Aulam
1802 1093 1880 1163 (id
1919 1100 2028 1160 est,

379 1190 683 1245 castellum
730 1188 787 1242 in
824 1204 1095 1258 processu
1152 1186 1367 1240 montis
1418 1184 1619 1249 Hmmi,
1656 1183 1806 1237 haud
1867 1182 2032 1249 longe

376 1278 749 1349 Adrianopoli
811 1277 1013 1349 situm)
1094 1276 1260 1330 factis
1337 1275 1548 1347 praedis
1629 1273 1872 1343 agendis
1937 1289 2031 1327 se-

374 1369 539 1422 dant.

2141 557 2518 630 καθηγεμόνος
2579 560 2902 635 κατάσχεσιν
2959 563 3047 615 καὶ
3098 565 3197 633 τὴν
3244 569 3350 618 τῶν
3410 565 3613 621 ἐκείνου
3665 570 3801 622 υἱῶν

2144 642 2406 715 διάζευξιν
2438 645 2498 700 οὒ
2532 649 2775 722 χρηστὸν
2811 649 3005 704 οἰωνὸν
3052 650 3390 728 ἐλογίζοντο,
3421 656 3508 709 καὶ
3568 664 3801 731 σημεῖον

2140 735 2432 797 κακονοίας
2508 739 2780 815 προφανὲς
2861 737 3104 813 ἐνόμιζεν
3161 743 3259 810 τήν
3319 748 3425 797 τῶν
3488 741 3802 800 ἐπιϐούλων

2141 822 2468 896 ἐλευθερίαν.
2524 826 2616 879 Διὸ
2692 826 2781 881 καὶ
2860 828 2927 881 τὰ
3008 830 3103 902 μὶν
3177 832 3486 907 πεμφθέντα
3553 832 3797 905 ἐδέξαντο

2146 914 2259 985 μετ’
2312 913 2682 988 εὐχαριστίας,
2741 917 2829 969 καὶ
2888 918 2977 971 τὸν
3040 918 3263 991 βασιλέα
3311 921 3651 995 εὐφήμησαν,
3700 924 3795 979 καὶ

2143 999 2211 1055 δι’
2242 999 2314 1055 ὦν
2343 1001 2559 1057 ἐποίουν
2593 1002 3029 1080 ἀποδεχομένοις
3065 1008 3296 1080 ἰῴκεσαν
3346 1012 3412 1064 τα
3457 1013 3791 1088 πραχθέντα·

2139 1092 2329 1154 νυκτὸς
2410 1089 2467 1146 δὲ
2549 1091 2937 1167 ἐπιγενομένης
2973 1141 2985 1160 ,
3049 1095 3281 1169 μηδενὸς
3356 1102 3793 1165 ὑποτοπάσαντος

2142 1178 2362 1255 ἄραντες
2418 1180 2477 1236 ὲκ
2535 1185 2629 1250 τῆς
2688 1180 3049 1258 παρεμϐολῆς
3108 1186 3199 1240 καὶ
3255 1189 3493 1261 συντόνῳ
3551 1188 3619 1243 δι’
3653 1190 3795 1262 ὅλης

2140 1271 2327 1333 νυκτὸς
2358 1270 2695 1344 χρησάμενοι
2727 1276 2794 1345 τῇ
2832 1269 3137 1350 ὁδοιπορίᾳ,
3166 1282 3400 1349 τριταῖοι
3458 1278 3545 1332 τὸν
3606 1284 3793 1353 Αἷμον

2141 1354 2417 1420 διαϐάντες
2469 1358 2712 1415 ένοῦνται
2771 1361 2861 1415 καὶ
2914 1362 3068 1418 αὐτοὶ
3126 1368 3205 1436 τῷ
3260 1363 3458 1435 πλήθει
3521 1373 3628 1422 τῶν
3679 1376 3791 1424 Πα-

371 1456 975 1527 τζινάκων.1“ενόμενοι
1036 1461 1167 1528 γοῦν
1225 1455 1451 1513 ἅπαντες
1507 1452 1592 1526 ὑφ’
1650 1451 1728 1519 ἓν,
1787 1448 1894 1520 ἤδη
1950 1446 2007 1503 δὲ
2054 1450 2143 1504 καὶ
2202 1449 2387 1504 ὅπλων
2430 1450 2815 1526 ἀποχρώντως
2884 1454 3264 1527 ηὐπορηγότες
3316 1454 3611 1533 διαπερῶσι
3690 1463 3788 1516 τὸ-

424 1550 445 1567 ν
734 1545 748 1563 ς
924 1566 941 1575 _
1108 1546 1132 1574 ,ο
1265 1544 1278 1559 ι
1537 1541 1549 1559 ι
1852 1541 1863 1554 κ
1962 1540 1986 1568 ,ς
2144 1537 2155 1557 ν
2220 1539 2233 1556 ς
2475 1539 2487 1559 1
2679 1539 2702 1557 κ
2941 1543 2953 1563 ›
3018 1544 3031 1561 κ
3238 1547 3253 1562 ε
3387 1547 3399 1563 ς

376 1553 598 1618 Διμον,
661 1567 750 1599 και
808 1539 1171 1617 παρεμϐολήν
1226 1565 1318 1616 μεν
1379 1563 1682 1617 πηγνυουσι
1738 1562 1874 1595 κατα
1927 1560 2027 1607 τήν
2086 1536 2271 1607 Αυλην
2333 1542 2612 1616 (φρουριον
2676 1542 2731 1595 οὶ
2789 1544 2823 1611 ἡ
2883 1542 3038 1612 Αυλη
3125 1566 3261 1600 κατα
3344 1568 3437 1608 τας
3514 1549 3791 1624 ὑπωρείας

374 1636 771 1709 [κειμένη]τοῦ
827 1634 1004 1708 Αἴμου
1054 1635 1142 1690 καὶ
1202 1634 1263 1688 οὐ
1312 1633 1449 1688 πάνυ
1508 1632 1696 1708 πὸῥρω
1754 1630 2000 1703 κείμενον
2056 1628 2585 1704 Ἀδριανουπὸλεως)
2641 1634 2727 1687 καὶ
2788 1634 2922 1710 πρὸς
2981 1634 3276 1705 λεηλασίαν
3331 1638 3419 1691 καὶ
3469 1639 3613 1694 λείαν
3660 1644 3787 1717 τρέ-

372 1747 586 1782 πονται.

445 1817 604 1880 Quod
642 1817 735 1872 ubi
772 1815 1043 1887 cognovit
1074 1817 1190 1870 dux
1235 1814 1571 1871 Occidentis
1602 1813 2023 1868 Constantinus
2059 1812 2104 1877 B

374 1907 656 1979 magister
682 1905 1132 1975 Arianites,ipee
1162 1920 1391 1976 quoque
1421 1904 1773 1958 instructum
1800 1901 2019 1956 exerci-

372 2001 495 2050 tum
541 1996 913 2067 Adrianopoli
949 2000 1149 2049 contra
1179 2011 1277 2048 eos
1329 1993 1552 2058 educit;
1586 1997 1641 2047 et
1672 1992 1858 2064 primo
1888 1990 2019 2062 qui-

371 2085 503 2139 dem
537 2084 593 2137 in
646 2084 933 2155 quosdam
984 2082 1248 2153 palantes
1296 2082 1559 2136 incidens
1612 2098 1732 2135 rem
1781 2080 2022 2135 feliciter

371 2173 538 2245 gerit,
565 2174 663 2227 sed
693 2173 759 2227 ad
788 2172 1091 2226 castellum
1116 2171 1326 2225 deinde
1350 2170 1679 2240 Dampolim
1709 2185 2019 2224 occurrens

370 2261 737 2317 multitudini
771 2262 1025 2317 hostium
1055 2261 1327 2327 vincitur,
1362 2260 1563 2314 multis
1602 2258 2019 2313 Macedonibus

368 2368 435 2405 ac
459 2351 785 2406 Thracibus
813 2350 1067 2406 amissis.
1096 2349 1441 2403 Ceciderunt
1465 2348 1637 2402 etiam
1675 2348 2016 2402 Theodorus

368 2441 517 2497 597
554 2440 922 2511 Strabomyta
955 2446 1010 2493 et
1036 2438 1225 2509 Polys,
1283 2437 1497 2492 illustri
1550 2438 1673 2492 loco
1705 2438 1822 2491 nati
1857 2442 1911 2491 et
1942 2438 2013 2491 ob

362 2529 639 2584 violatam
673 2527 943 2583 Tornicio
968 2528 1143 2581 {idem
1176 2527 1455 2581 illustres.
1494 2526 1768 2597 Magister
1815 2526 2013 2579 Adria-

365 2618 622 2689 nopolim
658 2633 926 2671 reversus
959 2632 1059 2687 per
1092 2615 1313 2669 litteras
1346 2615 1757 2685 imperatorem
1792 2614 1861 2668 de
1912 2631 2011 2667 ac-

364 2713 530 2778 cepta
559 2707 722 2761 clade
753 2706 939 2767 docet,
973 2710 1285 2774 monetque
1318 2720 1462 2757 novo
1494 2719 1623 2757 esse
1674 2718 1819 2773 opus
1849 2697 2007 2756 exei-

361 2796 518 2861 citu;
554 2811 685 2849 nam
722 2810 855 2848 cum
906 2793 1293 2864 praesentibus
1339 2790 1524 2861 cepiis
1574 2792 1855 2845 adversus
1888 2797 2003 2845 tam

364 2900 744 2939 numerosum
779 2882 1036 2938 hostium
1090 2880 1430 2946 exercitum,
1466 2880 1553 2934 cui
1587 2897 1664 2934 εδδ
1689 2881 1811 2949 jam
1846 2885 2008 2951 terga

362 2973 773 3035 obvertissent,
808 2971 969 3026 nullo
1003 2971 1175 3025 modo
1218 2986 1339 3023 rem
1374 2970 1491 3038 geri
1526 2986 1714 3040 posse.
1749 2968 1876 3023 Jam
1911 2988 2009 3023 an-

362 3065 597 3132 tequam
631 3059 856 3113 litteras
889 3058 1181 3128 acciperet
1210 3057 1546 3125 imperator,
1582 3056 1652 3111 de
1677 3058 1907 3125 jactura
1938 3074 2005 3111 ea

2205 1812 2372 1884 Ὅπερ
2437 1813 2804 1884 μαθὼνὸτῆς
2865 1814 3073 1875 Δῦσεως
3132 1815 3317 1891 ἄρχων
3379 1822 3785 1882 Κωνσταντῖνος

2135 1900 2426 1975 μάγιστρος
2487 1902 2514 1955 ὁ
2576 1902 2901 1977 Ἀριανίτης,
2959 1904 3045 1957 καὶ
3126 1904 3285 1966 αὐτὸς
3346 1909 3784 1981 παρεσκευασμέ-

2128 2010 2221 2049 νας
2255 1985 2397 2064 ἔχων
2455 1991 2547 2051 τὰς
2580 1991 2714 2066 ἀμφ’
2745 1991 2907 2045 αὐτὸν
2971 1989 3246 2065 δυνάμεις,
3280 1996 3410 2070 ἄρας
3471 1995 3521 2068 ἐξ
3558 1995 3779 2072 Ἀδριαο

2128 2077 2442 2133 νουπόλεωε
2497 2073 2715 2154 ἔρχεται
2799 2082 2913 2134 κατ’
2962 2080 3157 2138 αὐτῶν.
3217 2085 3314 2137 Καὶ
3383 2086 3611 2160 σποράσι
3676 2088 3777 2159 μέν

2127 2188 2264 2220 τισιν
2320 2167 2371 2221 έι
2425 2173 2503 2239 τῷ
2560 2168 2770 2222 ἀπιέναι
2827 2171 3137 2246 περιτυχὼν
3172 2171 3487 2246 εὐτύχησεν·
3524 2176 3632 2229 εΤτα
3685 2177 3780 2229 καὶ

2127 2256 2272 2330 παρά
2317 2258 2377 2311 τὸ
2436 2256 2729 2332 λεγόμενον
2791 2257 3073 2330 Δάμπολιν
3135 2261 3394 2336 φρούριον
3438 2267 3777 2334 συναντήσας

2124 2350 2204 2417 τῷ
2237 2343 2436 2415 πλήθει
2469 2346 2560 2399 καὶ
2591 2341 2919 2421 προσϐαλὼν
2980 2350 3228 2417 ἡττᾶται,
3262 2350 3532 2405 πεσόντων
3580 2350 3630 2406 έν
3692 2359 3777 2425 τῷ

2124 2433 2357 2507 πολέμῳ
2418 2431 2743 2490 Μακεδόνων
2798 2436 2885 2490 καὶ
2949 2443 3168 2512 Θρᾳκῶν
3221 2438 3318 2493 οὐκ
3363 2440 3585 2515 ὀλίγων,
3618 2442 3775 2496 ἀναι-

2125 2525 2381 2600 ρεθέντων
2412 2521 2467 2577 δὲ
2495 2524 2583 2577 καὶ
2616 2521 2899 2601 Θεοδώρου
2928 2531 3024 2580 τοῦ
3073 2523 3464 2602 Στραϐομῦτου
3521 2532 3607 2584 καὶ
3671 2538 3774 2586 τοῦ

2123 2612 2294 2680 Πολῦ,
2328 2610 2536 2687 ἀνδρῶν
2569 2612 2628 2668 ἐκ
2657 2612 2842 2689 γένους
2875 2613 3133 2691 λαμπροῦ
3190 2617 3280 2671 καὶ
3339 2618 3623 2691 ἐπισήμων
3682 2643 3777 2695 γε-

2119 2703 2359 2775 νομένων
2416 2701 2474 2755 ἐκ
2529 2709 2628 2771 τῆς
2688 2702 2762 2765 εἷς
2808 2704 2897 2757 τὸν
2931 2706 3219 2778 Τορνίκιον
3253 2707 3516 2770 ἀπιστίας.
3550 2709 3610 2765 Ὁ
3671 2710 3774 2781 μὶν

2120 2791 2211 2846 οὗν
2268 2792 2559 2867 μάγιστρος
2639 2792 2959 2866 ὑπέστρεψεν
3046 2792 3095 2847 ἐν
3157 2792 3623 2869 Ἀδριανουπόλει,
3683 2803 3768 2870 τῷ

2124 2879 2337 2957 βασιλεῖ
2369 2878 2426 2934 δέ
2458 2878 2547 2934 διὰ
2576 2881 2917 2955 γραμμάτων
2969 2880 3197 2957 ἅγγελος
3254 2889 3350 2937 τοῦ
3407 2886 3769 2959 ἀτυχήματος

2114 2970 2334 3046 γίνεται,
2369 2966 2537 3039 δηλοῖ
2565 2968 2623 3023 δὲ
2664 2970 2751 3024 καὶ
2794 2972 2867 3034 ὡς
2918 2968 2998 3025 δεῖ
3047 2970 3273 3047 στρατοῦ
3330 2972 3574 3036 νεαλοῦς·
3628 2978 3768 3048 μετὰ

2116 3062 2219 3134 γάρ
2246 3063 2353 3113 τῶν
2401 3060 2683 3134 παρόντων
2739 3057 2993 3115 ἀδύνατον
3046 3061 3563 3136 ἀντιπαρατάξασθαι
3624 3066 3767 3138 πρὸς

361 3149 691 3205 resciverat.
727 3152 781 3203 Is
805 3148 1127 3219 Tyrachum
1162 3152 1218 3201 et
1259 3145 1515 3216 reliquos
1565 3145 2001 3200 Patzinacarum

2119 3148 2385 3218 τοσαύτην
2444 3148 2655 3217 πληθὺν
2710 3146 2817 3220 ἤδη
2861 3151 2928 3203 τά
2984 3155 3125 3204 νῶτα
3156 3154 3482 3225 τρεψάντων.
3518 3155 3600 3223 [Ρ.
3633 3158 3768 3229 794]

356 3238 676 3310 principes,
710 3237 807 3308 qui
844 3238 900 3290 in
953 3238 1091 3291 urbe
1139 3235 1571 3301 detinebantur,
1606 3235 1774 3289 donis
1806 3253 1869 3290 ac
1902 3235 2003 3290 be-

361 3328 591 3382 neficiis
650 3343 790 3382 suos
843 3326 996 3389 facit,
1038 3325 1386 3395 juratosque
1436 3341 1497 3377 se
1551 3329 1783 3396 gentem
1833 3342 2001 3379 suam

358 3417 691 3488 placaturos
750 3415 985 3471 emittit.
1032 3414 1264 3469 Litteris
1324 3431 1493 3483 porro
1554 3412 1751 3467 missis
1804 3430 2005 3469 omnes

356 3506 683 3560 Orientales
735 3511 931 3560 evocat
978 3504 1257 3574 legiones.
1287 3504 1393 3565 Qui
1426 3520 1561 3558 cum
1611 3504 1682 3557 ab
1717 3504 1913 3574 Abydo
1945 3510 2002 3559 et

350 3593 692 3665 Chrysopoli
724 3595 1119 3664 trajecissent,
1155 3593 1567 3663 imperatorem
1620 3592 1704 3646 eis
1748 3593 1999 3662 praefecit

350 3683 738 3753 Nicephorum
774 3687 1078 3751 rectorem,
1099 3686 1158 3736 et
1179 3686 1377 3735 contra
1404 3680 1738 3735 Patzinacas
1760 3681 1996 3747 emittit,

351 3771 644 3840 simulque
675 3769 1079 3826 Catacalonem
1104 3770 1354 3825 Orientis
1383 3770 1589 3823 ducem
1622 3769 1994 3839 designatum

346 3861 735 3915 etErbebium
766 3860 1242 3929 Francopullum,
1279 3858 1650 3929 popularium
1693 3864 1831 3914 tunc
1861 3877 1995 3915 suo-

345 3966 476 4003 rum
512 3951 741 4015 ducem,
777 3951 981 4004 adesse
1011 3966 1111 4004 eos
1143 3949 1347 4002 rectori
1401 3948 1648 4017 ejusque
1700 3948 1996 4019 obtempe-

345 4055 471 4092 rare
520 4038 821 4094 sententiae
861 4045 918 4093 et
969 4038 1262 4092 mandatis
1304 4036 1540 4105 jubens.
1577 4036 1629 4090 Is
1679 4037 1989 4092 exercitum

345 4131 509 4182 trans
529 4128 786 4183 Hmmum
808 4126 1114 4198 perlocum
1136 4126 1229 4180 cui
1258 4126 1457 4179 Ferrea
1490 4140 1696 4178 nomen
1720 4126 1990 4195 traducit,

346 4233 711 4287 pergensque
742 4218 1022 4270 adversus
1075 4214 1427 4277 Palzinacas,
1463 4213 1519 4266 in
1562 4213 1687 4267 loco
1737 4215 1988 4284 quodam
2029 4241 2034 4247 α

344 4322 456 4359 non
514 4304 712 4374 procul
746 4323 777 4360 ει
808 4305 1052 4359 Centum
1087 4303 1343 4357 Collibus
1375 4302 1485 4356 sito
1520 4303 1787 4366 (Diacene
1819 4304 1869 4357 is
1895 4322 1992 4375 ap-

342 4394 687 4464 pellabatur)
735 4400 925 4449 castra
976 4394 1111 4446 facit
1140 4392 1408 4460 valloque
1441 4395 1652 4445 munit.
1688 4392 1991 4461 Cogitabat

343 4489 533 4538 autem
569 4484 849 4555 postridie
882 4481 1097 4538 relictis
1137 4481 1215 4535 ibi
1258 4480 1714 4547 impedimentis,
1744 4486 1799 4534 et
1829 4498 1987 4552 quaa-

2117 3241 2172 3291 '0
2232 3236 2289 3292 δὲ
2342 3235 2596 3312 βασιλεὺς
2656 3237 2745 3292 καὶ
2799 3239 2903 3309 πρὸ
2935 3244 3040 3293 τῶν
3076 3239 3273 3294 ἐκείνου
3305 3244 3640 3315 γραμμάτων
3703 3244 3770 3298 τὸ

2115 3322 2322 3399 συμϐὰν
2370 3329 2444 3399 μὴ
2475 3327 2761 3402 ἀγνοήσας,
2792 3328 2882 3382 τὸν
2917 3328 3009 3401 μὶν
3046 3329 3241 3405 Τυράχ
3290 3330 3379 3383 καὶ
3426 3331 3552 3394 τοὺς
3602 3330 3654 3386 ἐν
3695 3337 3766 3407 τῇ

2111 3414 2270 3470 πόλει
2319 3417 2720 3490 κατεχομένους
2765 3414 3033 3492 ἄρχοντας
3082 3423 3186 3472 τῶν
3247 3421 3591 3488 Πατζινάκων
3651 3419 3761 3476 δω-

2112 3511 2259 3581 ρεαῖς
2304 3506 2390 3560 καὶ
2475 3506 2692 3580 χάρισιν
2779 3507 3254 3580 ὑποποιησάμενος
3344 3509 3765 3585 ὑποσχομένους

2114 3594 2229 3667 μεθ’
2274 3595 2448 3664 ὅρκων
2509 3592 2844 3667 ἐξημερῶσαι
2904 3596 2967 3650 τὸ
3025 3591 3178 3671 γένος
3236 3596 3519 3671 ἐκπέμπει,
3573 3599 3756 3673 γράμ-

2112 3704 2238 3755 μασι
2300 3678 2357 3736 δὲ
2414 3681 2572 3743 αὐτὸς
2629 3684 2695 3737 τὰ
2727 3685 2871 3755 Ἑῷα
2930 3685 3136 3739 ἅπαντα
3199 3688 3605 3760 μεταπέμπεται
3668 3692 3759 3744 τά·

2104 3794 2302 3848 γματα.
2335 3780 2427 3826 Ὧν
2472 3771 2738 3833 ὖλθόντων
2798 3775 2884 3827 καὶ
2945 3772 3035 3828 διὰ
3088 3782 3189 3843 τῆς
3221 3772 3452 3831 Ἀϐύδου
3512 3800 3754 3852 περαιω-

2107 3862 2300 3916 θέντων
2384 3862 2471 3915 καὶ

2104 3953 2497 4026 χειροτονήσας
2570 3952 2661 4004 τὸν
2741 3950 3015 4026 ραίκτωρα
3089 3955 3403 4031 Νικηφόρον
3483 3955 3756 4029 ὶκπέμπει

2102 4040 2237 4095 κατὰ
2294 4045 2399 4094 τῶν
2461 4040 2825 4109 Πατζινάκων.
2879 4042 3253 4115 Συνεξέπεμψε
3307 4041 3363 4097 δὲ
3443 4044 3589 4115 αὐτῷ
3662 4046 3757 4101 καὶ

2103 4129 2439 4185 ΚατακαΛὼν
2470 4129 2561 4183 τὸν
2614 4131 2981 4201 Κεκαυμένον,
3036 4131 3416 4201 στρατηλάτην
3470 4136 3568 4201 τῆς
3600 4139 3759 4190 Ἀνα-

2099 4219 2272 4287 τολῆς
2328 4214 2765 4293 προϐαλόμενος,
2806 4220 2893 4273 καὶ
2935 4216 3216 4291 Ἑρϐέϐιον
3264 4222 3355 4275 τὸν
3403 4222 3757 4297 Φραγγόπω-

2103 4307 2197 4363 λον
2234 4310 2361 4373 (40),
2392 4306 2634 4382 ἄρχοντα
2680 4312 2757 4376 τῷ
2812 4308 2934 4362 τότε
2987 4313 3094 4362 τῶν
3156 4311 3457 4380 ὁμοεθνῶν,
3490 4310 3755 4373 κελεύσας

2101 4402 2332 4451 συνεῖναι
2364 4401 2442 4465 τῷ
2474 4396 2731 4469 ῥαίκτωρι
2752 4397 2840 4449 καὶ
2872 4403 2971 4465 τῆς
3002 4398 3169 4452 αὐτοῦ
3220 4400 3449 4471 γνώμης
3478 4419 3491 4431 ’
3524 4399 3752 4475 ἔχεσθαι

2100 4487 2189 4539 καὶ
2244 4491 2359 4545 τοῖς
2418 4483 2621 4538 ἐκείνου
2685 4484 3059 4560 προστάγμασι
3124 4486 3212 4540 καὶ
3277 4486 3579 4560 θελήμασιθ
3631 4486 3759 4543 ’ἑπε-

2559 3860 2994 3930 Χρυσουπόλεως
3063 3866 3325 3939 στατηγὸν
3374 3867 3756 3943 αὐτοκράτορα

341 4588 599 4643 cumque
629 4574 686 4627 in
712 4573 964 4628 exercitu
1000 4576 1166 4625 erant
1190 4585 1637 4638 supervacanea,
1672 4586 1803 4624 cum
1829 4589 1993 4640 expe-

2119 4585 2243 4635 roau.
2303 4574 2400 4633 Ὃς
2457 4567 2745 4626 ἀναλαϐὼν
2800 4542 2915 4633 τὰς.
2958 4570 3211 4645 δυνάμεις
3288 4542 3517 4631 καὶητὸν
3578 4578 3763 4649 Αἶμον

342 4667 465 4720 dito
497 4667 749 4721 exercitu
786 4666 856 4719 ad
892 4666 1117 4718 hostem
1150 4662 1299 4718 598
1332 4663 1603 4716 accedere
1634 4668 1689 4717 et
1734 4680 1988 4732 pugnam

340 4773 661 4812 conserere.
693 4754 874 4808 Stulte
914 4753 1068 4806 enim
1108 4752 1216 4805 sibi
1263 4757 1633 4820 persuaserat
1678 4751 1863 4821 primo
1894 4770 1993 4807 eos

339 4846 559 4915 impetu
594 4850 649 4898 et
681 4843 1056 4913 proﬂigatum
1089 4840 1158 4894 iri
1187 4856 1401 4907 ;eaque
1433 4841 1781 4910 curaipsum
1816 4858 1991 4911 ange-

339 4936 458 4993 bat.
513 4950 581 4987 ne
628 4931 759 5002 quis
809 4931 944 4999 fuga
987 4929 1275 4983 evaderet.
1318 4927 1517 4997 Neque
1565 4928 1690 4996 ipse
1744 4934 1992 4991 tantum,

337 5025 437 5078 sed
493 5022 668 5075 etiam
728 5023 1035 5074 universus
1098 5018 1430 5072 exercitus:
1466 5017 1787 5072 aﬂ‘erebant
1836 5019 1988 5072 enim

340 5127 537 5167 secum
573 5114 629 5164 et
656 5111 821 5164 funes
854 5114 909 5161 et
948 5107 1317 5179 lora,quibus
1348 5112 1551 5176 captos
1605 5106 1989 5161 devincirent.

338 5199 455 5253 Hoc
488 5198 632 5268 ipsis
663 5196 1059 5268 suspicionem
1088 5197 1353 5261 movit,et
1385 5196 1537 5265 quod
1572 5196 1740 5249 initio
1776 5196 1988 5250 factum

2105 4660 2519 4735 διαπεραιωθεὶς
2580 4658 2669 4714 διὰ
2721 4668 2821 4729 τῆς
2900 4661 3231 4740 λεγομένης.
3276 4662 3513 4738 Σιδηρᾶς
3589 4667 3762 4739 ἀπῄει

2102 4751 2239 4805 κατά
2291 4754 2398 4803 τῶν
2462 4748 2831 4817 Πατζινάκων·
2896 4749 3068 4804 ἐλθὼν
3127 4749 3182 4806 δὲ
3240 4756 3645 4822 κατεσκήνωσεν
3702 4754 3757 4809 ἔν

2101 4860 2205 4893 τινι
2240 4837 2413 4912 χώρῳ
2450 4836 2510 4891 οὐ
2548 4840 2752 4911 μακρὰν
2794 4838 3052 4911 ἀπέχοντι
3101 4844 3207 4894 τῶν
3236 4840 3457 4896 Ἐκατὸν
3523 4843 3758 4914 βουνῶν,

2100 4931 2178 4996 τῷ
2226 4924 2510 4998 λεγομένῳ
2559 4927 2795 4981 Διακενέ.
2849 4927 3072 4981 Κάκεῖσε
3145 4928 3360 5003 χάρακα
3435 4929 3757 5001 πηξάμενος

2104 5015 2305 5089 ὀχυρὸν
2358 5019 2426 5087 τῇ
2487 5013 2741 5088 ἐπαύριον
2800 5013 3031 5086 ἐμελέτα
3099 5018 3198 5084 τὴν
3274 5020 3369 5090 μὶν
3442 5018 3756 5086 ἀποσκευὴν

2105 5104 2273 5158 ἐκεῖσε
2303 5101 2484 5157 λιπεῖν
2516 5103 2603 5157 καὶ
2632 5103 2699 5159 τὰ
2728 5107 2952 5177 περιττὰ
2981 5109 3077 5159 τοῦ
3105 5112 3358 5180 στρατοῦ,
3390 5106 3548 5167 αὐτὸς
3580 5104 3638 5160 δὶ
3661 5105 3754 5161 eii-

2107 5200 2271 5261 ζωνος
2304 5191 2555 5253 ἀπελθεῖν
2586 5193 2673 5246 καὶ
2707 5194 2968 5265 συμμῖξαι
2995 5200 3111 5256 τοῖς
3140 5194 3420 5257 ἐναντίοις.
3456 5201 3615 5274 ’ᾨετο
3646 5198 3757 5270 γὰρ

1522 5337 1892 5392 XYLANDRI
1934 5339 2024 5393 ET
2065 5337 2283 5394 GOARI
2325 5336 2558 5392 NOT/E.

408 5448 520 5518 (40)
549 5447 710 5502 Sicut
760 5452 893 5502 ante
941 5446 1172 5515 Bulgari
1234 5443 1988 5518 comitopuli‘dicebantur,

336 5514 422 5575 ita“
462 5514 619 5575 hunc
667 5535 772 5590 ego
806 5536 835 5573 a
871 5518 1106 5573 Francis
1135 5514 1470 5590 oriundum
1524 5514 1704 5590 fuisse
1753 5515 1984 5590 colligo,

337 5585 884 5664 Francigenar'n,qui
915 5588 1180 5664 fortassis
1208 5593 1569 5664 cu_m__turma
1593 5585 1792 5664 aliqua
1816 5585 1990 5664 Fran-

337 5657 833 5736 corum'equitum
870 5660 1161 5733 stipendia
1192 5660 1303 5715 sub
1336 5657 1720 5714 Monomacho
1767 5659 1984 5728 fecerit,

2102 5450 2165 5499 ut
2196 5462 2374 5514 supra
2406 5443 2714 5498 Arduenus
2772 5444 2880 5498 sub
2933 5444 3236 5499 Michaelo.
3292 5446 3362 5499 Et
3410 5462 3550 5500 sane
3599 5444 3762 5502 infra

2100 5516 2304 5571 Franci
2338 5516 2616 5569 dicuntur
2644 5515 2699 5569 in
2736 5515 2923 5570 Iberia
2953 5516 3273 5586 militasse;
3306 5523 3363 5572 et
3394 5518 3448 5571 in
3495 5519 3755 5574 Stratio-

2096 5588 2211 5715 ἔξοο
2244 5587 2461 5642 diserte
2508 5587 2837 5643 ostenditur
2881 5587 3014 5660 quis
3064 5588 3241 5644 fuerit
3282 5589 3390 5644 iste
3440 5588 3759 5647 Erbebius.

2153 5676 2239 5714 YL.
