4036 6194
214 259 304 317 3ί9
1296 243 1845 309 HISTORIABUM
1890 238 2440 306 C‘OMPENDIUM.

212 380 409 442 αὐτοϐοεῖ
457 382 713 461 ἀφρόνως
765 380 995 440 τούτους
1041 378 1313 453 αίρήσειν,
1345 376 1434 432 καὶ
1480 373 1671 431 ἐδεδίει
1728 374 1812 430 καῖ

1933 376 2042 431 fuit
2064 392 2209 449 erga
2232 394 2314 446 se,
2348 382 2405 432 et
2434 377 2684 450 Kegenis
2715 395 2907 435 casus.
2961 383 3045 437 Ad
3076 389 3402 445 extremum
3440 407 3575 448 cum
3615 378 3621 457 ξ

212 471 421 551 φροντίδα
469 470 675 535 έτίθετο
723 471 801 543 μή
852 490 934 531 τις
984 465 1167 522 λαθὼν
1214 463 1520 541 διαδράσειε
1560 468 1697 539 (41),
1728 465 1817 521 καὶ

214 540 289 621 ita
335 563 485 623 αὐτὸς
538 540 735 633 μόνος,
765 557 911 613 ἀλλὰ
965 556 1056 611 καὶ
1115 557 1143 609 ὁ
1193 540 1409 627 σύμπας
1440 555 1687 629 στρατός·
1721 554 1819 609 ἐπ-

213 653 416 727 εφέροντο
465 650 571 723 γάρ
620 648 711 702 καὶ
758 643 1006 702 καλώδια
1048 645 1138 700 καὶ
1188 642 1405 717 λώρους
1437 644 1569 718 πρὸς
1610 645 1673 699 τὸ
1731 641 1817 699 δε.

214 718 333 815 sitsi»:
378 718 505 800 τοὺς
543 718 979 809 ⁷ἁλισκομένους.
1037 736 1215 791 Τοῦτο
1267 730 1325 788 δέ
1368 730 1549 787 ἐδίδου
1606 732 1819 795 τούτοις

215 832 419 887 ὑπονοεῖν
450 828 513 882 τὸ
543 828 659 881 κατ’
690 826 866 900 ἀρχάς
913 822 1296 898 ἐπιγινόμενον
1358 821 1435 885 είς
1490 821 1682 884 αὐτοὺς
1732 821 1819 877 ἐπὶ

210 924 282 974 τοῦ
351 918 607 992 Κεγένους
690 919 912 986 πτῶμα.
997 910 1218 984 Ἀμέλει
1295 911 1382 965 καὶ
1473 911 1816 981 συναίσθησιν

211 1003 448 1063 λαϐόντων
478 1010 589 1060 τῶν
617 1002 967 1072 Πατζινάκων
1007 1003 1107 1069 τῆς
1155 998 1487 1062 ἐπιλεύσεως
1531 1003 1639 1053 τῶν
1685 1005 1815 1053 Ῥω-

209 1098 349 1168 μαίων
402 1092 536 1165 (ἤδη
593 1094 697 1169 γὰρ
729 1091 819 1146 καὶ
850 1090 1095 1165 ὁΤυρὰχ
1124 1089 1210 1143 καὶ
1266 1088 1317 1142 οἱ
1372 1086 1463 1142 σὺν
1516 1088 1665 1159 αύτῷ
1716 1095 1815 1157 τῆς

206 1185 377 1248 πόλεως
402 1182 767 1245 ἀπολυθέντες
798 1176 1060 1255 ἄρχοντες
1091 1177 1379 1238 ἐνωθέντες
1436 1177 1575 1246 ἦσαν
1633 1176 1818 1239 αύτοῖς

204 1274 271 1329 καὶ
294 1276 349 1329 τὰ
379 1274 727 1350 συμφέροντα
754 1268 969 1331 τούτοις
1002 1264 1349 1336 ἐσπούδαζον,
1385 1266 1565 1341 μακρά
1604 1266 1815 1342 χαίρειν

204 1364 405 1428 εἷπόντες
449 1367 568 1423 ταῖς
614 1360 751 1435 πρὸς
798 1358 889 1413 τὸν
942 1357 1279 1432 Μονομάχον
1336 1355 1684 1430 ὑποσχέσεσι)
1726 1355 1812 1410 καὶ

200 1450 589 1527 προδραμόντων
633 1454 742 1504 τῶν
796 1444 1215 1521 ἀλκιμωτέρων,
1247 1445 1337 1500 καὶ
1375 1448 1471 1499 τοῦ
1540 1444 1816 1517 Κεκαυμέ-

201 1562 277 1595 νου
302 1540 550 1617 μέγιστον
578 1533 922 1599 ἀναϐοῶντος
951 1536 1040 1590 καὶ
1067 1532 1514 1610 παρακαλοῦντος
1557 1537 1648 1587 νῦν
1682 1534 1814 1588 εἶναι

201 1630 349 1704 καιρὸν
406 1627 761 1701 συμπλοκῆς,
811 1626 1047 1696 ὁπηνίκα
1105 1620 1370 1699 σποράδες
1425 1622 1528 1677 εἰσὶ
1582 1623 1673 1677 καὶ
1734 1619 1813 1677 δι-

1929 465 2360 537 persensissent
2374 467 2684 523 Patzinacte
2698 468 3011 526 adventum
3025 475 3421 533 Romanorum
3435 478 3575 550 (jam

1929 555 2084 609 enim
2115 561 2173 609 et
2208 555 2453 627 Tyrach,
2486 561 2542 611 et
2590 557 2690 627 qui
2722 574 2855 613 cum
2904 558 3030 631 ipso
3061 568 3227 618 erant
3256 564 3575 638 principes,

1928 645 2000 699 ab
2046 644 2186 698 urbe
2235 643 2462 699 dimissi
2511 662 2643 700 cum
2680 646 2825 717 ipsis
2869 664 2998 704 sese
3045 652 3489 723 conjunxerant,
3521 660 3583 713 et

1927 733 2209 804 quidquid
2237 732 2320 787 eis
2352 733 2644 804 expediret
2678 735 2940 792 studiose
2969 739 3299 812 curabant),
3335 742 3576 799 omissis

1928 821 2000 876 iis
2024 839 2149 893 quae
2176 822 2557 878 Monomacho
2591 823 2834 894 polliciti
2869 826 3122 898 fuerant,
3146 838 3199 885 et
3230 831 3578 888 conﬂuenti-

1928 913 2038 967 bus
2070 911 2410 966 fortioribus
2441 911 2797 984 quibusque,
2818 931 2880 969 se
2906 916 3124 987 optime
3146 918 3574 991 instruxerant;

1927 1006 1985 1055 et
2013 1000 2332 1056 Combusto
2364 999 2519 1056 clara
2549 1017 2686 1056 voce
2727 1002 3091 1060 exclamante
3123 1012 3178 1061 ct
3224 1009 3577 1066 admonente

1928 1106 2086 1145 nunc
2134 1105 2344 1161 pugnes
2392 1096 2625 1161 tempus
2669 1107 2819 1157 esse,
2870 1109 3004 1148 cum
3052 1094 3163 1167 ipsi
3217 1096 3464 1168 dispersi
3507 1116 3577 1155 ac

1926 1177 2196 1249 dissipati
2228 1184 2386 1247 sunt,
2420 1195 2608 1250 neque
2655 1183 3110 1250 exspectandum
3150 1187 3341 1256 quoad
3374 1203 3578 1243 omnes

1926 1266 2106 1322 simul
2156 1272 2525 1338 cogerentur,
2582 1266 2862 1324 laudabat
2911 1270 3134 1343 reliqua
3182 1277 3575 1332 Romanorum

1927 1355 2244 1411 multitudo
2287 1355 2417 1426 ejus
2446 1355 2776 1411 consilium.
2815 1362 2890 1412 At
2920 1366 3111 1415 rector
3148 1367 3345 1434 aperte
3376 1363 3578 1420 irride-

1927 1446 2043 1500 bat.
2100 1443 2326 1510 Desine,
2388 1443 2597 1515 inquit,
2654 1462 2686 1500 ο
2746 1446 2955 1502 ductor
3011 1450 3318 1521 exercitus,
3378 1458 3434 1508 et
3480 1471 3575 1512 me

1924 1533 2204 1591 exercitui
2237 1533 2562 1604 imperante
2592 1550 2664 1590 ne
2693 1540 2897 1590 contra
2932 1536 3186 1609 imperes
3220 1557 3233 1594 :
3271 1557 3384 1596 non
3414 1542 3571 1598 enim

1925 1623 2176 1700 dispersi
2220 1622 2542 1693 Palzinacze
2591 1627 2731 1678 sunt
2778 1624 3112 1693 invadendi,
3147 1644 3218 1683 ne
3265 1629 3412 1685 forte
3443 1647 3573 1702 per-

202 1719 515 1791 επαρμένοι,
570 1717 657 1771 καὶ
720 1716 797 1787 μὴ
851 1712 1161 1789 περιμένειν
1214 1712 1277 1767 τὸ
1327 1713 1465 1766 ἅπαν
1517 1710 1810 1807 ἄθροισμα,

1925 1711 2145 1767 turbati
2203 1711 2397 1783 sylvas
2448 1711 2714 1767 subeant.
2772 1712 2861 1768 Me
2910 1719 3103 1771 autem
3152 1723 3489 1789 sequentes,
3538 1736 3572 1777 ο

204 1806 280 1861 οὐκ
301 1806 476 1880 ἐπῄνει
513 1806 612 1877 μὶν
650 1805 741 1858 καὶ
770 1804 833 1858 τὸ
865 1801 1059 1858 λοιπὸν
1111 1800 1328 1870 πλῆθος
1385 1805 1493 1855 τῶν
1524 1799 1814 1873 Ῥωμαίων

203 1895 302 1957 τοὺς
347 1896 550 1950 ἐκείνου
607 1891 836 1967 λόγους,
884 1892 911 1946 ὁ
970 1888 1027 1946 δὲ
1084 1888 1321 1966 ῥαίκτωρ
1378 1889 1469 1944 καὶ
1527 1893 1814 1967 προφανῶς

202 1982 449 2058 κατεγέλα,
505 2008 535 2034 κ
600 1986 853 2047 ἹΙαῦσαι,
913 1976 1110 2054 λέγων,
1169 1979 1214 2032 ὧ
1299 1976 1663 2052 στρατηλάτα,
1722 1977 1811 2033 καὶ

200 2071 309 2144 ἐμοῦ
359 2074 789 2147 στρατηγοῦντος
836 2067 996 2130 αὐτὸς
1076 2069 1152 2139 μὴ
1207 2068 1684 2143 παραστρατήγει’
1749 2066 1810 2121 οὐ

200 2164 287 2235 χρὴ
336 2162 435 2236 γὰρ
494 2158 914 2234 διεσπαρμένοις
968 2156 1314 2226 ἐπιθήσεσθαι
1372 2162 1489 2218 τοῖς
1547 2155 1809 2225 Ηατζινά-

197 2272 307 2315 κοις,
351 2253 423 2322 μή
474 2270 593 2311 πως
644 2247 935 2321 πτυρέντες
988 2243 1361 2301 ὑποδύσωνται
1413 2245 1508 2306 τὰς
1563 2243 1807 2319 λόχμας.

195 2340 326 2411 Ἐμοὶ
360 2337 414 2395 δὲ
440 2337 887 2402 ἀκολουθοῦντες,
919 2337 964 2390 ὧ
1009 2342 1126 2406 τᾶν,
1159 2334 1221 2389 ού
1265 2334 1598 2409 παρέπονται
1649 2345 1813 2408 θηραο

193 2428 310 2482 τικοὶ
364 2428 534 2496 κύνες,
565 2425 759 2487 οἵτινες
817 2424 1235 2502 ῥινηλατοῦντες
1291 2422 1557 2496 ἐξάξουσιν
1613 2422 1808 2487 αὐτοὺς

194 2522 280 2571 τῶν
306 2521 641 2595 καταφυγῶν.
672 2539 701 2566 υ
737 2514 837 2569 Καὶ
884 2514 951 2568 τά
1009 2513 1102 2585 μὶν
1158 2516 1265 2567 των
1323 2512 1616 2585 Ῥωμαίων
1671 2511 1807 2580 ἦσαν

196 2605 237 2660 ἐν
258 2607 476 2676 τούτοις,
509 2607 561 2660 οἱ
587 2603 647 2660 δὲ
693 2601 1005 2678 πρόδρομοι
1034 2606 1140 2656 τῶν
1169 2606 1366 2670 Πατζιν
1378 2602 1517 2655 aiwa
1574 2599 1811 2668 πλησίον

194 2695 436 2767 γενόμενοι
488 2701 587 2762 τῆς
659 2686 1024 2767 παρεμϐολῆς
1080 2694 1187 2744 τῶν
1245 2687 1556 2760 Ῥωμαίων,
1614 2688 1807 2763 μικρὸν

199 2780 525 2844 ἐκκλίναντες.
585 2776 1070 2854 στρατοπεδεύουσι
1124 2776 1215 2831 καὶ
1291 2776 1469 2843 αὐτοὶ,
1519 2775 1610 2830 καὶ
1693 2782 1811 2840 τοῖς

199 2866 389 2934 ὄπισθεν
417 2869 673 2940 δηλοῦσιν
716 2867 867 2937 ἥκειν
913 2868 1013 2936 τὴν
1050 2867 1341 2941 ταχίστην.
1394 2867 1474 2939 [Ρ.
1503 2867 1630 2939 785]
1664 2865 1811 2919 Πάν-

195 2979 288 3012 των
338 2958 382 3014 δ’
435 2957 697 3013 ἐλθόντων
754 2959 842 3011 καὶ
902 2955 1226 3023 ἑνωθέντων,
1284 2957 1353 3028 τῇ
1414 2952 1666 3028 ἐπαύριον
1725 2954 1805 3027 ἐξ·

196 3049 457 3122 αγαγόντος
509 3051 608 3102 τοῦ
657 3046 956 3122 ῥοίκτωρος
1012 3046 1105 3106 τὰς
1161 3044 1473 3116 Ῥωμαϊκὰς
1552 3040 1805 3115 δυνάμεις

1924 1798 2128 1867 amice,
2163 1816 2276 1856 non
2310 1800 2528 1855 adsunt
2556 1800 2803 1856 venatici
2833 1818 3031 1870 canes,
3073 1805 3173 1876 qui
3222 1805 3574 1879 indagantes

1920 1887 2083 1959 ipsos
2115 1904 2144 1943 e
2175 1887 2338 1956 locis,
2372 1904 2487 1960 quo
2510 1889 2903 1962 confugerint,
2930 1892 3204 1949 educant.
3239 1895 3307 1951 Et
3337 1913 3428 1952 res
3459 1896 3574 1952 Ro-

1925 1993 2233 2032 manorum
2258 1976 2341 2031 ita
2362 1993 2423 2033 se
2445 1972 2760 2034 habebant.
2777 1981 3157 2053 Antesignani
3180 1989 3374 2040 autem
3392 1985 3576 2041 Patzi—

1924 2082 2197 2120 nacarum
2233 2066 2384 2123 599
2421 2082 2555 2121 cum
2601 2067 2808 2124 castris
2851 2071 3429 2144 apprOpinquassent
3462 2074 3574 2131 Ro-

1922 2171 2254 2217 manorum,
2284 2154 2525 2226 paulum
2562 2155 2934 2212 deﬂectentes
2966 2157 3079 2230 ipsi
3111 2175 3346 2232 quoque
3375 2166 3572 2218 castra
3630 2172 3633 2181 '

1921 2243 2134 2313 locant,
2167 2248 2224 2298 et
2249 2244 2633 2314 sequentibus
2681 2243 3018 2317 significant
3066 2264 3242 2319 quam
3269 2250 3573 2308 celerrime

1922 2333 2340 2388 accedendum.
2374 2333 2641 2403 Cumque
2671 2349 2876 2389 omnes
2910 2335 3207 2392 venissent
3234 2342 3293 2393 et
3321 2339 3568 2411 conjun-

1920 2422 1995 2477 cti
2050 2426 2269 2485 essent,
2328 2437 2394 2474 ac
2446 2421 2729 2493 postridie
2781 2427 2973 2478 rector
3034 2429 3324 2483 Romanas
3372 2428 3570 2500 copias

1920 2511 2242 2578 eduxisset,
2272 2509 2383 2582 ipsi
2432 2526 2664 2583 quoque
2715 2517 2917 2568 contra
2966 2513 3237 2572 instructi
3288 2517 3347 2573 in
3379 2518 3565 2575 aciem

1921 2600 2260 2672 procedunt.
2309 2600 2622 2655 Obtinebat
2652 2600 2920 2657 Romans:
2960 2602 3271 2677 phalangis
3302 2606 3566 2663 medium

1922 2694 2111 2744 rector
2140 2688 2153 2742 i
2163 2705 2285 2759 pse,
2321 2689 2525 2743 dextro
2555 2705 2734 2744 cornu
2767 2696 3010 2762 praeerat
3029 2692 3406 2764 Combustus,
3429 2696 3568 2753 sini-

1921 2784 2042 2834 stro
2078 2776 2498 2849 Francopulus,
2529 2779 2966 2851 commissaque
3015 2798 3212 2853 pugna
3250 2785 3568 2858 proﬂigan-

1921 2875 2015 2921 tur
2035 2866 2304 2932 Romani,
2329 2883 2462 2920 cum
2493 2867 2746 2937 primum
2772 2870 2949 2924 duces
2970 2869 3080 2942 ipsi
3104 2872 3164 2926 in
3194 2872 3392 2946 fugam
3415 2874 3568 2931 versi

1920 2961 2137 3010 essent.
2172 2954 2278 3018 Qui
2313 2971 2385 3009 ne
2417 2955 2631 3025 pedum
2683 2956 2916 3026 quidem
2964 2975 3251 3029 equorum
3285 2963 3570 3033 sonitum,

1922 3051 1985 3097 ut
2014 3044 2200 3110 aiunt,
2233 3042 2591 3098 sustinentes
2622 3043 2734 3098 fusi
2768 3051 2907 3100 sunt
2934 3051 2992 3101 et
3020 3047 3207 3120 fugati
3234 3067 3246 3105 :
3273 3051 3436 3107 solus
3468 3068 3568 3108 au-

192 3136 706 3213 ἁντιπαρατάττονται
757 3135 849 3189 καὶ
902 3134 1080 3202 αὐτοὶ,
1136 3133 1226 3187 καὶ
1279 3136 1398 3194 τοῖς
1452 3129 1668 3193 ὄπισθεν
1728 3126 1805 3185 ἔτι

1924 3138 2035 3187 tem
2069 3108 2425 3188 Combustus
2465 3148 2596 3187 cum
2648 3132 2773 3188 suis
2804 3108 3180 3193 ministrisvet
3208 3139 3568 3210 quibusdam

195 3221 426 3294 δηλοῦσιν
483 3225 632 3294 ἥκειν
684 3226 786 3294 τήν
842 3223 1132 3299 ταχίστην.
1166 3220 1389 3275 Πάντων
1446 3217 1493 3275 δ’
1538 3218 1806 3283 ἐλθόντων

193 3314 266 3368 κιὶ
306 3315 616 3381 ἑνωθέντων,
668 3312 747 3372 ὡς
818 3307 1042 3389 ἔφαμεν,
1100 3309 1455 3384 ἐξαγαγόντος
1519 3312 1616 3363 τοῦ
1691 3307 1804 3385 ῥαί-

203 3424 388 3469 κτωρος
458 3404 549 3464 τὰς
598 3402 907 3473 Ῥωμαϊκὰς
987 3397 1257 3473 δυνάμεις,
1320 3398 1434 3473 εἶχε
1523 3398 1618 3470 μὲν
1707 3404 1807 3467 τῆς

202 3493 482 3562 Ῥωμαϊκῆς
512 3489 799 3569 φάλαγγος
843 3489 1007 3552 αὐτὸς
1034 3489 1096 3543 τὸ
1132 3487 1292 3561 μέσον
1345 3488 1372 3542 ὁ
1423 3484 1683 3562 ραίκτωρ,
1712 3490 1808 3541 τοῦ

197 3578 352 3649 δεξιοῦ
395 3578 449 3636 δέ
501 3582 727 3655 κέρατος
786 3578 959 3653 ἦρχεν
1010 3578 1038 3632 ὁ
1080 3574 1440 3649 Κεκαυμένος,
1476 3574 1699 3648 θατέρου
1753 3572 1810 3629 δὲ

196 3667 655 3746 ὄφραγγόπωλος.
690 3662 991 3739 Συμϐολῆς
1033 3664 1091 3721 δὶ
1134 3666 1438 3740 γενομένης
1470 3662 1565 3718 οὐκ
1616 3658 1805 3734 ἔμενον

198 3759 243 3809 vi.
290 3764 548 3830 Ῥωμαῖοι,
607 3761 716 3811 τῶν
778 3759 1097 3829 στρατηγῶν
1150 3755 1381 3829 πρώτων
1443 3751 1805 3807 ἐκκλινάντων

198 3848 314 3915 πρὸς
358 3849 450 3917 τὴν
500 3848 694 3924 eor/iv.
728 3843 898 3899 Αὐτοὶ
960 3843 1054 3915 μὲν
1113 3841 1215 3917 γὰρ
1280 3838 1420 3913 μηδὲ
1456 3841 1548 3895 τὸν
1581 3839 1807 3912 κτύπον,

212 3937 267 3996 Τις
295 3957 453 4014 φασιν,
480 3941 588 3990 τῶν
631 3931 819 3987 ποδῶν
877 3935 985 3986 τῶν
1047 3927 1228 3985 ἵππων
1289 3929 1595 4004 ἐνεγκόντες
1655 3929 1808 4004 ἐτράο

202 4046 369 4094 πησαν,
399 4026 556 4098 μόνος
614 4021 672 4079 δὲ
736 4023 764 4076 ὁ
825 4020 1163 4093 Κεκαυμένος
1237 4019 1371 4092 μετά
1441 4022 1549 4073 τῶν
1618 4019 1811 4073 ἑαυτοῦ

211 4115 315 4173 στὰς
337 4116 664 4183 Θεραπόντων
691 4109 784 4166 καί
832 4132 990 4165 τινων
1040 4113 1310 4184 συγγενῶν
1361 4104 1687 4181 όλιγοστῶν,
1718 4108 1806 4161 καὶ

212 4203 423 4271 ’,ρωϊκῶς
461 4203 867 4277 ἆγόλνισάμενος
916 4196 1069 4254 ἔπεσε
1119 4197 1253 4270 μετά
1299 4197 1513 4250 πάντων
1561 4199 1670 4250 τῶν
1721 4193 1813 4248 σὺν

212 4288 347 4358 αύτῷ.
397 4294 587 4345 Τοῦτον
663 4290 759 4360 μὲν
826 4286 917 4341 οὖν
991 4285 1088 4340 ούκ
1145 4284 1457 4357 ἐτόλμησαν
1514 4280 1702 4352 διῶξαι
1759 4282 1811 4337 οἷ

213 4379 492 4445 ῐῖατζινάκοι
563 4374 782 4451 ἐνέδρας
871 4375 1222 4444 πτοηθέντες,
1279 4373 1368 4428 καὶ
1452 4372 1598 4447 παρά
1651 4376 1812 4426 τοῦτο

1918 3221 2121 3293 paucis
2170 3220 2434 3292 cognatis
2482 3225 2719 3276 strenue
2767 3222 3074 3280 decertans
3104 3242 3239 3281 cum
3291 3228 3569 3284 omnibus

1918 3310 2044 3366 suis
2074 3311 2132 3365 in
2169 3309 2365 3382 prmiio
2414 3310 2708 3387 occubuit.
2757 3311 2913 3367 Alios
2965 3316 3238 3386 persequi
3289 3333 3403 3373 non
3435 3318 3565 3374 ausi

1917 3404 2058 3455 sunt
2088 3399 2425 3467 Patzinacae,
2460 3398 2709 3455 insidias
2739 3400 2906 3455 veriti
2935 3419 2951 3470 ;
2982 3407 3040 3457 et
3068 3402 3286 3460 idcirco
3315 3404 3563 3462 Romani

1916 3486 2132 3543 servari
2154 3491 2469 3557 potuerunt
2486 3487 2831 3544 incolumes.
2857 3491 3097 3547 Interim
3121 3497 3318 3548 autem
3342 3510 3441 3550 eos
3459 3495 3562 3567 qui

1917 3576 2246 3631 ceciderant
2290 3576 2552 3646 praedati,
2585 3576 2887 3650 armisque
2917 3579 3123 3636 multis
3158 3582 3323 3653 potiti
3354 3591 3410 3638 et
3449 3583 3562 3639 Ro-

1918 3680 2223 3719 manorum
2271 3663 2736 3734 impedimentis,
2768 3666 3150 3724 tabernacula
3180 3675 3409 3741 ponunt
3455 3672 3568 3727 sub

1919 3753 2316 3808 Romanorum
2364 3752 2703 3810 vallum.Et
2733 3755 2977 3827 quidam
3022 3757 3571 3825 Patzinacus,Cali-

1921 3858 2026 3896 nos
2060 3842 2317 3906 nomine,
2341 3842 2441 3913 qui
2475 3850 2708 3898 noverat
2730 3844 2924 3915 qualis
2952 3852 3108 3902 esset
3126 3848 3484 3905 Combustus
3504 3865 3575 3904 ex

1919 3946 2035 4001 quo
2067 3928 2164 3984 ille
2196 3930 2426 4000 praefuit
2473 3931 2707 4000 oppidis
2751 3933 2822 3987 ad
2852 3936 3067 3989 Istrum
3120 3936 3252 3991 sitis
3280 3943 3338 3993 et
3368 3941 3575 4006 gentes

1920 4019 2073 4073 inter
2104 4035 2164 4073 se
2192 4017 2375 4073 libero
2407 4022 2758 4074 commercio
2791 4022 3212 4088 miscebantur,
3244 4041 3380 4081 cum
3411 4042 3574 4098 repe-

1921 4108 2093 4162 risset
2124 4123 2258 4161 eum
2290 4106 2444 4162 inter
2488 4108 2773 4163 cadavera
2806 4109 3099 4179 jacentem
3153 4128 3222 4168 ac
3269 4113 3574 4185 spoliaret,

1922 4196 2020 4250 ubi
2073 4212 2416 4251 conversum
2466 4195 2662 4267 ipsum
2713 4214 2749 4251 a
2799 4197 2943 4253 facie
2994 4201 3232 4270 agnovit
3281 4207 3338 4258 et
3381 4203 3577 4258 adhuc

1921 4284 2240 4355 spirantem
2272 4284 2677 4356 deprehendit,
2711 4284 2770 4340 in
2802 4301 3019 4357 equum
3052 4289 3336 4361 imposuit
3370 4308 3384 4347 :
3420 4293 3576 4349 οοο

1914 4373 2153 4444 jacebat
2197 4372 2354 4428 enim
2404 4379 2627 4437 mutus,
2674 4376 2830 4445 quod
2883 4374 3125 4433 lethales
3177 4377 3382 4451 plagas
3422 4397 3581 4437 acce-

214 4461 501 4534 ἶασωθῆναι
560 4466 796 4541 ἴσχυσαν
853 4463 1055 4525 ἀσινεῖς
1110 4463 1162 4516 οἱ
1220 4463 1522 4533 Ῥωμαῖοι·
1567 4460 1704 4521 τέως
1756 4458 1812 4515 δὲ

1925 4463 2127 4533 pisset,
2173 4463 2416 4517 alteram
2470 4463 2525 4516 in
2558 4479 2625 4518 ea
2675 4470 2838 4534 parte
2886 4465 3098 4534 capitis
3146 4483 3276 4538 qua
3324 4468 3581 4526 calvaria

213 4552 316 4612 τὼς
362 4555 602 4616 πεσόντας
646 4551 1073 4615 σκυλεύσαντες,
1127 4552 1219 4605 καὶ
1270 4548 1499 4605 πολλῶν
1549 4550 1805 4624 ἁρμάτων

214 4642 451 4712 “mium:
506 4644 684 4718 κύριοι
738 4641 828 4696 καὶ
884 4641 1052 4709 αὐτῆς
1081 4647 1181 4710 τῆς
1231 4640 1547 4711 Ῥωμαϊκῆς
1596 4658 1809 4713 παρεμ-

215 4724 357 4797 ξιλῆς
404 4734 487 4786 σὺν
667 4733 968 4802 ἀποσκευῇ,
1027 4733 1452 4800 καταπηνοῦσιν
1525 4729 1628 4784 ὑπὸ
1708 4729 1809 4799 τήν

211 4818 479 4889 Ῥομαϊκὴν
537 4822 766 4893 τάφρον.
830 4818 928 4873 Καί
1006 4840 1089 4879 τις
1170 4816 1228 4873 δὶ
1310 4819 1637 4887 Πατζινάκος
1715 4818 1813 4885 τὴν

214 4903 373 4970 κλῆσιν
424 4909 661 4971 Γαλῖνος,
723 4905 883 4969 εἰδὼς
939 4908 1032 4962 τὸν
1092 4907 1436 4980 Κεκαυμένον
1497 4905 1613 4969 οἷός
1669 4906 1809 4961 ἐστιν

300 4994 495 5071 ὅτουπερ
524 4998 669 5073 ἦρχε
696 5002 807 5052 τῶν
839 4997 985 5072 παρᾶ
1025 5001 1106 5067 τῷ
1149 4998 1349 5071 Ἴστρῳ
1399 4994 1672 5071 φρουρίων
1723 4994 1813 5049 καὶ

1921 4552 2156 4617 dicitur,
2205 4551 2364 4605 nuda
2413 4550 2651 4622 (quippe
2699 4553 2828 4621 ejus
2860 4553 3027 4623 gaiea
3073 4555 3415 4631 deciderat),
3450 4576 3581 4630 per-

1921 4641 2209 4695 tinentem
2238 4657 2272 4694 a
2302 4639 2511 4694 vertice
2541 4641 2612 4694 ad
2646 4642 3000 4713 supercilia;
3034 4643 3279 4701 alteram
3316 4647 3373 4701 in
3407 4647 3577 4716 collo,

1924 4729 2022 4784 ubi
2042 4728 2244 4798 lingua
2269 4727 2521 4790 radicem
2547 4728 2743 4797 habet,
2764 4747 2952 4802 usque
2975 4734 3044 4787 ad
3067 4750 3133 4789 os
3158 4740 3579 4804 penetrantem:

1924 4832 2402 4888 exsanguemque
2443 4816 2610 4872 illum
2663 4818 2721 4872 in
2770 4836 2943 4874 suum
2996 4822 3442 4879 tabernaculum
3475 4825 3580 4880 ad-

1924 4906 2113 4961 duxit.
2147 4907 2325 4970 Quem
2362 4921 2495 4960 cum
2525 4905 2840 4977 diligenter
2864 4913 2921 4963 et
2950 4918 3220 4965 accurate
3241 4913 3433 4967 curari
3465 4919 3586 4970 stu-

1927 4996 2178 5060 duisset,
2215 4994 2292 5048 ita
2341 4995 2594 5049 servavit
2643 5002 2710 5050 ut
2759 5003 3113 5068 superesset.
3167 5000 3234 5054 Et
3263 5002 3583 5059 Patzinaca:

1358 5136 1735 5193 XYLANDRI
1772 5136 1866 5191 ET
1905 5135 2127 5192 GOARI
2169 5134 2397 5190 NOTAE.

287 5248 379 5333 (it)
404 5252 493 5333 Hic
521 5254 809 5333 inpudice
835 5253 1199 5333 fere_integra
1231 5252 1445 5333 pagina
1476 5255 1602 5333 erat
1621 5267 1827 5333 vacua.

238 5317 390 5385 Deest,
411 5332 467 5379 ut
482 5327 747 5395 conjicio,
776 5317 1376 5392 descriptiovadversaa
1408 5325 1463 5375 in
1488 5323 1829 5378 Patzinacas

240 5405 410 5470 Rugus:
434 5396 730 5470 Nicephori
782 5397 1047 5464 rectoris,
1079 5402 1135 5470 et
1166 5396 1574 5470 impressionis
1614 5395 1832 5470 deinde

243 5460 617 5541 Batsinacaruin
652 5469 908 5540 alicujus
956 5460 1113 5522 et'ad
1163 5460 1356 5538 ipsum
1394 5482 1580 5541 usque
1614 5467 1830 5538 Byzan-

242 5538 359 5591 tium
401 5542 767 5607 excursionis,
808 5538 926 5597 'nec
972 5556 1085 5596 non
1132 5555 1248 5611 qua
1305 5539 1529 5595 ratione
1576 5543 1834 5611 Kegenes

503 5669 759 5731 ΡΑι-ιιοι..
808 5669 919 5731 Gs.
970 5666 1209 5729 CXXII.

1940 5251 2086 5306 urbe
2114 5249 2390 5330 emissus
2422 5249 2615 5330 fuerit.
2646 5251 2781 5330 __Sed_
2809 5252 2904 5330 hic
2929 5255 3204 5330 Zonaras
3239 5274 3344 5313 nos
3380 5259 3591 5330 juvare

1940 5340 2054 5376 non
2096 5328 2301 5392 potest,
2336 5325 2401 5376 ut
2430 5322 2570 5393 certi
2606 5322 2826 5393 aliquid
2859 5325 3138 5391 sciamus,
3171 5344 3305 5384 cum
3336 5322 3431 5385 vi'x
3463 5330 3589 5385 atti-

1980 5396 2086 5449 erit
2122 5394 2270 5448 hanc
2302 5399 2419 5447 tam
2455 5392 2687 5463 longam
2720 5402 2768 5448 et
2798 5396 3014 5449 variam
3041 5397 3346 5457 historiam
3369 5401 3499 5457 Χη.
3524 5431 3591 5441 —-

1987 5482 2235 5521 acunam
2272 5464 2677 5539 supplevimus
2698 5482 2765 5523 ex
2786 5466 3033 5542 Scylitza
3087 5468 3270 5528 Gesn.

3194 5670 3266 5729 11

3457 259 3579 322 330
3598 244 3603 249 ’

3724 822 3785 833 ...μι-
