4036 6194
236 278 336 337 333

1353 276 1905 340 HISTORIARUM
1951 248 2497 339 somniantum.

3508 285 3631 346 334
3666 319 3675 327 ~

239 401 446 472 Γλαὸἆς,
497 410 898 481 τοποτηρητής
954 406 1027 463 ὣν
1058 413 1155 464 τού
1183 409 1460 484 τάγματος
1491 412 1598 463 τῶν
1632 406 1879 481 σχολῶν,
1907 405 1985 470 εἰς
2031 408 2311 483 βοήθειαν*
2362 409 2452 462 καὶ
2502 405 2709 470 ἰδόντες
2756 406 2974 480 τοῦτον,
3021 408 3111 464 καὶ
3158 409 3626 486 προσδοκήσαντες

234 498 309 551 τὸν
339 494 641 571 σύγκελλον
693 497 981 553 Βασίλειον
1018 499 1155 572 μετὰ
1204 503 1311 553 τῶν
1344 496 1729 574 Βαυλγαρικῶν
1762 494 2045 572 ἀφικέσθαι
2075 492 2353 569 δυνάμεων
2387 495 2779 572 (προσεδοκᾶτο
2809 498 2912 574 γὰρ
2938 498 3028 552 καὶ
3077 497 3235 561 οὗτος
3287 497 3484 575 ἐλθεῖν)
3532 503 3622 558 καὶ

235 583 578 648 δειλιάσαντες
608 587 662 641 οἱ
690 588 1019 656 Ιιατζινάκοι
1049 584 1315 663 σποράδες
1347 584 1507 648 ἅλλις
1537 585 1790 661 ἄλλαχοῢ
1822 584 2107 663 φεύγοντες
2159 586 2547 661 ὑπεχώρησαν,
2581 587 2691 661 [καὶ
2722 584 2947 642 πανσυδι
2999 587 3057 642 ἂν
3113 587 3392 644 ἀπολώλει
3450 592 3478 646 6
3516 597 3623 646 τῶν
3702 594 3709 601 ’

231 676 493 747 Ῥωμαίων
528 677 761 751 στρατός
784 678 915 749 (an.

287 765 524 838 Ἐγινετο
584 762 643 819 δὶ
701 766 843 820 κατᾶ
896 769 1088 821 τοῦτον
1148 765 1240 819 τὸν
1287 765 1492 840 χρόνον
1547 764 1634 819 καὶ
1666 784 1852 839 cupav-

2052 766 2167 821 Hoc
2201 766 2336 823 item
2371 772 2633 839 tempore
2665 767 2942 823 affectatae
2992 767 3322 839 tyrannidis
3353 770 3620 825 accusati

230 850 357 916 νίδος
420 848 660 921 διαϐολή
727 854 863 909 κατά
917 875 1079 910 τινων
1141 855 1424 929 ἀρχόντων
1474 853 1739 920 πολιτῶν,
1786 854 1857 907 ὧν

229 938 429 1016 ἔξαρχοι
462 941 766 1018 ἐτύγχανον
802 943 1121 1019 Νικηφόρος
1165 943 1250 998 καὶ
1303 941 1530 1018 Μιχαὴλ
1580 944 1632 996 οἱ
1670 939 1859 1004 παῖδες

226 1035 304 1085 τοῦ
353 1031 657 1103 Εὐθυμίου,
688 1037 773 1086 καὶ
801 1031 968 1088 ἁλλοι
998 1033 1135 1095 τινὶς
1164 1036 1272 1087 τῶν
1306 1032 1381 1093 εἷς
1418 1032 1479 1087 τὸ
1522 1032 1655 1086 αὐτὸ
1710 1032 1860 1107 γένος

228 1120 611 1197 ἀναφερόντων.
671 1120 830 1176 ἈλΛ³
887 1123 941 1176 οἱ
991 1122 1084 1193 μὶν
1114 1119 1277 1177 ἄλλοι
1308 1122 1500 1182 πάντες
1529 1117 1863 1188 διεσώθησαν

231 1208 380 1281 μόνος
448 1206 507 1264 δὲ
577 1210 606 1264 6
664 1212 981 1287 Νικηφόρος
1035 1210 1461 1284 ἀνεξερευνήτως
1518 1209 1859 1279 κατακριθεὶς

225 1295 496 1371 ἐξωρίσθη,
529 1305 632 1367 τῆς
661 1297 852 1359 οὐσίας
884 1299 1054 1353 αὐτοῦ
1083 1298 1347 1373 πρότερον
1380 1294 1767 1369 δημευθείσης.

281 1390 362 1457 [Ρ.
415 1390 548 1461 787]
603 1388 798 1448 Ὅπως
874 1384 933 1442 δὶ
1004 1391 1113 1441 τῶν
1174 1387 1523 1455 Πατζινάκων
1577 1384 1858 1460 ἐπικρατὲ-

223 1495 363 1547 στερα
420 1476 647 1550 γένηται
695 1477 763 1531 τὰ
814 1476 1103 1548 Ῥωμαίων
1163 1477 1192 1530 6
1252 1473 1506 1551 βασιλεὺς
1535 1474 1857 1549 φροντίζων,

220 1565 296 1618 τὸν
346 1565 582 1638 Κεγὲνην
642 1563 813 1640 ἐξάγει
885 1571 988 1634 τῆς
1042 1563 1287 1642 φυλακῆς
1342 1563 1432 1617 καὶ
1492 1562 1545 1624 ἐς
1604 1563 1860 1631 Πατζινάα

219 1674 331 1714 κους
390 1652 682 1726 ἱκπὲμπει,
742 1651 1122 1729 ὺποσχόμενον
1183 1649 1462 1727 διασχίσαι
1510 1650 1736 1711 τούτους
1766 1651 1855 1705 καὶ

223 1739 389 1802 εὔνους
420 1743 704 1813 θεῖναιτῷ
736 1740 971 1816 βασιλεῖ.
1030 1741 1127 1795 Καὶ
1181 1742 1249 1795 τὰ
1306 1740 1633 1815 συμμαχικὰ
1688 1742 1856 1794 πάντα

222 1830 557 1903 συναθροίσας
609 1830 697 1907 ὑφ’
739 1828 816 1897 ἓν,
870 1831 1157 1905 Φράγγους
1215 1830 1356 1907 φημῖ
1398 1830 1487 1883 καὶ
1521 1830 1853 1904 Βαράγγους,

225 1918 703 1992 μεταπεμψάμενος
779 1917 838 1973 δὲ
911 1919 1002 1974 καὶ
1068 1918 1428 1990 ἱπποτοξότας
1486 1917 1592 1972 ἀπό
1643 1938 1700 1972 τε
1754 1924 1854 1987 τῆς

219 2007 415 2081 Τελοῦχ
475 2008 569 2062 καὶ
624 2011 722 2061 τοῦ
780 2007 1003 2081 Μαύρου
1056 2003 1217 2080 ὅρους
1265 2006 1353 2061 καὶ
1410 2011 1508 2061 τοῦ
1542 2005 1851 2082 Καρκάρου,

218 2097 325 2170 περὶ
380 2097 477 2157 τὰς
534 2091 704 2150 εῩκοσι
765 2093 1046 2170 χιλιάδας,
1104 2095 1194 2150 καὶ
1249 2093 1502 2169 ἀνδράσιν
1556 2095 1851 2169 ἐπισήμοις
1883 2131 1931 2197 Β

220 2188 309 2237 τῶν
351 2186 522 2260 γενῶν
580 2182 804 2239 ἕκαστον
861 2184 1093 2252 ἀναθεὶς,
1125 2184 1214 2239 καὶ
1263 2183 1350 2239 ἐπὶ
1400 2189 1560 2239 πᾶσιν
1606 2184 1851 2259 ἡγεμόνα

216 2274 535 2341 καταστήσας
601 2274 694 2327 τὸν
747 2272 1029 2346 πατρίκιον
1078 2273 1386 2351 Νικηφόρον
1424 2274 1515 2328 τὸν
1567 2261 1853 2346 Βρυέννιον

218 2362 295 2415 καὶ
366 2360 642 2436 ἐθνάρχην
713 2366 905 2415 τοῦτον
961 2364 1357 2432 κατονομάσας,
1424 2362 1519 2423 τὰς
1578 2359 1849 2436 ἐκδρομὰς

220 2449 466 2522 ἐκπέμπει
544 2449 779 2505 κωλύειν
851 2450 941 2505 καὶ
1012 2448 1228 2525 ἐπέ-,χειν
1292 2455 1401 2505 τῶν
1454 2450 1798 2519 ΙΙατζινάκων
1833 2472 1845 2485 ·

220 2540 350 2593 οὗτοι
409 2542 511 2614 γαρ
574 2540 712 2611 μετὰ
764 2541 865 2607 τήν
925 2539 977 2593 ἐν
1037 2536 1490 2615 Ἀδριανουπόλει
1537 2538 1721 2614 μάχην
1752 2561 1849 2594 κα-

216 2630 629 2702 ταρρονήσαντες
688 2626 1011 2703 ὁλοσχερῶς
1062 2632 1169 2682 τῶν
1236 2628 1521 2701 Ῥωμαίων
1551 2625 1722 2691 ἀδεῶς
1748 2629 1846 2696 τὴν

217 2736 270 2771 τε
308 2714 639 2771 Μακεδονίαν
697 2717 788 2771 καὶ
838 2716 1053 2792 Θρᾴκην
1102 2714 1296 2790 ἐδῄουν
1354 2716 1445 2771 καὶ
1476 2715 1845 2787 ἐπυρπόλουν,

221 2805 549 2879 ἀναιροῦντες
600 2803 860 2866 ἀνοίκτως
915 2804 1172 2859 καὶαύτᾶ
1222 2805 1290 2860 τὰ
1318 2802 1626 2875 θηλάζοντα
1655 2807 1844 2875 νήπια,

220 2892 289 2953 ὡς
338 2894 424 2949 καὶ
488 2893 614 2966 μίαν
674 2892 850 2947 αὐτῶν
915 2898 1108 2969 μοῖραν
1151 2893 1283 2968 ἄχρι
1343 2898 1449 2948 τῶν
1484 2894 1844 2967 Κατασύρτων

220 2978 444 3055 ίέγγιστα
499 2979 557 3037 δὲ
616 2982 667 3036 οἷ
729 2982 1067 3057 Κατασύρται
1121 2990 1223 3051 τῆς
1292 2979 1595 3058 βασιλίδος)
1650 2981 1842 3038 ἐλθεῖν.

222 3068 385 3125 Ἀλλᾶ
435 3070 640 3126 τούτων
699 3071 795 3143 μὲν
828 3071 863 3140 ἠ
922 3073 1267 3149 καταστροφή
1297 3072 1574 3146 ταχυτάτη
1612 3071 1842 3145 ἐγένετο.

224 3158 350 3210 ne»
394 3160 493 3231 γαρ
525 3161 555 3213 6
588 3157 846 3235 βασιλεὺς
880 3158 1109 3219 ὁπλίσας
1156 3159 1262 3214 ἀπό
1296 3180 1351 3214 τε
1379 3164 1487 3213 τῶν
1519 3158 1572 3213 ἐν
1601 3163 1667 3230 τῇ
1700 3157 1843 3233 αὐλῇ

220 3242 583 3318 φυλασσόντων
613 3248 703 3303 καὶ
760 3267 923 3302 τινων
981 3245 1168 3303 ἄλλων
1229 3248 1289 3303 ἐκ
1339 3252 1437 3303 τοῦ
1493 3247 1844 3320 παρείκοντος

220 3333 544 3405 εὑρεθέντων,
598 3336 687 3391 καὶ
740 3336 965 3411 Ἰωάννῃ
1024 3336 1293 3412 πατρικίῳ
1350 3336 1426 3391 tv;
1456 3341 1566 3390 τῶν
1597 3335 1843 3411 θαλαμη-

226 3420 393 3477 πόλων
445 3423 721 3499 εὐνούχων
773 3432 871 3495 τῆς
905 3423 1185 3499 βασιλίδο)
1242 3432 1420 3495 Ζωῆς,
1452 3426 1497 3497 ᾧ
1530 3424 1841 3503 Φιλόσοφος

1974 863 2111 910 sunt
2142 856 2380 926 quidam
2425 857 2597 926 cives,
2632 873 2882 927 quorum
2933 857 3227 930 principes
3258 861 3425 914 erant
3452 859 3623 915 Nice-

1974 945 2191 1016 phorus
2232 949 2288 999 et
2320 944 2588 1013 Michael,
2630 945 2923 1017 Euthymii
2959 945 3084 1013 lilii,
3134 950 3189 1001 et
3238 947 3337 1001 alii
3386 948 3624 1019 quidam

1972 1034 2041 1088 ad
2078 1033 2228 1088 idem
2266 1050 2452 1104 genus
2501 1033 2817 1089 referentes
2872 1032 3176 1105 originem.
3227 1035 3337 1090 Sed
3371 1035 3468 1090 alii
3501 1052 3622 1091 om-

1975 1138 2075 1177 nes
2102 1122 2313 1177 servati
2349 1127 2508 1191 sunt,
2542 1121 2705 1177 solus
2756 1127 2949 1178 autem
3004 1122 3367 1193 Nicephorus
3400 1123 3623 1180 indicta

1971 1227 2145 1265 causa
2178 1211 2603 1266 condemnatus
2648 1210 2704 1264 in
2758 1209 3029 1265 exsilium
3065 1211 3283 1266 missus
3313 1216 3421 1279 est,
3457 1211 3620 1284 prius

1970 1306 2160 1354 tamen
2196 1299 2325 1368 ejus
2357 1299 2524 1353 bonis
2557 1297 2889 1370 publicatis.

2042 1388 2366 1458 Imperator
2397 1391 2590 1442 autem
2628 1387 2681 1441 id
2716 1404 2899 1442 unum
2926 1387 3170 1444 studens
3203 1391 3266 1443 ut
3296 1404 3389 1443 res
3422 1391 3619 1444 Roma-

1971 1493 2177 1531 norum
2211 1476 2545 1548 superiores
2571 1480 2790 1546 essent,
2823 1480 3115 1548 Kegenem
3158 1493 3188 1531 ο
3218 1493 3445 1532 carcere
3474 1479 3615 1532 edu-

1968 1571 2126 1620 ctum
2160 1566 2229 1620 ad
2267 1565 2599 1620 Patzinacas
2652 1564 2848 1635 mittit,
2899 1564 3228 1637 pollicitum
3271 1582 3369 1621 eos
3400 1566 3468 1621 ad
3504 1567 3614 1621 im-

1966 1654 2253 1725 peratoris
2287 1653 2745 1709 benevolentiam
2780 1671 2841 1709 se
2872 1654 3285 1709 traducturum
3316 1674 3330 1722 ;
3360 1654 3610 1709 coactis-

1967 1760 2078 1813 que
2112 1744 2168 1797 in
2204 1760 2383 1797 unum
2421 1742 2595 1797 sociis
2639 1743 2937 1809 omnibus,
2970 1742 3228 1808 Francis,
3260 1742 3525 1815 inquam,
3557 1750 3615 1800 et

1964 1832 2267 1905 Barangis,
2301 1830 2598 1887 accersitis
2644 1837 2840 1887 autem
2890 1835 2947 1887 et
2972 1831 3272 1903 equitibus
3320 1848 3353 1888 a
3392 1831 3613 1887 Teluch

1963 1926 2019 1977 et
2050 1921 2253 1976 Mauro
2284 1910 2489 1975 monte
2522 1925 2580 1975 et
2628 1919 2896 1984 Carcaro,
2927 1937 3060 1975 cum
3097 1920 3446 1992 prmfccisset
3472 1920 3613 1977 viris

1964 2010 2296 2066 illustribus
2343 2025 2410 2064 ex
2461 2008 2710 2081 singulis
2755 2009 3032 2079 gentibus
3085 2026 3293 2078 unum,
3334 2009 3612 2066 omnibus

1964 2103 2158 2155 autem
2192 2100 2398 2154 ducem
2430 2098 2740 2170 patricium
2772 2098 2926 2153 603
2971 2098 3363 2169 Nicephorum
3396 2099 3609 2168 Bryen-

1963 2188 2151 2255 nium,
2191 2203 2364 2259 quem
2416 2186 2815 2254 ethnarcham,
2850 2186 2905 2239 id
2955 2191 3043 2240 est
3090 2186 3353 2258 gentium
3389 2187 3608 2257 princi-

1960 2293 2115 2349 pem,
2145 2274 2478 2349 appellavit,
2510 2276 2579 2330 ad
2610 2273 3006 2346 probibendas
3035 2279 3092 2329 et
3134 2276 3607 2347 comprimendas

1960 2366 2333 2424 excursiones
2387 2364 2829 2419 Patzinacarum
2893 2363 3087 2418 mittit.
3140 2363 3207 2417 Hi
3256 2364 3411 2435 enim
3474 2369 3608 2436 post

1956 2454 2362 2526 Adrianopolis
2396 2469 2653 2525 pugnam
2702 2451 2940 2507 omnino
2983 2452 3276 2521 aspernati
3310 2453 3603 2509 Romanos

1959 2544 2137 2598 libere
2169 2560 2232 2598 ac
2264 2544 2391 2598 sine
2422 2546 2577 2596 metu
2615 2541 3011 2596 Macedoniam
3036 2545 3093 2594 et
3121 2540 3427 2596 Thraciam
3461 2542 3601 2597 diri-

1961 2647 2115 2703 pere,
2148 2630 2479 2699 incendere,
2529 2629 2805 2698 infantes,
2838 2627 2924 2684 vel
2957 2628 3134 2684 etiam
3181 2628 3269 2685 lac
3301 2634 3602 2702 augentes,

1958 2719 2303 2784 interﬁcere,
2339 2718 2497 2774 nulla
2547 2717 2948 2774 misericordia
2995 2717 3157 2786 moti,
3189 2717 3272 2773 ita
3320 2722 3386 2773 ut
3427 2720 3602 2775 etiam

1958 2826 2092 2880 pars
2155 2809 2416 2881 ipsorum
2463 2824 2651 2878 usque
2698 2807 2766 2861 ad
2819 2807 3152 2880 Catasyrtas
3198 2807 3297 2878 qui
3344 2809 3605 2880 proxime

1959 2900 2160 2954 urbem
2197 2903 2355 2965 sunt,
2390 2898 2630 2953 venerit.
2651 2895 2864 2952 Verum
2887 2896 2945 2952 hi
2964 2896 3265 2953 celerrime
3287 2898 3602 2969 perierunt.

1957 2987 2134 3042 Manu
2166 2987 2323 3042 enim
2373 2985 2693 3057 imperator
2743 2985 3052 3041 hominum
3085 2991 3329 3051 armata,
3363 2986 3606 3043 collecta

1955 3092 2021 3131 ex
2054 3075 2261 3130 aulicis
2287 3074 2636 3129 custodibus
2667 3074 2913 3144 aliisque
2944 3075 3089 3129 forte
3118 3073 3351 3142 oblatis,
3384 3079 3441 3129 et
3462 3092 3600 3146 prae-

1957 3166 2076 3220 ficit
2105 3165 2388 3219 Joannem
2416 3162 2746 3234 patricium,
2780 3163 3124 3232 cognomine
3154 3161 3599 3234 Philosophum,

1956 3270 2137 3309 unum
2173 3254 2241 3308 de
2271 3250 2560 3307 eunuchis
2586 3249 2963 3306 cubiculariis
2987 3256 3109 3305 Zeis
3140 3252 3415 3322 Augustas
3445 3269 3458 3306 :
3495 3251 3597 3323 qui

1955 3350 2125 3396 noctu
2159 3358 2258 3396 eos
2289 3341 2482 3396 ebrios
2503 3356 2706 3395 omnes
2725 3356 2791 3394 ac
2822 3339 3037 3411 sapites
3069 3346 3279 3395 nactus
3306 3338 3467 3396 nullo
3491 3356 3594 3395 ue-

1905 3411 1911 3417 ’
1953 3428 2113 3503 gotio
2146 3429 2451 3495 interfecit,
2485 3435 2539 3484 et
2590 3428 2779 3498 capita
2821 3445 3020 3484 eorum
3053 3429 3322 3486 curribus
3356 3428 3595 3484 rusticis

223 3512 285 3564 τὸ
332 3511 600 3584 ἐπώνυμον
636 3556 650 3581 ,
719 3512 1025 3591 ἐγχειρίσας
1058 3560 1072 3584 ,
1146 3516 1536 3591 κατειργάσατο
1595 3500 1796 3590 ῥᾳδίως
1830 3534 1841 3545 ⁸

1969 3500 2234 3588 imposita
2265 3518 2334 3572 ad
2367 3516 2779 3587 imperatorem
2811 3516 3058 3572 advexit.

224 3601 398 3662 νυκτὸς
426 3603 520 3676 γὰρ
552 3603 710 3665 οὗτος
742 3603 984 3669 ἐπελθὼν
1007 3604 1093 3658 καὶ
1132 3601 1427 3675 μεθύοντας
1458 3603 1545 3657 καὶ
1571 3602 1955 3677 κοιμωμένους
1987 3604 2190 3665 πάντας
2222 3604 2392 3679 εὑρὼν
2431 3602 2716 3681 ἀπέσφαξε,
2742 3604 2830 3657 καὶ
2862 3604 2959 3666 τὰς
2988 3602 3227 3683 κεφαλὰς
3250 3605 3430 3661 αὐτῶν
3461 3605 3605 3680 ἁμά-

234 3690 336 3758 ξαις
360 3698 672 3766 γεωργικαῖς
702 3690 906 3755 ἐπιθεὶς
936 3694 1152 3765 κομίζει
1183 3696 1262 3763 τῷ
1290 3689 1525 3767 βασιλεῖ.

301 3777 349 3828 '0
397 3779 486 3848 μὲν
545 3777 638 3833 οὖν
677 3777 917 3853 Κεγένης
974 3778 1201 3848 ἐξελθὼν
1254 3773 1692 3854 διαπρεσϐεύεται
1737 3783 1854 3840 τοῖς

243 3868 582 3935 Πατζινάκοις,
641 3867 732 3922 καὶ
788 3867 993 3922 τούτων
1056 3868 1457 3941 ὐποσγομένων
1520 3873 1633 3939 μεθ’
1692 3868 1856 3942 ὅρκου

244 3957 458 4025 ποιήσειν
510 3958 571 4011 τὸ
627 3956 794 4011 αὐτοῦ
850 3956 1100 4028 θέλημα,
1160 3957 1446 4015 πιστεύσας
1502 3961 1619 4017 τοῖς
1675 3955 1859 4030 ὅρκοις

242 4042 315 4095 καὶ
386 4044 630 4099 ἀπελθὼν
708 4044 864 4109 εὐθὺς
944 4045 1259 4116 ἀναιρεῖται,
1332 4044 1698 4116 κατατμηθεὶς
1780 4045 1856 4105 ε”ς

250 4132 389 4204 μικρὰ
446 4135 579 4208 μέρη
638 4133 727 4189 καὶ
791 4134 975 4209 μόρια.
1036 4135 1097 4192 Ὀ
1165 4131 1222 4189 δὶ
1256 4135 1537 4208 Βρυὲννιος
1565 4134 1661 4195 τὰς
1692 4134 1856 4205 ἐμπι-

248 4221 510 4284 πευθείσας
558 4223 707 4293 αὐτῷ
754 4218 1086 4298 παραλαϐὼν
1140 4221 1394 4296 δυνάμεις
1436 4222 1524 4277 καὶ
1558 4222 1607 4276 ἐν
1645 4219 1859 4298 Ἀδρια-

249 4309 470 4364 mgnas,
496 4312 788 4385 γενόμενος
847 4311 1119 4387 ἐφρόντιζε
1174 4319 1274 4381 τῆς
1324 4310 1572 4390 φυλακῆς
1602 4316 1708 4365 τῶν
1741 4331 1857 4387 χω-

253 4395 377 4453 πὶων.
428 4398 717 4454 Στέλλεται
780 4398 837 4455 δὲ
864 4401 954 4455 καὶ
1005 4404 1101 4455 τοῦ
1149 4400 1347 4461 παντὸς
1378 4402 1599 4475 ἡγεμὼν
1630 4404 1859 4476 στρατοῦ

254 4485 445 4559 Μιχαὴλ
498 4489 784 4563 πατρίκιος
836 4490 864 4542 6
922 4488 1253 4553 Ἀκόλουθος
1298 4492 1435 4559 (42),
1494 4490 1860 4564 προπαχθεῖς

253 4570 299 4625 ξὶ
342 4575 421 4627 καὶ
472 4576 630 4639 αὐτὸς
683 4577 985 4646 καθολικῆς
1040 4579 1133 4650 μὲν
1196 4578 1383 4653 μάχης
1442 4580 1517 4651 μὴ
1578 4578 1855 4647 ἅπτεσθαι»

256 4660 418 4735 ε’ργειν
470 4663 523 4720 δὶ
568 4666 660 4720 καὶ
705 4666 1025 4720 ἀνακόπτειν
1077 4667 1170 4728 τὰς
1227 4664 1522 4741 ἐκδρομάς.
1564 4667 1660 4729 “Oc
1709 4666 1855 4739 ἐξελι

384 4754 463 4807 καὶ
518 4752 598 4825 τῷ
652 4754 927 4827 Βρυεννίῳ
980 4755 1197 4819 ἑνωθεὶς
1258 4754 1424 4829 ἔργου
1481 4754 1707 4823 ἥπτετο,
1770 4755 1858 4808 καὶ

2039 3785 2290 3852 chenes
2305 3797 2441 3852 ergo
2455 3796 2724 3852 egressus
2740 3779 2960 3853 legatos
2974 3781 3041 3836 ad
3060 3781 3394 3839 Patzinacas
3409 3783 3611 3853 mittit;

1968 3870 2064 3940 qui
2099 3886 2232 3924 cum
2270 3870 2660 3941 jurejurando
2710 3869 3159 3926 conﬁrmassent
3189 3888 3252 3926 se
3300 3871 3491 3943 ipsius
3515 3890 3614 3927 vo-

1969 3957 2180 4012 luntati
2232 3958 2698 4025 satisfacturum,
2748 3959 2990 4014 credens
3030 3959 3373 4028 juramcnto
3412 3962 3484 4016 ad
3514 3977 3617 4017 eos

1968 4065 2030 4102 se
2062 4048 2305 4113 confert,
2338 4045 2658 4117 statimque
2692 4046 3061 4117 interficitur,
3084 4046 3145 4102 in
3178 4048 3365 4105 multa
3392 4050 3619 4106 minuta

1967 4153 2071 4191 con
2100 4136 2236 4191 risus
2271 4136 2477 4192 frusta.
2512 4136 2834 4207 Bryeunius
2869 4152 3038 4206 porro
3070 4136 3268 4209 copias
3314 4138 3427 4194 sibi
3454 4156 3615 4195 com-

1971 4224 2182 4279 missas
2214 4224 2529 4299 accipiens,
2555 4230 2618 4279 ut
2641 4223 3056 4295 AdrianOpolin
3083 4226 3261 4296 venit,
3280 4229 3622 4284 custodien-

1968 4315 2061 4368 dis
2092 4312 2236 4368 locis
2267 4330 2467 4368 curam
2510 4312 2818 4383 impendit.
2867 4313 3112 4369 Mittitur
3141 4315 3319 4371 etiam
3366 4315 3621 4372 universi

1970 4404 2087 4457 dux
2119 4402 2427 4465 exercitus,
2463 4401 2783 4457 Michaelus
2829 4402 3110 4474 patricius
3143 4403 3495 4472 Acoluthus;
3528 4404 3622 4462 cui

1970 4498 2027 4548 et
2048 4491 2158 4563 ipsi
2183 4492 2526 4545 mandatum
2548 4489 2654 4543 fuit
2671 4491 2913 4560 utjusto
2938 4490 3133 4562 praelio
3147 4493 3302 4548 604
3316 4494 3623 4550 abstinens

1968 4580 2344 4638 excursiones
2374 4578 2635 4634 hostium
2672 4579 3040 4649 reprimeret.
3074 4581 3125 4635 ls
3159 4598 3291 4637 cum
3334 4582 3623 4656 Bryennio

1970 4688 2033 4726 se
2077 4669 2507 4739 conjunxisset,
2558 4684 2678 4721 rem
2730 4682 2931 4739 gerere
2962 4667 3183 4740 incipit.
3233 4672 3311 4725 Ac
3357 4671 3613 4741 primum

1971 4760 2126 4830 apud
2162 4755 2399 4813 Goloam
2434 4757 2492 4810 in
2544 4754 2843 4811 cohortem
2884 4756 3325 4813 Patzinacarum
3358 4759 3627 4816 incidens

258 4839 476 4914 πρότερον
532 4844 627 4915 μὲν
699 4841 754 4898 ἐν
810 4840 993 4919 Γολόῃ
1032 4848 1128 4917 μιᾷ
1162 4844 1329 4918 μοίρᾳ
1366 4848 1473 4897 τῶν
1517 4843 1852 4913 Πατζινάκωι

1970 4864 2096 4902 eam
2134 4846 2307 4901 delet.
2346 4845 2565 4900 Deinde
2605 4861 2838 4900 rursum
2869 4844 2940 4899 ad
2965 4845 3318 4917 Toplitzum,
3353 4850 3506 4920 quod
3540 4855 3631 4905 est

260 4931 523 5004 περιτυχὼν
576 4931 664 4987 καί
730 4932 937 5001 ταύτην
994 4932 1334 5009 τρεψάμενος
1391 4931 1691 5009 ἠφάνισεν,
1751 4934 1865 4987 εἶτα

264 5014 391 5069 τὴλιν
417 5017 466 5072 ἐν
516 5025 595 5092 τῷ
648 5019 952 5092 Τοπλιτζῷ
979 5022 1261 5098 (φρούριον
1296 5018 1353 5076 δὲ
1385 5021 1543 5084 οὗτος
1572 5022 1718 5097 παρά
1772 5022 1862 5077 τὸν

259 5098 423 5178 Ἐὗρον
448 5109 719 5183 κείμενον)
751 5108 935 5185 ἑτέραν
999 5108 1280 5166 ἀποσπάδα
1336 5116 1532 5183 μοῖραν
1583 5114 1689 5164 τῶν
1755 5119 1862 5166 Πα-

1974 4933 2276 4990 castellum
2312 4934 2381 4989 ad
2419 4934 2674 4988 Hebrum
2711 4933 2918 4998 situm,
2964 4933 3134 4989 aliam
3162 4935 3460 4993 cohortem
3493 4942 3637 4994 Pat~

1974 5025 2308 5078 zinacarum
2334 5039 2365 5076 a
2401 5021 2641 5093 reliquis
2669 5021 2928 5076 avulsam
2959 5029 3164 5079 nactus
3195 5026 3489 5083 Intertlcit.
3524 5032 3632 5082 Ex—

1976 5113 2112 5167 inde
2136 5112 2453 5167 Patzinacze
2487 5110 2556 5166 ab
2581 5111 2671 5167 his
2705 5111 2889 5184 copiis
2921 5111 3031 5167 sibi
3065 5119 3336 5171 caventes
3357 5116 3628 5189 populari

1410 5235 1775 5292 XYLANDBI
1816 5236 1900 5290 ET
1935 5235 2155 5292 GOARI
2194 5236 2428 5291 NOTAE.

440 5339 688 5428 codiqus
719 5345 794 5399 de
824 5344 1015 5428 O_ffic._
1053 5346 1203 5428 035:
1271 5344 1332 5399 Ὁ
1352 5340 1872 5428 ,ἀκόλοιυθρςῆεὑρίῖ

267 5422 411 5461 πιεται
458 5412 547 5481 μὲν
592 5411 788 5489 ἔνοχος
820 5420 931 5470 τῶν
982 5414 1288 5491 Βαράγγων,
1341 5412 1637 5469 ἀκολουθεῖ
1695 5411 1752 5467 δῖε
1785 5411 1871 5486 ’τῴ

1984 5341 2197 5416 βασιλεῖ
2227 5337 2527 5416 ἔμπροσθεν
2562 5342 2876 5398 αὐτῶν.Διά
2906 5364 2990 5398 τοι
3019 5348 3180 5401 τοῦτο
3211 5343 3301 5401 καί
3330 5345 3635 5411 ἀκόλουθος

1982 5415 2221 5488 λέγεται.
2260 5415 2441 5471 QUAE.

317 5532 374 5607 ζα)
400 5534 517 5607 Quae
545 5541 753 5607 uncinis
787 5542 1117 5607 inclusimus,
1146 5540 1262 5607 loco
1292 5545 1579 5607 suo_mota_
1597 5541 2007 5607 esse‘videntur,
2043 5540 2475 5605 retrahendaque
2505 5539 2752 5604 superius
2782 5545 2903 5594 ante
2930 5557 3025 5594 sex
3062 5542 3252 5603 lineas,
3284 5555 3481 5607 nempe
3507 5544 3628 5607 post

268 5587 370 5643 hse'
384 5587 532 5651 vim
552 5587 641 5651 ἶιᾶι
651 5587 803 5670 ’ἱᾶχὰ
812 5587 1120 5666 ἶνᾞῐυὲέό
1144 5587 1353 5654 esse:
1368 5587 1530 5655 'Edit.‘
1543 5587 1744 5654 rma.
