4036 6194
390 356 506 417 335

1653 381 1656 384 ·
1737 358 1780 414 G
1797 357 1992 415 ΕΘΠΟ
2008 356 2053 413 lI
2100 355 2442 416 CEDRI‘ZNI

3676 356 3802 414 336

391 489 688 562 regionem
713 489 784 544 ad
807 489 1032 545 radices
1052 489 1229 544 Hiemi
1263 488 1434 543 sitam
1459 495 1858 552 cassaverunt,
1877 490 2034 542 omni

2149 488 2412 554 τζινάκων
2474 487 2642 560 εὒρων
2702 483 3001 539 ἀπώλεσεν.
3033 485 3191 546 Ὅθεν
3253 478 3646 553 εὐλαϐηθέντες
3703 487 3803 540 τὰς

391 580 612 650 impetu
669 579 724 631 in
776 578 1112 632 Macedonia
1161 593 1488 632 converso:
1541 578 1596 630 in
1649 578 1818 645 cujus
1867 592 2037 646 agros

393 668 816 740 grassabantur
832 669 1054 722 delecto
1075 667 1553 722 robustissimoru
1569 682 1616 719 :n
1641 665 1916 728 exercitu,
1939 682 2034 736 pa-

394 758 502 812 rati
560 756 759 811 hostes
819 757 1155 828 ingruentes
1214 756 1542 808 defendere.
1606 755 1927 826 Bryennius
1981 760 2038 809 et

396 845 714 900 Michaelus
747 845 834 899 his
885 844 1326 909 animadversis,
1362 847 1534 897 noctu
1591 845 1765 897 motis
1805 843 2034 906 castris,

394 934 474 988 ita
503 939 565 988 ut
597 950 766 988 nemo
817 934 1060 986 sentiret
1111 949 1391 1002 quorsum
1445 933 1770 999 tenderent,
1805 935 2036 1002 magnis

389 1023 698 1077 itineribus
717 1021 1081 1090 ChariOpolin
1106 1020 1381 1084 veniunt;
1417 1036 1600 1091 eoque
1625 1037 1757 1074 cum
1781 1023 2033 1074 exercitu

390 1111 639 1182 ingressi
681 1109 1178 1181 opportunitatem
1232 1109 1311 1163 rei
1362 1111 1628 1180 gerenda;
1677 1117 2032 1180 exspectant.

390 1201 710 1255 Patzinacie
743 1199 952 1268 praedis
983 1215 1048 1252 ex
1100 1198 1256 1270 agris
1307 1204 1362 1252 et
1414 1199 1714 1252 suburbiis
1747 1199 1891 1252 actis
1925 1201 2033 1252 sub

389 1304 689 1360 vesperam
726 1287 937 1342 reversi
970 1287 1228 1357 proxime
1245 1286 1639 1357 Cbariopolin,
1662 1287 1837 1342 nescii
1870 1303 2032 1358 pror-

391 1394 491 1432 sus
519 1376 576 1430 in
613 1377 754 1430 urbe
787 1374 1057 1430 hostilem
1090 1391 1219 1430 esse
1253 1376 1595 1440 exercitum,
1630 1376 1686 1429 in
1717 1381 1904 1430 castra
1929 1392 2037 1430 sua

389 1481 450 1521 se
483 1465 812 1530 conferunt,
844 1479 1046 1518 secure
1078 1464 1230 1518 inter
1264 1464 1490 1518 fistulas
1535 1469 1592 1518 et
1639 1463 1905 1532 cymbala
1935 1481 2032 1517 co-

389 1559 739 1609 messantes.
773 1553 1215 1609 Intendentibus
1246 1568 1308 1606 se
1333 1553 1610 1619 tenebris,
1637 1553 1958 1624 Bryenuius
1979 1559 2036 1607 et

389 1642 711 1698 Michaelus
741 1642 960 1712 egressi
1009 1658 1109 1696 eos
1140 1641 1362 1712 sopitos
1411 1647 1838 1712 stertentesque
1871 1641 2031 1695 inve-

389 1732 561 1787 niunt
591 1737 646 1786 et
677 1731 974 1786 occidione
1023 1729 1238 1785 delent.
1290 1729 1420 1784 Hch
1471 1730 1664 1785 clades
1701 1730 2032 1784 Patzinacas

385 1820 683 1892 repressit,
715 1820 1104 1890 timoremque
1138 1820 1403 1884 incussit,
1439 1825 1503 1872 ut
1527 1820 1650 1886 jam
1684 1835 1798 1872 non
1827 1820 2027 1884 effuse,

385 1914 450 1964 ut
479 1915 636 1973 ante,
668 1909 769 1963 sed
803 1908 1037 1978 parcius
1071 1907 1294 1977 praedas
1325 1912 1583 1978 agerent,
1605 1907 2028 1963 indictionibus

383 2003 590 2068 quarta
619 2003 676 2052 et
705 1995 931 2067 quinta.

2145 574 2398 635 τοιαύτας
2454 575 2506 628 οἱ
2556 572 2884 641 ΙΙατζινάκαι
2925 569 3180 644 δυνάμεις
3240 573 3308 625 τὰ
3371 573 3464 644 μὲν
3517 574 3662 647 παρᾶ
3707 576 3806 636 τὰς

2152 663 2422 738 ὑπωρείας
2470 667 2567 716 τοῦ
2625 663 2807 734 Α’ἰμου
2853 661 3074 734 κείμενα
3133 660 3316 736 χωρία
3371 660 3653 730 ληίζεσθαι
3694 663 3801 716 ἀπ-

2147 753 2396 826 έσχοντο,
2474 758 2644 805 πᾶσαν
2724 750 2781 804 δὲ
2846 751 2943 818 τὴν
3021 751 3200 823 ὁρμὴν
3275 749 3599 820 ἐποιήσαντο
3666 753 3804 806 κατὰ

2149 839 2506 900 Μακεδονίας.
2570 841 2663 893 Κάί
2723 846 2831 893 ωᾶν
2888 841 3010 892 ὅσον
3043 841 3107 906 ἦν
3157 836 3391 910 ἀλκιμον
3445 836 3806 913 διακριθέντες

2144 929 2466 1003 κατέτρεχον
2516 929 2583 982 τὰ
2613 928 2663 982 έν
2716 925 3018 998 Μακεδονίᾳ
3066 927 3270 1002 χωρία,
3319 926 3409 980 καὶ
3464 926 3530 995 ἣν
3564 949 3644 988 τις
3680 928 3805 1001 ἐπίῃ

2145 1015 2410 1088 πόλεμος,
2464 1017 2750 1092 εὑρώςτως
2815 1016 2974 1070 αὑτὸν
3052 1013 3438 1088 προσδέξασθαι
3504 1015 3802 1088 ἐμελέτων.

2145 1107 2311 1180 Ὀπερ
2347 1106 2604 1176 μαθόντες
2655 1108 2682 1160 ὁ
2733 1107 3012 1179 Βρυέννιος
3063 1105 3151 1158 καὶ
3185 1105 3212 1158 ὁ
3248 1104 3505 1178 Μιχαὴλ,
3548 1107 3629 1178 [Ρ.
3668 1110 3805 1179 788]

2146 1192 2365 1266 ἄραντες
2399 1197 2588 1255 νυκτὸς
2643 1195 2716 1255 ὡς
2775 1192 2983 1266 μηδένα
3034 1193 3379 1262 συναίσθησιν
3429 1188 3614 1247 λαϐεῖν
3668 1194 3801 1248 ὅποι

2146 1283 2354 1352 ἀπίασι,
2406 1284 2494 1336 καὶ
2528 1283 2766 1354 συντόνῳ
2824 1284 3163 1356 χρησάμενοι
3210 1280 3497 1354 οδοιπορίᾳ
3542 1277 3803 1358 ἔρχονται

2145 1370 2219 1434 εἷς
2248 1370 2644 1445 Χαριούπολιν,
2695 1372 2784 1425 καὶ
2837 1371 2889 1425 ἐν
2940 1372 3078 1444 αὐτῇ
3131 1370 3461 1433 εἰσελθόντες
3514 1374 3646 1443 μετὰ
3699 1377 3804 1426 τοῦ

2145 1464 2373 1533 στρατοῦ
2431 1457 2742 1535 ἐξεδέχοντο
2799 1460 2890 1514 τὸν
2950 1459 3162 1529 καιρόν.
3229 1460 3295 1514 Οἱ
3349 1457 3408 1513 δὲ
3473 1461 3804 1528 Πατζινάκαι

2141 1549 2267 1609 τοὺς
2325 1548 2520 1622 ἀγροὺς
2579 1549 2667 1602 καὶ
2719 1549 2786 1603 τὰ
2842 1549 3137 1620 προάστεια
3198 1547 3520 1619 ληϊσάμενοι
3575 1552 3751 1603 πάντα
3789 1597 3801 1616 ,

2142 1639 2228 1690 καὶ
2282 1638 2402 1711 περὶ
2469 1637 2732 1712 βουλυτὸν
2795 1639 3225 1712 ὑποστρέψαντες
3277 1633 3492 1712 ἔγγιστα
3557 1640 3801 1712 Χαριου-

2142 1724 2380 1795 πόλεως,
2426 1727 2804 1800 προστίθενται
2835 1731 2902 1798 τῇ
2945 1721 3296 1800 παρεμϐολῇ,
3326 1726 3645 1798 ἀγνοοῦντες
3676 1727 3799 1780 ὅτι-

2141 1836 2241 1889 περ
2297 1815 2652 1890 ἐπιχωριάζει
2716 1815 3019 1888 στράτευμα
3076 1812 3221 1874 ὅλως
3285 1816 3336 1868 έν
3388 1814 3550 1888 αὗτῇο
3587 1812 3796 1869 διὸκαὶ

2138 1904 2308 1966 ἀδεῶς
2359 1901 2561 1959 ἔκειντο
2611 1904 2662 1958 έν
2693 1904 2884 1965 αὑλοῖς
2927 1904 3016 1958 καὶ
3056 1899 3364 1975 κυμϐάλοις
3421 1904 3793 1975 κωμάζοντες,

2137 1995 2347 2056 Νυκτὸς
2406 1993 2450 2047 δ’
2508 1993 2899 2068 ἐπιγενομένης
2957 1994 3008 2046 οἱ
3065 1993 3187 2068 περὶ
3247 1993 3336 2046 τὸν
3381 1994 3665 2067 Βρυέννιον
3698 1994 3796 2047 καὶ

385 2087 478 2140 τὸν
512 2083 742 2159 Μιχαὴλ
775 2081 1078 2154 ἐξελθόντες
1108 2083 1194 2136 καὶ
1228 2084 1611 2154 κοιμωμένους
1643 2084 1727 2137 καὶ
1767 2083 2053 2158 ῥέγχοντας
2084 2084 2328 2158 εὑρόντες
2377 2083 2656 2158 ἀναιροῦσι
2705 2083 3040 2154 σύμπαντας.
3092 2086 3265 2136 Τοῦτο
3322 2078 3378 2135 δέ
3425 2083 3487 2135 τὸ
3534 2082 3805 2156 ἀτύχημα

387 2170 658 2252 συστολὴν
692 2172 782 2225 καὶ
814 2169 1021 2226 δειλίαν
1055 2169 1272 2240 ἐνέθηκε
1299 2176 1415 2232 τοῖς
1447 2171 1820 2239 Πατζινάκοις.
1851 2175 1942 2226 Διὸ
1971 2172 2178 2232 καὶτὰς
2210 2169 2480 2247 ἐκδρομὰς
2513 2171 2611 2226 οὐκ
2659 2171 2856 2234 ἀνέτως
2905 2172 2977 2232 ὡς
3024 2172 3086 2224 τὸ
3135 2171 3419 2244 πρότερον,
3469 2170 3613 2225 ἀλλὰ
3666 2173 3809 2243 μετά

390 2259 606 2338 φειδοῦς
639 2259 945 2327 ἐποιοῦντο,
977 2260 1114 2314 κατά
1143 2280 1199 2314 τε
1225 2261 1323 2328 τὴν
1358 2257 1404 2313 δ’
1430 2260 1520 2314 καὶ
1551 2267 1585 2314 ε’
1616 2258 1946 2314 ίνδικτιῶνα.

463 2370 614 2425 605
651 2374 759 2423 Per
788 2368 896 2423 hoc
926 2369 1124 2440 ipsum
1154 2373 1388 2439 tempus
1414 2369 1712 2423 Romanus
1736 2368 1920 2422 Boilas
1947 2385 2039 2422 su-

392 2460 514 2514 bito
532 2468 615 2514 est
639 2459 709 2512 ad
738 2473 1038 2512 summum
1054 2462 1304 2512 evectus.
1321 2457 1373 2511 Is
1395 2473 1526 2511 cum
1555 2458 1610 2510 in
1634 2456 2041 2511 sodalitatibus

395 2552 663 2612 mereret,
697 2548 871 2600 homo
905 2545 1103 2616 lingua
1151 2552 1454 2616 promptus
1495 2563 1560 2600 ac
1594 2563 1695 2616 pro
1731 2546 1954 2599 urbano
1985 2550 2038 2599 et

393 2637 579 2692 faceto
611 2635 868 2700 habitus,
903 2651 1036 2689 cum
1079 2633 1256 2688 semel
1289 2634 1344 2687 in
1379 2641 1754 2704 conspectum
1783 2634 2038 2705 impera»

392 2725 536 2780 toris
566 2724 838 2790 venisset,
871 2722 1348 2794 elegantissimus
1397 2739 1460 2776 ex
1496 2721 1784 2792 colloquio
1809 2723 2038 2790 judica-

388 2819 508 2880 tus,
537 2829 840 2882 nunquam
875 2813 946 2864 ab
977 2827 1043 2865 eo
1077 2811 1285 2864 deinde
1315 2811 1600 2865 dimissus
1639 2818 1746 2874 est,
1781 2813 1878 2866 sed
1908 2827 2036 2865 cum

388 2901 810 2956 Monomacbus
856 2903 912 2954 et
936 2898 1340 2953 consiliarium
1377 2915 1546 2970 porro
1576 2909 1624 2953 et
1661 2900 1864 2970 quavis
1893 2899 1946 2953 in
1983 2916 2039 2954 re

387 2990 726 3044 ministrum
745 2989 979 3042 habuit:
1004 2987 1484 3057 paulatimqueeo
1499 2988 1681 3042 evexit
1701 2993 1763 3042 ut
1781 2990 2035 3059 primum

389 3079 446 3132 in
481 3079 615 3133 aula
649 3079 841 3132 locum
872 3077 1178 3131 obtineret.
1228 3077 1282 3129 Is
1316 3081 1378 3129 ut
1405 3081 1530 3130 erat
1559 3076 1733 3130 homo
1765 3083 2036 3132 versutus

387 3171 565 3238 atque
594 3166 811 3232 varius,
842 3165 1122 3218 diuturna
1145 3164 1372 3234 imperii
1400 3164 1716 3236 cupiditate
1737 3165 2033 3232 laborans,

387 3261 676 3327 quotquot
703 3258 1042 3309 senatorum
1071 3253 1222 3322 apud
1258 3253 1666 3323 imperatorem
1688 3254 1744 3306 in
1765 3253 2033 3325 indigna-

386 3345 548 3400 tione
594 3348 779 3410 erant,
832 3357 1030 3397 eorum
1085 3358 1295 3394 arcano
1340 3358 1442 3395 suo
1493 3343 1755 3412 exposito
1805 3343 2033 3396 animos

2221 2367 2370 2421 Κατᾶ
2398 2371 2588 2420 τοῦτον
2634 2367 2723 2420 τὸν
2775 2367 2976 2440 χρόνον
3011 2367 3098 2419 καὶ
3130 2369 3164 2434 ἡ
3213 2368 3493 2436 Ῥωμανοῦ
3523 2371 3619 2419 τοῦ
3649 2363 3809 2440 λεγο-

2153 2455 2314 2526 μένου
2367 2453 2538 2510 Βοίλα
2594 2452 2861 2528 αἰφνίδιος
2916 2455 3132 2528 γέγονεν
3186 2451 3422 2524 αὔξησις.
3478 2455 3646 2515 Οὗτος
3698 2457 3805 2529 γάρ

2150 2543 2200 2597 έν
2251 2549 2370 2603 ταῖς
2424 2540 2716 2617 ἕταιρείαις
2764 2544 3224 2618 κατατεταγμένος
3268 2543 3356 2596 καὶ
3405 2549 3502 2611 την
3551 2541 3808 2617 γλῶτταν

2149 2631 2306 2706 ὑγρὸς
2370 2628 2465 2697 ὢν,
2512 2630 2600 2684 καὶ
2637 2628 2809 2684 δοκῶν
2841 2632 2976 2684 κατὰ
3021 2635 3182 2684 τοῦτο
3242 2630 3451 2691 ἀστεῖος
3481 2633 3568 2684 καὶ
3607 2629 3806 2705 εὐτρά-

2146 2719 2334 2785 πελος,
2413 2719 2527 2772 ἐπεί
2601 2740 2732 2773 ποτε
2785 2719 2860 2780 ε⁷’ς
2920 2715 3041 2791 ὅψιν
3121 2717 3259 2787 ἦλθε
3305 2723 3384 2789 τῷ
3444 2718 3657 2794 βασιλεῖ
3713 2720 3807 2774 καὶ

2147 2807 2421 2879 ὁμιλήσας
2477 2809 2835 2882 χαριέστατος
2881 2801 3048 2876 ἔδοξε,
3106 2807 3168 2860 τὸ
3215 2806 3318 2860 ἀπὸ
3376 2805 3533 2861 τοῦδε
3588 2808 3807 2882 ἀχώρι-

2147 2917 2268 2958 στος
2328 2897 2392 2964 ἦν
2449 2896 2612 2950 αὐτοῦ
2667 2893 2756 2950 διὰ
2813 2896 3031 2962 παντὸς,
3091 2895 3178 2949 καὶ
3237 2895 3413 2967 τούτῳ
3441 2897 3645 2970 ἐχρῆτο
3708 2899 3802 2950 καὶ

2146 2979 2448 3056 συμϐούλῳ
2504 2986 2590 3038 καὶ
2653 2982 2890 3055 διακόνῳ
2958 2984 3046 3038 καὶ
3109 2985 3363 3058 ὑπουργῷ
3418 2986 3551 3059 πρὸς
3619 2991 3802 3039 πᾶσαν

2145 3073 2459 3150 ὑπηρεσίανο
2519 3073 2575 3128 ὅν
2630 3074 2766 3128 κατὰ
2827 3073 3019 3147 μικρὸν
3079 3079 3196 3134 ταῖς
3227 3079 3414 3145 τιμαῖς
3444 3068 3805 3143 προϐιϐάζων

2146 3163 2220 3223 είς
2284 3163 2419 3237 μέγα
2477 3161 2632 3234 ἐξῆρε
2688 3162 2777 3216 καὶ
2837 3161 3069 3235 ὕψωσεν,
3117 3163 3188 3223 ὡς
3218 3162 3284 3215 τὲ
3313 3165 3499 3235 πρῶτα
3529 3161 3712 3238 φέρειν
3748 3162 3803 3217 ἐν

2147 3250 2468 3325 βασιλείοις.
2503 3249 2674 3311 Οὗτος
2707 3253 2734 3304 ὅ
2769 3251 2904 3325 ἀνὴρ
2939 3249 3252 3324 εὐμήχανος
3283 3247 3356 3304 ὢν
3387 3251 3475 3304 καὶ
3517 3252 3803 3320 ποικίλος,

2140 3340 2228 3393 καὶ
2282 3346 2380 3406 τῆς
2446 3337 2722 3414 βασιλείας
2773 3338 2909 3413 ἱρῶν
2970 3337 3051 3392 ἀεί
3105 3359 3255 3409 ποτε,
3316 3338 3642 3413 ἀπεπείρᾶτο
3684 3342 3800 3394 τῶν

383 3433 668 3489 tentabat.
684 3439 762 3486 Ac
781 3431 994 3501 quibus
1014 3429 1238 3484 insidiae
1259 3431 1676 3501 probabantur,
1697 3448 1794 3484 eos
1813 3431 2029 3485 sensim

2148 3426 2260 3480 ὅσοι
2331 3431 2441 3481 τῶν
2518 3426 2893 3500 συγκλητικῶν
2966 3426 3428 3501 προκεκρουκότες
3496 3428 3630 3496 ἦσαν
3718 3435 3806 3501 τῷ

386 3539 453 3578 ac
486 3521 712 3592 placide
756 3520 864 3574 sibi
916 3519 1306 3588 conjungebat
1329 3519 1804 3589 juramentisque
1837 3519 2030 3573 devin-

383 3611 572 3666 ciebat
605 3627 617 3664 :
653 3608 750 3680 qui
783 3612 976 3662 autem
1005 3606 1190 3677 primo
1221 3605 1397 3660 etiam
1423 3606 1624 3661 auditu
1654 3607 1725 3659 ab
1757 3623 1822 3660 ea
1857 3625 1912 3660 re
1935 3607 2031 3661 ab-

382 3699 716 3761 horrebant,
759 3711 955 3750 eoruni
1012 3696 1255 3765 probare
1304 3711 1365 3749 se
1415 3701 1588 3764 atque
1637 3695 1779 3749 adeo
1831 3696 2030 3749 mirari

383 3788 556 3842 fidem
591 3803 730 3856 erga
762 3784 1171 3854 imperatorem
1206 3783 1545 3847 simulabat,
1581 3797 1760 3852 seque
1802 3787 2029 3838 tantum

382 3873 715 3945 experiendi
747 3889 944 3926 eorum
982 3871 1212 3924 animos
1245 3887 1422 3924 causa
1455 3870 1568 3924 ista
1599 3870 1857 3925 locutum
1879 3871 2030 3926 dice-

385 3965 505 4025 bat.
536 3963 892 4032 jurabatque
919 3977 982 4015 se
1012 3977 1211 4014 eorum
1266 3959 1662 4029 integritatem
1698 3960 2032 4028 imperatori

386 4051 788 4105 laudaturum.
813 4049 957 4104 Cum
993 4048 1206 4102 multos
1238 4046 1449 4101 civium
1485 4047 2031 4118 corrupisset,jam-

391 4155 504 4208 que
553 4139 931 4192 insidiaretur
980 4136 1338 4206 imperatori,
1392 4150 1481 4188 res
1531 4135 1755 4189 detecta
1802 4142 1910 4190 est.
1960 4145 2036 4192 Ac

392 4227 532 4284 socii
559 4227 791 4299 quidem
822 4225 1273 4296 conspirationis
1303 4224 1622 4292 quaestione
1642 4223 1864 4292 agitata
1888 4227 2034 4278 male

391 4322 532 4371 sunt
562 4317 804 4387 accepti,
861 4313 1237 4368 facultatibus
1285 4311 1410 4365 suis
1443 4310 1674 4381 spoliati
1709 4319 1764 4366 et
1797 4314 1851 4367 in
1886 4316 2034 4367 exsi-

392 4405 531 4459 lium
565 4406 674 4459 acti
712 4420 724 4459 :
762 4405 1053 4458 Romanus
1077 4399 1719 4468 impunisevasit.Nam
1745 4418 1875 4456 cum
1903 4420 2035 4456 eum

388 4494 704 4564 imperator
738 4491 1038 4562 paululum
1092 4489 1262 4542 modo
1314 4495 1610 4541 aversatus
1646 4489 1872 4557 fuisset,
1909 4507 2039 4545 mox

318 4651 320 4653 _
386 4581 442 4636 in
481 4582 796 4653 pristinum
830 4579 1086 4633 restituit
1118 4575 1330 4629 locum.

2149 3516 2381 3589 βασιλεῖ,
2444 3516 2528 3569 καὶ
2583 3517 2643 3570 τὸ
2707 3518 3006 3590 μυστήριον
3059 3516 3381 3589 ἀνεκάλυψε.
3443 3517 3538 3570 Καὶ
3585 3517 3803 3572 τούτων

2141 3604 2334 3657 ὁπόσοι
2399 3604 2494 3675 μὲν
2555 3600 2749 3678 ἔτυχον
2809 3601 3250 3678 προσδεχόμενοι
3307 3604 3433 3665 τοὺς
3466 3603 3664 3679 λόγους
3699 3613 3810 3674 τῆς

2141 3686 2462 3758 έπιϐουλῆς,
2539 3691 2722 3766 ἡμέρα
2795 3691 2885 3745 καὶ
2956 3697 3247 3765 προσηνῶς
3305 3689 3644 3764 ἀνελάμϐανε
3708 3695 3809 3748 καὶ

2141 3779 2326 3852 ὅρκοις
2382 3778 2793 3855 έξησιραλίζετο·
2854 3779 2982 3842 τοὺς
3033 3779 3149 3833 ὅσοι
3213 3779 3269 3834 δὲ
3311 3781 3396 3834 καὶ
3453 3783 3591 3855 πρὸς
3624 3783 3814 3853 μόνην

2141 3864 2537 3920 ἀπεδυσπέτουν
2597 3869 2693 3935 τὴν
2751 3869 2940 3936 ἀκοὴν,
2997 3866 3358 3944 ἀποδέχεσθαι
3409 3878 3809 3942 προσεποιεῖτο

2142 3955 2232 4010 καὶ
2291 3955 2578 4029 θαυμάζειν
2637 3963 2736 4025 τῆς
2795 3956 2869 4018 ε⁷ς
2900 3958 2990 4011 τὸν
3053 3957 3279 4033 βασιλέα
3344 3957 3576 4029 εὐνοίας,
3607 3961 3702 4013 καὶ
3735 3962 3811 4015 τὰ

2146 4042 2405 4119 λεχθέντα
2485 4043 2804 4117 δοκιμασίας
2879 4041 3034 4119 ἔλεγε
3112 4046 3340 4120 ῥηθῆναι
3419 4048 3629 4121 χάρμα,
3710 4051 3811 4104 καὶ

2151 4131 2523 4207 ὑπερλαλῆσαι
2576 4133 2780 4188 τοῦτων
2843 4133 2895 4194 ές
2950 4135 3040 4189 τὸν
3098 4133 3321 4208 βασιλέα
3362 4134 3675 4206 ἐπώμνυτο.
3708 4144 3812 4193 Te-

2149 4221 2393 4275 λευταῗον
2446 4220 2503 4276 δὲ
2533 4220 2777 4284 πολλοὺς
2812 4220 3126 4298 διαφθείρας
3155 4229 3261 4277 τῶν
3295 4223 3535 4278 πολιτῶν
3565 4225 3654 4278 καὶ
3682 4227 3809 4280 ἐπι-

2147 4307 2354 4378 ϐουλὴν
2390 4310 2653 4385 έξαρτῦων
2684 4309 2956 4388 ἐφωράθη.
2983 4312 3078 4365 Καὶ
3110 4312 3161 4364 οἱ
3196 4313 3289 4383 μὲν
3324 4311 3485 4367 ἄλλοι
3518 4314 3716 4376 πάντες
3757 4318 3815 4369 οἱ

2149 4398 2293 4470 αὑτῷ
2327 4400 2717 4470 συνομόσαντες
2745 4405 2924 4460 κακῶς
2966 4398 3160 4461 ἔπαθον
3211 4399 3513 4463 ἐτασθέντες
3555 4402 3646 4455 καὶ
3690 4409 3811 4457 τῶν

2148 4487 2362 4542 οἶκεῖων
2411 4487 2680 4560 ὑπάρξεων
2727 4489 3101 4561 γυμνωθέντες
3145 4488 3233 4541 καὶ
3286 4489 3597 4563 ὑπερορίαις
3630 4513 3817 4564 παρα-

2149 4578 2499 4652 πεμφθέντες,
2561 4577 2589 4629 ὁ
2651 4574 2706 4630 δὲ
2757 4577 3053 4647 Ῥωμανὸς,
3089 4573 3238 4629 οὐδὲν
3296 4578 3528 4639 πέπονθε
3561 4579 3819 4654 φαῦλον·

385 4670 522 4724 κατᾶ
552 4670 744 4744 μικρὸν
775 4667 873 4742 γὰρ
907 4662 1336 4739 ἀποστραφέντος
1359 4661 1516 4717 αὐτὸν
1546 4668 1642 4717 τοῦ
1679 4664 1966 4737 βασιλέως,
2002 4667 2165 4722 πάλιν
2202 4668 2558 4740 συνεχωρήθη
2594 4666 2682 4718 κἰἱ
2719 4667 2815 4733 τήν
2848 4665 3109 4740 προτέραν
3141 4667 3254 4740 εἶχε
3283 4667 3629 4725 κατάστασιν,

457 4779 611 4833 606
648 4783 819 4831 Porro
853 4775 1125 4829 sultanus
1151 4788 1304 4835 cum,
1332 4780 1392 4824 ut
1423 4772 1700 4837 diximus,
1738 4775 1895 4827 fratri
1932 4792 2036 4829 suo
2073 4783 2112 4844 [)

384 4867 660 4924 Abramio
705 4869 1093 4926 succenseret,
1138 4861 1408 4913 assiduas
1441 4863 1568 4929 ejus
1601 4862 1728 4914 vitae
1763 4862 2036 4934 deinec-ps

386 4953 857 5012 struxitinsidias
889 4951 1046 5016 Quod
1066 4948 1642 5003 sentiensAbramius
1661 4950 2038 5004 adCutlumu-

390 5059 522 5098 sum
555 5042 806 5113 aufugit,
839 5056 1011 5094 suum
1046 5037 1484 5102 consobrinum,
1521 5043 1576 5090 et
1604 5038 1698 5091 illo
1721 5040 2036 5109 adjuvante

392 5132 608 5187 bellum
633 5130 865 5185 sultano
889 5128 1044 5187 facit.
1074 5128 1168 5196 qui
1206 5141 1338 5179 cum
1371 5125 1440 5179 iis
1464 5142 1814 5197 congressus
1843 5127 2036 5198 przelio

393 5223 546 5291 apud
573 5221 749 5274 Pasar
772 5219 952 5272 victor
973 5215 1311 5270 Abramium
1337 5217 1828 5285 comprehensum
1865 5233 2034 5270 neca-

390 5313 493 5366 vit.
523 5309 904 5365 Cutlumusus
938 5306 1167 5377 fugiens
1196 5321 1328 5357 cum
1365 5320 1462 5358 sex
1495 5303 1757 5358 millibus
1787 5311 1843 5358 et
1865 5305 2034 5360 Mele-

389 5399 498 5454 cho
532 5397 783 5454 Abramii
829 5396 948 5450 lilio
982 5412 1081 5467 per
1113 5395 1334 5464 legatos
1389 5392 1530 5462 petit
1577 5394 1648 5446 ab
1686 5394 2035 5464 imperatore

387 5488 565 5559 recipi
588 5489 645 5542 in
661 5487 833 5540 ﬁdem
857 5483 2036 5552 societatemqueltomanorum;profectu-

383 5573 1069 5650 squeinPersarmeniam
1086 5572 1152 5625 ad
1164 5574 1332 5624 Carse
1349 5585 1691 5638 responsum
1710 5569 2031 5641 legatorum

383 5671 696 5738 exspectat.
752 5661 1108 5731 lnterimque
1157 5663 1328 5712 Garse
1375 5673 1748 5728 oppugnaris,
1796 5659 2034 5732 dempta

2215 4773 2269 4824 Ὁ
2329 4770 2385 4825 δὲ
2436 4770 2729 4834 σουλτάνος
2784 4771 3037 4847 έγκοτῶν,
3101 4773 3174 4835 ὡς
3233 4771 3446 4849 έρῥέθη,
3507 4772 3817 4851 Ἀϐραμίῳ

2146 4865 2222 4930 τῷ
2284 4857 2502 4934 ἀδελφῷ
2559 4861 2643 4914 καὶ
2701 4859 2786 4913 διὰ
2845 4861 3042 4921 παντὸς
3093 4856 3564 4935 ἐπιϐουλεύωντῇ
3601 4866 3818 4921 toﬁ-.9;

2151 4952 2285 5022 ζωῇ,
2320 4947 2546 5021 ἐμελέτα
2574 4947 2834 5019 διηνεκῶς
2866 4948 3070 5004 ἀνελεῖν
3103 4949 3286 5006 αὐτόν.
3318 4952 3490 5021 ’Ὅπερ
3523 4956 3823 5027 προγνοὺς

2431 5034 2634 5111 ἀπέδρα
2717 5038 2853 5110 πρὸς
2933 5039 3318 5114 Κουτλουμοῦς
3416 5038 3504 5092 τὸν
3607 5042 3827 5099 ἑαυτοῦ

2147 5127 2387 5198 ἀνεψιὸν,
2435 5127 2523 5179 καὶ
2592 5127 2704 5198 ἅμα
2759 5124 2950 5198 ἐκείνῳ
3006 5127 3094 5180 τὸν
3153 5128 3289 5181 κατά
3341 5131 3438 5180 τοῦ
3492 5129 3825 5188 σουλτάνου

2147 5212 2459 5288 ἀναδέχεται
2519 5215 2763 5288 πόλεμον
2800 5217 2880 5287 [Ρ.
2930 5218 3056 5288 789]
3111 5218 3204 5276 Οἷς
3237 5211 3532 5288 συμϐαλὼν
3568 5224 3722 5275 κατᾶ
3755 5226 3825 5278 τὸ

2143 5303 2439 5377 κεγόμενον
2518 5305 2696 5378 [Ιάσαρ
2773 5302 2975 5364 ἐκεῖνος
3048 5304 3319 5375 τρέπεται,
3393 5307 3479 5358 καί
3537 5308 3632 5360 τὸν
3713 5313 3823 5382 μὶν

2146 5387 2444 5465 Ἀϐράμιον
2478 5392 2684 5465 ἀναιρεῖ
2741 5393 3156 5467 κατασχεθέντα·
3219 5394 3246 5446 ὁ
3279 5390 3336 5446 ὁὶ
3398 5393 3824 5470 Κουτλουμοῦς

2143 5481 2322 5556 φυγὼν
2382 5482 2514 5553 μετᾶ
2567 5479 2836 5555 χιλιάδων
2894 5483 2935 5544 ς’
2991 5483 3080 5535 καὶ
3144 5482 3335 5557 Μέλεχ
3391 5487 3486 5536 τοῦ
3527 5486 3657 5538 υἱοῦ
3716 5495 3826 5544 τοῦ

2143 5565 2445 5643 Ἀϐραμίου
2516 5565 2953 5643 διαπρεσϐεύεται
3021 5571 3156 5646 πρὸς
3218 5569 3472 5644 βασιλέα,
3533 5574 3824 5633 ἱκετεύων

2142 5655 2542 5732 προσδεχθῆναι
2617 5657 2707 5712 καὶ
2776 5657 3069 5733 σύμμαχος
3135 5659 3224 5712 καὶ
3299 5657 3460 5733 φίλος
3539 5666 3825 5735 γενέσθαι

2148 5036 2347 5098 ἐκεῖνος
