4036 6194
237 397 338 456 337
1347 394 1886 455 HIS'l‘UltlAHUM
1938 394 2480 454 COMPENDIUM.
3495 401 3618 460 338

233 524 512 595 Ῥωμαίων.
576 523 667 576 Καὶ
726 521 900 577 ἐλθὼν
947 524 1080 598 πρὸς
1132 525 1231 592 τὴν
1289 522 1688 598 Περσαρμενίαν
1758 545 1822 578 κα

2067 542 2114 590 e,
2149 527 2322 597 capit.
2359 525 2523 580 Hunc
2557 543 2589 580 a
2620 531 2782 598 tergo
2813 527 3130 599 insequens
3166 528 3435 585 sultanus
3473 545 3608 586 cum
3657 581 3661 586 .

232 614 283 665 τὸ
332 612 625 684 λεγόμενον.
685 613 861 684 Κάρσε
910 612 1207 686 προσέμενε
1265 613 1354 672 τὰς
1404 618 1500 680 τῆς
1563 607 1826 680 πρεσϐεία.

2013 614 2081 667 iis
2115 615 2300 685 copiis
2332 615 2389 668 in
2429 615 2674 669 Iberiam
2708 616 2900 682 venit;
2949 616 3196 688 ideoque
3226 617 3607 673 Cultumusus

231 700 526 772 ἀποκρίσεις·
587 699 636 752 ἐν
686 704 767 770 τῷ
817 700 1010 772 μεταξῦ
1062 697 1117 753 δὲ
1149 699 1526 774 πολιορκήσας
1559 702 1619 754 τὸ
1654 701 1823 774 Κάρσε

2009 705 2027 758 l
2063 707 2272 759 Sabam
2309 710 2362 758 et
2418 703 2662 760 Felicem
2701 705 2972 760 Arabiam
3027 706 3193 777 fugit.
3240 706 3518 762 Sultanus
3545 707 3603 762 in

232 789 354 856 πλὴν
400 793 488 852 τῆς
528 786 906 864 ἀκροπόλεως,
940 788 1264 865 παρειλήφει
1319 791 1418 858 τὴν
1470 791 1652 844 πόλιν.
1710 795 1826 842 Κατ·

2010 793 2145 846 ιθιιὶθ.
2197 793 2368 847 obvia
2416 810 2663 864 quaeque
2715 795 3049 864 pepulando
3099 800 3274 865 atque
3318 795 3604 850 incendiis

230 879 330 932 ἑπιν
379 875 429 932 δὲ
456 878 648 931 τούτου
694 876 910 932 διώκων
971 879 998 932 ὁ
1056 877 1350 939 σουλτάνος
1404 878 1539 946 ἦλθε
1575 879 1707 949 μετὰ
1735 883 1824 931 τῶε

2008 886 2162 935 istat.
2211 884 2407 952 Itaque
2432 880 2695 936 celeriter
2727 883 3046 953 imperator
3081 883 3428 939 Michaelum
3461 887 3602 938 Aco-

228 968 368 1026 αὖτοῦ
417 964 688 1038 δυνάμεων
745 966 800 1020 ἐν
833 962 1058 1038 Ἰϐηρίᾳ·
1096 968 1228 1040 ὅπερ
1263 968 1448 1038 μαθὼν
1501 969 1527 1020 6
1563 973 1814 1022 ΚουτΛου

2007 971 2186 1024 ithuni
2222 988 2287 1024 ex
2319 971 2630 1025 Occidente
2662 981 2990 1026 revocatum
3029 971 3082 1026 in
3119 973 3364 1027 Iberiam
3401 973 3601 1027 mittit.

230 1060 344 1126 μοῦς
387 1053 542 1130 ἔφυγε
589 1054 727 1128 πρὸς
783 1057 853 1109 τὰ
885 1051 1033 1109 Σαϐἆ
1066 1056 1153 1110 καὶ
1199 1058 1298 1125 τὴν
1353 1054 1660 1128 Εὐδαίμονα
1688 1060 1818 1127 Ἀρα

2009 1059 2059 1112 ui
2113 1076 2240 1113 cum
2292 1075 2358 1113 eo
2418 1059 2691 1122 venisset,
2744 1058 3002 1114 collectis
3045 1076 3146 1130 per
3201 1059 3503 1116 Chaldiam
3539 1077 3603 1116 ac

224 1139 342 1198 ϐίαν.
384 1144 440 1199 Ὁ
496 1141 551 1196 δὲ
583 1141 877 1205 σουλτάνος
913 1143 962 1197 ἐν
1015 1139 1226 1218 Ἰϐηρίᾳ
1273 1144 1561 1219 γενόμενος
1592 1142 1818 1212 έληίζετι

2008 1149 2200 1202 »οι-ἱιιω
2236 1147 2518 1217 dispersis
2549 1147 2788 1202 Francis
2821 1165 2886 1202 ac
2920 1149 3202 1220 Barangis
3233 1166 3602 1220 compescere

221 1233 273 1285 τά
317 1231 686 1306 παρατυχόντα
725 1233 810 1286 καῖ
845 1231 1162 1306 ἐπυρπόλει.
1217 1233 1310 1287 Διὸ
1350 1233 1438 1286 καὶ
1485 1234 1620 1287 κατα
1670 1253 1806 1286 σπου

2009 1252 2302 1308 locunque
2332 1237 2503 1291 modo
2529 1237 2929 1308 grassationes
2957 1236 3172 1292 sultani
3198 1243 3460 1293 conatur.
3480 1237 3603 1294 Sul-

220 1319 301 1387 δὴν
355 1323 379 1374 6
437 1320 690 1395 βασιλεὺς
719 1323 810 1375 τὸν
849 1322 1180 1384 Ἀκῦλουθον
1223 1319 1453 1396 Μιχαὴλ
1491 1323 1814 1394 μεταπεμψά

2013 1343 2122 1379 nus
2171 1325 2338 1379 celeri
2397 1326 2575 1394 hujus
2623 1327 2875 1380 adventu
2933 1326 3184 1397 cognito,
3228 1327 3600 1398 sentiensque

222 1430 354 1481 μενος
382 1409 437 1463 ὲκ
463 1413 561 1474 τῆς
591 1411 856 1485 Ἑσπέρας
908 1411 960 1474 ἐς
1009 1405 1251 1485 Ἰϐηρίαν
1303 1409 1588 1482 ἐκπέμπεν
1645 1410 1702 1472 ὅς
1729 1411 1813 1465 ἐκε

2003 1415 2093 1468 ille
2124 1413 2286 1468 illum
2311 1414 2565 1468 exercitu
2591 1413 2830 1468 collecto
2856 1431 3054 1469 secum
3083 1431 3278 1487 pugna
3299 1417 3597 1487 congredi,

215 1499 472 1572 γενόμενος
518 1501 603 1552 καὶ
640 1499 767 1560 τοὺς
802 1496 1226 1573 διεσπαρμένους
1277 1497 1330 1554 ἓν
1380 1521 1438 1554 τε
1498 1496 1708 1568 Χαλδίᾳ
1746 1520 1809 1552 κα

2001 1508 2226 1572 ιρυιοιιε.
2261 1502 2314 1555 id
2348 1504 2499 1571 quod
2538 1518 2630 1556 res
2661 1507 2803 1566 erat,
2845 1509 3162 1572 utrumque
3202 1503 3313 1558 sibi
3344 1503 3595 1575 ignomi-

215 1581 398 1660 Ἰϐηρίᾳ
443 1588 734 1661 Φράγγους
783 1587 876 1642 καί
922 1591 1239 1663 Βαράγγους
1292 1589 1571 1663 ἀγηοχὼς,
1603 1586 1804 1641 κωλύει

1997 1590 2177 1645 iosum
2215 1593 2351 1654 fore,
2383 1591 2502 1645 sive
2537 1591 2794 1644 vinceret
2823 1592 3198 1660 imperatoris
3231 1591 3591 1660 ministrum,

214 1675 441 1748 ἠπείγετο
487 1676 575 1730 τὸν
626 1675 814 1730 ἐνόντα
861 1678 1060 1749 τρόπον
1097 1679 1190 1738 τὰς
1222 1674 1491 1748 ἐκδρομὰς
1520 1681 1616 1730 τοῦ
1674 1676 1805 1732 σουλ

1991 1697 2064 1734 .ve
2094 1680 2166 1733 ab
2193 1696 2258 1734 eo
2278 1680 2631 1744 vinceretur,
2659 1679 2866 1733 castris
2889 1679 3062 1734 motis
3089 1681 3250 1735 omni
3273 1697 3406 1735 cum
3439 1681 3585 1735 ϐυτ

211 1763 367 1818 τανου.
422 1763 578 1820 Ἀλλ’
633 1764 838 1828 ἐκεῖνος
866 1766 964 1832 τὴν
997 1765 1170 1835 ὀξεῖαν
1215 1763 1408 1842 ἔφοδον
1467 1765 1666 1819 τούτου
1731 1786 1805 1837 μα

1400 1789 1408 1816 ρ
1467 1765 1666 1819 τούτου
1731 1786 1832 1837 μα·
1945 1767 2196 1822 exercitu
2233 1785 2339 1822 suo
2371 1769 2438 1822 ad
2476 1767 2820 1823 Tabrezium
2855 1767 2994 1822 abit.

214 1853 323 1918 θὼν,
351 1853 432 1907 καὶ
463 1853 540 1908 ὅτι
577 1853 713 1909 λαὸν
750 1853 1004 1929 ἀθροίσας
1037 1852 1250 1909 σπεύδει
1281 1875 1343 1908 το
1360 1855 1458 1926 inp
1491 1852 1914 1926 συμπλέκεσθαι,
1950 1853 2307 1930 λογισάμενος
2342 1855 2472 1926 ὅπερ
2504 1857 2569 1925 ἦν
2600 1855 2766 1923 εἰκὸς,
2810 1857 2872 1910 τὸ
2907 1855 3233 1930 ἑκατέρωθεν
3275 1854 3371 1910 τοῦ
3417 1855 3592 1932 πράγ-

217 1962 358 2011 ματος
387 1940 591 2012 ἄδοξον,
629 1943 718 1996 καὶ
753 1942 835 1996 ὅτι
867 1946 1090 2012 νικήσας
1125 1945 1218 2016 μὲν
1255 1941 1450 1998 δοῦλον
1485 1939 1630 1997 ἔσται
1669 1940 1936 2017 βασιλέως
1969 1945 2282 2016 νενικηκὼς,
2317 1945 2552 2014 νικηθεὶς
2587 1941 2643 1998 δὲ
2669 1944 2730 1998 οὐ
2766 1944 2961 2019 μικρὰν
2995 1943 3261 2019 αῗσχύνην
3292 1943 3592 2013 ἀποίσεται,

213 2028 322 2102 ἄρας
347 2033 493 2086 παντὶ
527 2037 608 2104 τῷ
642 2037 859 2106 στρατῷ
889 2031 1119 2103 ἐνέζευξε
1147 2033 1282 2106 πρὸς
1310 2034 1372 2087 τὸ
1407 2029 1720 2108 Ταϐρέζιον.

265 2138 380 2192 Τότε
432 2137 497 2207 δή
557 2141 650 2193 καὶ
719 2140 1021 2213 Μιχαηλᾶς
1055 2141 1083 2194 6
1109 2144 1206 2194 τοῦ
1268 2139 1540 2216 Στεφάνου
1571 2140 1709 2207 υἱὸς,
1741 2140 1828 2194 καὶ

2014 2142 2131 2197 Ηοο
2162 2142 2288 2212 ipso
2321 2146 2582 2212 tempore
2616 2139 2930 2197 Michaelas
2961 2141 3246 2212 Stephani
3281 2141 3458 2212 filius,
3492 2142 3595 2214 qui

207 2221 496 2301 Τριϐαλλῶν
559 2228 652 2282 καὶ
706 2224 927 2303 Σέρϐιον
978 2230 1112 2300 μετᾶ
1156 2229 1248 2283 τὸν
1309 2229 1512 2303 πατέρα
1566 2229 1801 2283 καταστά

1997 2238 2078 2284 est
2105 2231 2286 2302 patris
2311 2236 2552 2285 mortem
2577 2229 2969 2286 Triballorum
2994 2247 3059 2285 ac
3089 2230 3403 2286 Serborum
3437 2231 3591 2302 prin-

207 2316 438 2390 ἀρχηγὸς,
499 2315 787 2372 σπένδεται
841 2322 919 2388 τῷ
979 2317 1212 2393 βασιλεῖ,
1243 2317 1331 2372 καὶ
1363 2323 1478 2380 τοῖς
1511 2319 1796 2392 συμμάγοι

1999 2332 2196 2390 patum
2233 2320 2490 2385 tenebat,
2524 2335 2656 2373 cum
2692 2318 3043 2390 imperatore
3078 2320 3264 2374 taedas
3305 2319 3424 2383 icit,
3456 2336 3588 2389 pro-

206 2405 276 2457 καὶ
328 2404 501 2481 φίλοις
554 2411 668 2460 τῶν
746 2406 1027 2478 Ῥωμαίων
1102 2405 1442 2484 ἐγγράφεται,
1503 2427 1800 2479 πρωτοσπα

1989 2409 2400 2478 ispathariique
2418 2409 2725 2462 decoratus
2748 2408 2967 2463 honore
2987 2409 3041 2461 in
3069 2407 3265 2463 album
3291 2408 3583 2464 sociorum

206 2494 362 2562 θάριος
433 2496 719 2566 τιμηθείς.
783 2495 1062 2573 Ἐπὲμφθη
1117 2493 1173 2550 δὲ
1228 2501 1306 2568 τῷ
1362 2497 1576 2570 βασιλεῖ
1631 2495 1717 2550 καὶ
1778 2494 1800 2549 ὲ

1992 2513 2006 2550 3
2037 2498 2360 2551 aulicorum
2395 2496 2621 2567 imperii
2670 2497 2914 2551 Romani
2966 2497 3300 2552 ascribitur.
3336 2496 3586 2551 Mittitur

208 2580 467 2656 Αίγύπτου·
525 2585 677 2654 παρὰ
733 2588 834 2637 τοῦ
886 2584 1086 2653 ταύτης
1143 2586 1413 2660 ἀρχηγοῦ,
1449 2589 1583 2653 ζῶον
1634 2583 1797 2659 ὲλέφα

1991 2585 2113 2639 .iam
2150 2585 2531 2640 Monomacbo
2578 2586 2650 2639 ab
2682 2585 2902 2656 [Egypli
2959 2586 3216 2656 principe
3266 2585 3504 2656 elephas
3529 2591 3585 2640 et

203 2673 272 2723 ui
334 2669 854 2743 καμηλοπάρδαλις.
928 2673 1274 2745 Βουλόμενος
1351 2672 1406 2728 δε
1478 2675 1505 2728 6
1578 2672 1797 2748 βασιλεὺ

1987 2673 2440 2744 ιιιιιτιοριιιιόοὶὶε.
2492 2675 2826 2729 Secundum
2882 2673 3002 2728 hee
3051 2673 3368 2744 imperator
3398 2673 3581 2728 Patzi-

203 2757 374 2820 τελέως
423 2761 744 2825 ἀπώσασθαι
799 2761 928 2823 τοὺς
981 2764 1337 2831 Πατζινάκας,
1370 2763 1465 2824 τὶς
1499 2760 1797 2831 ὅθενδῆποτ

1987 2781 2114 2818 acas
2149 2781 2388 2834 prorsus
2422 2763 2651 2818 amoliri
2685 2763 2948 2833 cupiens,
2983 2779 3184 2816 omnes
3229 2762 3489 2833 undique
3519 2780 3581 2818 ex

211 2844 428 2918 δυνάμεις
485 2850 745 2924 ἀθροίσας
803 2849 864 2905 ἐκ
906 2857 1005 2920 τῆς
1063 2852 1234 2922 Ἑῴας
1265 2851 1353 2906 καὶ
1411 2859 1510 2920 τῆς
1567 2853 1798 2926 Ἑσπέρα

1993 2853 2173 2905 riente
2241 2858 2298 2906 et
2331 2853 2640 2907 Occidente
2686 2853 2882 2922 copias
2914 2851 3207 2916 conducit,
3260 2852 3448 2922 iisque
3475 2851 3587 2905 Mi-

209 2937 281 2988 καὶ
332 2939 558 3012 Μιχαὴλ
622 2937 898 3014 παραδοὺς
945 2944 1024 3012 τῷ
1083 2939 1419 3013 Ἀκολοόθῳ,
1468 2941 1555 2995 καὶ
1587 2942 1679 2995 τὸν
1713 2942 1803 3014 σύγ

1991 2940 2204 2994 iaelum
2232 2940 2581 2994 Acoluthum
2602 2941 2842 3011 prmﬁcit
2864 2958 2875 2994 :
2901 2939 3180 2994 Basilium
3202 2955 3431 3011 quoque.
3455 2955 3585 3009 syn-

211 3023 376 3080 κελλον
433 3025 489 3082 δὲ
556 3027 848 3084 Βασίλειον
921 3031 988 3084 τὰ
1052 3029 1399 3104 Βουλγαρικὰ
1457 3030 1805 3104 στρατεύματι

1993 3027 2151 3082 ellum
2179 3029 2512 3099 Bulgaricos
2530 3029 2995 3097 exercitusjubet
3010 3029 3346 3093 excitare,et
3367 3034 3587 3083 utrum-

213 3112 528 3190 ἀνειληφέναι
568 3117 853 3183 κελεύσας,
914 3120 1002 3172 καὶ
1060 3117 1226 3194 ἄμφω
1283 3121 1418 3174 κατὰ
1467 3125 1574 3173 τῶν
1630 3121 1807 3188 Ηατζι

1995 3138 2051 3174 Je
2092 3126 2292 3174 contra
2326 3121 2661 3174 Patzinaeas
2708 3119 3017 3190 proficisci.
3053 3119 3330 3175 Nuntiata
3374 3119 3447 3174 iis
3480 3119 3589 3173 hac

205 3202 352 3256 νάκων
412 3204 704 3279 ἐκπέμπει.
777 3210 949 3282 ’Ὸπερ
1009 3207 1203 3262 ἐκεῖνοι
1261 3207 1556 3281 πυθόμενοι
1616 3208 1799 3282 χάρακη

1991 3228 2020 3274 ι,
2055 3210 2373 3263 Patziuaca:
2408 3209 2479 3262 ad
2515 3225 2784 3279 magnam
2823 3205 3250 3261 Peristblabam
3283 3212 3473 3261 castra
3503 3206 3585 3260 lo-

207 3289 437 3361 ἒπιίξαντο
507 3297 650 3350 κατά
717 3297 818 3363 τήν
892 3295 1134 3372 μεγάλην
1189 3293 1586 3372 Περισθλάϐαν,
1639 3299 1801 3375 τάφρι

1989 3304 2092 3365 int,
2127 3314 2311 3367 eaque
2343 3297 2493 3352 vallo
2523 3315 2590 3352 ac
2638 3298 2795 3350 fessa
2835 3295 3248 3350 communiunt
3278 3295 3583 3360 profunda,

211 3378 369 3452 βαθείᾳ
447 3386 537 3438 καὶ
621 3385 973 3458 σταυρώμασι
1036 3384 1237 3455 ταύτην
1324 3387 1805 3461 κατοχυρώσαντες

1994 3429 1995 3434 η
2025 3388 2304 3442 Romanis
2333 3386 2780 3440 advenientibus
2807 3385 2861 3437 in
2897 3401 2964 3438 ea
2987 3401 3047 3438 se
3069 3382 3406 3450 includunt,
3439 3382 3588 3437 obsi-

209 3468 550 3545 Ἀφικομένων
658 3471 749 3526 οὖν
847 3477 955 3526 τῶν
1051 3475 1336 3546 Ῥωμαίων
1379 3477 1382 3480 ’
1423 3473 1797 3550 συγκλείσαντε

210 3556 220 3572 ι
346 3559 355 3572 ι
454 3556 534 3572 ν..
703 3567 729 3572 _
867 3562 877 3572 .
1083 3562 1097 3572 .
1184 3561 1200 3572 .
1385 3567 1406 3572 μ
1587 3566 1640 3572 λ-
1719 3564 1729 3572 .
1774 3562 1803 3572 ς.

1989 3477 2172 3530 ionem
2185 3494 2215 3545 q
2229 3492 2296 3529 ue
2331 3472 2999 3544 perl'erunt.Romani,cu
3013 3489 3064 3525 m
3089 3477 3319 3542 tempus
3342 3471 3397 3525 in
3431 3469 3554 3525 obsi
3568 3503 3583 3511 -

209 3556 397 3620 ἑαυτοὺς
452 3556 606 3615 ἔνδον
661 3567 762 3630 τῆς
817 3562 1022 3638 τάφρου
1080 3561 1526 3636 ἐπολιορκοῦντο.
1585 3564 1734 3620 Ἐπεὶ
1769 3562 1803 3618 ’3⁷

1992 3567 2114 3620 ione
2146 3564 2306 3618 nullo
2333 3563 2524 3617 fructu
2563 3568 2845 3616 tereretur
2869 3562 3104 3629 jamque
3137 3561 3311 3615 etiam
3345 3559 3586 3630 penuria

208 3650 302 3706 τοῖς
339 3648 628 3717 Ῥωμαίοις
686 3648 977 3718 τηνάλλως
1025 3653 1053 3704 ὁ
1081 3652 1267 3725 καιρὸς
1300 3647 1560 3724 ἐτρίϐετο,
1597 3649 1765 3723 μηδὲν
1798 3677 1802 3700 ι

1999 3656 2201 3708 borare
2231 3650 2916 3722 ineiperent,consultant
2932 3649 3212 3720 quidnam
3233 3655 3387 3704 esset
3412 3665 3553 3721 agen
3575 3678 3587 3686 -

208 3751 250 3784 τι
276 3739 351 3786 καί
400 3734 568 3812 λόγου
627 3735 773 3806 ἄξιον
825 3735 1232 3811 διαπράττουσι,
1264 3739 1495 3814 κατέσχε
1526 3737 1584 3795 δὲ
1630 3741 1794 3794 αὐτου

1996 3760 2101 3796 1m.
2137 3741 2362 3796 Placuit
2392 3741 2757 3798 obsidionem
2791 3739 3034 3794 solvere.
3073 3739 3276 3809 ltaque
3309 3738 3590 3809 imperato

208 3821 278 3873 καὶ
314 3825 500 3886 σπάνες
529 3831 640 3879 τῶν
675 3826 1004 3902 ἀναγκαίων,
1062 3827 1270 3902 βουλήν
1320 3828 1674 3902 προότίθεσαν
1702 3850 1800 3902 περ

1999 3832 2174 3886 lentio
2208 3831 2560 3901 intempesta
2593 3835 2759 3884 nocte
2791 3827 2974 3899 portis
3015 3832 3341 3881 castrorum
3375 3826 3591 3898 apertis

207 3913 286 3961 τοῦ
335 3914 622 3985 πρακτέου,
681 3914 770 3968 καὶ
831 3912 984 3986 δόξαν
1047 3917 1238 3970 ἅπασιν
1295 3917 1649 3990 ὑποστρέψαι,
1690 3918 1801 3992 ἀωρ

1993 3921 2274 3973 :seedunt.
2308 3919 2514 3988 Neque
2547 3919 2652 3972 hoc
2681 3915 3008 3987 Tyracbum
3047 3915 3236 3980 latuit,
3254 3913 3353 3968 sed
3390 3914 3587 3985 fugam

207 4001 294 4050 τῶν
342 4007 539 4055 νυκτῶν
619 4005 780 4076 σιγὴν
836 4003 1294 4078 παραγγείλαντες
1354 4005 1441 4060 καὶ
1499 4007 1592 4063 τὰς
1651 4005 1797 4060 πύλα

1994 4027 2037 4063 »ε
2071 4008 2258 4062 moliri
2318 4009 2528 4061 certior
2581 4008 2768 4060 factus
2815 4020 3086 4075 magnam
3151 4003 3588 4057 multitudinem

211 4086 604 4153 ἀναπετάσαντες
646 4095 746 4160 τῆς
802 4088 1166 4166 παρεμϐολῆς
1229 4094 1569 4169 ἐπεχώρουν.
1651 4098 1805 4152 Τοῦτ‹

1996 4097 2148 4151 ιεῐνὶιι
2181 4096 2452 4150 emissam
2502 4095 2626 4149 vias
2679 4093 2932 4148 insidere
2975 4092 3147 4162 jubet
3203 4109 3318 4160 qua
3348 4092 3590 4146 Romani

211 4169 257 4227 δὲ
298 4177 387 4232 οὐκ
429 4178 592 4243 ἔλαθε
637 4181 731 4235 τὸν
762 4183 965 4256 Τυράχο
1001 4181 1145 4237 ἀλλὰ
1197 4186 1379 4255 μαθὼν
1431 4185 1505 4245 ὡς
1537 4183 1805 4258 βούλονται

1995 4196 2097 4239 ant
2122 4182 2632 4252 transituri,atque
2652 4183 2775 4253 ipse
2797 4181 3160 4251 egredientes
3183 4180 3380 4234 statim
3406 4179 3589 4234 adori-

210 4263 416 4338 φεὸγειν,
466 4265 597 4323 λαὸν
662 4269 744 4323 ὅτι
798 4268 1054 4325 πλεῖστον
1112 4275 1208 4326 τοῦ
1269 4272 1509 4346 χάρακος
1559 4271 1804 4348 ἐξαγαγὼ

1993 4273 2212 4328 ir.608
2237 4277 2410 4328 Atrox
2435 4272 2511 4325 ibi
2538 4273 2932 4326 Romanorum
2967 4271 3075 4324 fuit
3097 4268 3314 4334 clades,
3331 4285 3466 4324 cum
3489 4269 3587 4322 alii

211 4348 252 4402 ἐν
290 4359 394 4414 ταῖς
443 4353 649 4419 διόδοις
701 4357 1006 4430 ἐκπέμπει,
1055 4361 1136 4432 [Ρ.
1185 4363 1315 4433 790]
1374 4361 1614 4431 ὅπουπερ
1664 4348 1805 4434 ἔμελ·

1992 4371 2136 4418 )stes
2169 4382 2201 4417 a
2233 4369 2391 4433 tergo
2423 4361 2673 4416 insecuti
2706 4359 3110 4425 necarent,alii
3144 4359 3216 4412 ab
3239 4357 3312 4414 iis
3337 4357 3438 4428 qui
3465 4357 3586 4412 vias

212 4435 292 4493 λον
334 4443 379 4495 οἱ
427 4445 691 4517 Ῥωμαῖοι
725 4445 1057 4522 διέρχεσθαι·
1107 4447 1266 4510 αὐτὸς
1305 4446 1362 4502 δὲ
1393 4447 1693 4519 ἐξελθοῦσιν
1743 4449 1806 4505 εὐι

1991 4457 2364 4522 :cupaverant
2393 4449 2816 4504 occiderentur.
2869 4447 3084 4502 Cecidit
3135 4463 3350 4517 magna
3381 4445 3585 4500 multi-

212 4525 288 4590 θῦς
339 4530 644 4589 ἐπιτίθεται.
713 4537 812 4589 Καὶ
879 4537 1080 4610 γίνεται
1140 4539 1319 4611 τροπή
1383 4542 1489 4592 τῶν
1539 4539 1806 4610 Ῥωμαίου·

1994 4542 2100 4607 ldo,
2135 4546 2308 4610 atque
2338 4539 2461 4610 ipse
2494 4537 2668 4592 etiam
2704 4535 2995 4608 syneellus
3017 4553 3035 4588 :
3069 4533 3277 4605 reliqui
3309 4550 3441 4590 cum
3477 4534 3588 4588 Mi-

211 4621 402 4690 φρικτή,
450 4623 539 4676 καὶ
582 4625 632 4678 oi
687 4625 782 4695 μὲν
820 4625 922 4679 ὑπὸ
970 4631 1078 4680 τῶν
1129 4625 1355 4681 κατόπιν
1407 4625 1798 4700 καταλαμλανό

1991 4629 2139 4684 melo
2170 4627 2586 4698 Adrianopolin
2621 4630 3028 4696 pervenerunt.
3072 4623 3489 4678 Monomacbus
3519 4640 3585 4676 ex

214 4724 343 4772 μενοι
386 4709 811 4788 ἀπεσφάττοντο,
858 4714 911 4767 οἱ
939 4711 997 4767 δὲ
1030 4715 1132 4769 ὑπὸ
1163 4719 1270 4768 τῶν
1301 4714 1808 4790 προκατειληφότωπ

1991 4735 2047 4772 ac
2079 4717 2410 4772 calamitate
2432 4715 2729 4785 ingentem
2753 4713 2907 4784 cepit
2927 4712 3184 4767 dolorem
3210 4732 3224 4779 ;
3249 4717 3306 4767 et
3327 4711 3585 4766 collectis

208 4793 284 4853 τὶς
327 4793 629 4873 δυσχωρίας
673 4800 985 4876 εἰργόμενοι
1041 4802 1417 4872 ἀνηλίσκοντο.
1471 4806 1691 4861 Ἔπεσεν
1725 4806 1802 4860 οὗε

1989 4808 2036 4861 ui
2070 4810 2375 4862 eVaeerant
2406 4803 2715 4865 militibus,
2749 4803 3028 4872 novisque
3059 4801 3294 4871 scriptis
3329 4800 3583 4856 cohorti-

211 4879 395 4966 πλῆθος
423 4888 587 4956 πολὺ,
641 4890 827 4944 πίπτει
866 4888 924 4944 δὲ
961 4891 1050 4945 καὶ
1083 4891 1240 4952 αὐτὸς
1267 4893 1295 4946 6
1327 4892 1648 4966 σόγκελλος,
1681 4895 1732 4948 οἱ
1766 4893 1805 4948 δῖ

1984 4894 2376 4958 Je,conductis
2405 4892 2578 4947 etiam
2617 4889 3240 4958 mercenariis,bellum
3271 4889 3578 4959 reparavit,

213 4965 372 5026 λοιποὶ
427 4976 519 5030 σὺν
548 4983 628 5049 τῷ
659 4977 892 5054 Μιχαὴλ
953 4979 1004 5033 ἐν
1056 4965 1502 5050 Ἀδριανουπόλει
1537 4979 1807 5052 διασώζονη

1987 4986 2112 5053 uod,
2146 4983 2258 5039 nisi
2293 4982 2605 5037 excidisset
2653 4981 3011 5044 Patzinacas,
3057 4979 3234 5033 vitam
3284 4979 3393 5033 sibi
3423 4994 3581 5032 acer-

209 5075 297 5112 ται.
353 5065 655 5140 ΙΙεριαλγής
715 5069 808 5122 οὖν
857 5070 885 5123 ὁ
953 5068 1208 5143 βασιλεὺς
1249 5071 1542 5144 γενόμενος
1593 5071 1680 5126 ἐπί
1747 5077 1803 5143 τι]

1987 5092 2067 5129 πη
2101 5073 2372 5128 ducebat.
2408 5072 2724 5125 Patzinacze
2758 5085 2788 5123 e
2823 5070 3061 5139 perfuga
3119 5068 3376 5137 quodam
3410 5084 3476 5122 eo
3510 5068 3581 5121 de

211 5144 492 5222 ἀτυχήματι
567 5155 696 5218 τούς
774 5178 833 5211 τε
904 5156 962 5212 ἇκ
1031 5165 1131 5227 τῆς
1205 5167 1414 5232 τροπῆς
1471 5158 1805 5224 διασωθέντας

1984 5163 2204 5218 istituto
2237 5161 2368 5216 facti
2425 5159 2722 5225 certiores,
2759 5158 2956 5212 missis
3007 5157 3214 5227 legatis
3265 5173 3464 5227 pacem
3507 5158 3578 5210 ab

210 5233 512 5309 ἀνελάμϐανε
557 5245 648 5299 καὶ
678 5245 810 5301 λαὸν
859 5243 1040 5320 ἕτερον
1085 5245 1461 5322 ἐστρατολόγει
1505 5250 1594 5304 καὶ
1631 5263 1804 5322 μισθο·

1987 5257 2286 5320 uperatore
2320 5250 2630 5322 petierunt.
2664 5247 2888 5313 Quibus
2919 5246 3194 5314 assensit,
3225 5250 3284 5301 et
3313 5245 3581 5300 inducias

210 5322 381 5396 φόρους
431 5333 694 5410 συνέλεγε,
755 5335 843 5389 καὶ
904 5331 1136 5391 ἀϐίωτον
1190 5336 1377 5412 ἠγεῖτο
1425 5339 1515 5392 τὸν
1580 5339 1718 5413 βίον,
1780 5360 1801 5392 ε

928 5331 1136 5391 ιϐίωτον
1190 5336 1377 5412 ἠγεῖτο
1425 5339 1515 5392 τὸν
1580 5339 1718 5413 βίον,
1780 5339 1823 5392 εί
1935 5339 2254 5396 triennales
2288 5338 2522 5410 pepigit.

211 5411 273 5477 μὴ
304 5412 459 5486 ἆ’ἔκδηλα
493 5422 733 5500 ἀφανίσει
763 5425 824 5478 τὸ
855 5425 1012 5499 γένος
1042 5430 1149 5480 τῶν
1180 5431 1544 5495 Πατζινακων.
1579 5425 1734 5483 Ἀλλ’
1767 5425 1960 5482 ἐκεῖνοι
1994 5425 2062 5480 δι’
2094 5425 2406 5499 αὐτομόλου
2437 5430 2596 5480 τοῦτο
2628 5425 2925 5496 πυθόμενοι
2948 5417 3418 5497 διαπρεσϐεὗονται
3440 5422 3577 5494 πρὸς

207 5499 283 5550 τὸν
315 5503 544 5578 βασιλέα,
577 5513 797 5586 εἰρήνην
831 5513 1128 5576 αῗτοῦντες.
1163 5517 1258 5568 Καὶ
1289 5513 1719 5590 προσδεξάμενος
1750 5514 1906 5578 οὗτος
1944 5517 2044 5584 τήν
2094 5510 2378 5592 πρεσϐείαν
2434 5511 2712 5568 σπένδεται
2760 5513 2873 5585 μετ’
2923 5511 3096 5566 αὐτῶν
3141 5509 3574 5587 τριακοντούτεις

209 5589 414 5654 σπονδᾶς
447 5600 686 5670 θέμενος.

265 5694 624 5781 Μοναστήριον
697 5705 756 5763 δὶ
834 5705 1152 5783 οἰκοδομῶν
1200 5709 1229 5764 ὁ
1277 5708 1530 5786 βασιλεὺς
1575 5711 1709 5766 κατά
1754 5711 1822 5766 τὰ

2000 5712 2283 5770 Castorum
2313 5709 2734 5769 Monomachus
2765 5706 3190 5765 monasterium
3221 5704 3480 5762 condens
3510 5702 3570 5757 in
