  <div class='ocr_page' id='page_1' title='image "/cluster/home/n/w/nwhite01/storage/ocr_20150623/122/hvd.32044073502460/181.png"; bbox 0 0 4008 6206; ppageno 0'>
   <div class='ocr_carea' id='block_1_1' title="bbox 348 324 466 384">
    <p class='ocr_par' dir='ltr' id='par_1_1' title="bbox 348 324 466 384">
     <span class='ocr_line' id='line_1_1' title="bbox 348 324 466 384; baseline -0.017 0"><span class='ocrx_word' id='word_1_1' title='bbox 348 324 466 384; x_wconf 88' lang='lat'>339</span> 
     </span>
    </p>
   </div>
   <div class='ocr_carea' id='block_1_2' title="bbox 1702 318 2401 382">
    <p class='ocr_par' dir='ltr' id='par_1_2' title="bbox 1702 318 2401 382">
     <span class='ocr_line' id='line_1_2' title="bbox 1702 318 2401 382; baseline 0 -2"><span class='ocrx_word' id='word_1_2' title='bbox 1702 319 2016 380; x_wconf 78' lang='lat' dir='ltr'>GEORGII</span> <span class='ocrx_word' id='word_1_3' title='bbox 2063 318 2401 382; x_wconf 79' lang='lat' dir='ltr'>CEDRENI</span> 
     </span>
    </p>
   </div>
   <div class='ocr_carea' id='block_1_3' title="bbox 3631 317 3746 376">
    <p class='ocr_par' dir='ltr' id='par_1_3' title="bbox 3631 317 3746 376">
     <span class='ocr_line' id='line_1_3' title="bbox 3631 317 3746 376; baseline 0 -1"><span class='ocrx_word' id='word_1_4' title='bbox 3631 317 3746 376; x_wconf 68' lang='grc'>340</span> 
     </span>
    </p>
   </div>
   <div class='ocr_carea' id='block_1_4' title="bbox 353 446 2000 528">
    <p class='ocr_par' dir='ltr' id='par_1_4' title="bbox 353 454 1987 528">
     <span class='ocr_line' id='line_1_4' title="bbox 353 454 1987 528; baseline -0.002 -19"><span class='ocrx_word' id='word_1_5' title='bbox 353 454 684 528; x_wconf 80' lang='lat' dir='ltr'>Manganis,</span> <span class='ocrx_word' id='word_1_6' title='bbox 706 471 831 526; x_wconf 66' lang='lat' dir='ltr'>quae</span> <span class='ocrx_word' id='word_1_7' title='bbox 853 455 1658 526; x_wconf 84' lang='lat' dir='ltr'>vocantur,denominandum</span> <span class='ocrx_word' id='word_1_8' title='bbox 1679 471 1712 507; x_wconf 87' lang='lat' dir='ltr'>a</span> <span class='ocrx_word' id='word_1_9' title='bbox 1737 458 1987 524; x_wconf 75' lang='lat' dir='ltr'>martyre</span> 
     </span>
    </p>
   </div>
   <div class='ocr_carea' id='block_1_5' title="bbox 2112 446 3747 528">
    <p class='ocr_par' dir='ltr' id='par_1_5' title="bbox 2112 446 3747 527">
     <span class='ocr_line' id='line_1_5' title="bbox 2112 446 3747 527; baseline -0.002 -24"><span class='ocrx_word' id='word_1_10' title='bbox 2112 448 2379 523; x_wconf 82' lang='grc' dir='ltr'>λεγόμενα</span> <span class='ocrx_word' id='word_1_11' title='bbox 2437 453 2697 527; x_wconf 84' lang='grc' dir='ltr'>Μάγγανα</span> <span class='ocrx_word' id='word_1_12' title='bbox 2751 450 2835 506; x_wconf 79' lang='grc' dir='ltr'>ἐπ’</span> <span class='ocrx_word' id='word_1_13' title='bbox 2889 451 3115 523; x_wconf 82' lang='grc' dir='ltr'>ὀνόματι</span> <span class='ocrx_word' id='word_1_14' title='bbox 3162 454 3258 505; x_wconf 73' lang='grc' dir='ltr'>τοῦ</span> <span class='ocrx_word' id='word_1_15' title='bbox 3302 451 3460 524; x_wconf 78' lang='grc' dir='ltr'>ἁγίου</span> <span class='ocrx_word' id='word_1_16' title='bbox 3514 446 3747 522; x_wconf 79' lang='grc' dir='ltr'>μεγάλου</span> 
     </span>
    </p>
   </div>
   <div class='ocr_carea' id='block_1_6' title="bbox 353 541 1997 615">
    <p class='ocr_par' dir='ltr' id='par_1_6' title="bbox 353 541 1997 615">
     <span class='ocr_line' id='line_1_6' title="bbox 353 541 1997 615; baseline -0.003 -16"><span class='ocrx_word' id='word_1_17' title='bbox 353 545 618 615; x_wconf 87' lang='lat' dir='ltr'>Georgio,</span> <span class='ocrx_word' id='word_1_18' title='bbox 641 545 938 615; x_wconf 83' lang='lat' dir='ltr'>productis</span> <span class='ocrx_word' id='word_1_19' title='bbox 963 545 1134 598; x_wconf 87' lang='lat' dir='ltr'>modo</span> <span class='ocrx_word' id='word_1_20' title='bbox 1152 544 1490 598; x_wconf 73' lang='lat' dir='ltr'>aediﬁcando</span> <span class='ocrx_word' id='word_1_21' title='bbox 1515 543 1685 595; x_wconf 85' lang='lat' dir='ltr'>modo</span> <span class='ocrx_word' id='word_1_22' title='bbox 1712 541 1997 594; x_wconf 87' lang='lat' dir='ltr'>diruendo</span> 
     </span>
    </p>
   </div>
   <div class='ocr_carea' id='block_1_7' title="bbox 353 633 1993 703">
    <p class='ocr_par' dir='ltr' id='par_1_7' title="bbox 353 633 1993 703">
     <span class='ocr_line' id='line_1_7' title="bbox 353 633 1993 703; baseline -0.002 -17"><span class='ocrx_word' id='word_1_23' title='bbox 353 633 426 687; x_wconf 92' lang='lat' dir='ltr'>iis</span> <span class='ocrx_word' id='word_1_24' title='bbox 458 649 581 703; x_wconf 79' lang='lat' dir='ltr'>quas</span> <span class='ocrx_word' id='word_1_25' title='bbox 612 641 778 686; x_wconf 87' lang='lat' dir='ltr'>erant</span> <span class='ocrx_word' id='word_1_26' title='bbox 811 635 867 686; x_wconf 90' lang='lat' dir='ltr'>in</span> <span class='ocrx_word' id='word_1_27' title='bbox 900 633 1099 687; x_wconf 66' lang='lat' dir='ltr'>aerario</span> <span class='ocrx_word' id='word_1_28' title='bbox 1130 633 1428 687; x_wconf 82' lang='lat' dir='ltr'>omnibus.</span> <span class='ocrx_word' id='word_1_29' title='bbox 1462 635 1532 684; x_wconf 81' lang='lat' dir='ltr'>ad</span> <span class='ocrx_word' id='word_1_30' title='bbox 1592 647 1862 700; x_wconf 81' lang='lat' dir='ltr'>magnam</span> <span class='ocrx_word' id='word_1_31' title='bbox 1902 645 1993 698; x_wconf 87' lang='lat' dir='ltr'>pe-</span> 
     </span>
    </p>
   </div>
   <div class='ocr_carea' id='block_1_8' title="bbox 354 720 1996 792">
    <p class='ocr_par' dir='ltr' id='par_1_8' title="bbox 354 720 1996 792">
     <span class='ocr_line' id='line_1_8' title="bbox 354 720 1996 792; baseline -0.002 -17"><span class='ocrx_word' id='word_1_32' title='bbox 354 722 536 775; x_wconf 68' lang='lat' dir='ltr'>cuniae</span> <span class='ocrx_word' id='word_1_33' title='bbox 558 722 941 792; x_wconf 77' lang='lat' dir='ltr'>indigentiam</span> <span class='ocrx_word' id='word_1_34' title='bbox 968 722 1205 775; x_wconf 83' lang='lat' dir='ltr'>decidit.</span> <span class='ocrx_word' id='word_1_35' title='bbox 1230 720 1480 790; x_wconf 86' lang='lat' dir='ltr'>Ideoque</span> <span class='ocrx_word' id='word_1_36' title='bbox 1500 721 1654 773; x_wconf 74' lang='lat' dir='ltr'>Varia</span> <span class='ocrx_word' id='word_1_37' title='bbox 1677 720 1996 773; x_wconf 81' lang='lat' dir='ltr'>admodum</span> 
     </span>
    </p>
   </div>
   <div class='ocr_carea' id='block_1_9' title="bbox 355 809 1998 882">
    <p class='ocr_par' dir='ltr' id='par_1_9' title="bbox 355 809 1998 882">
     <span class='ocr_line' id='line_1_9' title="bbox 355 809 1998 882; baseline -0.002 -19"><span class='ocrx_word' id='word_1_38' title='bbox 355 811 724 882; x_wconf 85' lang='lat' dir='ltr'>cauponandi</span> <span class='ocrx_word' id='word_1_39' title='bbox 767 827 977 878; x_wconf 73' lang='lat' dir='ltr'>genera</span> <span class='ocrx_word' id='word_1_40' title='bbox 1023 809 1235 878; x_wconf 73' lang='lat' dir='ltr'>reperit</span> <span class='ocrx_word' id='word_1_41' title='bbox 1279 817 1333 862; x_wconf 87' lang='lat' dir='ltr'>et</span> <span class='ocrx_word' id='word_1_42' title='bbox 1381 809 1669 863; x_wconf 75' lang='lat' dir='ltr'>absurdus</span> <span class='ocrx_word' id='word_1_43' title='bbox 1703 824 1998 862; x_wconf 86' lang='lat' dir='ltr'>commen-</span> 
     </span>
    </p>
   </div>
   <div class='ocr_carea' id='block_1_10' title="bbox 353 897 1996 970">
    <p class='ocr_par' dir='ltr' id='par_1_10' title="bbox 353 897 1996 970">
     <span class='ocr_line' id='line_1_10' title="bbox 353 897 1996 970; baseline -0.002 -18"><span class='ocrx_word' id='word_1_44' title='bbox 353 900 634 970; x_wconf 87' lang='lat' dir='ltr'>titiasque</span> <span class='ocrx_word' id='word_1_45' title='bbox 663 899 1013 953; x_wconf 75' lang='lat' dir='ltr'>eXactiones.</span> <span class='ocrx_word' id='word_1_46' title='bbox 1038 897 1181 952; x_wconf 86' lang='lat' dir='ltr'>Nam</span> <span class='ocrx_word' id='word_1_47' title='bbox 1211 898 1474 967; x_wconf 87' lang='lat' dir='ltr'>publicos</span> <span class='ocrx_word' id='word_1_48' title='bbox 1508 898 1763 951; x_wconf 71' lang='lat' dir='ltr'>instituit</span> <span class='ocrx_word' id='word_1_49' title='bbox 1793 914 1996 966; x_wconf 82' lang='lat' dir='ltr'>procu-</span> 
     </span>
    </p>
   </div>
   <div class='ocr_carea' id='block_1_11' title="bbox 357 986 2000 1057">
    <p class='ocr_par' dir='ltr' id='par_1_11' title="bbox 357 986 2000 1057">
     <span class='ocr_line' id='line_1_11' title="bbox 357 986 2000 1057; baseline -0.002 -16"><span class='ocrx_word' id='word_1_50' title='bbox 357 992 599 1049; x_wconf 84' lang='lat' dir='ltr'>ratores,</span> <span class='ocrx_word' id='word_1_51' title='bbox 629 988 878 1040; x_wconf 80' lang='lat' dir='ltr'>nefarios</span> <span class='ocrx_word' id='word_1_52' title='bbox 912 988 1201 1047; x_wconf 85' lang='lat' dir='ltr'>homines,</span> <span class='ocrx_word' id='word_1_53' title='bbox 1252 1004 1502 1055; x_wconf 89' lang='lat' dir='ltr'>quorum</span> <span class='ocrx_word' id='word_1_54' title='bbox 1553 1003 1728 1057; x_wconf 85' lang='lat' dir='ltr'>opera</span> <span class='ocrx_word' id='word_1_55' title='bbox 1765 986 2000 1054; x_wconf 77' lang='lat' dir='ltr'>injustis</span> 
     </span>
    </p>
   </div>
   <div class='ocr_carea' id='block_1_12' title="bbox 359 1075 2000 1144">
    <p class='ocr_par' dir='ltr' id='par_1_12' title="bbox 359 1075 2000 1144">
     <span class='ocr_line' id='line_1_12' title="bbox 359 1075 2000 1144; baseline -0.002 -15"><span class='ocrx_word' id='word_1_56' title='bbox 359 1076 681 1130; x_wconf 78' lang='lat' dir='ltr'>rationibus</span> <span class='ocrx_word' id='word_1_57' title='bbox 715 1076 1020 1144; x_wconf 84' lang='lat' dir='ltr'>pecuniam</span> <span class='ocrx_word' id='word_1_58' title='bbox 1054 1077 1402 1140; x_wconf 77' lang='lat' dir='ltr'>conﬁceret;</span> <span class='ocrx_word' id='word_1_59' title='bbox 1437 1084 1493 1129; x_wconf 90' lang='lat' dir='ltr'>et</span> <span class='ocrx_word' id='word_1_60' title='bbox 1524 1075 1808 1129; x_wconf 90' lang='lat' dir='ltr'>lbericum</span> <span class='ocrx_word' id='word_1_61' title='bbox 1841 1091 2000 1128; x_wconf 85' lang='lat' dir='ltr'>exer-</span> 
     </span>
    </p>
   </div>
   <div class='ocr_carea' id='block_1_13' title="bbox 358 1163 1999 1234">
    <p class='ocr_par' dir='ltr' id='par_1_13' title="bbox 358 1163 1999 1234">
     <span class='ocr_line' id='line_1_13' title="bbox 358 1163 1999 1234; baseline -0.003 -15"><span class='ocrx_word' id='word_1_62' title='bbox 358 1165 562 1229; x_wconf 85' lang='lat' dir='ltr'>citum,</span> <span class='ocrx_word' id='word_1_63' title='bbox 595 1163 694 1234; x_wconf 88' lang='lat' dir='ltr'>qui</span> <span class='ocrx_word' id='word_1_64' title='bbox 724 1171 848 1219; x_wconf 88' lang='lat' dir='ltr'>erat</span> <span class='ocrx_word' id='word_1_65' title='bbox 879 1166 949 1219; x_wconf 89' lang='lat' dir='ltr'>ad</span> <span class='ocrx_word' id='word_1_66' title='bbox 982 1165 1145 1229; x_wconf 72' lang='lat'>5000,</span> <span class='ocrx_word' id='word_1_67' title='bbox 1179 1181 1278 1234; x_wconf 90' lang='lat' dir='ltr'>per</span> <span class='ocrx_word' id='word_1_68' title='bbox 1309 1165 1555 1219; x_wconf 85' lang='lat' dir='ltr'>Leonem</span> <span class='ocrx_word' id='word_1_69' title='bbox 1587 1163 1874 1219; x_wconf 70' lang='lat' dir='ltr'>Serblium</span> <span class='ocrx_word' id='word_1_70' title='bbox 1909 1163 1999 1215; x_wconf 90' lang='lat' dir='ltr'>di-</span> 
     </span>
    </p>
   </div>
   <div class='ocr_carea' id='block_1_14' title="bbox 360 1251 2002 1322">
    <p class='ocr_par' dir='ltr' id='par_1_14' title="bbox 360 1251 2002 1322">
     <span class='ocr_line' id='line_1_14' title="bbox 360 1251 2002 1322; baseline -0.002 -14"><span class='ocrx_word' id='word_1_71' title='bbox 360 1253 540 1320; x_wconf 86' lang='lat' dir='ltr'>misit,</span> <span class='ocrx_word' id='word_1_72' title='bbox 567 1269 630 1307; x_wconf 89' lang='lat' dir='ltr'>ac</span> <span class='ocrx_word' id='word_1_73' title='bbox 656 1270 755 1322; x_wconf 92' lang='lat' dir='ltr'>pro</span> <span class='ocrx_word' id='word_1_74' title='bbox 781 1253 1065 1308; x_wconf 80' lang='lat' dir='ltr'>militibus</span> <span class='ocrx_word' id='word_1_75' title='bbox 1088 1255 1309 1307; x_wconf 85' lang='lat' dir='ltr'>reditus</span> <span class='ocrx_word' id='word_1_76' title='bbox 1331 1254 1544 1308; x_wconf 87' lang='lat' dir='ltr'>multos</span> <span class='ocrx_word' id='word_1_77' title='bbox 1570 1254 1639 1306; x_wconf 90' lang='lat' dir='ltr'>iis</span> <span class='ocrx_word' id='word_1_78' title='bbox 1661 1269 1730 1306; x_wconf 83' lang='lat' dir='ltr'>ex</span> <span class='ocrx_word' id='word_1_79' title='bbox 1752 1251 2002 1321; x_wconf 67' lang='lat' dir='ltr'>regioni-</span> 
     </span>
    </p>
   </div>
   <div class='ocr_carea' id='block_1_15' title="bbox 357 1341 2004 1413">
    <p class='ocr_par' dir='ltr' id='par_1_15' title="bbox 357 1341 2004 1413">
     <span class='ocr_line' id='line_1_15' title="bbox 357 1341 2004 1413; baseline -0.001 -18"><span class='ocrx_word' id='word_1_80' title='bbox 357 1343 469 1396; x_wconf 88' lang='lat' dir='ltr'>bus</span> <span class='ocrx_word' id='word_1_81' title='bbox 486 1341 1064 1413; x_wconf 85' lang='lat' dir='ltr'>recepit,mu1tasque</span> <span class='ocrx_word' id='word_1_82' title='bbox 1078 1341 1224 1396; x_wconf 89' lang='lat' dir='ltr'>alias</span> <span class='ocrx_word' id='word_1_83' title='bbox 1240 1343 1490 1412; x_wconf 87' lang='lat' dir='ltr'>injustas</span> <span class='ocrx_word' id='word_1_84' title='bbox 1503 1349 1558 1397; x_wconf 89' lang='lat' dir='ltr'>et</span> <span class='ocrx_word' id='word_1_85' title='bbox 1575 1347 1897 1396; x_wconf 88' lang='lat' dir='ltr'>memoratu</span> <span class='ocrx_word' id='word_1_86' title='bbox 1923 1342 2004 1394; x_wconf 90' lang='lat' dir='ltr'>in-</span> 
     </span>
    </p>
   </div>
   <div class='ocr_carea' id='block_1_16' title="bbox 357 1429 2003 1501">
    <p class='ocr_par' dir='ltr' id='par_1_16' title="bbox 357 1429 2003 1501">
     <span class='ocr_line' id='line_1_16' title="bbox 357 1429 2003 1501; baseline 0 -17"><span class='ocrx_word' id='word_1_87' title='bbox 357 1430 909 1501; x_wconf 79' lang='lat' dir='ltr'>dignasexactiones</span> <span class='ocrx_word' id='word_1_88' title='bbox 923 1432 1284 1501; x_wconf 81' lang='lat' dir='ltr'>excogitavit.</span> <span class='ocrx_word' id='word_1_89' title='bbox 1306 1432 1456 1485; x_wconf 80' lang='lat'>609</span> <span class='ocrx_word' id='word_1_90' title='bbox 1481 1432 1536 1484; x_wconf 87' lang='lat' dir='ltr'>ld</span> <span class='ocrx_word' id='word_1_91' title='bbox 1561 1429 1790 1500; x_wconf 88' lang='lat' dir='ltr'>quidem</span> <span class='ocrx_word' id='word_1_92' title='bbox 1812 1436 2003 1484; x_wconf 82' lang='lat' dir='ltr'>tacere</span> 
     </span>
    </p>
   </div>
   <div class='ocr_carea' id='block_1_17' title="bbox 359 1519 2002 1590">
    <p class='ocr_par' dir='ltr' id='par_1_17' title="bbox 359 1519 2002 1590">
     <span class='ocr_line' id='line_1_17' title="bbox 359 1519 2002 1590; baseline 0.001 -18"><span class='ocrx_word' id='word_1_93' title='bbox 359 1537 472 1573; x_wconf 83' lang='lat' dir='ltr'>non</span> <span class='ocrx_word' id='word_1_94' title='bbox 506 1536 770 1590; x_wconf 88' lang='lat' dir='ltr'>possum,</span> <span class='ocrx_word' id='word_1_95' title='bbox 804 1520 982 1590; x_wconf 91' lang='lat' dir='ltr'>hujus</span> <span class='ocrx_word' id='word_1_96' title='bbox 1017 1519 1640 1590; x_wconf 79' lang='lat' dir='ltr'>imperatorisluxuria</span> <span class='ocrx_word' id='word_1_97' title='bbox 1670 1536 1736 1574; x_wconf 90' lang='lat' dir='ltr'>ac</span> <span class='ocrx_word' id='word_1_98' title='bbox 1760 1519 2002 1574; x_wconf 85' lang='lat' dir='ltr'>libidine</span> 
     </span>
    </p>
   </div>
   <div class='ocr_carea' id='block_1_18' title="bbox 359 1609 2002 1678">
    <p class='ocr_par' dir='ltr' id='par_1_18' title="bbox 359 1609 2002 1678">
     <span class='ocr_line' id='line_1_18' title="bbox 359 1609 2002 1678; baseline 0.001 -16"><span class='ocrx_word' id='word_1_99' title='bbox 359 1610 576 1663; x_wconf 84' lang='lat' dir='ltr'>factum</span> <span class='ocrx_word' id='word_1_100' title='bbox 610 1626 740 1664; x_wconf 89' lang='lat' dir='ltr'>esse</span> <span class='ocrx_word' id='word_1_101' title='bbox 774 1618 836 1663; x_wconf 87' lang='lat' dir='ltr'>ut</span> <span class='ocrx_word' id='word_1_102' title='bbox 869 1627 958 1663; x_wconf 90' lang='lat' dir='ltr'>res</span> <span class='ocrx_word' id='word_1_103' title='bbox 993 1609 1249 1663; x_wconf 81' lang='lat' dir='ltr'>Romana</span> <span class='ocrx_word' id='word_1_104' title='bbox 1273 1609 1631 1663; x_wconf 84' lang='lat' dir='ltr'>decresceret</span> <span class='ocrx_word' id='word_1_105' title='bbox 1663 1616 1838 1678; x_wconf 88' lang='lat' dir='ltr'>atque</span> <span class='ocrx_word' id='word_1_106' title='bbox 1870 1609 2002 1663; x_wconf 88' lang='lat' dir='ltr'>inde</span> 
     </span>
    </p>
   </div>
   <div class='ocr_carea' id='block_1_19' title="bbox 364 1697 2000 1768">
    <p class='ocr_par' dir='ltr' id='par_1_19' title="bbox 364 1697 2000 1768">
     <span class='ocr_line' id='line_1_19' title="bbox 364 1697 2000 1768; baseline 0 -17"><span class='ocrx_word' id='word_1_107' title='bbox 364 1697 646 1768; x_wconf 74' lang='lat' dir='ltr'>paulatim</span> <span class='ocrx_word' id='word_1_108' title='bbox 669 1700 1087 1752; x_wconf 83' lang='lat' dir='ltr'>contabescens</span> <span class='ocrx_word' id='word_1_109' title='bbox 1103 1699 1172 1751; x_wconf 83' lang='lat' dir='ltr'>ad</span> <span class='ocrx_word' id='word_1_110' title='bbox 1193 1703 1511 1752; x_wconf 79' lang='lat' dir='ltr'>extremam</span> <span class='ocrx_word' id='word_1_111' title='bbox 1531 1698 1782 1751; x_wconf 85' lang='lat' dir='ltr'>deducta</span> <span class='ocrx_word' id='word_1_112' title='bbox 1805 1699 1881 1751; x_wconf 84' lang='lat' dir='ltr'>sit</span> <span class='ocrx_word' id='word_1_113' title='bbox 1898 1698 2000 1751; x_wconf 88' lang='lat' dir='ltr'>im-</span> 
     </span>
    </p>
   </div>
   <div class='ocr_carea' id='block_1_20' title="bbox 2110 537 3746 616">
    <p class='ocr_par' dir='ltr' id='par_1_20' title="bbox 2110 537 3746 616">
     <span class='ocr_line' id='line_1_20' title="bbox 2110 537 3746 616; baseline -0.003 -23"><span class='ocrx_word' id='word_1_114' title='bbox 2110 543 2380 615; x_wconf 75' lang='grc' dir='ltr'>μάρτυρος</span> <span class='ocrx_word' id='word_1_115' title='bbox 2444 539 2711 615; x_wconf 81' lang='grc' dir='ltr'>Γεωργίου</span> <span class='ocrx_word' id='word_1_116' title='bbox 2766 541 2853 594; x_wconf 87' lang='grc' dir='ltr'>καὶ</span> <span class='ocrx_word' id='word_1_117' title='bbox 2913 539 3147 616; x_wconf 75' lang='grc' dir='ltr'>ἀφειδῶς</span> <span class='ocrx_word' id='word_1_118' title='bbox 3206 542 3270 593; x_wconf 84' lang='grc' dir='ltr'>τά</span> <span class='ocrx_word' id='word_1_119' title='bbox 3322 537 3560 609; x_wconf 79' lang='grc' dir='ltr'>δημόσια</span> <span class='ocrx_word' id='word_1_120' title='bbox 3617 557 3746 590; x_wconf 83' lang='grc' dir='ltr'>κατ-</span> 
     </span>
    </p>
   </div>
   <div class='ocr_carea' id='block_1_21' title="bbox 2106 627 3748 703">
    <p class='ocr_par' dir='ltr' id='par_1_21' title="bbox 2106 627 3748 703">
     <span class='ocr_line' id='line_1_21' title="bbox 2106 627 3748 703; baseline -0.003 -21"><span class='ocrx_word' id='word_1_121' title='bbox 2106 630 2408 684; x_wconf 81' lang='grc' dir='ltr'>αναλίσκων</span> <span class='ocrx_word' id='word_1_122' title='bbox 2488 629 2539 684; x_wconf 77' lang='grc' dir='ltr'>ἐν</span> <span class='ocrx_word' id='word_1_123' title='bbox 2609 635 2729 692; x_wconf 87' lang='grc' dir='ltr'>ταῖς</span> <span class='ocrx_word' id='word_1_124' title='bbox 2789 628 3109 701; x_wconf 77' lang='grc' dir='ltr'>ο’κοδομαῖς</span> <span class='ocrx_word' id='word_1_125' title='bbox 3164 631 3449 703; x_wconf 75' lang='grc' dir='ltr'>χρήματα,</span> <span class='ocrx_word' id='word_1_126' title='bbox 3506 631 3598 679; x_wconf 73' lang='grc' dir='ltr'>νῦν</span> <span class='ocrx_word' id='word_1_127' title='bbox 3657 627 3748 696; x_wconf 78' lang='grc' dir='ltr'>μὲν</span> 
     </span>
    </p>
   </div>
   <div class='ocr_carea' id='block_1_22' title="bbox 2109 714 3743 794">
    <p class='ocr_par' dir='ltr' id='par_1_22' title="bbox 2109 714 3743 794">
     <span class='ocr_line' id='line_1_22' title="bbox 2109 714 3743 794; baseline -0.004 -23"><span class='ocrx_word' id='word_1_128' title='bbox 2109 716 2442 790; x_wconf 76' lang='grc' dir='ltr'>οἷκοδομῶν,</span> <span class='ocrx_word' id='word_1_129' title='bbox 2496 724 2585 772; x_wconf 78' lang='grc' dir='ltr'>νῦν</span> <span class='ocrx_word' id='word_1_130' title='bbox 2619 716 2675 772; x_wconf 75' lang='grc' dir='ltr'>δέ</span> <span class='ocrx_word' id='word_1_131' title='bbox 2703 719 3102 794; x_wconf 68' lang='grc' dir='ltr'>καταστρέφων,</span> <span class='ocrx_word' id='word_1_132' title='bbox 3139 717 3213 778; x_wconf 76' lang='grc' dir='ltr'>εἷς</span> <span class='ocrx_word' id='word_1_133' title='bbox 3253 715 3494 791; x_wconf 76' lang='grc' dir='ltr'>μεγάλην</span> <span class='ocrx_word' id='word_1_134' title='bbox 3545 714 3743 782; x_wconf 72' lang='grc' dir='ltr'>ἤλασεν</span> 
     </span>
    </p>
   </div>
   <div class='ocr_carea' id='block_1_23' title="bbox 2108 802 3746 876">
    <p class='ocr_par' dir='ltr' id='par_1_23' title="bbox 2108 802 3746 876">
     <span class='ocr_line' id='line_1_23' title="bbox 2108 802 3746 876; baseline -0.004 -16"><span class='ocrx_word' id='word_1_135' title='bbox 2108 805 2330 876; x_wconf 80' lang='grc' dir='ltr'>ἔνδειαν,</span> <span class='ocrx_word' id='word_1_136' title='bbox 2390 809 2462 868; x_wconf 85' lang='grc' dir='ltr'>ὡς</span> <span class='ocrx_word' id='word_1_137' title='bbox 2528 812 2686 860; x_wconf 79' lang='grc' dir='ltr'>πᾶσιν</span> <span class='ocrx_word' id='word_1_138' title='bbox 2754 806 3037 871; x_wconf 79' lang='grc' dir='ltr'>ἐπινοῆσαι</span> <span class='ocrx_word' id='word_1_139' title='bbox 3093 804 3182 860; x_wconf 79' lang='grc' dir='ltr'>διὰ</span> <span class='ocrx_word' id='word_1_140' title='bbox 3231 810 3390 859; x_wconf 73' lang='grc' dir='ltr'>τοῦτο</span> <span class='ocrx_word' id='word_1_141' title='bbox 3449 802 3746 873; x_wconf 76' lang='grc' dir='ltr'>καπηλείαν</span> 
     </span>
    </p>
   </div>
   <div class='ocr_carea' id='block_1_24' title="bbox 2107 891 3747 973">
    <p class='ocr_par' dir='ltr' id='par_1_24' title="bbox 2107 891 3747 973">
     <span class='ocr_line' id='line_1_24' title="bbox 2107 891 3747 973; baseline -0.004 -23"><span class='ocrx_word' id='word_1_142' title='bbox 2107 897 2196 950; x_wconf 83' lang='grc' dir='ltr'>καὶ</span> <span class='ocrx_word' id='word_1_143' title='bbox 2249 897 2480 956; x_wconf 75' lang='grc' dir='ltr'>ἀτόπους</span> <span class='ocrx_word' id='word_1_144' title='bbox 2529 896 2617 950; x_wconf 88' lang='lat' dir='ltr'>xui</span> <span class='ocrx_word' id='word_1_145' title='bbox 2681 896 3070 973; x_wconf 71' lang='grc' dir='ltr'>σεσοφισμένας</span> <span class='ocrx_word' id='word_1_146' title='bbox 3116 894 3414 968; x_wconf 74' lang='grc' dir='ltr'>εἰσπράξεις</span> <span class='ocrx_word' id='word_1_147' title='bbox 3463 891 3747 967; x_wconf 71' lang='grc' dir='ltr'>ἐφευρηκέ-</span> 
     </span>
    </p>
   </div>
   <div class='ocr_carea' id='block_1_25' title="bbox 2294 981 3750 1060">
    <p class='ocr_par' dir='ltr' id='par_1_25' title="bbox 2294 981 3750 1060">
     <span class='ocr_line' id='line_1_25' title="bbox 2294 981 3750 1060; baseline -0.004 -21"><span class='ocrx_word' id='word_1_148' title='bbox 2294 983 2593 1057; x_wconf 84' lang='grc' dir='ltr'>δημοσίους</span> <span class='ocrx_word' id='word_1_149' title='bbox 2670 1006 2727 1039; x_wconf 90' lang='grc' dir='ltr'>τε</span> <span class='ocrx_word' id='word_1_150' title='bbox 2800 986 2901 1060; x_wconf 85' lang='grc' dir='ltr'>γάρ</span> <span class='ocrx_word' id='word_1_151' title='bbox 2971 985 3382 1058; x_wconf 77' lang='grc' dir='ltr'>προεχειρίζετο</span> <span class='ocrx_word' id='word_1_152' title='bbox 3435 981 3750 1054; x_wconf 76' lang='grc' dir='ltr'>φροντιστὰς</span> 
     </span>
    </p>
   </div>
   <div class='ocr_carea' id='block_1_26' title="bbox 2111 1068 3749 1146">
    <p class='ocr_par' dir='ltr' id='par_1_26' title="bbox 2111 1068 3749 1146">
     <span class='ocr_line' id='line_1_26' title="bbox 2111 1068 3749 1146; baseline -0.004 -18"><span class='ocrx_word' id='word_1_153' title='bbox 2111 1069 2318 1135; x_wconf 75' lang='grc' dir='ltr'>ἀσεϐεῖς</span> <span class='ocrx_word' id='word_1_154' title='bbox 2377 1074 2466 1128; x_wconf 90' lang='lat' dir='ltr'>xui</span> <span class='ocrx_word' id='word_1_155' title='bbox 2523 1073 2847 1146; x_wconf 73' lang='grc' dir='ltr'>ἀλάστορας,</span> <span class='ocrx_word' id='word_1_156' title='bbox 2897 1074 2987 1128; x_wconf 88' lang='lat' dir='ltr'>xui</span> <span class='ocrx_word' id='word_1_157' title='bbox 3037 1072 3107 1126; x_wconf 85' lang='grc' dir='ltr'>δι’</span> <span class='ocrx_word' id='word_1_158' title='bbox 3154 1072 3326 1126; x_wconf 80' lang='grc' dir='ltr'>αὐτῶν</span> <span class='ocrx_word' id='word_1_159' title='bbox 3388 1073 3655 1144; x_wconf 69' lang='grc' dir='ltr'>χρήματα</span> <span class='ocrx_word' id='word_1_160' title='bbox 3706 1068 3749 1138; x_wconf 71' lang='grc' dir='ltr'>ἒξ</span> 
     </span>
    </p>
   </div>
   <div class='ocr_carea' id='block_1_27' title="bbox 2110 1157 3750 1238">
    <p class='ocr_par' dir='ltr' id='par_1_27' title="bbox 2110 1157 3750 1238">
     <span class='ocr_line' id='line_1_27' title="bbox 2110 1157 3750 1238; baseline -0.005 -20"><span class='ocrx_word' id='word_1_161' title='bbox 2110 1161 2310 1218; x_wconf 76' lang='grc' dir='ltr'>ἀδίκων</span> <span class='ocrx_word' id='word_1_162' title='bbox 2389 1163 2570 1238; x_wconf 83' lang='grc' dir='ltr'>πόρων</span> <span class='ocrx_word' id='word_1_163' title='bbox 2646 1165 2981 1238; x_wconf 72' lang='grc' dir='ltr'>συνήθροιζε.</span> <span class='ocrx_word' id='word_1_164' title='bbox 3058 1161 3327 1217; x_wconf 83' lang='grc' dir='ltr'>Κατέλυσε</span> <span class='ocrx_word' id='word_1_165' title='bbox 3380 1157 3436 1214; x_wconf 79' lang='grc' dir='ltr'>δέ</span> <span class='ocrx_word' id='word_1_166' title='bbox 3494 1161 3584 1213; x_wconf 82' lang='grc' dir='ltr'>καὶ</span> <span class='ocrx_word' id='word_1_167' title='bbox 3662 1160 3750 1212; x_wconf 85' lang='grc' dir='ltr'>τὸν</span> 
     </span>
    </p>
   </div>
   <div class='ocr_carea' id='block_1_28' title="bbox 2112 1245 3752 1329">
    <p class='ocr_par' dir='ltr' id='par_1_28' title="bbox 2112 1245 3752 1329">
     <span class='ocr_line' id='line_1_28' title="bbox 2112 1245 3752 1329; baseline -0.004 -22"><span class='ocrx_word' id='word_1_168' title='bbox 2112 1248 2382 1326; x_wconf 73' lang='grc' dir='ltr'>Ἰϐηρικὸν</span> <span class='ocrx_word' id='word_1_169' title='bbox 2461 1253 2685 1325; x_wconf 89' lang='grc' dir='ltr'>στρατὸν</span> <span class='ocrx_word' id='word_1_170' title='bbox 2763 1253 2901 1329; x_wconf 72' lang='grc' dir='ltr'>ἀμφὶ</span> <span class='ocrx_word' id='word_1_171' title='bbox 2956 1251 3050 1314; x_wconf 71' lang='grc' dir='ltr'>τὰς</span> <span class='ocrx_word' id='word_1_172' title='bbox 3093 1252 3432 1320; x_wconf 75' lang='grc' dir='ltr'>πεντήκοντα</span> <span class='ocrx_word' id='word_1_173' title='bbox 3491 1245 3752 1323; x_wconf 76' lang='grc' dir='ltr'>χιλιάδας</span> 
     </span>
    </p>
   </div>
   <div class='ocr_carea' id='block_1_29' title="bbox 2111 1333 3753 1414">
    <p class='ocr_par' dir='ltr' id='par_1_29' title="bbox 2111 1333 3753 1414">
     <span class='ocr_line' id='line_1_29' title="bbox 2111 1333 3753 1414; baseline -0.005 -19"><span class='ocrx_word' id='word_1_174' title='bbox 2111 1341 2513 1414; x_wconf 70' lang='grc' dir='ltr'>ἀριθμούμενον</span> <span class='ocrx_word' id='word_1_175' title='bbox 2569 1339 2658 1395; x_wconf 84' lang='grc' dir='ltr'>διά</span> <span class='ocrx_word' id='word_1_176' title='bbox 2717 1340 2942 1401; x_wconf 73' lang='grc' dir='ltr'>Λέοντος</span> <span class='ocrx_word' id='word_1_177' title='bbox 2998 1345 3095 1394; x_wconf 77' lang='grc' dir='ltr'>τοῦ</span> <span class='ocrx_word' id='word_1_178' title='bbox 3154 1333 3441 1409; x_wconf 67' lang='grc' dir='ltr'>Σερϐλίου,</span> <span class='ocrx_word' id='word_1_179' title='bbox 3495 1336 3584 1391; x_wconf 88' lang='grc' dir='ltr'>καὶ</span> <span class='ocrx_word' id='word_1_180' title='bbox 3638 1335 3753 1390; x_wconf 86' lang='grc' dir='ltr'>ἀντὶ</span> 
     </span>
    </p>
   </div>
   <div class='ocr_carea' id='block_1_30' title="bbox 2112 1427 3752 1506">
    <p class='ocr_par' dir='ltr' id='par_1_30' title="bbox 2112 1427 3752 1506">
     <span class='ocr_line' id='line_1_30' title="bbox 2112 1427 3752 1506; baseline -0.004 -22"><span class='ocrx_word' id='word_1_181' title='bbox 2112 1435 2454 1504; x_wconf 84' lang='grc' dir='ltr'>στρατιωτῶν</span> <span class='ocrx_word' id='word_1_182' title='bbox 2506 1429 2706 1506; x_wconf 81' lang='grc' dir='ltr'>φόρους</span> <span class='ocrx_word' id='word_1_183' title='bbox 2752 1427 2999 1492; x_wconf 80' lang='grc' dir='ltr'>πολλοὺς</span> <span class='ocrx_word' id='word_1_184' title='bbox 3031 1427 3310 1500; x_wconf 79' lang='grc' dir='ltr'>ἐπορίζετο</span> <span class='ocrx_word' id='word_1_185' title='bbox 3370 1427 3475 1480; x_wconf 75' lang='grc' dir='ltr'>ἀπὸ</span> <span class='ocrx_word' id='word_1_186' title='bbox 3504 1430 3612 1479; x_wconf 79' lang='grc' dir='ltr'>τῶν</span> <span class='ocrx_word' id='word_1_187' title='bbox 3645 1445 3752 1499; x_wconf 72' lang='grc' dir='ltr'>χωο</span> 
     </span>
    </p>
   </div>
   <div class='ocr_carea' id='block_1_31' title="bbox 2114 1513 3754 1592">
    <p class='ocr_par' dir='ltr' id='par_1_31' title="bbox 2114 1513 3754 1592">
     <span class='ocr_line' id='line_1_31' title="bbox 2114 1513 3754 1592; baseline -0.004 -21"><span class='ocrx_word' id='word_1_188' title='bbox 2114 1518 2243 1592; x_wconf 89' lang='grc' dir='ltr'>ρίων</span> <span class='ocrx_word' id='word_1_189' title='bbox 2319 1518 2555 1572; x_wconf 76' lang='grc' dir='ltr'>ἐκείνων·</span> <span class='ocrx_word' id='word_1_190' title='bbox 2629 1519 2719 1572; x_wconf 84' lang='grc' dir='ltr'>καὶ</span> <span class='ocrx_word' id='word_1_191' title='bbox 2784 1518 2955 1578; x_wconf 82' lang='grc' dir='ltr'>ἄλλας</span> <span class='ocrx_word' id='word_1_192' title='bbox 3025 1516 3248 1577; x_wconf 75' lang='grc' dir='ltr'>πλείους</span> <span class='ocrx_word' id='word_1_193' title='bbox 3308 1514 3604 1589; x_wconf 77' lang='grc' dir='ltr'>εἰσπράξεις</span> <span class='ocrx_word' id='word_1_194' title='bbox 3666 1513 3754 1566; x_wconf 81' lang='grc' dir='ltr'>έπ-</span> 
     </span>
    </p>
   </div>
   <div class='ocr_carea' id='block_1_32' title="bbox 2113 1601 3752 1680">
    <p class='ocr_par' dir='ltr' id='par_1_32' title="bbox 2113 1601 3752 1680">
     <span class='ocr_line' id='line_1_32' title="bbox 2113 1601 3752 1680; baseline -0.004 -20"><span class='ocrx_word' id='word_1_195' title='bbox 2113 1609 2371 1677; x_wconf 76' lang='grc' dir='ltr'>ενοήσατο</span> <span class='ocrx_word' id='word_1_196' title='bbox 2427 1607 2669 1680; x_wconf 77' lang='grc' dir='ltr'>πονηρὰς</span> <span class='ocrx_word' id='word_1_197' title='bbox 2713 1607 2801 1660; x_wconf 82' lang='grc' dir='ltr'>καὶ</span> <span class='ocrx_word' id='word_1_198' title='bbox 2862 1607 3156 1678; x_wconf 86' lang='grc' dir='ltr'>ἀθέσμους,</span> <span class='ocrx_word' id='word_1_199' title='bbox 3209 1602 3270 1666; x_wconf 70' lang='grc' dir='ltr'>ἃς</span> <span class='ocrx_word' id='word_1_200' title='bbox 3320 1603 3408 1657; x_wconf 84' lang='lat' dir='ltr'>xui</span> <span class='ocrx_word' id='word_1_201' title='bbox 3440 1601 3752 1676; x_wconf 82' lang='grc' dir='ltr'>καταλέγειν</span> 
     </span>
    </p>
   </div>
   <div class='ocr_carea' id='block_1_33' title="bbox 2432 1688 3753 1767">
    <p class='ocr_par' dir='ltr' id='par_1_33' title="bbox 2432 1688 3753 1767">
     <span class='ocr_line' id='line_1_33' title="bbox 2432 1688 3753 1767; baseline -0.008 -14"><span class='ocrx_word' id='word_1_202' title='bbox 2432 1699 2500 1753; x_wconf 77' lang='grc' dir='ltr'>’Ὁ</span> <span class='ocrx_word' id='word_1_203' title='bbox 2564 1694 2621 1750; x_wconf 73' lang='grc' dir='ltr'>δὲ</span> <span class='ocrx_word' id='word_1_204' title='bbox 2679 1696 2847 1750; x_wconf 81' lang='grc' dir='ltr'>εἰπεῖν</span> <span class='ocrx_word' id='word_1_205' title='bbox 2899 1695 3038 1749; x_wconf 77' lang='grc' dir='ltr'>ἐστιν</span> <span class='ocrx_word' id='word_1_206' title='bbox 3100 1694 3414 1767; x_wconf 80' lang='grc' dir='ltr'>ἀναγκαῖον,</span> <span class='ocrx_word' id='word_1_207' title='bbox 3469 1695 3631 1746; x_wconf 72' lang='grc' dir='ltr'>τοῦτο</span> <span class='ocrx_word' id='word_1_208' title='bbox 3695 1688 3753 1758; x_wconf 78' lang='grc' dir='ltr'>δὴ</span> 
     </span>
    </p>
   </div>
   <div class='ocr_carea' id='block_1_34' title="bbox 2109 1007 2214 1039">
    <p class='ocr_par' dir='ltr' id='par_1_34' title="bbox 2109 1007 2214 1039">
     <span class='ocr_line' id='line_1_34' title="bbox 2109 1007 2214 1039; baseline 0 -1"><span class='ocrx_word' id='word_1_209' title='bbox 2109 1007 2214 1039; x_wconf 84' lang='grc' dir='ltr'>ναι’</span> 
     </span>
    </p>
   </div>
   <div class='ocr_carea' id='block_1_35' title="bbox 2112 1697 2369 1771">
    <p class='ocr_par' dir='ltr' id='par_1_35' title="bbox 2112 1697 2369 1771">
     <span class='ocr_line' id='line_1_35' title="bbox 2112 1697 2369 1771; baseline 0.008 -21"><span class='ocrx_word' id='word_1_210' title='bbox 2112 1697 2369 1771; x_wconf 73' lang='grc' dir='ltr'>αἶ’σχόνη.</span> 
     </span>
    </p>
   </div>
   <div class='ocr_carea' id='block_1_36' title="bbox 363 1779 2000 1884">
    <p class='ocr_par' dir='ltr' id='par_1_36' title="bbox 363 1786 2000 1856">
     <span class='ocr_line' id='line_1_36' title="bbox 363 1786 2000 1856; baseline 0 -16"><span class='ocrx_word' id='word_1_211' title='bbox 363 1786 920 1842; x_wconf 85' lang='lat' dir='ltr'>becillitatem.Nam</span> <span class='ocrx_word' id='word_1_212' title='bbox 947 1789 1085 1840; x_wconf 90' lang='lat' dir='ltr'>dum</span> <span class='ocrx_word' id='word_1_213' title='bbox 1121 1787 1310 1856; x_wconf 90' lang='lat' dir='ltr'>inepte</span> <span class='ocrx_word' id='word_1_214' title='bbox 1341 1790 1540 1841; x_wconf 82' lang='lat' dir='ltr'>studet</span> <span class='ocrx_word' id='word_1_215' title='bbox 1567 1803 1692 1842; x_wconf 90' lang='lat' dir='ltr'>esse</span> <span class='ocrx_word' id='word_1_216' title='bbox 1722 1787 2000 1855; x_wconf 81' lang='lat' dir='ltr'>liberalis,</span> 
     </span>
    </p>
   </div>
   <div class='ocr_carea' id='block_1_37' title="bbox 2112 1779 3755 1884">
    <p class='ocr_par' dir='ltr' id='par_1_37' title="bbox 2115 1779 3755 1884">
     <span class='ocr_line' id='line_1_37' title="bbox 2115 1779 3755 1860; baseline -0.005 -20"><span class='ocrx_word' id='word_1_217' title='bbox 2115 1785 2270 1856; x_wconf 83' lang='grc' dir='ltr'>λέξω,</span> <span class='ocrx_word' id='word_1_218' title='bbox 2331 1786 2516 1860; x_wconf 85' lang='grc' dir='ltr'>’ὀτιπερ</span> <span class='ocrx_word' id='word_1_219' title='bbox 2571 1784 2622 1854; x_wconf 78' lang='grc' dir='ltr'>ἐξ</span> <span class='ocrx_word' id='word_1_220' title='bbox 2680 1784 2885 1838; x_wconf 84' lang='grc' dir='ltr'>ἐκείνου</span> <span class='ocrx_word' id='word_1_221' title='bbox 2933 1788 3030 1838; x_wconf 80' lang='grc' dir='ltr'>τοῦ</span> <span class='ocrx_word' id='word_1_222' title='bbox 3065 1780 3333 1859; x_wconf 80' lang='grc' dir='ltr'>βασιλέως</span> <span class='ocrx_word' id='word_1_223' title='bbox 3380 1781 3468 1834; x_wconf 88' lang='lat' dir='ltr'>xui</span> <span class='ocrx_word' id='word_1_224' title='bbox 3498 1787 3598 1848; x_wconf 87' lang='grc' dir='ltr'>τῆς</span> <span class='ocrx_word' id='word_1_225' title='bbox 3621 1779 3755 1832; x_wconf 80' lang='grc' dir='ltr'>ἐκεί·</span> 
     </span>
     <span class='ocr_line' id='line_1_38' title="bbox 2275 1866 3661 1884; baseline 0 0"><span class='ocrx_word' id='word_1_226' title='bbox 2275 1875 2288 1884; x_wconf 91' lang='grc'>.</span> <span class='ocrx_word' id='word_1_227' title='bbox 2421 1874 2430 1884; x_wconf 93' lang='grc'><em>.</em></span> <span class='ocrx_word' id='word_1_228' title='bbox 2623 1875 2634 1884; x_wconf 89' lang='grc'><strong>.</strong></span> <span class='ocrx_word' id='word_1_229' title='bbox 2777 1871 2794 1884; x_wconf 73' lang='grc'>.</span> <span class='ocrx_word' id='word_1_230' title='bbox 2972 1872 2982 1884; x_wconf 91' lang='grc'><strong><em>.</em></strong></span> <span class='ocrx_word' id='word_1_231' title='bbox 3148 1873 3161 1884; x_wconf 83' lang='lat'>.</span> <span class='ocrx_word' id='word_1_232' title='bbox 3221 1874 3272 1884; x_wconf 67' lang='lat'>...</span> <span class='ocrx_word' id='word_1_233' title='bbox 3415 1869 3426 1884; x_wconf 86' lang='lat'>.</span> <span class='ocrx_word' id='word_1_234' title='bbox 3567 1866 3591 1884; x_wconf 81' lang='grc' dir='ltr'><strong><em>ν</em></strong></span> <span class='ocrx_word' id='word_1_235' title='bbox 3640 1872 3661 1884; x_wconf 85' lang='grc'>.</span> 
     </span>
    </p>
   </div>
   <div class='ocr_carea' id='block_1_38' title="bbox 368 1876 2006 1947">
    <p class='ocr_par' dir='ltr' id='par_1_38' title="bbox 368 1876 2006 1947">
     <span class='ocr_line' id='line_1_39' title="bbox 368 1876 2006 1947; baseline 0.001 -17"><span class='ocrx_word' id='word_1_236' title='bbox 368 1877 435 1930; x_wconf 88' lang='lat' dir='ltr'>ad</span> <span class='ocrx_word' id='word_1_237' title='bbox 469 1886 792 1931; x_wconf 83' lang='lat' dir='ltr'>extremum</span> <span class='ocrx_word' id='word_1_238' title='bbox 844 1877 1270 1947; x_wconf 84' lang='lat' dir='ltr'>prodigalitatis</span> <span class='ocrx_word' id='word_1_239' title='bbox 1303 1882 1391 1930; x_wconf 87' lang='lat' dir='ltr'>est</span> <span class='ocrx_word' id='word_1_240' title='bbox 1442 1876 1771 1946; x_wconf 84' lang='lat' dir='ltr'>prolapsus.</span> <span class='ocrx_word' id='word_1_241' title='bbox 1807 1877 2006 1947; x_wconf 84' lang='lat' dir='ltr'>Neque</span> 
     </span>
    </p>
   </div>
   <div class='ocr_carea' id='block_1_39' title="bbox 364 1964 2002 2036">
    <p class='ocr_par' dir='ltr' id='par_1_39' title="bbox 364 1964 2002 2036">
     <span class='ocr_line' id='line_1_40' title="bbox 364 1964 2002 2036; baseline -0.001 -16"><span class='ocrx_word' id='word_1_242' title='bbox 364 1973 561 2020; x_wconf 88' lang='lat' dir='ltr'>tamen</span> <span class='ocrx_word' id='word_1_243' title='bbox 595 1982 835 2036; x_wconf 85' lang='lat' dir='ltr'>prorsus</span> <span class='ocrx_word' id='word_1_244' title='bbox 871 1964 1012 2019; x_wconf 91' lang='lat' dir='ltr'>nihil</span> <span class='ocrx_word' id='word_1_245' title='bbox 1047 1966 1176 2020; x_wconf 89' lang='lat' dir='ltr'>boni</span> <span class='ocrx_word' id='word_1_246' title='bbox 1233 1966 1381 2032; x_wconf 79' lang='lat' dir='ltr'>fecit,</span> <span class='ocrx_word' id='word_1_247' title='bbox 1416 1966 1515 2018; x_wconf 88' lang='lat' dir='ltr'>sed</span> <span class='ocrx_word' id='word_1_248' title='bbox 1553 1967 1817 2019; x_wconf 78' lang='lat' dir='ltr'>teruntur</span> <span class='ocrx_word' id='word_1_249' title='bbox 1844 1983 2002 2036; x_wconf 73' lang='lat' dir='ltr'>qua:—</span> 
     </span>
    </p>
   </div>
   <div class='ocr_carea' id='block_1_40' title="bbox 364 2053 2001 2125">
    <p class='ocr_par' dir='ltr' id='par_1_40' title="bbox 364 2053 2001 2125">
     <span class='ocr_line' id='line_1_41' title="bbox 364 2053 2001 2125; baseline 0.001 -17"><span class='ocrx_word' id='word_1_250' title='bbox 364 2055 498 2109; x_wconf 82' lang='lat' dir='ltr'>(lam</span> <span class='ocrx_word' id='word_1_251' title='bbox 518 2055 892 2125; x_wconf 88' lang='lat' dir='ltr'>ipsiusopera</span> <span class='ocrx_word' id='word_1_252' title='bbox 909 2055 1086 2123; x_wconf 80' lang='lat' dir='ltr'>digna</span> <span class='ocrx_word' id='word_1_253' title='bbox 1103 2071 1228 2124; x_wconf 67' lang='lat' dir='ltr'>qua</span> <span class='ocrx_word' id='word_1_254' title='bbox 1250 2054 1306 2106; x_wconf 90' lang='lat' dir='ltr'>in</span> <span class='ocrx_word' id='word_1_255' title='bbox 1328 2053 1633 2107; x_wconf 88' lang='lat' dir='ltr'>historiam</span> <span class='ocrx_word' id='word_1_256' title='bbox 1656 2056 2001 2110; x_wconf 85' lang='lat' dir='ltr'>referantur.</span> 
     </span>
    </p>
   </div>
   <div class='ocr_carea' id='block_1_41' title="bbox 361 2143 2004 2215">
    <p class='ocr_par' dir='ltr' id='par_1_41' title="bbox 361 2143 2004 2215">
     <span class='ocr_line' id='line_1_42' title="bbox 361 2143 2004 2215; baseline -0.001 -17"><span class='ocrx_word' id='word_1_257' title='bbox 361 2144 506 2198; x_wconf 85' lang='lat' dir='ltr'>Nam</span> <span class='ocrx_word' id='word_1_258' title='bbox 540 2144 599 2198; x_wconf 89' lang='lat' dir='ltr'>id</span> <span class='ocrx_word' id='word_1_259' title='bbox 623 2144 776 2215; x_wconf 91' lang='lat' dir='ltr'>quod</span> <span class='ocrx_word' id='word_1_260' title='bbox 811 2143 923 2197; x_wconf 81' lang='lat' dir='ltr'>dixi</span> <span class='ocrx_word' id='word_1_261' title='bbox 960 2145 1406 2207; x_wconf 81' lang='lat' dir='ltr'>monasterium,</span> <span class='ocrx_word' id='word_1_262' title='bbox 1437 2150 1494 2197; x_wconf 88' lang='lat' dir='ltr'>et</span> <span class='ocrx_word' id='word_1_263' title='bbox 1525 2160 1651 2213; x_wconf 72' lang='lat' dir='ltr'>quae</span> <span class='ocrx_word' id='word_1_264' title='bbox 1682 2143 1739 2196; x_wconf 89' lang='lat' dir='ltr'>in</span> <span class='ocrx_word' id='word_1_265' title='bbox 1768 2160 1834 2196; x_wconf 89' lang='lat' dir='ltr'>eo</span> <span class='ocrx_word' id='word_1_266' title='bbox 1866 2151 2004 2197; x_wconf 90' lang='lat' dir='ltr'>sunt</span> 
     </span>
    </p>
   </div>
   <div class='ocr_carea' id='block_1_42' title="bbox 359 2232 2000 2303">
    <p class='ocr_par' dir='ltr' id='par_1_42' title="bbox 359 2232 2000 2303">
     <span class='ocr_line' id='line_1_43' title="bbox 359 2232 2000 2303; baseline 0 -17"><span class='ocrx_word' id='word_1_267' title='bbox 359 2234 427 2286; x_wconf 86' lang='lat' dir='ltr'>ad</span> <span class='ocrx_word' id='word_1_268' title='bbox 457 2249 648 2297; x_wconf 87' lang='lat' dir='ltr'>senes,</span> <span class='ocrx_word' id='word_1_269' title='bbox 673 2234 1008 2303; x_wconf 87' lang='lat' dir='ltr'>peregrinos</span> <span class='ocrx_word' id='word_1_270' title='bbox 1031 2232 1448 2302; x_wconf 87' lang='lat' dir='ltr'>mendicosque</span> <span class='ocrx_word' id='word_1_271' title='bbox 1471 2232 1712 2286; x_wconf 85' lang='lat' dir='ltr'>alendos</span> <span class='ocrx_word' id='word_1_272' title='bbox 1733 2233 2000 2296; x_wconf 63' lang='lat' dir='ltr'>aedilicia,</span> 
     </span>
    </p>
   </div>
   <div class='ocr_carea' id='block_1_43' title="bbox 357 2321 1997 2392">
    <p class='ocr_par' dir='ltr' id='par_1_43' title="bbox 357 2321 1997 2392">
     <span class='ocr_line' id='line_1_44' title="bbox 357 2321 1997 2392; baseline 0.001 -17"><span class='ocrx_word' id='word_1_273' title='bbox 357 2323 698 2377; x_wconf 82' lang='lat' dir='ltr'>nonnullam</span> <span class='ocrx_word' id='word_1_274' title='bbox 724 2327 1022 2375; x_wconf 85' lang='lat' dir='ltr'>merentur</span> <span class='ocrx_word' id='word_1_275' title='bbox 1052 2321 1396 2376; x_wconf 78' lang='lat' dir='ltr'>laudem.A(l</span> <span class='ocrx_word' id='word_1_276' title='bbox 1425 2321 1480 2374; x_wconf 85' lang='lat' dir='ltr'>id</span> <span class='ocrx_word' id='word_1_277' title='bbox 1514 2329 1749 2392; x_wconf 80' lang='lat' dir='ltr'>tempus</span> <span class='ocrx_word' id='word_1_278' title='bbox 1772 2328 1997 2376; x_wconf 87' lang='lat' dir='ltr'>tantum</span> 
     </span>
    </p>
   </div>
   <div class='ocr_carea' id='block_1_44' title="bbox 354 2410 2002 2482">
    <p class='ocr_par' dir='ltr' id='par_1_44' title="bbox 354 2410 2002 2482">
     <span class='ocr_line' id='line_1_45' title="bbox 354 2410 2002 2482; baseline 0.001 -18"><span class='ocrx_word' id='word_1_279' title='bbox 354 2410 775 2482; x_wconf 83' lang='lat' dir='ltr'>insignioribus</span> <span class='ocrx_word' id='word_1_280' title='bbox 793 2411 1338 2464; x_wconf 88' lang='lat' dir='ltr'>solemnitatibusin</span> <span class='ocrx_word' id='word_1_281' title='bbox 1361 2426 1572 2479; x_wconf 75' lang='lat' dir='ltr'>magno</span> <span class='ocrx_word' id='word_1_282' title='bbox 1597 2411 1686 2462; x_wconf 77' lang='lat' dir='ltr'>Dei</span> <span class='ocrx_word' id='word_1_283' title='bbox 1711 2410 1926 2480; x_wconf 84' lang='lat' dir='ltr'>templo</span> <span class='ocrx_word' id='word_1_284' title='bbox 1948 2417 2002 2465; x_wconf 88' lang='lat' dir='ltr'>et</span> 
     </span>
    </p>
   </div>
   <div class='ocr_carea' id='block_1_45' title="bbox 352 2499 2000 2554">
    <p class='ocr_par' dir='ltr' id='par_1_45' title="bbox 352 2499 2000 2554">
     <span class='ocr_line' id='line_1_46' title="bbox 352 2499 2000 2554; baseline 0 0"><span class='ocrx_word' id='word_1_285' title='bbox 352 2499 409 2554; x_wconf 91' lang='lat' dir='ltr'>in</span> <span class='ocrx_word' id='word_1_286' title='bbox 443 2500 712 2554; x_wconf 77' lang='lat' dir='ltr'>Sabbatis</span> <span class='ocrx_word' id='word_1_287' title='bbox 743 2515 808 2554; x_wconf 91' lang='lat' dir='ltr'>ac</span> <span class='ocrx_word' id='word_1_288' title='bbox 831 2499 1151 2553; x_wconf 86' lang='lat' dir='ltr'>Dominicis</span> <span class='ocrx_word' id='word_1_289' title='bbox 1182 2499 1388 2552; x_wconf 91' lang='lat' dir='ltr'>diebus</span> <span class='ocrx_word' id='word_1_290' title='bbox 1412 2499 1782 2552; x_wconf 86' lang='lat' dir='ltr'>incruentum</span> <span class='ocrx_word' id='word_1_291' title='bbox 1818 2501 2000 2554; x_wconf 89' lang='lat' dir='ltr'>sacri-</span> 
     </span>
    </p>
   </div>
   <div class='ocr_carea' id='block_1_46' title="bbox 354 2587 1992 2660">
    <p class='ocr_par' dir='ltr' id='par_1_46' title="bbox 354 2587 1992 2660">
     <span class='ocr_line' id='line_1_47' title="bbox 354 2587 1992 2660; baseline -0.001 -16"><span class='ocrx_word' id='word_1_292' title='bbox 354 2589 553 2644; x_wconf 70' lang='lat' dir='ltr'>ficium</span> <span class='ocrx_word' id='word_1_293' title='bbox 588 2589 1010 2660; x_wconf 84' lang='lat' dir='ltr'>peragebatur;</span> <span class='ocrx_word' id='word_1_294' title='bbox 1045 2587 1288 2656; x_wconf 87' lang='lat' dir='ltr'>reliquis</span> <span class='ocrx_word' id='word_1_295' title='bbox 1327 2587 1533 2641; x_wconf 89' lang='lat' dir='ltr'>diebus</span> <span class='ocrx_word' id='word_1_296' title='bbox 1586 2604 1992 2659; x_wconf 83' lang='lat' dir='ltr'>nequaquam:</span> 
     </span>
    </p>
   </div>
   <div class='ocr_carea' id='block_1_47' title="bbox 355 2676 2004 2732">
    <p class='ocr_par' dir='ltr' id='par_1_47' title="bbox 355 2676 2004 2732">
     <span class='ocr_line' id='line_1_48' title="bbox 355 2676 2004 2732; baseline 0 0"><span class='ocrx_word' id='word_1_297' title='bbox 355 2678 737 2732; x_wconf 88' lang='lat' dir='ltr'>omittebatur</span> <span class='ocrx_word' id='word_1_298' title='bbox 765 2677 920 2730; x_wconf 86' lang='lat' dir='ltr'>enim</span> <span class='ocrx_word' id='word_1_299' title='bbox 944 2678 1016 2730; x_wconf 93' lang='lat' dir='ltr'>ob</span> <span class='ocrx_word' id='word_1_300' title='bbox 1043 2676 1338 2730; x_wconf 89' lang='lat' dir='ltr'>redituum</span> <span class='ocrx_word' id='word_1_301' title='bbox 1362 2677 1674 2730; x_wconf 82' lang='lat' dir='ltr'>defectum.</span> <span class='ocrx_word' id='word_1_302' title='bbox 1705 2679 1864 2731; x_wconf 82' lang='lat' dir='ltr'>Hunc</span> <span class='ocrx_word' id='word_1_303' title='bbox 1886 2679 2004 2732; x_wconf 88' lang='lat' dir='ltr'>Mo-</span> 
     </span>
    </p>
   </div>
   <div class='ocr_carea' id='block_1_48' title="bbox 355 2763 1997 2834">
    <p class='ocr_par' dir='ltr' id='par_1_48' title="bbox 355 2763 1997 2834">
     <span class='ocr_line' id='line_1_49' title="bbox 355 2763 1997 2834; baseline 0.001 -14"><span class='ocrx_word' id='word_1_304' title='bbox 355 2765 682 2820; x_wconf 86' lang='lat' dir='ltr'>nomachus</span> <span class='ocrx_word' id='word_1_305' title='bbox 712 2763 1030 2819; x_wconf 83' lang='lat' dir='ltr'>liberaliter</span> <span class='ocrx_word' id='word_1_306' title='bbox 1078 2763 1392 2833; x_wconf 83' lang='lat' dir='ltr'>supplevit,</span> <span class='ocrx_word' id='word_1_307' title='bbox 1427 2769 1489 2816; x_wconf 89' lang='lat' dir='ltr'>ut</span> <span class='ocrx_word' id='word_1_308' title='bbox 1534 2765 1794 2834; x_wconf 88' lang='lat' dir='ltr'>quotidie</span> <span class='ocrx_word' id='word_1_309' title='bbox 1828 2771 1997 2821; x_wconf 78' lang='lat' dir='ltr'>Missa</span> 
     </span>
    </p>
   </div>
   <div class='ocr_carea' id='block_1_49' title="bbox 356 2853 1994 2923">
    <p class='ocr_par' dir='ltr' id='par_1_49' title="bbox 356 2853 1994 2923">
     <span class='ocr_line' id='line_1_50' title="bbox 356 2853 1994 2923; baseline 0.001 -15"><span class='ocrx_word' id='word_1_310' title='bbox 356 2854 741 2910; x_wconf 83' lang='lat' dir='ltr'>celebraretur</span> <span class='ocrx_word' id='word_1_311' title='bbox 773 2854 920 2908; x_wconf 89' lang='lat' dir='ltr'>eoin</span> <span class='ocrx_word' id='word_1_312' title='bbox 947 2853 1164 2922; x_wconf 90' lang='lat' dir='ltr'>templo</span> <span class='ocrx_word' id='word_1_313' title='bbox 1193 2869 1206 2912; x_wconf 85' lang='lat'><strong>;</strong></span> <span class='ocrx_word' id='word_1_314' title='bbox 1233 2853 1513 2907; x_wconf 86' lang='lat' dir='ltr'>laudabili</span> <span class='ocrx_word' id='word_1_315' title='bbox 1544 2871 1682 2908; x_wconf 85' lang='lat' dir='ltr'>sane</span> <span class='ocrx_word' id='word_1_316' title='bbox 1707 2855 1994 2923; x_wconf 84' lang='lat' dir='ltr'>instituto,</span> 
     </span>
    </p>
   </div>
   <div class='ocr_carea' id='block_1_50' title="bbox 357 2940 1989 3014">
    <p class='ocr_par' dir='ltr' id='par_1_50' title="bbox 357 2940 1989 3014">
     <span class='ocr_line' id='line_1_51' title="bbox 357 2940 1989 3014; baseline 0.001 -18"><span class='ocrx_word' id='word_1_317' title='bbox 357 2944 509 3014; x_wconf 89' lang='lat' dir='ltr'>quod</span> <span class='ocrx_word' id='word_1_318' title='bbox 547 2941 833 3011; x_wconf 89' lang='lat' dir='ltr'>hodieque</span> <span class='ocrx_word' id='word_1_319' title='bbox 864 2941 1105 2994; x_wconf 86' lang='lat' dir='ltr'>obtinet.</span> <span class='ocrx_word' id='word_1_320' title='bbox 1140 2940 1288 3003; x_wconf 88' lang='lat' dir='ltr'>Quin</span> <span class='ocrx_word' id='word_1_321' title='bbox 1321 2948 1379 2994; x_wconf 90' lang='lat' dir='ltr'>et</span> <span class='ocrx_word' id='word_1_322' title='bbox 1405 2957 1546 2995; x_wconf 88' lang='lat' dir='ltr'>vasa</span> <span class='ocrx_word' id='word_1_323' title='bbox 1576 2943 1645 2996; x_wconf 88' lang='lat' dir='ltr'>ad</span> <span class='ocrx_word' id='word_1_324' title='bbox 1681 2942 1788 2998; x_wconf 90' lang='lat' dir='ltr'>hoc</span> <span class='ocrx_word' id='word_1_325' title='bbox 1822 2948 1989 3011; x_wconf 86' lang='lat' dir='ltr'>perti-</span> 
     </span>
    </p>
   </div>
   <div class='ocr_carea' id='block_1_51' title="bbox 358 3029 1995 3100">
    <p class='ocr_par' dir='ltr' id='par_1_51' title="bbox 358 3029 1995 3100">
     <span class='ocr_line' id='line_1_52' title="bbox 358 3029 1995 3100; baseline 0.002 -15"><span class='ocrx_word' id='word_1_326' title='bbox 358 3031 556 3086; x_wconf 84' lang='lat' dir='ltr'>nentia</span> <span class='ocrx_word' id='word_1_327' title='bbox 607 3035 1040 3085; x_wconf 84' lang='lat' dir='ltr'>sacramentum</span> <span class='ocrx_word' id='word_1_328' title='bbox 1093 3029 1142 3084; x_wconf 89' lang='lat' dir='ltr'>ei</span> <span class='ocrx_word' id='word_1_329' title='bbox 1194 3029 1412 3100; x_wconf 89' lang='lat' dir='ltr'>templo</span> <span class='ocrx_word' id='word_1_330' title='bbox 1461 3031 1768 3096; x_wconf 88' lang='lat' dir='ltr'>dedicavit,</span> <span class='ocrx_word' id='word_1_331' title='bbox 1801 3051 1995 3088; x_wconf 88' lang='lat' dir='ltr'>aurea.</span> 
     </span>
    </p>
   </div>
   <div class='ocr_carea' id='block_1_52' title="bbox 356 3119 1994 3192">
    <p class='ocr_par' dir='ltr' id='par_1_52' title="bbox 356 3119 1994 3192">
     <span class='ocr_line' id='line_1_53' title="bbox 356 3119 1994 3192; baseline 0.001 -18"><span class='ocrx_word' id='word_1_332' title='bbox 356 3121 746 3192; x_wconf 86' lang='lat' dir='ltr'>pretiosisque</span> <span class='ocrx_word' id='word_1_333' title='bbox 767 3125 972 3173; x_wconf 83' lang='lat' dir='ltr'>ornata</span> <span class='ocrx_word' id='word_1_334' title='bbox 995 3119 1308 3174; x_wconf 89' lang='lat' dir='ltr'>unionibus</span> <span class='ocrx_word' id='word_1_335' title='bbox 1334 3126 1392 3173; x_wconf 88' lang='lat' dir='ltr'>et</span> <span class='ocrx_word' id='word_1_336' title='bbox 1420 3121 1690 3190; x_wconf 84' lang='lat' dir='ltr'>gemmis,</span> <span class='ocrx_word' id='word_1_337' title='bbox 1725 3140 1850 3192; x_wconf 72' lang='lat' dir='ltr'>qnze</span> <span class='ocrx_word' id='word_1_338' title='bbox 1875 3140 1994 3177; x_wconf 84' lang='lat' dir='ltr'>ma-</span> 
     </span>
    </p>
   </div>
   <div class='ocr_carea' id='block_1_53' title="bbox 2112 1866 3756 1942">
    <p class='ocr_par' dir='ltr' id='par_1_53' title="bbox 2112 1866 3756 1942">
     <span class='ocr_line' id='line_1_54' title="bbox 2112 1866 3756 1942; baseline -0.004 -15"><span class='ocrx_word' id='word_1_339' title='bbox 2112 1896 2208 1928; x_wconf 87' lang='grc' dir='ltr'>νου</span> <span class='ocrx_word' id='word_1_340' title='bbox 2265 1874 2493 1936; x_wconf 78' lang='grc' dir='ltr'>ἀσωτίας</span> <span class='ocrx_word' id='word_1_341' title='bbox 2553 1875 2638 1929; x_wconf 84' lang='grc' dir='ltr'>καὶ</span> <span class='ocrx_word' id='word_1_342' title='bbox 2711 1871 3046 1933; x_wconf 82' lang='grc' dir='ltr'>σαλακωνίας</span> <span class='ocrx_word' id='word_1_343' title='bbox 3105 1873 3170 1926; x_wconf 83' lang='grc' dir='ltr'>τά</span> <span class='ocrx_word' id='word_1_344' title='bbox 3221 1869 3505 1942; x_wconf 86' lang='grc' dir='ltr'>Ῥωμαίων</span> <span class='ocrx_word' id='word_1_345' title='bbox 3557 1866 3756 1940; x_wconf 78' lang='grc' dir='ltr'>ἤρξατο</span> 
     </span>
    </p>
   </div>
   <div class='ocr_carea' id='block_1_54' title="bbox 2113 1955 3752 2042">
    <p class='ocr_par' dir='ltr' id='par_1_54' title="bbox 2113 1955 3752 2042">
     <span class='ocr_line' id='line_1_55' title="bbox 2113 1955 3752 2042; baseline -0.005 -25"><span class='ocrx_word' id='word_1_346' title='bbox 2113 1964 2310 2042; x_wconf 67' lang='grc' dir='ltr'>φθίνειν</span> <span class='ocrx_word' id='word_1_347' title='bbox 2372 1963 2682 2038; x_wconf 86' lang='grc' dir='ltr'>πράγματα,</span> <span class='ocrx_word' id='word_1_348' title='bbox 2741 1962 2830 2017; x_wconf 86' lang='lat' dir='ltr'>xui</span> <span class='ocrx_word' id='word_1_349' title='bbox 2883 1959 3067 2016; x_wconf 78' lang='grc' dir='ltr'>ἔκτοτε</span> <span class='ocrx_word' id='word_1_350' title='bbox 3094 1960 3180 2015; x_wconf 90' lang='lat' dir='ltr'>xui</span> <span class='ocrx_word' id='word_1_351' title='bbox 3243 1958 3404 2034; x_wconf 85' lang='grc' dir='ltr'>μέχρι</span> <span class='ocrx_word' id='word_1_352' title='bbox 3465 1960 3561 2025; x_wconf 73' lang='grc' dir='ltr'>τῆς</span> <span class='ocrx_word' id='word_1_353' title='bbox 3595 1955 3752 2030; x_wconf 82' lang='grc' dir='ltr'>δεῦρο</span> 
     </span>
    </p>
   </div>
   <div class='ocr_carea' id='block_1_55' title="bbox 2112 2040 3754 2127">
    <p class='ocr_par' dir='ltr' id='par_1_55' title="bbox 2112 2040 3754 2127">
     <span class='ocr_line' id='line_1_56' title="bbox 2112 2040 3754 2127; baseline -0.007 -20"><span class='ocrx_word' id='word_1_354' title='bbox 2112 2040 2245 2107; x_wconf 78' lang='grc' dir='ltr'>κατά</span> <span class='ocrx_word' id='word_1_355' title='bbox 2307 2053 2496 2127; x_wconf 83' lang='grc' dir='ltr'>μικρὸν</span> <span class='ocrx_word' id='word_1_356' title='bbox 2545 2051 2621 2115; x_wconf 83' lang='grc' dir='ltr'>εἷς</span> <span class='ocrx_word' id='word_1_357' title='bbox 2665 2052 2726 2105; x_wconf 88' lang='grc' dir='ltr'>τὸ</span> <span class='ocrx_word' id='word_1_358' title='bbox 2793 2051 3020 2104; x_wconf 85' lang='grc' dir='ltr'>κατόπιν</span> <span class='ocrx_word' id='word_1_359' title='bbox 3081 2052 3368 2123; x_wconf 77' lang='grc' dir='ltr'>χωροῦντα</span> <span class='ocrx_word' id='word_1_360' title='bbox 3398 2044 3452 2107; x_wconf 87' lang='grc' dir='ltr'>ές</span> <span class='ocrx_word' id='word_1_361' title='bbox 3512 2040 3754 2110; x_wconf 75' lang='grc' dir='ltr'>παντελῆ</span> 
     </span>
    </p>
   </div>
   <div class='ocr_carea' id='block_1_56' title="bbox 2112 2131 3754 2212">
    <p class='ocr_par' dir='ltr' id='par_1_56' title="bbox 2112 2131 3754 2212">
     <span class='ocr_line' id='line_1_57' title="bbox 2112 2131 3754 2212; baseline -0.007 -16"><span class='ocrx_word' id='word_1_362' title='bbox 2112 2144 2415 2212; x_wconf 73' lang='grc' dir='ltr'>κατήντησε</span> <span class='ocrx_word' id='word_1_363' title='bbox 2455 2143 2553 2208; x_wconf 68' lang='grc' dir='ltr'>τὴν</span> <span class='ocrx_word' id='word_1_364' title='bbox 2604 2141 2891 2194; x_wconf 76' lang='grc' dir='ltr'>ἀσθένειαν·</span> <span class='ocrx_word' id='word_1_365' title='bbox 2925 2139 2987 2192; x_wconf 82' lang='grc' dir='ltr'>τὸ</span> <span class='ocrx_word' id='word_1_366' title='bbox 3023 2139 3124 2212; x_wconf 82' lang='grc' dir='ltr'>γάρ</span> <span class='ocrx_word' id='word_1_367' title='bbox 3158 2135 3459 2206; x_wconf 81' lang='grc' dir='ltr'>ἐλευθέριον</span> <span class='ocrx_word' id='word_1_368' title='bbox 3509 2131 3754 2207; x_wconf 76' lang='grc' dir='ltr'>ἀτέχνως</span> 
     </span>
    </p>
   </div>
   <div class='ocr_carea' id='block_1_57' title="bbox 2113 2223 3757 2301">
    <p class='ocr_par' dir='ltr' id='par_1_57' title="bbox 2113 2223 3757 2301">
     <span class='ocr_line' id='line_1_58' title="bbox 2113 2223 3757 2301; baseline -0.006 -17"><span class='ocrx_word' id='word_1_369' title='bbox 2113 2229 2324 2284; x_wconf 77' lang='grc' dir='ltr'>διώκων</span> <span class='ocrx_word' id='word_1_370' title='bbox 2369 2230 2444 2290; x_wconf 86' lang='grc' dir='ltr'>εἷς</span> <span class='ocrx_word' id='word_1_371' title='bbox 2483 2233 2645 2301; x_wconf 70' lang='grc' dir='ltr'>ἄκραν</span> <span class='ocrx_word' id='word_1_372' title='bbox 2696 2225 2956 2298; x_wconf 76' lang='grc' dir='ltr'>ἐληλάκει</span> <span class='ocrx_word' id='word_1_373' title='bbox 3005 2228 3103 2294; x_wconf 78' lang='grc' dir='ltr'>τὴν</span> <span class='ocrx_word' id='word_1_374' title='bbox 3138 2225 3392 2280; x_wconf 87' lang='grc' dir='ltr'>ἀσωτίαν.</span> <span class='ocrx_word' id='word_1_375' title='bbox 3431 2223 3509 2277; x_wconf 81' lang='grc' dir='ltr'>Οὐ</span> <span class='ocrx_word' id='word_1_376' title='bbox 3558 2224 3674 2293; x_wconf 67' lang='grc' dir='ltr'>μήν</span> <span class='ocrx_word' id='word_1_377' title='bbox 3703 2242 3757 2295; x_wconf 89' lang='grc' dir='ltr'>γε</span> 
     </span>
    </p>
   </div>
   <div class='ocr_carea' id='block_1_58' title="bbox 2109 2309 3758 2389">
    <p class='ocr_par' dir='ltr' id='par_1_58' title="bbox 2109 2309 3758 2389">
     <span class='ocr_line' id='line_1_59' title="bbox 2109 2309 3758 2389; baseline -0.005 -16"><span class='ocrx_word' id='word_1_378' title='bbox 2109 2321 2195 2373; x_wconf 83' lang='grc' dir='ltr'>καὶ</span> <span class='ocrx_word' id='word_1_379' title='bbox 2245 2320 2548 2373; x_wconf 85' lang='grc' dir='ltr'>παντάπασι</span> <span class='ocrx_word' id='word_1_380' title='bbox 2595 2318 2837 2387; x_wconf 66' lang='grc' dir='ltr'>πράξεων</span> <span class='ocrx_word' id='word_1_381' title='bbox 2888 2316 3097 2389; x_wconf 81' lang='grc' dir='ltr'>ἀγαθῶν</span> <span class='ocrx_word' id='word_1_382' title='bbox 3147 2313 3424 2389; x_wconf 78' lang='grc' dir='ltr'>ἐστέρητο,</span> <span class='ocrx_word' id='word_1_383' title='bbox 3470 2309 3618 2366; x_wconf 78' lang='grc' dir='ltr'>ἀλλά</span> <span class='ocrx_word' id='word_1_384' title='bbox 3672 2313 3758 2387; x_wconf 60' lang='grc' dir='ltr'>φέ-</span> 
     </span>
    </p>
   </div>
   <div class='ocr_carea' id='block_1_59' title="bbox 2113 2399 3755 2482">
    <p class='ocr_par' dir='ltr' id='par_1_59' title="bbox 2113 2399 3755 2482">
     <span class='ocr_line' id='line_1_60' title="bbox 2113 2399 3755 2482; baseline 0.002 -22"><span class='ocrx_word' id='word_1_385' title='bbox 2113 2429 2293 2482; x_wconf 77' lang='grc' dir='ltr'>ρονται</span> <span class='ocrx_word' id='word_1_386' title='bbox 2339 2407 2427 2461; x_wconf 77' lang='grc' dir='ltr'>καί</span> <span class='ocrx_word' id='word_1_387' title='bbox 2456 2429 2576 2461; x_wconf 86' lang='grc' dir='ltr'>τινα</span> <span class='ocrx_word' id='word_1_388' title='bbox 2605 2403 2736 2481; x_wconf 79' lang='grc' dir='ltr'>ἔργα</span> <span class='ocrx_word' id='word_1_389' title='bbox 2768 2405 2930 2460; x_wconf 81' lang='grc' dir='ltr'>αὐτοῦ</span> <span class='ocrx_word' id='word_1_390' title='bbox 2978 2404 3254 2477; x_wconf 71' lang='grc' dir='ltr'>ἱστορικῆς</span> <span class='ocrx_word' id='word_1_391' title='bbox 3292 2404 3512 2475; x_wconf 69' lang='grc' dir='ltr'>μνήμης</span> <span class='ocrx_word' id='word_1_392' title='bbox 3546 2399 3755 2471; x_wconf 65' lang='grc' dir='ltr'>ἐπάξια-</span> 
     </span>
    </p>
   </div>
   <div class='ocr_carea' id='block_1_60' title="bbox 2109 2490 3762 2572">
    <p class='ocr_par' dir='ltr' id='par_1_60' title="bbox 2109 2490 3762 2572">
     <span class='ocr_line' id='line_1_61' title="bbox 2109 2490 3762 2572; baseline -0.007 -21"><span class='ocrx_word' id='word_1_393' title='bbox 2109 2497 2178 2551; x_wconf 88' lang='grc' dir='ltr'>Τό</span> <span class='ocrx_word' id='word_1_394' title='bbox 2209 2519 2265 2550; x_wconf 89' lang='grc' dir='ltr'>τε</span> <span class='ocrx_word' id='word_1_395' title='bbox 2293 2497 2394 2571; x_wconf 86' lang='grc' dir='ltr'>γάρ</span> <span class='ocrx_word' id='word_1_396' title='bbox 2446 2496 2603 2572; x_wconf 79' lang='grc' dir='ltr'>ῥηθὲν</span> <span class='ocrx_word' id='word_1_397' title='bbox 2641 2497 3006 2569; x_wconf 78' lang='grc' dir='ltr'>μοναστήριον</span> <span class='ocrx_word' id='word_1_398' title='bbox 3047 2492 3136 2546; x_wconf 81' lang='lat' dir='ltr'>xui</span> <span class='ocrx_word' id='word_1_399' title='bbox 3166 2492 3232 2546; x_wconf 82' lang='grc' dir='ltr'>τά</span> <span class='ocrx_word' id='word_1_400' title='bbox 3276 2490 3327 2545; x_wconf 80' lang='grc' dir='ltr'>ὲν</span> <span class='ocrx_word' id='word_1_401' title='bbox 3380 2490 3526 2560; x_wconf 80' lang='grc' dir='ltr'>αὐτῷ</span> <span class='ocrx_word' id='word_1_402' title='bbox 3573 2501 3762 2562; x_wconf 72' lang='grc' dir='ltr'>γηρω-</span> 
     </span>
    </p>
   </div>
   <div class='ocr_carea' id='block_1_61' title="bbox 2108 2576 3759 2664">
    <p class='ocr_par' dir='ltr' id='par_1_61' title="bbox 2108 2576 3759 2664">
     <span class='ocr_line' id='line_1_62' title="bbox 2108 2576 3759 2664; baseline -0.007 -24"><span class='ocrx_word' id='word_1_403' title='bbox 2108 2592 2331 2664; x_wconf 74' lang='grc' dir='ltr'>τροφεῖα</span> <span class='ocrx_word' id='word_1_404' title='bbox 2377 2586 2466 2640; x_wconf 87' lang='grc' dir='ltr'>καὶ</span> <span class='ocrx_word' id='word_1_405' title='bbox 2515 2586 2566 2638; x_wconf 83' lang='lat' dir='ltr'>oi</span> <span class='ocrx_word' id='word_1_406' title='bbox 2615 2585 2837 2654; x_wconf 82' lang='grc' dir='ltr'>ξενῶνες</span> <span class='ocrx_word' id='word_1_407' title='bbox 2882 2582 2971 2637; x_wconf 86' lang='grc' dir='ltr'>καὶ</span> <span class='ocrx_word' id='word_1_408' title='bbox 3019 2584 3085 2635; x_wconf 83' lang='grc' dir='ltr'>τά</span> <span class='ocrx_word' id='word_1_409' title='bbox 3138 2583 3560 2654; x_wconf 75' lang='grc' dir='ltr'>πτωχοτροφεῖα</span> <span class='ocrx_word' id='word_1_410' title='bbox 3608 2576 3759 2630; x_wconf 76' lang='grc' dir='ltr'>ἐπαί-</span> 
     </span>
    </p>
   </div>
   <div class='ocr_carea' id='block_1_62' title="bbox 2108 2664 3759 2748">
    <p class='ocr_par' dir='ltr' id='par_1_62' title="bbox 2108 2664 3759 2748">
     <span class='ocr_line' id='line_1_63' title="bbox 2108 2664 3759 2748; baseline -0.006 -19"><span class='ocrx_word' id='word_1_411' title='bbox 2108 2697 2213 2728; x_wconf 87' lang='grc' dir='ltr'>νων</span> <span class='ocrx_word' id='word_1_412' title='bbox 2273 2674 2372 2728; x_wconf 79' lang='grc' dir='ltr'>υύκ</span> <span class='ocrx_word' id='word_1_413' title='bbox 2419 2675 2730 2748; x_wconf 73' lang='grc' dir='ltr'>ἀμοιροῦσι,</span> <span class='ocrx_word' id='word_1_414' title='bbox 2779 2672 2867 2726; x_wconf 86' lang='lat' dir='ltr'>xui</span> <span class='ocrx_word' id='word_1_415' title='bbox 2913 2674 2974 2726; x_wconf 87' lang='grc' dir='ltr'>τὸ</span> <span class='ocrx_word' id='word_1_416' title='bbox 3015 2670 3300 2747; x_wconf 89' lang='grc' dir='ltr'>γενόμενον</span> <span class='ocrx_word' id='word_1_417' title='bbox 3346 2664 3497 2743; x_wconf 79' lang='grc' dir='ltr'>ἔργον</span> <span class='ocrx_word' id='word_1_418' title='bbox 3552 2666 3634 2730; x_wconf 83' lang='grc' dir='ltr'>εἷς</span> <span class='ocrx_word' id='word_1_419' title='bbox 3665 2667 3759 2731; x_wconf 72' lang='grc' dir='ltr'>τήν</span> 
     </span>
    </p>
   </div>
   <div class='ocr_carea' id='block_1_63' title="bbox 2106 2757 3758 2840">
    <p class='ocr_par' dir='ltr' id='par_1_63' title="bbox 2106 2757 3758 2840">
     <span class='ocr_line' id='line_1_64' title="bbox 2106 2757 3758 2840; baseline -0.006 -21"><span class='ocrx_word' id='word_1_420' title='bbox 2106 2771 2203 2819; x_wconf 81' lang='grc' dir='ltr'>τοῦ</span> <span class='ocrx_word' id='word_1_421' title='bbox 2254 2770 2386 2819; x_wconf 70' lang='grc' dir='ltr'>Θεοῦ</span> <span class='ocrx_word' id='word_1_422' title='bbox 2418 2763 2671 2840; x_wconf 77' lang='grc' dir='ltr'>Μεγάλην</span> <span class='ocrx_word' id='word_1_423' title='bbox 2718 2761 3045 2831; x_wconf 84' lang='grc' dir='ltr'>Ἐκκλησίαν</span> <span class='ocrx_word' id='word_1_424' title='bbox 3077 2758 3364 2834; x_wconf 76' lang='grc' dir='ltr'>ἐγκωμίων</span> <span class='ocrx_word' id='word_1_425' title='bbox 3399 2758 3501 2811; x_wconf 76' lang='grc' dir='ltr'>οὐκ</span> <span class='ocrx_word' id='word_1_426' title='bbox 3528 2757 3758 2811; x_wconf 84' lang='grc' dir='ltr'>ἀπολεί-</span> 
     </span>
    </p>
   </div>
   <div class='ocr_carea' id='block_1_64' title="bbox 2107 2846 3765 2926">
    <p class='ocr_par' dir='ltr' id='par_1_64' title="bbox 2107 2846 3765 2926">
     <span class='ocr_line' id='line_1_65' title="bbox 2107 2846 3765 2926; baseline -0.007 -18"><span class='ocrx_word' id='word_1_427' title='bbox 2107 2875 2282 2909; x_wconf 76' lang='grc' dir='ltr'>πεται.</span> <span class='ocrx_word' id='word_1_428' title='bbox 2329 2860 2470 2916; x_wconf 79' lang='grc' dir='ltr'>Ἕως</span> <span class='ocrx_word' id='word_1_429' title='bbox 2527 2852 2727 2907; x_wconf 80' lang='grc' dir='ltr'>ἐκείνου</span> <span class='ocrx_word' id='word_1_430' title='bbox 2781 2852 2886 2926; x_wconf 73' lang='grc' dir='ltr'>γάρ</span> <span class='ocrx_word' id='word_1_431' title='bbox 2946 2850 2996 2904; x_wconf 82' lang='grc' dir='ltr'>έν</span> <span class='ocrx_word' id='word_1_432' title='bbox 3054 2850 3241 2922; x_wconf 82' lang='grc' dir='ltr'>μόναις</span> <span class='ocrx_word' id='word_1_433' title='bbox 3287 2853 3404 2908; x_wconf 81' lang='grc' dir='ltr'>ταῖς</span> <span class='ocrx_word' id='word_1_434' title='bbox 3462 2846 3765 2918; x_wconf 67' lang='grc' dir='ltr'>ἐπισήμοις</span> 
     </span>
    </p>
   </div>
   <div class='ocr_carea' id='block_1_65' title="bbox 2109 2931 3764 3016">
    <p class='ocr_par' dir='ltr' id='par_1_65' title="bbox 2109 2931 3764 3016">
     <span class='ocr_line' id='line_1_66' title="bbox 2109 2931 3764 3016; baseline -0.007 -18"><span class='ocrx_word' id='word_1_435' title='bbox 2109 2945 2319 3016; x_wconf 71' lang='grc' dir='ltr'>ἑορταῖς</span> <span class='ocrx_word' id='word_1_436' title='bbox 2379 2941 2430 2996; x_wconf 85' lang='grc' dir='ltr'>έν</span> <span class='ocrx_word' id='word_1_437' title='bbox 2484 2941 2674 3014; x_wconf 74' lang='grc' dir='ltr'>ταύτῃ,</span> <span class='ocrx_word' id='word_1_438' title='bbox 2719 2937 2796 2995; x_wconf 79' lang='grc' dir='ltr'>ἔτι</span> <span class='ocrx_word' id='word_1_439' title='bbox 2851 2937 2907 2994; x_wconf 58' lang='grc' dir='ltr'>δέ</span> <span class='ocrx_word' id='word_1_440' title='bbox 2945 2939 3035 2994; x_wconf 83' lang='lat' dir='ltr'>xui</span> <span class='ocrx_word' id='word_1_441' title='bbox 3085 2944 3203 3001; x_wconf 90' lang='grc' dir='ltr'>τοῖς</span> <span class='ocrx_word' id='word_1_442' title='bbox 3249 2931 3488 2990; x_wconf 73' lang='grc' dir='ltr'>Σάϐϐασι</span> <span class='ocrx_word' id='word_1_443' title='bbox 3519 2937 3608 2989; x_wconf 85' lang='lat' dir='ltr'>xui</span> <span class='ocrx_word' id='word_1_444' title='bbox 3646 2940 3764 2993; x_wconf 83' lang='grc' dir='ltr'>ταῖς</span> 
     </span>
    </p>
   </div>
   <div class='ocr_carea' id='block_1_66' title="bbox 2110 3023 3764 3105">
    <p class='ocr_par' dir='ltr' id='par_1_66' title="bbox 2110 3023 3764 3105">
     <span class='ocr_line' id='line_1_67' title="bbox 2110 3023 3764 3105; baseline -0.006 -19"><span class='ocrx_word' id='word_1_445' title='bbox 2110 3037 2399 3105; x_wconf 80' lang='grc' dir='ltr'>Κυριακαῖς</span> <span class='ocrx_word' id='word_1_446' title='bbox 2447 3031 2678 3105; x_wconf 72' lang='grc' dir='ltr'>ἡμέραις</span> <span class='ocrx_word' id='word_1_447' title='bbox 2721 3033 2754 3098; x_wconf 82' lang='grc' dir='ltr'>ἡ</span> <span class='ocrx_word' id='word_1_448' title='bbox 2797 3027 3128 3100; x_wconf 85' lang='grc' dir='ltr'>ἀναίμακτος</span> <span class='ocrx_word' id='word_1_449' title='bbox 3159 3031 3235 3097; x_wconf 79' lang='grc' dir='ltr'>τῷ</span> <span class='ocrx_word' id='word_1_450' title='bbox 3285 3030 3400 3097; x_wconf 87' lang='grc' dir='ltr'>Θεῷ</span> <span class='ocrx_word' id='word_1_451' title='bbox 3451 3023 3764 3079; x_wconf 71' lang='grc' dir='ltr'>ἰπετελεῖτο</span> 
     </span>
    </p>
   </div>
   <div class='ocr_carea' id='block_1_67' title="bbox 2107 3112 3762 3196">
    <p class='ocr_par' dir='ltr' id='par_1_67' title="bbox 2107 3112 3762 3196">
     <span class='ocr_line' id='line_1_68' title="bbox 2107 3112 3762 3196; baseline -0.007 -21"><span class='ocrx_word' id='word_1_452' title='bbox 2107 3120 2402 3196; x_wconf 73' lang='grc' dir='ltr'>ἱερουργία,</span> <span class='ocrx_word' id='word_1_453' title='bbox 2477 3119 2527 3173; x_wconf 79' lang='grc' dir='ltr'>έν</span> <span class='ocrx_word' id='word_1_454' title='bbox 2607 3117 2665 3172; x_wconf 75' lang='grc' dir='ltr'>δὲ</span> <span class='ocrx_word' id='word_1_455' title='bbox 2726 3123 2844 3179; x_wconf 87' lang='grc' dir='ltr'>ταῖς</span> <span class='ocrx_word' id='word_1_456' title='bbox 2913 3116 3134 3179; x_wconf 80' lang='grc' dir='ltr'>λοιπαῖς</span> <span class='ocrx_word' id='word_1_457' title='bbox 3182 3112 3437 3186; x_wconf 77' lang='grc' dir='ltr'>οὐδαμῶς</span> <span class='ocrx_word' id='word_1_458' title='bbox 3499 3112 3762 3187; x_wconf 77' lang='grc' dir='ltr'>ἡμέραις.</span> 
     </span>
    </p>
   </div>
   <div class='ocr_carea' id='block_1_68' title="bbox 354 3181 2000 3282">
    <p class='ocr_par' dir='ltr' id='par_1_68' title="bbox 354 3181 1995 3281">
     <span class='ocr_line' id='line_1_69' title="bbox 354 3181 1995 3281; baseline 0.001 -18"><span class='ocrx_word' id='word_1_459' title='bbox 354 3181 876 3281; x_wconf 59' lang='grc' dir='ltr'>ἑζηὶῐυᾶίηόφι-οιὶο</span> <span class='ocrx_word' id='word_1_460' title='bbox 890 3225 954 3262; x_wconf 88' lang='lat' dir='ltr'>ac</span> <span class='ocrx_word' id='word_1_461' title='bbox 969 3181 1548 3279; x_wconf 67' lang='lat' dir='ltr'>pulchritudineiiliis</span> <span class='ocrx_word' id='word_1_462' title='bbox 1566 3181 1995 3277; x_wconf 74' lang='lat' dir='ltr'>anlecellerent;</span> 
     </span>
    </p>
   </div>
   <div class='ocr_carea' id='block_1_69' title="bbox 2112 3181 3768 3282">
    <p class='ocr_par' dir='ltr' id='par_1_69' title="bbox 2112 3199 3768 3282">
     <span class='ocr_line' id='line_1_70' title="bbox 2112 3199 3768 3282; baseline -0.007 -16"><span class='ocrx_word' id='word_1_463' title='bbox 2112 3213 2282 3266; x_wconf 79' lang='grc' dir='ltr'>Τοῦτο</span> <span class='ocrx_word' id='word_1_464' title='bbox 2324 3206 2380 3263; x_wconf 72' lang='grc' dir='ltr'>δέ</span> <span class='ocrx_word' id='word_1_465' title='bbox 2429 3207 2627 3282; x_wconf 84' lang='grc' dir='ltr'>ἐγίνετο</span> <span class='ocrx_word' id='word_1_466' title='bbox 2677 3204 2764 3261; x_wconf 76' lang='grc' dir='ltr'>διὰ</span> <span class='ocrx_word' id='word_1_467' title='bbox 2812 3203 3085 3279; x_wconf 77' lang='grc' dir='ltr'>προσόδου</span> <span class='ocrx_word' id='word_1_468' title='bbox 3132 3201 3362 3268; x_wconf 66' lang='grc' dir='ltr'>ἔνδειαν,</span> <span class='ocrx_word' id='word_1_469' title='bbox 3393 3204 3455 3271; x_wconf 76' lang='grc' dir='ltr'>ἣν</span> <span class='ocrx_word' id='word_1_470' title='bbox 3484 3201 3648 3262; x_wconf 77' lang='grc' dir='ltr'>οὗτος</span> <span class='ocrx_word' id='word_1_471' title='bbox 3681 3199 3768 3255; x_wconf 78' lang='grc' dir='ltr'>δα·</span> 
     </span>
    </p>
   </div>
   <div class='ocr_carea' id='block_1_70' title="bbox 357 3296 1998 3370">
    <p class='ocr_par' dir='ltr' id='par_1_70' title="bbox 357 3296 1998 3370">
     <span class='ocr_line' id='line_1_71' title="bbox 357 3296 1998 3370; baseline 0.003 -19"><span class='ocrx_word' id='word_1_472' title='bbox 357 3299 674 3370; x_wconf 86' lang='lat' dir='ltr'>multisque</span> <span class='ocrx_word' id='word_1_473' title='bbox 700 3297 833 3352; x_wconf 91' lang='lat' dir='ltr'>aliis</span> <span class='ocrx_word' id='word_1_474' title='bbox 863 3296 1121 3351; x_wconf 89' lang='lat' dir='ltr'>donariis</span> <span class='ocrx_word' id='word_1_475' title='bbox 1156 3296 1308 3350; x_wconf 84' lang='lat' dir='ltr'>istud</span> <span class='ocrx_word' id='word_1_476' title='bbox 1336 3297 1617 3367; x_wconf 83' lang='lat' dir='ltr'>templum</span> <span class='ocrx_word' id='word_1_477' title='bbox 1677 3304 1998 3356; x_wconf 80' lang='lat' dir='ltr'>exornavit.</span> 
     </span>
    </p>
   </div>
   <div class='ocr_carea' id='block_1_71' title="bbox 2111 3292 3768 3375">
    <p class='ocr_par' dir='ltr' id='par_1_71' title="bbox 2111 3292 3768 3375">
     <span class='ocr_line' id='line_1_72' title="bbox 2111 3292 3768 3375; baseline -0.006 -22"><span class='ocrx_word' id='word_1_478' title='bbox 2111 3298 2289 3372; x_wconf 73' lang='grc' dir='ltr'>ψιλῶς</span> <span class='ocrx_word' id='word_1_479' title='bbox 2343 3298 2603 3375; x_wconf 73' lang='grc' dir='ltr'>ἀφορίσας</span> <span class='ocrx_word' id='word_1_480' title='bbox 2637 3298 2786 3369; x_wconf 80' lang='grc'>[791]</span> <span class='ocrx_word' id='word_1_481' title='bbox 2843 3295 2930 3350; x_wconf 86' lang='grc' dir='ltr'>καὶ</span> <span class='ocrx_word' id='word_1_482' title='bbox 2978 3292 3350 3367; x_wconf 83' lang='grc' dir='ltr'>ἀποχρώντως</span> <span class='ocrx_word' id='word_1_483' title='bbox 3377 3293 3494 3354; x_wconf 79' lang='grc' dir='ltr'>καθ’</span> <span class='ocrx_word' id='word_1_484' title='bbox 3527 3292 3768 3358; x_wconf 72' lang='grc' dir='ltr'>εκάστην</span> 
     </span>
    </p>
   </div>
   <div class='ocr_carea' id='block_1_72' title="bbox 352 3378 3771 3465">
    <p class='ocr_par' dir='ltr' id='par_1_72' title="bbox 352 3378 3771 3465">
     <span class='ocr_line' id='line_1_73' title="bbox 352 3378 3771 3465; baseline -0.003 -24"><span class='ocrx_word' id='word_1_485' title='bbox 352 3386 624 3441; x_wconf 76' lang='grc' dir='ltr'>τελεῖσθαι</span> <span class='ocrx_word' id='word_1_486' title='bbox 657 3387 755 3452; x_wconf 78' lang='grc' dir='ltr'>τὴν</span> <span class='ocrx_word' id='word_1_487' title='bbox 785 3385 931 3460; x_wconf 71' lang='grc' dir='ltr'>ἱερὰν</span> <span class='ocrx_word' id='word_1_488' title='bbox 957 3382 1320 3457; x_wconf 77' lang='grc' dir='ltr'>παρεσκεύασε</span> <span class='ocrx_word' id='word_1_489' title='bbox 1351 3383 1714 3458; x_wconf 86' lang='grc' dir='ltr'>λειτουργίαν·</span> <span class='ocrx_word' id='word_1_490' title='bbox 1752 3386 1781 3440; x_wconf 81' lang='lat'>6&#39;</span> <span class='ocrx_word' id='word_1_491' title='bbox 1810 3389 1897 3441; x_wconf 87' lang='lat' dir='ltr'>xui</span> <span class='ocrx_word' id='word_1_492' title='bbox 1928 3395 2114 3465; x_wconf 83' lang='grc' dir='ltr'>κρατεῖ</span> <span class='ocrx_word' id='word_1_493' title='bbox 2143 3389 2430 3463; x_wconf 88' lang='grc' dir='ltr'>γινόμενον</span> <span class='ocrx_word' id='word_1_494' title='bbox 2467 3386 2665 3461; x_wconf 83' lang='grc' dir='ltr'>μέχρις</span> <span class='ocrx_word' id='word_1_495' title='bbox 2696 3387 2878 3456; x_wconf 77' lang='grc' dir='ltr'>ἡμῶν.</span> <span class='ocrx_word' id='word_1_496' title='bbox 2943 3382 3044 3439; x_wconf 82' lang='grc' dir='ltr'>Καὶ</span> <span class='ocrx_word' id='word_1_497' title='bbox 3094 3381 3255 3452; x_wconf 72' lang='grc' dir='ltr'>σκεόη</span> <span class='ocrx_word' id='word_1_498' title='bbox 3307 3378 3364 3434; x_wconf 69' lang='grc' dir='ltr'><strong>δί</strong></span> <span class='ocrx_word' id='word_1_499' title='bbox 3414 3381 3481 3434; x_wconf 86' lang='grc' dir='ltr'>τά</span> <span class='ocrx_word' id='word_1_500' title='bbox 3517 3383 3586 3452; x_wconf 76' lang='grc' dir='ltr'>τῇ</span> <span class='ocrx_word' id='word_1_501' title='bbox 3650 3381 3771 3454; x_wconf 74' lang='grc' dir='ltr'>ἱερᾷ</span> 
     </span>
    </p>
   </div>
   <div class='ocr_carea' id='block_1_73' title="bbox 357 3469 3773 3552">
    <p class='ocr_par' dir='ltr' id='par_1_73' title="bbox 357 3469 3773 3552">
     <span class='ocr_line' id='line_1_74' title="bbox 357 3469 3773 3552; baseline -0.002 -23"><span class='ocrx_word' id='word_1_502' title='bbox 357 3476 608 3547; x_wconf 80' lang='grc' dir='ltr'>ἀνειμένα</span> <span class='ocrx_word' id='word_1_503' title='bbox 638 3471 896 3542; x_wconf 80' lang='grc' dir='ltr'>σπονδείᾳ</span> <span class='ocrx_word' id='word_1_504' title='bbox 922 3477 990 3545; x_wconf 81' lang='grc' dir='ltr'>τῇ</span> <span class='ocrx_word' id='word_1_505' title='bbox 1020 3472 1248 3545; x_wconf 82' lang='grc' dir='ltr'>τοιαόνῃ</span> <span class='ocrx_word' id='word_1_506' title='bbox 1285 3473 1498 3534; x_wconf 81' lang='grc' dir='ltr'>ἀνέθετο</span> <span class='ocrx_word' id='word_1_507' title='bbox 1529 3473 1810 3546; x_wconf 76' lang='grc' dir='ltr'>ἐκκλησίᾳ,</span> <span class='ocrx_word' id='word_1_508' title='bbox 1846 3475 1904 3530; x_wconf 82' lang='grc' dir='ltr'>ἐκ</span> <span class='ocrx_word' id='word_1_509' title='bbox 1933 3482 2140 3552; x_wconf 88' lang='grc' dir='ltr'>χρυσοῦ</span> <span class='ocrx_word' id='word_1_510' title='bbox 2170 3478 2256 3531; x_wconf 86' lang='lat' dir='ltr'>xui</span> <span class='ocrx_word' id='word_1_511' title='bbox 2292 3473 2619 3545; x_wconf 83' lang='grc' dir='ltr'>πολυτίμων</span> <span class='ocrx_word' id='word_1_512' title='bbox 2653 3474 2946 3546; x_wconf 82' lang='grc' dir='ltr'>μαργάρων</span> <span class='ocrx_word' id='word_1_513' title='bbox 2979 3472 3068 3525; x_wconf 82' lang='grc' dir='ltr'>καὶ</span> <span class='ocrx_word' id='word_1_514' title='bbox 3100 3469 3266 3524; x_wconf 85' lang='grc' dir='ltr'>λίθων</span> <span class='ocrx_word' id='word_1_515' title='bbox 3297 3469 3773 3540; x_wconf 66' lang='grc' dir='ltr'>κατεσκευασμένα</span> 
     </span>
    </p>
   </div>
   <div class='ocr_carea' id='block_1_74' title="bbox 363 3557 3771 3640">
    <p class='ocr_par' dir='ltr' id='par_1_74' title="bbox 363 3557 3771 3640">
     <span class='ocr_line' id='line_1_75' title="bbox 363 3557 3771 3640; baseline -0.001 -24"><span class='ocrx_word' id='word_1_516' title='bbox 363 3569 553 3638; x_wconf 86' lang='grc' dir='ltr'>μακρῷ</span> <span class='ocrx_word' id='word_1_517' title='bbox 582 3561 959 3636; x_wconf 80' lang='grc' dir='ltr'>παρελάσαντα</span> <span class='ocrx_word' id='word_1_518' title='bbox 987 3561 1054 3615; x_wconf 73' lang='lat' dir='ltr'>tu</span> <span class='ocrx_word' id='word_1_519' title='bbox 1084 3561 1256 3616; x_wconf 75' lang='grc' dir='ltr'>λοιπά</span> <span class='ocrx_word' id='word_1_520' title='bbox 1289 3561 1496 3636; x_wconf 75' lang='grc' dir='ltr'>μεγέθει</span> <span class='ocrx_word' id='word_1_521' title='bbox 1531 3563 1616 3616; x_wconf 86' lang='lat' dir='ltr'>xui</span> <span class='ocrx_word' id='word_1_522' title='bbox 1650 3563 1844 3618; x_wconf 80' lang='grc' dir='ltr'>κάλλει</span> <span class='ocrx_word' id='word_1_523' title='bbox 1876 3567 1964 3620; x_wconf 80' lang='grc' dir='ltr'>καὶ</span> <span class='ocrx_word' id='word_1_524' title='bbox 1996 3572 2203 3640; x_wconf 85' lang='grc' dir='ltr'>τιμαῖς.</span> <span class='ocrx_word' id='word_1_525' title='bbox 2239 3565 2338 3622; x_wconf 79' lang='grc' dir='ltr'>Καὶ</span> <span class='ocrx_word' id='word_1_526' title='bbox 2374 3563 2594 3624; x_wconf 83' lang='grc' dir='ltr'>λοιποῖς</span> <span class='ocrx_word' id='word_1_527' title='bbox 2624 3562 2817 3624; x_wconf 82' lang='grc' dir='ltr'>ἀλλοις</span> <span class='ocrx_word' id='word_1_528' title='bbox 2847 3558 3166 3634; x_wconf 79' lang='grc' dir='ltr'>κειμηλίοις</span> <span class='ocrx_word' id='word_1_529' title='bbox 3190 3559 3292 3613; x_wconf 84' lang='grc' dir='ltr'>οὐκ</span> <span class='ocrx_word' id='word_1_530' title='bbox 3311 3557 3526 3633; x_wconf 72' lang='grc' dir='ltr'>ὀλίγοις</span> <span class='ocrx_word' id='word_1_531' title='bbox 3556 3557 3771 3626; x_wconf 80' lang='grc' dir='ltr'>ταύτην</span> 
     </span>
    </p>
   </div>
   <div class='ocr_carea' id='block_1_75' title="bbox 361 3649 1467 3728">
    <p class='ocr_par' dir='ltr' id='par_1_75' title="bbox 361 3649 1467 3728">
     <span class='ocr_line' id='line_1_76' title="bbox 361 3649 1467 3728; baseline -0.002 -22"><span class='ocrx_word' id='word_1_532' title='bbox 361 3650 662 3728; x_wconf 65' lang='grc' dir='ltr'>ὶφαίδρυνε.</span> <span class='ocrx_word' id='word_1_533' title='bbox 698 3650 793 3704; x_wconf 80' lang='grc' dir='ltr'>Καὶ</span> <span class='ocrx_word' id='word_1_534' title='bbox 825 3650 890 3703; x_wconf 75' lang='grc' dir='ltr'>τὰ</span> <span class='ocrx_word' id='word_1_535' title='bbox 925 3650 1016 3720; x_wconf 73' lang='grc' dir='ltr'>μὲν</span> <span class='ocrx_word' id='word_1_536' title='bbox 1051 3649 1254 3703; x_wconf 71' lang='grc' dir='ltr'>ἆκείνου</span> <span class='ocrx_word' id='word_1_537' title='bbox 1283 3654 1467 3705; x_wconf 78' lang='grc' dir='ltr'>ταῦτα.</span> 
     </span>
    </p>
   </div>
   <div class='ocr_carea' id='block_1_76' title="bbox 434 3739 2003 3809">
    <p class='ocr_par' dir='ltr' id='par_1_76' title="bbox 434 3739 2003 3809">
     <span class='ocr_line' id='line_1_77' title="bbox 434 3739 2003 3809; baseline 0.002 -11"><span class='ocrx_word' id='word_1_538' title='bbox 434 3741 858 3798; x_wconf 86' lang='lat' dir='ltr'>lndictionibus</span> <span class='ocrx_word' id='word_1_539' title='bbox 881 3739 1129 3809; x_wconf 84' lang='lat' dir='ltr'>septima</span> <span class='ocrx_word' id='word_1_540' title='bbox 1148 3746 1205 3794; x_wconf 88' lang='lat' dir='ltr'>et</span> <span class='ocrx_word' id='word_1_541' title='bbox 1233 3747 1436 3794; x_wconf 87' lang='lat' dir='ltr'>octava</span> <span class='ocrx_word' id='word_1_542' title='bbox 1458 3747 1615 3795; x_wconf 84' lang='lat' dir='ltr'>tanta</span> <span class='ocrx_word' id='word_1_543' title='bbox 1638 3742 1747 3796; x_wconf 81' lang='lat' dir='ltr'>fuit</span> <span class='ocrx_word' id='word_1_544' title='bbox 1779 3743 1836 3797; x_wconf 90' lang='lat' dir='ltr'>in</span> <span class='ocrx_word' id='word_1_545' title='bbox 1863 3746 2003 3801; x_wconf 87' lang='lat' dir='ltr'>urbe</span> 
     </span>
    </p>
   </div>
   <div class='ocr_carea' id='block_1_77' title="bbox 361 3827 2000 3903">
    <p class='ocr_par' dir='ltr' id='par_1_77' title="bbox 361 3827 2000 3903">
     <span class='ocr_line' id='line_1_78' title="bbox 361 3827 2000 3903; baseline 0.001 -18"><span class='ocrx_word' id='word_1_546' title='bbox 361 3831 543 3903; x_wconf 88' lang='lat' dir='ltr'>pestis</span> <span class='ocrx_word' id='word_1_547' title='bbox 577 3835 640 3884; x_wconf 92' lang='lat' dir='ltr'>ut</span> <span class='ocrx_word' id='word_1_548' title='bbox 689 3829 937 3883; x_wconf 88' lang='lat' dir='ltr'>mortuis</span> <span class='ocrx_word' id='word_1_549' title='bbox 985 3827 1293 3882; x_wconf 73' lang='lat' dir='ltr'>efferendis</span> <span class='ocrx_word' id='word_1_550' title='bbox 1337 3828 1440 3881; x_wconf 90' lang='lat' dir='ltr'>viri</span> <span class='ocrx_word' id='word_1_551' title='bbox 1483 3847 1592 3883; x_wconf 84' lang='lat' dir='ltr'>nnn</span> <span class='ocrx_word' id='word_1_552' title='bbox 1645 3831 2000 3886; x_wconf 78' lang='lat' dir='ltr'>sufﬁcerent.</span> 
     </span>
    </p>
   </div>
   <div class='ocr_carea' id='block_1_78' title="bbox 362 3916 2002 3990">
    <p class='ocr_par' dir='ltr' id='par_1_78' title="bbox 362 3916 2002 3990">
     <span class='ocr_line' id='line_1_79' title="bbox 362 3916 2002 3990; baseline 0 -15"><span class='ocrx_word' id='word_1_553' title='bbox 362 3921 428 3976; x_wconf 89' lang='lat' dir='ltr'>Et</span> <span class='ocrx_word' id='word_1_554' title='bbox 459 3919 720 3989; x_wconf 64' lang='lat' dir='ltr'>septimae</span> <span class='ocrx_word' id='word_1_555' title='bbox 751 3916 1089 3970; x_wconf 89' lang='lat' dir='ltr'>indictionis</span> <span class='ocrx_word' id='word_1_556' title='bbox 1112 3921 1309 3969; x_wconf 68' lang='lat' dir='ltr'>aestate</span> <span class='ocrx_word' id='word_1_557' title='bbox 1344 3933 1554 3987; x_wconf 80' lang='lat' dir='ltr'>magna</span> <span class='ocrx_word' id='word_1_558' title='bbox 1583 3919 1667 3971; x_wconf 86' lang='lat' dir='ltr'>vis</span> <span class='ocrx_word' id='word_1_559' title='bbox 1699 3921 2002 3990; x_wconf 85' lang='lat' dir='ltr'>grandinis</span> 
     </span>
    </p>
   </div>
   <div class='ocr_carea' id='block_1_79' title="bbox 359 4003 2002 4074">
    <p class='ocr_par' dir='ltr' id='par_1_79' title="bbox 359 4003 2002 4074">
     <span class='ocr_line' id='line_1_80' title="bbox 359 4003 2002 4074; baseline 0.001 -11"><span class='ocrx_word' id='word_1_560' title='bbox 359 4009 515 4064; x_wconf 75' lang='lat'>810</span> <span class='ocrx_word' id='word_1_561' title='bbox 541 4005 756 4073; x_wconf 89' lang='lat' dir='ltr'>delata,</span> <span class='ocrx_word' id='word_1_562' title='bbox 790 4003 974 4059; x_wconf 86' lang='lat' dir='ltr'>multa</span> <span class='ocrx_word' id='word_1_563' title='bbox 1005 4004 1281 4059; x_wconf 77' lang='lat' dir='ltr'>animalia</span> <span class='ocrx_word' id='word_1_564' title='bbox 1315 4012 1490 4074; x_wconf 87' lang='lat' dir='ltr'>atque</span> <span class='ocrx_word' id='word_1_565' title='bbox 1520 4007 1694 4062; x_wconf 86' lang='lat' dir='ltr'>etiam</span> <span class='ocrx_word' id='word_1_566' title='bbox 1732 4008 2002 4065; x_wconf 89' lang='lat' dir='ltr'>homines</span> 
     </span>
    </p>
   </div>
   <div class='ocr_carea' id='block_1_80' title="bbox 357 4094 2001 4167">
    <p class='ocr_par' dir='ltr' id='par_1_80' title="bbox 357 4094 2001 4167">
     <span class='ocr_line' id='line_1_81' title="bbox 357 4094 2001 4167; baseline 0.001 -14"><span class='ocrx_word' id='word_1_567' title='bbox 357 4096 670 4153; x_wconf 81' lang='lat' dir='ltr'>interfecit.</span> <span class='ocrx_word' id='word_1_568' title='bbox 704 4101 777 4149; x_wconf 83' lang='lat' dir='ltr'>At</span> <span class='ocrx_word' id='word_1_569' title='bbox 806 4094 1127 4165; x_wconf 87' lang='lat' dir='ltr'>imperator</span> <span class='ocrx_word' id='word_1_570' title='bbox 1171 4102 1447 4149; x_wconf 80' lang='lat' dir='ltr'>consueto</span> <span class='ocrx_word' id='word_1_571' title='bbox 1497 4097 1765 4167; x_wconf 71' lang='lat' dir='ltr'>podagrae</span> <span class='ocrx_word' id='word_1_572' title='bbox 1799 4100 2001 4154; x_wconf 89' lang='lat' dir='ltr'>morbo</span> 
     </span>
    </p>
   </div>
   <div class='ocr_carea' id='block_1_81' title="bbox 358 4183 2000 4254">
    <p class='ocr_par' dir='ltr' id='par_1_81' title="bbox 358 4183 2000 4254">
     <span class='ocr_line' id='line_1_82' title="bbox 358 4183 2000 4254; baseline -0.001 -12"><span class='ocrx_word' id='word_1_573' title='bbox 358 4187 631 4251; x_wconf 80' lang='lat' dir='ltr'>afﬂictus,</span> <span class='ocrx_word' id='word_1_574' title='bbox 664 4201 797 4239; x_wconf 87' lang='lat' dir='ltr'>cum</span> <span class='ocrx_word' id='word_1_575' title='bbox 850 4184 1225 4238; x_wconf 78' lang='lat' dir='ltr'>decumberet</span> <span class='ocrx_word' id='word_1_576' title='bbox 1271 4183 1326 4236; x_wconf 89' lang='lat' dir='ltr'>in</span> <span class='ocrx_word' id='word_1_577' title='bbox 1385 4185 1758 4254; x_wconf 77' lang='lat' dir='ltr'>Magnnorum</span> <span class='ocrx_word' id='word_1_578' title='bbox 1799 4204 2000 4242; x_wconf 87' lang='lat' dir='ltr'>mona-</span> 
     </span>
    </p>
   </div>
   <div class='ocr_carea' id='block_1_82' title="bbox 357 4274 2001 4343">
    <p class='ocr_par' dir='ltr' id='par_1_82' title="bbox 357 4274 2001 4343">
     <span class='ocr_line' id='line_1_83' title="bbox 357 4274 2001 4343; baseline -0.001 -12"><span class='ocrx_word' id='word_1_579' title='bbox 357 4275 535 4332; x_wconf 88' lang='lat' dir='ltr'>sterio</span> <span class='ocrx_word' id='word_1_580' title='bbox 569 4291 601 4330; x_wconf 87' lang='lat' dir='ltr'>a</span> <span class='ocrx_word' id='word_1_581' title='bbox 633 4291 693 4330; x_wconf 87' lang='lat' dir='ltr'>se</span> <span class='ocrx_word' id='word_1_582' title='bbox 724 4289 925 4329; x_wconf 88' lang='lat' dir='ltr'>recens</span> <span class='ocrx_word' id='word_1_583' title='bbox 968 4274 1224 4338; x_wconf 88' lang='lat' dir='ltr'>condito,</span> <span class='ocrx_word' id='word_1_584' title='bbox 1255 4290 1318 4326; x_wconf 82' lang='lat' dir='ltr'>ac</span> <span class='ocrx_word' id='word_1_585' title='bbox 1366 4280 1638 4343; x_wconf 70' lang='lat' dir='ltr'>praeterea</span> <span class='ocrx_word' id='word_1_586' title='bbox 1688 4275 1846 4329; x_wconf 85' lang='lat' dir='ltr'>aliud</span> <span class='ocrx_word' id='word_1_587' title='bbox 1882 4293 2001 4330; x_wconf 86' lang='lat' dir='ltr'>ma-</span> 
     </span>
    </p>
   </div>
   <div class='ocr_carea' id='block_1_83' title="bbox 359 4362 2003 4434">
    <p class='ocr_par' dir='ltr' id='par_1_83' title="bbox 359 4362 2003 4434">
     <span class='ocr_line' id='line_1_84' title="bbox 359 4362 2003 4434; baseline 0 -15"><span class='ocrx_word' id='word_1_588' title='bbox 359 4367 482 4420; x_wconf 91' lang='lat' dir='ltr'>lum</span> <span class='ocrx_word' id='word_1_589' title='bbox 515 4364 881 4427; x_wconf 82' lang='lat' dir='ltr'>accessisset,</span> <span class='ocrx_word' id='word_1_590' title='bbox 925 4363 1170 4431; x_wconf 86' lang='lat' dir='ltr'>jamque</span> <span class='ocrx_word' id='word_1_591' title='bbox 1218 4379 1374 4416; x_wconf 86' lang='lat' dir='ltr'>mors</span> <span class='ocrx_word' id='word_1_592' title='bbox 1426 4362 1644 4417; x_wconf 86' lang='lat' dir='ltr'>instare</span> <span class='ocrx_word' id='word_1_593' title='bbox 1692 4365 2003 4434; x_wconf 87' lang='lat' dir='ltr'>videretur,</span> 
     </span>
    </p>
   </div>
   <div class='ocr_carea' id='block_1_84' title="bbox 358 4449 2004 4520">
    <p class='ocr_par' dir='ltr' id='par_1_84' title="bbox 358 4449 2004 4520">
     <span class='ocr_line' id='line_1_85' title="bbox 358 4449 2004 4520; baseline -0.001 -11"><span class='ocrx_word' id='word_1_594' title='bbox 358 4456 431 4510; x_wconf 89' lang='lat' dir='ltr'>de</span> <span class='ocrx_word' id='word_1_595' title='bbox 478 4468 815 4508; x_wconf 86' lang='lat' dir='ltr'>successore</span> <span class='ocrx_word' id='word_1_596' title='bbox 871 4452 999 4520; x_wconf 86' lang='lat' dir='ltr'>ejus</span> <span class='ocrx_word' id='word_1_597' title='bbox 1059 4449 1445 4505; x_wconf 81' lang='lat' dir='ltr'>deliberatum</span> <span class='ocrx_word' id='word_1_598' title='bbox 1507 4459 1596 4506; x_wconf 83' lang='lat' dir='ltr'>est</span> <span class='ocrx_word' id='word_1_599' title='bbox 1653 4453 1803 4506; x_wconf 87' lang='lat' dir='ltr'>inter</span> <span class='ocrx_word' id='word_1_600' title='bbox 1859 4454 2004 4508; x_wconf 65' lang='lat' dir='ltr'>aula</span> 
     </span>
    </p>
   </div>
   <div class='ocr_carea' id='block_1_85' title="bbox 362 4540 2005 4615">
    <p class='ocr_par' dir='ltr' id='par_1_85' title="bbox 362 4540 2005 4615">
     <span class='ocr_line' id='line_1_86' title="bbox 362 4540 2005 4615; baseline -0.001 -16"><span class='ocrx_word' id='word_1_601' title='bbox 362 4559 649 4615; x_wconf 88' lang='lat' dir='ltr'>proceres.</span> <span class='ocrx_word' id='word_1_602' title='bbox 682 4542 753 4595; x_wconf 90' lang='lat' dir='ltr'>Hi</span> <span class='ocrx_word' id='word_1_603' title='bbox 814 4546 978 4595; x_wconf 87' lang='lat' dir='ltr'>erant</span> <span class='ocrx_word' id='word_1_604' title='bbox 1029 4544 1284 4594; x_wconf 85' lang='lat' dir='ltr'>Joannes</span> <span class='ocrx_word' id='word_1_605' title='bbox 1341 4540 1653 4604; x_wconf 76' lang='lat' dir='ltr'>logotheta,</span> <span class='ocrx_word' id='word_1_606' title='bbox 1703 4559 1872 4612; x_wconf 90' lang='lat' dir='ltr'>quem</span> <span class='ocrx_word' id='word_1_607' title='bbox 1906 4544 2005 4598; x_wconf 89' lang='lat' dir='ltr'>de-</span> 
     </span>
    </p>
   </div>
   <div class='ocr_carea' id='block_1_86' title="bbox 2187 3732 3777 3813">
    <p class='ocr_par' dir='ltr' id='par_1_86' title="bbox 2187 3732 3777 3813">
     <span class='ocr_line' id='line_1_87' title="bbox 2187 3732 3777 3813; baseline -0.006 -15"><span class='ocrx_word' id='word_1_608' title='bbox 2187 3741 2479 3813; x_wconf 80' lang='grc' dir='ltr'>Ἐνέσκηψε</span> <span class='ocrx_word' id='word_1_609' title='bbox 2527 3737 2583 3792; x_wconf 73' lang='grc' dir='ltr'>δὲ</span> <span class='ocrx_word' id='word_1_610' title='bbox 2630 3739 2716 3792; x_wconf 88' lang='lat' dir='ltr'>xui</span> <span class='ocrx_word' id='word_1_611' title='bbox 2753 3738 2985 3810; x_wconf 83' lang='grc' dir='ltr'>λοιμικὴ</span> <span class='ocrx_word' id='word_1_612' title='bbox 3036 3737 3188 3798; x_wconf 77' lang='grc' dir='ltr'>νόσος</span> <span class='ocrx_word' id='word_1_613' title='bbox 3215 3740 3283 3810; x_wconf 80' lang='grc' dir='ltr'>τῇ</span> <span class='ocrx_word' id='word_1_614' title='bbox 3338 3732 3576 3811; x_wconf 74' lang='grc' dir='ltr'>βασιλίδι</span> <span class='ocrx_word' id='word_1_615' title='bbox 3634 3735 3777 3788; x_wconf 71' lang='grc' dir='ltr'>κατὶ</span> 
     </span>
    </p>
   </div>
   <div class='ocr_carea' id='block_1_87' title="bbox 2113 3823 3781 3899">
    <p class='ocr_par' dir='ltr' id='par_1_87' title="bbox 2113 3823 3781 3899">
     <span class='ocr_line' id='line_1_88' title="bbox 2113 3823 3781 3899; baseline -0.005 -15"><span class='ocrx_word' id='word_1_616' title='bbox 2113 3853 2170 3884; x_wconf 86' lang='grc' dir='ltr'>τε</span> <span class='ocrx_word' id='word_1_617' title='bbox 2203 3831 2301 3898; x_wconf 77' lang='grc' dir='ltr'>τὴν</span> <span class='ocrx_word' id='word_1_618' title='bbox 2357 3831 2396 3898; x_wconf 78' lang='grc' dir='ltr'>ζ’</span> <span class='ocrx_word' id='word_1_619' title='bbox 2444 3829 2534 3882; x_wconf 88' lang='lat' dir='ltr'>xui</span> <span class='ocrx_word' id='word_1_620' title='bbox 2574 3829 2623 3898; x_wconf 84' lang='grc' dir='ltr'>η’</span> <span class='ocrx_word' id='word_1_621' title='bbox 2685 3825 3012 3896; x_wconf 80' lang='grc' dir='ltr'>ἰνδικτιῶνα,</span> <span class='ocrx_word' id='word_1_622' title='bbox 3078 3827 3151 3887; x_wconf 86' lang='grc' dir='ltr'>ὡς</span> <span class='ocrx_word' id='word_1_623' title='bbox 3202 3826 3277 3898; x_wconf 80' lang='grc' dir='ltr'>μὴ</span> <span class='ocrx_word' id='word_1_624' title='bbox 3321 3823 3586 3899; x_wconf 73' lang='grc' dir='ltr'>έξισχύειν</span> <span class='ocrx_word' id='word_1_625' title='bbox 3643 3824 3781 3884; x_wconf 67' lang='grc' dir='ltr'>τοὺς</span> 
     </span>
    </p>
   </div>
   <div class='ocr_carea' id='block_1_88' title="bbox 2117 3911 3780 3995">
    <p class='ocr_par' dir='ltr' id='par_1_88' title="bbox 2117 3911 3780 3995">
     <span class='ocr_line' id='line_1_89' title="bbox 2117 3911 3780 3995; baseline -0.004 -22"><span class='ocrx_word' id='word_1_626' title='bbox 2117 3924 2316 3988; x_wconf 81' lang='grc' dir='ltr'>ζῶντας</span> <span class='ocrx_word' id='word_1_627' title='bbox 2375 3917 2611 3995; x_wconf 62' lang='grc' dir='ltr'>ἐκφέρειν</span> <span class='ocrx_word' id='word_1_628' title='bbox 2656 3917 2782 3978; x_wconf 78' lang='grc' dir='ltr'>τοὺς</span> <span class='ocrx_word' id='word_1_629' title='bbox 2847 3917 3159 3976; x_wconf 81' lang='grc' dir='ltr'>τεθνεῶτας.</span> <span class='ocrx_word' id='word_1_630' title='bbox 3229 3913 3462 3989; x_wconf 84' lang='grc' dir='ltr'>Ἠνέχθη</span> <span class='ocrx_word' id='word_1_631' title='bbox 3515 3911 3573 3967; x_wconf 74' lang='grc' dir='ltr'>δὲ</span> <span class='ocrx_word' id='word_1_632' title='bbox 3634 3913 3780 3967; x_wconf 80' lang='grc' dir='ltr'>κατά</span> 
     </span>
    </p>
   </div>
   <div class='ocr_carea' id='block_1_89' title="bbox 2111 4001 3783 4082">
    <p class='ocr_par' dir='ltr' id='par_1_89' title="bbox 2111 4001 3783 4082">
     <span class='ocr_line' id='line_1_90' title="bbox 2111 4001 3783 4082; baseline -0.004 -20"><span class='ocrx_word' id='word_1_633' title='bbox 2111 4009 2173 4062; x_wconf 81' lang='grc' dir='ltr'>τὸ</span> <span class='ocrx_word' id='word_1_634' title='bbox 2216 4007 2365 4082; x_wconf 69' lang='grc' dir='ltr'>θέρῖις</span> <span class='ocrx_word' id='word_1_635' title='bbox 2417 4014 2516 4075; x_wconf 78' lang='grc' dir='ltr'>τῆς</span> <span class='ocrx_word' id='word_1_636' title='bbox 2549 4013 2580 4074; x_wconf 82' lang='grc' dir='ltr'>ζ·</span> <span class='ocrx_word' id='word_1_637' title='bbox 2615 4003 2951 4066; x_wconf 80' lang='grc' dir='ltr'>ἰνὸικτιῶνος</span> <span class='ocrx_word' id='word_1_638' title='bbox 2992 4003 3245 4079; x_wconf 81' lang='grc' dir='ltr'>μέγιστόν</span> <span class='ocrx_word' id='word_1_639' title='bbox 3275 4024 3333 4058; x_wconf 89' lang='grc' dir='ltr'>τε</span> <span class='ocrx_word' id='word_1_640' title='bbox 3359 4009 3554 4078; x_wconf 80' lang='grc' dir='ltr'>χρῆμα</span> <span class='ocrx_word' id='word_1_641' title='bbox 3589 4001 3783 4076; x_wconf 73' lang='grc' dir='ltr'>χαλά-</span> 
     </span>
    </p>
   </div>
   <div class='ocr_carea' id='block_1_90' title="bbox 2116 4090 3784 4166">
    <p class='ocr_par' dir='ltr' id='par_1_90' title="bbox 2116 4090 3784 4166">
     <span class='ocr_line' id='line_1_91' title="bbox 2116 4090 3784 4166; baseline -0.005 -14"><span class='ocrx_word' id='word_1_642' title='bbox 2116 4102 2212 4166; x_wconf 84' lang='grc' dir='ltr'>ζης</span> <span class='ocrx_word' id='word_1_643' title='bbox 2257 4098 2344 4152; x_wconf 82' lang='lat' dir='ltr'>xui</span> <span class='ocrx_word' id='word_1_644' title='bbox 2388 4097 2571 4151; x_wconf 84' lang='grc' dir='ltr'>πολλά</span> <span class='ocrx_word' id='word_1_645' title='bbox 2629 4097 2715 4150; x_wconf 83' lang='grc' dir='ltr'>ὑπ’</span> <span class='ocrx_word' id='word_1_646' title='bbox 2761 4094 2925 4150; x_wconf 76' lang='grc' dir='ltr'>αὐτοῦ</span> <span class='ocrx_word' id='word_1_647' title='bbox 2979 4093 3039 4148; x_wconf 80' lang='grc' dir='ltr'>οὐ</span> <span class='ocrx_word' id='word_1_648' title='bbox 3097 4097 3206 4163; x_wconf 82' lang='grc' dir='ltr'>ζῶα</span> <span class='ocrx_word' id='word_1_649' title='bbox 3259 4091 3442 4166; x_wconf 90' lang='grc' dir='ltr'>μόνον,</span> <span class='ocrx_word' id='word_1_650' title='bbox 3478 4090 3634 4146; x_wconf 67' lang='grc' dir='ltr'>ἀλλὰ</span> <span class='ocrx_word' id='word_1_651' title='bbox 3689 4091 3784 4145; x_wconf 82' lang='lat' dir='ltr'>xui</span> 
     </span>
    </p>
   </div>
   <div class='ocr_carea' id='block_1_91' title="bbox 2114 4180 3789 4262">
    <p class='ocr_par' dir='ltr' id='par_1_91' title="bbox 2114 4180 3789 4262">
     <span class='ocr_line' id='line_1_92' title="bbox 2114 4180 3789 4262; baseline -0.003 -22"><span class='ocrx_word' id='word_1_652' title='bbox 2114 4187 2389 4262; x_wconf 81' lang='grc' dir='ltr'>ἂνθρωποι</span> <span class='ocrx_word' id='word_1_653' title='bbox 2452 4183 2835 4261; x_wconf 68' lang='grc' dir='ltr'>διεφθάρησαν.</span> <span class='ocrx_word' id='word_1_654' title='bbox 2883 4185 2943 4240; x_wconf 86' lang='grc' dir='ltr'><strong>Ὁ</strong></span> <span class='ocrx_word' id='word_1_655' title='bbox 2993 4181 3050 4238; x_wconf 72' lang='grc' dir='ltr'>δὲ</span> <span class='ocrx_word' id='word_1_656' title='bbox 3106 4181 3359 4256; x_wconf 78' lang='grc' dir='ltr'>βασιλεὺς</span> <span class='ocrx_word' id='word_1_657' title='bbox 3390 4180 3789 4256; x_wconf 78' lang='grc' dir='ltr'>κατεχόμενος</span> 
     </span>
    </p>
   </div>
   <div class='ocr_carea' id='block_1_92' title="bbox 2116 4267 3791 4346">
    <p class='ocr_par' dir='ltr' id='par_1_92' title="bbox 2116 4267 3791 4346">
     <span class='ocr_line' id='line_1_93' title="bbox 2116 4267 3791 4346; baseline -0.005 -17"><span class='ocrx_word' id='word_1_658' title='bbox 2116 4275 2217 4329; x_wconf 83' lang='grc' dir='ltr'>ὑπὸ</span> <span class='ocrx_word' id='word_1_659' title='bbox 2247 4283 2346 4344; x_wconf 76' lang='grc' dir='ltr'>τῆς</span> <span class='ocrx_word' id='word_1_660' title='bbox 2395 4276 2654 4345; x_wconf 71' lang='grc' dir='ltr'>συνήθους</span> <span class='ocrx_word' id='word_1_661' title='bbox 2685 4274 2845 4327; x_wconf 88' lang='grc' dir='ltr'>νόσου</span> <span class='ocrx_word' id='word_1_662' title='bbox 2895 4280 2993 4341; x_wconf 82' lang='grc' dir='ltr'>τῆς</span> <span class='ocrx_word' id='word_1_663' title='bbox 3040 4269 3314 4346; x_wconf 82' lang='grc' dir='ltr'>ποδάγρας</span> <span class='ocrx_word' id='word_1_664' title='bbox 3360 4267 3536 4324; x_wconf 77' lang='grc' dir='ltr'>ἓκειτο</span> <span class='ocrx_word' id='word_1_665' title='bbox 3598 4268 3657 4322; x_wconf 79' lang='grc' dir='ltr'>ἐν</span> <span class='ocrx_word' id='word_1_666' title='bbox 3715 4271 3791 4338; x_wconf 74' lang='grc' dir='ltr'>τῇ</span> 
     </span>
    </p>
   </div>
   <div class='ocr_carea' id='block_1_93' title="bbox 2113 4357 3790 4438">
    <p class='ocr_par' dir='ltr' id='par_1_93' title="bbox 2113 4357 3790 4438">
     <span class='ocr_line' id='line_1_94' title="bbox 2113 4357 3790 4438; baseline -0.004 -22"><span class='ocrx_word' id='word_1_667' title='bbox 2113 4365 2240 4438; x_wconf 82' lang='grc' dir='ltr'>παρ’</span> <span class='ocrx_word' id='word_1_668' title='bbox 2289 4363 2453 4418; x_wconf 77' lang='grc' dir='ltr'>αὐτοῦ</span> <span class='ocrx_word' id='word_1_669' title='bbox 2499 4362 2891 4437; x_wconf 79' lang='grc' dir='ltr'>νεουργηθείσῃ</span> <span class='ocrx_word' id='word_1_670' title='bbox 2925 4365 3065 4434; x_wconf 86' lang='grc' dir='ltr'>μονῆ</span> <span class='ocrx_word' id='word_1_671' title='bbox 3097 4365 3204 4414; x_wconf 78' lang='grc' dir='ltr'>τῶν</span> <span class='ocrx_word' id='word_1_672' title='bbox 3258 4359 3586 4434; x_wconf 80' lang='grc' dir='ltr'>Μαγγάνων.</span> <span class='ocrx_word' id='word_1_673' title='bbox 3619 4357 3790 4414; x_wconf 77' lang='grc' dir='ltr'>Ἑπεῖ</span> 
     </span>
    </p>
   </div>
   <div class='ocr_carea' id='block_1_94' title="bbox 2115 4445 3794 4527">
    <p class='ocr_par' dir='ltr' id='par_1_94' title="bbox 2115 4445 3794 4527">
     <span class='ocr_line' id='line_1_95' title="bbox 2115 4445 3794 4527; baseline -0.004 -21"><span class='ocrx_word' id='word_1_674' title='bbox 2115 4449 2172 4506; x_wconf 74' lang='grc' dir='ltr'>δὲ</span> <span class='ocrx_word' id='word_1_675' title='bbox 2219 4454 2307 4506; x_wconf 90' lang='lat' dir='ltr'>xui</span> <span class='ocrx_word' id='word_1_676' title='bbox 2371 4449 2551 4527; x_wconf 72' lang='grc' dir='ltr'>ἕτερον</span> <span class='ocrx_word' id='word_1_677' title='bbox 2617 4450 3028 4522; x_wconf 75' lang='grc' dir='ltr'>ἐπηκολούθησε</span> <span class='ocrx_word' id='word_1_678' title='bbox 3079 4448 3390 4521; x_wconf 75' lang='grc' dir='ltr'>σύμπτωμα</span> <span class='ocrx_word' id='word_1_679' title='bbox 3435 4447 3524 4500; x_wconf 88' lang='lat' dir='ltr'>xui</span> <span class='ocrx_word' id='word_1_680' title='bbox 3578 4445 3707 4518; x_wconf 72' lang='grc' dir='ltr'>ἤδη</span> <span class='ocrx_word' id='word_1_681' title='bbox 3765 4449 3794 4501; x_wconf 83' lang='lat'>6</span> 
     </span>
    </p>
   </div>
   <div class='ocr_carea' id='block_1_95' title="bbox 2113 4536 3795 4617">
    <p class='ocr_par' dir='ltr' id='par_1_95' title="bbox 2113 4536 3795 4617">
     <span class='ocr_line' id='line_1_96' title="bbox 2113 4536 3795 4617; baseline -0.002 -23"><span class='ocrx_word' id='word_1_682' title='bbox 2113 4541 2338 4604; x_wconf 78' lang='grc' dir='ltr'>θάνατος</span> <span class='ocrx_word' id='word_1_683' title='bbox 2395 4539 2634 4617; x_wconf 72' lang='grc' dir='ltr'>ἤγγιζεν,</span> <span class='ocrx_word' id='word_1_684' title='bbox 2685 4541 3006 4595; x_wconf 70' lang='grc' dir='ltr'>ἂσκέπτοντο</span> <span class='ocrx_word' id='word_1_685' title='bbox 3048 4539 3098 4592; x_wconf 78' lang='grc' dir='ltr'>οἱ</span> <span class='ocrx_word' id='word_1_686' title='bbox 3149 4539 3216 4591; x_wconf 69' lang='grc' dir='ltr'>τά</span> <span class='ocrx_word' id='word_1_687' title='bbox 3264 4541 3453 4612; x_wconf 83' lang='grc' dir='ltr'>πρῶτα</span> <span class='ocrx_word' id='word_1_688' title='bbox 3504 4536 3556 4590; x_wconf 81' lang='grc' dir='ltr'>ἐν</span> <span class='ocrx_word' id='word_1_689' title='bbox 3619 4539 3795 4612; x_wconf 78' lang='grc' dir='ltr'>βασι-</span> 
     </span>
    </p>
   </div>
   <div class='ocr_carea' id='block_1_96' title="bbox 360 4613 2000 4707">
    <p class='ocr_par' dir='ltr' id='par_1_96' title="bbox 360 4613 2000 4686">
     <span class='ocr_line' id='line_1_97' title="bbox 360 4613 2000 4686; baseline -0.001 0"><span class='ocrx_word' id='word_1_690' title='bbox 360 4613 525 4685; x_wconf 76' lang='lat' dir='ltr'>truso</span> <span class='ocrx_word' id='word_1_691' title='bbox 559 4628 852 4684; x_wconf 82' lang='lat' dir='ltr'>Leichuda</span> <span class='ocrx_word' id='word_1_692' title='bbox 897 4644 1090 4680; x_wconf 91' lang='lat' dir='ltr'>rerum</span> <span class='ocrx_word' id='word_1_693' title='bbox 1141 4627 1744 4684; x_wconf 85' lang='lat' dir='ltr'>administrandarum</span> <span class='ocrx_word' id='word_1_694' title='bbox 1778 4631 2000 4686; x_wconf 90' lang='lat' dir='ltr'>socium</span> 
     </span>
    </p>
   </div>
   <div class='ocr_carea' id='block_1_97' title="bbox 2112 4613 3800 4707">
    <p class='ocr_par' dir='ltr' id='par_1_97' title="bbox 2113 4613 3800 4707">
     <span class='ocr_line' id='line_1_98' title="bbox 2113 4613 3800 4707; baseline -0.003 -23"><span class='ocrx_word' id='word_1_695' title='bbox 2113 4628 2281 4692; x_wconf 89' lang='grc' dir='ltr'>λείοις</span> <span class='ocrx_word' id='word_1_696' title='bbox 2333 4613 2602 4707; x_wconf 75' lang='grc' dir='ltr'>φέροντες,</span> <span class='ocrx_word' id='word_1_697' title='bbox 2632 4631 2660 4684; x_wconf 89' lang='lat'>6</span> <span class='ocrx_word' id='word_1_698' title='bbox 2693 4628 2992 4703; x_wconf 87' lang='grc' dir='ltr'>λογοθέτης</span> <span class='ocrx_word' id='word_1_699' title='bbox 3023 4628 3300 4695; x_wconf 88' lang='grc' dir='ltr'>Ἰωάννης,</span> <span class='ocrx_word' id='word_1_700' title='bbox 3335 4625 3394 4680; x_wconf 73' lang='grc' dir='ltr'>ὃν</span> <span class='ocrx_word' id='word_1_701' title='bbox 3439 4627 3468 4680; x_wconf 97' lang='lat'>6</span> <span class='ocrx_word' id='word_1_702' title='bbox 3506 4626 3800 4701; x_wconf 68' lang='grc' dir='ltr'>βασιλεὺς</span> 
     </span>
    </p>
   </div>
   <div class='ocr_carea' id='block_1_98' title="bbox 363 4717 2003 4788">
    <p class='ocr_par' dir='ltr' id='par_1_98' title="bbox 363 4717 2003 4788">
     <span class='ocr_line' id='line_1_99' title="bbox 363 4717 2003 4788; baseline -0.002 -11"><span class='ocrx_word' id='word_1_703' title='bbox 363 4722 649 4777; x_wconf 87' lang='lat' dir='ltr'>asciverat</span> <span class='ocrx_word' id='word_1_704' title='bbox 705 4719 1040 4788; x_wconf 85' lang='lat' dir='ltr'>imperator,</span> <span class='ocrx_word' id='word_1_705' title='bbox 1100 4717 1534 4787; x_wconf 87' lang='lat' dir='ltr'>protonotarius</span> <span class='ocrx_word' id='word_1_706' title='bbox 1611 4720 1798 4774; x_wconf 88' lang='lat' dir='ltr'>dromi</span> <span class='ocrx_word' id='word_1_707' title='bbox 1858 4719 2003 4774; x_wconf 90' lang='lat' dir='ltr'>Con-</span> 
     </span>
    </p>
   </div>
   <div class='ocr_carea' id='block_1_99' title="bbox 363 4805 2004 4880">
    <p class='ocr_par' dir='ltr' id='par_1_99' title="bbox 363 4805 2004 4880">
     <span class='ocr_line' id='line_1_100' title="bbox 363 4805 2004 4880; baseline -0.001 -16"><span class='ocrx_word' id='word_1_708' title='bbox 363 4809 682 4876; x_wconf 87' lang='lat' dir='ltr'>stantinus,</span> <span class='ocrx_word' id='word_1_709' title='bbox 735 4806 980 4861; x_wconf 81' lang='lat' dir='ltr'>Basilius</span> <span class='ocrx_word' id='word_1_710' title='bbox 1028 4805 1266 4860; x_wconf 90' lang='lat' dir='ltr'>caniclei</span> <span class='ocrx_word' id='word_1_711' title='bbox 1322 4809 1652 4877; x_wconf 66' lang='lat' dir='ltr'>praefectus,</span> <span class='ocrx_word' id='word_1_712' title='bbox 1692 4815 1748 4862; x_wconf 88' lang='lat' dir='ltr'>et</span> <span class='ocrx_word' id='word_1_713' title='bbox 1796 4808 2004 4880; x_wconf 88' lang='lat' dir='ltr'>reliqui</span> 
     </span>
    </p>
   </div>
   <div class='ocr_carea' id='block_1_100' title="bbox 358 4895 2004 4970">
    <p class='ocr_par' dir='ltr' id='par_1_100' title="bbox 358 4895 2004 4970">
     <span class='ocr_line' id='line_1_101' title="bbox 358 4895 2004 4970; baseline 0.001 -17"><span class='ocrx_word' id='word_1_714' title='bbox 358 4901 488 4970; x_wconf 89' lang='lat' dir='ltr'>ejus</span> <span class='ocrx_word' id='word_1_715' title='bbox 545 4895 882 4953; x_wconf 86' lang='lat' dir='ltr'>necessarii.</span> <span class='ocrx_word' id='word_1_716' title='bbox 944 4895 1229 4950; x_wconf 70' lang='lat' dir='ltr'>Omnibus</span> <span class='ocrx_word' id='word_1_717' title='bbox 1285 4897 1450 4950; x_wconf 87' lang='lat' dir='ltr'>visus</span> <span class='ocrx_word' id='word_1_718' title='bbox 1520 4902 1610 4951; x_wconf 89' lang='lat' dir='ltr'>est</span> <span class='ocrx_word' id='word_1_719' title='bbox 1663 4897 2004 4968; x_wconf 80' lang='lat' dir='ltr'>aptissimus</span> 
     </span>
    </p>
   </div>
   <div class='ocr_carea' id='block_1_101' title="bbox 355 4983 2003 5056">
    <p class='ocr_par' dir='ltr' id='par_1_101' title="bbox 355 4983 2003 5056">
     <span class='ocr_line' id='line_1_102' title="bbox 355 4983 2003 5056; baseline 0.001 -16"><span class='ocrx_word' id='word_1_720' title='bbox 355 4986 718 5056; x_wconf 89' lang='lat' dir='ltr'>Nicephorus</span> <span class='ocrx_word' id='word_1_721' title='bbox 779 4988 1064 5038; x_wconf 84' lang='lat' dir='ltr'>Protenon</span> <span class='ocrx_word' id='word_1_722' title='bbox 1117 4983 1308 5053; x_wconf 87' lang='lat' dir='ltr'>(quasi</span> <span class='ocrx_word' id='word_1_723' title='bbox 1369 4984 1678 5053; x_wconf 86' lang='lat' dir='ltr'>primatem</span> <span class='ocrx_word' id='word_1_724' title='bbox 1739 4985 2003 5054; x_wconf 85' lang='lat' dir='ltr'>diceres),</span> 
     </span>
    </p>
   </div>
   <div class='ocr_carea' id='block_1_102' title="bbox 358 5072 2001 5145">
    <p class='ocr_par' dir='ltr' id='par_1_102' title="bbox 358 5072 2001 5145">
     <span class='ocr_line' id='line_1_103' title="bbox 358 5072 2001 5145; baseline -0.001 -16"><span class='ocrx_word' id='word_1_725' title='bbox 358 5075 728 5145; x_wconf 85' lang='lat' dir='ltr'>mittiturquc</span> <span class='ocrx_word' id='word_1_726' title='bbox 761 5073 829 5127; x_wconf 89' lang='lat' dir='ltr'>ad</span> <span class='ocrx_word' id='word_1_727' title='bbox 864 5089 994 5126; x_wconf 86' lang='lat' dir='ltr'>eum</span> <span class='ocrx_word' id='word_1_728' title='bbox 1032 5088 1237 5126; x_wconf 88' lang='lat' dir='ltr'>cursor</span> <span class='ocrx_word' id='word_1_729' title='bbox 1269 5072 1321 5124; x_wconf 91' lang='lat' dir='ltr'>in</span> <span class='ocrx_word' id='word_1_730' title='bbox 1359 5072 1719 5143; x_wconf 81' lang='lat' dir='ltr'>Bulgariam,</span> <span class='ocrx_word' id='word_1_731' title='bbox 1753 5074 1845 5127; x_wconf 91' lang='lat' dir='ltr'>cui</span> <span class='ocrx_word' id='word_1_732' title='bbox 1878 5079 2001 5128; x_wconf 86' lang='lat' dir='ltr'>tum</span> 
     </span>
    </p>
   </div>
   <div class='ocr_carea' id='block_1_103' title="bbox 355 5161 1998 5236">
    <p class='ocr_par' dir='ltr' id='par_1_103' title="bbox 355 5161 1998 5236">
     <span class='ocr_line' id='line_1_104' title="bbox 355 5161 1998 5236; baseline -0.002 -17"><span class='ocrx_word' id='word_1_733' title='bbox 355 5168 604 5236; x_wconf 63' lang='lat' dir='ltr'>praierat</span> <span class='ocrx_word' id='word_1_734' title='bbox 648 5161 981 5234; x_wconf 69' lang='lat' dir='ltr'>provinciae,</span> <span class='ocrx_word' id='word_1_735' title='bbox 1031 5161 1128 5231; x_wconf 77' lang='lat' dir='ltr'>qui</span> <span class='ocrx_word' id='word_1_736' title='bbox 1181 5162 1253 5214; x_wconf 85' lang='lat' dir='ltr'>ad</span> <span class='ocrx_word' id='word_1_737' title='bbox 1308 5162 1506 5216; x_wconf 88' lang='lat' dir='ltr'>urbem</span> <span class='ocrx_word' id='word_1_738' title='bbox 1551 5178 1682 5215; x_wconf 79' lang='lat' dir='ltr'>eum</span> <span class='ocrx_word' id='word_1_739' title='bbox 1717 5167 1998 5216; x_wconf 72' lang='lat' dir='ltr'>evocaret.</span> 
     </span>
    </p>
   </div>
   <div class='ocr_carea' id='block_1_104' title="bbox 2115 4713 3796 4792">
    <p class='ocr_par' dir='ltr' id='par_1_104' title="bbox 2115 4713 3796 4792">
     <span class='ocr_line' id='line_1_105' title="bbox 2115 4713 3796 4792; baseline -0.003 -20"><span class='ocrx_word' id='word_1_740' title='bbox 2115 4716 2649 4792; x_wconf 81' lang='grc' dir='ltr'>παραδυναστεόοντα</span> <span class='ocrx_word' id='word_1_741' title='bbox 2696 4718 2829 4792; x_wconf 70' lang='grc' dir='ltr'>εἶχε,</span> <span class='ocrx_word' id='word_1_742' title='bbox 2861 4715 3255 4791; x_wconf 84' lang='grc' dir='ltr'>παρωσάμενος</span> <span class='ocrx_word' id='word_1_743' title='bbox 3301 4718 3391 4769; x_wconf 83' lang='grc' dir='ltr'>τὸν</span> <span class='ocrx_word' id='word_1_744' title='bbox 3423 4713 3796 4788; x_wconf 77' lang='grc' dir='ltr'>Λειχούδην,</span> 
     </span>
    </p>
   </div>
   <div class='ocr_carea' id='block_1_105' title="bbox 2116 4803 3803 4882">
    <p class='ocr_par' dir='ltr' id='par_1_105' title="bbox 2116 4803 3803 4882">
     <span class='ocr_line' id='line_1_106' title="bbox 2116 4803 3803 4882; baseline -0.003 -22"><span class='ocrx_word' id='word_1_745' title='bbox 2116 4807 2143 4860; x_wconf 92' lang='lat'>6</span> <span class='ocrx_word' id='word_1_746' title='bbox 2193 4806 2629 4882; x_wconf 87' lang='grc' dir='ltr'>πρωτονοτάριος</span> <span class='ocrx_word' id='word_1_747' title='bbox 2677 4810 2773 4860; x_wconf 77' lang='grc' dir='ltr'>τοῦ</span> <span class='ocrx_word' id='word_1_748' title='bbox 2821 4803 3027 4879; x_wconf 57' lang='grc' dir='ltr'>δρόμου</span> <span class='ocrx_word' id='word_1_749' title='bbox 3077 4805 3105 4858; x_wconf 93' lang='lat'>6</span> <span class='ocrx_word' id='word_1_750' title='bbox 3153 4809 3567 4866; x_wconf 81' lang='grc' dir='ltr'>Κωνσταντῖνος,</span> <span class='ocrx_word' id='word_1_751' title='bbox 3630 4805 3664 4858; x_wconf 89' lang='lat'>6</span> <span class='ocrx_word' id='word_1_752' title='bbox 3705 4803 3803 4857; x_wconf 77' lang='grc' dir='ltr'>ἐπὶ</span> 
     </span>
    </p>
   </div>
   <div class='ocr_carea' id='block_1_106' title="bbox 2112 4890 3805 4960">
    <p class='ocr_par' dir='ltr' id='par_1_106' title="bbox 2112 4890 3805 4960">
     <span class='ocr_line' id='line_1_107' title="bbox 2112 4890 3805 4960; baseline -0.001 -10"><span class='ocrx_word' id='word_1_753' title='bbox 2112 4900 2209 4950; x_wconf 74' lang='grc' dir='ltr'>τοῦ</span> <span class='ocrx_word' id='word_1_754' title='bbox 2257 4893 2570 4950; x_wconf 79' lang='grc' dir='ltr'>κανικλείου</span> <span class='ocrx_word' id='word_1_755' title='bbox 2625 4893 2939 4960; x_wconf 82' lang='grc' dir='ltr'>Βασίλειος,</span> <span class='ocrx_word' id='word_1_756' title='bbox 2991 4893 3079 4947; x_wconf 85' lang='lat' dir='ltr'>xui</span> <span class='ocrx_word' id='word_1_757' title='bbox 3131 4893 3182 4947; x_wconf 79' lang='lat' dir='ltr'>oi</span> <span class='ocrx_word' id='word_1_758' title='bbox 3237 4891 3424 4946; x_wconf 82' lang='grc' dir='ltr'>λοιποὶ</span> <span class='ocrx_word' id='word_1_759' title='bbox 3470 4891 3522 4945; x_wconf 81' lang='grc' dir='ltr'>οἱ</span> <span class='ocrx_word' id='word_1_760' title='bbox 3582 4890 3805 4955; x_wconf 75' lang='grc' dir='ltr'>ἄλλως</span> 
     </span>
    </p>
   </div>
   <div class='ocr_carea' id='block_1_107' title="bbox 2115 4978 3806 5058">
    <p class='ocr_par' dir='ltr' id='par_1_107' title="bbox 2115 4978 3806 5058">
     <span class='ocr_line' id='line_1_108' title="bbox 2115 4978 3806 5058; baseline -0.002 -19"><span class='ocrx_word' id='word_1_761' title='bbox 2115 4985 2259 5054; x_wconf 73' lang='grc' dir='ltr'>αὐτῷ</span> <span class='ocrx_word' id='word_1_762' title='bbox 2322 4983 2830 5058; x_wconf 82' lang='grc' dir='ltr'>προσῳκειωμένοι,</span> <span class='ocrx_word' id='word_1_763' title='bbox 2891 4982 3012 5037; x_wconf 86' lang='grc' dir='ltr'>τίνα</span> <span class='ocrx_word' id='word_1_764' title='bbox 3079 4978 3146 5050; x_wconf 78' lang='grc' dir='ltr'>δή</span> <span class='ocrx_word' id='word_1_765' title='bbox 3215 4980 3266 5042; x_wconf 84' lang='grc' dir='ltr'>ές</span> <span class='ocrx_word' id='word_1_766' title='bbox 3333 4981 3424 5034; x_wconf 84' lang='grc' dir='ltr'>τὸν</span> <span class='ocrx_word' id='word_1_767' title='bbox 3487 4980 3806 5054; x_wconf 82' lang='grc' dir='ltr'>βασίλειον</span> 
     </span>
    </p>
   </div>
   <div class='ocr_carea' id='block_1_108' title="bbox 2113 5066 3813 5148">
    <p class='ocr_par' dir='ltr' id='par_1_108' title="bbox 2113 5066 3813 5148">
     <span class='ocr_line' id='line_1_109' title="bbox 2113 5066 3813 5148; baseline -0.001 -21"><span class='ocrx_word' id='word_1_768' title='bbox 2113 5071 2492 5148; x_wconf 79' lang='grc' dir='ltr'>καθιδρόσουσι</span> <span class='ocrx_word' id='word_1_769' title='bbox 2537 5073 2745 5146; x_wconf 86' lang='grc' dir='ltr'>θρόνον.</span> <span class='ocrx_word' id='word_1_770' title='bbox 2795 5068 3013 5142; x_wconf 77' lang='grc' dir='ltr'>Ἔδοξεν</span> <span class='ocrx_word' id='word_1_771' title='bbox 3066 5071 3158 5124; x_wconf 76' lang='grc' dir='ltr'>οὖν</span> <span class='ocrx_word' id='word_1_772' title='bbox 3207 5066 3400 5123; x_wconf 78' lang='grc' dir='ltr'>ἅπασιν</span> <span class='ocrx_word' id='word_1_773' title='bbox 3452 5068 3813 5138; x_wconf 72' lang='grc' dir='ltr'>ἐπιτήδειος</span> 
     </span>
    </p>
   </div>
   <div class='ocr_carea' id='block_1_109' title="bbox 2117 5156 3813 5239">
    <p class='ocr_par' dir='ltr' id='par_1_109' title="bbox 2117 5156 3813 5239">
     <span class='ocr_line' id='line_1_110' title="bbox 2117 5156 3813 5239; baseline 0 -24"><span class='ocrx_word' id='word_1_774' title='bbox 2117 5161 2192 5223; x_wconf 64' lang='grc' dir='ltr'>εἷς</span> <span class='ocrx_word' id='word_1_775' title='bbox 2223 5166 2384 5216; x_wconf 80' lang='grc' dir='ltr'>τοῦτο</span> <span class='ocrx_word' id='word_1_776' title='bbox 2418 5161 2728 5239; x_wconf 73' lang='grc' dir='ltr'>Νικηφόρος</span> <span class='ocrx_word' id='word_1_777' title='bbox 2769 5162 2797 5215; x_wconf 88' lang='lat'>6</span> <span class='ocrx_word' id='word_1_778' title='bbox 2834 5159 3130 5236; x_wconf 79' lang='grc' dir='ltr'>Ιιρωτεύων</span> <span class='ocrx_word' id='word_1_779' title='bbox 3181 5161 3316 5232; x_wconf 83' lang='grc'>(43).</span> <span class='ocrx_word' id='word_1_780' title='bbox 3371 5157 3468 5215; x_wconf 80' lang='grc' dir='ltr'>Καὶ</span> <span class='ocrx_word' id='word_1_781' title='bbox 3500 5156 3574 5226; x_wconf 73' lang='grc' dir='ltr'>δὴ</span> <span class='ocrx_word' id='word_1_782' title='bbox 3651 5160 3813 5233; x_wconf 55' lang='grc' dir='ltr'>πέμ-</span> 
     </span>
    </p>
   </div>
   <div class='ocr_carea' id='block_1_110' title="bbox 1541 5331 2577 5390">
    <p class='ocr_par' dir='ltr' id='par_1_110' title="bbox 1541 5331 2577 5390">
     <span class='ocr_line' id='line_1_111' title="bbox 1541 5331 2577 5390; baseline 0.001 -4"><span class='ocrx_word' id='word_1_783' title='bbox 1541 5331 1914 5386; x_wconf 80' lang='lat' dir='ltr'>XYLANDRI</span> <span class='ocrx_word' id='word_1_784' title='bbox 1956 5331 2044 5386; x_wconf 90' lang='lat' dir='ltr'><strong>ET</strong></span> <span class='ocrx_word' id='word_1_785' title='bbox 2083 5332 2302 5390; x_wconf 81' lang='lat' dir='ltr'>GOARI</span> <span class='ocrx_word' id='word_1_786' title='bbox 2344 5331 2577 5388; x_wconf 60' lang='lat' dir='ltr'>NOTAE.</span> 
     </span>
    </p>
   </div>
   <div class='ocr_carea' id='block_1_111' title="bbox 433 5470 2011 5550">
    <p class='ocr_par' dir='ltr' id='par_1_111' title="bbox 433 5470 2011 5550">
     <span class='ocr_line' id='line_1_112' title="bbox 433 5470 2011 5550; baseline -0.001 -18"><span class='ocrx_word' id='word_1_787' title='bbox 433 5481 547 5550; x_wconf 81' lang='grc'>(43)</span> <span class='ocrx_word' id='word_1_788' title='bbox 579 5479 684 5544; x_wconf 86' lang='lat' dir='ltr'>Qui</span> <span class='ocrx_word' id='word_1_789' title='bbox 718 5481 774 5533; x_wconf 85' lang='lat' dir='ltr'>et</span> <span class='ocrx_word' id='word_1_790' title='bbox 808 5476 975 5550; x_wconf 83' lang='grc' dir='ltr'>μέγας</span> <span class='ocrx_word' id='word_1_791' title='bbox 1006 5472 1214 5548; x_wconf 79' lang='grc' dir='ltr'>ἄρχων.</span> <span class='ocrx_word' id='word_1_792' title='bbox 1267 5475 1420 5530; x_wconf 84' lang='lat' dir='ltr'>Inter</span> <span class='ocrx_word' id='word_1_793' title='bbox 1450 5470 1717 5550; x_wconf 78' lang='grc' dir='ltr'>ἄρχοντας</span> <span class='ocrx_word' id='word_1_794' title='bbox 1766 5476 1920 5530; x_wconf 88' lang='lat' dir='ltr'>enim</span> <span class='ocrx_word' id='word_1_795' title='bbox 1955 5479 2011 5531; x_wconf 86' lang='lat' dir='ltr'>et</span> 
     </span>
    </p>
   </div>
   <div class='ocr_carea' id='block_1_112' title="bbox 363 5548 2006 5626">
    <p class='ocr_par' dir='ltr' id='par_1_112' title="bbox 363 5548 2006 5626">
     <span class='ocr_line' id='line_1_113' title="bbox 363 5548 2006 5626; baseline -0.002 -21"><span class='ocrx_word' id='word_1_796' title='bbox 363 5548 760 5626; x_wconf 75' lang='grc' dir='ltr'>κατάρχοντας,</span> <span class='ocrx_word' id='word_1_797' title='bbox 807 5548 1081 5626; x_wconf 51' lang='lat' dir='ltr'>praesides</span> <span class='ocrx_word' id='word_1_798' title='bbox 1133 5552 1502 5626; x_wconf 76' lang='lat' dir='ltr'>rectoresque</span> <span class='ocrx_word' id='word_1_799' title='bbox 1554 5548 2006 5626; x_wconf 80' lang='lat' dir='ltr'>provinciarum,</span> 
     </span>
    </p>
   </div>
   <div class='ocr_carea' id='block_1_113' title="bbox 365 5616 2008 5697">
    <p class='ocr_par' dir='ltr' id='par_1_113' title="bbox 365 5616 2008 5697">
     <span class='ocr_line' id='line_1_114' title="bbox 365 5616 2008 5697; baseline -0.005 -16"><span class='ocrx_word' id='word_1_800' title='bbox 365 5616 519 5680; x_wconf 73' lang='lat' dir='ltr'>unué</span> <span class='ocrx_word' id='word_1_801' title='bbox 543 5616 841 5697; x_wconf 67' lang='lat' dir='ltr'>quispiam</span> <span class='ocrx_word' id='word_1_802' title='bbox 876 5619 1113 5676; x_wconf 84' lang='lat' dir='ltr'>honoris</span> <span class='ocrx_word' id='word_1_803' title='bbox 1144 5620 1333 5691; x_wconf 82' lang='lat' dir='ltr'>gratio.</span> <span class='ocrx_word' id='word_1_804' title='bbox 1360 5616 1660 5692; x_wconf 72' lang='grc' dir='ltr'>’πρωτεύων</span> <span class='ocrx_word' id='word_1_805' title='bbox 1699 5635 1800 5676; x_wconf 89' lang='lat' dir='ltr'>seu</span> <span class='ocrx_word' id='word_1_806' title='bbox 1839 5617 2008 5693; x_wconf 84' lang='grc' dir='ltr'>μέγας</span> 
     </span>
    </p>
   </div>
   <div class='ocr_carea' id='block_1_114' title="bbox 2122 5472 3822 5604">
    <p class='ocr_par' dir='ltr' id='par_1_114' title="bbox 2122 5472 3822 5604">
     <span class='ocr_line' id='line_1_115' title="bbox 2122 5472 3822 5604; baseline 0.005 -76"><span class='ocrx_word' id='word_1_807' title='bbox 2122 5472 2414 5604; x_wconf 59' lang='grc' dir='ltr'>ἅρχωνῦειι)</span> <span class='ocrx_word' id='word_1_808' title='bbox 2445 5475 2797 5548; x_wconf 85' lang='lat' dir='ltr'>imperatore</span> <span class='ocrx_word' id='word_1_809' title='bbox 2819 5477 3162 5548; x_wconf 81' lang='lat' dir='ltr'>designatus</span> <span class='ocrx_word' id='word_1_810' title='bbox 3183 5473 3582 5530; x_wconf 65' lang='lat' dir='ltr'>salutabat-ur.</span> <span class='ocrx_word' id='word_1_811' title='bbox 3617 5478 3822 5536; x_wconf 79' lang='lat' dir='ltr'>Core-</span> 
     </span>
     <span class='ocr_line' id='line_1_116' title="bbox 2122 5565 2483 5604; baseline 0.003 -2"><span class='ocrx_word' id='word_1_812' title='bbox 2122 5565 2266 5602; x_wconf 80' lang='lat' dir='ltr'>sius.</span> <span class='ocrx_word' id='word_1_813' title='bbox 2353 5565 2483 5604; x_wconf 66' lang='lat' dir='ltr'>om.</span> 
     </span>
    </p>
   </div>
   <div class='ocr_carea' id='block_1_115' title="bbox 2122 5565 2483 5604">
    <p class='ocr_par' dir='ltr' id='par_1_115' title="bbox 2122 5565 2483 5604">
     <span class='ocr_line' id='line_1_117' title="bbox 2122 5565 2483 5604; baseline 0.003 -2"><span class='ocrx_word' id='word_1_814' title='bbox 2122 5565 2266 5602; x_wconf 74' lang='lat' dir='ltr'>eius.</span> <span class='ocrx_word' id='word_1_815' title='bbox 2303 5565 2483 5604; x_wconf 79' lang='lat' dir='ltr'>UOAR.</span> 
     </span>
    </p>
   </div>
  </div>
