4036 6194
274 373 382 433 3η

1424 379 1968 441 ΗιδτυιιιΑιιυΜ
2016 380 2552 441 ΟυΜιιΕΝυιυΜ.

3571 373 3693 432 342

275 523 429 557 πεται
485 501 845 579 ταχυδρόμος
905 505 957 559 ἦν
1010 504 1307 583 Βυλγαρίᾳ,
1357 504 1493 577 ἄξων
1555 507 1715 563 αὐτὸν
1790 507 1917 562 έκεῖ-

2042 513 2206 577 Quod
2241 511 2323 565 ibi
2379 512 2789 580 compererunt
2844 508 3113 577 Augustas
3171 502 3482 557 Theodorus
3529 502 3688 573 (nam

275 585 582 668 θενοέτυχε
605 594 706 669 γὰρ
763 588 889 649 τότε
936 597 1033 664 τὴν
1090 599 1197 665 τῆς
1267 597 1605 672 Βουλγαρίας
1665 602 1928 672 περιεζωο

277 682 469 754 σμένος
529 683 734 758 ἀρχὴν.
770 682 949 739 Ἀλλὰ
1003 690 1164 740 τοῦτο
1225 686 1446 759 γνόντες
1497 688 1548 740 οἱ
1576 692 1645 760 τῇ
1678 684 1934 763 Θεοδώρᾳ

274 775 338 844 τῇ
374 770 625 846 βασιλίδι
660 773 1092 849 ὑπηρετούμενοι
1119 778 1175 844 (ἡ
1209 776 1333 844 Ζωὴ
1365 776 1464 851 γὰρ
1522 774 1628 846 ἤδη
1693 797 1929 849 προκατ-

278 859 496 933 έστρεψε
546 863 646 930 τὴν
705 864 897 935 ζωὴν),
930 862 961 917 ὅ
1013 884 1070 918 τε
1116 865 1358 935 Νικήτας
1390 866 1417 919 6
1448 864 1769 935 Ξυλινίτης,
1805 865 1931 920 Θεό-

274 948 446 1023 δωρος
502 951 593 1005 καὶ
655 949 947 1020 Μανουὴλ,
1007 950 1248 1026 δρόμωνι
1307 953 1475 1023 αὐτὴν
1537 948 1929 1026 ἐμϐιϐάσαντες

275 1036 494 1114 ἄγουσιν
531 1040 611 1101 εἰς
640 1040 708 1095 τὰ
733 1045 831 1095 τοῦ
894 1040 1134 1116 μεγάλου
1189 1041 1460 1097 παλατίου
1518 1042 1785 1117 ἀνάκτορα
1841 1043 1929 1097 καὶ

270 1127 650 1202 αὐτοκράτορα
729 1129 1139 1204 ἀναγορεύουσι.
1199 1132 1300 1186 Καὶ
1380 1132 1408 1185 6
1489 1133 1583 1205 μὲν
1676 1132 1929 1207 βασιλεὺς

268 1218 557 1272 ἀποθανὼν
614 1218 752 1272 κατὰ
809 1232 909 1286 την
974 1226 1040 1273 ια’
1070 1224 1165 1274 τοῦ
1206 1219 1538 1295 Ἰανουαρίου
1600 1221 1928 1293 μηνὸς,τῆς

2040 604 2147 657 Zoe
2174 602 2293 672 jam
2326 607 2454 655 tum
2481 599 2726 669 obierat)
2747 594 3079 652 administri
3108 593 3342 648 Nicelas
3370 591 3689 663 Xyliniota,

2038 692 2379 747 Theodorus
2412 697 2469 744 et
2502 686 2833 752 Manuelus,
2868 684 3046 740 celoci
3078 699 3207 739 eam
3263 682 3596 752 impositam
3631 680 3690 732 in

2044 782 2241 851 magni
2274 780 2473 851 palatii
2529 778 2746 849 regiam
2796 775 3096 829 deducunt
3126 776 3182 825 et
3232 774 3556 841 Augustam
3590 768 3693 821 de-

2040 868 2286 923 clarant.
2323 866 2742 922 Monomachus
2768 879 2905 934 ergo
2937 877 3068 915 cum
3104 860 3257 913 diem
3305 873 3479 911 suum
3512 855 3692 910 obiis-

2042 963 2148 1022 set,
2181 957 2235 1009 in
2271 955 2576 1026 Manganis
2624 952 2929 1024 magnifice
2979 950 3248 1020 sepultus
3287 951 3395 1001 est.
3431 946 3693 1014 Augusta

2040 1051 2232 1101 autem
2269 1045 2429 1099 misit
2466 1045 2563 1115 qui
2620 1044 3025 1097 Proteuontem
3077 1035 3508 1092 Thessalonicen
3538 1033 3690 1088 deti-

2041 1140 2284 1189 nerent:
2319 1134 2454 1187 inde
2498 1133 2554 1185 in
2604 1129 3028 1185 monasterium
3075 1122 3290 1180 Cuzeni
3338 1138 3470 1177 eum
3505 1121 3688 1189 abdu-

2042 1228 2184 1279 cunt
2212 1224 2270 1279 in
2301 1223 2643 1288 Thracensi,
2677 1227 2849 1292 atque
2880 1236 2946 1276 eo
2978 1219 3256 1290 relegant.

269 1313 314 1376 η’
372 1304 737 1375 ἷνδικτιῶνος,
766 1312 863 1362 τοῦ
918 1310 1086 1385 ,ςφξγν
1146 1305 1321 1378 ἔτους,
1357 1308 1407 1364 ἐν
1441 1315 1562 1373 τοῖς
1595 1311 1903 1384 Μαγγάνοις
1939 1319 2117 1389 ταφῆς
2180 1310 2339 1387 ἔτυχε
2395 1318 2494 1381 τῆς
2550 1308 2847 1384 τυχούσης,
2887 1308 2937 1362 οἱ
2990 1305 3046 1361 δὲ
3093 1304 3214 1380 περὶ
3270 1304 3369 1371 τὴν
3434 1297 3689 1375 βασιλίδα

268 1395 577 1468 πέμψαντες
632 1395 869 1472 ἐπέσχον
933 1398 1023 1451 τὸν
1087 1399 1441 1473 Πρωτεύοντα
1500 1399 1552 1453 ἐν
1613 1397 2005 1474 Θεσσαλονίκῃ,
2035 1401 2278 1455 κάκεῖθεν
2335 1398 2627 1475 ἀπάγουσιν
2662 1395 2736 1458 εἰς
2764 1397 2826 1451 τὸ
2866 1396 3167 1469 Θρᾳκήσιον
3202 1391 3253 1447 ἐν
3284 1394 3352 1465 τῇ
3388 1392 3529 1463 μονῇ
3587 1392 3685 1443 τοῦ

270 1490 572 1554 Κουζηνοῦ,
602 1486 820 1540 κάκεῖσε
854 1486 1247 1562 περιορίζουσι.

331 1595 442 1661 Τὴν
474 1595 816 1668 προγονικὴν
851 1593 909 1648 δὲ
939 1590 1337 1670 παραλαϐοῦσα
1379 1595 1657 1671 βασιλείαν
1706 1599 1741 1666 ἠ
1795 1603 1924 1652 Θεο-

268 1682 416 1757 δώρα
472 1684 632 1749 εὐθὺς
699 1686 794 1759 μὲν
848 1688 1054 1759 μέτεισι
1109 1686 1238 1751 τοὺς
1288 1686 1404 1742 ὅσοι
1461 1688 1774 1762 βασιλεῦσαι
1832 1689 1924 1743 τὸν

268 1774 631 1850 Ηρωτεύοντα
689 1769 1103 1845 ἐϐουλεύσαντο,
1166 1780 1273 1830 τῶν
1335 1777 1689 1851 ὑπαρχόντων
1749 1777 1929 1851 ψιλώ-

2105 1599 2411 1654 Theodora
2441 1599 2594 1655 avito
2647 1596 2891 1669 imperio
2942 1593 3123 1667 potita
3154 1591 3350 1647 statim
3403 1605 3502 1645 eos
3534 1586 3680 1643 ulci-

2033 1688 2219 1743 scitur
2247 1689 2345 1759 qui
2376 1688 2685 1760 imperium
2738 1688 2796 1741 in
2846 1685 2995 1740 6|!
3048 1681 3438 1752 Nicephorum
3482 1675 3679 1732 volue-

2033 1783 2162 1832 rant
2191 1780 2528 1843 transferre,
2587 1776 2839 1832 fortunis
2887 1791 2985 1831 eos
3030 1772 3156 1828 suis
3190 1769 3449 1825 multans
3502 1771 3559 1823 et
3589 1784 3676 1822 re-

269 1883 402 1917 σασα
454 1864 548 1918 καὶ
586 1864 972 1940 ὑπερορίσασα.
1008 1859 1335 1941 Προϐιϐάζει
1393 1864 1451 1920 δὲ
1504 1867 1592 1921 καὶ
1650 1864 1779 1927 τοὺς
1835 1865 1917 1920 εύ-

2035 1866 2253 1938 legans.
2278 1866 2577 1922 Eunuchis
2594 1871 2789 1921 autem
2811 1864 2933 1919 suis
2953 1859 3273 1935 pracipuos
3299 1856 3680 1929 magistratus

268 1952 497 2027 νούχους
555 1952 726 2021 αὐτῆς
811 1955 1046 2015 ἅπαντας
1114 1952 1190 2015 εἷς
1262 1954 1357 2015 τὰς
1408 1955 1662 2029 μεγίστας
1720 1954 1918 2030 ἀρχὰς,

268 2037 586 2112 δομέστικον
621 2043 719 2113 μὲν
754 2047 864 2096 τῶν
894 2041 1115 2118 σχολῶν
1145 2049 1245 2112 τῆς
1277 2042 1578 2113 Ἀνατολῆς
1634 2044 1726 2098 τὸν
1784 2044 1919 2098 Θεό-

266 2126 436 2203 δωρον
485 2125 911 2203 προϐαλομένη,
946 2131 1033 2185 καὶ
1092 2129 1170 2193 εἷς
1228 2133 1330 2200 τὴν
1384 2132 1553 2205 Ἑῴαν
1602 2131 1920 2206 ἐκπέμψασα

269 2216 346 2293 ἐφ’
375 2219 422 2289 ᾧ
448 2219 545 2279 τὰς
578 2215 855 2293 ἐκδρομὰς
904 2224 1012 2274 τῶν
1066 2219 1322 2294 Τούρκων
1379 2219 1635 2287 κωλύειν,
1664 2222 1754 2276 τὸν
1813 2223 1916 2293 μά-

273 2326 488 2381 γιστρον
542 2308 812 2363 Ἰσαάκιον
867 2309 958 2363 τὸν
1020 2309 1301 2381 Κομνηνὸν
1364 2312 1764 2381 μετακινήσασα
1818 2317 1916 2380 τῆς

271 2393 1025 2472 στρατοπεδαρχίας.”Ετυχε
1080 2397 1181 2473 γὰρ
1240 2399 1269 2452 6
1328 2398 1668 2475 Μονομάχος
1726 2397 1918 2454 διαπε-

275 2484 648 2558 ραιωσάμενος
694 2486 866 2548 πάσας
899 2484 950 2540 ἰν
983 2486 1127 2558 Ἑῴᾳ
1177 2487 1273 2548 τὰς
1324 2484 1697 2549 Μακεδονικὰς
1756 2486 1917 2543 δυνά-

274 2594 405 2642 μεις,
470 2573 764 2649 ἀρχηγοὺς
831 2574 1067 2650 ἐχούσας
1151 2576 1387 2639 ἅπαντας
1453 2574 1784 2645 Μακεδόνας,
1842 2576 1914 2631 ὧν

271 2662 340 2722 εἷς
397 2662 469 2731 ἦν
530 2662 621 2716 καὶ
679 2664 707 2717 6
749 2664 1065 2737 Βρυέννιος’
1117 2662 1334 2741 ἐφέρετο
1388 2666 1487 2739 γάρ
1548 2664 1600 2720 έν
1648 2664 1916 2740 Τούρκοις

273 2747 432 2824 λόγος
460 2750 537 2811 ὡς
594 2748 679 2820 εἴη
714 2755 1070 2826 πεπρωμένον
1127 2760 1564 2831 καταστραφῆναι
1619 2755 1681 2809 τὸ
1740 2754 1917 2831 Toup-

272 2858 369 2891 κων
423 2839 587 2912 γένος
640 2840 744 2894 ὑπὸ
775 2839 1031 2911 τοιαύτης
1061 2838 1340 2913 δυνάμεως
1373 2842 1565 2897 ὁποίαν
1599 2844 1627 2897 6
1658 2841 1917 2900 Μακεδὼν

274 2924 631 2998 Ἀλέξανδρος
662 2923 806 3003 ἔχων
864 2928 1259 3005 κατεστρέψατο
1290 2932 1520 3004 Πέρσας.
1575 2928 1916 3005 Προεϐάλετο

280 3011 331 3068 δί
380 3016 473 3069 καὶ
533 3013 835 3091 λογοθέτην
886 3022 985 3072 τοῦ
1041 3015 1253 3096 δρόμου
1325 3020 1418 3075 τὸν
1494 3022 1757 3091 Νικήταν,
1825 3022 1913 3076 καὶ

2027 1957 2421 2012 commendat.
2459 1955 2851 2011 Domesticum
2879 1951 3133 2009 Orientis
3164 1947 3498 2005 scholarum
3522 1953 3681 2000 creat

2029 2046 2426 2110 Theodorum,
2453 2050 2510 2100 et
2552 2044 2612 2100 in
2653 2044 2949 2100 Orientem
3000 2042 3072 2097 ad
3104 2037 3499 2111 grassationes
3528 2036 3667 2091 Tur-

2029 2151 2228 2189 corum
2288 2135 2646 2190 cohibendas
2697 2133 2899 2203 mittit,
2952 2131 3293 2203 praefectura
3347 2130 3672 2181 castrorum

2028 2229 2300 2299 adempta
2341 2228 2623 2299 magistro
2668 2226 2888 2282 Isaacio
2936 2225 3252 2279 Comueno.
3287 2218 3512 2274 Etenim
3546 2217 3671 2272 Mo-

2028 2317 2352 2372 nomachus
2375 2334 2581 2373 omnes
2596 2314 2995 2372 Macedonicas
3015 2311 3274 2384 legiones
3294 2309 3353 2364 in
3376 2307 3669 2363 Orientem

2026 2407 2352 2475 trajecerat,
2387 2404 2638 2461 ducibus
2676 2403 2952 2459 omnibus
3000 2397 3439 2461 Macedonibus,
3470 2411 3501 2451 e
3532 2395 3666 2466 qui-

2028 2494 2140 2549 bus
2198 2493 2307 2549 fuit
2362 2494 2540 2548 etiam
2615 2491 2976 2565 Bryennius:
3038 2504 3170 2544 nam
3237 2485 3389 2541 inter
3443 2485 3666 2540 Turcos

2030 2584 2322 2638 ferebatur
2378 2600 2580 2638 rumor
2622 2597 2750 2637 esse
2808 2580 2866 2634 in
2919 2578 3073 2641 fatis,
3125 2581 3188 2632 ut
3242 2592 3386 2647 gens
3425 2573 3669 2629 Turcica

2029 2688 2060 2725 a
2090 2670 2191 2725 tali
2233 2672 2602 2742 opprimatur
2649 2668 2903 2725 exercitu
2955 2665 3113 2737 quali
3159 2680 3305 2719 usus
3355 2662 3671 2717 Alexander

2028 2759 2263 2815 Macedo
2296 2764 2501 2816 Persas
2532 2759 2787 2830 subegit.
2828 2757 3043 2812 Eadem
3077 2752 3267 2809 dromi
3318 2750 3672 2821 logothetam

2031 2849 2161 2903 fecit
2203 2850 2487 2912 Nicetam,
2518 2853 2574 2904 et
2625 2846 3009 2917 drungarium
3061 2842 3273 2914 vigiliae
3314 2838 3672 2895 Manuelum.

2027 2941 2094 2992 Et
2117 2938 2191 2992 ob
2221 2938 2303 2993 rei
2327 2936 2639 3009 republica
2661 2934 3143 3013 administranda:
3177 2928 3443 3002 peritiam
3470 2927 3676 2983 ascivit

2030 3026 2272 3082 Leonem
2318 3025 2901 3097 Strabospondylum,
2933 3023 3031 3091 qui
3083 3020 3221 3076 olim
3254 3015 3530 3073 Michaelo
3561 3015 3673 3070 im-

280 3099 635 3178 δρουγγάριον
693 3112 794 3175 τῆς
857 3104 1047 3182 βίγλας
1131 3109 1224 3162 τὸν
1298 3106 1585 3178 Μανουήλ.
1642 3112 1722 3182 [Ρ.
1789 3112 1916 3183 792]

2035 3115 2277 3185 peratori
2313 3115 2579 3170 minister
2610 3115 2816 3168 fuerat.
2850 3116 2919 3166 At
2953 3109 3274 3182 Brycnnius
3301 3101 3669 3162 Menemachi

275 3188 643 3265 Προσελάϐετο
676 3191 733 3248 δὶ
763 3192 853 3248 διὰ
872 3192 1228 3273 πολυπειρίαν
1257 3195 1333 3259 εἲς
1378 3197 1442 3252 τὸ
1496 3200 1564 3251 τὰ
1589 3199 1747 3252 κοινά
1772 3195 1911 3252 διοι-

329 3288 348 3296 -
456 3282 470 3296 .
608 3280 621 3296 ,
732 3280 750 3296 ς
772 3281 790 3296 ς
937 3291 946 3296 .
978 3282 989 3296 .
1212 3285 1225 3296 .
1324 3284 1343 3296 ι
1442 3286 1453 3296 ,
1673 3292 1705 3296 _
1821 3281 1849 3296 ρ

2035 3206 2233 3260 mortis
2266 3204 2471 3259 nuntio
2502 3208 2757 3275 accepto,
2789 3219 2922 3256 cum
2974 3198 3389 3255 Macedonibus
3420 3196 3667 3295 βαι-γεω

270 3288 374 3335 κεῖν
418 3282 511 3336 τὸν
561 3280 867 3356 σύγκελλον
920 3282 1128 3340 Λέοντα
1174 3285 1266 3340 τὸν
1324 3284 1621 3359 λεγόμενον
1670 3281 1910 3360 Στραϐοι

2035 3292 2182 3362 polin
2219 3292 2507 3364 profectus
2535 3299 2643 3346 est.
2694 3294 2871 3357 Quem
2911 3291 3195 3359 Augusta,
3229 3285 3381 3356 quod
3428 3284 3664 3353 injussu

275 3367 598 3441 σπόνδυλον,
626 3371 726 3425 τὸν
755 3370 925 3427 πάλαι
956 3377 1035 3445 τῷ
1078 3371 1294 3449 βασιλεῖ
1350 3372 1587 3449 Μιχαὴλ
1633 3375 1910 3450 ὑπουργή-

2045 3381 2207 3453 psius
2237 3381 2627 3445 discessisset,
2661 3384 2896 3449 captum
2947 3374 3327 3431 facultatibus
3374 3371 3498 3427 suis
3528 3387 3661 3441 spo-

275 3480 450 3517 σαντα.
492 3460 593 3514 Καὶ
641 3459 711 3515 τὰ
763 3460 857 3533 μὶν
900 3468 1001 3531 τῆς
1056 3461 1272 3524 πόλεως
1328 3462 1545 3539 ἐφέρετο
1591 3461 1744 3537 τῇδε,
1778 3465 1807 3518 6
1854 3461 1911 3520 δὶ

2045 3470 2179 3524 iavit
2207 3476 2264 3525 et
2311 3469 2618 3541 relegavit:
2677 3467 2910 3530 milites,
2941 3465 3096 3519 unde
3142 3465 3439 3526 venerant,
3473 3459 3661 3515 redire

276 3551 550 3622 Βρυέννιος
609 3550 706 3605 τὸν
789 3555 886 3604 τοῦ
973 3550 1241 3627 βασιλέως
1297 3552 1601 3615 ἓνωτισθεὶς
1662 3557 1909 3628 θάνατον,

2043 3562 2214 3616 ussit.
2245 3560 2391 3615 Cum
2426 3576 2562 3632 ergo
2596 3566 2772 3614 totam
2809 3557 3184 3611 indictionem
3218 3570 3454 3619 nonam,
3488 3552 3543 3605 id
3573 3557 3664 3605 cst

274 3636 395 3712 ἄρας
428 3640 562 3710 μετὰ
608 3644 718 3694 τῶν
774 3637 1121 3707 Μακεδόνων,
1174 3641 1412 3697 κάτεισιν
1471 3641 1523 3696 ἐν
1595 3645 1908 3713 Χρυσουπό-

2035 3667 2237 3704 mnum
2277 3650 2480 3704 mundi
2513 3650 2650 3704 6564
2703 3649 2943 3702 vixisset
2984 3646 3138 3701 612
3192 3643 3519 3705 Theodora,
3550 3639 3675 3695 sub’

264 3725 364 3783 λει.
396 3728 490 3782 Καὶ
520 3732 717 3783 τοῦτον
754 3728 848 3801 μὲν
892 3730 928 3797 ἡ
987 3727 1229 3804 βασιλὶς,
1262 3730 1344 3786 ὅτι
1406 3730 1749 3795 ἀσυντάκτως
1803 3736 1906 3789 ὑπ-

2035 3741 2234 3795 ικίιυω
2271 3740 2515 3811 Augusti
2570 3737 2788 3794 mensis
2837 3737 3102 3809 ejusdem
3151 3734 3291 3789 anni
3345 3731 3538 3789 tenuis
3568 3731 3663 3785 in-

258 3816 523 3890 εχώρησε,
573 3820 926 3892 κατασχοῦσα
975 3813 1204 3889 δημεύει
1263 3818 1357 3873 καὶ
1416 3818 1492 3881 εἷς
1554 3821 1764 3894 ἐξορίαν
1818 3821 1908 3877 ἐκ·

2035 3827 2218 3882 :estini
2246 3831 2446 3884 morbo
2478 3832 2685 3883 necata
2712 3831 2821 3882 est.

265 3904 477 3976 πέμπει,
522 3906 618 3960 τὸν
684 3902 742 3959 δὲ
816 3903 946 3960 λαὸν
1031 3905 1366 3980 ὑποστρέψαι
1434 3907 1511 3970 εἷς
1584 3909 1830 3965 τούπίσω
1880 3914 2298 3988 παρασκευάζειε
2353 3914 2531 3985 ’Όλην
2590 3913 2681 3969 οὖν
2737 3915 2837 3983 τὴν
2891 3915 2934 3977 θ’
2992 3908 3306 3967 ἶνδικτιῶνα
3358 3911 3457 3963 τοῦ
3512 3904 3663 3983 ,ςφξδ

268 3989 413 4055 ἔτους
450 3994 768 4070 βιώσασα-1)
835 3990 1072 4069 βασιλὶς,
1104 3994 1195 4049 καὶ
1226 3996 1447 4072 περὶτὰ
1467 3994 1600 4069 τέλη
1655 4000 1752 4054 τοῦ
1808 3999 2121 4077 Αὐγούστου
2175 4005 2349 4076 μηνὸς
2405 4008 2506 4069 τῆς
2558 4003 2724 4069 αὐτῆς
2785 4000 3122 4063 ίνδικτιῶνος
3175 3996 3338 4071 εἰλεῷ
3392 3999 3662 4069 νοσήματι

265 4088 615 4154 περιπεσοῦσα
644 4081 924 4138 ἀπέθανεν.

332 4189 387 4241 Οἱ
415 4187 470 4243 δὲ
504 4189 711 4259 ταύτης
752 4189 1011 4265 εὐνοῦχοι
1071 4189 1163 4244 σὺν
1222 4195 1301 4263 τῷ
1361 4192 1651 4267 συγκέλλῳ
1708 4197 1899 4251 Λέοντι

264 4271 670 4346 ἀναϐιϐάζουσιν
704 4276 783 4339 είς
813 4278 905 4331 τὸν
935 4284 1036 4348 τῆς
1080 4276 1363 4353 βασιλίδος
1422 4281 1637 4352 θρόνον,
1668 4279 1745 4337 ἔτι
1800 4286 1902 4356 ψυ-

267 4365 642 4440 χορῥαγούσης
674 4364 911 4436 ἐκείνης.
958 4366 1191 4442 Μιχαὴλ
1248 4369 1532 4443 πατρίκιον
1582 4372 1672 4426 τὸν
1730 4379 1901 4448 Στρα-

2082 4201 2346 4256 Eunuchi
2380 4206 2571 4257 autem
2607 4200 2795 4273 ipsius
2833 4205 2892 4254 et
2924 4205 3030 4255 Leo
3062 4197 3355 4271 syncellus
3402 4197 3662 4267 impera-

2009 4292 2193 4343 torem
2228 4289 2543 4355 declarant,
2592 4290 2720 4362 ipsa
2758 4291 3083 4345 etiamnum
3135 4287 3393 4343 animam
3424 4289 3657 4356 agente,

2014 4376 2363 4433 Michaelum
2388 4377 3121 4444 Stratioticum,bominem
3145 4373 3400 4448 Byzantii
3419 4378 3649 4437 natum,

266 4455 526 4522 τιωτικὸν,
588 4451 878 4527 ἄνθρωπον
933 4452 993 4509 ἐκ
1052 4456 1341 4524 Βυζαντίου
1403 4459 1497 4530 μὲν
1553 4461 1901 4535 ὁρμώμενον,

2035 4464 2344 4537 ιὶωριὶοθω
2394 4472 2569 4538 atque
2616 4466 2960 4535 innocuum,
2994 4470 3051 4520 et
3096 4482 3128 4520 a
3186 4480 3366 4535 puero
3395 4461 3457 4517 in
3487 4459 3656 4515 bellis

268 4542 430 4619 ἀφελῆ
486 4542 544 4598 δὶ
601 4544 694 4598 καὶ
738 4542 1030 4598 άποίκιλον
1062 4545 1152 4599 καὶ
1188 4545 1378 4618 μόνοις
1405 4553 1524 4609 τοῖς
1585 4570 1903 4621 στρατιωτι-

2040 4559 2244 4608 autum
2267 4560 2588 4623 versatum,
2613 4554 2956 4625 nulliusque
2983 4558 3262 4624 praeterea
3284 4550 3361 4606 rei
3384 4565 3657 4623 gnarum,

271 4637 383 4692 κοῖς
405 4632 461 4686 ἐκ
488 4630 699 4687 παίδων
732 4631 1192 4706 ἀπασχοληθέντα
1222 4634 1310 4689 καὶ
1340 4634 1509 4691 πλέον
1541 4636 1682 4694 ἄλλο
1732 4636 1913 4695 εἰδότα

2046 4657 2256 4713 amque
2314 4647 2479 4699 estate
2535 4644 2605 4698 ad
2639 4646 2933 4698 senectam
2995 4645 3280 4713 provecta,
3327 4638 3419 4694 cui
3472 4639 3656 4693 otium

278 4717 452 4789 μηδὲν,
509 4721 598 4775 καὶ
653 4717 763 4790 ἤδη
825 4715 1186 4794 παρηϐηκότα
1241 4724 1328 4777 καὶ
1382 4731 1484 4793 τῆς
1538 4722 1902 4802 πρεσϐυτικῆς

2035 4730 2233 4802 ιριὶωθ
2308 4748 2626 4804 congruere
2697 4730 3039 4786 Archilocus
3115 4725 3532 4800 pronuntiavit.
3595 4726 3657 4779 id

271 4809 528 4883 ἁψάμενον
587 4810 834 4882 ἡλικίας,
891 4812 1036 4883 ᾗτινι
1097 4815 1387 4892 συμφέρειν
1444 4818 1543 4885 τὴν
1621 4819 1904 4895 ἀπραγμο-

2035 4823 2211 4873 intem
2242 4836 2308 4874 eo
2338 4819 2581 4875 consilio
2630 4822 2909 4889 fecerunt,
2942 4823 3007 4872 ut
3054 4816 3154 4873 illo
3197 4832 3408 4872 nomen
3439 4820 3493 4870 et
3523 4830 3656 4885 spc-

274 4898 796 4976 σύνηνᾊρχίλοχος
852 4901 881 4954 6
932 4902 1171 4970 ποιητὴς
1228 4902 1560 4976 ἀπεφήνατο.
1620 4912 1792 4963 Τοῦτο
1848 4905 1906 4963 δὲ

2035 4906 2159 4962 :iem
2192 4908 2423 4979 imperii
2463 4914 2699 4979 gerente
2738 4908 2863 4979 ipse
2910 4924 3017 4963 suo
3046 4908 3330 4961 arbitratu
3380 4920 3503 4960 rem
3546 4921 3655 4975 pu-

274 4993 640 5060 πεποιήκασιν,
668 4987 764 5043 ’ίνα
786 4992 983 5064 σχῆμα
1015 4989 1178 5063 μόνον
1224 4994 1313 5048 καὶ
1363 4990 1538 5069 ὄνομα
1587 4996 1745 5061 αὐτὸς
1803 4994 1906 5073 ἔχῃ

2035 4997 2225 5055 )llcam
2256 4999 2739 5055 administrarent
2768 4997 3152 5069 omniumque
3184 4999 3521 5068 potestatem
3558 5010 3654 5066 pe-

275 5083 369 5145 τῆς
399 5077 696 5153 βασιλείας,
729 5077 881 5132 αὐτοὶ
915 5075 973 5133 δὶ
1006 5074 1315 5157 διεξάγωσιν
1373 5084 1447 5146 ὡς
1503 5083 1792 5160 βούλονται
1840 5086 1907 5140 τὰ

2035 5103 2118 5143 ies
2149 5104 2212 5144 se
2242 5089 2545 5155 baberent,
2592 5089 2791 5159 jurato
2839 5089 2999 5159 prius
3051 5090 3162 5142 isto
3220 5084 3367 5140 nihil
3417 5101 3479 5139 se
3508 5084 3654 5157 ipsis

276 5167 422 5220 κοινᾶ
465 5168 551 5222 καὶ
596 5167 813 5222 πάντων
870 5166 1184 5242 τυγχάνωσι
1227 5170 1428 5247 κύριοι,
1488 5173 1904 5248 ἐπομοσαμένου

2035 5175 2227 5231 iesciis
2258 5182 2359 5231 aut
2387 5176 2721 5232 nolentibus
2751 5181 3041 5232 acturum.

277 5255 520 5328 πρότερον
546 5255 636 5311 καὶ
670 5254 838 5310 αὐτοῦ
866 5253 1032 5327 μηδέν
1065 5278 1116 5312 τι
1163 5260 1360 5335 πρᾶξαί
1416 5282 1548 5318 ποτε
1601 5271 1704 5333 τῆς
1763 5263 1904 5319 ἆκεί-

275 5365 376 5396 νων
403 5343 525 5420 δίχα
542 5345 773 5421 γνώμης
804 5364 863 5398 τε
899 5345 991 5399 καὶ
1027 5345 1323 5418 θελήσεως.

351 5433 756 5509 ’Λναρρηθέντος
789 5429 847 5487 δὲ
895 5437 990 5488 τοῦ
1039 5436 1270 5511 Μιχαὴλ
1316 5438 1714 5516 αὐτοκράτορος
1771 5443 1906 5497 κατὰ

281 5522 377 5588 τὴν
429 5520 502 5576 λα’
529 5522 737 5597 ἡμέραν
793 5524 892 5575 τοῦ
944 5519 1266 5598 Αὐγούστου
1309 5528 1501 5599 μηνὸς,
1532 5536 1633 5598 τῆς
1663 5540 1691 5593 θ
1734 5527 1906 5585 ἐπινε-

284 5610 505 5696 μήσεως,
534 5606 819 5671 Θεοδόσιος
867 5607 1133 5685 πρόεδρος
1172 5614 1201 5668 6
1230 5619 1328 5670 τοῦ
1377 5613 1761 5696 πατραδέλφου
1807 5622 1905 5673 τοῦ

285 5695 536 5771 βασιλέως
582 5698 988 5756 Κωνσιαντίνου
1028 5704 1126 5756 τοῦ
1172 5707 1513 5782 Μονομάχου
1559 5705 1699 5779 υἱὸς,
1741 5707 1906 5762 πυθό-

2086 5445 2420 5502 Declaratus
2463 5450 2553 5500 est
2582 5444 2902 5501 Michaelus
2951 5445 3267 5513 imperator
3308 5439 3515 5496 ultima
3543 5442 3659 5495 Au-

2015 5534 2172 5604 gusti
2223 5534 2341 5601 die,
2400 5533 2721 5589 indictione
2767 5549 2942 5586 nona.
2998 5531 3157 5594 Quod
3219 5529 3317 5585 ubi
3376 5528 3663 5598 comperit

2017 5622 2386 5679 Theodosius
2445 5638 2697 5695 presses,
2760 5625 2967 5693 patruo
3041 5617 3409 5676 Monomachi
3464 5618 3661 5680 natus,

2019 5712 2323 5785 egerrime
2378 5711 2532 5768 tulit.
2592 5712 2662 5767 Et
2739 5727 2857 5767 non
2915 5709 3280 5765 considerata
3336 5704 3419 5761 rei
3481 5715 3664 5775 quam
