4008 6206
386 400 506 461 343

1719 395 2034 456 GEORGII
2082 395 2420 456 CEDRENI

3680 389 3803 447 344

393 530 843 605 aggrediebatur
874 529 1241 598 difﬁcultate,
1266 532 1322 584 et
1352 527 1409 583 in
1435 531 1722 599 quantum
1749 545 1810 582 se
1841 527 2035 600 ipsum

2162 548 2315 599 μενος
2343 527 2439 595 τὴν
2482 524 2776 602 ἀνάρρησιν
2820 522 2909 578 καὶ
2954 520 3369 591 δεινοπαθήσας,
3399 521 3489 576 καὶ
3542 521 3619 593 μὴ
3674 521 3803 593 βου⁹

394 620 712 675 discrimen
746 620 1083 687 adduceret,
1113 617 1369 672 collectis
1399 617 1587 669 vernis
1621 616 1745 670 suis
1779 624 1835 671 et
1863 617 2044 671 servis

398 714 574 779 atque
634 705 942 771 ministris,
1007 704 1321 773 multisque
1372 703 1543 757 etiam
1606 704 1929 757 vicinorum
1992 711 2048 758 et

399 798 798 863 familiarium,
835 799 930 867 qui
981 798 1177 850 animo
1233 799 1400 849 erant
1459 795 1679 859 leviori,
1716 796 2045 865 vespertino

399 887 743 959 crepusculo
798 888 867 940 ab
927 886 1147 939 aedibus
1209 885 1333 938 suis
1394 885 1493 953 (eas
1552 892 1717 938 erant
1770 885 1923 938 613
1974 886 2045 938 ad

401 974 871 1041 Leomacellium,
907 973 1057 1044 quod
1105 971 1299 1042 populi
1352 971 1655 1027 macellum
1709 972 1841 1026 licet
1874 976 2045 1026 inter-

401 1064 636 1135 pretari)
697 1080 797 1133 per
868 1061 1086 1131 plateas
1149 1060 1425 1132 palatium
1489 1078 1692 1116 versus
1748 1061 2048 1131 processit,

399 1152 722 1206 vociferans
780 1155 1099 1203 extremam
1164 1149 1276 1204 sibi
1338 1150 1614 1221 injuriam
1675 1151 1818 1217 fieri,
1863 1152 2050 1221 deque

399 1258 465 1294 ea
496 1237 683 1292 obviis
738 1238 1091 1307 quibusdam
1147 1246 1531 1308 conquestus,
1565 1240 1715 1309 quod
1768 1240 1876 1293 sibi
1910 1257 2051 1294 san-

400 1326 576 1397 guine
608 1326 950 1381 defunctum
985 1326 1399 1396 imperatorem
1448 1329 1707 1397 proxime
1739 1328 2047 1398 attingenti

402 1415 716 1487 imperium
749 1415 1103 1469 hereditatis
1130 1416 1261 1485 jure
1293 1416 1362 1470 ad
1395 1434 1456 1471 se
1494 1415 1832 1471 devolutum
1864 1416 2048 1487 eripe-

403 1510 581 1557 retur.
641 1508 782 1557 Cum
841 1505 910 1558 ad
966 1504 1303 1575 praetorium
1361 1506 1739 1575 pervenisset,
1774 1506 2052 1560 custodiae

404 1592 698 1664 perruptis
733 1594 915 1663 portis
948 1594 1207 1663 captivos
1247 1593 1463 1658 emisit,
1497 1611 1741 1665 sperans
1776 1595 2051 1649 nimirum

403 1698 605 1736 eorum
638 1680 853 1735 auxilio
871 1698 932 1736 se
956 1681 1178 1752 aliquid
1205 1682 1463 1753 praeclari
1489 1682 2049 1738 eﬂeeturudeem-

403 1787 517 1842 que
549 1772 605 1824 in
637 1769 847 1825 Chalee
891 1770 1040 1825 fecit.
1090 1771 1350 1825 Eunuchi
1403 1771 1461 1825 in
1497 1772 1709 1843 palatio
1765 1773 2051 1827 seditione

405 1858 755 1913 annuntiata
786 1859 1049 1913 celeriter
1102 1859 1299 1930 palatii
1342 1862 1616 1915 custodes
1665 1860 1883 1915 milites
1916 1877 2049 1914 cum

407 1948 699 2003 Romanos
771 1952 896 2002 tum
973 1948 1270 2019 Barangos
1348 1950 1740 2004 mercenaries
1798 1958 2049 2004 armant.

412 2037 545 2091 Mox
573 2036 748 2091 etiam
780 2036 1107 2091 triremium
1142 2037 1651 2108 imperatoriarum
1688 2039 1934 2092 ministri
1969 2038 2051 2091 in-

410 2129 743 2194 struuntur,
776 2123 1190 2197 colligiturque
1220 2126 1298 2180 ita
1322 2143 1531 2197 agmen
1566 2126 1717 2181 haud
1752 2130 2049 2197 exiguum,

410 2215 569 2285 quod
617 2218 822 2269 contra
867 2213 1259 2269 Theodosium
1309 2217 1661 2270 mitteretur.
1697 2217 1753 2271 Is
1801 2216 1898 2270 ubi
1945 2215 2051 2269 hoc

410 2302 689 2374 percepit,
722 2303 945 2357 omissa
973 2304 1040 2357 ad
1078 2303 1363 2374 palatium
1398 2304 1489 2359 via
1519 2306 1588 2359 ad
1642 2304 1916 2375 Magnum
1951 2304 2048 2357 Dei

402 2391 712 2463 Templum
747 2391 1019 2462 deﬂectit,
1054 2409 1298 2463 sperans
1331 2410 1392 2448 se
1425 2410 1490 2448 eo
1524 2394 1851 2463 ingressum
1888 2411 1920 2446 a
1954 2410 2051 2462 pa-

406 2480 660 2535 triarcha
689 2486 745 2535 et
776 2480 926 2535 clero
949 2486 1253 2552 acceptum
1283 2482 1787 2553 iri,plurimosque
1814 2498 2049 2536 concur-

405 2586 577 2623 suros
610 2568 707 2639 qui
742 2570 936 2639 ipsum
988 2570 1398 2640 imperatorem
1452 2571 1800 2625 salutarent.
1836 2571 2048 2625 Verum

404 2658 454 2711 ei
488 2656 659 2727 plane
690 2656 986 2712 diversum
1009 2661 1236 2713 evenit:
1275 2676 1405 2713 nam
1432 2659 1681 2713 venienti
1718 2659 2050 2729 patriarcha

405 2750 461 2800 et
490 2744 681 2800 clerus
716 2745 916 2816 templi
952 2748 1103 2801 fores
1146 2746 1537 2802 obdideruntt
1589 2764 1777 2818 neque
1808 2750 2052 2804 aderant

405 2834 637 2904 uspiam
667 2834 706 2887 ii
739 2834 838 2905 qui
869 2835 942 2889 ad
976 2834 1116 2891 tales
1148 2853 1239 2891 res
1287 2841 1483 2907 utpote
1514 2837 1657 2907 ipsis
1688 2844 1882 2907 gratas
1914 2854 2048 2892 con-

404 2938 634 2977 currere
694 2922 1003 2993 solebant;
1060 2931 1117 2979 et
1174 2924 1273 2995 qui
1330 2926 1525 2996 ipsum
1585 2943 1650 2979 eo
1708 2943 1893 2995 usque
1950 2944 2049 2981 co-

406 3012 592 3065 mitati
617 3012 771 3066 614
805 3012 1055 3081 fuerant,
1094 3013 1345 3075 missum
1381 3020 1583 3068 contra
1615 3016 1682 3068 iri
1731 3017 2047 3071 exercitum

405 3098 729 3165 audientes,
765 3101 1050 3169 paulatim
1084 3101 1292 3172 dilapsi
1326 3108 1484 3157 sunt.
1524 3103 1782 3158 Tandem
1816 3107 1889 3158 ab
1920 3123 2043 3159 0m-

404 3190 580 3243 nibus
611 3188 900 3257 desertus,
951 3191 1305 3246 miserabilis
1358 3192 1606 3263 supplex
1656 3210 1789 3248 eum
1824 3195 1941 3249 tilio
1976 3197 2044 3249 ad

2155 615 2482 687 λευσάμενος
2520 613 2661 687 μηδὲ
2693 612 3053 688 λογισάμενος
3083 612 3181 679 τήν
3241 615 3337 664 τοῦ
3390 606 3551 684 ἔργου
3604 607 3802 681 δυσχέ-

2157 725 2301 777 ρειαν
2362 705 2449 758 καὶ
2507 704 2812 773 ἀπότευξιν,
2850 700 2977 773 μηδ’
3010 704 3125 755 οἷον
3176 695 3345 754 κύϐον
3398 698 3592 771 μέλλει
3636 698 3806 771 ἀναῤ-

2157 795 2387 869 ῥιπτεῖν,
2418 792 2725 870 ἀνειληφὼς
2774 791 2899 851 τοὺς
2948 789 3243 865 οἰκογενεῖς
3286 790 3371 843 καὶ
3422 786 3655 848 δούλους
3719 791 3807 841 καί

2154 882 2279 943 τοὺς
2333 882 2518 945 ἄλλως
2558 881 3033 955 ὑπηρετουμένους
3083 880 3253 950 αὐτῷ,
3295 876 3544 937 πολλοὺς
3603 875 3662 930 δὲ
3721 878 3807 929 καὶ

2154 976 2260 1024 τῶν
2294 966 2551 1044 γειτόνων
2583 971 2671 1024 καί
2700 991 2851 1031 τινας
2884 974 2989 1023 τῶν
3045 970 3310 1037 συνήθων,
3344 967 3462 1020 ὅσοι
3510 987 3609 1040 περ
3672 967 3807 1033 ἦσαν

2155 1061 2248 1120 τὰς
2298 1058 2485 1136 φρένας
2532 1060 2875 1135 κουφότεροι,
2930 1055 3060 1129 ἄρας
3108 1058 3229 1130 περὶ
3285 1052 3471 1123 δείλην
3523 1055 3686 1127 ὀψίαν
3752 1054 3809 1109 ἐκ

2155 1156 2257 1216 τῆς
2302 1148 2474 1209 οἰκίας
2525 1151 2716 1219 (κεῖται
2765 1144 2821 1200 δὲ
2868 1146 3001 1215 αὕτη
3050 1146 3171 1220 περὶ
3223 1144 3287 1199 τὸ
3332 1143 3626 1216 λεγόμενον
3663 1152 3812 1198 Λεω-

2163 1236 2484 1309 μακὲλλιον)
2516 1237 2711 1312 προῄει
2738 1233 2826 1289 διὰ
2854 1242 2952 1303 τῆς
2978 1233 3237 1294 πλατείας
3272 1234 3345 1293 ὡς
3399 1232 3475 1293 εἷς
3519 1233 3583 1285 τὸ
3634 1232 3813 1287 παλάο

2158 1347 2295 1393 τιον,
2346 1326 2657 1400 ἀγανακτῶν
2708 1325 2796 1379 καὶ
2856 1322 3244 1397 δυσχεραίνων,
3294 1322 3382 1374 καὶ
3435 1323 3533 1389 τὴν
3594 1318 3809 1375 ἀδικίαν

2161 1417 2234 1476 ὡς
2268 1415 2326 1469 ἃν
2375 1416 2443 1469 τὰ
2472 1414 2672 1488 ἔσχατα
2696 1412 3032 1483 ἠδικημένος
3083 1413 3217 1486 πρὸς
3273 1411 3399 1472 τοὺς
3454 1411 3813 1485 παρατυχόν⁹

2157 1524 2252 1565 τας
2302 1499 2696 1575 ἐπιϐοώμενος,
2746 1503 2835 1556 καὶ
2884 1502 2983 1568 την
3035 1500 3312 1575 βασιλείαν
3369 1498 3814 1570 ἀνακαλούμενος

2161 1593 2235 1653 ὡς
2263 1591 2696 1666 κληρονομιαῖον
2736 1591 2881 1664 τάχα
2939 1592 3122 1661 κτῆμα
3178 1589 3266 1642 καὶ
3326 1587 3471 1658 αὐτῷ
3528 1595 3812 1659 προσῆκον

2161 1679 2233 1739 ὡς
2265 1677 2478 1749 μᾶλλον
2508 1683 2616 1732 τῶν
2650 1676 2836 1732 ἄλλων
2866 1676 3134 1751 ἐγγύτατα
3165 1672 3350 1751 ἔχοντι
3385 1674 3615 1748 αἳματος
3679 1678 3815 1747 πρὸς

2157 1769 2249 1821 τὸν
2332 1767 2635 1822 ἀπελθόντα
2700 1766 2944 1841 βασιλέα.
3003 1772 3095 1827 Ὡς,
3159 1762 3217 1819 δὲ
3273 1764 3483 1840 ἐγένετο
3558 1767 3696 1820 κατὰ
3753 1768 3814 1819 τὸ

2158 1858 2517 1931 πραιτώριον,
2548 1855 2839 1931 διαρρήξας
2868 1856 2962 1917 τὰς
2995 1854 3173 1916 πύλας
3201 1862 3303 1923 τῆς
3329 1854 3579 1929 φυλακῆς
3634 1853 3811 1927 ἐξάγει

2158 1944 2283 2007 τοὺς
2334 1946 2775 2020 καθειργμένους,
2826 1943 3049 2005 ἐλπίσας
3101 1945 3254 2015 οἶμαι
3315 1941 3384 1996 δι’
3432 1943 3607 1997 αὐτῶν
3677 1946 3814 2017 μίγα

2159 2055 2209 2087 τι
2240 2032 2623 2107 διαπράξασθαι
2656 2032 2745 2088 καῖ
2788 2040 3055 2108 γενναῖον.
3091 2034 3170 2089 Τὸ
3220 2030 3276 2086 δὲ
3326 2032 3458 2086 αὐτὸ
3512 2037 3677 2087 τοῦτο
3720 2033 3813 2086 καὶ

2162 2121 2213 2176 ἐν
2258 2122 2457 2196 Χαλκῇ
2516 2124 2718 2185 φθάσας
2772 2121 2969 2179 ἐποίει.
3003 2118 3181 2176 ’Δλλά
3237 2127 3336 2189 τῆς
3399 2118 3812 2181 ἐπαναστάσεως

2160 2218 2276 2273 τοῖς
2310 2211 2360 2266 ἐν
2393 2217 2510 2273 τοῖς
2575 2210 2874 2285 βασιλείοις
2928 2211 3265 2286 γνωσθείσης
3322 2209 3633 2284 εὐνούχοις,
3666 2210 3812 2284 ταχῦ

2168 2302 2259 2373 μὲν
2320 2302 2369 2355 oi
2431 2300 2793 2363 φυλάσσοντες
2863 2300 2914 2355 ἐν
3000 2304 3080 2372 τῷ
3158 2298 3410 2371 παλατίῳ
3483 2304 3814 2373 στρατιῶται

2161 2389 2429 2461 Ῥωμαῖοί
2494 2411 2552 2444 τε
2625 2390 2714 2443 καὶ
2774 2390 3041 2463 Βάραγγοι
3097 2387 3271 2463 (γένος
3331 2385 3388 2441 δὲ
3446 2385 3704 2441 Κελτικὸν
3764 2388 3815 2439 οἱ

2161 2479 2431 2553 Βάραγγοι
2495 2480 2951 2555 μισθοφοροῦντες
2992 2477 3309 2549 Ῥωμαίοις)
3361 2474 3817 2543 κασοπλίζονται,

2161 2570 2300 2644 ταχὺ
2351 2568 2407 2623 δὲ
2471 2569 2561 2622 καὶ
2629 2571 2680 2623 οἱ
2739 2569 2789 2623 ἐν
2858 2573 2978 2630 ταῖς
3041 2569 3353 2642 βασιλικαῖς
3415 2568 3817 2638 ὑπηρετοῦντες

2159 2662 2432 2734 τριήρεσιν
2475 2658 2777 2733 ἠγείροντο.
2814 2658 2913 2712 Καὶ
2964 2657 3088 2731 χεὶρ
3146 2658 3305 2724 ἱκανὴ
3367 2661 3447 2729 [Ρ.
3501 2657 3629 2726 793)
3686 2677 3817 2708 συν-

2160 2747 2422 2822 ηθροίσθη
2457 2749 2546 2802 καὶ
2578 2747 2713 2801 κατά
2752 2750 2848 2801 τοῦ
2881 2743 3176 2800 Θεοδοσίου
3234 2743 3437 2816 ἔμελλε
3481 2743 3817 2817 πέμπεσθαι.

2158 2839 2210 2889 Ὀ
2244 2834 2300 2891 δὲ
2328 2842 2488 2891 τοῦτο
2521 2835 2847 2908 πυθόμενος,
2879 2831 3132 2897 ἐκκλίνας
3173 2837 3269 2888 τοῦ
3325 2834 3460 2907 πρὸς
3511 2834 3575 2887 τὸ
3632 2832 3816 2887 παλά-

2157 2947 2271 2980 τιον
2305 2926 2538 2993 ἀπιέναι,
2583 2926 2905 3000 ὑποστρέφει
2964 2924 3101 2997 πρὸς
3147 2923 3249 2990 τήν
3297 2926 3392 2975 τοῦ
3447 2926 3581 2975 Θεοῦ
3633 2921 3815 2996 Μεγά-

2161 3014 2263 3083 λην
2298 3013 2636 3079 Ἐκκλησίαν·
2667 3012 2870 3082 ἤλπισε
2893 3013 2994 3086 γὰρ
3027 3012 3103 3073 ὡς
3153 3009 3464 3065 εἰσελθόντα
3509 3014 3701 3064 τοῦτον
3762 3010 3815 3063 ἐν

2159 3104 2297 3175 αὐτῇ
2354 3104 2380 3156 6
2430 3104 2778 3177 πατριάρχης
2834 3122 2893 3155 τε
2950 3100 3039 3155 καὶ
3089 3100 3117 3153 6
3172 3100 3379 3172 κλῆρος
3435 3095 3816 3171 προσδέξεται,

2159 3194 2245 3246 καὶ
2280 3192 2409 3253 λαὸς
2444 3193 2854 3266 ἀθροισΟ-ήσεται
2905 3189 3183 3253 πλεῖστος,
3206 3187 3295 3241 καὶ
3351 3185 3577 3261 βασιλέα
3622 3187 3823 3259 ἀναγο-

400 3276 688 3349 templum
720 3279 1002 3346 consedit,
1037 3280 1357 3351 statimque
1397 3296 1465 3335 ex
1494 3300 1558 3336 eo
1603 3283 1879 3354 abreptus
1914 3284 2044 3338 Per-

2162 3280 2429 3355 ρεύσουσι.
2483 3283 2666 3336 Ταῦτα
2743 3277 2799 3333 δὲ
2879 3280 3053 3333 πάντα
3137 3277 3287 3347 αὐτῷ
3362 3274 3438 3337 είς
3497 3275 3815 3329 τούναντίον

400 3380 640 3434 gamum
676 3364 781 3419 soli
816 3367 1074 3421 vertendi
1108 3383 1284 3423 causa
1315 3374 1551 3424 coactus
1581 3376 1669 3424 est
1702 3372 1799 3423 ire.
1838 3372 2046 3426 Eodem

401 3453 570 3507 modo
603 3454 790 3523 puniti
834 3455 1008 3509 etiam
1062 3457 1497 3526 praestantiores
1528 3458 1647 3525 alii,
1700 3459 1798 3529 qui
1844 3476 1904 3513 se
1937 3460 2046 3529 ipsi

401 3543 813 3611 adjunxerant.

2162 3367 2357 3439 ἀπέϐη.
2390 3372 2453 3423 Ὃ
2483 3390 2540 3423 τε
2575 3369 2672 3443 γάρ
2734 3368 3083 3442 πατριάρχης
3137 3367 3225 3420 καὶ
3276 3366 3304 3418 6
3361 3371 3487 3441 τῆς.
3518 3364 3818 3433 ἐκκλησίας

2157 3457 2365 3532 κλῆρος
2443 3458 2732 3533 ἐρχομένῳ
2791 3457 2884 3519 τὰς
2938 3455 3139 3524 ταύτης
3205 3452 3557 3508 ἀποκλείουσι
3616 3453 3821 3514 πύλας.

2157 3547 2245 3601 καὶ
2278 3548 2330 3601 οἱ
2363 3550 2610 3616 συνήθως
2644 3547 2694 3601 ἐν
2722 3552 2838 3607 τοῖς
2868 3546 3142 3604 τοιούτοις
3202 3542 3489 3617 χαίροντες
3538 3542 3631 3595 καὶ
3690 3563 3812 3595 συν-

400 3629 696 3703 τρέχονττς
750 3630 885 3697 ἦσαν
946 3627 1209 3702 οὐδαμοῦ,
1272 3630 1359 3685 καὶ
1421 3633 1473 3685 οἱ
1531 3632 1894 3705 παρεπόμενοι
1951 3655 2130 3707 τουτῳ
2187 3636 2380 3710 μέχρις
2434 3635 2644 3689 ἐκείνου
2687 3640 2782 3690 τοῦ
2813 3635 3005 3694 τόπου.
3042 3633 3303 3705 μαθόντες
3332 3634 3430 3700 τὴν
3504 3629 3816 3704 μέλλουσαν

405 3718 712 3788 πέμπεσθαι
772 3716 999 3790 δύναμιν
1057 3720 1172 3773 κατ’
1229 3721 1432 3788 αὐτῶν,
1487 3722 1621 3774 κατά
1696 3726 1886 3795 μικρὸν
1961 3723 2310 3800 ὑπορῥὲοντες
2384 3722 2799 3793 ἐσκεδάσθησαν,
2858 3724 2947 3778 καὶ
3027 3722 3218 3778 λοιπὸν
3306 3719 3512 3795 ἕρημος
3597 3722 3816 3775 πάντων

407 3804 781 3882 καταλειφθεὶς
839 3807 1021 3876 ἱκέτης
1078 3805 1306 3869 ἐλεεινὸς
1362 3808 1495 3880 μετὰ
1544 3814 1640 3863 τοῦ
1698 3809 1890 3872 παιδὸς
1950 3814 2087 3886 πρὸς
2144 3815 2241 3881 την
2328 3811 2619 3883 ἐκκλησίαν
2708 3813 2914 3881 καθίζει
2948 3831 2961 3843 ο
3008 3812 3066 3866 ὃν
3162 3809 3317 3873 εὐθὺς
3397 3808 3818 3871 ἀποστείλαντες

405 3891 651 3967 ἐξάγουσι
680 3897 780 3962 τῆς
841 3894 1133 3966 ἐκκλησίας
1184 3896 1273 3950 καὶ
1322 3895 1649 3971 ἐξορίζουσιν
1703 3899 1752 3953 ἐν
1817 3902 2110 3975 Περγάμῳ.
2139 3902 2216 3958 Τὸ
2276 3899 2322 3956 δ’
2374 3902 2505 3955 αὐτὸ
2560 3906 2719 3956 τοῦτο
2778 3903 2865 3957 καὶ
2929 3901 3004 3962 εἷς
3064 3900 3187 3961 τοὺς
3243 3898 3672 3977 ἐμφανεστέρους
3709 3904 3817 3952 τῶν

402 3983 559 4052 αὐτῷ
616 3984 1069 4059 συναπαχθέντων
1118 3983 1400 4055 ἐποίησαν.
1460 3986 1559 4043 Καὶ
1615 3988 1677 4041 τὸ
1726 3989 1830 4043 ἀπὸ
1903 3990 2097 4044 τούτου
2142 3992 2169 4044 ὁ
2220 3990 2449 4065 Μιχαὴλ
2524 3986 3012 4068 ἐναμφισόητήτως
3097 3987 3455 4063 ἀνηγορεύετο
3539 3987 3819 4062 αὐτοκράο

400 4090 535 4142 τωρ.

472 4179 849 4237 Stratioticus
879 4184 1112 4238 nemine
1145 4188 1647 4255 repugnantejam
1672 4187 1917 4258 imperio
1950 4206 2049 4259 po-

402 4273 549 4327 titus
578 4273 835 4328 delectos
866 4280 1187 4337 senatores,
1211 4293 1505 4346 quemque
1538 4280 1607 4331 ad
1636 4281 1915 4347 majorem
1951 4296 2051 4333 ex-

399 4360 653 4417 tollendo
683 4362 1052 4433 dignitatem,
1076 4365 1353 4436 populum
1381 4366 1798 4421 beneﬁciorum
1825 4367 2050 4438 pollici-

402 4450 743 4515 tationibus,
778 4452 1087 4505 demeruit.
1120 4452 1264 4507 Cum
1316 4459 1509 4507 autem
1547 4461 1700 4508 esset
1731 4455 2048 4509 admodum

402 4554 578 4593 senex
611 4538 910 4610 multaque
956 4542 1200 4611 antiqua
1249 4544 1672 4608 recordaretur,
1708 4546 1925 4599 multas
1957 4562 2048 4600 ve-

402 4633 595 4683 terum
627 4630 1123 4683 consuetudinum
1159 4633 1434 4686 reducere
1475 4633 1747 4697 intendit,
1784 4634 1924 4687 nihil
1963 4635 2047 4688 vel

403 4717 651 4789 impcrio
685 4718 769 4773 vel
803 4718 883 4772 rei
937 4720 1181 4789 publica;
1217 4724 1571 4790 profuturas.
1624 4726 1882 4789 Quorum
1921 4726 2049 4793 fuit,

403 4808 557 4875 quod
593 4807 927 4878 praetorium
962 4810 1270 4879 expurgari
1296 4811 1501 4880 jussit,
1529 4813 1683 4881 quod
1715 4814 1930 4867 factum
1956 4815 2048 4882 jo-

400 4912 536 4951 cose
577 4898 1012 4952 subsannantes
1065 4899 1218 4953 cives
1282 4901 1553 4955 dicebant
1610 4918 1868 4970 quaerere
1914 4919 2046 4957 eum

398 4986 668 5039 taxillum
701 5004 875 5041 suum
895 5004 1069 5056 quem
1104 4988 1421 5057 aliquando
1448 4990 1655 5046 ludens
1681 4993 1755 5046 ibi
1784 4994 2048 5062 perdide-

397 5080 509 5141 rat,
542 5075 790 5146 ideoque
819 5093 1081 5131 averrere
1118 5079 1452 5147 pulverem;
1506 5082 1660 5150 quod
1709 5082 1921 5136 civium
1955 5100 2048 5137 ca-

398 5163 520 5234 pita
553 5180 666 5219 non
699 5164 930 5233 litteris,
968 5174 1027 5218 ut
1060 5184 1235 5235 nunc,
1270 5171 1370 5222 sed
1406 5169 1660 5239 byssinis
1696 5170 1883 5239 pileis.
1921 5189 2044 5225 ma-

398 5253 535 5324 gnis
564 5253 735 5309 lineis
768 5255 1079 5325 purpureis
1108 5256 1453 5321 iutertextis,
1490 5259 1600 5327 tegi
1637 5258 1851 5321 voluit;
1890 5261 2041 5329 quod

2236 4183 2573 4263 Παραλαϐὼν
2630 4185 2686 4241 δὲ
2754 4186 2848 4247 τὰς
2907 4186 3061 4254 ἡνίας
3118 4190 3217 4253 τῆς
3271 4181 3555 4257 βασιλείας
3618 4182 3823 4244 πάντας

2166 4278 2261 4349 μὲν
2291 4277 2418 4339 τοὺς
2453 4274 2687 4351 λογάδας
2719 4282 2821 4344 τῆς
2854 4273 3163 4349 συγκλήτου
3214 4272 3291 4333 είς
3353 4270 3596 4345 βαθμοὺς
3654 4271 3818 4340 ἀξιωο

2165 4370 2346 4440 μάτων
2383 4367 2754 4443 ὑψηλοτέρους
2785 4367 3049 4439 ἀνήγαγε,
3080 4363 3171 4416 καί
3202 4363 3292 4416 τὸν
3345 4358 3520 4432 δῆμον
3576 4360 3820 4434 ὑποσχέ-

2162 4478 2303 4511 σεσιν
2362 4458 2671 4511 ὑπεποιεῖτο
2731 4453 2958 4510 πολλῶν
3004 4452 3235 4526 ἀγαθῶν’
3271 4451 3341 4512 ὡς
3405 4449 3476 4503 ὣν
3530 4446 3588 4502 δὲ
3646 4449 3822 4523 κάρτα

2158 4547 2327 4622 γὲρων
2360 4546 2448 4600 καὶ
2480 4544 2705 4600 πολλῶν
2745 4542 3090 4616 μεμνημένος
3148 4538 3417 4615 ἀρχαίων,
3468 4532 3814 4591 ἐπεϐάλλετο

2156 4636 2242 4689 καὶ
2275 4634 2461 4690 πολλὰ
2488 4640 2594 4689 τῶν
2642 4632 2889 4689 παλαιῶν
2945 4629 3293 4705 σχολάσαντα
3353 4626 3553 4698 ἐθίμων
3617 4626 3819 4680 ἐπανα-

2156 4726 2476 4794 κτήσασθιι,
2517 4721 2686 4796 μηδὲν
2711 4723 2846 4797 πρὸς
2900 4719 3239 4775 λυσιτέλειαν
3302 4714 3664 4771 συντελοῦντα
3720 4723 3825 4785 τῆς

2164 4812 2437 4889 βασιλείας
2466 4814 2501 4882 ἢ
2534 4817 2633 4865 τοῦ
2665 4816 2872 4865 κοινοῦ.
2904 4810 2973 4863 Τό
3023 4829 3081 4863 τε
3113 4810 3215 4881 γὰρ
3268 4805 3565 4880 λεγόμενον
3618 4824 3821 4877 στρατ-

2158 4904 2312 4977 ήγιον
2397 4904 2508 4975 (44)
2592 4901 3042 4974 ἀνακαθαίρεσθαι
3109 4895 3405 4961 ἐκέλευσε,
3456 4894 3591 4968 πρὸς
3678 4895 3821 4968 ὅπερ

2159 4992 2607 5052 ἀποσκώπτοντες
2642 4992 2698 5043 οἱ
2756 4988 2978 5043 πολῖται
3038 4982 3268 5064 ἔφασκον
3328 4985 3402 5044 ὡς
3457 4984 3547 5036 τὸν
3611 4981 3827 5037 οἰκεῖον

2157 5078 2495 5155 ἀστράγαλον
2546 5079 2852 5146 ἀναζητῶν,
2900 5078 2958 5131 ’ὸν
3017 5075 3186 5131 ἐκεῖσε
3243 5074 3451 5141 παίζων
3502 5070 3825 5137 ἀπώλεσεν,

2156 5167 2462 5243 ἐκκαθαίρει
2519 5169 2611 5222 τὸν
2667 5170 2827 5242 χοῦν⁸
2856 5166 2945 5220 καὶ
2994 5166 3086 5226 τὰς
3136 5169 3244 5218 τῶν
3297 5161 3541 5217 πολιτῶν
3573 5158 3827 5236 κεφαλὰς

2156 5258 2438 5320 σκέπεσθαι
2502 5258 2578 5328 μὴ
2635 5254 2703 5310 δι’
2764 5256 3139 5330 ἀγραμμάτων
3193 5255 3331 5326 (4”),
3364 5252 3437 5312 ὡς
3495 5253 3612 5321 νῦν,
3666 5248 3827 5305 ἀλλὰ

1578 5392 1956 5449 XYLANDRI
2004 5394 2089 5447 ET
2130 5394 2344 5450 GOARI
2389 5393 2605 5447 NOT/E.

458 5486 570 5568 (44)
606 5487 792 5568 Locus
824 5489 915 5541 est
964 5486 1021 5539 in
1054 5487 1265 5568 quinta
1318 5490 1480 5568 urbis
1531 5493 1787 5568 regione:
1838 5491 2048 5568 Censet

388 5555 757 5633 _Pancirnllus
786 5574 920 5633 esse
937 5564 1140 5633 castra
1179 5564 1549 5633 praetoriana,
1582 5555 1636 5616 1‘5
1669 5562 1883 5632 quibus
1908 5562 2043 5633 quia

384 5627 608 5754 ἕλεσι-ιη
643 5634 833 5685 lorsan
873 5630 1141 5698 Michael,
1179 5627 1264 5685 ad
1316 5632 1456 5688 illud
1509 5627 1834 5689 alluse'runt
1866 5627 2037 5689 cives.

435 5717 571 5754 om.

435 5717 571 5757 OAR.

2228 5493 2339 5564 (45)
2371 5492 2536 5546 Hunc
2568 5488 2759 5564 locum
2794 5506 2905 5564 non
2940 5488 3204 5562 intelligo
3234 5487 3581 5564 etiamnum,
3614 5497 3821 5554 neque

2156 5554 2692 5629 eo‘intcrpretando
2723 5560 2809 5615 vel
2846 5577 2936 5614 me
2968 5554 3165 5616 verum
3197 5559 3459 5629 attigisse
3480 5554 3564 5609 vel
3600 5570 3816 5623 quem.

2156 5581 2220 5618 eo
2256 5581 2405 5619 inter
2430 5581 2692 5617 ireianuo
2723 5581 2809 5615 vel
2846 5581 2936 5614 me
2968 5581 3165 5616 verum
3197 5581 3459 5629 mugisse
3482 5581 3564 5609 vei
3600 5581 3816 5623 queur

2153 5652 2327 5705 quam
2355 5581 2564 5689 i'aisum
2600 5634 2750 5706 nolo.
2786 5635 2928 5706 XYL.
2957 5664 3021 5673 —
3059 5631 3288 5706 Γράμμα
3319 5630 3514 5699 capitis
3537 5630 3819 5706 (agimen.

2147 5700 2388 5776 formam
2413 5708 2558 5777 pilai
2586 5704 2672 5761 vel
2716 5704 2900 5772 galeri
2945 5721 3065 5760 una
3099 5700 3333 5760 raucae
3378 5702 3555 5770 caput
3584 5700 3813 5756 obum-
