4036 6194
358 392 476 456 34⁵2

1715 391 2033 455 GEORGII
2078 389 2418 452 CEDRENI

3652 388 3776 449 348

356 527 743 587 Macedonicis
795 526 1127 600 legionibus
1173 527 1549 600 praepositum
1635 527 1695 581 in
1784 526 2006 581 Turcos

2139 543 2256 597 :opa
2286 518 2692 596 προχειρίζεται
2738 523 2845 572 τῶν
2900 516 3278 576 Μακεδονικῶν
3336 522 3623 596 ταγμάτῳν
3676 520 3772 573 καὶ

356 618 575 675 emisit.
608 618 829 673 Etenim
863 622 1087 673 Turcus
1104 618 1370 689 quidam,
1395 616 1727 671 Samuchus
1752 620 2007 682 nomine,

358 706 625 764 obscuris
660 701 975 770 natalibus,
995 707 1096 761 sed
1129 706 1279 761 bello
1312 706 1605 777 egregius,
1639 708 1750 761 sub
1772 706 2011 760 sultano

362 797 624 851 militans
647 795 853 850 cumis
876 794 1157 849 alternam
1176 794 1232 848 in
1252 795 1545 849 Romanos
1564 794 2009 865 impressionem

360 887 516 953 fecit,
534 901 601 940 eo
647 902 703 938 in
749 884 1042 938 Persidem
1096 899 1326 938 reverso
1357 900 1490 938 cum
1524 886 1713 939 tribus
1750 884 2013 939 millibus

358 972 552 1028 locum
586 973 793 1037 tenuit,
848 978 1023 1041 atque
1074 971 1213 1025 hinc
1262 972 1398 1027 inde
1446 989 1662 1044 vagans
1712 974 1770 1027 in
1825 972 2013 1044 planis

362 1067 537 1134 atque
568 1061 891 1116 humilibus
923 1060 1162 1130 majoris
1191 1060 1474 1116 Armeniae
1516 1061 1656 1117 locis
1686 1061 1898 1117 subitis
1930 1060 2016 1116 in-

361 1151 739 1207 cursionibus
770 1148 1051 1203 ditionem
1088 1152 1407 1204 Romanam
1452 1151 1714 1205 vexabat.
1749 1151 1862 1205 Sed
1901 1150 2011 1204 hu-

351 1242 455 1311 jus
481 1238 720 1310 quidem
750 1238 1014 1292 animum
1039 1254 1149 1293 non
1186 1238 1435 1309 placavit
1458 1239 1631 1295 homo
1666 1238 2010 1295 blandiendi

364 1345 430 1383 ac
460 1328 735 1382 comitate
766 1326 1138 1381 demulcendi
1168 1343 1267 1382 eos
1325 1328 1421 1399 qui
1480 1329 1777 1383 atrocibus
1826 1329 2014 1384 aﬂ‘eeti

367 1416 604 1487 injuriis
634 1414 919 1470 occultam
953 1416 1010 1469 in
1036 1416 1233 1470 animo
1265 1416 1410 1471 iram
1461 1424 1671 1488 gerunt
1719 1418 2018 1488 ignarissi-

366 1522 519 1560 mus.
582 1505 931 1575 Magnopere
977 1505 1132 1559 enim
1180 1505 1521 1561 obsecrante
1589 1507 1874 1579 Byrennio
1954 1512 2019 1562 ut

364 1594 517 1649 bona
548 1592 722 1647 etiam
756 1590 867 1648 sibi
909 1608 1038 1659 sua;
1064 1608 1189 1665 qua:
1221 1594 1335 1665 ipsi
1366 1593 1671 1650 Theodora
1702 1595 2016 1667 eripuerat,

366 1683 773 1748 redderentur,
805 1697 920 1735 non
954 1681 1244 1749 assensit;
1269 1699 1334 1737 ac
1368 1689 1671 1755 urgentem
1709 1684 2018 1740 vehemen-

372 1773 513 1837 tius,
537 1769 774 1843 vulgare
827 1770 969 1825 illud
1018 1775 1075 1826 et
1136 1771 1447 1843 protritum
1512 1773 1687 1844 fatus,
1757 1776 2018 1829 confecto

374 1875 547 1932 opere
578 1861 814 1915 domum
848 1875 977 1915 esse
1006 1861 1349 1932 exigendam
1389 1863 1734 1929 mercedem,
1771 1862 2017 1920 dimisit.
2054 1901 2099 1964 B

373 1949 696 2021 Bryennius
728 1948 836 2003 hoc
886 1948 1057 2003 modo
1109 1954 1343 2021 spretus
1381 1951 1654 2007 discessit
1683 1952 1880 2008 animo
1920 1969 2019 2007 ex-

371 2042 661 2109 asperato,
691 2037 960 2093 vindictas
982 2039 1349 2094 occasionem
1382 2046 1841 2111 exspectaturus.

2119 613 2252 666 κατᾶ
2280 610 2534 682 Τούρκων
2564 608 2829 681 ἐκπέμπει
2866 627 2878 640 ’
2928 614 3166 682 Τοῦρκος
3208 610 3307 685 γάρ
3357 630 3440 673 τις
3482 610 3578 678 τὴν
3626 606 3772 675 κλῆ-

2122 723 2203 755 σιν
2239 699 2493 775 Σαμοὺχ,
2525 701 2587 754 τὸ
2616 698 2770 773 γένος
2800 697 2899 753 οὐκ
2929 697 3218 771 ἐπίσημος,
3256 700 3385 771 πρὸς
3419 695 3476 751 δὲ
3512 698 3576 751 τὰ
3600 694 3775 751 πολε-

2126 790 2258 863 μικὰ
2315 794 2558 863 γενναῖος
2616 788 2705 843 καὶ
2780 786 3019 862 ἐνεργὸς,
3071 792 3150 859 τῷ
3207 787 3489 858 σουλτάνῳ
3540 805 3771 860 συστρα-

2120 879 2443 951 τευσάμενος
2497 876 2732 947 ὁπηνίκα
2804 878 2907 945 τήν
2983 874 3232 949 δευτέραν
3308 870 3563 942 εἰσϐολὴν
3634 873 3776 928 κατὰ

2122 969 2410 1041 Ῥωμαίων
2493 966 2786 1036 ἐποιήσατο
2812 1008 2827 1033 ,
2910 964 3116 1020 ἐκείνου
3195 962 3628 1038 ὖποστρὲψαντος
3717 961 3772 1016 ἐν

2126 1056 2310 1132 Περσίι
2383 1055 2544 1118 αὐτὸς
2590 1060 2670 1128 τῷ
2715 1076 2870 1128 τοπῳ
2916 1054 3208 1129 παρέμεινε
3255 1054 3389 1126 μετὰ
3443 1050 3774 1127 τρισχιλίων

2124 1145 2357 1221 ἀνδρῶν,
2417 1146 2506 1201 καὶ
2565 1142 3050 1220 περιπλανώμενος
3118 1142 3169 1198 ἐν
3235 1148 3355 1204 ταῖς
3411 1138 3625 1196 πεδιάσι
3679 1140 3778 1195 καὶ

2122 1243 2239 1298 τοῖς
2276 1236 2491 1298 ὑπτίοις
2534 1235 2725 1296 τόποις
2773 1240 2873 1295 τῖς
2933 1232 3175 1308 μεγάλης
3223 1230 3528 1307 Ἀρμενίας,
3567 1229 3657 1284 καί
3686 1228 3780 1283 αἲ-

2125 1322 2375 1403 φνιδίους
2433 1323 2763 1396 ποιούμενος
2829 1319 3117 1396 ἐκδρομὰς,
3189 1325 3369 1382 κακῶς
3436 1317 3651 1374 διετίθει
3706 1319 3782 1371 τὰ

2125 1412 2414 1487 Ῥωμαίων
2454 1413 2544 1468 καὶ
2596 1410 2867 1483 ἐληίζετο.
2916 1409 3075 1467 Ἀλλ’
3124 1407 3249 1466 οὐδὲ
3293 1413 3482 1464 τοῦτον
3516 1411 3780 1483 θεραπεῦ-

2128 1525 2211 1558 σαι
2248 1500 2466 1577 ἴσχυσεν
2497 1503 2524 1556 6
2581 1501 2833 1577 βασιλεύς
2862 1519 2875 1532 ⁸
2934 1502 3000 1570 ἦν
3058 1499 3162 1575 γὰρ
3219 1499 3544 1576 ἀφυέστατος
3590 1495 3667 1559 εἷς
3712 1496 3782 1549 τὸ

2128 1595 2401 1647 Θωπεῦσαι
2477 1592 2564 1645 καὶ
2644 1588 3187 1664 καταδημαγωγῆσαι
3247 1587 3565 1662 ἀνθρώπους
3621 1604 3782 1658 περι·

2128 1676 2473 1755 υϐρισοὲντας
2517 1679 2608 1734 καὶ
2668 1676 3004 1743 λανθάνοντα
3051 1676 3208 1733 κότον
3260 1676 3311 1731 ἐν
3341 1679 3409 1749 τῇ
3440 1677 3595 1750 ψυχῇ
3627 1693 3782 1747 περι-

2129 1768 2387 1846 φέροντας
2461 1772 2564 1821 Τοῦ
2620 1767 2721 1842 γὰρ
2776 1767 3065 1839 Βρυεννίου
3134 1764 3381 1839 λιπαρῶς
3438 1762 3780 1818 ῗκετεΰοντος

2130 1854 2461 1913 ἀποδοθῖναί
2496 1857 2546 1909 οἱ
2595 1857 2683 1910 καὶ
2740 1855 2806 1910 τὰ
2863 1856 3128 1931 χρήματα
3185 1854 3358 1909 ὁπὸσα
3403 1850 3657 1930 ἀφείλετο
3687 1851 3780 1905 ἀπ’

2131 1946 2297 2001 αὐτοῦ
2329 1943 2585 2020 Θεοδὼρα
2608 1947 2643 2015 ἡ
2699 1943 2936 2020 βασιλὶς,
2986 1943 3084 1998 οὐκ
3128 1941 3447 2013 ἐπήκουσεν,
3481 1938 3609 1995 ἀλλ’
3639 1937 3787 1994 ἐκτε-

2130 2040 2239 2097 νῶς
2270 2033 2623 2090 δυσωποῦντα
2669 2034 2791 2107 περὶ
2849 2034 3045 2088 τούτου
3093 2033 3184 2087 καὶ
3230 2031 3557 2098 ἱκετεύοντα,
3589 2030 3655 2083 τὸ
3679 2026 3781 2097 δη-

374 2122 551 2198 μῶδες
605 2128 766 2178 τοῦτο
819 2125 907 2179 καὶ
955 2127 1433 2199 κατημαξευμένω
1482 2127 1648 2183 εἶ’πὼν
1710 2127 1896 2201 μόνον,
1969 2149 1995 2181 ε
2044 2123 2308 2181 Δεικνῦων
2368 2122 2496 2200 ἔργα
2542 2122 2754 2178 ἀπαίτει
2818 2120 3063 2194 μισθους,
3101 2146 3127 2172 η
3185 2118 3562 2193 ἀπεπέμψατο.
3608 2116 3778 2175 Οὕτω

373 2212 433 2270 δὲ
460 2212 786 2290 παροραθεὶς
818 2213 908 2267 καὶ
941 2214 969 2269 6
1002 2216 1286 2290 Βρυὲννιος
1316 2216 1479 2289 ἀπῄει
1512 2214 1657 2271 δεινὰ
1685 2216 1925 2296 στρέφων
1959 2216 2014 2272 ἐν
2045 2216 2219 2286 ἑαυτῷ
2243 2215 2331 2269 καὶ
2356 2213 2542 2287 καιρὸν
2576 2216 2751 2283 ζητῶν
2786 2209 3134 2280 ἐκδικήσεως.

448 2338 730 2393 Eumdem
761 2354 824 2393 se
885 2337 1205 2410 imperator
1246 2341 1430 2412 gessit
1499 2358 1638 2415 erga
1710 2342 2020 2399 Erbebium

378 2426 855 2499 Francopullum,
887 2428 989 2499 qui
1022 2428 1108 2482 vir
1135 2429 1191 2483 in
1217 2429 1417 2486 Sicilia
1449 2431 1722 2487 Maniacaa
1754 2432 1810 2486 in
1872 2433 2023 2488 bello

372 2516 568 2571 socius
601 2517 809 2582 luerat,
845 2533 911 2571 ac
951 2517 1230 2589 prmelara
1272 2525 1559 2575 statuerat
1603 2526 1840 2593 tropaea,
1871 2522 2018 2576 011

371 2612 429 2659 et
457 2603 664 2663 exinde
718 2605 775 2659 in
827 2621 963 2660 eum
1016 2623 1204 2677 usque
1254 2607 1410 2662 diem
1459 2608 1540 2663 rei
1586 2609 1855 2665 Romanis
1895 2616 2026 2665 stu-

378 2694 608 2747 duerat.
646 2696 806 2748 [Iuno
839 2692 994 2747 enim
1032 2695 1301 2765 precibus
1331 2714 1365 2751 a
1388 2714 1450 2752 se
1484 2698 1932 2754 contendentem
1968 2703 2030 2754 ut

386 2780 711 2852 magisterii
750 2781 973 2836 honore
1031 2790 1359 2854 ornaretur,
1423 2802 1539 2842 non
1595 2788 1766 2843 modo
1795 2805 1910 2844 non
1941 2793 2031 2843 est

387 2869 666 2941 dignatus
714 2886 984 2941 assensu,
1031 2872 1131 2926 sed
1188 2872 1363 2928 etiam
1413 2875 1844 2932 subsannatum
1876 2877 2030 2933 varie

389 2974 647 3029 nasoque
678 2974 1033 3030 saepensum
1068 2960 1466 3019 dimisitzadeo
1497 2964 1860 3021 inhumanus
1906 2971 2032 3021 erat

382 3052 439 3101 et
467 3046 524 3101 in
560 3048 977 3118 congressibus
1011 3049 1287 3107 difﬁcilis.
1325 3052 1628 3121 Erbebius,
1662 3056 1876 3128 quippe
1901 3056 2029 3111 bar-

387 3134 567 3191 barus
598 3134 781 3189 etiraa
842 3135 1153 3207 impolens,
1214 3156 1326 3195 non
1390 3142 1683 3198 moderate
1715 3144 1849 3199 tulit
1903 3160 2027 3200 eam

383 3223 801 3281 contumeliam
826 3241 840 3291 ;
874 3224 1233 3298 ignarusque
1263 3244 1465 3285 eorum
1489 3247 1619 3302 quae
1642 3232 1886 3289 Romani
1912 3250 2029 3288 ma-

386 3310 797 3381 chinabantur,
829 3313 900 3369 de
935 3314 1190 3371 vindicta
1222 3318 1527 3390 cogitavit;
1581 3328 2031 3394 commeatuque

386 3400 629 3456 domum
659 3402 910 3457 abeundi
934 3404 1007 3460 ab
1031 3404 1382 3478 imperatore
1402 3408 1710 3481 impetrato
1733 3412 1789 3466 in
1823 3412 2028 3468 Orien-

386 3493 503 3545 tem
538 3491 795 3556 transiit,
833 3508 898 3547 ac
929 3494 1167 3549 domum
1202 3512 1369 3553 suam
1423 3499 1804 3555 Dabaramam
1837 3500 1895 3556 in
1925 3504 2030 3555 Ar-

390 3578 655 3634 meniaca
677 3580 854 3634 sitam
918 3582 1211 3651 provincia
1263 3602 1324 3639 se
1355 3587 1642 3654 contulit;
1677 3592 1733 3643 et
1789 3606 1848 3645 re
1897 3606 2032 3645 cum

389 3665 749 3737 quibusdam
787 3667 1025 3724 Francis
1054 3674 1509 3741 communicata,
1557 3676 1635 3730 ibi
1685 3676 1745 3732 in
1788 3677 2036 3733 hiberna

390 3752 619 3820 divisis,
645 3754 750 3808 300
779 3771 981 3811 eorum
1042 3759 1334 3831 corruptis
1378 3762 1435 3816 in
1486 3762 1733 3820 Mediam
1785 3767 1932 3821 abiit
1963 3767 2034 3823 iis

390 3841 731 3907 comitatus,
763 3845 818 3896 et
849 3859 979 3898 cum
1014 3844 1308 3903 Samucho
1341 3853 1481 3905 tunc
1512 3851 1728 3908 ibidem
1787 3855 2034 3926 degente

394 3928 531 3984 belli
555 3929 612 3983 in
645 3933 938 3987 Romanos
968 3934 1208 4005 gerendi
1238 3938 1574 3994 societatem
1611 3942 1766 3998 coiit.
1801 3944 1882 3999 Ea
1937 3962 2035 4000 so-

395 4016 574 4074 cietas
604 4033 738 4074 cum
758 4018 1098 4091 aliquandiu
1126 4023 1655 4095 durasset,oii'ensaa
1685 4030 1837 4088 inter
1856 4033 2035 4088 Fran-

396 4122 495 4162 cos
527 4109 584 4161 et
615 4107 836 4164 Turcos
872 4108 1224 4183 inciderunt,
1260 4130 1323 4169 ae
1356 4117 1622 4174 nationes
1644 4121 1889 4178 invicem
1923 4124 2038 4179 sibi

392 4194 659 4251 insidiari
692 4204 1015 4269 cmperunt.
1065 4202 1144 4256 Ac
1203 4201 1533 4262 Samuchus
1584 4210 1819 4280 quidem
1854 4213 2038 4283 pactis

394 4302 457 4340 se
487 4290 643 4340 stare
674 4284 1011 4358 simulabat,
1037 4291 1320 4348 Erbebius
1350 4310 1482 4351 vero
1532 4313 1765 4370 semper
1800 4300 1859 4354 in
1902 4318 2038 4357 sus-

397 4373 723 4444 picionibus
773 4382 916 4443 erat,
968 4378 1347 4451 subitumque
1396 4384 1718 4443 Turcorum
1781 4388 2035 4460 aliquem

395 4462 455 4517 in
480 4478 541 4517 se
573 4462 856 4534 impetum
882 4470 1290 4539 exspectabat;
1358 4472 1602 4543 ideoque
1651 4494 1790 4534 suos
1843 4479 2035 4535 horta-

2205 2334 2611 2412 Παραπλησίως
2667 2333 2723 2390 δὲ
2773 2332 2981 2404 διετέθη
3031 2334 3120 2388 καὶ
3166 2334 3300 2406 πρὸς
3349 2325 3626 2407 Ἐρϐἐϐιον
3689 2328 3791 2383 τὸν

2134 2424 2573 2503 Φραγγόπωλον,
2628 2424 2793 2499 ἄνδρα
2860 2421 3378 2498 συστρατευσάμενόν
3431 2440 3490 2474 τε
3540 2422 3618 2490 τῷ
3669 2423 3787 2472 Μοι-

2133 2517 2290 2591 νιάκῃ
2323 2515 2374 2570 ἐν
2433 2512 2659 2585 Σικελίᾳ
2705 2514 2791 2569 καὶ
2849 2513 3059 2588 μεγάλα
3111 2511 3344 2586 τρίόπαια
3392 2511 3658 2578 στήσαντα
3696 2507 3793 2559 καὶ

2134 2606 2223 2660 ἀπ’
2258 2604 2461 2659 ἐκείτου
2515 2603 2606 2658 καὶ
2654 2601 2759 2665 ἓως
2798 2602 2993 2657 τούτου
3040 2600 3336 2674 Ῥωμαίοις
3388 2594 3568 2652 εὔνουν
3601 2596 3795 2666 φαινό-

2142 2716 2318 2769 μενον.
2352 2692 2773 2770 Παρακαλοῦντα
2816 2691 2916 2768 γὰρ
2977 2690 3064 2746 καὶ
3123 2690 3282 2745 αὐτὸν
3332 2686 3420 2742 καὶ
3482 2686 3798 2740 ἱκετεύοντα

2137 2790 2235 2852 τῆς
2267 2787 2371 2837 τῶν
2408 2782 2714 2857 μαγίστρων
2746 2783 2910 2855 τιμῆς
2940 2785 3125 2857 τυχεῖν
3159 2779 3220 2834 οὐ
3256 2778 3422 2851 μόνον
3458 2777 3561 2831 οὐκ
3589 2774 3801 2847 ἠξίωσε

2141 2869 2334 2945 λόγου,
2396 2868 2541 2927 ἀλλά
2584 2870 2674 2925 καὶ
2749 2869 2939 2925 πολλὰ
2986 2868 3258 2945 χλευάσας
3318 2866 3407 2921 καὶ
3457 2863 3799 2939 μυκτηρίσαξ

2141 2961 2521 3035 ἀπεπέμψατο.
2558 2961 2668 3017 Καὶ
2711 2959 2883 3022 οὕτως
2931 2961 2996 3028 ἦν
3049 2959 3224 3033 ἀφυὴς
3279 2956 3367 3011 καὶ
3418 2951 3804 3030 δυσπρ·3σοδο;

2143 3051 2266 3126 περὶ
2298 3050 2392 3114 τὰς
2424 3048 2699 3120 ἰντεύξεις.
2732 3050 2793 3107 Ὁ
2842 3046 2898 3103 δὶ
2937 3042 3237 3122 Ἐρϐἐϐιος,
3271 3045 3359 3100 οἶα
3391 3037 3676 3118 Βάρϐαρος
3704 3043 3799 3096 καῖ

2141 3140 2240 3208 τὴν
2298 3139 2466 3214 ὀργὴν
2541 3139 2930 3212 ἀκατάσχετος,
2983 3136 3044 3191 οὐ
3111 3135 3345 3210 μετρίως
3400 3132 3631 3207 ἐνεγκὼν
3693 3132 3799 3199 τήν

2142 3224 2319 3304 ὕϐριν,
2370 3228 2575 3304 ἀγνοῶν
2633 3224 2690 3281 δὶ
2744 3226 2833 3281 καὶ
2888 3227 2989 3295 τήν
3052 3224 3438 3298 μελετωμὲνην
3488 3220 3633 3291 παρᾶ
3682 3224 3799 3273 τῶν

2144 3321 2223 3392 [Ρ.
2282 3319 2407 3390 795]
2490 3316 2776 3389 Ῥωμαίων
2864 3316 3147 3382 συσκευὴν,
3237 3312 3334 3366 οὐκ
3410 3307 3799 3385 ἐκαρτέρησεν,

2141 3405 2286 3462 ἀλλᾶ
2334 3403 2649 3474 σπουδάζων
2695 3402 2998 3476 ἀμύνασθαι
3045 3401 3134 3456 τὸν
3187 3394 3464 3475 ὑϐριστὴν,
3508 3396 3801 3469 ἐξαιτησά-

2146 3515 2306 3568 μενος
2336 3493 2417 3548 ἐπ’
2466 3493 2618 3549 οῖ’κου
2664 3500 2992 3569 πορευθῆναι
3042 3490 3129 3545 καὶ
3186 3488 3416 3567 ἀφεθεὶς,
3447 3492 3524 3557 τῷ
3573 3482 3806 3562 βασιλεῖ

2142 3584 2450 3660 προσειπὼν
2482 3584 2549 3639 τὰ
2597 3582 2858 3658 ἐξιτήρια,
2906 3579 3126 3652 ἐξῆλθεν
3177 3578 3354 3649 εὐθὺς,
3382 3576 3470 3632 καὶ
3516 3572 3657 3651 πρὸς
3694 3574 3803 3641 τὴν

2141 3673 2312 3746 Ἑῲαν
2368 3673 2689 3748 περαιωθεὶς
2739 3669 2972 3741 ἀνῆλθεν
3027 3669 3078 3724 ἐν
3130 3672 3199 3743 τῇ
3257 3666 3391 3721 κατά
3442 3664 3531 3719 τὸν
3591 3664 3800 3738 Ἀρμεο

2142 3762 2323 3816 νιακὸν
2385 3761 2530 3833 οἷ’κίᾳ
2574 3760 2756 3832 αὐτοῦ,
2814 3764 2883 3834 τῇ
2944 3752 3265 3833 Δαϐαράμῃ.
3314 3754 3417 3812 Καὶ
3462 3749 3800 3825 κοινολογη.

2145 3849 2373 3923 σάμενός
2430 3870 2539 3904 τισι
2591 3854 2696 3904 τῶν
2759 3850 3032 3923 Φράγγων
3077 3844 3248 3900 ἐκεῖσε
3292 3843 3415 3898 τότε
3457 3838 3798 3912 διεσπαρμέ-

2143 3960 2257 4001 νοις
2287 3939 2436 3994 οὖσιν
2467 3937 2541 4000 εἷς
2582 3936 3043 4013 παραχειμασίαν,
3089 3934 3177 3989 καὶ
3218 3930 3563 4007 τριακοσίους
3597 3926 3804 4004 ἄνδρας

2146 4027 2204 4083 ἐκ
2231 4026 2438 4082 τούτων
2494 4025 2841 4105 ὑποφθείρας,
2898 4025 3102 4098 ἀπῆρεν
3162 4022 3383 4088 ἐκεῖθεν,
3432 4018 3521 4074 καὶ
3552 4016 3807 4081 ἀνελθὼν

2145 4115 2196 4172 ἐν
2232 4112 2417 4187 Μηδίᾳ
2460 4103 2813 4191 κοινοπραγεῖ
2851 4117 2930 4184 τῷ
2980 4110 3236 4186 Σαμοὺχ,
3294 4108 3467 4163 ἐκεῖσε
3521 4103 3803 4180 ἐνδιατρί-

2146 4200 2319 4275 ϐοντι,
2379 4202 2518 4259 ὥστε
2573 4203 2835 4276 πολεμεῖν
2890 4200 3207 4274 Ῥωμαίοις.
3269 4198 3370 4254 Καὶ
3430 4194 3634 4271 χρόνον
3700 4194 3805 4266 μὲν

2145 4314 2266 4349 τινα
2294 4292 2588 4355 ἀσάλευτος
2621 4289 2828 4365 ἔμεινεν
2876 4291 2911 4360 ἡ
2954 4287 3228 4363 ὁμολογία
3260 4305 3274 4319 ·
3306 4282 3807 4360 προσκρούσματος

2148 4380 2206 4439 δὲ
2234 4403 2378 4445 τινος
2427 4381 2619 4456 μεταξὺ
2662 4384 2770 4435 τῶν
2827 4378 3092 4455 Φράγγων
3141 4372 3434 4450 γενομένου
3481 4372 3571 4426 καὶ
3618 4368 3811 4442 Τούρ-

2147 4493 2280 4541 κων,
2338 4472 2425 4526 καὶ
2474 4470 2533 4526 ἐκ
2585 4468 2782 4525 τούτου
2839 4463 3299 4524 ἐπιϐουλευόντων
3364 4458 3638 4531 ἀλλήλοις
3689 4462 3809 4512 τῶν

398 4549 575 4605 batur
605 4566 675 4606 ne
706 4568 929 4616 secure.
984 4556 1085 4611 sed
1140 4565 1351 4616 armati
1410 4579 1643 4636 semper
1683 4567 2029 4624 dormirent.

2145 4564 2333 4635 γενῶν.
2377 4561 2405 4613 ὁ
2462 4561 2555 4631 μὶν
2608 4557 2842 4632 Σαμοὺχ
2882 4560 3264 4630 προσεποιεῖτο
3310 4555 3497 4619 τηρεῖν
3550 4547 3621 4602 τὰ
3667 4568 3812 4636 συν-

399 4638 639 4695 Interim
695 4643 894 4697 tamen
943 4644 1235 4703 Samucho
1285 4649 1512 4707 nullum
1564 4656 1857 4726 praebebat
1905 4675 2040 4713 sua-

312 4786 319 4789 _
399 4745 528 4784 rum
561 4728 982 4802 cogitationum
1019 4735 1323 4793 indicium.
1359 4741 1511 4798 0'8
1540 4744 1799 4801 Tandem
1833 4746 2041 4803 Samu-

399 4815 491 4872 obi
521 4817 745 4872 insidias
777 4827 1185 4891 eruperunt,Et
1216 4827 1467 4897 quadam
1501 4829 1595 4885 die
1620 4832 1896 4888 omnibus
1919 4833 2042 4889 suis

399 4905 605 4961 Tui-cis
632 4909 872 4964 armatis
906 4912 1260 4982 prandentes
1286 4914 1540 4973 Francos
1571 4919 1839 4976 adoritur
1862 4940 1875 4989 ;
1899 4938 2042 4992 quo-

401 5010 530 5049 rum
565 4994 623 5049 hi
657 4996 967 5055 adventum
1002 5002 1546 5066 sentientes.statim
1578 5006 1636 5062 in
1662 5025 1866 5080 equos,
1896 5025 2044 5080 quos

397 5085 752 5157 ducisjussu
789 5105 1021 5163 semper
1054 5099 1288 5164 paratos
1320 5095 1638 5162 habebant,
1674 5099 1964 5169 insiliunt,
1990 5103 2046 5153 et

400 5176 605 5233 Turcis
632 5186 978 5248 occurrunt;
1010 5182 1322 5255 praelioque
1352 5185 1469 5241 aeri
1506 5187 1677 5253 facto,
1708 5187 1879 5243 Turci
1911 5204 2044 5243 cum

400 5263 743 5336 aliquandiu
852 5270 1227 5338 restitissent,
1329 5274 1646 5344 pelluntur,
1746 5277 2047 5348 majorque

399 5369 603 5411 eorum
638 5374 773 5428 pars
791 5359 1005 5424 occisa,
1040 5359 1248 5432 reliqui
1282 5363 1506 5432 pedites
1538 5365 1796 5436 nudique
1844 5364 1901 5420 in
1949 5382 2047 5420 ur-

400 5443 534 5500 bem
569 5444 769 5500 Cbleat
829 5445 964 5517 fuga
1021 5449 1293 5503 evadunt.
1356 5450 1637 5508 Erbebius
1686 5469 1718 5507 a
1774 5469 2047 5524 persecu-

399 5534 556 5590 tione
589 5532 858 5590 hostium
893 5541 1186 5591 revertens
1216 5554 1346 5594 cum
1379 5539 1503 5595 suis
1534 5542 1820 5597 suadebat
1869 5546 1931 5596 ut
1987 5541 2046 5597 in

401 5626 593 5679 castra
626 5640 686 5677 se
721 5621 1283 5692 reciperent.Verum
1309 5626 1348 5680 ii
1384 5629 1669 5700 urgebant
1702 5636 1765 5685 ut
1794 5630 1853 5685 in
1884 5646 2050 5687 eam-

404 5711 538 5766 dem
573 5709 776 5766 urbem
810 5711 971 5783 (uam
1003 5729 1136 5770 cum
1161 5715 1290 5786 ejus
1319 5732 1517 5774 amere
1545 5717 1792 5778 societas
1822 5735 1890 5778 ae
1944 5736 2047 5794 pa-

2149 4634 2451 4721 τεθειμὲνα,
2485 4649 2513 4702 6
2545 4645 2601 4702 δὲ
2630 4641 2908 4722 Ἐρϐἐϐιος
2957 4641 3048 4699 διὰ
3092 4641 3291 4703 παντὸς
3338 4640 3403 4709 ἦν
3437 4637 3489 4693 ὲν
3514 4634 3819 4699 ὑπονοίαις

2150 4736 2239 4792 καὶ
2298 4733 2563 4814 αἰφνίδιον
2609 4731 2907 4811 πρεσεδόκα
2971 4731 3222 4797 ἰπίθεσιν,
3282 4728 3369 4783 καὶ
3431 4725 3559 4814 τοὺς
3620 4724 3820 4801 Φράγ-

2149 4847 2279 4902 γους
2298 4813 2590 4901 παρεκάλει
2646 4830 2721 4897 μῆ
2774 4822 2998 4891 ἀνὲτως,
3032 4819 3160 4876 ἀλλ’
3192 4819 3275 4874 ἰπὶ
3308 4821 3412 4877 τῶν
3447 4813 3821 4902 δπλωνλκαῦο

2153 4900 2344 4970 εὐδειν.
2372 4919 2542 4969 Τοῦτο
2601 4911 2659 4968 δὲ
2685 4910 2856 4967 ἐποίει
2910 4910 3171 4987 κρυφίως,
3209 4903 3480 4981 μηδεμίαν
3510 4900 3817 4970 συναίσθη-

2152 5025 2233 5058 σιν
2264 5000 2448 5065 διδοὺς
2475 5006 2555 5075 τῷ
2584 5000 2843 5077 Σαμοὺχ,
2871 4997 2975 5062 ἕως
3022 4998 3227 5059 ἐκεῖνος
3277 4994 3554 5057 λανθάνειν
3589 4989 3822 5060 οἰηθεὶς

2156 5090 2518 5147 ἀνακαλύπτει
2576 5091 2639 5146 τὸ
2714 5088 3016 5167 βούλευμα,
3074 5087 3165 5142 καὶ
3229 5084 3353 5158 περὶ
3408 5080 3531 5156 μίαν
3589 5079 3827 5154 ἡμέραν

2157 5180 2441 5253 ἒξοπλίσας
2514 5180 2716 5244 πάντας
2792 5177 2884 5242 οὓς
2963 5177 3081 5253 εἶχε
3154 5174 3426 5249 Τούρκους
3506 5168 3825 5225 ἰπιτίθεται

2154 5270 2696 5346 ἀριστοποιουμένοις
2749 5274 2870 5332 τοῖς
2940 5267 3234 5343 Φράγγοις.
3296 5261 3363 5320 Oi
3447 5257 3505 5315 δὶ
3559 5256 3701 5312 κατᾶ
3754 5258 3829 5311 τὸ

2156 5358 2519 5437 παράγγελμα
2564 5363 2662 5415 τοῦ
2705 5359 3014 5432 στρατηγοῦ
3041 5353 3171 5416 τοὺς
3221 5350 3427 5412 ἵππους
3464 5347 3517 5403 ἓν
3555 5351 3677 5437 τοῖς
3705 5364 3831 5437 χα-

2156 5434 2333 5513 λινοῖς
2355 5434 2599 5526 ἔχοντες,
2627 5449 2700 5511 ὡς
2740 5444 2974 5523 ᾔσθοντο
3003 5446 3103 5514 τὴν
3152 5438 3429 5497 ἐπελευσιν
3475 5439 3585 5526 τῶν
3635 5434 3831 5526 Toup-

2155 5559 2285 5610 κων,
2315 5544 2502 5614 ταχεῖς
2529 5558 2587 5594 τε
2629 5534 2828 5614 ἔποχοι
2877 5535 3116 5612 γίνονται
3165 5531 3256 5586 καὶ
3305 5524 3632 5604 ἐρχομένοις
3683 5521 3833 5614 teti-

2155 5648 2274 5691 τοις
2324 5613 2767 5700 προσυπαντῶσιέ
2814 5625 2918 5683 Καὶ
2968 5624 3168 5701 γίνεται
3226 5618 3382 5693 μάχη
3431 5614 3688 5689 καρτερὰ,
3724 5613 3833 5667 καὶ

2160 5716 2300 5793 πρὸς
2345 5715 2539 5793 μικρὸν
2584 5714 2930 5791 ἀντισχόντες
2977 5714 3031 5770 οἱ
3077 5712 3321 5786 Τοῦρκοι
3361 5706 3674 5782 τρεπονται.
3708 5701 3833 5757 Καὶ

2606 5894 2639 5917 κ
