4008 6206
246 348 361 406 349

1398 349 1943 411 HISTORIARUM
1988 348 2533 411 COMPENDIUM.

3538 344 3660 407 350

250 478 508 534 πίπτουσι
569 480 666 552 μὲν
714 480 766 533 οἱ
822 478 1072 553 πλείους,
1131 481 1183 534 οἱ
1242 477 1300 535 δὶ
1339 478 1527 537 λοιποὶ
1561 477 1893 550 διεσώθησαν

2013 487 2174 538 ctum
2210 481 2355 555 ipsis
2386 480 2804 551 intercedebat)
2846 477 3220 549 intrarent,in
3248 495 3366 550 qua
3397 494 3659 536 recreare

248 570 384 643 πρὸς
434 569 498 622 τὸ
555 565 733 624 Χλὲατ
814 568 969 638 πεζοὶ
1046 569 1135 623 καὶ
1206 569 1426 645 γυμνοί.
1475 571 1538 627 Ὀ
1608 568 1665 624 δὲ
1720 564 1903 644 Ἐρϐί-

246 653 364 718 ϐιος
393 658 735 732 ὑποστρέψας
766 658 873 712 ἀπὸ
901 662 997 712 τοῦ
1029 655 1279 731 διωγμοῦ
1330 658 1464 731 μετά
1490 663 1598 713 τῶν
1632 658 1901 734 Φράγγιυν

244 751 665 815 κῃασκηνῶσαι
716 744 768 800 ἐν
828 750 897 819 τῇ
957 742 1287 822 παρεμϐολῇ
1345 742 1751 802 συνεϐούλευεν.
1786 749 1902 801 Ἐν-

251 822 458 889 ἑκεξντο
491 832 550 889 δὲ
595 836 648 888 οἱ
696 837 943 911 Φράγγοι
988 835 1372 911 ἀνάγκάζοντες
1424 833 1685 900 εἰσελθεῖν
1731 834 1783 890 ἐν
1832 838 1900 910 τῇ

248 922 410 979 πόλει
452 928 554 978 τοῦ
612 922 815 991 Χλέατ,
847 925 1230 998 κοινοπραγίαν
1284 923 1503 1001 ἔχοντες
1560 926 1650 979 καὶ
1706 924 1900 1000 ὅρκους

248 1014 384 1085 μετὰ
410 1017 511 1067 τοῦ
561 1012 933 1089 ἀμηρεῦοντος
989 1013 1041 1068 ἐν
1108 1014 1272 1088 αὐτῇ,
1329 1013 1611 1078 εὐπαθείας
1650 1016 1708 1069 τὲ
1753 1035 1900 1075 τινος

246 1103 333 1155 καὶ
367 1100 610 1169 λουτροῦ
643 1109 934 1177 μετασχεῖν
968 1103 1057 1157 καὶ
1088 1104 1177 1157 τὸν
1218 1101 1277 1157 ἐκ
1322 1107 1418 1157 τοῦ
1461 1099 1712 1175 πολέμου
1761 1102 1901 1156 ἀπο-

243 1189 556 1254 πλῦνασθαι
615 1189 837 1266 λύθρον.
871 1192 932 1248 Ὀ
993 1188 1049 1246 δὲ
1104 1188 1280 1254 πολὺς
1338 1191 1405 1260 ἦν
1459 1191 1765 1266 ἐγκείμενος
1814 1190 1902 1245 καὶ

242 1279 606 1335 καθικετεύων
663 1279 754 1334 τὸν
831 1284 1078 1334 τοιοῦτον
1157 1279 1569 1349 ἀποτινάξασθαι
1637 1280 1900 1355 Λογισμὸν

242 1368 327 1422 καὶ
366 1370 447 1441 μή
482 1369 625 1423 πάνυ
653 1390 704 1423 τι
735 1367 1003 1423 πιστεύειν
1036 1368 1185 1444 ὅρκῳ
1216 1367 1564 1423 ἀλλοπίστων
1595 1369 1681 1423 καὶ
1730 1367 1900 1424 ἀλλο-

246 1457 438 1533 φύλων
499 1458 829 1530 ἀνθρώπων,
875 1456 964 1511 καὶ
1032 1452 1265 1512 εὐσεϐεῖν
1325 1457 1798 1530 ἀναπεπεισμένων
1854 1456 1900 1512 εἰ

245 1548 478 1610 θανάτου
508 1544 749 1610 πολλοῖς
795 1548 1139 1619 Χριστιανοῖς
1182 1543 1351 1601 αἴτιοι
1399 1551 1661 1621 γένοιντο.
1696 1548 1782 1609 Ὡς
1844 1544 1901 1602 δὶ

243 1636 422 1709 λέγων
472 1633 672 1690 οὖδίνα
718 1636 809 1690 τὸν
870 1636 1213 1710 προσέχοντα
1278 1635 1445 1710 εἶχεν,
1495 1635 1639 1691 ἀλλὰ
1707 1635 1900 1698 πάντες

242 1731 369 1796 μιᾶς
433 1726 724 1798 γενόμενοι
785 1726 1012 1799 γνώμης
1090 1724 1461 1801 ἀπαραίτητον
1526 1727 1624 1794 τήν
1688 1722 1896 1779 εἶ’σοδον

241 1812 593 1887 ἐλογίζοντο,
633 1812 765 1886 ἄρας
790 1814 880 1868 καὶ
912 1812 1072 1875 αὐτὸς
1105 1810 1290 1868 εἶ’σεισι
1331 1813 1422 1867 σὺν
1473 1813 1677 1882 αὐτοῖς,
1712 1811 1898 1869 πολλὰ

242 1902 512 1976 πρότερον
601 1899 970 1972 θεοκλυτήσας
1056 1904 1145 1957 καὶ
1223 1900 1726 1978 διαμαρτυράμενος
1807 1902 1898 1958 καὶ

244 1989 618 2065 παραγγείλας
684 1987 774 2045 διὰ
836 1992 1037 2053 παντὸς
1099 1990 1390 2067 προσέχειν
1462 1992 1549 2046 καὶ
1601 1992 1651 2046 ἐν
1708 1998 1895 2066 χεροῖν

241 2081 497 2154 κατέχειν
549 2080 618 2134 τά
648 2078 811 2134 ὅπλα.
847 2078 1195 2141 Εἶσελθόντες
1254 2079 1346 2134 οὖν
1393 2081 1445 2134 οἱ
1503 2082 1773 2155 Φράγγοι,
1806 2081 1897 2135 καὶ

238 2174 343 2221 τῶν
390 2172 495 2221 τοῦ
555 2172 863 2242 στρατηγοῦ
925 2167 1392 2244 παραγγελμάτων
1453 2171 1893 2244 καταφρονήσαν-

238 2277 342 2323 τες,
380 2256 433 2311 ἐν
469 2256 730 2331 λουτροῖς
762 2258 849 2311 καὶ
883 2257 1073 2318 πότοις
1103 2264 1192 2311 καί
1242 2256 1501 2332 εὐωχίαις
1539 2257 1695 2326 ἦσαν.
1728 2258 1788 2315 Ὁ
1839 2256 1897 2313 δὶ

241 2345 463 2419 ἆμηράς
496 2345 809 2421 Ἀπονάσαρ
843 2347 958 2417 ἅμα
1002 2344 1081 2417 τῷ
1132 2345 1368 2421 Σαμοὺχ
1412 2348 1500 2401 καὶ
1544 2352 1660 2410 τοῖς
1715 2346 1766 2401 ἄν
1825 2351 1892 2421 τῇ

239 2432 398 2488 πόλει
462 2439 810 2506 Σαρακηνοῖς
873 2431 1326 2509 βουλευσάμενος,
1375 2435 1463 2488 καὶ
1524 2434 1893 2512 παραγγείλας

236 2529 348 2584 τοῖς
382 2520 724 2598 ξενοδόχοις,
759 2524 849 2577 ὅτε
874 2524 937 2577 τὸ
968 2520 1219 2595 σύνθημα
1262 2520 1418 2597 δοθῇ,
1465 2522 1714 2598 κατέχειν
1764 2522 1893 2585 τοὺς

238 2609 658 2681 ἐπ’ξενωθὲντας
689 2610 779 2666 καὶ
814 2608 1028 2683 δεσμεῖν
1060 2612 1117 2679 ἦ,
1150 2611 1348 2665 τούτου
1389 2611 1717 2688 φαινομένου
1766 2609 1891 2665 ἄδυ-

236 2700 429 2768 νάτου,
494 2701 879 2778 ἀποσφάττειν,
910 2699 1045 2762 τίως
1107 2701 1201 2771 μὲν
1260 2700 1475 2774 ἠρέμεν
1510 2699 1623 2755 ἐπεὶ
1682 2698 1739 2755 δὶ
1770 2700 1892 2762 ἅλις

2013 589 2075 625 se
2160 571 2215 625 in
2305 570 2511 627 balneo
2566 586 2833 626 cruorem
2894 567 3029 624 belli
3082 567 3317 623 abluere
3394 575 3654 639 possent.

2012 660 2400 716 Vehementer
2432 661 2689 715 instabat
2719 665 2923 715 contra
2953 656 3259 722 Erbebius,
3285 662 3459 728 atque
3488 657 3659 713 obse-

2011 750 2298 804 crabatut
2327 750 2472 804 hanc
2518 748 2897 820 cupiditatem
2958 749 3340 818 deponerent,
3400 761 3537 801 neve
3566 746 3659 800 ni-

2012 839 2194 893 mium
2230 839 2877 910 ﬁderentjurijnrando
2909 837 3217 892 hominum
3249 836 3491 890 diversae
3524 833 3657 890 reli-

2010 928 2203 998 gionis
2235 944 2302 983 ac
2333 928 2672 994 nationis,et
2703 927 2920 998 quibus
2971 942 3322 997 persuasum
3382 930 3538 980 esset
3596 939 3660 979 se

2011 1016 2278 1087 piissime
2308 1033 2473 1087 agere
2506 1017 2553 1072 si
2590 1020 2808 1072 multos
2839 1014 3205 1071 Christianos
3232 1012 3655 1068 interimerent.

2010 1103 2117 1157 Sed
2153 1120 2307 1171 cum,
2330 1104 2609 1159 omnibus
2638 1103 2698 1158 in
2722 1104 2925 1158 eadem
2947 1102 3238 1158 sententia
3260 1101 3657 1170 manentibus,

2012 1191 2191 1246 surdo
2216 1190 2472 1247 fabulam
2498 1191 3026 1263 narraret,tandem
3040 1207 3172 1247 cum
3199 1189 3344 1261 ipsis
3368 1190 3424 1245 in
3449 1191 3653 1246 urbem

2013 1280 2571 1351 ingreditur,multis
2603 1298 2701 1336 eos
2732 1280 3060 1336 obtestatus
3093 1285 3155 1334 ut
3184 1279 3297 1335 sibi
3351 1294 3652 1350 nunquam

2012 1385 2123 1423 non
2144 1375 2411 1424 caverent
2440 1386 2787 1441 semperque
2817 1386 2980 1424 arma
3011 1369 3082 1424 ad
3111 1385 3322 1423 manus
3352 1368 3652 1422 haberent.

2009 1459 2117 1512 Sed
2154 1458 2363 1512 Franci
2426 1458 2632 1514 Chleat
2686 1458 2957 1531 ingressi,
3010 1456 3364 1530 posthabitis
3423 1455 3653 1511 Erbebii

2010 1547 2250 1602 monitis
2281 1549 2351 1602 ad
2386 1546 2849 1618 lavacra,pocula
2878 1553 2937 1602 et
2962 1547 3226 1602 convivia
3246 1563 3308 1602 se
3328 1545 3652 1601 contulere.

2008 1636 2247 1691 Interim
2281 1636 2445 1690 urbis
2476 1652 2706 1691 ameras
2764 1640 3085 1707 Aponasar,
3137 1652 3197 1690 re
3256 1650 3392 1689 cum
3443 1634 3644 1688 Samu-

2007 1724 2115 1779 cho
2145 1730 2205 1779 et
2234 1725 2538 1780 Saracenis
2581 1724 2659 1779 ibi
2711 1725 3062 1797 degentibus
3109 1723 3261 1778 019
3321 1720 3654 1777 communi—

2009 1824 2156 1879 cata,
2209 1813 2543 1884 hospitibus
2591 1814 3027 1885 peregrinorum
3091 1812 3334 1868 mandat
3395 1816 3460 1865 ut
3517 1810 3653 1866 dato

2009 1902 2177 1973 signo
2211 1903 2472 1973 hospites
2521 1920 2660 1958 suos
2708 1903 3208 1974 comprehendant
3265 1918 3332 1957 ac
3372 1899 3652 1964 vinciant,

2009 1997 2109 2046 aut
2167 1992 2214 2046 si
2278 1994 2333 2046 id
2394 1992 2516 2046 fieri
2576 2009 2690 2046 non
2740 1993 2944 2063 possit,
2996 1991 3284 2047 occidant.
3314 1990 3650 2061 (Postquam

2010 2080 2211 2135 Franci
2243 2080 2585 2135 deliciarum
2618 2081 2803 2135 saturi
2835 2097 3043 2135 somno
3083 2097 3147 2135 se
3203 2080 3511 2144 dederunt,
3572 2080 3652 2132 si-

2004 2186 2185 2241 gnum
2221 2171 2416 2234 datur,
2449 2176 2507 2225 et
2534 2184 2733 2223 eorum
2770 2169 2868 2223 alii
2902 2170 3100 2225 statim
3150 2169 3504 2223 occiduntur
3551 2166 3650 2222 alii

2003 2258 2338 2329 capiuntur,
2358 2259 2595 2329 quidam
2626 2257 2800 2313 etiam
2834 2258 2905 2312 de
2930 2258 3113 2313 muris
3137 2258 3290 2313 foras
3312 2255 3650 2310 desilientes

2003 2351 2329 2411 evaserunt,
2367 2345 2643 2401 Erbebius
2666 2351 2872 2416 captus
2910 2351 2999 2401 est
3029 2352 3085 2400 et
3132 2344 3190 2400 in
3247 2343 3493 2399 vinculis
3550 2360 3649 2398 as-

2005 2441 2289 2491 servatus.
2346 2434 2442 2490 llis
2493 2437 2570 2489 ita
2636 2436 2802 2504 actis,
2844 2450 3075 2490 ameras
3127 2433 3465 2505 imperatori
3547 2447 3650 2504 per

2002 2524 2402 2580 internuntios
2460 2524 2754 2596 signiﬁcat
2792 2540 2853 2578 se
2897 2524 2948 2579 ei
2981 2523 3190 2589 favere,
3229 2526 3286 2577 et
3328 2521 3427 2592 qui
3460 2520 3648 2592 ipsius

2002 2615 2178 2669 rebus
2209 2614 2470 2669 insidiati
2503 2614 2770 2675 fuissent,
2803 2629 2901 2668 eos
2933 2627 2995 2667 se
3028 2611 3377 2683 perdidisse,
3408 2610 3645 2664 ducem-

2002 2719 2113 2771 que
2144 2702 2352 2757 horum
2386 2710 2624 2774 captum
2658 2702 2940 2757 detinere.

236 2788 353 2864 εἶχε
409 2795 534 2850 τοῖς
592 2790 868 2864 Φράγγοις
911 2790 946 2858 ἢ
1002 2786 1301 2858 ἡδυπάθεια
1332 2791 1412 2863 [Ρ.
1466 2792 1595 2862 796]
1632 2791 1718 2845 καὶ
1778 2791 1915 2864 πρὸς
1973 2789 2173 2851 ὕπνους
2225 2788 2555 2864 ἐτράπησαν,
2586 2786 2712 2850 δοὺς
2762 2788 2823 2844 τὸ
2882 2789 3132 2861 σύνθημα
3188 2786 3502 2850 ἐπιτίθεται.
3540 2784 3641 2842 Καὶ

235 2878 286 2932 οἱ
338 2878 438 2950 μὲν
487 2882 597 2931 τῶν
645 2878 914 2953 Φράγγων
965 2877 1120 2940 εὐθὺς
1168 2877 1621 2955 ἀποσφάττονται,
1681 2879 1732 2933 οἱ
1775 2878 1832 2933 δὶ
1889 2878 2310 2953 κατεσχέθησαν,
2342 2880 2484 2941 τινὶς
2544 2876 2602 2933 δὲ
2657 2879 2747 2934 καὶ
2804 2879 2909 2933 ἀπὸ
2961 2883 3057 2932 τοῦ
3111 2877 3332 2952 τείχους
3385 2875 3643 2951 ῥιπτοῦν-

236 2986 320 3029 τες
378 2966 608 3027 tau-cois;
663 2962 763 3036 ἔξω
819 2963 1146 3034 διασωθῆναι
1204 2964 1457 3041 ἴσχυσαν.
1499 2966 1681 3023 Ἑάλω
1739 2964 1795 3021 δὶ
1851 2962 2307 3041 καὶδῈρϐἐϐιος
2360 2968 2450 3021 καὶ
2511 2964 2763 3037 πεδηθεῖς
2821 2965 3166 3045 ἐφυλάττετο.
3200 2967 3256 3021 Ὀ
3309 2964 3367 3020 δὶ
3427 2965 3643 3038 ἀμηρᾶς

237 3050 678 3129 διαπραξάμενος
737 3057 904 3107 ταῦτα
962 3051 1406 3129 διακηρυκεύεται
1462 3055 1597 3129 πρὸς
1649 3055 1741 3109 τὸν
1804 3054 2031 3130 βασιλέα
2088 3056 2163 3119 ὡς
2220 3055 2363 3131 τάχα
2405 3053 2591 3119 εὔνους
2639 3052 2761 3128 [ὢν]
2819 3055 2967 3123 αὐτῷ
3028 3055 3301 3117 καθεστὼς
3375 3054 3463 3110 καὶ
3519 3052 3647 3114 τοὺς

235 3139 703 3204 ἑπιῦου),εὖοντας
731 3149 846 3204 τοῖς
875 3142 1038 3197 αὐτοῦ
1067 3145 1346 3218 πράγμασι
1379 3140 1689 3221 διαφθείρας
1744 3142 1832 3198 καί
1885 3144 1978 3199 τὸν
2035 3143 2244 3198 τούτων
2298 3143 2549 3219 ἀρχηγόν
2608 3145 2918 3219 κατασχών.
2953 3144 3050 3198 Καὶ
3105 3144 3172 3199 τὰ
3230 3145 3324 3217 μὲν
3375 3142 3497 3219 περὶ
3554 3141 3646 3196 τὸν

236 3232 659 3309 Φραγγόπωλον
689 3232 996 3308 συνηνέχθη
1030 3230 1156 3289 ὧδε.

303 3359 374 3415 Οἱ
428 3355 488 3411 δε
543 3364 645 3425 τῆς
703 3357 875 3429 Ἑῴας
936 3356 1229 3433 στρατηγοὶ
1289 3358 1753 3435 ἀποπεμφθέντες,
1814 3358 1887 3420 ὡς

2070 3359 2355 3415 Caeterum
2370 3360 2625 3416 Orientis
2641 3361 2821 3417 duces
2850 3360 2958 3415 hoc
2991 3376 3108 3431 quo
3140 3359 3452 3414 docuimus
3476 3362 3647 3413 modo

236 3445 542 3520 ἔμπροσθεν
595 3443 832 3521 εἴρηται,
898 3446 1043 3520 παρὰ
1119 3450 1216 3500 τοῦ
1296 3443 1563 3521 βασιλέως
1641 3444 1889 3521 δευτέραν

238 3530 479 3609 ἔγνωσαν
518 3540 712 3608 πεῖραν
771 3539 1156 3608 προσαγαγεῖν,
1188 3534 1275 3588 καὶ
1328 3531 1394 3603 δὴ
1446 3539 1526 3606 τῷ
1565 3555 1892 3610 πρωτοσυγ-

234 3622 424 3695 γὲλλῳ
462 3624 655 3677 λέοντι
704 3626 784 3694 τῷ
815 3617 1327 3698 Στραϐοσπονδύλῳ
1375 3622 1767 3697 προσελθόντες
1820 3623 1894 3677 τὰ

239 3712 400 3766 κοινᾶ
458 3710 756 3766 δ;οικοῧντι
813 3715 893 3782 τῷ
948 3711 1072 3766 τότε
1131 3711 1355 3783 μεσίτην
1419 3711 1473 3774 ἇς
1521 3712 1612 3766 τὸν
1667 3711 1892 3788 βασιλέα

240 3806 431 3855 τοῦτον
493 3795 943 3875 προύϐάλλοντο,
997 3800 1084 3855 καὶ
1166 3801 1240 3873 μή
1300 3801 1446 3875 παρά
1499 3800 1631 3863 τοὺς
1688 3800 1893 3863 ἄλλους

240 3893 604 3967 περιοφθῆναι
660 3890 902 3945 ἱκέτευον
953 3886 1085 3962 μηδ’
1123 3888 1335 3962 ἀτίμως
1386 3888 1891 3967 ἀποῤῥιφῆναι,καῖ

244 3977 385 4033 ἄλλα
413 3974 869 4053 προϐαλλόμενοι
902 3975 1100 4051 δίκαια,
1132 3980 1439 4035 τελευταῖον
1501 3976 1559 4034 δὲ
1604 3979 1893 4055 ἐπαγαγόν-

241 4090 329 4129 τες
362 4066 497 4141 μηδ’
528 4068 679 4139 ἄξιον
727 4068 861 4122 εἶναι
918 4067 1043 4130 τοὺς
1106 4068 1201 4141 μὶν
1261 4065 1489 4130 πολίτας
1533 4072 1639 4122 τῶν
1676 4066 1891 4144 βασιλι-

242 4162 351 4212 κῶν
408 4156 736 4231 εὔμοιρῆσαι
778 4160 976 4229 τιμῶν,
1013 4159 1153 4229 μήτε
1207 4162 1328 4232 παρ’
1384 4152 1605 4228 ἔπαλξιν
1668 4160 1891 4220 στάντας

247 4249 385 4318 μήτε
413 4247 551 4320 πρὸς
601 4242 906 4317 πολεμίους
962 4242 1456 4321 διαγωνισαμένους
1514 4246 1666 4315 ποτὲ,
1699 4246 1893 4310 αὐτοὺς

244 4332 303 4389 δὲ
329 4335 453 4397 τους
485 4335 546 4389 ἐκ
578 4332 785 4389 παίδων
812 4334 1301 4409 προπολεμοῦντας
1332 4334 1421 4390 καὶ
1462 4335 1890 4411 ἀγρυπνοῦντας,

238 4421 316 4477 ἶν’
368 4421 541 4485 ἀδεῶς
622 4424 770 4478 οὗτοι
841 4421 1173 4491 καθεύδοιεν,
1226 4424 1599 4499 παροραθῆναι
1654 4424 1742 4479 καὶ
1790 4430 1889 4492 τῆς

250 4513 534 4587 βασιλικῆς
573 4511 898 4589 φιλοτιμίας
935 4510 1256 4568 διεκπεσεῖν.
1310 4511 1464 4568 Ἀλλ’
1506 4512 1690 4580 οὗτος,
1730 4532 1888 4588 στρυ-

246 4603 375 4675 ςνὸς
403 4601 478 4656 ὧν
508 4602 597 4656 καὶ
633 4599 1012 4674 δυσπρόσιτος,
1045 4599 1105 4655 οὐ
1135 4602 1297 4674 μόνον
1326 4599 1426 4656 οὔκ
1456 4598 1671 4671 ἐδέξατο
1709 4601 1889 4671 ἠπίως

245 4692 344 4759 τὴν
398 4689 818 4767 προσαγομένην
869 4690 1092 4758 ἱκεσίαν,
1148 4688 1296 4745 ἀλλά
1350 4690 1441 4744 καί
1508 4691 1622 4762 μεθ’
1681 4684 1887 4765 ὕϐρεων

247 4779 598 4853 ἀπεπέμψατο
628 4779 760 4843 τοὺς
813 4779 1017 4845 ἱκέτας,
1047 4776 1375 4855 ἐκφαυλίσας
1429 4779 1532 4833 οὐκ
1589 4776 1747 4853 ὀλίγα
1799 4780 1907 4834 καῖ’

248 4868 303 4929 ις
344 4865 564 4923 ἕκαστον
630 4871 739 4922 τῶν
800 4864 1032 4943 ἀνδρῶν.
1094 4867 1161 4925 Oi
1212 4864 1270 4923 δί
1325 4867 1412 4922 καὶ
1474 4864 1720 4941 δεύτερον
1777 4865 1887 4939 ἤδη

247 4959 656 5032 παρῳνημὲνοι,
699 4963 871 5012 πᾶσαν
930 4953 1129 5012 ἐλπίδα
1185 4956 1603 5029 ἀποσεισάμενοι
1661 4952 1889 5035 ἐσφάδα-

250 5051 342 5114 ζον
366 5046 455 5100 καὶ
508 5044 817 5122 διεπρίοντο
869 5045 948 5116 τῴ
1006 5049 1183 5119 θυμῷ.
1217 5045 1324 5100 Καὶ
1370 5045 1487 5099 κατ’
1538 5046 1711 5121 ἀρχὰς
1768 5045 1887 5119 μὲν,

248 5136 327 5197 ὥς
351 5156 425 5204 πη
454 5132 681 5197 ’ἕκαστος
710 5132 925 5209 Ιτυχεν,
958 5132 1009 5188 ἐν
1056 5139 1174 5198 ταῖς
1229 5130 1476 5205 ὁμιλίαις
1530 5133 1891 5209 ὑποτονθορύ-

252 5227 429 5289 ζοντες
458 5219 842 5297 ὶλοιδοροῦντο
872 5225 953 5293 τῷ
986 5220 1224 5297 βασιλεῖ,
1250 5222 1338 5276 καὶ
1376 5221 1452 5295 μὴ
1500 5222 1688 5296 πράως
1741 5221 1886 5299 ἐνεγ-

245 5315 360 5364 κεῖν
409 5308 626 5366 ἱκαστον
690 5308 1029 5385 παρεκάλουν
1088 5309 1317 5381 ἑκάστην
1380 5310 1688 5386 παροινίαν,
1743 5310 1887 5367 ἀλλᾶ

248 5394 585 5468 διαναστῆναι
671 5399 1007 5472 παρώρμουν
1079 5400 1216 5476 πρὸς
1304 5396 1511 5455 δικαίαν
1584 5395 1883 5470 ἐκδίκησιν.

248 5488 467 5542 Ἔπειτα
492 5488 580 5543 καὶ
622 5488 712 5562 ὑφ’
739 5487 796 5543 ’ὲν
828 5486 881 5543 ἐν
911 5491 979 5562 τῇ
1007 5487 1235 5564 Μεγάλῃ
1266 5487 1541 5564 γενόμενοι
1564 5486 1884 5561 Ἐκκλησία,

245 5576 341 5630 καὶ
385 5575 577 5647 ὅρκους
624 5572 804 5639 δόντες
847 5576 938 5631 καὶ
987 5570 1247 5639 λαϐόντες
1302 5577 1378 5650 μή
1426 5584 1700 5647 σιωπῆσαι
1753 5574 1884 5650 μηδ’

252 5664 595 5740 ἆνασχὶσθαι,
624 5662 771 5721 ἀλλὰ
817 5664 951 5728 τοὺς
1010 5659 1389 5743 ἐνυϐρίσαντας
1442 5667 1882 5746 τιμωρήσασθαι,

2002 3449 2234 3504 dimissi
2265 3450 2337 3504 ab
2368 3450 2719 3521 imperatore
2744 3450 2935 3505 denuo
2982 3450 3324 3504 tentandam
3357 3465 3476 3502 rem
3524 3452 3646 3502 sta-

2003 3543 2469 3610 tuerunt.ltaque
2501 3555 2564 3593 se
2584 3540 2655 3593 ad
2681 3538 3024 3611 primarium
3049 3537 3372 3610 syncellum
3398 3536 3645 3591 Leonem

2000 3627 2563 3700 Strabospondylum
2596 3630 2927 3691 conterunt,
2958 3632 3100 3681 tunc
3161 3626 3493 3697 reipublicaa
3541 3641 3646 3695 gu-

2004 3717 2395 3784 bernatorem,
2419 3733 2603 3788 eoque
2634 3718 2787 3788 apud
2822 3716 3230 3788 imperatorem
3262 3713 3648 3770 intercessore

2003 3810 2269 3873 utuntur,
2294 3811 2468 3877 atque
2498 3810 2667 3861 orant
2698 3822 2768 3860 ne
2800 3805 2958 3877 ipsos
2992 3806 3071 3858 ita
3119 3803 3411 3875 neglectos
3469 3806 3647 3873 atque

2001 3894 2392 3964 ignominiose
2440 3895 2699 3965 abjectes
2758 3895 3074 3966 imperator
3130 3891 3289 3948 velit.
3328 3892 3686 3962 Multisque

2002 3983 2271 4039 adductis
2302 3984 2687 4055 argumentis,
2719 3983 2777 4039 id
2799 4000 3030 4055 quoque
3055 3985 3122 4038 ad
3156 3987 3480 4038 extremum
3513 3998 3642 4051 pro-

2004 4079 2249 4143 ponunt,
2281 4071 2592 4143 indignum
2616 4073 2795 4127 videri
2831 4074 2983 4128 cives
3013 4074 3087 4127 ab
3126 4071 3477 4143 imperatore
3536 4070 3641 4124 hoc

2004 4176 2173 4216 nores
2196 4160 2495 4231 consequi,
2529 4177 2664 4215 cum
2698 4160 2734 4213 ii
2770 4177 2958 4233 neque
2989 4159 3432 4232 propugnacula
3471 4158 3641 4213 tutati

2003 4266 2189 4321 neque
2220 4265 2351 4303 cum
2385 4248 2553 4304 hoste
2582 4250 2878 4321 congressi
2914 4265 3175 4321 unquam
3207 4248 3347 4316 sint,
3382 4264 3443 4303 se
3487 4261 3641 4312 vero,

2001 4338 2104 4409 qui
2136 4339 2208 4392 ab
2240 4337 2477 4392 ineunte
2507 4343 2671 4393 aetate
2692 4355 2795 4409 pro
2840 4337 2986 4409 ipsis
3044 4334 3545 4409 propugnaverint
3589 4341 3647 4389 et

2000 4427 2454 4492 excubarint,ut
2502 4443 2705 4482 secure
2751 4427 2845 4481 alii
2898 4426 3147 4482 dormire
3199 4430 3457 4498 possent,
3505 4441 3644 4497 pris-

2000 4515 2159 4570 teriri
2195 4532 2381 4586 neque
2411 4532 2480 4570 ex
2510 4514 2881 4586 imperatoris
2909 4515 3268 4587 benignitate
3291 4513 3479 4569 ullum
3512 4529 3642 4585 per-

1999 4602 2190 4675 cipere
2224 4606 2499 4658 fructum.
2532 4602 2743 4658 Verum
2777 4604 3111 4674 imperalor,
3146 4619 3416 4658 morosus
3467 4601 3642 4656 homo

2000 4691 2280 4764 adituque
2309 4691 2589 4757 difﬁcilis,
2617 4692 2771 4747 οπο
2803 4708 2916 4746 non
2951 4691 3121 4747 modo
3152 4708 3267 4746 non
3316 4690 3482 4746 audit
3539 4691 3639 4744 be-

2002 4783 2176 4853 nigne
2232 4797 2358 4837 eam
2411 4780 2903 4852 deprecationem,
2967 4780 3070 4835 sed
3129 4779 3424 4852 supplices
3461 4777 3636 4834 etiam

2002 4869 2415 4925 contumeliose
2436 4868 2681 4935 dimisit,
2717 4869 2982 4942 singulos
3038 4870 3231 4925 verbis
3290 4869 3636 4924 insectatus.

2002 4963 2075 5013 At
2102 4976 2226 5014 vero
2256 4958 2317 5014 hi
2344 4959 2536 5015 denuo
2567 4958 2910 5031 ignominiis
2941 4959 3192 5031 superbe
3229 4958 3440 5026 affecti,
3478 4957 3637 5013 omni

2000 5064 2247 5103 excussa
2270 5064 2373 5119 spe
2406 5048 2653 5103 fremere
2702 5048 3017 5119 animoque
3073 5047 3514 5104 excandescere.
3561 5050 3639 5103 Ac

2002 5136 2285 5209 principio
2315 5135 2550 5208 quidem
2576 5154 2679 5208 pro
2703 5154 2765 5217 se
2796 5138 3049 5209 quisque
3077 5137 3340 5193 susurris
3388 5136 3637 5209 impera-

1997 5227 2106 5280 tori
2140 5224 2745 5298 conviciari,alterque
2776 5226 3025 5281 alterum
3059 5226 3278 5283 hortari
3310 5243 3382 5282 ne
3439 5231 3639 5283 contu-

1999 5316 2229 5371 meliam
2252 5314 2426 5370 istam
2452 5315 2653 5372 leviter
2683 5316 2960 5381 ferat,sed
2976 5316 3045 5372 ad
3061 5316 3289 5387 justam
3320 5315 3637 5372 vindictam

1995 5420 2125 5461 sese
2158 5408 2338 5477 paret.
2375 5404 2509 5460 Post
2537 5403 2595 5459 in
2628 5398 2812 5460 unum
2836 5404 3060 5462 collecti
3093 5411 3306 5462 emtum
3339 5405 3399 5461 in
3432 5410 3637 5477 Magno

1995 5492 2260 5566 Temple,
2294 5492 2465 5550 dictis
2499 5493 2649 5549 ultro
2680 5493 2940 5566 citroque
2972 5495 3359 5552 sacramentis
3406 5511 3520 5550 non
3552 5493 3637 5549 si-

1995 5581 2171 5637 lentio
2228 5588 2285 5637 et
2349 5582 2534 5639 otiose
2597 5588 2820 5639 tantam
2891 5585 3145 5655 perferre
3204 5582 3633 5656 indignitatem,

1993 5670 2095 5728 sed
2152 5670 2402 5742 injurias
2463 5670 2668 5728 ulcisci
2726 5672 2996 5743 aversati,
3061 5676 3222 5740 sunt,
3305 5666 3633 5727 adamanti-
