4036 6194
410 316 521 376 351

411 540 710 596 borarunt.
799 547 1068 603 Ambusti
1151 556 1438 610 sententia
1519 566 1642 613 erat
1703 560 2055 633 Bryennium

411 645 641 700 quoque
674 634 728 687 in
789 638 1122 693 societatem
1183 645 1607 717 asciscendum,
1669 652 1764 722 qui
1824 657 1892 709 ad
1950 656 2058 712 boc

412 824 636 863 meroso
670 814 974 880 praefectus
1005 820 1280 873 exercitui
1314 823 1704 883 Macedonico.
1756 837 1945 902 Atque
2006 835 2055 889 is

407 900 666 953 tentatus
702 902 974 957 facillime
999 909 1269 963 assensit.
1308 912 1554 968 Proinde
1586 918 1644 971 in
1678 900 2048 978 deliberatio-

407 1001 535 1039 nem
569 988 723 1042 venit
766 991 855 1043 cui
908 993 1242 1067 imperium,
1306 1016 1365 1055 re
1412 1019 1478 1057 ex
1530 1006 1709 1061 animi
1762 1014 2053 1068 sententia

402 1077 769 1143 succedente,
801 1080 1303 1142 deferretur.ldem
1342 1107 1578 1159 prorsus
1610 1099 1885 1153 omnibus
1909 1118 2043 1157 con-

392 1162 613 1231 juratis
643 1166 1153 1233 visum,Ambusto
1187 1176 1240 1230 id
1278 1179 2045 1253 deberi,zetate,fortitudine

398 1255 455 1304 et
487 1252 693 1321 peritia
720 1260 944 1313 caeteris
978 1266 1294 1331 priestanti.
1332 1269 1546 1325 Verum
1585 1273 1677 1327 hic
1717 1294 1866 1332 onus
1898 1279 2037 1335 illud

398 1346 666 1396 excutere
699 1346 960 1415 cupiens,
997 1357 1343 1424 compendio
1374 1361 1681 1418 verborum
1714 1366 2042 1423 multitudi-

396 1444 529 1483 nem
566 1427 1093 1510 sustulit.Surgens
1134 1444 1286 1498 enim
1318 1446 1468 1502 illico
1504 1454 1894 1510 Romanorum
1930 1458 2039 1513 im-

394 1524 716 1587 peratorem
745 1525 1069 1596 designavit
1094 1534 1440 1603 magistrum
1482 1542 1767 1597 Isaacium
1794 1544 2039 1602 Comoe-

397 1621 561 1671 num,
596 1615 916 1683 auctorque
949 1615 1190 1687 reliquis
1223 1622 1329 1676 fuit
1363 1624 1513 1679 idem
1543 1634 1605 1682 ut
1637 1630 2036 1690 facerent.Hoc

396 1695 568 1748 modo
601 1713 731 1752 cum
768 1717 829 1754 se
854 1708 1059 1759 mutuo
1085 1707 1499 1781 devinxisscnt,
1526 1734 1591 1771 ac
1622 1725 1907 1789 quantum
1945 1741 2035 1778 res

393 1781 613 1839 ferebat
643 1786 978 1846 institutum
1023 1796 1170 1850 621
1229 1781 1901 1880 roborassent,-acccpto
1962 1813 2032 1867 ab

387 1869 742 1943 imperatore
776 1889 1102 1938 commeatu
1164 1888 1401 1945 domum
1466 1894 1660 1964 quivis
1720 1915 1912 1967 suam,
1974 1907 2035 1955 ut

385 1964 719 2032 putabatur,
758 1967 1175 2029 discesserunt.

457 2173 586 2230 Jam
619 2181 674 2231 et
707 2179 1032 2252 Bryennius
1067 2187 1238 2243 rebus
1269 2192 1392 2247 suis
1424 2211 1489 2249 ex
1522 2198 1763 2255 arbitrio
1790 2202 2034 2275 impera-

393 2264 539 2318 toris
572 2268 905 2325 constitutis
938 2272 996 2327 in
1020 2275 1311 2334 Orientem
1373 2284 1589 2341 abibat.
1640 2264 2037 2348 Comitabatur

391 2368 527 2407 eum
569 2356 847 2424 patricius
876 2359 1133 2420 Joannes
1155 2367 1656 2438 Opsaras,missus
1684 2381 1754 2433 ab
1788 2380 2033 2453 impera-

394 2444 517 2496 tore
549 2460 681 2499 cum
716 2456 949 2517 auro,ut
981 2453 1268 2512 militibus
1327 2462 1621 2532 stipendia
1655 2473 2032 2527 “numeraret.

393 2533 533 2584 Cum
570 2536 967 2603 pervenissent
996 2540 1051 2595 in
1083 2546 1354 2615 supinam
1381 2556 1695 2620 quamdam
1730 2557 2029 2627 planitiem

389 2616 447 2671 in
492 2619 771 2677 Orientali
836 2628 1152 2698 provincia,
1213 2616 1653 2708 Cappadocibus
1715 2616 2032 2718 tiryennius

389 2708 641 2775 pondere
674 2714 846 2784 coepit
869 2733 990 2783 quae
1014 2735 1080 2773 ex
1105 2719 1451 2782 liberalitate
1472 2708 1841 2802 imperatoris
1866 2738 2034 2795 debe-

389 2795 622 2855 bantur.
657 2800 737 2854 lbi
773 2820 903 2858 cum
941 2805 1109 2876 plura
1141 2812 1261 2865 dari
1287 2815 1523 2883 juberet
1553 2795 1729 2891 quam
1784 2825 2029 2897 impera-

387 2888 478 2938 tor
500 2889 1305 2958 mandaverat,adversarium
1338 2903 1545 2962 habuit
1575 2909 1879 2983 Opsaram,
1916 2934 2026 2971 non

388 2973 603 3029 audere
626 2993 686 3032 se
708 2978 992 3037 dicentem
1019 2988 1341 3059 quidquam
1364 2995 1574 3052 addere
1598 2999 1827 3071 injussu
1854 3004 2032 3076 impe-

386 3062 887 3140 ratoris.Cumque
916 3071 1238 3145 Bryennius
1269 3096 1401 3136 eum
1436 3085 1733 3155 quiescere
1765 3096 1821 3144 et
1844 3094 2027 3149 omis-

1758 340 2070 406 GEORGII
2117 347 2453 412 CEDBENI

409 450 637 523 nisque,
673 456 825 522 quod
858 456 1044 526 aiunt,
1097 464 1346 521 vinculis
1404 470 1895 539 conspirationem
1960 495 2050 532 ro-
2082 483 2135 547 Α
2167 476 2410 553 δεσμοῖς,

3694 372 3823 431 352

2473 484 2502 538 δ
2560 508 2736 564 φασιν,
2809 490 3169 565 ἀδαμαντίνος
3252 499 3630 575 ἠσφαλίσαντο
3709 504 3816 570 τὴν

2168 565 2486 642 ἐπιϐουλήν.
2522 577 2611 645 Τῷ
2644 575 2700 631 δὲ
2733 585 3053 655 Κεκαυμένῳ
3096 565 3283 639 ἐδόκει
3326 565 3414 640 καὶ
3463 590 3554 642 τὸν
3614 565 3815 663 Βρυὲνι

2166 680 2278 712 νιον
2305 660 2706 732 προσλαϐέσθαι
2761 671 3105 743 συνωμότην,
3142 672 3275 728 λαοῦ
3329 696 3385 730 τε
3437 677 3658 733 πολλου
3717 678 3815 752 ἄρ-

2165 765 2283 821 χειν
2354 756 2679 826 τεταγμένον
2756 764 2863 812 τῶν
2936 760 3313 817 Μακεδονικῶν
3373 767 3660 840 ταγμάτων
3718 770 3812 824 καὶ

2169 838 2302 911 μέγα
2366 843 2526 916 μέρος
2579 843 2784 911 ἔσεσθαι
2876 849 3151 922 μέλλοντα
3202 860 3298 908 τοῦ
3368 838 3810 929 σπουδάσματος.

2162 932 2246 988 Ὡς
2302 927 2358 983 δὲ
2406 932 2493 985 καὶ
2547 935 2729 1003 οὗτος,
2769 938 2959 1014 πείρας
3005 940 3151 1012 αὐτῴ
3194 946 3664 1020 προσενεχθείσης,
3713 969 3811 1002 τα-

2162 1018 2309 1089 χέως
2343 1019 2636 1091 ὑπήκουσε,
2675 1028 2868 1080 Λοιπὸν
2913 1028 3027 1083 τίνα
3078 1028 3466 1087 διεσκοποῦντο
3520 1033 3594 1095 εἷς
3650 1032 3808 1110 ἔργον

2159 1113 2583 1181 προχωροῦντος
2618 1112 2793 1168 αὐτῶν
2840 1121 2936 1170 τοῦ
2980 1119 3353 1193 βουλεύματος
3411 1124 3644 1177 ἀνειπεῖν
3708 1126 3804 1198 βαο

2159 1193 2330 1251 σιλὲα.
2365 1198 2457 1251 Καὶ
2520 1206 2679 1254 πᾶσιν
2736 1202 2927 1267 ἁπλῶς
2986 1206 3233 1285 ἐφαίνετο
3289 1216 3405 1272 τοῖς
3462 1214 3807 1284 συνωμόταις

2156 1283 2230 1345 ὡς
2286 1287 2373 1338 καὶ
2434 1290 2579 1363 γήρᾳ
2633 1292 2719 1344 καὶ
2782 1292 2971 1369 ἀνδρίᾳ
3026 1283 3114 1351 καί
3168 1297 3420 1375 ἔμπειρίᾳ
3448 1306 3554 1354 τῶν
3614 1283 3806 1357 ἄλλων

2152 1371 2413 1447 προύχων
2475 1378 2502 1430 ὁ
2565 1382 2906 1453 Ιίεκαυμένος
2964 1385 3108 1456 ἄξιος
3158 1386 3231 1448 εἷς
3285 1393 3466 1446 τοῦτο.
3501 1391 3561 1446 Ὀ
3618 1388 3675 1445 δὲ
3713 1392 3808 1468 ἀφ’

2152 1461 2339 1515 ἑαυτοῦ
2409 1465 2470 1518 τὸ
2550 1468 2714 1542 βάρος
2790 1472 3168 1529 ἀποσείσασθαι
3241 1476 3483 1531 σπεύδων
3542 1481 3801 1553 συντόμῳ

2152 1547 2299 1624 λόγῳ
2357 1549 2571 1610 διέλυσε
2619 1559 2713 1619 τὰς
2772 1560 3126 1637 πολυλογίας·
3163 1565 3386 1627 ἀναστὰς
3442 1568 3543 1643 γὰρ
3599 1568 3801 1629 εὐθέως

2151 1637 2376 1710 βασιλέα
2434 1644 2720 1715 Ῥωμαίων
2781 1650 2963 1705 ἀνεῖπε
3036 1653 3128 1707 τὸν
3192 1656 3483 1731 μάγιστρον
3533 1657 3798 1712 Ἰσαάκιον

2146 1728 2232 1779 τὸν
2270 1730 2573 1803 Κομνηνὸν,
2610 1737 2692 1807 [Ρ.
2726 1740 2853 1813 797]
2912 1745 3072 1795 τοῦτο
3130 1739 3186 1796 δὲ
3243 1743 3371 1798 αὐτὸ
3432 1748 3653 1813 ποιῆσαι
3705 1746 3799 1800 καὶ

2143 1815 2267 1877 τοὺς
2341 1817 2573 1884 λοιποὺς
2642 1828 3053 1900 παρεσκεύασεν.
3105 1830 3257 1885 Οὕτω
3332 1830 3388 1887 δὶ
3444 1832 3795 1906 καταδεσμήο

2148 1926 2330 1968 σαντες
2360 1907 2669 1981 ἀλλήλους,
2704 1916 2792 1968 καὶ
2824 1917 2922 1984 τήν
2966 1916 3173 1993 βουλὴν
3208 1920 3282 1982 ὡς
3313 1920 3435 1986 ἰνῆν
3487 1923 3798 2000 ἀσφαλισά-

2149 2015 2323 2065 μενοι,
2381 1998 2472 2051 καὶ
2528 2004 2607 2071 τῷ
2689 2001 2905 2076 βασιλεῖ
2955 2009 3346 2080 προσειπόντες
3402 2012 3468 2065 τά
3528 2012 3792 2087 ἐξιτήρια,

2141 2080 2366 2147 ἕκαστος
2399 2085 2583 2143 οῖ’καδε
2620 2096 2700 2163 τῷ
2734 2089 2912 2147 δοκεῖν
2944 2094 3327 2172 ἀπεφοίτησεν.

2215 2211 2370 2285 Ἀρτι
2433 2209 2490 2267 δὲ
2548 2216 2697 2271 καὶὸ
2756 2218 3032 2291 Βρυέννιος
3090 2226 3197 2276 τῶν
3250 2225 3585 2299 πραγμάτων
3646 2230 3799 2303 αὐτῷ

2142 2300 2549 2371 καθισταμένων
2609 2304 2683 2366 ὥς
2739 2327 2814 2377 πη
2888 2305 3061 2364 ἐδόκει
3127 2316 3205 2383 τῷ
3266 2312 3498 2387 βασιλεῖ,
3562 2314 3795 2395 διαπερᾷ

2143 2386 2278 2461 πρὸς
2310 2390 2407 2458 τήν
2441 2394 2574 2459 Ἕω,
2609 2390 2751 2468 ἔχων
2807 2399 2925 2467 μεθ’
2972 2399 3163 2453 ἑαυτοῦ
3211 2402 3299 2455 καὶ
3359 2404 3449 2457 τὸν
3510 2408 3795 2481 πατρίκιον

2143 2475 2394 2546 Ἰωάννην
2474 2481 2563 2533 τὸν
2624 2483 2875 2559 Ὀψαρᾶν,
2936 2486 3339 2562 ἀπεσταλμένον
3404 2492 3459 2547 ἐκ
3520 2494 3795 2569 βασιλέως

2145 2566 2279 2635 μετά
2328 2568 2556 2641 χρυσίου
2604 2571 2684 2641 ἐφ’
2731 2574 2775 2645 ᾧ
2820 2581 2937 2635 τοῖς
2982 2580 3336 2649 στρατιώταις
3395 2579 3794 2656 διανεμηθῆναι

2139 2653 2201 2706 τὸ
2229 2658 2557 2730 σιτηρέσιον.
2594 2662 2889 2734 Γενόμενος
2923 2663 2980 2719 δὶ
3009 2669 3144 2722 κατά
3191 2690 3311 2724 τινα
3366 2670 3532 2726 τόπον
3588 2674 3792 2742 ἡπλω-

2145 2743 2300 2814 μένον
2335 2746 2422 2797 καὶ
2456 2745 2642 2802 ὕπτιον
2678 2748 2727 2802 ἐν
2760 2756 2838 2824 τῷ
2872 2753 3064 2826 Θὲματι
3104 2761 3210 2810 τῶν
3248 2759 3611 2815 Ἀνατολικῶν
3672 2765 3789 2827 τοῖς

2140 2829 2528 2896 Καππαδόκαις
2577 2834 2810 2911 διένειμε
2865 2843 2964 2911 τὴν
3015 2843 3443 2921 φιλοφροσύνην.
3503 2852 3785 2921 Ἐπαύξων

2140 2916 2319 2982 δὲτὰς
2353 2919 2549 2995 δόσεις,
2582 2927 2669 2979 καὶ
2729 2927 2899 2984 πλείω
2957 2936 3065 2985 τῶν
3115 2936 3457 3009 τεταγμένων
3517 2941 3783 3013 παρέχειν

2135 3008 2395 3080 κελεύων,
2446 3013 2831 3072 ἀντιπίπτοντα
2903 3020 3020 3095 εἶχε
3087 3023 3179 3077 τὸν
3237 3026 3473 3099 Ὀψαρᾶν
3551 3030 3638 3083 καὶ
3704 3033 3782 3103 μή

2142 3099 2498 3155 ὑπακούοντα·
2530 3102 2722 3181 ἔφασκε
2753 3107 2856 3182 γὰρ
2888 3110 3044 3171 οὗτος
3101 3113 3174 3182 μὴ
3207 3112 3417 3186 τολμᾷν
3466 3120 3788 3190 προσθήκας

382 3150 464 3204 sis
495 3153 686 3209 verbis
736 3173 908 3213 suum
970 3165 1309 3222 mandatum
1364 3176 1598 3244 exsequi
1644 3178 1899 3252 juberet,
1957 3200 2021 3237 ac

382 3242 626 3283 Onnnrnq
696 3245 942 3283 t‘mmninn
1020 3263 1366 3283 magna---“
1450 3261 1525 3283 :_-
1620 3264 1631 3283 ,-
1687 3265 1715 3283 η
1931 3277 1938 3283 .

2152 3150 2157 3151 κ
2530 3150 2722 3181 ντ--υη
2766 3150 2855 3182 μιν
2890 3150 3043 3171 ναι-ιι.
3101 3150 3174 3182 νισι
3217 3150 3417 3186 υυικιυιῳ
3473 3150 3786 3190 ιψυυοψωις

2137 3182 2342 3241 διδόναι
2372 3196 2488 3251 τοῖς
2552 3196 2926 3267 στρατιώταις,
2965 3196 3131 3270 μηδὲν
3180 3206 3281 3255 τοῦ
3334 3202 3600 3277 βασιλέως
3659 3208 3786 3283 περὶ

378 3242 626 3309 Opsaras
696 3245 943 3303 ferocius
1020 3263 1389 3329 repugnaret,
1450 3261 1534 3317 ira
1618 3264 2021 3327 inflammatus

380 3326 703 3396 Bryennius
737 3351 768 3388 a
790 3336 935 3391 sella
958 3342 1227 3409 prosiluit
1249 3352 1306 3400 et
1337 3326 1617 3419 Opsaram
1644 3358 1857 3427 pugnis
1881 3326 2022 3414 ceci-

380 3414 487 3483 dit,
525 3419 878 3493 tandemque
910 3427 1171 3485 crinibus
1203 3437 1259 3486 et
1290 3414 1466 3491 bar-ba
1491 3414 1819 3513 correptum
1856 3445 2018 3501 humi

376 3510 708 3574 prostravit,
743 3515 798 3564 et
827 3512 1076 3571 vinculis
1108 3518 1337 3589 injectis
1370 3524 1423 3578 in
1475 3546 1579 3583 suo
1629 3534 1875 3588 tentorio
1922 3553 2018 3589 as-

376 3596 639 3649 servavit.
676 3603 801 3669 Ipse
833 3618 1040 3658 aurum
1076 3606 1511 3677 imperatorium
1545 3620 1765 3690 accepit
1795 3639 1858 3676 ac
1919 3625 2020 3679 sti-

377 3683 591 3748 pendia
620 3685 943 3757 distribuit,
989 3710 1211 3763 augens
1243 3716 1309 3753 ea
1343 3718 1443 3771 pro
1476 3721 1582 3760 suo
1632 3683 1892 3767 arbitrio.
1954 3717 2014 3769 In

376 3771 705 3843 propinquo
728 3784 917 3832 castra
951 3785 1073 3835 tum
1109 3784 1253 3840 forte
1278 3788 1529 3847 habebat
1564 3796 1885 3867 Lycanthes
1918 3820 2015 3874 pa-

375 3856 981 3933 tricius,Lycaonibus
1012 3875 1065 3924 et
1102 3873 1310 3931 Pisidis
1344 3856 1733 3948 prazfectu'sds
1767 3890 1836 3943 de
1867 3856 2017 3947 m‘ale

374 3948 620 4002 tractato
650 3950 870 4022 Opsara
906 3959 1108 4013 nuntio
1136 3972 1390 4036 accepto,
1414 3972 1833 4042 suspicatus,id
1860 3983 2011 4050 quod

375 4035 677 4103 probabile
707 4048 849 4111 erat,
886 4062 1003 4100 rem
1038 4064 1163 4103 eam
1200 4053 1267 4105 ad
1312 4035 1639 4126 tyrannidis
1698 4035 2012 4123 affectatio?

376 4140 507 4178 nem
540 4134 821 4198 spectare,
856 4133 1092 4202 ignarus
1123 4140 1340 4213 quippe
1388 4148 1615 4205 consilii
1674 4170 1706 4207 a
1763 4156 2014 4216 ducibus

372 4213 757 4273 orientalibus
790 4220 1093 4291 initi,duas
1116 4229 1428 4288 orientales
1460 4235 1716 4308 legiones
1747 4244 1899 4301 (ιτα
1918 4264 2009 4301 ar-

373 4308 517 4369 mat,
551 4306 1013 4383 Michaelumque
1044 4315 1454 4387 imperatorem
1488 4306 1788 4387 celebrans
1818 4339 2009 4391 tento-

371 4390 518 4446 rium
553 4398 1015 4473 Bryenniicapit,
1052 4406 1402 4480 Bryennium
1436 4415 1633 4485 vincit,
1675 4425 2006 4493 eumquein

370 4487 715 4551 potestatem
749 4493 980 4560 Opsarae
1008 4495 1255 4553 vinculis
1288 4502 1476 4557 soluto
1519 4505 1697 4565 dedit.
1744 4487 1849 4566 Hic
1878 4530 2003 4569 eam

368 4578 573 4627 nactus
607 4574 901 4634 licentiam
934 4582 1217 4656 Bryennio
1246 4590 1441 4646 statim
1471 4598 1702 4652 occulos
1725 4601 2008 4668 etfodit,et
2039 4580 2084 4643 D

364 4659 624 4717 vinctum
661 4666 728 4719 ad
765 4667 1169 4740 imperatorem
1208 4679 1405 4749 mittit,
1430 4681 1811 4742 defectionem
1837 4659 2004 4746 abeo

363 4752 647 4806 tentatam
680 4755 856 4810 simul
893 4770 1345 4837 exponens.lpse
1365 4786 1429 4824 eo
1455 4769 1559 4827 loci
1585 4784 2003 4849 commoratur,

363 4838 588 4896 scilicet
621 4844 985 4917 utreliquam
1022 4852 1492 4913 distributionem
1526 4863 1854 4921 conﬁceret.
1889 4838 2002 4925 Has

360 5017 457 5083 tis,
486 5037 681 5089 pmnas
710 5024 867 5079 dedit
899 5027 1240 5100 Bl'yennins.
1278 5040 1342 5090 At
1397 5038 1685 5110 principes
1738 5046 1840 5098 viri
1899 5048 1997 5117 qui

358 5105 413 5159 in
450 5109 717 5166 orientali
753 5118 1047 5185 provincia
1081 5120 1667 5196 habitabant,praeses
1699 5132 1997 5193 Romanus

357 5194 727 5266 Durus(nam
760 5209 817 5257 et
851 5205 896 5258 is
930 5210 1352 5277 conjuratiouis
1375 5221 1496 5269 erat
1519 5219 1991 5294 socius).Burtza,

351 5283 946 5357 Botaneiates,Basilii
978 5298 1181 5369 Argyri
1214 5301 1338 5367 filii,
1374 5308 1429 5355 et
1460 5305 1689 5378 reliqui,
1720 5283 1853 5366 cum
1889 5283 1990 5370 ba-I

353 5379 557 5431 etenus
577 5394 637 5432 se
668 5382 1097 5439 continuissent
1124 5392 1179 5442 et
1208 5389 1548 5447 defectionis
1589 5396 1822 5456 initium
1883 5404 1988 5459 ali-

350 5466 506 5519 unde
576 5479 1027 5540 exspectassent,
1099 5482 1407 5548 postquam
1459 5483 1871 5547 inaudiverunt
1928 5495 1985 5550 in

351 5569 524 5623 quam
560 5574 618 5609 sc
682 5577 786 5615 sua
846 5565 1129 5619 ναιοοιηιίιι
1185 5568 1532 5638 conjecisset
1587 5576 1982 5639 calamitatem

346 5641 694 5715 Bryennius,
727 5648 934 5705 callide
965 5658 1314 5724 ruputantes
1342 5673 1477 5716 eum
1530 5668 1850 5734 questions
1880 5673 1983 5730 ad-

2133 3275 2328 3331 τούτου
2396 3281 2807 3356 προστάξαντος.
2876 3288 2989 3341 Τοῦ
3062 3285 3118 3341 δὲ
3190 3275 3476 3363 Βρυεννίου
3546 3294 3787 3367 ἀτρέμας

2132 3358 2276 3437 ἔχειν
2338 3368 2586 3432 εἰπόντος
2643 3371 2733 3425 καὶ
2791 3380 2966 3429 ποιεῖν
3028 3382 3206 3449 σιωπῇ
3265 3380 3325 3432 τὸ
3355 3380 3779 3453 κεκελευσμένον

2130 3458 2631 3529 παρεγγυήσαντος,
2686 3462 3076 3525 ἀντιτείνοντος
3156 3462 3211 3519 δὲ
3267 3472 3366 3521 τοῦ
3431 3470 3634 3542 Ὀψαρᾶ
3690 3473 3783 3526 καὶ

2132 3546 2554 3616 θρασυνομένου,
2581 3548 2833 3626 ἀναφθεὶς
2866 3551 3065 3615 ἐκεῖνος
3110 3559 3187 3625 τῷ
3244 3562 3399 3629 θυμῷ
3439 3563 3534 3612 τοῦ
3582 3559 3782 3633 θρόνου

2127 3651 2184 3684 τε
2242 3631 2515 3689 ἀνίσταται
2575 3638 2664 3691 καὶ
2721 3637 3022 3704 κονδύλους
3081 3642 3259 3717 τούτῳ
3312 3644 3649 3722 προστρίϐει*
3686 3671 3779 3704 τε-

2129 3720 2375 3775 λευταῖον
2420 3721 2476 3777 δὲ
2524 3726 2748 3781 καὶτῶν
2780 3735 2987 3805 τριχῶν
3021 3731 3107 3786 καὶ
3156 3741 3255 3801 τῆς
3308 3735 3577 3809 γενειάδος
3636 3740 3775 3813 ἀψά-

2131 3830 2293 3879 μανος
2322 3808 2652 3870 καταϐάλλει
2691 3822 2882 3872 τοῦτον
2916 3819 2993 3883 εἷς
3022 3823 3148 3895 γῆν,
3178 3823 3269 3876 καὶ
3311 3821 3481 3896 δεσμά
3532 3829 3775 3901 περιθεὶς

2125 3896 2178 3950 ἐν
2224 3901 2288 3971 τῇ
2338 3897 2450 3971 ἰδία
2506 3901 2756 3980 ἐφρούρει
2803 3912 2999 3982 σκηνῇ,
3035 3909 3194 3972 αὐτὸς
3251 3910 3307 3966 δὶ
3361 3915 3423 3967 τὸ
3486 3896 3769 3987 βασιλικὸν

2124 3986 2351 4060 ’χρυσίον
2393 3989 2702 4068 ἀνειληφὼς
2735 3993 2975 4051 ἐποεεῖτο
3006 4000 3102 4066 τήν
3147 3996 3414 4072 διανομὴν
3466 4004 3539 4064 ὡς
3597 4000 3769 4073 ἠϐού-

2124 4071 2248 4128 λετο
2309 4079 2425 4148 μεθ’
2462 4080 2769 4156 ὑπεροχῶν.
2830 4088 3035 4161 Ἔτυχε
3089 4083 3144 4140 δὲ
3201 4071 3321 4143 τότε
3392 4071 3771 4168 παραστρατο-

2121 4159 2335 4218 πεδύων
2396 4165 2557 4243 ἐγγὺς
2600 4170 2627 4223 ὁ
2662 4159 3305 4245 πατρίκιοςγλυκάνθης,
3365 4180 3451 4234 καὶ
3510 4186 3618 4235 τῶν
3674 4190 3771 4238 Πι-

2121 4248 2285 4305 σιδῶν
2344 4255 2432 4309 καὶ
2494 4260 2781 4313 Λυκαόνων
2833 4262 3159 4336 ἡγούμενος.
3195 4266 3367 4329 Οὗτος
3423 4270 3489 4323 τὰ
3544 4270 3621 4331 εἶς
3677 4274 3769 4326 τὸν

2118 4340 2354 4413 Ὀψαρᾶν
2413 4341 2799 4417 συμϐεϐηκότα
2874 4351 3230 4421 ἀκουτισθεὶς,
3291 4358 3377 4410 καὶ
3450 4358 3770 4432 τυραννίδος

2120 4427 2380 4499 ἐπίθεσιν,
2443 4435 2623 4508 ὥσπερ
2698 4435 2763 4503 ἦν
2839 4439 3003 4508 εἰκὸς,
3063 4443 3161 4511 τήν
3221 4444 3409 4516 πρᾶξιν
3471 4446 3770 4505 ὑπολαϐὼν

2120 4517 2208 4589 (ἦν
2239 4519 2339 4594 γὰρ
2369 4526 2476 4575 τῶν
2500 4529 2616 4585 τοῖς
2649 4524 2808 4597 ἒῴοις
2840 4524 3072 4603 ἄρχουσι
3110 4525 3553 4605 βεϐουλευμένων
3583 4537 3769 4609 ἀμύη·⁵

2115 4610 2251 4679 τος),
2286 4610 2620 4669 καθοπλίσας
2678 4614 2743 4668 τά
2802 4613 2897 4670 δύο
2953 4622 3060 4671 τῶν
3093 4619 3467 4676 Ἀνατολικῶν
3516 4624 3774 4701 τάγματα

2118 4694 2411 4752 ἐπιτίθεται
2439 4704 2505 4774 τῇ
2539 4706 2711 4776 σκηνῇ
2760 4709 2855 4758 τοῦ
2906 4706 3211 4779 Βρυεννίου,
3244 4709 3617 4788 αὐτοκράτορα
3668 4718 3766 4771 τὸν

2112 4784 2344 4858 Μιχαὴλ
2375 4787 2658 4863 εὐφημῶν.
2692 4792 2791 4846 Καὶ
2821 4798 3012 4848 τοῦτον
3058 4796 3150 4866 μὲν
3198 4795 3385 4871 δεσμεῖ
3416 4784 3767 4879 κατασχὼν,

2112 4869 2344 4927 ἀπολύει
2399 4872 2456 4929 δὲ
2511 4878 2600 4932 καὶ
2652 4880 2743 4934 τὸν
2789 4882 3028 4959 Ὀψαρᾶν
3086 4889 3193 4938 τῶν
3252 4882 3490 4959 δεσμῶν,
3520 4889 3611 4944 καί
3660 4896 3761 4948 τὸν

2112 4961 2398 5034 Βρυέννιον
2459 4966 2609 5039 αὐτῷ
2666 4968 2944 5042 παραδοὺς
3000 4972 3171 5035 οὕτως
3231 4976 3305 5037 ὡς
3357 4977 3471 5052 εἶχε
3524 4978 3764 5052 κλοιῶν,

2109 5053 2348 5125 χρῆσθαι
2407 5054 2584 5128 τούτῳ
2642 5057 2849 5114 κελεύει
2904 5060 2977 5122 ὡς
3037 5061 3310 5136 βούλεται,
3345 5065 3404 5122 Ὀ
3454 5063 3511 5121 δὶ
3548 5068 3763 5133 ἀνεθεὶς

2106 5146 2203 5208 τῆς
2234 5139 2406 5212 πέδης
2460 5146 2545 5199 καὶ
2580 5147 2829 5221 πράττειν
2859 5150 2887 5204 ὃ
2919 5147 3063 5204 θέλει
3122 5151 3308 5225 κύριος
3364 5157 3603 5229 γεγονὼς
3656 5166 3761 5215 τοῦ

2108 5228 2200 5300 μὲν
2236 5234 2520 5305 Βρυεννίου
2552 5234 2747 5299 εὐθέως
2798 5238 3061 5314 ἐξορύττει
3110 5240 3237 5303 τοὺς
3285 5228 3607 5316 ὀφθαλμοὺς
3662 5252 3757 5304 καὶ

2103 5314 2157 5378 ές
2195 5318 2418 5393 βασιλέα
2468 5321 2659 5380 τοῦτον
2706 5322 2990 5399 δεσμώτην
3037 5326 3325 5402 ἐκπέμπει,
3362 5334 3603 5404 μηνύσας
3661 5340 3757 5392 καὶ

2098 5407 2197 5476 τὴν
2250 5407 2622 5482 τολμηθεῖσαν
2671 5414 2995 5471 ἀποστασίαν
3028 5435 3042 5450 ’
3104 5418 3134 5473 ὁ
3194 5414 3251 5472 δὲ
3316 5422 3617 5496 προσέμενε
3672 5432 3756 5499 τῷ

2094 5494 2250 5568 τόπῳ
2281 5498 2355 5559 ὡς
2382 5498 2526 5575 τάχα
2553 5503 2651 5571 τὴν
2687 5504 2763 5566 εἷς
2812 5504 2902 5559 τὸν
2935 5502 3128 5560 λοιπὸν
3189 5506 3319 5562 λαὸν
3379 5507 3744 5586 διενεργῆσων

2096 5581 2386 5658 διανομήν.
2446 5588 2544 5643 Καὶ
2603 5591 2631 5645 ὁ
2694 5592 2787 5665 μὶν
2849 5593 3132 5668 Βρυέννιος
3186 5597 3441 5662 τοιαύτας
3493 5600 3744 5658 ἀπέδωκε

2094 5670 2244 5738 δίκας
2300 5682 2399 5748 τῆς
2460 5676 2650 5734 ἑαυτοῦ
2708 5680 3028 5757 προπετείας
3055 5682 3145 5738 καὶ
3174 5682 3476 5762 αὐθαδείας,
3504 5688 3598 5746 ἵνα
3658 5696 3737 5766 μὴ
