4036 6194
402 285 518 344 355
565 315 572 320 -

1739 279 2055 339 GEORGII
2100 279 2438 340 CEDRENI

3684 291 3806 350 356

400 421 524 476 sica
557 421 657 477 :de
688 416 903 490 quibus
933 431 1145 487 magna
1175 431 1310 468 eum
1338 413 1570 468 tenebat
1601 411 1999 475 sollicitud0,n

2113 468 2119 476 ι
2152 430 2233 462 σιν
2266 411 2356 481 ἦν,
2413 408 2553 483 μηδὲ
2600 409 2981 486 πληροφορίαν
3031 411 3282 489 ἐσχηκὼς
3317 415 3361 469 εί
3392 415 3800 492 προσδεχθήσε-

399 510 472 564 iis
506 506 833 580 conjuratio
884 503 1178 558 suboleret
1216 503 1287 557 ab
1335 502 1522 572 iisque
1581 498 2040 572 comprehensus

397 597 733 668 imperatori
769 595 1121 650 mitteretur.
1154 593 1282 646 Haec
1314 608 1449 662 ergo
1481 589 1677 644 omnia
1715 592 2035 643 Ambustus

400 689 688 756 metuens,
724 685 1008 754 tantisper
1063 684 1200 735 dum
1264 698 1324 736 se
1379 681 1435 734 in
1485 685 1610 736 tuto
1669 680 2036 748 collocasset,

399 771 1158 834 6‘25remdil1‘erebatJam
1192 777 1386 824 autem
1447 771 1738 840 negotium
1799 786 2034 841 aggres-

399 886 575 924 surus
613 867 798 938 primo
831 863 1090 918 omnium
1123 860 1617 931 conspiratimem
1655 860 1892 914 famulis
1940 877 2032 914 co-

395 958 703 1027 gnatisque
734 952 857 1007 suis
887 951 1104 1020 detegit
1129 966 1141 1015 ;
1165 951 1363 1019 etjam
1386 949 1620 1020 agnime
1642 949 1897 1004 virorum
1929 949 2033 1004 cir-

394 1046 538 1099 citer
569 1040 726 1096 mille
754 1037 1022 1109 stipatus,
1063 1036 1268 1090 exinde
1309 1037 1484 1090 etiam
1543 1054 1744 1091 eorum
1805 1036 2032 1092 animos

389 1132 598 1198 quibus
649 1128 848 1182 minus
899 1131 1053 1180 certo
1103 1124 1317 1178 ﬁdebat
1374 1124 1636 1188 tentavit,
1670 1125 2027 1196 '_singulatim

388 1217 670 1290 principio
706 1213 1017 1268 nobiliores
1051 1213 1178 1281 ejus
1238 1211 1347 1267 loci
1406 1213 1761 1281 periclitans,
1823 1212 2031 1268 deinde

391 1305 670 1379 paulatim
743 1303 1010 1358 fortiores
1057 1317 1122 1355 ac
1183 1299 1598 1356 bellicosiores.
1663 1301 1887 1366 Quibus
1975 1303 2032 1356 in

387 1412 553 1451 suam
589 1393 940 1449 sententiam
977 1392 1302 1462 pertractis,
1337 1396 1538 1460 postea
1565 1390 2026 1456 ,multitudinem

386 1501 616 1556 quoque
647 1482 756 1536 sibi
780 1480 1090 1536 conciliare
1122 1495 1438 1549 aggressus
1473 1484 1578 1534 est.
1616 1480 1840 1533 Etenim
1870 1479 2023 1534 litte-

382 1592 477 1629 ras
503 1573 666 1627 tinxit
695 1571 910 1641 quibus
941 1569 1011 1623 ab
1045 1567 1393 1638 imperatore
1415 1569 1746 1638 juberetur,
1771 1570 2023 1639 acceptis

381 1664 569 1718 tribus
598 1661 887 1715 sociorum
922 1664 978 1712 et
1010 1658 1238 1712 duabus
1262 1657 1708 1726 iColoniensium
1743 1675 1809 1712 ac
1856 1658 2021 1712 Chal-

2147 519 2254 554 ται.
2325 501 2423 556 Καὶ
2493 498 2583 554 διὰ
2647 505 2809 555 τοῦτο
2880 499 3056 576 ἤργει,
3104 504 3190 557 καὶ
3250 503 3564 569 ἀναδύεσθαι
3626 505 3801 562 ὲδὸκει

2147 593 2264 649 τοῖς
2329 589 2402 660 μὴ
2443 587 2625 650 καλῶς
2656 589 3079 664 ἐσοοχασμένοις
3109 593 3214 645 τῶν
3248 596 3364 648 κατ’
3395 595 3572 649 αὐτόν’
3632 599 3764 652 Ἕτυ
3787 634 3797 639 -

2148 697 2246 751 χον
2279 679 2380 753 γαρ
2411 682 2490 749 τῷ
2532 677 2654 732 τότε
2682 683 2856 752 καιρῷ
2905 675 2999 732 δύο
3055 681 3305 754 τάγματα
3365 686 3647 760 Φραγγικᾶ
3702 687 3794 740 καὶ

2144 766 2401 821 Ῥωσικὸν
2451 763 2506 820 ἓν
2565 766 3002 843 ἐπιχωριάζοντα
3021 773 3098 840 τῷ
3145 768 3299 842 τόπῳ
3355 773 3491 846 πρὸς
3524 795 3789 851 παραγει-

2151 854 2364 928 μασίαν*
2416 855 2539 930 περὶ
2593 854 2665 908 ὧν
2726 855 2892 910 πλέον
2949 857 3272 935 ἐφρόντιζεν,
3327 859 3418 915 ἵνα
3481 865 3554 935 μή
3608 885 3789 918 συναι-

2145 945 2386 1013 σθήσεως
2417 944 2714 1018 γενομένης
2747 943 3080 1023 συλληφθεὶς
3114 947 3202 1000 ὑπ’
3235 947 3406 1001 αὐτῶν
3453 949 3784 1030 ἑκπεμφθειη

2139 1037 2218 1103 τῷ
2277 1031 2511 1107 βασιλεῖ.
2571 1037 2744 1088 Ταῦτα
2813 1035 2982 1088 πάντα
3037 1033 3293 1098 δεδοικὼς
3349 1037 3564 1114 ἐπεῖχεν
3624 1041 3783 1096 αὐτὸν

2143 1121 2339 1197 μέχρις
2389 1120 2448 1175 ἂν
2510 1120 2802 1196 ἀσφάλειαν
2854 1126 3278 1198 περιποιήσηται
3326 1127 3691 1199 ἓαυτῷ.”Ηδη
3728 1129 3787 1185 δὲ

2143 1209 2363 1283 μέλλων
2443 1210 2741 1286 ἐπιχειρεῖν
2808 1217 2888 1284 τῷ
2958 1211 3121 1288 ἔργῳ,
3202 1213 3291 1267 καὶ
3367 1215 3556 1271 ἑαυτοῦ
3626 1220 3782 1291 θερά-

2137 1322 2295 1354 πουσι
2353 1300 2443 1354 καὶ
2501 1299 2773 1376 συγγενέσι
2829 1303 3091 1377 πρότερον
3147 1305 3247 1371 τὴν
3295 1299 3591 1373 ἐπιϐουλὴν
3651 1308 3750 1362 ἀνα

2135 1386 2414 1462 καλύψαςς
2472 1388 2560 1442 καὶ
2619 1387 2726 1460 ἤδη
2789 1395 2952 1465 χεῖρα
3006 1391 3131 1467 περὶ
3190 1392 3349 1447 αὐτὸν
3381 1395 3786 1468 συστησάμενος

2134 1475 2340 1551 ἀνδρῶν
2393 1475 2617 1551 χιλίων,
2667 1477 2860 1533 λοιπὸν
2913 1480 3001 1532 καί
3059 1484 3168 1535 τῶν
3222 1481 3283 1536 οὐ
3342 1483 3481 1536 πάνυ
3544 1479 3779 1558 βεϐαίων

2133 1567 2528 1641 ἀποπειρᾶσθαι
2580 1563 2822 1641 ἤρχετο,
2881 1570 2997 1621 καθ’
3051 1566 3140 1623 ἕνα
3197 1571 3290 1642 μὶν
3347 1570 3607 1645 πρότερον
3664 1579 3774 1628 τῶν

2131 1654 2538 1727 ἐπισημοτέρων
2597 1659 2693 1709 τοῦ
2744 1656 2914 1709 τόπου
2969 1649 3295 1730 ἁπτόμενος,
3331 1660 3442 1714 εἶτα
3492 1661 3576 1715 καὶ
3637 1665 3777 1717 κατὰ

379 1754 584 1807 dorum
615 1747 963 1820 legionibus,
995 1747 1275 1800 adversus
1307 1746 1665 1800 Samucbum
1701 1746 1990 1816 proficisci

2131 1747 2324 1818 μικρὸν
2371 1749 2476 1797 τῶν
2507 1746 2894 1820 γενναιοτέρων
2944 1746 3171 1800 καὶτῶν
3229 1750 3770 1823 στρατιωτικωτέρων

376 1844 491 1898 Has
537 1841 796 1913 quinque
855 1837 1107 1908 legiones
1148 1838 1204 1891 in
1254 1853 1525 1907 campum
1584 1839 1654 1891 ad
1713 1837 2016 1908 Nic0polin

375 1932 686 1988 convenire
711 1929 910 1998 jussit,
943 1936 1118 1998 atque
1152 1927 1258 1980 hac
1288 1935 1374 1981 est
1409 1943 1552 1981 usus
1584 1927 1641 1980 in
1677 1927 1747 1982 iis
1781 1927 1891 1982 sibi
1914 1929 2015 1982 ob-

374 2020 732 2093 stringendis
764 2026 907 2072 arte.
953 2015 1214 2086 Singulis
1258 2017 1466 2070 diebus
1522 2014 1869 2070 adnumium
1913 2016 2014 2068 tin-

369 2129 514 2185 gens
545 2126 779 2166 summo
805 2124 975 2162 mane
1005 2123 1182 2177 eques
1213 2106 1409 2160 exibat
1431 2125 1443 2172 ;
1466 2122 1532 2160 ac
1566 2105 1764 2175 procul
1791 2108 1863 2160 ab
1882 2105 2013 2161 aliis

369 2199 700 2254 subsistens
734 2197 923 2267 primo
958 2195 1163 2248 ducem
1197 2194 1265 2247 ad
1291 2209 1353 2247 se
1385 2193 1644 2258 vocabat,
1683 2194 1851 2263 eique
1904 2209 2010 2248 suo

367 2287 637 2342 instituto
669 2285 926 2355 exposito
953 2283 1294 2338 ostendebat
1325 2286 1426 2336 aut
1484 2282 1852 2336 moriendum
1910 2287 2011 2336 aut

365 2375 804 2431 assentiendum
840 2388 988 2439 esse,
1025 2370 1235 2424 deinde
1269 2371 1616 2439 singulatim
1651 2370 1887 2424 ordines
1919 2387 2008 2426 eo-

363 2466 496 2519 dem
523 2464 695 2518 modo
728 2478 793 2516 ac
820 2460 1152 2515 conditione
1187 2476 1200 2523 ;
1235 2463 1410 2528 atque
1441 2459 1548 2512 hoc
1589 2465 1756 2528 pacto
1801 2475 2004 2514 omnes

362 2554 536 2609 etiam
570 2553 785 2607 invitos
815 2551 885 2604 ad
919 2555 1353 2604 sacramentum
1387 2549 1699 2602 dicendum
1732 2549 1846 2602 sibi
1898 2550 2002 2603 ad-

359 2642 497 2711 egit.
532 2641 725 2695 Primo
752 2640 1044 2693 Romanas
1073 2635 1334 2707 legiones
1367 2637 1535 2704 duas,
1567 2636 1776 2690 deinde
1805 2637 1999 2691 dome-

360 2732 556 2795 sticas,
605 2733 802 2799 postea
849 2725 1024 2780 etiam
1081 2725 1415 2794 peregrinas
1462 2724 1726 2777 tentavit.
1778 2725 2000 2787 Quibus

358 2820 504 2888 ipsis
537 2831 771 2888 quoque
800 2812 964 2868 facile
989 2813 1269 2884 perculsis
1295 2813 1753 2882 juramentoque
1782 2813 1993 2866 obstri-

355 2908 486 2969 ctis,
514 2907 636 2975 jam
673 2909 829 2958 metu
864 2918 1109 2960 vacuus.
1141 2900 1400 2955 collectis
1448 2901 1601 2955 626
1638 2901 1995 2968 Sebastenis,

355 2992 824 3064 Melitenis,Teph
836 2989 1048 3046 ricanis
1062 2989 1422 3061 reliquisque
1437 2990 1729 3043 Armeniis
1747 2991 1778 3042 d
1792 2992 1998 3045 ucibus

2127 1833 2598 1906 ἀποπειρώμενος.
2662 1834 2809 1887 Ἐπεὶ
2870 1831 2927 1889 δὲ
2984 1832 3225 1907 ἠδυνήθη
3255 1837 3392 1899 τέως
3422 1838 3548 1901 τοὺς
3578 1839 3736 1912 ἔπιση
3763 1876 3770 1882 -

2131 1923 2390 1996 μοτὲρους
2438 1924 2572 1993 πρὸς
2621 1923 2805 1977 ἑαυτὸν
2857 1922 3268 1992 ἐπισπάσασθαι,
3314 1925 3508 1983 λοιπὸν
3567 1927 3772 2004 ἤρξατο

2122 2011 2211 2066 καὶ
2267 2017 2384 2073 τοῖς
2443 2009 2674 2082 πλήθεσι
2731 2012 2989 2086 παρέχειν
3049 2019 3258 2088 πεῖραν⁸
3317 2017 3614 2090 γράμματα
3662 2020 3770 2094 γάρ

2122 2099 2470 2172 πλασάμενος
2533 2099 2790 2175 βασιλικὰ
2847 2102 2920 2162 ὡς
2979 2099 3060 2171 ε”η
3121 2107 3585 2180 προστεταγμένον
3618 2106 3770 2180 αὐτῷ

2120 2185 2439 2259 ἀνειληφότι
2469 2189 2534 2243 τὰ
2557 2193 2663 2243 τῶν
2707 2189 3016 2265 συμμάχων
3044 2190 3170 2264 τρία
3198 2191 3446 2266 τάγματα
3493 2196 3582 2249 καὶ
3639 2197 3770 2259 τοὺς

2121 2275 2213 2332 δύο
2261 2283 2370 2332 τῶν
2419 2299 2478 2332 τε
2528 2276 2916 2333 Κο)ωνειατῶν
2961 2279 3048 2333 καὶ
3080 2285 3185 2333 τῶν
3235 2279 3488 2337 Χαλδίων
3519 2283 3766 2348 ἀνελθεῖν

2115 2368 2250 2423 κατὰ
2298 2371 2394 2421 τοῦ
2457 2366 2710 2442 Σαμοὺχ,
2775 2368 2865 2422 καὶ
2922 2368 2989 2422 τὰ
3045 2368 3200 2424 πέντε
3250 2374 3418 2425 ταῦτα
3469 2375 3604 2427 κατὰ
3660 2376 3767 2443 τὴν

2114 2454 2340 2511 πεδιάδα
2392 2463 2491 2525 τῆς
2547 2455 2900 2518 Νικοπόλεως
2920 2457 3265 2530 ἀθροισθῆναι
3306 2459 3582 2529 κελεύσας,
3617 2464 3764 2519 οὕτω

2111 2545 2210 2611 τήν
2280 2549 2470 2618 πεῖραν
2541 2546 2903 2618 προσήγαγεν·
2983 2544 3064 2622 ἐφ’
3136 2545 3329 2620 ἑκάστῃ
3402 2549 3506 2623 γὰρ
3576 2551 3764 2627 ἡμέρᾳ

2113 2630 2403 2705 ἀὸνοόμιον
2455 2634 2560 2704 (49)
2606 2629 3002 2705 πλαττόμενος,
3039 2632 3270 2707 πρωίθεν
3327 2634 3762 2710 ἑξιππαζόμενος

2110 2722 2202 2776 καὶ
2233 2720 2422 2798 πὸῥρω
2469 2725 2577 2775 τῶν
2611 2717 2794 2774 ἄλλων
2852 2722 3109 2795 ἀφιστῶν,
3170 2727 3385 2796 πρῶτον
3445 2727 3538 2796 μὶν
3570 2725 3757 2782 ἐκάλει

2108 2811 2198 2866 τὸν
2251 2811 2495 2884 ἡγεμόνα
2523 2809 2612 2864 καὶ
2640 2812 2741 2879 τήν
2777 2809 2982 2885 βουλὴν
3016 2810 3402 2881 ἀνεκάλυπτεν,
3437 2813 3510 2875 ὡς
3543 2815 3753 2890 ἀνάγκη

2107 2907 2220 2955 τοῖν
2277 2898 2424 2954 δυοῖν
2486 2901 2705 2973 θάτερον
2749 2901 2963 2974 πρᾶξαι,
3023 2899 3057 2968 ἢ
3117 2899 3391 2956 συνθέσθαι
3447 2908 3564 2964 τοῖς
3623 2907 3756 2980 παρ’

2108 2990 2271 3044 αὐτοῦ
2328 2986 2651 3062 λεγομένοις
2685 2986 2721 3056 ἢ
2769 2995 2869 3057 τῆς
2905 2987 3147 3066 κεφαλῆς
3201 2990 3475 3066 ἀφαίρεσιν
3512 2991 3754 3062 ὑποστῆ-

2107 3081 2306 3143 σεσθαι,
2369 3077 2480 3132 εἶτα
2530 3077 2676 3147 τάξιν
2707 3076 2834 3148 μίαν
2867 3076 3048 3131 ἐκάλει
3107 3077 3196 3132 καὶ
3227 3078 3390 3133 πάλιν
3423 3077 3624 3149 ἄλλην,
3657 3085 3750 3137 καὶ

350 3103 414 3141 ac
450 3084 759 3149 militibus,
793 3083 901 3136 iter
922 3087 1010 3136 est
1041 3081 1369 3151 ingressus,
1403 3079 1609 3133 nuntio
1645 3081 1715 3133 ad
1748 3079 1993 3134 Comne-

351 3125 414 3141 ..υ
450 3125 759 3149 ......υ..,..υ,
797 3125 890 3136 ...η
923 3125 1010 3136 ν--
1043 3125 1369 3151 ...συηνη
1404 3125 1606 3133 .._---.-
1645 3125 1715 3133 _..
1752 3125 1963 3134 ----...-

351 3191 493 3228 num
529 3169 850 3244 praemisso,
885 3186 993 3223 sua
1017 3185 1078 3222 se
1110 3173 1263 3222 recte
1295 3168 1716 3238 composuisse,
1743 3168 1990 3239 jamque
2029 3125 2070 3191 Ο

347 3279 479 3317 cum
513 3259 720 3316 validis
750 3258 934 3330 copiis
965 3258 1301 3312 adventare.
1331 3257 1431 3311 llis
1473 3257 1691 3311 auditis
1743 3259 1986 3312 Comne-

346 3368 480 3415 nus,
515 3351 613 3422 qui
655 3350 937 3404 hactenus
971 3347 1214 3400 timidus
1248 3347 1435 3400 fuerat
1489 3352 1664 3416 atque
1722 3347 1986 3417 pavidus,

343 3442 606 3495 animum
636 3438 854 3508 recepit
887 3437 991 3491 hoc
1022 3436 1145 3490 vis‘o
1178 3441 1383 3505 estque
1433 3436 1620 3490 factus
1670 3435 1983 3490 audacior:

342 3532 657 3585 adventum
691 3535 884 3582 tamen
921 3525 1189 3582 Ambusti
1222 3526 1657 3595 exspectavit.ls
1686 3526 1745 3579 in
1779 3525 1984 3581 itinere

345 3619 748 3673 Armeniacam
773 3616 944 3671 etiam
973 3613 1650 3684 legionem,quamquam
1673 3613 1982 3685 nolentem,

340 3711 428 3764 sui
462 3709 608 3777 iuris
643 3707 795 3768 fecit,
833 3705 1143 3776 provinciae
1170 3704 1534 3774 principibus
1581 3705 1792 3774 partim
1829 3708 1981 3761 ultro

339 3813 398 3851 se
431 3797 480 3849 ei
514 3791 1212 3865 adjungentibus,partim
1243 3791 1347 3845 hoc
1383 3796 1446 3845 ut
1468 3792 1724 3846 facerent
1744 3793 1976 3849 coactis.

340 3891 529 3956 Atque
589 3884 902 3938 itineribus
949 3880 1177 3949 magnis
1227 3880 1295 3933 ad
1371 3882 1731 3934 Comnenum
1806 3883 1978 3938 venit.

334 3973 665 4028 Comnenus
691 3969 889 4025 omnia
932 3970 1057 4038 jam
1116 3983 1225 4020 sua
1270 3972 1432 4021 extra
1482 3967 1803 4036 periculum
1853 3987 1981 4026 esse

333 4062 646 4124 arbitrans,
675 4075 910 4114 uxorem
945 4062 1002 4112 et
1029 4058 1370 4110 thesaurum
1403 4055 1619 4109 Joanni
1657 4059 1818 4111 fratri
1873 4076 1980 4114 suo

333 4166 612 4220 germano
642 4145 1349 4214 tradit,Pemolissamque
1373 4144 1670 4206 amandat,
1704 4148 1856 4215 quod
1891 4155 1980 4204 est

333 4239 459 4307 rupi
496 4237 740 4292 insitum
775 4233 1078 4289 castellum
1106 4232 1174 4286 ad
1211 4232 1394 4302 ripam
1435 4230 1591 4285 llalis
1623 4232 1805 4287 Fuvii.
1855 4236 1978 4306 ipse

2103 3170 2192 3223 τὸν
2249 3165 2368 3220 ’ίσον
2398 3166 2599 3238 τρόπον
2648 3170 2822 3220 ποιῶν
2871 3167 3071 3227 πάντας
3117 3168 3205 3220 καὶ
3257 3169 3486 3228 ἄκοντας
3526 3165 3751 3246 ὥρκισε.

2096 3257 2201 3314 Καὶ
2277 3262 2491 3331 πρῶτον
2579 3255 2672 3328 μὶν
2753 3255 3055 3330 ὑπηγάγετο
3138 3255 3204 3309 τὰ
3279 3253 3374 3310 δύο
3457 3259 3752 3330 Ῥωμαϊκᾶ

2094 3345 2344 3421 τάγματα
2377 3390 2391 3414 ,
2457 3345 2569 3416 μετ’
2627 3342 2804 3398 ἐκεῖνα
2863 3341 2921 3398 δὲ
2974 3344 3064 3399 καὶ
3121 3344 3249 3406 τοὺς
3307 3345 3542 3408 οἰκείους
3601 3352 3742 3422 (5ολ

2097 3431 2282 3489 ἔπειτα
2309 3435 2394 3488 καὶ
2442 3439 2559 3495 τοῖς
2593 3432 2643 3502 ἐξ
2675 3431 2839 3495 ἐθνῶν
2872 3435 3192 3508 προσήγαγε
3248 3434 3342 3496 τὰς
3399 3429 3741 3509 προσϐολάς.

2093 3521 2316 3594 Ῥᾳδίως
2351 3520 2407 3576 δὲ
2433 3522 2660 3585 τούτους
2687 3519 3174 3594 καταπληξάμενος
3223 3523 3314 3577 καὶ
3363 3519 3507 3597 ὅρκῳ
3565 3523 3741 3596 ἔμπε-

2093 3609 2402 3684 δωσάμενος
2449 3611 2541 3664 καὶ
2587 3607 2696 3680 ἤδη
2752 3609 2802 3664 ἐι
2868 3615 2948 3682 τῷ
2995 3607 3186 3688 ἀφόϐῳ
3240 3611 3548 3686 γενόμενος,
3607 3614 3738 3672 τοὺς

2093 3695 2464 3770 Σεϐαστηνοὺς
2507 3699 2597 3752 καὶ
2643 3698 2769 3752 τοὺς
2822 3697 3160 3769 Μελιτηνοὺς
3206 3701 3293 3755 καὶ
3345 3700 3471 3762 τοὺς
3517 3703 3579 3756 ix
3632 3710 3735 3770 τῆς

2089 3796 2353 3867 Τεφρικῆς
2405 3789 2491 3842 καὶ
2538 3792 2645 3841 τῶν
2705 3786 2916 3842 λοιπῶν
2976 3788 3269 3862 Ἀρμενίων
3331 3791 3598 3864 ἄρχοντας
3646 3792 3737 3846 καὶ

2091 3879 2421 3938 στρατιώτας
2480 3875 2828 3949 συναθροίσας
2875 3876 3054 3949 ἥψατο
3092 3884 3191 3945 τῆς
3238 3878 3482 3953 πορείας,
3525 3881 3737 3954 προάγ-

2087 3966 2247 4042 γελον
2309 3964 2522 4026 στείλας
2580 3966 2714 4039 πρὸς
2770 3965 2860 4019 τὸν
2918 3965 3224 4037 Κομνῃνὸν,
3286 3967 3360 4027 ὡς
3420 3965 3502 4036 ε’ίη
3555 3988 3614 4022 τε
3669 3971 3736 4022 τὰ

2087 4057 2201 4110 κατ’
2260 4055 2418 4109 αὐτὸν
2475 4055 2528 4108 εὖ
2588 4051 2828 4121 διαθεὶς,
2896 4054 2984 4108 καὶ
3045 4055 3118 4116 ὡς
3169 4051 3277 4124 ἤδη
3336 4056 3542 4110 κάτεισι
3599 4058 3736 4128 μετὰ

2091 4145 2310 4220 βαρείας
2365 4141 2669 4214 δυνάμεως·
2726 4140 2895 4198 Αὖται
2953 4139 3011 4196 δὲ
3065 4143 3118 4196 αἱ
3177 4142 3426 4218 ἀγγελίαι
3461 4143 3733 4217 θυμηδίας

2084 4255 2143 4287 τε
2193 4233 2282 4286 καὶ
2345 4230 2593 4302 λήματος
2645 4229 2964 4302 ἐμπιπλῶσι
3016 4230 3107 4285 τὸν
3163 4233 3474 4304 Κομνηνὸν,
3506 4233 3597 4287 καὶ
3627 4232 3732 4295 ἓως

332 4342 463 4380 cum
500 4325 769 4379 universo
791 4321 1044 4377 exercitu
1103 4319 1450 4389 h‘angarium
1501 4335 1732 4375 amnem
1785 4329 1976 4379 trans-

2114 4323 2287 4376 κείνου
2369 4319 2743 4392 ἀτολμότατος
2833 4319 2922 4374 καὶ
3017 4322 3376 4396 κατεπτηχὼς
3469 4323 3732 4398 ὑπάρχων

330 4430 590 4486 gressus,
619 4413 826 4467 faustis
858 4408 1376 4465 acclamationibus
1399 4416 1455 4461 et
1483 4408 1976 4478 gratulationibus

2119 4409 2496 4484 ολμηρότερος
2553 4409 2641 4462 ἀπ’
2700 4407 2902 4462 ἐκείνου
2951 4408 3040 4462 καὶ
3097 4409 3534 4485 θαῤῥαλεώτερος
3590 4412 3731 4487 γίνε·

332 4501 681 4568 celebratus,
704 4499 860 4554 lento
887 4499 1119 4552 incessu
1145 4497 1216 4551 ad
1251 4495 1502 4552 Nicaeam
1537 4499 1741 4554 tendit.
1788 4500 1972 4557 Nove-

2119 4521 2208 4556 αι.
2276 4501 2468 4570 ’Ὁμως
2525 4495 2824 4570 προσέμενε
2880 4499 2978 4565 τὴν
3037 4497 3242 4552 ἐκείνου
3295 4487 3614 4573 παρουσίαν.
3676 4502 3732 4554 Ὀ

1523 4640 1877 4699 XYLANDRI
1916 4646 2005 4700 ET
2043 4644 2259 4700 GOABI
2299 4641 2528 4697 NOT/E.

396 4743 510 4812 (49)
533 4743 679 4808 Quid
712 4742 820 4796 hoe
852 4739 1116 4812 vocabuli
1149 4738 1244 4812 sit,
1270 4737 1481 4812 quidve
1512 4736 1602 4812 rei
1651 4739 1961 4810 significet,
2075 4741 2341 4812 essehoc
2373 4757 2406 4793 a
2437 4739 2853 4810 congressibus
2890 4739 3363 4796 militum.Verba
3393 4740 3522 4811 ejus
3555 4747 3731 4798 sunt:

328 4807 800 4870 no'ndnmdidici.
839 4807 1307 4880 Χγι..⁷Αδνοόμιον
1341 4807 1907 4883 άεβσνίριίο-τήιίὶιυηι
1941 4807 1974 4868 a

2113 4809 2350 4865 Ανοίκεια
2459 4807 2624 4862 ταῦτα
2705 4815 2822 4870 ταῖς
2905 4814 3012 4862 τῶν
3099 4807 3439 4883 στρατιωτῶν
3534 4831 3730 4864 συντυ-

329 4886 600 4946 tribunis.
634 4881 1576 4956 exercitusrduceﬁelquandoque
1607 4880 1678 4956 ab
1709 4881 1966 4956 ipsoim-
2081 4881 2256 4956 χίαις.
2288 4883 2356 4936 Et
2389 4881 2833 4956 sane_videnttir
2863 4882 3046 4956 multo
3073 4880 3294 4956 iustius
3325 4884 3462 4937 talia
3525 4900 3734 4956 repre-

329 4903 600 4946 ιτιῡιιῐιιε,
634 4903 920 4940 ΘΧΘΙὋΙΗΙΞ
952 4903 1576 4954 αυῠθμϐιιιυαηυυιιυυ
1607 4903 1678 4932 uu
1711 4903 1966 4950 1p301m-
2081 4903 2254 4956 χιαις.
2289 4903 2356 4936 [DL
2389 4903 2528 4934 sane
2559 4903 2833 4936 νιιιθιιιυῐ·
2864 4903 3046 4936 [11111ῐο
3073 4903 3294 4949 JUSUUS
3325 4903 3462 4937 ιᾶιιη
3525 4903 3728 4954 repre-

327 4963 588 5026 peratore
611 4957 874 5010 facienda
892 4955 995 5010 :illi
1019 4969 1150 5008 vero
1173 4952 1446 5026 exofticto
1469 4951 1850 5026 attendebaté
1872 4954 1968 5023 μὲ-
2082 4903 2260 5008 bendi
2293 4970 2466 5026 quam
2494 4953 2695 5008 Glauci
2719 4969 2850 5007 cum
2875 4955 3146 5008 Diomede
3169 4955 3524 5025 colloquium
3553 4955 3728 5011 illud.

322 5022 420 5100 γας
511 5024 931 5098 ἀδνουμιαστής,
1021 5039 1257 5100 magnus
1313 5022 1726 5100 adnu‘merahtor,
1800 5022 1969 5096 cujus

2113 5022 2322 5100 redinos'
2352 5025 2444 5077 bic
2475 5026 2794 5079 adnotandi
2832 5026 3002 5100 finem
3056 5022 3352 5100 t'acimusf
3385 5029 3600 5100 Caetera
3661 5044 3732 5082 ex

325 5091 426 5172 per
456 5115 518 5153 se
550 5091 704 5156 vices
739 5100 830 5172 hic
857 5091 1199 5165 exsequitur
1230 5091 1778 5172 imperator..G_oaa.
1814 5091 1886 5172 ω’
2080 5095 2343 5172 lectione
2413 5101 2468 5149 et
2554 5097 2991 5172 comparatione
3067 5096 3339 5172 alioru_m_
3368 5097 3726 5167 scriptorum

393 5170 504 5243 (50)
539 5176 699 5226 Forte
732 5171 830 5242 qui
889 5186 958 5222 ex
1004 5164 1070 5221 ea
1121 5165 1443 5243 _prov_incia_
1479 5164 1677 5243 scripti
1722 5166 1963 5243 _milita-
2080 5173 2302 5243 repetat
2330 5166 2508 5220 lector
2541 5184 2565 5243 :_
2590 5164 2705 5220 nos
2734 5167 2899 5243 enim
2947 5183 3133 5243 n_eque
3188 5164 3500 5222 voluimus
3532 5186 3729 5243 neque

322 5232 497 5296 ba‘nt.’
520 5232 1083 5312 Peregrinasautem
1120 5232 1380 5304 intelligo
1404 5232 1656 5312 Gallicas
1705 5236 1852 5312 duas
1910 5246 1967 5293 et
2080 5232 2379 5312 potuimus
2410 5239 2610 5312 omnia
2627 5239 2923 5312 persequi.
2956 5239 3018 5292 Et
3041 5232 3175 5307 quas
3210 5246 3484 5311 praeterea
3523 5241 3598 5295 de
3631 5232 3724 5295 re-

320 5304 830 5381 Rossicamfipse
872 5309 920 5379 ἐξ
982 5308 1146 5383 ἐθνῶν
1198 5312 1378 5383 vocat.
1434 5304 1596 5383 Quod
1650 5307 1819 5374 paulo
1879 5317 1966 5364 est

314 5387 602 5454 sequitur.
639 5378 960 5454 antequam
995 5378 1373 5454 Comneniaui
1405 5392 1542 5454 cum
1572 5378 1964 5454 imperatoriis

319 5447 880 5526 pugnarent,mutua
906 5453 1058 5526 inter
1079 5466 1185 5526 eos
1218 5450 1400 5526 fuisse
1431 5447 1652 5526 agitata
1675 5449 1965 5526 colloquia

314 5517 370 5579 et
400 5517 616 5580 alteros
650 5527 720 5579 ab
749 5524 951 5577 alteris
984 5522 1241 5575 vicissim
1276 5520 1345 5573 ad
1370 5517 1751 5575 defectionem
1800 5517 1960 5578 sulli~

314 5600 549 5666 citatos,
586 5613 703 5652 non
735 5595 990 5650 absurde
1021 5591 1319 5649 adnotavit
1374 5588 1672 5661 librarius,
1702 5590 1960 5650 alienum

2079 5312 2186 5364 bus
2223 5309 2766 5381 imperiitjpolitani
2801 5311 3108 5373 habemus,
3141 5309 3247 5364 suo
3273 5319 3533 5381 tempore
3583 5312 3724 5374 {Deo

2075 5380 2769 5446 volente)cvulgabimiis,
2807 5389 2868 5435 ut
2919 5381 3278 5436 doctioribus
3319 5380 3492 5436 simul
3548 5391 3728 5452 atque

2077 5452 2778 5507 indoctioribuslaborem
2817 5452 2927 5506 ista
2965 5455 3344 5522 conquirendi
3390 5457 3726 5509 scrutandi-

2073 5524 2572 5598 que‘minuamus,
2608 5541 2671 5578 ac
2708 5523 2987 5578 nonnulla
3018 5525 3193 5598 etiam
3229 5543 3354 5598 qua:
3386 5527 3579 5581 adhuc
3615 5544 3721 5582 nos

2074 5596 2350 5666 fugerunt
2377 5595 2572 5649 venati
2605 5611 3020 5667 proponamus.
3055 5597 3185 5652 XYL.
