4036 6194
820 240 847 249 σν

202 295 318 353 357

1340 290 1885 352 HISTORIARUM
1930 289 2480 354 COMPI‘INDIUM.

3499 306 3622 367 358

208 420 260 476 δὲ
309 422 362 477 έν
420 426 502 493 τῷ
547 422 784 477 κατιέναι
836 423 928 477 καὶ
974 422 1036 476 τὸ
1091 420 1276 496 τάγμα
1322 426 1429 476 τῶν
1489 422 1855 494 Ἀρμενιακῶν

1976 427 2066 478 rat
2095 424 2272 492 enim,
2303 425 2350 480 si
2381 425 2489 481 hac
2520 428 2662 483 urbe
2704 429 3008 501 potiretur,
3041 447 3105 488 se
3146 435 3218 489 ad
3249 434 3472 494 incerta
3504 440 3617 497 for-

220 512 306 565 καὶ
360 532 492 565 ακον
546 510 956 586 ὑπαγαγόμενος
1010 511 1097 565 καὶ
1126 511 1254 572 τοὸς
1298 515 1396 565 τοῦ
1442 509 1672 584 θέματος
1703 528 1865 581 κορυ-

219 598 428 675 φαίους,
488 600 582 660 οὕς
644 600 740 671 μὲν
791 599 1009 661 ἑκόντας
1064 597 1155 661 οὕς
1211 596 1270 654 δὲ
1324 596 1570 668 ἄκοντας,
1629 598 1719 653 καὶ
1763 598 1862 666 τὴν

213 688 427 762 πορείαν
495 688 785 753 ἐπιτείνας,
853 688 1027 751 ἐλθὼν
1109 688 1322 743 ἆνοῦται
1404 692 1484 759 τῷ
1565 690 1855 760 Κομνηνῷ.

206 779 339 833 Τότε
382 776 475 831 οὖν
539 776 742 839 ἐκεῖνος
798 776 850 830 έν
877 780 956 848 τῷ
986 776 1218 852 ἀσφαλεῖ
1262 776 1329 831 τὰ
1381 777 1499 830 κατ’
1530 775 1689 830 αὐτὸν
1724 776 1855 829 εἶναι

205 866 446 935 νομίσας,
513 867 599 937 [Ρ.
673 867 799 938 800]
876 866 976 933 τήν
1061 866 1159 937 μὶν
1205 870 1433 941 γυναῖκα
1488 864 1578 919 καὶ
1630 863 1688 919 ὅν
1742 863 1857 938 εἶχε

209 954 441 1008 πλοῦτον
502 954 721 1027 Ἰωάννῃ
769 958 847 1025 τῷ
899 950 1220 1030 αύταδέλφῳ
1273 950 1548 1030 παραδοὺς
1590 952 1857 1025 ἐκπέμπει

207 1047 335 1115 πρῦς
375 1044 438 1097 τὸ
492 1042 754 1121 φρούριον
807 1044 907 1112 τήν
956 1042 1314 1115 Πημόλισσαν
1343 1040 1537 1116 (πέτρα
1575 1038 1633 1096 δι
1661 1043 1697 1111 ἡ
1739 1047 1853 1110 11η-

213 1133 436 1204 pilius:
482 1132 632 1206 παρὰ
674 1131 739 1185 τὸ
783 1130 977 1207 χεῖλος
1027 1132 1252 1204 κειμένη
1303 1135 1403 1186 τοῦ
1444 1130 1653 1192 ’Ἅλυος
1683 1151 1855 1185 ποτα-

213 1226 352 1294 μοὶ),
406 1221 571 1281 αὐτὸς
616 1219 675 1275 δὲ
719 1219 850 1294 ἄρας
899 1221 1035 1293 μετά
1080 1220 1281 1284 παντὸς
1334 1223 1430 1274 τοῦ
1463 1224 1716 1296 στρατοῦ,
1765 1220 1855 1273 καὶ

209 1313 289 1364 τὸν
318 1311 619 1385 Σαγγάριον
670 1309 995 1383 περαιωθεὶς
1042 1309 1317 1382 ποταμὸν,
1353 1309 1639 1385 ἀπήρχετο
1672 1307 1854 1384 σχολῇ

212 1401 286 1452 καὶ
343 1395 515 1472 βάδην
576 1398 713 1473 πρὸς
772 1398 1016 1470 Νίκαιαν,
1051 1396 1390 1470 ὑμνούμενός
1446 1417 1506 1451 τε
1558 1396 1648 1451 καὶ
1703 1398 1853 1451 ἀνευ-

215 1486 554 1563 φημούμενος
585 1506 598 1518 ·
660 1487 885 1561 ἐγνώκει
949 1488 1051 1562 γάρ
1107 1486 1309 1555 ταύτην
1368 1484 1853 1558 παραστησάμενος

1978 518 2131 567 tunae
2162 529 2231 567 ea
2258 530 2360 584 pro
2392 517 2756 587 receptaculo
2788 518 2870 573 uti
2903 535 3074 590 posse
3100 546 3114 586 ;
3144 528 3201 577 et
3232 529 3460 598 tempus
3485 542 3622 586 con:

1976 602 2218 656 cedebat
2254 603 2606 660 exercitibus
2654 623 2721 661 ac
2765 607 3014 663 ducibus
3062 609 3397 681 imperatori
3430 617 3623 674 adhuc

1969 687 2142 743 ﬁdem
2191 692 2562 747 servantibus
2592 709 2658 748 ea
2690 695 2833 749 urbe
2874 699 3211 754 excedendi.
3264 702 3490 758 Etenim
3525 722 3623 761 co-

1966 777 2125 847 gnito
2172 780 2421 834 adventu
2481 783 2778 849 Gomneni,
2840 785 2941 855 qui
3002 786 3199 842 Nicaeae
3258 791 3408 847 627
3458 800 3625 850 erant

1966 866 2146 921 duces
2178 874 2349 936 atque
2399 869 2636 937 milites,
2695 873 2835 927 urbe
2869 874 3089 944 relicta,
3144 878 3361 936 milites
3405 882 3619 955 dilapsi

1967 955 2208 1010 domum
2239 958 2506 1028 quisquis
2537 976 2707 1014 suam
2740 978 2801 1016 se
2833 970 3197 1034 receperunt,
3224 969 3294 1023 de
3319 972 3619 1038 uxoribus,

1966 1045 2172 1099 liberis
2202 1046 2453 1118 aliisque
2499 1048 2869 1105 charissimis
2918 1055 3094 1108 rebus
3125 1056 3360 1112 solliciti
3395 1075 3408 1113 :
3442 1061 3620 1118 duces

1966 1134 2036 1188 ad
2074 1134 2485 1206 imperatorem
2521 1138 2947 1203 discesserunt,
3000 1145 3267 1199 nuntium
3304 1146 3355 1201 ei
3410 1149 3480 1203 de
3514 1151 3618 1205 ad—

1964 1226 2137 1277 ventu
2207 1226 2486 1280 Comneni
2555 1228 2886 1283 afferentes.
2947 1229 3013 1285 Ηι
3074 1240 3241 1287 erant
3298 1236 3620 1308 Lycbantes

1965 1310 2333 1367 orientalium
2367 1314 2485 1368 dux
2528 1316 2855 1386 copiarum,
2884 1318 3353 1393 Theophylaotus
3396 1326 3617 1383 Mania-

1965 1416 2060 1455 ces
2092 1405 2150 1454 et
2181 1401 2496 1473 Phyemius
2533 1404 2753 1474 Iberus,
2777 1405 3281 1466 Cbarsianitarum
3306 1413 3618 1488 phalangis

1966 1489 2167 1553 duces,
2202 1489 2487 1562 multique
2518 1492 2613 1546 alii
2649 1511 2760 1548 non
2793 1497 3115 1552 admodum
3144 1498 3423 1557 illustres.

217 1576 545 1649 ὁρμητήριον
576 1571 724 1650 ἔχειν
757 1575 892 1648 πρὸς
915 1576 983 1631 τά
1010 1582 1109 1644 τῆς
1138 1575 1317 1650 τύχης
1346 1569 1632 1644 ἀϐούλητα
1656 1574 1745 1628 καὶ
1777 1574 1949 1636 οὕτως
1979 1573 2065 1629 ἰπὶ
2097 1578 2161 1629 τά
2192 1575 2380 1651 πρόσω
2411 1584 2635 1652 χωρεῖν.
2671 1577 2885 1635 Ἑδίδου
2910 1579 3080 1637 δὲκαὶ
3110 1586 3294 1660 καιρὸν
3319 1587 3613 1665 ἀναχωρή-

220 1686 339 1726 σεως
368 1670 488 1725 τοῖς
518 1663 883 1738 στρατεύμασι
913 1665 1000 1718 καὶ
1031 1669 1150 1725 τοῖς
1181 1669 1509 1739 στρατηγοῖς
1540 1667 1658 1724 τοῖς
1688 1661 1806 1717 ὅσοι
1845 1663 2023 1718 πίστιν
2056 1662 2280 1739 ἐτήρουν
2311 1670 2390 1738 τῷ
2425 1665 2658 1740 βασιλεῖ.
2694 1669 2795 1724 Καὶ
2828 1670 2929 1744 γὰρ
2963 1668 3029 1740 δὴ
3052 1673 3142 1727 καὶ
3179 1675 3438 1746 μαθόντες
3468 1679 3619 1734 οὗτοι

216 1755 302 1820 τὴν
329 1754 464 1829 πρὸς
495 1752 724 1808 Νίκαιαν
755 1749 966 1807 ’ἐλευσιν
999 1752 1163 1807 αὐτοῦ
1196 1754 1490 1827 ὑπεχώρου
1521 1752 1705 1825 ἡρέμα
1735 1752 1823 1806 καὶ
1857 1749 2164 1819 διελύοντο,
2194 1754 2245 1807 οἱ
2294 1754 2387 1826 μὲν
2440 1762 2764 1830 στρατιῶται
2818 1756 3000 1814 οἶκαδε
3031 1759 3256 1824 ἕκαστος
3304 1764 3477 1820 ἀπιὼν
3533 1769 3620 1822 οἷα

218 1843 325 1914 περὶ
356 1839 615 1916 γυναικὸς
649 1841 740 1895 καὶ
772 1839 979 1895 παίδων
1009 1841 1099 1895 καὶ
1129 1846 1236 1896 τῶν
1270 1838 1456 1896 ἄλλων
1490 1837 1683 1902 δεδιὼς
1716 1841 2173 1915 ἀναγκαιοτάτων·
2204 1844 2255 1896 οἱ
2288 1841 2345 1898 δὲ
2370 1846 2666 1920 στρατηγοὶ
2696 1846 2935 1919 ἀπῄεσαν
2960 1850 3096 1925 πρὸς
3121 1850 3369 1926 βασιλέα,
3394 1853 3617 1931 ἄγγελοι

218 1938 305 1999 τῆς
334 1931 562 2007 ἀφίξεως
589 1934 689 1985 τοῦ
720 1934 1012 2002 Κομνηνοῦ
1039 1930 1220 2002 τούτῳ
1244 1930 1549 2019 γινόμενοιί
1600 1930 1767 1986 Ἦσαν
1816 1928 1874 2019 δε
1922 1931 2202 2001 Λυκάνθης
2251 1952 2310 1986 τε
2339 1934 2367 1987 6
2412 1938 2521 1988 τῶν
2555 1935 2924 1991 Ἀνατολικῶν
2956 1939 3246 2015 κατάρχων
3301 1928 3615 2019 ταγμάτων,

221 2019 583 2097 ϐεοφύλακτος
618 2020 648 2074 6
679 2018 963 2089 Μανιάκης
992 2020 1082 2073 καὶ
1105 2021 1376 2093 ιινυέμιος
1406 2021 1429 2073 ’ἰ
1459 2013 1622 2093 Ἵϐηρ
1650 2022 1749 2088 τῆς
1778 2018 2057 2096 φάλαγγος
2085 2025 2193 2074 τῶν
2227 2022 2597 2096 Χαρσιανιτῶν
2631 2013 3185 2098 ἡγεμονεύοντες,καὶ
3215 2013 3613 2090 ἄλλοι-πολλοὶ

221 2109 273 2161 οὐ
302 2108 420 2164 λίαν
452 2106 681 2184 ἔχοντες
711 2109 775 2163 τὸ
804 2107 961 2179 έπίση
974 2130 1096 2181 μον.

279 2213 413 2285 Ἤδη
448 2212 506 2269 δὲ
538 2215 630 2269 καὶ
664 2216 692 2269 6
750 2213 1007 2290 βασιλεὺς
1044 2215 1378 2289 γνωσθείσης
1407 2218 1559 2290 αύτῷ
1581 2224 1681 2286 τῆς
1713 2215 1853 2270 ἀπο-
1886 2223 1934 2287 Β

221 2305 419 2366 στασίας
454 2348 469 2371 ,
531 2305 620 2358 καὶ
679 2303 868 2370 ὅτιπερ
924 2306 959 2373 ἡ
1014 2309 1156 2359 πᾶσα
1224 2305 1333 2377 ἑῴα
1384 2307 1665 2379 Ῥωμαϊκή
1727 2305 1852 2380 χεὶρ

223 2393 347 2461 πλὴν
408 2392 619 2467 ὀλίγων
684 2393 963 2463 κεκίνηται
1016 2396 1133 2448 κατ’
1192 2393 1381 2465 αύτοῦ,
1442 2391 1700 2467 πρέσϐεις
1755 2395 1850 2466 μὲν

224 2482 325 2557 περὶ
380 2482 613 2556 εἰρήνης
661 2482 762 2537 οὐκ
791 2480 1080 2554 ἐδοκίμαζε
1134 2484 1391 2555 πέμπειν,
1451 2483 1629 2558 ἀρχὴν
1673 2481 1729 2538 δὶ
1752 2490 1851 2552 τῆς

224 2570 535 2631 ἀποστασίας
606 2566 685 2624 ἔτι
744 2569 984 2645 ἐχούσης
1037 2571 1125 2625 καὶ
1176 2569 1490 2648 φλεγμονὴν
1548 2576 1655 2627 τῶν
1716 2592 1849 2637 πραο

221 2660 424 2733 γμάτων
473 2658 844 2733 ηὗτρεπίζετο
904 2660 995 2715 καὶ
1054 2659 1239 2729 αὐτὸς,
1291 2660 1381 2715 καὶ
1439 2662 1577 2737 πρὸς
1631 2661 1855 2714 ἀντιπα-

226 2748 418 2816 ράταξιν
473 2749 567 2802 τὸν
623 2746 811 2802 ἐνόντα
864 2748 1065 2822 τρόπον
1122 2747 1425 2818 ὡπλίζετο.
1486 2748 1855 2807 Μεταστειλά-

232 2858 368 2907 μενος
392 2837 492 2912 γὰρ
540 2838 638 2898 τάς
689 2835 908 2901 δυτικάς
955 2839 1157 2899 ἁπάσας
1209 2835 1482 2910 δυνάμεις,
1531 2837 1622 2893 καὶ
1667 2838 1853 2913 ἄρχειν

228 2926 413 2981 τούτων
467 2926 577 2981 ἀπὸ
634 2930 747 2997 τῷν
806 2924 1124 2982 Μακεδόνων
1172 2926 1333 2998 τάξας
1388 2926 1514 2989 τοὺς
1565 2925 1624 2982 ἐκ
1669 2925 1857 3002 γένους

233 3010 469 3088 λαμπροῦ
558 3019 652 3068 καὶ
746 3013 808 3069 ἐκ
886 3016 1355 3090 προηγησαμένων
1448 3016 1854 3090 ἀριστευμάτων

239 3099 535 3175 εὐδοκίμους
590 3104 873 3174 φανέντας,
933 3102 1203 3175 ἀξιώμασί
1263 3125 1320 3159 τε
1375 3104 1466 3160 καὶ
1526 3102 1726 3181 δώροις
1768 3105 1858 3158 καὶ

237 3187 498 3262 διανομαῖς
587 3193 898 3266 χρημάτων
985 3193 1231 3271 ἀφθόνως
1314 3192 1858 3271 φιλοφρονησάμενος

236 3279 311 3332 καὶ
360 3280 480 3342 τοὺς
537 3280 818 3354 ἡγεμόνας
876 3280 968 3335 καὶ
1025 3281 1151 3343 τοὺς
1182 3283 1536 3357 στρατιώτας,
1593 3282 1660 3338 τὰ
1687 3303 1859 3358 παρα.

241 3366 423 3438 πλήσια
472 3367 529 3423 δὲ
581 3372 817 3439 ποιήσας
869 3370 957 3424 καὶ
1014 3371 1151 3445 πρὸς
1196 3372 1265 3426 τδ.
1322 3372 1398 3443 μή
1457 3371 1862 3446 συναπαχθέντα

241 3454 332 3527 ἑῴα
374 3456 621 3530 τάγματα
673 3461 753 3528 τῷ
811 3459 1082 3530 Κομνηνῷ
1137 3458 1260 3526 ἤτοι
1317 3457 1443 3519 τοὺς
1510 3457 1862 3518 ἀνατολικοὺς

240 3544 460 3605 καὶτοὺς
510 3545 571 3599 ἐκ
616 3549 715 3599 τοῦ
749 3550 1078 3621 Χαρσιανοῦ,
1128 3546 1216 3600 καὶ
1266 3546 1566 3621 στρατηγὸν
1600 3546 1862 3621 αὐτοκρά-

241 3651 353 3703 τορα
392 3633 474 3687 καὶ
506 3633 749 3708 ἄρχοντα
773 3635 923 3706 αύτῷ
967 3629 1384 3710 προϐαλομενος
1413 3635 1504 3689 τὸν
1539 3632 1858 3707 δομέστικον

238 3727 321 3788 τῆς
351 3722 643 3791 Ἀνατολῆς
675 3720 1078 3795 Θεόδωρον,τὸν
1102 3731 1203 3794 τῆς
1233 3723 1556 3799 βασιλίσσης
1577 3722 1858 3798 Θεοδώρας

238 3808 495 3885 εὖνοῦχον,
546 3808 824 3883 παραδοὺς
877 3810 1025 3884 αύτῷ
1054 3813 1144 3867 καὶ
1178 3815 1518 3888 συνάρχοντα
1566 3811 1656 3867 καὶ
1716 3811 1859 3885 σύμ-

242 3891 438 3966 ϐουλον,
497 3899 574 3959 ὡς
604 3899 665 3953 ἃν
698 3899 753 3954 έν
814 3898 1049 3962 πολλοῖς
1081 3900 1417 3975 ἀγωνίσμασι
1445 3900 1691 3970 κατηθλη
1704 3900 1858 3974 μένον

243 3981 386 4060 ἄνδρα
434 3987 522 4042 καὶ
582 3985 820 4063 ἀδελφὸν
899 3989 1217 4065 ὑπάρχοντα
1284 3996 1384 4058 τῆς
1452 3990 1706 4065 γυναικὸς
1765 3994 1861 4044 τοῦ

245 4073 528 4144 Κομνηνοῦ,
604 4077 696 4131 τὸν
779 4072 1076 4153 μάγιστρον
1154 4078 1384 4151 Ἀαρὼν,
1458 4079 1547 4133 καὶ
1632 4078 1860 4146 Δούκαν,

2038 2221 2378 2284 Imperator,
2412 2223 2477 2273 ut
2505 2220 2577 2273 de
2602 2235 2671 2278 ea
2701 2220 3025 2277 defectione
3056 2226 3291 2280 rescivit
3318 2244 3384 2282 ac
3414 2235 3614 2286 contra

1964 2323 2025 2361 se
2058 2306 2173 2361 fere
2202 2322 2406 2361 omnes
2439 2307 2836 2363 Romanorum
2872 2311 3072 2380 copias
3105 2318 3335 2369 coortas
3366 2318 3613 2386 audivit,

1962 2393 2185 2464 legatos
2218 2395 2287 2449 de
2336 2410 2474 2465 pace
2516 2396 2747 2451 mittere
2778 2395 2986 2464 noluit,
3021 2399 3188 2455 initio
3221 2418 3408 2458 rerum
3445 2422 3617 2461 nova-
3654 2424 3655 2433 η

1963 2500 2094 2538 rum
2127 2484 2320 2537 adhuc
2351 2482 2629 2538 omnibus
2660 2483 3067 2556 ﬂagrantibus.
3106 2494 3308 2561 Itaque
3340 2497 3405 2546 ut
3434 2511 3525 2549 res
3554 2496 3613 2550 in

1965 2572 2272 2643 praesentia
2304 2573 2584 2639 ferebant,
2617 2572 2743 2643 ipse
2784 2590 3018 2645 quoque
3067 2578 3137 2632 ad
3170 2578 3387 2636 bellum
3419 2599 3482 2638 se
3512 2601 3612 2656 pa-

1965 2664 2073 2714 rat.
2106 2664 2322 2715 Omnes
2353 2661 2744 2717 occidentales
2787 2663 2984 2733 copias
3015 2671 3233 2726 evocat.
3267 2668 3458 2739 iisque
3499 2675 3613 2727 Ma-

1964 2748 2214 2803 cedones
2240 2748 2419 2804 duces
2471 2750 2729 2820 prmﬁcit,
2782 2766 2991 2821 genere
3022 2757 3080 2807 et
3129 2755 3302 2810 rebus
3333 2760 3514 2827 gestis
3548 2760 3614 2815 il-

1964 2834 2218 2903 lustres;
2252 2844 2310 2891 et
2352 2854 2482 2892 cum
2517 2839 2717 2906 duces,
2768 2844 2895 2893 tum
2932 2840 3147 2896 milites
3200 2844 3518 2903 honoribus
3550 2866 3614 2904 ac

1965 2922 2377 2995 largitionibus
2406 2933 2464 2982 et
2492 2928 2788 2999 congiario
2816 2930 3165 2987 demeretur.
3194 2934 3408 2991 Eodem
3442 2939 3615 2994 modo

1966 3016 2177 3067 tractat
2210 3014 2381 3068 etiam
2433 3015 2742 3070 orientales
2793 3019 3099 3089 exercitus,
3131 3023 3229 3093 qui
3264 3024 3333 3078 ad
3367 3026 3613 3083 Comne-

1968 3118 2109 3156 num
2145 3119 2256 3157 non
2299 3104 2649 3165 defecerant.
2683 3110 2741 3159 et
2770 3107 3160 3175 Gharsianos;
3212 3112 3401 3184 iisque
3432 3116 3617 3186 impe-

1968 3195 2218 3245 ratorem
2254 3192 2488 3260 praeﬁcit
2522 3193 2908 3249 domesticum
2936 3196 3191 3253 Orientis
3222 3200 3620 3272 Theodorum,

1966 3278 2281 3334 Theodore
2333 3282 2606 3349 Augustae
2655 3283 3016 3348 eunuchum,
3047 3286 3200 3342 628
3250 3290 3529 3357 adjuncto
3571 3295 3621 3347 ei

1970 3365 2192 3439 collega
2221 3384 2288 3422 ac
2314 3368 2648 3423 consiliario
2682 3373 2898 3423 Aarone
2930 3370 3089 3427 Duca
3118 3376 3419 3447 magistro,
3444 3380 3622 3437 fratre

1971 3457 2168 3512 uxoris
2198 3456 2498 3523 Comneni,
2522 3458 2643 3512 viro
2675 3457 2876 3513 multis
2899 3461 3317 3520 certaminibus
3340 3469 3619 3524 exercita-

1971 3550 2048 3600 to.
2079 3550 2190 3600 Hos
2212 3561 2345 3614 ergo
2376 3546 2523 3601 duos
2554 3562 2685 3600 cum
2722 3546 2903 3617 copiis
2928 3549 3102 3603 mittil
3139 3552 3418 3611 adversus
3449 3559 3620 3612 Com-

1973 3650 2213 3697 nennm,
2246 3634 2405 3704 iique
2431 3651 2463 3689 ει
2501 3634 2839 3705 Chrysopoli
2873 3638 3258 3713 trajecerant]
3279 3648 3337 3698 et
3358 3644 3624 3700 Nicome-

1968 3724 2124 3777 diam
2158 3727 2460 3787 venerunt,
2508 3723 2644 3778 inde
2696 3724 2894 3780 missis
2939 3726 3037 3797 qui
3085 3728 3351 3801 Sangarii
3389 3741 3619 3804 pontem

1967 3811 2269 3877 deiiciant,
2303 3829 2375 3866 ne
2410 3812 2578 3867 facile
2609 3814 2885 3868 accedere
2908 3822 3106 3885 posset
3134 3822 3488 3882 Comnenus,
3522 3827 3622 3879 sed

1969 3901 2218 3957 circuitu
2254 3901 2335 3955 uti
2386 3906 2623 3955 coactus
2671 3918 2782 3967 non
2838 3903 3087 3960 falleret.
3116 3906 3260 3963 Hinc
3293 3911 3362 3964 ad
3398 3913 3617 3985 Sopho-

1970 4006 2102 4045 nem
2139 3996 2393 4044 montem
2430 3991 2906 4061 progrediuntur,
2923 4008 2989 4046 ac
3020 3996 3227 4064 positis
3257 3997 3335 4052 ibi
3362 4002 3626 4058 munitis-

1971 4095 2086 4150 que
2117 4078 2325 4133 castris
2354 4077 2503 4133 bello
2529 4095 2589 4134 se
2623 4086 2849 4149 parant.

247 4158 481 4232 ἐκπέμπει
512 4165 650 4237 πρὸς
676 4163 1092 4239 ἀντιπαράταξιν
1120 4171 1208 4237 τῷ
1237 4170 1528 4237 Κομνηνῷ,
1562 4161 1952 4228 Ἀναλαϐόντες
1984 4163 2074 4219 οὖν
2108 4163 2256 4219 οὗτοι
2280 4165 2332 4218 οἱ
2363 4162 2459 4218 δύο
2482 4166 2577 4227 τάς
2606 4166 2898 4241 εἱρημένας
2931 4165 3206 4242 δυνάμεις,
3256 4175 3345 4229 καὶ
3395 4173 3483 4232 διὰ
3526 4181 3626 4247 τῆς

242 4248 587 4327 ἀντιπόρθμου
614 4257 685 4326 τῇ
714 4252 872 4308 πόλει
907 4252 1337 4328 Χρυσουπόλεως
1366 4256 1776 4330 περαιωθέντες,
1807 4254 2055 4323 ἀπῆλθον
2089 4253 2139 4307 ἐν
2174 4251 2533 4325 Νικομηδεία.
2569 4255 2776 4310 Ἐκεῖσέ
2803 4276 2860 4310 τε
2888 4257 3169 4331 γενόμενοι
3191 4261 3498 4337 πέμψαντες
3528 4288 3623 4322 κα-

245 4344 462 4414 θαιροῦσι
488 4342 589 4410 τὴν
620 4346 717 4396 τοῦ
752 4343 1081 4418 Σαγγάρεως
1110 4348 1360 4415 ποταμοῦ
1391 4344 1649 4421 γέφυραν,
1676 4344 1825 4406 ὅπως
1861 4345 1936 4416 μή
1970 4339 2195 4402 εὔκολος
2225 4342 2310 4412 εἳη
2337 4346 2417 4413 τῷ
2460 4345 2727 4428 Κομνηνῴ
2773 4346 2806 4413 ἡ
2850 4345 2926 4405 εἰς
2974 4346 3170 4412 αὐτοὺς
3216 4348 3428 4428 ἔφοδος,
3481 4354 3627 4410 ἀλλὰ

252 4422 327 4479 δια
351 4426 595 4504 περιόδου
638 4432 904 4505 γινομένη
943 4433 1018 4504 μή
1053 4431 1315 4507 λανθάνῃ.
1350 4434 1581 4489 Ἐκεῖθέν
1611 4454 1670 4488 τε
1699 4431 2091 4492 ἀπαναστάντες
2123 4429 2359 4499 ἀνῆλθον
2392 4429 2468 4494 εἷς
2493 4431 2557 4485 τὸ
2589 4426 2715 4506 ὅρος
2743 4434 2834 4487 τὸν
2871 4435 3119 4513 Σόφωνα,
3170 4422 3385 4497 κάκεῖσε
3417 4422 3627 4520 -τρατο-

249 4514 434 4573 πεδείαν
464 4521 765 4593 πηξάμενοι
799 4520 1005 4597 ὀχυράν
1036 4523 1103 4576 τά
1133 4521 1185 4583 ἐς
1212 4523 1304 4577 τὸν
1330 4521 1576 4596 πόλεμον
1606 4522 1952 4599 ἐξηρτύοντο.

310 4623 394 4676 Καὶ
422 4625 449 4679 6
496 4626 783 4698 Κομνηνὸς
844 4623 903 4680 δὲ
954 4626 1271 4702 ἁπανταχοῦ
1303 4627 1541 4691 σκοποὺς
1571 4626 1862 4702 ἐκπέμπων

250 4712 322 4762 καῖ
365 4721 722 4787 κατοπτῆρας,
778 4717 863 4787 [Ρ.
896 4717 1021 4788 801]
1079 4713 1217 4770 ὥστε
1267 4714 1434 4789 μηδὲν
1500 4721 1609 4771 τῶν
1642 4718 1864 4793 γινομέ-

246 4819 335 4850 νων
363 4799 680 4875 ἀγνοηθῆναι
722 4803 890 4870 αύτῷ,
940 4803 1158 4880 ἐπείπερ
1208 4798 1373 4877 ἔμαθε
1416 4806 1512 4867 τάς
1562 4806 1865 4881 ἀκρωρείας

248 4891 328 4938 τοῦ
381 4891 627 4963 Σόφωνος
673 4889 784 4962 ἤδη
841 4898 1131 4967 κατασχεῖν
1182 4892 1311 4956 τοὺς
1339 4895 1463 4969 περί
1493 4895 1582 4949 τὸν
1612 4892 1863 4968 δομέστι-

250 4992 345 5042 ιον,
409 4979 493 5033 καὶ
566 4979 726 5043 αὐτὸς
808 4984 1200 5056 ταχυπορήσας
1282 4978 1687 5057 καταλαμϐάνει
1763 4985 1861 5052 τὴν

2047 4628 2381 4684 Comnenus
2430 4631 2648 4697 autem,
2683 4631 2782 4700 qui
2836 4630 2895 4685 in
2928 4648 3135 4690 omnes
3183 4641 3379 4709 partes
3418 4639 3626 4695 dimis-

1975 4716 2057 4773 sis
2088 4715 2556 4788 exploratoribus
2604 4716 2749 4772 nihil
2782 4734 2980 4776 eorum
3035 4740 3163 4795 quas
3211 4726 3624 4799 ﬂebantigno-

1974 4807 2163 4875 tabat,
2213 4821 2344 4858 cum
2398 4806 2834 4861 renuntiaretur
2882 4810 3272 4869 domesticum
3323 4833 3453 4873 cum
3501 4819 3628 4874 suis

1966 4897 2091 4967 jam
2125 4893 2351 4947 radices
2400 4893 2691 4965 Sophonis
2745 4912 3084 4969 occupasse,
3136 4902 3397 4961 celeriter
3448 4908 3631 4979 prol'c-

1977 4988 2107 5039 ctus
2152 4982 2403 5036 Nicaeam
2458 4982 2646 5052 primo
2678 4984 2837 5039 aditu
2890 4996 3157 5062 occupat,
3210 4992 3407 5066 ibique
3453 4996 3627 5069 depo-

257 5062 465 5124 Νίκαιαν.
518 5070 611 5124 Καῖ
662 5070 866 5140 ταύτης
916 5069 966 5141 ἐξ
1015 5066 1212 5150 ἐφόδου
1241 5072 1426 5147 κύριος
1464 5073 1721 5149 γεγονὼς,
1777 5072 1860 5126 κπιῖ

1977 5072 2109 5127 sitis
2140 5070 2351 5142 opibus
2395 5070 2523 5125 suis
2573 5076 2748 5143 atque
2798 5077 3114 5147 superfluis
3167 5062 3627 5154 impedimentis,

256 5149 426 5230 ὅσαπερ
472 5159 582 5235 εἶχε
619 5160 884 5235 χρήματα
940 5159 990 5214 έν
1044 5159 1179 5234 αὐτῇ
1231 5161 1452 5226 ἀποθεὶς
1505 5162 1595 5216 καὶ
1652 5162 1717 5216 τά
1773 5182 1866 5215 πε-

259 5244 387 5312 ριττά
421 5250 512 5315 τῆς
548 5248 879 5318 ἀποσκευῆς,
930 5249 1020 5303 καὶ
1074 5250 1532 5328 ἀσφαλισάμενος,
1600 5253 1866 5329 πήγνυται

260 5330 578 5405 παρεμϐολὴν
655 5338 793 5393 κατά
855 5339 918 5393 τὸ
977 5338 1220 5414 ἀρκτῷον
1285 5340 1445 5416 μέρος
1502 5347 1602 5410 τῆς
1652 5339 1867 5403 πόλεῶς

262 5418 474 5485 Νικαίας.
529 5426 654 5482 ὅσον
720 5426 826 5481 ἀπό
883 5426 1117 5482 σταδίων
1148 5426 1380 5501 δώδεκα,
1409 5430 1624 5485 κάκεῖσε
1652 5428 1868 5498 αὐλίζε-

260 5525 350 5594 Ῠ²λ
402 5512 773 5590 Ἐξερχόμενοι
833 5516 925 5570 οὖν
983 5516 1074 5591 ἀφ’
1128 5518 1392 5594 έκατερων
1445 5522 1552 5573 τῶν
1578 5519 1866 5594 στρατοπέ-

262 5590 351 5649 δσον
392 5598 471 5654 έπῖ
495 5604 856 5681 χορτολογίαν
905 5604 959 5660 ο⁹ί
1010 5626 1068 5660 τε
1094 5611 1191 5660 τοῦ
1225 5608 1514 5681 Κομνηνοῦ
1544 5611 1869 5681 στρατιῶται

1978 5163 2123 5218 urbe
2165 5178 2230 5216 ea
2278 5160 2549 5232 praesidio
2602 5164 2852 5235 munita,
2888 5175 3081 5225 castra
3131 5178 3388 5230 metatus
3439 5181 3529 5231 est
3561 5179 3628 5233 ad

1977 5248 2499 5323 septentrionalem
2550 5250 2752 5308 Nicaeae
2801 5261 3046 5329 partem,
3102 5260 3167 5315 12
3217 5262 3332 5319 fere
3383 5256 3454 5320 ab
3488 5267 3631 5323 urbe

1978 5339 2204 5397 stadiis.
2255 5339 2401 5393 Cum
2447 5340 2520 5394 ab
2575 5347 2826 5416 utraque
2876 5353 3039 5417 parte
3071 5336 3288 5407 milites
3339 5369 3369 5408 e
3419 5358 3631 5412 castris

1978 5428 2325 5502 pabulatum
2360 5431 2787 5497 processissent
2817 5433 3108 5507 alterique
3141 5439 3199 5494 in
3232 5440 3451 5498 alteros
3482 5443 3631 5499 inci-

1978 5518 2225 5584 dissent,
2261 5520 2324 5569 ut
2352 5521 2520 5571 erant
2565 5521 2812 5603 gentiles
2864 5528 3093 5596 cognati
3146 5530 3438 5603 amicique
3480 5532 3633 5587 inter

1979 5623 2060 5671 se,
2121 5604 2339 5660 hortati
2389 5609 2530 5660 sunt
2596 5600 2950 5681 imperatorii
3018 5600 3362 5674 Comnonios
3430 5624 3494 5673 ut
3553 5619 3623 5673 ad
