4040 6196
341 310 458 369 359

1684 309 1999 369 GEORGII
2047 308 2385 370 CEDRENI

3631 313 3756 371 360

341 442 493 498 629
528 440 936 511 imperatorem
983 456 1015 494 a
1063 439 1357 494 Comneno
1391 440 1704 495 deﬁcerent
1738 445 1976 511 tyranno

2094 439 2181 492 καὶ
2217 440 2267 492 οἱ
2298 442 2394 492 τοῦ
2425 438 2701 493 ἀντιθέτου
2756 439 2977 513 μέρους,
3011 438 3099 492 καὶ
3133 436 3421 509 ἀλλήλους
3452 439 3750 514 ἐπιμιγνύ-

342 548 406 586 ac
441 528 752 601 perduelle,
788 544 969 598 neque
1000 528 1072 582 ob
1106 528 1279 582 unius
1312 528 1570 582 hominis
1602 527 1981 600 cupiditatem

342 637 408 675 eo
440 636 500 674 se
532 620 738 673 darent
770 617 864 672 ubi
900 617 1069 689 paulo
1118 623 1246 688 post
1294 617 1649 671 exauctorati
1681 633 1745 671 ac
1798 619 1983 672 fortu-

342 710 435 763 nis
466 707 669 773 eversi,
704 706 876 761 etiam
911 706 980 759 de
1012 705 1349 759 emittendis
1380 704 1565 759 oculis
1595 710 1793 760 essent
1836 705 1983 776 peri-

342 797 617 852 clitaturi.
652 800 860 849 Contra
883 794 1199 849 Commenii
1238 794 1633 864 imperatoriis
1661 795 1984 849 suadebant

342 893 407 942 ut
449 888 518 941 ab
550 903 615 940 eo
661 885 757 956 qui
810 900 1021 938 nomen
1074 883 1261 938 solum
1316 884 1686 953 imperatoris
1734 888 1980 955 gereret,

337 976 513 1030 homo
546 974 764 1044 alioqui
797 972 1035 1044 putidus
1068 978 1121 1027 et
1155 971 1374 1028 delirus
1398 990 1575 1027 senex
1606 980 1781 1044 atque
1812 972 1985 1026 inuti--

336 1066 427 1131 lis,
464 1069 520 1119 et
550 1063 647 1134 qui
702 1079 733 1116 a
783 1061 1144 1134 spadonibus
1198 1065 1515 1133 regeretur,
1562 1061 1881 1116 transirent
1912 1062 1980 1116 ad

336 1153 720 1215 Comnenum,
755 1152 939 1203 virum
978 1149 1124 1204 bello
1157 1148 1377 1204 clarum
1416 1156 1471 1205 et
1511 1150 1689 1219 gestis
1722 1149 1983 1220 imperiis

335 1241 658 1303 illustrem;
711 1239 784 1292 ob
834 1255 960 1309 quae
1020 1238 1291 1293 universa
1340 1239 1733 1293 Romanorum
1782 1239 1866 1293 vis
1923 1239 1980 1292 in

331 1330 549 1399 ipsum,
582 1326 759 1382 veluti
794 1344 825 1381 a
856 1327 1071 1381 circulo
1119 1329 1187 1382 ad
1245 1344 1425 1382 unum
1464 1333 1745 1399 punctum
1779 1344 1980 1382 omnes

328 1418 497 1472 lineae
533 1417 793 1471 unanimi
829 1416 1197 1471 etconstanti
1223 1416 1516 1471 voluntate
1540 1417 1979 1473 conﬂuxissent.

333 1507 531 1561 Neutri
582 1510 776 1560 tamen
830 1505 1042 1560 alteros
1094 1511 1520 1576 permoverunt.
1572 1508 1758 1575 Atque
1808 1507 1983 1560 ﬁebat

333 1596 444 1651 hoc
469 1596 664 1650 dedita
690 1611 865 1665 opera
898 1594 1170 1665 utrinque
1202 1595 1449 1650 ducibus
1482 1612 1579 1650 eos
1615 1595 1982 1650 mittentibus

331 1686 431 1757 qui
461 1686 531 1739 ad
578 1684 717 1738 talia
765 1683 1056 1755 colloquia
1108 1685 1409 1738 tractanda
1458 1690 1624 1739 erant
1672 1685 1884 1753 idonei,
1920 1689 1982 1738 ut

330 1774 590 1830 oratione
640 1774 709 1828 ad
763 1789 823 1827 se
868 1772 1081 1827 alteros
1130 1774 1509 1872 attraherent.
1559 1774 1821 1828 Tentatis
1880 1772 1977 1828 alii
2015 1810 2056 1872 Β

330 1864 593 1935 quandiu
645 1862 921 1933 utrinque
970 1861 1205 1925 animis,
1241 1866 1297 1917 et
1330 1862 1560 1917 nemine
1605 1863 1974 1927 assentiente,

331 1954 667 2008 Comnenus
696 1951 928 2005 interim
954 1968 1091 2005 suos
1117 1968 1287 2021 quam
1317 1950 1657 2022 parcissime
1689 1952 1978 2021 lignatum

329 2041 792 2112 pabulatumque
822 2040 905 2094 ire
928 2040 1313 2110 jubet,neque
1344 2039 1598 2111 procula
1619 2040 1827 2095 castris
1860 2039 1977 2093 dis-

328 2131 550 2186 cedere.
606 2129 723 2183 Hoc
774 2128 1132 2184 domesticus
1191 2134 1247 2183 et
1304 2129 1591 2199 praecipue
1639 2130 1980 2184 Macedones

328 2238 443 2292 pra:
479 2224 635 2273 metu
686 2218 806 2272 fieri
858 2217 1080 2288 Opinati
1135 2218 1331 2289 prielio
1379 2219 1807 2273 decernendum
1856 2223 1978 2273 sta-

329 2306 755 2372 tuunt.Quibns
786 2323 917 2360 cum
946 2306 1147 2377 reliqui
1170 2307 1260 2361 vel
1294 2307 1455 2361 inviti
1488 2308 1976 2379 obtemperarent,

328 2403 521 2453 castra
545 2394 905 2465 imperatorii
940 2398 1302 2450 transferunt
1332 2397 1401 2449 ad
1439 2397 1727 2459 Petroam,
1761 2396 1859 2467 qui
1893 2395 1977 2450 lo-

328 2503 432 2542 cus
463 2506 493 2539 a
524 2486 677 2539 030
710 2483 915 2539 castris
950 2484 1205 2538 hostium
1256 2486 1456 2539 aberat
1490 2486 1554 2538 15
1599 2487 1717 2540 lere
1748 2484 1975 2540 stadiis.

328 2576 471 2632 Cum
505 2574 730 2630 adversi
764 2573 1051 2627 exercitus
1086 2574 1167 2627 ita
1212 2573 1270 2626 in
1319 2573 1646 2644 propinquo
1695 2580 1891 2627 essent
1922 2578 1979 2626 et

329 2681 361 2719 a
391 2662 639 2718 ducibus
670 2662 971 2733 pugnandi
1008 2661 1338 2715 facultatem
1375 2667 1698 2732 poscerent,
1732 2664 1974 2717 Comne-

330 2770 441 2808 nus
481 2751 604 2807 suis
652 2751 981 2822 obsequens
1030 2750 1225 2804 educit
1270 2749 1573 2819 aciemque
1624 2750 1886 2813 instruit,
1919 2756 1975 2803 et

330 2842 569 2896 sinistro
602 2839 804 2894 cornui
837 2838 1212 2901 Ambustum,
1264 2839 1463 2893 dextro
1496 2839 1823 2893 Romanum
1854 2838 1963 2892 Dur

329 2947 458 2985 rum
494 2929 754 3000 praeficit,
786 2927 912 2998 ipse
938 2928 1193 2981 medium
1226 2931 1421 2982 tuens.
1453 2928 1816 2982 Uomesticus
1839 2945 1975 2998 quo-

327 3035 441 3090 que
489 3022 547 3072 et
594 3018 781 3071 Aaron
832 3018 986 3087 passi
1040 3021 1179 3069 sunt
1230 3016 1568 3086 persuaderi
1617 3016 1728 3070 sibi
1782 3022 1843 3069 ut
1902 3016 1972 3070 ad

328 3124 587 3179 pugnam
631 3106 931 3176 prodirent
980 3104 1280 3175 aciemque
1330 3104 1469 3158 aciei
1505 3105 1759 3159 hostium
1794 3122 1969 3175 oppo-

2097 548 2249 599 μενοι
2298 528 2384 581 οἷα
2436 525 2713 605 ὁμόφυλοι
2760 528 2849 581 καὶ
2910 533 3179 603 συγγενεῖς
3235 529 3324 582 καὶ
3370 527 3546 604 φίλοι,
3608 549 3747 602 προ-

2094 617 2380 692 ετρέποντ)
2412 615 2719 686 ἀλλήλους,
2753 617 2803 669 οἱ
2841 616 2933 688 μὶν
2976 617 3041 671 τὰ
3103 614 3370 691 βασιλέως
3423 622 3748 691 φρονοῦντες

2091 707 2185 760 τὸν
2244 706 2523 778 Κομνηνὸν
2587 704 2903 761 καταλιπεῖν
2966 705 3425 780 παρακαλοῦντες,
3480 707 3744 778 τύραννον

2093 791 2260 868 ἄνδρα
2289 796 2377 849 καὶ
2427 794 2757 866 ἀποστάτην,
2808 794 3006 866 καὶτῷ
3052 793 3269 869 βασιλεῖ
3316 802 3745 870 προσχωρῆσαι,

2093 884 2178 937 καὶ
2218 885 2292 955 μή
2352 881 2422 937 δι’
2465 882 2752 955 ἐπιθυμίαν
2792 882 2879 937 καὶ
2929 878 3099 957 ὄρεξιν
3144 883 3260 944 ἑνὸς
3296 881 3486 955 ἀνδρὸς
3548 882 3597 945 ἐς
3646 904 3741 937 το·

2094 976 2282 1025 σοῦτον
2328 969 2567 1026 κίνδυνον
2612 970 2788 1035 ἐλθεῖν
2849 972 2985 1026 ὥστε
3037 973 3169 1043 μετὰ
3222 972 3411 1046 μικρὸν
3451 972 3524 1045 μὴ
3572 972 3741 1044 μόνον

2092 1055 2356 1115 ἔκπτωσιν
2408 1067 2659 1134 στρατιᾶς
2711 1060 2797 1115 καὶ
2857 1061 3170 1135 περιουσίας
3223 1061 3538 1129 ὑποστῆναι,
3593 1060 3744 1116 ἀλλᾶ

2091 1151 2180 1203 καὶ
2242 1150 2372 1204 αὐτὸ
2421 1151 2481 1203 τὸ
2524 1148 2857 1224 γλυκύτατον
2913 1145 3213 1203 ἀποϐαλεῖν
3242 1147 3579 1203 κινδυνεῦσαι
3629 1154 3739 1202 τῶν

2093 1237 2356 1310 ὀμμάτων
2410 1239 2623 1317 φέγγος,
2683 1237 2900 1293 ἐκείνων
2949 1235 3005 1292 δὲ
3052 1236 3217 1292 πάλιν
3249 1237 3566 1293 καταλιπεῖν
3599 1259 3740 1313 παρ-

2091 1327 2382 1380 αινούντων
2440 1327 2530 1381 τὸν
2592 1327 2838 1402 βασιλέα,
2891 1322 3064 1399 ὄνομα
3120 1326 3284 1399 μόνον
3332 1325 3528 1402 ἔχοντα
3588 1328 3742 1401 βασι·-

2092 1413 2253 1485 λέως,
2313 1413 2492 1470 τᾶλλα
2546 1412 2711 1491 ἄνδρα
2742 1416 2943 1488 σαπρὸν
3004 1415 3092 1469 καὶ
3124 1414 3460 1489 κρονόληρον
3492 1418 3601 1489 (51)
3642 1416 3739 1469 καὶ

2090 1504 2335 1579 ἀχρεῖον,
2401 1505 2501 1558 ὑπὸ
2556 1505 2833 1579 εὐνούχων
2892 1504 3222 1579 ἀρχόμενον,
3273 1504 3361 1558 καὶ
3394 1512 3737 1579 προσρυῆναι

2088 1598 2168 1666 τῷ
2218 1597 2514 1667 Κομνηνῷ,
2548 1592 2699 1668 ἀνδρὶ
2748 1595 2883 1648 κατὰ
2935 1584 3097 1669 ίεῖρα
3122 1593 3352 1668 γενναίῳ
3375 1594 3464 1647 καὶ
3496 1592 3743 1668 λαμπρῷ

2089 1683 2178 1736 καὶ
2239 1681 2481 1759 διαφανεῖ
2535 1688 2649 1744 τοῖς
2711 1683 3193 1756 προηγησαμένοις
3263 1685 3738 1756 στρατηγήμασιν,

2090 1771 2170 1849 ἐφ’
2224 1772 2269 1843 ᾦ
2326 1777 2469 1825 πᾶσα
2511 1774 2544 1841 ἡ
2589 1776 2695 1825 τῶν
2726 1770 3006 1843 Ῥωμαίων
3044 1770 3200 1846 ἰσχὺς
3234 1771 3411 1844 ὥσπερ
3443 1771 3502 1825 ἐκ
3532 1770 3739 1826 κύκλου

2084 1858 2335 1934 γραμμαὶ
2393 1861 2527 1931 πρὸς
2587 1861 2747 1913 αὐτὸν
2799 1860 2872 1921 ὡς
2931 1859 3003 1920 sic
3060 1881 3111 1913 τι
3172 1866 3401 1930 σημεῖον
3429 1859 3737 1914 νενεύκασιν

2088 1948 2137 2003 ἐν
2200 1948 2300 2021 ἴσῳ
2347 1949 2436 2002 καὶ
2494 1946 2904 2019 ἀπαραλλάκτῳ
2970 1945 3306 2021 βουλήματι,
3368 1947 3540 2003 Ἀλλά
3566 1952 3739 2002 ταῦτα

2087 2037 2339 2110 λέγοντες
2391 2035 2491 2091 οὐκ
2564 2034 2773 2098 ἔπειθον
2826 2033 3131 2105 ἀλλήλους.
3190 2040 3358 2091 Τοῦτο
3419 2034 3475 2091 δέ
3535 2036 3737 2112 ἐγίνετο

2088 2123 2418 2197 ἐξεπίτηδες,
2474 2129 2580 2178 τῶν
2630 2126 2890 2201 ἀρχηγῶν
2952 2123 3215 2198 ἑκατέρων
3258 2129 3363 2178 τῶν
3398 2126 3735 2200 στράτευμά⁶

2083 2238 2193 2272 των
2252 2210 2573 2287 πεμπόντων
2623 2215 2768 2275 τινας
2816 2218 2920 2267 τῶν
2977 2211 3301 2284 ἐπιτηδείων
3364 2214 3438 2275 εἷς
3472 2214 3531 2268 τὸ
3592 2235 3736 2290 προ-

2088 2303 2427 2379 διαλέγεσθαι
2478 2310 2593 2366 τοῖς
2646 2308 2742 2359 τοῦ
2792 2303 3090 2359 ἀντιπάλου
3145 2303 3541 2380 στρατεύματος
3574 2325 3735 2376 στρα-

2084 2393 2306 2457 τιώταις
2330 2393 2418 2447 καὶ
2469 2393 2698 2457 καθόσον
2751 2392 2863 2447 οἶον
2918 2413 2975 2447 τε
3028 2391 3155 2453 τοὺς
3188 2391 3543 2465 πειθομένους
3576 2391 3737 2469 ἐφέλ-

2083 2495 2286 2546 κεσθαι.
2320 2484 2408 2543 Ὠς
2436 2478 2493 2536 δὲ
2518 2482 2603 2536 ἐπὶ
2636 2483 2831 2557 χρόνον
2861 2481 2980 2536 τινὰ
3008 2482 3106 2549 τὴν
3138 2478 3414 2556 διάπειραν
3450 2479 3738 2536 ἐποιοῦντο

2083 2573 2172 2626 καὶ
2231 2568 2408 2632 οὐδεὶς
2466 2576 2732 2646 προσεῖχε
2787 2576 2903 2631 τοῖς
2953 2568 3272 2644 λεγομένοις
3303 2571 3392 2623 τὸν
3419 2571 3740 2641 νοῦν,μετά

2083 2659 2343 2730 πλείστης
2379 2658 2436 2713 δὲ
2483 2656 2700 2737 φειδοῦς
2748 2658 2893 2712 καὶὸ
2936 2658 3215 2730 Κομνηνὸς
3261 2659 3355 2719 τὰς
3386 2655 3593 2728 ξυλείας
3642 2658 3737 2711 καὶ

2082 2750 2179 2812 τὰς
2223 2746 2591 2823 χορτολογίας
2642 2753 2914 2810 ποιεῖσθαι
2964 2746 3252 2823 παρηγγύα
3293 2746 3381 2801 καὶ
3432 2747 3507 2819 μὴ
3540 2745 3735 2821 πορῥω

2080 2844 2180 2907 τῆς
2232 2835 2644 2913 στρατοπεδείας
2697 2834 3037 2910 ἀφίστασθαι,
3085 2836 3208 2889 τότε
3256 2833 3322 2904 δὴ
3373 2836 3425 2889 οἱ
3464 2836 3584 2910 περὶ
3637 2837 3731 2890 τὸν

2084 2925 2435 2999 δομέστικον,
2495 2926 2585 2981 καὶ
2649 2922 2860 2998 μᾶλλον
2918 2926 2969 2979 o't
3022 2922 3353 2991 Μακεδόνες,
3414 2924 3731 2980 ὑπόπτωσιν

2080 3017 2168 3071 καὶ
2228 3013 2429 3071 δειλίαν
2490 3016 2621 3069 εἶναι
2683 3016 2782 3084 τήν
2818 3012 3129 3081 ὑποστολὴν
3169 3013 3436 3083 οἰηθέντες
3468 3012 3728 3084 πολεμη-

2080 3106 2197 3160 τέον
2282 3105 2413 3159 εἶναι
2488 3102 2729 3158 ἐδόκουν.
2809 3104 2896 3165 Οἷς
2971 3102 3058 3157 καὶ
3137 3101 3353 3165 ἄκοντες
3420 3102 3727 3166 πεισθέντες

325 3201 550 3251 nercnt.
610 3195 885 3249 Dextrum
947 3210 1129 3247 cornu
1180 3194 1364 3247 tenuit
1415 3193 1665 3248 Basilius
1713 3195 1970 3248 Tracha-

2086 3191 2595 3267 στρατοπεδεύονται
2648 3190 2781 3247 κατὰ
2844 3191 2934 3245 τὸν
2987 3191 3283 3265 λεγόμενον
3342 3191 3604 3265 Πετρόην,
3669 3191 3731 3246 οὐ

327 3286 505 3350 niota,
541 3282 869 3339 Occidentis
902 3287 1023 3335 tum
1052 3284 1274 3349 ductor,
1301 3281 1685 3353 omniumque
1718 3282 1975 3337 Macedo-

327 3390 467 3428 num
501 3389 731 3445 genere,
766 3372 1072 3443 prudentia
1099 3388 1164 3426 ac
1185 3372 1390 3441 peritia
1422 3370 1972 3438 excellentissimus,

325 3463 790 3533 auctoritateque
825 3465 1069 3531 primus.
1125 3460 1442 3514 Sinistrum
1484 3459 1693 3513 Aaroni
1729 3460 1975 3513 manda-

324 3557 450 3608 tum
488 3552 619 3615 fuit,
668 3551 918 3605 ducibus
974 3548 1269 3621 Lyrantha
1321 3548 1592 3619 Pnyemio
1623 3554 1680 3601 et
1712 3548 1972 3602 Randul-

330 3642 445 3712 pho
482 3640 723 3711 patricio
756 3640 993 3693 Franco.
1041 3636 1431 3692 Commissum
1484 3641 1573 3691 est
1619 3637 1881 3706 praelium
1916 3637 1971 3692 in

331 3729 455 3783 loco
486 3729 587 3799 qui
625 3729 787 3793 Ades,
817 3727 873 3780 id
924 3732 1012 3780 est
1042 3742 1234 3794 orcus,
1269 3725 1608 3779 nominatur
1638 3727 1709 3780 ab
1743 3726 1971 3781 incolis.

331 3818 411 3872 Ibi
448 3820 635 3871 Aaron
669 3817 937 3869 dextrum
973 3831 1150 3867 cornu
1187 3812 1442 3867 hostium
1481 3813 1659 3883 pellit,
1696 3816 1975 3886 fusosque

329 3906 396 3959 ad
432 3910 625 3959 castra
658 3920 843 3973 usque
878 3903 1269 3972 persequitur,
1302 3907 1469 3971 capto
1505 3903 1763 3957 Romano
1795 3903 1969 3958 Duro.

329 3995 488 4059 Quod
527 3992 639 4046 nisi
669 4008 803 4047 eum
839 3990 1018 4045 nimia
1061 3990 1252 4044 cautio
1303 4007 1335 4043 a
1384 3990 1732 4060 diripiendis
1766 3991 1974 4046 castris

329 4083 587 4137 hostium
620 4079 1024 4149 abstinuisset,
1059 4080 1262 4148 utique
1284 4078 1511 4149 integra
1545 4080 1751 4134 luisset
1783 4080 1977 4150 potius

327 4171 589 4235 victoria,
641 4170 763 4240 jam
825 4168 1119 4222 Comneno
1171 4167 1344 4222 etiam
1399 4184 1684 4222 concusso
1734 4174 1790 4222 et
1841 4169 1977 4239 fuga

328 4260 571 4315 Nicaeam
611 4264 803 4328 petere
844 4256 1153 4327 cogitante.
1208 4260 1278 4309 At
1326 4256 1650 4309 Ambustus
1702 4256 1842 4310 tusis
1875 4256 1974 4325 qui

326 4349 433 4419 ipsi
468 4344 924 4416 erantoppositi,
946 4347 1016 4399 ab
1038 4345 1399 4414 insequendo
1426 4345 1571 4398 63]
1602 4361 1971 4414 nequaquam

326 4437 570 4504 destitit,
606 4436 702 4490 sed
740 4436 805 4488 ad
841 4441 1032 4488 castra
1086 4433 1321 4488 hostilia
1371 4450 1557 4503 usque
1588 4434 1813 4488 delatus
1848 4450 1975 4504 per-

2083 3282 2222 3338 πάνυ
2290 3281 2479 3359 πόρῥω
2546 3281 2794 3354 κείμενον
2872 3288 2970 3350 τῆς
3046 3279 3287 3342 ἐναντίας
3344 3276 3732 3355 παρεμϐολῆς,

2082 3373 2209 3427 ἀλλ’
2268 3371 2391 3426 ὅσον
2449 3371 2554 3425 ἀπὸ
2605 3368 2836 3425 σταδίων
2890 3367 3288 3425 πεντεκαίδεκα.
3345 3370 3501 3427 Οὕτω
3539 3367 3595 3424 δὲ
3624 3375 3734 3424 τῶν

2085 3461 2361 3534 δυνάμεων
2424 3456 2643 3535 ἔγγιστα
2700 3460 3006 3534 γενομένων
3070 3457 3345 3529 ἀλλήλαις
3380 3504 3393 3528 ,
3459 3459 3547 3513 καὶ
3604 3458 3739 3522 τοὺς

2084 3550 2419 3626 στρατηγοὺς
2501 3549 2837 3622 βιαζομένων
2911 3547 3113 3623 ἐξάγειν
3182 3548 3271 3602 καὶ
3343 3550 3418 3620 μὴ
3474 3548 3737 3617 κωλύειν,

2082 3640 2423 3703 ἀναπείθεται
2461 3638 2554 3711 μὲν
2588 3638 2615 3691 ὀ
2647 3637 2935 3708 Κομνηνὸς
2964 3637 3051 3691 καὶ
3088 3636 3183 3699 τὰς
3230 3635 3427 3697 οἷ’κείας
3476 3632 3736 3691 ἐκϐάλλει

2084 3728 2363 3807 φάλαγγας
2434 3726 2523 3779 καὶ
2603 3726 2739 3798 πρὸς
2824 3724 3117 3799 παράταξιν
3207 3721 3405 3794 ἵστησι,
3457 3723 3554 3779 τοῦ
3636 3726 3736 3796 μὲν

2084 3816 2368 3887 εὐωνύμου
2437 3814 2659 3888 κέρατος
2723 3814 3015 3887 κατάρχειν
3070 3814 3428 3887 προχειρίσας
3478 3813 3570 3867 τὸν
3633 3820 3730 3867 Κε-

2082 3905 2372 3977 καυμένον,
2428 3903 2489 3956 τὸ
2531 3899 2700 3973 δεξιὸν
2736 3899 2958 3976 ἔχοντος
3008 3903 3294 3973 Ῥωμανοῦ
3323 3904 3417 3954 τοῦ
3450 3900 3736 3974 Σκληροῦ,

2084 3993 2241 4053 αὐτὸς
2295 3989 2351 4045 δὲ
2400 3991 2448 4045 ἐν
2509 3990 2694 4062 μέσοις
2737 3988 3003 4057 ἐτάττετο,
3063 3989 3399 4052 ἀναπείθεται
3459 3986 3514 4042 δὲ
3572 3987 3663 4041 καί
3708 3990 3739 4042 ὁ

2086 4080 2406 4151 δομέστικος
2460 4078 2553 4133 σὺν
2612 4082 2692 4148 τῷ
2746 4078 2981 4150 Ἀαρὼν,
3039 4077 3128 4131 καὶ
3186 4078 3277 4130 τὸν
3314 4075 3513 4130 οἰκεῖον
3545 4076 3737 4148 ἐξαγα-

2084 4172 2197 4244 γὼν
2256 4168 2388 4223 λαὸν
2447 4166 2822 4240 ἀντιμέτωπον
2888 4164 3067 4234 ἵστησι
3122 4170 3238 4227 τοῖς
3288 4165 3573 4225 ἐναντίοις,
3631 4169 3740 4219 T05

2089 4258 2181 4331 μὶν
2236 4255 2325 4311 οὖν
2382 4254 2555 4328 δεξιοῦ
2606 4256 2779 4327 κέρως
2811 4253 2996 4328 ἄρχων
3051 4255 3115 4323 ἦν
3144 4252 3427 4315 Βασίλειος
3461 4255 3735 4327 ὸΤαρχα-

2082 4349 2308 4416 νιώτης,
2360 4343 2739 4419 στρατηλάτης
2789 4344 2913 4397 τότε
2940 4344 3225 4417 τυγχάνων
3256 4350 3355 4411 τῆς
3389 4341 3600 4402 Δύσεως
3647 4344 3739 4396 καὶ

2085 4436 2299 4490 πάντων
2330 4438 2435 4486 τῶν
2469 4429 2792 4488 Μακεδόνων
2842 4428 2914 4485 ὢν
2945 4431 3285 4505 ἐξοχώτατος
3334 4432 3412 4492 ὡς
3458 4429 3547 4483 καὶ
3596 4431 3743 4504 γένει

328 4531 495 4596 rupto
528 4524 676 4578 vallo
711 4523 1049 4594 penetravit,
1076 4523 1328 4576 tentoria
1357 4521 1584 4592 direpta
1613 4522 1822 4591 gladiis
1855 4523 1973 4577 dis-

2086 4525 2170 4578 καὶ
2230 4524 2487 4599 φρονήσει
2516 4521 2605 4574 καὶ
2636 4520 2889 4594 ἐμπείρίᾳ
2920 4522 3004 4591 [Ρ.
3066 4521 3191 4591 802]
3254 4517 3737 4587 διαπρεπέστατοςν

326 4616 487 4683 cidit,
521 4619 575 4667 et
608 4614 664 4667 in
693 4618 907 4667 terram
957 4611 1186 4680 dejecit.
1242 4612 1303 4665 Id
1335 4611 1565 4664 eminus
1597 4617 1972 4680 conspectum

326 4705 512 4776 (erant
540 4703 693 4756 enim
719 4705 915 4755 castra
949 4699 1072 4753 loco
1093 4700 1269 4769 edito)
1302 4700 1663 4754 Comnenum
1690 4716 1821 4752 cum
1850 4701 1976 4754 suis

327 4792 575 4847 audacia
594 4790 941 4860 implevit,et
964 4790 1061 4859 qui
1080 4789 1150 4842 ab
1168 4791 1393 4841 Aarone
1414 4788 1977 4853 stabant,metu.lta-

327 4896 439 4953 qua
462 4880 620 4934 etilli
642 4879 957 4933 clamorem
985 4874 1353 4930 sustulerunt
1376 4874 1598 4929 alacres
1615 4882 1671 4928 et
1694 4876 1748 4928 hi
1781 4876 1976 4946 fugam

329 4970 609 5024 fecerunt.
640 4967 858 5023 Cecidit
889 4968 943 5020 in
981 4981 1176 5035 pugna
1207 4980 1240 5017 a
1276 4970 1437 5034 parte
1462 4963 1836 5033 imperatoris
1860 4980 1977 5017 ma-

325 5074 438 5130 gna
472 5056 813 5120 multitudo,
839 5054 1225 5109 Macedonum
1255 5051 1596 5122 praesertim,
1624 5068 1737 5104 non
1763 5050 1979 5106 milites

327 5149 501 5202 modo
532 5147 630 5201 sed
666 5148 844 5200 duces
890 5143 1089 5203 etiam.
1146 5140 1631 5206 Maurocatacalo,
1666 5141 1979 5211 Pbyemius

323 5236 732 5292 Catzamuntes
764 5232 979 5302 aliique
1004 5247 1113 5284 non
1142 5230 1330 5298 pauci.
1356 5227 1518 5298 Capti
1551 5228 1732 5283 multo
1758 5228 1974 5297 plures.

2084 4614 2146 4665 τὸ
2195 4608 2251 4665 δὲ
2296 4611 2573 4680 εὐώνυμον
2637 4607 3009 4682 ἐγκεχείριστο
3063 4610 3090 4662 ὁ
3152 4606 3442 4681 μάγιστρος
3501 4607 3737 4678 Ἀαρὼν,

2085 4699 2230 4773 ἔχων
2306 4696 2641 4771 στρατηγοὺς
2695 4697 2785 4751 τὸν
2846 4696 3127 4765 Λυκάνθην
3172 4695 3261 4749 καὶ
3310 4696 3401 4748 τὸν
3462 4694 3735 4767 Πνυέμιον

2084 4787 2173 4841 καὶ
2222 4783 2587 4861 Ῥανδοῦλφον
2640 4785 2898 4856 πατρίκον
2942 4784 3030 4838 τὸν
3084 4785 3357 4859 Φράγγον.
3419 4787 3623 4838 Τοῦτον
3682 4781 3740 4837 δὲ

2083 4877 2176 4929 τὸν
2228 4870 2428 4948 τρόπον
2502 4874 2798 4946 γενομένης
2865 4881 2965 4941 τῆς
3023 4872 3368 4943 παρατάξεως
3424 4872 3561 4927 κατά
3616 4893 3741 4927 τινα

2084 4963 2250 5017 τόπον
2301 4959 2474 5033 ’ᾍδην
2535 4962 2681 5034 παρά
2734 4965 2841 5014 τῶν
2875 4959 3154 5035 ἐγχωρίων
3190 4960 3625 5033 ὀνομαζόμενον,
3662 4963 3739 5021 ὡς

2086 5049 2247 5119 ἐδόθη
2311 5052 2373 5104 τὸ
2447 5054 2548 5104 τοῦ
2610 5048 2860 5121 πολέμου
2915 5047 3165 5119 σύνθημα
3218 5048 3304 5102 καὶ
3362 5048 3739 5123 προσέῤῥαξαν

2087 5138 2364 5210 ἀλλήλαις
2426 5141 2481 5193 αἱ
2531 5136 2808 5208 δυνάμεις,
2866 5134 3115 5209 τρέπεται
3170 5137 3264 5208 μὲν
3322 5137 3349 5189 ὁ
3408 5136 3619 5209 Ἀαρὼν
3681 5137 3744 5190 τὸ

2090 5225 2258 5300 δεξιὸν
2319 5229 2482 5299 μέρος
2528 5227 2617 5280 καὶ
2681 5227 2876 5300 μέχρις
2908 5223 3072 5279 αὐτοῦ
3126 5222 3312 5279 διώκει
3342 5227 3437 5277 τοῦ
3468 5227 3741 5298 χάρακος,

322 5323 608 5398 κατασχὼν
659 5320 888 5395 ζωγρῖαν
940 5318 1025 5370 καὶ
1075 5314 1353 5387 Ῥωμανὸν
1403 5314 1493 5368 τὸν
1560 5316 1830 5391 Σκληρόν·
1882 5317 1970 5369 καὶ
2019 5318 2164 5391 τάχα
2196 5316 2252 5370 ἂν
2290 5314 2628 5390 ἀπηνέγκατο
2686 5314 2919 5387 καθαρὰν
2966 5313 3063 5380 τήν
3120 5312 3301 5383 νίκην,
3363 5312 3406 5366 εἰ
3470 5314 3546 5384 μή
3613 5312 3739 5367 λίαν

1509 5449 1874 5504 XYLANDRI
1919 5451 2005 5504 ET
2043 5450 2259 5506 GOARl
2301 5449 2528 5503 NOT/E.

397 5556 507 5626 (51)
540 5548 1206 5626 Κρανόλγ,ρον,-άειίνιιιη,
1241 5545 1407 5616 quasi
1443 5546 1664 5601 diceres
1708 5546 1942 5602 cerebro

2129 5549 2352 5604 ratione
2400 5545 2584 5602 delira
2632 5560 2853 5601 senem.
2902 5542 2999 5596 Τὸν
3031 5536 3369 5617 κρονόληρον
3414 5546 3483 5599 ad
3516 5544 3731 5617 Xylan-

324 5620 499 5681 drum
532 5620 785 5679 remitto.
804 5620 885 5660 '—
917 5620 1097 5674 Goaa.
