4040 6196
227 328 329 388 361
1373 322 1912 386 HISTORIARUM
1962 321 2507 387 GOMPENDIUM.
3518 276 3637 395 362

224 454 429 530 ἐγένετο
458 451 700 525 εὐλαϐὴς
734 456 823 510 καὶ
855 460 953 510 τοῦ
983 454 1270 511 σκυλεῦσαι
1304 454 1574 530 ἀπέσχετο
1604 456 1702 524 τήν
1730 446 2114 527 παρεμϐολὴν,
2154 449 2256 522 ἤδη
2288 451 2378 507 καὶ
2410 458 2504 507 to?)
2531 455 2825 525 Κομνηνοῦ
2854 458 3288 519 κατασεισθέντος
3328 460 3417 513 καὶ
3452 467 3633 537 φυγεῖν

225 546 289 607 εἷς
340 548 575 601 Νίκαιαν
626 541 1057 606 ἀποϐλέποντος.
1108 546 1169 602 Ὁ
1210 542 1267 599 δὲ
1316 544 1654 615 Κεκαυμένος
1701 544 1763 597 τὸ
1812 543 1928 597 κατ’
1956 542 2116 596 αὐτὸν
2150 543 2484 616 τρεψάμενος
2517 540 2756 617 ἀκριϐῶς
2786 546 2888 599 οὐκ
2918 544 3113 619 ἐπέσχε
3138 547 3237 614 τὴν
3270 543 3470 619 δίωξιν,
3513 547 3636 606 ἀλλ’

225 636 374 709 ἄχρις
408 638 577 690 αὖτοῦ
608 639 705 689 τοῦ
736 636 979 710 χάρακος
1010 635 1213 711 φθάσας
1246 633 1406 688 αὐτόν
1436 655 1493 687 τε
1545 632 1795 708 ῥήγνυσι,
1827 631 1917 685 καὶ
1968 630 2095 684 ε’σω
2144 628 2432 705 γενόμενος
2484 634 2572 685 καὶ
2622 633 2715 693 τὰς
2760 634 2958 703 σκηνὰς
3019 631 3312 709 διαρπάσας
3374 636 3463 689 καὶ
3518 644 3633 700 τοῖς

226 726 384 801 ξίφεσι
417 724 615 786 ταύτας
645 725 963 796 κατατεμὼν
998 724 1071 785 εἰς
1129 730 1231 797 γῆν
1294 720 1528 798 ἔρριψεν.
1562 724 1727 793 Ὃπερ
1776 720 1955 783 Θεαθέν
2012 726 2127 780 τοῖς
2182 720 2372 795 πόρρω
2436 718 2630 792 (ἔκειτο
2686 723 2786 797 γὰρ
2844 724 2878 790 ἡ
2934 718 3262 797 παρεμϐολή
3318 723 3405 778 ἐπὶ
3460 724 3631 780 τόπου

228 813 329 886 δίας
344 835 424 885 μα
452 810 707 887 ἓγοντος)
740 816 937 886 θάρσος
974 813 1068 885 μὶν
1097 807 1319 866 ἐνέϐαλε
1345 817 1462 873 τοῖς
1496 811 1633 887 ἀμφὶ
1662 811 1753 863 τὸν
1787 809 2089 881 Κομνηνὸν,
2124 805 2327 862 δειλίαν
2389 806 2444 862 δὲ
2492 815 2607 870 τοῖς
2652 810 2773 885 περὶ
2817 811 2907 864 τὸν
2969 811 3206 885 Ἀαρών·
3261 810 3629 887 σεσυλημένον

224 905 309 978 γὰρ
369 900 581 963 ἳδόντες
633 903 721 957 τὸν
772 902 987 977 χάρακα
1027 903 1079 955 oi
1135 899 1229 973 μέν
1268 898 1635 969 ἀνηλάλαξαν,
1682 899 1732 952 οἱ
1779 895 1835 952 δὲ
1882 898 2019 969 πρὸς
2066 899 2237 973 φυγήν
2300 896 2581 971 ὥρμησαν.
2616 899 2711 952 Καὶ
2756 900 2941 953 πίπτει
2998 900 3091 971 μὲν
3139 900 3242 954 ἀπὸ
3289 905 3385 955 τοῦ
3438 902 3636 978 μέρους

224 997 306 1046 τοῦ
340 993 621 1067 βασιλέως
656 989 789 1052 λαὸς
825 990 1023 1059 πολὺς,
1070 991 1185 1044 κατ’
1216 989 1483 1064 ἐξαίρετον
1525 986 1582 1042 δὲ
1628 984 1955 1052 Μακεδόνες,
1988 986 2048 1039 οὐ
2096 986 2260 1058 μόνον
2312 987 2416 1040 ἀπὸ
2465 991 2560 1040 τοῦ
2606 993 2973 1062 στρατιωτῶν,
3010 987 3153 1043 ἀλλὰ
3203 990 3290 1043 καὶ
3341 994 3635 1068 στρατηγοὶ

226 1079 444 1147 πολλοὶ,
478 1082 508 1134 6
540 1078 1076 1155 Μαυροκατακαλὼν,
1110 1081 1137 1134 ὁ
1170 1078 1461 1151 Πνυέμιος,
1494 1079 1522 1132 6
1555 1075 1971 1147 Κατζαμούντης
1999 1095 2087 1127 και
2120 1072 2282 1129 ἄλλοι
2317 1075 2416 1129 οὐκ
2446 1074 2651 1151 ὀλίγοι,
2684 1076 2927 1132 ἑάλωσαν
2963 1075 3019 1131 δὲ
3049 1078 3137 1132 καὶ
3169 1076 3369 1151 πολλῷ
3412 1079 3637 1146 πλείους

225 1175 311 1224 τῶν
341 1170 732 1241 ἀναιρεθέντων
744 1211 756 1225 .

282 1260 368 1313 Ἐν
404 1257 585 1332 ταύτῃ
614 1261 683 1330 τῇ
721 1257 873 1331 μάχῃ
904 1256 1084 1334 φασὶν,
1120 1257 1201 1311 δτι
1231 1260 1339 1310 τῶν
1390 1256 1513 1329 περί
1563 1255 1653 1309 τὸν
1716 1253 1863 1329 βασι-

2055 1254 2113 1308 In
2148 1255 2257 1309 hoc
2290 1256 2489 1326 praelio
2537 1256 2750 1323 ferunt,
2787 1257 2973 1327 pulsis
3027 1258 3441 1329 imperatoriis,
3475 1259 3635 1315 Ran-

226 1347 305 1401 λέα
360 1347 682 1419 τραπέντων
741 1343 1106 1423 Ῥανδοῦλφος
1162 1345 1190 1399 6
1249 1344 1509 1418 Φράγγος
1567 1341 1616 1403 ές
1671 1343 1865 1414 μέσους

226 1436 705 1509 περιπλανώμενος
762 1434 890 1497 τούς
956 1454 1015 1488 τε
1090 1433 1381 1509 φεύγοντας
1451 1432 1539 1486 καὶ
1599 1432 1726 1491 τοὺς
1786 1427 1864 1484 δι-

226 1524 454 1585 ώκοντας
497 1522 678 1592 ἐζήτει
735 1522 1124 1595 συμπλακῆναί
1193 1543 1299 1576 τινι
1355 1525 1461 1575 τῶν
1524 1520 1862 1593 ὀνομαστῶν.

227 1613 358 1666 Ἐπεὶ
404 1608 462 1665 δὶ
498 1613 665 1683 μάθοι
698 1613 773 1675 ὡς
821 1611 1137 1685 Νικηφόρος
1169 1608 1357 1665 δίεισιν
1406 1611 1434 1664 6
1484 1614 1861 1676 Βοτανειάτης,

224 1700 335 1761 τοὺς
374 1698 585 1762 ἄλλους
624 1698 943 1755 καταλιπὼν
1002 1700 1166 1773 ἀπῄει
1216 1700 1351 1773 πρὸς
1398 1697 1619 1765 ἐκεῖνον,
1657 1696 1866 1773 πόρρω-

229 1801 300 1851 θεν
352 1789 574 1863 κράζων
633 1791 722 1844 καὶ
785 1788 961 1861 μένειν
1020 1788 1492 1863 παρεγγυώμενος,
1535 1784 1717 1855 δηλῶν
1776 1785 1864 1839 καὶ

228 1873 461 1947 τοῦνομα
518 1875 668 1938 ὅστις
727 1873 813 1946 εἴη
872 1877 960 1931 καὶ
1012 1875 1096 1950 ἐφ’
1156 1877 1201 1947 ᾦ
1249 1872 1864 1949 προσκαλεῖται.“’οπερ

227 1964 371 2037 γνοὺς
421 1966 451 2018 6
510 1972 873 2035 Βοτανειάτης
923 1963 1109 2034 ’ίστησι
1150 1966 1241 2019 τὸν
1299 1962 1530 2038 δρόμον,
1583 1964 1672 2017 καὶ
1721 1960 1863 2038 ἐγγί-

226 2073 361 2106 σαντι
411 2058 491 2125 τῷ
552 2052 909 2130 Ῥανδοῦλφῳ
962 2054 1382 2129 προσμίγνυται,
1434 2053 1522 2107 καὶ
1576 2052 1719 2106 παίει
1773 2052 1866 2123 μὲν

230 2140 418 2203 ἐκεῖνος
476 2148 557 2214 τῷ
605 2142 742 2219 ξίφει
796 2145 896 2212 τὴν
947 2140 1145 2197 ἀσπίδα
1211 2147 1308 2197 τοῦ
1355 2138 1723 2217 Ῥανδούλφου
1775 2140 1866 2194 καὶ

226 2233 397 2300 τέμνει
431 2229 590 2306 διχῆ,
625 2232 773 2285 παίει
806 2229 863 2286 δὲ
913 2233 941 2287 6
966 2228 1329 2305 Ῥανδοῦλφος
1376 2230 1535 2284 αὐτὸν
1586 2230 1723 2283 κατὰ
1766 2231 1865 2295 τῆς

226 2320 464 2393 κόρυθος,
500 2317 856 2389 διολισθῆσαν
918 2318 975 2374 δὲ
1028 2321 1091 2374 τὸ
1138 2320 1286 2393 ξίφος
1345 2318 1447 2373 οὐκ
1502 2313 1745 2391 ἔϐλαψε·
1782 2314 1866 2371 διὸ

230 2410 307 2462 καὶ
365 2407 764 2482 συνδραμόντες
824 2410 961 2484 πρὸς
1011 2409 1103 2464 τὸν
1167 2408 1518 2477 Βοτανειάτην
1550 2404 1725 2481 έτεροι
1756 2426 1870 2481 χει-

232 2503 431 2571 ροῦνται
473 2498 714 2572 ζωγρίαν
769 2499 862 2553 τὸν
919 2495 1085 2572 ἄνδρα
1131 2498 1220 2551 xui
1297 2496 1349 2558 ές
1422 2497 1514 2551 τὸν
1584 2496 1864 2568 Κομνηνὸν

230 2586 533 2661 ἀπάγουσιν.
597 2589 828 2643 Ἐπεσον
885 2584 941 2642 δὶ
996 2587 1085 2641 καὶ
1136 2590 1245 2640 τῶν
1304 2585 1365 2640 έκ
1419 2589 1515 2639 τοῦ
1572 2588 1860 2657 Κομνηνοῦ
1896 2614 1945 2679 Β

231 2677 510 2752 στραεηγὸς
566 2676 660 2748 εἷς,
737 2677 888 2730 Λέων
942 2676 970 2729 6
1028 2675 1333 2750 ’Δντίοχος,
1366 2674 1477 2745 ζκαὶ
1542 2671 1863 2748 στρατιῶταί

230 2784 372 2825 τινες.

291 2853 587 2925 Γενομένης
620 2850 677 2907 δὲ
716 2857 818 2918 τῆς
867 2853 1038 2922 ἥττης
1091 2854 1180 2907 xui
1237 2856 1344 2906 τῶν
1397 2852 1457 2906 hx
1496 2855 1597 2916 τῆς
1653 2857 1861 2926 τροπῆς

229 2942 308 2994 καὶ
332 2947 426 2996 τοῦ
454 2939 713 3015 πολέμου
744 2939 1115 2995 διασωθέντων
1148 2940 1201 3002 ές
1249 2941 1342 2995 τὸν
1397 2938 1623 3015 βασιλέα
1680 2938 1861 2993 ἐλθόν-

226 3051 321 3083 των
368 3034 478 3103 ἅμα
534 3036 616 3102 τῷ
676 3029 982 3103 δομεστίκῳ
1038 3031 1125 3084 καὶ
1168 3035 1247 3101 τῷ
1278 3028 1509 3103 ’Λαρὼν,
1543 3028 1703 3089 αὐτὸς
1766 3030 1859 3100 μὲν

226 3118 508 3195 ἀπεγνώκει
567 3120 635 3173 τά
694 3119 988 3195 πράγματα
1059 3118 1148 3173 xui
1204 3116 1311 3187 ἤδη
1367 3114 1738 3191 προσδόκιμος
1793 3117 1858 3186 ἦν

227 3212 324 3261 τῶν
354 3211 571 3263 πάντων
604 3209 868 3285 ἀφέμενος
926 3210 1235 3285 καταφυγὴν
1291 3206 1383 3261 καὶ
1441 3205 1710 3277 σωτηρίαν
1762 3211 1861 3275 ζη-

224 3302 342 3349 τεῒν⁸
397 3297 520 3352 ἀλλ’
581 3299 632 3351 oi
689 3298 813 3373 περὶ
884 3297 1041 3351 αὐτὸν
1114 3297 1176 3351 οὐ
1253 3296 1640 3371 συνεχώρησαν
1699 3300 1860 3349 τοῦτο

227 3388 458 3453 ποιῆσαι,
516 3384 665 3440 ἀλλὰ
760 3386 938 3457 μένειν
1020 3383 1357 3457 παρεκάλουν
1436 3384 1524 3438 καὶ
1609 3382 1862 3453 τελευτᾷν

228 3472 468 3547 εὐγενῶς,
514 3473 563 3528 εἷ
624 3471 825 3544 δεήσει,
877 3474 998 3548 περὶ
1052 3482 1151 3543 τῆς
1207 3474 1506 3549 βασιλείας.
1545 3473 1714 3530 ΙΙάλιν
1764 3475 1858 3547 μὶν

228 3561 310 3615 οὖν
360 3562 742 3638 στρατολογεῖν
788 3562 875 3617 xui
920 3563 1055 3635 πρὸς
1116 3559 1363 3635 δευτέρας
1416 3562 1859 3638 ἀντιπαρατάξεις

230 3658 420 3725 χωρεῖν
482 3652 731 3727 ὀχληρὸν
790 3653 877 3705 καὶ
930 3650 1246 3728 ἀσύμφορον
1281 3655 1365 3721 [Ρ.
1400 3656 1524 3725 803]
1559 3653 1858 3725 ἐνομίζετο,

228 3738 353 3810 ᾤετο
408 3738 465 3794 δὶ
516 3740 878 3814 περιέσεσθαι,
929 3739 974 3793 εἰ
1022 3741 1120 3808 τὴν
1180 3744 1288 3794 τῶο
1347 3740 1589 3796 πολιτῶν
1649 3740 1860 3796 εὔνοιαν

228 3827 532 3883 ἆπισπάσοι·
597 3828 715 3891 ὅθεν
773 3830 861 3882 καὶ
918 3827 1146 3890 τούτους
1202 3834 1448 3903 περιεῖπε
1506 3831 1592 3884 καὶ
1656 3827 1861 3901 δώροις

228 3923 431 3992 συνεῖχε
495 3918 586 3971 καὶ
672 3916 1132 3994 φιλοτιμήμασιν.
1190 3923 1243 3971 Ὀ
1330 3915 1385 3971 δὲ
1458 3920 1740 3991 Κομνηνὸς
1795 3919 1863 3974 τὰ

1976 1342 2262 1414 dulphum
2300 1345 2585 1399 Francum
2638 1346 2789 1400 inter
2838 1346 3062 1401 medios
3114 1347 3403 1417 fugientes
3436 1364 3629 1419 perse-

1977 1438 2339 1503 quentesque
2388 1434 2756 1488 oberrantem
2808 1451 2940 1488 cum
2994 1433 3203 1489 celebri
3237 1434 3433 1506 aliquo
3466 1436 3625 1507 cupi-

1974 1520 2128 1574 visse
2186 1522 2482 1591 congredi.
2546 1524 2725 1593 Atque
2781 1522 2877 1577 ubi
2937 1524 3182 1577 sentiret
3230 1523 3623 1594 Nicephorum

1976 1609 2336 1663 Botaniatem
2372 1626 2438 1663 ea
2482 1610 2754 1676 transire,
2788 1611 3032 1680 reliquis
3081 1611 3317 1666 omissis
3364 1613 3423 1666 in
3454 1612 3622 1667 illum

1976 1698 2367 1764 contendisse,
2401 1699 2633 1753 eminus
2684 1699 3095 1754 vociferantem
3150 1705 3330 1769 utque
3364 1704 3628 1755 maneret

1977 1784 2333 1855 hortantem,
2365 1792 2421 1841 et
2469 1789 2603 1858 quis
2655 1788 2777 1859 ipse
2831 1792 2988 1842 esset
3038 1789 3386 1843 nominatim
3436 1789 3627 1859 expri-

1977 1880 2257 1941 mentem,
2288 1881 2345 1931 et
2372 1876 2442 1930 ad
2487 1893 2661 1946 quam
2697 1893 2815 1931 rem
2870 1883 3226 1947 provocaret.
3263 1879 3426 1943 Quod
3458 1883 3629 1933 Bota-

1976 1965 2192 2019 niatem
2226 1965 2789 2021 animadvertentem
2823 1966 3073 2021 inhibito
3106 1983 3283 2021 cursu
3313 1983 3446 2021 cum
3485 1967 3634 2022 Ran-

1977 2051 2196 2123 dulpho
2216 2070 2457 2108 manum
2477 2054 2866 2121 conseruisse,
2883 2060 3270 2125 secutumque
3286 2056 3416 2126 ejus
3437 2055 3633 2127 gladio

1976 2141 2369 2209 dissecuisse;
2405 2142 2822 2214 Randulphum
2855 2159 3055 2199 ensem
3088 2144 3146 2198 in
3181 2145 3497 2199 Botaniatze
3521 2161 3626 2216 ga-

1978 2230 2129 2285 leam
2161 2230 2496 2302 impegisse,
2524 2233 2759 2303 ictuque
2779 2249 2908 2287 eum
2933 2234 3086 2289 632
3110 2233 3417 2304 delapsum
3442 2234 3628 2290 irrito.

1980 2322 2160 2391 Atque
2192 2319 2269 2374 ita
2293 2321 2504 2375 factum
2534 2326 2596 2375 ut
2626 2321 2723 2375 alii
2746 2322 2814 2375 ad
2847 2322 3205 2375 Botaniatem
3232 2326 3628 2389 accurrerent,

1978 2414 2330 2479 captumque
2380 2408 2798 2480 Randulphum
2851 2410 2920 2463 ad
2951 2410 3313 2465 Comnenum
3364 2410 3626 2466 abduce-

1978 2503 2125 2550 rent.
2166 2502 2200 2549 Α
2237 2501 2528 2552 Comneno
2561 2514 2715 2553 unus
2738 2498 3015 2553 occubuit
3046 2499 3254 2554 ductor
3283 2498 3396 2553 Leo
3428 2499 3626 2554 Antio-

1977 2584 2144 2651 chus,
2179 2590 2236 2641 et
2264 2585 2480 2642 milites
2512 2585 2760 2659 aliquot.

2046 2858 2293 2923 Accepta
2323 2852 2432 2907 hac
2480 2852 2664 2919 clade,
2698 2856 2755 2907 et
2803 2852 2876 2908 iis
2907 2853 3003 2923 qui
3034 2869 3102 2908 ex
3152 2854 3396 2909 adverso
3428 2854 3625 2926 prelio

1973 2948 2277 2997 evaserant
2307 2942 2376 2995 ad
2411 2942 2824 3011 imperatorem
2851 2942 3100 2997 reversis
3131 2960 3266 2998 cum
3301 2944 3629 2999 domestico

1972 3036 2031 3087 et
2072 3036 2313 3097 Aarone,
2352 3031 2669 3099 imperator
2715 3032 2785 3085 de
2838 3048 3073 3086 summa
3104 3049 3300 3087 rerum
3350 3034 3628 3103 despera-

1972 3122 2090 3188 vit;
2124 3125 2475 3191 paratusque
2505 3125 2627 3174 erat
2659 3120 2948 3191 refugium
3003 3119 3240 3191 aliquod
3273 3125 3329 3175 et
3374 3121 3624 3177 salutem

1973 3225 2251 3279 querere,
2284 3208 2528 3277 imperio
2579 3207 2847 3274 dimisso,
2883 3209 2930 3263 si
2980 3208 3297 3264 familiares
3330 3210 3436 3264 hoc
3470 3212 3623 3280 passi

1970 3304 2190 3354 essent.
2242 3297 2351 3360 Qui
2402 3297 2616 3351 hortati
2661 3302 2801 3351 sunt
2832 3302 2897 3352 ut
2946 3299 3307 3368 perduraret,
3341 3315 3406 3353 ac
3456 3298 3504 3352 si
3539 3299 3621 3352 ita

1973 3388 2146 3442 ferret
2200 3402 2393 3454 casus,
2457 3402 2835 3457 pr0pugnans
2894 3403 2995 3456 pro
3042 3386 3288 3457 imperio
3338 3402 3618 3458 generose

1971 3476 2165 3547 potius
2233 3480 2573 3529 moreretur.
2643 3474 2947 3530 Enimvero
3016 3492 3195 3529 novos
3272 3476 3615 3531 con-trahere

1970 3564 2258 3619 exercitus
2285 3580 2351 3618 ac
2381 3564 2570 3618 denuo
2603 3580 2807 3634 pugnas
2839 3562 3023 3619 aleam
3057 3567 3284 3619 tentare
3311 3564 3618 3619 videbatur

1972 3654 2285 3708 molestum
2318 3668 2384 3706 ac
2415 3652 2640 3706 inutile.
2665 3652 3089 3722 Superaturum
3120 3669 3180 3707 se
3212 3654 3486 3725 sperabat
3506 3654 3617 3709 im-

1974 3747 2226 3815 perator,
2276 3743 2322 3797 si
2384 3741 2598 3796 civium
2660 3741 3118 3796 benevolentiam
3169 3742 3280 3797 sibi
3332 3747 3619 3815 parasset.

1971 3833 2172 3903 Itaque
2206 3831 2377 3885 modo
2426 3830 2533 3885 hos
2586 3831 2757 3885 modo
2806 3829 2939 3885 illos
2989 3831 3400 3887 demerebatur
3447 3833 3620 3887 donis

1974 3928 2149 3990 atque
2184 3920 2546 3974 muneribus.
2592 3919 2921 3974 Comnenus
2968 3925 3186 3989 autem,
3220 3920 3420 3976 fractis
3449 3920 3625 3977 dissi-

230 4002 423 4059 έναντία
520 4006 752 4081 Θραόσας
851 4005 1225 4081 στρατεύματα
1308 4008 1395 4061 καὶ
1487 4005 1859 4081 διασκεδάσας,

1978 3979 2239 4080 patisque
2273 4008 2531 4063 hostium
2565 4008 2808 4077 viribus,
2841 4026 2874 4063 a
2903 4009 3092 4064 Nicaea
3116 3979 3313 4075 movit,
3341 4009 3628 4081 tertioque

228 4094 519 4157 ἀπαναστὰς
581 4095 636 4149 έν
705 4097 935 4157 Νικαίας
1006 4101 1247 4170 τριταῖος
1326 4095 1402 4157 εἷς
1487 4095 1858 4169 Νικομήδειαν

229 4180 437 4258 ἔρχεται
512 4188 723 4240 Ἐκεῖσε
774 4182 830 4239 δὲ
876 4184 1020 4257 αὐτῷ
1106 4186 1387 4260 γενομένῳ
1456 4186 1713 4262 φθάνουσι
1775 4186 1865 4240 καὶ

229 4268 537 4345 πρεσϐευταὶ
612 4272 903 4347 βασιλέως,
961 4275 989 4327 6
1049 4271 1313 4349 πρόεδρος
1391 4276 1794 4335 Κωνσταντῖνος
1837 4275 1864 4328 ό

231 4360 545 4435 Λειχονόδης,
581 4363 609 4416 6
644 4358 909 4435 πρόεδρος
941 4359 1220 4435 Θεόδωρος
1245 4363 1272 4415 6
1301 4361 1867 4429 ’Δλωπὸς,Κωνσταν-

228 4454 369 4510 τῖ-ιος
402 4451 427 4503 6
458 4449 673 4511 Ψελλὸς
706 4451 735 4504 6
764 4448 874 4504 τῶν
905 4449 1221 4527 φιλοσόφων
1282 4448 1481 4511 ὕπατος
1530 4453 1662 4522 (52).
1699 4452 1863 4508 Οὗτοι

228 4539 326 4611 γὰρ
384 4539 430 4591 οἱ
485 4544 629 4613 τρεῖς
692 4536 881 4611 ἄνδρες
936 4538 1023 4592 έπὶ
1086 4539 1247 4615 σοφίᾳ
1291 4539 1379 4593 xui
1414 4538 1580 4613 λόγου
1639 4536 1862 4612 δυνάμει

229 4626 331 4678 τῶν
376 4630 500 4681 κατᾶ
548 4629 651 4695 τὴν
707 4627 917 4703 ἡμέραν
989 4627 1190 4697 ἐκείνην
1240 4628 1542 4701 ἀνθρώπιον
1594 4625 1861 4705 διαφέρειν

232 4710 515 4786 δοκοῧντες,
545 4716 635 4770 καὶ
696 4716 1031 4790 ἀσυγκρίτως
1073 4718 1100 4769 6
1134 4714 1374 4783 Ψελλὸς,
1411 4715 1728 4791 έξελέγησαν
1792 4718 1865 4776 είς

228 4802 288 4856 τὸ
318 4800 649 4878 πρεσϐεῦσαι’
682 4806 772 4859 xui
826 4802 1223 4879 προσεδόκησεν
1260 4807 1288 4859 6
1341 4804 1596 4880 βασιλεὺς
1656 4804 1865 4880 μεγάλα

228 4896 643 4964 καταπράξασθαι
707 4891 796 4948 διά
851 4901 952 4962 τῆς
1008 4892 1224 4948 ἐκείνων
1282 4894 1567 4965 εὐστομίας
1611 4895 1698 4947 καὶ
1760 4894 1863 4969 χάο

231 5000 395 5052 ριτος.
440 4983 778 5058 ’Υπισχνεῖτο
838 4979 894 5037 δὶ
950 4985 984 5051 ἡ
1035 4978 1293 5054 πρεσϐεία
1362 4982 1723 5053 καταθέμενον
1799 4986 1865 5037 τὰ

232 5067 374 5121 ὅπλα
415 5071 498 5123 τὸν
562 5071 849 5143 Κομνηνὸν
912 5070 1069 5125 αὐτὸν
1127 5073 1220 5143 μὲν
1283 5072 1662 5141 υίοθετηθῆναι
1719 5072 1865 5147 παρὰ

229 5161 325 5209 τοῦ
384 5158 637 5231 βασιλέως
692 5159 783 5213 καὶ
860 5159 1096 5233 Καίσαρα
1169 5159 1561 5236 ἀναρρηθῆναι,
1622 5165 1751 5214 πᾶσι
1808 5157 1865 5215 δὲ

1971 4099 2064 4152 die
2108 4097 2505 4152 Nicomediam
2560 4096 2736 4151 venit.
2792 4097 2875 4151 lbi
2923 4098 2970 4151 ei
3023 4103 3404 4153 occurrerunt
3452 4098 3625 4170 legati

1973 4187 2366 4257 imperatoris,
2400 4203 2614 4258 praeses
2648 4187 3073 4241 Constantinus
3107 4186 3447 4259 Leichudes,
3479 4204 3623 4258 pras-

1975 4293 2068 4331 ses
2100 4276 2397 4331 'I‘hidorus
2427 4275 2670 4346 Alopus,
2702 4275 3125 4331 Constantinus
3159 4276 3383 4332 Psellus
3435 4276 3621 4347 philo-

1974 4366 2294 4436 sophorum
2331 4364 2623 4435 princeps.
2659 4364 2880 4418 Etenim
2935 4364 2993 4418 bi
3028 4369 3148 4419 tres
3197 4365 3301 4419 viri
3334 4364 3624 4436 sapientia

1974 4462 2029 4509 et
2096 4453 2367 4508 facundia
2431 4453 2692 4507 omnium
2752 4453 2854 4523 qui
2919 4458 3062 4509 tunc
3118 4454 3391 4509 vivebant
3447 4454 3621 4525 primi

1976 4543 2181 4606 habiti,
2239 4547 2294 4597 et
2361 4542 2594 4612 quidem
2663 4546 2825 4597 extra
2891 4543 3347 4613 comparationis
3404 4549 3619 4599 sortem

1976 4631 2225 4699 Psellus,
2258 4632 2326 4685 ad
2358 4647 2483 4685 eam
2537 4630 2883 4701 legationem
2938 4632 3170 4687 fuerant
3199 4634 3429 4698 delecti,
3466 4632 3622 4703 quod

1974 4718 2294 4788 imperator
2352 4734 2549 4770 eorum
2615 4717 2945 4787 eloquentia
3002 4725 3058 4773 et
3108 4720 3261 4774 833
3319 4720 3509 4792 gratia
3564 4737 3627 4776 se

1976 4808 2230 4861 maxima
2271 4811 2721 4861 consecuturum
2777 4808 3070 4877 sperabat.
3107 4810 3299 4880 Legati
3333 4809 3630 4880 promitte-

1974 4896 2115 4949 bant
2145 4899 2529 4958 Comnenum,
2562 4895 2609 4948 si
2644 4895 2716 4949 ab
2744 4896 2925 4949 armis
2960 4896 3351 4963 discessisset,
3383 4899 3626 4969 adopta-

1974 4989 2098 5038 tum
2132 4984 2204 5037 ab
2246 4984 2594 5054 imperatore
2644 5000 2710 5037 ac
2758 4984 3041 5054 Caesarem
3090 4987 3463 5057 designatum
3511 4988 3624 5054 iri;

1974 5078 2030 5127 et
2060 5072 2332 5127 omnibus
2375 5072 2471 5142 qui
2516 5071 2702 5143 ipsius
2734 5073 2917 5127 secuti
2954 5080 3151 5129 essent
3184 5082 3398 5147 partes,
3428 5077 3629 5148 impu-

1975 5162 2218 5216 nitatem
2278 5159 2749 5232 oblivionemque
2800 5162 3149 5233 injuriarum
3203 5166 3629 5237 promittebant

1406 5303 1779 5359 XYLANDBI
1821 5304 1904 5358 ET
1944 5303 2164 5361 GOARI
2205 5302 2434 5357 NOT/E.

302 5417 409 5481 {52)
441 5418 557 5473 Non
608 5435 677 5474 ex
726 5418 938 5472 merito
987 5417 1199 5483 solum,
1251 5420 1350 5474 sed
1398 5437 1465 5473 ex
1506 5419 1696 5475 officio
1746 5424 1864 5474 tam

230 5490 567 5566 exquisitum
636 5490 807 5566 Pselli
882 5506 1122 5566 nomen,
1167 5508 1293 5566 _quo
1366 5493 1473 5542 τῶν
1548 5488 1867 5566 φιλοσόφων

230 5558 448 5633 iiuna;
476 5562 580 5616 hoc
602 5570 691 5617 est
714 5561 1034 5632 ὑπέρτατος,
1069 5558 1317 5629 dicitur;
1350 5558 1687 5633 quanquam
1718 5558 1863 5619 non-

232 5632 347 5687 nisi
372 5650 433 5687 ex
462 5636 661 5689 merito
694 5634 1054 5689 tribueretur
1084 5634 1369 5701 olﬁcium,
1392 5632 1546 5691 nono
1568 5651 1749 5707 supra
1776 5635 1865 5691 vi-

541 5760 964 5842 Ρηιιοι.δϐι.
1008 5759 1242 5827 CXXII.

2017 5422 2267 5475 esimum
2328 5417 2452 5474 ioco
2508 5418 2661 5473 inter
2718 5420 2975 5489 palatina
3028 5430 3436 5480 enumeratum
3491 5424 3529 5479 1.
3593 5427 3629 5478 2

2015 5493 2136 5546 uris
2185 5491 2635 5545 Grtecoromani.
2688 5491 2881 5546 Gessit
2937 5493 3111 5549 etiam
3165 5496 3306 5551 illud
3360 5497 3625 5552 Theodo-

1976 5580 2076 5618 rus
2108 5562 2441 5635 patriarcha
2469 5564 2601 5631 CP.,
2648 5564 2718 5617 de
2751 5580 2867 5635 quo
2908 5566 2981 5619 ad
3029 5568 3294 5637 ejusdem
3349 5567 3480 5623 libri
3514 5566 3626 5621 cal-

1975 5652 2119 5692 cem.
2153 5639 2331 5690 Goaa.
