4040 6196
289 345 406 409 363

1646 332 1962 394 GEORGII
2005 329 2344 391 GEDHENI

3584 325 3706 384 366

285 477 590 533 Neminem
640 476 836 530 ferunt
882 477 1021 529 tunc
1071 473 1143 528 iis
1193 487 1522 527 assensum.
1576 465 1812 523 Reversi
1859 465 1966 532 ad,

2079 465 2161 522 οῖς
2243 463 2662 534 συναπαχθεῖσιν
2748 456 2893 528 αύτῷ
2973 454 3273 527 ἀμνηστίαν
3360 460 3538 509 κακῶν
3611 457 3704 511 καὶ

290 569 701 638 imperatorem
727 579 928 618 rursus
951 578 1084 617 cum
1109 560 1238 616 aliis
1271 558 1564 614 mandatis
1598 557 1938 620 mittuntur,

293 655 682 723 inciduntque
713 653 770 706 in
804 653 1165 707 Comnenum
1201 649 1354 719 apud
1389 647 1753 714 Reas.l—lujus
1787 643 1939 712 lega-

290 743 468 797 tionis
499 740 791 796 sententia
819 745 944 794 erat
973 754 1101 794 esse
1133 738 1474 807 adoptatum
1501 736 1628 805 jam
1661 751 1727 788 ac
1761 736 1943 788 Caesa-

293 848 415 886 rem
447 828 799 884 declaratum
828 828 1212 891 Comnenum,
1243 829 1299 879 et
1322 822 1712 894 imperatoriis
1737 821 1943 876 litteris

294 920 570 976 omnibus
618 918 715 988 qui
766 932 898 972 cum
951 917 1077 984 ipso
1130 914 1382 968 fuissent
1425 913 1764 983 dignitates,
1798 926 1944 980 quas

294 1011 492 1064 essent
522 1005 740 1076 adepti,
772 1004 1134 1058 confirmari.
1158 1003 1268 1058 Eas
1299 1006 1631 1057 Comnenus
1663 998 1945 1054 conditio-

296 1114 424 1162 nes,
455 1101 510 1149 et
540 1095 636 1163 qui
668 1109 797 1146 cum
832 1109 896 1147 eo
930 1098 1096 1147 erant
1125 1093 1325 1155 duces,
1361 1090 1795 1156 collaudarunt,
1819 1104 1946 1142 eas-

299 1201 411 1255 que
441 1199 618 1237 aurea
647 1180 810 1235 bulla
841 1180 1177 1235 confirmari
1232 1178 1631 1250 postularunt,
1661 1175 1784 1231 solo
1814 1178 1949 1229 Am-

300 1275 474 1329 busto
504 1271 870 1341 improbante
901 1270 1118 1325 omnia.
1154 1269 1255 1322 Hic
1286 1267 1437 1322 enim
1470 1281 1666 1322 senem
1710 1263 1951 1336 imperio

303 1376 545 1432 prorsus
567 1357 803 1430 spoliari
831 1358 1095 1425 volebat;
1132 1357 1560 1428 indignumque
1587 1356 1703 1408 fore
1727 1353 1953 1408 facinus

307 1448 656 1514 afﬁrmabat,
691 1446 760 1512 si,
813 1447 906 1500 cui
956 1446 1322 1517 interpositis
1371 1443 1763 1499 sanctissimis
1787 1443 1953 1512 jura-

309 1537 524 1592 mentis
555 1535 868 1606 imperium
893 1535 1298 1605 abrogassent,
1323 1550 1455 1588 eum
1483 1549 1686 1586 rursus
1708 1531 1762 1584 id
1794 1547 1958 1586 occu-

309 1641 447 1698 pare
498 1628 854 1696 paterentur,
907 1624 1124 1693 Deique
1154 1622 1302 1676 iram
1352 1623 1424 1676 ob
1471 1621 1600 1674 hoc.
1634 1619 1956 1691 perjurium

313 1715 594 1769 adversus
626 1714 786 1782 ipsos
817 1728 1182 1766 exarsurum.
1219 1711 1350 1765 Jam
1386 1711 1440 1763 id
1476 1727 1544 1764 ex
1575 1726 1684 1764 usu
1718 1708 1960 1762 minime

312 1803 458 1868 fore,
491 1806 554 1855 ut
584 1803 655 1854 ab
688 1800 866 1854 armis
890 1800 1196 1855 discedant
1230 1817 1242 1853 :
1278 1816 1410 1853 mox
1441 1801 1596 1853 enim
1620 1802 1677 1852 et
1715 1799 1959 1853 Comne-

314 1907 458 1946 num
491 1905 709 1944 veneno
744 1894 1015 1943 necatum
1050 1893 1106 1942 et
1136 1888 1310 1943 sociis
1338 1886 1795 1958 conspirationis
1823 1903 1961 1941 ocu-

315 1980 405 2036 los
435 1979 711 2034 eﬂ‘ossum
745 1977 836 2032 iri.
869 1980 947 2031 Ac
986 1978 1280 2048 proditum
1334 1983 1423 2032 est
1455 1976 1771 2040 memorias,
1805 1977 1964 2046 ipsos

318 2070 496 2124 etiam
525 2067 748 2138 legatos
797 2067 1201 2136 przevaricatos
1254 2065 1457 2132 fuisse,
1501 2070 1557 2120 et
1605 2066 1777 2120 modo
1809 2065 1966 2120 hunc

321 2158 495 2214 modo
543 2157 699 2212 634
757 2154 924 2210 illum
975 2155 1221 2210 diversis
1270 2155 1634 2225 temporibus
1681 2155 1966 2209 Ambusto

321 2247 581 2302 suasisse
615 2250 676 2300 ut
706 2249 1070 2317 oppugnaret
1100 2244 1310 2299 acriter
1348 2244 1572 2298 oblatas
1604 2244 1969 2298 conditiones

320 2351 510 2406 neque
552 2334 874 2404 quidquam
925 2333 1287 2387 concederet.
1344 2333 1413 2386 Et
1444 2332 1682 2402 quidem
1735 2332 1840 2386 hoc
1871 2347 1970 2386 eos

321 2425 536 2494 egisse,
573 2439 674 2492 pro
707 2426 862 2476 certo
893 2420 1204 2494 perhibent
1253 2420 1289 2473 ii
1341 2421 1558 2490 quibus
1607 2420 1714 2474 ista
1751 2419 1970 2490 optime

317 2516 456 2568 sunt
489 2516 645 2580 nota,
679 2515 734 2565 et
777 2527 810 2564 a
862 2509 1152 2565 mendacii
1203 2494 1536 2579 suspicione
1584 2513 1722 2562 sunt
1753 2508 1967 2562 immu-

318 2617 421 2654 nes
451 2617 466 2666 ;
497 2600 780 2668 aiuntque
811 2615 933 2663 eos,
982 2599 1325 2668 interposito
1364 2597 1776 2667 jurejurando,
1809 2597 1966 2651 afﬁr-

318 2704 513 2752 masse
543 2687 839 2741 Comneno
871 2687 1144 2740 ardenter
1173 2702 1305 2739 eum
1339 2687 1411 2740 ab
1448 2686 1669 2740 urbana
1703 2685 1965 2739 multitu-

319 2776 454 2830 dine
504 2775 692 2846 diligi,
727 2791 792 2828 ac
841 2775 890 2828 si
942 2779 1176 2828 tantum
1229 2773 1571 2828 accessisset
1620 2775 1691 2828 ad
1738 2775 1968 2838 urbem,

321 2865 442 2919 fore
472 2867 536 2918 ut
565 2864 762 2934 ipsum
795 2879 882 2928 ea,
907 2879 1044 2916 sene
1070 2863 1400 2930 exturbato,
1419 2879 1550 2916 cum
1571 2862 1971 2934 gratulatoriis

320 2952 571 3007 victoriae
602 2957 659 3006 et
687 2951 916 3022 imperii
949 2951 1311 3006 carminibus
1340 2951 1610 3022 excipiat.
1637 2951 1764 3006 Haec
1798 2951 1854 3005 in
1883 2969 1972 3006 ca-

324 3041 464 3097 stris
491 3045 620 3095 acta
651 3040 939 3096 feruntur.

1991 1847 2042 1912 B

2050 548 2234 627 ἄφεσιν
2319 553 2426 604 τῶν
2510 545 3101 619 πεπλημμελημένων.
3161 549 3247 606 Ὠς
3313 541 3370 598 δὲ
3426 543 3699 618 λέγουσιν,

2052 637 2231 700 οὐδεὶς
2270 633 2570 713 προσέσχεν
2618 637 2826 703 αὐτοῖς,
2870 630 3256 696 ἐπανελθόντες
3289 631 3336 687 δ’
3367 635 3441 696 ὡς
3473 632 3702 708 βασιλέα

2053 728 2142 782 καὶ
2203 726 2382 799 ἑτέραν
2444 721 2728 801 πρεσϐείαν
2798 725 3084 802 εἰληφότες
3141 723 3554 798 ἐπανέρχονται,
3612 722 3701 776 καὶ

2054 811 2561 888 καταλαμϐάνουσιν
2625 813 2924 888 ἐρχόμενον
2995 814 3086 868 τὸν
3165 812 3454 885 Κομνηνὸν
3517 811 3592 872 είς
3637 810 3704 866 τὸ

2058 905 2264 980 χωρίον
2322 904 2417 968 τὰς
2473 902 2642 964 Ῥέας.
2701 900 2941 973 Ἐδήλου
2999 899 3056 956 δὲ
3100 905 3135 970 ἡ
3193 895 3448 976 πρεσϐεία
3516 899 3705 974 ἀναγοο

2061 1001 2313 1071 ρευθῆναι
2368 994 2460 1066 μὶν
2520 993 2611 1047 τὸν
2678 992 2960 1064 Κομνηνὸν
3023 990 3250 1066 βασιλέα
3307 989 3705 1058 υίοθετηθέντα,

2059 1089 2188 1138 πᾶσι
2245 1081 2302 1136 δὲ
2355 1088 2471 1143 τοῖς
2523 1081 3072 1156 συστρατευσαμένοις
3135 1078 3281 1152 αὐτῷ
3344 1073 3710 1153 βεϐαιωθῆναι

2059 1173 2154 1234 τὰς
2196 1173 2340 1248 παρὰ
2368 1175 2465 1225 τοῦ
2498 1175 2789 1243 Κομνηνοῦ
2819 1171 2982 1242 τιμὰς
3041 1171 3331 1245 γράμμασι
3375 1165 3706 1242 βασιλικοῖς.

2069 1259 2454 1335 Ἀγγελθείσης
2484 1257 2541 1315 δὲ
2569 1267 2670 1328 τῆς
2713 1258 2772 1314 ἐκ
2825 1258 3090 1333 βασιλέως
3144 1258 3491 1332 ὑποσχέσεως
3551 1255 3713 1317 αὐτὸς

2069 1350 2161 1421 μὲν
2197 1351 2226 1404 6
2274 1350 2562 1421 Κομνηνὸς
2615 1349 2704 1402 καὶ
2762 1350 2955 1410 πάντες
3009 1349 3060 1402 οἱ
3114 1347 3205 1402 σὺν
3250 1347 3398 1419 αὐτῷ
3447 1345 3713 1421 ἄρχοντες

2066 1438 2476 1515 ἐπευφήμησαν,
2533 1437 2623 1491 καὶ
2687 1440 2782 1502 τὰς
2862 1439 3183 1514 ὑποσχέσεις
3255 1433 3716 1514 χρυσοϐουλλείῳ

2064 1532 2244 1604 γραφῇ
2305 1523 2669 1602 βεϐαιωθῆναι
2725 1527 2932 1597 ἠξίουν,
2964 1529 3130 1599 μόνος
3185 1525 3242 1582 δὲ
3291 1529 3320 1582 6
3366 1528 3716 1600 Κεκαυμένος

2067 1617 2402 1690 ἀπηρέσκετο
2453 1617 2588 1690 πρὸς
2637 1618 2812 1670 πάντα
2862 1617 2950 1670 καὶ
2991 1615 3307 1672 καταλιπεῖν
3341 1616 3571 1671 ἐνέκειτο
3619 1617 3715 1670 τὸν

2067 1706 2296 1780 γέροντα
2347 1707 2444 1774 τήν
2513 1704 2789 1780 βασιλείαν
2851 1706 2942 1760 καὶ
3005 1708 3389 1782 ὑποχωρῆσαι,
3443 1709 3517 1779 μὴ
3578 1707 3715 1760 εἶναι

2072 1793 2216 1864 ἄξιον
2262 1794 2434 1869 λέγων
2469 1798 2658 1849 τοῦτον
2715 1795 2807 1867 μὲν
2848 1793 2958 1866 ἤδη
3007 1797 3388 1870 καθαιρεθέντα
3438 1795 3526 1850 καὶ
3577 1795 3716 1849 ἁπο-

2073 1884 2418 1958 κηρυχθέντα
2467 1883 2650 1957 ὅρκοις
2693 1881 3146 1961 φρικωδεστάτοις
3203 1884 3355 1950 αὖθις
3416 1905 3718 1959 συγχωρη-

2075 1974 2232 2041 Θῆναι
2293 1969 2596 2047 βασιλεύειν
2656 1972 2979 2045 Ῥωμαίων·
3037 1979 3198 2029 τοῦτο
3257 1974 3359 2050 γὰρ
3437 1976 3526 2028 καὶ
3584 1977 3722 2027 Θεοῦ

2077 2062 2244 2137 ὀργὴν
2301 2058 2453 2135 ἔλεγε
2518 2063 2758 2132 κινήσειν
2822 2059 2912 2116 διὰ
2956 2064 3056 2131 τὴν
3103 2063 3402 2138 ἐπιορκίαν,
3451 2063 3540 2118 καὶ
3590 2061 3725 2118 οὐδε

2077 2153 2264 2214 αὐτοῖς
2325 2151 2531 2206 ἔσεσθαι
2591 2154 2965 2229 συμφέρουσαν
3017 2156 3117 2223 τὴν
3164 2160 3274 2210 τῶν
3320 2154 3506 2211 ὅπλων
3562 2159 3725 2211 κατά·

2078 2244 2256 2297 θεσιν’
2311 2242 2473 2305 αὐτός
2545 2262 2604 2296 τε
2672 2244 2772 2318 γὰρ
2845 2243 3544 2322 υἱοθεττβεῖςιφαρμάκοις
3593 2267 3723 2301 κατ-

2080 2329 2352 2406 εργασθεὶς
2441 2330 2727 2405 οἰχήσεται
2812 2333 3041 2406 Θᾶττον,
3122 2333 3211 2387 καὶ
3301 2331 3527 2397 ἵκαστος
3611 2339 3723 2389 τῶν

2081 2420 2506 2492 συμπραξάντων
2585 2421 2737 2492 αὐτῷ
2800 2422 2878 2475 τὼ
2949 2419 3275 2499 ὀφθαλμὼ-ξ
3299 2421 3723 2498 διορυγήσεται.

2079 2509 2300 2583 Λέγεται
2355 2506 2411 2562 δὲ
2453 2507 2536 2562 ὅτι
2583 2509 2671 2563 καὶ
2727 2510 2778 2563 οἱ
2828 2506 3148 2584 πρεσϐευταὶ
3216 2508 3727 2587 παραπρεσϐεύσαν-

2080 2618 2190 2666 τες,
2223 2593 2426 2650 ἄλλοτε
2467 2595 2637 2660 ἄλλος
2671 2597 2844 2674 λάθρα
2871 2604 2950 2672 τῷ
3008 2603 3331 2674 Κεκαυμένῳ
3386 2603 3729 2674 προσιόντες,

2083 2685 2423 2760 παρεκάλουν
2483 2683 2699 2761 ἔχεσθαι
2751 2695 2848 2757 τῆς
2907 2689 3194 2752 ὶνστάσεως
3250 2691 3339 2745 καὶ
3401 2689 3531 2763 μηδ’
3578 2689 3732 2752 ὅλως

2084 2770 2340 2828 ἐνδοῦναι.
2395 2776 2573 2830 Τοῦτο
2656 2774 2712 2830 δὲ
2785 2776 2942 2832 αὐτὸν
3001 2778 3228 2845 ποιῆσαι
3285 2779 3372 2834 καὶ
3437 2782 3486 2834 οἱ
3541 2780 3735 2844 καλῶς

2081 2859 2281 2924 εἰδότες
2311 2859 2750 2941 ἐπληροφὸρουν,
2786 2863 2973 2936 ἄνδρες
3027 2867 3134 2943 οὐχ
3164 2869 3271 2922 οἷοί
3303 2889 3360 2923 τε
3416 2868 3732 2942 ψεύδεσθαι,

2081 2952 2170 3005 καὶ
2204 2951 2278 3012 εἷς
2309 2951 2466 3007 αὐτὸν
2499 2953 2590 3007 τὸν
2613 2956 2895 3026 Κομνηνὸν
2929 2955 3412 3032 πληροφοροῠντες
3441 2956 3738 3030 ἐνωμότως

2083 3040 2158 3102 ὡς
2215 3040 2350 3094 ἅπαν
2403 3042 2465 3094 τὸ
2523 3042 2737 3098 ἀστικὸν
2799 3041 3014 3114 πλῆθος
3076 3050 3348 3120 περικαῶς
3413 3046 3488 3109 εἷς
3567 3047 3732 3102 αὐτὸν

3122 2333 3211 2387 καὶ

325 3123 466 3203 ἔχει,
496 3127 587 3180 καὶ
615 3127 688 3188 ὡς
722 3125 774 3180 εἷ’
804 3127 964 3198 μόνον
999 3124 1199 3200 ἐγγίσει
1228 3129 1296 3199 τῇ
1323 3124 1506 3193 πόλει,
1533 3126 1624 3180 τὸν
1657 3124 1886 3201 γέροντα
1916 3127 2278 3198 ἐξωθήσαντες
2315 3131 2430 3202 μετ’
2459 3130 2734 3187 ἐπινικίων
2767 3135 2857 3187 καὶ
2889 3133 3071 3207 ὕμνων
3105 3136 3266 3192 αὐτὸν
3323 3135 3732 3211 προσδέξονται.

327 3216 429 3273 Καὶ
458 3219 623 3269 ταῦτα
660 3217 752 3288 μὶν
785 3215 1029 3290 γενέσθαι
1063 3213 1272 3289 λέγεται
1304 3214 1385 3269 ἐπὶ
1423 3213 1808 3290 στρατοπέδου.

396 3343 636 3398 Interim
670 3357 845 3397 senex
875 3342 1192 3412 imperator
1221 3341 1434 3396 civium
1467 3358 1604 3413 erga
1634 3359 1695 3396 se
1720 3341 1968 3397 benevo-
1999 3339 2040 3406 C

325 3433 589 3499 lentiam,
613 3431 1509 3500 donis,muneribus,honoribus
1528 3436 1584 3485 et
1607 3429 1737 3484 aliis
1760 3431 1974 3500 quibus

326 3521 486 3576 favor
543 3519 740 3592 populi
792 3525 1032 3591 paratur
1085 3536 1150 3574 ac
1212 3521 1494 3574 retinetur
1550 3519 1971 3585 conﬁrmabat;

330 3615 507 3680 utque
539 3609 784 3664 arctiore
812 3625 940 3663 eam
973 3608 1203 3663 vinculo
1236 3608 1681 3678 constringeret,
1717 3608 1972 3678 promul-

325 3704 458 3770 gato
509 3699 738 3754 decreto
786 3698 1170 3752 sacramentis
1233 3697 1503 3751 maximis
1555 3700 1611 3751 et
1661 3697 1977 3752 dirissimis

321 3787 844 3858 imprecationibus
876 3785 1173 3856 obligabat
1215 3785 1542 3856 Byzantios,
1581 3802 1880 3856 nunquam
1917 3804 1977 3842 se

328 3877 687 3930 Comnenum
715 3875 1123 3944 imperatorem
1145 3880 1244 3928 aut
1268 3875 1572 3928 dominum
1594 3875 1978 3945 salutaturos,

329 3970 428 4019 aut
462 3964 797 4033 imperatori
831 3963 1092 4017 debitum
1126 3962 1404 4017 honorem
1438 3963 1732 4018 delaturos
1763 3983 1775 4030 ;
1810 3964 1979 4034 eique

329 4051 593 4124 singulos
625 4057 926 4106 senatores
969 4052 1336 4106 subscribere
1367 4056 1421 4106 et
1454 4057 1642 4106 ratum
1677 4052 1732 4106 id
1768 4053 1979 4108 habere

329 4142 538 4211 coegit.
562 4141 721 4202 Quod
748 4139 787 4194 ii
809 4141 1073 4195 fecerunt
1098 4140 1366 4211 potentias
1389 4141 1977 4204 cedentes.Comneno

329 4231 520 4286 adhuc
551 4229 753 4300 procul
805 4230 874 4284 ab
907 4229 1048 4283 urbe
1093 4234 1381 4286 versante.
1432 4233 1648 4284 Verum
1679 4230 1776 4284 ubi
1825 4231 1874 4285 is
1906 4231 1976 4285 ad

327 4318 564 4373 Almeas
597 4317 863 4386 accessit,
898 4321 953 4372 et
983 4318 1263 4388 postridie
1293 4323 1417 4373 erat
1449 4320 1503 4373 in
1540 4318 1752 4390 palatio
1780 4324 1979 4374 Dama-

326 4411 486 4479 tryos
522 4408 1127 4478 pernoctaturus,jam
1165 4425 1375 4462 aurora
1420 4413 1748 4478 appetente,
1785 4408 1978 4464 subito

325 4497 604 4568 Magnum
653 4496 750 4550 Dei
801 4496 1086 4567 templum
1139 4497 1652 4552 circumsteterunt
1700 4498 1980 4569 magister

326 4584 648 4640 Michaelus
708 4586 997 4640 Anastasii
1056 4585 1232 4654 filius,
1295 4587 1578 4657 patricius
1636 4586 1976 4641 Theodorus

323 4674 679 4747 Chryselius,
713 4675 992 4744 patricius
1025 4675 1477 4746 Christophorus
1509 4674 1659 4730 635
1697 4676 1973 4746 Pyrrhus,

324 4781 528 4820 omnes
550 4763 933 4819 sodelitatum
967 4767 1164 4831 duces,
1201 4764 1585 4835 nonnulliquo
1617 4765 1711 4819 alii
1759 4765 1972 4819 obscu-

323 4854 527 4916 riores,
563 4870 775 4924 magna
811 4870 944 4907 voce
995 4855 1346 4908 descendere
1381 4854 1771 4924 patriarcham
1807 4855 1876 4908 ad
1913 4871 1974 4908 se

315 4943 632 5012 jubentes:
669 4942 738 4996 de
761 4942 1035 4997 maximis
1060 4943 1230 4997 rebus
1252 4942 1700 4997 consulendum.
1730 4942 1972 4996 Patriar-

323 5030 432 5085 cha
455 5030 510 5084 id
535 5030 719 5085 facere
752 5046 886 5085 cum
922 5036 1237 5099 recusaret,
1267 5047 1523 5101 suasque
1554 5031 1791 5085 obderet
1822 5029 1972 5086 fores

321 5121 638 5190 etjanuam
662 5119 910 5175 cochlea:
944 5137 1066 5189 quae
1100 5120 1156 5173 iu
1183 5121 1488 5190 superiora
1519 5118 1716 5188 templi
1742 5118 1968 5172 concla-

319 5209 410 5264 via
432 5210 646 5278 educit,
672 5225 737 5263 ac
761 5208 1154 5279 Nicephorum
1181 5209 1588 5262 tantummodo
1610 5213 1665 5261 et
1686 5209 1968 5262 Constan-

315 5299 503 5352 tinum
532 5299 760 5360 fratres,
787 5297 1078 5368 patrueles
1102 5314 1259 5363 suos,
1287 5296 1542 5350 mitteret
1564 5312 1626 5349 ac
1654 5312 1754 5365 per
1786 5312 1884 5350 eos
1907 5312 1968 5350 se

315 5386 541 5441 consuli
575 5387 900 5452 mandaret,
928 5385 965 5437 ii
988 5386 1084 5456 qui
1112 5403 1176 5439 eo
1201 5387 1592 5440 convenerant
1615 5400 1827 5453 magna
1847 5387 1964 5453 jam

311 5476 486 5529 turba
517 5474 670 5528 aucti
705 5475 859 5544 (nam
908 5473 1055 5526 fama
1089 5473 1273 5527 didita
1307 5473 1688 5544 undiquaque
1721 5490 1964 5528 concur-

310 5565 514 5618 rebant
550 5580 662 5616 non
699 5562 732 5614 ii
770 5563 937 5614 modo
961 5563 1059 5630 qui
1095 5563 1258 5616 novis
1281 5563 1615 5632 gaudebant
1640 5563 1836 5626 rebus,
1863 5565 1958 5618 sed

311 5657 364 5706 et
391 5650 836 5722 prudentiorum
860 5647 1013 5704 haud
1050 5651 1220 5722 pauci
1243 5657 1298 5708 et
1329 5650 1496 5707 multi
1524 5655 1825 5709 senatores
1848 5669 1962 5710 non

2160 3345 2240 3416 [P.
2276 3347 2401 3418 804]
2425 3345 2484 3401 Ὁ
2516 3341 2571 3399 δέ
2595 3346 2766 3422 γέρων
2797 3349 3118 3426 συνέσφιγγε
3151 3352 3245 3423 μὲν
3271 3351 3348 3413 εἷς
3403 3352 3559 3407 αὐτὸν
3618 3358 3732 3408 τῶν

2081 3428 2322 3485 πολιτῶν
2355 3431 2561 3488 εὔνοιαν
2590 3436 2676 3489 καὶ
2711 3432 2939 3512 δωρεαῖς
2969 3439 3057 3492 καὶ
3082 3443 3330 3515 χρήμασι
3363 3442 3453 3496 καὶ
3482 3442 3734 3514 ἀξιωμά-

2080 3541 2187 3573 των
2225 3522 2520 3597 ὑπεροχαῖς
2554 3523 2641 3577 καὶ
2669 3530 2785 3587 τοῖς
2812 3527 3082 3590 τοιούτοις
3115 3531 3196 3593 οἷς
3225 3528 3468 3606 θέλγεται
3498 3531 3586 3585 καὶ
3630 3553 3734 3585 κα-

2083 3606 2559 3686 ταδημαγωγεῖται
2592 3613 2652 3666 τὸ
2683 3613 3018 3686 πλῆθος,καὶ
3053 3617 3188 3689 πρὸς
3214 3617 3424 3673 εὔνοιαν
3450 3617 3734 3692 δεσμεῖται

2085 3697 2173 3751 καὶ
2231 3698 2426 3752 πίστιν·
2464 3701 2679 3772 μείζονα
2713 3699 2769 3756 δὶ
2817 3705 2905 3757 καὶ
2955 3705 3348 3781 ἀῤῥηκτότερον
3391 3710 3482 3763 τὸν
3535 3707 3736 3782 δεσμὸν

2084 3789 2184 3853 τῆς
2241 3787 2448 3848 εὐνοίας
2503 3796 2727 3858 ποιῆσαι
2793 3791 3152 3866 βουλόμενος,
3206 3798 3292 3850 καὶ
3352 3805 3734 3871 γραμματεῖον

2087 3873 2373 3946 ἐκθέμενος
2406 3875 2590 3948 ὅρκοις
2615 3886 2862 3955 φρικτοῖς
2900 3883 2988 3936 καὶ
3025 3884 3180 3957 ἀραῖς
3230 3883 3736 3958 παλαμναιοτάταις

2086 3961 2619 4039 κατησφαλισμένον,
2683 3968 2756 4030 ὠς
2817 3968 3076 4027 οὐδέποτε
3133 3973 3362 4050 βασιλέα
3400 3975 3434 4043 ἢ
3469 3971 3740 4045 δεσπότην

2085 4052 2176 4105 τὸν
2229 4055 2516 4125 Κομνηνὸν
2549 4055 2911 4128 ὀνομάσουσιν
2943 4063 2977 4131 ἢ
3009 4062 3106 4129 τὴν
3159 4062 3375 4138 βασιλεῖ
3421 4067 3737 4138 πρέπουσαν

2085 4143 2253 4212 τιμὴν
2314 4143 2464 4214 αὐτῷ
2513 4144 2918 4218 προσοίσουσιν,
2949 4146 3170 4206 ἕκαστον
3211 4157 3316 4207 τῶν
3353 4153 3736 4229 συγκλητικῶν

2087 4229 2382 4305 ἠνάγκαζεν
2436 4233 2760 4312 ὑπογράφειν
2815 4235 2865 4290 έν
2919 4238 3066 4311 αὐτῷ
3123 4241 3212 4294 καὶ
3268 4241 3334 4296 τὰ
3381 4243 3738 4319 γεγραμμένα

2086 4324 2306 4408 κυροῦν.
2368 4323 2467 4376 Καὶ
2529 4325 2716 4386 πάντες
2759 4325 2851 4397 μὲν
2917 4331 2985 4400 τῇ
3045 4327 3255 4402 ἐξουσίᾳ
3313 4335 3739 4408 πειθαρχοῦντες

2087 4404 2162 4462 ἔτι
2222 4409 2410 4485 πόρῥω
2469 4416 2562 4464 τοῦ
2618 4419 2908 4486 Κομνηνοῦ
2966 4414 3250 4492 διάγοντος
3289 4423 3617 4498 ὑπέγραψαν’
3656 4427 3733 4487 ὡς

2087 4493 2144 4587 ξι
2175 4495 2376 4587 έκεῖνος
2405 4497 2627 4574 ἤγγισεν
2664 4500 2740 4564 εἷς
2791 4525 2840 4556 τι
2890 4507 3098 4580 χωρίον
3129 4508 3371 4582 Ἀλμέας
3401 4493 3724 4587 *λεγόμενον

2086 4581 2288 4656 ἔμελλε
2346 4584 2401 4640 δὲ
2455 4592 2522 4661 τῇ
2577 4590 2828 4665 ἐπαύριον
2889 4593 2939 4647 ἐν
2998 4602 3113 4659 τοῖς
3165 4581 3449 4660 παλατίοις
3500 4581 3728 4671 ἀύλίζε-

2088 4674 2206 4725 σθαι
2282 4679 2376 4727 τοῦ
2461 4679 2800 4752 Δαματρύος,
2852 4681 3118 4760 αἰφνίδιον
3199 4690 3546 4762 περιστάντες
3603 4693 3727 4769 περί

2081 4762 2143 4815 τὸ
2174 4763 2497 4838 περίορθρον
2525 4771 2592 4839 τῇ
2625 4773 2720 4822 τοῦ
2752 4775 2884 4824 Θεοῦ
2925 4771 3150 4850 Μεγάλῃ
3212 4774 3476 4850 ἐκκλησίᾳ
3534 4781 3563 4834 6
3624 4762 3730 4854 μά-

2083 4869 2302 4922 γιστρος
2353 4854 2538 4928 [καὶ]
2592 4858 2824 4932 Μιχαὴλ
2880 4862 2906 4914 6
2974 4867 3068 4915 τοῦ
3120 4865 3468 4921 ’Λναστασίου
3529 4870 3669 4934 υἱὸς,
3703 4873 3730 4924 ὁ

2081 4940 2364 5032 πατρίκιος
2441 4940 2720 5020 Θεόδωρος
2797 4949 2824 5002 6
2900 4951 3251 5024 Χρυσήλιος,
3330 4957 3357 5010 ὁ
3441 4959 3729 5032 πατρίκιος

2083 5028 2454 5118 Χριστοφόρος
2507 5034 2534 5086 ὁ
2583 5035 2816 5110 Πυρρος,
2881 5039 2931 5092 οἱ
2989 5045 3094 5093 τῶν
3183 5042 3460 5118 ἑταιρειῶν
3529 5028 3729 5112 πάντες

2081 5116 2365 5208 ἄρχοντες,
2397 5119 2484 5173 καί
2533 5142 2673 5184 τινες
2725 5121 2892 5180 ἄλλοι
2950 5133 3056 5183 τῶν
3118 5116 3512 5208 ἀφανεστέρων,
3544 5138 3730 5194 κάτω-

2081 5206 2166 5257 Θεν
2215 5202 2434 5280 ἔκραζον
2484 5211 2761 5266 κατελθεῖν
2809 5216 2943 5290 πρὸς
2990 5217 3186 5283 αὐτοὺς
3235 5222 3327 5276 τὸν
3374 5228 3725 5302 πατριάρχην

2079 5293 2151 5354 ὡς
2213 5294 2508 5365 μέλλοντες
2555 5301 2676 5374 περὶ
2721 5302 3020 5377 ἀναγκαίων
3071 5307 3214 5380 αύτῷ
3274 5315 3486 5374 πεύσεις
3552 5293 3728 5387 προσ-

2077 5390 2330 5456 ενεγκεῖν,
2392 5392 2493 5439 Τοῦ
2555 5385 2609 5442 δὲ
2683 5392 2758 5462 μὴ
2830 5391 3125 5465 καταϐῆναι
3204 5401 3534 5470 πεισθέντος,
3597 5385 3727 5461 ἄλλ’

2077 5471 2496 5537 ἀποκλείσαντος
2525 5478 2619 5542 τὰς
2648 5481 2838 5535 ἑαυτοῦ
2872 5483 3036 5558 Θύρας
3075 5487 3163 5541 καί
3211 5490 3309 5558 τὴν
3357 5488 3566 5546 εἷ’σοδον
3623 5499 3723 5549 τοῦ

2075 5560 2363 5635 ἀνάγοντος
2395 5563 2470 5627 εἷς
2501 5567 2566 5622 τὰ
2600 5569 2818 5644 ὑπερῷα
2865 5580 2965 5642 τῆς
3025 5574 3316 5647 ἐκκλησίας
3367 5574 3719 5658 λαϐυρίνθου,

2074 5652 2430 5730 πεπομφότος
2481 5651 2538 5709 δὲ
2592 5658 2729 5735 πρὸς
2782 5660 3011 5728 τούτους
3040 5664 3358 5746 Νικηφόρον
3414 5651 3521 5725 καὶ.
3562 5651 3720 5731 Κωνέ
