4040 6196
226 359 323 418 365
1373 352 1920 416 HISTORIARUM
1966 353 2487 416 COMPENDIUM

3518 357 3639 421 366

226 494 486 544 ππτῖνον
527 489 655 552 τοὺς
687 486 1060 564 αὐταδίλφους
1107 486 1198 542 καὶ
1249 483 1419 547 ἰδίους
1469 484 1740 559 ἀνεψιοὺς,
1774 485 1865 539 καὶ

1997 503 2130 542 sene
2174 503 2208 541 a
2259 487 2597 545 Stratiotico
2648 490 2906 560 tractati)
2942 489 3233 559 patrueles
3293 490 3636 560 patriarcha)

229 577 487 632 διἀὐτῶν
528 578 623 639 τὰς
667 598 885 638 πευσεις
929 578 1364 652 προσενεχθῆναι
1417 576 1470 629 οἱ
1527 573 1871 646 κελεύοντος,

231 669 273 722 οἱ
299 665 648 729 συνελθόντες
696 667 787 720 καὶ
843 663 984 721 ἄλλο
1024 664 1239 733 πλῆθος
1287 656 1734 734 προσλαϐόμενυι
1775 661 1875 715 οὐκ

233 756 408 829 ὀλίγον
439 753 574 825 (ἤδη
607 756 708 830 γὰρ
765 763 866 824 τῆς
923 757 1114 832 φήμης
1164 750 1506 820 διαδοθείσης
1551 751 1872 824 συνέτρεχον

233 841 478 909 πανσυδὶ),
513 843 577 898 οὐ
627 845 792 916 μόνον
841 845 891 897 οἱ
942 848 1058 903 τοῖς
1110 845 1502 915 νεωτερισμοῖς
1554 839 1873 913 ἐπιχαίρον-

229 955 322 1003 τες,
351 931 503 988 ἀλλὰ
541 933 634 987 καὶ
689 938 800 987 τῶν
855 930 1230 1006 συνετωτέρων
1265 929 1364 983 οὐκ
1396 927 1574 1002 ὀλίγοι
1626 929 1718 982 καὶ
1764 932 1872 981 τῶν

232 1021 600 1096 συγκλητικῶν
633 1021 874 1090 πλῆθος,
909 1021 1026 1075 ὅσοι
1077 1021 1152 1092 μὴ
1205 1019 1400 1078 ἱκανῶς
1426 1018 1574 1092 παρὰ
1601 1021 1696 1070 τοῦ
1729 1017 1877 1090 βασιο

236 1111 358 1172 λέως
404 1109 863 1184 ἐθεραπεύθησαν)
905 1109 1258 1185 περισχόντες
1302 1107 1429 1168 τοὺς
1479 1111 1576 1160 τοῦ
1613 1106 1875 1181 πατριάρ-

234 1219 324 1274 χου
351 1199 617 1273 ἀνεψιοὺς
671 1199 923 1274 ἀπάγξειν
966 1195 1252 1267 ἠπείλουν,
1286 1195 1330 1249 εί
1386 1197 1461 1267 μὴ
1493 1201 1686 1270 τάχιον
1721 1193 1879 1257 αὐτὸς

231 1283 490 1358 καταϐαίη
542 1288 679 1362 πρὸς
742 1287 990 1348 τούτους.
1041 1287 1101 1343 Ὀ
1134 1283 1192 1339 δὲ
1241 1283 1347 1340 εἷ’τε
1392 1281 1562 1352 ἄκων,
1593 1282 1691 1338 οὐκ
1735 1281 1876 1352 οἶδα,

231 1376 314 1442 εἴθ’
342 1378 513 1448 ὶκὼν,
547 1378 623 1441 ὡς
667 1379 695 1432 ὁ
736 1381 843 1430 τῶν
889 1374 1159 1431 πλειόνων
1206 1375 1324 1448 εἶχε
1374 1371 1561 1448 λόγος,
1593 1373 1692 1440 τὴν
1727 1372 1873 1445 ἱερα-

234 1468 372 1534 τικὴν
435 1465 796 1542 περιθέμενος
868 1462 1127 1520 διπλοΐδα
1195 1466 1310 1537 (53)
1393 1463 1484 1516 καὶ
1565 1461 1633 1515 τὰ
1711 1458 1878 1514 λοιπὰ

233 1560 528 1631 παράσημα
605 1561 708 1624 τῆς
789 1552 1204 1630 ἀρχιερωσύνης
1289 1545 1576 1620 ἀναλαϐὼν
1641 1548 1876 1604 κάτεισιν

235 1644 581 1717 ἇκκιζόμενος
629 1644 722 1698 καὶ
791 1641 940 1698 δεινά
1003 1642 1273 1718 πάσχοντι
1327 1639 1520 1702 έυικώς
1553 1658 1582 1719 '_
1625 1639 1762 1707 ἦσαν
1823 1636 1880 1692 δὲ

233 1733 384 1789 ταῦτα
416 1735 598 1788 πάντα
650 1734 850 1802 σκηνὴ,
890 1733 964 1794 ὡς
1022 1732 1090 1786 τὰ
1136 1732 1434 1806 πράγματα
1482 1727 1706 1798 ἔδέιξαν.
1741 1734 1876 1782 Κατ-

237 1823 455 1888 ελθόντα
541 1823 644 1897 γὰρ
728 1820 933 1876 ἐκεῖνον
1032 1820 1229 1881 εὐθέως
1319 1821 1371 1873 οἱ
1469 1819 1696 1872 ἀνάπται
1780 1821 1878 1871 τοῦ

234 1912 469 1982 πλήθους
531 1908 958 1984 παρειληφότες,

235 2006 319 2055 τοῦ
368 1999 548 2070 δεξιοῦ
609 1999 808 2073 μέρους
886 1998 1166 2067 καθίζουσι
1241 2002 1338 2050 τοῦ
1390 1995 1543 2071 ἁγίου
1607 1996 1876 2072 βήματος.

237 2090 326 2147 Καὶ
374 2094 596 2162 πρῶτον
646 2090 766 2160 μὲν,
814 2088 888 2148 ὡς
927 2088 979 2142 έν
1020 2089 1378 2162 προσχήματι
1409 2084 1576 2160 τάχα,
1607 2079 1876 2158 πρεσϐευ-

235 2180 321 2246 τὴν
367 2179 531 2233 αὐτὸν
592 2177 936 2253 παρεκάλουν
984 2176 1058 2238 ὡς
1123 2174 1351 2249 βασιλέα
1404 2176 1668 2250 γενεσθαι,
1730 2173 1880 2237 ὅπως

237 2266 525 2337 ἀποδοθείη
587 2266 773 2327 αὐτοῖς
820 2266 882 2320 τὸ
937 2265 1246 2342 ὑπογραφὶν
1303 2265 1430 2338 παρ’
1469 2263 1642 2318 αὐτῶν
1689 2259 1882 2338 ἔγγρα-

241 2379 348 2435 φον,
382 2359 458 2418 ὡς
489 2354 600 2427 ἤδη
633 2360 732 2410 τοῦ
766 2354 1033 2430 βασιλέως
1081 2354 1445 2426 σπεισαμένου
1495 2358 1574 2424 τῷ
1607 2351 1880 2425 Κομνηνῷ

238 2447 316 2500 καὶ
378 2444 613 2520 βασιλέα
670 2445 985 2504 ἀνειπόντος
1055 2443 1238 2499 αὐτόν.
1294 2446 1404 2501 Τοῦ
1455 2442 1555 2518 γὰρ
1609 2441 1880 2518 ἐγγράφου

240 2534 552 2608 σωζομένου
627 2530 1018 2609 άδιαρῥήκτου,
1109 2529 1261 2587 δυοῖν
1349 2531 1574 2586 ἀτόποιν
1659 2530 1881 2601 θάτερον

242 2620 460 2701 ἔφασκον
507 2621 562 2693 ἒξ
618 2622 857 2697 ἀνάγκης
912 2618 1167 2695 ἕψεσθαι’
1228 2619 1264 2690 ἤ
1315 2621 1416 2696 γάρ
1472 2620 1880 2697 εῦφημήσαντες

242 2713 387 2767 αὐτὸν
445 2713 525 2774 ὡς
589 2708 817 2786 βασιλέα
867 2711 1306 2787 έπιορκήσουσιν,
1353 2706 1388 2779 ἤ
1447 2709 1534 2770 ὡς
1577 2703 1880 2784 ένυϐρίσαν-

240 2822 316 2862 τες
346 2802 422 2864 εἷς
481 2799 716 2876 βασιλέα
772 2797 1225 2870 κολασθήσονταί.
1287 2800 1348 2856 Ὁ
1411 2796 1468 2853 δὲ
1515 2801 1732 2873 πρῶτον
1786 2798 1880 2868 μὶν

243 2885 609 2962 ἀνελάμϐανεν
692 2889 910 2956 αὐτοὺς,
991 2888 1079 2944 καὶ
1155 2886 1471 2962 πληρώσειν
1528 2887 1622 2944 τὸ,
1674 2883 1885 2956 αἴτημα

241 2979 435 3033 το·5των
497 2976 1001 3052 κατεπηγγέλλετο.
1064 2979 1196 3032 Εἶτα
1273 2980 1471 3050 μικροῦ
1536 2972 1883 3036 διαλιπόντος

241 3072 421 3141 καιροῦ
481 3068 700 3121 πάντων
752 3066 1010 3144 ἀφέμενοι
1066 3064 1440 3139 αὐτοκράτορα
1491 3060 1715 3137 βασιλέα
1753 3061 1884 3114 ἄνα-

243 3156 520 3230 γορεῦουσι
576 3157 666 3210 τὸν
729 3156 1041 3227 Κομνηνὸν,
1089 3154 1178 3208 καὶ
1234 3152 1360 3214 τοὺς
1419 3151 1536 3206 ὅσοι
1600 3153 1675 3223 μὴ
1724 3154 1883 3204 τοῦτο

1983 577 2336 648 corripuere,
2371 577 2844 649 strangulaturos
2878 578 3106 639 minati.
3141 579 3252 632 nisi
3285 579 3482 633 statim
3511 580 3635 650 ipse

1985 668 2380 722 descenderet.
2431 668 2632 737 Itaque
2682 668 3035 739 patriarcha,
3084 669 3202 722 sive
3250 668 3469 722 invitus
3501 671 3636 736 (non

1985 757 2138 810 enim
2199 757 2536 826 pronuntio)
2569 756 2711 824 sive,
2739 758 2892 826 quod
2950 756 3336 827 plurimorum
3369 773 3639 812 sermone

1985 841 2287 906 deseritur.
2329 845 2527 899 volens
2579 861 2644 898 ac
2696 849 2904 916 sponte
2954 861 3082 912 sua,
3135 851 3292 899 veste
3343 845 3643 914 pontificia

1987 934 2328 1004 reliquoque
2372 934 2570 988 habitu
2607 939 2664 987 et
2695 933 3028 995 insignibus
3069 934 3284 987 summi
3333 933 3641 988 sacerdotii

1988 1030 2230 1076 ornatus
2265 1024 2588 1089 descendit,
2618 1022 2910 1077 simulans
2957 1040 3018 1076 se
3063 1024 3221 1092 gravi
3253 1023 3471 1092 injuria
3501 1023 3641 1077 affe-

1987 1117 2144 1167 ctum
2179 1111 2492 1182 indignari.
2528 1113 2640 1166 Res
2685 1112 2813 1182 ipsa
2844 1111 3042 1165 docuit
3083 1114 3202 1165 haec
3237 1114 3453 1179 omnia,
3488 1118 3551 1165 ut
3583 1113 3639 1165 in

1987 1217 2182 1264 scena,
2243 1217 2345 1272 per
2403 1201 2836 1255 simulationem
2900 1208 3044 1255 acta.
3080 1202 3209 1255 Mox
3260 1217 3393 1255 eum
3444 1200 3644 1272 populi

1988 1290 2374 1344 concitatores
2399 1290 2792 1360 arripuerunt,
2809 1289 3102 1360 allatoque
3121 1289 3264 1344 solio
3287 1291 3353 1343 ad
3379 1290 3641 1344 dextram

1990 1384 2213 1449 partem
2258 1394 2434 1432 sacrae
2487 1377 2641 1431 sellas
2693 1378 3072 1432 collocarunt.
3102 1379 3181 1432 Ac
3230 1378 3508 1448 primum,
3541 1377 3643 1432 sed

1989 1467 2099 1520 sub
2141 1470 2443 1537 prmtextu,
2481 1467 2790 1520 hortantur
2819 1483 2948 1521 eum
2987 1471 3048 1520 ut
3081 1483 3182 1537 pro
3230 1465 3373 1537 ipsis
3415 1466 3646 1538 legatus

1990 1555 2400 1625 imperatorem
2432 1556 2623 1622 adeat,
2651 1560 3036 1626 reposcatque
3064 1556 3359 1609 decretum
3391 1557 3544 1610 086
3573 1556 3643 1610 ab

1990 1644 2135 1714 ipsis
2186 1645 2612 1713 subscriptum,
2645 1644 3125 1714 quandoquidem
3172 1644 3296 1712 jam
3340 1644 3464 1716 ipse
3511 1660 3645 1699 cum

1990 1732 2286 1787 Comneno
2329 1733 2479 1786 facta
2512 1749 2650 1803 pace
2682 1749 2813 1787 eum
2852 1732 3079 1802 imperii
3111 1749 3509 1788 successorem
3544 1734 3644 1788 de-

1993 1822 2306 1893 signasset.
2342 1822 2486 1875 Nam
2523 1822 2635 1876 nisi
2668 1839 2734 1876 ea
2754 1821 2957 1877 charta
2981 1822 3428 1892 discerperetur,
3455 1837 3650 1877 neces-

1011 1869 1370 1984 .J.{'gp‘.s..;'
1412 1869 1736 1980 agas...
1789 1869 1876 1958 ιω

1997 1869 2306 1893 --οη-ην--
2343 1869 2486 1875 -._-_
2523 1869 2635 1876 --.μ
2671 1869 2734 1876 -_
2757 1869 2957 1877 ﬂ---“
2984 1869 3428 1892 -----.,-----_-,
3457 1869 3623 1877 η---

1997 1910 2140 1965 sario
2161 1910 2411 1965 alterum
2437 1912 2580 1977 fore,
2601 1916 2662 1965 ut
2684 1911 3160 1965 autComnenum
3193 1912 3301 1982 ipsi
3333 1910 3651 1982 imperato-

1988 2017 2108 2055 rem
2141 2000 2452 2055 salutando
2486 2000 2739 2070 perfidiae
2773 2017 2834 2054 se
2865 1999 3314 2070 obligarent,vel
3356 2001 3640 2056 honorem

1987 2090 2038 2144 ei
2061 2091 2324 2144 debitum
2355 2107 2466 2143 non
2493 2089 2804 2144 deferendo
2831 2106 3031 2160 pmnas
3055 2089 3281 2144 darent.
3310 2090 3650 2145 Patriarcha

1990 2176 2277 2247 principio
2311 2192 2410 2230 eoe
2444 2176 2594 2231 bono
2626 2176 2820 2230 animo
2853 2193 2979 2230 esse
3005 2177 3206 2245 jussit,
3232 2193 3410 2248 seque
3441 2179 3643 2233 ecrum

1992 2264 2285 2336 postulata
2316 2264 2696 2335 impleturum
2741 2264 3032 2336 promisit.
3067 2264 3244 2320 Paulo
3277 2272 3408 2336 post
3448 2271 3641 2321 autem

1991 2353 2094 2422 illi,
2130 2354 2406 2408 omnibus
2438 2351 2567 2407 aliis
2600 2355 2772 2408 rebus
2799 2354 3058 2419 omissis,
3086 2354 3495 2424 imperatorem
3529 2357 3642 2409 Au-

1992 2448 2229 2514 gustum
2294 2442 2657 2512 proclamant
2703 2441 3090 2508 Comnenum,
3132 2449 3188 2496 et
3235 2443 3648 2498 dissentientes

1994 2548 2095 2602 pro
2113 2531 2382 2585 hostibus
2399 2531 2644 2585 Romani
2668 2530 2895 2601 imperii
2925 2531 3122 2586 haberi
3140 2547 3205 2586 ac
3226 2531 3647 2602 perduellibus,

1994 2626 2050 2674 et
2080 2637 2280 2674 eorum
2315 2621 2520 2674 domos
2549 2637 2580 2673 a
2613 2619 2991 2675 multitudine
3026 2621 3201 2691 diripi
3225 2621 3458 2690 jubent.
3491 2621 3650 2676 Prin-

1995 2725 2131 2779 ceps
2163 2709 2496 2778 patriarcha
2528 2725 2630 2779 per
2658 2708 3045 2780 Stephanum,
3080 2710 3174 2777 qui
3210 2710 3542 2781 proximum
3574 2711 3646 2767 ab

1995 2799 2122 2868 ipso
2155 2798 2214 2851 in
2238 2797 2485 2852 ecclesia
2507 2798 2819 2869 dignitatis
2843 2798 3032 2852 locum
3059 2800 3378 2866 obtinebat,
3399 2816 3650 2870 prasen-

1994 2893 2110 2941 tem
2135 2887 2245 2942 hoc
2278 2888 2580 2958 approbat,
2608 2904 2673 2940 ac
2702 2887 3070 2942 Theodorum
3110 2889 3430 2943 Antiochea:
3465 2889 3649 2960 patri-

1997 2975 2256 3044 archam,
2315 2974 2770 3045 proclamantem
2832 2977 2982 3031 hanc
3040 2977 3538 3048 designationem,
3593 2982 3651 3034 et

1997 3065 2432 3135 permittentem
2468 3071 2530 3118 ut
2559 3081 2927 3119 summorum
2965 3065 3221 3121 virorum
3256 3067 3355 3137 qui
3389 3066 3510 3122 haec
3542 3067 3652 3123 im-

1997 3155 2311 3224 probarent
2338 3154 2491 3208 .sdes
2515 3153 2826 3207 diruantur
2858 3159 3031 3224 atque
3064 3154 3436 3226 diripiantur.
3462 3163 3651 3224 Atque

247 3245 527 3320 βούλονται
593 3243 829 3319 ἐχθροὺς
904 3243 1183 3316 Ῥωμαίων
1261 3242 1349 3296 καὶ
1394 3240 1697 3301 ἄποστάτας
1748 3238 1883 3292 ὠνό-

2004 3242 2122 3296 hzsc
2155 3243 2363 3312 agebat
2411 3241 2743 3312 patriarcha
2775 3241 2933 3296 intra
2971 3259 3197 3297 sacram
3247 3245 3420 3297 istam
3475 3248 3652 3315 atque

248 3340 430 3406 μαζον,
498 3334 592 3388 καὶ
665 3330 1051 3407 διαρπάζεσθαι
1117 3334 1212 3393 τὰς
1281 3330 1453 3393 οἰκίας
1526 3328 1697 3383 αὐτῶν
1787 3328 1888 3382 ὑπὸ

243 3428 332 3476 τοῦ
391 3423 644 3492 πλήθους
722 3420 1068 3494 ἐδοκίμαζον,
1147 3419 1311 3474 αὐτοῦ
1379 3423 1476 3472 τοῦ
1542 3418 1888 3491 πατριάρχου

246 3513 462 3584 πρώτοῦ
515 3510 607 3565 διὰ
653 3516 750 3565 τοῦ
813 3517 914 3580 τῆς
963 3508 1257 3580 ἐκκλησίας
1313 3504 1715 3582 δευτερεῦοντος
1776 3506 1888 3578 (54)

247 3602 514 3677 Στεφάνου
574 3599 950 3673 συμπαρόντος
998 3599 1087 3652 καὶ
1137 3596 1611 3666 συνευδοκοῦντος,
1650 3594 1738 3648 καὶ
1767 3600 1890 3648 Θεο-

246 3688 419 3764 δώρου
474 3693 574 3744 τοῦ
634 3691 783 3762 [805]
833 3687 1173 3763 Ἀντιοχείας
1219 3687 1564 3760 πατριάρχου
1594 3684 1692 3752 τὴν
1721 3682 1888 3758 ἀνάρ-

244 3777 394 3852 ρησιν
422 3785 521 3846 τῆς
573 3775 845 3852 εὐφημίας
894 3777 1216 3852 βοησαντος,
1246 3775 1336 3829 καὶ
1389 3773 1517 3835 τοὺς
1553 3771 1737 3834 οἷ’κους
1779 3775 1886 3824 τῶν

245 3867 292 3919 ἐν
362 3869 686 3942 ὑπεροχαίς,
743 3863 861 3919 ὅσοι
913 3867 988 3938 μή
1049 3866 1344 3940 ἠρέσκοντο
1390 3868 1506 3924 τοῖς
1550 3862 1888 3937 γινομένοις,

247 3957 598 4009 ἀνασκάπτειν
641 3955 732 4008 καὶ
779 3953 1094 4029 διαρπάζειτ
1139 3954 1563 4028 προτρέποντος.
1597 3951 1695 4004 Καὶ
1723 3954 1891 4004 ταῦτα

253 4044 341 4114 μὶν
390 4038 648 4116 ἔπραττεν
703 4042 896 4106 ἔσωθεν
982 4047 1078 4097 τοῦ
1149 4042 1296 4095 θείου
1369 4041 1458 4095 καὶ
1537 4037 1889 4114 περιωνύμου

253 4137 381 4186 ναοῦ
415 4153 428 4164 ο
484 4130 716 4207 ἄγγελον
769 4129 827 4186 δὶ
857 4132 992 4205 πρὸς
1021 4131 1113 4184 τὸν
1170 4130 1454 4202 Κομνηνὸν
1512 4129 1751 4202 πέμψας,
1801 4127 1889 4182 καὶ

249 4223 382 4290 πρὸς
426 4222 516 4276 τὸν
567 4222 796 4296 γέροντα
855 4218 1080 4287 ἄλλους,
1116 4217 1306 4291 έκείνῳ
1359 4219 1453 4290 μὶν
1494 4217 1686 4290 μηνύει
1735 4215 1894 4270 σπεύ-

253 4307 357 4363 δειν
433 4312 520 4364 καὶ
583 4311 658 4381 μή
745 4306 1047 4384 βραδύνειν,
1134 4309 1222 4362 καὶ
1287 4308 1475 4380 μισθὸν
1544 4306 1740 4379 ἀπῄτει
1789 4312 1890 4374 τῆς

254 4400 533 4474 συνεργίας
565 4399 640 4460 ὡς
673 4396 782 4468 ἤδη
825 4395 990 4460 τέλος
1040 4397 1276 4473 ἐχούσης
1315 4403 1415 4465 τῆς
1445 4395 1608 4450 αὐτοῦ
1638 4393 1890 4472 ἐφέσεως,

251 4488 425 4559 τούτῳ
483 4485 542 4541 δὲ
589 4486 827 4541 κατιέναι
874 4492 984 4541 τῶν
1027 4485 1338 4558 ἀνακτόρων
1370 4485 1485 4539 κατ’
1542 4480 1699 4538 οὐδὲν
1745 4483 1892 4553 αὐτῷ

1998 3330 2283 3386 celebrem
2307 3331 2511 3385 aedem.
2529 3330 2657 3384 Mox
2681 3331 2827 3384 idem
2855 3331 3094 3385 nuntios
3117 3337 3172 3386 et
3193 3333 3262 3384 ad
3285 3332 3649 3387 Comnenum

2001 3419 2181 3474 mittit
2212 3425 2267 3474 et
2311 3421 2380 3473 ad
2416 3419 2839 3488 Stratioticum,
2875 3418 3043 3473 illum
3092 3436 3251 3474 mora
3283 3421 3440 3475 omni
3475 3438 3650 3492 repu-

1997 3509 2157 3563 diata
2179 3508 2751 3578 accelerarejubens,
2769 3509 3191 3580 prazmiumque
3214 3526 3402 3580 operae
3428 3510 3650 3581 praesti-

1999 3603 2066 3651 ta:
2093 3601 2292 3668 utpote
2324 3613 2384 3650 re
2408 3597 2533 3666 jam
2567 3597 2832 3651 confecta
2874 3596 3200 3668 postulans,
3235 3598 3390 3653 hunc
3435 3598 3651 3670 palatio

2001 3686 2281 3740 nimirum
2317 3684 2462 3739 nihil
2496 3686 2567 3739 ad
2602 3685 2796 3755 ipsum
2823 3687 2966 3740 637
3001 3687 3323 3757 pertinente
3354 3688 3654 3744 discedere

2001 3775 2309 3828 mandans.
2339 3773 2499 3828 Unde
2531 3774 2808 3828 omnibus
2850 3776 3039 3844 patuit
3080 3776 3471 3846 patriarcham
3509 3776 3654 3832 nihil

2000 3879 2171 3935 posse
2222 3867 2554 3932 praetexere,
2588 3863 2906 3932 quominus
2937 3881 3049 3918 non
3101 3865 3296 3919 socius
3347 3867 3518 3920 modo
3550 3867 3653 3921 sed

2001 3957 2202 4006 auctor
2233 3951 2639 4023 praecipuaque
2665 3969 2845 4007 causa
2886 3952 3064 4022 hujus
3099 3953 3280 4008 fuisse
3311 3955 3654 4010 defectionis

2001 4042 2353 4096 crederetur.
2391 4041 2597 4096 Missos
2648 4047 2841 4096 autem
2877 4043 2943 4095 ad
2989 4059 3049 4096 se
3085 4043 3487 4113 metropolitas
3517 4061 3650 4099 cum

2002 4130 2387 4200 interrogaret
2433 4129 2826 4193 Stratioticus,
2862 4132 3070 4201 ecquid
3114 4133 3222 4186 sibi
3275 4150 3376 4203 pro
3409 4133 3653 4204 imperio

2004 4219 2332 4290 patriarcha
2381 4219 2670 4284 redderet,
2704 4235 2948 4290 regnum
3003 4220 3233 4275 caeleste
3284 4222 3650 4277 redditurum

2001 4308 2216 4362 dixere.
2252 4311 2438 4378 Atque
2484 4306 2533 4361 is
2583 4307 2871 4378 extemplo
2905 4325 3222 4378 purpuram
3275 4328 3340 4366 ac
3390 4312 3657 4368 coccinos

2001 4396 2221 4451 calceos
2240 4395 3078 4467 abjecit,privatiqneindutus
3113 4398 3314 4453 habitu
3362 4401 3655 4456 discessit.

2002 4484 2307 4539 Enimvero
2341 4485 2492 4554 quod
2535 4484 2766 4539 volebat
2819 4491 2875 4540 et
2926 4487 3306 4557 metropolitaa
3357 4491 3660 4559 promitte-

253 4571 661 4648 προσηκόντων.
695 4575 816 4630 Κάκ
864 4575 1060 4629 τούτου
1113 4580 1231 4636 τοῖς
1276 4579 1435 4627 πᾶσιν
1486 4573 1884 4649 ἀπροφάσιστος

2004 4575 2166 4638 bant,
2201 4573 2352 4627 haud
2387 4573 2561 4628 dubie
2591 4580 2941 4629 consecutus
2975 4575 3198 4642 fuisset,
3224 4577 3272 4630 si
3300 4579 3370 4631 ad
3400 4579 3658 4649 primum

1876 4661 1890 4680 \

253 4663 420 4740 ἰφάνη
449 4667 480 4719 ἀ
507 4664 855 4740 πατριάρχης
900 4665 975 4735 μή
1026 4664 1188 4736 μόνον
1239 4663 1480 4735 μέτοχος
1529 4661 1600 4716 ὥν
1631 4661 1774 4717 ἀλλὰ
1803 4661 1891 4716 καὶ

253 4754 576 4824 πρωταίτιος
630 4761 731 4823 τῆς
793 4751 1138 4814 ἀποστασίας.
1174 4753 1286 4808 Τοῦ
1340 4749 1397 4804 δι
1443 4749 1570 4812 τοὺς
1619 4751 1895 4826 πεμφθὲν-

251 4863 347 4904 τας
407 4843 476 4904 εἰς
532 4843 690 4898 αὑτὸν
755 4841 1166 4917 μητροπολίτας
1222 4840 1590 4915 ἱρωτὺσαντος
1626 4858 1637 4870 ·
1692 4837 1786 4892 Καὶ
1845 4839 1896 4892 τί

259 4951 352 5002 μοι
416 4931 522 4984 ἀντὶ
572 4939 671 5001 τῆς
731 4931 1012 5005 βασιλείας
1071 4932 1098 4984 ὁ
1157 4929 1503 5004 πατριάρχης
1551 4927 1893 5001 παρέχεται;

255 5017 467 5074 ἰκείνων
501 5017 557 5074 δὶ
602 5019 1050 5094 ἀποκριναμένων
1089 5039 1100 5052 ·
1136 5020 1251 5087 Τὴν
1306 5017 1557 5091 οὐράνιον
1596 5015 1896 5090 βασιλείαν,

259 5107 363 5182 ἄγα
393 5108 638 5183 τῷλόγῳ
695 5111 798 5178 τὴν
854 5108 1134 5184 πορφύραν
1192 5102 1489 5161 ἀποϐαλὼν
1536 5105 1625 5160 καὶ
1680 5107 1747 5158 τὰ
1775 5125 1900 5159 κοκ-

254 5192 468 5273 κοῦαφῆ
498 5195 710 5271 πέλιδα,
743 5197 833 5253 καὶ
880 5195 1160 5265 ἴδιωτικήν
1216 5192 1418 5264 ἔσθῆτα
1462 5194 1892 5272 ἂμφιασάμενος,

254 5289 479 5342 κάτεισι.
509 5291 684 5344 Τοῦτο
734 5285 792 5342 δὲ
841 5287 1057 5348 πάντως
1106 5285 1312 5362 ἐγένετο
1373 5283 1432 5338 ἃν
1493 5285 1566 5346 ὡς
1612 5282 1811 5346 ἐκεῖνός
1839 5305 1897 5338 τε

2007 4667 2234 4716 motum
2286 4662 2628 4717 defectionis
2679 4664 2897 4733 regiam
2951 4665 3330 4722 deseruisset.
3365 4670 3531 4722 Nunc
3587 4671 3659 4724 ad

2005 4752 2222 4808 bellum
2261 4768 2446 4822 usque
2489 4753 2545 4806 in
2581 4770 2647 4807 ea
2679 4761 2963 4823 moratus,
2997 4773 3132 4810 cum
3165 4759 3549 4814 sustinuisset
3577 4765 3664 4815 tot

2005 4844 2215 4897 civium
2249 4842 2442 4895 videre
2473 4841 2626 4895 bello
2657 4843 2934 4898 intestino
2975 4845 3224 4912 cladem,
3256 4852 3458 4918 postea
3488 4849 3663 4904 rebus

2009 4932 2203 4984 fractis
2235 4936 2292 4985 et
2324 4931 2579 4985 subditis
2625 4933 3097 5002 opprimentibus
3145 4935 3392 5007 imperio
3441 4937 3662 4992 invitus

2006 5035 2068 5073 se
2100 5019 2399 5085 abdicans,
2426 5019 2576 5074 haud
2613 5022 2733 5074 scio
2765 5039 2837 5074 an
2871 5025 3372 5094 compensationis
3402 5026 3526 5081 loco
3561 5045 3662 5100 pro

2006 5107 2224 5160 caduco
2250 5113 2530 5160 aeternum
2556 5108 2633 5162 sit
2658 5118 3082 5165 consecuturus
3106 5114 3440 5184 imperium.
3467 5117 3572 5172 Sed
3606 5118 3663 5172 in

2004 5195 2114 5251 hac
2148 5211 2208 5250 re
2240 5194 2338 5249 ﬁet
2369 5197 2522 5264 quod
2561 5196 2676 5251 Deo
2707 5200 2978 5269 placebit.
3013 5201 3346 5258 Stratiotico
3380 5205 3438 5258 in
3473 5223 3665 5273 suam,

2008 5303 2134 5356 quae
2173 5290 2296 5340 erat
2346 5284 2404 5337 in
2457 5301 2608 5346 arce.
2645 5287 2882 5342 domum
2937 5289 3223 5359 digresso,
3257 5293 3396 5348 feria
3440 5302 3670 5365 quarta,

1453 5411 1822 5466 XYLANDRI
1865 5413 1952 5467 ET
1994 5411 2210 5468 GOARI
2254 5409 2481 5465 NOTIE.

325 5518 436 5588 (53)
489 5518 811 5587 Φῖλώνιον,
885 5523 941 5576 id
1011 5527 1100 5577 est
1164 5519 1587 5577 sacerdotalem
1650 5519 1898 5572 casulam

253 5590 634 5720 tamquaque
667 5599 856 5652 totum
903 5610 1117 5668 corpus
1161 5591 1484 5652 sacerdotis
1517 5589 1896 5647 ambientem.

2080 5514 2333 5594 (515)1‘05
2382 5522 2750 5594 aptatoita-iri
2779 5521 3083 5590 nimirum,
3119 5524 3214 5594 qui
3273 5524 3560 5578 secundas
3610 5525 3667 5577 in

2011 5589 2284 5662 omnibus
2318 5593 2448 5661 post
2483 5591 2872 5662 patriarcham
2908 5589 3157 5651 obtinet.
3183 5596 3441 5653 Codinus
3472 5599 3526 5652 et
3559 5594 3667 5650 Eu-

2013 5659 2371 5734 chologium.
2405 5659 2585 5720 Go’aa.
