  <div class='ocr_page' id='page_1' title='image "/cluster/home/n/w/nwhite01/storage/ocr_20150623/122/hvd.32044073502460/195.png"; bbox 0 0 4040 6196; ppageno 0'>
   <div class='ocr_carea' id='block_1_1' title="bbox 376 336 492 396">
    <p class='ocr_par' dir='ltr' id='par_1_1' title="bbox 376 336 492 396">
     <span class='ocr_line' id='line_1_1' title="bbox 376 336 492 396; baseline -0.009 -1"><span class='ocrx_word' id='word_1_1' title='bbox 376 336 492 396; x_wconf 84' lang='lat'>367</span> 
     </span>
    </p>
   </div>
   <div class='ocr_carea' id='block_1_2' title="bbox 1694 326 2479 388">
    <p class='ocr_par' dir='ltr' id='par_1_2' title="bbox 1694 326 2479 388">
     <span class='ocr_line' id='line_1_2' title="bbox 1694 326 2479 388; baseline 0.001 -2"><span class='ocrx_word' id='word_1_2' title='bbox 1694 328 1832 386; x_wconf 85' lang='lat' dir='ltr'>JOA</span> <span class='ocrx_word' id='word_1_3' title='bbox 1849 328 2027 387; x_wconf 87' lang='lat' dir='ltr'>NNIS</span> <span class='ocrx_word' id='word_1_4' title='bbox 2076 326 2479 388; x_wconf 63' lang='lat' dir='ltr'>SCYLITZJE</span> 
     </span>
    </p>
   </div>
   <div class='ocr_carea' id='block_1_3' title="bbox 3678 323 3797 385">
    <p class='ocr_par' dir='ltr' id='par_1_3' title="bbox 3678 323 3797 385">
     <span class='ocr_line' id='line_1_3' title="bbox 3678 323 3797 385; baseline -0.008 -1"><span class='ocrx_word' id='word_1_5' title='bbox 3678 323 3797 385; x_wconf 78' lang='lat'>368</span> 
     </span>
    </p>
   </div>
   <div class='ocr_carea' id='block_1_4' title="bbox 377 450 2024 533">
    <p class='ocr_par' dir='ltr' id='par_1_4' title="bbox 377 457 2024 533">
     <span class='ocr_line' id='line_1_4' title="bbox 377 457 2024 533; baseline -0.007 -12"><span class='ocrx_word' id='word_1_6' title='bbox 377 466 588 522; x_wconf 88' lang='lat' dir='ltr'>ultima</span> <span class='ocrx_word' id='word_1_7' title='bbox 643 463 735 518; x_wconf 93' lang='lat' dir='ltr'>die</span> <span class='ocrx_word' id='word_1_8' title='bbox 790 461 1039 533; x_wconf 82' lang='lat' dir='ltr'>Augusti</span> <span class='ocrx_word' id='word_1_9' title='bbox 1097 459 1338 526; x_wconf 84' lang='lat' dir='ltr'>mensis,</span> <span class='ocrx_word' id='word_1_10' title='bbox 1394 457 1719 512; x_wconf 82' lang='lat' dir='ltr'>indictione</span> <span class='ocrx_word' id='word_1_11' title='bbox 1776 457 2024 521; x_wconf 88' lang='lat' dir='ltr'>decima,</span> 
     </span>
    </p>
   </div>
   <div class='ocr_carea' id='block_1_5' title="bbox 2142 450 3794 533">
    <p class='ocr_par' dir='ltr' id='par_1_5' title="bbox 2142 450 3794 530">
     <span class='ocr_line' id='line_1_5' title="bbox 2142 450 3794 530; baseline -0.001 -21"><span class='ocrx_word' id='word_1_12' title='bbox 2142 450 2397 509; x_wconf 77' lang='grc' dir='ltr'>ἐϐούλετο</span> <span class='ocrx_word' id='word_1_13' title='bbox 2455 455 2546 509; x_wconf 81' lang='grc' dir='ltr'>καὶ</span> <span class='ocrx_word' id='word_1_14' title='bbox 2606 455 2656 508; x_wconf 79' lang='grc' dir='ltr'>οἶ</span> <span class='ocrx_word' id='word_1_15' title='bbox 2738 460 3145 530; x_wconf 74' lang='grc' dir='ltr'>μητροπολῖται</span> <span class='ocrx_word' id='word_1_16' title='bbox 3216 454 3518 527; x_wconf 80' lang='grc' dir='ltr'>ὑπέσχοντο</span> <span class='ocrx_word' id='word_1_17' title='bbox 3577 455 3623 508; x_wconf 74' lang='grc' dir='ltr'>αἱ</span> <span class='ocrx_word' id='word_1_18' title='bbox 3680 452 3794 525; x_wconf 76' lang='grc' dir='ltr'>ἅμα</span> 
     </span>
    </p>
   </div>
   <div class='ocr_carea' id='block_1_6' title="bbox 378 545 2029 621">
    <p class='ocr_par' dir='ltr' id='par_1_6' title="bbox 378 545 2029 621">
     <span class='ocr_line' id='line_1_6' title="bbox 378 545 2029 621; baseline -0.007 -12"><span class='ocrx_word' id='word_1_19' title='bbox 378 556 700 609; x_wconf 84' lang='lat' dir='ltr'>Ambustus</span> <span class='ocrx_word' id='word_1_20' title='bbox 757 549 1124 621; x_wconf 87' lang='lat' dir='ltr'>curopalates</span> <span class='ocrx_word' id='word_1_21' title='bbox 1181 566 1213 601; x_wconf 90' lang='lat' dir='ltr'>a</span> <span class='ocrx_word' id='word_1_22' title='bbox 1263 548 1557 600; x_wconf 88' lang='lat' dir='ltr'>Comneno</span> <span class='ocrx_word' id='word_1_23' title='bbox 1618 545 1836 599; x_wconf 85' lang='lat' dir='ltr'>missus</span> <span class='ocrx_word' id='word_1_24' title='bbox 1896 560 2029 599; x_wconf 90' lang='lat' dir='ltr'>cum</span> 
     </span>
    </p>
   </div>
   <div class='ocr_carea' id='block_1_7' title="bbox 378 633 2031 713">
    <p class='ocr_par' dir='ltr' id='par_1_7' title="bbox 378 633 2031 713">
     <span class='ocr_line' id='line_1_7' title="bbox 378 633 2031 713; baseline -0.006 -16"><span class='ocrx_word' id='word_1_25' title='bbox 378 643 534 699; x_wconf 86' lang='lat' dir='ltr'>haud</span> <span class='ocrx_word' id='word_1_26' title='bbox 568 642 769 713; x_wconf 83' lang='lat' dir='ltr'>paucis</span> <span class='ocrx_word' id='word_1_27' title='bbox 804 638 1013 693; x_wconf 77' lang='lat' dir='ltr'>illustri</span> <span class='ocrx_word' id='word_1_28' title='bbox 1048 638 1171 691; x_wconf 90' lang='lat' dir='ltr'>loco</span> <span class='ocrx_word' id='word_1_29' title='bbox 1205 633 1532 699; x_wconf 84' lang='lat' dir='ltr'>natis,feria</span> <span class='ocrx_word' id='word_1_30' title='bbox 1562 634 1768 703; x_wconf 90' lang='lat' dir='ltr'>quinta</span> <span class='ocrx_word' id='word_1_31' title='bbox 1800 650 2031 687; x_wconf 89' lang='lat' dir='ltr'>summo</span> 
     </span>
    </p>
   </div>
   <div class='ocr_carea' id='block_1_8' title="bbox 381 722 2029 798">
    <p class='ocr_par' dir='ltr' id='par_1_8' title="bbox 381 722 2029 798">
     <span class='ocr_line' id='line_1_8' title="bbox 381 722 2029 798; baseline -0.008 -10"><span class='ocrx_word' id='word_1_32' title='bbox 381 749 551 787; x_wconf 89' lang='lat' dir='ltr'>mane</span> <span class='ocrx_word' id='word_1_33' title='bbox 584 732 773 786; x_wconf 87' lang='lat' dir='ltr'>celoce</span> <span class='ocrx_word' id='word_1_34' title='bbox 805 730 873 783; x_wconf 92' lang='lat' dir='ltr'>ad</span> <span class='ocrx_word' id='word_1_35' title='bbox 907 726 1190 798; x_wconf 83' lang='lat' dir='ltr'>palatium</span> <span class='ocrx_word' id='word_1_36' title='bbox 1216 722 1457 794; x_wconf 78' lang='lat' dir='ltr'>appellit</span> <span class='ocrx_word' id='word_1_37' title='bbox 1488 722 1664 791; x_wconf 87' lang='lat' dir='ltr'>idque</span> <span class='ocrx_word' id='word_1_38' title='bbox 1686 722 1884 776; x_wconf 81' lang='lat' dir='ltr'>intrat.</span> <span class='ocrx_word' id='word_1_39' title='bbox 1913 724 2029 775; x_wconf 84' lang='lat' dir='ltr'>Sub</span> 
     </span>
    </p>
   </div>
   <div class='ocr_carea' id='block_1_9' title="bbox 378 810 2028 891">
    <p class='ocr_par' dir='ltr' id='par_1_9' title="bbox 378 810 2028 891">
     <span class='ocr_line' id='line_1_9' title="bbox 378 810 2028 891; baseline -0.007 -17"><span class='ocrx_word' id='word_1_40' title='bbox 378 836 682 891; x_wconf 81' lang='lat' dir='ltr'>vesperam</span> <span class='ocrx_word' id='word_1_41' title='bbox 733 818 892 871; x_wconf 86' lang='lat' dir='ltr'>venit</span> <span class='ocrx_word' id='word_1_42' title='bbox 944 814 1118 869; x_wconf 86' lang='lat' dir='ltr'>etiam</span> <span class='ocrx_word' id='word_1_43' title='bbox 1150 813 1505 874; x_wconf 86' lang='lat' dir='ltr'>Comnenus,</span> <span class='ocrx_word' id='word_1_44' title='bbox 1540 816 1595 865; x_wconf 92' lang='lat' dir='ltr'>et</span> <span class='ocrx_word' id='word_1_45' title='bbox 1628 810 1911 880; x_wconf 85' lang='lat' dir='ltr'>palatium</span> <span class='ocrx_word' id='word_1_46' title='bbox 1941 811 2028 864; x_wconf 91' lang='lat' dir='ltr'>in-</span> 
     </span>
    </p>
   </div>
   <div class='ocr_carea' id='block_1_10' title="bbox 380 899 2027 982">
    <p class='ocr_par' dir='ltr' id='par_1_10' title="bbox 380 899 2027 982">
     <span class='ocr_line' id='line_1_10' title="bbox 380 899 2027 982; baseline -0.008 -18"><span class='ocrx_word' id='word_1_47' title='bbox 380 910 660 982; x_wconf 81' lang='lat' dir='ltr'>greditur.</span> <span class='ocrx_word' id='word_1_48' title='bbox 692 904 995 969; x_wconf 86' lang='lat' dir='ltr'>Postridie,</span> <span class='ocrx_word' id='word_1_49' title='bbox 1025 902 1178 971; x_wconf 92' lang='lat' dir='ltr'>quod</span> <span class='ocrx_word' id='word_1_50' title='bbox 1217 902 1323 953; x_wconf 71' lang='lat' dir='ltr'>fuit</span> <span class='ocrx_word' id='word_1_51' title='bbox 1352 899 1620 953; x_wconf 87' lang='lat' dir='ltr'>kalendis</span> <span class='ocrx_word' id='word_1_52' title='bbox 1650 900 2027 970; x_wconf 83' lang='lat' dir='ltr'>Septembris,</span> 
     </span>
    </p>
   </div>
   <div class='ocr_carea' id='block_1_11' title="bbox 379 985 2027 1055">
    <p class='ocr_par' dir='ltr' id='par_1_11' title="bbox 379 985 2027 1055">
     <span class='ocr_line' id='line_1_11' title="bbox 379 985 2027 1055; baseline -0.007 -4"><span class='ocrx_word' id='word_1_53' title='bbox 379 994 719 1051; x_wconf 90' lang='lat' dir='ltr'>indictionis</span> <span class='ocrx_word' id='word_1_54' title='bbox 749 991 1091 1049; x_wconf 75' lang='lat' dir='ltr'>undecimae,</span> <span class='ocrx_word' id='word_1_55' title='bbox 1116 987 1251 1041; x_wconf 88' lang='lat' dir='ltr'>anni</span> <span class='ocrx_word' id='word_1_56' title='bbox 1276 987 1349 1040; x_wconf 91' lang='lat' dir='ltr'>ab</span> <span class='ocrx_word' id='word_1_57' title='bbox 1375 986 1602 1055; x_wconf 85' lang='lat' dir='ltr'>origine</span> <span class='ocrx_word' id='word_1_58' title='bbox 1636 985 1843 1039; x_wconf 90' lang='lat' dir='ltr'>mundi</span> <span class='ocrx_word' id='word_1_59' title='bbox 1876 986 2027 1040; x_wconf 79' lang='lat'><strong>638</strong></span> 
     </span>
    </p>
   </div>
   <div class='ocr_carea' id='block_1_12' title="bbox 376 1076 2027 1152">
    <p class='ocr_par' dir='ltr' id='par_1_12' title="bbox 376 1076 2027 1152">
     <span class='ocr_line' id='line_1_12' title="bbox 376 1076 2027 1152; baseline -0.007 -13"><span class='ocrx_word' id='word_1_60' title='bbox 376 1085 539 1147; x_wconf 82' lang='lat'>6566,</span> <span class='ocrx_word' id='word_1_61' title='bbox 590 1080 824 1152; x_wconf 87' lang='lat' dir='ltr'>publica</span> <span class='ocrx_word' id='word_1_62' title='bbox 875 1077 1247 1149; x_wconf 86' lang='lat' dir='ltr'>processione</span> <span class='ocrx_word' id='word_1_63' title='bbox 1295 1076 1353 1127; x_wconf 92' lang='lat' dir='ltr'>in</span> <span class='ocrx_word' id='word_1_64' title='bbox 1407 1091 1684 1146; x_wconf 87' lang='lat' dir='ltr'>magnum</span> <span class='ocrx_word' id='word_1_65' title='bbox 1740 1076 2027 1145; x_wconf 89' lang='lat' dir='ltr'>templum</span> 
     </span>
    </p>
   </div>
   <div class='ocr_carea' id='block_1_13' title="bbox 374 1163 2026 1240">
    <p class='ocr_par' dir='ltr' id='par_1_13' title="bbox 374 1163 2026 1240">
     <span class='ocr_line' id='line_1_13' title="bbox 374 1163 2026 1240; baseline -0.006 -13"><span class='ocrx_word' id='word_1_66' title='bbox 374 1173 498 1237; x_wconf 89' lang='lat' dir='ltr'>ivit,</span> <span class='ocrx_word' id='word_1_67' title='bbox 531 1176 701 1240; x_wconf 89' lang='lat' dir='ltr'>atque</span> <span class='ocrx_word' id='word_1_68' title='bbox 732 1169 810 1222; x_wconf 89' lang='lat' dir='ltr'>ibi</span> <span class='ocrx_word' id='word_1_69' title='bbox 844 1184 1024 1237; x_wconf 88' lang='lat' dir='ltr'>supra</span> <span class='ocrx_word' id='word_1_70' title='bbox 1075 1170 1418 1235; x_wconf 68' lang='lat' dir='ltr'>suggestum</span> <span class='ocrx_word' id='word_1_71' title='bbox 1472 1163 1814 1233; x_wconf 68' lang='lat' dir='ltr'>patriarchae</span> <span class='ocrx_word' id='word_1_72' title='bbox 1850 1181 2026 1217; x_wconf 88' lang='lat' dir='ltr'>manu</span> 
     </span>
    </p>
   </div>
   <div class='ocr_carea' id='block_1_14' title="bbox 2140 540 3791 617">
    <p class='ocr_par' dir='ltr' id='par_1_14' title="bbox 2140 540 3791 617">
     <span class='ocr_line' id='line_1_14' title="bbox 2140 540 3791 617; baseline 0.001 -22"><span class='ocrx_word' id='word_1_73' title='bbox 2140 547 2207 607; x_wconf 81' lang='grc' dir='ltr'>τῆ</span> <span class='ocrx_word' id='word_1_74' title='bbox 2240 543 2539 613; x_wconf 75' lang='grc' dir='ltr'>ἀποστασία</span> <span class='ocrx_word' id='word_1_75' title='bbox 2586 541 2768 617; x_wconf 79' lang='grc' dir='ltr'>ᾤχετο</span> <span class='ocrx_word' id='word_1_76' title='bbox 2820 541 2999 597; x_wconf 87' lang='grc' dir='ltr'>λιπὼν</span> <span class='ocrx_word' id='word_1_77' title='bbox 3056 543 3122 597; x_wconf 75' lang='grc' dir='ltr'>τὰ</span> <span class='ocrx_word' id='word_1_78' title='bbox 3186 541 3436 617; x_wconf 80' lang='grc' dir='ltr'>βασίλεια</span> <span class='ocrx_word' id='word_1_79' title='bbox 3470 560 3483 573; x_wconf 92' lang='grc'><strong>·</strong></span> <span class='ocrx_word' id='word_1_80' title='bbox 3535 540 3791 615; x_wconf 71' lang='grc' dir='ltr'>ἰγκαρτε-</span> 
     </span>
    </p>
   </div>
   <div class='ocr_carea' id='block_1_15' title="bbox 2143 629 3787 706">
    <p class='ocr_par' dir='ltr' id='par_1_15' title="bbox 2143 629 3787 706">
     <span class='ocr_line' id='line_1_15' title="bbox 2143 629 3787 706; baseline 0.001 -23"><span class='ocrx_word' id='word_1_81' title='bbox 2143 633 2310 706; x_wconf 76' lang='grc' dir='ltr'>ρήσας</span> <span class='ocrx_word' id='word_1_82' title='bbox 2355 629 2411 685; x_wconf 76' lang='grc' dir='ltr'>δὲ</span> <span class='ocrx_word' id='word_1_83' title='bbox 2462 630 2592 706; x_wconf 73' lang='grc' dir='ltr'>ἄχρι</span> <span class='ocrx_word' id='word_1_84' title='bbox 2643 630 2914 702; x_wconf 66' lang='grc' dir='ltr'>πολέμου,</span> <span class='ocrx_word' id='word_1_85' title='bbox 2967 632 3053 684; x_wconf 82' lang='grc' dir='ltr'>καὶ</span> <span class='ocrx_word' id='word_1_86' title='bbox 3105 632 3473 705; x_wconf 82' lang='grc' dir='ltr'>ἀνασχόμενος</span> <span class='ocrx_word' id='word_1_87' title='bbox 3521 631 3787 699; x_wconf 82' lang='grc' dir='ltr'>τοσαύτην</span> 
     </span>
    </p>
   </div>
   <div class='ocr_carea' id='block_1_16' title="bbox 2140 718 3789 796">
    <p class='ocr_par' dir='ltr' id='par_1_16' title="bbox 2140 718 3789 796">
     <span class='ocr_line' id='line_1_16' title="bbox 2140 718 3789 796; baseline 0.001 -25"><span class='ocrx_word' id='word_1_88' title='bbox 2140 724 2345 772; x_wconf 82' lang='grc' dir='ltr'>πτῶσιν</span> <span class='ocrx_word' id='word_1_89' title='bbox 2384 718 2513 773; x_wconf 81' lang='grc' dir='ltr'>ἰδεῖν</span> <span class='ocrx_word' id='word_1_90' title='bbox 2557 718 2767 793; x_wconf 78' lang='grc' dir='ltr'>ἀνδρῶν</span> <span class='ocrx_word' id='word_1_91' title='bbox 2817 719 3142 796; x_wconf 77' lang='grc' dir='ltr'>ὁμοφύλων,</span> <span class='ocrx_word' id='word_1_92' title='bbox 3195 720 3306 774; x_wconf 76' lang='grc' dir='ltr'>εἶτα</span> <span class='ocrx_word' id='word_1_93' title='bbox 3363 721 3647 794; x_wconf 80' lang='grc' dir='ltr'>θραυσθεὶς</span> <span class='ocrx_word' id='word_1_94' title='bbox 3700 720 3789 774; x_wconf 83' lang='grc' dir='ltr'>καὶ</span> 
     </span>
    </p>
   </div>
   <div class='ocr_carea' id='block_1_17' title="bbox 2139 806 3787 882">
    <p class='ocr_par' dir='ltr' id='par_1_17' title="bbox 2139 806 3787 882">
     <span class='ocr_line' id='line_1_17' title="bbox 2139 806 3787 882; baseline 0 -20"><span class='ocrx_word' id='word_1_95' title='bbox 2139 809 2501 869; x_wconf 79' lang='grc' dir='ltr'>κατασεισθεῖς</span> <span class='ocrx_word' id='word_1_96' title='bbox 2535 807 2638 863; x_wconf 77' lang='grc' dir='ltr'>ὕπὸ</span> <span class='ocrx_word' id='word_1_97' title='bbox 2679 814 2783 862; x_wconf 84' lang='grc' dir='ltr'>τῶν</span> <span class='ocrx_word' id='word_1_98' title='bbox 2844 806 3088 863; x_wconf 81' lang='grc' dir='ltr'>πολιτῶν</span> <span class='ocrx_word' id='word_1_99' title='bbox 3139 809 3227 862; x_wconf 83' lang='grc' dir='ltr'>καὶ</span> <span class='ocrx_word' id='word_1_100' title='bbox 3287 811 3428 862; x_wconf 78' lang='grc' dir='ltr'>ἅκῖυν</span> <span class='ocrx_word' id='word_1_101' title='bbox 3477 812 3575 873; x_wconf 80' lang='grc' dir='ltr'>τῆς</span> <span class='ocrx_word' id='word_1_102' title='bbox 3628 810 3787 882; x_wconf 85' lang='grc' dir='ltr'>βασι-</span> 
     </span>
    </p>
   </div>
   <div class='ocr_carea' id='block_1_18' title="bbox 2141 895 3786 971">
    <p class='ocr_par' dir='ltr' id='par_1_18' title="bbox 2141 895 3786 971">
     <span class='ocr_line' id='line_1_18' title="bbox 2141 895 3786 971; baseline 0.001 -20"><span class='ocrx_word' id='word_1_103' title='bbox 2141 896 2292 959; x_wconf 75' lang='grc' dir='ltr'>λείας</span> <span class='ocrx_word' id='word_1_104' title='bbox 2352 899 2808 971; x_wconf 79' lang='grc' dir='ltr'>ὑπιξερχόμενος,</span> <span class='ocrx_word' id='word_1_105' title='bbox 2869 898 2969 952; x_wconf 91' lang='grc' dir='ltr'>οὐκ</span> <span class='ocrx_word' id='word_1_106' title='bbox 3027 895 3145 952; x_wconf 78' lang='grc' dir='ltr'>οἶδα</span> <span class='ocrx_word' id='word_1_107' title='bbox 3198 897 3248 951; x_wconf 72' lang='grc' dir='ltr'>εἴ</span> <span class='ocrx_word' id='word_1_108' title='bbox 3303 897 3641 969; x_wconf 77' lang='grc' dir='ltr'>ἀντιμισθίαν</span> <span class='ocrx_word' id='word_1_109' title='bbox 3696 919 3786 952; x_wconf 86' lang='grc' dir='ltr'>κο-</span> 
     </span>
    </p>
   </div>
   <div class='ocr_carea' id='block_1_19' title="bbox 2145 985 3786 1061">
    <p class='ocr_par' dir='ltr' id='par_1_19' title="bbox 2145 985 3786 1061">
     <span class='ocr_line' id='line_1_19' title="bbox 2145 985 3786 1061; baseline 0.003 -23"><span class='ocrx_word' id='word_1_110' title='bbox 2145 992 2343 1057; x_wconf 82' lang='grc' dir='ltr'>μιεῖται</span> <span class='ocrx_word' id='word_1_111' title='bbox 2377 994 2475 1054; x_wconf 74' lang='grc' dir='ltr'>τῆς</span> <span class='ocrx_word' id='word_1_112' title='bbox 2522 985 2762 1061; x_wconf 78' lang='grc' dir='ltr'>ἐπιγείου</span> <span class='ocrx_word' id='word_1_113' title='bbox 2815 986 3094 1061; x_wconf 81' lang='grc' dir='ltr'>βρσιλείας</span> <span class='ocrx_word' id='word_1_114' title='bbox 3144 988 3410 1060; x_wconf 58' lang='grc' dir='ltr'>[806Ῑτήν</span> <span class='ocrx_word' id='word_1_115' title='bbox 3445 985 3786 1059; x_wconf 80' lang='grc' dir='ltr'>ἐπουράνιον.</span> 
     </span>
    </p>
   </div>
   <div class='ocr_carea' id='block_1_20' title="bbox 2139 1072 3791 1153">
    <p class='ocr_par' dir='ltr' id='par_1_20' title="bbox 2139 1072 3791 1153">
     <span class='ocr_line' id='line_1_20' title="bbox 2139 1072 3791 1153; baseline 0.001 -26"><span class='ocrx_word' id='word_1_116' title='bbox 2139 1072 2318 1128; x_wconf 83' lang='grc' dir='ltr'>Ἀλλά</span> <span class='ocrx_word' id='word_1_117' title='bbox 2344 1079 2505 1129; x_wconf 73' lang='grc' dir='ltr'>τοῦτο</span> <span class='ocrx_word' id='word_1_118' title='bbox 2544 1076 2662 1148; x_wconf 75' lang='grc' dir='ltr'>μὲν,</span> <span class='ocrx_word' id='word_1_119' title='bbox 2709 1075 2816 1149; x_wconf 77' lang='grc' dir='ltr'>ὅπῃ</span> <span class='ocrx_word' id='word_1_120' title='bbox 2864 1080 2943 1146; x_wconf 82' lang='grc' dir='ltr'>τῷ</span> <span class='ocrx_word' id='word_1_121' title='bbox 2977 1080 3094 1146; x_wconf 79' lang='grc' dir='ltr'>Θιῷ</span> <span class='ocrx_word' id='word_1_122' title='bbox 3124 1074 3309 1153; x_wconf 77' lang='grc' dir='ltr'>φίλον,</span> <span class='ocrx_word' id='word_1_123' title='bbox 3342 1078 3647 1150; x_wconf 72' lang='grc' dir='ltr'>γενήσεται.</span> <span class='ocrx_word' id='word_1_124' title='bbox 3681 1078 3791 1131; x_wconf 70' lang='grc' dir='ltr'>Τοῦ</span> 
     </span>
    </p>
   </div>
   <div class='ocr_carea' id='block_1_21' title="bbox 2141 1160 3791 1239">
    <p class='ocr_par' dir='ltr' id='par_1_21' title="bbox 2141 1160 3791 1239">
     <span class='ocr_line' id='line_1_21' title="bbox 2141 1160 3791 1239; baseline 0.001 -23"><span class='ocrx_word' id='word_1_125' title='bbox 2141 1160 2197 1216; x_wconf 70' lang='grc' dir='ltr'>δὲ</span> <span class='ocrx_word' id='word_1_126' title='bbox 2228 1164 2363 1217; x_wconf 77' lang='grc' dir='ltr'>κατὰ</span> <span class='ocrx_word' id='word_1_127' title='bbox 2391 1165 2486 1231; x_wconf 78' lang='grc' dir='ltr'>τὴν</span> <span class='ocrx_word' id='word_1_128' title='bbox 2543 1162 2592 1217; x_wconf 82' lang='grc' dir='ltr'>ἐν</span> <span class='ocrx_word' id='word_1_129' title='bbox 2643 1167 2710 1237; x_wconf 79' lang='grc' dir='ltr'>τῇ</span> <span class='ocrx_word' id='word_1_130' title='bbox 2762 1162 3060 1237; x_wconf 83' lang='grc' dir='ltr'>ἀκροπόλει</span> <span class='ocrx_word' id='word_1_131' title='bbox 3115 1163 3291 1218; x_wconf 69' lang='grc' dir='ltr'>οἰκίαν</span> <span class='ocrx_word' id='word_1_132' title='bbox 3352 1164 3515 1218; x_wconf 77' lang='grc' dir='ltr'>αὐτοῦ</span> <span class='ocrx_word' id='word_1_133' title='bbox 3568 1163 3791 1239; x_wconf 64' lang='grc' dir='ltr'>γινομε-</span> 
     </span>
    </p>
   </div>
   <div class='ocr_carea' id='block_1_22' title="bbox 374 1251 2024 1328">
    <p class='ocr_par' dir='ltr' id='par_1_22' title="bbox 374 1253 2024 1327">
     <span class='ocr_line' id='line_1_22' title="bbox 374 1253 2024 1327; baseline -0.006 -13"><span class='ocrx_word' id='word_1_134' title='bbox 374 1260 683 1315; x_wconf 89' lang='lat' dir='ltr'>redimitus</span> <span class='ocrx_word' id='word_1_135' title='bbox 708 1253 1085 1327; x_wconf 86' lang='lat' dir='ltr'>imperatorio</span> <span class='ocrx_word' id='word_1_136' title='bbox 1106 1254 1462 1318; x_wconf 86' lang='lat' dir='ltr'>diademate,</span> <span class='ocrx_word' id='word_1_137' title='bbox 1490 1253 1884 1306; x_wconf 81' lang='lat' dir='ltr'>Romanorum</span> <span class='ocrx_word' id='word_1_138' title='bbox 1917 1254 2024 1306; x_wconf 88' lang='lat' dir='ltr'>im-</span> 
     </span>
    </p>
   </div>
   <div class='ocr_carea' id='block_1_23' title="bbox 2142 1251 3788 1328">
    <p class='ocr_par' dir='ltr' id='par_1_23' title="bbox 2142 1251 3788 1328">
     <span class='ocr_line' id='line_1_23' title="bbox 2142 1251 3788 1328; baseline -0.001 -21"><span class='ocrx_word' id='word_1_139' title='bbox 2142 1274 2231 1307; x_wconf 84' lang='grc' dir='ltr'>νου</span> <span class='ocrx_word' id='word_1_140' title='bbox 2276 1253 2459 1325; x_wconf 71' lang='grc' dir='ltr'>ἡμέρᾳ</span> <span class='ocrx_word' id='word_1_141' title='bbox 2504 1251 2744 1327; x_wconf 83' lang='grc' dir='ltr'>τετράδι,</span> <span class='ocrx_word' id='word_1_142' title='bbox 2796 1254 3123 1327; x_wconf 78' lang='grc' dir='ltr'>τριακοστὴν</span> <span class='ocrx_word' id='word_1_143' title='bbox 3176 1253 3403 1328; x_wconf 84' lang='grc' dir='ltr'>πρώτην</span> <span class='ocrx_word' id='word_1_144' title='bbox 3436 1254 3658 1326; x_wconf 76' lang='grc' dir='ltr'>ἄγοντος</span> <span class='ocrx_word' id='word_1_145' title='bbox 3688 1257 3788 1307; x_wconf 78' lang='grc' dir='ltr'>τοῦ</span> 
     </span>
    </p>
   </div>
   <div class='ocr_carea' id='block_1_24' title="bbox 374 1339 2024 1419">
    <p class='ocr_par' dir='ltr' id='par_1_24' title="bbox 374 1345 1071 1419">
     <span class='ocr_line' id='line_1_24' title="bbox 374 1345 1071 1419; baseline -0.011 -15"><span class='ocrx_word' id='word_1_146' title='bbox 374 1356 604 1419; x_wconf 86' lang='lat' dir='ltr'>perator</span> <span class='ocrx_word' id='word_1_147' title='bbox 636 1345 1071 1417; x_wconf 82' lang='lat' dir='ltr'>pronuntiatur.</span> 
     </span>
    </p>
   </div>
   <div class='ocr_carea' id='block_1_25' title="bbox 2142 1339 3791 1419">
    <p class='ocr_par' dir='ltr' id='par_1_25' title="bbox 2142 1339 3791 1415">
     <span class='ocr_line' id='line_1_25' title="bbox 2142 1339 3791 1415; baseline 0 -20"><span class='ocrx_word' id='word_1_148' title='bbox 2142 1341 2454 1415; x_wconf 78' lang='grc' dir='ltr'>Αὐγούστου</span> <span class='ocrx_word' id='word_1_149' title='bbox 2509 1342 2698 1413; x_wconf 87' lang='grc' dir='ltr'>μηνὸς,</span> <span class='ocrx_word' id='word_1_150' title='bbox 2746 1348 2846 1409; x_wconf 79' lang='grc' dir='ltr'>τῆς</span> <span class='ocrx_word' id='word_1_151' title='bbox 2894 1339 3124 1410; x_wconf 75' lang='grc' dir='ltr'>δεκάτης</span> <span class='ocrx_word' id='word_1_152' title='bbox 3172 1340 3561 1412; x_wconf 77' lang='grc' dir='ltr'>ἐπινεμήσεως,</span> <span class='ocrx_word' id='word_1_153' title='bbox 3612 1341 3791 1413; x_wconf 68' lang='lat' dir='ltr'>sici-:9-</span> 
     </span>
    </p>
   </div>
   <div class='ocr_carea' id='block_1_26' title="bbox 372 1425 3788 1511">
    <p class='ocr_par' dir='ltr' id='par_1_26' title="bbox 372 1425 3788 1511">
     <span class='ocr_line' id='line_1_26' title="bbox 372 1425 3788 1511; baseline -0.002 -23"><span class='ocrx_word' id='word_1_154' title='bbox 372 1456 527 1511; x_wconf 81' lang='grc' dir='ltr'>χεται</span> <span class='ocrx_word' id='word_1_155' title='bbox 584 1436 611 1487; x_wconf 85' lang='grc' dir='ltr'>ὁ</span> <span class='ocrx_word' id='word_1_156' title='bbox 669 1430 1012 1501; x_wconf 77' lang='grc' dir='ltr'>Κεκαυμὲνος</span> <span class='ocrx_word' id='word_1_157' title='bbox 1073 1426 1493 1503; x_wconf 85' lang='grc' dir='ltr'>κουροπαλάτης</span> <span class='ocrx_word' id='word_1_158' title='bbox 1555 1425 1655 1480; x_wconf 82' lang='grc' dir='ltr'>ὑπὸ</span> <span class='ocrx_word' id='word_1_159' title='bbox 1711 1431 1808 1481; x_wconf 71' lang='grc' dir='ltr'>τοῦ</span> <span class='ocrx_word' id='word_1_160' title='bbox 1868 1434 2163 1499; x_wconf 77' lang='grc' dir='ltr'>Κομνηνοῦ</span> <span class='ocrx_word' id='word_1_161' title='bbox 2215 1430 2467 1501; x_wconf 80' lang='grc' dir='ltr'>τιμηθεὶς</span> <span class='ocrx_word' id='word_1_162' title='bbox 2525 1432 2659 1501; x_wconf 89' lang='grc' dir='ltr'>μετά</span> <span class='ocrx_word' id='word_1_163' title='bbox 2704 1452 2860 1484; x_wconf 82' lang='grc' dir='ltr'>τινων</span> <span class='ocrx_word' id='word_1_164' title='bbox 2922 1431 3024 1484; x_wconf 88' lang='grc' dir='ltr'>οὐκ</span> <span class='ocrx_word' id='word_1_165' title='bbox 3076 1428 3277 1505; x_wconf 80' lang='grc' dir='ltr'>ὀλίγων</span> <span class='ocrx_word' id='word_1_166' title='bbox 3333 1427 3667 1505; x_wconf 72' lang='grc' dir='ltr'>εὐπατριδῶν</span> <span class='ocrx_word' id='word_1_167' title='bbox 3720 1434 3788 1503; x_wconf 77' lang='grc' dir='ltr'>τῇ</span> 
     </span>
    </p>
   </div>
   <div class='ocr_carea' id='block_1_27' title="bbox 376 1514 3791 1599">
    <p class='ocr_par' dir='ltr' id='par_1_27' title="bbox 376 1514 3791 1599">
     <span class='ocr_line' id='line_1_27' title="bbox 376 1514 3791 1599; baseline -0.002 -22"><span class='ocrx_word' id='word_1_168' title='bbox 376 1528 411 1580; x_wconf 83' lang='grc' dir='ltr'>ε’</span> <span class='ocrx_word' id='word_1_169' title='bbox 441 1524 653 1599; x_wconf 67' lang='grc' dir='ltr'>πρωῖας</span> <span class='ocrx_word' id='word_1_170' title='bbox 712 1519 799 1575; x_wconf 74' lang='grc' dir='ltr'>διὰ</span> <span class='ocrx_word' id='word_1_171' title='bbox 858 1518 1165 1592; x_wconf 75' lang='grc' dir='ltr'>δρόμιυνος,</span> <span class='ocrx_word' id='word_1_172' title='bbox 1249 1518 1336 1570; x_wconf 78' lang='grc' dir='ltr'>καὶ</span> <span class='ocrx_word' id='word_1_173' title='bbox 1420 1514 1677 1579; x_wconf 80' lang='grc' dir='ltr'>εἰσελθὼν</span> <span class='ocrx_word' id='word_1_174' title='bbox 1748 1524 1937 1589; x_wconf 80' lang='grc' dir='ltr'>κρατεῖ</span> <span class='ocrx_word' id='word_1_175' title='bbox 2012 1519 2077 1572; x_wconf 76' lang='grc' dir='ltr'>τά</span> <span class='ocrx_word' id='word_1_176' title='bbox 2161 1520 2481 1597; x_wconf 36' lang='grc' dir='ltr'>ἀνάκτορα..</span> <span class='ocrx_word' id='word_1_177' title='bbox 2519 1523 2779 1595; x_wconf 80' lang='grc' dir='ltr'>’Έρχεται</span> <span class='ocrx_word' id='word_1_178' title='bbox 2856 1517 2911 1573; x_wconf 70' lang='grc' dir='ltr'>δὲ</span> <span class='ocrx_word' id='word_1_179' title='bbox 2962 1519 3089 1593; x_wconf 84' lang='grc' dir='ltr'>περῖ</span> <span class='ocrx_word' id='word_1_180' title='bbox 3146 1517 3329 1588; x_wconf 75' lang='grc' dir='ltr'>δείλην</span> <span class='ocrx_word' id='word_1_181' title='bbox 3394 1519 3548 1591; x_wconf 76' lang='grc' dir='ltr'>ὀψίαν</span> <span class='ocrx_word' id='word_1_182' title='bbox 3607 1518 3699 1572; x_wconf 82' lang='grc' dir='ltr'>καὶ</span> <span class='ocrx_word' id='word_1_183' title='bbox 3761 1521 3791 1572; x_wconf 85' lang='grc' dir='ltr'>ὁ</span> 
     </span>
    </p>
   </div>
   <div class='ocr_carea' id='block_1_28' title="bbox 376 1604 3793 1684">
    <p class='ocr_par' dir='ltr' id='par_1_28' title="bbox 376 1604 3793 1684">
     <span class='ocr_line' id='line_1_28' title="bbox 376 1604 3793 1684; baseline 0.001 -24"><span class='ocrx_word' id='word_1_184' title='bbox 376 1613 684 1684; x_wconf 82' lang='grc' dir='ltr'>Κομνηνὸς,</span> <span class='ocrx_word' id='word_1_185' title='bbox 742 1609 830 1663; x_wconf 84' lang='grc' dir='ltr'>καὶ</span> <span class='ocrx_word' id='word_1_186' title='bbox 889 1605 1104 1661; x_wconf 60' lang='grc' dir='ltr'>εἴσεισιν</span> <span class='ocrx_word' id='word_1_187' title='bbox 1159 1606 1209 1659; x_wconf 83' lang='grc' dir='ltr'>ἐν</span> <span class='ocrx_word' id='word_1_188' title='bbox 1259 1606 1468 1669; x_wconf 80' lang='grc' dir='ltr'>αὐτοῖς,</span> <span class='ocrx_word' id='word_1_189' title='bbox 1520 1605 1607 1659; x_wconf 79' lang='grc' dir='ltr'>καὶ</span> <span class='ocrx_word' id='word_1_190' title='bbox 1683 1609 1751 1678; x_wconf 82' lang='grc' dir='ltr'>τῇ</span> <span class='ocrx_word' id='word_1_191' title='bbox 1810 1605 2088 1680; x_wconf 71' lang='grc' dir='ltr'>ἐπαύριον,</span> <span class='ocrx_word' id='word_1_192' title='bbox 2151 1610 2373 1682; x_wconf 65' lang='grc' dir='ltr'>ποώνην</span> <span class='ocrx_word' id='word_1_193' title='bbox 2439 1606 2661 1682; x_wconf 76' lang='grc' dir='ltr'>ἄγοντος</span> <span class='ocrx_word' id='word_1_194' title='bbox 2716 1607 2811 1662; x_wconf 74' lang='grc' dir='ltr'>τοῦ</span> <span class='ocrx_word' id='word_1_195' title='bbox 2873 1604 3247 1682; x_wconf 75' lang='grc' dir='ltr'>Σεπτεμϐρίου</span> <span class='ocrx_word' id='word_1_196' title='bbox 3306 1610 3500 1680; x_wconf 82' lang='grc' dir='ltr'>μηνὸς,</span> <span class='ocrx_word' id='word_1_197' title='bbox 3559 1613 3659 1672; x_wconf 81' lang='grc' dir='ltr'>τῆς</span> <span class='ocrx_word' id='word_1_198' title='bbox 3721 1610 3793 1662; x_wconf 81' lang='grc' dir='ltr'>ια’</span> 
     </span>
    </p>
   </div>
   <div class='ocr_carea' id='block_1_29' title="bbox 376 1690 3790 1771">
    <p class='ocr_par' dir='ltr' id='par_1_29' title="bbox 376 1690 3790 1771">
     <span class='ocr_line' id='line_1_29' title="bbox 376 1690 3790 1771; baseline -0.002 -17"><span class='ocrx_word' id='word_1_199' title='bbox 376 1700 771 1771; x_wconf 76' lang='grc' dir='ltr'>ἐπινεμήσεως,</span> <span class='ocrx_word' id='word_1_200' title='bbox 830 1700 926 1751; x_wconf 72' lang='grc' dir='ltr'>τοῦ</span> <span class='ocrx_word' id='word_1_201' title='bbox 984 1696 1139 1768; x_wconf 62' lang='grc' dir='ltr'>,ςφξό</span> <span class='ocrx_word' id='word_1_202' title='bbox 1209 1692 1383 1754; x_wconf 78' lang='grc' dir='ltr'>ἔτους.</span> <span class='ocrx_word' id='word_1_203' title='bbox 1463 1690 1729 1764; x_wconf 78' lang='grc' dir='ltr'>δημοσίαν</span> <span class='ocrx_word' id='word_1_204' title='bbox 1806 1698 2177 1767; x_wconf 70' lang='grc' dir='ltr'>ποιησάμενος</span> <span class='ocrx_word' id='word_1_205' title='bbox 2260 1690 2496 1771; x_wconf 82' lang='grc' dir='ltr'>πρόοδον</span> <span class='ocrx_word' id='word_1_206' title='bbox 2571 1698 2778 1751; x_wconf 78' lang='grc' dir='ltr'>ἄπεισιν</span> <span class='ocrx_word' id='word_1_207' title='bbox 2833 1697 2907 1757; x_wconf 75' lang='grc' dir='ltr'>εἰς</span> <span class='ocrx_word' id='word_1_208' title='bbox 2964 1699 3062 1765; x_wconf 78' lang='grc' dir='ltr'>τὴν</span> <span class='ocrx_word' id='word_1_209' title='bbox 3119 1697 3377 1771; x_wconf 81' lang='grc' dir='ltr'>Μεγάλην</span> <span class='ocrx_word' id='word_1_210' title='bbox 3436 1695 3790 1765; x_wconf 74' lang='grc' dir='ltr'>Ἐκκλησίαν,</span> 
     </span>
    </p>
   </div>
   <div class='ocr_carea' id='block_1_30' title="bbox 375 1778 3790 1860">
    <p class='ocr_par' dir='ltr' id='par_1_30' title="bbox 375 1778 3790 1860">
     <span class='ocr_line' id='line_1_30' title="bbox 375 1778 3790 1860; baseline -0.002 -17"><span class='ocrx_word' id='word_1_211' title='bbox 375 1790 590 1844; x_wconf 78' lang='grc' dir='ltr'>κάκεῖσε</span> <span class='ocrx_word' id='word_1_212' title='bbox 637 1785 833 1849; x_wconf 75' lang='grc' dir='ltr'>ἄνωθεν</span> <span class='ocrx_word' id='word_1_213' title='bbox 890 1789 987 1838; x_wconf 76' lang='grc' dir='ltr'>τοῦ</span> <span class='ocrx_word' id='word_1_214' title='bbox 1054 1778 1307 1855; x_wconf 70' lang='grc' dir='ltr'>ἅμϐωνος</span> <span class='ocrx_word' id='word_1_215' title='bbox 1368 1785 1480 1855; x_wconf 81' lang='grc'>(55)</span> <span class='ocrx_word' id='word_1_216' title='bbox 1543 1779 1632 1835; x_wconf 78' lang='grc' dir='ltr'>διὰ</span> <span class='ocrx_word' id='word_1_217' title='bbox 1688 1787 1793 1836; x_wconf 83' lang='grc' dir='ltr'>τῶν</span> <span class='ocrx_word' id='word_1_218' title='bbox 1856 1789 2056 1857; x_wconf 78' lang='grc' dir='ltr'>χειρῶν</span> <span class='ocrx_word' id='word_1_219' title='bbox 2117 1789 2213 1839; x_wconf 79' lang='grc' dir='ltr'>τοῦ</span> <span class='ocrx_word' id='word_1_220' title='bbox 2272 1787 2618 1860; x_wconf 79' lang='grc' dir='ltr'>πατριάρχου</span> <span class='ocrx_word' id='word_1_221' title='bbox 2674 1791 2753 1857; x_wconf 80' lang='grc' dir='ltr'>τῷ</span> <span class='ocrx_word' id='word_1_222' title='bbox 2807 1784 3074 1859; x_wconf 76' lang='grc' dir='ltr'>βασιλικῷ</span> <span class='ocrx_word' id='word_1_223' title='bbox 3130 1791 3428 1840; x_wconf 78' lang='grc' dir='ltr'>ταινιοῦται</span> <span class='ocrx_word' id='word_1_224' title='bbox 3487 1782 3790 1856; x_wconf 76' lang='grc' dir='ltr'>διαδήματι</span> 
     </span>
    </p>
   </div>
   <div class='ocr_carea' id='block_1_31' title="bbox 374 1869 2025 1950">
    <p class='ocr_par' dir='ltr' id='par_1_31' title="bbox 374 1869 2025 1950">
     <span class='ocr_line' id='line_1_31' title="bbox 374 1869 2025 1950; baseline -0.004 -18"><span class='ocrx_word' id='word_1_225' title='bbox 374 1879 462 1933; x_wconf 82' lang='grc' dir='ltr'>καὶ</span> <span class='ocrx_word' id='word_1_226' title='bbox 502 1874 757 1950; x_wconf 66' lang='grc' dir='ltr'>βασιλεὺς</span> <span class='ocrx_word' id='word_1_227' title='bbox 787 1874 1136 1948; x_wconf 80' lang='grc' dir='ltr'>αὐτοκράτωρ</span> <span class='ocrx_word' id='word_1_228' title='bbox 1159 1875 1269 1945; x_wconf 77' lang='grc'>(56)</span> <span class='ocrx_word' id='word_1_229' title='bbox 1301 1869 1586 1944; x_wconf 83' lang='grc' dir='ltr'>Ῥωμαίων</span> <span class='ocrx_word' id='word_1_230' title='bbox 1620 1872 2025 1946; x_wconf 82' lang='grc' dir='ltr'>ἀναγορεύεται,</span> 
     </span>
    </p>
   </div>
   <div class='ocr_carea' id='block_1_32' title="bbox 1566 2006 2590 2065">
    <p class='ocr_par' dir='ltr' id='par_1_32' title="bbox 1566 2006 2590 2065">
     <span class='ocr_line' id='line_1_32' title="bbox 1566 2006 2590 2065; baseline 0.003 -3"><span class='ocrx_word' id='word_1_231' title='bbox 1566 2006 1933 2063; x_wconf 77' lang='lat' dir='ltr'>XYLANDRI</span> <span class='ocrx_word' id='word_1_232' title='bbox 1976 2010 2067 2064; x_wconf 87' lang='lat' dir='ltr'>ET</span> <span class='ocrx_word' id='word_1_233' title='bbox 2108 2009 2321 2065; x_wconf 80' lang='lat' dir='ltr'>GOABI</span> <span class='ocrx_word' id='word_1_234' title='bbox 2364 2010 2590 2065; x_wconf 71' lang='lat' dir='ltr'>NOT/E.</span> 
     </span>
    </p>
   </div>
   <div class='ocr_carea' id='block_1_33' title="bbox 446 2125 2017 2201">
    <p class='ocr_par' dir='ltr' id='par_1_33' title="bbox 446 2125 2017 2201">
     <span class='ocr_line' id='line_1_33' title="bbox 446 2125 2017 2201; baseline -0.003 -16"><span class='ocrx_word' id='word_1_235' title='bbox 446 2130 558 2201; x_wconf 85' lang='lat'>(55)</span> <span class='ocrx_word' id='word_1_236' title='bbox 623 2130 703 2185; x_wconf 94' lang='lat' dir='ltr'>De</span> <span class='ocrx_word' id='word_1_237' title='bbox 767 2144 881 2199; x_wconf 87' lang='lat' dir='ltr'>quo</span> <span class='ocrx_word' id='word_1_238' title='bbox 946 2126 1230 2198; x_wconf 86' lang='lat' dir='ltr'>legendus</span> <span class='ocrx_word' id='word_1_239' title='bbox 1295 2125 1552 2180; x_wconf 85' lang='lat' dir='ltr'>Codinus</span> <span class='ocrx_word' id='word_1_240' title='bbox 1623 2130 1743 2180; x_wconf 89' lang='lat' dir='ltr'>toto</span> <span class='ocrx_word' id='word_1_241' title='bbox 1811 2142 1860 2179; x_wconf 95' lang='lat' dir='ltr'>c.</span> <span class='ocrx_word' id='word_1_242' title='bbox 1938 2128 2017 2181; x_wconf 89' lang='lat'>17.</span> 
     </span>
    </p>
   </div>
   <div class='ocr_carea' id='block_1_34' title="bbox 374 2203 2021 2345">
    <p class='ocr_par' dir='ltr' id='par_1_34' title="bbox 374 2203 2021 2345">
     <span class='ocr_line' id='line_1_34' title="bbox 374 2203 2021 2345; baseline -0.005 -14"><span class='ocrx_word' id='word_1_243' title='bbox 374 2203 557 2345; x_wconf 40' lang='lat'>(32%;).</span> <span class='ocrx_word' id='word_1_244' title='bbox 617 2267 870 2345; x_wconf 73' lang='grc' dir='ltr'>βασιλεὺς</span> <span class='ocrx_word' id='word_1_245' title='bbox 926 2264 1297 2342; x_wconf 81' lang='grc' dir='ltr'>αὐτοκράτωρ,</span> <span class='ocrx_word' id='word_1_246' title='bbox 1346 2266 1664 2337; x_wconf 87' lang='lat' dir='ltr'>imperator</span> <span class='ocrx_word' id='word_1_247' title='bbox 1713 2284 2021 2338; x_wconf 86' lang='lat' dir='ltr'>supremas</span> 
     </span>
    </p>
   </div>
   <div class='ocr_carea' id='block_1_35' title="bbox 1463 1690 2177 1767">
    <p class='ocr_par' dir='ltr' id='par_1_35' title="bbox 1463 1690 2177 1767">
     <span class='ocr_line' id='line_1_35' title="bbox 1463 1690 2177 1767; baseline 0.003 -20"><span class='ocrx_word' id='word_1_248' title='bbox 1463 1690 1729 1764; x_wconf 78' lang='grc' dir='ltr'>δημοσίαν</span> <span class='ocrx_word' id='word_1_249' title='bbox 1806 1698 2177 1767; x_wconf 78' lang='grc' dir='ltr'>ποιησάμενος</span> 
     </span>
    </p>
   </div>
   <div class='ocr_carea' id='block_1_36' title="bbox 2133 2125 3791 2201">
    <p class='ocr_par' dir='ltr' id='par_1_36' title="bbox 2133 2125 3791 2201">
     <span class='ocr_line' id='line_1_36' title="bbox 2133 2125 3791 2201; baseline -0.002 -20"><span class='ocrx_word' id='word_1_250' title='bbox 2133 2127 2406 2201; x_wconf 82' lang='lat' dir='ltr'>obtinens</span> <span class='ocrx_word' id='word_1_251' title='bbox 2437 2127 2703 2201; x_wconf 86' lang='lat' dir='ltr'>diversus</span> <span class='ocrx_word' id='word_1_252' title='bbox 2751 2135 2840 2183; x_wconf 90' lang='lat' dir='ltr'>est</span> <span class='ocrx_word' id='word_1_253' title='bbox 2870 2128 2942 2183; x_wconf 89' lang='lat' dir='ltr'>ab</span> <span class='ocrx_word' id='word_1_254' title='bbox 2991 2129 3207 2201; x_wconf 88' lang='lat' dir='ltr'>eoqui</span> <span class='ocrx_word' id='word_1_255' title='bbox 3261 2127 3560 2201; x_wconf 81' lang='grc' dir='ltr'>στρατηγὸς</span> <span class='ocrx_word' id='word_1_256' title='bbox 3611 2125 3791 2201; x_wconf 77' lang='grc' dir='ltr'>αὐτο-</span> 
     </span>
    </p>
   </div>
   <div class='ocr_carea' id='block_1_37' title="bbox 2133 2196 3794 2323">
    <p class='ocr_par' dir='ltr' id='par_1_37' title="bbox 2133 2196 3794 2323">
     <span class='ocr_line' id='line_1_37' title="bbox 2133 2196 3794 2323; baseline 0.001 -74"><span class='ocrx_word' id='word_1_257' title='bbox 2133 2196 2371 2323; x_wconf 49' lang='grc' dir='ltr'>ἓράτωρί,</span> <span class='ocrx_word' id='word_1_258' title='bbox 2426 2204 2488 2253; x_wconf 91' lang='lat' dir='ltr'>ut</span> <span class='ocrx_word' id='word_1_259' title='bbox 2533 2200 2805 2271; x_wconf 87' lang='lat' dir='ltr'>princeps</span> <span class='ocrx_word' id='word_1_260' title='bbox 2854 2218 2888 2255; x_wconf 76' lang='grc' dir='ltr'><strong>θ.</strong></span> <span class='ocrx_word' id='word_1_261' title='bbox 2941 2196 3199 2265; x_wconf 81' lang='lat' dir='ltr'>subdito,</span> <span class='ocrx_word' id='word_1_262' title='bbox 3232 2196 3334 2254; x_wconf 59' lang='lat' dir='ltr'>rei</span> <span class='ocrx_word' id='word_1_263' title='bbox 3377 2200 3448 2254; x_wconf 90' lang='lat' dir='ltr'>ab</span> <span class='ocrx_word' id='word_1_264' title='bbox 3480 2196 3794 2254; x_wconf 69' lang='lat' dir='ltr'>exercitus</span> 
     </span>
     <span class='ocr_line' id='line_1_38' title="bbox 2179 2286 2511 2323; baseline 0 0"><span class='ocrx_word' id='word_1_265' title='bbox 2179 2286 2511 2323; x_wconf 76' lang='lat' dir='ltr'>UCO.JOAR.</span> 
     </span>
    </p>
   </div>
   <div class='ocr_carea' id='block_1_38' title="bbox 2179 2286 2511 2331">
    <p class='ocr_par' dir='ltr' id='par_1_38' title="bbox 2179 2286 2511 2331">
     <span class='ocr_line' id='line_1_39' title="bbox 2179 2286 2511 2331; baseline 0.003 -8"><span class='ocrx_word' id='word_1_266' title='bbox 2179 2286 2511 2331; x_wconf 53' lang='lat' dir='ltr'>UCO.UOAR.</span> 
     </span>
    </p>
   </div>
   <div class='ocr_carea' id='block_1_39' title="bbox 445 2418 3795 2493">
    <p class='ocr_par' dir='ltr' id='par_1_39' title="bbox 445 2418 3795 2493">
     <span class='ocr_line' id='line_1_40' title="bbox 445 2418 3795 2493; baseline -0.002 -12"><span class='ocrx_word' id='word_1_267' title='bbox 445 2425 529 2481; x_wconf 88' lang='lat' dir='ltr'>Ne</span> <span class='ocrx_word' id='word_1_268' title='bbox 576 2424 647 2478; x_wconf 91' lang='lat' dir='ltr'>de</span> <span class='ocrx_word' id='word_1_269' title='bbox 693 2423 910 2493; x_wconf 83' lang='lat' dir='ltr'>injuste</span> <span class='ocrx_word' id='word_1_270' title='bbox 960 2420 1286 2491; x_wconf 86' lang='lat' dir='ltr'>proscripta</span> <span class='ocrx_word' id='word_1_271' title='bbox 1332 2418 1602 2493; x_wconf 81' lang='lat' dir='ltr'>Xylandri</span> <span class='ocrx_word' id='word_1_272' title='bbox 1640 2419 1941 2481; x_wconf 87' lang='lat' dir='ltr'>memoria,</span> <span class='ocrx_word' id='word_1_273' title='bbox 1976 2420 2023 2473; x_wconf 89' lang='lat' dir='ltr'>si</span> <span class='ocrx_word' id='word_1_274' title='bbox 2068 2421 2196 2490; x_wconf 90' lang='lat' dir='ltr'>ejus</span> <span class='ocrx_word' id='word_1_275' title='bbox 2247 2422 2509 2476; x_wconf 70' lang='lat' dir='ltr'>rescissis</span> <span class='ocrx_word' id='word_1_276' title='bbox 2562 2422 2812 2476; x_wconf 81' lang='lat' dir='ltr'>fuissent</span> <span class='ocrx_word' id='word_1_277' title='bbox 2861 2423 3268 2478; x_wconf 88' lang='lat' dir='ltr'>annotationes</span> <span class='ocrx_word' id='word_1_278' title='bbox 3310 2422 3396 2476; x_wconf 89' lang='lat' dir='ltr'>vel</span> <span class='ocrx_word' id='word_1_279' title='bbox 3440 2439 3508 2476; x_wconf 85' lang='lat' dir='ltr'>ex</span> <span class='ocrx_word' id='word_1_280' title='bbox 3562 2422 3795 2492; x_wconf 86' lang='lat' dir='ltr'>integro</span> 
     </span>
    </p>
   </div>
   <div class='ocr_carea' id='block_1_40' title="bbox 375 2491 3789 2563">
    <p class='ocr_par' dir='ltr' id='par_1_40' title="bbox 375 2491 3789 2563">
     <span class='ocr_line' id='line_1_41' title="bbox 375 2491 3789 2563; baseline -0.001 -12"><span class='ocrx_word' id='word_1_281' title='bbox 375 2496 683 2551; x_wconf 80' lang='lat' dir='ltr'>emendata</span> <span class='ocrx_word' id='word_1_282' title='bbox 712 2491 1135 2563; x_wconf 85' lang='lat' dir='ltr'>interpretatio,</span> <span class='ocrx_word' id='word_1_283' title='bbox 1171 2491 1437 2545; x_wconf 91' lang='lat' dir='ltr'>nonnulli</span> <span class='ocrx_word' id='word_1_284' title='bbox 1484 2498 1887 2557; x_wconf 80' lang='lat' dir='ltr'>causarentur,</span> <span class='ocrx_word' id='word_1_285' title='bbox 1922 2493 1978 2545; x_wconf 91' lang='lat' dir='ltr'>in</span> <span class='ocrx_word' id='word_1_286' title='bbox 2012 2508 2077 2546; x_wconf 84' lang='lat' dir='ltr'>eo</span> <span class='ocrx_word' id='word_1_287' title='bbox 2110 2509 2241 2547; x_wconf 89' lang='lat' dir='ltr'>cum</span> <span class='ocrx_word' id='word_1_288' title='bbox 2276 2495 2534 2548; x_wconf 86' lang='lat' dir='ltr'>Cedreno</span> <span class='ocrx_word' id='word_1_289' title='bbox 2578 2494 2802 2547; x_wconf 91' lang='lat' dir='ltr'>edendo</span> <span class='ocrx_word' id='word_1_290' title='bbox 2852 2503 2907 2547; x_wconf 90' lang='lat' dir='ltr'>et</span> <span class='ocrx_word' id='word_1_291' title='bbox 2956 2495 3305 2562; x_wconf 87' lang='lat' dir='ltr'>recudendo,</span> <span class='ocrx_word' id='word_1_292' title='bbox 3338 2496 3425 2549; x_wconf 90' lang='lat' dir='ltr'>vir</span> <span class='ocrx_word' id='word_1_293' title='bbox 3456 2493 3789 2547; x_wconf 87' lang='lat' dir='ltr'>clarissime</span> 
     </span>
    </p>
   </div>
   <div class='ocr_carea' id='block_1_41' title="bbox 378 2563 3789 2636">
    <p class='ocr_par' dir='ltr' id='par_1_41' title="bbox 378 2563 3789 2636">
     <span class='ocr_line' id='line_1_42' title="bbox 378 2563 3789 2636; baseline -0.002 -12"><span class='ocrx_word' id='word_1_294' title='bbox 378 2570 641 2636; x_wconf 86' lang='lat' dir='ltr'>Fabrote,</span> <span class='ocrx_word' id='word_1_295' title='bbox 675 2572 835 2620; x_wconf 89' lang='lat' dir='ltr'>tuam</span> <span class='ocrx_word' id='word_1_296' title='bbox 870 2582 899 2618; x_wconf 86' lang='lat' dir='ltr'>a</span> <span class='ocrx_word' id='word_1_297' title='bbox 935 2565 1361 2636; x_wconf 86' lang='lat' dir='ltr'>meprobatam</span> <span class='ocrx_word' id='word_1_298' title='bbox 1382 2565 1743 2636; x_wconf 83' lang='lat' dir='ltr'>sententiam</span> <span class='ocrx_word' id='word_1_299' title='bbox 1781 2563 2034 2629; x_wconf 86' lang='lat' dir='ltr'>laudavi,</span> <span class='ocrx_word' id='word_1_300' title='bbox 2065 2581 2131 2618; x_wconf 89' lang='lat' dir='ltr'>ac</span> <span class='ocrx_word' id='word_1_301' title='bbox 2183 2569 2245 2617; x_wconf 91' lang='lat' dir='ltr'>ut</span> <span class='ocrx_word' id='word_1_302' title='bbox 2288 2567 2405 2632; x_wconf 87' lang='lat' dir='ltr'>jam</span> <span class='ocrx_word' id='word_1_303' title='bbox 2456 2565 2704 2618; x_wconf 67' lang='lat' dir='ltr'>laudata:</span> <span class='ocrx_word' id='word_1_304' title='bbox 2755 2566 3084 2620; x_wconf 87' lang='lat' dir='ltr'>subscribo.</span> <span class='ocrx_word' id='word_1_305' title='bbox 3123 2566 3366 2619; x_wconf 87' lang='lat' dir='ltr'>Labores</span> <span class='ocrx_word' id='word_1_306' title='bbox 3397 2580 3789 2635; x_wconf 86' lang='lat' dir='ltr'>quoscunque</span> 
     </span>
    </p>
   </div>
   <div class='ocr_carea' id='block_1_42' title="bbox 374 2633 3788 2710">
    <p class='ocr_par' dir='ltr' id='par_1_42' title="bbox 374 2633 3788 2710">
     <span class='ocr_line' id='line_1_43' title="bbox 374 2633 3788 2710; baseline -0.001 -17"><span class='ocrx_word' id='word_1_307' title='bbox 374 2640 513 2694; x_wconf 89' lang='lat' dir='ltr'>boni</span> <span class='ocrx_word' id='word_1_308' title='bbox 548 2633 766 2710; x_wconf 86' lang='lat' dir='ltr'>publici</span> <span class='ocrx_word' id='word_1_309' title='bbox 797 2638 981 2709; x_wconf 87' lang='lat' dir='ltr'>gratia</span> <span class='ocrx_word' id='word_1_310' title='bbox 1013 2635 1147 2689; x_wconf 87' lang='lat' dir='ltr'>licet</span> <span class='ocrx_word' id='word_1_311' title='bbox 1178 2633 1395 2710; x_wconf 79' lang='lat' dir='ltr'>infelici</span> <span class='ocrx_word' id='word_1_312' title='bbox 1426 2641 1631 2710; x_wconf 85' lang='lat' dir='ltr'>eventu</span> <span class='ocrx_word' id='word_1_313' title='bbox 1664 2640 1970 2710; x_wconf 81' lang='lat' dir='ltr'>susceptos</span> <span class='ocrx_word' id='word_1_314' title='bbox 2002 2651 2110 2688; x_wconf 87' lang='lat' dir='ltr'>sua</span> <span class='ocrx_word' id='word_1_315' title='bbox 2138 2636 2313 2710; x_wconf 83' lang='lat' dir='ltr'>laude</span> <span class='ocrx_word' id='word_1_316' title='bbox 2346 2636 2557 2706; x_wconf 88' lang='lat' dir='ltr'>privari</span> <span class='ocrx_word' id='word_1_317' title='bbox 2590 2638 2832 2710; x_wconf 82' lang='lat' dir='ltr'>nolunt,</span> <span class='ocrx_word' id='word_1_318' title='bbox 2871 2638 2967 2708; x_wconf 92' lang='lat' dir='ltr'>qui</span> <span class='ocrx_word' id='word_1_319' title='bbox 2998 2633 3515 2710; x_wconf 78' lang='lat' dir='ltr'>laborosiusbono</span> <span class='ocrx_word' id='word_1_320' title='bbox 3547 2633 3788 2710; x_wconf 78' lang='lat' dir='ltr'>publico</span> 
     </span>
    </p>
   </div>
   <div class='ocr_carea' id='block_1_43' title="bbox 374 2706 3787 2779">
    <p class='ocr_par' dir='ltr' id='par_1_43' title="bbox 374 2706 3787 2779">
     <span class='ocr_line' id='line_1_44' title="bbox 374 2706 3787 2779; baseline -0.002 -14"><span class='ocrx_word' id='word_1_321' title='bbox 374 2706 686 2776; x_wconf 70' lang='lat' dir='ltr'>insudant;</span> <span class='ocrx_word' id='word_1_322' title='bbox 722 2726 785 2763; x_wconf 90' lang='lat' dir='ltr'>ac</span> <span class='ocrx_word' id='word_1_323' title='bbox 802 2706 997 2773; x_wconf 54' lang='lat' dir='ltr'>&#39;velut,</span> <span class='ocrx_word' id='word_1_324' title='bbox 1033 2723 1100 2761; x_wconf 90' lang='lat' dir='ltr'>ne</span> <span class='ocrx_word' id='word_1_325' title='bbox 1131 2723 1339 2761; x_wconf 78' lang='lat' dir='ltr'>sensus</span> <span class='ocrx_word' id='word_1_326' title='bbox 1372 2706 1611 2779; x_wconf 77' lang='lat' dir='ltr'>humani</span> <span class='ocrx_word' id='word_1_327' title='bbox 1649 2706 1831 2775; x_wconf 88' lang='lat' dir='ltr'>pietas</span> <span class='ocrx_word' id='word_1_328' title='bbox 1863 2706 2129 2779; x_wconf 78' lang='lat' dir='ltr'>violetur,</span> <span class='ocrx_word' id='word_1_329' title='bbox 2165 2708 2313 2779; x_wconf 74' lang='lat' dir='ltr'>fctus</span> <span class='ocrx_word' id='word_1_330' title='bbox 2356 2708 2651 2779; x_wconf 87' lang='lat' dir='ltr'>monstris</span> <span class='ocrx_word' id='word_1_331' title='bbox 2685 2724 2828 2778; x_wconf 89' lang='lat' dir='ltr'>pene</span> <span class='ocrx_word' id='word_1_332' title='bbox 2878 2706 3101 2761; x_wconf 81' lang='lat' dir='ltr'>similes</span> <span class='ocrx_word' id='word_1_333' title='bbox 3134 2726 3224 2763; x_wconf 89' lang='lat' dir='ltr'>res</span> <span class='ocrx_word' id='word_1_334' title='bbox 3257 2708 3491 2779; x_wconf 86' lang='lat' dir='ltr'>publica</span> <span class='ocrx_word' id='word_1_335' title='bbox 3539 2708 3787 2777; x_wconf 87' lang='lat' dir='ltr'>patitur,</span> 
     </span>
    </p>
   </div>
   <div class='ocr_carea' id='block_1_44' title="bbox 376 2776 3783 2851">
    <p class='ocr_par' dir='ltr' id='par_1_44' title="bbox 376 2776 3783 2851">
     <span class='ocr_line' id='line_1_45' title="bbox 376 2776 3783 2851; baseline -0.001 -16"><span class='ocrx_word' id='word_1_336' title='bbox 376 2784 459 2837; x_wconf 90' lang='lat' dir='ltr'>ita</span> <span class='ocrx_word' id='word_1_337' title='bbox 491 2798 561 2836; x_wconf 89' lang='lat' dir='ltr'>ne</span> <span class='ocrx_word' id='word_1_338' title='bbox 593 2782 903 2851; x_wconf 87' lang='lat' dir='ltr'>quospiam</span> <span class='ocrx_word' id='word_1_339' title='bbox 928 2784 1345 2851; x_wconf 78' lang='lat' dir='ltr'>nocturnarum</span> <span class='ocrx_word' id='word_1_340' title='bbox 1370 2776 1702 2851; x_wconf 79' lang='lat' dir='ltr'>vigiliarum</span> <span class='ocrx_word' id='word_1_341' title='bbox 1726 2778 1949 2851; x_wconf 85' lang='lat' dir='ltr'>tructus</span> <span class='ocrx_word' id='word_1_342' title='bbox 1974 2778 2230 2851; x_wconf 87' lang='lat' dir='ltr'>alioquin</span> <span class='ocrx_word' id='word_1_343' title='bbox 2266 2780 2552 2848; x_wconf 89' lang='lat' dir='ltr'>insipidos</span> <span class='ocrx_word' id='word_1_344' title='bbox 2574 2776 2730 2833; x_wconf 83' lang='lat' dir='ltr'>velut</span> <span class='ocrx_word' id='word_1_345' title='bbox 2750 2779 3048 2833; x_wconf 90' lang='lat' dir='ltr'>delicatuli</span> <span class='ocrx_word' id='word_1_346' title='bbox 3082 2776 3445 2835; x_wconf 74' lang='lat' dir='ltr'>fastidientes</span> <span class='ocrx_word' id='word_1_347' title='bbox 3476 2783 3783 2848; x_wconf 85' lang='lat' dir='ltr'>respuant,</span> 
     </span>
    </p>
   </div>
   <div class='ocr_carea' id='block_1_45' title="bbox 372 2849 3780 2921">
    <p class='ocr_par' dir='ltr' id='par_1_45' title="bbox 372 2849 3780 2921">
     <span class='ocr_line' id='line_1_46' title="bbox 372 2849 3780 2921; baseline -0.002 -13"><span class='ocrx_word' id='word_1_348' title='bbox 372 2854 505 2908; x_wconf 92' lang='lat' dir='ltr'>illos</span> <span class='ocrx_word' id='word_1_349' title='bbox 537 2854 584 2908; x_wconf 88' lang='lat' dir='ltr'>si</span> <span class='ocrx_word' id='word_1_350' title='bbox 611 2849 828 2907; x_wconf 74' lang='lat' dir='ltr'>nonut</span> <span class='ocrx_word' id='word_1_351' title='bbox 858 2867 1088 2915; x_wconf 88' lang='lat' dir='ltr'>suaves,</span> <span class='ocrx_word' id='word_1_352' title='bbox 1121 2849 1324 2903; x_wconf 87' lang='lat' dir='ltr'>saltem</span> <span class='ocrx_word' id='word_1_353' title='bbox 1360 2856 1421 2901; x_wconf 86' lang='lat' dir='ltr'>ut</span> <span class='ocrx_word' id='word_1_354' title='bbox 1454 2849 1806 2917; x_wconf 81' lang='lat' dir='ltr'>quibusdam</span> <span class='ocrx_word' id='word_1_355' title='bbox 1837 2850 2131 2919; x_wconf 88' lang='lat' dir='ltr'>jucundos</span> <span class='ocrx_word' id='word_1_356' title='bbox 2168 2853 2411 2918; x_wconf 73' lang='lat' dir='ltr'>futuros,</span> <span class='ocrx_word' id='word_1_357' title='bbox 2444 2851 2549 2919; x_wconf 90' lang='lat' dir='ltr'>ipsi</span> <span class='ocrx_word' id='word_1_358' title='bbox 2584 2853 2731 2905; x_wconf 91' lang='lat' dir='ltr'>bono</span> <span class='ocrx_word' id='word_1_359' title='bbox 2765 2852 2996 2921; x_wconf 90' lang='lat' dir='ltr'>publico</span> <span class='ocrx_word' id='word_1_360' title='bbox 3031 2854 3149 2904; x_wconf 85' lang='lat' dir='ltr'>nati</span> <span class='ocrx_word' id='word_1_361' title='bbox 3177 2852 3399 2905; x_wconf 59' lang='lat' dir='ltr'>caneris</span> <span class='ocrx_word' id='word_1_362' title='bbox 3448 2854 3780 2913; x_wconf 84' lang='lat' dir='ltr'>asservant,</span> 
     </span>
    </p>
   </div>
   <div class='ocr_carea' id='block_1_46' title="bbox 373 2921 3786 2996">
    <p class='ocr_par' dir='ltr' id='par_1_46' title="bbox 373 2921 3786 2996">
     <span class='ocr_line' id='line_1_47' title="bbox 373 2921 3786 2996; baseline -0.001 -17"><span class='ocrx_word' id='word_1_363' title='bbox 373 2926 748 2996; x_wconf 88' lang='lat' dir='ltr'>depromunt,</span> <span class='ocrx_word' id='word_1_364' title='bbox 778 2921 1518 2996; x_wconf 83' lang='lat' dir='ltr'>appon_unt._Quantumvis</span> <span class='ocrx_word' id='word_1_365' title='bbox 1548 2922 1788 2975; x_wconf 88' lang='lat' dir='ltr'>acerbos</span> <span class='ocrx_word' id='word_1_366' title='bbox 1820 2928 1940 2996; x_wconf 78' lang='lat' dir='ltr'>arte</span> <span class='ocrx_word' id='word_1_367' title='bbox 1974 2926 2171 2975; x_wconf 86' lang='lat' dir='ltr'>nostra</span> <span class='ocrx_word' id='word_1_368' title='bbox 2193 2923 2504 2996; x_wconf 73' lang='lat' dir='ltr'>jusserunt</span> <span class='ocrx_word' id='word_1_369' title='bbox 2536 2923 2906 2996; x_wconf 72' lang='lat' dir='ltr'>dulcescere;</span> <span class='ocrx_word' id='word_1_370' title='bbox 2937 2924 3231 2996; x_wconf 87' lang='lat' dir='ltr'>industria</span> <span class='ocrx_word' id='word_1_371' title='bbox 3262 2928 3363 2977; x_wconf 87' lang='lat' dir='ltr'>tua</span> <span class='ocrx_word' id='word_1_372' title='bbox 3385 2923 3509 2993; x_wconf 84' lang='lat' dir='ltr'>jam</span> <span class='ocrx_word' id='word_1_373' title='bbox 3541 2927 3680 2996; x_wconf 71' lang='lat' dir='ltr'>sunt</span> <span class='ocrx_word' id='word_1_374' title='bbox 3709 2937 3786 2975; x_wconf 81' lang='lat' dir='ltr'>ex</span> 
     </span>
    </p>
   </div>
   <div class='ocr_carea' id='block_1_47' title="bbox 373 2992 3788 3067">
    <p class='ocr_par' dir='ltr' id='par_1_47' title="bbox 373 2992 3788 3067">
     <span class='ocr_line' id='line_1_48' title="bbox 373 2992 3788 3067; baseline -0.002 -15"><span class='ocrx_word' id='word_1_375' title='bbox 373 2992 582 3066; x_wconf 79' lang='lat' dir='ltr'>potiori</span> <span class='ocrx_word' id='word_1_376' title='bbox 613 3001 774 3067; x_wconf 91' lang='lat' dir='ltr'>parte</span> <span class='ocrx_word' id='word_1_377' title='bbox 804 2992 1341 3067; x_wconf 24' lang='lat' dir='ltr'>emolliti,‘decncti,</span> <span class='ocrx_word' id='word_1_378' title='bbox 1374 3008 1581 3067; x_wconf 73' lang='lat' dir='ltr'>suaves</span> <span class='ocrx_word' id='word_1_379' title='bbox 1602 3008 1727 3067; x_wconf 29' lang='lat' dir='ltr'>Anon</span> <span class='ocrx_word' id='word_1_380' title='bbox 1765 2992 1957 3046; x_wconf 90' lang='lat' dir='ltr'>minus</span> <span class='ocrx_word' id='word_1_381' title='bbox 1991 3009 2163 3062; x_wconf 87' lang='lat' dir='ltr'>quam</span> <span class='ocrx_word' id='word_1_382' title='bbox 2191 2994 2439 3061; x_wconf 82' lang='lat' dir='ltr'>jucundi</span> <span class='ocrx_word' id='word_1_383' title='bbox 2488 2993 2717 3048; x_wconf 88' lang='lat' dir='ltr'>redditi.</span> <span class='ocrx_word' id='word_1_384' title='bbox 2753 2993 2823 3048; x_wconf 90' lang='lat' dir='ltr'>Ut</span> <span class='ocrx_word' id='word_1_385' title='bbox 2851 2995 3006 3065; x_wconf 82' lang='lat' dir='ltr'>operi</span> <span class='ocrx_word' id='word_1_386' title='bbox 3041 2999 3313 3065; x_wconf 87' lang='lat' dir='ltr'>suscepto</span> <span class='ocrx_word' id='word_1_387' title='bbox 3343 3010 3510 3065; x_wconf 85' lang='lat' dir='ltr'>Opem</span> <span class='ocrx_word' id='word_1_388' title='bbox 3541 2992 3788 3046; x_wconf 86' lang='lat' dir='ltr'>tulisset</span> 
     </span>
    </p>
   </div>
   <div class='ocr_carea' id='block_1_48' title="bbox 373 3063 1770 3139">
    <p class='ocr_par' dir='ltr' id='par_1_48' title="bbox 373 3063 1770 3139">
     <span class='ocr_line' id='line_1_49' title="bbox 373 3063 1770 3139; baseline -0.004 -18"><span class='ocrx_word' id='word_1_389' title='bbox 373 3063 674 3139; x_wconf 76' lang='lat' dir='ltr'>gloriarer,</span> <span class='ocrx_word' id='word_1_390' title='bbox 707 3081 883 3137; x_wconf 87' lang='lat' dir='ltr'>opera</span> <span class='ocrx_word' id='word_1_391' title='bbox 915 3080 1042 3119; x_wconf 89' lang='lat' dir='ltr'>mea</span> <span class='ocrx_word' id='word_1_392' title='bbox 1074 3064 1269 3118; x_wconf 91' lang='lat' dir='ltr'>lumen</span> <span class='ocrx_word' id='word_1_393' title='bbox 1303 3063 1557 3117; x_wconf 84' lang='lat' dir='ltr'>exhibui.</span> <span class='ocrx_word' id='word_1_394' title='bbox 1592 3063 1770 3117; x_wconf 82' lang='lat' dir='ltr'>GOAR.</span> 
     </span>
    </p>
   </div>
   <div class='ocr_carea' id='block_1_49' title="bbox 1419 3403 2747 3499">
    <p class='ocr_par' dir='ltr' id='par_1_49' title="bbox 1419 3403 2747 3499">
     <span class='ocr_line' id='line_1_50' title="bbox 1419 3403 2747 3499; baseline -0.002 0"><span class='ocrx_word' id='word_1_395' title='bbox 1419 3403 2004 3499; x_wconf 89' lang='lat' dir='ltr'>MONITUM</span> <span class='ocrx_word' id='word_1_396' title='bbox 2075 3404 2747 3499; x_wconf 85' lang='lat' dir='ltr'>EDITORUM.</span> 
     </span>
    </p>
   </div>
   <div class='ocr_carea' id='block_1_50' title="bbox 452 3733 3801 3819">
    <p class='ocr_par' dir='ltr' id='par_1_50' title="bbox 452 3733 3801 3819">
     <span class='ocr_line' id='line_1_51' title="bbox 452 3733 3801 3819; baseline -0.001 -17"><span class='ocrx_word' id='word_1_397' title='bbox 452 3741 837 3819; x_wconf 88' lang='lat' dir='ltr'>Compendio</span> <span class='ocrx_word' id='word_1_398' title='bbox 864 3738 1278 3819; x_wconf 86' lang='lat' dir='ltr'>Historiarum</span> <span class='ocrx_word' id='word_1_399' title='bbox 1310 3735 1573 3795; x_wconf 87' lang='lat' dir='ltr'>Cedreni</span> <span class='ocrx_word' id='word_1_400' title='bbox 1605 3734 1973 3819; x_wconf 81' lang='lat' dir='ltr'>subiicimus</span> <span class='ocrx_word' id='word_1_401' title='bbox 2014 3733 2344 3819; x_wconf 63' lang='lat' dir='ltr'>historiam</span> <span class='ocrx_word' id='word_1_402' title='bbox 2376 3736 2639 3819; x_wconf 85' lang='lat' dir='ltr'>Joannis</span> <span class='ocrx_word' id='word_1_403' title='bbox 2673 3736 2957 3819; x_wconf 72' lang='lat' dir='ltr'>scylitzaa</span> <span class='ocrx_word' id='word_1_404' title='bbox 2990 3736 3376 3816; x_wconf 67' lang='lat' dir='ltr'>curopalataa</span> <span class='ocrx_word' id='word_1_405' title='bbox 3407 3736 3801 3819; x_wconf 1' lang='lat' dir='ltr'>quiaqprima</span> 
     </span>
    </p>
   </div>
   <div class='ocr_carea' id='block_1_51' title="bbox 374 3814 3797 3901">
    <p class='ocr_par' dir='ltr' id='par_1_51' title="bbox 374 3814 3797 3901">
     <span class='ocr_line' id='line_1_52' title="bbox 374 3814 3797 3901; baseline -0.001 -18"><span class='ocrx_word' id='word_1_406' title='bbox 374 3842 518 3901; x_wconf 87' lang='lat' dir='ltr'>pars</span> <span class='ocrx_word' id='word_1_407' title='bbox 541 3814 819 3881; x_wconf 75' lang='lat' dir='ltr'>historiae</span> <span class='ocrx_word' id='word_1_408' title='bbox 848 3818 1108 3901; x_wconf 84' lang='lat' dir='ltr'>Joannis</span> <span class='ocrx_word' id='word_1_409' title='bbox 1140 3820 1218 3876; x_wconf 86' lang='lat' dir='ltr'>ad</span> <span class='ocrx_word' id='word_1_410' title='bbox 1250 3819 1526 3901; x_wconf 82' lang='lat' dir='ltr'>litteram</span> <span class='ocrx_word' id='word_1_411' title='bbox 1569 3814 1882 3901; x_wconf 69' lang='lat' dir='ltr'>exscripta</span> <span class='ocrx_word' id='word_1_412' title='bbox 1928 3822 2031 3901; x_wconf 78' lang='lat' dir='ltr'>est</span> <span class='ocrx_word' id='word_1_413' title='bbox 2080 3832 2118 3873; x_wconf 87' lang='lat' dir='ltr'>a</span> <span class='ocrx_word' id='word_1_414' title='bbox 2166 3814 2483 3901; x_wconf 54' lang='lat' dir='ltr'>Cedreno;</span> <span class='ocrx_word' id='word_1_415' title='bbox 2515 3817 2695 3875; x_wconf 88' lang='lat' dir='ltr'>decet</span> <span class='ocrx_word' id='word_1_416' title='bbox 2727 3817 2921 3901; x_wconf 81' lang='lat' dir='ltr'>igitur</span> <span class='ocrx_word' id='word_1_417' title='bbox 2952 3824 3023 3901; x_wconf 88' lang='lat' dir='ltr'>ut</span> <span class='ocrx_word' id='word_1_418' title='bbox 3051 3814 3327 3877; x_wconf 33' lang='lat' dir='ltr'>sec—unda</span> <span class='ocrx_word' id='word_1_419' title='bbox 3370 3836 3514 3895; x_wconf 89' lang='lat' dir='ltr'>pars</span> <span class='ocrx_word' id='word_1_420' title='bbox 3564 3818 3797 3901; x_wconf 88' lang='lat' dir='ltr'>imme-</span> 
     </span>
    </p>
   </div>
   <div class='ocr_carea' id='block_1_52' title="bbox 374 3895 3801 3977">
    <p class='ocr_par' dir='ltr' id='par_1_52' title="bbox 374 3895 3801 3977">
     <span class='ocr_line' id='line_1_53' title="bbox 374 3895 3801 3977; baseline -0.001 -15"><span class='ocrx_word' id='word_1_421' title='bbox 374 3895 541 3964; x_wconf 75' lang='lat' dir='ltr'>diate</span> <span class='ocrx_word' id='word_1_422' title='bbox 590 3902 791 3962; x_wconf 91' lang='lat' dir='ltr'>eidem</span> <span class='ocrx_word' id='word_1_423' title='bbox 840 3900 1247 3977; x_wconf 83' lang='lat' dir='ltr'>adjungatur.</span> <span class='ocrx_word' id='word_1_424' title='bbox 1284 3898 1641 3956; x_wconf 78' lang='lat' dir='ltr'>Notandum</span> <span class='ocrx_word' id='word_1_425' title='bbox 1675 3904 1787 3967; x_wconf 86' lang='lat' dir='ltr'>est,</span> <span class='ocrx_word' id='word_1_426' title='bbox 1823 3896 2170 3955; x_wconf 80' lang='lat' dir='ltr'>Cedrenum</span> <span class='ocrx_word' id='word_1_427' title='bbox 2221 3895 2437 3955; x_wconf 82' lang='lat' dir='ltr'>sistere</span> <span class='ocrx_word' id='word_1_428' title='bbox 2470 3899 2530 3977; x_wconf 79' lang='lat' dir='ltr'>in</span> <span class='ocrx_word' id='word_1_429' title='bbox 2565 3915 2731 3957; x_wconf 89' lang='lat' dir='ltr'>anno</span> <span class='ocrx_word' id='word_1_430' title='bbox 2785 3899 2961 3969; x_wconf 79' lang='grc'>1067,</span> <span class='ocrx_word' id='word_1_431' title='bbox 2995 3899 3143 3957; x_wconf 86' lang='lat' dir='ltr'>dum</span> <span class='ocrx_word' id='word_1_432' title='bbox 3194 3901 3471 3959; x_wconf 84' lang='lat' dir='ltr'>Joannes</span> <span class='ocrx_word' id='word_1_433' title='bbox 3520 3900 3801 3976; x_wconf 78' lang='lat' dir='ltr'>Scylitza</span> 
     </span>
    </p>
   </div>
   <div class='ocr_carea' id='block_1_53' title="bbox 374 3976 3799 4068">
    <p class='ocr_par' dir='ltr' id='par_1_53' title="bbox 374 3976 3799 4068">
     <span class='ocr_line' id='line_1_54' title="bbox 374 3976 3799 4068; baseline -0.001 -25"><span class='ocrx_word' id='word_1_434' title='bbox 374 3983 796 4068; x_wconf 83' lang='lat' dir='ltr'>narrationem</span> <span class='ocrx_word' id='word_1_435' title='bbox 830 3976 1007 4068; x_wconf 71' lang='lat' dir='ltr'>suam</span> <span class='ocrx_word' id='word_1_436' title='bbox 1034 3978 1437 4058; x_wconf 78' lang='lat' dir='ltr'>prosequitur</span> <span class='ocrx_word' id='word_1_437' title='bbox 1482 3994 1679 4068; x_wconf 78' lang='lat' dir='ltr'>usque</span> <span class='ocrx_word' id='word_1_438' title='bbox 1710 3978 1787 4068; x_wconf 75' lang='lat' dir='ltr'>ad</span> <span class='ocrx_word' id='word_1_439' title='bbox 1820 3994 2055 4035; x_wconf 90' lang='lat' dir='ltr'>annum</span> <span class='ocrx_word' id='word_1_440' title='bbox 2094 3976 2267 4045; x_wconf 70' lang='lat'>1030,</span> <span class='ocrx_word' id='word_1_441' title='bbox 2308 3995 2432 4054; x_wconf 92' lang='lat' dir='ltr'>quo</span> <span class='ocrx_word' id='word_1_442' title='bbox 2464 3976 2732 4037; x_wconf 90' lang='lat' dir='ltr'>Michael</span> <span class='ocrx_word' id='word_1_443' title='bbox 2768 3978 3102 4038; x_wconf 86' lang='lat' dir='ltr'>Botaniata</span> <span class='ocrx_word' id='word_1_444' title='bbox 3150 3998 3182 4037; x_wconf 89' lang='lat' dir='ltr'>e</span> <span class='ocrx_word' id='word_1_445' title='bbox 3232 3978 3461 4038; x_wconf 85' lang='lat' dir='ltr'>throno</span> <span class='ocrx_word' id='word_1_446' title='bbox 3510 3979 3799 4055; x_wconf 64' lang='lat' dir='ltr'>deiectus</span> 
     </span>
    </p>
   </div>
   <div class='ocr_carea' id='block_1_54' title="bbox 372 4056 1800 4137">
    <p class='ocr_par' dir='ltr' id='par_1_54' title="bbox 372 4056 1800 4137">
     <span class='ocr_line' id='line_1_55' title="bbox 372 4056 1800 4137; baseline -0.008 -11"><span class='ocrx_word' id='word_1_447' title='bbox 372 4070 465 4125; x_wconf 85' lang='lat' dir='ltr'>est</span> <span class='ocrx_word' id='word_1_448' title='bbox 495 4070 556 4125; x_wconf 88' lang='lat' dir='ltr'>et</span> <span class='ocrx_word' id='word_1_449' title='bbox 583 4062 836 4123; x_wconf 86' lang='lat' dir='ltr'>Alexius</span> <span class='ocrx_word' id='word_1_450' title='bbox 868 4056 1221 4123; x_wconf 83' lang='lat' dir='ltr'>Comnenus</span> <span class='ocrx_word' id='word_1_451' title='bbox 1253 4076 1513 4137; x_wconf 85' lang='lat' dir='ltr'>regnare</span> <span class='ocrx_word' id='word_1_452' title='bbox 1544 4056 1800 4134; x_wconf 86' lang='lat' dir='ltr'>incepit.</span> 
     </span>
    </p>
   </div>
   <div class='ocr_carea' id='block_1_55' title="bbox 1676 4294 2462 4381">
    <p class='ocr_par' dir='ltr' id='par_1_55' title="bbox 1676 4294 2462 4381">
     <span class='ocr_line' id='line_1_56' title="bbox 1676 4294 2462 4381; baseline -0.005 0"><span class='ocrx_word' id='word_1_453' title='bbox 1676 4294 2462 4381; x_wconf 78' lang='lat' dir='ltr'>EXCERPTA</span> 
     </span>
    </p>
   </div>
   <div class='ocr_carea' id='block_1_56' title="bbox 1557 4473 2592 4535">
    <p class='ocr_par' dir='ltr' id='par_1_56' title="bbox 1557 4473 2592 4535">
     <span class='ocr_line' id='line_1_57' title="bbox 1557 4473 2592 4535; baseline 0 0"><span class='ocrx_word' id='word_1_454' title='bbox 1557 4477 1661 4535; x_wconf 83' lang='lat' dir='ltr'><strong>EX</strong></span> <span class='ocrx_word' id='word_1_455' title='bbox 1708 4474 2137 4535; x_wconf 82' lang='lat' dir='ltr'>BREVIARIO</span> <span class='ocrx_word' id='word_1_456' title='bbox 2183 4473 2592 4535; x_wconf 80' lang='lat' dir='ltr'>HISTORICO</span> 
     </span>
    </p>
   </div>
   <div class='ocr_carea' id='block_1_57' title="bbox 1102 4650 3069 4814">
    <p class='ocr_par' dir='ltr' id='par_1_57' title="bbox 1102 4650 3069 4814">
     <span class='ocr_line' id='line_1_58' title="bbox 1102 4650 3069 4814; baseline -0.004 0"><span class='ocrx_word' id='word_1_457' title='bbox 1102 4652 1921 4814; x_wconf 79' lang='lat' dir='ltr'>JOANNIS</span> <span class='ocrx_word' id='word_1_458' title='bbox 2072 4650 3069 4809; x_wconf 70' lang='lat' dir='ltr'>SCYLITZ/E</span> 
     </span>
    </p>
   </div>
   <div class='ocr_carea' id='block_1_58' title="bbox 1383 4930 2776 5060">
    <p class='ocr_par' dir='ltr' id='par_1_58' title="bbox 1383 4930 2776 5060">
     <span class='ocr_line' id='line_1_59' title="bbox 1383 4930 2776 5060; baseline -0.006 0"><span class='ocrx_word' id='word_1_459' title='bbox 1383 4930 2776 5060; x_wconf 63' lang='lat' dir='ltr'>CUROPALATfE</span> 
     </span>
    </p>
   </div>
   <div class='ocr_carea' id='block_1_59' title="bbox 1194 5156 2957 5219">
    <p class='ocr_par' dir='ltr' id='par_1_59' title="bbox 1194 5156 2957 5219">
     <span class='ocr_line' id='line_1_60' title="bbox 1194 5156 2957 5219; baseline -0.003 0"><span class='ocrx_word' id='word_1_460' title='bbox 1194 5159 1791 5219; x_wconf 81' lang='lat' dir='ltr'>EXCIPIENTIA</span> <span class='ocrx_word' id='word_1_461' title='bbox 1847 5158 1993 5214; x_wconf 89' lang='lat' dir='ltr'>UBI</span> <span class='ocrx_word' id='word_1_462' title='bbox 2051 5156 2522 5214; x_wconf 82' lang='lat' dir='ltr'>CEDRENUS</span> <span class='ocrx_word' id='word_1_463' title='bbox 2580 5157 2957 5215; x_wconf 86' lang='lat' dir='ltr'>DESINIT.</span> 
     </span>
    </p>
   </div>
   <div class='ocr_carea' id='block_1_60' title="bbox 2199 5461 3788 5537">
    <p class='ocr_par' dir='ltr' id='par_1_60' title="bbox 2199 5461 3788 5537">
     <span class='ocr_line' id='line_1_61' title="bbox 2199 5461 3788 5537; baseline 0.001 -21"><span class='ocrx_word' id='word_1_464' title='bbox 2199 5462 2282 5533; x_wconf 85' lang='lat' dir='ltr'>[P.</span> <span class='ocrx_word' id='word_1_465' title='bbox 2341 5464 2468 5533; x_wconf 81' lang='lat'>807]</span> <span class='ocrx_word' id='word_1_466' title='bbox 2528 5461 2632 5516; x_wconf 86' lang='grc' dir='ltr'>Τὸν</span> <span class='ocrx_word' id='word_1_467' title='bbox 2702 5461 2796 5531; x_wconf 76' lang='grc' dir='ltr'>μὶν</span> <span class='ocrx_word' id='word_1_468' title='bbox 2873 5462 2965 5515; x_wconf 79' lang='grc' dir='ltr'>οὗν</span> <span class='ocrx_word' id='word_1_469' title='bbox 3042 5463 3243 5534; x_wconf 88' lang='grc' dir='ltr'>τρόπον</span> <span class='ocrx_word' id='word_1_470' title='bbox 3306 5463 3363 5517; x_wconf 77' lang='grc' dir='ltr'>’ὸν</span> <span class='ocrx_word' id='word_1_471' title='bbox 3420 5461 3635 5537; x_wconf 64' lang='grc' dir='ltr'>εἴρηται</span> <span class='ocrx_word' id='word_1_472' title='bbox 3686 5465 3788 5532; x_wconf 79' lang='grc' dir='ltr'>τήν</span> 
     </span>
    </p>
   </div>
   <div class='ocr_carea' id='block_1_61' title="bbox 2132 5549 3793 5626">
    <p class='ocr_par' dir='ltr' id='par_1_61' title="bbox 2132 5549 3793 5626">
     <span class='ocr_line' id='line_1_62' title="bbox 2132 5549 3793 5626; baseline 0.003 -22"><span class='ocrx_word' id='word_1_473' title='bbox 2132 5549 2407 5624; x_wconf 80' lang='grc' dir='ltr'>βασιλείαν</span> <span class='ocrx_word' id='word_1_474' title='bbox 2496 5551 2522 5603; x_wconf 90' lang='grc' dir='ltr'>ὁ</span> <span class='ocrx_word' id='word_1_475' title='bbox 2609 5552 2891 5621; x_wconf 81' lang='grc' dir='ltr'>Κομνηνὸς</span> <span class='ocrx_word' id='word_1_476' title='bbox 2975 5551 3414 5626; x_wconf 77' lang='grc' dir='ltr'>ἀναζιοσάμενος,</span> <span class='ocrx_word' id='word_1_477' title='bbox 3492 5550 3653 5623; x_wconf 75' lang='grc' dir='ltr'>δόξαν</span> <span class='ocrx_word' id='word_1_478' title='bbox 3730 5576 3793 5609; x_wconf 74' lang='grc' dir='ltr'>τι</span> 
     </span>
    </p>
   </div>
   <div class='ocr_carea' id='block_1_62' title="bbox 2127 5638 3789 5719">
    <p class='ocr_par' dir='ltr' id='par_1_62' title="bbox 2127 5638 3789 5719">
     <span class='ocr_line' id='line_1_63' title="bbox 2127 5638 3789 5719; baseline 0.004 -26"><span class='ocrx_word' id='word_1_479' title='bbox 2127 5639 2492 5714; x_wconf 79' lang='grc' dir='ltr'>παρεσχηκὼς</span> <span class='ocrx_word' id='word_1_480' title='bbox 2550 5638 2770 5714; x_wconf 80' lang='grc' dir='ltr'>ἀνδρίας</span> <span class='ocrx_word' id='word_1_481' title='bbox 2848 5640 2937 5694; x_wconf 83' lang='grc' dir='ltr'>καὶ</span> <span class='ocrx_word' id='word_1_482' title='bbox 3018 5646 3207 5718; x_wconf 83' lang='grc' dir='ltr'>πεῖραν</span> <span class='ocrx_word' id='word_1_483' title='bbox 3289 5640 3605 5717; x_wconf 82' lang='grc' dir='ltr'>πολεμικῆς</span> <span class='ocrx_word' id='word_1_484' title='bbox 3659 5664 3789 5719; x_wconf 76' lang='grc' dir='ltr'>γεν-</span> 
     </span>
    </p>
   </div>
   <div class='ocr_carea' id='block_1_63' title="bbox 441 5464 2018 5538">
    <p class='ocr_par' dir='ltr' id='par_1_63' title="bbox 441 5464 2018 5538">
     <span class='ocr_line' id='line_1_64' title="bbox 441 5464 2018 5538; baseline -0.013 -1"><span class='ocrx_word' id='word_1_485' title='bbox 441 5481 653 5537; x_wconf 71' lang='lat'><strong>040-1</strong></span> <span class='ocrx_word' id='word_1_486' title='bbox 678 5476 757 5531; x_wconf 84' lang='lat' dir='ltr'>Ad</span> <span class='ocrx_word' id='word_1_487' title='bbox 776 5475 931 5528; x_wconf 88' lang='lat' dir='ltr'>hunc</span> <span class='ocrx_word' id='word_1_488' title='bbox 954 5471 1189 5525; x_wconf 90' lang='lat' dir='ltr'>modum</span> <span class='ocrx_word' id='word_1_489' title='bbox 1206 5484 1379 5538; x_wconf 88' lang='lat' dir='ltr'>quem</span> <span class='ocrx_word' id='word_1_490' title='bbox 1397 5464 2018 5529; x_wconf 84' lang='lat' dir='ltr'>diximus,Comnenus</span> 
     </span>
    </p>
   </div>
   <div class='ocr_carea' id='block_1_64' title="bbox 372 5554 2019 5638">
    <p class='ocr_par' dir='ltr' id='par_1_64' title="bbox 372 5554 2019 5638">
     <span class='ocr_line' id='line_1_65' title="bbox 372 5554 2019 5638; baseline -0.012 -13"><span class='ocrx_word' id='word_1_491' title='bbox 372 5573 617 5638; x_wconf 86' lang='lat' dir='ltr'>adeptus</span> <span class='ocrx_word' id='word_1_492' title='bbox 650 5560 981 5632; x_wconf 88' lang='lat' dir='ltr'>imperium,</span> <span class='ocrx_word' id='word_1_493' title='bbox 1017 5558 1111 5627; x_wconf 92' lang='lat' dir='ltr'>qui</span> <span class='ocrx_word' id='word_1_494' title='bbox 1144 5561 1198 5611; x_wconf 89' lang='lat' dir='ltr'>et</span> <span class='ocrx_word' id='word_1_495' title='bbox 1229 5556 1457 5610; x_wconf 85' lang='lat' dir='ltr'>virtutis</span> <span class='ocrx_word' id='word_1_496' title='bbox 1490 5554 1826 5623; x_wconf 87' lang='lat' dir='ltr'>opinionem</span> <span class='ocrx_word' id='word_1_497' title='bbox 1855 5554 1925 5606; x_wconf 90' lang='lat' dir='ltr'>de</span> <span class='ocrx_word' id='word_1_498' title='bbox 1957 5568 2019 5606; x_wconf 92' lang='lat' dir='ltr'>se</span> 
     </span>
    </p>
   </div>
   <div class='ocr_carea' id='block_1_65' title="bbox 376 5642 2017 5730">
    <p class='ocr_par' dir='ltr' id='par_1_65' title="bbox 376 5642 2017 5730">
     <span class='ocr_line' id='line_1_66' title="bbox 376 5642 2017 5730; baseline -0.01 -17"><span class='ocrx_word' id='word_1_499' title='bbox 376 5656 702 5730; x_wconf 65' lang='lat' dir='ltr'>prwbuerat</span> <span class='ocrx_word' id='word_1_500' title='bbox 722 5656 779 5707; x_wconf 90' lang='lat' dir='ltr'>et</span> <span class='ocrx_word' id='word_1_501' title='bbox 800 5649 1095 5721; x_wconf 88' lang='lat' dir='ltr'>specimen</span> <span class='ocrx_word' id='word_1_502' title='bbox 1122 5644 1464 5719; x_wconf 72' lang='lat' dir='ltr'>praastantiae</span> <span class='ocrx_word' id='word_1_503' title='bbox 1488 5644 1547 5698; x_wconf 91' lang='lat' dir='ltr'>in</span> <span class='ocrx_word' id='word_1_504' title='bbox 1572 5644 1745 5699; x_wconf 89' lang='lat' dir='ltr'>rebus</span> <span class='ocrx_word' id='word_1_505' title='bbox 1770 5642 2017 5711; x_wconf 88' lang='lat' dir='ltr'>bellicis,</span> 
     </span>
    </p>
   </div>
  </div>
