4040 6196
350 294 469 353 371

1671 297 2001 359 JOANNIS
2044 296 2457 362 SGYLITZE

3650 304 3772 365 3⁸12

352 426 478 477 tum
514 424 639 495 ipse
669 422 913 481 feliciter
959 427 1351 497 perduxisset,
1384 445 1499 485 non
1551 429 1741 485 solum
1790 430 1847 483 in
1882 447 2007 485 mo-

2128 431 2367 503 γείτονας
2438 438 2539 500 τῆς
2608 431 2666 487 ὲκ
2748 437 2854 487 τῶν
2955 437 3213 508 μοναχῶν
3289 432 3592 503 κακότητος
3666 448 3772 487 και

354 513 633 568 nasteriis
701 515 800 567 sed
863 518 919 568 in
982 518 1261 572 omnibus
1328 520 1503 573 rebus
1560 519 1631 573 ad
1690 518 2005 573 Ecclesiam

354 603 594 657 omnino
628 605 1059 674 spectantibus.
1099 612 1180 660 Ita
1213 608 1390 677 igitur
1422 625 1513 661 res
1545 608 1614 662 ab
1656 607 2007 680 imperatore

356 692 780 747 administratae
811 700 971 763 sunt,
1006 701 1060 748 et
1086 696 1241 766 regia
1268 698 1408 751 urbs
1440 697 1497 750 in
1533 697 1641 752 hoc
1672 704 1825 752 statu
1861 703 2003 753 erat.

352 780 692 834 Patriarcha
738 788 931 836 autem
988 784 1325 853 inexplebili
1377 786 1777 841 benevolentia
1825 788 2007 841 fretus

352 868 725 938 imperatoris
756 875 957 924 contra
985 872 1178 941 ipsum
1210 874 1402 928 elatus
1435 880 1543 938 est,
1565 893 1674 929 non
1708 876 2005 946 petitioni-

352 957 465 1011 bus
500 959 670 1013 modo
698 963 755 1012 et
789 960 1291 1015 admonitionibus
1323 968 1514 1032 utens,
1552 965 1599 1018 si
1633 968 1867 1035 quando
1898 965 2004 1019 ali-

354 1048 522 1113 cujus
555 1046 635 1100 rei
666 1052 721 1101 et
754 1065 857 1117 pro
891 1048 1087 1118 aliquo
1122 1051 1433 1121 indigeret,
1478 1070 1677 1108 verum
1712 1071 1862 1125 saepe
1896 1060 2010 1110 mi-

354 1135 515 1188 nime
547 1135 660 1188 voti
715 1151 955 1206 compos
1006 1144 1242 1209 propter
1294 1142 1626 1212 frequentes
1672 1148 1729 1198 et
1775 1145 2010 1198 odiosas

354 1223 689 1292 petitiones,
724 1226 916 1279 minas
934 1231 990 1279 et
1008 1227 1298 1283 absurdas
1316 1231 1745 1302 increpationes
1768 1234 2008 1288 adhibe-

354 1314 475 1373 bat,
510 1327 575 1365 ac
602 1311 712 1366 nisi
736 1316 1222 1386 pareret,imperii
1250 1318 1627 1375 amissionem
1656 1322 2007 1389 minabatur,

351 1398 592 1469 vulgare
623 1406 679 1453 et
730 1402 933 1457 tritum
992 1403 1097 1459 hoc
1148 1406 1369 1461 dictum
1424 1410 1720 1478 proferens
1758 1428 1769 1463 :
1810 1415 1923 1481 Ego
1957 1417 2012 1466 te

358 1488 615 1551 condidi,
654 1490 843 1552 furne,
879 1508 1015 1562 ergo
1046 1499 1103 1547 et
1153 1499 1207 1548 te
1238 1496 1531 1565 dejiciam.
1564 1501 1891 1570 Aggressus
1922 1505 2013 1554 est

360 1577 537 1629 etiam
584 1593 754 1632 cocco
808 1580 989 1634 tincta
1038 1580 1283 1638 induere
1336 1587 1751 1652 calceamenta,
1786 1589 2011 1659 antiqui

364 1666 675 1719 sacerdotii
720 1685 938 1723 morem
992 1671 1148 1725 hunc
1197 1689 1489 1742 asserens,
1522 1681 1578 1730 et
1624 1683 1891 1747 Oportere
1922 1678 2012 1732 his

365 1755 451 1807 uti
504 1771 717 1809 novum
768 1773 1000 1827 quoque
1054 1760 1557 1834 archiepiscopum
1609 1782 1621 1819 :
1675 1784 1810 1820 nam
1863 1768 2015 1821 inter

366 1844 758 1898 sacerdotium
795 1852 851 1900 et
889 1864 1129 1911 regnum
1191 1850 1336 1905 nihil
1369 1853 1647 1910 interesse
1693 1855 1779 1909 vel
1810 1858 2019 1911 admo-

372 1932 513 1986 dum
568 1951 794 2003 parum,
828 1941 883 1989 et
933 1937 988 1989 in
1043 1939 1217 1993 rebus
1268 1942 1711 2012 pretiosioribus
1762 1945 2017 2015 amplius

367 2020 617 2076 fortasse
649 2032 699 2076 et
732 2025 921 2095 magis
950 2026 1255 2083 colendum
1302 2034 1712 2087 sacerdotium.
1748 2034 1877 2088 Haec
1910 2051 2017 2089 au-

367 2108 533 2163 diens
565 2111 883 2181 imperator
914 2114 1079 2169 illum
1119 2120 1530 2176 mussitantem
1567 2124 1797 2177 studuit
1826 2125 2018 2195 potius

365 2196 591 2268 aliquid
626 2200 751 2270 ipse
785 2213 1118 2273 perpetrare
1151 2224 1325 2277 quam
1371 2210 1508 2279 pati.
1542 2214 1727 2277 Quare
1761 2231 1892 2268 cum
1926 2231 2012 2268 ar-

301 2336 305 2343 ,
361 2286 778 2357 changelorum
814 2292 941 2345 dies
978 2294 1163 2350 festus
1197 2298 1548 2371 advenisset,
1589 2304 1888 2372 egreditur
1915 2321 2019 2373 pa-

358 2375 619 2431 triarcha
652 2379 719 2431 ad
759 2380 1099 2437 suburbana
1132 2384 1273 2451 loca,
1308 2392 1373 2441 ut
1423 2389 1499 2443 ibi
1534 2392 1794 2445 studiose
1825 2409 1890 2445 ac
1922 2409 2010 2447 so-

357 2462 515 2518 lenni
558 2466 672 2519 ritu
711 2483 838 2537 quae
870 2471 939 2523 ad
977 2472 1129 2526 diem
1161 2474 1369 2529 festum
1399 2479 1757 2547 pertinerent
1790 2498 2017 2552 perage-

364 2558 471 2608 ret.
500 2553 823 2625 lmperator
854 2563 1049 2614 autem
1078 2567 1141 2614 ut
1176 2564 1336 2618 lucro
1359 2566 1470 2619 sibi
1497 2567 1691 2622 oblata
1714 2569 2017 2623 occasione

362 2647 620 2713 arrepta,
654 2645 873 2699 veritus
906 2664 976 2701 ne
1010 2651 1142 2719 quis
1190 2655 1485 2708 tumultus
1531 2663 1630 2709 aut
1659 2659 2017 2725 perturbatio

363 2728 555 2797 fieret,
589 2736 846 2788 turmam
877 2737 1033 2791 644
1067 2740 1316 2795 militum
1371 2743 1552 2811 misit,
1588 2746 1686 2814 qui
1721 2748 2017 2801 communi

363 2817 569 2889 lingua
614 2820 987 2891 appellantur
1041 2829 1331 2901 Barangi;
1384 2832 1479 2901 qui
1514 2832 1706 2902 ipsum
1744 2852 1854 2888 non
1893 2836 2018 2891 sine

364 2906 690 2976 ignominia
720 2927 751 2963 a
786 2913 994 2967 throno
1026 2928 1354 2987 correptum
1382 2937 1445 2974 ae
1480 2922 1639 2976 mulo
1672 2922 2013 2995 impositum

368 3012 557 3064 usque
589 2998 657 3051 ad
694 2996 861 3053 littus
888 3004 1042 3071 quod
1068 3010 1155 3058 est
1188 3006 1245 3058 in
1278 3008 1614 3067 Blachernis
1649 3013 2017 3084 impellentes

369 3085 755 3153 deduxerunt,
787 3094 843 3141 et
876 3090 1066 3160 ipsum
1103 3098 1159 3146 et
1182 3098 1472 3164 patrueles
1503 3101 1651 3168 ejus,
1686 3108 1859 3171 atque
1881 3104 2016 3156 inde

2118 517 2430 589 πλεονεξίας
2483 518 2819 597 ἐλευθεροῦν.
2865 524 2931 579 Ὃ
2981 522 3069 577 καὶ
3120 521 3227 586 εἷ’θε
3272 525 3348 584 εἷς
3408 520 3567 584 τέλος
3624 522 3773 593 αύτῷ

2117 610 2470 682 κατώρθωτο,
2507 609 2605 664 οὐκ
2663 610 2749 665 ἐπὶ
2797 617 2913 666 τοῖς
2962 612 3233 685 σεμνείοις
3284 612 3495 684 μόνοις,
3532 610 3774 667 ἀλλ’ἑπὶ

2116 703 2231 758 τοῖς
2294 698 2767 768 ἐκκλησιαστικοῖς
2814 707 2972 755 πᾶσιν
3023 700 3232 762 ἁπλῶς.
3278 700 3466 762 Οὕτως
3528 700 3622 772 μὶν
3679 699 3776 755 οὖν

2116 792 2280 840 ταῦτα
2326 793 2405 859 τῷ
2471 790 2688 863 βασιλεῖ
2747 790 3119 863 ᾠκονόμηται,
3164 790 3252 845 καὶ
3301 793 3335 859 ἠ
3386 788 3601 865 βασιλὶς
3648 793 3775 844 τοῦ-

2118 896 2207 929 τον
2270 880 2390 951 εἶχε
2440 883 2548 932 τῶν
2608 879 2848 935 πόλεων.
2910 881 2969 936 Ὁ
3032 877 3088 933 δὲ
3147 882 3496 954 πατριάρχης
3552 882 3620 952 τῇ
3676 882 3776 932 τοῦ

2126 964 2389 1039 βασιλέως
2440 965 2704 1041 ἀπλήστῳ
2748 968 2928 1040 εᾶνοίᾳ
2980 968 3251 1044 θαρρήσας
3301 968 3774 1043 ἐφρονηματίσατο

2120 1055 2235 1107 κατ’
2277 1054 2461 1120 αὐτοῦ,
2510 1056 2608 1110 ούκ
2678 1056 2923 1127 αἰτήσεσι
2993 1056 3081 1110 καὶ
3148 1058 3492 1132 παραινέσεσι
3548 1057 3773 1132 χρώμε-

2119 1163 2233 1210 νος,
2297 1140 2350 1197 εἷ’
2408 1146 2540 1199 ποτὲ
2613 1167 2761 1207 τινος
2825 1144 3001 1200 δέοιτο
3056 1144 3145 1199 καὶ
3210 1146 3340 1219 ὑπέρ
3406 1166 3575 1211 τινος,
3631 1143 3779 1199 ἀλλὰ

2120 1230 2393 1295 πολλάκις
2422 1233 2818 1309 ἀποτυγχάνων
2852 1232 2940 1289 διὰ
2968 1235 3029 1289 τὸ
3074 1239 3178 1288 τῶν
3230 1233 3493 1304 αἴτήσεων
3547 1235 3774 1309 συνεχὲς

2120 1321 2208 1374 καὶ
2242 1324 2495 1397 φορτικὸν
2525 1322 2775 1385 ἀπειλαῖς
2810 1324 3015 1399 ἆχρῆτο
3045 1323 3133 1377 καὶ
3167 1322 3466 1395 ἆπιτιμίοις
3521 1322 3772 1392 ἀτόποις,

2120 1411 2209 1463 καὶ
2267 1408 2379 1484 εἷ’γε
2440 1414 2516 1483 μὴ
2574 1412 2837 1483 πείθοιτο,
2871 1414 2957 1467 καὶ
3016 1420 3119 1482 τῆς
3181 1410 3459 1489 βασιλείας
3505 1408 3775 1466 ἔκπτωσιν

2123 1497 2543 1572 ἀπειλούμενος,
2592 1502 2654 1556 τὸ
2705 1499 2957 1575 δημῶδες
3005 1507 3165 1556 τοῦτο
3208 1502 3297 1556 καὶ
3354 1502 3773 1574 καθημαεευμὲο

2121 1609 2211 1642 νον
2285 1589 2569 1664 ἐπιλέγων,
2632 1617 2660 1643 ‹‹
2722 1593 2825 1647 Ἐῶ
2878 1612 2934 1646 σε
2991 1591 3170 1646 ἔκτισα
3228 1594 3327 1665 (2),
3384 1595 3626 1669 φοῦρνε·
3692 1591 3773 1645 ἐῶ

2116 1675 2209 1731 ’ίνα
2266 1699 2323 1732 σε
2380 1680 2632 1754 χαλάσω.
2698 1705 2723 1731 ››
2785 1676 3114 1735 Ἐπεϐάλετο
3173 1679 3229 1735 δὶ
3287 1680 3376 1735 καὶ
3448 1674 3768 1756 κοκκοϐαφῆ

2128 1763 2443 1843 περιϐαλεῖν
2496 1766 2714 1840 πέδιλα,
2757 1773 2856 1834 τῆς
2906 1768 3140 1831 παλαιᾶς
3188 1768 3487 1843 ἱερωσύνης
3548 1768 3768 1843 φάσκων

2128 1856 2262 1910 εἶναι
2317 1857 2377 1911 τὸ
2424 1862 2669 1912 τοιοῦτον
2722 1855 2857 1930 ἔθος,
2890 1858 2978 1912 καὶ
3013 1856 3120 1912 δεῖν
3148 1858 3361 1919 τούτοις
3398 1857 3494 1911 κάν
3552 1861 3618 1930 τῇ
3676 1858 3772 1927 νέᾳ

2126 1948 2430 2020 κεχρῆσθαι
2516 1948 2606 2000 τὸν
2704 1947 3010 2023 ἀρχιερὲα’
3087 1946 3386 2022 ἱερωσύνης
3475 1946 3576 2020 γὰρ
3678 1945 3769 1999 καὶ

2132 2034 2409 2109 βασιλείας
2442 2036 2504 2090 τὸ
2539 2034 2795 2113 διάφορον
2824 2034 2979 2091 οὐδὲν
3015 2038 3042 2106 ἢ
3073 2036 3161 2090 καὶ
3217 2035 3405 2110 ὀλίγον
3469 2035 3603 2089 εἶναι
3654 2032 3778 2089 ἔλι-

2126 2144 2234 2197 γεν,
2271 2123 2321 2177 ὲν
2360 2122 2414 2178 δέ
2470 2146 2531 2198 γε
2581 2130 2695 2186 τοῖς
2744 2124 3097 2198 τιμιωτέροις
3150 2126 3237 2179 καὶ
3285 2125 3346 2179 τὸ
3404 2123 3571 2178 πλέον
3629 2128 3779 2197 τάχα

2126 2212 2213 2265 καὶ
2284 2210 2548 2286 ἐρίτιμον.
2604 2218 2779 2267 Ταῦτα
2861 2213 2918 2268 δὲ
2973 2214 3001 2268 ὁ
3062 2212 3314 2289 βασιλεὺς
3389 2211 3781 2284 ἐνωτιζόμενος

2129 2300 2216 2354 ὑπ’
2270 2298 2463 2355 ὀδόντα
2540 2300 2853 2375 λαλούμενα
2928 2300 3148 2357 ἔσπευσε
3232 2299 3444 2374 μᾶλλον
3501 2298 3688 2376 δρᾶσαι
3741 2301 3778 2370 ἢ

2126 2391 2335 2446 παθεῖν.
2399 2392 2558 2446 ’Όθεν
2616 2399 2718 2460 τῆς
2774 2396 2882 2446 τῶν
2965 2390 3325 2466 ἀρχαγγὲλων
3411 2389 3783 2467 ἐφισταμένης

2126 2479 2320 2553 ἑορτῆς
2386 2478 2542 2551 ἔξεισι
2608 2481 2703 2553 μὶν
2761 2481 2788 2535 6
2845 2482 3195 2554 πατριάρχης
3266 2480 3343 2540 εἷς
3399 2479 3461 2533 τὸ
3517 2480 3622 2552 πρὸ
3674 2482 3782 2543 τῆς

2126 2567 2343 2629 πόλεως
2375 2566 2685 2643 φιλοτίμως
2735 2570 2802 2623 τὰ
2856 2576 2958 2638 τῆς
3020 2569 3214 2644 ἑορτῆς
3273 2567 3544 2623 ἂκτελὲσαι
3604 2588 3779 2621 σπου-

2128 2653 2323 2724 δάζων’
2362 2658 2388 2709 6
2442 2656 2497 2710 δὶ
2559 2655 2814 2733 βασιλεὺς
2873 2658 2962 2712 τὸν
3022 2659 3211 2733 καιρὸν
3264 2658 3339 2720 ὡς
3394 2655 3621 2731 ἕρμαιον
3675 2658 3779 2729 ἁρ-

2126 2746 2319 2814 πάσας,
2358 2743 2449 2799 ’ίνα
2510 2747 2584 2817 μὴ
2630 2742 2859 2815 θόρυϐος
2908 2747 2997 2801 καὶ
3047 2749 3290 2821 τάραχος
3349 2747 3570 2821 γᾶνηται
3630 2748 3785 2800 ὑπει-

2128 2830 2376 2906 δὸμενος,
2434 2840 2619 2912 στῖφος
2678 2837 3064 2909 στρατιωτικὸν
3144 2835 3467 2896 ἀποστείλας
3538 2835 3777 2909 (Βαράγ-

2124 2945 2254 2998 γους
2284 2928 2361 2997 (3)
2391 2924 2584 2987 αὐτοὺς
2618 2928 2651 2994 ἡ
2707 2928 2864 2996 κοινὴ
2927 2926 3182 2998 ὀνομάζει
3244 2923 3546 2996 διάλεκτος)
3604 2924 3777 2994 άνάρ-

2125 3034 2325 3068 παστον
2377 3013 2435 3067 ἐκ
2471 3019 2568 3067 τοῦ
2627 3010 2819 3089 θρόνου
2882 3014 3090 3087 ἀτίμως
3149 3016 3230 3087 [Ρ.
3279 3016 3407 3087 809]
3467 3013 3770 3086 ἐπαίρουσι,

2125 3102 2214 3155 καὶ
2268 3102 2487 3173 ἡμιόνῳ
2556 3102 2866 3167 καθίσαντες
2942 3101 3281 3175 συνήλαυνον
3358 3100 3489 3177 ἄχρι
3552 3108 3651 3171 τῆς
3722 3101 3778 3156 ἐν

370 3172 562 3228 lembo
596 3174 941 3245 impositum
994 3182 1065 3234 ad
1104 3186 1558 3252 Proconnesum,
1595 3194 1655 3242 ut
1698 3191 2012 3259 exsularet,

2130 3172 2468 3266 Βλαχὲρναις
2490 3191 2657 3260 ἀκτῆς
2689 3192 2848 3247 αὐτόν
2877 3214 2933 3246 τε
2974 3192 3063 3247 καὶ
3115 3193 3243 3253 τοὺς
3296 3190 3546 3264 ἀνεψιοὺς
3588 3191 3777 3258 αὐτοῦ,

366 3262 805 3330 perducendum
842 3274 1068 3325 curant.
1100 3272 1223 3341 ipse
1245 3290 1375 3329 cum
1399 3276 1695 3347 aliquibus
1722 3284 2013 3350 metropo-

368 3349 487 3404 litis
520 3351 849 3407 collocutus
895 3362 951 3408 et
984 3359 1053 3411 de
1103 3361 1230 3431 ipso
1264 3364 1609 3430 abdicando,
1652 3349 2015 3436 spectatissi-

368 3438 482 3492 mis
514 3440 776 3510 ipsorum
812 3444 1011 3499 electis
1042 3463 1240 3503 eorum
1274 3469 1446 3521 opera
1479 3457 1701 3508 nuntiat
1740 3461 1801 3509 ut
1831 3457 2017 3511 archi-

368 3526 774 3597 episcopatum
810 3532 1083 3602 deponat,
1122 3536 1461 3607 priusquam
1513 3541 1704 3610 ipsum
1752 3560 1883 3597 cum
1920 3546 2017 3599 de-

369 3615 575 3669 decore
635 3617 887 3685 amittat,
948 3621 1021 3674 iis
1080 3638 1205 3692 quae
1267 3630 1471 3680 contra
1528 3629 1722 3699 ipsum
1791 3633 2019 3687 decreta

370 3708 537 3757 erant
567 3707 848 3774 expositis
903 3713 959 3762 et
1007 3711 1323 3781 propalatis
1376 3717 1613 3784 synodis
1646 3724 1702 3773 et
1750 3722 2014 3778 concilio.

369 3790 479 3845 Sed
514 3807 648 3845 cum
681 3793 826 3864 ipsis
859 3796 1019 3853 visus
1049 3805 1205 3855 esset
1248 3804 1536 3871 ejusmodi
1566 3808 1662 3877 qui
1697 3812 2015 3882 expugnari

370 3881 427 3933 et
472 3878 719 3949 deprimi
772 3900 886 3938 non
939 3892 1156 3955 posset,
1202 3898 1487 3960 quantum
1523 3896 1591 3948 ad
1645 3878 2018 3966 ipsum—atti-

370 3967 566 4033 nebat,
610 3969 885 4037 deperata
933 3974 1041 4028 fuit
1088 3976 1372 4048 depositio
1406 3984 1751 4052 sacerdotii;
1803 3987 1873 4041 de
1903 4004 2019 4058 qua

368 4054 720 4123 imperatore
758 4061 995 4117 assidue
1049 4065 1357 4133 cogitante,
1411 4070 1633 4127 interea
1663 4072 1840 4128 vitam
1888 4092 2018 4131 cum

368 4148 557 4197 morte
626 4148 958 4215 patriarcha
1024 4154 1340 4225 tranquille
1412 4167 1754 4216 commutat.
1837 4164 2019 4232 Cujus

367 4247 580 4303 corpus
630 4234 969 4305 imperator,
1025 4244 1176 4311 quod
1234 4244 1423 4314 ipsum
1470 4249 1593 4317 jam
1648 4252 2016 4321 pmnituerat,

367 4321 686 4376 honoriﬁce
721 4324 1158 4395 importandum
1210 4338 1264 4386 et
1312 4336 1365 4387 in
1400 4353 1507 4389 suo
1541 4342 1891 4395 monasterio
1927 4359 2017 4396 re-

370 4411 704 4479 ponendum
750 4421 938 4483 curat,
973 4420 1277 4487 perculsus
1309 4440 1373 4476 eo
1425 4426 1704 4482 miraculo
1736 4432 1888 4500 quod
1924 4448 2017 4485 ac-

2127 3279 2324 3342 ὶκεῖθεν
2403 3301 2460 3334 τε
2536 3276 2728 3354 λέμϐῳ
2804 3278 3150 3354 ἐμϐληθέντα
3228 3279 3302 3342 εἷς
3372 3282 3782 3355 Προικόννησον

2125 3368 2515 3441 περιορίζουσι.
2580 3368 3125 3445 Κοινολογησάμενος
3186 3367 3243 3424 δι
3300 3390 3407 3424 τισι
3480 3374 3587 3423 τῶν
3664 3390 3780 3441 μη-

2125 3456 2468 3531 τροπολιτῶν
2498 3459 2587 3511 καὶ
2619 3458 2871 3533 περὶτῆς
2921 3460 3086 3513 αὐτοῦ
3144 3458 3505 3532 καθαιρέσεως
3564 3454 3784 3511 συνδια-

2128 3545 2485 3619 σκεψάμενος,
2530 3546 2657 3608 τοὺς
2713 3546 3083 3623 λογιωτέρους
3143 3549 3322 3602 αὐτῶν
3383 3545 3781 3619 ἐπιλεξάμενος

2129 3632 2295 3703 δηλοῖ
2352 3632 2426 3688 δι’
2456 3634 2631 3689 αὐτῶν
2694 3636 2987 3691 ἀποθέσθαι
3038 3638 3138 3707 τὴν
3186 3635 3780 3711 ἀρχιερωσύνην,πρῖν

2128 3720 2185 3775 ἂν
2221 3721 2429 3795 ἀτίμως
2480 3723 2646 3793 αὐτὴν
2692 3720 3041 3796 ἀποϐάληται
3100 3723 3307 3797 συνόδῳ
3364 3725 3450 3779 καὶ
3514 3723 3780 3797 συλλόγῳ

2127 3816 2232 3864 τῶν
2319 3812 2435 3865 κατ’
2512 3811 2675 3866 αὐτοῦ
2769 3811 3262 3885 δημοσιευθέντων.
3320 3811 3634 3874 Ἀνάλωτος
3718 3810 3780 3866 δὲ

2126 3898 2340 3961 τούτοις
2402 3900 2587 3974 ὀφθεὶς
2642 3902 2731 3955 καὶ
2809 3903 3197 3972 ἀταπείνωτος,
3258 3903 3323 3956 τά
3372 3922 3434 3975 γε
3491 3901 3573 3955 ἄπ’
3627 3899 3781 3971 αὐτῷ

2128 3988 2436 4061 ἀπέγνωστο
2478 3988 2625 4061 αύτῷ
2671 3993 2704 4059 ἠ
2755 3992 3082 4066 καθαίρεσις.
3120 3990 3516 4065 Φροντίζοντος
3576 3987 3632 4043 δὲ
3679 3993 3782 4043 τοῦ

2133 4078 2397 4153 βασιλέως
2453 4081 2576 4155 περὶ
2628 4081 2831 4151 ταύτης
2890 4079 3171 4153 διηνεκῶς,
3207 4081 3257 4135 ἐν
3315 4085 3395 4153 τῷ
3447 4081 3592 4152 μέσῳ
3647 4099 3780 4149 μετ-

2128 4165 2384 4221 αλλάττει
2438 4168 2531 4223 τὸν
2599 4169 2712 4244 βίον
2765 4171 2794 4223 6
2846 4169 3193 4245 πατριάρχης
3252 4168 3558 4243 εἷρηνιγῶς.
3610 4168 3671 4220 Ὡ
3721 4164 3785 4221 δὶ

2133 4253 2386 4330 βασιλεὺς
2446 4258 2701 4330 μετανοίᾳ
2762 4259 2987 4333 βληθεὶς
3040 4259 3104 4313 τὸ
3166 4264 3324 4329 σῶμα
3354 4256 3516 4311 αὐτοῦ
3575 4255 3782 4330 εἰσάγει

2128 4343 2358 4416 ἐντίμως
2416 4346 2504 4399 καὶ
2563 4350 2630 4419 τῇ
2667 4350 2807 4420 μονῇ
2870 4348 3036 4401 αὐτοῦ
3094 4347 3428 4415 ἀποτίθεται,
3488 4344 3785 4418 ἐκπλαγεὶς

2130 4432 2215 4487 ἐπὶ
2246 4439 2326 4506 τῷ
2355 4430 2617 4507 συμϐάντι
2652 4436 2885 4509 θαύματι
2916 4435 3082 4499 αὐτός
3110 4458 3169 4491 τε
3220 4437 3311 4490 καὶ
3356 4437 3408 4490 οἱ
3442 4434 3533 4488 σὺν
3590 4433 3739 4505 αύτῷ
3767 4452 3781 4465 ·

368 4498 609 4563 ciderat,
645 4518 759 4556 non
813 4504 939 4574 ipse
974 4509 1141 4561 modo
1191 4512 1290 4564 sed
1344 4530 1546 4568 omnes
1579 4517 1673 4586 qui
1727 4498 1858 4573 cum
1894 4524 2014 4590 ipso

2130 4523 2163 4589 ἡ
2219 4498 2321 4595 γὰρ
2376 4498 2498 4597 χεὶρ
2558 4527 2591 4592 ἡ
2653 4498 2797 4594 δεξιά
2848 4529 2945 4578 τοῦ
3003 4527 3347 4600 πατριάρχου
3418 4498 3785 4597 σταυροειδίῦς

370 4594 556 4641 erant.
592 4589 733 4644 Nam
770 4593 973 4649 dextra
1004 4597 1349 4667 patriarchae
1401 4621 1610 4658 manus
1643 4606 1698 4660 in
1732 4589 1927 4661 crucis
1953 4609 2021 4662 fi-

2134 4614 2570 4683 σχηματισθεῖσα
2624 4616 2724 4687 (4),
2782 4615 2821 4687 ᾗ
2876 4612 2997 4677 ἔθος
3085 4612 3326 4690 εόλογεῖν
3415 4611 3783 4689 ὲπιφωνοῦντι

1687 4704 1931 4760 JACOBI
1972 4707 2193 4763 GOARI
2234 4710 2461 4766 ΝΟΤίΕ.

561 4775 834 4861 Abundat
880 4779 1155 4852 loquendi
1209 4786 1538 4844 Graecorum
1591 4808 1735 4846 usus
1788 4810 2017 4861 prover-

373 4841 507 4932 Elis;
559 4862 706 4932 (IUPS
758 4841 973 4921 μύθουέ
1010 4861 1236 4913 vocant.
1292 4862 1350 4913 In
1566 4841 1912 4932 particulam
1933 4841 2021 4917 v65)

374 4918 1033 5004 El‘eprawtam'censeo,
1083 4944 1254 5004 cum,
1293 4933 1527 4987 nonnisi
1566 4918 1686 5004 .qui
1739 4952 1835 4989 ore
1884 4942 2023 4990 sunt

370 4983 565 5069 blaeso,
596 4990 797 5069 16_éy«_b
830 4983 1257 5069 ειίειιηίτυειίόί
1306 4983 1684 5069 ριόῐιυηιίἒηι
1717 5006 2018 5063 integerri-

370 5072 484 5143 me.
526 5059 824 5143 Particulm
851 5064 941 5120 ’ίνα
973 5068 1055 5121 vel
1090 5068 1151 5120 νά
1184 5059 1559 5143 quandoque,
1597 5059 1657 5130 ut
1689 5059 2017 5140 hicil'luturi

370 5132 511 5217 nota
538 5139 653 5213 est,
696 5136 947 5217 Verbum
1002 5132 1379 5217 sttTiiicrdo,
1429 5132 1736 5217 ἑοννιιηιρο,
1780 5132 2017 5213 destruo,

366 5198 456 5279 liej
469 5204 575 5279 {(in
605 5198 796 5279 comm
809 5227 840 5262 υ
853 5229 881 5261 n
896 5198 1156 5279 iter'sign
1169 5214 1178 5261 i
1192 5198 1341 5266 licet.

438 5272 519 5341 (3)
554 5275 831 5362 Βάραγγοι.
870 5282 1037 5350 quasi
1085 5272 1248 5336 ilices
1300 5285 1566 5412 φράέγοι,
1601 5288 1808 5342 scribit
1854 5289 2017 5344 Gret-

438 5358 534 5397 rus
584 5364 640 5402 in
700 5353 1001 5406 Codinum.
1064 5354 1132 5405 At
1189 5371 1354 5412 quasi
1460 5360 1637 5412 ivinat
1688 5359 2014 5412 Gretserus.

367 5357 534 5430 serus
584 5349 646 5430 in
700 5349 1001 5430 Codinum.
1064 5354 1132 5405 At
1189 5349 1360 5430 quasi
1418 5349 1637 5413 divinat
1688 5359 2014 5430 Gretserus,

368 5414 468 5501 qui
503 5419 741 5501 Anglos,
785 5422 1116 5501 Graecorum
1168 5414 1506 5485 auxiliarios
1550 5436 1606 5485 et
1648 5414 2018 5501 imperatoris

370 5486 715 5564 satellitium
777 5492 862 5548 vel
930 5494 1143 5548 virtute
1198 5501 1545 5564 promeritos
1601 5501 1687 5557 vel
1734 5486 1814 5557 ‘ad
1872 5486 2016 5559 illud

372 5557 553 5647 {fissa
639 5561 927 5647 legatione
1017 5557 1362 5647 advocatos,
1452 5572 1791 5647 Bapciwoue
1846 5557 2019 5645 quasi

375 5625 657 5701 Φράγγους
694 5625 957 5691 "vocatos
1023 5641 1239 5693 censet.
1311 5625 1389 5698 Ah
1458 5625 1573 5702 no'n
1615 5625 2017 5704 ’ὁοοῖἀθιῖῑῖιῖἷέ

2129 4796 2397 4871 quilibet,
2443 4798 2664 4865 Gallus,
2719 4800 2924 4868 Italus,
2976 4802 3304 4857 Germanus
3351 4799 3563 4855 Graecis
3596 4796 3787 4871 <Ppa'lj-

2168 4868 2289 4945 9:?_
2322 4886 2426 4945 cur
2483 4872 2782 4945 Βαράγγοςλ
2817 4874 3044 4941 Anglus
3102 4875 3272 4945 quasi
3332 4868 3661 4945 diuinos?
3702 4869 3785 4923 Ex

2190 4939 2410 5024 atthasi
2436 4939 2961 5024 Paris-Anglorum
3003 4939 3268 5024 historici
3322 4939 3513 5024 leaic'o'
3542 4941 3780 5024 cdoceo.

2130 5012 2526 5082 Bamnagz’um,
2560 5016 2661 5084 ait,
2704 5012 2824 5069 sive
2874 5016 3228 5087 barnagium,
3261 5016 3417 5088 quod
3450 5020 3506 5069 et
3538 5012 3781 5088 barmpa-

2129 5084 2310 5165 ἔΙίίιζη,
2346 5082 2655 5155 procerum
2680 5087 2841 5165 regni
2876 5082 3117 5165 senatus
3149 5082 3322 5165 estet
3367 5082 3780 5165 cm_t_us,vlplgo

2129 5154 2556 5231 mrlamentum,
2585 5175 2615 5212 a
2664 5154 2835 5228 cuj'us
2871 5159 3175 5231 nobilitate
3223 5155 3589 5231 stipendiarii
3620 5154 3779 5208 Grai-

2129 5241 2328 5304 corum
2366 5230 2557 5299 Angli,
2592 5226 2801 5312 vanam
2850 5228 3159 5316 titulorpm
3181 5226 3779 5316 “libidinem-(31313013:

2131 5296 2260 5378 {ligo
2283 5296 2734 5378 inore—sectati,
2768 5316 2981 5355 nomen
3013 5302 3124 5356 sibi
3181 5302 3466 5375 βαράγγων
3513 5299 3569 5351 in
3595 5296 3782 5378 Furia

2128 5366 2231 5457 (FP,
2262 5370 2300 5457 ’ᾗ
2314 5373 3042 5457 ηχθι-υηςβιοάορῐρῐιηυητ.
3068 5366 3560 5457 Baran'gosporro
3584 5366 3779 5457 fuisse

2126 5439 2359 5517 A‘nglos
2380 5460 2495 5517 non
2528 5438 2864 5517 dissimulat
2893 5444 3171 5517 Codjnus,
3205 5438 3303 5517 qui
3332 5438 3505 5500 etiam
3536 5455 3637 5495 eos
3670 5438 3774 5511 Ἰγ-

2124 5507 2359 5589 γλινιστί
2392 5515 2697 5589 loquentes
2728 5514 2974 5589 inducit.
3009 5507 3239 5589 Vide'p:
3270 5517 3397 5589 723.

2196 5582 2270 5662 (ﬁt)
2304 5582 2715 5641 Confdrmatur
2742 5582 3417 5662 in_crucem__po'nti_ﬂois
3458 5582 3549 5640 vel
3581 5594 3779 5662 sacer.

2126 5650 2278 5711 dotis
2307 5671 2541 5726 manus,
2570 5672 2707 5713 cum
2736 5654 2923 5729 polio'e
2955 5650 3153 5716 medic
3182 5659 3366 5733 digito
3396 5651 3775 5731 superposito
