4040 6196
275 347 402 407 373

1787 349 2182 412 HISTORIA.

3572 357 3690 416 374

269 481 355 547 τῷ
412 475 526 548 λαῷ
582 478 682 544 τὴν
743 477 970 552 εἰρήνην
1019 482 1112 552 (5),
1178 480 1477 553 μεμένηκεν
1511 476 1795 554 ἄτρεπτος,
1851 483 1925 553 μὴ

2059 498 2249 553 ζυῐἮῐΠ
2286 483 2672 546 conformata,
2704 489 2770 538 ut
2801 498 2928 538 mos
2959 488 3048 539 est
3074 484 3446 540 benedicendi
3475 485 3688 558 populo

269 565 743 621 συναλλοιωθεῖσα
953 570 1206 644 νεκρώσει
1281 573 1380 623 τοῦ
1447 572 1722 642 σώματος.
1786 575 1930 642 Προ-

274 657 574 730 χειρίζεται
636 654 694 710 δὲ
754 657 860 710 ἀντ’
923 658 1085 712 αὐτοῦ
1143 659 1490 734 πατριάρχης
1523 664 1929 720 Κωνσταντῖνος

279 743 546 819 πρόεδρος
601 748 692 799 καὶ
752 742 1250 821 πρωτοϐεστιάριος
1283 749 1310 802 6
1371 746 1703 823 Λειχούδης,
1735 750 1928 822 πρότε-

281 855 373 908 ρον
433 838 622 910 ψήφου
670 832 953 910 προϐάσης
1013 838 1092 891 ἐπ’
1123 837 1269 908 αύτῷ
1300 841 1443 911 παρὰ
1500 843 1607 892 τῶν
1647 859 1927 911 μητροπο-

282 921 449 976 λιτων
501 925 591 977 καὶ
651 929 749 978 τοῦ
798 926 1012 1000 κλήρου
1064 926 1153 980 καὶ
1201 931 1299 981 τοῦ
1332 924 1466 980 λαοῦ
1518 929 1737 994 παντὸς,
1793 928 1927 1002 ἀνὴρ

284 1013 534 1086 μέγιστον
624 1011 938 1087 διαλάμψας
1020 1020 1136 1076 τοῖς
1227 1014 1535 1090 βασιλικοῖς
1615 1017 1926 1090 πράγμασιν

272 1099 379 1154 ἀπό
453 1121 511 1155 τε
590 1106 688 1156 τοῦ
766 1104 1109 1178 Μονομάχου
1187 1105 1276 1158 καὶ
1355 1107 1519 1179 μέχρι
1568 1109 1663 1158 τοῦ
1716 1104 1927 1179 καιροῦ,

275 1190 363 1242 καὶ
441 1190 577 1264 μέγα
652 1188 815 1252 κλέος
856 1192 942 1246 ἐπὶ
1000 1198 1079 1264 τῷ
1137 1199 1401 1266 μεσασμῷ
1455 1201 1554 1262 τῆς
1613 1199 1720 1248 τῶν
1781 1192 1925 1248 ὅλων

279 1275 604 1347 διοικήσεως
664 1279 1090 1354 ἀπενεγκάμενος
1158 1283 1247 1336 καὶ
1306 1290 1406 1353 τῆς
1457 1288 1564 1337 τῶν
1623 1283 1926 1358 Μαγγάνων

275 1368 574 1440 προνοίας,
634 1370 724 1423 καὶ
795 1376 903 1424 τῶν
981 1369 1367 1444 δικαιωμάτων
1427 1371 1598 1450 φύλαξ
1658 1378 1733 1446 (6)
1785 1375 1929 1447 παρά

274 1460 373 1508 τοῦ
421 1456 710 1531 εἰρημένου
765 1458 1032 1533 βασιλέως
1086 1460 1480 1535 καταλειφθείς.
1546 1462 1600 1515 Εἰ
1647 1463 1734 1515 καὶ
1787 1481 1928 1534 προ-

274 1539 522 1614 ϐέϐλητο
573 1550 723 1620 γοῦν,
784 1547 884 1601 οὐκ
941 1546 1353 1621 ἀνενδοιάσιμον
1384 1551 1484 1618 την
1518 1549 1928 1626 ἀρχιερωσύνην

275 1633 365 1686 καὶ
426 1636 524 1701 τήν
583 1637 950 1711 πατριαρχίαν
1021 1636 1278 1708 ἐκέκτητο
1349 1640 1434 1693 καὶ
1512 1640 1924 1715 ἀναμφήριτον,

273 1725 404 1779 ἀλλ’
452 1726 480 1778 6
517 1724 774 1800 βασιλεὺς
803 1727 1102 1803 φροντίζων
1133 1729 1280 1791 ὅπως
1311 1734 1418 1784 τῶν
1449 1729 1712 1783 τοιούτων
1748 1727 1924 1783 δικαι-

2043 571 2390 626 acclamanti
2421 589 2642 644 pacem,
2668 574 2750 627 ita
2773 575 2942 628 firma
2975 575 3317 644 permansit,
3344 590 3532 646 neque
3553 591 3687 629 cum

2041 669 2272 716 mortuo
2323 679 2561 732 corpore
2612 669 2699 717 est
2749 663 3078 717 immutata.
3135 664 3440 718 Rufticitur
3472 665 3528 718 in
3562 665 3690 734 ejus

2045 750 2233 805 locum
2283 753 2618 820 patriarcha
2667 753 3086 808 Constantinus
3140 752 3428 807 Lichudes
3481 769 3691 823 praeses

2042 847 2098 894 et
2127 842 2626 909 protovesliarius,
2661 844 2760 913 qui
2809 843 2970 913 prius
3020 841 3606 914 metropolitanorum
3639 845 3694 895 et

2039 930 2176 984 cleri
2233 931 2529 1001 totiusque
2580 932 2778 1003 populi
2830 932 3128 1003 suffragiis
3175 932 3435 987 delectus
3481 931 3691 999 fuerat,

2038 1020 2128 1072 vir
2159 1021 2231 1072 ob
2263 1019 2412 1088 regia
2447 1027 2622 1089 atque
2644 1019 2836 1074 civilia
2867 1037 3110 1074 munera
3130 1020 3493 1075 clarissimus
3516 1037 3547 1073 a
3570 1019 3689 1073 Mo-

2042 1108 2326 1162 nomacho
2360 1125 2542 1178 usque
2577 1111 2644 1162 ad
2679 1109 2820 1163 illud
2856 1115 3129 1178 tempus;
3163 1111 3378 1179 quique
3410 1124 3686 1179 magnam

2039 1196 2285 1267 gloriam
2321 1199 2392 1251 ob
2428 1197 2506 1252 rei
2540 1198 2780 1269 publica:
2824 1198 3388 1252 administrationem
3427 1202 3686 1266 reporta-

2040 1293 2198 1340 verat
2255 1287 2402 1344 645
2468 1293 2523 1341 et
2580 1291 3000 1358 Manganorum
3066 1288 3558 1357 procurationem,
3621 1303 3686 1340 ac

2031 1375 2186 1444 juris
2217 1381 2415 1430 custos
2450 1377 2520 1431 ab
2555 1392 2619 1430 eo
2651 1379 2997 1446 imperatore
3048 1393 3222 1448 quem
3255 1375 3513 1430 diximus
3546 1373 3684 1429 reli-

2039 1469 2171 1518 ctus
2241 1465 2442 1519 fuerat.
2511 1465 2580 1518 Et
2637 1465 2903 1535 quamvis
2961 1465 3224 1519 delectus
3281 1464 3510 1528 fuisset,
3569 1479 3680 1516 non

2041 1554 2168 1608 sine
2199 1553 2570 1609 contentione
2621 1554 3186 1626 archiepiscopatum
3221 1559 3278 1608 et
3325 1551 3684 1623 patriarcha-

2037 1647 2184 1707 tum,
2224 1660 2409 1714 neque
2441 1646 2565 1697 sine
2593 1643 2988 1698 controversia
3031 1644 3278 1714 adeptus
3327 1646 3432 1695 est.
3468 1644 3683 1694 Verum

2037 1733 2356 1803 imperator
2404 1733 2643 1787 studens
2693 1731 2830 1786 talia
2879 1732 2989 1786 sibi
3031 1732 3170 1802 jura
3215 1729 3532 1795 vindicare,
3574 1729 3684 1782 hoc

271 1813 511 1883 ωμάτων
569 1813 832 1889 ἐγκρατὴς
891 1818 1135 1890 γένηται,
1163 1823 1354 1872 τοῦτον
1395 1819 1583 1893 καιρὸν
1617 1815 1923 1887 ἐπιτήδειον

309 1903 322 1919 3
375 1905 400 1919 Δ
438 1902 451 1918 ἱ
755 1899 814 1919 θ’
1390 1909 1399 1919 ι
1582 1909 1593 1919 1
1652 1908 1661 1919 ι
1875 1909 1886 1919 ι

2061 1822 2145 1891 psi
2176 1826 2408 1890 tempus
2429 1820 2706 1875 idoneum
2727 1821 3320 1892 ratus,presbyterum
3347 1817 3681 1873 ordinatum

273 1902 529 1970 οἰηθεὶς,
612 1899 975 1977 πρεσϐύτερον
1052 1909 1504 1982 χειροτονηθέντα
1577 1908 1774 1982 ἐπέσχε
1829 1909 1928 1974 τὴν

285 1990 478 2058 ἐντελῆ
526 1993 710 2066 χρίσιν
765 2000 865 2063 τῆς
915 1994 1348 2071 ἀρχιερωσύνης.
1412 1997 1573 2071 ἄχρις
1635 1995 1716 2062 ἂν,
1775 1997 1928 2072 φησὶ,

283 2081 348 2134 τὰ
409 2081 950 2157 ύποτονθορυζόμενα
999 2086 1134 2138 κατά
1186 2089 1282 2139 σοῦ
1331 2087 1581 2158 σκοπηθῇ
1635 2083 1930 2146 συνοδικῶς

282 2189 340 2222 τε
387 2171 473 2222 καὶ
526 2175 846 2232 κανονικιῖκ.
897 2174 958 2228 Ὀ
1007 2171 1064 2227 δὲ
1117 2180 1522 2236 Κιυνσταντῖνος
1558 2175 1632 2247 μὴ
1669 2175 1932 2249 ἀγνοήσας

283 2255 354 2311 δι’
414 2259 470 2311 δν
529 2263 696 2313 ταῦτα
755 2261 956 2334 τρόπον
1004 2263 1277 2334 τυρεύεται
1333 2269 1447 2318 κατ’
1505 2263 1687 2331 αὐτοῦ,
1745 2263 1806 2316 τὸ
1835 2264 1933 2329 τῆς

283 2347 555 2422 αἰσχύνης
612 2347 880 2417 ἀδόκητον
952 2350 1334 2425 λογισάμενος,
1383 2355 1558 2430 φέρων
1615 2353 1680 2406 τὰ
1742 2351 1936 2422 ζητού-

287 2457 427 2508 μενα
477 2442 556 2502 τῷ
605 2437 820 2512 βασιλεῖ
870 2438 1174 2496 ἐπιδίδωσι.
1225 2443 1322 2496 Καὶ
1381 2439 1565 2497 ἔκτοτε
1602 2439 1936 2500 ἀδιστάκτως

282 2526 372 2578 καὶ
418 2522 553 2600 δίχα
605 2527 754 2588 τινὸς
811 2529 1130 2603 προφάσεως
1171 2531 1342 2584 πάντα
1401 2529 1639 2585 τελεῖται
1677 2529 1758 2584 ἐπ’
1792 2529 1939 2600 αὐτῷ

287 2615 389 2668 ὅσα
448 2613 568 2675 ἔθος
625 2614 803 2670 τελεῖν
849 2615 939 2670 ἐπὶ
996 2623 1111 2680 τοῖς
1169 2620 1701 2694 χειροτονουμένοις.
1749 2619 1941 2692 Γέγονε

291 2701 348 2757 δὲ
409 2700 799 2777 δωρηματικὸς
852 2705 943 2759 καί
990 2709 1376 2780 προνοητικὸς,
1439 2709 1503 2762 ού
1559 2713 1665 2762 τῶν
1697 2715 1798 2775 τῆς
1828 2707 1987 2764 Ἑκο.

290 2792 521 2861 πλησίας
575 2793 764 2865 μόνον,
797 2793 943 2850 ἀλλὰ
992 2796 1077 2850 καῖ
1106 2797 1316 2851 πάντων
1368 2796 1580 2867 ἁπλῶς,
1609 2798 1683 2858 ὡς
1739 2793 1945 2869 μηδένα

297 2879 698 2958 ὑπολειφθῆναι
731 2891 832 2951 τῆς
863 2884 1029 2938 αὐτοῦ
1059 2886 1319 2959 προνοίας
1350 2885 1647 2960 ἀμέτοχον,
1714 2885 1805 2939 τὸν
1867 2885 1941 2956 μή

293 2977 391 3037 τῆς
419 2969 588 3025 αὐτοῦ
618 2971 808 3045 χειρὸς
840 2970 1240 3032 ἀπολαύσαντα.

364 3061 486 3116 Τῶν
543 3060 842 3135 Ούγγάρων
872 3063 971 3130 τὴν
1030 3064 1164 3136 πρὸς
1209 3064 1512 3137 Ῥωμαίους
1562 3063 1784 3137 εἰρηνην
1837 3059 1949 3116 δια-

298 3145 576 3203 λυσάντων
613 3151 698 3222 [Ρ.
731 3153 862 3222 810]
908 3151 1000 3205 καὶ
1045 3157 1152 3206 τῶν
1202 3155 1543 3221 ΙῘατζινάκων
1613 3150 1670 3206 δὲ
1731 3151 1947 3226 ἐξερπυ-

297 3238 498 3292 σάντων
525 3242 636 3292 τῶν
683 3237 910 3316 φωλεῶν
965 3241 1043 3300 οἷς
1085 3236 1445 3316 ἐνεκρύϐησαν
1495 3241 1582 3296 καὶ
1631 3243 1730 3310 τήν
1777 3261 1947 3315 παρα-

299 3325 554 3399 κειμένην
617 3328 803 3403 χώραν
860 3329 1139 3399 σινόντων,
1180 3330 1245 3384 τά
1294 3331 1430 3404 πρὸς
1461 3331 1560 3398 τὴν
1607 3329 1948 3404 ἐκστρατείαν

300 3415 593 3489 ἐξαρτύσας
667 3418 695 3470 6
755 3417 1010 3491 βασιλεὺς
1055 3416 1213 3488 ἔξεισι
1261 3419 1616 3494 πασίῤῥωμος
1667 3419 1740 3481 εἶς
1790 3419 1948 3493 Τριά-

301 3503 481 3574 διτζαν
519 3552 530 3562 .
608 3503 817 3560 Έκεῖσέ
871 3527 929 3562 τε
981 3503 1232 3582 πρέσϐεις
1288 3510 1424 3583 πρὸς
1479 3514 1587 3562 τῶν
1655 3508 1952 3582 Ούγγάρων

304 3591 637 3667 δεξάμενος,
705 3596 802 3663 τὴν
883 3603 995 3668 μετ’
1067 3595 1240 3650 αὐτῶν
1300 3596 1522 3672 εἰρήνην
1577 3597 1825 3672 κυρώσας
1875 3596 1950 3658 ὡς

302 3681 453 3751 ἐνῆν,
486 3681 575 3736 ἐπὶ
624 3681 751 3746 τοὺς
808 3683 1170 3751 Πατζινάκους
1231 3683 1533 3756 ἐξώρμησε.
1596 3686 1949 3758 Διῃρημένων

303 3767 360 3824 δὲ
418 3770 596 3826 αὐτῶν
655 3772 793 3826 κατὰ
848 3772 1033 3846 γενεὰς
1090 3774 1177 3826 καὶ
1236 3775 1484 3850 φατρίας,
1518 3774 1567 3826 οὶ
1621 3773 1714 3846 μὲν
1764 3771 1948 3826 λοιποὶ

302 3859 572 3934 ἡγεμόνες
622 3864 704 3930 τῷ
766 3859 983 3934 βασιλεῖ
1016 3860 1397 3924 ὑποκλιθὲντες
1456 3862 1698 3937 εἰρηνικά
1751 3882 1809 3915 τε
1864 3861 1952 3916 καὶ

306 3947 464 4024 φίλια
517 3947 846 4025 ἐφρόνησαν,
901 3949 1063 4022 μόνος
1095 3947 1152 4004 δί
1197 3951 1223 4004 6
1282 3948 1451 4005 Σελτὶ
1477 3957 1636 4026 χεῖρα
1669 3947 1850 4005 δουναι
1877 3953 1956 4020 τῷ

312 4037 528 4110 βασιλεῖ
586 4038 686 4092 οὐκ
735 4037 994 4108 ἠθέλησε,
1047 4045 1164 4100 τοῖς
1219 4037 1365 4094 ἕλεσι
1418 4044 1514 4094 τοῦ
1571 4042 1810 4114 Ἴστρου,
1873 4042 1956 4100 οἷς

309 4128 584 4204 συνέφυγε,
653 4129 742 4183 καὶ
803 4129 871 4202 τῇ
925 4129 1093 4184 ἐκεῖσε
1142 4131 1485 4203 ἀποκρήμνῳ
1524 4132 1693 4206 πέτρᾳ
1749 4129 1955 4204 ἐπερεί-

309 4214 537 4289 δὸμενος
573 4239 587 4252 ο
655 4219 737 4281 οἷς
784 4218 873 4272 καὶ
925 4218 1198 4296 θαρρήσας
1256 4219 1332 4282 εἰς
1386 4220 1449 4274 τὸ
1506 4218 1694 4275 πεδίου
1745 4219 1956 4290 ἐξῆλθε,

309 4309 564 4384 σορῥάξαι
619 4314 701 4381 τῷ
751 4308 966 4384 βασιλεῖ
1009 4309 1492 4384 προθυμούμενος.
1551 4310 1666 4367 Οὐκ
1723 4309 1798 4372 εἷς
1855 4331 1954 4382 μα-

307 4400 439 4471 κρὰν
498 4397 556 4452 δὲ
605 4401 708 4467 τῆς
766 4398 966 4460 οἰκείας
1027 4400 1280 4461 ἀπονοίας
1329 4398 1620 4471 ἐκομίσατο
1650 4401 1715 4453 τὰ
1745 4399 1959 4473 ἐπίχει-

313 4507 393 4562 pa‘
460 4487 722 4562 βραχείας
781 4490 884 4562 γάρ
948 4485 1166 4562 μερίδος
1223 4493 1328 4544 τῶν
1390 4486 1690 4563 βασιλικῶν
1749 4488 1958 4542 ἀντιτα-

2038 1910 2220 1963 vetuit
2269 1925 2340 1963 ne
2387 1909 2930 1980 archiepiscopatus
2980 1909 3316 1964 unctionem
3367 1906 3680 1977 perfectam

2041 1999 2348 2068 acciperet,
2384 2000 2598 2069 quoad,
2634 1999 2845 2070 inquit,
2879 2016 2942 2052 ea
2974 2016 3100 2069 quis
3143 2002 3345 2052 contra
3370 2002 3425 2051 te
3448 1997 3680 2066 jactan-

2042 2091 2138 2140 tur
2171 2104 2272 2158 per
2301 2090 2588 2159 synodum
2610 2089 2886 2142 canonice
2909 2088 3336 2142 examinentur.
3361 2083 3689 2141 Constanti-

2047 2193 2156 2229 nus
2188 2184 2383 2230 autem
2420 2194 2531 2231 non
2581 2178 2853 2246 ignorans
2904 2177 3021 2231 hac
3052 2176 3346 2248 quomodo
3396 2178 3597 2228 contra
3628 2189 3690 2228 se

2045 2266 2498 2332 inquirerentur,
2555 2265 2915 2336 inopinatum
2968 2266 3220 2319 dedecus
3269 2279 3466 2318 secum
3519 2278 3691 2332 repu-

2047 2359 2201 2419 tans,
2237 2371 2364 2424 quae
2393 2355 2808 2424 quaerebantur
2853 2353 3099 2407 tradidit
3130 2351 3486 2422 imperatori.
3524 2354 3598 2403 Ex
3628 2365 3693 2402 eo

2048 2447 2306 2513 tempore
2338 2443 2465 2496 sine
2495 2442 2890 2496 controversia
2921 2447 2978 2496 et
3007 2441 3134 2495 sine
3164 2439 3536 2495 excusatione
3568 2453 3697 2492 om-

2053 2532 2148 2585 nia
2180 2531 2249 2585 ab
2283 2533 2411 2601 ipso
2462 2532 2934 2602 p'erficiehantur,
2975 2545 3338 2601 quaecunque
3368 2528 3427 2582 in
3460 2526 3699 2580 initian-

2051 2619 2141 2674 dis
2175 2620 2550 2691 pontificibus
2583 2636 2955 2674 consuevere.
2992 2619 3124 2672 Fuit
3153 2618 3327 2673 etiam
3358 2616 3700 2679 munificus,

2052 2715 2109 2762 et
2176 2710 2460 2763 rationem
2527 2709 2731 2762 habuit
2791 2725 2903 2761 non
2973 2705 3244 2762 Ecclesia!
3309 2711 3539 2760 tantum
3597 2702 3697 2758 sed

2055 2799 2226 2851 etiam
2279 2799 2542 2852 omnium
2595 2798 2854 2862 omnino,
2905 2798 2986 2851 ita
3026 2802 3090 2851 ut
3139 2813 3287 2851 curae
3318 2794 3479 2849 illius
3529 2808 3701 2847 nemo

2055 2902 2260 2957 expers
2309 2892 2485 2951 esset,
2549 2886 2647 2957 qui
2695 2887 2823 2955 ejus
2877 2885 3285 2940 liberalitatem
3336 2900 3448 2938 non
3501 2897 3701 2954 perce-

2058 2976 2256 3045 pisset.

2127 3066 2271 3120 Cum
2304 3081 2432 3118 vero
2468 3064 2678 3132 Ungari
2729 3081 2926 3135 pacem
2961 3064 3277 3119 violassent
3324 3058 3462 3133 erga
3494 3061 3702 3116 Roma-

2061 3170 2186 3217 nos,
2221 3159 2277 3206 et
2316 3152 2628 3206 Patzinacae
2657 3169 2686 3206 e
2717 3153 2941 3220 lustris,
2976 3154 3031 3206 in
3068 3153 3284 3222 quibus
3329 3151 3703 3217 delituerant,

2060 3241 2408 3311 erupissent,
2444 3241 2832 3311 ltsderentque
2883 3241 3193 3295 finitimam
3247 3240 3562 3310 regionem,
3594 3237 3706 3290 im-

2064 3336 2292 3402 perator
2325 3331 2541 3400 paratis
2573 3330 2645 3383 iis
2676 3346 2803 3400 qua
2854 3331 2924 3384 ad
2977 3329 3388 3399 perfectionem
3421 3325 3708 3380 exercitus

2065 3420 2197 3472 usui
2243 3423 2456 3482 essent,
2491 3433 2623 3471 cum
2673 3418 2951 3472 omnibus
2993 3417 3214 3472 viribus
3246 3433 3308 3471 se
3355 3415 3707 3469 Triaditzam

2063 3509 2306 3569 confert,
2342 3507 2534 3577 ibique
2570 3507 2642 3560 ab
2674 3506 2920 3578 Ungaris
2962 3511 3201 3577 accepta
3232 3503 3540 3574 legatione,
3571 3518 3706 3556 cum

2064 3613 2260 3667 pacem
2293 3595 2701 3650 conﬁrmasset
2751 3613 2813 3649 ac
2864 3613 2965 3667 pro
2997 3596 3220 3649 viribus
3271 3592 3607 3656 stabilisset,
3646 3591 3707 3643 in

2063 3685 2399 3739 Patzinacas
2436 3685 2724 3754 profectus
2753 3690 2862 3739 est.
2895 3685 3118 3748 Quibus
3150 3681 3353 3737 divisis
3385 3680 3709 3736 secundum

2064 3780 2264 3845 gentes
2315 3778 2370 3828 et
2421 3774 2632 3838 tribus,
2685 3774 2889 3844 reliqui
2945 3773 3100 3828 646
3147 3773 3326 3827 duces
3374 3767 3709 3840 imperatori

2065 3880 2125 3918 se
2157 3863 2570 3917 submittentes
2605 3879 2802 3933 pacem
2837 3867 2893 3917 et
2922 3861 3238 3916 amicitiam
3263 3858 3517 3930 amplexi
3541 3863 3705 3912 sunt:

2065 3953 2226 4006 solus
2271 3951 2423 4006 Selte
2472 3969 2722 4010 manum
2767 3954 2904 4006 dare
2951 3950 3291 4022 imperatori
3338 3947 3547 4013 noluit,
3580 3944 3710 4000 lstri

2067 4042 2379 4113 paludibus
2419 4059 2534 4113 quo
2583 4044 2942 4113 confugerat,
2991 4047 3047 4097 et
3097 4044 3388 4113 praerupta
3438 4054 3564 4109 quae
3594 4034 3713 4090 illic

2067 4138 2188 4186 erat
2218 4141 2375 4202 petra
2409 4132 2599 4187 nixus.
2630 4133 2853 4197 Quibus
2884 4131 3057 4186 etiam
3095 4133 3275 4184 fretus
3315 4129 3372 4182 in
3408 4125 3712 4199 planitiem

2067 4221 2278 4291 erupit,
2330 4227 2598 4292 prompto
2647 4221 2842 4276 animo
2892 4221 3134 4291 cupiens
3183 4236 3316 4274 cum
3365 4219 3716 4287 imperatore

2070 4326 2310 4364 manum
2340 4325 2662 4364 conserere.
2699 4310 2811 4364 Sed
2847 4310 2999 4365 brevi
3030 4315 3290 4380 tempore
3322 4323 3440 4361 suae
3473 4306 3713 4359 demen-

2068 4399 2159 4453 tiae
2191 4399 2427 4468 prmmia
2458 4398 2612 4464 tulit,
2646 4400 2938 4470 siquidem
2985 4415 3115 4454 cum
3165 4399 3373 4469 exigua
3401 4395 3714 4465 imperato-

2069 4488 2152 4542 ris
2181 4487 2428 4542 militum
2482 4505 2693 4543 manus
2727 4488 2870 4560 ipsis
2921 4488 3254 4552 restitisset,
3300 4485 3466 4556 fugit,
3501 4488 3558 4538 et
3586 4482 3715 4552 ejus

312 4576 537 4649 χθείσης
572 4576 722 4648 αὐτῷ
771 4577 937 4655 φυγὰς
993 4575 1194 4653 ᾤχετο,
1240 4577 1330 4632 καὶ
1386 4576 1754 4654 κρησφύγετον
1792 4575 1943 4630 αὐτοί

2065 4577 2358 4647 refugium
2377 4583 2614 4647 captum
2635 4578 2707 4632 ab
2736 4577 2881 4648 ipsis
2902 4576 3300 4631 fundamentis
3323 4579 3412 4628 est
3429 4572 3711 4627 dirutum.

314 4663 517 4741 ληφθὲν
577 4667 916 4739 κατεριζώθη
963 4665 1022 4720 ἐκ
1073 4667 1282 4742 βάθρων
1334 4667 1528 4724 αὐτῶν.
1588 4667 1647 4722 Ὁ
1695 4663 1752 4719 δὶ
1803 4666 1956 4740 βασι-

316 4752 439 4814 λεὺς
510 4755 646 4825 μετά
717 4755 778 4808 τὸ
855 4759 1043 4808 τοῦτον
1121 4755 1502 4830 τροπώσασθαι
1559 4755 1647 4808 καὶ
1705 4753 1958 4829 ἀφανίσαι

313 4839 478 4914 ἄρδην
560 4842 850 4912 ἀναζεύξας
927 4843 1229 4914 ἐσκήνωσεν
1305 4843 1355 4898 ἐν
1404 4849 1484 4915 τῷ
1539 4838 1784 4914 Λοϐιτζῷ
1835 4843 1954 4916 περὶ

211 4958 224 4966 -
313 4933 433 4992 τοὺς
509 4932 713 4993 αὐτοὺς
786 4930 1088 5005 πρόποδας.
1160 4931 1440 5007 Ῥαγόαῖος
1517 4929 1574 4988 δὲ
1630 4927 1838 5006 ὄμϐρος
1889 4935 1958 5004 τῇ

312 5017 639 5095 παρεμϐολῇ
747 5020 1189 5098 ἐπιωταρῥαγεὶς
1287 5023 1376 5076 καὶ
1477 5021 1688 5098 νιφετὸς
1762 5020 1960 5096 ἔξωρος

2062 4671 2386 4736 Imperator
2430 4672 2625 4721 autem
2683 4671 2813 4738 post
2870 4667 3064 4738 ipsum
3117 4664 3482 4737 profligatum
3537 4663 3714 4730 atque

2066 4753 2320 4808 deletum
2356 4755 2622 4810 funditus
2671 4756 2806 4810 inde
2837 4757 3130 4826 profectus
3179 4755 3249 4808 ad
3284 4751 3587 4807 Lobitzum
3621 4752 3714 4802 ta-

2069 4842 2384 4898 bernacula
2434 4845 2650 4914 posuit,
2700 4845 2766 4897 ad
2823 4844 3040 4899 montis
3090 4843 3335 4897 radices.
3386 4839 3715 4894 Vehemens

2069 4939 2262 4987 autem
2300 4933 2485 4986 imber
2514 4934 2568 4986 in
2603 4939 2795 4987 castra
2825 4933 3055 4988 delatus
3085 4938 3143 4986 et
3177 4933 3271 4985 nix
3315 4927 3719 5001 intempestiva

2069 5026 2216 5089 (erat
2246 5022 2398 5076 enim
2435 5023 2794 5092 Septembris
2843 5023 2968 5076 dies
3014 5020 3293 5077 vicesima
3339 5024 3568 5090 quarta,
3603 5033 3720 5088 qua

1631 5157 1877 5212 JACOBI
1919 5155 2136 5211 GOAltl
2177 5156 2405 5211 ΝΟΤεΕ.

313 5271 376 5309 ex
405 5261 661 5328 utroque
714 5272 852 5328 crux
905 5255 1320 5328 componitur;
1355 5253 1559 5328 reliqui
1599 5253 1963 5328 porrodigiti

316 5325 577 5398 manent'
607 5326 856 5398 extensi,
904 5328 1217 5398 cunctique
1274 5325 1449 5381 simul
1489 5342 1714 5398 vocum
1763 5326 1965 5379 harum

317 5397 526 5465 Ἰησοῦς
561 5397 798 5472 Χριστᾷς
825 5402 946 5472 νικᾷ
978 5396 1217 5472 litteras
1247 5396 1654 5472 primordiales
1685 5397 1964 5472 demons-

315 5474 482 5537 trant,
529 5467 887 5526 auricularis
935 5471 1203 5525 videlicet
1249 5467 1444 5524 rectus
1472 5467 1534 5520 τὸ
1570 5469 1610 5531 l,
1645 5469 1876 5522 medius
1909 5471 1965 5523 et

316 5543 494 5611 pollex
523 5544 582 5598 in
618 5559 857 5598 crucem
893 5541 1005 5596 acti
1033 5541 1095 5594 τὸ
1127 5543 1187 5608 Χ,
1215 5541 1446 5596 medius
1468 5546 1525 5595 et
1555 5541 1728 5611 index
1760 5556 1963 5610 parum

315 5610 496 5669 dissiti
527 5614 592 5667 τὸ
624 5615 698 5671 Ν.
731 5617 866 5669 Hec
908 5612 1443 5669 Thessalonicensis
1491 5615 1548 5666 et
1578 5610 1859 5680 Malaxus,
1893 5611 1964 5666 de

319 5697 425 5755 quo
454 5685 618 5744 alibi.

2146 5256 2220 5323 (5)
2257 5255 2395 5308 Pare
2429 5254 2705 5308 nimirum
2755 5271 2787 5307 a
2839 5255 3106 5324 pontifice
3138 5254 3376 5306 vocibus
3408 5251 3500 5306 his
3531 5249 3718 5323 εἰρήνη

2077 5323 2201 5394 ὑμῖν
2231 5326 2460 5379 cmlitus
2496 5327 2778 5393 invocata,
2813 5323 3275 5380 benedictionem
3313 5325 3595 5394 poscenti.

2146 5397 2220 5478 (6)
2255 5397 2435 5451 Roma
2461 5401 2592 5478 jure
2642 5397 2890 5467 cuipiam
2945 5397 3364 5478 obvenientia.‘
3382 5413 3518 5478 non,
3548 5396 3722 5451 modo

2067 5463 2167 5536 jus
2199 5463 2392 5538 ipsum
2427 5474 2483 5523 et
2533 5469 2716 5538 legem
2742 5463 2975 5538 'vocant
3024 5469 3286 5523 moderni
3337 5463 3718 5538 δικαιώματας

2075 5541 2301 5616 ac_ideo
2351 5536 2732 5616 δικαιωμάτων
2781 5536 2952 5616 φύλάξ
3004 5542 3155 5611 apud
3207 5541 3442 5616 eosdem
3484 5536 3718 5616 estqui

2075 5610 2245 5666 nobis
2277 5610 2569 5685 regiorum
2589 5610 2814 5682 jurium
2845 5610 3136 5679 defensor,
3169 5611 3267 5682 qui
3289 5616 3346 5666 et
3375 5613 3571 5683 regius
3592 5624 3722 5680 pro-

2077 5687 2330 5739 curator.
