4040 6196
374 299 491 360 378

1692 304 2025 366 JOANNIS
2069 303 2475 367 SCYLITZIE

3663 307 3779 366 3'76

375 432 823 505 protomartyris
863 432 1088 490 Thecla:
1140 436 1483 492 memoriam
1535 435 1831 492 celebrant
1858 436 2013 492 Chri-

2135 430 2534 510 (Σεπὲμϐριος
2589 434 2690 511 γὰρ
2748 435 2815 503 ἦν
2876 434 3084 508 ἡμέραν
3144 430 3290 507 ἄγων
3349 431 3446 501 κδ’,
3478 434 3600 498 καθ’
3626 434 3691 503 ἦν
3742 437 3777 503 ἡ

376 520 575 591 stiani)
608 520 859 577 multum
893 523 1225 579 detrimenti
1259 531 1316 580 et
1346 526 1696 580 calamitatis
1732 526 2019 581 militibus

378 608 594 664 attulit.
628 610 773 665 Nam
827 614 1019 668 omnis
1068 614 1182 669 fere
1231 616 1547 686 equitatus,
1583 621 1637 671 et
1686 633 1885 671 eorum
1921 617 2018 687 qui

378 698 622 752 aderant
652 699 914 769 plurimi.
943 702 1153 774 frigore
1184 708 1240 757 et
1272 704 1627 765 imbre.cum
1664 707 1801 759 nudi
1826 710 2023 760 essent

378 792 435 840 et
464 786 759 858 imparati,
810 790 1177 861 interierunt,
1205 810 1269 847 ac
1318 800 1526 864 praeter
1571 811 1803 850 omnem
1856 812 2019 866 spem

378 876 447 928 ad
484 875 699 931 victum
753 881 1084 935 necessaria
1131 882 1491 949 defecerunt,
1526 883 1743 937 relictis
1789 890 2019 938 tantum

378 980 503 1032 quas
535 964 847 1021 ﬂuminum
876 970 1095 1038 impetu
1130 972 1541 1040 superfuerant
1570 979 1625 1025 et
1657 974 1851 1027 imbri.
1876 973 2020 1028 Cum

379 1057 576 1107 autem
610 1055 984 1111 mediocriter
1014 1059 1211 1129 pluvia
1240 1060 1563 1115 remisisset
1597 1063 1875 1133 nivesque
1896 1079 2019 1117 ces-

376 1146 631 1217 sassent,
651 1142 950 1212 ingressus
969 1146 1304 1217 imperator,
1328 1154 1385 1203 et
1408 1149 1675 1220 plurimis
1700 1151 1755 1203 in
1781 1150 2023 1205 flumine

380 1228 636 1297 amissis,
668 1233 777 1287 sub
812 1235 1080 1290 umbram
1115 1238 1420 1307 cujusdam
1454 1239 1679 1294 arboris
1709 1256 1841 1294 cum
1879 1257 2021 1310 pau-

379 1317 465 1371 cis
488 1318 843 1389 quibusdam
868 1323 1226 1393 primoribus
1248 1343 1310 1381 se
1332 1328 1584 1397 recepit;
1608 1345 1673 1382 ac
1698 1328 1871 1399 paulo
1893 1333 2025 1399 post

377 1406 531 1461 edito
558 1425 592 1462 a
622 1426 839 1480 quercu
872 1430 1017 1466 sono
1050 1432 1257 1485 parum
1283 1416 1653 1487 progreditur
1683 1417 2020 1487 imperator,

378 1495 495 1550 fere
526 1503 812 1568 quantum
840 1501 1064 1555 arboris
1096 1503 1283 1574 ipsius
1314 1504 1617 1575 longitudo
1640 1507 2021 1577 contingeret,

379 1600 510 1655 quae
568 1587 851 1643 radicitus
900 1590 1100 1645 evulsa
1156 1593 1367 1663 supina
1413 1594 1472 1648 in
1522 1600 1736 1650 terram
1787 1595 2021 1651 decidit.

382 1681 693 1739 Obmutuit
716 1686 1053 1759 imperator,
1073 1690 1220 1745 647
1245 1693 1624 1748 considerans
1656 1693 1848 1764 qualis
1874 1709 2023 1747 mor-

2128 528 2226 589 τῆς
2285 526 2443 598 ἁγίας
2500 525 2972 600 πρωτομάρτυρος
3048 522 3254 586 Θὲκλας
3322 522 3481 598 ἔορτή
3538 522 3777 578 τελεῖται

2129 616 2492 687 Χριπιανοῖς)
2525 612 2744 682 πολλῆς
2776 614 3064 675 κακώσεως
3092 612 3181 665 καὶ
3216 611 3398 683 λύμης
3429 610 3694 682 ἐνέπλησε
3717 614 3779 667 τὸ

2130 702 2532 775 στρατιωτικόν·
2638 723 2692 756 τε
2715 704 2815 777 γὰρ
2851 700 3024 763 *ίππος
3083 698 3278 776 σχεδὸν
3313 702 3489 755 ἅπασα
3533 707 3621 756 καί
3669 708 3781 756 τῶν

2130 791 2412 866 παρόντων
2446 792 2498 845 o't
2528 790 2751 852 πλείους
2777 795 2857 862 τῷ
2887 789 3037 863 κρύει
3067 790 3155 843 καὶ
3188 794 3268 860 τῷ
3317 785 3533 865 ὄμϐρῳ,
3577 790 3778 865 γυμνοὶ

2130 880 2217 933 καὶ
2278 880 2639 953 ἀπαράσκευοι
2695 880 3059 955 τυγχάνοντες
3098 924 3112 949 ,
3170 879 3233 932 τὸ
3286 882 3379 949 ζῇν
3436 879 3775 955 ἀπέρρηξαν.

2131 967 2548 1025 Ἐπιλελοίπασι
2594 966 2650 1023 δὲ
2696 970 2842 1044 παρά
2869 972 3040 1024 πᾶσαν
3090 969 3192 1035 τὴν
3224 965 3421 1023 ἐλπίδα
3450 970 3541 1024 καὶ
3570 970 3637 1022 τὰ
3667 968 3779 1023 ἐπι-

2129 1055 2338 1127 τήδεια,
2389 1058 2673 1130 ποταμίων
2726 1056 3004 1133 ῥευμάτων
3039 1062 3207 1134 φορᾶς
3254 1057 3471 1111 καὶτοῦ
3501 1063 3781 1132 χειμῶνος

2128 1148 2393 1223 γενόμενα
2430 1149 2695 1223 πάρεργον
2725 1192 2737 1203 .
2787 1145 3114 1216 Ἀναστολῆς
3168 1143 3225 1200 δὲ
3278 1144 3497 1219 μετρίας
3548 1148 3778 1221 γενομὲ-

2128 1258 2226 1305 νης
2286 1236 2375 1289 καὶ
2432 1241 2538 1290 τῶν
2580 1241 2807 1312 νιφετῶν
2868 1236 3157 1310 ἀνακωχὴν
3219 1231 3492 1291 λαϐόντων
3543 1235 3687 1308 ἐξῄει
3751 1238 3778 1289 6

2135 1324 2408 1400 βασιλεὺς,
2468 1323 2753 1386 πλείστους
2813 1322 2869 1378 δὲ
2924 1329 3005 1396 τῷ
3048 1329 3280 1398 ποταμῷ
3336 1321 3636 1379 ἀποϐαλὼν
3674 1326 3780 1379 ὑπὸ

2131 1414 2281 1467 σκιὰν
2328 1410 2452 1483 ἔστη
2506 1410 2728 1488 δὲνδρου
2758 1413 2905 1475 τινὸς
2955 1414 3067 1485 ἅμα
3095 1418 3201 1467 τῶν
3239 1413 3615 1489 ὑπερεχόντων
3647 1414 3779 1469 τισί.

2130 1512 2259 1566 Μετ’
2308 1510 2496 1585 ὀλίγον
2532 1510 2588 1566 δὲ
2618 1514 2767 1586 ἠχῆς
2806 1510 3102 1587 γενομένης
3152 1511 3210 1565 ἐκ
3231 1518 3330 1580 τῆς
3363 1508 3532 1583 δρυὸς
3566 1511 3782 1585 πρόεισι

2135 1602 2326 1675 μικρὸν
2358 1602 2384 1655 ὁ
2420 1600 2698 1675 βασιλεὺς,
2731 1599 2853 1654 ὅσον
2887 1601 2968 1671 μὴ
3000 1604 3078 1671 τῷ
3111 1602 3272 1672 μήκει
3306 1600 3473 1669 αὐτῆς
3502 1600 3786 1673 καταλαμ-

2132 1685 2382 1753 ϐἀνεσθαι
2467 1688 2606 1760 ἤπερ
2686 1688 2890 1765 ῥιζόθεν
2978 1690 3375 1743 ἀνασπασθεῖσα
3460 1688 3621 1743 ὑπτίι
3707 1694 3779 1761 τῇ

383 1770 457 1825 tis
491 1772 812 1843 periculum
844 1778 934 1831 vix
965 1780 1234 1835 evaserit.
1269 1781 1468 1853 Neque
1501 1782 1608 1837 hoc
1638 1788 1762 1837 erat
1803 1784 2013 1837 bonum

2132 1782 2203 1853 γῇ
2236 1781 2555 1853 προσήρισε.
2606 1779 2797 1853 Γέγονε
2848 1775 2905 1832 δὲ
2961 1777 3131 1838 ἑννεὸς
3183 1778 3211 1831 6
3266 1775 3517 1853 βασιλεὺς
3551 1778 3782 1851 Λογισά-

383 1862 716 1931 augurium,
753 1866 905 1936 quod
939 1867 1246 1939 acciderat,
1271 1870 1371 1924 sed
1404 1871 1635 1926 initium
1669 1871 2024 1926 calamitatis

385 1964 560 2018 quam
594 1968 729 2008 mox
766 1960 923 2010 esset
971 1962 1341 2030 accepturus,
1390 1964 1447 2015 et
1496 1977 1695 2016 eorum
1749 1978 1876 2032 quae
1899 1962 2023 2031 jam

382 2041 779 2097 commisisset
810 2062 1112 2114 pcenarum
1145 2048 1387 2103 exactio.
1414 2048 1629 2104 Verum
1665 2067 1766 2121 pro
1798 2067 1863 2105 eo
1885 2067 2024 2104 casu

382 2129 601 2197 gratias
634 2148 813 2202 agens
840 2138 953 2188 Deo
1002 2135 1285 2207 templum
1320 2137 1377 2191 in
1428 2138 1643 2209 palatio
1675 2139 2025 2194 Blacberna-

381 2234 509 2273 rum
535 2224 1185 2294 protomartyrineclaa
1204 2226 1537 2281 dedicatum
1564 2228 2025 2297 pulcherrimum

380 2312 729 2375 construxit,
758 2318 814 2366 et
845 2315 1161 2369 exercitum
1214 2318 1537 2386 perducens
1589 2319 1705 2373 cito
1738 2335 1798 2373 se
1830 2319 1901 2373 ad
1936 2336 2023 2374 re-

377 2396 533 2468 giam
585 2400 787 2455 urbem
842 2402 1097 2474 recipere
1150 2406 1479 2471 festinabat,
1532 2407 1793 2476 cogitans
1837 2409 1907 2462 de
1938 2424 2025 2462 re-

376 2484 630 2541 bellione
690 2505 865 2559 quam
927 2492 1228 2547 audiverat
1286 2494 1342 2547 in
1394 2494 1646 2550 Oriente.
1697 2501 1821 2561 Qua
1880 2497 2027 2551 falsa

379 2580 697 2644 comperta.
732 2594 861 2634 sese
883 2582 1292 2637 venationibus
1314 2582 1605 2638 oblectare
1627 2585 1797 2654 coepit
1820 2589 1875 2639 et
1895 2584 2027 2639 aliis

379 2678 509 2731 quae
539 2666 720 2720 animi
753 2667 1050 2724 relaxandi
1074 2673 1263 2742 gratia
1285 2671 1453 2739 ﬁunt,
1488 2688 1588 2742 per
1609 2673 1843 2738 fretum,
1868 2675 2022 2744 quod

379 2755 469 2804 est
523 2757 657 2809 ante
723 2757 941 2827 regiam
1002 2759 1203 2814 urbem
1270 2762 1614 2815 ascendens.
1688 2760 1836 2816 Hora
1893 2780 2023 2817 vero

378 2842 611 2910 prandii
643 2844 859 2901 fulmen
896 2847 955 2900 in
987 2863 1054 2902 ea
1094 2847 1219 2903 loca
1249 2850 1466 2920 quibus
1508 2849 1779 2921 Neapolis
1812 2868 2021 2906 nomen

378 2942 468 2992 est
496 2937 707 3009 irruit;
740 2948 797 2997 et
830 2961 1040 3015 porcus
1083 2946 1276 3001 nescio
1325 2948 1476 3001 unde
1529 2964 1837 3018 apparens,
1874 2950 1929 3002 in
1963 2965 2024 3004 se

381 3030 711 3097 provocavit
767 3032 1199 3103 imperatorem,
1263 3052 1438 3106 quem
1499 3053 1682 3106 usque
1730 3039 1798 3091 ad
1865 3055 2024 3093 mare

375 3124 719 3186 persecutus
784 3120 1105 3193 imperator
1186 3126 1424 3194 expulit.
1504 3125 1609 3181 Ubi
1666 3143 1796 3181 vero
1866 3144 2021 3183 mare

371 3206 613 3262 subiens
674 3225 885 3280 porcus
944 3212 1096 3267 haud
1150 3214 1401 3283 amplius
1450 3216 1743 3286 apparuit,
1790 3216 2015 3287 fulgore

371 3297 625 3364 quodam
659 3297 845 3353 instar
894 3300 1141 3372 fulguris
1191 3304 1534 3373 perstrictus
1582 3304 1902 3374 imperator
1944 3306 2013 3359 de

370 3399 519 3454 equo
541 3386 803 3455 dejectus
830 3394 939 3454 est,
956 3396 1011 3444 et
1034 3391 1196 3444 humi
1220 3410 1491 3461 spumam
1516 3409 1583 3446 ex
1604 3409 1701 3446 ore
1724 3394 1901 3447 edens
1924 3394 2016 3447 de-

369 3472 729 3531 volvebatur.
766 3482 829 3531 In
865 3495 1104 3547 parvum
1140 3488 1334 3535 autem
1371 3480 1665 3551 navigium
1702 3482 2014 3552 impositus

371 3562 442 3616 ad
477 3565 694 3635 regiam
721 3566 996 3621 defertur.
1024 3570 1319 3623 Attonitus
1352 3575 1543 3623 tamen
1568 3576 1625 3624 et
1655 3570 1725 3623 ob
1751 3571 2010 3625 afflatum

371 3666 433 3704 se
464 3651 656 3716 ipsum
690 3654 935 3710 minime
968 3658 1249 3724 sentiens,
1288 3658 1606 3728 morbaque
1638 3659 1762 3713 dies
1793 3659 2017 3731 aliquot

369 3740 643 3798 detentus
674 3751 919 3800 mortem
948 3748 1340 3816 exspectabat,
1363 3753 1419 3801 et
1449 3748 1664 3802 idcirco
1687 3751 1757 3803 ad
1786 3749 2015 3819 placan-

370 3829 509 3884 dum
547 3832 657 3887 sibi
691 3837 871 3888 Deum
906 3836 1307 3904 paenitentiam
1342 3836 1722 3907 amplectitur,
1749 3840 2012 3910 etimpe-

370 3920 646 3976 ratoriam
681 3927 1049 3992 potestatem,
1084 3941 1262 3996 quam
1292 3925 1400 3980 sibi
1433 3925 1649 3996 injuria
1671 3928 2010 3995 vindicaret,

364 4012 555 4070 libens
585 4018 845 4089 deponit,
877 4019 987 4075 hoc
1016 4027 1169 4076 certe
1199 4028 1353 4077 recte
1377 4023 1614 4092 faciens,
1647 4032 1704 4079 et
1731 4028 2011 4080 monasti-

365 4118 444 4158 cae
493 4121 554 4160 se
604 4108 731 4163 vita
780 4108 1030 4176 dedicat,
1081 4111 1331 4182 priorem
1391 4113 1606 4167 fastum
1658 4130 1723 4168 ac
1770 4114 2011 4170 delicias

361 4194 693 4251 voluntario
710 4204 1048 4270 contemptu
1062 4207 1119 4255 et
1137 4200 1403 4256 molestia
1425 4204 1739 4273 corrigens.
1767 4204 1835 4257 Et
1854 4205 2009 4274 quod

363 4284 516 4339 648
549 4286 737 4358 magis
772 4288 1027 4343 ostendit
1072 4288 1240 4344 illum
1292 4307 1422 4345 vere
1450 4297 1685 4361 totoque
1714 4309 1781 4346 ex
1812 4294 2008 4348 animo

363 4374 707 4441 paenituisse
734 4392 933 4431 eorum
968 4394 1095 4448 quas
1148 4381 1874 4450 patrarat,.imperatorem
1910 4382 2006 4435 de-

361 4460 501 4532 legit
532 4479 643 4518 non
675 4464 961 4520 Joannem
994 4467 1104 4521 sibi
1138 4469 1421 4538 sanguine
1450 4470 1857 4537 conjunctum,
1892 4488 2003 4525 non

2141 1888 2297 1940 μενος
2354 1865 2468 1930 οἵας
2529 1866 2786 1937 τελευτῆς
2832 1863 3111 1921 ἐπωδύνου
3150 1866 3294 1941 παρὰ
3352 1866 3543 1941 μικρὸν
3590 1872 3781 1941 τυχεῖν

2135 1950 2387 2029 ἔμελλεν.
2447 1958 2546 2013 Ἦν
2594 1954 2651 2011 δὲ
2703 1956 2804 2010 οὐκ
2830 1956 3026 2030 ἀγαθὸς
3057 1955 3251 2016 οἰωνὸς
3282 1956 3345 2009 τὸ
3370 1950 3602 2028 συμϐὰν,
3636 1954 3785 2010 ἀλλά

2135 2046 2426 2120 προοίμιον
2477 2053 2575 2114 τῆς
2648 2044 2963 2118 μελλούσης
3010 2044 3166 2100 αὐτὸν
3225 2039 3550 2099 καταλαϐεῖν
3599 2044 3783 2119 τύχης

2135 2135 2223 2188 καὶ
2299 2140 2406 2188 τῶν
2483 2131 2590 2204 ἤδη
2667 2134 2971 2210 γενομένων
3046 2131 3317 2207 εἷ’σπραξις
3373 2132 3459 2187 καί
3514 2134 3786 2207 τιμωρία.

2137 2235 2489 2309 Εὐχαριστῶν
2525 2231 2571 2287 δ’
2628 2232 2713 2286 ἐπὶ
2762 2237 2840 2303 τῷ
2894 2225 3265 2304 συμϐεϐηκότι
3320 2236 3398 2302 τῷ
3454 2235 3591 2302 Θεῷ,
3652 2231 3783 2285 ναὸν

2136 2324 2186 2377 ἐν
2246 2328 2324 2394 τῷ
2380 2322 2630 2393 παλατίῳ
2672 2326 2778 2375 τῶν
2832 2320 3154 2395 Βλαχερνῶν
3202 2319 3288 2373 ἐπὶ
3317 2324 3396 2391 τῷ
3428 2320 3652 2391 ὀνόματι
3683 2323 3790 2383 τῆς

2135 2413 2600 2486 πρωτομάρτυρος
2650 2409 2854 2473 Θὲκλας
2929 2411 3179 2483 ἀνήγειρε
3245 2407 3560 2464 κάλλιστον.
3638 2411 3789 2483 Προ-

2136 2496 2372 2569 ϐιϐάζων
2421 2498 2478 2554 δὲ
2506 2502 2596 2554 τὸν
2649 2500 2873 2575 στρατὸν
2904 2498 3067 2573 ἀπῄει
3113 2499 3328 2573 ταχέως
3377 2497 3463 2552 ἐπὶ
3492 2499 3591 2566 τὴν
3629 2498 3786 2572 βασι-

2138 2590 2397 2645 λεύουσαν
2455 2588 2943 2663 λογοποιούμενος,
3000 2587 3326 2642 ἀποστασίαν
3381 2586 3433 2641 ἐν
3488 2590 3557 2652 τῆ
3618 2588 3787 2640 Ἀνα-

2134 2677 2273 2752 τολῇ
2314 2674 2719 2750 ἐνωτιζόμενος.
2768 2673 3104 2734 Καταλαϐὼν
3162 2675 3219 2731 δὲ
3263 2676 3351 2730 καὶ
3406 2678 3578 2731 πάντα
3607 2673 3785 2748 ψευδῆ

2137 2768 2381 2842 εὑρηκὼς
2438 2768 2785 2842 κυνηγεσίοις
2859 2768 3045 2821 ἑαυτὸν
3112 2765 3510 2841 ἐψυχαγώγησε
3565 2763 3653 2818 καὶ
3711 2768 3788 2838 τῇ

2136 2855 2281 2930 ἀλλῃ
2358 2856 2553 2926 ἀνέσει,
2618 2856 2752 2911 κατά
2825 2856 2915 2910 τὸν
2994 2859 3061 2928 τῇ
3127 2852 3366 2930 βασιλίδι
3429 2853 3791 2929 προκείμενον

2134 2946 2378 3022 πορθμὸν
2442 2946 2623 3001 ἀνιών.
2701 2949 2779 3019 [Ρ.
2846 2945 2972 3019 811]
3046 2944 3176 3014 Περὶ
3249 2941 3305 2998 δὲ
3364 2944 3503 3019 ὥραν
3564 2942 3794 3017 ἀρίστου

2135 3040 2247 3111 φῶς
2322 3030 2742 3110 ἀστραπήϐολον
2818 3039 2938 3095 τοῖς
3005 3033 3195 3094 τόποις
3237 3032 3464 3095 ἐκείνοις
3520 3029 3791 3104 ἐνέσκηψε

2133 3122 2428 3194 (Νεάπολις
2474 3124 2688 3185 τούτοις
2746 3125 2807 3177 τὸ
2862 3124 3192 3197 γνώρισμα),
3257 3121 3453 3197 χοῖρός
3508 3120 3566 3175 τι
3613 3122 3784 3175 ποθεν

2133 3213 2407 3291 ἐπιφανεῖς
2465 3212 2547 3287 ἐφ’
2612 3213 2795 3267 ἑαυτὸν
2848 3213 2940 3267 τὸν
3016 3209 3240 3286 βασιλὲα
3287 3208 3655 3281 ἐξεκαλέσατο,
3719 3209 3782 3263 ὅν

2124 3300 2430 3356 ἐπιδιώκων
2482 3304 2509 3356 ὁ
2563 3300 2817 3375 βασιλεὺς
2877 3302 3009 3375 ἄχρι
3066 3300 3156 3354 καὶ
3190 3297 3465 3369 θαλάσσης
3493 3296 3782 3368 ἐξήλασεν.

2121 3403 2208 3461 Ὡς
2266 3398 2323 3454 δὲ
2374 3402 2401 3455 6
2460 3406 2653 3475 χοῖρος
2705 3400 2803 3467 τὴν
2852 3399 3122 3462 θάλασσαν
3184 3396 3362 3459 εἰσδὺς
3412 3398 3621 3474 ἀφανὴς
3651 3396 3776 3469 ἐγά-

2122 3510 2263 3557 νετο,
2325 3490 2352 3542 6
2406 3486 2657 3562 βασιλεὺς
2704 3488 2956 3563 ἐξαίφνης
2984 3484 3221 3560 πληγεὶς
3255 3486 3334 3558 ὖῷ
3362 3480 3780 3559 ἀστραπηϐόλῳ

2124 3579 2263 3649 φωτὶ
2329 3582 2426 3631 τοῦ
2488 3576 2663 3630 ’ίππου
2737 3597 2795 3630 τε
2866 3574 3260 3651 ἀπεσφαιρίσθη
3329 3574 3417 3628 καί
3478 3573 3613 3647 πρὸς
3668 3574 3775 3641 τήν

2121 3674 2223 3740 γῆν
2274 3666 2511 3743 ἀφρίζων
2571 3664 2833 3720 ἐκυλίετο.
2894 3665 3128 3735 ’.Δκατίῳ
3189 3661 3245 3717 δὲ
3278 3658 3577 3736 ἐμϐληθεὶς
3634 3662 3780 3736 πρὸς

2120 3755 2186 3808 τὰ
2238 3755 2485 3829 βασίλεια
2548 3753 2867 3823 διασώζεται
2935 3751 3422 3827 παρακεκομμένος
3482 3752 3566 3805 καὶ
3647 3753 3776 3805 ἰαυ-

2120 3848 2216 3897 τοῦ
2284 3841 2415 3915 μηδ’
2486 3842 2632 3904 ὅλως
2695 3843 3170 3913 ἐπαισθανόμενος.
3232 3842 3650 3915 Νοσημαχήσας
3709 3838 3773 3894 δὶ

2122 3930 2202 4007 ἔφ’
2265 3932 2472 4005 ἡμέρας
2538 3933 2683 3992 τινας
2732 3932 2822 3985 τὸν
2894 3931 3061 4005 μόρον
3138 3926 3451 4004 ἆκαραδόκει
3518 3929 3609 3981 καὶ
3678 3925 3777 3982 διὰ

2118 4023 2278 4073 τοῦτο
2328 4021 2461 4095 πρὸς
2514 4018 2788 4092 ἐξιλὲωσιν
2837 4023 2934 4073 τοῦ
2976 4018 3119 4081 θείου
3177 4018 3468 4086 ἀσπάζεται
3516 4017 3615 4084 τήν
3683 4037 3779 4088 με-

2117 4108 2355 4175 τάνοιαν,
2422 4110 2510 4163 καὶ
2569 4110 2668 4177 τήν
2733 4107 3025 4183 βασιλικὴν
3093 4107 3354 4179 ἐξουσίαν,
3413 4106 3482 4174 ἧς
3526 4105 3773 4179 παρανό-

2123 4218 2238 4269 μως
2270 4195 2549 4272 ἐδράξατο,
2584 4196 2761 4250 ἑκοντὶ
2814 4196 3056 4267 μεθίησι,
3099 4195 3259 4249 τοῦτό
3306 4214 3369 4268 γε
3396 4191 3583 4254 καλῶς
3608 4214 3775 4262 ποιη-

2119 4286 2371 4359 σάμενος,
2442 4288 2529 4341 καὶ
2599 4287 2689 4340 τὸν
2769 4282 3060 4359 μοναδικόν
3115 4286 3406 4352 ἀσπάζεται
3470 4282 3608 4357 βίον,
3668 4284 3771 4351 τήν

2118 4377 2242 4451 πρὶν
2320 4376 2561 4447 εὐδοξίαν
2629 4375 2719 4430 καὶ
2766 4376 2978 4452 τρυφὴν
3027 4373 3341 4428 ἀποπτώσει
3398 4372 3619 4427 ἑκουσία
3677 4373 3770 4426 καὶ

2122 4466 2433 4541 μετριότητι
2506 4462 2912 4539 διορθούμενος.
2985 4464 3052 4520 Ὃ
3108 4461 3165 4517 δὲ
3227 4461 3438 4535 μᾶλλον
3496 4458 3765 4514 δείκνυσιν

360 4557 633 4619 nepotem
682 4569 750 4607 ex
798 4570 994 4609 sorore
1042 4555 1411 4611 Theodorum
1463 4557 1834 4626 Docejanum,
1889 4575 1999 4612 non

2124 4554 2188 4614 ὥς
2249 4554 2556 4627 εἰλικρινῶς
2628 4553 2718 4607 καὶ
2778 4555 2961 4627 ψυχῆς
3020 4550 3069 4621 ἐξ
3123 4546 3259 4619 ὅλης
3316 4548 3769 4622 μεταμεμέληται

361 4635 492 4691 ﬁlias
527 4640 825 4707 maritum,
861 4659 1048 4713 neque
1088 4644 1267 4698 alium
1314 4644 1568 4715 aliquem
1618 4646 1727 4699 sibi
1763 4662 2008 4701 consan-

362 4727 647 4797 guinitate
681 4731 1033 4801 proximum,
1068 4733 1168 4787 sed
1205 4734 1509 4803 praesidem
1536 4734 2005 4804 Constantinum,

360 4826 451 4878 cui
478 4826 598 4894 jam
634 4827 769 4883 inde
818 4847 850 4884 a
898 4830 1024 4884 suis
1069 4831 1392 4899 majoribus
1444 4836 1633 4885 Ducas
1683 4848 2004 4902 cognomen

358 4920 504 4979 erat,
537 4921 818 4987 tanquam
854 4918 1102 4989 peritum
1138 4924 1195 4972 et
1232 4919 1529 4973 conscium
1563 4923 1619 4973 et
1649 4919 2000 4989 adjutorem,

353 5004 569 5075 quique
623 5008 841 5077 optime
888 5013 1088 5062 nosset
1138 5008 1391 5063 rationes
1440 5008 1709 5078 paranda:
1754 5008 1999 5078 copiosae

351 5093 615 5162 pecunias
667 5096 738 5150 ad
799 5095 1027 5167 imperii
1088 5097 1613 5151 conservationem.
1667 5096 1997 5151 Comnenus

347 5185 543 5237 autem
580 5185 936 5239 monasticas
967 5192 1155 5239 vestes
1202 5186 1463 5251 indutus,
1500 5202 1634 5238 cum
1682 5201 1996 5256 parumper

344 5277 736 5342 exspectasset
775 5274 822 5328 si
876 5291 991 5343 qua
1038 5274 1261 5327 ratione
1309 5291 1342 5326 a
1392 5274 1588 5327 morbo
1622 5272 1987 5340 liberaretur,

344 5361 443 5416 ubi
479 5362 639 5417 novit
670 5380 730 5417 se
762 5362 1079 5417 insanabili
1112 5362 1313 5416 morbo
1346 5368 1604 5432 captum,
1639 5362 1829 5416 adhuc
1860 5362 1987 5433 ipso

340 5456 581 5505 vexatus
624 5451 809 5506 Studii
862 5450 1282 5505 monasterium
1334 5450 1680 5521 ingreditur,
1730 5450 1981 5506 multum

341 5538 664 5594 Ecaterina
715 5541 972 5610 Augusta
1018 5539 1146 5608 ejus
1197 5538 1507 5593 consilium
1561 5539 1893 5610 adjuvante,
1927 5546 1984 5595 et

339 5646 445 5705 pro
488 5633 775 5684 terrarum
823 5624 1058 5699 imperii
1109 5625 1448 5695 amissione,
1480 5626 1733 5684 ccelestis
1778 5628 1978 5700 gaudii

2122 4641 2202 4717 ἐφ’
2272 4644 2353 4703 οἷς
2404 4640 2614 4715 ἔπραξε,
2672 4641 2895 4715 βασιλέα
2939 4639 3347 4714 προχειρίζεται
3397 4637 3457 4691 οὐ
3486 4637 3578 4692 τὸν
3607 4636 3771 4710 ὁμαίι

2123 4751 2258 4802 μονα
2324 4729 2486 4784 αὐτοῦ
2545 4730 2829 4799 Ἰωάννην,
2909 4727 2970 4783 οὐ
3042 4729 3136 4781 τὸν
3193 4723 3522 4800 ἀδελφιδοῦν
3574 4725 3773 4780 ἑαυτοῦ

2118 4816 2396 4892 Θεόδωρον
2467 4819 2559 4872 τὸν
2636 4817 2939 4887 Δοκειανὸν,
3026 4816 3126 4869 οὐκ
3200 4812 3362 4889 ἄνδρα
3437 4815 3774 4888 προσζεῦξας

2112 4911 2179 4979 τῇ
2242 4907 2483 4982 θυγατρὶ,
2538 4904 2651 4960 οὔτ’
2692 4903 2864 4960 ἄλλον
2917 4906 3035 4960 τινὰ
3062 4908 3169 4959 τῶν
3218 4904 3336 4966 καθ’
3381 4904 3519 4974 αἷμα
3547 4901 3769 4972 ᾠκειω·

2117 4997 2289 5069 μένων
2349 4995 2515 5067 αὐτῷ,
2567 4992 2713 5048 ἀλλά
2766 4995 2855 5048 τὸν
2913 4990 3176 5068 πρόεδρον
3239 4995 3667 5057 Κωνσταντῖνον,
3717 4990 3766 5061 ᾧ

2111 5090 2313 5146 Δοῦκας
2353 5088 2415 5138 τὸ
2464 5083 2882 5158 πατρωνυμικὸν
2935 5084 3184 5138 ἀνέκαθεν
3217 5081 3308 5149 ἧν,
3368 5080 3441 5140 ὡς
3472 5078 3768 5153 συνίστορα

2107 5175 2195 5228 καὶ
2269 5174 2667 5249 συναγωνιστὴν
2745 5172 2833 5226 καὶ
2915 5176 3020 5227 τῶν
3098 5170 3402 5247 χρημάτων
3488 5169 3763 5240 ποριστὴν

2104 5273 2481 5347 ἀφθονώτατον
2535 5271 2608 5331 είς
2672 5270 2768 5339 τήν
2819 5277 2917 5340 τῆς
2966 5268 3248 5345 βασιλείας
3296 5268 3644 5340 κατάσχεσιν.
3699 5266 3763 5322 Ὀ

2102 5359 2159 5415 δὲ
2220 5361 2501 5433 Κομνηνὸς
2577 5360 2713 5435 ῥακη
2786 5360 3059 5435 μοναχικὰ
3140 5353 3598 5433 περιϐαλόμενος,
3676 5354 3762 5408 ἔπ’

2098 5449 2287 5524 ἀλίγον
2334 5470 2392 5503 τε
2433 5450 2887 5523 γνωσιμαχήσας,
2939 5446 2991 5501 εἷ’
3033 5452 3150 5509 πῶς
3198 5445 3407 5510 ἀνεθείη
3433 5450 3532 5512 τῆς
3565 5442 3758 5513 νόσου,

2093 5538 2313 5613 ἐπείπερ
2365 5535 2502 5613 ἔγνω
2548 5538 2665 5592 κατ’
2714 5535 2879 5610 ἄκρας
2930 5536 3097 5611 ταύτῃ
3147 5535 3337 5602 ἁλοὺς,
3384 5532 3461 5588 ἰτι
3491 5535 3560 5605 τῇ
3608 5530 3757 5604 νόσῳ

2089 5626 2431 5704 τρυχόμενος
2472 5628 2571 5696 τὴν
2619 5629 2716 5681 τοῦ
2753 5621 3020 5681 Στουδίου
3068 5618 3477 5699 καταλαμϐάνει
3543 5620 3749 5695 μονὴν,
