4040 6196
230 327 354 387 377

1751 332 2148 395 HISTORIA.

3529 334 3651 397 378

228 456 421 513 πολλὰ
450 460 540 513 καί
571 459 667 525 τῆς
708 461 1024 536 Λύγούστης
1080 463 1436 540 Αίκατερίνης
1493 460 1878 537 συμϐαλλομέ-

2002 465 2257 519 fructum
2314 464 2420 534 ipsi
2482 462 2877 535 promittente,
2940 479 3075 518 cum
3135 480 3321 521 annos
3377 466 3524 522 duos
3581 483 3646 522 ao

228 568 328 616 νης
390 548 537 619 αύτῴ
596 549 732 619 πρὸς
794 551 855 603 τὸ
915 552 1300 625 προκείμενον,
1331 553 1419 606 καὶ
1476 556 1543 625 τῇ
1604 556 1702 617 τῆς
1770 552 1886 606 ἐπι-

228 634 382 710 γείου
415 635 696 711 βασιλείας
726 634 982 712 ἀποϐολῇ
1014 642 1115 708 τήν
1169 640 1219 695 ἐν
1276 641 1525 714 οὐρανοῖς
1587 641 1887 695 ἀπόλαυσιν

231 724 724 798 ἰπαγγελλομὲνης
767 727 936 801 αὐτῷ,
991 727 1314 803 βασιλεύσας
1367 731 1460 803 μὲν
1512 725 1604 800 ἔτη
1658 728 1752 784 δύο
1800 731 1888 784 καὶ

236 820 421 885 μῆνας
460 822 630 888 τρεῖς,
681 815 941 886 ἐπιζήσας
988 815 1043 872 δὲ
1081 818 1287 873 τούτων
1341 818 1549 874 ἐλάττω
1594 825 1671 890 τῷ
1722 840 1887 892 μονα-

229 908 384 977 χικῷ
444 906 717 978 σχήματι,
767 912 937 959 πᾶσαν
998 908 1240 976 ὑπακοὴν
1304 908 1440 983 πρὸς
1511 909 1604 963 τὸν
1688 907 1739 961 ἐν
1818 910 1887 981 τῇ

228 995 373 1064 μονῇ
449 992 848 1065 ἡγεμονεύοντα
917 994 1354 1067 ἐπιδεκνύμενος,
1421 997 1494 1059 ὡς
1559 997 1646 1050 καὶ
1713 998 1889 1069 θυρω-

228 1080 323 1152 ρὸς
360 1081 728 1153 γενέσθαικαὶ
772 1088 889 1144 ταῖς
949 1082 1143 1145 ἄλλαις
1204 1085 1540 1160 ὑπηρετῆσαι
1596 1082 1889 1145 διακονίαις

230 1166 321 1221 διὰ
376 1166 600 1237 πολλὴν
652 1171 939 1226 ἐπιείκειαν
998 1174 1087 1227 καὶ
1145 1174 1611 1251 μετριοφροσύνην
1661 1170 1887 1227 καταδε-

229 1254 496 1329 ξάμενος.
568 1260 1023 1336 Σωφρονίστατος
1099 1260 1155 1316 δὲ
1224 1262 1435 1337 εἰσαγαν
1494 1262 1736 1338 γενέσθαι
1798 1258 1887 1315 λέ-

225 1367 402 1419 γεται.
437 1348 912 1424 Στρποπεδάρχῳ
935 1351 1038 1425 γὰρ
1070 1348 1182 1405 ὄντι
1215 1352 1361 1423 αὐτῷ
1408 1351 1562 1405 νόσον
1625 1349 1885 1422 ἴνσκῆψαι

225 1438 549 1509 νεφριτικήν
602 1458 782 1513 φασιν,
827 1438 964 1493 ὥστε
1008 1439 1316 1513 ἀπογνῶναι
1366 1439 1534 1508 αὐτῆς
1581 1446 1681 1508 τῆς
1745 1444 1888 1507 ζωῆς

230 1519 318 1576 διὰ
371 1524 439 1577 τὸ
497 1528 714 1593 παρέσει
767 1526 1025 1583 παντελεῖ
1076 1529 1164 1583 καὶ
1226 1529 1480 1598 ἀκινησίᾳ
1540 1534 1885 1601 κατασχεθῆ-

224 1634 335 1671 ναι.
397 1618 517 1668 Τῶν
575 1612 631 1669 δὶ
692 1616 913 1692 ἰατρῶν,
972 1619 1105 1689 μετά
1158 1619 1220 1672 τὸ
1278 1624 1393 1678 τοῖς
1477 1614 1673 1678 ἄλλοις
1723 1618 1885 1670 ἅπασι

225 1705 546 1777 χρήσασθαι
619 1706 706 1758 καὶ
784 1706 1070 1775 ἀνηνύτοις
1143 1706 1474 1782 ἐλεγχθῆναι
1567 1705 1883 1781 ἐπιχειρεῖν,

226 1786 720 1862 συμϐουλευόντων
800 1802 1027 1868 μιγῆναι
1096 1797 1329 1869 γυναικὶ,
1386 1796 1545 1857 αὐτὸς
1616 1794 1723 1869 οὐχ
1784 1795 1884 1848 ὑπ-

229 1882 485 1945 ήκουσεν.
535 1882 815 1937 Εἰπόντων
864 1882 944 1950 δὲ,
976 1884 1020 1938 εί
1065 1886 1138 1957 μή
1184 1890 1329 1940 τοῦτ’
1358 1884 1778 1959 ἐπιχειρήσειεν,
1831 1882 1881 1953 ὶξ

222 1972 469 2045 ἀνάγκης
547 1970 692 2048 ἔχειν
751 1982 979 2049 καυτῆρι
1057 1978 1387 2051 χρήσασθαι,
1441 1974 1500 2029 ἐκ
1558 1974 1753 2029 τούτου
1826 1971 1883 2028 Si

223 2058 452 2131 ἀπαιδίᾳ
506 2070 909 2138 κατασχεθῆναι
984 2060 1131 2135 δεινῇ
1191 2065 1279 2119 καὶ
1342 2069 1420 2135 [Ρ.
1482 2066 1613 2135 812]
1671 2062 1881 2138 ἀγονίᾳ,

226 2148 413 2215 αὐτὸς,
452 2175 479 2201 ‹ι
504 2152 754 2222 Ἀρκοῦςί
791 2160 910 2224 μοι⁶
946 2151 1072 2230 ἔφη,
1105 2155 1131 2207 ὁ
1166 2151 1427 2222 Μανουήλ
1458 2156 1549 2207 καὶ
1598 2154 1632 2220 ἡ
1668 2153 1876 2225 Μαρία,

226 2238 277 2290 οἱ
322 2236 435 2307 ἤδη
491 2261 588 2311 μοι
642 2240 831 2314 χάριτι
877 2246 1009 2295 Θεοῦ
1060 2239 1247 2302 παῖδες
1306 2240 1588 2314 γινόμενοι
1617 2259 1627 2271 ·
1674 2240 1880 2295 τούτων

229 2328 325 2398 μὲν
387 2328 491 2401 γὰρ
545 2326 667 2382 ἄνευ
726 2325 897 2383 ἔνεστι
974 2335 1162 2405 τυχεῖν
1242 2336 1341 2398 τῆς
1431 2329 1710 2403 βασιλείας
1775 2333 1879 2381 τῶν

226 2417 500 2489 οὐρανῶν,
552 2417 909 2493 σωφροσύνης
961 2415 1016 2472 δὲ
1078 2418 1255 2493 χωρὶς
1307 2415 1485 2479 οὐδεὶς
1532 2418 1624 2472 τὸν
1684 2417 1882 2490 Κύριον

226 2500 441 2577 ὄψεται.
478 2530 500 2559 ι
540 2504 714 2561 Ἀλλὰ
742 2506 831 2559 καὶ
863 2508 896 2574 ἡ
934 2506 1181 2581 βασίλεια
1210 2507 1532 2583 Αἷκατερῖνα
1571 2507 1661 2561 καὶ
1691 2508 1725 2575 ἡ
1752 2505 1880 2561 ταύ-

2001 570 2234 608 menses
2282 558 2401 607 tres
2451 553 2820 622 imperasset,
2853 560 2905 606 et
2958 557 3015 607 in
3068 553 3271 608 habitu
3328 557 3645 611 monastico

2000 644 2302 714 pauciores
2336 643 2425 695 his
2467 643 2882 713 supervixisset
2924 658 3154 696 omnem
3208 651 3493 713 praestans
3524 661 3645 700 mo-

2002 732 2240 786 nasterii
2275 732 2542 802 praafecto
2574 732 2991 797 obedientiam,
3029 732 3107 785 ita
3142 737 3201 784 ut
3231 738 3286 786 et
3308 732 3529 801 .janitor
3558 750 3647 788 es-

2000 826 2090 876 set
2154 828 2210 875 et
2268 823 2380 875 alia
2448 821 2774 875 ministeria
2830 822 3041 889 obiret,
3102 828 3337 891 propter
3404 823 3648 877 multam

1999 910 2179 963 animi
2215 910 2549 980 aequitatem
2581 914 2637 964 et
2658 910 3028 964 modestiam.
3049 910 3429 966 Castissimus
3450 917 3647 965 autem

2000 999 2181 1053 fuisse
2212 998 2446 1059 dicitur,
2484 1004 2540 1053 et
2587 1015 2765 1068 supra
2807 1016 2984 1069 quam
3037 999 3191 1053 credi
3246 1000 3435 1069 possit
3462 1000 3647 1055 conti-

2000 1104 2164 1141 nens.
2202 1086 2345 1141 Nam
2380 1103 2510 1141 cum
2556 1087 3068 1157 stratopedarches
3113 1095 3285 1153 esset,
3321 1088 3649 1159 nephritico

1999 1177 2197 1231 morbo
2230 1180 2516 1230 tentatum
2553 1176 2758 1229 dicunt
2788 1177 2867 1230 ita
2899 1181 2963 1229 ut
2991 1176 3165 1230 vitam
3199 1176 3551 1247 desperaret,
3583 1194 3649 1233 eo

1998 1266 2153 1335 quod
2190 1266 2370 1319 totius
2400 1267 2659 1335 corporis
2694 1265 2971 1336 languore
3002 1270 3059 1319 et
3089 1282 3396 1320 nervorum
3429 1267 3647 1321 resolu-

1998 1354 2154 1408 tione
2205 1352 2586 1407 detineretur.
2638 1353 2874 1407 Medicis
2919 1359 3137 1417 autem,
3174 1359 3484 1425 postquam
3516 1354 3648 1411 aliis

1998 1442 2272 1496 omnibus
2299 1442 2582 1497 adhibitis
2633 1442 2925 1511 remediis,
2978 1459 3044 1497 ea
3075 1460 3201 1513 quas
3251 1444 3489 1498 omnino
3524 1444 3647 1499 fieri

1998 1546 2112 1583 non
2147 1537 2388 1600 possent
2420 1536 2639 1585 tentare
2692 1548 2752 1585 se
2804 1536 3223 1602 cognoverunt,
3256 1540 3316 1585 ul
3346 1548 3480 1586 cum
3515 1549 3646 1587 mu-

1997 1617 2135 1672 liere
2168 1620 2422 1689 quadam
2458 1619 2639 1673 coiret
2687 1620 3099 1687 suadentibus,
3134 1620 3321 1674 noluit
3351 1622 3647 1692 obtempe-

1998 1725 2145 1762 rare.
2178 1712 2441 1779 Cumque
2474 1709 2763 1763 dixissent
2789 1708 2870 1762 illi
2902 1710 3054 1764 649
3091 1709 3199 1763 nisi
3235 1709 3341 1764 hoc
3374 1714 3647 1779 tentaret,

1995 1798 2323 1852 necessario
2381 1799 2707 1852 cauterium
2753 1798 3171 1866 adhibendum,
3243 1814 3311 1853 ex
3360 1816 3473 1869 quo
3518 1814 3645 1869 pro-

1992 1886 2254 1939 creandis
2288 1886 2505 1940 sobolis
2544 1886 2828 1941 facultate
2865 1887 3191 1954 privaretur
3222 1903 3234 1940 :
3262 1909 3289 1937 «
3313 1887 3487 1957 Satis,
3519 1887 3645 1957 ipse

1992 1973 2201 2045 inquit,
2237 1974 2374 2028 mihi
2411 1981 2551 2028 sunt
2592 1973 2821 2029 Manuel
2871 1981 2926 2030 et
2978 1975 3161 2030 Maria
3211 1976 3350 2029 mihi
3376 1980 3502 2046 jam
3538 1974 3636 2029 Dei

1993 2064 2274 2117 beneficio
2307 2063 2427 2117 nati
2465 2063 2628 2117 liberi
2666 2082 2678 2119 :
2716 2081 2849 2117 nam
2904 2065 3030 2119 sine
3078 2064 3171 2119 his
3200 2063 3335 2119 licet
3364 2064 3645 2135 consequi

1993 2168 2235 2223 regnum
2301 2152 2603 2218 cmlorum,
2665 2152 2791 2206 sine
2850 2152 3209 2207 continentia
3267 2170 3399 2207 vero
3464 2154 3643 2207 Deum

1992 2256 2162 2295 nemo
2212 2240 2449 2295 videbit.
2502 2263 2527 2288 ››
2586 2241 2734 2303 Quin
2782 2242 2958 2295 etiam
3009 2246 3271 2311 Augusta
3320 2242 3647 2297 fEcaterina.

1991 2330 2235 2399 eiusque
2269 2329 2388 2383 filia
2446 2329 2635 2383 Maria
2680 2330 2943 2383 detonsis
2991 2330 3218 2400 capillis
3267 2331 3554 2402 degebant
3583 2331 3644 2386 in

1992 2418 2225 2488 palatiis
2285 2417 2554 2489 Myrelaii,
2614 2419 2811 2472 omnia
2872 2419 3197 2474 monastica
3245 2435 3487 2474 munera
3536 2419 3641 2473 ob-

1991 2512 2217 2561 euntes.

226 2612 325 2663 της
372 2594 615 2669 θυγάτηρ
668 2595 852 2669 Μαρία
898 2595 997 2663 τὴν
1050 2594 1216 2670 τρίχα
1264 2597 1576 2669 κιιράμεναι
1614 2592 1805 2669 διῆγον
1834 2592 1887 2648 ἐν
1916 2599 2036 2655 νοῖς
2067 2592 2355 2657 παλατίοις
2386 2598 2482 2649 τοῦ
2512 2592 2841 2666 Μυριλαίου,
2869 2601 3041 2650 πᾶσαν
3071 2594 3294 2665 ἄσκησιν
3334 2594 3632 2669 μοναδικήν

236 2686 660 2759 μιτερχόμιναι.

296 2772 734 2843 Τελευτήσαντος
788 2771 846 2829 δὲ
889 2779 985 2829 τοῦ
1040 2774 1309 2850 βασιλέως
1362 2776 1658 2849 ὑγρότητος
1710 2776 1877 2848 μεστή

234 2863 479 2915 θεαθεῖσα
528 2864 562 2915 ὖ
604 2867 798 2917 τοῦτον
843 2863 1149 2938 κατέχουσα
1196 2865 1356 2939 σορὸς
1409 2863 1664 2918 ὑπόνοιαν
1715 2863 1876 2936 παρί-

232 2970 327 3023 σχε
356 2948 596 3012 πολλοῖς
624 2952 892 3025 τιμωρίαν
928 2952 1057 3006 εἶναι
1097 2953 1159 3007 τὸ
1207 2952 1423 3028 γεγονὸς
1461 2954 1550 3007 καὶ
1598 2952 1876 3014 κολάσεως

235 3036 495 3114 ἔνδειγμα
546 3044 642 3094 τοῦ
690 3038 964 3118 ἐμφυλίου
1004 3040 1258 3115 πολέμου
1289 3042 1379 3096 καὶ
1410 3049 1510 3111 τῆς
1544 3049 1751 3118 σφαγῆς
1788 3039 1877 3096 καὶ

230 3132 334 3181 τῶν
388 3130 524 3199 μετὰ
580 3130 641 3182 τὸ
688 3130 1001 3205 βασιλεῦσαι
1051 3132 1448 3205 πεπραγμένων
1491 3130 1635 3202 αὐτῷ
1685 3127 1760 3192 εἴς
1820 3151 1879 3185 τε

2062 2777 2193 2831 Vita
2221 2794 2289 2830 au
2303 2782 2415 2831 tem
2451 2778 2648 2831 functo
2679 2777 3055 2848 imperatore,
3096 2782 3408 2847 conspecta
3439 2776 3639 2848 sepul-

1990 2870 2123 2919 tura
2152 2868 2280 2935 ejus
2314 2866 2575 2921 humoris
2609 2866 2780 2937 plena
2811 2866 3209 2936 suspicionem
3246 2866 3448 2921 multis
3480 2866 3641 2921 dedit

1989 2970 2117 3010 esse
2150 2955 2308 3009 illam
2351 2972 2468 3009 rem
2504 2954 2783 3009 ultionem
2809 2960 2865 3009 et
2894 2955 3180 3009 indicium
3213 2955 3640 3026 supplicii,quo

1988 3043 2321 3098 afﬁceretur
2371 3044 2443 3096 ob
2493 3042 2837 3097 intestinum
2882 3042 3098 3098 bellum
3133 3060 3199 3098 ac
3248 3046 3457 3099 cuidem
3490 3048 3546 3098 et
3575 3059 3643 3097 ea

1989 3148 2114 3202 quae
2172 3137 2301 3202 post
2359 3137 2710 3203 usurpatum
2767 3133 3077 3203 imperium
3137 3136 3513 3187 commiserat
3572 3132 3630 3185 in

230 3217 321 3278 τὰς
392 3224 493 3285 τῆς
570 3216 884 3291 συγκλήτου
961 3222 1236 3294 στερήσεις
1286 3220 1419 3294 [καὶ]
1477 3224 1583 3274 τῶν
1640 3216 1871 3275 ἔκπαλαι

1992 3221 2268 3291 privando
2302 3226 2508 3275 senatu
2559 3221 2629 3275 iis
2659 3222 2829 3275 bonis
2880 3238 3006 3291 qua:
3038 3222 3087 3273 ei
3144 3220 3472 3291 antiquitus
3501 3237 3639 3274 con-

232 3303 534 3378 διδομένων
591 3307 749 3380 αὐτῇ,
782 3307 871 3362 καὶ
930 3310 1027 3377 τὴν
1071 3314 1179 3363 τῶν
1227 3310 1381 3373 θείων
1430 3330 1570 3363 ναων
1622 3309 1709 3363 καὶ
1766 3313 1875 3361 τῶν

225 3395 382 3469 ἱερῶν
432 3396 695 3466 σεμνείων
741 3396 1238 3471 ἀποστέρησιν,ἣν,
1292 3399 1364 3459 ὡς
1411 3392 1638 3475 ἔφημεν,
1687 3396 1875 3467 ἐποιή-

228 3504 377 3554 σατο,
405 3486 467 3538 τὸ
518 3484 804 3559 ἀπέριττον
869 3486 962 3558 μὲν
1018 3487 1105 3540 καὶ
1166 3489 1264 3556 τήν
1330 3486 1649 3561 αὐτάρκειαν
1700 3485 1875 3541 αὐτῶν

228 3573 665 3645 προνοούμενος,
716 3580 797 3646 τῷ
855 3574 1107 3647 δημοσίῳ
1186 3573 1243 3629 δὲ
1316 3576 1579 3653 εἰσφέρων
1658 3575 1874 3650 μετρίαν

226 3662 588 3733 παράκλησιν.
644 3662 846 3719 ’Ἄλλοι
894 3662 951 3718 δὲ
996 3666 1057 3719 τὸ
1102 3665 1289 3739 ῥεῦσαν
1350 3664 1655 3739 ἁγιωσύνης
1720 3662 1895 3740 ἔργον

224 3749 479 3815 ἐτίθεντο,
536 3752 611 3811 ὡς
667 3754 916 3827 καθαρῶς
967 3752 1057 3807 καὶ
1112 3751 1445 3815 ἀδιστάκτως
1519 3752 1873 3827 μεταγνόντος

229 3838 387 3893 αύτοῦ
448 3839 529 3911 ἐφ’
590 3843 674 3900 οἷς
731 3838 942 3914 ἔπραξε·
983 3842 1058 3914 μή
1110 3843 1213 3916 γὰρ
1265 3842 1397 3896 εἶναι
1447 3841 1713 3917 ἁμαρτίαν
1774 3843 1873 3910 τὴν

226 3928 455 3981 νικῶσαν
474 3929 575 3994 τήν
610 3927 1024 4005 φιλανθρωπίαν
1076 3934 1178 3985 τοῦ
1229 3929 1382 3986 Θεοῦ.
1414 3930 1768 4008 Ἀμφοτὲρων
1819 3927 1876 3984 δὶ

229 4018 325 4083 τήν
377 4018 606 4092 γνώμην
658 4016 862 4071 ἰπαινῶ
918 4019 1006 4072 καὶ
1077 4016 1422 4094 ἀποδέχομαι
1488 4023 1568 4090 τῷ
1632 4019 1729 4087 τὴν
1780 4020 1873 4091 μὲν

232 4103 542 4175 κωλυτικὴν
578 4107 849 4161 εἶναιτῶν
888 4105 1204 4179 μέλλόντων
1239 4112 1441 4178 κακῶν,
1482 4110 1580 4178 τήν
1626 4105 1683 4162 δὲ
1742 4128 1874 4183 προ-

229 4197 519 4267 τριπικην
555 4195 662 4249 ἀπὸ
687 4199 785 4249 τοῦ
817 4195 1068 4272 χείρονος
1091 4197 1226 4271 πρὸς
1254 4197 1315 4252 τὸ
1350 4194 1588 4272 βέλτιον.

295 4377 400 4441 Τῆς
450 4369 506 4425 δὲ
560 4371 882 4445 βασιλίσσης
922 4372 1280 4449 Αἷκατερίνης
1324 4376 1425 4448 (7),
1475 4374 1527 4429 ἐν
1576 4378 1653 4445 τῷ
1704 4395 1871 4447 μονα-

225 4465 370 4533 χικῷ
425 4460 647 4531 Έλένης
728 4464 1248 4535 μετονομασθείσης,
1308 4462 1559 4518 ἐπετείως
1606 4462 1871 4533 τελούσης

223 4550 290 4602 τὰ
317 4551 409 4603 τοῦ
443 4547 713 4624 βασιλέως
756 4550 1099 4638 μνημόσυνα,
1135 4552 1517 4627 συγκαλούσης
1563 4572 1622 4606 τε
1666 4551 1869 4614 ἄλλους
1906 4575 1953 4638 D

220 4641 363 4699 τινὰς
431 4638 712 4713 μοναχοὺς
765 4639 854 4693 καὶ
934 4636 1002 4707 δὴ
1056 4640 1144 4694 καὶ
1194 4640 1320 4705 τοὺς
1369 4641 1421 4695 ἐν
1480 4645 1548 4714 τῇ
1610 4638 1875 4696 Στουδίου

227 4730 365 4800 μονῇ
415 4726 784 4798 ἀσκουμένους
836 4728 1169 4801 σύμπαντας,
1204 4727 1393 4797 ἐπειδὴ
1439 4727 1641 4802 ἔμελλε
1684 4728 1871 4785 τελευ-

222 4820 337 4885 τᾷν,
370 4814 542 4871 ξτίλει
607 4815 702 4887 μὶν
762 4819 1007 4886 συνήθως
1048 4817 1139 4871 καὶ
1195 4818 1331 4872 κατὰ
1378 4819 1438 4873 τὸ
1482 4816 1605 4879 ἔθος
1656 4817 1724 4872 τὰ
1777 4820 1874 4873 τοῦ

1988 3328 2155 3367 cessa
2182 3311 2435 3374 fuerant,
2460 3314 2517 3363 et
2546 3309 2879 3364 adimendis
2909 3310 3093 3364 sacris
3122 3309 3355 3379 templis
3386 3316 3444 3363 et
3473 3308 3642 3362 delu-

1989 3401 2111 3455 bris
2145 3400 2524 3454 facultatibus
2556 3415 2703 3468 quas
2751 3399 3030 3462 diximus,
3064 3399 3118 3451 id
3155 3414 3368 3451 curans
3400 3404 3463 3451 ut
3494 3396 3642 3452 nihil

1986 3490 2131 3560 ipsis
2163 3492 2519 3558 superesset,
2547 3487 2645 3541 sed
2679 3502 2744 3541 ea
2779 3487 3186 3541 tantummodo
3210 3485 3491 3540 haberent
3514 3501 3640 3555 quas

1987 3579 2057 3633 ad
2105 3578 2318 3630 victum
2369 3575 2515 3630 satis
2546 3581 2765 3644 essent,
2818 3575 3169 3629 mediocrem
3222 3574 3508 3629 adhibens
3560 3573 3641 3628 rei

1989 3666 2231 3737 publica:
2264 3663 2748 3719 consolationem.
2773 3662 2885 3716 Alii
2917 3668 3111 3717 autem
3134 3662 3409 3717 ﬂuentem
3435 3662 3639 3717 humo.

1988 3772 2108 3809 rem
2162 3753 2495 3809 sanctitatis
2542 3753 3085 3823 interpretabantur
3133 3751 3440 3817 indicium,
3482 3751 3639 3821 quod

1988 3860 2130 3915 pure
2161 3860 2227 3897 ac
2258 3843 2385 3897 sine
2418 3840 2535 3896 ulla
2581 3841 2974 3896 controversia
3025 3857 3157 3895 eum
3207 3840 3491 3894 factorum
3524 3855 3640 3908 pa;-

1987 3933 2264 3987 nituisset
2298 3950 2310 3987 :
2347 3947 2533 4002 neque
2563 3932 2718 3985 enim
2756 3938 3061 4001 peccatum
3087 3928 3271 3983 ullum
3303 3944 3451 3993 esse,
3487 3927 3642 3998 quod

1986 4020 2239 4075 divinam
2289 4024 2525 4091 superet
2568 4034 2705 4090 erga
2755 4017 3019 4073 homines
3069 4018 3438 4072 charitatem.
3476 4016 3641 4071 Utro-

1985 4126 2235 4180 rumque
2287 4125 2393 4179 ego
2441 4107 2789 4163 sententiam
2839 4107 3013 4161 laudo
3062 4111 3119 4161 et
3169 4107 3446 4177 approbo,
3481 4104 3637 4176 quod

1984 4198 2169 4254 altera
2216 4197 2367 4252 mala
2399 4197 2597 4250 futura
2628 4195 2948 4265 prohibeat,
2982 4194 3167 4249 altera
3214 4210 3350 4249 vero
3400 4210 3433 4247 a
3474 4195 3638 4248 dete-

1983 4287 2238 4341 rioribus
2268 4286 2338 4341 ad
2375 4284 2617 4340 meliora
2647 4282 2991 4337 adhortatur
3022 4300 3087 4337 ac
3119 4287 3364 4337 revocet.

2055 4377 2208 4432 650
2240 4375 2383 4429 Cum
2417 4378 2615 4427 autem
2647 4372 2977 4426 JEcaterina
3024 4374 3288 4441 Augusta
3340 4370 3398 4424 in
3433 4386 3637 4425 mona-

1982 4466 2160 4520 sterio
2196 4468 2421 4518 mutato
2462 4460 2697 4516 nomine
2746 4460 2962 4514 Helena
2995 4458 3290 4531 appellata
3321 4459 3637 4529 quotannis

1986 4553 2357 4624 imperatoris
2390 4550 2734 4605 memoriam
2759 4548 3177 4604 anniversariis
3201 4549 3384 4603 sacris
3403 4547 3637 4618 coleret,

1986 4642 2249 4697 invitatis
2282 4639 2413 4695 aliis
2441 4638 2796 4710 quibusdam
2830 4637 3140 4692 monachis
3169 4642 3227 4691 et
3257 4636 3535 4691 omnibus
3567 4636 3639 4691 iis

1985 4732 2085 4803 qui
2119 4748 2180 4787 se
2211 4732 2269 4784 in
2302 4728 2605 4784 Studiensi
2626 4727 2983 4782 monasterio
3002 4729 3362 4794 exercerent;
3387 4741 3638 4796 cumque

1984 4821 2137 4877 diem
2189 4834 2360 4874 suum
2413 4823 2567 4872 esset
2624 4816 2881 4884 obitura,
2941 4814 3168 4871 solenni
3230 4829 3391 4868 more
3440 4830 3637 4868 annua

1527 4916 1773 4973 JACOBI
1814 4917 2031 4974 GOARI
2072 4917 2306 4973 NOTzE.

294 5006 367 5071 (7)
397 5007 624 5061 Habent
654 5003 836 5076 Grgaci
866 5009 1077 5076 prater
1095 5004 1452 5076 familiarum
1477 5008 1533 5060 et
1556 5004 1752 5076 patrias
1772 5009 1872 5076 τῆς

224 5069 408 5150 τιμῆς,
464 5083 566 5145 τῆς
616 5069 889 5150 εὐσεϐείας
946 5075 1034 5150 καί
1082 5082 1183 5142 τῆς
1230 5075 1408 5150 τύχην
1459 5069 1717 5150 ὀνόματα.
1768 5069 1873 5150 Illa

222 5149 525 5215 quibusvis
550 5149 607 5203 in
636 5146 1370 5219 baptismoimponuntur,
1395 5148 1513 5202 haec
1543 5164 1611 5202 ex
1636 5148 1871 5203 fortuito

222 5235 364 5291 casn
382 5218 805 5291 excogitantur,
831 5218 1189 5291 qualiasunt
1211 5221 1366 5291 apud
1386 5221 1707 5274 Cedrenum
1732 5219 1867 5291 Kov-

218 5285 998 5367 tnﬁémavo£_£‘rpa6:opiitnc,
1033 5285 1367 5367 ’Apyupoiiq,
1388 5309 1423 5347 a
1452 5293 1712 5367 corporis
1740 5290 1868 5367 bre-

218 5360 409 5431 vitate,
444 5365 569 5419 nasi
600 5360 911 5424 curvitate,
948 5360 1177 5418 morum
1204 5360 1478 5419 candore
1511 5360 1715 5417 indita.
1750 5361 1871 5415 Me-

220 5431 319 5485 dia
348 5438 576 5491 tandem
612 5435 745 5489 usui
782 5440 923 5488 sunt
952 5432 1010 5487 in
1047 5435 1440 5500 monasteriis,
1475 5450 1581 5488 nec
1632 5433 1869 5487 fortuito

220 5508 411 5577 tamen
444 5514 540 5562 aut
590 5523 740 5562 mere
790 5521 892 5577 pro
941 5501 1130 5577 libito,
1165 5507 1266 5561 sed
1319 5504 1554 5577 pietatis
1600 5502 1777 5577 simul
1812 5509 1869 5558 et

220 5572 449 5649 honoris
470 5572 932 5649 observata—lego
958 5572 1431 5649 ﬂuntmonachis
1463 5575 1719 5649 propria,
1740 5578 1867 5630 tum

217 5642 269 5699 Ii
320 5650 673 5708 sanctitatem
718 5642 1048 5718 redoieant,
1078 5651 1206 5705 tum
1256 5647 1307 5705 si
1356 5642 1492 5706 cum
1540 5642 1867 5719 baptisma-

1982 5006 2138 5061 libus
2170 5005 2378 5060 saltem
2415 5000 2895 5074 primordialibus
2925 5001 2985 5055 in
3020 4999 3229 5074 litteris
3262 4997 3638 5053 conveniant-

1987 5077 2145 5132 Unde
2179 5077 2368 5131 disces
2399 5071 2501 5129 cur
2546 5071 2911 5127 Andronicus
2960 5075 3155 5128 senior
3186 5072 3377 5125 factus
3430 5086 3637 5123 mona-

1982 5150 2129 5204 chus
2186 5149 2378 5203 dictus
2427 5146 2502 5201 sit
2548 5143 2833 5198 Antonius
2885 5145 3036 5214 apud
3087 5143 3404 5214 Gregoram
3454 5141 3490 5194 l.
3553 5157 3630 5214 ix,

1979 5225 2235 5275 Joannes
2292 5220 2730 5273 Cantacuzenus
2790 5212 2943 5285 apud
3004 5216 3329 5285 ipsummet
3376 5212 3635 5285 Joasaph

1982 5309 2195 5348 nomen
2241 5290 2547 5361 acceperit,
2576 5283 2859 5357 Georgius
2910 5283 3213 5361 Pb_ranzes_
3247 5300 3355 5361 cur
3382 5283 3637 5361 audierit

1981 5363 2295 5435 Gregorius
2326 5356 2586 5435 et'Elena
2615 5356 2920 5435 ejus'_uxor
2966 5356 3275 5435 Eupraxi_a_,
3310 5360 3367 5409 et
3397 5356 3631 5435 tandem

1981 5426 2434 5490 cur7Ecaterina
2471 5426 2813 5501 imperatrix
2854 5426 3069 5501 vocata
3092 5430 3170 5485 sit
3201 5428 3399 5501 Eleos,
3431 5426 3489 5501 si
3514 5442 3629 5501 non

1980 5523 2049 5561 ex
2080 5505 2476 5577 primordialis
2520 5496 2750 5569 litterae,
2784 5498 2991 5555 saltem
3028 5517 3097 5556 ex
3125 5496 3628 5572 pronuntiationis

1980 5593 2292 5634 οοῑιεθηευ.
