  <div class='ocr_page' id='page_1' title='image "/cluster/home/n/w/nwhite01/storage/ocr_20150623/122/hvd.32044073502460/201.png"; bbox 0 0 4040 6196; ppageno 0'>
   <div class='ocr_carea' id='block_1_1' title="bbox 363 311 483 371">
    <p class='ocr_par' dir='ltr' id='par_1_1' title="bbox 363 311 483 371">
     <span class='ocr_line' id='line_1_1' title="bbox 363 311 483 371; baseline 0.017 -2"><span class='ocrx_word' id='word_1_1' title='bbox 363 311 483 371; x_wconf 83' lang='lat'>379</span> 
     </span>
    </p>
   </div>
   <div class='ocr_carea' id='block_1_2' title="bbox 1660 300 2466 370">
    <p class='ocr_par' dir='ltr' id='par_1_2' title="bbox 1660 300 2466 370">
     <span class='ocr_line' id='line_1_2' title="bbox 1660 300 2466 370; baseline -0.006 0"><span class='ocrx_word' id='word_1_2' title='bbox 1660 310 1691 370; x_wconf 87' lang='grc'>.1</span> <span class='ocrx_word' id='word_1_3' title='bbox 1700 307 1988 369; x_wconf 79' lang='lat' dir='ltr'><strong>OANNIS</strong></span> <span class='ocrx_word' id='word_1_4' title='bbox 2036 300 2466 366; x_wconf 69' lang='lat' dir='ltr'>SCYLITZE.</span> 
     </span>
    </p>
   </div>
   <div class='ocr_carea' id='block_1_3' title="bbox 3656 306 3782 369">
    <p class='ocr_par' dir='ltr' id='par_1_3' title="bbox 3656 306 3782 369">
     <span class='ocr_line' id='line_1_3' title="bbox 3656 306 3782 369; baseline 0.016 -1"><span class='ocrx_word' id='word_1_5' title='bbox 3656 306 3782 369; x_wconf 85' lang='lat'>380</span> 
     </span>
    </p>
   </div>
   <div class='ocr_carea' id='block_1_4' title="bbox 364 430 2035 514">
    <p class='ocr_par' dir='ltr' id='par_1_4' title="bbox 364 437 2015 514">
     <span class='ocr_line' id='line_1_4' title="bbox 364 437 2015 514; baseline -0.004 -16"><span class='ocrx_word' id='word_1_6' title='bbox 364 459 532 499; x_wconf 84' lang='lat' dir='ltr'>sacra</span> <span class='ocrx_word' id='word_1_7' title='bbox 561 441 784 514; x_wconf 76' lang='lat' dir='ltr'>peregit</span> <span class='ocrx_word' id='word_1_8' title='bbox 812 441 1207 513; x_wconf 78' lang='lat' dir='ltr'>imperatoris,</span> <span class='ocrx_word' id='word_1_9' title='bbox 1241 445 1298 496; x_wconf 90' lang='lat' dir='ltr'>et</span> <span class='ocrx_word' id='word_1_10' title='bbox 1336 440 1482 513; x_wconf 80' lang='lat' dir='ltr'>ipsis</span> <span class='ocrx_word' id='word_1_11' title='bbox 1512 440 1787 496; x_wconf 90' lang='lat' dir='ltr'>omnibus</span> <span class='ocrx_word' id='word_1_12' title='bbox 1820 437 2015 509; x_wconf 87' lang='lat' dir='ltr'>dupli-</span> 
     </span>
    </p>
   </div>
   <div class='ocr_carea' id='block_1_5' title="bbox 2151 430 3782 514">
    <p class='ocr_par' dir='ltr' id='par_1_5' title="bbox 2151 430 3782 503">
     <span class='ocr_line' id='line_1_5' title="bbox 2151 430 3782 503; baseline 0.001 -14"><span class='ocrx_word' id='word_1_13' title='bbox 2151 431 2405 495; x_wconf 67' lang='grc' dir='ltr'>Βασιλέως</span> <span class='ocrx_word' id='word_1_14' title='bbox 2436 432 2645 503; x_wconf 70' lang='grc' dir='ltr'>ἐτήσια,</span> <span class='ocrx_word' id='word_1_15' title='bbox 2679 430 2849 488; x_wconf 80' lang='grc' dir='ltr'>διπλᾶ</span> <span class='ocrx_word' id='word_1_16' title='bbox 2878 431 2934 488; x_wconf 74' lang='grc' dir='ltr'>δὶ</span> <span class='ocrx_word' id='word_1_17' title='bbox 2981 433 3197 497; x_wconf 76' lang='grc' dir='ltr'>τούτοις</span> <span class='ocrx_word' id='word_1_18' title='bbox 3252 437 3424 490; x_wconf 72' lang='grc' dir='ltr'>πάντα</span> <span class='ocrx_word' id='word_1_19' title='bbox 3463 456 3530 490; x_wconf 90' lang='grc' dir='ltr'>τα</span> <span class='ocrx_word' id='word_1_20' title='bbox 3576 435 3635 491; x_wconf 68' lang='grc' dir='ltr'>ἐκ</span> <span class='ocrx_word' id='word_1_21' title='bbox 3680 438 3782 491; x_wconf 70' lang='grc' dir='ltr'>τῦ-</span> 
     </span>
    </p>
   </div>
   <div class='ocr_carea' id='block_1_6' title="bbox 366 528 2011 601">
    <p class='ocr_par' dir='ltr' id='par_1_6' title="bbox 366 528 2011 601">
     <span class='ocr_line' id='line_1_6' title="bbox 366 528 2011 601; baseline -0.004 -14"><span class='ocrx_word' id='word_1_22' title='bbox 366 534 453 588; x_wconf 90' lang='lat' dir='ltr'>cia</span> <span class='ocrx_word' id='word_1_23' title='bbox 512 550 577 586; x_wconf 90' lang='lat' dir='ltr'>ea</span> <span class='ocrx_word' id='word_1_24' title='bbox 636 548 762 601; x_wconf 68' lang='lat' dir='ltr'>quae</span> <span class='ocrx_word' id='word_1_25' title='bbox 822 531 948 585; x_wconf 89' lang='lat' dir='ltr'>dari</span> <span class='ocrx_word' id='word_1_26' title='bbox 1007 534 1431 585; x_wconf 87' lang='lat' dir='ltr'>consueverant</span> <span class='ocrx_word' id='word_1_27' title='bbox 1477 528 1726 600; x_wconf 81' lang='lat' dir='ltr'>persolvi</span> <span class='ocrx_word' id='word_1_28' title='bbox 1773 528 2011 598; x_wconf 86' lang='lat' dir='ltr'>jussit:</span> 
     </span>
    </p>
   </div>
   <div class='ocr_carea' id='block_1_7' title="bbox 368 619 2015 676">
    <p class='ocr_par' dir='ltr' id='par_1_7' title="bbox 368 619 2015 676">
     <span class='ocr_line' id='line_1_7' title="bbox 368 619 2015 676; baseline -0.004 0"><span class='ocrx_word' id='word_1_29' title='bbox 368 622 629 676; x_wconf 82' lang='lat' dir='ltr'>antistite</span> <span class='ocrx_word' id='word_1_30' title='bbox 662 626 856 675; x_wconf 89' lang='lat' dir='ltr'>autem</span> <span class='ocrx_word' id='word_1_31' title='bbox 907 620 1209 673; x_wconf 78' lang='lat' dir='ltr'>dubitante</span> <span class='ocrx_word' id='word_1_32' title='bbox 1254 624 1309 672; x_wconf 91' lang='lat' dir='ltr'>et</span> <span class='ocrx_word' id='word_1_33' title='bbox 1340 619 1560 673; x_wconf 87' lang='lat' dir='ltr'>sensim</span> <span class='ocrx_word' id='word_1_34' title='bbox 1614 619 1921 671; x_wconf 80' lang='lat' dir='ltr'><strong>accedente</strong></span> <span class='ocrx_word' id='word_1_35' title='bbox 1952 632 2015 670; x_wconf 93' lang='lat' dir='ltr'>ac</span> 
     </span>
    </p>
   </div>
   <div class='ocr_carea' id='block_1_8' title="bbox 368 704 2014 781">
    <p class='ocr_par' dir='ltr' id='par_1_8' title="bbox 368 704 2014 781">
     <span class='ocr_line' id='line_1_8' title="bbox 368 704 2014 781; baseline -0.004 -16"><span class='ocrx_word' id='word_1_36' title='bbox 368 709 784 781; x_wconf 84' lang='lat' dir='ltr'>duplicationis</span> <span class='ocrx_word' id='word_1_37' title='bbox 821 710 1107 763; x_wconf 88' lang='lat' dir='ltr'>rationem</span> <span class='ocrx_word' id='word_1_38' title='bbox 1142 714 1436 778; x_wconf 65' lang='lat' dir='ltr'>quaarente</span> <span class='ocrx_word' id='word_1_39' title='bbox 1463 726 1473 762; x_wconf 94' lang='lat'>:</span> <span class='ocrx_word' id='word_1_40' title='bbox 1501 730 1527 756; x_wconf 90' lang='grc'>‹‹</span> <span class='ocrx_word' id='word_1_41' title='bbox 1556 707 1700 772; x_wconf 83' lang='lat' dir='ltr'>Quia</span> <span class='ocrx_word' id='word_1_42' title='bbox 1724 724 1834 759; x_wconf 94' lang='lat' dir='ltr'>non</span> <span class='ocrx_word' id='word_1_43' title='bbox 1862 704 2014 770; x_wconf 82' lang='lat' dir='ltr'>novi,</span> 
     </span>
    </p>
   </div>
   <div class='ocr_carea' id='block_1_9' title="bbox 370 796 2019 869">
    <p class='ocr_par' dir='ltr' id='par_1_9' title="bbox 370 796 2019 869">
     <span class='ocr_line' id='line_1_9' title="bbox 370 796 2019 869; baseline -0.004 -16"><span class='ocrx_word' id='word_1_44' title='bbox 370 799 579 869; x_wconf 86' lang='lat' dir='ltr'>inquit,</span> <span class='ocrx_word' id='word_1_45' title='bbox 613 816 644 853; x_wconf 96' lang='lat' dir='ltr'>o</span> <span class='ocrx_word' id='word_1_46' title='bbox 698 798 946 852; x_wconf 83' lang='lat' dir='ltr'>maxime</span> <span class='ocrx_word' id='word_1_47' title='bbox 995 798 1340 860; x_wconf 82' lang='lat' dir='ltr'>venerande,</span> <span class='ocrx_word' id='word_1_48' title='bbox 1375 815 1446 850; x_wconf 87' lang='lat' dir='ltr'>an</span> <span class='ocrx_word' id='word_1_49' title='bbox 1480 796 1815 866; x_wconf 87' lang='lat' dir='ltr'>insequenti</span> <span class='ocrx_word' id='word_1_50' title='bbox 1865 810 2019 849; x_wconf 89' lang='lat' dir='ltr'>anno</span> 
     </span>
    </p>
   </div>
   <div class='ocr_carea' id='block_1_10' title="bbox 368 885 2019 950">
    <p class='ocr_par' dir='ltr' id='par_1_10' title="bbox 368 885 2019 950">
     <span class='ocr_line' id='line_1_10' title="bbox 368 885 2019 950; baseline -0.004 -7"><span class='ocrx_word' id='word_1_51' title='bbox 368 888 667 943; x_wconf 85' lang='lat' dir='ltr'>vobiscum</span> <span class='ocrx_word' id='word_1_52' title='bbox 694 889 890 941; x_wconf 76' lang='lat' dir='ltr'>futura</span> <span class='ocrx_word' id='word_1_53' title='bbox 912 888 1045 950; x_wconf 90' lang='lat' dir='ltr'>sim,</span> <span class='ocrx_word' id='word_1_54' title='bbox 1079 886 1192 940; x_wconf 85' lang='lat' dir='ltr'>Deo</span> <span class='ocrx_word' id='word_1_55' title='bbox 1222 887 1465 940; x_wconf 79' lang='lat' dir='ltr'>fortasse</span> <span class='ocrx_word' id='word_1_56' title='bbox 1486 885 1653 939; x_wconf 80' lang='lat' dir='ltr'>aliter</span> <span class='ocrx_word' id='word_1_57' title='bbox 1676 902 1767 939; x_wconf 89' lang='lat' dir='ltr'>res</span> <span class='ocrx_word' id='word_1_58' title='bbox 1790 889 2019 938; x_wconf 88' lang='lat' dir='ltr'>nostras</span> 
     </span>
    </p>
   </div>
   <div class='ocr_carea' id='block_1_11' title="bbox 370 972 2016 1048">
    <p class='ocr_par' dir='ltr' id='par_1_11' title="bbox 370 972 2016 1048">
     <span class='ocr_line' id='line_1_11' title="bbox 370 972 2016 1048; baseline -0.005 -16"><span class='ocrx_word' id='word_1_59' title='bbox 370 995 471 1048; x_wconf 92' lang='lat' dir='ltr'>pro</span> <span class='ocrx_word' id='word_1_60' title='bbox 497 994 604 1031; x_wconf 87' lang='lat' dir='ltr'>sua</span> <span class='ocrx_word' id='word_1_61' title='bbox 628 976 926 1029; x_wconf 85' lang='lat' dir='ltr'>voluntate</span> <span class='ocrx_word' id='word_1_62' title='bbox 952 976 1308 1029; x_wconf 87' lang='lat' dir='ltr'>moderante.</span> <span class='ocrx_word' id='word_1_63' title='bbox 1339 998 1359 1025; x_wconf 72' lang='grc' dir='ltr'>ι</span> <span class='ocrx_word' id='word_1_64' title='bbox 1388 975 1548 1039; x_wconf 87' lang='lat' dir='ltr'>Quod</span> <span class='ocrx_word' id='word_1_65' title='bbox 1578 974 1748 1027; x_wconf 84' lang='lat' dir='ltr'>etiam</span> <span class='ocrx_word' id='word_1_66' title='bbox 1777 972 2016 1040; x_wconf 69' lang='lat' dir='ltr'>acciditl:</span> 
     </span>
    </p>
   </div>
   <div class='ocr_carea' id='block_1_12' title="bbox 370 1062 2019 1134">
    <p class='ocr_par' dir='ltr' id='par_1_12' title="bbox 370 1062 2019 1134">
     <span class='ocr_line' id='line_1_12' title="bbox 370 1062 2019 1134; baseline -0.003 -15"><span class='ocrx_word' id='word_1_67' title='bbox 370 1065 469 1120; x_wconf 89' lang='lat' dir='ltr'>illa</span> <span class='ocrx_word' id='word_1_68' title='bbox 517 1064 671 1119; x_wconf 89' lang='lat' dir='ltr'>enim</span> <span class='ocrx_word' id='word_1_69' title='bbox 736 1068 869 1117; x_wconf 83' lang='lat' dir='ltr'>ante</span> <span class='ocrx_word' id='word_1_70' title='bbox 921 1062 1064 1117; x_wconf 89' lang='lat' dir='ltr'>illud</span> <span class='ocrx_word' id='word_1_71' title='bbox 1125 1067 1358 1134; x_wconf 80' lang='lat' dir='ltr'>tempus</span> <span class='ocrx_word' id='word_1_72' title='bbox 1407 1063 1525 1117; x_wconf 90' lang='lat' dir='ltr'>vita</span> <span class='ocrx_word' id='word_1_73' title='bbox 1584 1063 1857 1117; x_wconf 88' lang='lat' dir='ltr'>del&#39;uncta</span> <span class='ocrx_word' id='word_1_74' title='bbox 1909 1067 2019 1130; x_wconf 89' lang='lat' dir='ltr'>est,</span> 
     </span>
    </p>
   </div>
   <div class='ocr_carea' id='block_1_13' title="bbox 370 1151 2021 1224">
    <p class='ocr_par' dir='ltr' id='par_1_13' title="bbox 370 1151 2021 1224">
     <span class='ocr_line' id='line_1_13' title="bbox 370 1151 2021 1224; baseline -0.004 -15"><span class='ocrx_word' id='word_1_75' title='bbox 370 1154 664 1224; x_wconf 90' lang='lat' dir='ltr'>voluitque</span> <span class='ocrx_word' id='word_1_76' title='bbox 698 1170 828 1207; x_wconf 90' lang='lat' dir='ltr'>cum</span> <span class='ocrx_word' id='word_1_77' title='bbox 876 1153 1155 1207; x_wconf 87' lang='lat' dir='ltr'>fratribus</span> <span class='ocrx_word' id='word_1_78' title='bbox 1186 1153 1244 1207; x_wconf 93' lang='lat' dir='ltr'>in</span> <span class='ocrx_word' id='word_1_79' title='bbox 1295 1152 1628 1207; x_wconf 72' lang='lat' dir='ltr'>cmmeterin</span> <span class='ocrx_word' id='word_1_80' title='bbox 1679 1151 2021 1206; x_wconf 86' lang='lat' dir='ltr'>monasterii</span> 
     </span>
    </p>
   </div>
   <div class='ocr_carea' id='block_1_14' title="bbox 372 1239 2024 1311">
    <p class='ocr_par' dir='ltr' id='par_1_14' title="bbox 372 1239 2024 1311">
     <span class='ocr_line' id='line_1_14' title="bbox 372 1239 2024 1311; baseline -0.002 -14"><span class='ocrx_word' id='word_1_81' title='bbox 372 1242 561 1297; x_wconf 88' lang='lat' dir='ltr'>Studii</span> <span class='ocrx_word' id='word_1_82' title='bbox 597 1240 850 1311; x_wconf 89' lang='lat' dir='ltr'>sepeliri.</span> <span class='ocrx_word' id='word_1_83' title='bbox 904 1246 1200 1296; x_wconf 88' lang='lat' dir='ltr'>Ornarunt</span> <span class='ocrx_word' id='word_1_84' title='bbox 1249 1247 1441 1295; x_wconf 87' lang='lat' dir='ltr'>autem</span> <span class='ocrx_word' id='word_1_85' title='bbox 1496 1246 1757 1310; x_wconf 84' lang='lat' dir='ltr'>uterque,</span> <span class='ocrx_word' id='word_1_86' title='bbox 1790 1246 1846 1293; x_wconf 90' lang='lat' dir='ltr'>et</span> <span class='ocrx_word' id='word_1_87' title='bbox 1895 1239 2024 1311; x_wconf 88' lang='lat' dir='ltr'>ipsa</span> 
     </span>
    </p>
   </div>
   <div class='ocr_carea' id='block_1_15' title="bbox 369 1328 2021 1402">
    <p class='ocr_par' dir='ltr' id='par_1_15' title="bbox 369 1328 2021 1402">
     <span class='ocr_line' id='line_1_15' title="bbox 369 1328 2021 1402; baseline -0.002 -17"><span class='ocrx_word' id='word_1_88' title='bbox 369 1336 425 1386; x_wconf 89' lang='lat' dir='ltr'>et</span> <span class='ocrx_word' id='word_1_89' title='bbox 447 1332 784 1402; x_wconf 88' lang='lat' dir='ltr'>imperator,</span> <span class='ocrx_word' id='word_1_90' title='bbox 812 1331 1301 1401; x_wconf 85' lang='lat' dir='ltr'>augustissimum</span> <span class='ocrx_word' id='word_1_91' title='bbox 1333 1330 1713 1385; x_wconf 70' lang='lat' dir='ltr'>Priscursoris</span> <span class='ocrx_word' id='word_1_92' title='bbox 1736 1328 2021 1399; x_wconf 78' lang='lat' dir='ltr'>templum</span> 
     </span>
    </p>
   </div>
   <div class='ocr_carea' id='block_1_16' title="bbox 369 1417 2024 1491">
    <p class='ocr_par' dir='ltr' id='par_1_16' title="bbox 369 1417 2024 1491">
     <span class='ocr_line' id='line_1_16' title="bbox 369 1417 2024 1491; baseline -0.001 -18"><span class='ocrx_word' id='word_1_93' title='bbox 369 1420 442 1474; x_wconf 89' lang='lat' dir='ltr'>iis</span> <span class='ocrx_word' id='word_1_94' title='bbox 518 1437 645 1491; x_wconf 74' lang='lat' dir='ltr'>quae</span> <span class='ocrx_word' id='word_1_95' title='bbox 715 1436 1139 1474; x_wconf 87' lang='lat' dir='ltr'>connumerare</span> <span class='ocrx_word' id='word_1_96' title='bbox 1206 1436 1271 1473; x_wconf 86' lang='lat' dir='ltr'>ac</span> <span class='ocrx_word' id='word_1_97' title='bbox 1339 1417 1641 1489; x_wconf 86' lang='lat' dir='ltr'>sigillatim</span> <span class='ocrx_word' id='word_1_98' title='bbox 1723 1433 2024 1472; x_wconf 89' lang='lat' dir='ltr'>recensere</span> 
     </span>
    </p>
   </div>
   <div class='ocr_carea' id='block_1_17' title="bbox 370 1507 1092 1563">
    <p class='ocr_par' dir='ltr' id='par_1_17' title="bbox 370 1507 1092 1563">
     <span class='ocr_line' id='line_1_17' title="bbox 370 1507 1092 1563; baseline -0.001 -1"><span class='ocrx_word' id='word_1_99' title='bbox 370 1508 689 1563; x_wconf 86' lang='lat' dir='ltr'>Herculeus</span> <span class='ocrx_word' id='word_1_100' title='bbox 722 1507 887 1562; x_wconf 89' lang='lat' dir='ltr'>labor</span> <span class='ocrx_word' id='word_1_101' title='bbox 918 1512 1092 1562; x_wconf 89' lang='lat' dir='ltr'>esset.</span> 
     </span>
    </p>
   </div>
   <div class='ocr_carea' id='block_1_18' title="bbox 444 1684 2020 1756">
    <p class='ocr_par' dir='ltr' id='par_1_18' title="bbox 444 1684 2020 1756">
     <span class='ocr_line' id='line_1_18' title="bbox 444 1684 2020 1756; baseline -0.002 -16"><span class='ocrx_word' id='word_1_102' title='bbox 444 1684 576 1740; x_wconf 89' lang='lat' dir='ltr'>Fuit</span> <span class='ocrx_word' id='word_1_103' title='bbox 606 1686 926 1756; x_wconf 86' lang='lat' dir='ltr'>imperator</span> <span class='ocrx_word' id='word_1_104' title='bbox 956 1685 1216 1740; x_wconf 89' lang='lat' dir='ltr'>moribus</span> <span class='ocrx_word' id='word_1_105' title='bbox 1240 1690 1543 1750; x_wconf 88' lang='lat' dir='ltr'>constans,</span> <span class='ocrx_word' id='word_1_106' title='bbox 1568 1701 1772 1756; x_wconf 71' lang='lat' dir='ltr'>aequus</span> <span class='ocrx_word' id='word_1_107' title='bbox 1802 1684 2020 1752; x_wconf 88' lang='lat' dir='ltr'>animo,</span> 
     </span>
    </p>
   </div>
   <div class='ocr_carea' id='block_1_19' title="bbox 373 1774 2019 1845">
    <p class='ocr_par' dir='ltr' id='par_1_19' title="bbox 373 1774 2019 1845">
     <span class='ocr_line' id='line_1_19' title="bbox 373 1774 2019 1845; baseline -0.002 -16"><span class='ocrx_word' id='word_1_108' title='bbox 373 1779 565 1829; x_wconf 87' lang='lat' dir='ltr'>mente</span> <span class='ocrx_word' id='word_1_109' title='bbox 598 1779 823 1841; x_wconf 86' lang='lat' dir='ltr'>acutus,</span> <span class='ocrx_word' id='word_1_110' title='bbox 853 1791 1028 1828; x_wconf 90' lang='lat' dir='ltr'>manu</span> <span class='ocrx_word' id='word_1_111' title='bbox 1052 1779 1353 1842; x_wconf 82' lang='lat' dir='ltr'>strenuus,</span> <span class='ocrx_word' id='word_1_112' title='bbox 1379 1774 1764 1845; x_wconf 82' lang='lat' dir='ltr'>intelligentia</span> <span class='ocrx_word' id='word_1_113' title='bbox 1790 1789 2019 1843; x_wconf 82' lang='lat' dir='ltr'>promp—</span> 
     </span>
    </p>
   </div>
   <div class='ocr_carea' id='block_1_20' title="bbox 372 1861 2019 1935">
    <p class='ocr_par' dir='ltr' id='par_1_20' title="bbox 372 1861 2019 1935">
     <span class='ocr_line' id='line_1_20' title="bbox 372 1861 2019 1935; baseline -0.002 -18"><span class='ocrx_word' id='word_1_114' title='bbox 372 1866 486 1932; x_wconf 80' lang='lat' dir='ltr'>tus,</span> <span class='ocrx_word' id='word_1_115' title='bbox 520 1863 579 1917; x_wconf 92' lang='lat' dir='ltr'>in</span> <span class='ocrx_word' id='word_1_116' title='bbox 614 1863 786 1917; x_wconf 91' lang='lat' dir='ltr'>rebus</span> <span class='ocrx_word' id='word_1_117' title='bbox 821 1863 1044 1916; x_wconf 86' lang='lat' dir='ltr'>bellicis</span> <span class='ocrx_word' id='word_1_118' title='bbox 1094 1863 1511 1935; x_wconf 85' lang='lat' dir='ltr'>peritissimus,</span> <span class='ocrx_word' id='word_1_119' title='bbox 1549 1862 1817 1917; x_wconf 87' lang='lat' dir='ltr'>hostibus</span> <span class='ocrx_word' id='word_1_120' title='bbox 1848 1861 2019 1915; x_wconf 84' lang='lat' dir='ltr'>terri-</span> 
     </span>
    </p>
   </div>
   <div class='ocr_carea' id='block_1_21' title="bbox 375 1950 2023 2019">
    <p class='ocr_par' dir='ltr' id='par_1_21' title="bbox 375 1950 2023 2019">
     <span class='ocr_line' id='line_1_21' title="bbox 375 1950 2023 2019; baseline -0.001 -14"><span class='ocrx_word' id='word_1_121' title='bbox 375 1950 535 2019; x_wconf 88' lang='lat' dir='ltr'>bilis,</span> <span class='ocrx_word' id='word_1_122' title='bbox 594 1950 718 2005; x_wconf 91' lang='lat' dir='ltr'>suis</span> <span class='ocrx_word' id='word_1_123' title='bbox 780 1967 841 2005; x_wconf 90' lang='lat' dir='ltr'>re</span> <span class='ocrx_word' id='word_1_124' title='bbox 901 1952 1236 2017; x_wconf 89' lang='lat' dir='ltr'>benevolus,</span> <span class='ocrx_word' id='word_1_125' title='bbox 1300 1953 1489 2006; x_wconf 88' lang='lat' dir='ltr'>verbis</span> <span class='ocrx_word' id='word_1_126' title='bbox 1538 1952 1811 2007; x_wconf 77' lang='lat' dir='ltr'>infestus.</span> <span class='ocrx_word' id='word_1_127' title='bbox 1878 1951 2023 2005; x_wconf 83' lang='lat' dir='ltr'>Cum</span> 
     </span>
    </p>
   </div>
   <div class='ocr_carea' id='block_1_22' title="bbox 371 2041 2025 2112">
    <p class='ocr_par' dir='ltr' id='par_1_22' title="bbox 371 2041 2025 2112">
     <span class='ocr_line' id='line_1_22' title="bbox 371 2041 2025 2112; baseline -0.002 -17"><span class='ocrx_word' id='word_1_128' title='bbox 371 2045 569 2095; x_wconf 89' lang='lat' dir='ltr'>tamen</span> <span class='ocrx_word' id='word_1_129' title='bbox 605 2058 637 2094; x_wconf 92' lang='lat' dir='ltr'>a</span> <span class='ocrx_word' id='word_1_130' title='bbox 668 2041 953 2111; x_wconf 89' lang='lat' dir='ltr'>principio</span> <span class='ocrx_word' id='word_1_131' title='bbox 986 2041 1249 2095; x_wconf 89' lang='lat' dir='ltr'>moribus</span> <span class='ocrx_word' id='word_1_132' title='bbox 1273 2041 1365 2096; x_wconf 88' lang='lat' dir='ltr'>his</span> <span class='ocrx_word' id='word_1_133' title='bbox 1398 2041 1858 2112; x_wconf 88' lang='lat' dir='ltr'>haudquaquam</span> <span class='ocrx_word' id='word_1_134' title='bbox 1879 2056 2025 2109; x_wconf 66' lang='lat' dir='ltr'>pris-</span> 
     </span>
    </p>
   </div>
   <div class='ocr_carea' id='block_1_23' title="bbox 373 2129 2027 2201">
    <p class='ocr_par' dir='ltr' id='par_1_23' title="bbox 373 2129 2027 2201">
     <span class='ocr_line' id='line_1_23' title="bbox 373 2129 2027 2201; baseline 0 -18"><span class='ocrx_word' id='word_1_135' title='bbox 373 2130 533 2183; x_wconf 89' lang='lat' dir='ltr'>ditus</span> <span class='ocrx_word' id='word_1_136' title='bbox 564 2135 739 2195; x_wconf 88' lang='lat' dir='ltr'>esset,</span> <span class='ocrx_word' id='word_1_137' title='bbox 775 2130 965 2183; x_wconf 87' lang='lat' dir='ltr'>aiebat</span> <span class='ocrx_word' id='word_1_138' title='bbox 1016 2136 1281 2201; x_wconf 89' lang='lat' dir='ltr'>oportere</span> <span class='ocrx_word' id='word_1_139' title='bbox 1332 2131 1739 2200; x_wconf 80' lang='lat' dir='ltr'>imperatorem</span> <span class='ocrx_word' id='word_1_140' title='bbox 1775 2129 2027 2184; x_wconf 87' lang='lat' dir='ltr'>externis</span> 
     </span>
    </p>
   </div>
   <div class='ocr_carea' id='block_1_24' title="bbox 375 2218 2028 2287">
    <p class='ocr_par' dir='ltr' id='par_1_24' title="bbox 375 2218 2028 2287">
     <span class='ocr_line' id='line_1_24' title="bbox 375 2218 2028 2287; baseline -0.001 -14"><span class='ocrx_word' id='word_1_141' title='bbox 375 2234 503 2273; x_wconf 89' lang='lat' dir='ltr'>esse</span> <span class='ocrx_word' id='word_1_142' title='bbox 550 2218 893 2287; x_wconf 87' lang='lat' dir='ltr'>terribilem,</span> <span class='ocrx_word' id='word_1_143' title='bbox 945 2220 1069 2272; x_wconf 88' lang='lat' dir='ltr'>suis</span> <span class='ocrx_word' id='word_1_144' title='bbox 1121 2219 1379 2273; x_wconf 82' lang='lat' dir='ltr'>facilem.</span> <span class='ocrx_word' id='word_1_145' title='bbox 1430 2219 1656 2273; x_wconf 82' lang='lat' dir='ltr'>Rursus</span> <span class='ocrx_word' id='word_1_146' title='bbox 1708 2219 1900 2273; x_wconf 87' lang='lat' dir='ltr'>aiebat</span> <span class='ocrx_word' id='word_1_147' title='bbox 1930 2234 2028 2272; x_wconf 89' lang='lat' dir='ltr'>eos</span> 
     </span>
    </p>
   </div>
   <div class='ocr_carea' id='block_1_25' title="bbox 377 2307 2027 2378">
    <p class='ocr_par' dir='ltr' id='par_1_25' title="bbox 377 2307 2027 2378">
     <span class='ocr_line' id='line_1_25' title="bbox 377 2307 2027 2378; baseline -0.001 -17"><span class='ocrx_word' id='word_1_148' title='bbox 377 2308 475 2377; x_wconf 89' lang='lat' dir='ltr'>qui</span> <span class='ocrx_word' id='word_1_149' title='bbox 513 2308 879 2378; x_wconf 81' lang='lat' dir='ltr'>tyrannidem</span> <span class='ocrx_word' id='word_1_150' title='bbox 931 2307 1289 2373; x_wconf 73' lang='lat' dir='ltr'>aifectarent,</span> <span class='ocrx_word' id='word_1_151' title='bbox 1325 2308 1565 2363; x_wconf 87' lang='lat' dir='ltr'>libertos</span> <span class='ocrx_word' id='word_1_152' title='bbox 1605 2309 2027 2378; x_wconf 76' lang='lat' dir='ltr'>imperatorum</span> 
     </span>
    </p>
   </div>
   <div class='ocr_carea' id='block_1_26' title="bbox 376 2395 2026 2467">
    <p class='ocr_par' dir='ltr' id='par_1_26' title="bbox 376 2395 2026 2467">
     <span class='ocr_line' id='line_1_26' title="bbox 376 2395 2026 2467; baseline 0.001 -18"><span class='ocrx_word' id='word_1_153' title='bbox 376 2395 499 2450; x_wconf 75' lang='lat' dir='ltr'>fieri</span> <span class='ocrx_word' id='word_1_154' title='bbox 542 2395 705 2449; x_wconf 88' lang='lat' dir='ltr'>velle.</span> <span class='ocrx_word' id='word_1_155' title='bbox 738 2396 1001 2466; x_wconf 86' lang='lat' dir='ltr'>Cumque</span> <span class='ocrx_word' id='word_1_156' title='bbox 1055 2402 1432 2451; x_wconf 84' lang='lat' dir='ltr'>accusaretur</span> <span class='ocrx_word' id='word_1_157' title='bbox 1463 2397 1616 2466; x_wconf 88' lang='lat' dir='ltr'>quod</span> <span class='ocrx_word' id='word_1_158' title='bbox 1662 2396 2026 2467; x_wconf 83' lang='lat' dir='ltr'>tyrannidem</span> 
     </span>
    </p>
   </div>
   <div class='ocr_carea' id='block_1_27' title="bbox 376 2485 2029 2557">
    <p class='ocr_par' dir='ltr' id='par_1_27' title="bbox 376 2485 2029 2557">
     <span class='ocr_line' id='line_1_27' title="bbox 376 2485 2029 2557; baseline 0.001 -19"><span class='ocrx_word' id='word_1_159' title='bbox 376 2485 691 2539; x_wconf 77' lang='lat' dir='ltr'>invasisset</span> <span class='ocrx_word' id='word_1_160' title='bbox 712 2490 914 2539; x_wconf 87' lang='lat' dir='ltr'>contra</span> <span class='ocrx_word' id='word_1_161' title='bbox 940 2485 1278 2540; x_wconf 84' lang='lat' dir='ltr'>Michaelem</span> <span class='ocrx_word' id='word_1_162' title='bbox 1307 2504 1317 2540; x_wconf 90' lang='lat'>:</span> <span class='ocrx_word' id='word_1_163' title='bbox 1350 2508 1375 2538; x_wconf 76' lang='grc' dir='ltr'>α</span> <span class='ocrx_word' id='word_1_164' title='bbox 1406 2487 1646 2557; x_wconf 84' lang='lat' dir='ltr'>Pigebat</span> <span class='ocrx_word' id='word_1_165' title='bbox 1678 2503 1789 2549; x_wconf 91' lang='lat' dir='ltr'>me,</span> <span class='ocrx_word' id='word_1_166' title='bbox 1816 2485 2029 2556; x_wconf 86' lang='lat' dir='ltr'>inquit,</span> 
     </span>
    </p>
   </div>
   <div class='ocr_carea' id='block_1_28' title="bbox 379 2575 2032 2645">
    <p class='ocr_par' dir='ltr' id='par_1_28' title="bbox 379 2575 2032 2645">
     <span class='ocr_line' id='line_1_28' title="bbox 379 2575 2032 2645; baseline -0.001 -16"><span class='ocrx_word' id='word_1_167' title='bbox 379 2575 526 2629; x_wconf 76' lang='lat'>651</span> <span class='ocrx_word' id='word_1_168' title='bbox 567 2590 842 2627; x_wconf 88' lang='lat' dir='ltr'>conservo</span> <span class='ocrx_word' id='word_1_169' title='bbox 874 2575 1110 2642; x_wconf 82' lang='lat' dir='ltr'>servire,</span> <span class='ocrx_word' id='word_1_170' title='bbox 1148 2592 1335 2645; x_wconf 89' lang='lat' dir='ltr'>neque</span> <span class='ocrx_word' id='word_1_171' title='bbox 1359 2577 1525 2645; x_wconf 87' lang='lat' dir='ltr'>justa</span> <span class='ocrx_word' id='word_1_172' title='bbox 1570 2576 1867 2645; x_wconf 87' lang='lat' dir='ltr'>consequi.</span> <span class='ocrx_word' id='word_1_173' title='bbox 1906 2599 1926 2624; x_wconf 75' lang='grc' dir='ltr'>ι)</span> <span class='ocrx_word' id='word_1_174' title='bbox 1963 2575 2032 2628; x_wconf 89' lang='lat' dir='ltr'>Et</span> 
     </span>
    </p>
   </div>
   <div class='ocr_carea' id='block_1_29' title="bbox 380 2663 2029 2735">
    <p class='ocr_par' dir='ltr' id='par_1_29' title="bbox 380 2663 2029 2735">
     <span class='ocr_line' id='line_1_29' title="bbox 380 2663 2029 2735; baseline 0 -18"><span class='ocrx_word' id='word_1_175' title='bbox 380 2663 587 2717; x_wconf 88' lang='lat' dir='ltr'>cavillo</span> <span class='ocrx_word' id='word_1_176' title='bbox 646 2664 821 2717; x_wconf 90' lang='lat' dir='ltr'>etiam</span> <span class='ocrx_word' id='word_1_177' title='bbox 878 2680 1113 2717; x_wconf 84' lang='lat' dir='ltr'>uxorem</span> <span class='ocrx_word' id='word_1_178' title='bbox 1165 2668 1252 2717; x_wconf 89' lang='lat' dir='ltr'>est</span> <span class='ocrx_word' id='word_1_179' title='bbox 1313 2671 1676 2735; x_wconf 88' lang='lat' dir='ltr'>prosecutus,</span> <span class='ocrx_word' id='word_1_180' title='bbox 1738 2664 2029 2734; x_wconf 85' lang='lat' dir='ltr'>siquidem</span> 
     </span>
    </p>
   </div>
   <div class='ocr_carea' id='block_1_30' title="bbox 383 2751 2030 2820">
    <p class='ocr_par' dir='ltr' id='par_1_30' title="bbox 383 2751 2030 2820">
     <span class='ocr_line' id='line_1_30' title="bbox 383 2751 2030 2820; baseline 0.001 -14"><span class='ocrx_word' id='word_1_181' title='bbox 383 2752 615 2806; x_wconf 89' lang='lat' dir='ltr'>dicebat</span> <span class='ocrx_word' id='word_1_182' title='bbox 647 2751 807 2806; x_wconf 90' lang='lat' dir='ltr'>illam</span> <span class='ocrx_word' id='word_1_183' title='bbox 844 2753 1004 2820; x_wconf 88' lang='lat' dir='ltr'>prius</span> <span class='ocrx_word' id='word_1_184' title='bbox 1059 2770 1305 2819; x_wconf 78' lang='lat' dir='ltr'>servam,</span> <span class='ocrx_word' id='word_1_185' title='bbox 1342 2770 1497 2806; x_wconf 90' lang='lat' dir='ltr'>nunc</span> <span class='ocrx_word' id='word_1_186' title='bbox 1530 2770 1561 2806; x_wconf 89' lang='lat' dir='ltr'>a</span> <span class='ocrx_word' id='word_1_187' title='bbox 1591 2770 1651 2807; x_wconf 91' lang='lat' dir='ltr'>se</span> <span class='ocrx_word' id='word_1_188' title='bbox 1703 2754 1758 2806; x_wconf 92' lang='lat' dir='ltr'>in</span> <span class='ocrx_word' id='word_1_189' title='bbox 1793 2754 2030 2807; x_wconf 87' lang='lat' dir='ltr'>liberta-</span> 
     </span>
    </p>
   </div>
   <div class='ocr_carea' id='block_1_31' title="bbox 383 2840 2033 2912">
    <p class='ocr_par' dir='ltr' id='par_1_31' title="bbox 383 2840 2033 2912">
     <span class='ocr_line' id='line_1_31' title="bbox 383 2840 2033 2912; baseline 0.001 -17"><span class='ocrx_word' id='word_1_190' title='bbox 383 2845 500 2895; x_wconf 89' lang='lat' dir='ltr'>tem</span> <span class='ocrx_word' id='word_1_191' title='bbox 554 2840 904 2895; x_wconf 82' lang='lat' dir='ltr'>vindicatam</span> <span class='ocrx_word' id='word_1_192' title='bbox 981 2842 1187 2895; x_wconf 81' lang='lat' dir='ltr'>Aiebat</span> <span class='ocrx_word' id='word_1_193' title='bbox 1236 2842 1373 2896; x_wconf 88' lang='lat' dir='ltr'>item</span> <span class='ocrx_word' id='word_1_194' title='bbox 1423 2847 1700 2912; x_wconf 87' lang='lat' dir='ltr'>cognatos</span> <span class='ocrx_word' id='word_1_195' title='bbox 1731 2841 1861 2896; x_wconf 87' lang='lat' dir='ltr'>aliis</span> <span class='ocrx_word' id='word_1_196' title='bbox 1906 2858 2033 2897; x_wconf 87' lang='lat' dir='ltr'>esse</span> 
     </span>
    </p>
   </div>
   <div class='ocr_carea' id='block_1_32' title="bbox 385 2930 2031 3001">
    <p class='ocr_par' dir='ltr' id='par_1_32' title="bbox 385 2930 2031 3001">
     <span class='ocr_line' id='line_1_32' title="bbox 385 2930 2031 3001; baseline 0.001 -18"><span class='ocrx_word' id='word_1_197' title='bbox 385 2946 639 2993; x_wconf 91' lang='lat' dir='ltr'>crucem,</span> <span class='ocrx_word' id='word_1_198' title='bbox 719 2935 962 3001; x_wconf 83' lang='lat' dir='ltr'>tyranno</span> <span class='ocrx_word' id='word_1_199' title='bbox 1041 2930 1373 2985; x_wconf 84' lang='lat' dir='ltr'>utilitatem.</span> <span class='ocrx_word' id='word_1_200' title='bbox 1436 2931 1763 2985; x_wconf 64' lang='lat' dir='ltr'>Ecaterina</span> <span class='ocrx_word' id='word_1_201' title='bbox 1838 2937 2031 2985; x_wconf 89' lang='lat' dir='ltr'>autem</span> 
     </span>
    </p>
   </div>
   <div class='ocr_carea' id='block_1_33' title="bbox 386 3018 2033 3091">
    <p class='ocr_par' dir='ltr' id='par_1_33' title="bbox 386 3018 2033 3091">
     <span class='ocr_line' id='line_1_33' title="bbox 386 3018 2033 3091; baseline 0.002 -19"><span class='ocrx_word' id='word_1_202' title='bbox 386 3018 652 3089; x_wconf 80' lang='lat' dir='ltr'>Augusta</span> <span class='ocrx_word' id='word_1_203' title='bbox 676 3018 820 3071; x_wconf 82' lang='lat' dir='ltr'>nihil</span> <span class='ocrx_word' id='word_1_204' title='bbox 847 3020 973 3073; x_wconf 89' lang='lat' dir='ltr'>novi</span> <span class='ocrx_word' id='word_1_205' title='bbox 1011 3019 1119 3073; x_wconf 88' lang='lat' dir='ltr'>sibi</span> <span class='ocrx_word' id='word_1_206' title='bbox 1145 3020 1425 3074; x_wconf 88' lang='lat' dir='ltr'>accidisse</span> <span class='ocrx_word' id='word_1_207' title='bbox 1444 3020 1795 3087; x_wconf 78' lang='lat' dir='ltr'>afﬁrmabat,</span> <span class='ocrx_word' id='word_1_208' title='bbox 1820 3021 2033 3091; x_wconf 87' lang='lat' dir='ltr'>quippe</span> 
     </span>
    </p>
   </div>
   <div class='ocr_carea' id='block_1_34' title="bbox 388 3114 1648 3179">
    <p class='ocr_par' dir='ltr' id='par_1_34' title="bbox 388 3114 1648 3179">
     <span class='ocr_line' id='line_1_34' title="bbox 388 3114 1648 3179; baseline 0.002 -18"><span class='ocrx_word' id='word_1_209' title='bbox 388 3123 515 3178; x_wconf 66' lang='lat' dir='ltr'>quae</span> <span class='ocrx_word' id='word_1_210' title='bbox 549 3122 790 3177; x_wconf 79' lang='lat' dir='ltr'>regnum</span> <span class='ocrx_word' id='word_1_211' title='bbox 826 3125 957 3162; x_wconf 90' lang='lat' dir='ltr'>cum</span> <span class='ocrx_word' id='word_1_212' title='bbox 994 3123 1171 3179; x_wconf 89' lang='lat' dir='ltr'>regno</span> <span class='ocrx_word' id='word_1_213' title='bbox 1203 3114 1648 3164; x_wconf 87' lang='lat' dir='ltr'>commutasset.</span> 
     </span>
    </p>
   </div>
   <div class='ocr_carea' id='block_1_35' title="bbox 455 3196 2032 3252">
    <p class='ocr_par' dir='ltr' id='par_1_35' title="bbox 455 3196 2032 3252">
     <span class='ocr_line' id='line_1_35' title="bbox 455 3196 2032 3252; baseline 0.001 -3"><span class='ocrx_word' id='word_1_214' title='bbox 455 3196 592 3250; x_wconf 91' lang='lat' dir='ltr'>Post</span> <span class='ocrx_word' id='word_1_215' title='bbox 651 3196 1011 3251; x_wconf 88' lang='lat' dir='ltr'>Comnenum</span> <span class='ocrx_word' id='word_1_216' title='bbox 1090 3202 1284 3251; x_wconf 89' lang='lat' dir='ltr'>autem</span> <span class='ocrx_word' id='word_1_217' title='bbox 1365 3197 1785 3252; x_wconf 89' lang='lat' dir='ltr'>Constantinus</span> <span class='ocrx_word' id='word_1_218' title='bbox 1842 3198 2032 3251; x_wconf 88' lang='lat' dir='ltr'>Ducas</span> 
     </span>
    </p>
   </div>
   <div class='ocr_carea' id='block_1_36' title="bbox 388 3285 2042 3357">
    <p class='ocr_par' dir='ltr' id='par_1_36' title="bbox 388 3285 2042 3357">
     <span class='ocr_line' id='line_1_36' title="bbox 388 3285 2042 3357; baseline 0 -18"><span class='ocrx_word' id='word_1_219' title='bbox 388 3301 603 3356; x_wconf 66' lang='lat' dir='ltr'>praeses</span> <span class='ocrx_word' id='word_1_220' title='bbox 668 3285 791 3340; x_wconf 90' lang='lat' dir='ltr'>sine</span> <span class='ocrx_word' id='word_1_221' title='bbox 859 3286 1146 3357; x_wconf 87' lang='lat' dir='ltr'>sanguine</span> <span class='ocrx_word' id='word_1_222' title='bbox 1213 3291 1269 3341; x_wconf 88' lang='lat' dir='ltr'>et</span> <span class='ocrx_word' id='word_1_223' title='bbox 1334 3302 1530 3340; x_wconf 86' lang='lat' dir='ltr'>rerum</span> <span class='ocrx_word' id='word_1_224' title='bbox 1600 3286 2042 3357; x_wconf 85' lang='lat' dir='ltr'>perturbatione</span> 
     </span>
    </p>
   </div>
   <div class='ocr_carea' id='block_1_37' title="bbox 387 3374 2044 3445">
    <p class='ocr_par' dir='ltr' id='par_1_37' title="bbox 387 3374 2044 3445">
     <span class='ocr_line' id='line_1_37' title="bbox 387 3374 2044 3445; baseline 0 -17"><span class='ocrx_word' id='word_1_225' title='bbox 387 3374 613 3445; x_wconf 86' lang='lat' dir='ltr'>potitus</span> <span class='ocrx_word' id='word_1_226' title='bbox 662 3374 930 3445; x_wconf 88' lang='lat' dir='ltr'>imperio,</span> <span class='ocrx_word' id='word_1_227' title='bbox 964 3376 1034 3429; x_wconf 92' lang='lat' dir='ltr'>ad</span> <span class='ocrx_word' id='word_1_228' title='bbox 1084 3379 1351 3429; x_wconf 87' lang='lat' dir='ltr'>senatum</span> <span class='ocrx_word' id='word_1_229' title='bbox 1408 3382 1464 3430; x_wconf 89' lang='lat' dir='ltr'>et</span> <span class='ocrx_word' id='word_1_230' title='bbox 1508 3391 1738 3429; x_wconf 90' lang='lat' dir='ltr'>omnem</span> <span class='ocrx_word' id='word_1_231' title='bbox 1790 3374 2044 3428; x_wconf 81' lang='lat' dir='ltr'>civitatis</span> 
     </span>
    </p>
   </div>
   <div class='ocr_carea' id='block_1_38' title="bbox 388 3463 2047 3535">
    <p class='ocr_par' dir='ltr' id='par_1_38' title="bbox 388 3463 2047 3535">
     <span class='ocr_line' id='line_1_38' title="bbox 388 3463 2047 3535; baseline 0.001 -19"><span class='ocrx_word' id='word_1_232' title='bbox 388 3463 672 3534; x_wconf 91' lang='lat' dir='ltr'>populum</span> <span class='ocrx_word' id='word_1_233' title='bbox 725 3465 1061 3519; x_wconf 90' lang='lat' dir='ltr'>concionem</span> <span class='ocrx_word' id='word_1_234' title='bbox 1112 3465 1318 3520; x_wconf 89' lang='lat' dir='ltr'>habuit</span> <span class='ocrx_word' id='word_1_235' title='bbox 1370 3464 1662 3535; x_wconf 76' lang='lat' dir='ltr'>aaquitatis</span> <span class='ocrx_word' id='word_1_236' title='bbox 1697 3463 1955 3535; x_wconf 86' lang='lat' dir='ltr'>plenam,</span> <span class='ocrx_word' id='word_1_237' title='bbox 1990 3468 2047 3518; x_wconf 87' lang='lat' dir='ltr'>et</span> 
     </span>
    </p>
   </div>
   <div class='ocr_carea' id='block_1_39' title="bbox 386 3553 2045 3624">
    <p class='ocr_par' dir='ltr' id='par_1_39' title="bbox 386 3553 2045 3624">
     <span class='ocr_line' id='line_1_39' title="bbox 386 3553 2045 3624; baseline 0 -18"><span class='ocrx_word' id='word_1_238' title='bbox 386 3553 597 3607; x_wconf 90' lang='lat' dir='ltr'>deinde</span> <span class='ocrx_word' id='word_1_239' title='bbox 656 3569 848 3607; x_wconf 91' lang='lat' dir='ltr'>rerum</span> <span class='ocrx_word' id='word_1_240' title='bbox 910 3553 1483 3608; x_wconf 86' lang='lat' dir='ltr'>administrationem</span> <span class='ocrx_word' id='word_1_241' title='bbox 1554 3570 1874 3624; x_wconf 81' lang='lat' dir='ltr'>aggressus</span> <span class='ocrx_word' id='word_1_242' title='bbox 1935 3557 2045 3616; x_wconf 87' lang='lat' dir='ltr'>est,</span> 
     </span>
    </p>
   </div>
   <div class='ocr_carea' id='block_1_40' title="bbox 391 3640 2050 3712">
    <p class='ocr_par' dir='ltr' id='par_1_40' title="bbox 391 3640 2050 3712">
     <span class='ocr_line' id='line_1_40' title="bbox 391 3640 2050 3712; baseline 0.001 -18"><span class='ocrx_word' id='word_1_243' title='bbox 391 3640 552 3695; x_wconf 89' lang='lat' dir='ltr'>nulla</span> <span class='ocrx_word' id='word_1_244' title='bbox 592 3642 647 3694; x_wconf 91' lang='lat' dir='ltr'>in</span> <span class='ocrx_word' id='word_1_245' title='bbox 701 3657 759 3694; x_wconf 92' lang='lat' dir='ltr'>re</span> <span class='ocrx_word' id='word_1_246' title='bbox 791 3659 823 3695; x_wconf 87' lang='lat' dir='ltr'>a</span> <span class='ocrx_word' id='word_1_247' title='bbox 876 3642 1138 3696; x_wconf 85' lang='lat' dir='ltr'>molestia</span> <span class='ocrx_word' id='word_1_248' title='bbox 1188 3646 1244 3695; x_wconf 91' lang='lat' dir='ltr'>et</span> <span class='ocrx_word' id='word_1_249' title='bbox 1291 3642 1568 3712; x_wconf 59' lang='lat' dir='ltr'>{equitate</span> <span class='ocrx_word' id='word_1_250' title='bbox 1615 3642 1933 3708; x_wconf 89' lang='lat' dir='ltr'>recedens;</span> <span class='ocrx_word' id='word_1_251' title='bbox 1993 3644 2050 3695; x_wconf 89' lang='lat' dir='ltr'>et</span> 
     </span>
    </p>
   </div>
   <div class='ocr_carea' id='block_1_41' title="bbox 391 3728 2047 3799">
    <p class='ocr_par' dir='ltr' id='par_1_41' title="bbox 391 3728 2047 3799">
     <span class='ocr_line' id='line_1_41' title="bbox 391 3728 2047 3799; baseline 0.001 -17"><span class='ocrx_word' id='word_1_252' title='bbox 391 3728 712 3782; x_wconf 89' lang='lat' dir='ltr'>honoribus</span> <span class='ocrx_word' id='word_1_253' title='bbox 762 3734 1063 3785; x_wconf 88' lang='lat' dir='ltr'>senatores</span> <span class='ocrx_word' id='word_1_254' title='bbox 1113 3735 1167 3783; x_wconf 89' lang='lat' dir='ltr'>et</span> <span class='ocrx_word' id='word_1_255' title='bbox 1221 3730 1479 3799; x_wconf 90' lang='lat' dir='ltr'>plebeios</span> <span class='ocrx_word' id='word_1_256' title='bbox 1530 3730 1749 3784; x_wconf 87' lang='lat' dir='ltr'>multos</span> <span class='ocrx_word' id='word_1_257' title='bbox 1794 3730 2047 3794; x_wconf 88' lang='lat' dir='ltr'>ornavit,</span> 
     </span>
    </p>
   </div>
   <div class='ocr_carea' id='block_1_42' title="bbox 393 3818 2049 3890">
    <p class='ocr_par' dir='ltr' id='par_1_42' title="bbox 393 3818 2049 3890">
     <span class='ocr_line' id='line_1_42' title="bbox 393 3818 2049 3890; baseline 0.002 -19"><span class='ocrx_word' id='word_1_258' title='bbox 393 3821 567 3886; x_wconf 88' lang='lat' dir='ltr'>atque</span> <span class='ocrx_word' id='word_1_259' title='bbox 599 3833 697 3871; x_wconf 90' lang='lat' dir='ltr'>eos</span> <span class='ocrx_word' id='word_1_260' title='bbox 729 3819 826 3887; x_wconf 89' lang='lat' dir='ltr'>qui</span> <span class='ocrx_word' id='word_1_261' title='bbox 863 3818 1186 3888; x_wconf 87' lang='lat' dir='ltr'>imperante</span> <span class='ocrx_word' id='word_1_262' title='bbox 1231 3820 1524 3873; x_wconf 86' lang='lat' dir='ltr'>Comneno</span> <span class='ocrx_word' id='word_1_263' title='bbox 1576 3818 1831 3890; x_wconf 90' lang='lat' dir='ltr'>pr0priis</span> <span class='ocrx_word' id='word_1_264' title='bbox 1864 3819 2049 3874; x_wconf 89' lang='lat' dir='ltr'>hono-</span> 
     </span>
    </p>
   </div>
   <div class='ocr_carea' id='block_1_43' title="bbox 395 3905 2046 3977">
    <p class='ocr_par' dir='ltr' id='par_1_43' title="bbox 395 3905 2046 3977">
     <span class='ocr_line' id='line_1_43' title="bbox 395 3905 2046 3977; baseline 0.002 -19"><span class='ocrx_word' id='word_1_265' title='bbox 395 3905 561 3959; x_wconf 88' lang='lat' dir='ltr'>ribus</span> <span class='ocrx_word' id='word_1_266' title='bbox 601 3905 937 3960; x_wconf 85' lang='lat' dir='ltr'>exciderant</span> <span class='ocrx_word' id='word_1_267' title='bbox 968 3906 1024 3960; x_wconf 92' lang='lat' dir='ltr'>in</span> <span class='ocrx_word' id='word_1_268' title='bbox 1079 3906 1392 3977; x_wconf 86' lang='lat' dir='ltr'>pristinum</span> <span class='ocrx_word' id='word_1_269' title='bbox 1443 3912 1662 3962; x_wconf 89' lang='lat' dir='ltr'>statum</span> <span class='ocrx_word' id='word_1_270' title='bbox 1711 3908 2046 3965; x_wconf 86' lang='lat' dir='ltr'>vindicavit-</span> 
     </span>
    </p>
   </div>
   <div class='ocr_carea' id='block_1_44' title="bbox 398 3994 2052 4067">
    <p class='ocr_par' dir='ltr' id='par_1_44' title="bbox 398 3994 2052 4067">
     <span class='ocr_line' id='line_1_44' title="bbox 398 3994 2052 4067; baseline 0.002 -20"><span class='ocrx_word' id='word_1_271' title='bbox 398 3994 610 4049; x_wconf 85' lang='lat' dir='ltr'>Multos</span> <span class='ocrx_word' id='word_1_272' title='bbox 641 3994 795 4049; x_wconf 89' lang='lat' dir='ltr'>enim</span> <span class='ocrx_word' id='word_1_273' title='bbox 840 3994 934 4048; x_wconf 90' lang='lat' dir='ltr'>ille</span> <span class='ocrx_word' id='word_1_274' title='bbox 983 4011 1049 4049; x_wconf 79' lang='lat' dir='ltr'>ex</span> <span class='ocrx_word' id='word_1_275' title='bbox 1103 3995 1433 4050; x_wconf 89' lang='lat' dir='ltr'>illustribus</span> <span class='ocrx_word' id='word_1_276' title='bbox 1485 3996 1787 4063; x_wconf 86' lang='lat' dir='ltr'>abscuros,</span> <span class='ocrx_word' id='word_1_277' title='bbox 1824 4013 1891 4051; x_wconf 85' lang='lat' dir='ltr'><strong>ex</strong></span> <span class='ocrx_word' id='word_1_278' title='bbox 1924 3995 2052 4067; x_wconf 86' lang='lat' dir='ltr'>glo-</span> 
     </span>
    </p>
   </div>
   <div class='ocr_carea' id='block_1_45' title="bbox 398 4082 2045 4156">
    <p class='ocr_par' dir='ltr' id='par_1_45' title="bbox 398 4082 2045 4156">
     <span class='ocr_line' id='line_1_45' title="bbox 398 4082 2045 4156; baseline 0.001 -21"><span class='ocrx_word' id='word_1_279' title='bbox 398 4082 571 4136; x_wconf 89' lang='lat' dir='ltr'>riosis</span> <span class='ocrx_word' id='word_1_280' title='bbox 625 4082 911 4154; x_wconf 87' lang='lat' dir='ltr'>ignobiles</span> <span class='ocrx_word' id='word_1_281' title='bbox 971 4084 1121 4138; x_wconf 87' lang='lat' dir='ltr'>fecit.</span> <span class='ocrx_word' id='word_1_282' title='bbox 1183 4085 1329 4139; x_wconf 90' lang='lat' dir='ltr'>Cum</span> <span class='ocrx_word' id='word_1_283' title='bbox 1387 4085 1543 4139; x_wconf 89' lang='lat' dir='ltr'>enim</span> <span class='ocrx_word' id='word_1_284' title='bbox 1603 4086 1791 4140; x_wconf 88' lang='lat' dir='ltr'>sancti</span> <span class='ocrx_word' id='word_1_285' title='bbox 1848 4084 2045 4156; x_wconf 85' lang='lat' dir='ltr'>magni</span> 
     </span>
    </p>
   </div>
   <div class='ocr_carea' id='block_1_46' title="bbox 396 4171 2052 4245">
    <p class='ocr_par' dir='ltr' id='par_1_46' title="bbox 396 4171 2052 4245">
     <span class='ocr_line' id='line_1_46' title="bbox 396 4171 2052 4245; baseline 0.001 -20"><span class='ocrx_word' id='word_1_286' title='bbox 396 4171 671 4243; x_wconf 82' lang='lat' dir='ltr'>martyris</span> <span class='ocrx_word' id='word_1_287' title='bbox 703 4172 931 4244; x_wconf 87' lang='lat' dir='ltr'>Georgii</span> <span class='ocrx_word' id='word_1_288' title='bbox 980 4174 1103 4227; x_wconf 88' lang='lat' dir='ltr'>dies</span> <span class='ocrx_word' id='word_1_289' title='bbox 1152 4174 1336 4227; x_wconf 85' lang='lat' dir='ltr'>festus</span> <span class='ocrx_word' id='word_1_290' title='bbox 1389 4174 1741 4243; x_wconf 88' lang='lat' dir='ltr'>advenisset,</span> <span class='ocrx_word' id='word_1_291' title='bbox 1776 4190 1890 4245; x_wconf 93' lang='lat' dir='ltr'>quo</span> <span class='ocrx_word' id='word_1_292' title='bbox 1924 4175 2052 4243; x_wconf 86' lang='lat' dir='ltr'>ejus</span> 
     </span>
    </p>
   </div>
   <div class='ocr_carea' id='block_1_47' title="bbox 398 4259 2043 4333">
    <p class='ocr_par' dir='ltr' id='par_1_47' title="bbox 398 4259 2043 4333">
     <span class='ocr_line' id='line_1_47' title="bbox 398 4259 2043 4333; baseline 0.002 -19"><span class='ocrx_word' id='word_1_293' title='bbox 398 4261 683 4314; x_wconf 86' lang='lat' dir='ltr'>memoria</span> <span class='ocrx_word' id='word_1_294' title='bbox 708 4259 942 4327; x_wconf 86' lang='lat' dir='ltr'>colitur,</span> <span class='ocrx_word' id='word_1_295' title='bbox 979 4266 1049 4315; x_wconf 92' lang='lat' dir='ltr'>de</span> <span class='ocrx_word' id='word_1_296' title='bbox 1080 4279 1240 4316; x_wconf 90' lang='lat' dir='ltr'>more</span> <span class='ocrx_word' id='word_1_297' title='bbox 1282 4279 1343 4317; x_wconf 88' lang='lat' dir='ltr'>se</span> <span class='ocrx_word' id='word_1_298' title='bbox 1373 4264 1599 4318; x_wconf 84' lang='lat' dir='ltr'>confert</span> <span class='ocrx_word' id='word_1_299' title='bbox 1626 4262 1943 4333; x_wconf 88' lang='lat' dir='ltr'>imperator</span> <span class='ocrx_word' id='word_1_300' title='bbox 1971 4264 2043 4318; x_wconf 88' lang='lat' dir='ltr'>ad</span> 
     </span>
    </p>
   </div>
   <div class='ocr_carea' id='block_1_48' title="bbox 398 4349 2051 4422">
    <p class='ocr_par' dir='ltr' id='par_1_48' title="bbox 398 4349 2051 4422">
     <span class='ocr_line' id='line_1_48' title="bbox 398 4349 2051 4422; baseline 0.002 -19"><span class='ocrx_word' id='word_1_301' title='bbox 398 4350 687 4420; x_wconf 89' lang='lat' dir='ltr'>Mangana</span> <span class='ocrx_word' id='word_1_302' title='bbox 716 4349 787 4403; x_wconf 93' lang='lat' dir='ltr'>ob</span> <span class='ocrx_word' id='word_1_303' title='bbox 819 4350 1045 4404; x_wconf 89' lang='lat' dir='ltr'>cultum</span> <span class='ocrx_word' id='word_1_304' title='bbox 1082 4351 1375 4422; x_wconf 83' lang='lat' dir='ltr'>martyris.</span> <span class='ocrx_word' id='word_1_305' title='bbox 1412 4352 1651 4406; x_wconf 82' lang='lat' dir='ltr'>Peracta</span> <span class='ocrx_word' id='word_1_306' title='bbox 1677 4358 1873 4407; x_wconf 89' lang='lat' dir='ltr'>autem</span> <span class='ocrx_word' id='word_1_307' title='bbox 1907 4352 2051 4407; x_wconf 89' lang='lat' dir='ltr'>cele-</span> 
     </span>
    </p>
   </div>
   <div class='ocr_carea' id='block_1_49' title="bbox 402 4437 2051 4509">
    <p class='ocr_par' dir='ltr' id='par_1_49' title="bbox 402 4437 2051 4509">
     <span class='ocr_line' id='line_1_49' title="bbox 402 4437 2051 4509; baseline 0.002 -18"><span class='ocrx_word' id='word_1_308' title='bbox 402 4437 610 4491; x_wconf 85' lang='lat' dir='ltr'>britate</span> <span class='ocrx_word' id='word_1_309' title='bbox 643 4437 879 4507; x_wconf 86' lang='lat' dir='ltr'>quidam</span> <span class='ocrx_word' id='word_1_310' title='bbox 918 4439 1157 4509; x_wconf 88' lang='lat' dir='ltr'>maligni</span> <span class='ocrx_word' id='word_1_311' title='bbox 1206 4445 1264 4494; x_wconf 88' lang='lat' dir='ltr'>et</span> <span class='ocrx_word' id='word_1_312' title='bbox 1315 4440 1564 4509; x_wconf 91' lang='lat' dir='ltr'>improbi</span> <span class='ocrx_word' id='word_1_313' title='bbox 1600 4439 1819 4495; x_wconf 90' lang='lat' dir='ltr'>malum</span> <span class='ocrx_word' id='word_1_314' title='bbox 1855 4442 2051 4495; x_wconf 90' lang='lat' dir='ltr'>consi-</span> 
     </span>
    </p>
   </div>
   <div class='ocr_carea' id='block_1_50' title="bbox 2124 520 3779 599">
    <p class='ocr_par' dir='ltr' id='par_1_50' title="bbox 2124 520 3779 599">
     <span class='ocr_line' id='line_1_50' title="bbox 2124 520 3779 599; baseline 0.003 -24"><span class='ocrx_word' id='word_1_315' title='bbox 2124 544 2227 576; x_wconf 85' lang='grc' dir='ltr'>που</span> <span class='ocrx_word' id='word_1_316' title='bbox 2287 520 2544 595; x_wconf 79' lang='grc' dir='ltr'>διδόμενα</span> <span class='ocrx_word' id='word_1_317' title='bbox 2584 522 2913 595; x_wconf 64' lang='grc' dir='ltr'>παραθέσθαι</span> <span class='ocrx_word' id='word_1_318' title='bbox 2970 525 3279 599; x_wconf 74' lang='grc' dir='ltr'>προσέταξε.</span> <span class='ocrx_word' id='word_1_319' title='bbox 3322 527 3432 581; x_wconf 88' lang='grc' dir='ltr'>Τοῦ</span> <span class='ocrx_word' id='word_1_320' title='bbox 3493 522 3549 580; x_wconf 73' lang='grc' dir='ltr'>δὲ</span> <span class='ocrx_word' id='word_1_321' title='bbox 3603 538 3779 596; x_wconf 78' lang='grc' dir='ltr'>καθη-</span> 
     </span>
    </p>
   </div>
   <div class='ocr_carea' id='block_1_51' title="bbox 2124 609 3782 687">
    <p class='ocr_par' dir='ltr' id='par_1_51' title="bbox 2124 609 3782 687">
     <span class='ocr_line' id='line_1_51' title="bbox 2124 609 3782 687; baseline 0.003 -23"><span class='ocrx_word' id='word_1_322' title='bbox 2124 611 2394 684; x_wconf 76' lang='grc' dir='ltr'>γουμένου</span> <span class='ocrx_word' id='word_1_323' title='bbox 2429 616 2502 680; x_wconf 89' lang='lat'>(8)</span> <span class='ocrx_word' id='word_1_324' title='bbox 2534 609 2986 686; x_wconf 75' lang='grc' dir='ltr'>διαπορήσαντος,</span> <span class='ocrx_word' id='word_1_325' title='bbox 3017 614 3103 667; x_wconf 77' lang='grc' dir='ltr'>καὶ</span> <span class='ocrx_word' id='word_1_326' title='bbox 3138 614 3227 667; x_wconf 87' lang='grc' dir='ltr'>τὸν</span> <span class='ocrx_word' id='word_1_327' title='bbox 3261 612 3427 687; x_wconf 81' lang='grc' dir='ltr'>λόγον</span> <span class='ocrx_word' id='word_1_328' title='bbox 3454 618 3548 668; x_wconf 90' lang='grc' dir='ltr'>τοῦ</span> <span class='ocrx_word' id='word_1_329' title='bbox 3580 613 3782 669; x_wconf 78' lang='grc' dir='ltr'>διπλα-</span> 
     </span>
    </p>
   </div>
   <div class='ocr_carea' id='block_1_52' title="bbox 2128 699 3779 777">
    <p class='ocr_par' dir='ltr' id='par_1_52' title="bbox 2128 699 3779 777">
     <span class='ocr_line' id='line_1_52' title="bbox 2128 699 3779 777; baseline 0.004 -24"><span class='ocrx_word' id='word_1_330' title='bbox 2128 706 2365 772; x_wconf 87' lang='grc' dir='ltr'>σιασμοῦ</span> <span class='ocrx_word' id='word_1_331' title='bbox 2441 703 2627 776; x_wconf 77' lang='grc' dir='ltr'>ἡσυχῇ</span> <span class='ocrx_word' id='word_1_332' title='bbox 2705 699 3102 777; x_wconf 76' lang='grc' dir='ltr'>προσελθόντος</span> <span class='ocrx_word' id='word_1_333' title='bbox 3184 706 3272 757; x_wconf 82' lang='grc' dir='ltr'>καὶ</span> <span class='ocrx_word' id='word_1_334' title='bbox 3356 703 3779 776; x_wconf 68' lang='grc' dir='ltr'>ἀπαντήσαντος⁹</span> 
     </span>
    </p>
   </div>
   <div class='ocr_carea' id='block_1_53' title="bbox 2135 785 3785 867">
    <p class='ocr_par' dir='ltr' id='par_1_53' title="bbox 2135 785 3785 867">
     <span class='ocr_line' id='line_1_53' title="bbox 2135 785 3785 867; baseline 0.003 -25"><span class='ocrx_word' id='word_1_335' title='bbox 2135 810 2157 837; x_wconf 73' lang='grc' dir='ltr'>α</span> <span class='ocrx_word' id='word_1_336' title='bbox 2190 793 2306 843; x_wconf 87' lang='grc' dir='ltr'>Ὅτι</span> <span class='ocrx_word' id='word_1_337' title='bbox 2337 790 2418 857; x_wconf 80' lang='grc' dir='ltr'>τὸ,</span> <span class='ocrx_word' id='word_1_338' title='bbox 2463 785 2586 867; x_wconf 74' lang='grc' dir='ltr'>ἔφη,</span> <span class='ocrx_word' id='word_1_339' title='bbox 2622 788 2665 843; x_wconf 83' lang='grc' dir='ltr'>ὦ</span> <span class='ocrx_word' id='word_1_340' title='bbox 2710 792 3029 863; x_wconf 86' lang='grc' dir='ltr'>τιμιώτατε,</span> <span class='ocrx_word' id='word_1_341' title='bbox 3078 791 3174 846; x_wconf 79' lang='grc' dir='ltr'>οῦκ</span> <span class='ocrx_word' id='word_1_342' title='bbox 3225 790 3363 859; x_wconf 67' lang='grc' dir='ltr'>οἶδα,</span> <span class='ocrx_word' id='word_1_343' title='bbox 3400 793 3447 847; x_wconf 69' lang='grc' dir='ltr'>εἴ</span> <span class='ocrx_word' id='word_1_344' title='bbox 3501 794 3589 847; x_wconf 79' lang='grc' dir='ltr'>καὶ</span> <span class='ocrx_word' id='word_1_345' title='bbox 3641 794 3785 849; x_wconf 81' lang='grc' dir='ltr'>κατά</span> 
     </span>
    </p>
   </div>
   <div class='ocr_carea' id='block_1_54' title="bbox 2126 866 3781 954">
    <p class='ocr_par' dir='ltr' id='par_1_54' title="bbox 2126 866 3781 954">
     <span class='ocr_line' id='line_1_54' title="bbox 2126 866 3781 954; baseline 0.004 -22"><span class='ocrx_word' id='word_1_346' title='bbox 2126 878 2188 932; x_wconf 86' lang='grc' dir='ltr'>τὸ</span> <span class='ocrx_word' id='word_1_347' title='bbox 2247 879 2397 933; x_wconf 86' lang='grc' dir='ltr'>ἐπιὸν</span> <span class='ocrx_word' id='word_1_348' title='bbox 2452 877 2569 940; x_wconf 77' lang='grc' dir='ltr'>ἔτος</span> <span class='ocrx_word' id='word_1_349' title='bbox 2623 879 2751 952; x_wconf 77' lang='grc' dir='ltr'>ὑμῖν</span> <span class='ocrx_word' id='word_1_350' title='bbox 2815 882 3124 954; x_wconf 77' lang='grc' dir='ltr'>συνὲσομαι,</span> <span class='ocrx_word' id='word_1_351' title='bbox 3177 886 3274 936; x_wconf 91' lang='grc' dir='ltr'>τοῦ</span> <span class='ocrx_word' id='word_1_352' title='bbox 3351 887 3482 937; x_wconf 93' lang='grc' dir='ltr'>Θεοῦ</span> <span class='ocrx_word' id='word_1_353' title='bbox 3537 883 3605 938; x_wconf 85' lang='grc' dir='ltr'>τά</span> <span class='ocrx_word' id='word_1_354' title='bbox 3656 866 3781 946; x_wconf 63' lang='grc' dir='ltr'>καθ’</span> 
     </span>
    </p>
   </div>
   <div class='ocr_carea' id='block_1_55' title="bbox 2129 966 3781 1046">
    <p class='ocr_par' dir='ltr' id='par_1_55' title="bbox 2129 966 3781 1046">
     <span class='ocr_line' id='line_1_55' title="bbox 2129 966 3781 1046; baseline 0.002 -25"><span class='ocrx_word' id='word_1_355' title='bbox 2129 971 2278 1039; x_wconf 76' lang='grc' dir='ltr'>ἡμᾶς</span> <span class='ocrx_word' id='word_1_356' title='bbox 2334 967 2466 1031; x_wconf 66' lang='grc' dir='ltr'>ἴσως</span> <span class='ocrx_word' id='word_1_357' title='bbox 2526 966 2712 1030; x_wconf 84' lang='grc' dir='ltr'>ἄλλως</span> <span class='ocrx_word' id='word_1_358' title='bbox 2760 969 2957 1031; x_wconf 80' lang='grc' dir='ltr'>καὶὼς</span> <span class='ocrx_word' id='word_1_359' title='bbox 3016 972 3164 1042; x_wconf 84' lang='grc' dir='ltr'>αὐτῷ</span> <span class='ocrx_word' id='word_1_360' title='bbox 3227 971 3521 1046; x_wconf 76' lang='grc' dir='ltr'>βουλητὸν,</span> <span class='ocrx_word' id='word_1_361' title='bbox 3558 972 3781 1026; x_wconf 74' lang='grc' dir='ltr'>οἷκονο-</span> 
     </span>
    </p>
   </div>
   <div class='ocr_carea' id='block_1_56' title="bbox 2135 1055 3780 1134">
    <p class='ocr_par' dir='ltr' id='par_1_56' title="bbox 2135 1055 3780 1134">
     <span class='ocr_line' id='line_1_56' title="bbox 2135 1055 3780 1134; baseline 0.002 -23"><span class='ocrx_word' id='word_1_362' title='bbox 2135 1060 2441 1130; x_wconf 86' lang='grc' dir='ltr'>μήσαντος.</span> <span class='ocrx_word' id='word_1_363' title='bbox 2505 1081 2533 1107; x_wconf 82' lang='grc'><strong>)›</strong></span> <span class='ocrx_word' id='word_1_364' title='bbox 2590 1059 2658 1114; x_wconf 77' lang='grc' dir='ltr'>’Ὁ</span> <span class='ocrx_word' id='word_1_365' title='bbox 2738 1055 2804 1126; x_wconf 77' lang='grc' dir='ltr'>δὴ</span> <span class='ocrx_word' id='word_1_366' title='bbox 2887 1059 2975 1113; x_wconf 80' lang='grc' dir='ltr'>καὶ</span> <span class='ocrx_word' id='word_1_367' title='bbox 3059 1060 3315 1134; x_wconf 69' lang='grc' dir='ltr'>γέγονεν·</span> <span class='ocrx_word' id='word_1_368' title='bbox 3375 1060 3780 1131; x_wconf 75' lang='grc' dir='ltr'>ὶτετελευτήκει</span> 
     </span>
    </p>
   </div>
   <div class='ocr_carea' id='block_1_57' title="bbox 2131 1146 3769 1225">
    <p class='ocr_par' dir='ltr' id='par_1_57' title="bbox 2131 1146 3769 1225">
     <span class='ocr_line' id='line_1_57' title="bbox 2131 1146 3769 1225; baseline 0.001 -24"><span class='ocrx_word' id='word_1_369' title='bbox 2131 1148 2235 1221; x_wconf 79' lang='grc' dir='ltr'>γὰρ</span> <span class='ocrx_word' id='word_1_370' title='bbox 2306 1147 2355 1200; x_wconf 84' lang='grc' dir='ltr'>ἐν</span> <span class='ocrx_word' id='word_1_371' title='bbox 2428 1152 2508 1219; x_wconf 78' lang='grc' dir='ltr'>τῷ</span> <span class='ocrx_word' id='word_1_372' title='bbox 2593 1146 2761 1220; x_wconf 80' lang='grc' dir='ltr'>μέσῳ,</span> <span class='ocrx_word' id='word_1_373' title='bbox 2850 1148 3118 1217; x_wconf 78' lang='grc' dir='ltr'>ἀξιώσασα</span> <span class='ocrx_word' id='word_1_374' title='bbox 3173 1156 3399 1225; x_wconf 81' lang='grc' dir='ltr'>ταφῆναι</span> <span class='ocrx_word' id='word_1_375' title='bbox 3482 1149 3575 1203; x_wconf 82' lang='grc' dir='ltr'>σὺν</span> <span class='ocrx_word' id='word_1_376' title='bbox 3649 1155 3769 1211; x_wconf 87' lang='grc' dir='ltr'>τοῖς</span> 
     </span>
    </p>
   </div>
   <div class='ocr_carea' id='block_1_58' title="bbox 2132 1233 3778 1312">
    <p class='ocr_par' dir='ltr' id='par_1_58' title="bbox 2132 1233 3778 1312">
     <span class='ocr_line' id='line_1_58' title="bbox 2132 1233 3778 1312; baseline 0.002 -23"><span class='ocrx_word' id='word_1_377' title='bbox 2132 1233 2387 1309; x_wconf 82' lang='grc' dir='ltr'>ἀδελφοῖς</span> <span class='ocrx_word' id='word_1_378' title='bbox 2442 1234 2492 1289; x_wconf 90' lang='grc' dir='ltr'>ἐν</span> <span class='ocrx_word' id='word_1_379' title='bbox 2551 1240 2628 1306; x_wconf 78' lang='grc' dir='ltr'>τῷ</span> <span class='ocrx_word' id='word_1_380' title='bbox 2679 1236 3033 1312; x_wconf 84' lang='grc' dir='ltr'>κοιμητηρίῳ</span> <span class='ocrx_word' id='word_1_381' title='bbox 3089 1244 3189 1306; x_wconf 84' lang='grc' dir='ltr'>τῆς</span> <span class='ocrx_word' id='word_1_382' title='bbox 3244 1236 3504 1293; x_wconf 87' lang='grc' dir='ltr'>Στουδίου</span> <span class='ocrx_word' id='word_1_383' title='bbox 3578 1245 3778 1311; x_wconf 81' lang='grc' dir='ltr'>μονῆς.</span> 
     </span>
    </p>
   </div>
   <div class='ocr_carea' id='block_1_59' title="bbox 2133 1322 3779 1402">
    <p class='ocr_par' dir='ltr' id='par_1_59' title="bbox 2133 1322 3779 1402">
     <span class='ocr_line' id='line_1_59' title="bbox 2133 1322 3779 1402; baseline 0.002 -24"><span class='ocrx_word' id='word_1_384' title='bbox 2133 1324 2557 1395; x_wconf 81' lang='grc' dir='ltr'>Κατεκόσμησαν</span> <span class='ocrx_word' id='word_1_385' title='bbox 2610 1322 2666 1379; x_wconf 75' lang='grc' dir='ltr'>δὶ</span> <span class='ocrx_word' id='word_1_386' title='bbox 2691 1325 2779 1378; x_wconf 81' lang='grc' dir='ltr'>καὶ</span> <span class='ocrx_word' id='word_1_387' title='bbox 2814 1325 3134 1400; x_wconf 82' lang='grc' dir='ltr'>ἀμφότεροι,</span> <span class='ocrx_word' id='word_1_388' title='bbox 3170 1327 3305 1397; x_wconf 74' lang='grc' dir='ltr'>αὐτή</span> <span class='ocrx_word' id='word_1_389' title='bbox 3358 1349 3414 1382; x_wconf 89' lang='grc' dir='ltr'>τε</span> <span class='ocrx_word' id='word_1_390' title='bbox 3461 1327 3550 1381; x_wconf 83' lang='grc' dir='ltr'>καὶ</span> <span class='ocrx_word' id='word_1_391' title='bbox 3601 1329 3628 1381; x_wconf 98' lang='lat'>6</span> <span class='ocrx_word' id='word_1_392' title='bbox 3675 1327 3779 1402; x_wconf 83' lang='grc' dir='ltr'>βα-</span> 
     </span>
    </p>
   </div>
   <div class='ocr_carea' id='block_1_60' title="bbox 2133 1411 3782 1489">
    <p class='ocr_par' dir='ltr' id='par_1_60' title="bbox 2133 1411 3782 1489">
     <span class='ocr_line' id='line_1_60' title="bbox 2133 1411 3782 1489; baseline 0.003 -24"><span class='ocrx_word' id='word_1_393' title='bbox 2133 1411 2338 1482; x_wconf 75' lang='grc' dir='ltr'>σιλεῦς,</span> <span class='ocrx_word' id='word_1_394' title='bbox 2371 1414 2463 1467; x_wconf 86' lang='grc' dir='ltr'>τὸν</span> <span class='ocrx_word' id='word_1_395' title='bbox 2524 1412 2826 1467; x_wconf 84' lang='grc' dir='ltr'>πάνσεπτον</span> <span class='ocrx_word' id='word_1_396' title='bbox 2884 1419 2980 1468; x_wconf 87' lang='grc' dir='ltr'>τοῦ</span> <span class='ocrx_word' id='word_1_397' title='bbox 3036 1412 3355 1489; x_wconf 83' lang='grc' dir='ltr'>προδρόμου</span> <span class='ocrx_word' id='word_1_398' title='bbox 3413 1416 3561 1485; x_wconf 78' lang='grc' dir='ltr'>ναὸν,</span> <span class='ocrx_word' id='word_1_399' title='bbox 3620 1416 3653 1469; x_wconf 77' lang='grc' dir='ltr'>ἃ</span> <span class='ocrx_word' id='word_1_400' title='bbox 3710 1414 3782 1486; x_wconf 74' lang='grc' dir='ltr'>δὴ</span> 
     </span>
    </p>
   </div>
   <div class='ocr_carea' id='block_1_61' title="bbox 2131 1500 3783 1578">
    <p class='ocr_par' dir='ltr' id='par_1_61' title="bbox 2131 1500 3783 1578">
     <span class='ocr_line' id='line_1_61' title="bbox 2131 1500 3783 1578; baseline 0.002 -22"><span class='ocrx_word' id='word_1_401' title='bbox 2131 1502 2221 1556; x_wconf 83' lang='grc' dir='ltr'>καὶ</span> <span class='ocrx_word' id='word_1_402' title='bbox 2278 1500 2592 1578; x_wconf 74' lang='grc' dir='ltr'>καταλέγειν</span> <span class='ocrx_word' id='word_1_403' title='bbox 2652 1503 2741 1557; x_wconf 80' lang='grc' dir='ltr'>καὶ</span> <span class='ocrx_word' id='word_1_404' title='bbox 2800 1505 2934 1558; x_wconf 84' lang='grc' dir='ltr'>κατά</span> <span class='ocrx_word' id='word_1_405' title='bbox 3010 1502 3205 1559; x_wconf 87' lang='grc' dir='ltr'>λεπτὸν</span> <span class='ocrx_word' id='word_1_406' title='bbox 3287 1503 3532 1576; x_wconf 67' lang='grc' dir='ltr'>διεξιέναι</span> <span class='ocrx_word' id='word_1_407' title='bbox 3614 1505 3783 1567; x_wconf 72' lang='grc' dir='ltr'>ἆθλος</span> 
     </span>
    </p>
   </div>
   <div class='ocr_carea' id='block_1_62' title="bbox 2131 1590 2473 1663">
    <p class='ocr_par' dir='ltr' id='par_1_62' title="bbox 2131 1590 2473 1663">
     <span class='ocr_line' id='line_1_62' title="bbox 2131 1590 2473 1663; baseline -0.009 -16"><span class='ocrx_word' id='word_1_408' title='bbox 2131 1590 2473 1663; x_wconf 84' lang='grc' dir='ltr'>Ἡράκλειος.</span> 
     </span>
    </p>
   </div>
   <div class='ocr_carea' id='block_1_63' title="bbox 2203 1678 3785 1757">
    <p class='ocr_par' dir='ltr' id='par_1_63' title="bbox 2203 1678 3785 1757">
     <span class='ocr_line' id='line_1_63' title="bbox 2203 1678 3785 1757; baseline 0.001 -22"><span class='ocrx_word' id='word_1_409' title='bbox 2203 1682 2301 1736; x_wconf 84' lang='grc' dir='ltr'>Ἠν</span> <span class='ocrx_word' id='word_1_410' title='bbox 2350 1678 2463 1733; x_wconf 73' lang='grc' dir='ltr'>δὲὸ</span> <span class='ocrx_word' id='word_1_411' title='bbox 2502 1679 2758 1753; x_wconf 80' lang='grc' dir='ltr'>βασιλεὺς</span> <span class='ocrx_word' id='word_1_412' title='bbox 2813 1682 2874 1735; x_wconf 88' lang='grc' dir='ltr'>τὸ</span> <span class='ocrx_word' id='word_1_413' title='bbox 2931 1684 3066 1749; x_wconf 69' lang='grc' dir='ltr'>ἦθος</span> <span class='ocrx_word' id='word_1_414' title='bbox 3123 1683 3405 1755; x_wconf 82' lang='grc' dir='ltr'>στάσιμος,</span> <span class='ocrx_word' id='word_1_415' title='bbox 3438 1684 3536 1752; x_wconf 81' lang='grc' dir='ltr'>τὴν</span> <span class='ocrx_word' id='word_1_416' title='bbox 3596 1683 3785 1757; x_wconf 73' lang='grc' dir='ltr'>ψυχὴν</span> 
     </span>
    </p>
   </div>
   <div class='ocr_carea' id='block_1_64' title="bbox 2056 1769 3784 1863">
    <p class='ocr_par' dir='ltr' id='par_1_64' title="bbox 2056 1769 3784 1863">
     <span class='ocr_line' id='line_1_64' title="bbox 2056 1769 3784 1863; baseline 0.001 -39"><span class='ocrx_word' id='word_1_417' title='bbox 2056 1801 2101 1863; x_wconf 83' lang='grc' dir='ltr'>Β</span> <span class='ocrx_word' id='word_1_418' title='bbox 2136 1770 2397 1836; x_wconf 67' lang='grc' dir='ltr'>ἐπιεικὴς.</span> <span class='ocrx_word' id='word_1_419' title='bbox 2456 1770 2557 1837; x_wconf 69' lang='grc' dir='ltr'>τὴν</span> <span class='ocrx_word' id='word_1_420' title='bbox 2611 1772 2839 1843; x_wconf 81' lang='grc' dir='ltr'>γνώμην</span> <span class='ocrx_word' id='word_1_421' title='bbox 2887 1769 3030 1840; x_wconf 77' lang='grc' dir='ltr'>ὀξὺς,</span> <span class='ocrx_word' id='word_1_422' title='bbox 3074 1773 3173 1840; x_wconf 74' lang='grc' dir='ltr'>τήν</span> <span class='ocrx_word' id='word_1_423' title='bbox 3221 1777 3382 1846; x_wconf 84' lang='grc' dir='ltr'>χεῖρα</span> <span class='ocrx_word' id='word_1_424' title='bbox 3430 1769 3784 1845; x_wconf 74' lang='grc' dir='ltr'>δραστήριος,</span> 
     </span>
    </p>
   </div>
   <div class='ocr_carea' id='block_1_65' title="bbox 2132 1855 3787 1934">
    <p class='ocr_par' dir='ltr' id='par_1_65' title="bbox 2132 1855 3787 1934">
     <span class='ocr_line' id='line_1_65' title="bbox 2132 1855 3787 1934; baseline 0 -22"><span class='ocrx_word' id='word_1_425' title='bbox 2132 1860 2230 1926; x_wconf 70' lang='grc' dir='ltr'>τήν</span> <span class='ocrx_word' id='word_1_426' title='bbox 2289 1858 2496 1912; x_wconf 66' lang='grc' dir='ltr'>σύνεσιν</span> <span class='ocrx_word' id='word_1_427' title='bbox 2554 1855 2800 1929; x_wconf 70' lang='grc' dir='ltr'>ἕτοιμος,</span> <span class='ocrx_word' id='word_1_428' title='bbox 2864 1859 3368 1934; x_wconf 86' lang='grc' dir='ltr'>στρατηγικώτατος</span> <span class='ocrx_word' id='word_1_429' title='bbox 3420 1858 3787 1931; x_wconf 78' lang='grc' dir='ltr'>τά·πο).ἐμια</span> 
     </span>
    </p>
   </div>
   <div class='ocr_carea' id='block_1_66' title="bbox 2132 1942 3787 2022">
    <p class='ocr_par' dir='ltr' id='par_1_66' title="bbox 2132 1942 3787 2022">
     <span class='ocr_line' id='line_1_66' title="bbox 2132 1942 3787 2022; baseline 0.001 -21"><span class='ocrx_word' id='word_1_430' title='bbox 2132 1947 2369 2009; x_wconf 75' lang='grc' dir='ltr'>καὶτοῖς</span> <span class='ocrx_word' id='word_1_431' title='bbox 2408 1947 2628 2021; x_wconf 76' lang='grc' dir='ltr'>ἐχθροῖς</span> <span class='ocrx_word' id='word_1_432' title='bbox 2679 1942 2930 2022; x_wconf 80' lang='grc' dir='ltr'>φοϐερὸς,</span> <span class='ocrx_word' id='word_1_433' title='bbox 2960 1953 3078 2011; x_wconf 89' lang='grc' dir='ltr'>τοῖς</span> <span class='ocrx_word' id='word_1_434' title='bbox 3128 1949 3249 2022; x_wconf 83' lang='grc' dir='ltr'>περὶ</span> <span class='ocrx_word' id='word_1_435' title='bbox 3308 1949 3467 2003; x_wconf 82' lang='grc' dir='ltr'>αὐτὸν</span> <span class='ocrx_word' id='word_1_436' title='bbox 3526 1949 3787 2022; x_wconf 75' lang='grc' dir='ltr'>εὐμενὴς,</span> 
     </span>
    </p>
   </div>
   <div class='ocr_carea' id='block_1_67' title="bbox 2138 2036 3790 2114">
    <p class='ocr_par' dir='ltr' id='par_1_67' title="bbox 2138 2036 3790 2114">
     <span class='ocr_line' id='line_1_67' title="bbox 2138 2036 3790 2114; baseline 0.016 -35"><span class='ocrx_word' id='word_1_437' title='bbox 2138 2037 2324 2112; x_wconf 74' lang='grc' dir='ltr'>λόγοις</span> <span class='ocrx_word' id='word_1_438' title='bbox 2376 2036 2791 2111; x_wconf 76' lang='grc' dir='ltr'>προσκείμενος,</span> <span class='ocrx_word' id='word_1_439' title='bbox 2827 2037 2913 2090; x_wconf 75' lang='grc' dir='ltr'>καὶ</span> <span class='ocrx_word' id='word_1_440' title='bbox 2971 2042 3139 2091; x_wconf 82' lang='grc' dir='ltr'>ταῦτα</span> <span class='ocrx_word' id='word_1_441' title='bbox 3195 2040 3268 2111; x_wconf 80' lang='grc' dir='ltr'>μή</span> <span class='ocrx_word' id='word_1_442' title='bbox 3323 2043 3484 2093; x_wconf 89' lang='grc' dir='ltr'>τοῦτο</span> <span class='ocrx_word' id='word_1_443' title='bbox 3516 2038 3567 2109; x_wconf 73' lang='grc' dir='ltr'>ἐξ</span> <span class='ocrx_word' id='word_1_444' title='bbox 3607 2038 3790 2114; x_wconf 72' lang='grc' dir='ltr'>ἀρχῆς</span> 
     </span>
    </p>
   </div>
   <div class='ocr_carea' id='block_1_68' title="bbox 2138 2121 3789 2202">
    <p class='ocr_par' dir='ltr' id='par_1_68' title="bbox 2138 2121 3789 2202">
     <span class='ocr_line' id='line_1_68' title="bbox 2138 2121 3789 2202; baseline 0.001 -24"><span class='ocrx_word' id='word_1_445' title='bbox 2138 2121 2258 2189; x_wconf 70' lang='grc' dir='ltr'>ἔθος</span> <span class='ocrx_word' id='word_1_446' title='bbox 2313 2123 2480 2198; x_wconf 75' lang='grc' dir='ltr'>ἔχων.</span> <span class='ocrx_word' id='word_1_447' title='bbox 2539 2126 2621 2195; x_wconf 88' lang='grc' dir='ltr'>[Ρ.</span> <span class='ocrx_word' id='word_1_448' title='bbox 2679 2127 2805 2198; x_wconf 87' lang='grc'>813]</span> <span class='ocrx_word' id='word_1_449' title='bbox 2863 2123 3059 2200; x_wconf 83' lang='grc' dir='ltr'>’Έλεγε</span> <span class='ocrx_word' id='word_1_450' title='bbox 3119 2124 3176 2180; x_wconf 73' lang='grc' dir='ltr'>δὲ</span> <span class='ocrx_word' id='word_1_451' title='bbox 3234 2124 3341 2182; x_wconf 83' lang='grc' dir='ltr'>δεῖν</span> <span class='ocrx_word' id='word_1_452' title='bbox 3400 2128 3491 2182; x_wconf 81' lang='grc' dir='ltr'>τὸν</span> <span class='ocrx_word' id='word_1_453' title='bbox 3557 2128 3789 2202; x_wconf 72' lang='grc' dir='ltr'>βασιλέα</span> 
     </span>
    </p>
   </div>
   <div class='ocr_carea' id='block_1_69' title="bbox 2137 2210 3791 2292">
    <p class='ocr_par' dir='ltr' id='par_1_69' title="bbox 2137 2210 3791 2292">
     <span class='ocr_line' id='line_1_69' title="bbox 2137 2210 3791 2292; baseline 0.001 -25"><span class='ocrx_word' id='word_1_454' title='bbox 2137 2210 2369 2292; x_wconf 72' lang='grc' dir='ltr'>φοϐερὸν</span> <span class='ocrx_word' id='word_1_455' title='bbox 2433 2215 2525 2287; x_wconf 80' lang='grc' dir='ltr'>μὲν</span> <span class='ocrx_word' id='word_1_456' title='bbox 2575 2215 2705 2267; x_wconf 68' lang='grc' dir='ltr'>εἶναι</span> <span class='ocrx_word' id='word_1_457' title='bbox 2770 2220 2887 2277; x_wconf 85' lang='grc' dir='ltr'>τοῖς</span> <span class='ocrx_word' id='word_1_458' title='bbox 2966 2214 3088 2284; x_wconf 79' lang='grc' dir='ltr'>ἔξω,</span> <span class='ocrx_word' id='word_1_459' title='bbox 3140 2215 3454 2291; x_wconf 75' lang='grc' dir='ltr'>εὐπρόσιτον</span> <span class='ocrx_word' id='word_1_460' title='bbox 3538 2213 3595 2269; x_wconf 77' lang='grc' dir='ltr'>δέ</span> <span class='ocrx_word' id='word_1_461' title='bbox 3668 2220 3791 2275; x_wconf 79' lang='grc' dir='ltr'>τοῖς</span> 
     </span>
    </p>
   </div>
   <div class='ocr_carea' id='block_1_70' title="bbox 2140 2300 3791 2379">
    <p class='ocr_par' dir='ltr' id='par_1_70' title="bbox 2140 2300 3791 2379">
     <span class='ocr_line' id='line_1_70' title="bbox 2140 2300 3791 2379; baseline 0 -23"><span class='ocrx_word' id='word_1_462' title='bbox 2140 2301 2319 2364; x_wconf 85' lang='grc' dir='ltr'>ἰδίοις.</span> <span class='ocrx_word' id='word_1_463' title='bbox 2384 2300 2553 2359; x_wconf 80' lang='grc' dir='ltr'>Πάλιν</span> <span class='ocrx_word' id='word_1_464' title='bbox 2614 2301 2765 2377; x_wconf 78' lang='grc' dir='ltr'>ἔλεγε</span> <span class='ocrx_word' id='word_1_465' title='bbox 2837 2303 2963 2365; x_wconf 70' lang='grc' dir='ltr'>τοὺς</span> <span class='ocrx_word' id='word_1_466' title='bbox 3025 2309 3418 2379; x_wconf 80' lang='grc' dir='ltr'>τυραννιῶντας</span> <span class='ocrx_word' id='word_1_467' title='bbox 3463 2311 3570 2361; x_wconf 79' lang='grc' dir='ltr'>τῶν</span> <span class='ocrx_word' id='word_1_468' title='bbox 3626 2304 3791 2378; x_wconf 85' lang='grc' dir='ltr'>βασι-</span> 
     </span>
    </p>
   </div>
   <div class='ocr_carea' id='block_1_71' title="bbox 2139 2389 3789 2465">
    <p class='ocr_par' dir='ltr' id='par_1_71' title="bbox 2139 2389 3789 2465">
     <span class='ocr_line' id='line_1_71' title="bbox 2139 2389 3789 2465; baseline 0.001 -19"><span class='ocrx_word' id='word_1_469' title='bbox 2139 2392 2277 2447; x_wconf 77' lang='grc' dir='ltr'>λέων</span> <span class='ocrx_word' id='word_1_470' title='bbox 2338 2390 2735 2463; x_wconf 67' lang='grc' dir='ltr'>ἀπελευθέρους</span> <span class='ocrx_word' id='word_1_471' title='bbox 2797 2392 2927 2447; x_wconf 74' lang='grc' dir='ltr'>εἶναι</span> <span class='ocrx_word' id='word_1_472' title='bbox 2994 2390 3261 2450; x_wconf 76' lang='grc' dir='ltr'>σπεύδειν.</span> <span class='ocrx_word' id='word_1_473' title='bbox 3329 2393 3665 2465; x_wconf 82' lang='grc' dir='ltr'>Λίτιώμενος</span> <span class='ocrx_word' id='word_1_474' title='bbox 3727 2389 3789 2447; x_wconf 71' lang='grc' dir='ltr'>δὲ</span> 
     </span>
    </p>
   </div>
   <div class='ocr_carea' id='block_1_72' title="bbox 2140 2476 3788 2556">
    <p class='ocr_par' dir='ltr' id='par_1_72' title="bbox 2140 2476 3788 2556">
     <span class='ocr_line' id='line_1_72' title="bbox 2140 2476 3788 2556; baseline -0.002 -20"><span class='ocrx_word' id='word_1_475' title='bbox 2140 2481 2221 2536; x_wconf 79' lang='grc' dir='ltr'>δτι</span> <span class='ocrx_word' id='word_1_476' title='bbox 2251 2484 2611 2556; x_wconf 71' lang='grc' dir='ltr'>τεωράννηκε</span> <span class='ocrx_word' id='word_1_477' title='bbox 2641 2482 2778 2535; x_wconf 83' lang='grc' dir='ltr'>κατά</span> <span class='ocrx_word' id='word_1_478' title='bbox 2830 2486 2930 2535; x_wconf 81' lang='grc' dir='ltr'>τοῦ</span> <span class='ocrx_word' id='word_1_479' title='bbox 2958 2480 3214 2555; x_wconf 81' lang='grc' dir='ltr'>Μιχαῆλ,</span> <span class='ocrx_word' id='word_1_480' title='bbox 3241 2506 3266 2531; x_wconf 78' lang='grc' dir='ltr'>ιι</span> <span class='ocrx_word' id='word_1_481' title='bbox 3301 2484 3549 2545; x_wconf 78' lang='grc' dir='ltr'>⁹Ὠκνουν,</span> <span class='ocrx_word' id='word_1_482' title='bbox 3609 2476 3788 2555; x_wconf 76' lang='grc' dir='ltr'>ἔλεγε,</span> 
     </span>
    </p>
   </div>
   <div class='ocr_carea' id='block_1_73' title="bbox 2138 2568 3797 2645">
    <p class='ocr_par' dir='ltr' id='par_1_73' title="bbox 2138 2568 3797 2645">
     <span class='ocr_line' id='line_1_73' title="bbox 2138 2568 3797 2645; baseline -0.002 -20"><span class='ocrx_word' id='word_1_483' title='bbox 2138 2577 2216 2643; x_wconf 77' lang='grc' dir='ltr'>τῷ</span> <span class='ocrx_word' id='word_1_484' title='bbox 2248 2568 2532 2642; x_wconf 78' lang='grc' dir='ltr'>συνδοῦλῳ</span> <span class='ocrx_word' id='word_1_485' title='bbox 2565 2568 2844 2625; x_wconf 72' lang='grc' dir='ltr'>δουλεύειν</span> <span class='ocrx_word' id='word_1_486' title='bbox 2891 2570 2979 2625; x_wconf 83' lang='grc' dir='ltr'>καὶ</span> <span class='ocrx_word' id='word_1_487' title='bbox 3032 2574 3138 2625; x_wconf 81' lang='grc' dir='ltr'>τῶν</span> <span class='ocrx_word' id='word_1_488' title='bbox 3172 2570 3393 2625; x_wconf 74' lang='grc' dir='ltr'>εἶ’κότων</span> <span class='ocrx_word' id='word_1_489' title='bbox 3459 2571 3533 2642; x_wconf 82' lang='grc' dir='ltr'>μή</span> <span class='ocrx_word' id='word_1_490' title='bbox 3585 2569 3797 2645; x_wconf 79' lang='grc' dir='ltr'>τυγχά-</span> 
     </span>
    </p>
   </div>
   <div class='ocr_carea' id='block_1_74' title="bbox 2140 2656 3793 2733">
    <p class='ocr_par' dir='ltr' id='par_1_74' title="bbox 2140 2656 3793 2733">
     <span class='ocr_line' id='line_1_74' title="bbox 2140 2656 3793 2733; baseline -0.002 -19"><span class='ocrx_word' id='word_1_491' title='bbox 2140 2681 2269 2717; x_wconf 86' lang='grc' dir='ltr'>νειν,</span> <span class='ocrx_word' id='word_1_492' title='bbox 2331 2681 2356 2711; x_wconf 74' lang='grc' dir='ltr'>ιι</span> <span class='ocrx_word' id='word_1_493' title='bbox 2419 2660 2812 2715; x_wconf 85' lang='grc' dir='ltr'>Ἐπισκώπτων</span> <span class='ocrx_word' id='word_1_494' title='bbox 2874 2657 2930 2713; x_wconf 74' lang='grc' dir='ltr'>δὲ</span> <span class='ocrx_word' id='word_1_495' title='bbox 2977 2663 3045 2733; x_wconf 78' lang='grc' dir='ltr'>τῇ</span> <span class='ocrx_word' id='word_1_496' title='bbox 3102 2660 3317 2733; x_wconf 83' lang='grc' dir='ltr'>γυναικὶ</span> <span class='ocrx_word' id='word_1_497' title='bbox 3367 2656 3522 2733; x_wconf 78' lang='grc' dir='ltr'>ἔλεγε</span> <span class='ocrx_word' id='word_1_498' title='bbox 3580 2656 3793 2725; x_wconf 65' lang='grc' dir='ltr'>δούλην</span> 
     </span>
    </p>
   </div>
   <div class='ocr_carea' id='block_1_75' title="bbox 2146 2745 3788 2823">
    <p class='ocr_par' dir='ltr' id='par_1_75' title="bbox 2146 2745 3788 2823">
     <span class='ocr_line' id='line_1_75' title="bbox 2146 2745 3788 2823; baseline -0.001 -20"><span class='ocrx_word' id='word_1_499' title='bbox 2146 2750 2238 2822; x_wconf 73' lang='grc' dir='ltr'>μὲν</span> <span class='ocrx_word' id='word_1_500' title='bbox 2301 2748 2433 2802; x_wconf 60' lang='grc' dir='ltr'>εἶναι</span> <span class='ocrx_word' id='word_1_501' title='bbox 2483 2748 2768 2823; x_wconf 84' lang='grc' dir='ltr'>πρότερον,</span> <span class='ocrx_word' id='word_1_502' title='bbox 2799 2753 2887 2802; x_wconf 89' lang='grc' dir='ltr'>νῦν</span> <span class='ocrx_word' id='word_1_503' title='bbox 2940 2746 2997 2802; x_wconf 69' lang='grc' dir='ltr'>δὲ</span> <span class='ocrx_word' id='word_1_504' title='bbox 3045 2747 3449 2823; x_wconf 75' lang='grc' dir='ltr'>ἠλευθερῶσθαι</span> <span class='ocrx_word' id='word_1_505' title='bbox 3486 2748 3573 2801; x_wconf 83' lang='grc' dir='ltr'>ὑπ’</span> <span class='ocrx_word' id='word_1_506' title='bbox 3602 2745 3788 2801; x_wconf 80' lang='grc' dir='ltr'>αὐτοῦ.</span> 
     </span>
    </p>
   </div>
   <div class='ocr_carea' id='block_1_76' title="bbox 2144 2832 3791 2913">
    <p class='ocr_par' dir='ltr' id='par_1_76' title="bbox 2144 2832 3791 2913">
     <span class='ocr_line' id='line_1_76' title="bbox 2144 2832 3791 2913; baseline -0.002 -20"><span class='ocrx_word' id='word_1_507' title='bbox 2144 2838 2314 2893; x_wconf 82' lang='grc' dir='ltr'>Πάλιν</span> <span class='ocrx_word' id='word_1_508' title='bbox 2364 2832 2518 2911; x_wconf 76' lang='grc' dir='ltr'>ἔλεγε</span> <span class='ocrx_word' id='word_1_509' title='bbox 2574 2837 2701 2899; x_wconf 82' lang='grc' dir='ltr'>τοὺς</span> <span class='ocrx_word' id='word_1_510' title='bbox 2763 2843 3031 2913; x_wconf 84' lang='grc' dir='ltr'>συγγενεῖς</span> <span class='ocrx_word' id='word_1_511' title='bbox 3076 2843 3194 2900; x_wconf 85' lang='grc' dir='ltr'>τοῖς</span> <span class='ocrx_word' id='word_1_512' title='bbox 3228 2838 3321 2910; x_wconf 71' lang='grc' dir='ltr'>μὲν</span> <span class='ocrx_word' id='word_1_513' title='bbox 3356 2834 3550 2897; x_wconf 67' lang='grc' dir='ltr'>ἄλλοις</span> <span class='ocrx_word' id='word_1_514' title='bbox 3579 2836 3791 2909; x_wconf 78' lang='grc' dir='ltr'>τυγχά-</span> 
     </span>
    </p>
   </div>
   <div class='ocr_carea' id='block_1_77' title="bbox 2144 2923 3798 3004">
    <p class='ocr_par' dir='ltr' id='par_1_77' title="bbox 2144 2923 3798 3004">
     <span class='ocr_line' id='line_1_77' title="bbox 2144 2923 3798 3004; baseline -0.002 -24"><span class='ocrx_word' id='word_1_515' title='bbox 2144 2948 2251 2983; x_wconf 90' lang='grc' dir='ltr'>νειν</span> <span class='ocrx_word' id='word_1_516' title='bbox 2314 2926 2610 2996; x_wconf 76' lang='grc' dir='ltr'>σκόλοπας,</span> <span class='ocrx_word' id='word_1_517' title='bbox 2643 2931 2723 2999; x_wconf 78' lang='grc' dir='ltr'>τῷ</span> <span class='ocrx_word' id='word_1_518' title='bbox 2781 2925 2837 2981; x_wconf 70' lang='grc' dir='ltr'>δὲ</span> <span class='ocrx_word' id='word_1_519' title='bbox 2893 2931 3242 3003; x_wconf 79' lang='grc' dir='ltr'>τυραννοῦντι</span> <span class='ocrx_word' id='word_1_520' title='bbox 3276 2925 3561 3004; x_wconf 72' lang='grc' dir='ltr'>ὠφέλειαν.</span> <span class='ocrx_word' id='word_1_521' title='bbox 3595 2923 3798 2999; x_wconf 80' lang='grc' dir='ltr'>Ἔλεγε</span> 
     </span>
    </p>
   </div>
   <div class='ocr_carea' id='block_1_78' title="bbox 2148 3012 3783 3091">
    <p class='ocr_par' dir='ltr' id='par_1_78' title="bbox 2148 3012 3783 3091">
     <span class='ocr_line' id='line_1_78' title="bbox 2148 3012 3783 3091; baseline -0.001 -22"><span class='ocrx_word' id='word_1_522' title='bbox 2148 3016 2204 3072; x_wconf 79' lang='grc' dir='ltr'>δὶ</span> <span class='ocrx_word' id='word_1_523' title='bbox 2258 3016 2345 3071; x_wconf 83' lang='grc' dir='ltr'>καὶ</span> <span class='ocrx_word' id='word_1_524' title='bbox 2389 3020 2423 3086; x_wconf 77' lang='grc' dir='ltr'>ἡ</span> <span class='ocrx_word' id='word_1_525' title='bbox 2480 3015 2695 3091; x_wconf 81' lang='grc' dir='ltr'>βασιλὶς</span> <span class='ocrx_word' id='word_1_526' title='bbox 2752 3016 3066 3090; x_wconf 74' lang='grc' dir='ltr'>Δίκατερῖνα</span> <span class='ocrx_word' id='word_1_527' title='bbox 3119 3014 3285 3089; x_wconf 67' lang='grc' dir='ltr'>μηδὲν</span> <span class='ocrx_word' id='word_1_528' title='bbox 3340 3021 3476 3084; x_wconf 81' lang='grc' dir='ltr'>ζῶον</span> <span class='ocrx_word' id='word_1_529' title='bbox 3531 3013 3615 3069; x_wconf 83' lang='grc' dir='ltr'>ἐπ’</span> <span class='ocrx_word' id='word_1_530' title='bbox 3642 3012 3783 3086; x_wconf 73' lang='grc' dir='ltr'>αὑτῇ</span> 
     </span>
    </p>
   </div>
   <div class='ocr_carea' id='block_1_79' title="bbox 2144 3105 3482 3183">
    <p class='ocr_par' dir='ltr' id='par_1_79' title="bbox 2144 3105 3482 3183">
     <span class='ocr_line' id='line_1_79' title="bbox 2144 3105 3482 3183; baseline -0.001 -21"><span class='ocrx_word' id='word_1_531' title='bbox 2144 3109 2461 3183; x_wconf 69' lang='grc' dir='ltr'>γεγενῆσθαι</span> <span class='ocrx_word' id='word_1_532' title='bbox 2493 3106 2768 3181; x_wconf 72' lang='grc' dir='ltr'>βασιλείας</span> <span class='ocrx_word' id='word_1_533' title='bbox 2797 3105 3075 3182; x_wconf 87' lang='grc' dir='ltr'>βασιλείαν</span> <span class='ocrx_word' id='word_1_534' title='bbox 3110 3105 3482 3180; x_wconf 76' lang='grc' dir='ltr'>ἀλλαξαμένῃ.</span> 
     </span>
    </p>
   </div>
   <div class='ocr_carea' id='block_1_80' title="bbox 2223 3190 3806 3268">
    <p class='ocr_par' dir='ltr' id='par_1_80' title="bbox 2223 3190 3806 3268">
     <span class='ocr_line' id='line_1_80' title="bbox 2223 3190 3806 3268; baseline -0.003 -17"><span class='ocrx_word' id='word_1_535' title='bbox 2223 3196 2372 3252; x_wconf 79' lang='grc' dir='ltr'>Μετὰ</span> <span class='ocrx_word' id='word_1_536' title='bbox 2430 3193 2487 3249; x_wconf 75' lang='grc' dir='ltr'>δὲ</span> <span class='ocrx_word' id='word_1_537' title='bbox 2540 3196 2630 3249; x_wconf 86' lang='grc' dir='ltr'>τὸν</span> <span class='ocrx_word' id='word_1_538' title='bbox 2660 3196 2948 3267; x_wconf 85' lang='grc' dir='ltr'>Κομνηνὸν</span> <span class='ocrx_word' id='word_1_539' title='bbox 2999 3198 3408 3254; x_wconf 86' lang='grc' dir='ltr'>Κωνσταντῖνος</span> <span class='ocrx_word' id='word_1_540' title='bbox 3455 3190 3723 3268; x_wconf 84' lang='grc' dir='ltr'>πρόεδρος</span> <span class='ocrx_word' id='word_1_541' title='bbox 3776 3193 3806 3245; x_wconf 82' lang='grc' dir='ltr'>ὁ</span> 
     </span>
    </p>
   </div>
   <div class='ocr_carea' id='block_1_81' title="bbox 2155 3282 3803 3362">
    <p class='ocr_par' dir='ltr' id='par_1_81' title="bbox 2155 3282 3803 3362">
     <span class='ocr_line' id='line_1_81' title="bbox 2155 3282 3803 3362; baseline -0.004 -21"><span class='ocrx_word' id='word_1_542' title='bbox 2155 3287 2356 3347; x_wconf 80' lang='grc' dir='ltr'>Δούκας</span> <span class='ocrx_word' id='word_1_543' title='bbox 2402 3290 2508 3340; x_wconf 81' lang='grc' dir='ltr'>τῶν</span> <span class='ocrx_word' id='word_1_544' title='bbox 2574 3288 2863 3362; x_wconf 82' lang='grc' dir='ltr'>σκήπτρων</span> <span class='ocrx_word' id='word_1_545' title='bbox 2924 3282 3321 3357; x_wconf 74' lang='grc' dir='ltr'>ἐπιλαϐόμενος</span> <span class='ocrx_word' id='word_1_546' title='bbox 3385 3282 3653 3356; x_wconf 84' lang='grc' dir='ltr'>ἀναιμωτὶ</span> <span class='ocrx_word' id='word_1_547' title='bbox 3712 3284 3803 3337; x_wconf 74' lang='grc' dir='ltr'>καὶ</span> 
     </span>
    </p>
   </div>
   <div class='ocr_carea' id='block_1_82' title="bbox 2155 3371 3807 3451">
    <p class='ocr_par' dir='ltr' id='par_1_82' title="bbox 2155 3371 3807 3451">
     <span class='ocr_line' id='line_1_82' title="bbox 2155 3371 3807 3451; baseline -0.004 -21"><span class='ocrx_word' id='word_1_548' title='bbox 2155 3375 2284 3451; x_wconf 81' lang='grc' dir='ltr'>δίχα</span> <span class='ocrx_word' id='word_1_549' title='bbox 2327 3375 2658 3451; x_wconf 83' lang='grc' dir='ltr'>πραγμάτων</span> <span class='ocrx_word' id='word_1_550' title='bbox 2704 3378 2973 3451; x_wconf 73' lang='grc' dir='ltr'>ταραχῆς,</span> <span class='ocrx_word' id='word_1_551' title='bbox 3025 3371 3223 3451; x_wconf 85' lang='grc' dir='ltr'>λόγους</span> <span class='ocrx_word' id='word_1_552' title='bbox 3271 3373 3558 3434; x_wconf 76' lang='grc' dir='ltr'>ἐπιεικείας</span> <span class='ocrx_word' id='word_1_553' title='bbox 3603 3372 3807 3447; x_wconf 72' lang='grc' dir='ltr'>γέμον-</span> 
     </span>
    </p>
   </div>
   <div class='ocr_carea' id='block_1_83' title="bbox 2154 3460 3806 3539">
    <p class='ocr_par' dir='ltr' id='par_1_83' title="bbox 2154 3460 3806 3539">
     <span class='ocr_line' id='line_1_83' title="bbox 2154 3460 3806 3539; baseline -0.005 -20"><span class='ocrx_word' id='word_1_554' title='bbox 2154 3487 2249 3526; x_wconf 89' lang='grc' dir='ltr'>τας</span> <span class='ocrx_word' id='word_1_555' title='bbox 2277 3462 2669 3539; x_wconf 73' lang='grc' dir='ltr'>ἐδημηγόρησε</span> <span class='ocrx_word' id='word_1_556' title='bbox 2698 3465 2834 3538; x_wconf 83' lang='grc' dir='ltr'>πρὸς</span> <span class='ocrx_word' id='word_1_557' title='bbox 2862 3466 2960 3532; x_wconf 69' lang='grc' dir='ltr'>τὴν</span> <span class='ocrx_word' id='word_1_558' title='bbox 2995 3461 3300 3539; x_wconf 71' lang='grc' dir='ltr'>σύγκλητον</span> <span class='ocrx_word' id='word_1_559' title='bbox 3341 3462 3431 3517; x_wconf 83' lang='grc' dir='ltr'>καὶ</span> <span class='ocrx_word' id='word_1_560' title='bbox 3481 3462 3617 3534; x_wconf 83' lang='grc' dir='ltr'>πρὸς</span> <span class='ocrx_word' id='word_1_561' title='bbox 3662 3460 3806 3514; x_wconf 70' lang='grc' dir='ltr'>ἅπαν</span> 
     </span>
    </p>
   </div>
   <div class='ocr_carea' id='block_1_84' title="bbox 2155 3550 3807 3626">
    <p class='ocr_par' dir='ltr' id='par_1_84' title="bbox 2155 3550 3807 3626">
     <span class='ocr_line' id='line_1_84' title="bbox 2155 3550 3807 3626; baseline -0.004 -18"><span class='ocrx_word' id='word_1_562' title='bbox 2155 3554 2216 3609; x_wconf 88' lang='grc' dir='ltr'>τὸ</span> <span class='ocrx_word' id='word_1_563' title='bbox 2275 3551 2575 3625; x_wconf 85' lang='grc' dir='ltr'>δημοτικόν</span> <span class='ocrx_word' id='word_1_564' title='bbox 2628 3555 2707 3626; x_wconf 88' lang='grc'>(9)</span> <span class='ocrx_word' id='word_1_565' title='bbox 2762 3574 2819 3607; x_wconf 89' lang='grc' dir='ltr'>τε</span> <span class='ocrx_word' id='word_1_566' title='bbox 2875 3560 2975 3622; x_wconf 82' lang='grc' dir='ltr'>τῆς</span> <span class='ocrx_word' id='word_1_567' title='bbox 3030 3552 3246 3614; x_wconf 86' lang='grc' dir='ltr'>πόλεως</span> <span class='ocrx_word' id='word_1_568' title='bbox 3305 3551 3393 3605; x_wconf 82' lang='grc' dir='ltr'>καὶ</span> <span class='ocrx_word' id='word_1_569' title='bbox 3450 3550 3649 3604; x_wconf 86' lang='grc' dir='ltr'>κοινόν.</span> <span class='ocrx_word' id='word_1_570' title='bbox 3705 3550 3807 3602; x_wconf 70' lang='grc' dir='ltr'>Καὶ</span> 
     </span>
    </p>
   </div>
   <div class='ocr_carea' id='block_1_85' title="bbox 2158 3636 3809 3717">
    <p class='ocr_par' dir='ltr' id='par_1_85' title="bbox 2158 3636 3809 3717">
     <span class='ocr_line' id='line_1_85' title="bbox 2158 3636 3809 3717; baseline -0.004 -22"><span class='ocrx_word' id='word_1_571' title='bbox 2158 3642 2251 3696; x_wconf 78' lang='grc' dir='ltr'>ἀπ’</span> <span class='ocrx_word' id='word_1_572' title='bbox 2301 3641 2508 3696; x_wconf 83' lang='grc' dir='ltr'>ἐκείνου</span> <span class='ocrx_word' id='word_1_573' title='bbox 2567 3648 2667 3709; x_wconf 81' lang='grc' dir='ltr'>τῆς</span> <span class='ocrx_word' id='word_1_574' title='bbox 2724 3646 2831 3695; x_wconf 78' lang='grc' dir='ltr'>τῶν</span> <span class='ocrx_word' id='word_1_575' title='bbox 2890 3639 3225 3717; x_wconf 76' lang='grc' dir='ltr'>πραγμάτων</span> <span class='ocrx_word' id='word_1_576' title='bbox 3269 3639 3523 3712; x_wconf 79' lang='grc' dir='ltr'>ἐνήρξατο</span> <span class='ocrx_word' id='word_1_577' title='bbox 3573 3636 3809 3705; x_wconf 72' lang='grc' dir='ltr'>ἀντιλή-</span> 
     </span>
    </p>
   </div>
   <div class='ocr_carea' id='block_1_86' title="bbox 2158 3724 3813 3805">
    <p class='ocr_par' dir='ltr' id='par_1_86' title="bbox 2158 3724 3813 3805">
     <span class='ocr_line' id='line_1_86' title="bbox 2158 3724 3813 3805; baseline -0.004 -21"><span class='ocrx_word' id='word_1_578' title='bbox 2158 3733 2322 3805; x_wconf 77' lang='grc' dir='ltr'>ψεως,</span> <span class='ocrx_word' id='word_1_579' title='bbox 2353 3735 2454 3784; x_wconf 83' lang='grc' dir='ltr'>τοῦ</span> <span class='ocrx_word' id='word_1_580' title='bbox 2506 3728 2777 3793; x_wconf 85' lang='grc' dir='ltr'>ἐπιεικοῦς</span> <span class='ocrx_word' id='word_1_581' title='bbox 2824 3728 2912 3784; x_wconf 76' lang='grc' dir='ltr'>καί</span> <span class='ocrx_word' id='word_1_582' title='bbox 2962 3730 3182 3805; x_wconf 81' lang='grc' dir='ltr'>μετρίου</span> <span class='ocrx_word' id='word_1_583' title='bbox 3235 3730 3352 3783; x_wconf 83' lang='grc' dir='ltr'>κατ’</span> <span class='ocrx_word' id='word_1_584' title='bbox 3386 3726 3540 3782; x_wconf 73' lang='grc' dir='ltr'>οὐδὲν</span> <span class='ocrx_word' id='word_1_585' title='bbox 3577 3724 3813 3803; x_wconf 70' lang='grc' dir='ltr'>ἀφιστάο</span> 
     </span>
    </p>
   </div>
   <div class='ocr_carea' id='block_1_87' title="bbox 2164 3814 3814 3892">
    <p class='ocr_par' dir='ltr' id='par_1_87' title="bbox 2164 3814 3814 3892">
     <span class='ocr_line' id='line_1_87' title="bbox 2164 3814 3814 3892; baseline -0.005 -18"><span class='ocrx_word' id='word_1_586' title='bbox 2164 3841 2342 3891; x_wconf 61' lang='grc' dir='ltr'>μενος,</span> <span class='ocrx_word' id='word_1_587' title='bbox 2376 3819 2521 3874; x_wconf 72' lang='grc' dir='ltr'>ἀλλά</span> <span class='ocrx_word' id='word_1_588' title='bbox 2576 3824 2705 3873; x_wconf 77' lang='grc' dir='ltr'>πᾶσι</span> <span class='ocrx_word' id='word_1_589' title='bbox 2761 3819 2993 3892; x_wconf 89' lang='grc' dir='ltr'>τρόποις</span> <span class='ocrx_word' id='word_1_590' title='bbox 3050 3818 3215 3873; x_wconf 81' lang='grc' dir='ltr'>αὐτοῦ</span> <span class='ocrx_word' id='word_1_591' title='bbox 3270 3818 3613 3892; x_wconf 81' lang='grc' dir='ltr'>ἐξεχόμενος.</span> <span class='ocrx_word' id='word_1_592' title='bbox 3661 3814 3814 3871; x_wconf 78' lang='grc' dir='ltr'>Έτί⁶</span> 
     </span>
    </p>
   </div>
   <div class='ocr_carea' id='block_1_88' title="bbox 2165 3901 3815 3983">
    <p class='ocr_par' dir='ltr' id='par_1_88' title="bbox 2165 3901 3815 3983">
     <span class='ocr_line' id='line_1_88' title="bbox 2165 3901 3815 3983; baseline -0.003 -22"><span class='ocrx_word' id='word_1_593' title='bbox 2165 3928 2305 3980; x_wconf 87' lang='grc' dir='ltr'>μησε</span> <span class='ocrx_word' id='word_1_594' title='bbox 2336 3904 2393 3961; x_wconf 71' lang='grc' dir='ltr'>δε</span> <span class='ocrx_word' id='word_1_595' title='bbox 2422 3911 2529 3961; x_wconf 81' lang='grc' dir='ltr'>τῶν</span> <span class='ocrx_word' id='word_1_596' title='bbox 2561 3928 2620 3961; x_wconf 84' lang='grc' dir='ltr'>τε</span> <span class='ocrx_word' id='word_1_597' title='bbox 2648 3914 2751 3976; x_wconf 81' lang='grc' dir='ltr'>τῆς</span> <span class='ocrx_word' id='word_1_598' title='bbox 2795 3906 3104 3983; x_wconf 71' lang='grc' dir='ltr'>συγκλήτου</span> <span class='ocrx_word' id='word_1_599' title='bbox 3151 3908 3241 3961; x_wconf 79' lang='grc' dir='ltr'>καὶ</span> <span class='ocrx_word' id='word_1_600' title='bbox 3291 3910 3388 3960; x_wconf 92' lang='grc' dir='ltr'>τοῦ</span> <span class='ocrx_word' id='word_1_601' title='bbox 3435 3903 3615 3977; x_wconf 83' lang='grc' dir='ltr'>δήμου</span> <span class='ocrx_word' id='word_1_602' title='bbox 3663 3901 3815 3957; x_wconf 83' lang='grc' dir='ltr'>πολ-</span> 
     </span>
    </p>
   </div>
   <div class='ocr_carea' id='block_1_89' title="bbox 2162 3992 3816 4070">
    <p class='ocr_par' dir='ltr' id='par_1_89' title="bbox 2162 3992 3816 4070">
     <span class='ocr_line' id='line_1_89' title="bbox 2162 3992 3816 4070; baseline -0.005 -18"><span class='ocrx_word' id='word_1_603' title='bbox 2162 3995 2313 4060; x_wconf 77' lang='grc' dir='ltr'>λούς.</span> <span class='ocrx_word' id='word_1_604' title='bbox 2366 3997 2684 4070; x_wconf 75' lang='grc' dir='ltr'>Ἀνώρθωσε</span> <span class='ocrx_word' id='word_1_605' title='bbox 2757 3993 2815 4051; x_wconf 71' lang='grc' dir='ltr'>δὲ</span> <span class='ocrx_word' id='word_1_606' title='bbox 2874 3995 2963 4049; x_wconf 85' lang='grc' dir='ltr'>καὶ</span> <span class='ocrx_word' id='word_1_607' title='bbox 3036 3999 3165 4057; x_wconf 84' lang='grc' dir='ltr'>τοὺς</span> <span class='ocrx_word' id='word_1_608' title='bbox 3224 3992 3332 4064; x_wconf 75' lang='grc' dir='ltr'>ἤδη</span> <span class='ocrx_word' id='word_1_609' title='bbox 3394 3994 3480 4048; x_wconf 72' lang='grc' dir='ltr'>ἐπὶ</span> <span class='ocrx_word' id='word_1_610' title='bbox 3521 3996 3816 4066; x_wconf 79' lang='grc' dir='ltr'>Κομνηνοῦ</span> 
     </span>
    </p>
   </div>
   <div class='ocr_carea' id='block_1_90' title="bbox 2160 4081 3814 4154">
    <p class='ocr_par' dir='ltr' id='par_1_90' title="bbox 2160 4081 3814 4154">
     <span class='ocr_line' id='line_1_90' title="bbox 2160 4081 3814 4154; baseline -0.004 -14"><span class='ocrx_word' id='word_1_611' title='bbox 2160 4085 2574 4147; x_wconf 77' lang='grc' dir='ltr'>ἐκπεπτωκότας</span> <span class='ocrx_word' id='word_1_612' title='bbox 2666 4090 2774 4139; x_wconf 81' lang='grc' dir='ltr'>τῶν</span> <span class='ocrx_word' id='word_1_613' title='bbox 2872 4084 3227 4139; x_wconf 80' lang='grc' dir='ltr'>οἷ’κειωτικῶν</span> <span class='ocrx_word' id='word_1_614' title='bbox 3263 4104 3276 4116; x_wconf 90' lang='grc'>·</span> <span class='ocrx_word' id='word_1_615' title='bbox 3365 4082 3611 4142; x_wconf 71' lang='grc' dir='ltr'>πολλοὺς</span> <span class='ocrx_word' id='word_1_616' title='bbox 3708 4081 3814 4154; x_wconf 70' lang='grc' dir='ltr'>γὰρ</span> 
     </span>
    </p>
   </div>
   <div class='ocr_carea' id='block_1_91' title="bbox 2161 4169 3819 4245">
    <p class='ocr_par' dir='ltr' id='par_1_91' title="bbox 2161 4169 3819 4245">
     <span class='ocr_line' id='line_1_91' title="bbox 2161 4169 3819 4245; baseline -0.004 -16"><span class='ocrx_word' id='word_1_617' title='bbox 2161 4175 2365 4236; x_wconf 82' lang='grc' dir='ltr'>ἐκεῖνος</span> <span class='ocrx_word' id='word_1_618' title='bbox 2425 4171 2651 4243; x_wconf 79' lang='grc' dir='ltr'>ἀδόξους</span> <span class='ocrx_word' id='word_1_619' title='bbox 2709 4173 2759 4243; x_wconf 80' lang='grc' dir='ltr'>ἐξ</span> <span class='ocrx_word' id='word_1_620' title='bbox 2818 4171 3044 4244; x_wconf 82' lang='grc' dir='ltr'>ἐνδόξων</span> <span class='ocrx_word' id='word_1_621' title='bbox 3102 4174 3190 4227; x_wconf 78' lang='grc' dir='ltr'>καὶ</span> <span class='ocrx_word' id='word_1_622' title='bbox 3254 4172 3482 4245; x_wconf 84' lang='grc' dir='ltr'>ἀτίμους</span> <span class='ocrx_word' id='word_1_623' title='bbox 3516 4170 3575 4225; x_wconf 85' lang='grc' dir='ltr'>ἐκ</span> <span class='ocrx_word' id='word_1_624' title='bbox 3611 4169 3819 4241; x_wconf 85' lang='grc' dir='ltr'>τιμίων</span> 
     </span>
    </p>
   </div>
   <div class='ocr_carea' id='block_1_92' title="bbox 2160 4256 3815 4336">
    <p class='ocr_par' dir='ltr' id='par_1_92' title="bbox 2160 4256 3815 4336">
     <span class='ocr_line' id='line_1_92' title="bbox 2160 4256 3815 4336; baseline -0.004 -19"><span class='ocrx_word' id='word_1_625' title='bbox 2160 4261 2450 4333; x_wconf 71' lang='grc' dir='ltr'>ἀπέδειξεν.</span> <span class='ocrx_word' id='word_1_626' title='bbox 2514 4261 2837 4330; x_wconf 84' lang='grc' dir='ltr'>Ἐπιστάσης</span> <span class='ocrx_word' id='word_1_627' title='bbox 2890 4262 2992 4336; x_wconf 82' lang='grc' dir='ltr'>γὰρ</span> <span class='ocrx_word' id='word_1_628' title='bbox 3050 4268 3151 4330; x_wconf 83' lang='grc' dir='ltr'>τῆς</span> <span class='ocrx_word' id='word_1_629' title='bbox 3217 4266 3313 4315; x_wconf 89' lang='grc' dir='ltr'>τοῦ</span> <span class='ocrx_word' id='word_1_630' title='bbox 3366 4259 3520 4335; x_wconf 81' lang='grc' dir='ltr'>ἁγίου</span> <span class='ocrx_word' id='word_1_631' title='bbox 3578 4256 3815 4333; x_wconf 76' lang='grc' dir='ltr'>μεγαλοο</span> 
     </span>
    </p>
   </div>
   <div class='ocr_carea' id='block_1_93' title="bbox 2166 4343 3820 4425">
    <p class='ocr_par' dir='ltr' id='par_1_93' title="bbox 2166 4343 3820 4425">
     <span class='ocr_line' id='line_1_93' title="bbox 2166 4343 3820 4425; baseline -0.004 -19"><span class='ocrx_word' id='word_1_632' title='bbox 2166 4352 2438 4425; x_wconf 75' lang='grc' dir='ltr'>μάρτυρος</span> <span class='ocrx_word' id='word_1_633' title='bbox 2517 4350 2787 4425; x_wconf 85' lang='grc' dir='ltr'>Γεωργίου</span> <span class='ocrx_word' id='word_1_634' title='bbox 2873 4352 3099 4423; x_wconf 83' lang='grc' dir='ltr'>μνήμης</span> <span class='ocrx_word' id='word_1_635' title='bbox 3184 4352 3296 4421; x_wconf 88' lang='grc'>(10)</span> <span class='ocrx_word' id='word_1_636' title='bbox 3362 4348 3494 4403; x_wconf 79' lang='grc' dir='ltr'>κατὰ</span> <span class='ocrx_word' id='word_1_637' title='bbox 3558 4348 3621 4401; x_wconf 86' lang='grc' dir='ltr'>τὸ</span> <span class='ocrx_word' id='word_1_638' title='bbox 3695 4343 3820 4407; x_wconf 72' lang='grc' dir='ltr'>ἔθος</span> 
     </span>
    </p>
   </div>
   <div class='ocr_carea' id='block_1_94' title="bbox 2161 4434 3816 4515">
    <p class='ocr_par' dir='ltr' id='par_1_94' title="bbox 2161 4434 3816 4515">
     <span class='ocr_line' id='line_1_94' title="bbox 2161 4434 3816 4515; baseline -0.004 -21"><span class='ocrx_word' id='word_1_639' title='bbox 2161 4437 2373 4495; x_wconf 74' lang='grc' dir='ltr'>ἄπεισιν</span> <span class='ocrx_word' id='word_1_640' title='bbox 2408 4441 2435 4493; x_wconf 90' lang='grc' dir='ltr'>ὁ</span> <span class='ocrx_word' id='word_1_641' title='bbox 2471 4437 2724 4515; x_wconf 79' lang='grc' dir='ltr'>βασιλεὺς</span> <span class='ocrx_word' id='word_1_642' title='bbox 2756 4439 2831 4500; x_wconf 81' lang='grc' dir='ltr'>εἷς</span> <span class='ocrx_word' id='word_1_643' title='bbox 2856 4438 2923 4493; x_wconf 86' lang='grc' dir='ltr'>τά</span> <span class='ocrx_word' id='word_1_644' title='bbox 2954 4442 3211 4515; x_wconf 81' lang='grc' dir='ltr'>Μάγγανα</span> <span class='ocrx_word' id='word_1_645' title='bbox 3250 4435 3397 4492; x_wconf 77' lang='grc' dir='ltr'>αἶ’δοῖ</span> <span class='ocrx_word' id='word_1_646' title='bbox 3452 4441 3549 4491; x_wconf 88' lang='grc' dir='ltr'>τοῦ</span> <span class='ocrx_word' id='word_1_647' title='bbox 3608 4434 3816 4509; x_wconf 81' lang='grc' dir='ltr'>μάρτυ-</span> 
     </span>
    </p>
   </div>
   <div class='ocr_carea' id='block_1_95' title="bbox 401 4524 2035 4604">
    <p class='ocr_par' dir='ltr' id='par_1_95' title="bbox 401 4524 2035 4598">
     <span class='ocr_line' id='line_1_95' title="bbox 401 4524 2035 4598; baseline 0.002 -20"><span class='ocrx_word' id='word_1_648' title='bbox 401 4524 546 4579; x_wconf 90' lang='lat' dir='ltr'>lium</span> <span class='ocrx_word' id='word_1_649' title='bbox 589 4525 845 4580; x_wconf 80' lang='lat' dir='ltr'>meditati</span> <span class='ocrx_word' id='word_1_650' title='bbox 894 4527 1139 4580; x_wconf 89' lang='lat' dir='ltr'>insidias</span> <span class='ocrx_word' id='word_1_651' title='bbox 1192 4527 1526 4598; x_wconf 89' lang='lat' dir='ltr'>imperatori</span> <span class='ocrx_word' id='word_1_652' title='bbox 1582 4532 1864 4583; x_wconf 82' lang='lat' dir='ltr'>struxere.</span> <span class='ocrx_word' id='word_1_653' title='bbox 1900 4528 2035 4583; x_wconf 66' lang='lat' dir='ltr'>Nibi‘</span> 
     </span>
    </p>
   </div>
   <div class='ocr_carea' id='block_1_96' title="bbox 2151 4524 3815 4604">
    <p class='ocr_par' dir='ltr' id='par_1_96' title="bbox 2164 4524 3815 4604">
     <span class='ocr_line' id='line_1_96' title="bbox 2164 4524 3815 4604; baseline -0.004 -22"><span class='ocrx_word' id='word_1_654' title='bbox 2164 4549 2278 4604; x_wconf 89' lang='grc' dir='ltr'>ρος,</span> <span class='ocrx_word' id='word_1_655' title='bbox 2315 4528 2448 4599; x_wconf 72' lang='grc' dir='ltr'>μετὰ</span> <span class='ocrx_word' id='word_1_656' title='bbox 2498 4525 2554 4582; x_wconf 76' lang='grc' dir='ltr'>δὲ</span> <span class='ocrx_word' id='word_1_657' title='bbox 2600 4528 2662 4582; x_wconf 84' lang='grc' dir='ltr'>τὸ</span> <span class='ocrx_word' id='word_1_658' title='bbox 2710 4527 3032 4597; x_wconf 82' lang='grc' dir='ltr'>τελεσθῆναι</span> <span class='ocrx_word' id='word_1_659' title='bbox 3097 4530 3195 4596; x_wconf 77' lang='grc' dir='ltr'>τὴν</span> <span class='ocrx_word' id='word_1_660' title='bbox 3246 4527 3465 4600; x_wconf 69' lang='grc' dir='ltr'>ἑορτήν,</span> <span class='ocrx_word' id='word_1_661' title='bbox 3514 4524 3659 4584; x_wconf 68' lang='grc' dir='ltr'>τινες</span> <span class='ocrx_word' id='word_1_662' title='bbox 3706 4528 3815 4577; x_wconf 83' lang='grc' dir='ltr'>τῶν</span> 
     </span>
    </p>
   </div>
   <div class='ocr_carea' id='block_1_97' title="bbox 400 4615 2049 4688">
    <p class='ocr_par' dir='ltr' id='par_1_97' title="bbox 400 4615 2049 4688">
     <span class='ocr_line' id='line_1_97' title="bbox 400 4615 2049 4688; baseline 0.002 -21"><span class='ocrx_word' id='word_1_663' title='bbox 400 4629 534 4668; x_wconf 91' lang='lat' dir='ltr'>vero</span> <span class='ocrx_word' id='word_1_664' title='bbox 594 4615 981 4685; x_wconf 76' lang='lat' dir='ltr'>perfecerunt,</span> <span class='ocrx_word' id='word_1_665' title='bbox 1028 4620 1140 4669; x_wconf 84' lang='lat' dir='ltr'>Deo</span> <span class='ocrx_word' id='word_1_666' title='bbox 1201 4621 1411 4671; x_wconf 86' lang='lat' dir='ltr'>ccetum</span> <span class='ocrx_word' id='word_1_667' title='bbox 1467 4616 1634 4671; x_wconf 88' lang='lat' dir='ltr'>illum</span> <span class='ocrx_word' id='word_1_668' title='bbox 1686 4617 1932 4688; x_wconf 90' lang='lat' dir='ltr'>impium</span> <span class='ocrx_word' id='word_1_669' title='bbox 1993 4621 2049 4671; x_wconf 90' lang='lat' dir='ltr'>et</span> 
     </span>
    </p>
   </div>
   <div class='ocr_carea' id='block_1_98' title="bbox 401 4704 2048 4774">
    <p class='ocr_par' dir='ltr' id='par_1_98' title="bbox 401 4704 2048 4774">
     <span class='ocr_line' id='line_1_98' title="bbox 401 4704 2048 4774; baseline 0.001 -17"><span class='ocrx_word' id='word_1_670' title='bbox 401 4719 641 4774; x_wconf 90' lang='lat' dir='ltr'>pravum</span> <span class='ocrx_word' id='word_1_671' title='bbox 692 4711 1087 4758; x_wconf 85' lang='lat' dir='ltr'>commentum</span> <span class='ocrx_word' id='word_1_672' title='bbox 1141 4705 1497 4760; x_wconf 86' lang='lat' dir='ltr'>dissolvente</span> <span class='ocrx_word' id='word_1_673' title='bbox 1530 4724 1542 4760; x_wconf 91' lang='lat'><strong>:</strong></span> <span class='ocrx_word' id='word_1_674' title='bbox 1580 4706 1685 4760; x_wconf 89' lang='lat' dir='ltr'>hoc</span> <span class='ocrx_word' id='word_1_675' title='bbox 1732 4706 1888 4760; x_wconf 89' lang='lat' dir='ltr'>enim</span> <span class='ocrx_word' id='word_1_676' title='bbox 1935 4704 2048 4760; x_wconf 91' lang='lat' dir='ltr'>sibi</span> 
     </span>
    </p>
   </div>
   <div class='ocr_carea' id='block_1_99' title="bbox 402 4792 2047 4862">
    <p class='ocr_par' dir='ltr' id='par_1_99' title="bbox 402 4792 2047 4862">
     <span class='ocr_line' id='line_1_99' title="bbox 402 4792 2047 4862; baseline 0.002 -18"><span class='ocrx_word' id='word_1_677' title='bbox 402 4797 827 4861; x_wconf 58' lang='lat' dir='ltr'>proposuerunt</span> <span class='ocrx_word' id='word_1_678' title='bbox 864 4792 1219 4855; x_wconf 83' lang='lat' dir='ltr'>faciendum,</span> <span class='ocrx_word' id='word_1_679' title='bbox 1252 4798 1313 4847; x_wconf 89' lang='lat' dir='ltr'>ut</span> <span class='ocrx_word' id='word_1_680' title='bbox 1336 4793 1391 4846; x_wconf 92' lang='lat' dir='ltr'>in</span> <span class='ocrx_word' id='word_1_681' title='bbox 1419 4794 1771 4862; x_wconf 82' lang='lat' dir='ltr'>profundum</span> <span class='ocrx_word' id='word_1_682' title='bbox 1794 4793 1892 4847; x_wconf 91' lang='lat' dir='ltr'>ille</span> <span class='ocrx_word' id='word_1_683' title='bbox 1914 4810 2047 4848; x_wconf 88' lang='lat' dir='ltr'>cum</span> 
     </span>
    </p>
   </div>
   <div class='ocr_carea' id='block_1_100' title="bbox 399 4881 2050 4953">
    <p class='ocr_par' dir='ltr' id='par_1_100' title="bbox 399 4881 2050 4953">
     <span class='ocr_line' id='line_1_100' title="bbox 399 4881 2050 4953; baseline 0.002 -21"><span class='ocrx_word' id='word_1_684' title='bbox 399 4881 677 4934; x_wconf 90' lang='lat' dir='ltr'>omnibus</span> <span class='ocrx_word' id='word_1_685' title='bbox 708 4881 830 4935; x_wconf 89' lang='lat' dir='ltr'>suis</span> <span class='ocrx_word' id='word_1_686' title='bbox 877 4883 1335 4953; x_wconf 88' lang='lat' dir='ltr'>demergeretur,</span> <span class='ocrx_word' id='word_1_687' title='bbox 1390 4888 1589 4953; x_wconf 88' lang='lat' dir='ltr'>utpote</span> <span class='ocrx_word' id='word_1_688' title='bbox 1642 4899 1743 4952; x_wconf 84' lang='lat' dir='ltr'>per</span> <span class='ocrx_word' id='word_1_689' title='bbox 1787 4897 1946 4937; x_wconf 89' lang='lat' dir='ltr'>mare</span> <span class='ocrx_word' id='word_1_690' title='bbox 1978 4882 2050 4935; x_wconf 90' lang='lat' dir='ltr'>ad</span> 
     </span>
    </p>
   </div>
   <div class='ocr_carea' id='block_1_101' title="bbox 401 4967 2052 5041">
    <p class='ocr_par' dir='ltr' id='par_1_101' title="bbox 401 4967 2052 5041">
     <span class='ocr_line' id='line_1_101' title="bbox 401 4967 2052 5041; baseline 0.001 -20"><span class='ocrx_word' id='word_1_691' title='bbox 401 4967 682 5039; x_wconf 86' lang='lat' dir='ltr'>palatium</span> <span class='ocrx_word' id='word_1_692' title='bbox 733 4970 1135 5041; x_wconf 85' lang='lat' dir='ltr'>navigaturus.</span> <span class='ocrx_word' id='word_1_693' title='bbox 1172 4971 1383 5024; x_wconf 88' lang='lat' dir='ltr'>Habita</span> <span class='ocrx_word' id='word_1_694' title='bbox 1415 4976 1607 5024; x_wconf 89' lang='lat' dir='ltr'>autem</span> <span class='ocrx_word' id='word_1_695' title='bbox 1642 4971 1962 5039; x_wconf 70' lang='lat' dir='ltr'>quaestione</span> <span class='ocrx_word' id='word_1_696' title='bbox 1996 4973 2052 5023; x_wconf 84' lang='lat' dir='ltr'>et</span> 
     </span>
    </p>
   </div>
   <div class='ocr_carea' id='block_1_102' title="bbox 402 5058 2050 5129">
    <p class='ocr_par' dir='ltr' id='par_1_102' title="bbox 402 5058 2050 5129">
     <span class='ocr_line' id='line_1_102' title="bbox 402 5058 2050 5129; baseline 0.001 -18"><span class='ocrx_word' id='word_1_697' title='bbox 402 5064 675 5113; x_wconf 89' lang='lat' dir='ltr'>accurata</span> <span class='ocrx_word' id='word_1_698' title='bbox 720 5058 1101 5129; x_wconf 88' lang='lat' dir='ltr'>inquisitione</span> <span class='ocrx_word' id='word_1_699' title='bbox 1150 5059 1345 5129; x_wconf 79' lang='lat' dir='ltr'>plures</span> <span class='ocrx_word' id='word_1_700' title='bbox 1378 5059 1709 5128; x_wconf 71' lang='lat' dir='ltr'>optimates,</span> <span class='ocrx_word' id='word_1_701' title='bbox 1744 5059 1801 5112; x_wconf 92' lang='lat' dir='ltr'>in</span> <span class='ocrx_word' id='word_1_702' title='bbox 1836 5060 2050 5128; x_wconf 87' lang='lat' dir='ltr'>quibus</span> 
     </span>
    </p>
   </div>
   <div class='ocr_carea' id='block_1_103' title="bbox 403 5145 2049 5219">
    <p class='ocr_par' dir='ltr' id='par_1_103' title="bbox 403 5145 2049 5219">
     <span class='ocr_line' id='line_1_103' title="bbox 403 5145 2049 5219; baseline 0.001 -18"><span class='ocrx_word' id='word_1_703' title='bbox 403 5145 555 5203; x_wconf 69' lang='lat'>852</span> <span class='ocrx_word' id='word_1_704' title='bbox 590 5146 712 5217; x_wconf 85' lang='lat' dir='ltr'>ipse</span> <span class='ocrx_word' id='word_1_705' title='bbox 744 5164 975 5219; x_wconf 86' lang='lat' dir='ltr'>quoque</span> <span class='ocrx_word' id='word_1_706' title='bbox 1024 5147 1332 5219; x_wconf 83' lang='lat' dir='ltr'>eparchus,</span> <span class='ocrx_word' id='word_1_707' title='bbox 1365 5146 1609 5201; x_wconf 88' lang='lat' dir='ltr'>convicti</span> <span class='ocrx_word' id='word_1_708' title='bbox 1642 5152 1780 5201; x_wconf 90' lang='lat' dir='ltr'>sunt</span> <span class='ocrx_word' id='word_1_709' title='bbox 1808 5146 2049 5202; x_wconf 83' lang='lat' dir='ltr'>insidia-</span> 
     </span>
    </p>
   </div>
   <div class='ocr_carea' id='block_1_104' title="bbox 2157 4613 3813 4691">
    <p class='ocr_par' dir='ltr' id='par_1_104' title="bbox 2157 4613 3813 4691">
     <span class='ocr_line' id='line_1_104' title="bbox 2157 4613 3813 4691; baseline -0.003 -21"><span class='ocrx_word' id='word_1_710' title='bbox 2157 4619 2444 4686; x_wconf 85' lang='grc' dir='ltr'>κακοήθων</span> <span class='ocrx_word' id='word_1_711' title='bbox 2494 4616 2583 4670; x_wconf 79' lang='grc' dir='ltr'>καὶ</span> <span class='ocrx_word' id='word_1_712' title='bbox 2635 4613 2876 4690; x_wconf 82' lang='grc' dir='ltr'>δολερῶν</span> <span class='ocrx_word' id='word_1_713' title='bbox 2910 4616 3115 4691; x_wconf 72' lang='grc' dir='ltr'>βουλὴν</span> <span class='ocrx_word' id='word_1_714' title='bbox 3178 4614 3425 4690; x_wconf 82' lang='grc' dir='ltr'>πονηρὰν</span> <span class='ocrx_word' id='word_1_715' title='bbox 3484 4613 3813 4688; x_wconf 75' lang='grc' dir='ltr'>ἐξαρτύσαν-</span> 
     </span>
    </p>
   </div>
   <div class='ocr_carea' id='block_1_105' title="bbox 2156 4698 3822 4777">
    <p class='ocr_par' dir='ltr' id='par_1_105' title="bbox 2156 4698 3822 4777">
     <span class='ocr_line' id='line_1_105' title="bbox 2156 4698 3822 4777; baseline -0.003 -18"><span class='ocrx_word' id='word_1_716' title='bbox 2156 4725 2244 4765; x_wconf 86' lang='grc' dir='ltr'>τες</span> <span class='ocrx_word' id='word_1_717' title='bbox 2275 4708 2353 4775; x_wconf 74' lang='grc' dir='ltr'>τῷ</span> <span class='ocrx_word' id='word_1_718' title='bbox 2392 4704 2606 4777; x_wconf 81' lang='grc' dir='ltr'>βασιλεῖ</span> <span class='ocrx_word' id='word_1_719' title='bbox 2662 4699 3054 4760; x_wconf 77' lang='grc' dir='ltr'>ἐπεϐούλευσαν</span> <span class='ocrx_word' id='word_1_720' title='bbox 3112 4704 3229 4776; x_wconf 72' lang='grc' dir='ltr'>μὶν,</span> <span class='ocrx_word' id='word_1_721' title='bbox 3261 4702 3462 4771; x_wconf 72' lang='grc' dir='ltr'>ἤνυσαν</span> <span class='ocrx_word' id='word_1_722' title='bbox 3515 4699 3571 4755; x_wconf 74' lang='grc' dir='ltr'>δὲ</span> <span class='ocrx_word' id='word_1_723' title='bbox 3631 4698 3822 4767; x_wconf 70' lang='grc' dir='ltr'>οὐδὲν,</span> 
     </span>
    </p>
   </div>
   <div class='ocr_carea' id='block_1_106' title="bbox 2159 4786 3821 4867">
    <p class='ocr_par' dir='ltr' id='par_1_106' title="bbox 2159 4786 3821 4867">
     <span class='ocr_line' id='line_1_106' title="bbox 2159 4786 3821 4867; baseline -0.003 -20"><span class='ocrx_word' id='word_1_724' title='bbox 2159 4797 2292 4847; x_wconf 88' lang='grc' dir='ltr'>Θεοῦ</span> <span class='ocrx_word' id='word_1_725' title='bbox 2332 4793 2424 4845; x_wconf 88' lang='grc' dir='ltr'>τὸν</span> <span class='ocrx_word' id='word_1_726' title='bbox 2486 4790 2756 4867; x_wconf 74' lang='grc' dir='ltr'>σύλλογον</span> <span class='ocrx_word' id='word_1_727' title='bbox 2815 4793 2905 4847; x_wconf 88' lang='grc' dir='ltr'>καὶ</span> <span class='ocrx_word' id='word_1_728' title='bbox 2966 4793 3027 4846; x_wconf 83' lang='grc' dir='ltr'>τὸ</span> <span class='ocrx_word' id='word_1_729' title='bbox 3084 4792 3325 4867; x_wconf 74' lang='grc' dir='ltr'>πονηρὸν</span> <span class='ocrx_word' id='word_1_730' title='bbox 3382 4788 3667 4845; x_wconf 73' lang='grc' dir='ltr'>καίἅθεον</span> <span class='ocrx_word' id='word_1_731' title='bbox 3702 4786 3821 4843; x_wconf 85' lang='grc' dir='ltr'>δια-</span> 
     </span>
    </p>
   </div>
   <div class='ocr_carea' id='block_1_107' title="bbox 2163 4878 3824 4957">
    <p class='ocr_par' dir='ltr' id='par_1_107' title="bbox 2163 4878 3824 4957">
     <span class='ocr_line' id='line_1_107' title="bbox 2163 4878 3824 4957; baseline -0.002 -23"><span class='ocrx_word' id='word_1_732' title='bbox 2163 4878 2472 4952; x_wconf 64' lang='grc' dir='ltr'>λυσαμένου</span> <span class='ocrx_word' id='word_1_733' title='bbox 2533 4883 2894 4957; x_wconf 74' lang='grc' dir='ltr'>σκαιώρημαο</span> <span class='ocrx_word' id='word_1_734' title='bbox 2955 4882 3022 4949; x_wconf 75' lang='grc' dir='ltr'>ἦν</span> <span class='ocrx_word' id='word_1_735' title='bbox 3076 4881 3179 4955; x_wconf 76' lang='grc' dir='ltr'>γὰρ</span> <span class='ocrx_word' id='word_1_736' title='bbox 3238 4880 3419 4940; x_wconf 76' lang='grc' dir='ltr'>αὐτοῖς</span> <span class='ocrx_word' id='word_1_737' title='bbox 3486 4878 3686 4952; x_wconf 79' lang='grc' dir='ltr'>γνώμη</span> <span class='ocrx_word' id='word_1_738' title='bbox 3744 4881 3824 4947; x_wconf 76' lang='grc' dir='ltr'>τῷ</span> 
     </span>
    </p>
   </div>
   <div class='ocr_carea' id='block_1_108' title="bbox 2164 4964 3823 5044">
    <p class='ocr_par' dir='ltr' id='par_1_108' title="bbox 2164 4964 3823 5044">
     <span class='ocr_line' id='line_1_108' title="bbox 2164 4964 3823 5044; baseline -0.002 -21"><span class='ocrx_word' id='word_1_739' title='bbox 2164 4969 2314 5044; x_wconf 91' lang='grc' dir='ltr'>βυθῷ</span> <span class='ocrx_word' id='word_1_740' title='bbox 2363 4966 2731 5043; x_wconf 83' lang='grc' dir='ltr'>παραδοθῆναι</span> <span class='ocrx_word' id='word_1_741' title='bbox 2785 4969 2943 5025; x_wconf 78' lang='grc' dir='ltr'>αὐτὸν</span> <span class='ocrx_word' id='word_1_742' title='bbox 2991 4969 3246 5043; x_wconf 83' lang='grc' dir='ltr'>παγγενεὶ</span> <span class='ocrx_word' id='word_1_743' title='bbox 3310 4968 3402 5021; x_wconf 78' lang='grc' dir='ltr'>ἅτε</span> <span class='ocrx_word' id='word_1_744' title='bbox 3460 4965 3547 5021; x_wconf 71' lang='grc' dir='ltr'>διὰ</span> <span class='ocrx_word' id='word_1_745' title='bbox 3611 4964 3823 5020; x_wconf 80' lang='grc' dir='ltr'>θαλάσ-</span> 
     </span>
    </p>
   </div>
   <div class='ocr_carea' id='block_1_109' title="bbox 2162 5055 3822 5132">
    <p class='ocr_par' dir='ltr' id='par_1_109' title="bbox 2162 5055 3822 5132">
     <span class='ocr_line' id='line_1_109' title="bbox 2162 5055 3822 5132; baseline -0.002 -21"><span class='ocrx_word' id='word_1_746' title='bbox 2162 5078 2259 5127; x_wconf 75' lang='grc' dir='ltr'>σης</span> <span class='ocrx_word' id='word_1_747' title='bbox 2291 5058 2426 5132; x_wconf 86' lang='grc' dir='ltr'>πρὸς</span> <span class='ocrx_word' id='word_1_748' title='bbox 2455 5058 2515 5112; x_wconf 88' lang='grc' dir='ltr'>τὸ</span> <span class='ocrx_word' id='word_1_749' title='bbox 2547 5056 2813 5113; x_wconf 81' lang='grc' dir='ltr'>παλάτιον</span> <span class='ocrx_word' id='word_1_750' title='bbox 2872 5056 3139 5113; x_wconf 85' lang='grc' dir='ltr'>ἀποπλεῖν</span> <span class='ocrx_word' id='word_1_751' title='bbox 3194 5055 3489 5129; x_wconf 74' lang='grc' dir='ltr'>μέλλοντα.</span> <span class='ocrx_word' id='word_1_752' title='bbox 3521 5058 3822 5125; x_wconf 76' lang='grc' dir='ltr'>Ζητήσεως</span> 
     </span>
    </p>
   </div>
   <div class='ocr_carea' id='block_1_110' title="bbox 2162 5140 3820 5222">
    <p class='ocr_par' dir='ltr' id='par_1_110' title="bbox 2162 5140 3820 5222">
     <span class='ocr_line' id='line_1_110' title="bbox 2162 5140 3820 5222; baseline -0.001 -23"><span class='ocrx_word' id='word_1_753' title='bbox 2162 5142 2220 5199; x_wconf 72' lang='grc' dir='ltr'>δὲ</span> <span class='ocrx_word' id='word_1_754' title='bbox 2249 5146 2337 5200; x_wconf 83' lang='grc' dir='ltr'>καὶ</span> <span class='ocrx_word' id='word_1_755' title='bbox 2369 5144 2587 5221; x_wconf 76' lang='grc' dir='ltr'>ἐρεύνης</span> <span class='ocrx_word' id='word_1_756' title='bbox 2639 5144 2762 5222; x_wconf 84' lang='grc' dir='ltr'>περὶ</span> <span class='ocrx_word' id='word_1_757' title='bbox 2807 5151 2904 5201; x_wconf 91' lang='grc' dir='ltr'>τοῦ</span> <span class='ocrx_word' id='word_1_758' title='bbox 2954 5140 3259 5220; x_wconf 74' lang='grc' dir='ltr'>συμϐάντος</span> <span class='ocrx_word' id='word_1_759' title='bbox 3306 5143 3606 5221; x_wconf 66' lang='grc' dir='ltr'>γενομένης</span> <span class='ocrx_word' id='word_1_760' title='bbox 3670 5140 3820 5198; x_wconf 82' lang='grc' dir='ltr'>πολ·</span> 
     </span>
    </p>
   </div>
   <div class='ocr_carea' id='block_1_111' title="bbox 1728 5292 2499 5350">
    <p class='ocr_par' dir='ltr' id='par_1_111' title="bbox 1728 5292 2499 5350">
     <span class='ocr_line' id='line_1_111' title="bbox 1728 5292 2499 5350; baseline -0.004 -2"><span class='ocrx_word' id='word_1_761' title='bbox 1728 5292 1973 5349; x_wconf 81' lang='lat' dir='ltr'>JACOBI</span> <span class='ocrx_word' id='word_1_762' title='bbox 2013 5292 2227 5350; x_wconf 80' lang='lat' dir='ltr'>GOARI</span> <span class='ocrx_word' id='word_1_763' title='bbox 2266 5292 2499 5350; x_wconf 76' lang='grc' dir='ltr'>ΝΟΤίΕ.</span> 
     </span>
    </p>
   </div>
   <div class='ocr_carea' id='block_1_112' title="bbox 478 5408 2051 5485">
    <p class='ocr_par' dir='ltr' id='par_1_112' title="bbox 478 5408 2051 5485">
     <span class='ocr_line' id='line_1_112' title="bbox 478 5408 2051 5485; baseline -0.001 -20"><span class='ocrx_word' id='word_1_764' title='bbox 478 5412 556 5484; x_wconf 92' lang='grc'>(8)</span> <span class='ocrx_word' id='word_1_765' title='bbox 585 5409 913 5485; x_wconf 74' lang='grc' dir='ltr'>Ἠγοόμενος</span> <span class='ocrx_word' id='word_1_766' title='bbox 944 5417 1032 5467; x_wconf 90' lang='lat' dir='ltr'>est</span> <span class='ocrx_word' id='word_1_767' title='bbox 1062 5410 1399 5485; x_wconf 80' lang='lat' dir='ltr'>quicunque</span> <span class='ocrx_word' id='word_1_768' title='bbox 1444 5408 2051 5485; x_wconf 29' lang='lat' dir='ltr'>monasterii-praefeci</span> 
     </span>
    </p>
   </div>
   <div class='ocr_carea' id='block_1_113' title="bbox 407 5480 2058 5558">
    <p class='ocr_par' dir='ltr' id='par_1_113' title="bbox 407 5480 2058 5558">
     <span class='ocr_line' id='line_1_113' title="bbox 407 5480 2058 5558; baseline -0.002 -20"><span class='ocrx_word' id='word_1_769' title='bbox 407 5480 968 5558; x_wconf 33' lang='lat' dir='ltr'>inhumanam;</span> <span class='ocrx_word' id='word_1_770' title='bbox 1017 5480 1119 5553; x_wconf 77' lang='lat' dir='ltr'>qui</span> <span class='ocrx_word' id='word_1_771' title='bbox 1164 5480 1339 5558; x_wconf 81' lang='lat' dir='ltr'>simul</span> <span class='ocrx_word' id='word_1_772' title='bbox 1384 5480 1577 5558; x_wconf 75' lang='lat' dir='ltr'>sacris</span> <span class='ocrx_word' id='word_1_773' title='bbox 1615 5480 1921 5535; x_wconf 89' lang='lat' dir='ltr'>ordinibus</span> <span class='ocrx_word' id='word_1_774' title='bbox 1968 5484 2058 5536; x_wconf 89' lang='lat' dir='ltr'>est</span> 
     </span>
    </p>
   </div>
   <div class='ocr_carea' id='block_1_114' title="bbox 406 5552 1681 5630">
    <p class='ocr_par' dir='ltr' id='par_1_114' title="bbox 406 5552 1681 5630">
     <span class='ocr_line' id='line_1_114' title="bbox 406 5552 1681 5630; baseline -0.004 -21"><span class='ocrx_word' id='word_1_775' title='bbox 406 5560 671 5630; x_wconf 70' lang='lat' dir='ltr'>ornatus,</span> <span class='ocrx_word' id='word_1_776' title='bbox 710 5552 1127 5630; x_wconf 35' lang='lat' dir='ltr'>itpoﬁlyoﬁpsvoc</span> <span class='ocrx_word' id='word_1_777' title='bbox 1151 5554 1254 5630; x_wconf 15' lang='lat' dir='ltr'>Aqui</span> <span class='ocrx_word' id='word_1_778' title='bbox 1284 5553 1681 5630; x_wconf 56' lang='lat' dir='ltr'>eaprzefectus.</span> 
     </span>
    </p>
   </div>
   <div class='ocr_carea' id='block_1_115' title="bbox 482 5620 2058 5698">
    <p class='ocr_par' dir='ltr' id='par_1_115' title="bbox 482 5620 2058 5698">
     <span class='ocr_line' id='line_1_115' title="bbox 482 5620 2058 5698; baseline 0.001 -20"><span class='ocrx_word' id='word_1_779' title='bbox 482 5626 556 5696; x_wconf 82' lang='lat'>(9)</span> <span class='ocrx_word' id='word_1_780' title='bbox 589 5620 894 5698; x_wconf 56' lang='grc' dir='ltr'>Αμηοὲικὸν</span> <span class='ocrx_word' id='word_1_781' title='bbox 926 5620 1080 5681; x_wconf 85' lang='lat' dir='ltr'>inter</span> <span class='ocrx_word' id='word_1_782' title='bbox 1111 5620 1375 5681; x_wconf 65' lang='grc' dir='ltr'>αι’κοινόν</span> <span class='ocrx_word' id='word_1_783' title='bbox 1395 5622 1541 5680; x_wconf 89' lang='lat' dir='ltr'>illud</span> <span class='ocrx_word' id='word_1_784' title='bbox 1564 5625 1653 5679; x_wconf 84' lang='lat' dir='ltr'>est</span> <span class='ocrx_word' id='word_1_785' title='bbox 1674 5620 2058 5693; x_wconf 83' lang='lat' dir='ltr'>discriminis,</span> 
     </span>
    </p>
   </div>
   <div class='ocr_carea' id='block_1_116' title="bbox 2165 5404 3822 5481">
    <p class='ocr_par' dir='ltr' id='par_1_116' title="bbox 2165 5404 3822 5481">
     <span class='ocr_line' id='line_1_116' title="bbox 2165 5404 3822 5481; baseline -0.002 -20"><span class='ocrx_word' id='word_1_786' title='bbox 2165 5409 2320 5479; x_wconf 91' lang='lat' dir='ltr'>quod</span> <span class='ocrx_word' id='word_1_787' title='bbox 2352 5407 2507 5463; x_wconf 89' lang='lat' dir='ltr'>inter</span> <span class='ocrx_word' id='word_1_788' title='bbox 2535 5408 2781 5481; x_wconf 88' lang='lat' dir='ltr'>collegia</span> <span class='ocrx_word' id='word_1_789' title='bbox 2804 5409 3157 5467; x_wconf 84' lang='lat' dir='ltr'>factionesve</span> <span class='ocrx_word' id='word_1_790' title='bbox 3177 5414 3231 5465; x_wconf 92' lang='lat' dir='ltr'>et</span> <span class='ocrx_word' id='word_1_791' title='bbox 3262 5408 3565 5464; x_wconf 77' lang='lat' dir='ltr'>confusam</span> <span class='ocrx_word' id='word_1_792' title='bbox 3592 5404 3822 5477; x_wconf 87' lang='lat' dir='ltr'>plebem</span> 
     </span>
    </p>
   </div>
   <div class='ocr_carea' id='block_1_117' title="bbox 2166 5481 2528 5535">
    <p class='ocr_par' dir='ltr' id='par_1_117' title="bbox 2166 5481 2528 5535">
     <span class='ocr_line' id='line_1_117' title="bbox 2166 5481 2528 5535; baseline -0.003 0"><span class='ocrx_word' id='word_1_793' title='bbox 2166 5481 2528 5535; x_wconf 89' lang='lat' dir='ltr'>observatur.</span> 
     </span>
    </p>
   </div>
   <div class='ocr_carea' id='block_1_118' title="bbox 2238 5548 3823 5625">
    <p class='ocr_par' dir='ltr' id='par_1_118' title="bbox 2238 5548 3823 5625">
     <span class='ocr_line' id='line_1_118' title="bbox 2238 5548 3823 5625; baseline -0.002 -21"><span class='ocrx_word' id='word_1_794' title='bbox 2238 5551 2352 5625; x_wconf 73' lang='lat'>(19)</span> <span class='ocrx_word' id='word_1_795' title='bbox 2383 5551 2461 5625; x_wconf 71' lang='lat' dir='ltr'>De</span> <span class='ocrx_word' id='word_1_796' title='bbox 2487 5568 2624 5623; x_wconf 88' lang='lat' dir='ltr'>qua,</span> <span class='ocrx_word' id='word_1_797' title='bbox 2657 5555 2715 5606; x_wconf 86' lang='lat' dir='ltr'>et</span> <span class='ocrx_word' id='word_1_798' title='bbox 2743 5550 3165 5625; x_wconf 78' lang='lat' dir='ltr'>imperatorum</span> <span class='ocrx_word' id='word_1_799' title='bbox 3198 5552 3639 5625; x_wconf 54' lang='lat' dir='ltr'>ergqsanctum</span> <span class='ocrx_word' id='word_1_800' title='bbox 3675 5548 3823 5602; x_wconf 79' lang='lat' dir='ltr'>ﬁdu-</span> 
     </span>
    </p>
   </div>
   <div class='ocr_carea' id='block_1_119' title="bbox 2170 5620 3410 5695">
    <p class='ocr_par' dir='ltr' id='par_1_119' title="bbox 2170 5620 3410 5695">
     <span class='ocr_line' id='line_1_119' title="bbox 2170 5620 3410 5695; baseline 0.001 -20"><span class='ocrx_word' id='word_1_801' title='bbox 2170 5620 2261 5677; x_wconf 82' lang='lat' dir='ltr'>cia</span> <span class='ocrx_word' id='word_1_802' title='bbox 2290 5620 2547 5680; x_wconf 67' lang='lat' dir='ltr'>Cadmus</span> <span class='ocrx_word' id='word_1_803' title='bbox 2575 5639 2623 5678; x_wconf 91' lang='lat' dir='ltr'>c.</span> <span class='ocrx_word' id='word_1_804' title='bbox 2657 5639 2750 5695; x_wconf 81' lang='lat' dir='ltr'>xv,</span> <span class='ocrx_word' id='word_1_805' title='bbox 2782 5620 2847 5679; x_wconf 51' lang='lat' dir='ltr'>ni</span> <span class='ocrx_word' id='word_1_806' title='bbox 2871 5622 2913 5677; x_wconf 80' lang='lat'>9</span> <span class='ocrx_word' id='word_1_807' title='bbox 2934 5627 2995 5680; x_wconf 74' lang='lat' dir='ltr'>et</span> <span class='ocrx_word' id='word_1_808' title='bbox 3022 5638 3073 5681; x_wconf 86' lang='grc' dir='ltr'>ο.</span> <span class='ocrx_word' id='word_1_809' title='bbox 3108 5625 3195 5695; x_wconf 84' lang='grc'>17,</span> <span class='ocrx_word' id='word_1_810' title='bbox 3229 5620 3289 5678; x_wconf 60' lang='lat' dir='ltr'>nl</span> <span class='ocrx_word' id='word_1_811' title='bbox 3318 5622 3410 5677; x_wconf 82' lang='grc'>50.</span> 
     </span>
    </p>
   </div>
  </div>
