  <div class='ocr_page' id='page_1' title='image "/cluster/home/n/w/nwhite01/storage/ocr_20150623/122/hvd.32044073502460/202.png"; bbox 0 0 4040 6196; ppageno 0'>
   <div class='ocr_carea' id='block_1_1' title="bbox 271 303 385 366">
    <p class='ocr_par' dir='ltr' id='par_1_1' title="bbox 271 303 385 366">
     <span class='ocr_line' id='line_1_1' title="bbox 271 303 385 366; baseline 0.018 -2"><span class='ocrx_word' id='word_1_1' title='bbox 271 303 385 366; x_wconf 69' lang='grc'>381</span> 
     </span>
    </p>
   </div>
   <div class='ocr_carea' id='block_1_2' title="bbox 1786 314 2184 376">
    <p class='ocr_par' dir='ltr' id='par_1_2' title="bbox 1786 314 2184 376">
     <span class='ocr_line' id='line_1_2' title="bbox 1786 314 2184 376; baseline 0 -3"><span class='ocrx_word' id='word_1_2' title='bbox 1786 314 2184 376; x_wconf 76' lang='lat' dir='ltr'>HISTORIA.</span> 
     </span>
    </p>
   </div>
   <div class='ocr_carea' id='block_1_3' title="bbox 3572 312 3691 372">
    <p class='ocr_par' dir='ltr' id='par_1_3' title="bbox 3572 312 3691 372">
     <span class='ocr_line' id='line_1_3' title="bbox 3572 312 3691 372; baseline 0.017 -2"><span class='ocrx_word' id='word_1_3' title='bbox 3572 312 3691 372; x_wconf 79' lang='lat'>382</span> 
     </span>
    </p>
   </div>
   <div class='ocr_carea' id='block_1_4' title="bbox 276 435 1919 517">
    <p class='ocr_par' dir='ltr' id='par_1_4' title="bbox 276 435 1919 514">
     <span class='ocr_line' id='line_1_4' title="bbox 276 435 1919 514; baseline 0.006 -24"><span class='ocrx_word' id='word_1_4' title='bbox 276 435 378 500; x_wconf 80' lang='grc' dir='ltr'>λῆς</span> <span class='ocrx_word' id='word_1_5' title='bbox 408 435 611 491; x_wconf 77' lang='grc' dir='ltr'>πολλοὶ</span> <span class='ocrx_word' id='word_1_6' title='bbox 642 442 752 491; x_wconf 86' lang='grc' dir='ltr'>τῶν</span> <span class='ocrx_word' id='word_1_7' title='bbox 814 441 1152 513; x_wconf 81' lang='grc' dir='ltr'>μεγιστάνων</span> <span class='ocrx_word' id='word_1_8' title='bbox 1209 441 1298 495; x_wconf 85' lang='grc' dir='ltr'>καὶ</span> <span class='ocrx_word' id='word_1_9' title='bbox 1360 442 1519 507; x_wconf 81' lang='grc' dir='ltr'>αὐτὸς</span> <span class='ocrx_word' id='word_1_10' title='bbox 1568 444 1595 497; x_wconf 84' lang='grc' dir='ltr'><strong>ὁ</strong></span> <span class='ocrx_word' id='word_1_11' title='bbox 1625 449 1919 514; x_wconf 79' lang='grc' dir='ltr'>τηνικαῦτα</span> 
     </span>
    </p>
   </div>
   <div class='ocr_carea' id='block_1_5' title="bbox 2031 435 3687 517">
    <p class='ocr_par' dir='ltr' id='par_1_5' title="bbox 2038 446 3687 517">
     <span class='ocr_line' id='line_1_5' title="bbox 2038 446 3687 517; baseline -0.001 -17"><span class='ocrx_word' id='word_1_12' title='bbox 2038 464 2168 502; x_wconf 90' lang='lat' dir='ltr'>rum</span> <span class='ocrx_word' id='word_1_13' title='bbox 2200 452 2257 503; x_wconf 92' lang='lat' dir='ltr'>et</span> <span class='ocrx_word' id='word_1_14' title='bbox 2295 448 2441 502; x_wconf 66' lang='lat' dir='ltr'>lassas</span> <span class='ocrx_word' id='word_1_15' title='bbox 2473 448 2806 517; x_wconf 86' lang='lat' dir='ltr'>majestatio</span> <span class='ocrx_word' id='word_1_16' title='bbox 2852 446 2932 500; x_wconf 90' lang='lat' dir='ltr'>rei</span> <span class='ocrx_word' id='word_1_17' title='bbox 2967 446 3176 513; x_wconf 76' lang='lat' dir='ltr'>effecti,</span> <span class='ocrx_word' id='word_1_18' title='bbox 3210 450 3263 499; x_wconf 89' lang='lat' dir='ltr'>et</span> <span class='ocrx_word' id='word_1_19' title='bbox 3307 446 3522 500; x_wconf 89' lang='lat' dir='ltr'>idcirco</span> <span class='ocrx_word' id='word_1_20' title='bbox 3554 461 3687 514; x_wconf 86' lang='lat' dir='ltr'>pos-</span> 
     </span>
    </p>
   </div>
   <div class='ocr_carea' id='block_1_6' title="bbox 272 523 1927 601">
    <p class='ocr_par' dir='ltr' id='par_1_6' title="bbox 272 525 1927 601">
     <span class='ocr_line' id='line_1_6' title="bbox 272 525 1927 601; baseline 0.007 -24"><span class='ocrx_word' id='word_1_21' title='bbox 272 533 512 601; x_wconf 66' lang='grc' dir='ltr'>ἔπαρχος</span> <span class='ocrx_word' id='word_1_22' title='bbox 569 525 814 581; x_wconf 72' lang='grc' dir='ltr'>εάλωσαν</span> <span class='ocrx_word' id='word_1_23' title='bbox 895 530 973 591; x_wconf 82' lang='grc' dir='ltr'>ὡς</span> <span class='ocrx_word' id='word_1_24' title='bbox 1046 525 1330 585; x_wconf 73' lang='grc' dir='ltr'>ἐπίϐουλοι</span> <span class='ocrx_word' id='word_1_25' title='bbox 1406 533 1495 586; x_wconf 86' lang='grc' dir='ltr'>καὶ</span> <span class='ocrx_word' id='word_1_26' title='bbox 1549 536 1927 596; x_wconf 82' lang='grc' dir='ltr'>καθοσιώσεως</span> 
     </span>
    </p>
   </div>
   <div class='ocr_carea' id='block_1_7' title="bbox 280 614 1925 697">
    <p class='ocr_par' dir='ltr' id='par_1_7' title="bbox 280 614 1925 697">
     <span class='ocr_line' id='line_1_7' title="bbox 280 614 1925 697; baseline 0.006 -30"><span class='ocrx_word' id='word_1_27' title='bbox 280 614 426 685; x_wconf 79' lang='grc' dir='ltr'>αἰτίᾳ</span> <span class='ocrx_word' id='word_1_28' title='bbox 484 617 777 683; x_wconf 74' lang='grc' dir='ltr'>ὁπὲπεσον,</span> <span class='ocrx_word' id='word_1_29' title='bbox 832 624 939 672; x_wconf 86' lang='grc' dir='ltr'>τῶν</span> <span class='ocrx_word' id='word_1_30' title='bbox 1012 620 1224 674; x_wconf 78' lang='grc' dir='ltr'>οἰκείων</span> <span class='ocrx_word' id='word_1_31' title='bbox 1292 622 1632 697; x_wconf 70' lang='grc' dir='ltr'>στερηθέντες</span> <span class='ocrx_word' id='word_1_32' title='bbox 1682 627 1925 694; x_wconf 80' lang='grc' dir='ltr'>κτήσεων</span> 
     </span>
    </p>
   </div>
   <div class='ocr_carea' id='block_1_8' title="bbox 272 703 1926 783">
    <p class='ocr_par' dir='ltr' id='par_1_8' title="bbox 272 703 1926 783">
     <span class='ocr_line' id='line_1_8' title="bbox 272 703 1926 783; baseline 0.007 -27"><span class='ocrx_word' id='word_1_33' title='bbox 272 703 360 757; x_wconf 74' lang='grc' dir='ltr'>καί</span> <span class='ocrx_word' id='word_1_34' title='bbox 412 707 591 775; x_wconf 71' lang='grc' dir='ltr'>πάσης</span> <span class='ocrx_word' id='word_1_35' title='bbox 643 714 745 775; x_wconf 84' lang='grc' dir='ltr'>τῆς</span> <span class='ocrx_word' id='word_1_36' title='bbox 806 709 1118 783; x_wconf 81' lang='grc' dir='ltr'>περιουσίας</span> <span class='ocrx_word' id='word_1_37' title='bbox 1175 710 1371 765; x_wconf 82' lang='grc' dir='ltr'>αὐτῶν·</span> <span class='ocrx_word' id='word_1_38' title='bbox 1426 714 1691 781; x_wconf 80' lang='grc' dir='ltr'>Ἐπόθησε</span> <span class='ocrx_word' id='word_1_39' title='bbox 1740 712 1796 767; x_wconf 73' lang='grc' dir='ltr'>δὲ</span> <span class='ocrx_word' id='word_1_40' title='bbox 1840 714 1926 767; x_wconf 83' lang='grc' dir='ltr'>καὶ</span> 
     </span>
    </p>
   </div>
   <div class='ocr_carea' id='block_1_9' title="bbox 272 793 1923 888">
    <p class='ocr_par' dir='ltr' id='par_1_9' title="bbox 272 793 1923 888">
     <span class='ocr_line' id='line_1_9' title="bbox 272 793 1923 888; baseline 0.007 -42"><span class='ocrx_word' id='word_1_41' title='bbox 272 793 521 888; x_wconf 57' lang='grc' dir='ltr'>ηγάπησε</span> <span class='ocrx_word' id='word_1_42' title='bbox 570 793 939 873; x_wconf 67' lang='grc' dir='ltr'>διαφερόντως</span> <span class='ocrx_word' id='word_1_43' title='bbox 986 803 1096 853; x_wconf 88' lang='grc' dir='ltr'>τῶν</span> <span class='ocrx_word' id='word_1_44' title='bbox 1146 795 1331 854; x_wconf 65' lang='grc' dir='ltr'>ἄλλων</span> <span class='ocrx_word' id='word_1_45' title='bbox 1388 803 1638 856; x_wconf 79' lang='grc' dir='ltr'>ἁπάντων</span> <span class='ocrx_word' id='word_1_46' title='bbox 1694 805 1721 857; x_wconf 82' lang='grc' dir='ltr'>ὁ</span> <span class='ocrx_word' id='word_1_47' title='bbox 1772 804 1923 876; x_wconf 78' lang='grc' dir='ltr'>βασι-</span> 
     </span>
    </p>
   </div>
   <div class='ocr_carea' id='block_1_10' title="bbox 271 882 1923 963">
    <p class='ocr_par' dir='ltr' id='par_1_10' title="bbox 271 882 1923 963">
     <span class='ocr_line' id='line_1_10' title="bbox 271 882 1923 963; baseline 0.007 -31"><span class='ocrx_word' id='word_1_48' title='bbox 271 882 397 941; x_wconf 69' lang='grc' dir='ltr'>λεὺς</span> <span class='ocrx_word' id='word_1_49' title='bbox 447 884 548 951; x_wconf 74' lang='grc' dir='ltr'>τήν</span> <span class='ocrx_word' id='word_1_50' title='bbox 595 904 653 938; x_wconf 87' lang='grc' dir='ltr'>τε</span> <span class='ocrx_word' id='word_1_51' title='bbox 698 888 808 937; x_wconf 91' lang='grc' dir='ltr'>τῶν</span> <span class='ocrx_word' id='word_1_52' title='bbox 870 882 1150 958; x_wconf 86' lang='grc' dir='ltr'>δημοσίων</span> <span class='ocrx_word' id='word_1_53' title='bbox 1220 888 1552 963; x_wconf 76' lang='grc' dir='ltr'>πραγμάτων</span> <span class='ocrx_word' id='word_1_54' title='bbox 1633 888 1923 961; x_wconf 72' lang='grc' dir='ltr'>ἴπαόξησιν</span> 
     </span>
    </p>
   </div>
   <div class='ocr_carea' id='block_1_11' title="bbox 270 968 1928 1051">
    <p class='ocr_par' dir='ltr' id='par_1_11' title="bbox 270 968 1928 1051">
     <span class='ocr_line' id='line_1_11' title="bbox 270 968 1928 1051; baseline 0.007 -29"><span class='ocrx_word' id='word_1_55' title='bbox 270 972 495 1023; x_wconf 77' lang='grc' dir='ltr'>καὶτῶν</span> <span class='ocrx_word' id='word_1_56' title='bbox 549 968 845 1042; x_wconf 71' lang='grc' dir='ltr'>ἒδιωτικῶν</span> <span class='ocrx_word' id='word_1_57' title='bbox 891 971 1053 1028; x_wconf 84' lang='grc' dir='ltr'>δικῶν</span> <span class='ocrx_word' id='word_1_58' title='bbox 1103 977 1200 1044; x_wconf 78' lang='grc' dir='ltr'>τήν</span> <span class='ocrx_word' id='word_1_59' title='bbox 1261 978 1544 1051; x_wconf 82' lang='grc' dir='ltr'>ἀκρόασιν,</span> <span class='ocrx_word' id='word_1_60' title='bbox 1577 979 1674 1033; x_wconf 86' lang='grc' dir='ltr'>κάν</span> <span class='ocrx_word' id='word_1_61' title='bbox 1712 979 1928 1044; x_wconf 79' lang='grc' dir='ltr'>τούτοις</span> 
     </span>
    </p>
   </div>
   <div class='ocr_carea' id='block_1_12' title="bbox 268 1060 1923 1142">
    <p class='ocr_par' dir='ltr' id='par_1_12' title="bbox 268 1060 1923 1142">
     <span class='ocr_line' id='line_1_12' title="bbox 268 1060 1923 1142; baseline 0.007 -32"><span class='ocrx_word' id='word_1_62' title='bbox 268 1060 365 1126; x_wconf 73' lang='grc' dir='ltr'>τὴν</span> <span class='ocrx_word' id='word_1_63' title='bbox 406 1060 632 1131; x_wconf 83' lang='grc' dir='ltr'>μείζονα</span> <span class='ocrx_word' id='word_1_64' title='bbox 682 1060 946 1139; x_wconf 70' lang='grc' dir='ltr'>φροντίδα</span> <span class='ocrx_word' id='word_1_65' title='bbox 994 1066 1277 1119; x_wconf 85' lang='grc' dir='ltr'>κατεκένου</span> <span class='ocrx_word' id='word_1_66' title='bbox 1334 1074 1435 1136; x_wconf 83' lang='grc' dir='ltr'>τῆς</span> <span class='ocrx_word' id='word_1_67' title='bbox 1489 1068 1785 1142; x_wconf 81' lang='grc' dir='ltr'>βασιλείας,</span> <span class='ocrx_word' id='word_1_68' title='bbox 1817 1074 1923 1122; x_wconf 87' lang='grc' dir='ltr'>τῶν</span> 
     </span>
    </p>
   </div>
   <div class='ocr_carea' id='block_1_13' title="bbox 268 1146 1928 1233">
    <p class='ocr_par' dir='ltr' id='par_1_13' title="bbox 268 1146 1928 1233">
     <span class='ocr_line' id='line_1_13' title="bbox 268 1146 1928 1233; baseline 0.007 -32"><span class='ocrx_word' id='word_1_69' title='bbox 268 1146 461 1203; x_wconf 78' lang='grc' dir='ltr'>αλλων</span> <span class='ocrx_word' id='word_1_70' title='bbox 527 1151 695 1218; x_wconf 74' lang='grc' dir='ltr'>ἦττον</span> <span class='ocrx_word' id='word_1_71' title='bbox 740 1151 1026 1226; x_wconf 68' lang='grc' dir='ltr'>ἆχόμενος,</span> <span class='ocrx_word' id='word_1_72' title='bbox 1074 1161 1446 1230; x_wconf 78' lang='grc' dir='ltr'>στρατηγικῶν</span> <span class='ocrx_word' id='word_1_73' title='bbox 1506 1178 1647 1233; x_wconf 75' lang='grc' dir='ltr'>φημι</span> <span class='ocrx_word' id='word_1_74' title='bbox 1708 1156 1928 1212; x_wconf 86' lang='grc' dir='ltr'>πλεονε-</span> 
     </span>
    </p>
   </div>
   <div class='ocr_carea' id='block_1_14' title="bbox 284 1239 1924 1320">
    <p class='ocr_par' dir='ltr' id='par_1_14' title="bbox 284 1239 1924 1320">
     <span class='ocr_line' id='line_1_14' title="bbox 284 1239 1924 1320; baseline 0.007 -30"><span class='ocrx_word' id='word_1_75' title='bbox 284 1239 584 1309; x_wconf 78' lang='grc' dir='ltr'>κτημάτων</span> <span class='ocrx_word' id='word_1_76' title='bbox 675 1241 763 1295; x_wconf 74' lang='lat' dir='ltr'>xui</span> <span class='ocrx_word' id='word_1_77' title='bbox 894 1249 1295 1315; x_wconf 77' lang='grc' dir='ltr'>στρατιωτικῶν</span> <span class='ocrx_word' id='word_1_78' title='bbox 1400 1243 1924 1320; x_wconf 74' lang='grc' dir='ltr'>ἄνδραγαθηματων.</span> 
     </span>
    </p>
   </div>
   <div class='ocr_carea' id='block_1_15' title="bbox 288 1325 1924 1409">
    <p class='ocr_par' dir='ltr' id='par_1_15' title="bbox 288 1325 1924 1409">
     <span class='ocr_line' id='line_1_15' title="bbox 288 1325 1924 1409; baseline 0.004 -28"><span class='ocrx_word' id='word_1_79' title='bbox 288 1328 384 1381; x_wconf 84' lang='grc' dir='ltr'>Διά</span> <span class='ocrx_word' id='word_1_80' title='bbox 461 1325 529 1395; x_wconf 78' lang='grc' dir='ltr'>δὴ</span> <span class='ocrx_word' id='word_1_81' title='bbox 600 1333 768 1384; x_wconf 80' lang='grc' dir='ltr'>ταῦτα</span> <span class='ocrx_word' id='word_1_82' title='bbox 846 1331 935 1385; x_wconf 80' lang='grc' dir='ltr'>καὶ</span> <span class='ocrx_word' id='word_1_83' title='bbox 1016 1341 1429 1409; x_wconf 76' lang='grc' dir='ltr'>συκοφαντικαῖς</span> <span class='ocrx_word' id='word_1_84' title='bbox 1508 1335 1785 1409; x_wconf 69' lang='grc' dir='ltr'>ἐπηρείαις</span> <span class='ocrx_word' id='word_1_85' title='bbox 1837 1336 1924 1390; x_wconf 81' lang='grc' dir='ltr'>καὶ</span> 
     </span>
    </p>
   </div>
   <div class='ocr_carea' id='block_1_16' title="bbox 272 1417 1926 1495">
    <p class='ocr_par' dir='ltr' id='par_1_16' title="bbox 272 1417 1926 1495">
     <span class='ocr_line' id='line_1_16' title="bbox 272 1417 1926 1495; baseline 0.006 -27"><span class='ocrx_word' id='word_1_86' title='bbox 272 1423 615 1491; x_wconf 69' lang='grc' dir='ltr'>σοφιστικαῖς</span> <span class='ocrx_word' id='word_1_87' title='bbox 736 1417 988 1489; x_wconf 80' lang='grc' dir='ltr'>μεθόδοις</span> <span class='ocrx_word' id='word_1_88' title='bbox 1106 1422 1195 1474; x_wconf 84' lang='grc' dir='ltr'>καὶ</span> <span class='ocrx_word' id='word_1_89' title='bbox 1307 1420 1595 1477; x_wconf 82' lang='grc' dir='ltr'>δικανικῶν</span> <span class='ocrx_word' id='word_1_90' title='bbox 1672 1420 1926 1495; x_wconf 78' lang='grc' dir='ltr'>προϐλη-</span> 
     </span>
    </p>
   </div>
   <div class='ocr_carea' id='block_1_17' title="bbox 273 1504 1925 1584">
    <p class='ocr_par' dir='ltr' id='par_1_17' title="bbox 273 1504 1925 1584">
     <span class='ocr_line' id='line_1_17' title="bbox 273 1504 1925 1584; baseline 0.005 -25"><span class='ocrx_word' id='word_1_91' title='bbox 273 1504 460 1575; x_wconf 69' lang='grc' dir='ltr'>μάτων</span> <span class='ocrx_word' id='word_1_92' title='bbox 502 1506 656 1579; x_wconf 70' lang='grc' dir='ltr'>ἰσμῷ</span> <span class='ocrx_word' id='word_1_93' title='bbox 714 1509 802 1561; x_wconf 80' lang='grc' dir='ltr'>καὶ</span> <span class='ocrx_word' id='word_1_94' title='bbox 853 1514 1176 1581; x_wconf 88' lang='grc' dir='ltr'>σεκρετικῶν</span> <span class='ocrx_word' id='word_1_95' title='bbox 1230 1513 1561 1584; x_wconf 82' lang='grc' dir='ltr'>ζητημάτων</span> <span class='ocrx_word' id='word_1_96' title='bbox 1598 1512 1925 1574; x_wconf 73' lang='grc' dir='ltr'>ἐπιπλοκαῖς</span> 
     </span>
    </p>
   </div>
   <div class='ocr_carea' id='block_1_18' title="bbox 274 1594 1922 1675">
    <p class='ocr_par' dir='ltr' id='par_1_18' title="bbox 274 1594 1922 1675">
     <span class='ocr_line' id='line_1_18' title="bbox 274 1594 1922 1675; baseline 0.006 -28"><span class='ocrx_word' id='word_1_97' title='bbox 274 1594 338 1647; x_wconf 79' lang='grc' dir='ltr'>τὸ</span> <span class='ocrx_word' id='word_1_98' title='bbox 395 1596 707 1666; x_wconf 80' lang='grc' dir='ltr'>Ῥωμαϊκὸν</span> <span class='ocrx_word' id='word_1_99' title='bbox 766 1596 1042 1652; x_wconf 75' lang='grc' dir='ltr'>ἐκλονεῖτο</span> <span class='ocrx_word' id='word_1_100' title='bbox 1094 1601 1180 1654; x_wconf 82' lang='grc' dir='ltr'>καὶ</span> <span class='ocrx_word' id='word_1_101' title='bbox 1243 1603 1327 1671; x_wconf 82' lang='grc' dir='ltr'>[Ρ.</span> <span class='ocrx_word' id='word_1_102' title='bbox 1386 1604 1512 1674; x_wconf 83' lang='grc'>814]</span> <span class='ocrx_word' id='word_1_103' title='bbox 1561 1600 1922 1675; x_wconf 77' lang='grc' dir='ltr'>ἰκραδαίνετο,</span> 
     </span>
    </p>
   </div>
   <div class='ocr_carea' id='block_1_19' title="bbox 266 1683 1904 1763">
    <p class='ocr_par' dir='ltr' id='par_1_19' title="bbox 266 1683 1904 1763">
     <span class='ocr_line' id='line_1_19' title="bbox 266 1683 1904 1763; baseline 0.005 -27"><span class='ocrx_word' id='word_1_104' title='bbox 266 1683 338 1745; x_wconf 70' lang='grc' dir='ltr'>ὥς</span> <span class='ocrx_word' id='word_1_105' title='bbox 393 1685 481 1737; x_wconf 72' lang='grc' dir='ltr'>καὶ</span> <span class='ocrx_word' id='word_1_106' title='bbox 540 1684 734 1747; x_wconf 72' lang='grc' dir='ltr'>αὐτοὺς</span> <span class='ocrx_word' id='word_1_107' title='bbox 790 1687 917 1749; x_wconf 79' lang='grc' dir='ltr'>τοὺς</span> <span class='ocrx_word' id='word_1_108' title='bbox 963 1688 1421 1763; x_wconf 58' lang='grc' dir='ltr'>στρατευομένους</span> <span class='ocrx_word' id='word_1_109' title='bbox 1470 1693 1537 1746; x_wconf 80' lang='grc' dir='ltr'>τὰ</span> <span class='ocrx_word' id='word_1_110' title='bbox 1594 1691 1740 1746; x_wconf 78' lang='grc' dir='ltr'>ὅπλα</span> <span class='ocrx_word' id='word_1_111' title='bbox 1792 1692 1904 1756; x_wconf 85' lang='grc' dir='ltr'>καὶ,</span> 
     </span>
    </p>
   </div>
   <div class='ocr_carea' id='block_1_20' title="bbox 2040 535 3688 605">
    <p class='ocr_par' dir='ltr' id='par_1_20' title="bbox 2040 535 3688 605">
     <span class='ocr_line' id='line_1_20' title="bbox 2040 535 3688 605; baseline -0.003 -14"><span class='ocrx_word' id='word_1_112' title='bbox 2040 537 2404 591; x_wconf 85' lang='lat' dir='ltr'>sessionibus</span> <span class='ocrx_word' id='word_1_113' title='bbox 2431 542 2487 591; x_wconf 90' lang='lat' dir='ltr'>et</span> <span class='ocrx_word' id='word_1_114' title='bbox 2517 538 2642 591; x_wconf 86' lang='lat' dir='ltr'>suis</span> <span class='ocrx_word' id='word_1_115' title='bbox 2673 537 2947 592; x_wconf 75' lang='lat' dir='ltr'>omnibus</span> <span class='ocrx_word' id='word_1_116' title='bbox 2982 535 3151 590; x_wconf 87' lang='lat' dir='ltr'>bonis</span> <span class='ocrx_word' id='word_1_117' title='bbox 3202 535 3432 605; x_wconf 82' lang='lat' dir='ltr'>privati.</span> <span class='ocrx_word' id='word_1_118' title='bbox 3464 536 3688 590; x_wconf 85' lang='lat' dir='ltr'>Concu-</span> 
     </span>
    </p>
   </div>
   <div class='ocr_carea' id='block_1_21' title="bbox 2041 622 3691 697">
    <p class='ocr_par' dir='ltr' id='par_1_21' title="bbox 2041 622 3691 697">
     <span class='ocr_line' id='line_1_21' title="bbox 2041 622 3691 697; baseline -0.002 -18"><span class='ocrx_word' id='word_1_119' title='bbox 2041 627 2181 696; x_wconf 90' lang='lat' dir='ltr'>pivit</span> <span class='ocrx_word' id='word_1_120' title='bbox 2213 634 2403 680; x_wconf 84' lang='lat' dir='ltr'>autem</span> <span class='ocrx_word' id='word_1_121' title='bbox 2440 634 2496 682; x_wconf 92' lang='lat' dir='ltr'>et</span> <span class='ocrx_word' id='word_1_122' title='bbox 2521 645 2631 697; x_wconf 63' lang='lat' dir='ltr'>pra:</span> <span class='ocrx_word' id='word_1_123' title='bbox 2658 627 2881 680; x_wconf 69' lang='lat' dir='ltr'>cazteris</span> <span class='ocrx_word' id='word_1_124' title='bbox 2907 625 3184 679; x_wconf 89' lang='lat' dir='ltr'>omnibus</span> <span class='ocrx_word' id='word_1_125' title='bbox 3205 624 3457 678; x_wconf 82' lang='lat' dir='ltr'>maxime</span> <span class='ocrx_word' id='word_1_126' title='bbox 3477 622 3691 676; x_wconf 86' lang='lat' dir='ltr'>amavit</span> 
     </span>
    </p>
   </div>
   <div class='ocr_carea' id='block_1_22' title="bbox 2040 714 3692 787">
    <p class='ocr_par' dir='ltr' id='par_1_22' title="bbox 2040 714 3692 787">
     <span class='ocr_line' id='line_1_22' title="bbox 2040 714 3692 787; baseline -0.003 -20"><span class='ocrx_word' id='word_1_127' title='bbox 2040 717 2357 786; x_wconf 71' lang='lat' dir='ltr'>imperatur</span> <span class='ocrx_word' id='word_1_128' title='bbox 2415 716 2781 787; x_wconf 78' lang='lat' dir='ltr'>publiearum</span> <span class='ocrx_word' id='word_1_129' title='bbox 2858 732 3050 769; x_wconf 90' lang='lat' dir='ltr'>rerum</span> <span class='ocrx_word' id='word_1_130' title='bbox 3132 714 3584 779; x_wconf 79' lang='lat' dir='ltr'>incrementum,</span> <span class='ocrx_word' id='word_1_131' title='bbox 3636 714 3692 763; x_wconf 79' lang='lat' dir='ltr'>et</span> 
     </span>
    </p>
   </div>
   <div class='ocr_carea' id='block_1_23' title="bbox 2039 801 3689 876">
    <p class='ocr_par' dir='ltr' id='par_1_23' title="bbox 2039 801 3689 876">
     <span class='ocr_line' id='line_1_23' title="bbox 2039 801 3689 876; baseline -0.005 -17"><span class='ocrx_word' id='word_1_132' title='bbox 2039 807 2329 876; x_wconf 74' lang='lat' dir='ltr'>prmcipuo</span> <span class='ocrx_word' id='word_1_133' title='bbox 2362 806 2555 860; x_wconf 87' lang='lat' dir='ltr'>studio</span> <span class='ocrx_word' id='word_1_134' title='bbox 2607 806 2861 876; x_wconf 84' lang='lat' dir='ltr'>privatas</span> <span class='ocrx_word' id='word_1_135' title='bbox 2893 821 3100 858; x_wconf 79' lang='lat' dir='ltr'>causas</span> <span class='ocrx_word' id='word_1_136' title='bbox 3152 802 3427 855; x_wconf 78' lang='lat' dir='ltr'>audiendi</span> <span class='ocrx_word' id='word_1_137' title='bbox 3461 801 3689 854; x_wconf 86' lang='lat' dir='ltr'>teneba-</span> 
     </span>
    </p>
   </div>
   <div class='ocr_carea' id='block_1_24' title="bbox 2037 888 3688 965">
    <p class='ocr_par' dir='ltr' id='par_1_24' title="bbox 2037 888 3688 965">
     <span class='ocr_line' id='line_1_24' title="bbox 2037 888 3688 965; baseline -0.005 -17"><span class='ocrx_word' id='word_1_138' title='bbox 2037 900 2153 953; x_wconf 83' lang='lat' dir='ltr'>tur.</span> <span class='ocrx_word' id='word_1_139' title='bbox 2187 896 2242 948; x_wconf 91' lang='lat' dir='ltr'>in</span> <span class='ocrx_word' id='word_1_140' title='bbox 2275 897 2491 965; x_wconf 89' lang='lat' dir='ltr'>quibus</span> <span class='ocrx_word' id='word_1_141' title='bbox 2524 896 2805 964; x_wconf 86' lang='lat' dir='ltr'>majorem</span> <span class='ocrx_word' id='word_1_142' title='bbox 2851 910 3028 962; x_wconf 86' lang='lat' dir='ltr'>quam</span> <span class='ocrx_word' id='word_1_143' title='bbox 3062 894 3118 945; x_wconf 91' lang='lat' dir='ltr'>in</span> <span class='ocrx_word' id='word_1_144' title='bbox 3151 890 3398 961; x_wconf 75' lang='lat' dir='ltr'>imperio</span> <span class='ocrx_word' id='word_1_145' title='bbox 3431 888 3688 943; x_wconf 87' lang='lat' dir='ltr'>admini-</span> 
     </span>
    </p>
   </div>
   <div class='ocr_carea' id='block_1_25' title="bbox 2039 979 3689 1046">
    <p class='ocr_par' dir='ltr' id='par_1_25' title="bbox 2039 979 3689 1046">
     <span class='ocr_line' id='line_1_25' title="bbox 2039 979 3689 1046; baseline -0.005 -8"><span class='ocrx_word' id='word_1_146' title='bbox 2039 986 2278 1039; x_wconf 88' lang='lat' dir='ltr'>strando</span> <span class='ocrx_word' id='word_1_147' title='bbox 2336 1002 2535 1038; x_wconf 88' lang='lat' dir='ltr'>curam</span> <span class='ocrx_word' id='word_1_148' title='bbox 2599 983 2999 1046; x_wconf 80' lang='lat' dir='ltr'>exhauriebat,</span> <span class='ocrx_word' id='word_1_149' title='bbox 3065 981 3196 1035; x_wconf 91' lang='lat' dir='ltr'>aliis</span> <span class='ocrx_word' id='word_1_150' title='bbox 3256 980 3431 1034; x_wconf 82' lang='lat' dir='ltr'><strong>rebus</strong></span> <span class='ocrx_word' id='word_1_151' title='bbox 3490 979 3689 1032; x_wconf 88' lang='lat' dir='ltr'>minus</span> 
     </span>
    </p>
   </div>
   <div class='ocr_carea' id='block_1_26' title="bbox 2037 1066 3690 1143">
    <p class='ocr_par' dir='ltr' id='par_1_26' title="bbox 2037 1066 3690 1143">
     <span class='ocr_line' id='line_1_26' title="bbox 2037 1066 3690 1143; baseline -0.005 -16"><span class='ocrx_word' id='word_1_152' title='bbox 2037 1091 2273 1136; x_wconf 81' lang='lat' dir='ltr'>vacans,</span> <span class='ocrx_word' id='word_1_153' title='bbox 2306 1076 2520 1127; x_wconf 87' lang='lat' dir='ltr'>ducum</span> <span class='ocrx_word' id='word_1_154' title='bbox 2569 1073 2811 1143; x_wconf 86' lang='lat' dir='ltr'>inquam</span> <span class='ocrx_word' id='word_1_155' title='bbox 2846 1070 3275 1141; x_wconf 74' lang='lat' dir='ltr'>ampliﬁcandae</span> <span class='ocrx_word' id='word_1_156' title='bbox 3307 1066 3600 1138; x_wconf 83' lang='lat' dir='ltr'>dignitati,</span> <span class='ocrx_word' id='word_1_157' title='bbox 3632 1070 3690 1119; x_wconf 86' lang='lat' dir='ltr'>et</span> 
     </span>
    </p>
   </div>
   <div class='ocr_carea' id='block_1_27' title="bbox 2036 1158 3683 1233">
    <p class='ocr_par' dir='ltr' id='par_1_27' title="bbox 2036 1158 3683 1233">
     <span class='ocr_line' id='line_1_27' title="bbox 2036 1158 3683 1233; baseline -0.006 -16"><span class='ocrx_word' id='word_1_158' title='bbox 2036 1162 2108 1217; x_wconf 90' lang='lat' dir='ltr'>iis</span> <span class='ocrx_word' id='word_1_159' title='bbox 2141 1180 2267 1233; x_wconf 69' lang='lat' dir='ltr'>quae</span> <span class='ocrx_word' id='word_1_160' title='bbox 2301 1162 2591 1216; x_wconf 86' lang='lat' dir='ltr'>militibus</span> <span class='ocrx_word' id='word_1_161' title='bbox 2624 1177 2894 1231; x_wconf 80' lang='lat' dir='ltr'><strong>prospere</strong></span> <span class='ocrx_word' id='word_1_162' title='bbox 2926 1177 2991 1214; x_wconf 92' lang='lat' dir='ltr'>ac</span> <span class='ocrx_word' id='word_1_163' title='bbox 3024 1165 3261 1212; x_wconf 82' lang='lat' dir='ltr'><strong>strenue</strong></span> <span class='ocrx_word' id='word_1_164' title='bbox 3282 1161 3446 1227; x_wconf 89' lang='lat' dir='ltr'>gesta</span> <span class='ocrx_word' id='word_1_165' title='bbox 3466 1158 3683 1209; x_wconf 81' lang='lat' dir='ltr'>essent.</span> 
     </span>
    </p>
   </div>
   <div class='ocr_carea' id='block_1_28' title="bbox 2039 1242 3683 1322">
    <p class='ocr_par' dir='ltr' id='par_1_28' title="bbox 2039 1242 3683 1322">
     <span class='ocr_line' id='line_1_28' title="bbox 2039 1242 3683 1322; baseline -0.007 -16"><span class='ocrx_word' id='word_1_166' title='bbox 2039 1253 2105 1306; x_wconf 90' lang='lat' dir='ltr'>Et</span> <span class='ocrx_word' id='word_1_167' title='bbox 2140 1258 2443 1322; x_wconf 85' lang='lat' dir='ltr'><strong>propterea</strong></span> <span class='ocrx_word' id='word_1_168' title='bbox 2474 1251 2532 1304; x_wconf 91' lang='lat' dir='ltr'>in</span> <span class='ocrx_word' id='word_1_169' title='bbox 2567 1250 3056 1304; x_wconf 84' lang='lat' dir='ltr'>calumniatorum</span> <span class='ocrx_word' id='word_1_170' title='bbox 3091 1245 3368 1300; x_wconf 86' lang='lat' dir='ltr'>conviciis</span> <span class='ocrx_word' id='word_1_171' title='bbox 3399 1249 3455 1298; x_wconf 89' lang='lat' dir='ltr'>et</span> <span class='ocrx_word' id='word_1_172' title='bbox 3484 1242 3683 1313; x_wconf 89' lang='lat' dir='ltr'>sopbi-</span> 
     </span>
    </p>
   </div>
   <div class='ocr_carea' id='block_1_29' title="bbox 2037 1334 3681 1407">
    <p class='ocr_par' dir='ltr' id='par_1_29' title="bbox 2037 1334 3681 1407">
     <span class='ocr_line' id='line_1_29' title="bbox 2037 1334 3681 1407; baseline -0.006 -12"><span class='ocrx_word' id='word_1_173' title='bbox 2037 1342 2197 1395; x_wconf 89' lang='lat' dir='ltr'>sticis</span> <span class='ocrx_word' id='word_1_174' title='bbox 2230 1340 2578 1394; x_wconf 84' lang='lat' dir='ltr'>commentis</span> <span class='ocrx_word' id='word_1_175' title='bbox 2611 1356 2675 1392; x_wconf 91' lang='lat' dir='ltr'>ac</span> <span class='ocrx_word' id='word_1_176' title='bbox 2717 1337 3088 1407; x_wconf 84' lang='lat' dir='ltr'>judicialium</span> <span class='ocrx_word' id='word_1_177' title='bbox 3126 1334 3515 1406; x_wconf 67' lang='lat' dir='ltr'>quaestionum</span> <span class='ocrx_word' id='word_1_178' title='bbox 3552 1348 3681 1385; x_wconf 85' lang='lat' dir='ltr'>exa-</span> 
     </span>
    </p>
   </div>
   <div class='ocr_carea' id='block_1_30' title="bbox 2038 1423 3683 1497">
    <p class='ocr_par' dir='ltr' id='par_1_30' title="bbox 2038 1423 3683 1497">
     <span class='ocr_line' id='line_1_30' title="bbox 2038 1423 3683 1497; baseline -0.006 -14"><span class='ocrx_word' id='word_1_179' title='bbox 2038 1430 2194 1483; x_wconf 88' lang='lat' dir='ltr'>mine</span> <span class='ocrx_word' id='word_1_180' title='bbox 2241 1430 2502 1484; x_wconf 83' lang='lat' dir='ltr'>Romana</span> <span class='ocrx_word' id='word_1_181' title='bbox 2560 1445 2650 1482; x_wconf 91' lang='lat' dir='ltr'>res</span> <span class='ocrx_word' id='word_1_182' title='bbox 2700 1426 2933 1497; x_wconf 90' lang='lat' dir='ltr'>publica</span> <span class='ocrx_word' id='word_1_183' title='bbox 2984 1441 3223 1478; x_wconf 89' lang='lat' dir='ltr'>versans</span> <span class='ocrx_word' id='word_1_184' title='bbox 3267 1423 3683 1492; x_wconf 81' lang='lat' dir='ltr'>occupabatur,</span> 
     </span>
    </p>
   </div>
   <div class='ocr_carea' id='block_1_31' title="bbox 2037 1509 3685 1588">
    <p class='ocr_par' dir='ltr' id='par_1_31' title="bbox 2037 1509 3685 1588">
     <span class='ocr_line' id='line_1_31' title="bbox 2037 1509 3685 1588; baseline -0.007 -15"><span class='ocrx_word' id='word_1_185' title='bbox 2037 1520 2113 1573; x_wconf 90' lang='lat' dir='ltr'>ita</span> <span class='ocrx_word' id='word_1_186' title='bbox 2176 1525 2240 1573; x_wconf 90' lang='lat' dir='ltr'>ut</span> <span class='ocrx_word' id='word_1_187' title='bbox 2296 1518 2407 1588; x_wconf 82' lang='lat' dir='ltr'>ipsi</span> <span class='ocrx_word' id='word_1_188' title='bbox 2470 1516 2685 1571; x_wconf 77' lang='lat' dir='ltr'>milites</span> <span class='ocrx_word' id='word_1_189' title='bbox 2747 1515 2928 1569; x_wconf 88' lang='lat' dir='ltr'>armis</span> <span class='ocrx_word' id='word_1_190' title='bbox 2978 1512 3261 1583; x_wconf 86' lang='lat' dir='ltr'>depositis</span> <span class='ocrx_word' id='word_1_191' title='bbox 3310 1509 3569 1565; x_wconf 72' lang='lat' dir='ltr'>advocati</span> <span class='ocrx_word' id='word_1_192' title='bbox 3628 1512 3685 1561; x_wconf 89' lang='lat' dir='ltr'>et</span> 
     </span>
    </p>
   </div>
   <div class='ocr_carea' id='block_1_32' title="bbox 2038 1602 3684 1680">
    <p class='ocr_par' dir='ltr' id='par_1_32' title="bbox 2038 1602 3684 1680">
     <span class='ocr_line' id='line_1_32' title="bbox 2038 1602 3684 1680; baseline -0.008 -18"><span class='ocrx_word' id='word_1_193' title='bbox 2038 1609 2265 1680; x_wconf 87' lang='lat' dir='ltr'>patroni</span> <span class='ocrx_word' id='word_1_194' title='bbox 2299 1607 2687 1680; x_wconf 65' lang='lat' dir='ltr'>quaestionum</span> <span class='ocrx_word' id='word_1_195' title='bbox 2722 1604 2792 1657; x_wconf 90' lang='lat' dir='ltr'>ad</span> <span class='ocrx_word' id='word_1_196' title='bbox 2828 1602 2986 1673; x_wconf 84' lang='lat' dir='ltr'>leges</span> <span class='ocrx_word' id='word_1_197' title='bbox 3036 1602 3425 1671; x_wconf 84' lang='lat' dir='ltr'>spectantium</span> <span class='ocrx_word' id='word_1_198' title='bbox 3460 1603 3517 1653; x_wconf 90' lang='lat' dir='ltr'>et</span> <span class='ocrx_word' id='word_1_199' title='bbox 3545 1613 3684 1651; x_wconf 90' lang='lat' dir='ltr'>cau-</span> 
     </span>
    </p>
   </div>
   <div class='ocr_carea' id='block_1_33' title="bbox 2038 1685 3684 1760">
    <p class='ocr_par' dir='ltr' id='par_1_33' title="bbox 2038 1685 3684 1760">
     <span class='ocr_line' id='line_1_33' title="bbox 2038 1685 3684 1760; baseline -0.008 -7"><span class='ocrx_word' id='word_1_200' title='bbox 2038 1714 2233 1753; x_wconf 86' lang='lat' dir='ltr'>sarum</span> <span class='ocrx_word' id='word_1_201' title='bbox 2294 1698 2518 1760; x_wconf 84' lang='lat' dir='ltr'>fierent,</span> <span class='ocrx_word' id='word_1_202' title='bbox 2580 1695 2801 1749; x_wconf 89' lang='lat' dir='ltr'>omisso</span> <span class='ocrx_word' id='word_1_203' title='bbox 2862 1690 3072 1745; x_wconf 84' lang='lat' dir='ltr'>Martio</span> <span class='ocrx_word' id='word_1_204' title='bbox 3134 1706 3275 1743; x_wconf 84' lang='lat' dir='ltr'>sono</span> <span class='ocrx_word' id='word_1_205' title='bbox 3343 1693 3400 1743; x_wconf 92' lang='lat' dir='ltr'>et</span> <span class='ocrx_word' id='word_1_206' title='bbox 3460 1685 3684 1741; x_wconf 84' lang='lat' dir='ltr'>bellicis</span> 
     </span>
    </p>
   </div>
   <div class='ocr_carea' id='block_1_34' title="bbox 265 1774 1919 1883">
    <p class='ocr_par' dir='ltr' id='par_1_34' title="bbox 265 1774 1919 1883">
     <span class='ocr_line' id='line_1_34' title="bbox 265 1774 1919 1854; baseline 0.003 -28"><span class='ocrx_word' id='word_1_207' title='bbox 265 1774 363 1840; x_wconf 79' lang='grc' dir='ltr'>τὴν</span> <span class='ocrx_word' id='word_1_208' title='bbox 424 1775 706 1847; x_wconf 73' lang='grc' dir='ltr'>στρατείαν</span> <span class='ocrx_word' id='word_1_209' title='bbox 796 1776 1049 1847; x_wconf 70' lang='grc' dir='ltr'>μεθέντας</span> <span class='ocrx_word' id='word_1_210' title='bbox 1123 1780 1459 1854; x_wconf 85' lang='grc' dir='ltr'>συνηγόρους</span> <span class='ocrx_word' id='word_1_211' title='bbox 1529 1782 1617 1835; x_wconf 89' lang='grc' dir='ltr'>καὶ</span> <span class='ocrx_word' id='word_1_212' title='bbox 1679 1786 1919 1853; x_wconf 73' lang='grc' dir='ltr'>νομικῶν</span> 
     </span>
     <span class='ocr_line' id='line_1_35' title="bbox 266 1860 1849 1883; baseline 0 0"><span class='ocrx_word' id='word_1_213' title='bbox 266 1867 293 1883; x_wconf 69' lang='grc' dir='ltr'><strong><em>ο</em></strong></span> <span class='ocrx_word' id='word_1_214' title='bbox 342 1882 355 1883; x_wconf 55' lang='grc' dir='ltr'><em>η</em></span> <span class='ocrx_word' id='word_1_215' title='bbox 470 1862 483 1883; x_wconf 63' lang='grc' dir='ltr'>’ἶ</span> <span class='ocrx_word' id='word_1_216' title='bbox 761 1864 773 1883; x_wconf 59' lang='grc' dir='ltr'>ἱ</span> <span class='ocrx_word' id='word_1_217' title='bbox 963 1860 1018 1883; x_wconf 69' lang='lat' dir='ltr'>p‘</span> <span class='ocrx_word' id='word_1_218' title='bbox 1140 1865 1149 1881; x_wconf 72' lang='grc' dir='ltr'><strong>Ι</strong></span> <span class='ocrx_word' id='word_1_219' title='bbox 1453 1870 1462 1883; x_wconf 80' lang='grc' dir='ltr'><em>ι</em></span> <span class='ocrx_word' id='word_1_220' title='bbox 1516 1882 1525 1883; x_wconf 33' lang='grc' dir='ltr'><em>κ</em></span> <span class='ocrx_word' id='word_1_221' title='bbox 1667 1872 1678 1883; x_wconf 78' lang='grc' dir='ltr'>ο</span> <span class='ocrx_word' id='word_1_222' title='bbox 1838 1873 1849 1883; x_wconf 73' lang='grc' dir='ltr'>ι</span> 
     </span>
    </p>
   </div>
   <div class='ocr_carea' id='block_1_35' title="bbox 2031 1774 3684 1883">
    <p class='ocr_par' dir='ltr' id='par_1_35' title="bbox 2036 1776 3684 1852">
     <span class='ocr_line' id='line_1_36' title="bbox 2036 1776 3684 1852; baseline -0.008 -10"><span class='ocrx_word' id='word_1_223' title='bbox 2036 1786 2550 1842; x_wconf 82' lang='lat' dir='ltr'>exercitationibus</span> <span class='ocrx_word' id='word_1_224' title='bbox 2595 1790 2653 1839; x_wconf 89' lang='lat' dir='ltr'>et</span> <span class='ocrx_word' id='word_1_225' title='bbox 2681 1798 2965 1852; x_wconf 91' lang='lat' dir='ltr'>equorum</span> <span class='ocrx_word' id='word_1_226' title='bbox 3010 1778 3349 1849; x_wconf 84' lang='lat' dir='ltr'>agitatione.</span> <span class='ocrx_word' id='word_1_227' title='bbox 3385 1776 3521 1831; x_wconf 88' lang='lat' dir='ltr'>Pius</span> <span class='ocrx_word' id='word_1_228' title='bbox 3550 1791 3684 1830; x_wconf 89' lang='lat' dir='ltr'>vero</span> 
     </span>
    </p>
   </div>
   <div class='ocr_carea' id='block_1_36' title="bbox 266 1860 1922 1943">
    <p class='ocr_par' dir='ltr' id='par_1_36' title="bbox 266 1860 1922 1943">
     <span class='ocr_line' id='line_1_37' title="bbox 266 1860 1922 1943; baseline 0.007 -29"><span class='ocrx_word' id='word_1_229' title='bbox 266 1862 596 1933; x_wconf 73' lang='grc' dir='ltr'>ζητημάτων</span> <span class='ocrx_word' id='word_1_230' title='bbox 685 1864 775 1918; x_wconf 76' lang='grc' dir='ltr'>καὶ</span> <span class='ocrx_word' id='word_1_231' title='bbox 852 1860 1263 1939; x_wconf 73' lang='grc' dir='ltr'>προϐλημάτων</span> <span class='ocrx_word' id='word_1_232' title='bbox 1351 1870 1593 1943; x_wconf 70' lang='grc' dir='ltr'>γενέσθαι</span> <span class='ocrx_word' id='word_1_233' title='bbox 1667 1872 1922 1943; x_wconf 71' lang='grc' dir='ltr'>ἐραστὰς-</span> 
     </span>
    </p>
   </div>
   <div class='ocr_carea' id='block_1_37' title="bbox 271 1950 1918 2033">
    <p class='ocr_par' dir='ltr' id='par_1_37' title="bbox 271 1950 1918 2033">
     <span class='ocr_line' id='line_1_38' title="bbox 271 1950 1918 2033; baseline 0.009 -31"><span class='ocrx_word' id='word_1_234' title='bbox 271 1951 454 2024; x_wconf 73' lang='grc' dir='ltr'>μακρὰ</span> <span class='ocrx_word' id='word_1_235' title='bbox 504 1950 721 2026; x_wconf 79' lang='grc' dir='ltr'>χαίρειν</span> <span class='ocrx_word' id='word_1_236' title='bbox 777 1953 1024 2016; x_wconf 81' lang='grc' dir='ltr'>εἰπόντας</span> <span class='ocrx_word' id='word_1_237' title='bbox 1082 1953 1316 2029; x_wconf 78' lang='grc' dir='ltr'>ἰνυαλίῳ</span> <span class='ocrx_word' id='word_1_238' title='bbox 1380 1979 1439 2012; x_wconf 91' lang='grc' dir='ltr'>τε</span> <span class='ocrx_word' id='word_1_239' title='bbox 1506 1962 1626 2033; x_wconf 77' lang='grc' dir='ltr'>ἠχῇ</span> <span class='ocrx_word' id='word_1_240' title='bbox 1682 1962 1770 2014; x_wconf 89' lang='grc' dir='ltr'>καὶ</span> <span class='ocrx_word' id='word_1_241' title='bbox 1828 1982 1918 2017; x_wconf 88' lang='grc' dir='ltr'>πο.</span> 
     </span>
    </p>
   </div>
   <div class='ocr_carea' id='block_1_38' title="bbox 269 2037 1921 2123">
    <p class='ocr_par' dir='ltr' id='par_1_38' title="bbox 269 2037 1921 2123">
     <span class='ocr_line' id='line_1_39' title="bbox 269 2037 1921 2123; baseline 0.008 -32"><span class='ocrx_word' id='word_1_242' title='bbox 269 2037 475 2112; x_wconf 75' lang='grc' dir='ltr'>λεμικῇ</span> <span class='ocrx_word' id='word_1_243' title='bbox 566 2040 795 2115; x_wconf 65' lang='grc' dir='ltr'>ὀρχήσει</span> <span class='ocrx_word' id='word_1_244' title='bbox 898 2045 989 2097; x_wconf 80' lang='grc' dir='ltr'>καὶ</span> <span class='ocrx_word' id='word_1_245' title='bbox 1096 2042 1435 2118; x_wconf 69' lang='grc' dir='ltr'>περιδινήσει</span> <span class='ocrx_word' id='word_1_246' title='bbox 1534 2048 1921 2123; x_wconf 75' lang='grc' dir='ltr'>ἀγχιστθφόῳ,</span> 
     </span>
    </p>
   </div>
   <div class='ocr_carea' id='block_1_39' title="bbox 278 2125 1923 2211">
    <p class='ocr_par' dir='ltr' id='par_1_39' title="bbox 278 2125 1923 2211">
     <span class='ocr_line' id='line_1_40' title="bbox 278 2125 1923 2211; baseline 0.005 -27"><span class='ocrx_word' id='word_1_247' title='bbox 278 2125 520 2197; x_wconf 70' lang='grc' dir='ltr'>Εὐσεϐής</span> <span class='ocrx_word' id='word_1_248' title='bbox 553 2127 611 2183; x_wconf 70' lang='grc' dir='ltr'>δὲ</span> <span class='ocrx_word' id='word_1_249' title='bbox 669 2128 741 2184; x_wconf 79' lang='grc' dir='ltr'>ὤν</span> <span class='ocrx_word' id='word_1_250' title='bbox 805 2130 957 2208; x_wconf 61' lang='grc' dir='ltr'>εῗίπερ</span> <span class='ocrx_word' id='word_1_251' title='bbox 1002 2154 1083 2193; x_wconf 89' lang='grc' dir='ltr'>τις</span> <span class='ocrx_word' id='word_1_252' title='bbox 1139 2132 1348 2208; x_wconf 65' lang='grc' dir='ltr'>ἶτερος,</span> <span class='ocrx_word' id='word_1_253' title='bbox 1403 2136 1494 2189; x_wconf 84' lang='grc' dir='ltr'>καὶ</span> <span class='ocrx_word' id='word_1_254' title='bbox 1527 2136 1923 2211; x_wconf 84' lang='grc' dir='ltr'>φιλομόναχος</span> 
     </span>
    </p>
   </div>
   <div class='ocr_carea' id='block_1_40' title="bbox 275 2203 1920 2296">
    <p class='ocr_par' dir='ltr' id='par_1_40' title="bbox 275 2203 1920 2296">
     <span class='ocr_line' id='line_1_41' title="bbox 275 2203 1920 2296; baseline 0.007 -26"><span class='ocrx_word' id='word_1_255' title='bbox 275 2217 642 2294; x_wconf 57' lang='grc' dir='ltr'>γιλόπτωχός</span> <span class='ocrx_word' id='word_1_256' title='bbox 698 2241 756 2273; x_wconf 92' lang='grc' dir='ltr'>τε</span> <span class='ocrx_word' id='word_1_257' title='bbox 810 2222 898 2275; x_wconf 80' lang='grc' dir='ltr'>καὶ</span> <span class='ocrx_word' id='word_1_258' title='bbox 957 2223 1078 2294; x_wconf 81' lang='grc' dir='ltr'>περῖ</span> <span class='ocrx_word' id='word_1_259' title='bbox 1135 2224 1195 2277; x_wconf 87' lang='grc' dir='ltr'>τὸ</span> <span class='ocrx_word' id='word_1_260' title='bbox 1256 2229 1417 2296; x_wconf 87' lang='grc' dir='ltr'>σῶμα</span> <span class='ocrx_word' id='word_1_261' title='bbox 1460 2203 1622 2293; x_wconf 70' lang='grc' dir='ltr'>ἦττον</span> <span class='ocrx_word' id='word_1_262' title='bbox 1666 2203 1920 2282; x_wconf 72' lang='grc' dir='ltr'>κολαστι-</span> 
     </span>
    </p>
   </div>
   <div class='ocr_carea' id='block_1_41' title="bbox 276 2307 1923 2391">
    <p class='ocr_par' dir='ltr' id='par_1_41' title="bbox 276 2307 1923 2391">
     <span class='ocr_line' id='line_1_42' title="bbox 276 2307 1923 2391; baseline 0.006 -30"><span class='ocrx_word' id='word_1_263' title='bbox 276 2309 369 2370; x_wconf 84' lang='grc' dir='ltr'>κὸς</span> <span class='ocrx_word' id='word_1_264' title='bbox 415 2312 551 2379; x_wconf 82' lang='grc' dir='ltr'>(Η),</span> <span class='ocrx_word' id='word_1_265' title='bbox 588 2309 727 2383; x_wconf 84' lang='grc' dir='ltr'>πρὸς</span> <span class='ocrx_word' id='word_1_266' title='bbox 777 2308 916 2365; x_wconf 72' lang='grc' dir='ltr'>ἄλλο</span> <span class='ocrx_word' id='word_1_267' title='bbox 966 2333 1017 2365; x_wconf 91' lang='grc' dir='ltr'>τι</span> <span class='ocrx_word' id='word_1_268' title='bbox 1065 2307 1280 2384; x_wconf 76' lang='grc' dir='ltr'>ἀμϐλὺς</span> <span class='ocrx_word' id='word_1_269' title='bbox 1305 2312 1567 2389; x_wconf 79' lang='grc' dir='ltr'>ἐτύγχανε</span> <span class='ocrx_word' id='word_1_270' title='bbox 1595 2316 1684 2369; x_wconf 83' lang='grc' dir='ltr'>καὶ</span> <span class='ocrx_word' id='word_1_271' title='bbox 1717 2319 1923 2391; x_wconf 85' lang='grc' dir='ltr'>νωθρὸς</span> 
     </span>
    </p>
   </div>
   <div class='ocr_carea' id='block_1_42' title="bbox 272 2394 1921 2477">
    <p class='ocr_par' dir='ltr' id='par_1_42' title="bbox 272 2394 1921 2477">
     <span class='ocr_line' id='line_1_43' title="bbox 272 2394 1921 2477; baseline 0.005 -26"><span class='ocrx_word' id='word_1_272' title='bbox 272 2394 559 2469; x_wconf 72' lang='grc' dir='ltr'>φειδωλὸς</span> <span class='ocrx_word' id='word_1_273' title='bbox 623 2395 667 2451; x_wconf 76' lang='grc' dir='ltr'>δ’</span> <span class='ocrx_word' id='word_1_274' title='bbox 718 2398 929 2473; x_wconf 73' lang='grc' dir='ltr'>είσάγαν</span> <span class='ocrx_word' id='word_1_275' title='bbox 988 2400 1075 2453; x_wconf 84' lang='grc' dir='ltr'>καὶ</span> <span class='ocrx_word' id='word_1_276' title='bbox 1127 2402 1443 2474; x_wconf 86' lang='grc' dir='ltr'>ποριστικὸς</span> <span class='ocrx_word' id='word_1_277' title='bbox 1498 2404 1723 2458; x_wconf 82' lang='grc' dir='ltr'>καὶτῶν</span> <span class='ocrx_word' id='word_1_278' title='bbox 1750 2403 1921 2477; x_wconf 83' lang='grc' dir='ltr'>δημο-</span> 
     </span>
    </p>
   </div>
   <div class='ocr_carea' id='block_1_43' title="bbox 284 2485 1921 2560">
    <p class='ocr_par' dir='ltr' id='par_1_43' title="bbox 284 2485 1921 2560">
     <span class='ocr_line' id='line_1_44' title="bbox 284 2485 1921 2560; baseline 0.007 -23"><span class='ocrx_word' id='word_1_279' title='bbox 284 2485 411 2539; x_wconf 78' lang='grc' dir='ltr'>σίων</span> <span class='ocrx_word' id='word_1_280' title='bbox 471 2488 778 2560; x_wconf 76' lang='grc' dir='ltr'>χρημάτων</span> <span class='ocrx_word' id='word_1_281' title='bbox 838 2487 1141 2558; x_wconf 78' lang='grc' dir='ltr'>αὐξητικός.</span> <span class='ocrx_word' id='word_1_282' title='bbox 1193 2490 1501 2559; x_wconf 75' lang='grc' dir='ltr'>Ἐξουσίαζε</span> <span class='ocrx_word' id='word_1_283' title='bbox 1558 2489 1615 2546; x_wconf 72' lang='grc' dir='ltr'>δὶ</span> <span class='ocrx_word' id='word_1_284' title='bbox 1656 2494 1742 2547; x_wconf 88' lang='grc' dir='ltr'>καὶ</span> <span class='ocrx_word' id='word_1_285' title='bbox 1803 2500 1921 2555; x_wconf 81' lang='grc' dir='ltr'>ταῖς</span> 
     </span>
    </p>
   </div>
   <div class='ocr_carea' id='block_1_44' title="bbox 276 2573 1918 2656">
    <p class='ocr_par' dir='ltr' id='par_1_44' title="bbox 276 2573 1918 2656">
     <span class='ocr_line' id='line_1_45' title="bbox 276 2573 1918 2656; baseline 0.007 -31"><span class='ocrx_word' id='word_1_286' title='bbox 276 2573 503 2645; x_wconf 75' lang='grc' dir='ltr'>κρίσεσι,</span> <span class='ocrx_word' id='word_1_287' title='bbox 539 2574 630 2627; x_wconf 86' lang='grc' dir='ltr'>καὶ</span> <span class='ocrx_word' id='word_1_288' title='bbox 688 2574 959 2637; x_wconf 84' lang='grc' dir='ltr'>πολλάκις</span> <span class='ocrx_word' id='word_1_289' title='bbox 1001 2576 1161 2639; x_wconf 77' lang='grc' dir='ltr'>αὐτὰς</span> <span class='ocrx_word' id='word_1_290' title='bbox 1195 2575 1284 2632; x_wconf 74' lang='grc' dir='ltr'>διὰ</span> <span class='ocrx_word' id='word_1_291' title='bbox 1329 2582 1426 2649; x_wconf 76' lang='grc' dir='ltr'>τὴν</span> <span class='ocrx_word' id='word_1_292' title='bbox 1460 2585 1566 2634; x_wconf 89' lang='grc' dir='ltr'>τῶν</span> <span class='ocrx_word' id='word_1_293' title='bbox 1610 2582 1918 2656; x_wconf 83' lang='grc' dir='ltr'>προσώπων</span> 
     </span>
    </p>
   </div>
   <div class='ocr_carea' id='block_1_45' title="bbox 280 2662 1921 2742">
    <p class='ocr_par' dir='ltr' id='par_1_45' title="bbox 280 2662 1921 2742">
     <span class='ocr_line' id='line_1_46' title="bbox 280 2662 1921 2742; baseline 0.007 -27"><span class='ocrx_word' id='word_1_294' title='bbox 280 2664 549 2731; x_wconf 80' lang='grc' dir='ltr'>ποιότητα</span> <span class='ocrx_word' id='word_1_295' title='bbox 582 2662 916 2733; x_wconf 70' lang='grc' dir='ltr'>ὑπήλλαττε,</span> <span class='ocrx_word' id='word_1_296' title='bbox 980 2666 1145 2739; x_wconf 76' lang='grc' dir='ltr'>βαρὺς</span> <span class='ocrx_word' id='word_1_297' title='bbox 1206 2664 1548 2742; x_wconf 80' lang='grc' dir='ltr'>δεικνὺμενος</span> <span class='ocrx_word' id='word_1_298' title='bbox 1597 2676 1713 2731; x_wconf 85' lang='grc' dir='ltr'>τοῖς</span> <span class='ocrx_word' id='word_1_299' title='bbox 1765 2669 1921 2725; x_wconf 87' lang='grc' dir='ltr'>δυνα-</span> 
     </span>
    </p>
   </div>
   <div class='ocr_carea' id='block_1_46' title="bbox 272 2749 1921 2829">
    <p class='ocr_par' dir='ltr' id='par_1_46' title="bbox 272 2749 1921 2829">
     <span class='ocr_line' id='line_1_47' title="bbox 272 2749 1921 2829; baseline 0.007 -25"><span class='ocrx_word' id='word_1_300' title='bbox 272 2757 383 2812; x_wconf 80' lang='grc' dir='ltr'>τοῖς</span> <span class='ocrx_word' id='word_1_301' title='bbox 442 2752 535 2805; x_wconf 83' lang='grc' dir='ltr'>καὶ</span> <span class='ocrx_word' id='word_1_302' title='bbox 615 2749 911 2829; x_wconf 72' lang='grc' dir='ltr'>ἀφόρητος.</span> <span class='ocrx_word' id='word_1_303' title='bbox 974 2756 1376 2829; x_wconf 78' lang='grc' dir='ltr'>Προσκειμένου</span> <span class='ocrx_word' id='word_1_304' title='bbox 1449 2756 1508 2813; x_wconf 76' lang='grc' dir='ltr'>δὶ</span> <span class='ocrx_word' id='word_1_305' title='bbox 1582 2760 1750 2814; x_wconf 70' lang='grc' dir='ltr'>αὐτοῦ</span> <span class='ocrx_word' id='word_1_306' title='bbox 1803 2767 1921 2823; x_wconf 81' lang='grc' dir='ltr'>τοῖς</span> 
     </span>
    </p>
   </div>
   <div class='ocr_carea' id='block_1_47' title="bbox 272 2838 1925 2921">
    <p class='ocr_par' dir='ltr' id='par_1_47' title="bbox 272 2838 1925 2921">
     <span class='ocr_line' id='line_1_48' title="bbox 272 2838 1925 2921; baseline 0.007 -28"><span class='ocrx_word' id='word_1_307' title='bbox 272 2841 549 2902; x_wconf 67' lang='grc' dir='ltr'>τοιούτοις</span> <span class='ocrx_word' id='word_1_308' title='bbox 582 2838 871 2911; x_wconf 81' lang='grc' dir='ltr'>διηνεκῶς,</span> <span class='ocrx_word' id='word_1_309' title='bbox 918 2848 1024 2898; x_wconf 90' lang='grc' dir='ltr'>τῶν</span> <span class='ocrx_word' id='word_1_310' title='bbox 1078 2842 1136 2899; x_wconf 72' lang='grc' dir='ltr'>δὲ</span> <span class='ocrx_word' id='word_1_311' title='bbox 1186 2852 1584 2921; x_wconf 81' lang='grc' dir='ltr'>στρατιωτικῶν</span> <span class='ocrx_word' id='word_1_312' title='bbox 1634 2847 1925 2921; x_wconf 81' lang='grc' dir='ltr'>ἠμεληκό-</span> 
     </span>
    </p>
   </div>
   <div class='ocr_carea' id='block_1_48' title="bbox 273 2930 1921 3011">
    <p class='ocr_par' dir='ltr' id='par_1_48' title="bbox 273 2930 1921 3011">
     <span class='ocr_line' id='line_1_49' title="bbox 273 2930 1921 3011; baseline 0.007 -29"><span class='ocrx_word' id='word_1_313' title='bbox 273 2950 362 2990; x_wconf 87' lang='grc' dir='ltr'>τος</span> <span class='ocrx_word' id='word_1_314' title='bbox 405 2932 497 2985; x_wconf 77' lang='grc' dir='ltr'>καὶ</span> <span class='ocrx_word' id='word_1_315' title='bbox 556 2930 992 3005; x_wconf 70' lang='grc' dir='ltr'>ρᾳθυμήσαντος,</span> <span class='ocrx_word' id='word_1_316' title='bbox 1024 2934 1089 2987; x_wconf 85' lang='grc' dir='ltr'>τὰ</span> <span class='ocrx_word' id='word_1_317' title='bbox 1136 2941 1236 3003; x_wconf 88' lang='grc' dir='ltr'>τῆς</span> <span class='ocrx_word' id='word_1_318' title='bbox 1286 2935 1609 3005; x_wconf 82' lang='grc' dir='ltr'>Ἀνατολῆς,</span> <span class='ocrx_word' id='word_1_319' title='bbox 1655 2939 1743 2991; x_wconf 85' lang='grc' dir='ltr'>καὶ</span> <span class='ocrx_word' id='word_1_320' title='bbox 1788 2939 1921 3011; x_wconf 81' lang='grc' dir='ltr'>μᾶλ-</span> 
     </span>
    </p>
   </div>
   <div class='ocr_carea' id='block_1_49' title="bbox 278 3017 1924 3098">
    <p class='ocr_par' dir='ltr' id='par_1_49' title="bbox 278 3017 1924 3098">
     <span class='ocr_line' id='line_1_50' title="bbox 278 3017 1924 3098; baseline 0.007 -26"><span class='ocrx_word' id='word_1_321' title='bbox 278 3017 368 3072; x_wconf 81' lang='grc' dir='ltr'>λον</span> <span class='ocrx_word' id='word_1_322' title='bbox 400 3020 470 3073; x_wconf 76' lang='grc' dir='ltr'>τὰ</span> <span class='ocrx_word' id='word_1_323' title='bbox 502 3019 555 3073; x_wconf 76' lang='grc' dir='ltr'>ἐν</span> <span class='ocrx_word' id='word_1_324' title='bbox 584 3025 700 3081; x_wconf 87' lang='grc' dir='ltr'>τοῖς</span> <span class='ocrx_word' id='word_1_325' title='bbox 727 3020 954 3095; x_wconf 70' lang='grc' dir='ltr'>τέρμασι</span> <span class='ocrx_word' id='word_1_326' title='bbox 976 3028 1085 3077; x_wconf 90' lang='grc' dir='ltr'>τῶν</span> <span class='ocrx_word' id='word_1_327' title='bbox 1114 3028 1294 3096; x_wconf 81' lang='grc' dir='ltr'>μερῶν</span> <span class='ocrx_word' id='word_1_328' title='bbox 1314 3030 1424 3079; x_wconf 90' lang='grc' dir='ltr'>τῶν</span> <span class='ocrx_word' id='word_1_329' title='bbox 1447 3027 1795 3098; x_wconf 83' lang='grc' dir='ltr'>Ῥωμαϊκῶν,</span> <span class='ocrx_word' id='word_1_330' title='bbox 1822 3028 1924 3083; x_wconf 87' lang='grc' dir='ltr'>ὑπὸ</span> 
     </span>
    </p>
   </div>
   <div class='ocr_carea' id='block_1_50' title="bbox 264 3107 1925 3189">
    <p class='ocr_par' dir='ltr' id='par_1_50' title="bbox 264 3107 1925 3189">
     <span class='ocr_line' id='line_1_51' title="bbox 264 3107 1925 3189; baseline 0.007 -28"><span class='ocrx_word' id='word_1_331' title='bbox 264 3113 366 3162; x_wconf 78' lang='grc' dir='ltr'>τῶν</span> <span class='ocrx_word' id='word_1_332' title='bbox 418 3107 711 3180; x_wconf 83' lang='grc' dir='ltr'>πολεμίων</span> <span class='ocrx_word' id='word_1_333' title='bbox 757 3109 1013 3185; x_wconf 72' lang='grc' dir='ltr'>ἐφέροντό</span> <span class='ocrx_word' id='word_1_334' title='bbox 1060 3132 1119 3166; x_wconf 86' lang='grc' dir='ltr'>τε</span> <span class='ocrx_word' id='word_1_335' title='bbox 1149 3112 1237 3166; x_wconf 74' lang='grc' dir='ltr'>καί</span> <span class='ocrx_word' id='word_1_336' title='bbox 1268 3112 1498 3189; x_wconf 76' lang='grc' dir='ltr'>ἤγοντο,</span> <span class='ocrx_word' id='word_1_337' title='bbox 1524 3117 1613 3170; x_wconf 84' lang='grc' dir='ltr'>καὶ</span> <span class='ocrx_word' id='word_1_338' title='bbox 1638 3115 1925 3186; x_wconf 72' lang='grc' dir='ltr'>ἐληίζοντο</span> 
     </span>
    </p>
   </div>
   <div class='ocr_carea' id='block_1_51' title="bbox 269 3183 1997 3283">
    <p class='ocr_par' dir='ltr' id='par_1_51' title="bbox 269 3183 1997 3283">
     <span class='ocr_line' id='line_1_52' title="bbox 269 3183 1997 3283; baseline 0.008 -33"><span class='ocrx_word' id='word_1_339' title='bbox 269 3198 357 3250; x_wconf 83' lang='grc' dir='ltr'>καὶ</span> <span class='ocrx_word' id='word_1_340' title='bbox 391 3195 763 3274; x_wconf 67' lang='grc' dir='ltr'>διεφθείροντο</span> <span class='ocrx_word' id='word_1_341' title='bbox 798 3199 1004 3254; x_wconf 80' lang='grc' dir='ltr'>ἅπαντα</span> <span class='ocrx_word' id='word_1_342' title='bbox 1032 3205 1100 3274; x_wconf 76' lang='grc' dir='ltr'>τῇ</span> <span class='ocrx_word' id='word_1_343' title='bbox 1131 3223 1188 3256; x_wconf 86' lang='grc' dir='ltr'>τε</span> <span class='ocrx_word' id='word_1_344' title='bbox 1217 3207 1324 3256; x_wconf 87' lang='grc' dir='ltr'>τῶν</span> <span class='ocrx_word' id='word_1_345' title='bbox 1356 3204 1615 3279; x_wconf 77' lang='grc' dir='ltr'>Τούρκων</span> <span class='ocrx_word' id='word_1_346' title='bbox 1649 3183 1924 3283; x_wconf 78' lang='grc' dir='ltr'>ἐπιδρομῇ</span> <span class='ocrx_word' id='word_1_347' title='bbox 1956 3183 1997 3249; x_wconf 78' lang='lat' dir='ltr'><strong><em>C</em></strong></span> 
     </span>
    </p>
   </div>
   <div class='ocr_carea' id='block_1_52' title="bbox 265 3286 1926 3369">
    <p class='ocr_par' dir='ltr' id='par_1_52' title="bbox 265 3286 1926 3369">
     <span class='ocr_line' id='line_1_53' title="bbox 265 3286 1926 3369; baseline 0.007 -30"><span class='ocrx_word' id='word_1_348' title='bbox 265 3286 353 3339; x_wconf 78' lang='grc' dir='ltr'>καὶ</span> <span class='ocrx_word' id='word_1_349' title='bbox 382 3287 708 3362; x_wconf 78' lang='grc' dir='ltr'>κατισχύσει</span> <span class='ocrx_word' id='word_1_350' title='bbox 755 3288 844 3343; x_wconf 80' lang='grc' dir='ltr'>καὶ</span> <span class='ocrx_word' id='word_1_351' title='bbox 894 3293 962 3363; x_wconf 82' lang='grc' dir='ltr'>τῇ</span> <span class='ocrx_word' id='word_1_352' title='bbox 1020 3290 1169 3365; x_wconf 80' lang='grc' dir='ltr'>βιαίᾳ</span> <span class='ocrx_word' id='word_1_353' title='bbox 1220 3292 1576 3368; x_wconf 77' lang='grc' dir='ltr'>ὑποχωρήσει</span> <span class='ocrx_word' id='word_1_354' title='bbox 1610 3296 1700 3350; x_wconf 82' lang='grc' dir='ltr'>καὶ</span> <span class='ocrx_word' id='word_1_355' title='bbox 1743 3294 1926 3369; x_wconf 90' lang='grc' dir='ltr'>δειμα-</span> 
     </span>
    </p>
   </div>
   <div class='ocr_carea' id='block_1_53' title="bbox 263 3376 1916 3460">
    <p class='ocr_par' dir='ltr' id='par_1_53' title="bbox 263 3376 1916 3460">
     <span class='ocr_line' id='line_1_54' title="bbox 263 3376 1916 3460; baseline 0.007 -32"><span class='ocrx_word' id='word_1_356' title='bbox 263 3376 421 3429; x_wconf 81' lang='grc' dir='ltr'>τώσει</span> <span class='ocrx_word' id='word_1_357' title='bbox 480 3381 592 3429; x_wconf 90' lang='grc' dir='ltr'>τῶν</span> <span class='ocrx_word' id='word_1_358' title='bbox 643 3376 1017 3449; x_wconf 68' lang='grc' dir='ltr'>ἠμελημένων</span> <span class='ocrx_word' id='word_1_359' title='bbox 1074 3386 1421 3453; x_wconf 88' lang='grc' dir='ltr'>στρατιωτῶν</span> <span class='ocrx_word' id='word_1_360' title='bbox 1457 3402 1469 3414; x_wconf 88' lang='grc'><strong>·</strong></span> <span class='ocrx_word' id='word_1_361' title='bbox 1531 3391 1780 3460; x_wconf 77' lang='grc' dir='ltr'>συνεχεῖς</span> <span class='ocrx_word' id='word_1_362' title='bbox 1812 3386 1916 3460; x_wconf 84' lang='grc' dir='ltr'>γὰρ</span> 
     </span>
    </p>
   </div>
   <div class='ocr_carea' id='block_1_54' title="bbox 281 3462 1920 3551">
    <p class='ocr_par' dir='ltr' id='par_1_54' title="bbox 281 3462 1920 3551">
     <span class='ocr_line' id='line_1_55' title="bbox 281 3462 1920 3551; baseline 0.008 -34"><span class='ocrx_word' id='word_1_363' title='bbox 281 3464 535 3539; x_wconf 57' lang='grc' dir='ltr'>’ὄπ-ἦρχον</span> <span class='ocrx_word' id='word_1_364' title='bbox 588 3462 853 3543; x_wconf 69' lang='grc' dir='ltr'>ὶκδρομαὶ</span> <span class='ocrx_word' id='word_1_365' title='bbox 911 3467 1002 3521; x_wconf 80' lang='grc' dir='ltr'>καὶ</span> <span class='ocrx_word' id='word_1_366' title='bbox 1052 3467 1343 3538; x_wconf 79' lang='grc' dir='ltr'>λεηλασίαι</span> <span class='ocrx_word' id='word_1_367' title='bbox 1402 3473 1618 3546; x_wconf 82' lang='grc' dir='ltr'>συχναὶ,</span> <span class='ocrx_word' id='word_1_368' title='bbox 1666 3475 1920 3551; x_wconf 83' lang='grc' dir='ltr'>ἀφανιζο-</span> 
     </span>
    </p>
   </div>
   <div class='ocr_carea' id='block_1_55' title="bbox 275 3552 1920 3636">
    <p class='ocr_par' dir='ltr' id='par_1_55' title="bbox 275 3552 1920 3636">
     <span class='ocr_line' id='line_1_56' title="bbox 275 3552 1920 3636; baseline 0.008 -30"><span class='ocrx_word' id='word_1_369' title='bbox 275 3553 435 3622; x_wconf 51' lang='lat' dir='ltr'>given</span> <span class='ocrx_word' id='word_1_370' title='bbox 465 3558 566 3608; x_wconf 76' lang='grc' dir='ltr'>τοῦ</span> <span class='ocrx_word' id='word_1_371' title='bbox 611 3552 1020 3631; x_wconf 82' lang='grc' dir='ltr'>προστυχόντος</span> <span class='ocrx_word' id='word_1_372' title='bbox 1051 3559 1271 3620; x_wconf 87' lang='grc' dir='ltr'>παντός.</span> <span class='ocrx_word' id='word_1_373' title='bbox 1309 3560 1400 3614; x_wconf 85' lang='grc' dir='ltr'>Διὸ</span> <span class='ocrx_word' id='word_1_374' title='bbox 1454 3562 1546 3615; x_wconf 81' lang='grc' dir='ltr'>καὶ</span> <span class='ocrx_word' id='word_1_375' title='bbox 1576 3564 1610 3631; x_wconf 79' lang='grc' dir='ltr'><strong>ἡ</strong></span> <span class='ocrx_word' id='word_1_376' title='bbox 1646 3562 1920 3636; x_wconf 77' lang='grc' dir='ltr'>εὐδαίμων</span> 
     </span>
    </p>
   </div>
   <div class='ocr_carea' id='block_1_56' title="bbox 268 3639 1922 3727">
    <p class='ocr_par' dir='ltr' id='par_1_56' title="bbox 268 3639 1922 3727">
     <span class='ocr_line' id='line_1_57' title="bbox 268 3639 1922 3727; baseline 0.008 -33"><span class='ocrx_word' id='word_1_377' title='bbox 268 3643 424 3716; x_wconf 71' lang='grc' dir='ltr'>χώρα</span> <span class='ocrx_word' id='word_1_378' title='bbox 452 3650 556 3711; x_wconf 75' lang='grc' dir='ltr'>τῆς</span> <span class='ocrx_word' id='word_1_379' title='bbox 589 3639 828 3718; x_wconf 69' lang='grc' dir='ltr'>Ἰϐηρίας</span> <span class='ocrx_word' id='word_1_380' title='bbox 874 3644 1124 3718; x_wconf 75' lang='grc' dir='ltr'>ηρίπωτο</span> <span class='ocrx_word' id='word_1_381' title='bbox 1176 3647 1461 3711; x_wconf 89' lang='grc' dir='ltr'>παντελῶς</span> <span class='ocrx_word' id='word_1_382' title='bbox 1513 3650 1603 3704; x_wconf 85' lang='grc' dir='ltr'>καὶ</span> <span class='ocrx_word' id='word_1_383' title='bbox 1634 3652 1922 3727; x_wconf 80' lang='grc' dir='ltr'>ἠφάνιστο,</span> 
     </span>
    </p>
   </div>
   <div class='ocr_carea' id='block_1_57' title="bbox 268 3728 1929 3807">
    <p class='ocr_par' dir='ltr' id='par_1_57' title="bbox 268 3728 1929 3807">
     <span class='ocr_line' id='line_1_58' title="bbox 268 3728 1929 3807; baseline 0.008 -24"><span class='ocrx_word' id='word_1_384' title='bbox 268 3728 370 3800; x_wconf 69' lang='grc' dir='ltr'>ἤδη</span> <span class='ocrx_word' id='word_1_385' title='bbox 426 3735 969 3807; x_wconf 73' lang='grc' dir='ltr'>προκατειργασμενη</span> <span class='ocrx_word' id='word_1_386' title='bbox 1057 3735 1148 3789; x_wconf 83' lang='grc' dir='ltr'>καὶ</span> <span class='ocrx_word' id='word_1_387' title='bbox 1229 3737 1567 3807; x_wconf 80' lang='grc' dir='ltr'>ἠσθενηκυῖα</span> <span class='ocrx_word' id='word_1_388' title='bbox 1645 3742 1733 3794; x_wconf 83' lang='grc' dir='ltr'>καὶ</span> <span class='ocrx_word' id='word_1_389' title='bbox 1793 3742 1929 3797; x_wconf 85' lang='grc' dir='ltr'>κατᾶ</span> 
     </span>
    </p>
   </div>
   <div class='ocr_carea' id='block_1_58' title="bbox 271 3821 1917 3905">
    <p class='ocr_par' dir='ltr' id='par_1_58' title="bbox 271 3821 1917 3905">
     <span class='ocr_line' id='line_1_59' title="bbox 271 3821 1917 3905; baseline 0.008 -32"><span class='ocrx_word' id='word_1_390' title='bbox 271 3822 463 3905; x_wconf 76' lang='grc' dir='ltr'>μικρὸν</span> <span class='ocrx_word' id='word_1_391' title='bbox 514 3821 873 3877; x_wconf 73' lang='grc' dir='ltr'>ἐπιλείπουσά</span> <span class='ocrx_word' id='word_1_392' title='bbox 931 3843 990 3877; x_wconf 81' lang='grc' dir='ltr'>τε</span> <span class='ocrx_word' id='word_1_393' title='bbox 1044 3824 1135 3878; x_wconf 77' lang='grc' dir='ltr'>καὶ</span> <span class='ocrx_word' id='word_1_394' title='bbox 1196 3825 1473 3902; x_wconf 75' lang='grc' dir='ltr'>φθίνουσα,</span> <span class='ocrx_word' id='word_1_395' title='bbox 1524 3830 1917 3905; x_wconf 73' lang='grc' dir='ltr'>συμμεταλαμο</span> 
     </span>
    </p>
   </div>
   <div class='ocr_carea' id='block_1_59' title="bbox 271 3904 1921 3991">
    <p class='ocr_par' dir='ltr' id='par_1_59' title="bbox 271 3904 1921 3991">
     <span class='ocr_line' id='line_1_60' title="bbox 271 3904 1921 3991; baseline 0.009 -32"><span class='ocrx_word' id='word_1_396' title='bbox 271 3904 572 3980; x_wconf 68' lang='grc' dir='ltr'>δανομένου</span> <span class='ocrx_word' id='word_1_397' title='bbox 606 3906 664 3963; x_wconf 68' lang='grc' dir='ltr'>δὲ</span> <span class='ocrx_word' id='word_1_398' title='bbox 717 3914 815 3963; x_wconf 80' lang='grc' dir='ltr'>τοῦ</span> <span class='ocrx_word' id='word_1_399' title='bbox 875 3908 1053 3964; x_wconf 81' lang='grc' dir='ltr'>δεινοῦ</span> <span class='ocrx_word' id='word_1_400' title='bbox 1099 3913 1187 3965; x_wconf 80' lang='grc' dir='ltr'>καὶ</span> <span class='ocrx_word' id='word_1_401' title='bbox 1238 3912 1358 3967; x_wconf 77' lang='grc' dir='ltr'>ὅσαι</span> <span class='ocrx_word' id='word_1_402' title='bbox 1408 3916 1579 3991; x_wconf 79' lang='grc' dir='ltr'>ταύτῃ</span> <span class='ocrx_word' id='word_1_403' title='bbox 1636 3920 1921 3990; x_wconf 74' lang='grc' dir='ltr'>παρέκειν-</span> 
     </span>
    </p>
   </div>
   <div class='ocr_carea' id='block_1_60' title="bbox 268 3998 1916 4078">
    <p class='ocr_par' dir='ltr' id='par_1_60' title="bbox 268 3998 1916 4078">
     <span class='ocr_line' id='line_1_61' title="bbox 268 3998 1916 4078; baseline 0.006 -30"><span class='ocrx_word' id='word_1_404' title='bbox 268 4016 346 4061; x_wconf 88' lang='grc' dir='ltr'>το,</span> <span class='ocrx_word' id='word_1_405' title='bbox 379 3998 774 4071; x_wconf 75' lang='grc' dir='ltr'>Μεσοποταμία</span> <span class='ocrx_word' id='word_1_406' title='bbox 819 4020 878 4053; x_wconf 82' lang='grc' dir='ltr'>τε</span> <span class='ocrx_word' id='word_1_407' title='bbox 926 4000 1014 4052; x_wconf 82' lang='grc' dir='ltr'>καὶ</span> <span class='ocrx_word' id='word_1_408' title='bbox 1059 3998 1326 4070; x_wconf 75' lang='grc' dir='ltr'>Χαλδαία,</span> <span class='ocrx_word' id='word_1_409' title='bbox 1358 4004 1495 4078; x_wconf 87' lang='grc' dir='ltr'>πρὸς</span> <span class='ocrx_word' id='word_1_410' title='bbox 1544 4002 1602 4059; x_wconf 72' lang='grc' dir='ltr'>δὲ</span> <span class='ocrx_word' id='word_1_411' title='bbox 1634 4005 1916 4077; x_wconf 85' lang='grc' dir='ltr'>Μελιτηνη</span> 
     </span>
    </p>
   </div>
   <div class='ocr_carea' id='block_1_61' title="bbox 273 4085 1919 4169">
    <p class='ocr_par' dir='ltr' id='par_1_61' title="bbox 273 4085 1919 4169">
     <span class='ocr_line' id='line_1_62' title="bbox 273 4085 1919 4169; baseline 0.007 -31"><span class='ocrx_word' id='word_1_412' title='bbox 273 4086 357 4138; x_wconf 75' lang='grc' dir='ltr'>καὶ</span> <span class='ocrx_word' id='word_1_413' title='bbox 414 4085 705 4142; x_wconf 81' lang='grc' dir='ltr'>Κολώνεια</span> <span class='ocrx_word' id='word_1_414' title='bbox 784 4086 872 4142; x_wconf 82' lang='grc' dir='ltr'>καὶ</span> <span class='ocrx_word' id='word_1_415' title='bbox 952 4088 1018 4142; x_wconf 75' lang='grc' dir='ltr'>τὰ</span> <span class='ocrx_word' id='word_1_416' title='bbox 1093 4094 1172 4161; x_wconf 80' lang='grc' dir='ltr'>τῷ</span> <span class='ocrx_word' id='word_1_417' title='bbox 1256 4091 1511 4169; x_wconf 73' lang='grc' dir='ltr'>Εὐφράτῃ</span> <span class='ocrx_word' id='word_1_418' title='bbox 1595 4094 1919 4168; x_wconf 79' lang='grc' dir='ltr'>συγκείμενα</span> 
     </span>
    </p>
   </div>
   <div class='ocr_carea' id='block_1_62' title="bbox 280 4174 1919 4253">
    <p class='ocr_par' dir='ltr' id='par_1_62' title="bbox 280 4174 1919 4253">
     <span class='ocr_line' id='line_1_63' title="bbox 280 4174 1919 4253; baseline 0.007 -26"><span class='ocrx_word' id='word_1_419' title='bbox 280 4181 531 4247; x_wconf 75' lang='grc' dir='ltr'>ποταμῷ,</span> <span class='ocrx_word' id='word_1_420' title='bbox 564 4174 713 4230; x_wconf 76' lang='grc' dir='ltr'>ἀλλὰ</span> <span class='ocrx_word' id='word_1_421' title='bbox 760 4177 867 4247; x_wconf 77' lang='grc' dir='ltr'>μὴν</span> <span class='ocrx_word' id='word_1_422' title='bbox 913 4177 976 4231; x_wconf 89' lang='grc' dir='ltr'>τό</span> <span class='ocrx_word' id='word_1_423' title='bbox 1018 4199 1078 4231; x_wconf 80' lang='grc' dir='ltr'>τε</span> <span class='ocrx_word' id='word_1_424' title='bbox 1125 4178 1476 4253; x_wconf 86' lang='grc' dir='ltr'>Ἀρμενιακὸν</span> <span class='ocrx_word' id='word_1_425' title='bbox 1532 4179 1622 4236; x_wconf 76' lang='grc' dir='ltr'>καί</span> <span class='ocrx_word' id='word_1_426' title='bbox 1668 4183 1734 4237; x_wconf 80' lang='grc' dir='ltr'>τὰ</span> <span class='ocrx_word' id='word_1_427' title='bbox 1791 4191 1919 4238; x_wconf 77' lang='lat' dir='ltr'>Baia-</span> 
     </span>
    </p>
   </div>
   <div class='ocr_carea' id='block_1_63' title="bbox 272 4264 1918 4342">
    <p class='ocr_par' dir='ltr' id='par_1_63' title="bbox 272 4264 1918 4342">
     <span class='ocr_line' id='line_1_64' title="bbox 272 4264 1918 4342; baseline 0.007 -26"><span class='ocrx_word' id='word_1_428' title='bbox 272 4265 528 4335; x_wconf 71' lang='grc' dir='ltr'>σπρακὰν,</span> <span class='ocrx_word' id='word_1_429' title='bbox 574 4266 664 4318; x_wconf 79' lang='grc' dir='ltr'>καὶ</span> <span class='ocrx_word' id='word_1_430' title='bbox 718 4265 766 4319; x_wconf 77' lang='grc' dir='ltr'>εἷ’</span> <span class='ocrx_word' id='word_1_431' title='bbox 830 4268 904 4337; x_wconf 78' lang='grc' dir='ltr'>μή</span> <span class='ocrx_word' id='word_1_432' title='bbox 953 4264 1227 4329; x_wconf 83' lang='grc' dir='ltr'>πολλάκις</span> <span class='ocrx_word' id='word_1_433' title='bbox 1284 4269 1701 4342; x_wconf 80' lang='grc' dir='ltr'>στρατεύμασιν,</span> <span class='ocrx_word' id='word_1_434' title='bbox 1743 4272 1918 4328; x_wconf 82' lang='grc' dir='ltr'>ἐνίοτε</span> 
     </span>
    </p>
   </div>
   <div class='ocr_carea' id='block_1_64' title="bbox 269 4349 1912 4434">
    <p class='ocr_par' dir='ltr' id='par_1_64' title="bbox 269 4349 1912 4434">
     <span class='ocr_line' id='line_1_65' title="bbox 269 4349 1912 4434; baseline 0.008 -30"><span class='ocrx_word' id='word_1_435' title='bbox 269 4349 323 4404; x_wconf 68' lang='grc' dir='ltr'>δι</span> <span class='ocrx_word' id='word_1_436' title='bbox 350 4353 438 4406; x_wconf 78' lang='grc' dir='ltr'>καὶ</span> <span class='ocrx_word' id='word_1_437' title='bbox 486 4354 702 4428; x_wconf 72' lang='grc' dir='ltr'>φήμαις</span> <span class='ocrx_word' id='word_1_438' title='bbox 754 4352 1281 4427; x_wconf 75' lang='grc' dir='ltr'>μόναιςοδυνάμεων</span> <span class='ocrx_word' id='word_1_439' title='bbox 1344 4358 1656 4434; x_wconf 76' lang='grc' dir='ltr'>ἀνείργοντο</span> <span class='ocrx_word' id='word_1_440' title='bbox 1706 4362 1772 4416; x_wconf 76' lang='grc' dir='ltr'>τὰ</span> <span class='ocrx_word' id='word_1_441' title='bbox 1805 4368 1912 4417; x_wconf 89' lang='grc' dir='ltr'>τῶν</span> 
     </span>
    </p>
   </div>
   <div class='ocr_carea' id='block_1_65' title="bbox 270 4436 1915 4525">
    <p class='ocr_par' dir='ltr' id='par_1_65' title="bbox 270 4436 1915 4525">
     <span class='ocr_line' id='line_1_66' title="bbox 270 4436 1915 4525; baseline 0.007 -30"><span class='ocrx_word' id='word_1_442' title='bbox 270 4436 585 4515; x_wconf 71' lang='grc' dir='ltr'>Βαρϐάρων.</span> <span class='ocrx_word' id='word_1_443' title='bbox 648 4442 744 4495; x_wconf 80' lang='grc' dir='ltr'>Καί</span> <span class='ocrx_word' id='word_1_444' title='bbox 787 4464 931 4507; x_wconf 84' lang='grc' dir='ltr'>τινες</span> <span class='ocrx_word' id='word_1_445' title='bbox 1002 4444 1246 4520; x_wconf 83' lang='grc' dir='ltr'>ἀρχηγοὶ</span> <span class='ocrx_word' id='word_1_446' title='bbox 1301 4448 1529 4517; x_wconf 81' lang='grc' dir='ltr'>τούτων,</span> <span class='ocrx_word' id='word_1_447' title='bbox 1589 4451 1915 4525; x_wconf 84' lang='grc' dir='ltr'>Χωροσαλά-</span> 
     </span>
    </p>
   </div>
   <div class='ocr_carea' id='block_1_66' title="bbox 2036 1866 3686 1943">
    <p class='ocr_par' dir='ltr' id='par_1_66' title="bbox 2036 1866 3686 1943">
     <span class='ocr_line' id='line_1_67' title="bbox 2036 1866 3686 1943; baseline -0.009 -11"><span class='ocrx_word' id='word_1_448' title='bbox 2036 1894 2167 1932; x_wconf 91' lang='lat' dir='ltr'>cum</span> <span class='ocrx_word' id='word_1_449' title='bbox 2222 1880 2375 1931; x_wconf 84' lang='lat' dir='ltr'>esset</span> <span class='ocrx_word' id='word_1_450' title='bbox 2422 1879 2485 1927; x_wconf 91' lang='lat' dir='ltr'>ut</span> <span class='ocrx_word' id='word_1_451' title='bbox 2544 1874 2590 1927; x_wconf 90' lang='lat' dir='ltr'>si</span> <span class='ocrx_word' id='word_1_452' title='bbox 2648 1872 2781 1943; x_wconf 89' lang='lat' dir='ltr'>quis</span> <span class='ocrx_word' id='word_1_453' title='bbox 2830 1870 3003 1937; x_wconf 89' lang='lat' dir='ltr'>alius,</span> <span class='ocrx_word' id='word_1_454' title='bbox 3052 1874 3109 1923; x_wconf 91' lang='lat' dir='ltr'>et</span> <span class='ocrx_word' id='word_1_455' title='bbox 3160 1866 3579 1921; x_wconf 88' lang='lat' dir='ltr'>monachorum</span> <span class='ocrx_word' id='word_1_456' title='bbox 3629 1867 3686 1918; x_wconf 89' lang='lat' dir='ltr'>et</span> 
     </span>
    </p>
   </div>
   <div class='ocr_carea' id='block_1_67' title="bbox 2034 1952 3680 2038">
    <p class='ocr_par' dir='ltr' id='par_1_67' title="bbox 2034 1952 3680 2038">
     <span class='ocr_line' id='line_1_68' title="bbox 2034 1952 3680 2038; baseline -0.009 -18"><span class='ocrx_word' id='word_1_457' title='bbox 2034 1982 2355 2038; x_wconf 88' lang='lat' dir='ltr'>pauperum</span> <span class='ocrx_word' id='word_1_458' title='bbox 2419 1962 2745 2023; x_wconf 83' lang='lat' dir='ltr'>studiosus,</span> <span class='ocrx_word' id='word_1_459' title='bbox 2806 1968 2859 2012; x_wconf 87' lang='lat' dir='ltr'>et</span> <span class='ocrx_word' id='word_1_460' title='bbox 2916 1959 2973 2012; x_wconf 88' lang='lat' dir='ltr'>in</span> <span class='ocrx_word' id='word_1_461' title='bbox 3026 1958 3097 2011; x_wconf 90' lang='lat' dir='ltr'>iis</span> <span class='ocrx_word' id='word_1_462' title='bbox 3149 1973 3276 2026; x_wconf 64' lang='lat' dir='ltr'>quae</span> <span class='ocrx_word' id='word_1_463' title='bbox 3336 1955 3404 2007; x_wconf 87' lang='lat' dir='ltr'>ad</span> <span class='ocrx_word' id='word_1_464' title='bbox 3455 1952 3680 2006; x_wconf 90' lang='lat' dir='ltr'>cultum</span> 
     </span>
    </p>
   </div>
   <div class='ocr_carea' id='block_1_68' title="bbox 2032 2040 3681 2124">
    <p class='ocr_par' dir='ltr' id='par_1_68' title="bbox 2032 2040 3681 2124">
     <span class='ocr_line' id='line_1_69' title="bbox 2032 2040 3681 2124; baseline -0.009 -15"><span class='ocrx_word' id='word_1_465' title='bbox 2032 2053 2291 2124; x_wconf 88' lang='lat' dir='ltr'>corporis</span> <span class='ocrx_word' id='word_1_466' title='bbox 2340 2050 2629 2123; x_wconf 87' lang='lat' dir='ltr'>pertinent</span> <span class='ocrx_word' id='word_1_467' title='bbox 2685 2066 2797 2103; x_wconf 88' lang='lat' dir='ltr'>non</span> <span class='ocrx_word' id='word_1_468' title='bbox 2862 2047 3178 2101; x_wconf 88' lang='lat' dir='ltr'>admodum</span> <span class='ocrx_word' id='word_1_469' title='bbox 3230 2047 3572 2113; x_wconf 89' lang='lat' dir='ltr'>occupatus,</span> <span class='ocrx_word' id='word_1_470' title='bbox 3624 2040 3681 2095; x_wconf 91' lang='lat' dir='ltr'>in</span> 
     </span>
    </p>
   </div>
   <div class='ocr_carea' id='block_1_69' title="bbox 2030 2130 3683 2212">
    <p class='ocr_par' dir='ltr' id='par_1_69' title="bbox 2030 2130 3683 2212">
     <span class='ocr_line' id='line_1_70' title="bbox 2030 2130 3683 2212; baseline -0.008 -15"><span class='ocrx_word' id='word_1_471' title='bbox 2030 2144 2162 2197; x_wconf 88' lang='lat' dir='ltr'>aliis</span> <span class='ocrx_word' id='word_1_472' title='bbox 2193 2158 2424 2212; x_wconf 89' lang='lat' dir='ltr'>quoque</span> <span class='ocrx_word' id='word_1_473' title='bbox 2457 2141 2633 2194; x_wconf 83' lang='lat' dir='ltr'>hebes</span> <span class='ocrx_word' id='word_1_474' title='bbox 2666 2155 2731 2192; x_wconf 89' lang='lat' dir='ltr'>ac</span> <span class='ocrx_word' id='word_1_475' title='bbox 2779 2136 2978 2207; x_wconf 79' lang='lat' dir='ltr'>segnis</span> <span class='ocrx_word' id='word_1_476' title='bbox 3008 2140 3134 2188; x_wconf 82' lang='lat' dir='ltr'>erat</span> <span class='ocrx_word' id='word_1_477' title='bbox 3169 2151 3180 2187; x_wconf 87' lang='lat'><strong>:</strong></span> <span class='ocrx_word' id='word_1_478' title='bbox 3218 2137 3277 2187; x_wconf 89' lang='lat' dir='ltr'>at</span> <span class='ocrx_word' id='word_1_479' title='bbox 3308 2133 3366 2185; x_wconf 92' lang='lat' dir='ltr'>in</span> <span class='ocrx_word' id='word_1_480' title='bbox 3396 2130 3683 2201; x_wconf 79' lang='lat' dir='ltr'>augendis</span> 
     </span>
    </p>
   </div>
   <div class='ocr_carea' id='block_1_70' title="bbox 2031 2219 3680 2303">
    <p class='ocr_par' dir='ltr' id='par_1_70' title="bbox 2031 2219 3680 2303">
     <span class='ocr_line' id='line_1_71' title="bbox 2031 2219 3680 2303; baseline -0.008 -17"><span class='ocrx_word' id='word_1_481' title='bbox 2031 2231 2282 2303; x_wconf 88' lang='lat' dir='ltr'>publicis</span> <span class='ocrx_word' id='word_1_482' title='bbox 2316 2230 2575 2302; x_wconf 79' lang='lat' dir='ltr'>pecuniis</span> <span class='ocrx_word' id='word_1_483' title='bbox 2601 2228 2919 2281; x_wconf 88' lang='lat' dir='ltr'>admodum</span> <span class='ocrx_word' id='word_1_484' title='bbox 2946 2240 3153 2295; x_wconf 86' lang='lat' dir='ltr'>parcus</span> <span class='ocrx_word' id='word_1_485' title='bbox 3175 2226 3229 2275; x_wconf 92' lang='lat' dir='ltr'>et</span> <span class='ocrx_word' id='word_1_486' title='bbox 3260 2219 3466 2275; x_wconf 89' lang='lat' dir='ltr'>civilis.</span> <span class='ocrx_word' id='word_1_487' title='bbox 3492 2220 3680 2273; x_wconf 91' lang='lat' dir='ltr'>Nimis</span> 
     </span>
    </p>
   </div>
   <div class='ocr_carea' id='block_1_71' title="bbox 2031 2310 3681 2391">
    <p class='ocr_par' dir='ltr' id='par_1_71' title="bbox 2031 2310 3681 2391">
     <span class='ocr_line' id='line_1_72' title="bbox 2031 2310 3681 2391; baseline -0.01 -16"><span class='ocrx_word' id='word_1_488' title='bbox 2031 2322 2141 2375; x_wconf 89' lang='lat' dir='ltr'>sibi</span> <span class='ocrx_word' id='word_1_489' title='bbox 2175 2320 2482 2391; x_wconf 85' lang='lat' dir='ltr'>arrogabat</span> <span class='ocrx_word' id='word_1_490' title='bbox 2529 2319 2583 2370; x_wconf 95' lang='lat' dir='ltr'>in</span> <span class='ocrx_word' id='word_1_491' title='bbox 2631 2316 2896 2385; x_wconf 88' lang='lat' dir='ltr'>judiciis,</span> <span class='ocrx_word' id='word_1_492' title='bbox 2929 2318 2985 2366; x_wconf 90' lang='lat' dir='ltr'>et</span> <span class='ocrx_word' id='word_1_493' title='bbox 3034 2329 3099 2365; x_wconf 87' lang='lat' dir='ltr'>ea</span> <span class='ocrx_word' id='word_1_494' title='bbox 3147 2310 3395 2364; x_wconf 86' lang='lat' dir='ltr'>subinde</span> <span class='ocrx_word' id='word_1_495' title='bbox 3446 2311 3681 2378; x_wconf 84' lang='lat' dir='ltr'>propter</span> 
     </span>
    </p>
   </div>
   <div class='ocr_carea' id='block_1_72' title="bbox 2032 2402 3680 2480">
    <p class='ocr_par' dir='ltr' id='par_1_72' title="bbox 2032 2402 3680 2480">
     <span class='ocr_line' id='line_1_73' title="bbox 2032 2402 3680 2480; baseline -0.01 -16"><span class='ocrx_word' id='word_1_496' title='bbox 2032 2424 2407 2480; x_wconf 86' lang='lat' dir='ltr'>personarum</span> <span class='ocrx_word' id='word_1_497' title='bbox 2441 2404 2782 2477; x_wconf 85' lang='lat' dir='ltr'>qualitatem</span> <span class='ocrx_word' id='word_1_498' title='bbox 2812 2402 3097 2465; x_wconf 89' lang='lat' dir='ltr'>mutabat,</span> <span class='ocrx_word' id='word_1_499' title='bbox 3132 2415 3362 2470; x_wconf 87' lang='lat' dir='ltr'>gravem</span> <span class='ocrx_word' id='word_1_500' title='bbox 3389 2414 3451 2451; x_wconf 89' lang='lat' dir='ltr'>se</span> <span class='ocrx_word' id='word_1_501' title='bbox 3483 2403 3680 2466; x_wconf 83' lang='lat' dir='ltr'>poten-</span> 
     </span>
    </p>
   </div>
   <div class='ocr_carea' id='block_1_73' title="bbox 2032 2488 3680 2562">
    <p class='ocr_par' dir='ltr' id='par_1_73' title="bbox 2032 2488 3680 2562">
     <span class='ocr_line' id='line_1_74' title="bbox 2032 2488 3680 2562; baseline -0.01 -10"><span class='ocrx_word' id='word_1_502' title='bbox 2032 2499 2190 2552; x_wconf 88' lang='lat' dir='ltr'>tibus</span> <span class='ocrx_word' id='word_1_503' title='bbox 2250 2497 2588 2561; x_wconf 87' lang='lat' dir='ltr'>ostendens,</span> <span class='ocrx_word' id='word_1_504' title='bbox 2648 2501 2701 2547; x_wconf 89' lang='lat' dir='ltr'>et</span> <span class='ocrx_word' id='word_1_505' title='bbox 2759 2490 3045 2562; x_wconf 87' lang='lat' dir='ltr'>ejusmodi</span> <span class='ocrx_word' id='word_1_506' title='bbox 3109 2488 3200 2541; x_wconf 91' lang='lat' dir='ltr'>cui</span> <span class='ocrx_word' id='word_1_507' title='bbox 3264 2504 3376 2541; x_wconf 91' lang='lat' dir='ltr'>non</span> <span class='ocrx_word' id='word_1_508' title='bbox 3438 2488 3680 2555; x_wconf 83' lang='lat' dir='ltr'>possent</span> 
     </span>
    </p>
   </div>
   <div class='ocr_carea' id='block_1_74' title="bbox 2032 2575 3680 2641">
    <p class='ocr_par' dir='ltr' id='par_1_74' title="bbox 2032 2575 3680 2641">
     <span class='ocr_line' id='line_1_75' title="bbox 2032 2575 3680 2641; baseline -0.009 -1"><span class='ocrx_word' id='word_1_509' title='bbox 2032 2586 2319 2641; x_wconf 85' lang='lat' dir='ltr'>resistere.</span> <span class='ocrx_word' id='word_1_510' title='bbox 2354 2589 2494 2638; x_wconf 87' lang='lat' dir='ltr'>Cum</span> <span class='ocrx_word' id='word_1_511' title='bbox 2528 2584 2600 2636; x_wconf 88' lang='lat' dir='ltr'>iis</span> <span class='ocrx_word' id='word_1_512' title='bbox 2641 2584 2815 2636; x_wconf 86' lang='lat' dir='ltr'>rebus</span> <span class='ocrx_word' id='word_1_513' title='bbox 2864 2578 2958 2632; x_wconf 90' lang='lat' dir='ltr'>ille</span> <span class='ocrx_word' id='word_1_514' title='bbox 2992 2583 3149 2632; x_wconf 89' lang='lat' dir='ltr'>totus</span> <span class='ocrx_word' id='word_1_515' title='bbox 3198 2575 3584 2641; x_wconf 86' lang='lat' dir='ltr'>incumberet,</span> <span class='ocrx_word' id='word_1_516' title='bbox 3620 2587 3680 2625; x_wconf 92' lang='lat' dir='ltr'><strong>re</strong></span> 
     </span>
    </p>
   </div>
   <div class='ocr_carea' id='block_1_75' title="bbox 2032 2663 3679 2742">
    <p class='ocr_par' dir='ltr' id='par_1_75' title="bbox 2032 2663 3679 2742">
     <span class='ocr_line' id='line_1_76' title="bbox 2032 2663 3679 2742; baseline -0.009 -14"><span class='ocrx_word' id='word_1_517' title='bbox 2032 2676 2271 2729; x_wconf 85' lang='lat' dir='ltr'>militari</span> <span class='ocrx_word' id='word_1_518' title='bbox 2305 2674 2588 2742; x_wconf 73' lang='lat' dir='ltr'>neglecta,</span> <span class='ocrx_word' id='word_1_519' title='bbox 2624 2689 2689 2725; x_wconf 89' lang='lat' dir='ltr'>ac</span> <span class='ocrx_word' id='word_1_520' title='bbox 2736 2668 2981 2724; x_wconf 89' lang='lat' dir='ltr'>nimium</span> <span class='ocrx_word' id='word_1_521' title='bbox 3018 2682 3080 2721; x_wconf 89' lang='lat' dir='ltr'>se</span> <span class='ocrx_word' id='word_1_522' title='bbox 3127 2665 3243 2720; x_wconf 78' lang='lat' dir='ltr'>otio</span> <span class='ocrx_word' id='word_1_523' title='bbox 3276 2663 3553 2727; x_wconf 88' lang='lat' dir='ltr'>dedisset,</span> <span class='ocrx_word' id='word_1_524' title='bbox 3586 2676 3679 2715; x_wconf 89' lang='lat' dir='ltr'>res</span> 
     </span>
    </p>
   </div>
   <div class='ocr_carea' id='block_1_76' title="bbox 2031 2750 3678 2833">
    <p class='ocr_par' dir='ltr' id='par_1_76' title="bbox 2031 2750 3678 2833">
     <span class='ocr_line' id='line_1_77' title="bbox 2031 2750 3678 2833; baseline -0.01 -15"><span class='ocrx_word' id='word_1_525' title='bbox 2031 2764 2303 2829; x_wconf 91' lang='lat' dir='ltr'>Orientis,</span> <span class='ocrx_word' id='word_1_526' title='bbox 2340 2762 2628 2833; x_wconf 59' lang='lat' dir='ltr'>praeipue</span> <span class='ocrx_word' id='word_1_527' title='bbox 2660 2761 2783 2813; x_wconf 92' lang='lat' dir='ltr'>loca</span> <span class='ocrx_word' id='word_1_528' title='bbox 2814 2759 2871 2811; x_wconf 90' lang='lat' dir='ltr'>in</span> <span class='ocrx_word' id='word_1_529' title='bbox 2906 2756 3122 2810; x_wconf 81' lang='lat' dir='ltr'>finibus</span> <span class='ocrx_word' id='word_1_530' title='bbox 3153 2759 3572 2812; x_wconf 81' lang='lat' dir='ltr'>Romanorum,</span> <span class='ocrx_word' id='word_1_531' title='bbox 3607 2750 3678 2803; x_wconf 91' lang='lat' dir='ltr'>ab</span> 
     </span>
    </p>
   </div>
   <div class='ocr_carea' id='block_1_77' title="bbox 2032 2839 3682 2922">
    <p class='ocr_par' dir='ltr' id='par_1_77' title="bbox 2032 2839 3682 2922">
     <span class='ocr_line' id='line_1_78' title="bbox 2032 2839 3682 2922; baseline -0.009 -16"><span class='ocrx_word' id='word_1_532' title='bbox 2032 2852 2302 2906; x_wconf 88' lang='lat' dir='ltr'>hostibus</span> <span class='ocrx_word' id='word_1_533' title='bbox 2333 2851 2424 2922; x_wconf 89' lang='lat' dir='ltr'>agi</span> <span class='ocrx_word' id='word_1_534' title='bbox 2498 2849 2631 2904; x_wconf 84' lang='lat' dir='ltr'>ferri</span> <span class='ocrx_word' id='word_1_535' title='bbox 2687 2865 2752 2902; x_wconf 86' lang='lat' dir='ltr'>ac</span> <span class='ocrx_word' id='word_1_536' title='bbox 2785 2846 2980 2916; x_wconf 89' lang='lat' dir='ltr'>diripi,</span> <span class='ocrx_word' id='word_1_537' title='bbox 3034 2851 3089 2899; x_wconf 91' lang='lat' dir='ltr'>et</span> <span class='ocrx_word' id='word_1_538' title='bbox 3128 2843 3329 2899; x_wconf 90' lang='lat' dir='ltr'>omnia</span> <span class='ocrx_word' id='word_1_539' title='bbox 3376 2839 3589 2895; x_wconf 85' lang='lat' dir='ltr'>vastari</span> <span class='ocrx_word' id='word_1_540' title='bbox 3623 2843 3682 2892; x_wconf 89' lang='lat' dir='ltr'>et</span> 
     </span>
    </p>
   </div>
   <div class='ocr_carea' id='block_1_78' title="bbox 2032 2928 3685 3001">
    <p class='ocr_par' dir='ltr' id='par_1_78' title="bbox 2032 2928 3685 3001">
     <span class='ocr_line' id='line_1_79' title="bbox 2032 2928 3685 3001; baseline -0.009 -6"><span class='ocrx_word' id='word_1_541' title='bbox 2032 2942 2186 2997; x_wconf 74' lang='lat'>653</span> <span class='ocrx_word' id='word_1_542' title='bbox 2226 2942 2548 2995; x_wconf 91' lang='lat' dir='ltr'>Turcorum</span> <span class='ocrx_word' id='word_1_543' title='bbox 2602 2935 3041 2991; x_wconf 84' lang='lat' dir='ltr'>excursionibus</span> <span class='ocrx_word' id='word_1_544' title='bbox 3086 2939 3143 2988; x_wconf 91' lang='lat' dir='ltr'>et</span> <span class='ocrx_word' id='word_1_545' title='bbox 3191 2928 3569 3001; x_wconf 86' lang='lat' dir='ltr'>oppressione</span> <span class='ocrx_word' id='word_1_546' title='bbox 3618 2943 3685 2981; x_wconf 87' lang='lat' dir='ltr'>ac</span> 
     </span>
    </p>
   </div>
   <div class='ocr_carea' id='block_1_79' title="bbox 2032 3018 3686 3097">
    <p class='ocr_par' dir='ltr' id='par_1_79' title="bbox 2032 3018 3686 3097">
     <span class='ocr_line' id='line_1_80' title="bbox 2032 3018 3686 3097; baseline -0.009 -13"><span class='ocrx_word' id='word_1_547' title='bbox 2032 3030 2285 3084; x_wconf 86' lang='lat' dir='ltr'>violenta</span> <span class='ocrx_word' id='word_1_548' title='bbox 2319 3030 2459 3097; x_wconf 79' lang='lat' dir='ltr'>l&#39;uga</span> <span class='ocrx_word' id='word_1_549' title='bbox 2495 3033 2549 3080; x_wconf 91' lang='lat' dir='ltr'>et</span> <span class='ocrx_word' id='word_1_550' title='bbox 2568 3033 2785 3079; x_wconf 87' lang='lat' dir='ltr'>terrore</span> <span class='ocrx_word' id='word_1_551' title='bbox 2809 3023 3201 3093; x_wconf 86' lang='lat' dir='ltr'>neglectorum</span> <span class='ocrx_word' id='word_1_552' title='bbox 3231 3018 3486 3073; x_wconf 89' lang='lat' dir='ltr'>militum</span> <span class='ocrx_word' id='word_1_553' title='bbox 3511 3033 3522 3071; x_wconf 74' lang='grc' dir='ltr'>ε</span> <span class='ocrx_word' id='word_1_554' title='bbox 3548 3032 3686 3070; x_wconf 89' lang='lat' dir='ltr'>con-</span> 
     </span>
    </p>
   </div>
   <div class='ocr_carea' id='block_1_80' title="bbox 2033 3106 3681 3172">
    <p class='ocr_par' dir='ltr' id='par_1_80' title="bbox 2033 3106 3681 3172">
     <span class='ocr_line' id='line_1_81' title="bbox 2033 3106 3681 3172; baseline -0.008 0"><span class='ocrx_word' id='word_1_555' title='bbox 2033 3119 2286 3172; x_wconf 89' lang='lat' dir='ltr'>tinentes</span> <span class='ocrx_word' id='word_1_556' title='bbox 2332 3117 2487 3171; x_wconf 91' lang='lat' dir='ltr'>enim</span> <span class='ocrx_word' id='word_1_557' title='bbox 2542 3116 2756 3169; x_wconf 87' lang='lat' dir='ltr'>ﬁebant</span> <span class='ocrx_word' id='word_1_558' title='bbox 2814 3111 3197 3171; x_wconf 85' lang='lat' dir='ltr'>incursiones.</span> <span class='ocrx_word' id='word_1_559' title='bbox 3260 3108 3474 3162; x_wconf 58' lang='lat' dir='ltr'>crebrae</span> <span class='ocrx_word' id='word_1_560' title='bbox 3523 3106 3681 3159; x_wconf 89' lang='lat' dir='ltr'>dire-</span> 
     </span>
    </p>
   </div>
   <div class='ocr_carea' id='block_1_81' title="bbox 2036 3195 3683 3279">
    <p class='ocr_par' dir='ltr' id='par_1_81' title="bbox 2036 3195 3683 3279">
     <span class='ocr_line' id='line_1_82' title="bbox 2036 3195 3683 3279; baseline -0.01 -17"><span class='ocrx_word' id='word_1_561' title='bbox 2036 3207 2263 3279; x_wconf 75' lang='lat' dir='ltr'>ptiones</span> <span class='ocrx_word' id='word_1_562' title='bbox 2296 3211 2351 3259; x_wconf 91' lang='lat' dir='ltr'>et</span> <span class='ocrx_word' id='word_1_563' title='bbox 2383 3219 2745 3275; x_wconf 68' lang='lat' dir='ltr'>quaecunque</span> <span class='ocrx_word' id='word_1_564' title='bbox 2776 3200 3163 3255; x_wconf 87' lang='lat' dir='ltr'>occurrebant</span> <span class='ocrx_word' id='word_1_565' title='bbox 3196 3195 3489 3259; x_wconf 90' lang='lat' dir='ltr'>hostibus,</span> <span class='ocrx_word' id='word_1_566' title='bbox 3525 3209 3683 3246; x_wconf 90' lang='lat' dir='ltr'>ever-</span> 
     </span>
    </p>
   </div>
   <div class='ocr_carea' id='block_1_82' title="bbox 2035 3282 3681 3355">
    <p class='ocr_par' dir='ltr' id='par_1_82' title="bbox 2035 3282 3681 3355">
     <span class='ocr_line' id='line_1_83' title="bbox 2035 3282 3681 3355; baseline -0.01 -6"><span class='ocrx_word' id='word_1_567' title='bbox 2035 3298 2329 3352; x_wconf 89' lang='lat' dir='ltr'>tebantur.</span> <span class='ocrx_word' id='word_1_568' title='bbox 2362 3300 2418 3348; x_wconf 91' lang='lat' dir='ltr'>et</span> <span class='ocrx_word' id='word_1_569' title='bbox 2461 3293 2677 3347; x_wconf 89' lang='lat' dir='ltr'>idcirco</span> <span class='ocrx_word' id='word_1_570' title='bbox 2728 3290 2861 3344; x_wconf 82' lang='lat' dir='ltr'>felix</span> <span class='ocrx_word' id='word_1_571' title='bbox 2894 3288 3088 3341; x_wconf 62' lang='lat' dir='ltr'>Iberia;</span> <span class='ocrx_word' id='word_1_572' title='bbox 3123 3285 3280 3355; x_wconf 76' lang='lat' dir='ltr'>regio</span> <span class='ocrx_word' id='word_1_573' title='bbox 3312 3282 3548 3337; x_wconf 89' lang='lat' dir='ltr'>omnino</span> <span class='ocrx_word' id='word_1_574' title='bbox 3581 3282 3681 3333; x_wconf 80' lang='lat' dir='ltr'>de-</span> 
     </span>
    </p>
   </div>
   <div class='ocr_carea' id='block_1_83' title="bbox 2034 3371 3683 3451">
    <p class='ocr_par' dir='ltr' id='par_1_83' title="bbox 2034 3371 3683 3451">
     <span class='ocr_line' id='line_1_84' title="bbox 2034 3371 3683 3451; baseline -0.012 -11"><span class='ocrx_word' id='word_1_575' title='bbox 2034 3385 2219 3441; x_wconf 86' lang='lat' dir='ltr'>solata</span> <span class='ocrx_word' id='word_1_576' title='bbox 2269 3384 2377 3437; x_wconf 78' lang='lat' dir='ltr'>fuit</span> <span class='ocrx_word' id='word_1_577' title='bbox 2432 3388 2490 3437; x_wconf 87' lang='lat' dir='ltr'>et</span> <span class='ocrx_word' id='word_1_578' title='bbox 2539 3395 2778 3451; x_wconf 89' lang='lat' dir='ltr'>prorsus</span> <span class='ocrx_word' id='word_1_579' title='bbox 2827 3377 3036 3439; x_wconf 88' lang='lat' dir='ltr'>deleta,</span> <span class='ocrx_word' id='word_1_580' title='bbox 3069 3375 3195 3443; x_wconf 89' lang='lat' dir='ltr'>jam</span> <span class='ocrx_word' id='word_1_581' title='bbox 3246 3376 3380 3426; x_wconf 89' lang='lat' dir='ltr'>ante</span> <span class='ocrx_word' id='word_1_582' title='bbox 3423 3371 3683 3423; x_wconf 73' lang='lat' dir='ltr'>confecta</span> 
     </span>
    </p>
   </div>
   <div class='ocr_carea' id='block_1_84' title="bbox 2034 3461 3681 3539">
    <p class='ocr_par' dir='ltr' id='par_1_84' title="bbox 2034 3461 3681 3539">
     <span class='ocr_line' id='line_1_85' title="bbox 2034 3461 3681 3539; baseline -0.011 -10"><span class='ocrx_word' id='word_1_583' title='bbox 2034 3480 2091 3529; x_wconf 88' lang='lat' dir='ltr'>et</span> <span class='ocrx_word' id='word_1_584' title='bbox 2120 3472 2450 3539; x_wconf 89' lang='lat' dir='ltr'>imbecillis,</span> <span class='ocrx_word' id='word_1_585' title='bbox 2484 3488 2548 3525; x_wconf 89' lang='lat' dir='ltr'>ac</span> <span class='ocrx_word' id='word_1_586' title='bbox 2582 3469 2802 3524; x_wconf 87' lang='lat' dir='ltr'>sensim</span> <span class='ocrx_word' id='word_1_587' title='bbox 2828 3467 3060 3520; x_wconf 82' lang='lat' dir='ltr'>deserta</span> <span class='ocrx_word' id='word_1_588' title='bbox 3088 3471 3144 3517; x_wconf 91' lang='lat' dir='ltr'>et</span> <span class='ocrx_word' id='word_1_589' title='bbox 3176 3464 3470 3531; x_wconf 87' lang='lat' dir='ltr'>corrupta.</span> <span class='ocrx_word' id='word_1_590' title='bbox 3495 3461 3681 3527; x_wconf 88' lang='lat' dir='ltr'>Atque</span> 
     </span>
    </p>
   </div>
   <div class='ocr_carea' id='block_1_85' title="bbox 2035 3545 3680 3633">
    <p class='ocr_par' dir='ltr' id='par_1_85' title="bbox 2035 3545 3680 3633">
     <span class='ocr_line' id='line_1_86' title="bbox 2035 3545 3680 3633; baseline -0.013 -15"><span class='ocrx_word' id='word_1_591' title='bbox 2035 3564 2212 3633; x_wconf 87' lang='lat' dir='ltr'>hujus</span> <span class='ocrx_word' id='word_1_592' title='bbox 2247 3562 2380 3616; x_wconf 92' lang='lat' dir='ltr'>mali</span> <span class='ocrx_word' id='word_1_593' title='bbox 2415 3559 2727 3631; x_wconf 89' lang='lat' dir='ltr'>participes</span> <span class='ocrx_word' id='word_1_594' title='bbox 2779 3560 2942 3611; x_wconf 87' lang='lat' dir='ltr'>erant</span> <span class='ocrx_word' id='word_1_595' title='bbox 2972 3549 3392 3621; x_wconf 87' lang='lat' dir='ltr'>Mesopotamia</span> <span class='ocrx_word' id='word_1_596' title='bbox 3422 3551 3477 3600; x_wconf 92' lang='lat' dir='ltr'>et</span> <span class='ocrx_word' id='word_1_597' title='bbox 3506 3545 3680 3633; x_wconf 48' lang='lat' dir='ltr'>Chalf</span> 
     </span>
    </p>
   </div>
   <div class='ocr_carea' id='block_1_86' title="bbox 2032 3632 3681 3719">
    <p class='ocr_par' dir='ltr' id='par_1_86' title="bbox 2032 3632 3681 3719">
     <span class='ocr_line' id='line_1_87' title="bbox 2032 3632 3681 3719; baseline -0.013 -12"><span class='ocrx_word' id='word_1_598' title='bbox 2032 3632 2155 3707; x_wconf 71' lang='lat' dir='ltr'>dies</span> <span class='ocrx_word' id='word_1_599' title='bbox 2212 3656 2269 3705; x_wconf 91' lang='lat' dir='ltr'>et</span> <span class='ocrx_word' id='word_1_600' title='bbox 2319 3651 2561 3719; x_wconf 90' lang='lat' dir='ltr'>insuper</span> <span class='ocrx_word' id='word_1_601' title='bbox 2609 3646 2878 3701; x_wconf 84' lang='lat' dir='ltr'>Mclitene</span> <span class='ocrx_word' id='word_1_602' title='bbox 2927 3649 2984 3696; x_wconf 91' lang='lat' dir='ltr'>et</span> <span class='ocrx_word' id='word_1_603' title='bbox 3035 3640 3273 3697; x_wconf 83' lang='lat' dir='ltr'>Colonia</span> <span class='ocrx_word' id='word_1_604' title='bbox 3322 3642 3379 3690; x_wconf 91' lang='lat' dir='ltr'>et</span> <span class='ocrx_word' id='word_1_605' title='bbox 3426 3635 3553 3689; x_wconf 87' lang='lat' dir='ltr'>loca</span> <span class='ocrx_word' id='word_1_606' title='bbox 3610 3632 3681 3687; x_wconf 89' lang='lat' dir='ltr'>ad</span> 
     </span>
    </p>
   </div>
   <div class='ocr_carea' id='block_1_87' title="bbox 2033 3722 3683 3809">
    <p class='ocr_par' dir='ltr' id='par_1_87' title="bbox 2033 3722 3683 3809">
     <span class='ocr_line' id='line_1_88' title="bbox 2033 3722 3683 3809; baseline -0.013 -14"><span class='ocrx_word' id='word_1_607' title='bbox 2033 3741 2272 3795; x_wconf 90' lang='lat' dir='ltr'>ﬂuvium</span> <span class='ocrx_word' id='word_1_608' title='bbox 2321 3738 2675 3809; x_wconf 89' lang='lat' dir='ltr'>Euphratem</span> <span class='ocrx_word' id='word_1_609' title='bbox 2726 3736 2861 3802; x_wconf 89' lang='lat' dir='ltr'>sita,</span> <span class='ocrx_word' id='word_1_610' title='bbox 2895 3731 3035 3803; x_wconf 90' lang='lat' dir='ltr'>quin</span> <span class='ocrx_word' id='word_1_611' title='bbox 3090 3729 3267 3783; x_wconf 90' lang='lat' dir='ltr'>etiam</span> <span class='ocrx_word' id='word_1_612' title='bbox 3316 3722 3593 3779; x_wconf 86' lang='lat' dir='ltr'>Armenia</span> <span class='ocrx_word' id='word_1_613' title='bbox 3624 3725 3683 3776; x_wconf 92' lang='lat' dir='ltr'>et</span> 
     </span>
    </p>
   </div>
   <div class='ocr_carea' id='block_1_88' title="bbox 2032 3812 3679 3899">
    <p class='ocr_par' dir='ltr' id='par_1_88' title="bbox 2032 3812 3679 3899">
     <span class='ocr_line' id='line_1_89' title="bbox 2032 3812 3679 3899; baseline -0.014 -13"><span class='ocrx_word' id='word_1_614' title='bbox 2032 3827 2479 3899; x_wconf 86' lang='lat' dir='ltr'>Baaspracania.</span> <span class='ocrx_word' id='word_1_615' title='bbox 2512 3829 2589 3879; x_wconf 87' lang='lat' dir='ltr'>Ac</span> <span class='ocrx_word' id='word_1_616' title='bbox 2639 3825 2748 3878; x_wconf 90' lang='lat' dir='ltr'>nisi</span> <span class='ocrx_word' id='word_1_617' title='bbox 2799 3838 2948 3891; x_wconf 64' lang='lat' dir='ltr'>sepe</span> <span class='ocrx_word' id='word_1_618' title='bbox 2994 3817 3246 3874; x_wconf 84' lang='lat' dir='ltr'>exercitu</span> <span class='ocrx_word' id='word_1_619' title='bbox 3297 3819 3353 3868; x_wconf 92' lang='lat' dir='ltr'>et</span> <span class='ocrx_word' id='word_1_620' title='bbox 3382 3812 3679 3867; x_wconf 87' lang='lat' dir='ltr'>interdum</span> 
     </span>
    </p>
   </div>
   <div class='ocr_carea' id='block_1_89' title="bbox 2030 3901 3683 3987">
    <p class='ocr_par' dir='ltr' id='par_1_89' title="bbox 2030 3901 3683 3987">
     <span class='ocr_line' id='line_1_90' title="bbox 2030 3901 3683 3987; baseline -0.013 -15"><span class='ocrx_word' id='word_1_621' title='bbox 2030 3920 2155 3974; x_wconf 89' lang='lat' dir='ltr'>sola</span> <span class='ocrx_word' id='word_1_622' title='bbox 2186 3920 2336 3972; x_wconf 86' lang='lat' dir='ltr'>fama</span> <span class='ocrx_word' id='word_1_623' title='bbox 2376 3916 2672 3987; x_wconf 82' lang='lat' dir='ltr'>cOpiarum</span> <span class='ocrx_word' id='word_1_624' title='bbox 2706 3910 3021 3980; x_wconf 71' lang='lat' dir='ltr'>compress‘</span> <span class='ocrx_word' id='word_1_625' title='bbox 3061 3908 3310 3961; x_wconf 87' lang='lat' dir='ltr'>fuissent</span> <span class='ocrx_word' id='word_1_626' title='bbox 3340 3901 3602 3962; x_wconf 86' lang='lat' dir='ltr'>Barbari,</span> <span class='ocrx_word' id='word_1_627' title='bbox 3627 3903 3683 3953; x_wconf 87' lang='lat' dir='ltr'>et</span> 
     </span>
    </p>
   </div>
   <div class='ocr_carea' id='block_1_90' title="bbox 2030 3987 3676 4077">
    <p class='ocr_par' dir='ltr' id='par_1_90' title="bbox 2030 3987 3676 4077">
     <span class='ocr_line' id='line_1_91' title="bbox 2030 3987 3676 4077; baseline -0.013 -14"><span class='ocrx_word' id='word_1_628' title='bbox 2030 4009 2264 4077; x_wconf 85' lang='lat' dir='ltr'>quidam</span> <span class='ocrx_word' id='word_1_629' title='bbox 2308 4006 2569 4076; x_wconf 91' lang='lat' dir='ltr'>ipsorum</span> <span class='ocrx_word' id='word_1_630' title='bbox 2623 4004 2800 4057; x_wconf 88' lang='lat' dir='ltr'>duces</span> <span class='ocrx_word' id='word_1_631' title='bbox 2850 3995 3292 4054; x_wconf 81' lang='lat' dir='ltr'>(_‘.horosalarius</span> <span class='ocrx_word' id='word_1_632' title='bbox 3337 3995 3394 4046; x_wconf 91' lang='lat' dir='ltr'>et</span> <span class='ocrx_word' id='word_1_633' title='bbox 3423 3987 3676 4044; x_wconf 86' lang='lat' dir='ltr'>Samuch</span> 
     </span>
    </p>
   </div>
   <div class='ocr_carea' id='block_1_91' title="bbox 2029 4078 3679 4165">
    <p class='ocr_par' dir='ltr' id='par_1_91' title="bbox 2029 4078 3679 4165">
     <span class='ocr_line' id='line_1_92' title="bbox 2029 4078 3679 4165; baseline -0.013 -14"><span class='ocrx_word' id='word_1_634' title='bbox 2029 4097 2182 4150; x_wconf 88' lang='lat' dir='ltr'>bona</span> <span class='ocrx_word' id='word_1_635' title='bbox 2234 4096 2500 4165; x_wconf 61' lang='lat' dir='ltr'>quiedam</span> <span class='ocrx_word' id='word_1_636' title='bbox 2550 4094 2786 4147; x_wconf 79' lang='lat' dir='ltr'>fortuna</span> <span class='ocrx_word' id='word_1_637' title='bbox 2835 4088 3154 4142; x_wconf 88' lang='lat' dir='ltr'>commisso</span> <span class='ocrx_word' id='word_1_638' title='bbox 3205 4079 3400 4152; x_wconf 66' lang='lat' dir='ltr'>praelio</span> <span class='ocrx_word' id='word_1_639' title='bbox 3452 4078 3679 4133; x_wconf 87' lang='lat' dir='ltr'>cladem</span> 
     </span>
    </p>
   </div>
   <div class='ocr_carea' id='block_1_92' title="bbox 270 4523 1919 4612">
    <p class='ocr_par' dir='ltr' id='par_1_92' title="bbox 270 4523 1916 4612">
     <span class='ocr_line' id='line_1_93' title="bbox 270 4523 1916 4612; baseline 0.01 -32"><span class='ocrx_word' id='word_1_640' title='bbox 270 4548 380 4599; x_wconf 81' lang='grc' dir='ltr'>ριος</span> <span class='ocrx_word' id='word_1_641' title='bbox 408 4530 493 4583; x_wconf 70' lang='grc' dir='ltr'>καὶ</span> <span class='ocrx_word' id='word_1_642' title='bbox 540 4529 797 4605; x_wconf 82' lang='grc' dir='ltr'>Σαμοὺχ,</span> <span class='ocrx_word' id='word_1_643' title='bbox 842 4532 888 4585; x_wconf 82' lang='grc' dir='ltr'>εί</span> <span class='ocrx_word' id='word_1_644' title='bbox 949 4535 1023 4605; x_wconf 81' lang='grc' dir='ltr'>μὴ</span> <span class='ocrx_word' id='word_1_645' title='bbox 1075 4534 1248 4609; x_wconf 80' lang='grc' dir='ltr'>ἀγαθῇ</span> <span class='ocrx_word' id='word_1_646' title='bbox 1294 4556 1403 4589; x_wconf 90' lang='grc' dir='ltr'>τινι</span> <span class='ocrx_word' id='word_1_647' title='bbox 1447 4537 1590 4612; x_wconf 79' lang='grc' dir='ltr'>τύχῃ</span> <span class='ocrx_word' id='word_1_648' title='bbox 1636 4523 1736 4607; x_wconf 65' lang='grc' dir='ltr'>την</span> <span class='ocrx_word' id='word_1_649' title='bbox 1768 4540 1916 4608; x_wconf 73' lang='grc' dir='ltr'>ἥττω</span> 
     </span>
    </p>
   </div>
   <div class='ocr_carea' id='block_1_93' title="bbox 2031 4523 3682 4612">
    <p class='ocr_par' dir='ltr' id='par_1_93' title="bbox 2031 4523 3682 4611">
     <span class='ocr_line' id='line_1_94' title="bbox 2031 4523 3682 4611; baseline -0.013 -16"><span class='ocrx_word' id='word_1_650' title='bbox 2031 4547 2123 4596; x_wconf 90' lang='lat' dir='ltr'>tur</span> <span class='ocrx_word' id='word_1_651' title='bbox 2154 4541 2498 4611; x_wconf 66' lang='lat' dir='ltr'>praefectura</span> <span class='ocrx_word' id='word_1_652' title='bbox 2518 4537 2806 4605; x_wconf 88' lang='lat' dir='ltr'>majorum</span> <span class='ocrx_word' id='word_1_653' title='bbox 2832 4529 3255 4601; x_wconf 88' lang='lat' dir='ltr'>stipendiorum</span> <span class='ocrx_word' id='word_1_654' title='bbox 3283 4530 3339 4581; x_wconf 85' lang='lat' dir='ltr'>et</span> <span class='ocrx_word' id='word_1_655' title='bbox 3391 4523 3682 4577; x_wconf 90' lang='lat' dir='ltr'>bonorum</span> 
     </span>
    </p>
   </div>
   <div class='ocr_carea' id='block_1_94' title="bbox 272 4612 1915 4700">
    <p class='ocr_par' dir='ltr' id='par_1_94' title="bbox 272 4612 1915 4700">
     <span class='ocr_line' id='line_1_95' title="bbox 272 4612 1915 4700; baseline 0.008 -30"><span class='ocrx_word' id='word_1_656' title='bbox 272 4612 640 4688; x_wconf 75' lang='grc' dir='ltr'>συμϐαλόντες</span> <span class='ocrx_word' id='word_1_657' title='bbox 727 4618 1133 4693; x_wconf 66' lang='grc' dir='ltr'>ἐκληρώσαντο,</span> <span class='ocrx_word' id='word_1_658' title='bbox 1219 4622 1315 4677; x_wconf 77' lang='grc' dir='ltr'>κᾶν</span> <span class='ocrx_word' id='word_1_659' title='bbox 1405 4626 1570 4700; x_wconf 69' lang='grc' dir='ltr'>μέχρι</span> <span class='ocrx_word' id='word_1_660' title='bbox 1648 4627 1915 4692; x_wconf 89' lang='grc' dir='ltr'>Γαλατίας</span> 
     </span>
    </p>
   </div>
   <div class='ocr_carea' id='block_1_95' title="bbox 269 4705 1911 4788">
    <p class='ocr_par' dir='ltr' id='par_1_95' title="bbox 269 4705 1911 4788">
     <span class='ocr_line' id='line_1_96' title="bbox 269 4705 1911 4788; baseline 0.008 -30"><span class='ocrx_word' id='word_1_661' title='bbox 269 4705 353 4759; x_wconf 78' lang='grc' dir='ltr'>κιὶ</span> <span class='ocrx_word' id='word_1_662' title='bbox 412 4705 744 4781; x_wconf 83' lang='grc' dir='ltr'>Ὀνωριάδος</span> <span class='ocrx_word' id='word_1_663' title='bbox 802 4709 893 4762; x_wconf 81' lang='grc' dir='ltr'>καὶ</span> <span class='ocrx_word' id='word_1_664' title='bbox 972 4710 1140 4780; x_wconf 71' lang='grc' dir='ltr'>αὐτῆς</span> <span class='ocrx_word' id='word_1_665' title='bbox 1211 4712 1448 4788; x_wconf 81' lang='grc' dir='ltr'>Φρυγίας</span> <span class='ocrx_word' id='word_1_666' title='bbox 1503 4715 1565 4769; x_wconf 85' lang='grc' dir='ltr'>τὸ</span> <span class='ocrx_word' id='word_1_667' title='bbox 1619 4714 1911 4773; x_wconf 71' lang='grc' dir='ltr'>ἀντίπαλον</span> 
     </span>
    </p>
   </div>
   <div class='ocr_carea' id='block_1_96' title="bbox 270 4792 1913 4880">
    <p class='ocr_par' dir='ltr' id='par_1_96' title="bbox 270 4792 1913 4880">
     <span class='ocr_line' id='line_1_97' title="bbox 270 4792 1913 4880; baseline 0.009 -33"><span class='ocrx_word' id='word_1_668' title='bbox 270 4792 645 4870; x_wconf 74' lang='grc' dir='ltr'>περιέδραμεν.</span> <span class='ocrx_word' id='word_1_669' title='bbox 698 4796 1018 4853; x_wconf 74' lang='grc' dir='ltr'>Ἐστέλλετο</span> <span class='ocrx_word' id='word_1_670' title='bbox 1067 4800 1161 4872; x_wconf 81' lang='grc' dir='ltr'>μὶν</span> <span class='ocrx_word' id='word_1_671' title='bbox 1221 4803 1323 4876; x_wconf 77' lang='grc' dir='ltr'>γὰρ</span> <span class='ocrx_word' id='word_1_672' title='bbox 1380 4803 1443 4857; x_wconf 88' lang='grc' dir='ltr'>τὸ</span> <span class='ocrx_word' id='word_1_673' title='bbox 1502 4808 1913 4880; x_wconf 83' lang='grc' dir='ltr'>στρατιωτικὸν,</span> 
     </span>
    </p>
   </div>
   <div class='ocr_carea' id='block_1_97' title="bbox 270 4881 1908 4967">
    <p class='ocr_par' dir='ltr' id='par_1_97' title="bbox 270 4881 1908 4967">
     <span class='ocr_line' id='line_1_98' title="bbox 270 4881 1908 4967; baseline 0.01 -34"><span class='ocrx_word' id='word_1_674' title='bbox 270 4882 425 4955; x_wconf 58' lang='grc' dir='ltr'>ιξιιλὸν</span> <span class='ocrx_word' id='word_1_675' title='bbox 476 4881 533 4938; x_wconf 72' lang='grc' dir='ltr'>δὲ</span> <span class='ocrx_word' id='word_1_676' title='bbox 590 4884 679 4939; x_wconf 82' lang='grc' dir='ltr'>καὶ</span> <span class='ocrx_word' id='word_1_677' title='bbox 722 4884 929 4941; x_wconf 71' lang='grc' dir='ltr'>ἄοπλον</span> <span class='ocrx_word' id='word_1_678' title='bbox 986 4887 1078 4942; x_wconf 81' lang='grc' dir='ltr'>καὶ</span> <span class='ocrx_word' id='word_1_679' title='bbox 1145 4890 1373 4965; x_wconf 84' lang='grc' dir='ltr'>γυμνὸν,</span> <span class='ocrx_word' id='word_1_680' title='bbox 1423 4897 1529 4946; x_wconf 88' lang='grc' dir='ltr'>τῶν</span> <span class='ocrx_word' id='word_1_681' title='bbox 1586 4895 1908 4967; x_wconf 81' lang='grc' dir='ltr'>κρειττόνων</span> 
     </span>
    </p>
   </div>
   <div class='ocr_carea' id='block_1_98' title="bbox 268 4971 1913 5056">
    <p class='ocr_par' dir='ltr' id='par_1_98' title="bbox 268 4971 1913 5056">
     <span class='ocr_line' id='line_1_99' title="bbox 268 4971 1913 5056; baseline 0.009 -32"><span class='ocrx_word' id='word_1_682' title='bbox 268 4971 719 5046; x_wconf 70' lang='grc' dir='ltr'>ἀπελαυνομένων</span> <span class='ocrx_word' id='word_1_683' title='bbox 766 4974 1017 5030; x_wconf 73' lang='grc' dir='ltr'>ἑκάστοτε</span> <span class='ocrx_word' id='word_1_684' title='bbox 1069 4979 1167 5046; x_wconf 68' lang='grc' dir='ltr'>τῆς</span> <span class='ocrx_word' id='word_1_685' title='bbox 1230 4980 1558 5056; x_wconf 84' lang='grc' dir='ltr'>στρατηγίας</span> <span class='ocrx_word' id='word_1_686' title='bbox 1616 4987 1712 5036; x_wconf 77' lang='grc' dir='ltr'>τοῖ’)</span> <span class='ocrx_word' id='word_1_687' title='bbox 1769 4982 1913 5054; x_wconf 75' lang='grc' dir='ltr'>πλή-</span> 
     </span>
    </p>
   </div>
   <div class='ocr_carea' id='block_1_99' title="bbox 270 5062 1906 5146">
    <p class='ocr_par' dir='ltr' id='par_1_99' title="bbox 270 5062 1906 5146">
     <span class='ocr_line' id='line_1_100' title="bbox 270 5062 1906 5146; baseline 0.009 -34"><span class='ocrx_word' id='word_1_688' title='bbox 270 5071 390 5121; x_wconf 78' lang='grc' dir='ltr'>Θους</span> <span class='ocrx_word' id='word_1_689' title='bbox 413 5066 519 5115; x_wconf 83' lang='grc' dir='ltr'>τῶν</span> <span class='ocrx_word' id='word_1_690' title='bbox 550 5062 796 5134; x_wconf 77' lang='grc' dir='ltr'>ὀψωνίων</span> <span class='ocrx_word' id='word_1_691' title='bbox 842 5062 1014 5119; x_wconf 80' lang='grc' dir='ltr'>ἕνεκεν</span> <span class='ocrx_word' id='word_1_692' title='bbox 1070 5066 1159 5121; x_wconf 83' lang='grc' dir='ltr'>καὶ</span> <span class='ocrx_word' id='word_1_693' title='bbox 1200 5072 1308 5122; x_wconf 87' lang='grc' dir='ltr'>τῶν</span> <span class='ocrx_word' id='word_1_694' title='bbox 1359 5072 1621 5141; x_wconf 83' lang='grc' dir='ltr'>μειζόνων</span> <span class='ocrx_word' id='word_1_695' title='bbox 1660 5072 1906 5146; x_wconf 83' lang='grc' dir='ltr'>βαθμῶν.</span> 
     </span>
    </p>
   </div>
   <div class='ocr_carea' id='block_1_100' title="bbox 267 5150 1907 5235">
    <p class='ocr_par' dir='ltr' id='par_1_100' title="bbox 267 5150 1907 5235">
     <span class='ocr_line' id='line_1_101' title="bbox 267 5150 1907 5235; baseline 0.008 -33"><span class='ocrx_word' id='word_1_696' title='bbox 267 5150 331 5202; x_wconf 73' lang='grc' dir='ltr'><strong>Ἃ</strong></span> <span class='ocrx_word' id='word_1_697' title='bbox 385 5151 473 5203; x_wconf 81' lang='grc' dir='ltr'>καὶ</span> <span class='ocrx_word' id='word_1_698' title='bbox 530 5152 917 5225; x_wconf 87' lang='grc' dir='ltr'>καταγνώσεως</span> <span class='ocrx_word' id='word_1_699' title='bbox 973 5153 1123 5217; x_wconf 81' lang='grc' dir='ltr'>ἐκτὸς</span> <span class='ocrx_word' id='word_1_700' title='bbox 1190 5158 1293 5211; x_wconf 81' lang='grc' dir='ltr'>οὐκ</span> <span class='ocrx_word' id='word_1_701' title='bbox 1341 5158 1431 5227; x_wconf 79' lang='grc' dir='ltr'>ἦν,</span> <span class='ocrx_word' id='word_1_702' title='bbox 1492 5157 1726 5231; x_wconf 86' lang='grc' dir='ltr'>μηδενὸς</span> <span class='ocrx_word' id='word_1_703' title='bbox 1787 5182 1907 5235; x_wconf 91' lang='grc' dir='ltr'>γεν-</span> 
     </span>
    </p>
   </div>
   <div class='ocr_carea' id='block_1_101' title="bbox 267 5236 1908 5318">
    <p class='ocr_par' dir='ltr' id='par_1_101' title="bbox 267 5236 1908 5318">
     <span class='ocr_line' id='line_1_102' title="bbox 267 5236 1908 5318; baseline 0.01 -30"><span class='ocrx_word' id='word_1_704' title='bbox 267 5236 413 5290; x_wconf 78' lang='grc' dir='ltr'>ναίὸυ</span> <span class='ocrx_word' id='word_1_705' title='bbox 442 5238 528 5291; x_wconf 78' lang='grc' dir='ltr'>καὶ</span> <span class='ocrx_word' id='word_1_706' title='bbox 588 5238 882 5313; x_wconf 79' lang='grc' dir='ltr'>ἀξιολόγου</span> <span class='ocrx_word' id='word_1_707' title='bbox 926 5246 1306 5318; x_wconf 75' lang='grc' dir='ltr'>πραττομένου</span> <span class='ocrx_word' id='word_1_708' title='bbox 1367 5244 1455 5300; x_wconf 76' lang='grc' dir='ltr'>διὰ</span> <span class='ocrx_word' id='word_1_709' title='bbox 1506 5252 1689 5304; x_wconf 80' lang='grc' dir='ltr'>τοῦτο.</span> <span class='ocrx_word' id='word_1_710' title='bbox 1745 5249 1908 5305; x_wconf 72' lang='grc' dir='ltr'>Συνέ-</span> 
     </span>
    </p>
   </div>
   <div class='ocr_carea' id='block_1_102' title="bbox 269 5318 1910 5409">
    <p class='ocr_par' dir='ltr' id='par_1_102' title="bbox 269 5318 1910 5409">
     <span class='ocr_line' id='line_1_103' title="bbox 269 5318 1910 5409; baseline 0.01 -32"><span class='ocrx_word' id='word_1_711' title='bbox 269 5318 416 5379; x_wconf 74' lang='grc' dir='ltr'>Εαινε</span> <span class='ocrx_word' id='word_1_712' title='bbox 453 5323 510 5380; x_wconf 73' lang='grc' dir='ltr'>δὲ</span> <span class='ocrx_word' id='word_1_713' title='bbox 564 5328 623 5383; x_wconf 73' lang='grc' dir='ltr'>ἐκ</span> <span class='ocrx_word' id='word_1_714' title='bbox 672 5328 881 5383; x_wconf 70' lang='grc' dir='ltr'>τούτων</span> <span class='ocrx_word' id='word_1_715' title='bbox 944 5330 1070 5395; x_wconf 79' lang='grc' dir='ltr'>τοὺς</span> <span class='ocrx_word' id='word_1_716' title='bbox 1134 5334 1231 5406; x_wconf 71' lang='grc' dir='ltr'>μὶν</span> <span class='ocrx_word' id='word_1_717' title='bbox 1292 5335 1593 5409; x_wconf 83' lang='grc' dir='ltr'>Ῥωμαίους</span> <span class='ocrx_word' id='word_1_718' title='bbox 1628 5342 1910 5393; x_wconf 80' lang='grc' dir='ltr'>ταπεινοῦ-</span> 
     </span>
    </p>
   </div>
   <div class='ocr_carea' id='block_1_103' title="bbox 2024 4613 3678 4699">
    <p class='ocr_par' dir='ltr' id='par_1_103' title="bbox 2024 4613 3678 4699">
     <span class='ocr_line' id='line_1_104' title="bbox 2024 4613 3678 4699; baseline -0.015 -14"><span class='ocrx_word' id='word_1_719' title='bbox 2024 4646 2239 4696; x_wconf 88' lang='lat' dir='ltr'>causa;</span> <span class='ocrx_word' id='word_1_720' title='bbox 2275 4645 2401 4699; x_wconf 73' lang='lat' dir='ltr'>quae</span> <span class='ocrx_word' id='word_1_721' title='bbox 2433 4626 2670 4697; x_wconf 90' lang='lat' dir='ltr'>quidem</span> <span class='ocrx_word' id='word_1_722' title='bbox 2704 4622 2877 4693; x_wconf 89' lang='lat' dir='ltr'>culpa</span> <span class='ocrx_word' id='word_1_723' title='bbox 2934 4618 3174 4674; x_wconf 88' lang='lat' dir='ltr'>minime</span> <span class='ocrx_word' id='word_1_724' title='bbox 3205 4613 3509 4679; x_wconf 86' lang='lat' dir='ltr'>vacabant,</span> <span class='ocrx_word' id='word_1_725' title='bbox 3543 4624 3678 4664; x_wconf 90' lang='lat' dir='ltr'>cum</span> 
     </span>
    </p>
   </div>
   <div class='ocr_carea' id='block_1_104' title="bbox 2024 4703 3673 4785">
    <p class='ocr_par' dir='ltr' id='par_1_104' title="bbox 2024 4703 3673 4785">
     <span class='ocr_line' id='line_1_105' title="bbox 2024 4703 3673 4785; baseline -0.013 -13"><span class='ocrx_word' id='word_1_726' title='bbox 2024 4718 2167 4773; x_wconf 89' lang='lat' dir='ltr'>nihil</span> <span class='ocrx_word' id='word_1_727' title='bbox 2227 4723 2534 4785; x_wconf 87' lang='lat' dir='ltr'>strenuum</span> <span class='ocrx_word' id='word_1_728' title='bbox 2595 4720 2696 4769; x_wconf 87' lang='lat' dir='ltr'>aut</span> <span class='ocrx_word' id='word_1_729' title='bbox 2755 4706 3133 4766; x_wconf 88' lang='lat' dir='ltr'>memorabile</span> <span class='ocrx_word' id='word_1_730' title='bbox 3188 4705 3299 4760; x_wconf 88' lang='lat' dir='ltr'>hac</span> <span class='ocrx_word' id='word_1_731' title='bbox 3368 4703 3440 4757; x_wconf 91' lang='lat' dir='ltr'>de</span> <span class='ocrx_word' id='word_1_732' title='bbox 3497 4712 3673 4755; x_wconf 86' lang='lat' dir='ltr'>causa</span> 
     </span>
    </p>
   </div>
   <div class='ocr_carea' id='block_1_105' title="bbox 2022 4786 3680 4879">
    <p class='ocr_par' dir='ltr' id='par_1_105' title="bbox 2022 4786 3680 4879">
     <span class='ocr_line' id='line_1_106' title="bbox 2022 4786 3680 4879; baseline -0.013 -16"><span class='ocrx_word' id='word_1_733' title='bbox 2022 4813 2337 4879; x_wconf 85' lang='lat' dir='ltr'>gereretur.</span> <span class='ocrx_word' id='word_1_734' title='bbox 2378 4805 2603 4870; x_wconf 90' lang='lat' dir='ltr'>Quibus</span> <span class='ocrx_word' id='word_1_735' title='bbox 2654 4802 2827 4857; x_wconf 86' lang='lat' dir='ltr'>rebus</span> <span class='ocrx_word' id='word_1_736' title='bbox 2875 4799 3146 4853; x_wconf 74' lang='lat' dir='ltr'>effectum</span> <span class='ocrx_word' id='word_1_737' title='bbox 3196 4798 3283 4849; x_wconf 88' lang='lat' dir='ltr'>est</span> <span class='ocrx_word' id='word_1_738' title='bbox 3335 4798 3400 4846; x_wconf 87' lang='lat' dir='ltr'>ut</span> <span class='ocrx_word' id='word_1_739' title='bbox 3434 4786 3680 4845; x_wconf 77' lang='lat' dir='ltr'>Romani</span> 
     </span>
    </p>
   </div>
   <div class='ocr_carea' id='block_1_106' title="bbox 2022 4876 3676 4955">
    <p class='ocr_par' dir='ltr' id='par_1_106' title="bbox 2022 4876 3676 4955">
     <span class='ocr_line' id='line_1_107' title="bbox 2022 4876 3676 4955; baseline -0.012 -5"><span class='ocrx_word' id='word_1_740' title='bbox 2022 4876 2440 4950; x_wconf 68' lang='lat' dir='ltr'>imbecilliores</span> <span class='ocrx_word' id='word_1_741' title='bbox 2463 4892 2673 4948; x_wconf 86' lang='lat' dir='ltr'>redditi</span> <span class='ocrx_word' id='word_1_742' title='bbox 2704 4896 2924 4945; x_wconf 90' lang='lat' dir='ltr'>terrore</span> <span class='ocrx_word' id='word_1_743' title='bbox 2955 4884 3409 4955; x_wconf 83' lang='lat' dir='ltr'>complerentur,</span> <span class='ocrx_word' id='word_1_744' title='bbox 3434 4876 3676 4934; x_wconf 89' lang='lat' dir='ltr'>Barbari</span> 
     </span>
    </p>
   </div>
   <div class='ocr_carea' id='block_1_107' title="bbox 2018 4966 3681 5038">
    <p class='ocr_par' dir='ltr' id='par_1_107' title="bbox 2018 4966 3681 5038">
     <span class='ocr_line' id='line_1_108' title="bbox 2018 4966 3681 5038; baseline -0.012 1"><span class='ocrx_word' id='word_1_745' title='bbox 2018 5001 2152 5038; x_wconf 90' lang='lat' dir='ltr'>vero</span> <span class='ocrx_word' id='word_1_746' title='bbox 2177 4984 2360 5037; x_wconf 81' lang='lat' dir='ltr'>inflati</span> <span class='ocrx_word' id='word_1_747' title='bbox 2393 4981 2590 5037; x_wconf 89' lang='lat' dir='ltr'>animo</span> <span class='ocrx_word' id='word_1_748' title='bbox 2623 4981 2969 5035; x_wconf 75' lang='lat' dir='ltr'>efferrentur</span> <span class='ocrx_word' id='word_1_749' title='bbox 3001 4979 3057 5028; x_wconf 92' lang='lat' dir='ltr'>et</span> <span class='ocrx_word' id='word_1_750' title='bbox 3108 4970 3293 5026; x_wconf 86' lang='lat' dir='ltr'>multa</span> <span class='ocrx_word' id='word_1_751' title='bbox 3330 4966 3681 5023; x_wconf 86' lang='lat' dir='ltr'>confidentia</span> 
     </span>
    </p>
   </div>
   <div class='ocr_carea' id='block_1_108' title="bbox 2020 5057 3676 5143">
    <p class='ocr_par' dir='ltr' id='par_1_108' title="bbox 2020 5057 3676 5143">
     <span class='ocr_line' id='line_1_109' title="bbox 2020 5057 3676 5143; baseline -0.011 -16"><span class='ocrx_word' id='word_1_752' title='bbox 2020 5075 2379 5143; x_wconf 88' lang='lat' dir='ltr'>irruptiones</span> <span class='ocrx_word' id='word_1_753' title='bbox 2413 5072 2708 5135; x_wconf 90' lang='lat' dir='ltr'>facerent;</span> <span class='ocrx_word' id='word_1_754' title='bbox 2745 5083 2878 5122; x_wconf 91' lang='lat' dir='ltr'>cum</span> <span class='ocrx_word' id='word_1_755' title='bbox 2904 5064 3081 5120; x_wconf 89' lang='lat' dir='ltr'>etiam</span> <span class='ocrx_word' id='word_1_756' title='bbox 3115 5062 3183 5115; x_wconf 89' lang='lat' dir='ltr'>ad</span> <span class='ocrx_word' id='word_1_757' title='bbox 3215 5057 3427 5114; x_wconf 84' lang='lat' dir='ltr'>Anium</span> <span class='ocrx_word' id='word_1_758' title='bbox 3455 5058 3676 5110; x_wconf 90' lang='lat' dir='ltr'>missus</span> 
     </span>
    </p>
   </div>
   <div class='ocr_carea' id='block_1_109' title="bbox 2018 5145 3669 5228">
    <p class='ocr_par' dir='ltr' id='par_1_109' title="bbox 2018 5145 3669 5228">
     <span class='ocr_line' id='line_1_110' title="bbox 2018 5145 3669 5228; baseline -0.013 -10"><span class='ocrx_word' id='word_1_759' title='bbox 2018 5163 2195 5218; x_wconf 85' lang='lat' dir='ltr'>fuerit</span> <span class='ocrx_word' id='word_1_760' title='bbox 2224 5164 2341 5216; x_wconf 85' lang='lat' dir='ltr'>dux</span> <span class='ocrx_word' id='word_1_761' title='bbox 2370 5160 2682 5216; x_wconf 88' lang='lat' dir='ltr'>Armenius</span> <span class='ocrx_word' id='word_1_762' title='bbox 2731 5157 2991 5228; x_wconf 89' lang='lat' dir='ltr'>quidam,</span> <span class='ocrx_word' id='word_1_763' title='bbox 3026 5151 3260 5206; x_wconf 84' lang='lat' dir='ltr'>nomine</span> <span class='ocrx_word' id='word_1_764' title='bbox 3308 5145 3669 5215; x_wconf 85' lang='lat' dir='ltr'>Pancratius,</span> 
     </span>
    </p>
   </div>
   <div class='ocr_carea' id='block_1_110' title="bbox 2022 5238 3676 5324">
    <p class='ocr_par' dir='ltr' id='par_1_110' title="bbox 2022 5238 3676 5324">
     <span class='ocr_line' id='line_1_111' title="bbox 2022 5238 3676 5324; baseline -0.012 -17"><span class='ocrx_word' id='word_1_765' title='bbox 2022 5252 2320 5324; x_wconf 91' lang='lat' dir='ltr'>pollicitus</span> <span class='ocrx_word' id='word_1_766' title='bbox 2354 5268 2448 5306; x_wconf 91' lang='lat' dir='ltr'>res</span> <span class='ocrx_word' id='word_1_767' title='bbox 2466 5250 2536 5304; x_wconf 89' lang='lat' dir='ltr'>ad</span> <span class='ocrx_word' id='word_1_768' title='bbox 2560 5248 2876 5304; x_wconf 90' lang='lat' dir='ltr'>exercitum</span> <span class='ocrx_word' id='word_1_769' title='bbox 2903 5243 3003 5315; x_wconf 91' lang='lat' dir='ltr'>qui</span> <span class='ocrx_word' id='word_1_770' title='bbox 3022 5241 3101 5297; x_wconf 90' lang='lat' dir='ltr'>ibi</span> <span class='ocrx_word' id='word_1_771' title='bbox 3120 5240 3319 5294; x_wconf 87' lang='lat' dir='ltr'>aderat</span> <span class='ocrx_word' id='word_1_772' title='bbox 3341 5238 3676 5307; x_wconf 88' lang='lat' dir='ltr'>spectantes</span> 
     </span>
    </p>
   </div>
   <div class='ocr_carea' id='block_1_111' title="bbox 2018 5328 3666 5413">
    <p class='ocr_par' dir='ltr' id='par_1_111' title="bbox 2018 5328 3666 5413">
     <span class='ocr_line' id='line_1_112' title="bbox 2018 5328 3666 5413; baseline -0.013 -15"><span class='ocrx_word' id='word_1_773' title='bbox 2018 5358 2079 5397; x_wconf 89' lang='lat' dir='ltr'>se</span> <span class='ocrx_word' id='word_1_774' title='bbox 2134 5358 2235 5413; x_wconf 93' lang='lat' dir='ltr'>pro</span> <span class='ocrx_word' id='word_1_775' title='bbox 2285 5340 2439 5397; x_wconf 91' lang='lat' dir='ltr'>virili</span> <span class='ocrx_word' id='word_1_776' title='bbox 2498 5344 2661 5411; x_wconf 89' lang='lat' dir='ltr'>parte</span> <span class='ocrx_word' id='word_1_777' title='bbox 2718 5334 3293 5393; x_wconf 87' lang='lat' dir='ltr'>administraturum.</span> <span class='ocrx_word' id='word_1_778' title='bbox 3344 5328 3489 5383; x_wconf 90' lang='lat' dir='ltr'>Cum</span> <span class='ocrx_word' id='word_1_779' title='bbox 3534 5337 3666 5378; x_wconf 91' lang='lat' dir='ltr'>vero</span> 
     </span>
    </p>
   </div>
   <div class='ocr_carea' id='block_1_112' title="bbox 1582 5499 2353 5559">
    <p class='ocr_par' dir='ltr' id='par_1_112' title="bbox 1582 5499 2353 5559">
     <span class='ocr_line' id='line_1_113' title="bbox 1582 5499 2353 5559; baseline 0.003 -4"><span class='ocrx_word' id='word_1_780' title='bbox 1582 5499 1827 5556; x_wconf 85' lang='lat' dir='ltr'>JACOBI</span> <span class='ocrx_word' id='word_1_781' title='bbox 1866 5500 2085 5559; x_wconf 84' lang='lat' dir='ltr'>GOARI</span> <span class='ocrx_word' id='word_1_782' title='bbox 2124 5502 2353 5558; x_wconf 71' lang='lat' dir='ltr'>NOT/E.</span> 
     </span>
    </p>
   </div>
   <div class='ocr_carea' id='block_1_113' title="bbox 338 5609 1919 5701">
    <p class='ocr_par' dir='ltr' id='par_1_113' title="bbox 338 5609 1919 5698">
     <span class='ocr_line' id='line_1_114' title="bbox 338 5609 1919 5698; baseline 0.012 -31"><span class='ocrx_word' id='word_1_783' title='bbox 338 5609 425 5680; x_wconf 90' lang='grc'>(11</span> <span class='ocrx_word' id='word_1_784' title='bbox 431 5614 457 5684; x_wconf 90' lang='grc'><em>)</em></span> <span class='ocrx_word' id='word_1_785' title='bbox 488 5612 687 5689; x_wconf 70' lang='grc' dir='ltr'>εον-ραι</span> <span class='ocrx_word' id='word_1_786' title='bbox 714 5614 967 5676; x_wconf 78' lang='lat' dir='ltr'>edomare</span> <span class='ocrx_word' id='word_1_787' title='bbox 1002 5619 1063 5695; x_wconf 11' lang='lat' dir='ltr'>ei,</span> <span class='ocrx_word' id='word_1_788' title='bbox 1085 5623 1511 5691; x_wconf 73' lang='lat' dir='ltr'>amteritatibus</span> <span class='ocrx_word' id='word_1_789' title='bbox 1537 5623 1796 5698; x_wconf 56' lang='lat' dir='ltr'>subigere</span> <span class='ocrx_word' id='word_1_790' title='bbox 1816 5642 1919 5696; x_wconf 64' lang='lat' dir='ltr'>qui</span> 
     </span>
    </p>
   </div>
   <div class='ocr_carea' id='block_1_114' title="bbox 2031 5609 3344 5701">
    <p class='ocr_par' dir='ltr' id='par_1_114' title="bbox 2031 5614 3344 5701">
     <span class='ocr_line' id='line_1_115' title="bbox 2031 5614 3344 5701; baseline -0.016 -13"><span class='ocrx_word' id='word_1_791' title='bbox 2031 5644 2089 5700; x_wconf 65' lang='grc' dir='ltr'>ιε,</span> <span class='ocrx_word' id='word_1_792' title='bbox 2118 5630 2274 5687; x_wconf 80' lang='lat' dir='ltr'>circa</span> <span class='ocrx_word' id='word_1_793' title='bbox 2301 5625 2654 5701; x_wconf 78' lang='lat' dir='ltr'>quodcunque</span> <span class='ocrx_word' id='word_1_794' title='bbox 2676 5622 2840 5683; x_wconf 81' lang='lat' dir='ltr'>aliud</span> <span class='ocrx_word' id='word_1_795' title='bbox 2869 5620 3052 5690; x_wconf 75' lang='lat' dir='ltr'>segnis</span> <span class='ocrx_word' id='word_1_796' title='bbox 3080 5632 3144 5675; x_wconf 83' lang='lat' dir='ltr'>ac</span> <span class='ocrx_word' id='word_1_797' title='bbox 3172 5614 3344 5672; x_wconf 74' lang='lat' dir='ltr'>hebes.</span> 
     </span>
    </p>
   </div>
  </div>
