4040 6196
357 344 477 407 383

1670 352 1999 414 JOANNIS
2046 349 2452 412 SCYLITZE

3644 348 3768 409 384

355 477 627 532 sultanus
689 479 820 535 illac
881 481 987 536 iter
1054 482 1286 551 faceret,
1348 484 1503 539 654
1562 499 1751 553 neque
1804 486 1999 536 tamen

2118 490 2237 541 σθαι
2268 480 2357 533 καὶ
2417 480 2836 553 κατεπτηχέναι,
2862 477 2990 538 τοὺς
3037 471 3351 552 Βαρϐάρους
3390 473 3448 530 δὲ
3495 478 3760 553 φυσᾶσθαι

360 568 747 622 Romanorum
791 570 1081 639 regionem
1133 578 1381 636 vexaret,
1428 572 1665 641 quidam
1698 588 1765 625 ex
1797 572 1869 623 iis
1902 570 1999 640 qui

357 672 488 711 cum
515 656 816 712 Pancratio
840 664 1023 721 erant,
1049 668 1424 731 erumpentes
1446 665 1767 714 extremum
1793 676 2000 729 agmen

358 744 629 798 sultanici
662 748 946 801 exercitus
1000 749 1286 803 laedebant
1333 756 1390 803 et
1419 752 1735 804 caedebant.
1779 750 2003 812 Quibus

356 834 427 887 de
478 836 673 889 causis
725 836 996 891 sultanus
1054 839 1306 907 graviter
1364 838 1704 909 indignatus
1757 838 2003 892 ulterius

355 926 625 995 progredi
658 928 949 981 desistens
982 928 1051 981 ad
1085 930 1296 983 Anium
1330 946 1597 984 reversus
1628 935 1735 997 est,
1769 936 1823 983 et
1856 947 2003 999 pau-

356 1014 438 1068 cis
468 1014 675 1069 diebus
706 1021 831 1070 tum
867 1017 1061 1087 ipsum
1097 1019 1327 1085 Anium,
1364 1022 1491 1072 tum
1524 1019 1773 1072 finitima
1805 1018 2005 1073 omnia

358 1103 481 1157 loca
545 1103 602 1157 in
672 1121 835 1159 suam
909 1112 1255 1176 potestatem
1330 1109 1563 1162 redacta
1620 1113 1677 1162 et
1734 1108 2002 1178 praesidio

358 1191 630 1262 imposito
664 1194 887 1247 munita
918 1210 983 1247 ac
1014 1194 1261 1249 ducibus
1293 1195 1516 1250 idoneis
1552 1196 1761 1251 tradita
1796 1200 2001 1249 Roma-

362 1297 566 1335 norum
619 1281 831 1335 exemit
881 1282 1147 1346 imperio.
1202 1283 1330 1338 Haec
1360 1285 1538 1355 igitur
1579 1286 1639 1339 in
1690 1285 1797 1338 hoc
1848 1290 2002 1339 statu

361 1374 546 1436 erant,
579 1374 636 1423 et
667 1374 846 1423 tanta;
877 1371 1167 1425 vexationi
1218 1372 1465 1426 obnoxia
1512 1379 1675 1427 erant
1708 1374 2003 1428 Romano-

358 1474 487 1511 rum
519 1456 646 1512 loca
674 1459 731 1512 in
766 1459 907 1513 Asia
955 1465 1011 1513 et
1041 1460 1097 1512 in
1134 1462 1294 1514 omni
1326 1461 1578 1515 Orientis
1627 1463 1861 1532 regione
1896 1479 1907 1516 :
1944 1462 2000 1514 in

358 1546 666 1602 Occidente
722 1564 855 1602 vero
925 1548 1078 1603 circa
1133 1549 1360 1603 tertiam
1412 1550 1811 1611 indictionem,
1868 1566 2000 1603 cum

360 1642 676 1704 praeessent
706 1636 936 1707 oppidis
959 1636 1029 1689 ad
1066 1637 1283 1691 Istrum
1317 1637 1555 1691 fluvium
1578 1638 1709 1692 sitis
1731 1638 2005 1708 magister

361 1722 610 1778 Basilius
662 1731 959 1795 Apocapes
1009 1729 1064 1779 et
1112 1725 1391 1797 magister
1441 1727 1799 1797 Nicephorus
1840 1728 2001 1781 Beta-

2799 568 2933 639 μετά
3016 564 3235 635 πολλῆς
3320 568 3761 640 προσρήγνυσθαι

2112 660 2489 726 πεποιθήσεως
2519 678 2529 688 ο
2565 653 2654 711 ὅτε
2697 654 2763 725 δὴ
2815 656 2903 711 καὶ
2961 654 3014 716 ἐς
3064 657 3126 710 τὸ
3154 660 3332 711 Ἀνιον
3366 653 3764 709 ἀποστέλλεται

2114 745 2237 815 δοὺξ
2295 748 2589 821 ’Λρμένιός
2660 768 2743 807 τις
2820 745 3158 819 Παγκράτης
3215 742 3481 816 τοῦνομα,
3540 744 3599 796 ἐκ
3649 749 3761 797 τῶν

2113 833 2341 888 ἕνόντων
2408 835 2788 910 ὑποσχόμενος
2842 835 2909 889 τὰ
2967 832 3136 889 ἔκιῖσε
3195 833 3565 906 στρατεύματα
3614 830 3760 886 διοι-

2111 928 2245 978 κεῖν.
2307 926 2415 980 Τοῦ
2481 922 2537 978 δὲ
2584 924 2886 978 σουλτάνου
2928 926 3037 995 (12)
3090 923 3404 998 παριόντος,
3462 923 3536 994 μὴ
3575 923 3763 993 μέντοι

2112 1034 2175 1087 γε
2232 1011 2643 1084 πημαινολένου
2698 1014 2797 1081 τὴν
2853 1014 3041 1087 χώραν
3100 1012 3199 1081 τήν
3258 1012 3595 1083 Ῥωμαϊκήν,
3654 1015 3766 1065 τῶν

2108 570 2195 621 καὶ
2258 567 2569 641 ἐπαίρεσθαι
2627 567 2713 621 καὶ

2112 1102 2235 1171 περὶ
2293 1102 2382 1156 τὸν
2444 1101 2780 1175 Παγκράτιον
2855 1101 3085 1171 ἐξιόντες
3143 1101 3282 1161 τινες
3339 1100 3438 1167 τήν
3496 1098 3752 1174 οὐραγίαν

2110 1195 2207 1244 τοῦ
2266 1190 2622 1245 σουλτανικοῦ
2691 1187 3054 1259 στρατοπέδου
3125 1187 3364 1243 ἐσίνοντο
3439 1189 3529 1242 καὶ
3596 1189 3761 1242 κατέ-

2112 1301 2317 1334 καινον.
2382 1283 2530 1356 [815]
2587 1281 2701 1356 Ἐφ’
2761 1281 2842 1340 οἷς
2890 1278 2981 1333 καὶ
3041 1276 3390 1349 δυσθυμτςσας
3448 1279 3475 1331 ὁ
3527 1274 3762 1330 σουλτά-

2112 1390 2202 1429 νος
2234 1368 2417 1442 ἐφίησι
2448 1374 2543 1423 τοῦ
2591 1371 2779 1442 πρόσω
2829 1368 2984 1424 ἰέναι.
3032 1368 3178 1441 Πρὸς
3226 1367 3289 1420 τὸ
3322 1370 3507 1421 ’Ἄνιον
3541 1363 3598 1420 δὲ
3626 1367 3759 1428 ἀνθ-

2113 1460 2426 1530 υπέστρεψε,
2460 1458 2548 1511 καὶ
2582 1456 2650 1511 δι’
2682 1456 2881 1531 ὀλίγων
2933 1454 3153 1529 ἡμερῶν
3198 1456 3328 1509 αὐτό
3389 1476 3447 1509 τε
3477 1455 3537 1508 τὸ
3568 1460 3761 1508 νΔνιον

2110 1546 2199 1599 καὶ
2267 1548 2332 1600 τα
2387 1546 2509 1621 περὶ
2552 1546 2682 1600 αὐτὸ
2758 1546 2930 1599 πάντα
2994 1544 3497 1620 περιποιησάμενος
3546 1540 3764 1618 στρατῷ

2110 1655 2169 1688 τι
2227 1635 2536 1709 ὀχυρώσας,
2586 1636 2674 1689 καὶ
2755 1639 3046 1708 τρατηγοῖς
3115 1630 3421 1705 ἀξιολόγοις
3474 1632 3541 1685 τὰ
3591 1629 3768 1685 ἐκεῖσε

2111 1721 2405 1796 παραδοὺς,
2457 1727 2555 1787 τῆς
2609 1728 2720 1776 τῶν
2780 1722 3063 1793 Ῥωμαίων
3111 1719 3451 1795 ἐπικρατείας
3510 1719 3642 1773 αὐτό
3702 1739 3772 1772 τε

358 1812 565 1867 niates.
638 1813 885 1868 Uzorum
956 1814 1112 1868 natio
1180 1814 1264 1884 (hi
1333 1816 1508 1869 etiam
1587 1822 1727 1870 sunt
1794 1830 2001 1885 genere

2114 1813 2201 1865 καὶ
2256 1814 2355 1879 τὴν
2416 1812 2543 1865 αὐτὸ
2624 1810 2809 1886 χώραν
2877 1811 3257 1885 ἀπεστέρησεν.
3318 1808 3453 1883 Εἶχε
3509 1808 3601 1881 μὲν
3662 1805 3763 1860 οὖν

359 1902 604 1973 Scythae,
657 1907 714 1957 et
762 1903 1085 1957 Patzinacis
1142 1904 1457 1959 nobiliores
1514 1910 1569 1959 et
1628 1904 2007 1959 multitudine

358 1992 709 2061 superiores)
742 2008 869 2045 cum
904 1999 1025 2046 tota
1054 1999 1225 2062 gente
1252 1998 1308 2046 et
1340 1993 1591 2064 propriis
1623 1994 2006 2064 impedimen-

358 2078 435 2133 tis
487 2080 839 2135 transmisso
891 2081 1038 2134 Istro
1094 2079 1283 2152 longis
1334 2081 1580 2137 navibus
1626 2090 1681 2136 et
1726 2081 1937 2136 lembis
1976 2097 2005 2136 e

362 2170 601 2223 caudice
631 2174 828 2225 cavato
870 2171 1035 2224 factis
1069 2175 1125 2225 et
1157 2170 1408 2235 utribus,
1443 2170 1657 2225 milites
1689 2171 2001 2224 transitum

362 2258 760 2328 prohibentes,
796 2259 1074 2329 Bulgaros
1121 2259 1356 2329 inquam
1411 2265 1466 2313 et
1498 2259 1789 2314 Romanos
1820 2265 1874 2314 et
1905 2260 2005 2329 qui

360 2362 495 2401 cum
554 2346 699 2417 ipsis
762 2353 946 2412 erant,
1007 2349 1200 2402 statim
1263 2347 1649 2414 debellarunt,
1708 2365 1773 2403 ac
1828 2350 2006 2404 duces

360 2434 622 2506 ipsorum
657 2436 938 2490 Basilium
970 2438 1293 2507 Apocapem
1317 2442 1374 2491 et
1408 2437 1796 2507 Nicephorum
1829 2437 2001 2490 Bota-

364 2524 579 2578 niatem
634 2526 890 2594 captivos
931 2526 1243 2588 abduxere,
1277 2540 1629 2595 omnemque
1681 2528 1751 2580 ad
1788 2527 2001 2580 Istrum

360 2612 667 2683 planitiem
718 2612 1102 2683 complerunt.
1154 2615 1491 2669 Excreverat
1536 2614 1691 2669 enim
1725 2616 1903 2677 natio,
1940 2620 2005 2669 ut

361 2699 400 2753 ii
433 2700 533 2770 qui
565 2701 827 2755 viderant
858 2704 1305 2765 confirmabant,
1340 2704 1407 2756 ad
1462 2709 1734 2757 sexcenta
1768 2703 2002 2758 bellico-

360 2805 558 2843 sorum
594 2790 849 2843 virorum
886 2789 1088 2844 millia.
1121 2792 1189 2845 Et
1218 2793 1483 2860 quaedam
1519 2792 1671 2846 haud
1705 2794 1853 2849 655
1892 2794 1997 2847 mi-

362 2878 521 2931 nima
556 2895 689 2949 pars
711 2879 972 2949 ipsorum
999 2880 1183 2934 divisa
1208 2897 1394 2951 usque
1425 2882 1492 2935 ad
1520 2882 1999 2936 Thessalonicam

359 2970 415 3019 et
444 2965 631 3035 ipsam
666 2966 944 3023 Graeciam
986 2967 1219 3037 irrupit,
1250 2974 1309 3023 et
1337 2969 1504 3023 obvia
1548 2970 1746 3024 omnia
1776 2971 2001 3025 vexavit

360 3055 744 3126 diripuitque,
797 3056 1027 3110 infinita
1077 3059 1283 3111 abacta
1332 3058 1542 3128 praeda.
1593 3059 1700 3113 Sed
1753 3076 1885 3113 cum
1940 3060 1995 3113 in

356 3145 755 3200 vehementem
808 3144 1037 3201 hiemen
1087 3145 1408 3212 incidisset,
1458 3149 1693 3218 quando
1741 3150 1812 3202 ad
1858 3165 1996 3203 suos

357 3323 575 3386 amisit,
609 3329 667 3377 et
697 3323 1016 3379 infortunio
1049 3329 1283 3395 accepto
1311 3325 1368 3379 in
1402 3331 1595 3379 castra
1626 3340 1855 3379 reversa
1885 3330 1994 3379 est.

357 3411 676 3482 Imperator
707 3418 900 3468 autem
931 3414 1001 3467 de
1033 3430 1235 3468 eorum
1268 3414 1645 3468 multitudine
1676 3414 1886 3469 certior
1916 3415 1997 3469 fa-

356 3506 485 3554 ctus
516 3502 889 3557 cruciabatur
919 3502 1114 3557 animo
1144 3508 1201 3557 et
1226 3519 1374 3573 aegre
1411 3502 1649 3566 ferebat,
1682 3502 1997 3557 exercitum

358 3596 555 3644 tamen
589 3606 791 3657 cogere
822 3596 879 3645 et
910 3590 1150 3645 idoneas
1198 3590 1395 3660 copias
1441 3596 1643 3645 contra
1672 3591 1833 3661 ipsos
1866 3592 1999 3645 mit-

362 3683 482 3730 tere
549 3679 957 3743 cunctabatur,
1024 3694 1089 3731 ac
1153 3679 1351 3747 segnis
1415 3683 1557 3742 erat,
1632 3683 1693 3733 ut
1758 3680 1997 3749 quidam

359 3765 612 3830 aiebant,
654 3767 992 3835 sumptibus
1040 3783 1284 3836 parcens
1321 3782 1332 3819 ε
1368 3772 1491 3821 erat
1538 3768 1716 3831 enim,
1751 3774 1813 3822 ut
1854 3770 1999 3822 dixi-

360 3869 515 3919 mus,
550 3870 781 3922 avarus,
812 3860 869 3907 et
902 3870 1207 3908 nummum
1248 3855 1523 3909 omnibus
1557 3856 1730 3911 rebus
1762 3862 2001 3928 antepo-

364 3942 537 3995 nebat
566 3958 579 3996 :
615 3948 680 3996 ut
709 3958 840 3996 vero
872 3941 988 4007 alii,
1024 3944 1176 4012 quod
1230 3958 1344 3996 non
1378 3944 1693 3999 conﬁderet
1722 3946 2003 4001 adversus

363 4032 557 4083 tantas
605 4029 756 4085 vires
808 4047 978 4100 posse
1026 4030 1146 4085 acie
1189 4030 1486 4087 decertare
1534 4050 1545 4087 :
1597 4050 1800 4089 omnes
1845 4036 2001 4090 enim

362 4117 702 4172 asserebant
745 4120 1211 4174 adversariorum
1249 4119 1683 4176 multitudinem
1716 4123 2003 4196 inexpug-

363 4204 739 4269 nabilem,om
752 4208 803 4260 ni
817 4209 1039 4278 busque
1055 4208 1438 4278 impossibilis
1454 4211 1643 4265 redem
1656 4211 1770 4281 ptio
1788 4214 2003 4269 ducum

362 4295 689 4361 videbatur,
722 4301 779 4349 et
804 4296 873 4350 de
905 4297 1391 4365 migrationejam
1433 4298 1629 4368 plures
1649 4302 2003 4373 cogitabant.

367 4383 688 4452 Imperator
736 4390 929 4438 autem
966 4384 1167 4440 missis
1220 4384 1423 4455 legatis
1455 4389 1525 4441 ad
1583 4389 1873 4461 principes
1905 4410 2007 4447 na-

364 4473 540 4527 tionis
575 4473 858 4537 tentabat,
890 4473 939 4527 si
992 4473 1146 4528 factu
1196 4475 1475 4544 possibile
1506 4482 1679 4542 esset,
1713 4479 1874 4550 ipsos
1906 4484 2006 4536 ab-

2117 1901 2260 1957 οὕτω
2311 1907 2497 1969 ταῦτα,
2554 1903 2642 1955 καὶ
2722 1900 2797 1961 εἷς
2878 1904 3134 1954 τοσιῦτον
3226 1897 3467 1969 σκυλμὸν
3526 1898 3637 1967 (13)
3699 1897 3770 1948 τὰ

2113 1992 2391 2063 Ῥωμαϊκά
2442 2010 2767 2065 περιηγοντο
2822 1990 2958 2042 κατά
3015 2009 3073 2043 τε
3120 1988 3219 2055 τὴν
3275 1986 3462 2041 Ἀσίαν
3515 1986 3602 2039 καὶ
3658 1986 3763 2052 τὴν

2116 2080 2293 2149 ἄλλην
2347 2086 2519 2134 πᾶσαν
2584 2076 2908 2146 Ἀνατολήν.
2940 2079 3026 2131 Ἐν
3070 2074 3127 2131 δὲ
3172 2080 3240 2149 τῇ
3298 2075 3451 2130 Δύσει
3501 2076 3636 2127 κατά
3657 2074 3763 2140 τήν

2113 2169 2302 2245 τρίτην
2343 2167 2677 2234 ἷίνδικτιῶνα,
2736 2167 3019 2241 ἀρχόντων
3075 2170 3182 2219 τῶν
3242 2164 3365 2239 περὶ
3414 2164 3501 2217 τὸν
3549 2164 3767 2235 Ἵστρον

2115 2258 2363 2329 ποταμὸν
2420 2261 2516 2311 τοῦ
2579 2254 2876 2331 μαγίσορου
2948 2252 3236 2310 Βασιλείου
3290 2256 3387 2307 τοῦ
3442 2250 3762 2308 Ἀπαοκάπου

2114 2348 2203 2401 καὶ
2252 2351 2347 2401 τοῦ
2402 2346 2699 2419 μαγίστρου
2749 2344 3063 2421 Νικηφόρου
3119 2347 3214 2397 τοῦ
3274 2340 3647 2408 Βοτανειάτου,
3694 2340 3761 2394 τὸ

2112 2440 2219 2489 τῶν
2252 2432 2439 2502 Diiva
2473 2433 2618 2495 ἔθνος
2681 2434 2851 2507 (γένος
2922 2430 2978 2486 δὲ
3033 2432 3125 2486 καὶ
3179 2429 3328 2485 οὗτοι
3376 2431 3634 2484 Σκυθικὸν
3667 2429 3765 2482 καὶ

2112 2529 2218 2578 τῶν
2250 2524 2595 2591 ΙΙατζινάκων
2639 2521 3007 2598 εὐγενέστερόν
3063 2542 3119 2575 τε
3171 2520 3261 2574 καὶ
3307 2517 3761 2587 πολυπληθέστε-

2114 2618 2228 2688 ρον)
2287 2612 2539 2687 παγγενεὶ
2622 2612 2753 2683 μετά
2833 2613 2932 2678 τῆς
3015 2609 3217 2671 οἰκείας
3302 2610 3607 2675 ἀποσκευῆς
3663 2608 3765 2661 τὸν

2111 2705 2320 2771 Ἵστρον
2381 2700 2677 2774 περαιωθὲν
2738 2698 2922 2769 ξύλοις
2983 2703 3212 2771 μακροῖς
3261 2696 3349 2751 καὶ
3402 2690 3630 2769 λέμϐοις
3666 2694 3762 2749 αύ-

2108 2791 2437 2865 τοπρίμνοις
2500 2792 2605 2859 (14)
2661 2789 2751 2843 καὶ
2833 2789 3075 2862 βύρσαις,
3145 2786 3270 2848 τοὺς
3346 2783 3758 2845 διακωλύοντας

2106 2888 2205 2950 τῆν
2260 2880 2433 2934 αότῶν
2493 2878 2783 2954 περαίωσιν
2866 2877 3219 2953 στρατιώτας,
3288 2874 3632 2948 Βουλγάρους
3694 2873 3756 2927 τέ

2109 2992 2251 3048 φημι
2295 2971 2383 3023 καὶ
2442 2966 2748 3039 Ῥωμαίους
2822 2967 2911 3020 καὶ
2977 2965 3206 3026 λοιπούς
3264 2966 3389 3026 τοὺς
3447 2963 3599 3023 ὄντας
3651 2961 3750 3015 σὺν

2107 3059 2313 3127 αὐτοῖς,
2362 3054 2804 3129 κατηγωνίσαντο
2853 3050 3159 3131 αἰφνιδίως,
3206 3053 3295 3107 καὶ
3355 3051 3482 3113 τοὺς
3539 3050 3750 3124 ἡγεμό-

2104 3169 2197 3209 νας
2252 3146 2426 3201 αύτῶν
2483 3146 2575 3199 τόν
2628 3165 2686 3199 τε
2741 3143 3055 3212 Ἀποκάπην
3135 3141 3418 3197 Βασίλειον
3494 3141 3583 3193 καὶ
3647 3140 3745 3193 τὸν

357 3232 603 3299 redibat,
630 3250 741 3288 non
765 3234 954 3289 solum
989 3234 1177 3289 aliena
1197 3236 1295 3290 sed
1321 3236 1495 3290 etiam
1530 3253 1636 3291 sua
1660 3239 1775 3291 fere
1798 3237 1997 3290 omnia

2114 3237 2461 3305 Βοτανειάτην
2548 3232 2859 3309 Νικηφόρον

2966 3230 3361 3306 αἰχμαλώτους
3436 3230 3725 3303 ἀπήγαγον
3738 3274 3752 3295 ,

2105 3326 2195 3379 καὶ
2226 3326 2323 3393 τὴν
2353 3324 2477 3398 περὶ
2503 3323 2595 3378 τὸν
2634 3328 2847 3395 Ἴστρον
2878 3326 3049 3376 πᾶσαν
3083 3319 3413 3393 ἐπλήρωσαν
3447 3316 3709 3391 ὕπαιθρον
3737 3337 3749 3348 ·

2109 3418 2468 3469 συνεποσοῦτο
2549 3412 2652 3486 γὰρ
2709 3412 2770 3466 τὸ
2830 3406 3004 3478 ἔθνος,
3080 3410 3154 3471 ὡς
3213 3410 3265 3463 οὶ
3326 3405 3527 3468 εἰδότες
3587 3401 3765 3461 διεϐε-

2109 3499 2381 3569 ϐαιοῦντο,
2444 3501 2520 3562 εἷς
2578 3502 2841 3571 ἑξήκοντα
2904 3496 3170 3572 μυριάδας
3237 3496 3497 3572 μαχίμῶν
3547 3493 3762 3570 ἀνδρῶν

2107 3592 2195 3647 καὶ
2235 3590 2607 3662 πολεμιστῷν.
2640 3595 2825 3662 Μοῖρα
2870 3586 2927 3643 δέ
2976 3609 3060 3649 τις
3110 3586 3286 3640 αὐτῶν
3346 3585 3444 3640 οὐκ
3490 3584 3764 3660 ἐλαχίστη

2107 3680 2312 3735 τούτων
2372 3680 2749 3749 ἀποτμηθεῖσα
2806 3674 2939 3751 ἄχρι
2995 3672 3394 3743 Θεσσαλονίκης
3448 3673 3536 3727 καὶ
3595 3673 3769 3736 αὐτῆς

2109 3766 2377 3829 Ἑλλάδος
2407 3767 2721 3841 εἶσήῤῥησε,
2780 3766 2867 3821 καὶ
2908 3771 3012 3819 πᾶν
3068 3764 3130 3820 τὸ
3175 3763 3487 3838 προσουχὸν
3539 3760 3767 3817 κατελυ-

2115 3860 2331 3930 μήνατο
2362 3857 2452 3911 καὶ
2497 3855 2763 3929 ἰκεράϊσε,
2812 3853 2902 3909 καὶ
2949 3851 3098 3907 λείαν
3143 3851 3344 3920 ἤλασεν
3394 3850 3492 3905 οὐκ
3521 3850 3766 3924 ἀριθμη-

2108 3950 2232 4016 τήν.
2292 3948 2533 4017 Χειμῶνι
2591 3942 2648 3998 δὲ
2694 3962 3142 4016 περιπεπτωκυια
3199 3937 3426 4011 πολλῷ,
3486 3937 3575 3993 ὅτε
3624 3939 3766 4013 πρὸς

2109 4035 2237 4098 τοὺς
2296 4037 2581 4113 σφετέρους
2633 4035 2973 4111 ὑπέστρεφεν,
3017 4032 3081 4086 ού
3135 4030 3300 4103 μόνον
3359 4029 3424 4084 τὰ
3470 4027 3764 4101 ἀλλότρια,

2114 4124 2260 4180 ἀλλὰ
2309 4124 2398 4179 καὶ
2456 4125 2525 4179 τὰ
2581 4122 2776 4191 ἑαυτῆς
2830 4119 3027 4197 σχεδόν
3095 4113 3363 4174 ἀπέϐαλεν
3415 4115 3638 4183 ἅπαντα,
3671 4117 3766 4171 καὶ

2115 4211 2392 4289 δαστυχὴς
2441 4212 2517 4276 εἲς
2562 4214 2661 4281 τήν
2738 4204 3104 4282 παρεμϐολὴν
3162 4207 3519 4279 ἰπανέζευξεν.
3580 4207 3642 4262 Ὀ
3710 4203 3772 4259 δὶ

2120 4301 2375 4378 βασιλεὺς
2406 4299 2811 4372 πυνθανόμενος
2840 4298 2963 4370 περὶ
3007 4301 3104 4351 τοῦ
3134 4295 3467 4368 πληθυσμοῢ
3507 4291 3770 4369 ἤσχαλλε

2121 4392 2214 4465 μὶν
2243 4391 2329 4445 καὶ
2363 4388 2656 4462 ἠδημόνει,
2685 4386 2935 4463 στρατιὰν
2985 4386 3043 4440 δὲ
3098 4386 3348 4460 ἀθροῖσαι
3394 4384 3484 4439 καὶ
3516 4380 3775 4455 δυνάμεις

2116 4479 2452 4554 ἀξιομάχους
2484 4478 2693 4554 ἀφεῖναι
2748 4476 2863 4530 κατ’
2921 4474 3096 4529 αὐτῶν
3166 4473 3525 4548 ὀκνηρότερος
3574 4471 3772 4540 ἧν,ὡς

364 4563 575 4616 ducere
606 4566 662 4616 et
712 4561 823 4615 sibi
873 4563 1206 4631 conciliare,
1254 4563 1458 4620 multis
1502 4566 1702 4621 missis
1751 4573 2003 4625 muneri-

2125 4568 2217 4640 μέν
2245 4589 2386 4628 τινες
2437 4564 2646 4640 ἔλεγον,
2689 4569 2799 4619 τῶν
2851 4562 3223 4635 ἀναλωμάτων
3282 4559 3460 4638 φειδοῖ
3513 4562 3599 4631 (ἦν
3641 4562 3770 4635 γὰρ,

366 4651 493 4719 bus,
554 4651 769 4720 quibus
820 4651 1226 4721 delinirentur,
1261 4658 1437 4724 atque
1489 4656 1631 4710 adeo
1680 4655 1908 4728 aliquos
1951 4678 2018 4716 ex

365 4740 507 4811 ipsis
531 4739 750 4796 crebris
776 4740 1074 4795 beneficiis
1101 4746 1419 4810 exceperat.
1438 4744 1544 4797 Sed
1563 4745 1717 4798 natio
1738 4746 2012 4815 maxime,

365 4838 420 4885 et
452 4831 666 4885 ldClI‘CU
699 4831 958 4901 quotidie
992 4830 1373 4901 irruptioncm
1422 4818 1658 4901 faciens,
1694 4840 1758 4889 ut
1788 4836 2011 4906 stipen-

364 4918 525 4971 dium
580 4917 721 4971 illud
780 4918 1037 4983 haberet,
1075 4919 1130 4970 in
1193 4918 1408 4972 multas
1462 4919 1746 4983 Bulgaria).
1794 4933 2007 4993 partes,

355 5008 481 5077 jam
515 5008 703 5077 ipsam
738 5024 969 5077 quoque
994 5006 1301 5059 Thraciam
1323 5013 1380 5060 et
1399 5006 1793 5063 Macedoniam
1820 5013 2007 5082 Oppri-

363 5096 579 5150 mebat.
612 5096 735 5150 Non
769 5096 960 5150 ferens
982 5101 1175 5149 autem
1201 5096 1462 5149 convicia
1490 5096 1826 5167 imperator.
1851 5103 2001 5170 quod

361 5186 432 5241 ab
491 5186 766 5241 omnibus
832 5184 1020 5256 palam
1091 5190 1151 5238 ut
1216 5200 1425 5239 avarus
1493 5190 1667 5255 atque
1729 5189 2004 5243 sordidus

2128 4657 2201 4716 ὡς
2259 4654 2481 4730 ἔφαμεν,
2543 4652 2968 4731 φιλοχρήματος
3030 4651 3119 4706 καὶ
3170 4652 3261 4706 τὸν
3320 4644 3516 4703 ὀϐολὸν
3569 4650 3775 4710 παντὸς

2125 4744 2456 4817 προτιμῶν),
2492 4742 2567 4802 ὡς
2617 4738 2663 4796 δ’
2724 4738 2877 4810 ἔνιοι,
2934 4742 3008 4813 μή
3056 4739 3375 4815 ἀπσθαρῥῶν
3402 4739 3538 4813 πρὸς
3568 4738 3775 4793 τοσαύ-

2122 4853 2220 4901 την
2253 4830 2411 4905 ἷσχὺν
2465 4830 2984 4903 ἀντιπαρατάξασθαι
3024 4848 3037 4861 '
3091 4828 3321 4888 ἅπαντες
3351 4828 3453 4902 γὰρ
3483 4827 3775 4901 ἀπρόσμα-

2120 4939 2224 4995 χον
2286 4920 2348 4973 τὸ
2395 4923 2501 4973 τῶν
2560 4918 2812 4973 ἐναντίων
2888 4915 3101 4986 πλῆθος
3173 4914 3604 4990 διισχυρίζοντο,
3679 4917 3771 4971 καὶ

2118 5009 2406 5082 ἀμήχανος
2454 5005 2627 5062 ἐδόκει
2683 5012 2844 5061 πᾶσιν
2895 5009 2930 5075 ἡ
2992 5004 3285 5080 λύτρωσις,
3343 5003 3434 5057 καὶ
3488 5006 3773 5076 μετοικίαν

2114 5095 2222 5166 ἤδη
2259 5098 2309 5150 οἱ
2341 5095 2566 5157 πλείους
2598 5091 2977 5153 ἐϐουλεύοντο.
3014 5095 3075 5153 Ὁ
3106 5091 3164 5148 δὲ
3197 5091 3449 5167 βασιλεὺς
3479 5087 3777 5166 πρεσϐείαν

2118 5186 2256 5258 πρὸς
2300 5183 2429 5245 τοὺς
2488 5182 2755 5259 ἐθνάρχας
2838 5184 3011 5238 αὒτῶν
3070 5179 3343 5242 ὲστάλκὼς
3393 5179 3646 5255 ἐπειρᾶτο
3706 5183 3781 5244 ὡς

1669 5292 1919 5349 JACOBI
1959 5294 2174 5351 GOARI
2216 5293 2446 5347 NOTAE.

439 5394 549 5467 (l2)
607 5392 829 5467 Sultani
885 5391 1233 5467 vocabulu‘m
1288 5390 1619 5467 ‘Qedrenu‘s
1679 5391 2011 5467 significare

365 5458 510 5522 dicit
560 5465 969 5540 παντοκράτορα
1017 5462 1105 5516 καὶ
1162 5459 1406 5540 βασιλέαΔ
1437 5458 1885 5540 βασιλέωνξὴοο
1918 5470 2013 5540 est

361 5534 779 5610 imperatorem
809 5542 864 5591 et
897 5534 1091 5607 regem
1121 5534 1344 5607 regum.
1381 5535 1425 5587 A
1454 5534 1657 5610 Turcis
1683 5534 2011 5610 jam_vulgo

363 5604 468 5683 pra}
520 5604 1281 5683 dominogusurpaturfet
1328 5620 1541 5683 nomen
1584 5604 1692 5683 hoc
1744 5604 2015 5683 princeps

362 5674 567 5739 eorum
615 5678 793 5737 habet
838 5674 973 5733 aut"
1009 5674 1205 5752 ἆξοχήν
1256 5692 1363 5734 ceu
1406 5674 1569 5737 solus
1620 5680 1678 5739 et
1722 5674 2017 5739 maxith

2121 5390 2417 5447 dominus.
2453 5392 2538 5445 Ita
2570 5387 2981 5444 Leunclavius.

2193 5462 2306 5532 (i3)
2340 5468 2485 5535 Lego
2514 5457 2920 5535 κατακλυσμόν,
2966 5475 3080 5530 qua
3118 5456 3560 5535 _voce_moderni
3592 5474 3776 5535 nego-

2121 5527 2337 5606 tiorum
2372 5527 2668 5606 in'gentem
2703 5527 3013 5603 procellam
3035 5527 3247 5606 solent
3265 5528 3666 5606 interpretari.

2220 5604 2309 5672 14)
2334 5598 2628 5661 Οοάῑοοιιε
2663 5598 2720 5659 et
2749 5600 3166 5659 Constantinus
3214 5598 3279 5656 de
3307 5598 3466 5656 Αάηὶ.
3496 5600 3635 5673 Imp.
3670 5619 3774 5671 μο-

2124 5604 2325 5748 νόὲνλα
2350 5678 2583 5735 vocant.
