4008 6206
199 300 311 361 885

1710 248 2107 359 ms'roaIA.

3494 297 3613 359 386

206 432 316 487 οἷόν
371 452 431 486 τε
488 433 834 505 παρενεγκεῖν
896 426 1089 489 αὖτοὺς
1124 426 1213 483 καὶ
1270 427 1640 496 καταστεῖλαι,
1672 426 1857 484 πολλὰ

1994 430 2371 486 ncessebatur
2408 433 2466 484 et
2504 429 2913 498 accusabatur,
2946 429 3107 501 regia
3154 431 3298 486 urbe
3341 447 3613 503 egressus

206 522 421 581 τούτοις
482 515 807 578 ἀποστείλας
870 516 1127 591 ἐπαγωγὰ
1184 517 1272 570 καὶ
1333 516 1857 593 θελκτήριαοχαρί-

208 632 370 683 σμασι
402 612 510 683 γάρ
538 608 712 669 ένίους
746 606 920 661 αὐτῶν
976 604 1163 680 άδροῖς
1221 603 1561 678 ἐδεξιώσατο.
1597 606 1859 680 Μέγιστον

208 698 261 753 δέ
293 696 446 758 ἔθνος
478 700 563 768 ὃν,
594 697 683 751 καὶ
719 694 807 750 διὰ
852 700 1012 749 τοῦτο
1066 694 1200 767 πρὸς
1256 697 1526 768 πορισμὸν
1586 694 1861 768 ὁσημέρας

204 788 704 863 έπίῤῥηγνύμενον,
739 785 791 839 έν
824 782 1061 845 πολλοῖς
1114 786 1296 858 μέρεσι
1354 785 1450 851 την
1502 782 1862 859 Βουλγαρίαν,

205 882 285 948 [Ρ.
340 880 470 947 816}
504 873 615 945 ἤδη
670 872 726 928 δὶ
756 876 856 943 τήν
887 894 943 927 τε
974 873 1189 948 Θρᾴκην
1249 874 1337 927 καὶ
1386 874 1485 941 τήν
1534 870 1867 928 Μακεδονίαν

205 960 513 1029 συνέθλιϐε.
579 965 671 1031 Μὴ
734 964 909 1039 φέρων
963 959 1019 1015 δὲ
1071 962 1097 1015 6
1163 960 1418 1036 βασιλεὺς
1474 963 1542 1016 τά
1597 960 1868 1035 λεγόμενα

205 1054 425 1128 (ἀνέδην
458 1054 561 1127 γὰρ
596 1053 743 1126 παρὰ
773 1050 986 1104 πάντων
1020 1052 1093 1112 ὡς
1142 1047 1411 1127 φειδωλὸς
1458 1050 1546 1104 καὶ
1598 1049 1866 1125 γλίσχρος

204 1141 488 1215 διεσύρετο
547 1161 607 1195 τε
664 1142 753 1193 καὶ
815 1134 1160 1209 διεϐάλ)ετο)
1195 1133 1353 1207 ἔξεισι
1402 1146 1501 1207 τῆς
1562 1136 1865 1213 βασιλίδος,

204 1232 292 1285 καὶ
354 1230 484 1304 περὶ
544 1232 636 1283 τὸν
696 1228 864 1282 τόπον
927 1228 985 1287 ’ὸς
1046 1222 1423 1301 Χοιροϐάκχοι
1474 1226 1720 1282 καλεῖται
1766 1228 1863 1295 τὴν

204 1322 411 1388 σκηνὴν
482 1320 771 1391 πήγνυσιν,
825 1316 887 1370 οὐ
946 1314 1172 1378 πλείους
1244 1320 1353 1370 τῶν
1410 1316 1599 1370 ἑκατὸν
1664 1318 1867 1384 πεντή-

200 1430 367 1461 κοντα
444 1410 795 1481 στρατιωτῶν
872 1399 1211 1477 έπαγόμενος
1288 1406 1407 1476 μεθ’
1458 1405 1683 1458 ἑαυτοῦ·
1747 1406 1866 1457 ὅθεν

204 1499 293 1550 καὶ
360 1494 607 1556 πολλοῖς
668 1495 959 1564 θαυμάζειν
1020 1492 1173 1566 ἐπῄει
1234 1494 1381 1554 ὅπως
1435 1494 1569 1564 μετὰ
1596 1493 1867 1547 τοσούτων

205 1585 519 1659 ἀνόραρίων
554 1584 691 1657 πρὸς
738 1583 1007 1649 τοσαύτην
1068 1580 1283 1651 πληθὺν
1343 1580 1733 1637 ἀπεδειλίασεν.
1780 1584 1865 1635 Ἐν

202 1674 442 1745 τοιαύτῃ
504 1671 561 1725 δὲ
619 1674 933 1746 παρασκευῇ
994 1667 1147 1731 ὄντος
1206 1670 1369 1723 αὐτοῦ
1418 1671 1508 1723 καὶ
1554 1670 1677 1742 περὶ
1706 1690 1869 1723 συνα-

206 1770 399 1837 γωγῆς
465 1760 872 1836 βουλευομένου
925 1762 1173 1832 στρατοῦ,
1222 1756 1499 1833 δρομαίως
1546 1757 1870 1833 προσελθόν-

206 1873 294 1911 τες
325 1856 476 1911 τινες
507 1846 739 1918 ἐδηλουν
780 1854 861 1919 τῷ
914 1844 1129 1922 βασιλεῖ
1177 1848 1276 1916 τήν
1321 1868 1379 1901 τε
1425 1848 1532 1901 τῶν
1583 1847 1872 1922 ἡγεμόνων

208 1940 492 2013 λύτρωσιν
544 1938 636 1991 καὶ
705 1941 804 1990 τοῦ
877 1934 1057 1997 ἔθνους
1124 1936 1323 1997 παντὸς
1397 1938 1495 2004 τὴν
1575 1936 1869 2004 ἀπώλειαν,

213 2027 518 2105 φράζοντες
548 2027 625 2087 ὡς
655 2026 705 2079 οἱ
741 2025 834 2097 μὶν
879 2024 1147 2097 ἡγεμόνες
1199 2024 1373 2078 αὐτῶν
1426 2019 1685 2097 ἐμϐάντες
1744 2027 1871 2078 σκά-

214 2138 336 2193 φεσι
396 2117 493 2170 τὸν
555 2116 763 2189 Ἴστρον
832 2108 1207 2182 διαϐεϐήκασι,
1260 2112 1321 2166 τὸ
1400 2110 1457 2166 δὶ
1527 2110 1869 2191 περιλειφθὲν

207 2206 433 2274 πλῆθος
488 2205 645 2275 λιμῷ
689 2223 747 2256 τε
805 2202 894 2255 καὶ
944 2201 1127 2273 λοιμῷ
1181 2206 1297 2262 τοῖς
1341 2222 1398 2255 τε
1453 2203 1872 2275 παρακειμένοις

215 2294 568 2368 Βουλγάροις
669 2290 758 2345 καὶ
881 2290 1235 2358 Πατζινάκοις
1334 2292 1873 2364 καταπολεμηθέντες

214 2382 387 2455 ἄρδην
421 2380 743 2447 ἀπώλοντο,
776 2384 910 2434 Θεοῦ
955 2380 1017 2433 τὸ
1064 2385 1167 2432 πᾶν
1225 2379 1612 2454 ἐργασαμένου,
1648 2382 1873 2453 Λέγεται

209 2474 308 2546 γὰρ
372 2472 454 2530 ὡς
513 2468 780 2543 ἀπογνοὺς
841 2468 869 2521 6
932 2465 1183 2541 βασιλεὺς
1242 2465 1301 2520 ἐκ
1352 2466 1589 2533 πάντων,
1622 2467 1873 2537 νηστείαν

214 2558 591 2635 παραγγείλας
667 2562 744 2627 τῷ
800 2576 859 2610 τε
913 2555 1115 2625 πλήθει
1186 2555 1274 2609 καὶ
1347 2556 1540 2627 ἑαυτῷ,
1602 2554 1873 2610 λιτανείαν

218 2649 403 2715 ἰκτενῆ
499 2646 827 2715 ἐποιήσατο,
913 2645 1076 2705 αὐτὸς
1156 2644 1315 2712 πεζὸς
1394 2644 1873 2719 συμπορευόμενος

221 2738 351 2809 μετᾶ
404 2734 663 2807 δακρύων
751 2734 837 2787 καὶ
923 2733 1388 2805 συντετριμμένης
1458 2730 1698 2805 καρδίας,
1757 2734 1875 2796 καθ’

219 2829 275 2894 ἣν
328 2829 551 2899 ἡμέραν
615 2823 779 2899 ἐφάνη
838 2827 954 2881 τοῖς
1010 2821 1059 2874 έν
1110 2826 1190 2892 τῷ
1240 2820 1535 2894 Τζουρολῷ
1563 2820 1875 2893 ἐσκηνωμέ-

221 2937 340 2975 νοις
420 2918 534 2967 τῶν
612 2910 793 2979 Diiva
884 2909 1097 2979 πλῆθος
1191 2912 1574 2983 στρατιωτικὸν
1658 2910 1873 2965 ἐπιστὰν

222 3004 493 3079 ἐναέριον,
547 2999 792 3055 διᾶτττον
858 3001 948 3052 σὺν
1022 2996 1254 3071 σπουδῇ,
1319 2997 1453 3073 βέλη
1530 3000 1643 3054 κατ’
1705 3000 1878 3053 αὐτῶν

220 3094 431 3170 asiam
491 3097 719 3164 συνεχῆ,
774 3088 911 3142 ὥστε
968 3088 1173 3159 μηδένα
1229 3088 1280 3157 ἐξ
1338 3089 1515 3142 αὐτῶν
1574 3088 1867 3160 ἀπομεῖναι

499 2646 794 2715 ἐποιήσατο
814 2689 827 2711 ,

1969 519 2041 573 ad
2102 517 2289 571 locum
2344 517 2442 589 qui
2481 518 2864 574 Chcarobachi
2920 524 3160 573 vocatur
3216 520 3369 576 656
3425 528 3617 576 castra

1972 606 2156 676 ponit,
2188 606 2341 660 haud
2389 605 2585 677 plures
2624 613 2859 661 centum
2894 613 2951 661 et
2982 607 3424 679 quinquagenta
3457 610 3614 664 mili-

1970 695 2132 749 tibus
2188 712 2385 750 secum
2446 697 2763 763 adducens,
2809 714 2874 750 ex
2928 714 3041 768 quo
3092 697 3289 767 plures
3340 700 3617 754 admirari

1975 786 2269 854 quomodo
2301 800 2431 838 cum
2468 785 2625 838 hisce
2672 784 3047 840 bomunculis
3080 786 3359 841 adversus
3391 792 3614 841 tantam

1975 872 2408 927 multitudinem
2462 873 2737 943 congredi
2788 874 3044 928 auderet.
3080 874 3290 929 Verum
3340 893 3474 930 cum
3526 876 3621 931 ille

1975 960 2032 1015 in
2068 962 2473 1031 hujuscemodi
2503 967 2782 1031 apparatu
2804 968 3136 1017 versaretur
3164 981 3229 1018 ac
3261 965 3331 1020 de
3362 967 3621 1036 cogendo

1976 1051 2229 1104 exercitu
2263 1048 2615 1114 consuleret,
2649 1051 2887 1119 quidam
2936 1052 3006 1105 ad
3056 1052 3250 1122 ipsum
3284 1060 3623 1110 accurentes

1976 1154 2291 1203 accessere,
2341 1145 2515 1208 atque
2564 1139 2743 1193 duces
2790 1140 3126 1211 redemptos
3177 1145 3521 1197 nuntiarunt
3568 1148 3626 1198 et

1976 1226 2156 1281 totius
2180 1227 2433 1281 nationis
2458 1227 3126 1293 interitum,asserentes
3152 1230 3327 1283 duces
3359 1232 3621 1302 ipsorum

1976 1314 2310 1369 conscensis
2343 1314 2592 1384 navigiis
2622 1318 2835 1369 Istrum
2882 1318 3305 1383 transmisisse,
3337 1319 3621 1389 reliquam

1974 1420 2110 1458 vero
2161 1402 2601 1457 multitudinem
2654 1406 2803 1458 tame
2844 1421 2909 1458 ac
2952 1412 3111 1475 peste
3158 1413 3216 1461 et
3268 1425 3300 1461 a
3352 1407 3623 1463 finitimis

1978 1492 2243 1561 Bulgaris
2275 1498 2328 1545 et
2360 1492 2682 1545 Patzinacis
2733 1493 3080 1548 debellatam
3129 1496 3391 1550 funditus
3439 1497 3622 1551 inter-

1977 1582 2138 1645 iisse,
2162 1581 2276 1635 Deo
2300 1598 2471 1634 omne
2502 1580 2643 1633 illud
2669 1598 2819 1651 opus
2850 1590 3218 1651 procurante.
3251 1586 3448 1639 Fertur
3468 1587 3623 1640 enim

1977 1669 2316 1739 imperator,
2349 1670 2674 1739 desperatis
2707 1672 2902 1738 rebus,
2938 1672 3215 1727 indixisse
3242 1674 3537 1742 jejunium
3570 1680 3627 1728 et

1980 1758 2089 1813 sibi
2139 1763 2196 1812 et
2247 1757 2483 1828 populo,
2522 1764 2580 1811 et
2630 1758 2900 1813 assiduas
2950 1760 3408 1831 supplicationes
3459 1762 3625 1816 adhi-

1980 1847 2199 1914 buisse,
2224 1847 2349 1917 ipse
2387 1848 2563 1917 pedes
2595 1846 2773 1901 simul
2805 1864 2936 1901 cum
2972 1848 3242 1921 lacrymis
3267 1851 3541 1906 incedens
3573 1856 3630 1906 et

1980 1936 2231 1991 contrito
2280 1936 2470 1989 corde.
2499 1936 2622 2000 Qua
2654 1936 2745 1989 die
2789 1942 3101 2007 conspecta
3141 1946 3229 1993 est
3276 1924 3357 1993 in.
3384 1940 3627 1995 Tzurolo

1982 2026 2052 2079 ab
2086 2024 2216 2080 Uzis
2266 2025 2323 2079 in
2371 2024 2767 2079 tabernaculis
2815 2028 3319 2082 commorantibus
3373 2029 3627 2084 militum

1981 2112 2300 2167 multitudo
2333 2113 2389 2166 in
2422 2113 2543 2166 acie
2582 2113 2833 2168 emicare
2866 2120 2923 2167 et
2951 2131 3083 2170 cum
3116 2133 3351 2171 summa
3389 2118 3629 2172 festina-

1983 2204 2137 2257 tione
2168 2202 2373 2255 crebra
2394 2208 2593 2255 contra
2625 2202 2785 2272 ipsos
2816 2203 2928 2255 tela
2949 2205 3162 2272 jacere,
3187 2205 3267 2259 ita
3295 2211 3356 2259 ut
3387 2222 3453 2260 ex
3486 2207 3631 2277 ipsis

1983 2308 2150 2346 nemo
2203 2290 2420 2344 illaesos
2469 2292 2838 2355 remanserit,
2873 2291 3012 2360 quin
3057 2292 3269 2346 vulnus
3318 2295 3628 2365 acceperit.

1984 2384 2307 2451 Imperator
2354 2386 2544 2434 autem
2606 2379 2720 2433 Deo
2778 2380 3061 2435 sacriﬁcio
3115 2398 3245 2435 cum
3305 2383 3628 2453 gratiarum

1982 2470 2208 2524 actione
2258 2474 2512 2539 peracto,
2539 2474 2687 2522 recta
2719 2471 2785 2522 ad
2822 2468 3039 2540 regiam
3090 2470 3293 2524 urbem
3327 2488 3387 2525 sc
3419 2476 3628 2526 contu-

1983 2558 2069 2625 lit,
2106 2574 2277 2629 quam
2318 2558 2528 2627 reperit
2572 2558 2977 2612 admirationis
3010 2575 3074 2612 ac
3104 2560 3361 2629 stuporis
3394 2560 3627 2632 plenam

1984 2652 2237 2717 votaque
2307 2646 2421 2701 Deo
2481 2661 2583 2715 pro
2641 2652 2876 2716 accepta
2933 2645 3119 2701 salute
3180 2648 3628 2719 persolventem.

1983 2736 2201 2790 Verum
2234 2751 2439 2789 omnes
2470 2736 2622 2804 quod
2668 2735 2884 2788 factum
2913 2741 3036 2789 erat
3078 2736 3342 2792 divinum
3378 2739 3630 2792 miracu-

1983 2824 2106 2878 lum
2166 2829 2499 2885 censentes,
2557 2822 2928 2893 imperatoris
2988 2841 3125 2895 erga
3184 2825 3365 2879 Deum
3436 2826 3633 2898 pietati

1986 2914 2377 2981 ascrihebant,
2405 2915 2557 2983 quod
2591 2916 2803 2968 virtute
2834 2920 2890 2969 et
2930 2933 3042 2969 non
3076 2917 3213 2970 vitio
3246 2922 3347 2970 aut
3380 2918 3645 2991 potentia.

1986 3003 2378 3071 imperatoris,
2416 3004 2514 3056 sed
2567 3004 2847 3073 religione
2886 3005 3038 3059 Deus
3087 3005 3212 3073 ipse
3246 3005 3429 3061 flexus
3459 3012 3632 3061 esset.

1986 3095 2123 3145 Post
2155 3091 2559 3160 hujuscemodi
2592 3090 2813 3145 cladem
2840 3092 3077 3161 quidam
3112 3109 3180 3146 ex
3211 3095 3356 3150 057
3397 3094 3540 3165 ipsis
3564 3096 3635 3150 ad

220 3165 493 3257 ἄτρωτον.
532 3182 595 3236 Ὁ
628 3176 685 3233 δὲ
718 3176 975 3252 βασιλεὺς
1005 3181 1085 3248 τῷ
1116 3180 1231 3247 Θεῷ
1280 3175 1438 3238 θύσας
1494 3176 1559 3231 τὰ
1614 3181 1869 3251 χαριστή.

1990 3179 2393 3249 imperatorem
2446 3196 2509 3233 se
2559 3180 2883 3241 contulere,
2937 3197 2969 3234 a
3018 3198 3133 3250 quo
3180 3183 3431 3252 acceptis
3482 3183 3637 3254 agris

214 3291 308 3345 ρια
367 3268 500 3332 εύθῦ
556 3275 656 3335 τῆς
724 3263 1009 3342 βασιλίδος
1085 3265 1407 3339 πεπόρευτο.
1470 3266 1606 3341 Εὗρε
1682 3263 1739 3320 δὶ
1789 3268 1877 3320 καὶ

212 3360 422 3428 ταύτην
456 3356 775 3426 ἔκπλήξεως
808 3356 1080 3429 γέμουσαν
1112 3354 1197 3408 καὶ
1246 3355 1312 3407 τὰ
1368 3358 1581 3429 σῶστρα
1632 3360 1712 3426 τῷ
1764 3360 1881 3427 Θεῷ

215 3448 577 3503 ιπιθύουσαν.
614 3444 790 3499 Ἀλλά
833 3444 1026 3505 πάντες
1075 3441 1268 3502 ἁπλῶς
1323 3442 1621 3515 θεοσημίαν
1676 3444 1739 3497 τὸ
1787 3465 1879 3517 γε-

211 3538 378 3611 γονὸς
409 3534 737 3610 ἐλογίζοντο
760 3533 849 3587 καί
880 3536 948 3604 τῇ
979 3536 1076 3585 to?)
1111 3529 1377 3606 βασιλέως
1427 3531 1548 3607 περὶ
1609 3532 1672 3586 τὸ
1726 3537 1880 3587 Θεῖον

216 3621 471 3693 εὐσεϐείᾳ
531 3625 597 3676 τὸ
649 3626 750 3675 πᾶν
814 3620 1138 3687 ἀνετίθεσαν,
1191 3620 1354 3693 ἀρετῇ
1426 3620 1502 3692 μὴ
1577 3619 1739 3691 κακίᾳ
1792 3621 1881 3674 καὶ

213 3719 281 3787 τῇ
317 3712 598 3789 ἄρχοντος
630 3710 775 3785 ῥοπῇ
808 3710 899 3763 καὶ
930 3709 1053 3782 περί
1085 3710 1145 3763 τὸ
1178 3714 1329 3763 Θεῖον
1366 3704 1618 3781 εὐλαϐείᾳ
1647 3710 1706 3763 τὸ
1729 3715 1882 3763 Θεῖον

1989 3267 2241 3339 publicis
2295 3266 2643 3321 Macedonia;
2694 3268 2968 3322 Romanis
3029 3274 3337 3338 steterunt,
3392 3277 3448 3325 et
3494 3271 3635 3325 socii

1989 3357 2251 3428 ipsorum
2321 3360 2495 3425 atque
2562 3355 2646 3410 eis
2703 3356 3037 3411 obedientes
3103 3357 3387 3413 hactenus
3455 3360 3636 3428 fuere,

1993 3446 2312 3501 honoribus
2378 3446 2686 3501 senatoriis
2751 3452 2921 3517 atque
2990 3447 3326 3503 illustribus
3390 3450 3635 3521 dignati.

1991 3535 2291 3606 Agebatur
2358 3541 2553 3589 autem
2623 3539 2761 3589 tunc
2820 3541 3019 3591 sextus
3077 3553 3267 3591 annus
3328 3538 3640 3609 imperanti

1993 3629 2185 3691 Ducas,
2217 3623 2537 3678 indictione
2585 3624 2775 3690 tertia,
2810 3641 2963 3679 anno
3011 3627 3152 3680 6573
3197 3627 3269 3680 ab
3316 3627 3455 3683 orbe
3504 3645 3642 3682 con-

1996 3714 2137 3767 dito.

212 3804 671 3875 ἑπικλινόμενον.
716 3798 1037 3875 Προσῆλθον
1094 3798 1150 3853 δὲ
1205 3798 1409 3854 τούτων
1460 3800 1601 3861 τινες
1654 3801 1788 3872 μετὰ
1842 3800 1935 3855 τὸν
1994 3805 2239 3855 τοιοῦτον
2301 3796 2525 3875 ὄλεθρον
2586 3806 2663 3872 τῷ
2728 3800 2964 3875 βασιλεῖ,
2997 3802 3085 3856 καὶ
3147 3805 3334 3878 χώραν
3386 3800 3643 3866 λαϐόντες

213 3892 498 3966 δημοσίαν
532 3891 642 3945 ἀπὸ
674 3892 770 3957 τῆς
804 3886 1175 3956 Μακεδονικῆς
1206 3889 1272 3941 τὰ
1301 3888 1587 3960 Ῥωμαίων
1624 3888 1945 3966 ἐφρόνησαν,
1976 3890 2065 3943 καὶ
2097 3889 2384 3963 σύμμαχοι
2433 3889 2521 3943 καὶ
2568 3891 2801 3959 ὑπήκοοι
2860 3891 3066 3945 τούτων
3114 3892 3279 3967 μέχρι
3337 3901 3436 3963 τῆς
3486 3892 3644 3968 δεῦρο

209 3987 508 4059 γεγόνασι,
542 3981 636 4035 xui
669 3980 991 4051 ἀξιωμάτων
1022 3977 1398 4052 συγκλητικῶν
1428 3979 1516 4031 καὶ
1549 3978 1819 4053 λαμπρῶν
1852 3980 2189 4052 ἠξιώθησαν.
2220 3981 2317 4033 Ἦν
2350 3976 2407 4033 δὲ
2436 3979 2498 4032 τὸ
2529 3985 2824 4049 τηνικαῦτα
2847 3977 2962 4042 ἔτος
3003 3983 3097 4054 μὲν
3116 3979 3269 4036 ἕκτον
3305 3981 3644 4056 βασιλεύοντι

206 4080 293 4145 τῷ
338 4072 529 4142 Δουκί,
568 4066 843 4123 ἶνδικτιὼν
871 4068 939 4141 γ’,
977 4064 1092 4129 ἔτος
1125 4069 1289 4143 ,ςφογ’
1318 4073 1419 4136 τῆς
1447 4074 1720 4140 κοσμικῆς
1752 4068 1998 4133 κτίσεως.

286 4198 408 4272 Πρὸ
462 4194 523 4249 δὶ
583 4192 779 4248 τούτου
830 4195 928 4246 τοῖ’)
983 4187 1136 4253 ἔτους
1189 4196 1326 4245 κατὰ
1381 4191 1471 4244 τὸν
1512 4186 1881 4264 Σεπτέμϐριον

212 4293 395 4357 μῆνα,
455 4290 560 4352 τῆς
623 4278 871 4353 δευτέρας
919 4279 1322 4351 έπινεμήσεως,
1372 4285 1450 4354 κγ’
1508 4276 1735 4353 ἄγοντος
1790 4284 1885 4333 τοῦ

215 4374 396 4429 αὐτοῦ
469 4372 677 4444 μηνὸς,
736 4368 859 4442 περὶ
919 4365 1166 4443 δευτέραν
1222 4366 1469 4442 φυλακην
1522 4375 1623 4436 τῆς
1674 4369 1887 4435 νυκτὸς,

210 4462 455 4534 σεισμὸς
484 4458 725 4528 ἐξαίσιος
766 4458 954 4532 γέγονε
1008 4461 1116 4510 τῶν
1172 4458 1395 4510 πώποτε
1446 4457 1749 4531 γενομένων
1810 4456 1891 4511 έκ-

209 4550 713 4620 πληκτικώτερος,
744 4544 805 4599 ἐκ
840 4550 946 4599 τῶν
989 4545 1284 4619 Ἐσπερίων
1343 4549 1524 4619 μερῶν
1570 4544 1887 4618 ἀρξάμενος.

211 4645 508 4699 Τοσοῦτος
544 4634 602 4689 δὲ
633 4636 699 4702 ἦν
733 4635 794 4688 τὸ
827 4632 1054 4707 μέγεθος
1086 4635 1159 4694 ὡς
1215 4633 1303 4687 καὶ
1365 4632 1542 4696 οἰκίας
1598 4633 1891 4708 ἀνατρέψαι

216 4728 456 4787 πολλὰς
513 4723 608 4778 καὶ
690 4721 849 4782 ναοὺς
906 4722 993 4776 καὶ
1050 4721 1252 4783 κίονας.
1309 4722 1387 4778 Τὰ
1440 4720 1608 4792 ὅμοια
1666 4719 1722 4775 δὲ
1776 4729 1891 4778 τοῖς

214 4816 557 4892 εἰρημένοις
602 4811 897 4873 πεπόνθασι
930 4808 1230 4871 Ῥαιδεστός
1288 4830 1346 4863 τε
1400 4810 1487 4863 καὶ
1552 4812 1747 4863 Πάνιον
1806 4812 1895 4864 καὶ

213 4909 278 4960 τὸ
316 4904 711 4978 Μυριόφυτον,
744 4901 817 4960 ὡς
868 4899 957 4952 καὶ
1020 4898 1157 4973 μέρη
1216 4904 1417 4973 τειχῶν
1462 4900 1549 4967 [Ρ.
1603 4900 1729 4971 817]
1780 4900 1896 4953 ἀνα-

213 5001 514 5070 τραπῆναι
552 4992 718 5064 ἄχρις
755 4983 1066 5061 ὑποϐάθρας
1124 4987 1214 5041 καὶ
1272 4985 1531 5051 πλείστας
1582 4986 1774 5059 οἰκίας,
1806 4988 1894 5041 καὶ

214 5086 396 5164 γόνον
451 5078 700 5156 γενέσθαι
758 5075 956 5132 πυλύν,
1010 5075 1183 5164 Ἀλλὰ
1243 5077 1348 5149 μὴν
1409 5076 1497 5130 καὶ
1552 5077 1586 5145 ἠ
1650 5075 1898 5145 Κύζικος,

213 5163 401 5231 ὁπότε
462 5169 559 5223 καὶ
614 5167 678 5222 τὸ
736 5165 788 5219 έν
844 5166 981 5237 αὐτῇ
1030 5163 1358 5235 Ἑλληνικὸν
1394 5165 1535 5238 ἱερὸν
1582 5165 1898 5235 κατεσείσθη

212 5267 311 5319 ui
340 5265 438 5332 τῷ
496 5256 748 5326 πλείστῳ
801 5254 949 5328 μέρει
990 5255 1265 5322 κατέπεσε,
1303 5254 1552 5330 μέγιστον
1606 5253 1663 5307 ὃν
1705 5260 1903 5329 χρῆμα

214 5354 367 5427 πρὸς
407 5347 537 5413 θέαν
576 5343 646 5398 δι’
680 5342 996 5419 ὀχυρότητα
1024 5342 1112 5397 καὶ
1150 5342 1303 5399 λίθου
1351 5348 1451 5397 τοῦ
1502 5342 1801 5397 καλλίστου
1846 5363 1904 5397 τε

218 5444 315 5498 καὶ
391 5436 662 5509 μεγίστου
721 5432 981 5507 ἁρμονίαν
1031 5432 1118 5487 καὶ
1176 5430 1541 5504 ἀνοικοδομήν
1596 5432 1681 5485 xui
1735 5431 1905 5505 ὕψους

222 5533 317 5587 καὶ
362 5526 640 5601 μεγέθους
701 5520 995 5597 διᾶρκειαν.
1031 5520 1127 5575 Καὶ
1181 5521 1345 5596 μέχρι
1397 5518 1452 5575 δὲ
1500 5518 1594 5574 δύο
1649 5519 1902 5574 ἐνιαυτῶν

222 5624 433 5677 ἔκτοτε
498 5608 745 5689 φοράδην
813 5610 1107 5687 ἐπεφοίτων
1187 5611 1395 5682 σεισμοὶ
1479 5606 1709 5682 μηδαμῆ
1794 5614 1907 5671 τυῖς

2068 4201 2234 4249 Anno
2265 4210 2398 4249 vero
2431 4194 2728 4266 superiore
2760 4195 2910 4251 circa
2952 4211 3213 4251 mensem
3246 4198 3647 4267 Septembrem

1995 4284 2316 4339 indictione
2374 4284 2661 4349 secunda,
2695 4283 2970 4339 vicesima
3027 4286 3199 4340 tertia
3256 4286 3348 4341 die
3406 4288 3647 4354 mensis,

1998 4373 2151 4427 circa
2180 4372 2499 4427 secundam
2536 4371 2723 4426 noctis
2746 4372 3023 4443 vigiliam,
3042 4378 3206 4428 terrae
3230 4380 3423 4429 motus
3447 4375 3652 4443 ingens

2000 4462 2191 4515 factus
2222 4466 2277 4514 et
2308 4460 2575 4514 omnium
2598 4461 2695 4530 qui
2730 4478 2989 4531 unquam
3021 4461 3180 4517 fuere
3206 4462 3453 4517 maxime
3484 4464 3651 4518 terri-

1923 4575 1971 4636 Β
2001 4549 2159 4614 bilis,
2186 4550 2259 4603 ab
2288 4549 2619 4603 Occidentis
2664 4548 2929 4619 partibus
2976 4551 3282 4621 incipiens,
3303 4558 3476 4622 atque
3510 4553 3653 4607 adeo

2002 4640 2315 4693 vehemens
2348 4644 2410 4691 ut
2443 4641 2499 4690 et
2546 4639 2750 4691 domos
2802 4638 3017 4693 multas
3050 4642 3319 4695 everterit
3350 4647 3406 4695 et
3438 4641 3657 4712 templa

2004 4732 2061 4781 et
2092 4726 2417 4780 columnas.
2451 4729 2517 4778 Et
2548 4726 2765 4779 similia
2797 4726 2867 4781 iis
2899 4744 3026 4797 quae
3061 4728 3177 4796 jam
3211 4729 3470 4784 diximus
3504 4730 3652 4784 acci-

2005 4817 2141 4869 dere
2183 4815 2444 4869 Rmdesto
2491 4819 2547 4868 et
2597 4815 2773 4867 Panio
2822 4820 2995 4885 atque
3044 4817 3430 4889 MyriOphyto,
3466 4818 3545 4873 ita
3595 4823 3658 4873 ut

2008 4919 2312 4957 murorum
2355 4907 2545 4973 partes
2601 4918 2787 4972 usque
2826 4904 2897 4957 ad
2951 4906 3143 4973 ipsum
3208 4906 3653 4961 fundamentum

2009 4991 2215 5045 dirutae
2265 4990 2387 5044 siut
2434 4996 2490 5044 et
2538 4990 2747 5044 domus
2802 4990 3087 5060 plurimae,
3122 4998 3178 5048 et
3229 4994 3413 5049 multa
3471 4996 3659 5049 caedes

2009 5079 2183 5133 facta.
2219 5077 2549 5144 Quinetiam
2582 5079 2818 5148 Cyzicus
2869 5079 3023 5134 haud
3055 5098 3262 5153 expers
3295 5084 3495 5138 damni
3528 5083 3658 5152 fuit,

2011 5166 2305 5235 siquidem
2357 5166 2643 5236 templum
2674 5170 3028 5233 Graacorum,
3064 5172 3217 5241 quod
3256 5172 3313 5226 in
3355 5172 3485 5243 ipsa
3515 5178 3659 5239 erat,

2012 5260 2368 5310 commotum
2400 5262 2488 5309 est
2521 5256 2601 5309 ita
2628 5260 2689 5309 ut
2722 5256 2975 5311 maxima
3004 5257 3165 5314 illius
3195 5277 3329 5331 pars
3360 5260 3661 5330 deciderit,

2014 5361 2145 5399 cum
2180 5350 2333 5398 esset
2356 5344 2677 5398 maximum
2701 5345 3124 5415 spectaculum,
3150 5355 3273 5403 tum
3296 5351 3450 5420 quod
3477 5350 3665 5405 muni-

2013 5434 2312 5487 tissimum
2346 5440 2489 5497 erat,
2516 5439 2637 5486 tum
2674 5434 2827 5504 quod
2862 5450 2925 5487 ex
2960 5435 3353 5506 pulcherrimo
3386 5438 3575 5509 lapide
3607 5444 3664 5494 et

2018 5522 2272 5576 maximo
2304 5521 2710 5576 admirabilem
2756 5526 3063 5578 structurae
3096 5526 3357 5581 ordinem
3391 5528 3661 5593 habebat,

2016 5616 2143 5665 tum
2174 5627 2305 5666 vero
2355 5611 2511 5682 quod
2559 5610 2871 5666 aediﬁcium
2911 5612 3204 5669 videretur
3245 5621 3304 5670 et
3352 5614 3663 5670 altitudine
