4008 6206
387 318 503 381 387

1688 309 2013 371 JOANNIS
2058 306 2467 370 SCYLI-TZAE

382 456 440 507 et
457 449 864 523 magnitudine
880 448 1091 503 idonea
1107 447 1166 501 in
1187 450 1532 518 perpetuum
1556 458 2003 515 permansurum

2150 438 2499 515 ἑξωροτέροις
2550 440 3047 514 μνημονευόμενοι.
3109 444 3183 499 Τὰ
3209 444 3345 499 αὐτὰ
3391 443 3448 500 δὲ
3475 447 3566 501 καὶ
3620 450 3655 516 ἡ
3702 446 3804 503 Νί-

380 547 449 598 Et
481 557 665 613 usque
696 540 765 595 ad
798 540 946 594 duos
987 554 1173 593 annos
1204 554 1270 593 ex
1302 553 1367 591 eo
1397 540 1659 606 tempore
1694 534 2027 604 frequentes

379 638 543 687 terrae
578 636 774 685 motus
824 630 1043 684 fiebant
1092 628 1234 681 adeo
1292 626 1556 695 ingentes
1618 627 1680 677 ut
1736 621 2026 692 ejusmodi

379 722 631 790 majores
663 724 802 773 natu
840 717 1079 771 minime
1112 715 1538 769 meminissent.
1571 712 1777 765 Eadem
1811 712 2027 764 damna

380 826 656 881 perpessa
694 812 777 862 est
825 807 1035 873 Micam,
1072 805 1126 857 in
1180 820 1294 874 qua
1322 802 1607 872 templum
1660 806 1870 853 sanctas
1921 800 2025 853 So-

381 899 530 970 phire
580 896 838 951 dicatum
888 901 943 948 et
995 898 1328 946 sanctorum
1393 891 1624 945 Palrum
1666 889 1817 945 658
1872 889 2026 942 cedes

380 990 772 1057 conquassata
819 987 977 1047 sunt,
1011 986 1065 1035 et
1112 982 1263 1035 muri
1316 996 1447 1033 cum
1491 979 1699 1032 civium
1751 977 2025 1032 domibus

376 1075 617 1145 collapsi
662 1078 817 1139 sunt,
850 1078 904 1125 et
952 1071 1072 1123 loca
1105 1086 1340 1140 quoque
1385 1068 1580 1122 Dromi
1633 1066 1864 1138 penitus
1896 1083 2021 1119 cor-

377 1166 635 1218 ruerunt.
665 1161 839 1214 Erant
870 1160 988 1213 hazc
1020 1163 1390 1229 peccatorum
1424 1160 1626 1211 exacta
1648 1156 1938 1226 supplicia
1968 1158 2025 1208 et

376 1268 617 1323 prorsus
667 1249 747 1303 ita
795 1248 1009 1312 divina,
1045 1252 1101 1301 et
1131 1246 1457 1300 innuebant
1500 1246 1669 1299 modo
1703 1245 1866 1298 dicta:
1920 1260 2020 1297 na-

372 1340 549 1394 tionis
606 1339 922 1393 adventum
976 1340 1031 1390 et
1089 1336 1439 1391 interitum:
1490 1336 1544 1388 in
1593 1334 1805 1387 divinis
1866 1332 2021 1387 enim

370 1428 655 1499 portentis
690 1443 802 1481 non
850 1440 1107 1497 praesens
1147 1429 1379 1478 tantum
1415 1424 1511 1478 sed
1550 1422 1724 1477 etiam
1758 1422 2020 1476 futurum

372 1517 723 1589 prasvidetur
754 1520 811 1569 et
845 1512 1351 1585 przssigniﬁcatur.

441 1624 592 1677 Maio
624 1638 856 1693 quoque
905 1635 1127 1685 mense,
1162 1624 1371 1691 quarta
1398 1617 1626 1673 decima
1676 1617 2016 1683 indictione,

368 1712 639 1783 apparuit
696 1710 907 1765 crinita
974 1708 1139 1764 stella
1195 1712 1325 1779 post
1387 1707 1569 1761 solem
1632 1707 2017 1773 occidentem,

2139 550 2264 583 καια
2317 529 2569 594 πίπονθε·
2632 531 2944 603 κατεσείσθη
2997 535 3101 609 γὰρ
3160 536 3248 589 καὶ
3307 536 3475 611 ταύτῃ
3520 538 3550 592 6'
3606 558 3664 593 τε
3719 539 3804 593 ἅττ’

2142 618 2367 692 ὀνόματι
2412 628 2511 689 τῆς
2558 621 2716 695 ἁγίας
2771 622 2977 700 Σοφίας
3005 623 3131 685 ναὸς
3161 625 3250 679 καὶ
3280 626 3309 679 6
3342 623 3639 701 λεγόμενος
3689 650 3800 684 των

2138 708 2300 783 ἆγίων
2356 709 2605 783 Πατὲρων
2652 711 2842 783 σηκὸς,
2893 712 2980 766 καὶ
3008 714 3074 767 τὰ
3103 714 3264 789 τείχη
3300 714 3359 770 δὲ
3389 716 3482 771 σὺν
3524 724 3643 777 τοῖς
3690 739 3801 773 που

2137 797 2369 859 λιτικοῖς
2429 799 2691 871 οἰκήμασι
2744 802 3249 869 καταπεπτώκασιν,
3310 804 3398 860 ὅτε
3456 803 3521 873 δὴ
3582 807 3673 860 καὶ
3733 809 3802 862 τὰ

2134 891 2230 940 τοῦ
2285 889 2495 961 τρόμου
2563 888 2827 959 κατὲληξε
2874 889 3081 946 τέλεον.
3144 895 3315 948 Ἦσαν
3368 891 3426 948 δὲ
3480 900 3648 950 ταύτα
3706 899 3795 950 καὶ

2134 974 2410 1052 εἷ’σπραξις
2493 979 2587 1051 μὲν
2664 981 3076 1055 ἁμαγτημάτων
3154 982 3248 1037 καὶ
3308 981 3483 1058 χόλος
3540 987 3687 1047 θεῖος
3749 988 3798 1058 ιε

2134 1062 2387 1136 ἅπαντος,
2444 1067 2727 1140 ᾐνίττοοιτο
2769 1066 2825 1122 δὶ
2856 1069 2945 1123 καὶ
3003 1071 3101 1138 τὴν
3159 1076 3257 1125 τοῦ
3318 1072 3570 1146 ῥηθέντος
3600 1070 3791 1135 ἔθνους

2134 1154 2409 1209 ἐπέλευσιν
2451 1157 2538 1210 καὶ
2584 1155 2897 1211 κατάλυσιν·
2956 1157 3008 1213 ἐν
3056 1159 3156 1233 γὰρ
3202 1166 3323 1222 ταῖς
3374 1163 3698 1234 θεοσημίαις
3732 1165 3795 1217 οὐ

2130 1244 2193 1298 τὸ
2224 1244 2446 1307 ἐνεστὼς
2486 1247 2675 1317 μόνον,
2702 1245 2848 1301 ἀλλὰ
2876 1249 2963 1302 καὶ
2985 1249 3047 1303 τὸ
3084 1248 3291 1321 μέλλον
3322 1252 3784 1328 πρωτεθεώρηται

2130 1334 2217 1387 καὶ
2252 1354 2428 1409 προση
2442 1336 2710 1408 μαίνεται.

2201 1617 2305 1672 Καὶ
2355 1614 2519 1689 Μαΐῳ
2572 1615 2628 1672 δὶ
2678 1618 2808 1691 μηνὶ
2839 1625 2937 1687 τῆς
2973 1615 3035 1673 ιδ’
3090 1616 3435 1684 ῗνδικτιῶνος
3464 1621 3630 1701 ἐφάνη
3692 1646 3791 1679 κου

2132 1708 2311 1777 μήτης
2361 1707 2587 1760 κατόπιν
2639 1712 2736 1761 τοῦ
2786 1705 2951 1777 ἠλίδυ
2979 1704 3255 1778 δύνοντος,
3314 1712 3377 1765 τὸ
3425 1712 3642 1787 μέγεθος
3705 1735 3795 1769 σε·-

365 1801 512 1856 lunaz
549 1799 972 1871 magnitudine,
1009 1798 1241 1868 quando
1276 1798 1402 1867 ipsa
1435 1796 1603 1867 plena
1633 1800 1721 1850 est
1756 1795 2003 1849 lumine:

2129 1792 2357 1864 ληναῖον
2415 1794 2614 1872 φέρων,
2694 1795 2782 1851 ὅτε
2840 1794 2946 1866 ἤδη
3008 1794 3327 1875 πλησιφαής
3378 1800 3623 1874 γένηται.
3684 1807 3789 1857 Καὶ

367 1908 496 1962 quae
527 1905 590 1944 eo
622 1896 877 1959 tempore
913 1889 1136 1941 fumum
1171 1888 1434 1941 emittere
1466 1890 1522 1938 et
1553 1884 1824 1939 nebulam
1857 1887 2013 1938 vide-

366 1980 557 2047 batur,
602 1984 658 2032 et
707 1975 1032 2047 insequenti
1086 1975 1177 2030 die
1227 1975 1399 2045 cmpit
1446 1975 1636 2028 crines
1688 1974 2012 2041 ostendere,

366 2068 465 2139 qui
508 2071 795 2137 quantum
848 2065 1367 2137 protendebantur,
1402 2066 1629 2118 tantum
1680 2061 1862 2117 stellas
1894 2078 2014 2115 ma-

366 2156 613 2228 gnitudo
647 2155 979 2221 deﬁciebat;
1017 2153 1263 2208 immisit
1286 2156 1478 2206 autem
1504 2152 1697 2207 radios
1718 2151 1788 2206 ad
1813 2151 2013 2205 Orien-

362 2251 503 2311 tem,
535 2249 590 2298 et
618 2244 687 2297 ad
720 2259 843 2297 eam
893 2249 1113 2312 partem
1166 2239 1434 2311 progredi
1466 2239 1859 2310 quadraginta
1887 2236 2012 2291 die-

365 2334 474 2388 bus
508 2332 915 2402 perseveravit.

430 2440 657 2495 Mortuo
720 2455 848 2493 vero
910 2436 1241 2508 patriarcha
1298 2434 1702 2499 Constantino,
1750 2434 2010 2487 Joannes

359 2529 705 2591 monachus,
739 2532 1123 2598 cognomento
1167 2524 1499 2595 Xiphilinus
1531 2523 1831 2593 deligitur,
1865 2523 2007 2576 Tra-

359 2625 607 2687 pezunte
639 2628 834 2683 natus,
858 2617 947 2668 vir
996 2614 1231 2684 sapiens
1279 2619 1335 2667 et
1384 2612 1824 2667 eruditissimus
1862 2616 1919 2665 et
1949 2611 2010 2665 in

357 2707 531 2760 rebus
566 2705 823 2776 politicis
855 2708 1156 2775 spectatus
1189 2708 1245 2757 et
1275 2702 1547 2755 virtutem
1583 2699 1786 2755 sedulo
1821 2705 2007 2754 secta-

356 2799 475 2859 tus,
509 2796 651 2849 adeo
684 2798 748 2847 ut
792 2793 849 2846 in
897 2791 1183 2863 principio
1216 2790 1475 2846 ﬂorentis
1505 2790 1693 2844 astatis
1723 2789 2007 2843 monasti-

356 2900 484 2938 cam
523 2881 1093 2937 administrationem
1138 2878 1461 2949 susceperit
1492 2884 1546 2933 et
1576 2878 1749 2932 vitam
1803 2877 2005 2931 solita-

359 2973 503 3025 riam
555 2972 763 3041 degere
815 2969 1138 3023 instituerit
1182 2973 1441 3038 tempore
1487 2967 1641 3021 haud
1690 2966 1896 3037 exiguo
1946 2966 2005 3020 in

359 3059 602 3131 Olympo
635 3062 831 3113 monte
864 3075 875 3111 :
910 3074 1086 3127 quare
1118 3073 1286 3111 nemo
1328 3060 1534 3127 praeter
1565 3057 1757 3127 ipsum
1791 3055 2004 3125 dignus

360 3149 683 3203 habebatur
712 3148 811 3218 qui
846 3147 915 3200 ad
968 3146 1148 3200 altum
1195 3144 1531 3215 patriarchae
1579 3144 1825 3215 gradum
1878 3160 2002 3213 pcr-

359 3239 689 3305 duceretur,
739 3236 972 3291 tametsi
1024 3252 1300 3290 recusans
1350 3251 1415 3288 ac
1469 3234 1697 3304 fugiens
1745 3233 1816 3287 ad
1866 3248 2000 3286 eum

357 3328 636 3382 honorem
692 3323 1027 3396 compulsus
1076 3330 1177 3378 est.
1214 3324 1361 3387 Quin
1414 3322 1585 3377 etiam
1638 3322 1753 3375 vita
1805 3322 2003 3376 iuncto

354 3415 655 3471 Theodulo
720 3413 1000 3484 Bulgaria!
1065 3412 1504 3483 archiepiscopo
1566 3411 1719 3466 659
1791 3408 2004 3479 delegit

353 3506 673 3575 imperator
718 3505 999 3558 Joannem
1043 3504 1381 3573 quemdam,
1432 3500 1780 3554 monachum
1836 3498 2002 3551 Lam-

352 3610 616 3665 pensem,
669 3592 768 3663 qui
824 3593 979 3646 idem
1039 3590 1465 3646 monasterium
1525 3604 1657 3643 cum
1707 3585 2001 3657 Xiphilino

351 3682 628 3737 coluerat.

422 3864 456 3912 Λ
492 3873 688 3913 mense
717 3863 910 3911 autem
935 3855 1168 3911 Octobri
1194 3856 1436 3909 morbus
1468 3853 1661 3925 gravis
1693 3852 1998 3922 imperato-

344 3964 467 4001 rem
500 3946 730 4011 invasit,
763 3946 859 4017 qui
896 3962 1023 3999 eum
1073 3944 1330 4015 graviter
1378 3942 1675 4013 afﬂigebat
1710 3958 1897 4011 usque
1927 3943 1998 3996 ad

341 4037 745 4107 insequentem
782 4051 1043 4089 mensem
1078 4034 1315 4095 Maium,
1350 4050 1464 4103 quo
1496 4032 1692 4100 ipsum
1728 4032 1997 4103 proﬂiga-

342 4126 425 4181 vit
472 4132 528 4179 et
577 4125 691 4178 vita
739 4123 1003 4195 privavit.
1042 4124 1176 4194 Ejus
1210 4140 1340 4177 vero
1390 4122 1682 4192 exsequiae
1735 4138 1848 4175 non
1900 4121 1999 4175 ubi

342 4216 721 4286 exspectabat
751 4213 1053 4267 celebratae
1100 4217 1261 4279 sunt,
1295 4214 1393 4267 sed
1446 4228 1545 4281 per
1598 4228 1754 4266 mare
1786 4212 1999 4266 ductus

338 4304 397 4358 in
433 4305 783 4359 monasterio
816 4302 1000 4356 sancti
1048 4301 1289 4370 Nicolai,
1323 4301 1477 4371 quod
1514 4300 1859 4354 Molibotum
1894 4317 1996 4354 vo-

341 4398 531 4458 catur,
564 4393 717 4447 situs
766 4397 877 4447 est.
912 4391 1067 4446 Vixit
1105 4392 1159 4445 in
1212 4390 1457 4460 imperio
1507 4406 1693 4444 annos
1747 4394 1995 4460 septem,

343 4499 576 4537 menses
610 4499 728 4536 sex.
766 4482 946 4535 Fuere
986 4481 1100 4551 ipsi
1134 4479 1301 4534 liberi
1333 4496 1399 4533 ex
1435 4480 1684 4533 Eudocia
1716 4481 1995 4554 Augusta,

2132 1884 2288 1955 ἐῴκει
2334 1885 2427 1956 μὲν
2458 1889 2756 1953 τηνικαῦτα
2805 1885 3101 1958 ἐλπὲμπειν
3144 1889 3345 1942 καπνὸν
3387 1890 3476 1943 καὶ
3509 1889 3795 1966 ὁμίχλην,

2126 1973 2177 2027 ἐν
2239 1971 2295 2027 δὶ
2338 1973 2406 2044 τῇ
2472 1972 2697 2047 ἐπιούσῃ
2748 1972 2948 2047 ἤρξατο
2999 1973 3409 2051 παραδεικνύειν
3445 1978 3797 2055 βοστρύχους

2121 2064 2292 2133 τινας,
2353 2063 2442 2115 καὶ
2493 2061 2622 2116 ὅσον
2673 2060 2822 2117 οὗτοι
2874 2065 3289 2138 προετάννυντο,
3320 2068 3382 2120 τὸ
3427 2068 3650 2141 μέγεθος
3694 2074 3795 2123 τοῦ

2123 2151 2344 2225 ἀστέρος
2399 2149 2691 2225 ὖπὲληγεν.
2736 2153 3007 2208 Ἀπέτεινε
3056 2150 3113 2208 δὲ
3141 2155 3235 2217 τὰς
3267 2154 3485 2217 ἀκτῖνας
3518 2156 3593 2218 ὡς
3645 2160 3794 2231 πρὸς

2120 2240 2320 2311 Ἐῲαν,
2375 2239 2463 2293 καὶ
2496 2241 2631 2314 πρὸς
2655 2239 2861 2310 ἐκείνην
2893 2243 3201 2317 προήχετο,
3250 2243 3339 2297 καὶ
3385 2245 3453 2313 ἦν
3482 2242 3795 2320 ἐπικρατῶν

2122 2326 2282 2405 ἄχρις
2313 2331 2532 2404 ἡμερῶν
2568 2350 2612 2383 ω
2635 2372 2646 2383 .

2194 2435 2592 2490 Κωνσταντίνου
2634 2432 2692 2489 δὲ
2736 2440 2833 2490 τοῦ
2885 2436 3231 2512 πατριάρχου
3281 2439 3534 2502 θανόντος
3592 2442 3792 2497 Ἰωάν-

2120 2546 2217 2594 νης
2272 2524 2516 2598 μοναχὸς
2578 2525 2605 2578 6
2638 2523 2866 2594 ἐπίκλην
2908 2524 3200 2600 Ξιφιλῖνος
3231 2530 3665 2604 προχειρίζεται,
3725 2530 3789 2586 ὲκ

2117 2618 2519 2686 Τραπεζοῦντος
2580 2613 2676 2685 μὲν
2737 2614 3086 2688 ὁρμώμενος,
3147 2616 3281 2691 ἀνὴρ
3342 2614 3400 2672 δὲ
3459 2620 3624 2695 σοφὸς
3686 2621 3787 2673 καὶ

2118 2703 2253 2775 πρὸς
2286 2704 2447 2776 ἄκρον
2481 2699 2813 2764 παιδεύσεως
2860 2700 3155 2773 ἰληλακὼς
3182 2704 3279 2759 κάν
3304 2712 3421 2767 τοῖς
3453 2708 3776 2771 πολιτικοῖς

2116 2786 2479 2866 περίϐλεπτος
2548 2792 2785 2867 γεγονὼς
2842 2791 2931 2846 καὶ
2990 2794 3185 2868 ἀρετῆς
3243 2794 3522 2871 εὐφρόνως
3582 2796 3786 2869 ἐπιμεο

2118 2879 2404 2953 λούμενος,
2438 2879 2575 2935 ὥστε
2608 2879 2659 2935 ἂν
2704 2881 2850 2955 ἀρχῇ
2882 2887 2983 2950 τῆς
3040 2881 3335 2957 εὐημερίας
3382 2884 3470 2938 καὶ
3512 2892 3612 2953 τῆς
3646 2886 3781 2955 ἠλι-

2114 2970 2231 3031 κίας
2289 2970 2387 3038 τὴν
2452 2970 2760 3044 μοναχικήν
2816 2970 3097 3024 ποΛιτείαν
3149 2971 3485 3036 ἀσπάσασθαι
3542 2975 3782 3030 καὶτῶν

2116 3058 2532 3133 ἀναχωρητικὸν
2581 3056 2794 3121 ἑλέσθαι
2859 3058 2973 3134 βίον
3036 3060 3238 3134 χρόνον
3299 3061 3399 3115 οὐκ
3456 3061 3544 3117 ἐπὶ
3582 3066 3785 3139 μικρὸν

2115 3148 2259 3221 παρὰ
2314 3148 2375 3201 τὸ
2427 3151 2524 3200 τοῦ
2574 3145 2858 3219 Ὀλύμπου
2916 3147 3062 3223 ὄρος.
3094 3150 3251 3206 ’Ὸθεν
3282 3150 3373 3205 καὶ
3406 3148 3584 3213 οὐδεὶς
3620 3154 3782 3223 ἄξιος

2113 3234 2259 3305 πλὴν
2329 3235 2491 3291 αὐτοῦ
2559 3235 2838 3308 ἐνομίζετο
2896 3237 3031 3311 πρὸς
3090 3238 3181 3293 τὸν
3240 3238 3451 3312 ὑψηλὸν
3509 3246 3606 3295 τοῦ
3668 3264 3780 3297 πα-

2110 3327 2377 3402 τριάρχου
2430 3326 2671 3402 βαθμὸν,
2724 3326 2768 3379 εί
2818 3326 2907 3380 καὶ
2958 3326 3361 3400 ἀπαναιόμενος
3413 3330 3501 3384 καὶ
3555 3330 3776 3407 φεύγων

2111 3412 2352 3489 ὶδιώχθη
2388 3415 2520 3489 πρὸς
2575 3417 2672 3481 τῆς
2727 3416 2916 3487 τιμῆς.
2978 3414 3155 3471 Ἀλλὰ
3189 3417 3296 3487 μὴν
3330 3419 3417 3471 καὶ
3454 3416 3779 3474 Θεοδούλου

2109 3507 2205 3556 τοῦ
2250 3499 2591 3575 Βουλγαρίας
2622 3501 2923 3577 ἀρχιερεως
2955 3505 3315 3575 κοιμηθέντος
3356 3506 3775 3581 προχειρίζετιι

2112 3591 2139 3645 6
2202 3590 2470 3666 βασιλεὼς
2539 3589 2790 3660 Ἰωάννην
2842 3592 2967 3645 τινα
3002 3594 3245 3668 μοναχὸν
3308 3592 3368 3649 ἐκ
3396 3602 3495 3664 τῆς
3529 3596 3775 3669 Λάμπης

2114 3681 2207 3752 μὲν
2265 3679 2621 3754 ὡρμημένον,
2682 3682 3019 3750 συνασκητήν
3078 3680 3135 3735 δὲ
3188 3682 3277 3736 καὶ
3336 3683 3617 3756 σύμπονον
3674 3691 3777 3740 τοῦ

2109 3767 2423 3843 Ξιφιλίνου.

2181 3858 2316 3911 Ἀπὸ
2376 3855 2432 3911 δὶ
2488 3857 2660 3928 μηνὸς
2716 3852 3058 3932 Ὀκτωϐρίου
3104 3858 3263 3923 νόσος
3320 3859 3629 3934 ἐνσκήψασα
3688 3869 3779 3935 τῷ

2114 3944 2328 4022 βασιλεῖ
2380 3945 2701 4021 κατέτρεχεν
2755 3946 2913 4001 αὐτὸν
2968 3944 3160 4011 δεινῶς
3204 3946 3335 4023 ἄχρι
3388 3954 3484 4004 τοῦ
3512 3949 3773 4013 ἐπιόντος

2110 4034 2289 4092 Μαίου
2346 4035 2541 4107 μηνός’
2590 4034 2642 4089 ἐν
2703 4036 2852 4106 αύτῷ
2901 4033 2957 4089 δὲ
2986 4041 3175 4090 τοῦτον
3221 4038 3611 4113 γατειργάσατο
3672 4041 3769 4093 καὶ

2106 4131 2205 4192 τῆς
2255 4123 2488 4186 ἐντεῦθεν
2539 4128 2682 4192 ζωῆς
2736 4123 3035 4199 ἀπήγαγεν.
3087 4130 3147 4179 Ἡ
3178 4122 3234 4179 δὲ
3284 4126 3405 4179 ὁσία
3433 4127 3629 4181 τούτου
3663 4128 3768 4182 οὐκ

2108 4210 2230 4275 ἔνθα
2265 4210 2633 4287 προσεδόκησε
2679 4213 2914 4287 γέγονεν,
2948 4214 3031 4285 [Ρ.
3077 4216 3203 4287 818]
3249 4212 3395 4269 ἀλλᾶ
3444 4214 3767 4278 διαπόντιος

2108 4301 2296 4375 ἀχθεὶς
2354 4300 2403 4355 ἰν
2462 4305 2530 4374 τῇ
2567 4305 2708 4374 μονῇ
2738 4306 2838 4356 τοῦ
2876 4302 3035 4377 ἁγίου
3068 4303 3345 4359 Νικολάου
3376 4303 3692 4377 ὲναπετέθη,

2105 4388 2350 4444 καλεῖται
2400 4384 2724 4445 Μολιϐωτόν
2765 4391 2963 4459 ’Ἑζησε
3012 4388 3069 4445 δὶ
3113 4392 3165 4445 ἐν
3213 4394 3280 4464 τῇ
3335 4390 3575 4466 βασιλίδι
3628 4396 3769 4470 χρόο

2106 4500 2231 4540 νους
2267 4479 2309 4546 ζ’
2356 4478 2445 4532 καὶ
2481 4484 2651 4549 μῆνας
2687 4475 2761 4547 ἵε.
2794 4480 2961 4535 Ἦσαν
3013 4477 3070 4534 δὲ
3113 4481 3262 4552 αύτῷ
3310 4478 3501 4543 παῖδες
3550 4482 3601 4552 ἑξ
3657 4485 3763 4541 Εὐ-

338 4588 516 4643 quam
541 4572 732 4625 adhuc
768 4571 1028 4640 privatus
1061 4570 1308 4623 duxerat
1340 4585 1599 4629 uxorem.
1633 4585 1824 4622 ma'es
1858 4574 1993 4624 tres,

2119 4544 2289 4627 Βοκίας
2334 4574 2435 4636 τῆς
2482 4544 2792 4641 βασιλίδος,
2826 4568 2886 4635 ἣν
2938 4565 3015 4621 ἔτι
3051 4544 3345 4623 ἰδιωτεύων
3376 4544 3617 4645 ἠγάγετο
3662 4573 3760 4649 ἆῤ-

332 4660 599 4728 Michael,
627 4660 988 4713 Andronicus
1020 4664 1076 4712 et
1115 4658 1555 4712 Constantinus.
1600 4661 1817 4711 Horum
1856 4673 1984 4727 por-

334 4750 755 4822 phyrogenitus
802 4754 927 4803 erat
959 4748 1397 4809 Constantinus,
1431 4761 1751 4815 omnesque
1800 4747 1983 4816 impe-

334 4843 555 4893 ratores
614 4837 951 4892 declaravit.
1019 4836 1263 4889 Feminaa
1324 4840 1520 4889 autem
1582 4840 1728 4901 tres,
1796 4841 1981 4903 Anna,

332 4928 639 4983 Theodore
668 4933 723 4980 et
752 4928 881 4980 Zoe.
923 4926 989 4979 Et
1035 4940 1168 4979 cum
1200 4925 1484 4978 Caesarem
1519 4940 1692 4977 suum
1746 4925 1981 4979 fratrem

329 5018 612 5071 Joannem
662 5014 995 5085 delegisset,
1032 5012 1255 5068 socium
1309 5030 1655 5068 arcanorum
1707 5012 1982 5069 consilio-

334 5122 464 5160 rum
514 5112 569 5159 et
612 5104 1101 5159 deliberationum
1149 5102 1371 5157 ascivit.
1406 5106 1545 5155 Cum
1600 5103 1753 5157 diem
1805 5120 1980 5157 suum

331 5196 601 5251 obiturus
631 5200 806 5261 esset,
831 5195 903 5247 ab
948 5193 1225 5248 omnibus
1274 5192 1665 5264 syngrapham
1702 5193 1885 5264 petiit,
1922 5193 1979 5248 in

329 5301 443 5356 quo
474 5283 887 5356 pollicerentur
914 5298 1218 5352 nunquam
1244 5298 1306 5336 se
1330 5288 1538 5352 praeter
1559 5282 1745 5352 ipsius
1768 5282 1980 5338 liberos

327 5375 508 5428 alium
536 5374 947 5445 imperatorem
976 5376 1355 5441 suscepturos
1380 5390 1390 5425 :
1416 5377 1472 5426 et
1492 5388 1695 5427 omnes
1725 5371 1979 5426 subscri-

325 5479 511 5535 psere.
548 5462 697 5527 Quin
748 5461 925 5516 etiam
977 5460 1318 5531 imperatrix
1370 5461 1620 5515 Eudocia
1673 5477 1977 5531 nunquam

325 5553 395 5607 ad
449 5551 696 5605 alterum
749 5549 1088 5618 conjugium
1142 5566 1204 5603 se
1252 5551 1630 5605 transituram
1684 5550 1975 5622 promisit.

325 5641 765 5713 Perfectamque
812 5638 999 5710 ipsam
1037 5638 1432 5711 syngrapham
1467 5639 1809 5713 patriarchas
1852 5657 1975 5698 ser-

2099 4657 2244 4731 ῥενες
2298 4656 2393 4727 μὶν
2441 4661 2609 4731 τρεῖς,
2659 4655 2915 4731 Μιχαὴλ,
2971 4654 3315 4731 Ἀνδρόνικος
3353 4660 3441 4713 καὶ
3475 4663 3757 4716 Κωνσταν-

2092 4750 2243 4805 τῖνος
2286 4744 2515 4813 (τούτων
2578 4746 3091 4821 πορφυρογὲννητος
3132 4747 3200 4815 ἦν
3248 4749 3275 4802 6
3327 4754 3759 4819 Κωοσναντῖνος,

2094 4836 2293 4896 πάντας
2348 4832 2404 4888 δὶ
2458 4832 2704 4908 βασιλεῖς
2752 4833 3140 4908 ἀνηγόρευσε)·
3204 4834 3419 4906 θήλειαι
3466 4836 3523 4892 δὶ
3584 4844 3760 4915 τρεῖς,

2095 4930 2259 4981 ’Ἄννα
2286 4944 2344 4977 τε
2374 4924 2466 4977 καὶ
2494 4920 2770 4997 Θεοδώρα,
2818 4923 2906 4977 καὶ
2957 4926 3101 4994 Ζωή.
3138 4925 3375 5000 Καίσαρα
3419 4924 3475 4981 δὲ
3516 4927 3609 4981 τὸν
3660 4929 3727 4982 αὖ

2092 5015 2188 5066 τοῦ
2222 5008 2451 5088 ἀδελφὸν
2485 5008 2742 5078 Ἰωάννην
2795 5011 3289 5086 προχειρισάμενος
3323 5014 3578 5068 κοινωνὸν
3618 5016 3751 5089 βου-

2095 5098 2379 5172 λευμάτων
2463 5096 2859 5173 μυστηριωδῶν
2937 5100 3026 5153 καὶ
3104 5100 3433 5173 σκεμμάτων
3512 5102 3745 5167 ἐτίθετο.

2094 5187 2332 5247 Μέλλων
2394 5186 2449 5241 δε
2495 5186 2749 5257 τελευτᾷν
2781 5186 3049 5263 ἔγγραφον
3095 5190 3371 5262 ἀπῄτησεν
3406 5191 3465 5246 lx
3523 5193 3749 5247 πάντων

2094 5279 2167 5340 ὡς
2225 5278 2323 5332 οὐκ
2373 5275 2431 5331 ἅν
2481 5297 2611 5331 ποτε
2658 5278 2803 5351 παρὰ
2857 5278 2985 5340 τοὺς
3042 5280 3211 5333 αὐτοῦ
3263 5278 3461 5342 παῖδας
3514 5280 3750 5355 βασιλέα

2091 5366 2272 5443 ἕτερον
2350 5363 2619 5435 δέξαιντοο
2712 5364 2761 5419 ἐν
2853 5367 2897 5437 ᾧ
2982 5368 3403 5444 καθυπὲγραψαν
3484 5370 3746 5437 ἅπανυες,

2093 5457 2206 5529 ἅμα
2252 5458 2356 5529 μὴν
2396 5454 2485 5509 καὶ
2519 5455 2551 5522 ἠ
2592 5452 2809 5528 βασιλὶς
2844 5453 3081 5533 Εύδοκμ
3112 5457 3187 5518 ὡς
3219 5459 3322 5513 ούκ
3352 5455 3409 5512 ἂν
3445 5456 3569 5513 οὐδὲ
3603 5458 3747 5526 αὖτή

2090 5546 2225 5622 πρὸς
2288 5543 2534 5618 δεύτερον
2605 5542 2890 5610 ἐλεύσηται
2942 5546 3293 5612 συνοικὲσιον,
3360 5547 3451 5602 καὶ
3510 5547 3747 5621 ἀπαρτι-

2092 5636 2209 5692 σθὶν
2261 5638 2340 5708 τῷ
2395 5630 2711 5710 πατριᾶρχῃ
2764 5631 3049 5713 φυλάττειν
3107 5633 3423 5697 δεδώκασιν.
3459 5642 3619 5704 Ὅθεν
3653 5639 3750 5695 καὶ
