4040 6196
188 312 298 372 389

1694 300 2064 364 HISTORIA
2080 348 2092 362 .

3474 309 3594 370 390

185 441 325 517 παρὰ
370 445 441 514 τῇ
483 441 696 515 γυναικὶ
755 441 844 494 καὶ
901 437 1141 515 βασιλίδι
1200 441 1267 493 τὰ
1313 437 1485 493 πάντα
1539 434 1827 503 πεποίηκε,

1952 434 2194 489 vandam
2245 436 2558 492 tradidere.
2610 437 2798 500 Quare
2854 443 2911 493 et
2959 438 3100 492 dum
3158 455 3302 493 uxor
3348 445 3405 495 et
3451 443 3589 497 dum

192 531 603 609 σωφρονεστάτη
661 550 719 583 τε
780 530 1117 603 νομιζομένῃ
1177 524 1364 601 τάνδρὶ
1412 527 1502 581 καὶ
1560 520 1844 597 παιδοτρι-

190 620 347 691 ὗῆναι
429 615 789 694 ἀκριϐεστάτη
843 618 933 673 καὶ
991 620 1126 692 πρὸς
1187 618 1249 672 τὸ
1297 618 1364 670 τὰ
1410 615 1562 671 κοινᾶ
1621 612 1844 668 διοικεῖ-

189 713 515 783 ἱκανωτάτῃ.
570 707 813 778 Τελευτᾷ
845 706 1020 762 δὲκαὶ
1053 708 1080 761 ὁ
1134 705 1389 783 βασιλεὺς
1429 705 1560 759 ἐτῶν
1597 699 1669 757 ὢν
1722 702 1842 770 ἐξήν

190 821 349 855 κοντα
402 799 496 852 καὶ
558 796 750 871 μικρόν
814 819 865 851 τι
910 797 1078 870 Δπρός.
1141 794 1360 851 Ε’ίθιστο
1414 792 1471 847 δὲ
1502 792 1680 867 λέγειν
1717 786 1840 863 περί

189 894 288 943 τῶν
337 882 814 942 ἐπιϐουλευόντων
846 885 991 956 αὐτῷ
1044 886 1119 946 ὡς
1164 892 1333 956 τιμῆς
1368 884 1459 955 μὲν
1494 884 1579 937 καὶ
1616 882 1839 957 χρημά-

188 1001 287 1031 των
322 977 420 1031 οὐκ
452 976 811 1049 ἀποστερήσει
850 974 1095 1041 τούτους,
1149 973 1262 1028 ἀντ’
1313 970 1608 1046 ἐλευθὲρων
1664 967 1720 1023 δὲ
1765 970 1838 1030 ὡς

190 1068 588 1141 ἀργυρωνήτων
649 1064 946 1139 ἰχρήσατο·
996 1087 1024 1114 ‹‹
1085 1062 1421 1139 Ἀφειλόμην
1461 1058 1519 1114 δὲ
1573 1059 1671 1113 οὐκ
1731 1057 1840 1132 ἐγὼ

189 1158 281 1223 τὴν
359 1152 668 1226 ἐλευθερίαν
748 1151 963 1217 αὐτοὺς,
1024 1148 1149 1204 ἀλλ’
1209 1150 1261 1203 οἱ
1311 1149 1471 1221 νόμοι
1532 1145 1839 1205 ἐκπτώτους

189 1249 282 1309 τῆς
332 1241 616 1303 πολιτείας
662 1243 1007 1311 ποιήσαντες.
1042 1264 1070 1291 ››
1116 1243 1245 1300 Τοῖς
1297 1235 1353 1292 δὲ
1402 1237 1586 1311 λόγοις
1633 1235 1840 1310 ἐξόχως

192 1332 605 1409 προσκείμενος,
638 1354 665 1382 ‹‹
697 1328 954 1407 Ὄφελον,
974 1322 1180 1402 ἔλεγεν,
1214 1327 1273 1382 ἐκ
1300 1327 1505 1381 τούτων
1534 1326 1569 1394 ἢ
1600 1329 1698 1390 τῆς
1738 1326 1837 1399 βα-

195 1424 393 1486 σιλείας
434 1420 832 1496 ἑγνωριζὸμην,
880 1443 908 1471 ››
960 1424 1210 1479 Γενναῖος
1264 1414 1321 1471 δὲ
1368 1415 1442 1471 ὥν
1498 1417 1599 1484 τήν
1652 1414 1837 1489 ψυχὴν

197 1514 324 1587 πρὸς
374 1532 499 1564 τινα
547 1510 804 1583 εἰρηκότα
851 1509 925 1570 ὡς
976 1507 1137 1568 αὐτὸς
1184 1506 1243 1560 ἃν
1295 1503 1470 1577 ἡδέως
1523 1503 1839 1579 μαχόμενος

197 1603 392 1657 ἐκείνου
437 1603 503 1655 τὸ
554 1598 689 1654 ἴδιον
742 1604 899 1670 σῶμα
938 1592 1301 1669 προϐάλοιτο,
1334 1620 1360 1646 ‹‹
1399 1594 1669 1670 Εὐφήμει,
1704 1594 1839 1659 εἶπε,

195 1692 278 1745 ui
338 1691 384 1744 εἰ
448 1688 681 1764 βούλοιό
735 1709 797 1763 γε
870 1687 1088 1741 πεσόντι
1142 1684 1421 1758 ἐπίνεγκαι
1472 1683 1691 1757 πληγὴν
1751 1682 1837 1735 καὶ

198 1780 371 1841 αὑτός.
405 1803 432 1830 n
469 1779 613 1849 Πρὸς
642 1775 698 1831 δὲ
730 1777 817 1830 τὸν
864 1776 989 1839 τοὺς
1035 1774 1237 1847 νόμους
1266 1767 1717 1849 ἐξακριϐούμενον
1751 1769 1837 1824 ἰπὶ

196 1875 271 1941 τῷ
303 1867 594 1943 βούλεσθαι
620 1864 847 1936 ἀδικεῖν,
886 1891 907 1916 ι
943 1863 1123 1936 Οὗτοι,
1157 1862 1373 1941 ἔφησεν,
1403 1863 1453 1916 ol
1496 1862 1660 1933 νόμοι
1692 1861 1839 1932 ἡμᾶς

198 1959 580 2013 ἀπολωλέκασι
639 1982 668 2008 ››

262 2253 540 2327 Κατὲσχον
586 2249 645 2306 δὶ
702 2251 766 2304 τὰ
817 2266 1067 2322 σκηπτρα
1110 2250 1210 2312 τῆς
1269 2238 1547 2315 βασιλείας
1575 2235 1610 2305 ἤ
1642 2257 1700 2290 τε
1746 2235 1838 2289 σύ-

199 2351 348 2417 ζυγος
384 2342 549 2397 αὐτοῦ
606 2341 695 2395 καὶ
746 2340 797 2393 οἱ
844 2334 1055 2397 παῖδες.
1087 2334 1153 2390 Οἳ
1198 2328 1255 2385 δὶ
1306 2330 1407 2397 τὴν
1456 2327 1629 2398 Ἑῲαν
1681 2344 1843 2378 κατα-

198 2434 480 2506 τρέχοντες
526 2434 758 2503 Τοῦρκοι
806 2424 972 2481 πάλιν
1028 2428 1145 2483 τοῖς
1193 2418 1317 2493 περὶ
1363 2417 1462 2484 τὴν
1525 2418 1841 2471 Μεσοποτα-

205 2502 322 2594 μίαν
365 2517 690 2593 ἐφήδρευον,
740 2518 831 2571 καὶ
889 2512 1126 2587 μάλιστα
1174 2514 1292 2563 τοῖς
1339 2506 1463 2581 περὶ
1524 2502 1845 2572 Μελιτηνὴν

203 2590 779 2685 ἐστρατοπεδευμένοις
842 2606 1170 2675 Ῥωμαϊκοῖς
1216 2596 1630 2672 στρατεύμασιν,
1690 2590 1844 2665 σ’ίπερ

201 2684 298 2753 του
337 2700 665 2771 ὀψωνισμοῦ
723 2693 1063 2763 ἐνδεήσαντες
1114 2689 1203 2744 καὶ
1262 2691 1369 2740 τῶν
1431 2684 1675 2751 συνήθως
1714 2700 1846 2755 παρ-

206 2769 477 2864 εχομένων
514 2788 697 2847 αὐτοῖς
729 2783 1049 2857 σιτηρισίων
1088 2776 1432 2851 στερούμενοι
1459 2769 1659 2864 λὲνδεῶᾼς
1685 2772 1843 2864 ,εἶχον

205 2858 283 2932 καὶ
304 2858 614 2939 ταπεινῶς,
647 2876 783 2949 πρὸς
833 2872 1051 2931 τούτοις
1100 2866 1158 2922 δὲ
1204 2865 1293 2920 καὶ
1334 2860 1569 2937 ὀργίλως
1618 2858 1708 2913 διὰ
1738 2861 1842 2949 ,τὴν

208 2965 426 3033 ἔνδειαν,
469 2966 563 3019 καὶ
629 2947 703 3036 μὴ
760 2967 878 3024 τοῖς
954 2956 1213 3032 ῗθαγενὲσι
1270 2952 1591 3027 σρατιώταις
1652 2947 1842 3022 βουλε-

208 3061 318 3111 σθαι
354 3052 634 3117 συνελθεῖν
666 3054 753 3106 καὶ
806 3051 898 3103 τὸν
949 3046 1234 3125 Εὐφράτην
1269 3042 1361 3096 σὺν
1394 3041 1578 3099 αὑτοῖς
1612 3038 1844 3110 περαιώ-

208 3148 408 3199 σισϐαι.
466 3141 883 3217 Ἐπερχομὲνων
937 3137 1026 3190 οὖν
1078 3138 1185 3217 τῶν
1241 3129 1524 3203 Τοόρκων,
1585 3127 1741 3217 μόνοι
1791 3125 1843 3178 οἱ

204 3233 500 3303 Μελιτηνοὶ
533 3215 870 3289 ἀντιστάντες
914 3225 1038 3299 ἄτερ
1080 3215 1259 3277 αὐτῶν
1305 3218 1555 3292 εὐμαρῶς
1589 3215 1690 3269 ὑπὸ
1735 3219 1843 3268 τῶν

208 3318 502 3397 Βαρϐάρων
556 3321 630 3380 ὡς
706 3312 989 3387 ἑκηϐόλων
1059 3310 1418 3383 ἐλυμαίνοντο
1476 3305 1566 3397 δια-ξ
1632 3325 1845 3397 κατετι-

203 3415 535 3487 τρώτκοντο,
594 3408 813 3461 ἀπαθῶν
864 3404 1041 3458 αὐτῶν
1102 3396 1491 3471 διαμενόντων,
1541 3390 1643 3455 ἕως
1690 3394 1846 3467 ἀναγ-

201 3479 477 3559 κασθέντες
528 3500 614 3571 [Ρ.
647 3497 773 3567 819]
823 3493 899 3555 εἰς
952 3492 1043 3545 τὸν
1100 3486 1346 3559 ποταμόν
1391 3504 1449 3538 τε
1506 3479 1697 3571 ἔφυγον
1755 3482 1845 3535 καὶ

203 3593 336 3666 πρὸς
374 3588 562 3662 μάχην
614 3585 702 3638 καὶ
763 3580 982 3638 ἔχοντες
1034 3576 1260 3647 ἔστησαν
1289 3572 1404 3666 Δκαὶ
1436 3576 1606 3666 ..νῶτα
1662 3569 1846 3666 δοῦναι

195 3657 634 3752 παρεϐιάσθησαν
672 3691 683 3703 ⁸
717 3672 805 3726 καὶ
852 3675 1061 3744 τροπῆς
1107 3662 1405 3741 γενομένης
1433 3657 1621 3714 ἔπεσον
1653 3659 1846 3752 συχνοὶ

196 3771 250 3839 ἐξ
278 3744 499 3831 αὐτῶν,
526 3744 691 3822 τινες
736 3758 793 3814 δὶ
838 3758 929 3813 καὶ
981 3755 1202 3830 ζωγρίαι
1253 3752 1357 3806 ὑπὸ
1405 3755 1513 3804 τῶν
1549 3744 1843 3823 Βαρϐάρων

197 3836 537 3925 ἆλῆφθησαν.
585 3852 647 3907 Οἱ
701 3848 757 3903 δὲ
809 3847 994 3903 λοιποὶ
1047 3848 1128 3914 τῷ
1179 3840 1323 3895 ἄστει
1375 3841 1473 3906 τῆς
1529 3836 1845 3907 Μελιτηνῆς

196 3916 551 4014 inﬁgo-may.
619 3937 1117 4014 Περιφρονήσαντες
1192 3927 1248 3983 ὃὶ
1294 3928 1521 3987 τούτους
1581 3927 1631 3979 οἱ
1704 3933 1844 3999 Βαρ-

194 4030 355 4107 ϐαροι
416 4012 489 4093 ὧς
538 4028 648 4100 ἤδη
699 4012 1161 4099 καταστραφέντας
1228 4018 1317 4072 καὶ
1363 4018 1601 4079 ἀσθενεῖς
1660 4012 1843 4090 ἐκτρέ-

192 4103 390 4198 χουσιν
428 4123 561 4196 ἄχρι
614 4114 953 4189 Καισαρείας,
1005 4106 1468 4178 καταληϊζομενοι
1526 4105 1699 4157 πάντα
1753 4103 1843 4157 καὶ

188 4193 653 4286 αναταοτρὲιροντες
700 4205 788 4260 καὶ
851 4202 955 4275 πῦρ
1022 4198 1204 4257 αὐτοῖς
1258 4195 1677 4255 ὑπανάπτοντες.
1740 4193 1838 4249 Καὶ

184 4306 269 4371 τῷ
331 4279 484 4369 aug-nip-
531 4301 629 4351 τοῦ
696 4291 934 4368 μεγάλου
1000 4287 1089 4343 καὶ
1158 4282 1505 4359 περιωνύμου
1563 4279 1843 4337 Βασιλείου

182 4369 620 4458 εἰσπηδήσαντες
662 4382 848 4457 δῃοῦσι
908 4379 1001 4451 μὶν
1052 4373 1256 4430 ἅπαντα
1302 4372 1390 4426 καὶ
1432 4372 1498 4424 τὰ
1545 4369 1662 4443 ἱερὰ
1706 4371 1841 4423 καθ-

183 4480 513 4553 αρπάζουσι,
550 4472 946 4549 προσραγὲντες
1004 4467 1060 4521 δὲ
1116 4465 1204 4518 καὶ
1261 4466 1328 4536 τῇ
1373 4464 1469 4514 τοῦ
1509 4458 1676 4553 ἁγίου.
1696 4463 1841 4532 σορῷ

1951 526 2219 596 Augusta
2250 527 2377 595 fuit,
2409 528 2607 584 omnia
2636 528 2715 582 ita
2764 528 2899 583 fecit
2932 534 2995 583 ut
3024 534 3081 583 et
3110 529 3229 585 viro
3264 532 3598 587 castissima

1952 617 2096 671 etin
2140 618 2518 674 instituendis
2566 620 2769 674 liberis
2818 621 3274 691 diligentissima
3322 628 3379 677 et
3406 623 3465 677 in
3497 625 3598 679 ad-

1954 707 2345 763 ministranda
2377 709 2671 779 republica
2721 710 2973 764 maxime
3018 710 3229 766 idonea
3261 710 3595 767 haberetur.

1950 796 2198 850 Moritur
2240 799 2556 868 imperator
2604 814 2789 852 annos
2821 799 2974 853 660
3008 805 3178 853 natus
3209 802 3512 871 sexaginta
3543 806 3600 857 et

1953 884 2128 953 paulo
2180 884 2454 954 amplius.
2501 886 2896 940 Consueverat
2944 892 3135 941 autem
3170 888 3363 943 dicere
3412 890 3484 943 de
3527 888 3600 943 iis

1951 973 2047 1041 qui
2082 972 2190 1027 sibi
2227 974 2665 1040 insidiarentur,
2701 991 2762 1028 se
2792 975 3012 1029 honore
3043 981 3099 1030 et
3131 977 3393 1046 pecuniis
3419 978 3600 1032 haud-

1952 1076 2245 1131 quaquam
2276 1079 2373 1117 eos
2410 1063 2795 1134 privatorum,
2829 1064 2929 1117 sed
2967 1070 3029 1117 ut
3085 1066 3329 1135 captivis
3359 1071 3599 1136 argento

1948 1153 2157 1221 emptis
2191 1169 2458 1218 usurum,
2496 1170 2609 1207 non
2644 1159 2839 1207 autem
2869 1170 2968 1207 eos
2992 1160 3053 1207 ut
3085 1154 3297 1209 liberos
3329 1156 3599 1210 homines

1950 1239 2288 1295 habiturum
2327 1258 2338 1295 :
2374 1264 2400 1289 ‹‹
2436 1243 2639 1296 Ademi
2673 1248 2894 1307 autem,
2928 1241 3140 1311 aiebat,
3175 1261 3287 1298 non
3323 1261 3428 1315 ego
3458 1245 3602 1315 ipsis

1947 1328 2300 1397 libertatem,
2334 1331 2435 1384 sed
2470 1330 2650 1401 leges,
2697 1348 2821 1401 quae
2847 1333 2980 1399 jure
3029 1331 3280 1387 civitatis
3306 1333 3468 1403 ipsos
3500 1351 3601 1388 ex—

1950 1417 2138 1472 cidere
2171 1418 2449 1473 fecerunt.
2482 1442 2508 1467 ››
2542 1419 2883 1490 Disciplinis
2932 1420 3142 1474 eximie
3192 1421 3447 1489 deditus,
3482 1421 3597 1477 aie-

1949 1507 2068 1570 bat,
2127 1529 2146 1554 α
2206 1506 2439 1561 Utinam
2473 1524 2542 1561 ex
2572 1507 2644 1562 iis
2669 1509 2861 1579 potius
2896 1525 3069 1578 quam
3095 1526 3160 1563 ex
3187 1510 3431 1580 imperio
3464 1527 3597 1582 cog-

1950 1611 2238 1649 noscerer.
2278 1618 2303 1643 »
2336 1597 2596 1666 Cumque
2629 1595 2742 1650 alto
2795 1597 2991 1650 animo
3024 1603 3200 1664 esset,
3233 1598 3466 1653 cuidam
3501 1598 3601 1669 qui

1949 1683 2067 1738 sibi
2093 1683 2317 1739 dixerat
2352 1701 2412 1738 se
2446 1684 2697 1738 libenter
2740 1691 3101 1755 pugnantem
3139 1687 3440 1757 proprium
3473 1703 3603 1741 cor-

1953 1789 2062 1843 pus
2097 1790 2197 1844 pro
2227 1772 2327 1827 illo
2354 1772 2715 1838 oblaturum,
2747 1796 2773 1822 ‹‹
2806 1772 3061 1839 Meliora,
3096 1774 3310 1844 inquit,
3346 1776 3603 1846 loquere,

1953 1879 2019 1916 ac
2050 1864 2096 1917 si
2132 1879 2223 1917 me
2257 1862 2488 1933 lapsum
2520 1862 2759 1928 videris,
2794 1864 3040 1934 ipsemet
3072 1864 3214 1918 mibi
3250 1863 3481 1935 plagam
3514 1865 3604 1918 in-

1952 1951 2056 2006 fer.
2092 1973 2119 2000 »
2154 1953 2229 2007 Ad
2265 1969 2399 2007 eum
2432 1953 2532 2022 qui
2567 1952 2831 2007 studiose
2862 1952 3019 2024 leges
3066 1952 3404 2024 inquirebat
3433 1971 3607 2025 prop-

1952 2044 2110 2096 terea
2141 2043 2295 2113 quod
2326 2058 2559 2112 peccare
2589 2048 2848 2114 cuperet,
2882 2043 3052 2111 dixit,
3085 2066 3111 2093 ‹‹
3146 2047 3275 2099 Istae
3308 2062 3413 2099 nos
3448 2044 3606 2116 leges

1955 2131 2285 2202 perdidere.
2322 2154 2349 2181 ››

2025 2253 2340 2309 Obtinuere
2373 2258 2567 2309 autem
2593 2255 2819 2325 imperii
2846 2260 3073 2325 sceptra
3104 2258 3159 2308 et
3182 2256 3395 2325 conjux
3420 2256 3606 2325 ipsius

1955 2348 2013 2397 et
2040 2343 2225 2397 liberi.
2261 2344 2431 2397 Turci
2466 2360 2595 2397 vero
2645 2343 2896 2398 Orientis
2931 2344 3226 2413 regionem
3263 2359 3606 2414 percurren-

1954 2436 2039 2485 tes
2071 2448 2276 2486 rursus
2306 2449 2404 2486 eas
2434 2433 2828 2487 Romanorum
2853 2432 3046 2502 copias
3078 2448 3203 2502 quae
3236 2433 3305 2486 ad
3341 2435 3605 2504 MeSOpo-

1954 2521 2191 2574 tamiam
2227 2524 2413 2587 erant,
2448 2521 2547 2575 sed
2584 2520 2832 2575 maxime
2877 2537 2974 2574 eas
3010 2537 3134 2591 quae
3168 2522 3237 2575 ad
3275 2519 3600 2575 Melitenem

1955 2614 2147 2663 castra
2213 2615 2546 2680 posuerant,
2610 2610 2998 2675 obsidebant;
3057 2626 3179 2675 quae
3239 2614 3603 2664 commeatus

1953 2696 2301 2764 indigentes,
2335 2703 2391 2751 et
2422 2697 2493 2751 iis
2546 2698 2693 2751 cibis
2724 2697 2822 2767 qui
2861 2697 2971 2751 sibi
3023 2698 3357 2767 frequenter
3386 2715 3601 2769 suppe-

1954 2784 2126 2839 ditari
2158 2790 2581 2840 consueverant
2625 2786 2854 2857 privati,
2891 2786 3087 2856 inopia
3118 2785 3608 2840 conﬂictabantur
3656 2817 3664 2823 -

1955 2887 2022 2925 ac
2053 2871 2262 2926 misere
2310 2873 2616 2943 degebant.
2669 2873 2751 2927 Ad
2789 2872 2907 2926 hzec
2961 2872 3091 2925 irati
3124 2874 3194 2926 ob
3248 2888 3441 2926 rerum
3477 2873 3600 2925 ino-

1956 2960 2112 3031 piam
2144 2978 2277 3015 cum
2309 2962 2599 3031 indigenis
2635 2960 2922 3014 militibus
2953 2960 3231 3030 conjungi
3266 2976 3329 3013 ac
3362 2960 3603 3014 fluvium

1954 3050 2302 3121 Euphratem
2336 3066 2466 3104 cum
2499 3050 2644 3120 ipsis
2675 3050 2925 3103 transire
2957 3048 3248 3103 nolebant.
3285 3050 3601 3104 Advenien-

1955 3138 2113 3193 tibus
2144 3138 2325 3209 igitur
2354 3138 2582 3201 Turcis,
2635 3155 2765 3192 cum
2801 3136 2905 3191 soli
2959 3136 3212 3191 Meliteni
3247 3137 3604 3192 restitissent

1956 3230 2082 3284 sine
2128 3229 2294 3300 ipsis,
2350 3228 2515 3283 facile
2565 3246 2595 3282 a
2650 3228 2917 3282 Barbarie
2967 3227 3166 3298 procul
3202 3227 3599 3295 iaculantibus

1954 3318 2317 3372 laedebantur
2356 3326 2406 3371 et
2454 3316 2695 3370 vulnera
2745 3315 3130 3386 accipiebant,
3164 3315 3311 3369 661
3350 3331 3479 3369 cum
3516 3314 3603 3369 illi

1955 3408 2101 3463 nihil
2146 3406 2483 3461 detrimenti
2534 3407 2878 3477 acciperent,
2931 3408 3117 3474 quoad
3172 3405 3355 3459 coacti
3388 3406 3458 3459 ad
3494 3405 3600 3460 flu-

1955 3498 2114 3551 vium
2164 3498 2459 3567 fugerunt,
2492 3500 2549 3550 et
2596 3496 2664 3548 ad
2718 3494 3100 3565 pugnandum
3151 3494 3465 3548 constitere
3516 3492 3600 3548 vel

1956 3586 2143 3653 inviti,
2188 3591 2244 3639 et
2290 3590 2451 3649 terga
2498 3584 2635 3637 dare
2681 3582 2737 3636 vi
2787 3582 3076 3653 compulsi
3131 3588 3287 3638 sunt.
3340 3586 3603 3652 Cumque

1956 3672 2213 3742 superati
2244 3676 2461 3737 essent,
2496 3671 2664 3725 multi
2697 3688 2763 3725 ex
2808 3671 2954 3740 ipsis
2986 3670 3266 3740 cecidere,
3298 3671 3538 3741 quidam
3571 3688 3605 3725 a

1956 3761 2225 3815 Barbarie
2270 3759 2382 3813 vivi
2434 3759 2609 3829 capti,
2661 3758 2870 3829 reliqui
2927 3760 2984 3813 in
3034 3760 3238 3814 urbem
3272 3759 3601 3814 Melitenem

1954 3866 2016 3903 se
2060 3848 2384 3903 incolumes
2432 3852 2814 3918 receperunt;
2868 3863 3016 3916 quos
3062 3847 3298 3902 Barbari
3348 3852 3603 3902 contem-

1956 3943 2161 3992 nentes
2192 3936 2369 3991 veluti
2403 3934 2724 3990 debellatos
2771 3940 2827 3988 et
2878 3933 3219 3999 imbecilles,
3256 3940 3605 4004 percurrunt

1953 4043 2142 4097 usque
2163 4027 2231 4079 ad
2257 4026 2576 4079 Caesaream
2600 4023 2797 4079 omnia
2826 4024 3165 4093 diripientes
3196 4028 3253 4077 et
3281 4028 3605 4079 evertentes

1953 4119 2128 4186 atque
2176 4115 2311 4185 igne
2358 4130 2638 4167 succenso
2689 4116 3037 4167 cremantes.
3093 4116 3315 4182 [mpetu
3366 4129 3604 4183 quoque

1953 4203 2101 4257 facto
2135 4219 2190 4272 in
2224 4201 2417 4272 magni
2450 4217 2515 4254 ac
2546 4199 2906 4254 celeberrimi
2936 4198 3129 4253 Basilii
3162 4199 3444 4269 templum
3480 4216 3601 4255 om-

1952 4292 2050 4346 nia
2076 4291 2402 4345 incendunt
2438 4294 2494 4343 et
2524 4306 2692 4343 sacra
2743 4288 3068 4357 diripiunt;
3121 4294 3175 4341 et
3209 4288 3604 4358 irrumpentes

1948 4379 2135 4449 ipsius
2192 4380 2377 4433 sancti
2432 4376 2813 4447 sepulchrum
2876 4377 3095 4431 sanctis
3154 4378 3283 4445 ejus
3337 4376 3606 4448 reliquiis

1951 4467 2093 4521 nihil
2127 4467 2456 4521 detrimenti
2514 4467 2727 4520 inferre
2762 4471 3077 4535 potuerunt
3112 4482 3123 4520 :
3157 4470 3281 4519 erat
3325 4466 3481 4519 enim
3515 4464 3603 4518 di-

306 4542 447 4641 ἁγέῳ
485 4542 653 4619 αὐτοῦ
700 4542 949 4633 *λειψάνῳ
994 4553 1181 4631 δρᾶσαί
1227 4572 1283 4641 τι
1310 4549 1546 4641 πονηρὸν
1581 4545 1839 4641 οὐδαμως

1953 4556 2194 4623 ligenter
2228 4556 2666 4626 praemunitum.
2700 4558 2756 4607 et
2803 4553 3024 4608 circum
3076 4559 3299 4609 structa
3337 4554 3602 4623 quaedam

178 4660 211 4726 ἡ
223 4656 538 4725 Eordaeam;
575 4673 588 4683 '

176 4900 407 4998 θυρίδια
440 4923 631 4996 χρυσῷ
677 4916 767 4969 καὶ
813 4910 1109 4986 μαργάροις
1170 4902 1552 4978 ἐξειργασμένα
1609 4902 1697 4955 καὶ
1750 4900 1835 4956 λί-

173 4993 297 5077 θοις
336 4993 641 5085 ἐξαίρουσι,
676 5004 766 5059 καὶ
817 5003 907 5056 τὸν
963 4998 1095 5055 ὅλον
1148 4994 1351 5085 κ-όσμον
1382 4993 1835 5085 ὁμου-συμφορη-

169 5123 369 5163 σιντες
426 5079 673 5173 αῗρουσιν
730 5092 954 5156 ἐκεῖθεν,
1025 5082 1357 5159 παραδόντες
1423 5079 1668 5140 πολλοὺς
1725 5084 1833 5134 τῶν

169 5189 499 5263 Καισαρέων
590 5186 769 5261 σφαγῇ
847 5179 937 5235 καὶ
1021 5176 1112 5229 τὸν
1190 5172 1311 5226 ναὸν
1379 5188 1831 5244 καταχραναντες.

168 5256 445 5337 Κάκεῖθεν
506 5256 935 5347 ὑποστρέψαντες
1008 5263 1319 5339 διέρχονται
1368 5258 1496 5320 τοὺς
1549 5256 1625 5318 εἷς
1676 5256 1833 5313 Κιλι-

164 5372 290 5425 κίαν
348 5367 588 5439 ἄγοντας
668 5357 995 5425 στενωποὺς,
1052 5350 1281 5427 μηδενὸς
1340 5346 1675 5423 προγνόντος
1734 5348 1832 5415 τὴν

161 5434 755 5531 τοότων-ἶνροδον,καὶ
805 5453 921 5507 τοῖς
982 5442 1186 5513 Κίλιξιν
1230 5438 1571 5511 ἐπιφανεντες
1624 5434 1830 5505 ἐκπλή-

159 5570 307 5609 κτως
364 5523 653 5616 ign-96390:
721 5538 1053 5613 εἰργάσαντο,
1105 5530 1264 5609 φόνον
1318 5523 1491 5580 πολὺν
1552 5528 1831 5588 ποιοῦντες

161 5645 265 5695 τῶν
331 5610 838 5710 παρεμπιπτόντων
926 5624 1129 5683 αὐτοῖς.
1216 5613 1573 5694 Χρονίσαντες
1652 5610 1708 5668 δι
1756 5619 1824 5689 τῇ

641 4644 1162 4725 προκατησφάλιστο
1232 4640 1332 4715 γὰρ
1390 4638 1481 4691 καὶ
1540 4632 1843 4709 περιεδεδό-

181 4723 359 4820 μητο-
392 4723 695 4813 κτίσμασιν-
733 4738 960 4812 ὀχυροῖς
1009 4731 1117 4806 [οὐ]
1163 4728 1369 4804 χρόνου
1399 4724 1677 4797 δεομένοις
1709 4723 1841 4778 πολ-

175 4812 288 4891 λου
321 4835 465 4907 πρὸς
490 4812 822 4897 καθαίρεσιν.
865 4824 940 4877 Τὰ
988 4818 1044 4875 δὲ
1094 4820 1190 4881 τὰς
1239 4816 1374 4875 ὀπὰς
1418 4812 1840 4887 περιστέλλοντα

1951 4644 2196 4699 aediﬁcia
2228 4645 2310 4698 ita
2345 4646 2740 4705 corroborata,
2791 4648 2853 4695 ut
2882 4642 2953 4696 ad
3006 4641 3433 4697 demoliendem
3466 4642 3602 4697 diu-

1949 4736 2124 4786 turno
2158 4737 2417 4802 tempore
2456 4730 2806 4802 indigerent.
2863 4730 3022 4784 Ostia
3056 4747 3185 4784 vero
3218 4747 3331 4801 quo
3367 4730 3603 4785 forami-

1949 4825 2122 4879 nibus
2155 4823 2422 4894 apposita
2446 4823 2692 4886 fuerant,
2713 4839 2857 4876 auro
2875 4827 2931 4876 et
2951 4822 3284 4891 margaritis
3306 4822 3605 4878 elaborata

1948 4913 2337 4985 pretiosisque
2368 4912 2684 4981 lapidibus,
2720 4913 3025 4977 adimunt;
3070 4912 3466 4983 omnibusque
3497 4931 3595 4970 su-

1946 4999 2121 5055 blatis
2153 5000 2538 5068 ornamentis,
2572 5000 2707 5053 inde
2754 4998 3225 5069 proﬁciscuntur,
3278 5000 3485 5056 multis
3517 5002 3601 5056 in-

1944 5092 2202 5145 terfectis
2232 5090 2690 5144 Caesariensibus
2741 5089 3084 5159 temploque
3139 5088 3383 5159 polluto.
3420 5090 3485 5144 Et
3517 5090 3605 5144 in-

1946 5179 2016 5233 de
2074 5179 2287 5233 reversi
2338 5182 2649 5233 transeunt
2702 5193 2804 5247 per
2851 5182 3137 5246 angustas
3184 5175 3307 5231 vias
3352 5177 3423 5230 ad
3469 5176 3602 5231 Cili-

1943 5269 2093 5323 ciam
2125 5269 2425 5333 ducentes,
2462 5270 2541 5322 ita
2592 5276 2653 5321 ut
2704 5283 2873 5321 nemo
2910 5267 3287 5337 praesenserit
3334 5265 3598 5333 ipsorum

1942 5358 2277 5413 adventum.
2332 5361 2594 5429 (tumque
2645 5361 2881 5430 repente
2936 5362 3347 5427 comparantes
3394 5354 3602 5411 Cilicas

1943 5444 2123 5500 multo
2155 5450 2372 5499 terrore
2402 5445 2816 5516 complessent,
2844 5442 3098 5499 multam
3122 5460 3321 5499 eorum
3357 5442 3459 5513 qui
3484 5442 3574 5497 sib

1938 5539 2312 5589 occurrerent
2359 5538 2572 5591 caedem
2630 5536 2909 5589 fecerunt.
2968 5533 3322 5604 Diutiusque
3373 5532 3432 5585 in
3477 5531 3603 5600 ipsa

1937 5623 2233 5696 provincia
2282 5622 2631 5681 commorati
2680 5638 2812 5678 cum
2847 5638 2977 5677 eam
3029 5625 3362 5688 vexassent;
3396 5616 3602 5691 spoliis
