4008 6206
383 333 498 396 391
1699 325 2025 411 JQANNIS
2072 326 2476 389 SCYLITZE
3679 336 3808 397 392

382 485 448 524 ac
482 467 673 540 praeda
718 470 774 521 et
820 464 1070 537 captivis
1120 462 1317 519 multis
1367 461 1531 533 potiti
1583 461 1655 515 ad
1700 459 1915 531 Chalep

2224 479 2302 533 ιρᾳ
2358 460 2448 514 καὶ
2504 460 2705 531 ταύτην
2754 459 3169 535 λυμηνάμενοι,
3247 465 3336 518 καὶ
3381 463 3637 543 λαγύρων
3686 467 3807 521 ἑαυ-

381 572 673 627 recepere,
708 572 740 609 a
762 555 1017 625 quodam
1045 552 1347 624 transfuga
1371 549 1660 605 Amertice
1695 549 1932 603 nomine
1963 583 1964 590 η

2217 549 2268 610 ὃς
2324 547 2701 621 ἐμπλήσαντες
2760 551 2849 605 καὶ
2894 550 3043 613 λείας
3079 553 3167 606 καὶ
3216 550 3607 627 αἰχμαλωσίας
3656 554 3800 611 πσλυ

381 645 662 717 perducti,
697 646 796 716 qui
833 645 1114 699 Romanis
1150 643 1398 696 infestus
1430 641 1582 695 662
1614 643 1737 694 erat
1765 646 1822 693 et
1852 638 1964 711 imp

2224 659 2269 706 ς,
2304 638 2493 693 ἀπίασι
2528 639 2661 714 πρὸς
2718 641 2779 694 τὸ
2827 640 3038 712 Χάλεπ,
3088 644 3235 716 παρά
3288 664 3433 704 τινος
3480 643 3805 716 αὐτομόλου

380 741 544 791 rante
576 751 713 790 sene
746 733 1029 788 Michaele
1065 733 1131 786 ad
1177 748 1305 785 eum
1342 730 1755 800 taansfugerat,
1790 744 1961 799 magn

2224 735 2445 802 αερτικῆ
2503 727 2802 804 λεγομένου
2860 728 3218 806 ὀδηγηθέντες
3278 732 3466 803 ἐκεῖσε,
3520 731 3807 806 δυσμενῶς

379 843 488 896 que
519 826 670 878 dona
700 828 757 877 et
788 823 1037 877 honores
1066 837 1132 875 ac
1165 819 1403 890 praemia
1433 822 1785 873 consecutus
1820 818 1962 871 fuerz

2226 821 2258 877 ῗς
2318 817 2614 889 Ῥωμαίοις
2692 816 3035 891 διακειμένου
3088 819 3191 875 ,ἐπὶ
3241 826 3338 875 τοῦ
3394 822 3650 896 γίροντος
3712 826 3809 895 μὲν

374 916 483 969 Sed
517 912 668 984 apud
720 911 1129 981 imperatorem
1179 906 1627 963 Constantinum
1682 910 1900 961 Ducam
1935 923 1957 959 a

2225 904 2376 981 χαήλ
2423 904 2908 979 αὐτομολήσαντος
2958 909 3047 963 καὶ
3083 910 3350 985 τυχόντος
3406 911 3659 986 μεγάλων
3693 911 3801 967 8w-

374 1010 613 1060 cusatus
645 1003 795 1074 quod
833 1002 1027 1072 ipsum
1060 1000 1251 1071 gladio
1276 999 1693 1053 interfecturus
1718 1003 1893 1063 esset,
1924 998 1954 1051 ll

2215 998 2276 1048 Iw
2326 996 2415 1048 καὶ
2462 1001 2639 1067 τιμῶν
2700 997 2789 1051 καὶ
2850 997 3143 1069 ἀξιώσεων,
3202 1000 3679 1074 κατηγορηθέντος
3738 1000 3798 1056 δὲ

372 1098 443 1151 de
500 1111 677 1150 causa
727 1096 1005 1163 perpetuo
1067 1091 1254 1145 fuerat
1312 1089 1516 1144 exsilio
1577 1089 1955 1143 condemnati

2220 1082 2286 1157 ρὰ
2313 1088 2394 1155 τῷ
2457 1084 2675 1159 βασιλεῖ
2732 1088 3113 1159 Κωνσταντίνῳ
3168 1092 3247 1159 τῷ
3311 1087 3488 1159 Δούκᾳ
3535 1089 3611 1151 ὡς
3660 1088 3801 1162 μὲλ-

372 1184 587 1237 Verum
646 1197 777 1235 cum
841 1195 1046 1233 rursus
1105 1182 1408 1233 revocatus
1466 1177 1748 1231 adversus
1808 1176 1955 1230 Turc

2218 1193 2332 1234 ντος
2362 1172 2520 1227 αὐτὸν
2577 1175 2828 1251 μαχαίρᾳ
2879 1172 3333 1251 διαχειρίσασθαι,
3382 1174 3593 1230 καὶδιά
3633 1183 3801 1231 τοῦτο

376 1272 595 1327 missus
621 1274 795 1338 esset,
830 1276 971 1323 tunc
1001 1268 1073 1323 ob
1099 1284 1291 1322 rerum
1324 1284 1448 1337 quae
1473 1267 1542 1320 ad
1576 1265 1793 1320 victum
1829 1280 1959 1319 nece

2219 1262 2550 1335 τακριθέντος
2608 1261 2771 1335 ἀιδίῳ
2838 1267 3003 1339 φυγῇ,
3063 1264 3228 1318 πάλιν
3315 1262 3371 1319 δέ
3420 1286 3481 1341 γε
3525 1268 3802 1341 τυχόντος

375 1360 544 1415 sariaa
600 1361 739 1413 sunt
794 1356 1053 1427 inepiam
1117 1369 1244 1409 sese
1294 1354 1500 1409 Turcis
1552 1353 1919 1422 adjunxerat,

2218 1348 2491 1421 ιικλήσεως
2556 1352 2645 1406 καὶ
2712 1352 3046 1416 ἀποστάντος
3123 1351 3263 1407 κατὰ
3346 1352 3454 1408 τῶν
3513 1354 3801 1430 Τούρκων,

374 1448 669 1519 regionem
702 1446 957 1516 pessime
989 1444 1251 1499 vexabat.
1304 1442 1610 1512 Conjuncti
1644 1440 1822 1511 igitur
1853 1440 1957 1493 Tui

2219 1443 2430 1493 νικαῦτα
2462 1437 2518 1494 δὲ
2551 1437 2642 1494 διὰ
2685 1442 2874 1495 σπάνιν
2926 1446 3034 1495 τῶν
3086 1441 3394 1515 ἀναγκαίων
3421 1444 3802 1517 προσθεμίνου

373 1542 429 1593 et
459 1536 789 1606 Chalepitze,
826 1533 971 1588 inita
1015 1534 1166 1587 inter
1216 1548 1278 1587 se
1311 1530 1608 1596 societate,
1644 1528 1956 1583 Antiochea

2246 1533 2365 1591 τοῖς
2420 1528 2689 1603 Τούρκοις
2749 1530 2838 1583 καὶ
2920 1530 3018 1599 τὴν
3080 1532 3268 1606 χώραν
3321 1528 3648 1595 διατιθέντος
3703 1535 3801 1587 κά-

370 1626 547 1698 Syriae
578 1626 823 1694 ejusque
856 1623 1106 1676 finitima
1139 1621 1263 1675 loca
1288 1619 1440 1674 male
1471 1623 1776 1684 vexarunt,
1802 1618 1953 1671 cede

2213 1635 2309 1671 ντα.
2344 1616 2633 1687 Γενόμενοι
2665 1621 2796 1691 γοῦν
2850 1618 2905 1672 ἓν
2961 1616 3012 1672 οἵ
3062 1639 3120 1672 τε
3148 1623 3381 1692 Τοῦρκοι
3408 1621 3497 1674 καὶ
3525 1621 3577 1673 οἱ
3607 1620 3796 1677 Χαλε-

372 1720 483 1780 tes,
504 1707 1739 1779 comburentes,diripientes,depraadantes,
1765 1704 1955 1775 captiv

2212 1724 2307 1769 ται,
2341 1704 2430 1758 καὶ
2462 1704 2768 1779 ὁμολογίαν
2812 1703 2993 1768 δόντες
3026 1704 3319 1777 ἀλλήλοις,
3360 1708 3459 1776 τὴν
3510 1707 3564 1763 ἂν
3617 1710 3795 1783 Συρίᾳ

374 1803 749 1866 abducentes,
775 1804 831 1853 et
864 1799 1116 1869 pessima
1147 1813 1388 1868 quaeque
1420 1798 1842 1867 perpetrantes.
1879 1792 1957 1848 Na

2206 1792 2477 1866 ντιόχειαν
2536 1794 2623 1849 καὶ
2681 1794 2748 1850 τὰ
2803 1796 2925 1869 περῖ
3002 1796 3172 1863 αὐτὴν
3231 1801 3411 1858 κακῶς
3467 1795 3789 1869 διετίθεσαν,

374 1847 749 1866 ..μην-ην,
779 1847 830 1853 ν-
866 1847 1116 1869 rw-.-”
1153 1847 1382 1868 γη--
1422 1847 1552 1867 Γ,
1581 1847 1689 1850 ηιμ
1721 1847 1754 1848 η
1939 1847 1946 1848 ,

372 1897 430 1946 et
460 1892 741 1945 adversus
788 1888 948 1960 ipsos
998 1887 1181 1941 coacti
1228 1888 1459 1940 fuerant
1509 1885 1700 1939 idonei
1735 1883 1950 1938 exercit

2206 1847 2437 1950 σίζοντες,
2500 1847 2945 1957 πυρπολοῦντες,
3002 1847 3511 1956 ἀνδριαποδίζοντες,
3572 1847 3788 1956 λεηλαΣ

375 1979 699 2051 Nicephoro
732 1978 1031 2031 Botaniate
1054 1977 1235 2031 duce:
1268 1976 1368 2030 sed
1396 1973 1635 2029 avaritia
1668 1978 1723 2028 et
1744 1972 1952 2044 segniti

2208 1975 2369 2041 ὄντες,
2428 1970 2937 2047 αῗχμαλωτίζοντες
2994 1975 3083 2028 καὶ
3136 1976 3237 2029 πᾶν
3299 1973 3352 2028 εἷ’
3401 1996 3453 2029 τι
3508 1976 3791 2050 χείριστον

374 2085 582 2124 rursus
613 2067 852 2121 effecere
885 2071 948 2119 ut
977 2064 1171 2119 omnis
1201 2063 1366 2119 labor
1390 2063 1593 2118 irritus
1626 2066 1801 2131 esset,
1836 2078 1957 2132 neqi

2211 2060 2611 2133 ιπραττόμενοι.
2686 2062 3158 2137 Συνηθροίσθησαν
3246 2064 3350 2140 γάρ
3411 2065 3794 2138 στρατεύματα

371 2158 526 2213 enim
560 2158 784 2226 integer
812 2161 1197 2216 commeatus,
1232 2154 1331 2208 sed
1387 2152 1703 2207 mediocris
1753 2152 1954 2222 quaada

2208 2148 2431 2211 ἀὐτοῖς
2476 2148 2759 2226 ἀξιόλογα,
2810 2151 3122 2229 Νικηφόρου
3154 2153 3304 2214 δντος
3353 2151 3450 2207 τοῦ
3497 2156 3791 2210 Βοτανειά-

371 2262 507 2317 pars
539 2244 654 2299 illis
685 2243 899 2297 tradita
933 2242 1222 2297 militibus
1256 2241 1507 2312 torporis
1539 2256 1715 2295 causa
1748 2240 1858 2293 fuit
1885 2263 1899 2306 ;
1922 2255 1954 2308 q

2211 2260 2226 2291 ›
2259 2237 2309 2292 ἐν
2345 2238 2511 2313 ταύτῃ
2564 2237 2782 2312 δουκὸς,
2826 2243 2860 2309 ἡ
2908 2238 2965 2295 δὲ
3016 2237 3287 2318 φειδωλία
3334 2242 3422 2296 καὶ
3454 2244 3487 2312 ἠ
3519 2242 3794 2318 γλισχρό-

369 2338 605 2404 accepto
647 2332 804 2403 quod
837 2331 948 2385 sibi
982 2332 1184 2385 datum
1236 2330 1444 2397 fuerat,
1478 2328 1536 2382 in
1570 2344 1737 2383 suam
1772 2328 1943 2398 quisq

2262 2324 2505 2401 ἄπρακτα
2534 2326 2699 2382 πάλιν
2750 2330 2817 2383 τᾶ
2864 2328 3036 2385 πάντα
3088 2328 3380 2400 ἀπέδειξεν.
3409 2332 3489 2388 Οὐ
3518 2333 3618 2407 γὰρ
3656 2320 3827 2387 ὁλό-’

371 2424 619 2497 patriam
647 2422 916 2493 dissipati
936 2426 1091 2476 sunt.
1120 2429 1199 2474 Ac
1224 2437 1429 2475 rursus
1454 2419 1689 2474 Barbari
1724 2418 1954 2489 regione

2210 2436 2338 2489 ηρον
2369 2417 2431 2471 τὸ
2465 2416 2724 2490 ὀψώνιον,
2758 2416 2903 2473 ἀλλά
2954 2420 3173 2493 μερικὸν
3222 2421 3411 2484 αὐτοῖς
3439 2421 3527 2475 καὶ
3565 2434 3793 2496 μετριον

367 2511 677 2567 incendere
707 2516 764 2565 et
810 2511 935 2565 sine
991 2515 1149 2563 metu
1200 2524 1557 2579 percurrere.
1611 2507 1860 2577 Exiguae
1890 2522 1950 2560 ve

2212 2506 2287 2568 θεν
2319 2513 2585 2580 ναρκῆσαι
2635 2506 2762 2568 τοὺς
2811 2512 3143 2583 στρατιώτας
3202 2508 3425 2580 ἐποίησε
3458 2530 3471 2542 ·
3522 2505 3795 2573 λαϐόντες

362 2600 648 2670 juvenum
701 2599 924 2670 copias,
957 2598 1052 2668 qui
1107 2598 1277 2651 modo
1324 2613 1353 2651 e
1403 2596 1530 2651 suis
1580 2595 1871 2661 domibus,
1921 2612 1945 2649 υ

2215 2615 2234 2649 3
2264 2595 2326 2649 τὸ
2359 2591 2510 2650 δοθὲν
2574 2594 2653 2658 εἲς
2709 2597 2777 2651 τά
2826 2597 3001 2653 οἰκεῖα
3050 2594 3525 2668 διεσκεδάσθησαν,
3556 2600 3644 2654 καὶ
3690 2603 3798 2655 πά-

369 2687 602 2741 educati
655 2685 905 2751 fuerant,
962 2685 1317 2754 prodierant,
1369 2682 1563 2753 parvis
1615 2697 1679 2745 ec
1747 2682 1952 2736 minim

2211 2705 2217 2730 ι
2244 2683 2377 2752 ἦσαν
2410 2684 2466 2737 οἱ
2499 2679 2766 2761 βάρϐαροι
2798 2686 2896 2755 τὴν
2939 2686 3129 2761 χώραν
3163 2683 3463 2759 δῃοῦμενοι
3492 2689 3581 2742 καὶ
3610 2684 3794 2750 ἀδεῶς

368 2775 707 2845 sumptibus
767 2777 994 2828 coactas
1053 2772 1369 2826 Antiochiae
1419 2770 1555 2825 duci
1602 2770 1941 2825 tradiderun

2207 2773 2571 2848 τατρέχοντες.
2602 2776 2690 2847 [Ρ.
2727 2777 2855 2848 820]
2906 2774 3174 2830 Νεολαίαν
3234 2773 3291 2830 δέ
3348 2796 3467 2830 τινα
3519 2777 3790 2852 βραχεῖαν

369 2865 467 2935 qui
502 2863 733 2930 aliquod
769 2863 1007 2933 quidem
1043 2862 1267 2915 facinus
1322 2864 1654 2932 perpetrare
1685 2860 1952 2931 cupiebat

2206 2883 2249 2915 τι
2302 2866 2413 2916 τῶν
2473 2861 2817 2935 οἷκημάτων,
2890 2866 2974 2926 οἷς
3044 2863 3409 2942 ὶνετρὲφοντο,
3470 2864 3789 2936 ἑκπεπηδη-

362 2952 606 3023 juvenili
663 2951 907 3005 audacia
958 2949 1297 3013 militantes,
1350 2950 1449 3003 sed
1495 2948 1626 3003 belli
1678 2949 1930 3019 imperiti

2204 2956 2284 3005 ἴαν
2319 2958 2538 3027 μικροῖς
2569 2954 2654 3007 καὶ
2704 2952 3020 3029 ἐλαχίστοις
3070 2952 3413 3028 ἀθροίσαντες
3458 2954 3787 3029 ἀναλώμασι

371 3042 498 3098 sine
546 3039 808 3111 equitatu
861 3056 926 3094 ac
973 3040 1088 3093 fere
1140 3039 1393 3093 inermes
1445 3042 1501 3092 et
1551 3037 1715 3103 nudi,
1767 3053 1897 3091 cum
1950 3055 1954 3090 ι

2234 3046 2332 3109 τῆς
2381 3040 2720 3115 Ἀντιοχείας
2765 3041 2993 3116 ἡγεμόνι
3046 3041 3376 3117 ἐνεχείρισαν
3415 3062 3427 3075 ·
3483 3044 3534 3097 οἳ
3587 3041 3790 3115 δρᾶσαι

370 3130 781 3201 quotidianum
808 3128 1042 3200 quidem
1062 3128 1279 3182 victum
1304 3127 1603 3193 haberent,
1627 3125 1953 3182 intolerabil

2204 3150 2227 3180 ν
2275 3150 2325 3184 τι
2383 3134 2793 3204 προεθυμοῦντο
2860 3131 2965 3185 ἀπὸ
3032 3134 3355 3204 νεωτερικῆς
3442 3132 3787 3206 θρασύτητος

370 3220 557 3276 multa
586 3220 738 3275 668
771 3218 930 3290 passi
962 3218 1019 3272 in
1054 3218 1303 3288 patriam
1354 3234 1521 3271 suam
1554 3217 1682 3271 sine
1713 3216 1897 3288 gloria
1930 3235 1953 3270 r

2202 3216 2610 3291 ρατηγούμενοι,
2672 3217 3105 3292 ἀπειροπόλεμοι
3155 3216 3212 3273 δὶ
3265 3215 3413 3281 ὄντες
3460 3220 3550 3274 καὶ
3608 3220 3785 3299 ἄφιπ-

368 3311 516 3366 versi
554 3316 733 3376 sunt;
780 3325 925 3378 quos
956 3309 1073 3361 dux
1124 3306 1459 3362 Botaniates
1489 3323 1621 3361 cum
1669 3307 1795 3361 suis
1826 3312 1951 3377 prot

2208 3326 2243 3373 ι,
2294 3303 2488 3381 σχεδὸν
2540 3306 2627 3360 καὶ
2687 3304 2891 3362 ἄοπλοι
2948 3309 3037 3362 καὶ
3095 3308 3289 3381 γυμνοὶ
3348 3308 3436 3362 καὶ
3500 3307 3642 3381 μηδὶ
3684 3312 3782 3364 τὸν

367 3400 631 3455 ctoribus
663 3403 719 3453 et
746 3397 1101 3468 quibusdam
1135 3396 1388 3451 externis
1414 3396 1599 3466 copiis
1630 3394 1794 3450 facile
1828 3400 1950 3465 poti

2203 3396 2431 3467 ιερήσιον
2480 3394 2638 3471 ἄρτον
2690 3391 2937 3472 ἔχοντες,
2979 3394 3167 3451 πολλὰ
3214 3397 3475 3461 παθόντες
3506 3398 3786 3468 ἀνήκεστα

366 3487 670 3560 repellere.
718 3487 928 3541 Verum
979 3502 1111 3540 cum
1146 3485 1243 3539 ille
1288 3484 1593 3539 abdicatus
1641 3487 1796 3539 esset
1830 3500 1949 3554 mag

2243 3483 2342 3551 τήν
2396 3489 2543 3557 σφῶν
2590 3484 2805 3546 ἀκλεῶς
2854 3484 3245 3560 ἐπανέστρεψαν
3298 3493 3422 3561 γῆν,
3453 3490 3548 3540 τοῦ
3581 3484 3787 3551 δουκὸς

368 3583 579 3643 stratu,
636 3574 875 3629 Barbari
950 3573 1122 3645 longe
1197 3573 1537 3627 audaciores
1594 3576 1734 3626 sunt
1807 3572 1946 3627 eﬂ‘ec

2205 3569 2483 3626 τανειάτου
2530 3573 2663 3645 μετὰ
2689 3576 2796 3627 τῶν
2847 3573 3062 3628 οίκείων
3114 3574 3459 3629 ὑπασπιστῶν
3490 3575 3579 3629 καί
3605 3597 3784 3631 τινων

369 3671 733 3721 commeatus
812 3662 1009 3732 inopia
1085 3660 1407 3731 plurimum
1486 3659 1750 3714 civitates
1819 3676 1952 3731 opp:

2201 3663 2344 3714 νικῶν
2418 3657 2699 3733 δυνάμεων
2798 3666 3032 3736 μετρίως
3140 3662 3335 3725 αὐτοὺς
3431 3660 3784 3733 ἀποσοϐῆσαι

372 3761 588 3813 mente.
622 3758 678 3809 et
708 3751 954 3807 aliarum
990 3768 1181 3806 rerum
1207 3768 1331 3822 quas
1364 3750 1433 3805 ad
1468 3749 1682 3804 victum
1716 3750 1847 3804 usui
1879 3768 1945 3805 su

2199 3747 2470 3823 (ὕσαντος.
2530 3748 2937 3817 Παραλυθὲντσς
2989 3749 3047 3806 δὶ
3104 3750 3310 3806 ἐκείνου
3366 3752 3432 3807 τά
3480 3758 3589 3807 τῶν
3636 3756 3782 3831 Bap-

368 3843 718 3916 indigentia.

2199 3857 2307 3911 ρων
2366 3837 2454 3892 ἰπὶ
2512 3838 2678 3894 πλέον
2755 3838 3077 3915 ἐθρασύνθη,
3137 3838 3402 3903 σιτοδείας
3461 3841 3545 3896 ἐπὶ
3602 3846 3782 3899 πΑὲον

2123 3924 2415 3996 πιεζούσης
2461 3928 2556 3989 τὰς
2611 3926 2803 3991 πόλεις
2870 3930 2957 3983 καὶ
3034 3933 3141 3983 τῶν
3203 3926 3389 3984 ἄλλων
3449 3928 3781 3999 ἐπιτηδείων

2124 4010 2347 4075 ἐνδείας.

433 4145 544 4200 Sed
580 4160 712 4199 cum
764 4143 1096 4199 necessario
1148 4157 1239 4197 res
1278 4143 1417 4214 ipsae
1467 4140 1796 4213 indigerent
1829 4140 2012 4212 impe-

2194 4136 2355 4195 Ἀλλ’
2401 4136 2694 4215 ἒπειδήπερ
2752 4138 2803 4210 ἐξ
2852 4141 3087 4216 ἀνάγκης
3141 4140 3413 4211 βασιλίως
3472 4138 3673 4212 ἐδεήθη
3702 4144 3777 4197 τὰ

360 4237 573 4297 ratore,
624 4232 721 4303 qui
774 4247 873 4286 eas
924 4236 1118 4301 posset
1165 4230 1523 4285 constituere
1571 4235 1627 4285 et
1667 4229 1725 4284 in
1777 4246 1943 4301 aequu

2196 4228 2411 4302 άγματα
2479 4226 2775 4301 δυναμένου
2853 4229 2986 4284 αὐτὰ
3067 4235 3253 4293 ποσῶς
3322 4232 3657 4299 καταστῆσαί
3715 4253 3778 4287 τε

359 4326 577 4377 statum
612 4322 754 4377 adeo
786 4322 1048 4375 adversis
1093 4321 1458 4392 temporibus
1490 4320 1773 4391 redigere,
1807 4336 1942 4373 cens

2200 4315 2499 4388 ἱὸμαλίσαι
2554 4317 2608 4372 ἂν
2659 4315 2832 4381 οὕτως
2880 4318 3140 4380 ἐναντίοις
3189 4319 3278 4372 καὶ
3307 4324 3543 4391 καιροῖς,
3575 4319 3783 4393 ἆπεψηο

358 4410 532 4466 batur
564 4408 818 4464 maxime
870 4410 1116 4465 idoneus
1166 4409 1502 4464 Botaniates
1549 4413 1609 4463 et
1656 4407 1755 4462 alii
1791 4407 1941 4462 mult

2195 4412 2301 4474 ζετο
2337 4406 2432 4478 μὶν
2492 4405 2923 4479 ἀξιολογώτατος
2988 4408 3015 4461 ὁ
3076 4409 3430 4478 Βοτανειάτης
3461 4407 3550 4461 καὶ
3606 4406 3778 4463 ἄλλοι

358 4505 618 4555 attamen
652 4498 916 4554 divinum
949 4498 1084 4553 vicit
1104 4498 1439 4565 consilium,
1468 4503 1523 4552 et
1545 4497 1761 4552 idcirco
1794 4496 1863 4550 ad
1889 4496 1941 4550 ha

2196 4493 2348 4562 λλοὶ,
2380 4500 2503 4566 νικᾷ
2534 4493 2589 4550 δὲ
2622 4497 2774 4567 ὅμως
2804 4499 2837 4565 ἡ
2873 4497 2986 4550 Θεία
3022 4495 3228 4572 βουλὴ,
3262 4495 3347 4551 διὸ
3377 4496 3466 4551 καὶ
3517 4497 3778 4572 ἀνάγεται

360 4589 701 4660 perducitur
732 4587 1090 4652 bestarches,
1120 4587 1419 4642 Romanus
1440 4586 1862 4641 Constantinus
1884 4585 1943 4639 Di

2192 4583 2207 4635 ἱ
2251 4588 2417 4637 ταῦτα
2474 4584 2501 4638 ὁ
2564 4566 2889 4660 βεστάρχης,
2933 4566 3223 4657 Ῥωμανὸς
3265 4587 3291 4640 ὁ
3344 4566 3774 4655 Κωνσταντίνος,

357 4679 522 4749 genis
556 4677 730 4731 filius.
757 4677 879 4741 Quo
911 4682 1104 4731 autem
1134 4677 1303 4730 modo
1333 4677 1649 4746 perductus
1672 4675 1939 4739 fuerit,m

2201 4677 2220 4726 3
2281 4672 2567 4747 Δοιγίνους
2623 4673 2762 4735 υἱός.
2821 4675 2920 4729 "Ov
2982 4670 3039 4727 δὲ
3086 4674 3287 4747 τρόπον
3330 4674 3569 4749 ἀνήχθη,
3632 4672 3784 4738 ἔνθεν

358 4766 570 4821 dicam.
606 4766 745 4820 Erat
776 4769 1007 4820 creatus
1062 4766 1179 4819 dux
1211 4764 1481 4820 Sardices
1529 4764 1831 4834 Diogenes.
1867 4763 1941 4818 Cu

2195 4762 2375 4817 ῶ.“ΙΙν
2412 4761 2509 4833 μὲν
2568 4755 3027 4835 προϐεϐλημένος
3083 4759 3207 4832 δοὺξ
3250 4759 3522 4836 Σαρδικῆς
3568 4764 3595 4816 ὁ
3647 4771 3778 4817 Azo-

358 4860 554 4910 autem
605 4855 889 4925 patricius
939 4859 1114 4918 esset,
1152 4852 1317 4923 petiit
1364 4853 1434 4907 ab
1478 4852 1832 4923 imperatore
1865 4853 1938 4907 Co

2200 4871 2281 4919 ρης
2317 4870 2327 4881 ·
2373 4850 2655 4925 πατρίκιος
2698 4847 2756 4903 δὲ
2799 4852 3081 4926 τυγχάνων
3132 4849 3361 4921 ἐζήτησε
3401 4852 3494 4905 τὸν
3546 4851 3783 4925 βασιλὲι

358 4946 617 5001 stantino
671 4946 827 4999 Duca
878 4945 985 4999 hoc
1037 4944 1254 4998 honore
1303 4943 1454 4998 afﬁci
1491 4948 1554 4997 ut
1600 4947 1756 4997 esset
1787 4944 1941 4998 besta

2201 4959 2525 4992 wa'tatv'twov
2579 4939 2672 4992 τὸν
2733 4939 2935 4992 Δοόκαν
2985 4942 3283 5012 τιμηθῆναι
3343 4940 3676 5014 βεστάρχης.
3715 4943 3784 4998 Ὁ

358 5033 518 5089 ches.
572 5033 895 5105 Imperalor
941 5038 1139 5088 autem
1193 5032 1574 5104 respondens,
1621 5054 1648 5081 «ι
1683 5032 1936 5087 Ostende

2216 5025 2467 5101 βασιλεὺς
2504 5026 2741 5081 ὑπειπὼν
2787 5024 2935 5098 αὐτῷ
2967 5045 2978 5057 ·
3016 5053 3043 5079 ‹‹
3082 5026 3348 5082 Δεικνύων
3382 5025 3516 5101 ἔργα
3556 5027 3782 5083 ἀπαίτει

358 5139 533 5191 opera
564 5137 801 5192 reposce
852 5120 1203 5187 mercedem,
1236 5142 1256 5169 ι
1313 5119 1547 5173 inanem
1598 5117 1792 5188 ipsum
1829 5135 1888 5172 re
1919 5118 1935 5172 i

2196 5114 2351 5178 σθους
2401 5140 2428 5166 ››
2476 5116 2628 5170 κενὸν
2683 5114 2840 5169 αὐτὸν
2907 5115 2997 5169 καὶ
3059 5114 3332 5190 ἄπρακτον
3389 5115 3779 5189 ἀπεπίμψατο,

359 5210 508 5264 fecta
557 5208 803 5276 dimisit,
844 5207 972 5278 ejus
1006 5207 1271 5279 petitioni
1321 5205 1564 5261 minime
1613 5206 1942 5261 consentien

2197 5236 2201 5272 ι
2255 5202 2542 5279 προσέχων
2600 5206 2668 5276 τῇ
2751 5202 2960 5273 αἰτήσει
3020 5205 3206 5261 αὐτοῦ.
3266 5203 3528 5274 Ἑξελθὼν
3590 5204 3688 5257 οὖν
3749 5205 3780 5258 ὁ

358 5299 645 5369 Egressus
677 5296 858 5369 igitur
888 5296 1196 5367 Diogenes,
1227 5312 1361 5349 cum
1393 5296 1465 5349 ad
1497 5294 1792 5349 Sardicem
1818 5311 1941 5365 peri

2194 5292 2385 5365 ογὲνης
2434 5292 2523 5346 καὶ
2577 5292 2675 5359 τήν
2730 5288 3005 5362 Σαρδικήν
3055 5287 3401 5362 καταλαϐὼν,
3451 5294 3777 5366 περιτυχὼν

366 5388 554 5442 nisset
585 5386 1012 5455 incidissetque
1060 5385 1117 5438 in
1153 5383 1508 5451 Patzinacas,
1542 5382 1641 5453 qui
1697 5399 1944 5452 erupera

2192 5382 2475 5449 ιτζινάκοις
2534 5378 2807 5450 ἰξελθοῦσι
2866 5381 2956 5434 καὶ
3010 5380 3343 5452 λεηλατοῦσι
3394 5381 3492 5447 τὴν
3555 5381 3775 5455 χώραν,

361 5480 419 5531 et
452 5475 745 5546 regionem
779 5473 1151 5545 diripiebant,
1188 5475 1259 5527 de
1298 5474 1444 5543 ipsis
1476 5478 1693 5543 tropaea
1723 5472 1922 5541 erexit,

2190 5472 2377 5524 όπαιον
2431 5471 2693 5540 ὶστήσατο
2752 5470 2869 5524 κατ’
2899 5470 3097 5539 αὐτῶν,
3144 5473 3233 5525 καὶ
3276 5475 3383 5525 τῶν
3434 5468 3773 5524 ἑαλωκότων

361 5580 430 5619 ex
460 5565 645 5635 captis
675 5564 833 5618 vivos
882 5562 1375 5634 quamplurimos,
1410 5562 1845 5617 interfectorum
1880 5578 1943 5615 ve

2190 5579 2324 5619 ιντας
2382 5558 2474 5630 μὶν
2521 5556 2788 5626 πολλοὺς,
2837 5579 2871 5612 κ
2901 5557 3078 5634 φαλάς
3130 5556 3186 5614 δὶ
3238 5563 3344 5613 τῶν
3403 5558 3773 5631 ἀνῃρημένων

362 5656 556 5727 capita
583 5653 921 5727 imperatori
967 5652 1147 5709 misit.
1203 5653 1266 5708 Et
1296 5652 1513 5709 idcirco
1566 5650 1945 5708 hestarches:

2236 5647 2453 5725 βασιλεῖ
2504 5649 2808 5727 πεπομφὼς
2857 5647 3095 5723 ἐτιμήθη
3153 5651 3483 5725 βεστάρχης,
3533 5650 3781 5725 γράψον.
