4040 6196
204 351 301 409 393

1701 346 2090 407 HISTORIA.

3480 362 3597 422 396

202 482 278 543 τὸς
314 480 456 552 αύτῷ
483 484 581 534 τοῦ
617 480 889 555 βασιλέως
919 480 992 541 ὡς
1016 503 1043 530 ‹‹
1064 479 1181 536 Ούκ
1202 476 1332 551 ἐμὸν
1362 475 1613 552 δῶρον,ὧ
1639 477 1824 551 Διόγε-

1944 478 2291 551 imperatore
2339 492 2569 538 creatus
2620 490 2744 551 est;
2781 487 2881 556 qui
2922 487 3159 558 quidem
3209 490 3259 544 ei
3311 491 3594 564 scripsit;

201 574 476 643 νες,τοῦτο,
499 569 645 624 ἀλλὰ
674 576 773 639 τῆς
808 569 1013 630 οἰκείας
1039 569 1238 645 ἀρετῆς
1262 568 1353 623 καὶ
1397 564 1775 643 ἀνδραγαθίας.
1808 591 1834 617 ››

204 654 484 734 Διατρίϐων
537 656 596 713 δὲ
642 658 815 715 ἐκεῖσε
856 654 1149 730 ἠϐουλήθη
1205 658 1303 733 μὶν
1353 658 1574 733 ἀντᾶραι
1620 661 1701 729 τῷ
1734 657 1837 730 βα-

204 749 348 819 σιλεῖ,
379 747 526 804 ἀλλά
570 750 633 803 τὸ
684 747 1065 822 μελετώμενον
1117 749 1195 809 εἷς
1228 748 1343 825 φῶς
1378 746 1596 821 ἀγαγεῖν
1642 742 1835 806 δεδιὼς

204 838 281 907 ἦν.
309 840 496 910 Ὅμως
530 835 719 907 ἐπειδή
753 840 781 893 6
816 836 1070 914 βασιλεὺς
1115 836 1258 906 ἀπῆν
1309 836 1398 892 καὶ
1436 836 1503 889 τά
1538 841 1638 905 τῆς
1683 835 1835 910 βασι-

202 927 331 988 λείας
376 926 670 1003 ἐχήρευον,
702 925 1110 1002 κοινολογεῖταί
1138 948 1243 981 τινι
1284 931 1389 981 τῶν
1422 925 1835 979 πιστικωτάτων

199 1017 253 1071 τὸ
275 1022 513 1091 πρᾶγμα,
544 1016 635 1070 καὶ
689 1014 759 1070 δι’
789 1016 955 1071 αὑτοῦ
999 1021 1117 1078 τοῖς
1166 1012 1584 1090 παρακειμένοις
1634 1011 1833 1075 ἔθνεσιν

200 1105 459 1177 ὁμιλήσας
488 1106 612 1181 περὶ
660 1110 860 1161 ταυτοῦ
909 1105 1255 1180 πράγματός,
1289 1101 1487 1181 φιλίως
1538 1102 1689 1174 αὑτῶ
1719 1098 1836 1155 δια-

199 1195 475 1267 κειμένοις,
521 1196 680 1270 ἦρξεν
730 1198 957 1272 ἡμερῶν
1002 1216 1188 1263 τινων,
1239 1200 1339 1262 τῆς
1385 1193 1553 1247 αὐτοῦ
1602 1188 1839 1265 γενναιό-

196 1306 349 1355 τητος
396 1290 593 1360 πεῖραν
647 1284 837 1359 ἔχουσι
898 1281 1145 1358 δαψιλῆ.
1207 1283 1313 1339 Καὶ
1373 1280 1635 1355 μηνύεται
1690 1280 1838 1355 παρά

196 1394 324 1436 τινος
351 1375 647 1451 Ἀρμενίου
691 1375 753 1428 τὸ
799 1375 973 1448 γένος,
1002 1374 1090 1427 καὶ
1142 1369 1208 1442 δὴ
1242 1370 1581 1445 συλληφθεὶς
1621 1366 1836 1440 δεσμώ-

197 1483 284 1531 της
332 1464 471 1538 πρὸς
515 1464 616 1531 τήν
672 1460 930 1537 βασιλίδα
979 1461 1263 1536 ἀπαγεται.
1295 1458 1615 1535 Ἐλεγχθεὶς
1661 1455 1719 1512 δὲ
1746 1456 1835 1511 καὶ

196 1554 543 1624 καταθέμενος
593 1552 683 1607 καὶ
734 1549 824 1606 διὰ
866 1555 1029 1607 τοῦτο
1092 1548 1431 1625 κατακριθεὶς
1482 1547 1706 1612 θανάτου
1763 1547 1836 1607 ὡς

199 1637 479 1703 ἰπίϐουλος
528 1641 903 1717 ὑπερορίζεται
955 1642 1042 1696 καὶ
1092 1647 1191 1710 τῆς
1238 1637 1455 1699 πόλεως
1486 1631 1833 1706 ἐκϐάλλεται,

198 1737 339 1786 πᾶσιν
393 1730 545 1785 ἀνίαν
599 1729 879 1803 ἐνθέμενος
930 1731 1045 1785 ὅσοι
1093 1732 1192 1797 τῆς
1236 1727 1400 1783 αὑτοῦ
1446 1726 1835 1801 γενναιότητος

196 1820 274 1874 καὶ
328 1817 547 1896 ἆνέρίας
606 1819 656 1873 ἒν
717 1820 904 1918 πείρᾳ.
937 1817 1276 1883 καθίσταντο.
1336 1818 1420 1887 [Ρ.
1458 1816 1727 1918 ὶ821ὶιΟἱ
1787 1812 1834 1868 δ’
1869 1853 1912 1918 Β

198 1910 501 1984 ἀγνοοῦντες
554 1907 616 1964 ἐκ
667 1914 775 1964 τῶν
827 1906 1047 1963 εἰδότων
1097 1911 1263 1962 ταῦτα
1309 1898 1831 1980 παραλαμϐάνοντες

201 1999 433 2073 ὑπῆρχον
488 1998 540 2068 ἐξ
588 1996 832 2072 ἀνάγκης
878 1996 1113 2070 ἐρασταί.
1163 1998 1268 2052 Καὶ
1304 1992 1396 2049 διὰ
1440 1998 1601 2049 τοῦτο
1642 1991 1713 2049 δι’
1742 1993 1833 2048 εύ-

199 2093 298 2161 χῆς
326 2088 389 2154 ἦν
434 2091 556 2148 τοῖς
604 2084 760 2149 ὅλοις
806 2085 1074 2161 ἀνώτερον
1117 2085 1206 2139 τὸν
1260 2080 1425 2159 ἄνδρα
1471 2083 1706 2156 γενέσθαι
1737 2102 1831 2136 κο-

197 2175 496 2249 λαστηρίων
553 2175 644 2230 καὶ
727 2181 1057 2251 χαρισθῆναι
1129 2178 1198 2248 τῇ
1273 2170 1563 2245 Ῥωμαίων
1637 2175 1828 2226 τοῦτον

194 2265 349 2340 ἀρχῇ.
381 2265 533 2319 Ἐπεὶ
578 2262 637 2319 δὲ
683 2265 712 2319 6
742 2264 945 2326 σκοπὸς
996 2264 1167 2334 ζήλου
1197 2264 1344 2317 θείου
1373 2263 1438 2330 ἦν
1479 2261 1569 2315 καὶ
1601 2261 1664 2315 οὑ
1704 2258 1831 2335 φιλ-

192 2354 384 2423 αυτίας,
451 2352 767 2430 περιαλγῶς
840 2360 941 2422 τῆς
1004 2357 1112 2407 τῶν
1186 2355 1520 2426 Χριστιανῶν
1580 2348 1830 2420 πληθύος

190 2445 500 2520 πασχούσης
544 2445 636 2500 καὶ
682 2448 868 2505 κακῶς
922 2443 1317 2519 κεραϊζομένης
1363 2441 1632 2515 ὁσημέραι
1696 2441 1831 2517 πρὸς

186 2534 279 2587 τῶν
309 2535 661 2608 Ἀγαρηνῶν,
690 2531 967 2608 ένηργήθη
1022 2531 1213 2587 λοιπὸν
1264 2535 1383 2592 τοῖς
1414 2528 1735 2606 εὐχομένοις
1764 2529 1831 2584 τά

186 2630 273 2690 τῆς
312 2623 508 2698 εὑχῆς.
563 2620 939 2696 Παραστάντος
987 2621 1092 2695 γάρ
1147 2618 1298 2683 αὖθις
1336 2618 1499 2673 αὑτοῦ
1545 2623 1624 2690 τῷ
1676 2619 1829 2693 βασι·-

188 2710 312 2782 λικῷ
346 2712 557 2784 βήματι
588 2710 875 2785 περιέσχεν
904 2706 1057 2773 ἔλεος
1105 2709 1337 2784 ἄσχετον
1383 2710 1485 2777 τὴν
1515 2707 1826 2782 Αύγοῦσταν

188 2798 459 2856 Εὖδοκίσν·
492 2802 559 2868 ἦν
587 2800 690 2875 γάρ
723 2800 750 2852 6
781 2800 916 2874 ἀνὴρ
951 2800 1085 2871 μετά
1113 2802 1220 2852 τῶν
1243 2802 1349 2852 τῶν
1375 2794 1560 2852 ἄλλων
1592 2796 1681 2850 καὶ
1714 2798 1831 2850 θεα-

189 2897 335 2957 θῆναι
383 2890 603 2963 ἀγαθὸς,
654 2888 933 2961 ἐπιμήκης
969 2909 1030 2943 τε
1055 2888 1154 2955 τὴν
1188 2886 1407 2956 ἠλικίαν
1441 2883 1512 2940 ὣν
1553 2886 1643 2940 καὶ
1671 2886 1828 2959 στέρ-

187 3001 281 3033 νων
336 2979 428 3033 καὶ
473 2982 664 3033 νώτων
718 2976 772 3032 ἐν
828 2976 982 3048 καλῷ
1029 2975 1438 3049 καθορώμενος,
1478 2972 1828 3049 εὐόφθαλμός

185 3088 256 3139 τε,
305 3065 455 3143 εῗπερ
501 3089 588 3129 τις
638 3064 834 3136 ἄλλος,
873 3065 962 3120 καὶ
1005 3070 1101 3120 τοῦ
1148 3066 1354 3128 πάθους
1400 3064 1617 3119 αὐτόθεν
1650 3065 1825 3137 παρά-

186 3154 371 3227 κλησιν
432 3156 860 3229 ἐκκαλούμενος,
917 3155 1045 3228 μήτ’
1091 3149 1307 3231 ἀκριϐὲς
1354 3154 1415 3208 τὸ
1464 3151 1655 3208 λευκὸν
1688 3155 1827 3225 μήτε

185 3247 241 3303 τὸ
274 3224 478 3320 ’μέλαν
538 3224 860 3315 ἀποσώζων,
910 3224 1035 3299 ἀλλ’
1084 3224 1198 3298 οἷο-ν
1251 3241 1656 3319 συγκεκραμένα
1690 3224 1827 3297 κατ’
1859 3224 1901 3289 C

188 3335 291 3391 ἴσον
346 3334 654 3413 ἀμφότερα.
703 3336 791 3395 Ὡς
840 3332 929 3388 οὖν
988 3333 1077 3387 καὶ
1135 3335 1170 3402 ἡ
1220 3336 1537 3405 παρεστῶσα
1576 3331 1831 3407 γερουσία

183 3425 491 3493 συνέπαθεν,
548 3424 705 3488 εὐθὺς
760 3420 1203 3492 ἐπηκολούθησεν
1260 3424 1295 3489 ἡ
1357 3420 1682 3493 συμπάθεια,
1738 3419 1829 3475 καὶ

180 3514 496 3589 περισωθεὶς
553 3517 649 3567 τοῦ
717 3509 970 3567 κινδύνου
1038 3511 1185 3586 παρὰ
1256 3513 1426 3565 πᾶσαν
1486 3506 1685 3564 ἐλπίδα
1739 3508 1829 3563 καὶ

179 3602 504 3679 προσδοκίαν
555 3600 848 3677 βασιλικῆς
899 3599 1168 3672 ἀξιώσεως
1218 3596 1399 3673 ἔτυχε.
1434 3599 1527 3653 Διὸ
1575 3598 1664 3652 καὶ
1704 3598 1834 3653 ἀπο-

182 3693 360 3756 λυθεὶς
411 3691 563 3765 παρά
606 3692 822 3745 πάντων
873 3688 1167 3759 ἠσπάζετο.
1223 3688 1411 3757 Ἐξιὼν
1457 3684 1549 3741 οὗν
1598 3688 1674 3749 εἷς
1729 3688 1829 3755 τὴν

182 3778 561 3837 Καππαδοκῶν
597 3822 611 3847 ,
670 3777 721 3849 ἐξ
777 3778 843 3846 ἧς
919 3777 1010 3832 καὶ
1074 3776 1318 3853 γέννησιν
1380 3771 1605 3851 ἔσχηκε,
1664 3775 1829 3829 πάλιν

187 3869 589 3942 μεταπεμφθεὶς
637 3866 713 3928 εἰς
762 3867 864 3933 τὴν
910 3864 1297 3941 βασιλεύουσαν
1346 3861 1695 3933 εἰσελήλυθε,
1742 3865 1828 3918 καὶ

182 3964 290 4018 τοῖς
318 3954 620 4031 γενεθλίοις
670 3958 766 4009 τοῦ
819 3960 1078 4028 Σωτῆρος
1112 3957 1225 4026 (15)
1268 3950 1504 4029 Χριστοῦ
1539 3953 1836 4026 μάγιστρος

183 4052 403 4118 τιμᾶται
460 4046 552 4098 καὶ
619 4042 998 4119 στρατηλάτης
1062 4036 1445 4115 προϐέϐληται
1516 4041 1665 4113 παρά
1732 4048 1833 4109 τῆς

188 4133 469 4208 βασιλίδος
500 4131 878 4208 προελθούσης
905 4130 1206 4207 βασιλικῶς
1237 4131 1370 4204 μετᾶ
1396 4151 1504 4184 των
1537 4127 1691 4184 ῗδίων
1716 4128 1838 4185 παί-

183 4222 285 4277 δων
335 4225 411 4285 εἷς
452 4223 545 4278 τὸν
600 4222 851 4296 μέγιστον
903 4221 992 4275 καὶ
1043 4220 1378 4294 περίπυστον
1426 4225 1525 4288 τῆς
1574 4223 1671 4273 τοῦ
1704 4223 1837 4274 Θεοῦ

185 4314 384 4389 Xo?!“
420 4311 614 4381 σηκόν.
649 4307 959 4371 Δεδοικυίας
987 4306 1044 4363 δὶ
1066 4316 1165 4377 τῆς
1196 4305 1478 4384 βασιλίδος
1501 4309 1601 4377 τήν
1632 4329 1688 4362 τε
1712 4307 1837 4382 σύγ·

180 4401 382 4471 κλητον
433 4402 524 4455 καὶ
572 4400 663 4455 τὸν
712 4397 1063 4473 πατριάρχην
1112 4399 1204 4452 καὶ
1252 4396 1382 4459 τοὺς
1416 4397 1837 4472 ὑπογράψαντας

180 4490 267 4543 καὶ
328 4490 661 4563 ὀμόσαντας,
718 4489 809 4543 καὶ
860 4484 950 4541 διὰ
996 4490 1157 4541 τοῦτο
1215 4488 1290 4559 μή
1322 4484 1625 4558 τολμώσης
1651 4491 1837 4555 συζευ-

1948 591 1973 617 ‹‹
2001 568 2123 623 Non
2158 585 2352 625 meum
2387 572 2626 640 donum,
2663 592 2693 629 ο
2723 574 3031 647 Diogenes,
3052 576 3183 642 hoc,
3209 580 3306 634 sed
3344 586 3453 635 tuae
3483 582 3597 637 vir-

1946 657 2093 713 tutis
2123 663 2178 713 et
2212 658 2643 717 fortitudinis.»
2675 663 2759 718 Ibi
2790 669 2985 720 autem
3015 682 3388 724 commorans
3418 670 3600 726 voluit

1946 751 2149 802 contra
2180 747 2592 821 imperatorem
2627 752 2781 807 664
2811 752 3139 826 insurgere.
3161 757 3268 812 Sed
3298 758 3600 831 inceptum

1947 833 2008 889 in
2054 834 2241 891 lucem
2303 840 2562 909 proferre
2612 842 2939 897 verebatur.
2977 846 3241 900 Attamen
3290 856 3601 920 postquam

1944 923 2135 978 abfuit
2191 927 2511 998 imperator
2557 934 2613 984 et
2659 931 2973 1002 imperium
3025 935 3236 989 orbum
3296 941 3441 1002 erat,
3475 953 3599 992 rem

1946 1028 2079 1068 cum
2115 1031 2222 1070 suo
2256 1018 2509 1086 quodam
2567 1018 2911 1075 fidelissimo
2960 1023 3379 1092 communicat,
3413 1029 3470 1080 et
3502 1041 3605 1097 per

1949 1102 2142 1172 ipsum
2175 1120 2308 1159 cum
2348 1107 2705 1177 quibusdam
2749 1109 3019 1166 ﬁnitimis
3058 1113 3353 1184 gentibus,
3385 1114 3603 1185 quibus

1946 1196 2101 1247 esset
2130 1191 2318 1264 ipsius
2342 1195 2639 1267 explorata
2669 1199 2873 1263 virtus,
2898 1200 3219 1257 collocutus
3246 1202 3599 1272 quibusdam

1948 1280 2213 1351 partibus
2271 1283 2597 1355 imperavit.
2648 1288 2946 1343 Iudicatur
2996 1295 3192 1345 autem
3252 1309 3285 1345 a
3343 1294 3597 1362 quodam

1943 1369 2242 1442 Armenio,
2272 1377 2329 1427 et
2358 1375 2809 1446 comprehensus
2850 1378 2920 1432 ad
2967 1378 3169 1434 urbem
3216 1380 3433 1450 regiam
3468 1397 3597 1453 per-

1944 1458 2200 1527 ducitur,
2236 1463 2654 1535 convictusque
2686 1470 2741 1521 et
2780 1467 2988 1538 capitis
3020 1468 3335 1524 damnatus
3366 1475 3431 1526 ut
3461 1487 3597 1542 pro-

1944 1546 2100 1602 ditor
2130 1549 2185 1603 in
2221 1551 2490 1608 exsilium
2523 1554 2799 1619 mittitur,
2834 1556 2975 1611 urbe
3010 1556 3338 1629 expellitur,
3372 1575 3486 1614 non
3514 1561 3599 1615 si<

1945 1650 2017 1689 ne
2049 1638 2304 1695 maximo
2336 1639 2536 1697 dolore
2581 1657 2781 1697 eorum
2815 1645 3079 1698 omnium
3113 1645 3267 1715 apud
3300 1661 3446 1715 quos
3479 1662 3599 1701 sua:

1943 1728 2177 1785 virtutis
2209 1746 2275 1784 ac
2305 1731 2677 1787 strenuitatis
2708 1732 3005 1804 specimen
3039 1734 3300 1791 dederat.
3329 1738 3436 1802 Qui
3466 1754 3600 1793 vero

1944 1817 2140 1890 ipsum
2202 1819 2579 1891 ignorabant,
2620 1822 2836 1877 famam
2899 1822 2971 1877 ab
3031 1822 3165 1879 aliis
3214 1824 3601 1897 percipientes

1942 1908 2140 1962 statim
2174 1908 2362 1979 ipsius
2390 1925 2588 1965 amore
2617 1910 3021 1981 capiebantur.
3048 1913 3117 1966 Et
3148 1912 3364 1968 idcirco
3394 1930 3598 1971 omnes

1941 1998 2225 2069 optabant
2254 1998 2442 2052 virum
2489 1999 2777 2069 supplicio
2818 2000 3053 2055 liberari
3098 2006 3157 2056 et
3202 2002 3595 2059 Romanorum

1939 2085 2186 2157 imperio
2218 2086 2443 2142 donari.
2468 2088 2537 2141 Et
2560 2087 2699 2158 quia
2721 2087 2901 2143 divini
2928 2088 3034 2144 zeli
3066 2091 3452 2161 propositum,
3480 2109 3594 2149 non

1941 2178 2137 2229 autem
2188 2175 2404 2246 proprii
2455 2175 2673 2230 amoris
2711 2181 2856 2242 erat,
2885 2177 3103 2249 quippe
3150 2195 3284 2234 cum
3315 2180 3593 2236 Christia-

1940 2280 2151 2318 norum
2200 2264 2375 2319 turba
2414 2264 2676 2335 quotidie
2727 2266 2798 2319 ab
2848 2267 3131 2338 Agarenis
3182 2267 3595 2325 miserabiliter

1939 2356 2141 2407 vexata
2175 2354 2553 2421 cruciaretur,
2575 2354 2848 2425 deinceps
2880 2361 3079 2427 optata
3111 2373 3311 2412 eorum
3338 2358 3438 2429 qui
3460 2363 3594 2414 vota

1940 2441 2233 2497 faciebant
2262 2442 2331 2497 ad
2364 2442 2582 2497 exitum
2618 2444 2901 2515 perducta
2930 2450 3085 2500 sunt.
3111 2449 3251 2501 Cum
3284 2447 3439 2502 enim
3466 2464 3592 2503 rur-

1939 2546 2041 2585 sus
2069 2531 2139 2584 ad
2173 2530 2397 2601 regium
2430 2536 2771 2602 suggestum
2804 2532 3094 2588 adductus
3128 2534 3358 2603 fuisset,
3396 2536 3593 2606 Augu-

1939 2625 2031 2675 sta
2063 2620 2316 2675 Eudocia
2360 2620 2652 2676 immensa
2697 2620 3099 2678 misericordia
3128 2628 3424 2679 commota
3452 2629 3543 2680 est
3577 2642 3590 2680 :

1938 2714 2061 2763 erat
2086 2709 2241 2763 enim
2275 2709 2366 2763 vir
2397 2714 2609 2781 praeter
2639 2709 2750 2765 alia
2792 2717 3055 2781 spectatu
3090 2728 3326 2785 quoque
3355 2712 3590 2785 dignus,

1936 2802 2163 2853 statura
2222 2808 2518 2870 procerus,
2561 2806 2791 2871 pectore
2841 2804 2897 2854 et
2946 2799 3209 2857 humeris
3268 2801 3593 2874 pulcherri-

1938 2904 2092 2952 mus,
2127 2892 2180 2942 et
2212 2886 2657 2958 pulchritudine
2701 2887 3003 2944 oculorum
3058 2895 3119 2945 ut
3167 2891 3218 2945 si
3273 2895 3407 2963 quis
3439 2890 3590 2947 alius

1938 2981 2242 3045 praestans,
2279 2976 2371 3032 his
2417 2977 2695 3031 omnibus
2746 2977 3009 3033 levamen
3042 2980 3396 3037 calamitatis
3427 2982 3586 3037 efﬂa-

1936 3064 2154 3135 gitans,
2176 3080 2365 3135 neque
2388 3081 2629 3136 prorsus
2650 3065 2848 3120 album
2878 3082 3065 3137 neque
3090 3085 3329 3139 prorsus
3352 3072 3587 3142 nigrum

1937 3154 2036 3208 sed
2088 3170 2156 3208 ex
2202 3158 2448 3224 utroque
2506 3153 2808 3225 aequaliter
2837 3156 2985 3212 665
3042 3158 3283 3212 mistum
3335 3158 3588 3214 colorem

1941 3257 2314 3298 conservans.
2352 3246 2421 3296 Ut
2449 3242 2630 3313 igitur
2667 3243 2843 3298 etiam
2876 3260 3133 3315 praesens
3164 3250 3403 3302 senatus
3434 3264 3590 3302 com-

1942 3336 2135 3385 motus
2162 3330 2485 3399 est,statim
2522 3332 2925 3388 misericordia
2945 3333 3238 3403 judicium
3274 3336 3593 3390 subsecuta

1940 3423 2048 3473 est.
2083 3420 2148 3473 Et
2178 3436 2211 3474 a
2243 3420 2503 3490 periculo
2562 3425 2828 3476 servatus
2885 3426 3093 3492 praeter
3144 3438 3377 3478 omnem
3426 3440 3593 3496 spem

1941 3512 2117 3578 atque
2142 3510 2634 3579 exspectationem
2670 3509 2887 3580 regiam
2918 3510 3318 3581 dignationem
3350 3517 3439 3567 est
3464 3528 3596 3567 con-

1943 3601 2208 3663 secutus;
2260 3602 2317 3652 et
2364 3598 2582 3653 idcirco
2630 3598 2969 3654 absolutum
3021 3615 3224 3655 omnes
3281 3600 3595 3673 amplecte-

1942 3688 2174 3742 bantur.
2236 3689 2515 3759 Egressus
2572 3688 2754 3760 igitur
2808 3690 2866 3744 in
2928 3690 3382 3763 Cappadociam,
3442 3690 3597 3746 unde

1942 3777 2231 3833 oriundus
2263 3783 2407 3841 erat,
2433 3795 2642 3832 rursus
2674 3780 2745 3833 ad
2779 3779 2992 3848 regiam
3029 3782 3235 3835 urbem
3280 3780 3599 3836 accersitus

1944 3881 2072 3920 sese
2124 3866 2338 3937 recepit
2386 3867 2479 3921 die
2527 3868 2702 3921 natali
2754 3867 3070 3923 Salvatoris
3101 3869 3335 3939 Christi,
3368 3875 3422 3924 et
3472 3886 3601 3924 ma-

1943 3953 2109 4025 gistri
2144 3954 2361 4011 honore
2392 3956 2699 4011 decoratus
2742 3957 2859 4010 dux
2905 3958 3194 4013 exercitus
3241 3960 3311 4013 ab
3343 3961 3605 4029 Augusta

1944 4048 2192 4113 creatur,
2222 4062 2346 4114 qua:
2380 4045 2754 4115 imperatoris
2786 4062 2946 4101 more
2978 4064 3110 4101 cum
3143 4048 3267 4103 suis
3300 4047 3435 4104 ﬁliis
3467 4063 3605 4118 pro-

1946 4138 2201 4188 cesserat
2249 4134 2319 4188 ad
2381 4134 2703 4188 maximum
2764 4140 2821 4188 et
2878 4135 3323 4191 celeberrimum
3375 4136 3603 4207 Sophia:

1947 4221 2255 4293 templum.
2281 4224 2425 4278 Cum
2478 4228 2673 4277 autem
2702 4229 3001 4278 vereretur
3048 4229 3315 4295 Augusta
3344 4230 3400 4279 et
3432 4242 3604 4280 sena-

1946 4314 2073 4363 tum
2105 4314 2162 4363 et
2193 4309 2587 4379 patriarcham
2621 4314 2678 4364 et
2727 4326 2826 4364 eos
2877 4310 2978 4381 qui
3026 4311 3211 4381 jurati
3244 4312 3607 4383 subscripse-

1950 4403 2101 4468 rant,
2134 4403 2190 4453 et
2216 4399 2434 4453 idcirco
2466 4415 2579 4453 non
2627 4398 2871 4453 auderet
2900 4415 3030 4453 cum
3065 4400 3383 4456 illustriore
3413 4400 3606 4470 aliquo

1951 4486 2323 4542 matrimonio
2373 4486 2632 4558 copulari
2686 4487 3004 4557 ipsumque
3050 4489 3465 4561 imperatorem
3508 4490 3610 4544 de-

184 4580 381 4654 χθῆναί
422 4599 529 4633 τινι
576 4582 685 4633 τῶν
744 4576 1019 4655 ἐπιφανῶν
1074 4575 1162 4630 καὶ
1216 4573 1444 4651 βασιλέα
1484 4574 1834 4649 ἀναγορεῦσαι

1947 4576 2187 4642 clarare,
2222 4575 2431 4631 statuit
2477 4591 2658 4647 supra
2694 4574 3040 4631 muliebrem
3084 4578 3347 4632 animum
3383 4578 3464 4633 nil
3496 4578 3609 4634 sibi

184 4668 370 4738 αὑτὸν,
428 4667 568 4744 ἔγνω
620 4663 731 4721 δεῖν
788 4666 919 4737 ὑπὲρ
967 4670 1195 4739 γυναῖκα
1249 4666 1324 4737 μή
1371 4670 1660 4741 φρονῆσαι,
1706 4683 1839 4718 παν-

186 4758 377 4833 ουργῖᾳ
436 4755 493 4811 δὲ
548 4756 642 4810 καὶ
702 4753 852 4827 δόλῳ
904 4754 995 4807 τὸν
1055 4752 1401 4828 πατριάρχην
1448 4751 1697 4807 ὑπελθεῖν
1748 4752 1841 4807 καὶ

185 4845 362 4907 οὕτως
412 4846 553 4918 αύτῇ
600 4845 665 4898 τὸ
722 4841 908 4917 ἐφετὸν
952 4841 1389 4914 καταπράξασθαι
1438 4839 1528 4894 καὶ
1582 4841 1682 4909 τήν
1734 4843 1843 4894 τῶν

181 4931 350 4988 ἐθνῶν
412 4938 594 4994 ποσῶς
672 4930 1017 5006 ἀναχαιτίσαι
1090 4930 1293 5006 ὁρμήν.
1356 4933 1644 4983 Κοινοῦται
1714 4932 1839 5003 γοῦν

175 5022 239 5076 16
286 5024 521 5099 πρᾶγμά
566 5042 676 5076 τινι
731 5025 840 5075 τῶν
896 5018 957 5074 ὲκ
1005 5022 1104 5087 τῆς
1142 5016 1591 5090 γυναικωνίτιδος
1625 5017 1699 5078 ὡς
1732 5017 1845 5071 ἐπι·

173 5107 388 5184 τηδείῳ
438 5113 575 5185 πρὸς
607 5112 793 5166 τοῦτο.
838 5109 895 5161 Ὀ
927 5105 984 5162 δὲ
1020 5109 1365 5183 ὑπισχνεῖται
1405 5106 1464 5162 ἐκ
1492 5106 1687 5167 παντὸς
1716 5103 1843 5181 τρό-

171 5217 280 5252 πον)
329 5198 665 5275 συμπράξειν
719 5195 858 5270 αὐτῇ
901 5197 1037 5271 πρὸς
1075 5196 1138 5252 τὰ
1169 5193 1635 5269 σπουδαζόμενον,
1689 5194 1845 5268 ξυρὸς

174 5285 249 5347 εἷς
283 5288 517 5357 ἀκόνην,
548 5288 610 5341 τὸ
658 5289 757 5340 τοῦ
806 5283 999 5361 λόγου,
1033 5282 1106 5339 ὢν
1151 5284 1229 5349 εἷς
1270 5284 1336 5339 τὰ
1373 5288 1616 5341 τοιαῦτα.
1651 5280 1845 5338 Ἀδελο

173 5372 272 5448 ρὸς
303 5375 379 5445 ἦν
420 5379 499 5446 τῷ
540 5375 859 5450 πατριάρχῃ
902 5371 1111 5451 Βάρδας
1162 5369 1359 5447 ὄνομα,
1395 5371 1757 5448 λαγνίστατός
1787 5392 1845 5427 τε

1951 4664 2435 4737 aggrediendum,
2468 4664 2567 4719 sed
2618 4665 2816 4736 potius
2850 4665 2981 4720 dolo
3013 4682 3080 4721 ac
3112 4666 3319 4723 fraude
3356 4667 3608 4722 circum-

1951 4752 2309 4809 veniendum
2356 4752 2747 4823 patriarcham
2775 4774 2789 4821 ;
2824 4761 2881 4808 et
2928 4755 3007 4809 ita
3038 4771 3100 4809 se
3131 4756 3241 4811 voti
3275 4760 3607 4828 compotem

1952 4842 2210 4896 futuram
2242 4848 2299 4897 et
2326 4841 2591 4913 gentium
2634 4841 2923 4913 impetum
2967 4860 3393 4916 repressuram,
3426 4861 3607 4917 quam

1953 4937 2079 4986 tum
2121 4931 2178 4984 in
2231 4947 2293 4985 se
2342 4936 2516 5000 esset,
2549 4930 2945 4986 existimabat.
2978 4932 3384 4988 Communicat
3431 4934 3612 5005 igitur

1954 5037 2074 5075 rem
2108 5020 2364 5089 quodam
2414 5035 2546 5074 cum
2591 5019 2862 5075 eunucho
2896 5036 2964 5074 ex
2994 5036 3264 5093 gynaeceo
3318 5027 3382 5078 ut
3430 5025 3501 5078 ad
3551 5023 3612 5079 id

1953 5110 2181 5175 idoneo,
2215 5108 2315 5179 qui
2365 5109 2602 5163 omnino
2652 5125 2714 5164 se
2764 5109 2815 5163 ei
2871 5126 2994 5165 rem
3028 5128 3058 5165 e
3090 5112 3381 5167 sententia
3415 5114 3611 5170 confe-

1953 5204 2183 5254 cturum
2237 5196 2564 5268 pollicetur,
2600 5201 2801 5267 utpote
2850 5198 2951 5267 qui
3006 5199 3287 5255 novacula
3316 5202 3386 5255 ad
3420 5207 3609 5257 cotem

1954 5291 2126 5354 esset,
2179 5291 2243 5340 ut
2291 5284 2406 5340 dici
2455 5284 2623 5353 solet,
2654 5286 2726 5340 ad
2776 5286 2897 5342 haec
2947 5289 3225 5359 negotia:
3261 5290 3440 5347 frater
3488 5299 3613 5347 erat

1954 5373 2321 5447 patriarchae,
2354 5374 2573 5429 Bardas
2614 5375 2875 5445 nomine,
2910 5376 3164 5432 maxime
3216 5377 3472 5436 lascivus
3504 5379 3609 5450 vir,

1512 5527 1760 5613 JAQOBI
1799 5529 2026 5586 GOARI
2063 5528 2292 5585 NOTIE.

240 5669 368 5743 (15)
402 5671 536 5736 Quo
562 5672 657 5729 die
686 5687 818 5730 sese
847 5671 1047 5729 cuncti
1076 5671 1231 5743 apud
1262 5670 1492 5729 Gracos
1523 5672 1870 5731 muneribus
1899 5670 2219 5746 excipiunt.

522 5798 784 5863 Ρετιιοι..
829 5799 943 5862 Gn.
987 5796 1221 5863 CXXII.

3212 5801 3288 5860 l3
