4040 6196
434 304 550 364 395

1751 290 2078 353 JOANNIS
2122 290 2526 355 SCYLITZJE

3727 306 3849 365 396

428 438 495 489 :et
523 430 924 503 voluptatibus
957 429 1039 483 ita
1069 428 1340 483 addictus
1374 431 1435 481 ut
1465 424 1665 480 omnia
1696 424 1753 478 in
1786 422 1945 477 omni
1979 422 2092 475 vita

2206 421 2289 509 καὶ
2322 425 2456 499 πρὸς
2503 423 2702 494 ἡδονὰς
2745 428 3080 503 ἐπτοημένος
3109 432 3198 484 καὶ
3234 428 3401 504 μηδὲν
3435 429 3578 487 ἄλλο
3611 430 3698 488 διὰ
3728 434 3853 509 βίου

440 524 524 580 eis
556 520 951 595 posthaberet.
991 516 1224 575 Accedit
1268 520 1535 571 exsectus
1576 513 1673 568 ille
1723 514 1792 567 ad
1841 510 2093 583 patriar-

442 612 635 681 cham,
668 610 838 681 eique
881 624 1092 663 arcano
1142 607 1359 661 factum
1408 602 1615 677 aperit,
1651 600 2096 670 denuntiatque,

442 702 494 757 si
526 701 683 769 velit,
711 700 830 755 imo
870 698 1023 752 660
1054 696 1100 751 si
1137 699 1366 750 tantum
1423 698 1663 759 annuat,
1700 690 1845 746 nihil
1896 687 2097 760 pericli

444 790 832 847 metuendum
860 803 925 842 ex
951 784 1217 840 horribili
1250 783 1351 837 illo
1374 780 1801 853 chirographo:
1827 780 1955 849 ejus
1984 778 2096 831 fra-

436 884 587 935 «trem
612 891 959 951 germanum
981 890 1113 929 cum
1136 872 1507 943 imperatrice
1531 869 1869 942 copulatum
1896 866 2095 920 statim

435 969 850 1041 imperatorem
883 962 1245 1019 declaratum
1296 961 1387 1015 iri.
1424 960 1613 1031 thue
1658 963 1846 1014 totum
1889 953 2098 1010 habuit

444 1059 559 1114 sibi
584 1054 977 1129 patriarcham
1001 1052 1177 1107 veluti
1202 1050 1814 1119 inescatum,jamque
1836 1045 2099 1101 studiose

447 1144 892 1201 matrimonium
922 1147 1151 1197 tantum
1178 1156 1290 1195 non
1346 1144 1777 1210 procurantem,
1802 1133 2101 1190 consuluit

442 1240 508 1291 ut
537 1234 647 1289 hac
678 1233 808 1305 ipsa
834 1233 903 1287 de
942 1247 1001 1286 re
1045 1234 1283 1286 senatus
1318 1245 1549 1299 quoque
1582 1224 1931 1282 sententiam
1968 1237 2096 1293 per-

440 1327 768 1381 cunctatur.
789 1320 1049 1394 Singulis
1070 1319 1251 1392 igitur
1272 1319 1341 1373 ad
1366 1334 1427 1372 se
1446 1316 1745 1372 accersitis
1768 1310 2099 1385 patriarcha

441 1415 524 1471 rei
557 1412 969 1469 necessitatem
1003 1408 1407 1476 confirmabat,
1433 1407 1719 1478 scriptum
1750 1403 1896 1458 illud
1930 1417 2099 1456 accu-

440 1521 578 1560 sans
620 1508 677 1558 et
724 1502 994 1572 iniquum
1046 1504 1103 1554 et
1154 1497 1351 1552 minus
1406 1496 1760 1566 legitimum,
1793 1495 1865 1546 ab
1922 1490 2098 1545 unius

445 1594 550 1648 viri
600 1589 882 1663 zelotypia
940 1589 1290 1660 profectum,
1332 1585 1426 1640 cui
1479 1582 1814 1639 communis
1870 1580 2098 1634 utilitas

439 1683 639 1738 minus
698 1678 998 1752 proposita
1058 1676 1298 1743 fuisset;
1334 1674 1497 1729 «Cui
1557 1686 1820 1745 prorsus,
1879 1668 2094 1740 inquit,

439 1772 781 1827 consuletur
810 1768 860 1823 si
895 1783 1027 1823 cum
1061 1780 1345 1839 generoso
1376 1768 1431 1819 et
1478 1761 1606 1817 forti
1640 1760 1760 1816 viro
1793 1757 2097 1829 copuletur

443 1862 648 1932 regina
668 1862 965 1931 Augusta:
992 1872 1201 1911 rursus
1224 1854 1379 1909 enim
1403 1868 1493 1907 res
1519 1852 1913 1907 Romanorum
1937 1846 2095 1901 elﬂo-

444 1952 692 2019 rescent,
722 1965 847 2019 quis
875 1947 1001 2017 jam
1024 1962 1090 1999 eo
1121 1944 1364 1999 redactae
1397 1945 1537 1996 sunt
1561 1944 1624 1994 ut
1653 1939 1822 1994 atteri
1854 1942 1911 1992 et
1943 1934 2100 2007 peni-

452 2045 549 2097 tus
580 2038 868 2111 exstingui
902 2037 1015 2093 cito
1041 2051 1212 2108 posse
1237 2037 1427 2089 metus
1448 2030 1803 2103 impendeat.
1825 2052 1844 2077 η
1871 2027 1944 2082 Ut
1963 2040 2097 2081 vero

448 2130 534 2185 illi
568 2146 772 2186 omnes
800 2142 1171 2193 consensere,
1198 2122 1298 2179 alii
1330 2139 1509 2178 suasu
1537 2125 1593 2177 et
1623 2118 1974 2183 adulatione,
1999 2113 2095 2171 alii

446 2220 707 2291 pecunias
761 2216 1071 2288 largitione
1121 2218 1177 2269 et
1226 2212 1446 2267 crebris
1498 2210 1865 2273 muneribus,
1908 2219 2098 2275 neque

444 2313 638 2364 metus
686 2306 843 2361 ullus
900 2306 1139 2359 suberat
1194 2300 1585 2372 transigenda
1644 2298 1746 2363 rei,
1787 2295 2100 2351 adducitur

443 2398 731 2470 Diogenes
783 2399 957 2451 noctu
1010 2393 1066 2447 in
1117 2392 1335 2463 regiam
1390 2390 1677 2456 armatus,
1710 2390 1767 2442 et
1814 2400 1946 2440 cum
1978 2385 2096 2436 Au-

441 2490 615 2561 gusta
645 2485 1041 2558 conjungitur,
1070 2483 1390 2552 statimque
1420 2480 1737 2551 imperator
1766 2475 2098 2531 declaratur

439 2578 707 2634 Januarii
750 2575 969 2630 mensis
1001 2572 1191 2644 prima
1221 2571 1334 2637 die,
1366 2568 1681 2623 indictione
1731 2571 1911 2630 sexta,
1945 2578 2097 2617 anno

443 2669 604 2734 6576,
639 2666 789 2721 clam
833 2662 1110 2720 omnibus
1152 2662 1430 2733 Augustae
1480 2657 1637 2711 ﬁliis.
1670 2658 1748 2710 Ac
1797 2657 2034 2725 repente
2065 2668 2098 2707 a

445 2755 730 2827 llarangis
787 2753 1046 2809 exoritur
1102 2749 1288 2805 multa
1346 2745 1727 2819 perturbatio,
1774 2744 1929 2816 quod
1981 2759 2097 2796 non

447 2844 806 2900 sustinerent
838 2842 893 2896 id
929 2840 1150 2911 vulgari
1188 2843 1397 2909 praeter
1426 2835 1689 2892 omnium
1721 2832 2093 2888 sententiam.

446 2935 662 2989 Verum
698 2949 831 2987 cum
880 2928 1124 2985 Michael
1182 2926 1370 2999 ipsius
1420 2929 1694 2996 Augusta
1755 2922 1913 2977 filius
1961 2936 2094 2976 cum

446 3023 729 3080 fratribus
776 3019 1129 3087 advenisset,
1160 3018 1229 3071 de
1276 3032 1385 3070 sua
1433 3014 1727 3069 sententia
1774 3013 1990 3067 factum
2037 3010 2097 3065 id

445 3131 576 3171 esse
605 3113 900 3175 dixerunt,
934 3126 997 3165 ac
1048 3106 1242 3164 subito
1286 3104 1548 3161 conversi
1581 3119 1790 3175 magno
1842 3106 1899 3157 et
1946 3100 2096 3156 elato

2206 508 2349 586 ἔχων
2396 514 2737 590 προτέρημα.
2774 517 3021 592 Πρόσεισι
3073 521 3151 592 τῷ
3192 520 3505 597 πατριάρχῃ
3557 524 3585 577 6
3633 508 3852 597 τομίας,

2205 599 2538 675 ἀπαγγέλλει
2582 605 2727 677 αὐτῷ
2779 609 3051 679 μυστικῶς
3097 610 3165 664 τὰ
3220 613 3315 664 τοῦ
3361 612 3701 686 πράγματος,
3759 611 3855 667 καὶ

2207 690 2279 750 ὡς
2330 690 2374 744 εί
2424 692 2689 765 θελήσειε,
2741 696 2950 768 μᾶλλον
3002 696 3059 753 δὲ
3110 698 3401 754 ἐπινεύσειε
3435 700 3600 773 μόνον
3648 700 3856 774 μηδένα

2206 778 2450 835 κίνδυνον
2510 783 2805 859 ὑφορᾶσθαι
2854 784 2913 842 ἐκ
2963 795 3062 856 τῆς
3114 796 3343 866 φρικτῆς
3393 788 3605 861 ἐκείνης
3662 812 3853 867 χειρο-

2207 869 2459 975 γραζιρίας,
2508 876 2859 947 ζευχθήσεται
2914 878 3008 949 μὶν
3056 882 3125 951 τῇ
3162 876 3399 952 βασιλίδι
3433 880 3460 933 6
3500 880 3692 935 τούτου
3720 882 3854 936 αὗτ-

2207 958 2439 1037 ἀδελφος
2473 1003 2485 1027 ,
2545 962 2845 1037 παραυτίκα
2904 961 2961 1020 δὶ
3033 965 3286 1041 βασιλεὺς
3341 968 3851 1044 ἀναγορευθήσεται.

2210 1051 2290 1120 [Ρ.
2339 1052 2465 1122 822]
2510 1051 2598 1112 Ὠς
2650 1049 2706 1106 δὲ
2752 1049 2906 1127 ἔσχεν
2960 1052 3090 1109 ὅλον
3137 1057 3227 1110 τὸν
3284 1058 3631 1132 πατριάρχην
3684 1080 3852 1114 κατα-

2207 1133 2399 1192 πιόντα
2429 1140 2489 1193 τὸ
2523 1137 2712 1215 δὲλεαρ
2764 1143 2852 1196 καὶ
2902 1141 3009 1214 ἤδη
3064 1145 3222 1217 μόνον
3274 1146 3400 1221 οὐχὶ
3452 1148 3550 1215 τήν
3580 1168 3851 1222 συναρμο-

2207 1228 2311 1302 γὴν
2362 1227 2770 1301 ἐπισπεύδοντα,
2823 1231 3137 1307 βουλεύεται
3185 1237 3441 1299 πυθέσθαι
3491 1237 3610 1313 περὶ
3652 1238 3852 1292 τούτου

2207 1317 2295 1372 καὶ
2327 1319 2424 1385 τήν
2477 1317 2803 1393 σύγκλητον.
2836 1324 2968 1375 Ἕνα
3014 1325 3133 1387 καθ’
3161 1320 3252 1378 ἕνα
3281 1328 3409 1399 γοῦν
3442 1326 3471 1380 6
3500 1328 3854 1401 πατριάρχης

2206 1409 2330 1481 παρ’
2410 1408 2596 1462 ἑαυτὸν
2673 1409 3181 1485 προσκαλεσάμενος
3255 1414 3318 1468 τὸ
3392 1414 3674 1488 ἀναγκαῖον
3704 1392 3712 1399 Ἰ
3741 1392 3855 1470 ’τοῦ

2208 1496 2525 1570 πράγματος
2585 1499 2952 1569 κατεσκεύαζε,
3023 1499 3289 1578 διασύρων
3350 1504 3411 1558 τὸ
3467 1500 3729 1580 ἔγγραφον
3778 1506 3857 1567 ὡς

2207 1583 2433 1658 ἔκνομὸν
2494 1607 2552 1640 τε
2608 1586 2696 1641 καὶ
2749 1589 2986 1661 ἄθεσμον
3046 1590 3134 1644 καὶ
3204 1589 3291 1647 διὰ
3349 1591 3677 1663 ζηλοτυπίαν
3737 1595 3856 1657 ἑνὸς

2205 1671 2401 1748 ἀνδρὸς
2431 1677 2650 1751 γεγονὸς
2698 1678 2786 1732 καὶ
2835 1679 2912 1752 μή
2962 1681 3097 1753 πρὸς
3146 1682 3334 1750 κοινὴν
3381 1681 3715 1738 λυσιτέλειαν
3750 1684 3857 1761 ci?-

2130 1808 2174 1872 Β
2209 1768 2371 1872 οριΞινς.
2397 1765 2568 1839 "Oa-ep
2619 1763 2763 1821 ἔσται
2810 1768 3046 1840 πάντως,
3079 1770 3124 1824 εί
3178 1773 3526 1846 ζευχθήσεται
3560 1774 3594 1841 ἡ
3632 1773 3856 1846 βασιλὶς

2220 1852 2232 1868 ς
2285 1868 2292 1872 _
2584 1854 2595 1872 1
2890 1857 2903 1872 ι
2961 1869 2974 1872 _
3156 1856 3179 1872 μ
3212 1864 3235 1872 -
3314 1860 3326 1872 .
3413 1871 3418 1872 ,
3476 1858 3547 1872 κ.
3797 1862 3810 1872 .

2208 1851 2361 1927 ἀνδρὶ
2420 1854 2646 1929 γενναίῳ
2700 1876 2759 1910 τε
2816 1857 2904 1910 καὶ
2955 1856 3252 1931 θυμοειδεῖ·
3302 1858 3708 1930 ἀναθηλήσουσι
3746 1862 3855 1937 γὰρ

2206 1942 2272 1995 τὰ
2318 1943 2607 2015 Ῥωμαίων
2660 1942 2891 2019 ἐσαῦθις,
2940 1943 3049 2018 ἤδη
3106 1950 3439 2024 μαρανθῆναι
3491 1949 3580 2004 καὶ
3611 1946 3854 2006 ἀποσϐε-

2208 2033 2393 2101 σθῆναι
2440 2030 2787 2106 ἐλπιζόμενα.
2841 2036 2927 2097 Ὡς
2975 2033 3031 2090 δὲ
3080 2034 3208 2112 ἔσχε
3255 2039 3456 2102 πάντας
3498 2042 3856 2117 συμψήφους,

2206 2121 2330 2183 τοὺς
2364 2123 2459 2195 μὲν
2490 2124 2671 2177 πειθοῖ
2708 2124 2796 2178 καὶ
2835 2125 3117 2197 κολακείᾳ,
3150 2127 3276 2190 τοὺς
3328 2125 3502 2183 δὲκαὶ
3542 2130 3854 2204 χρημάτων

2206 2215 2429 2285 παροχῇ
2475 2211 2567 2266 καὶ
2619 2212 2974 2287 μειλίγμασιν
3028 2212 3360 2291 ἀδροτέροις,
3414 2219 3504 2271 καὶ
3550 2223 3631 2290 τῷ
3680 2239 3855 2295 παρα-

2207 2302 2541 2374 χθησομὲνῳ
2600 2298 2717 2363 δὲος
2771 2301 2877 2379 οὐχ
2930 2305 3091 2376 ὑπῆν,
3139 2302 3320 2380 ἄγεται
3378 2307 3470 2378 μὶν
3519 2308 3545 2361 6
3596 2308 3859 2384 Διογένης

2205 2392 2395 2451 νυκτὸς
2425 2389 2501 2452 εἷς
2532 2392 2595 2444 τὰ
2631 2390 2877 2464 βασίλεια
2910 2390 3141 2456 ἔνοπλος
3193 2394 3280 2449 καὶ
3311 2398 3377 2469 τῇ
3415 2393 3652 2470 βασιλίδι
3687 2417 3863 2473 προσ-

2211 2478 2508 2554 ζεύγνυται,
2562 2481 2938 2555 ἀναγορεύεται
2988 2481 3046 2537 δὲ
3094 2483 3361 2559 παρευθὺς
3415 2484 3672 2559 βασιλεὺς
3722 2485 3862 2540 κατὰ

2205 2569 2301 2636 τὴν
2345 2569 2567 2643 πρώτην
2614 2571 2708 2623 τοῦ
2758 2570 3092 2643 Ἰανουαρίου
3146 2574 3339 2645 μηνὸς,
3386 2579 3486 2643 τῆς
3519 2573 3861 2647 ς’ἐπινεμή-

2208 2679 2365 2729 σεως,
2412 2655 2568 2722 ἔτους
2612 2666 2793 2736 ,ςφοςᾏ
2849 2657 3028 2715 λαθὼν
3083 2661 3284 2723 πάντας
3328 2660 3454 2725 τοὺς
3503 2669 3601 2732 τῆς
3636 2662 3859 2736 βασιλί-

2208 2744 2299 2809 δος
2350 2747 2517 2809 υἱούς.
2576 2748 2779 2803 Γίνεται
2829 2746 2887 2803 δὲ
2935 2751 3233 2825 παραυτίκα
3271 2757 3513 2827 τάραχος
3560 2753 3709 2827 παρὰ
3748 2757 3859 2807 τῶν

2209 2838 2502 2912 Βαραγγων
2565 2835 2771 2903 πολὺς,
2838 2839 2912 2910 μὴ
2971 2839 3317 2914 ἀνεχομίνων
3385 2840 3545 2895 αὐτὸν
3615 2841 3859 2918 φημίσαι

2206 2927 2352 2999 παρὰ
2398 2926 2464 2980 τὰ
2507 2930 2664 3000 κοινῇ
2715 2924 2959 2996 δόξαντα.
3006 2930 3314 3003 Ἐπιφανεὶς
3346 2928 3401 2984 δὲ
3450 2931 3478 2985 6
3507 2930 3711 2999 ταύτης
3743 2932 3864 2993 υἱὸς

2209 3014 2437 3091 Μιχαὴλ
2472 3014 2561 3069 σὺν
2592 3021 2710 3077 τοῖς
2762 3014 3022 3095 ἀδελφοῖς
3072 3018 3263 3093 γνώμῃ
3311 3017 3485 3073 αὐτῶν
3534 3020 3596 3073 τὸ
3624 3017 3864 3094 γεγονὸς

2207 3103 2608 3181 ἀπαγγέλλουσι
2686 3106 2948 3180 γενέσθαι,
3007 3107 3096 3161 καὶ
3180 3106 3368 3162 αὐτίκα
3430 3108 3862 3183 μετατραπὲντες

443 3205 699 3260 clamore
743 3199 856 3271 ipsi
905 3213 1137 3270 quoque
1172 3200 1318 3251 'eum
1370 3194 1783 3265 imperatorem
1833 3189 2091 3246 declara-

2210 3193 2470 3270 μεγάλαις
2519 3196 2608 3249 καὶ
2659 3192 2930 3268 διατόροις
2980 3201 3186 3273 φωναῖς
3230 3196 3387 3251 αὑτὸν
3437 3198 3525 3252 καὶ
3564 3198 3721 3252 αὐτοὶ
3768 3199 3863 3253 ἀν-

445 3295 603 3349 runt.
634 3289 707 3346 Ut
736 3288 917 3362 igitur
955 3303 1015 3342 re
1059 3284 1505 3356 comprobatum
1552 3286 1663 3348 est,
1695 3280 1850 3335 haud
1880 3284 2098 3335 temere

442 3382 773 3455 complures
820 3381 1059 3451 propter
1096 3376 1245 3430 667
1300 3373 1496 3446 ipsum
1556 3374 1702 3427 bene
1765 3373 2097 3443 sperarunt.

441 3474 644 3546 Itaque
672 3474 938 3542 Augusta
967 3485 1102 3524 cum
1144 3466 1282 3521 ﬁliis
1333 3465 1457 3521 suis
1507 3478 1741 3519 menses
1789 3464 2013 3533 septem
2044 3463 2100 3515 et

438 3562 616 3637 paulo
648 3559 905 3631 amplius
938 3555 1269 3628 imperavit.

516 3690 813 3741 Romanus
844 3686 1040 3736 autem
1070 3678 1356 3749 Diogenes
1392 3677 1473 3731 ita
1503 3677 1750 3746 adeptus
1784 3674 2093 3745 imperium

441 3775 599 3829 haud
634 3772 921 3826 minorem
948 3767 1322 3840 praasentium
1350 3781 1545 3821 rerum
1580 3765 1865 3819 rationem
1890 3762 2097 3818 habuit

443 3880 621 3935 quam
654 3859 924 3915 mililaris
975 3858 1055 3913 rei
1090 3857 1235 3910 bene
1265 3854 1678 3925 componendas
1727 3858 1901 3923 atque
1953 3869 2093 3907 con-

441 3951 772 4017 stituendis,
804 3948 983 4003 etiam
1017 3946 1066 4000 si
1096 3960 1273 4017 quam
1308 3942 1559 3996 maxime
1589 3942 1954 3997 consiliarios
1986 3940 2092 3996 ha-

439 4041 571 4097 buit
602 4038 920 4111 privignos,
951 4035 1069 4090 imo
1123 4038 1183 4088 ut
1224 4031 1418 4087 verius
1449 4031 1661 4098 dicam,
1696 4030 2088 4097 insidiatores,

438 4137 495 4189 et
540 4131 829 4186 Joannem
859 4126 1146 4181 Cassarem
1197 4120 1516 4193 superioris
1563 4120 1934 4192 imperatoris
1974 4121 2089 4175 fra-

434 4224 607 4285 trem,
641 4217 742 4289 qui
774 4214 825 4271 ei
856 4229 1088 4284 semper
1118 4211 1189 4268 ad
1231 4211 1406 4265 linem
1455 4210 1613 4265 fuere
1665 4209 2087 4280 impedimento

436 4313 494 4364 et
525 4308 921 4363 Romanorum
954 4318 1045 4357 res
1076 4300 1134 4355 in
1165 4299 1489 4371 pessimum
1522 4303 1742 4353 statum
1776 4298 2083 4366 deduxere,

437 4398 537 4469 qui
572 4412 727 4451 nunc
775 4392 1051 4448 cernitur.
1079 4389 1263 4459 Cmpit
1315 4392 1510 4443 autem
1543 4391 1600 4440 et
1629 4386 1925 4458 digniores
1956 4404 2083 4441 am-

434 4484 630 4558 plecti.
656 4488 714 4539 et
744 4498 877 4537 cum
905 4476 1380 4551 prudentioribus
1402 4492 1469 4531 ac
1500 4475 1876 4546 peritioribus
1904 4474 2079 4529 collo-

2211 3285 2582 3360 αγορεύουσιν.
2632 3285 2721 3346 Ὠς
2771 3282 2816 3337 δ’
2874 3284 2964 3339 οὗν
3024 3284 3189 3362 ἐφάνη
3250 3284 3309 3340 ὲκ
3362 3286 3557 3341 τούτου
3593 3330 3607 3354 ,
3661 3287 3743 3348 ὡς
3800 3286 3868 3342 οὐ

2214 3374 2387 3446 μάτην
2420 3371 2716 3442 ἡλπίκασιν
2768 3371 2849 3428 ἐπ’
2896 3372 3041 3446 αὗτῷ
3089 3375 3139 3428 oi
3190 3373 3414 3431 πολλοί.
3447 3374 3694 3451 Ἐκράτει
3727 3380 3865 3451 γοῦν

2208 3463 2242 3530 ἠ
2281 3460 2493 3536 βασιλὶς
2534 3461 2626 3516 σὺν
2674 3468 2793 3524 τοῖς
2841 3460 2975 3517 υίὲσι
3030 3470 3205 3536 μῆνας
3252 3463 3387 3519 ἔπτὰ
3434 3462 3523 3519 καὶ
3578 3465 3776 3539 μικρόν
3811 3486 3868 3520 τι

2206 3551 2363 3626 πρός.

2276 3676 2555 3748 Ῥωμανὸς
2599 3674 2655 3731 δὲ
2704 3677 2732 3730 6
2786 3675 3047 3752 Διογένης
3098 3678 3240 3732 οὓτω
3270 3682 3375 3732 τῶν
3412 3680 3707 3754 σκήπτρων
3738 3678 3867 3735 ἐπι·-

2203 3768 2386 3841 τυχὼν
2447 3766 2545 3820 οὐκ
2596 3764 2818 3821 ἔλαττον
2875 3771 2979 3821 τῶν
3042 3767 3092 3821 ἐν
3153 3768 3279 3821 ποσὶ
3354 3769 3692 3843 πραγμάτων
3750 3776 3861 3839 τῆς

2206 3861 2599 3929 στρατιωτικῆς
2642 3854 2731 3907 καὶ
2783 3853 3022 3925 εὐταξίας
3066 3854 3344 3933 ἆφρόντισε
3386 3855 3475 3910 καὶ
3520 3859 3864 3927 συστάσεως,

2204 3944 2301 3998 κᾶν
2360 3944 2442 3998 ὅτι
2504 3942 2742 4016 μάλιστα
2800 3940 3089 4019 συνέδρους
3143 3944 3261 4018 εἴγε
3312 3943 3440 4007 τοὺς
3498 3947 3860 4021 προγονοὺς,

2202 4031 2462 4111 ἐφέδρους
2511 4031 2568 4087 δὲ
2614 4030 2826 4105 μᾶλλον
2877 4030 3043 4087 εἰπεῖν
3078 4030 3456 4107 ἀληθέστερον,
3488 4033 3579 4089 καὶ
3631 4034 3726 4088 τὸν
3752 4039 3863 4091 τοῦ

2200 4118 2765 4198 προϐεϐασιλευκότος
2823 4118 3055 4198 ἀδελφὸν
3116 4122 3369 4191 Ἰωάννην
3429 4123 3519 4177 τὸν
3587 4122 3860 4198 Καίσαρα,

2202 4213 2253 4266 οἳ
2284 4212 2373 4267 καὶ
2430 4208 2684 4283 ἐμποδὼν
2745 4210 2890 4281 αὐτῷ
2948 4210 3039 4265 ἀπ’
3096 4211 3275 4286 ἀρχῆς
3334 4207 3463 4286 ἄχρι
3510 4210 3707 4273 πάλους
3759 4233 3864 4287 γε-

2200 4302 2411 4377 γόνασι,
2461 4299 2551 4355 καὶ
2594 4301 2660 4353 τὰ
2701 4300 2981 4373 Ῥωμαϊκὰ
3040 4304 3218 4363 κακῶς
3266 4297 3504 4364 διέθεσαν
3554 4299 3862 4376 πράγματα

2200 4391 2289 4445 καὶ
2338 4390 2414 4452 είς
2471 4390 2500 4444 ὃ
2549 4394 2639 4443 νῦν
2698 4389 2882 4463 ὁρᾶται
2931 4384 3149 4463 ἔχοντα.
3197 4390 3430 4463 ’Ἠρξατο
3474 4389 3580 4464 γὰρ
3622 4389 3756 4452 τούς
3795 4410 3863 4444 τε

2200 4478 2573 4553 ἀλογωτέρους
2634 4474 2932 4546 δεξιοῦσθαι
2990 4477 3076 4531 καὶ
3135 4481 3253 4541 τοῖς
3307 4475 3564 4554 ἐχέφροσι
3618 4478 3713 4532 καὶ
3757 4499 3861 4533 πε-

436 4574 560 4645 qui,
594 4577 652 4629 et
683 4571 819 4627 belli
868 4585 1116 4624 munera
1154 4567 1471 4636 suscipere,
1507 4571 1562 4619 et
1590 4564 1813 4635 legatos
1859 4580 2083 4635 parare,

2206 4567 2545 4642 πειραμένοις
2603 4565 2818 4638 ὁμιλεῖν
2876 4570 2982 4620 τῶν
3044 4570 3413 4639 στρατιωτῶν,
3474 4566 3567 4621 καὶ
3611 4566 3862 4640 πολεμι-

437 4668 613 4735 atque
645 4660 906 4730 undique
951 4659 1222 4713 hostibus
1264 4656 1492 4709 aditum
1543 4653 1951 4708 intercludere.
1985 4652 2088 4708 His

438 4753 509 4806 de
538 4750 730 4806 causis
761 4749 993 4804 duobus
1039 4746 1258 4802 exactis
1308 4744 1633 4807 mensibus,
1666 4742 1917 4797 Orientis
1948 4758 2090 4797 cura

433 4840 632 4912 ipsum
682 4838 857 4911 cepit,
889 4842 945 4892 et
975 4834 1216 4891 ultionis
1249 4832 1614 4903 justitiaaque
1659 4831 1816 4885 zelus
1850 4829 2087 4884 delicias

435 4935 492 4984 et
524 4927 704 4984 animi
737 4925 1058 4991 mollitiem,
1086 4939 1211 4993 qua
1236 4922 1293 4975 in
1319 4921 1459 4975 urbe
1492 4920 1652 4989 regia
1682 4918 1893 4985 inerat,
1918 4918 2084 4987 vicit;

435 5020 589 5089 quod
634 5017 872 5088 quidem
922 5029 1128 5068 omnes
1182 5008 1446 5081 perculit,
1483 5008 1632 5061 celer
1662 5006 1931 5062 videlicet
1981 5024 2087 5077 ap-

431 5111 673 5180 paratus
703 5110 760 5159 et
791 5103 953 5167 ordo,
978 5116 1152 5170 quem
1184 5098 1434 5153 maxime
1466 5096 1795 5150 necessario
1829 5095 2089 5165 require-

434 5199 577 5252 bant
606 5212 696 5250 res
747 5189 1064 5247 Antiochiae
1095 5192 1153 5242 et
1180 5186 1395 5240 Ciliciae
1435 5184 1905 5255 excursionibus,
1937 5201 2085 5255 quas

428 5282 701 5357 superius
749 5280 1028 5341 diximus,
1079 5274 1407 5344 defatigatis
1454 5276 1512 5327 et
1560 5272 1619 5326 in
1667 5278 1922 5329 extrema
1979 5275 2082 5329 ad-

426 5374 614 5427 ductae
646 5367 1007 5425 discrimina.
1042 5364 1129 5418 Ad
1172 5369 1366 5434 partes
1415 5366 1609 5416 autem
1644 5361 1831 5433 magis
1882 5363 2078 5419 Boreae

442 5460 742 5530 subjectae
770 5457 893 5528 ipse
924 5453 1201 5509 sultanus
1232 5466 1364 5507 cum
1389 5449 1548 5506 omni
1576 5450 1827 5505 exercitu
1862 5451 2080 5524 irrupit

427 5565 633 5635 graves
673 5561 874 5603 secum
932 5542 1131 5614 cepias
1180 5546 1238 5598 et
1283 5540 1500 5612 quibus
1557 5539 1752 5595 resisti
1808 5542 2071 5613 nequire,

425 5632 747 5702 adducens.
776 5638 844 5691 Et
870 5634 943 5691 ad
974 5632 1121 5689 fines
1145 5634 1542 5688 Romanorum
1573 5632 1858 5687 autumno
1894 5650 2084 5696 acces.

2196 4662 2303 4713 κῶν
2364 4655 2530 4732 ἔργων
2592 4655 2929 4729 ἀντέχεσθαι,
2988 4649 3319 4730 πρεσϐευτάς
3370 4676 3429 4709 τε
3487 4655 3805 4727 ἑτοιμάζειν
3842 4700 3860 4725 ,

2197 4746 2286 4801 καὶ
2371 4746 2703 4820 πανταχόθεν
2796 4748 2911 4804 τοῖς
2991 4742 3250 4808 ἐναντίοις
3330 4742 3690 4819 ἐπιτειχίζειν
3749 4746 3860 4813 τήν

2197 4833 2459 4911 πάροδον.
2494 4836 2589 4888 Διά
2640 4831 2805 4887 ταῦτά
2860 4854 2944 4887 τοι
3004 4829 3091 4886 διὰ
3146 4830 3241 4888 δύο
3271 4837 3460 4906 μηνῶν
3488 4832 3782 4907 παρολκην
3820 4838 3863 4903 ἡ

2196 4932 2295 4993 τῆς
2330 4924 2496 4995 Ἐῲας
2525 4922 2685 4977 αὐτὸν
2740 4919 2955 4996 δέχεται
2988 4921 3317 4995 Προποντὶς,
3351 4922 3438 4977 καὶ
3471 4923 3499 4975 6
3542 4919 3718 4991 ζῆλος
3750 4930 3866 4992 τῆς

2196 5011 2434 5076 ἐκδικίας
2484 5010 2697 5080 ἐνίκησε
2743 5011 2841 5079 τὴν
2887 5010 2938 5064 ἐν
2989 5013 3057 5083 τῇ
3112 5008 3353 5084 βασιλίδι
3402 5013 3614 5086 τρυφήν
3659 5032 3720 5065 τε
3761 5012 3866 5066 καὶ

2198 5098 2489 5173 θυμηδίαν.
2540 5101 2606 5157 Ὃ
2655 5099 2741 5153 καὶ
2794 5098 2993 5159 πάντας
3042 5096 3400 5171 κατέπληξεν,
3432 5101 3466 5167 ἡ
3511 5106 3713 5174 ταχεῖα
3748 5098 3867 5172 δη-

2198 5188 2337 5258 λαδή
2415 5187 2699 5262 ἰτοιμασία
2755 5189 2846 5242 καὶ
2900 5184 3133 5257 διάταξις
3188 5187 3278 5241 καὶ
3336 5190 3650 5262 παρασκευὴ
3717 5189 3875 5261 πρὸς

2198 5280 2431 5353 ἀνάγκης
2490 5277 2635 5348 αὐτῷ
2694 5277 2956 5351 γενομένη
3015 5273 3256 5344 πολλῆς.
3306 5278 3392 5350 [Ρ.
3436 5277 3590 5349 823].
3638 5277 3725 5333 Τὰ
3757 5278 3873 5349 μὲν

2194 5369 2329 5423 κατά
2357 5369 2456 5436 τήν
2507 5366 2847 5439 Ἀντιόχειαν
2897 5364 2987 5418 καὶ
3042 5362 3292 5419 Κιλικίαν
3342 5369 3457 5425 ταῖς
3506 5367 3876 5441 προειρημὲ-

2193 5478 2310 5519 ναις
2356 5453 2651 5529 ἐκδρομαῖς
2700 5448 3036 5525 ἀπειρηκότα
3080 5451 3131 5507 ἐν
3164 5451 3413 5528 ἐσχάτοις
3463 5450 3763 5515 κινδύνοιςο
3803 5454 3875 5509 ἐν

2196 5544 2253 5601 δὶ
2300 5550 2419 5607 τοῖς
2472 5543 2833 5618 βορειοτὲροις
2888 5540 3049 5606 αὐτὸς
3098 5542 3124 5596 ὁ
3179 5543 3478 5605 σουλτάνος
3512 5549 3881 5617 πανστρατιᾷ

2195 5633 2507 5707 ἐξελήλυθε,
2552 5630 2806 5707 δυνάμεις
2851 5631 3000 5708 ἄγων
3050 5630 3413 5699 ἀνυποίστους
3456 5631 3547 5689 καὶ
3605 5632 3883 5710 βαρείας,
