4040 6196
202 343 319 401 397

1728 344 2120 405 HISTORIA.

3510 356 3630 416 398

198 472 283 525 xui
329 479 453 532 τοῖς
506 472 679 546 ὁρίοις
726 476 834 525 τῶν
891 471 1174 544 Ῥωμαίων
1224 477 1303 544 τῷ
1348 476 1524 547 καιρῷ
1570 476 1667 527 τοῦ
1706 474 1861 549 φθιν-

1975 482 2149 543 serat,
2182 482 2246 532 ut
2294 480 2375 533 ibi
2408 480 2716 544 hiemaret,
2739 487 2795 536 et
2846 482 3083 538 ineunte
3111 498 3244 539 vere
3275 490 3340 540 ut
3368 487 3520 542 868
3552 505 3621 544 ex

196 561 420 635 οπώρου
472 559 824 635 προσῄνωτο,
863 559 1204 636 βουλόμενος
1257 560 1667 637 παραχειμάσαι
1700 560 1871 616 ἐκεῖσε

188 650 276 703 καὶ
322 649 644 725 ἀρχομένου
686 654 787 704 τοῦ
839 648 994 725 ἔαρος
1044 656 1336 727 προσεχῶς
1388 646 1723 727 προσϐαλεῖν
1776 663 1870 717 καὶ

192 736 369 814 ἄρδην
417 738 718 813 ἀνατρέψαι
771 740 874 808 τὴν
923 738 1213 813 Ῥωμαίων
1260 740 1348 796 καὶ
1396 740 1666 797 καθελεῖν.
1708 741 1767 797 Ὀ
1814 738 1870 795 δὲ

194 826 459 901 βασιλεὺς
516 830 743 902 στρατὸν
796 827 1134 904 ἐπαγόμενος
1181 828 1287 905 οὐχ
1316 832 1435 884 οἷον
1468 829 1612 891 εἲκὸς
1644 829 1733 883 τὸν
1772 830 1838 902 βα

195 915 351 971 σιλια
395 917 706 989 Ῥωμαίων,
757 916 887 972 ἀλλ’
936 920 1050 972 οἷον
1097 923 1358 994 παρεῖχεν
1404 920 1432 974 ὁ
1479 920 1668 992 καιρὸς
1711 916 1776 973 ἲκ
1804 908 1867 1002 τέ

189 1002 518 1060 κακεδὸνων
598 1006 691 1060 καὶ
772 1004 1110 1081 Βουλγάρων
1171 1006 1262 1062 xui
1338 1004 1713 1064 Καππαδοκῶν
1773 1021 1867 1075 καῖ

190 1092 380 1163 Οὸζων
432 1094 526 1148 καὶ
579 1099 687 1149 τῶν
744 1092 934 1150 ἄλλων
981 1091 1408 1173 παρατυχόντων
1448 1096 1696 1165 ἐθνικῶν,
1728 1098 1866 1171 πρὸς

191 1180 245 1237 δὲ
272 1183 367 1237 καὶ
404 1183 674 1258 Φράγγων
719 1184 809 1237 καὶ
859 1185 1180 1259 Βαράγγων,
1225 1192 1324 1255 τῆς
1376 1183 1507 1241 ὁδοῦ
1554 1182 1863 1247 σπουδαίως

188 1270 462 1347 ίφτίῴατοο
519 1272 619 1326 καὶ
690 1274 1040 1347 συνήχθησαν
1093 1272 1151 1328 δὶ
1199 1276 1251 1328 οἱ
1308 1274 1501 1337 πάντες
1561 1272 1861 1346 ιιελεύματι

187 1360 465 1435 βασιλικῷ
517 1360 569 1415 ἐν
608 1365 679 1434 τῇ
725 1362 941 1437 Φρυγίᾳ
970 1360 1097 1431 ἤτοι
1149 1368 1230 1435 τῷ
1262 1362 1456 1436 θέματι
1486 1368 1593 1418 τῶν
1629 1361 1860 1418 Ἀνατο’

182 1447 381 1518 λικῶν,
414 1447 546 1513 ἔνθα
574 1449 668 1503 καὶ
715 1448 781 1518 ἦν
838 1447 971 1504 ἴδεῖν
997 1450 1060 1505 τὸ
1101 1449 1436 1528 παράδοξον,
1467 1452 1593 1513 τοὺς
1629 1446 1857 1520 διαϐοή,

183 1560 308 1601 τους
354 1538 692 1613 προμάχους
721 1544 830 1593 ¹τῶν
865 1538 1153 1612 Ῥωμαίων
1186 1545 1292 1595 τῶν
1327 1546 1499 1596 πᾶσαν
1540 1542 1641 1611 τήν
1684 1541 1857 1611 Ἐῲαν

184 1628 273 1682 καὶ
303 1630 408 1695 τήν
442 1628 713 1700 Ἑσπέραν
760 1626 1336 1702 καταδουλωσαμένων
1388 1630 1440 1700 ἰξ
1472 1629 1675 1705 ὀλίγων
1722 1649 1859 1703 συγ-

185 1717 475 1789 κειμᾶνους
552 1714 786 1791 ἀνδρῶν,
861 1719 953 1771 καὶ
1030 1718 1239 1773 τούτων
1315 1720 1727 1795 συγκεκυφότων
1786 1721 1853 1791 τῇ

1980 566 2310 639 propinquo
2343 574 2540 639 posset
2578 569 2850 626 invadere
2880 575 2936 626 et
2967 571 3201 643 penitus
3233 573 3627 633 Romanorum

1980 672 2074 711 res
2104 664 2363 713 evertere
2411 676 2475 713 ac
2524 660 2812 715 demoliri.
2850 662 3170 732 Imperator
3198 667 3389 719 autem
3442 666 3629 720 addu-

1979 762 2117 800 cens
2146 748 2487 815 exercitum,
2521 766 2636 803 non
2681 749 2913 819 qualern
2946 751 3188 806 decebat
3227 752 3628 808 Romanorum

1978 834 2415 905 imperatorem,
2446 839 2543 893 sed
2577 838 2809 908 qualem
2834 856 3093 911 pI'ZBSan
3119 841 3347 896 occasio
3381 842 3633 912 praebuit

1978 939 2046 977 ex
2087 925 2504 981 Macedonibus
2554 932 2609 982 et
2657 928 2928 1000 Bulgaris
2976 934 3033 983 et
3081 930 3525 1000 Cappadocibus
3574 934 3634 986 et

1977 1012 2110 1069 Uzis
2132 1020 2188 1068 et
2214 1013 2366 1081 aliis,
2393 1021 2457 1070 ut
2484 1016 2601 1071 fors
2622 1016 2857 1085 tulerat,
2882 1018 3248 1084 nationibus,
3270 1018 3633 1092 insuperque

1976 1120 2006 1157 e
2040 1103 2278 1159 Francis
2304 1109 2361 1159 et
2392 1104 2695 1177 Barangis,
2725 1107 2987 1162 studiose
3018 1108 3128 1162 iter
3156 1108 3427 1179 arripuit,
3451 1115 3508 1164 et
3540 1126 3633 1165 co-

1975 1192 2085 1247 acti
2118 1197 2258 1248 sunt
2304 1193 2675 1265 imperatoris
2715 1197 2891 1265 jussu
2943 1213 3147 1251 omnes
3200 1198 3298 1266 qui
3350 1202 3518 1253 erant
3569 1198 3630 1253 in

1973 1281 2221 1354 Phrygia
2278 1299 2379 1338 seu
2442 1284 2739 1355 provincia
2784 1285 3190 1341 Orientalium.
3225 1285 3331 1341 Ubi
3393 1302 3633 1342 cernere

1972 1376 2196 1442 poterat
2228 1372 2422 1427 nescio
2450 1373 2589 1444 quid
2625 1373 2986 1441 incredibile,
3012 1373 3270 1430 celebres
3302 1373 3435 1430 illos
3463 1378 3627 1429 ante-

1971 1460 2251 1531 signanos
2297 1462 2715 1528 Romanorum,
2744 1462 2844 1534 qui
2892 1479 3125 1519 omnem
3157 1470 3215 1518 et
3243 1465 3534 1520 Orientem
3570 1468 3629 1519 et

1970 1548 2341 1606 Occidentem
2393 1552 2450 1605 in
2500 1552 2840 1607 servitutem
2891 1554 3254 1622 redegerant,
3300 1569 3368 1607 ex
3419 1552 3627 1625 paucis

1967 1638 2107 1694 viris
2155 1638 2449 1704 collectos,
2489 1641 2679 1712 iisque
2728 1646 3071 1713 paupertate
3102 1646 3159 1698 et
3186 1642 3490 1698 vexatione
3520 1643 3626 1697 de-

1965 1728 2167 1783 missis
2197 1737 2371 1799 atque
2409 1729 2569 1784 omni
2619 1747 2915 1785 armorum
2949 1747 3161 1802 genere
3193 1730 3482 1803 spoliatis,
3518 1748 3626 1803 pro

184 1807 341 1877 πενίᾳ
408 1806 505 1860 xui
579 1805 853 1883 κακουχίᾳ
919 1808 1011 1862 καὶ
1070 1807 1376 1871 πανοπλίας
1433 1804 1807 1883 ἐστερημένων
1838 1854 1855 1881 ,

1973 1816 2179 1887 gladiis
2227 1822 2285 1873 et
2333 1817 2463 1873 aliis
2494 1817 2722 1873 bellicis
2754 1820 2957 1885 armis,
2995 1824 3059 1875 ut
3108 1821 3411 1891 Scriptura
3459 1820 3627 1888 dicit,

182 1906 297 1959 ἀντὶ
354 1909 646 1980 μαχαιρῶν
694 1904 785 1959 καὶ
835 1903 1022 1960 ἄλλων
1072 1906 1320 1981 ὀργάνων
1370 1907 1689 1979 πολεμικῶν
1718 1952 1731 1974 ,
1779 1906 1842 1961 τὸ

180 1998 276 2057 τῆς
306 2000 529 2071 Γραφῆς
561 1992 723 2068 ἐρεῖν,
760 1990 979 2063 ζιὸύνας
1024 1996 1114 2049 καὶ
1166 1994 1401 2069 δρέπανα
1450 1996 1548 2051 οὐκ
1586 1995 1638 2050 ἰν
1667 2000 1842 2070 καιρῷ

181 2084 405 2158 εἰρήνης
447 2082 843 2159 ἐπαγομένους,
898 2082 1075 2139 ’ίππου
1128 2106 1187 2140 τε
1236 2083 1545 2158 πολεμικοῦ
1604 2085 1692 2139 καὶ
1746 2088 1845 2150 τῆς

181 2171 361 2242 ἄλλης
419 2175 769 2247 παρασκευῆς
836 2171 1031 2235 ἐνδεῶς
1091 2168 1343 2249 ἔχοντας,
1402 2176 1493 2229 ἅτε
1550 2176 1623 2247 μὴ
1684 2195 1843 2253 στρα-

179 2262 518 2334 τευσαμένου
576 2259 850 2336 βασιλέως
909 2262 968 2317 lx
1022 2261 1265 2333 πολλοῦ,
1316 2264 1407 2318 καὶ
1461 2261 1551 2319 διὰ
1576 2268 1739 2319 τοῦτο
1772 2265 1847 2328 ὡς

182 2351 478 2426 ἀχρήστων
536 2351 628 2405 καὶ
687 2349 994 2407 ἀσυντελῶν
1046 2353 1136 2406 xui
1193 2353 1284 2407 τὸν
1347 2353 1613 2427 ὀψωνικὸν
1670 2352 1843 2407 αὐτῶν

183 2438 619 2515 περαιωθέντων
697 2441 790 2494 καὶ
846 2440 909 2495 τὸ
980 2442 1225 2497 ἀνέκαθεν
1279 2442 1583 2517 σιτηρίσιον
1648 2440 1845 2515 (δειλοὶ

185 2530 279 2604 γὰρ
337 2530 435 2583 xui
494 2527 781 2593 ἀνάλκιδες
823 2530 914 2585 xui
961 2531 1097 2605 πρὸς
1149 2529 1302 2586 οὐδὲν
1354 2537 1599 2606 γενναῖον
1652 2552 1849 2607 χρησι-

190 2619 441 2693 μεύοντες
494 2619 929 2696 κατεφαίνοντο)⁸
978 2620 1068 2673 καὶ
1117 2619 1281 2684 αὐτὰς
1318 2621 1412 2682 τὰς
1444 2620 1680 2693 σημαίας
1715 2642 1849 2674 σιω-

190 2714 382 2783 πηρῶς
459 2710 894 2783 ἀποφθέγγεσθαι
971 2710 1198 2784 πιναρὰς
1297 2712 1580 2786 ὁρωμένας
1670 2710 1848 2786 ὥσπερ

190 2799 290 2852 ἀπὸ
321 2796 554 2872 λιγνύος
582 2797 931 2875 ἐζοφωμὲνας
964 2803 1193 2865 καπνοῦ,
1227 2800 1315 2854 καὶ
1347 2798 1585 2863 ὀπαδοὺς
1617 2799 1849 2875 ἐχούσας

192 2888 605 2963 εὐαριθμήτους
664 2888 755 2941 καὶ
815 2887 1136 2963 πενιχρούς.
1192 2892 1367 2943 Ταῦτα
1420 2894 1539 2951 τοῖς
1588 2894 1849 2963 παροῦσιν

199 2978 454 3051 δρώμενα
513 2974 733 3045 πολλὴν
794 2977 1028 3049 ἀθυμίαν
1084 2984 1361 3053 προσῆγον
1413 2978 1502 3031 xui
1555 2977 1850 3047 ἐνεποίουν,

196 3072 683 3150 ἀναλογιζομὲνοις
739 3073 789 3144 ἕξ
851 3072 981 3129 ο’ίων
1032 3080 1131 3130 ποῖ
1186 3077 1556 3146 κατηντήκασι
1606 3076 1671 3131 τὰ
1717 3077 1853 3132 Ῥω-

199 3163 371 3235 μαίων
404 3162 761 3237 στρατόπεδα,
810 3165 900 3219 καὶ
950 3164 1101 3229 αὖθις
1152 3166 1273 3220 τίνα
1310 3165 1511 3241 τρόπον
1546 3165 1648 3220 κάκ
1677 3164 1851 3219 ποίων

195 3255 504 3328 Lami.th
536 3254 621 3307 xui
676 3252 763 3307 διὰ
808 3253 981 3307 πόσου
1028 3258 1125 3309 τοῦ
1174 3254 1380 3330 χρόνου
1421 3254 1497 3316 εἷς
1526 3255 1589 3309 τὸ
1620 3255 1850 3329 ἀρχαῖον

197 3340 671 3413 ὲπανελεῦσονται,
713 3346 823 3396 τῶν
877 3343 971 3415 μὲν
1025 3342 1398 3418 γηραιοτὲρων
1454 3364 1541 3398 και
1591 3362 1853 3419 πεπειρα-

203 3431 371 3501 μὲνων
432 3430 694 3507 ἆφίππων
755 3427 924 3486 ὄντων
983 3431 1074 3486 xui
1124 3430 1323 3505 ψιλῶν,
1375 3439 1477 3501 τῆς
1529 3430 1586 3486 δὲ
1625 3430 1855 3493 νεαλοῦς

196 3524 451 3593 στρατιᾶς
513 3519 959 3595 ἀπειροπολέμου
1018 3521 1410 3590 καθεστηκυίας
1468 3521 1557 3575 xui
1610 3525 1717 3574 τῶν
1756 3541 1857 3575 πο-

200 3608 446 3681 λεμικῶν
501 3609 605 3663 οὐκ
648 3606 840 3672 ἐθαδος
872 3609 1120 3684 ἀγώνων.
1176 3610 1273 3664 Καὶ
1317 3608 1469 3674 αὖθις
1516 3610 1579 3665 τὸ
1625 3611 1732 3664 τῶν
1764 3608 1859 3663 άν-

200 3698 602 3773 τιτεταγμὲνων
648 3696 1164 3772 φιλοκινδυνότατον
1221 3697 1273 3753 ἐν
1320 3697 1614 3771 πολέμοις,
1666 3698 1860 3771 ἐπίμο-

205 3809 290 3841 νον
348 3787 445 3842 καῗ
504 3782 766 3862 ἔμπειρον
825 3788 914 3842 καὶ
977 3785 1303 3859 ἰπιτήὸειον.
1366 3790 1635 3852 Πάντοθεν
1691 3786 1781 3842 οὖν
1832 3788 1860 3841 ὁ

206 3885 461 3957 βασιλεὺς
518 3883 955 3961 ἐξαπορούμενος
1004 3885 1159 3958 ὅμως
1211 3884 1299 3941 διὰ
1345 3888 1442 3955 τὴν
1489 3889 1679 3955 κοινὴν
1709 3875 1861 3940 λυσῖ-

207 3974 419 4029 τίλειαν
468 3969 676 4048 ἔκρινεν
733 3975 805 4035 ὡς
862 3974 983 4044 ἐνῆν
1032 3980 1148 4037 τοῖς
1190 3974 1410 4051 ἐχθροῖς
1439 3975 1865 4049 ἀντιπαρατάξα-

212 4076 328 4127 σθαι
359 4064 453 4117 xui
502 4067 601 4133 τῆς
647 4062 867 4133 πολλῆς
910 4064 1105 4127 αὐτοὺς
1157 4070 1343 4127 ποσῶς
1391 4065 1737 4141 ἀναχαιτίσαι
1776 4064 1865 4119 xui

218 4153 525 4208 ἀναστεῖλαι
603 4152 805 4228 ὅρμῆς.
860 4153 994 4217 Τοὺς
1047 4154 1147 4231 γὰρ
1205 4153 1478 4217 ἐναντίους
1547 4154 1869 4229 ἀγνοοῦντας

210 4242 275 4295 τὶ
323 4242 464 4296 οἶκοι
513 4243 605 4296 τὸν
659 4242 885 4316 βασιλὲα
926 4244 1181 4312 πιέζοντά
1229 4264 1287 4297 τε
1338 4247 1417 4314 [Ρ.
1452 4246 1579 4317 824]
1611 4244 1698 4297 καὶ
1751 4242 1869 4307 θλί-

220 4326 381 4385 ϐοντι
409 4334 445 4399 ὴ
487 4331 661 4406 ἀθρόα
709 4330 906 4387 τούτου
966 4334 1112 4406 ὁρμή
1170 4353 1229 4386 τε
1272 4331 1361 4386 xui
1412 4327 1609 4407 ἔφοδος
1656 4330 1868 4405 μᾶλλον

215 4418 522 4492 ἰξὲπληξεν,
586 4420 889 4493 οἰηθέντας,
951 4421 1132 4497 ὥσπερ
1190 4421 1283 4476 xui
1340 4421 1559 4497 ὕστερον
1623 4423 1870 4494 μεμαθή-

215 4530 406 4581 καμεν,
452 4509 537 4563 ὅτι
586 4507 853 4564 κινδύνων
905 4509 1061 4573 οὗτος
1096 4512 1124 4565 ὁ
1163 4510 1449 4586 ἅνθρωπος
1481 4508 1674 4565 οὐδένα
1706 4509 1870 4585 λόγον

1955 1904 2153 1975 jacula
2182 1912 2240 1961 et
2271 1906 2449 1961 falces
2498 1924 2611 1961 non
2661 1914 2925 1980 tempore
2958 1908 3118 1979 pacis
3168 1909 3623 1978 adducentibus,

1953 2007 2013 2057 et
2069 2002 2277 2058 bellico
2333 2003 2598 2075 equitatu
2660 2004 2889 2076 alioque
2957 2005 3366 2077 indigentibus
3439 2023 3626 2078 appa~

1955 2098 2108 2159 ratu,
2141 2093 2360 2163 quippe
2409 2109 2543 2147 cum
2596 2094 2917 2163 imperator
2976 2094 3114 2149 illuc
3168 2112 3301 2149 cum
3351 2095 3612 2150 exercitu

1945 2181 2305 2253 jampridem
2340 2182 2634 2253 profectus
2684 2199 2798 2237 non
2849 2188 3023 2253 esset,
3056 2188 3113 2239 et
3158 2184 3267 2238 hac
3314 2184 3387 2239 de
3434 2200 3613 2239 causa

1956 2270 2077 2326 illis
2106 2276 2387 2342 tanquam
2421 2271 2728 2326 inutilibus
2766 2272 3042 2343 adempta
3082 2277 3278 2328 essent
3306 2272 3525 2327 cibaria
3556 2277 3615 2327 et

1957 2360 2057 2431 qui
2090 2359 2329 2430 praeberi
2370 2365 2753 2414 consueverat
2783 2364 3147 2416 commeatus
3181 2377 3193 2415 :
3228 2360 3421 2416 timidi
3452 2360 3609 2416 enim

1958 2454 2014 2504 et
2054 2447 2374 2503 imbecilles
2430 2453 2487 2503 et
2543 2449 2614 2503 ad
2676 2449 2898 2505 nullam
2958 2466 3081 2505 rem
3131 2454 3431 2506 strenuam
3476 2449 3611 2504 usui

1960 2540 2385 2605 censebantur;
2444 2539 2525 2593 ita
2582 2543 2645 2592 ut
2709 2540 2884 2593 etiam
2952 2540 3082 2608 ipsa
3148 2540 3319 2610 signa
3376 2537 3612 2593 silentio

1961 2628 2419 2698 responderent,
2488 2628 2726 2682 sordida
2792 2633 3136 2699 conspecta,
3190 2633 3470 2697 tanquam
3540 2626 3614 2682 ab

1960 2716 2216 2771 extincto
2272 2714 2496 2770 lumine
2545 2716 2856 2771 obscurato
2907 2717 3087 2786 fumo,
3121 2722 3180 2772 et
3235 2732 3453 2787 paucos
3509 2714 3619 2770 ba-

1962 2805 2160 2860 bentia
2218 2805 2521 2860 ministros
2578 2822 2796 2877 eosque
2855 2822 3161 2878 pauperes.
3198 2806 3327 2860 Haec
3384 2805 3457 2859 iis
3516 2804 3617 2875 qui

1962 2895 2206 2949 aderant
2285 2896 2665 2950 cernentibus
2744 2912 2921 2950 causa
3000 2900 3164 2951 erant
3229 2900 3293 2950 ut
3358 2895 3612 2950 multum

1963 2984 2395 3053 desponderent
2453 2986 2717 3038 animum
2771 2988 2830 3039 et
2879 2988 3230 3049 metuerent,
3288 2984 3615 3054 cogitantes

1963 3089 2031 3127 ex
2072 3088 2187 3143 quo
2227 3076 2383 3127 statu
2440 3073 2497 3126 in
2551 3088 2725 3143 quem
2776 3072 2997 3127 redacti
3047 3073 3167 3128 sint
3220 3072 3616 3128 Romanorum

1966 3170 2117 3224 669
2156 3168 2463 3235 exercitus,
2497 3174 2553 3223 et
2585 3186 2791 3223 rursus
2840 3185 3093 3239 quanam
3147 3168 3371 3223 ratione
3402 3174 3460 3224 et
3489 3167 3619 3239 qui-

1968 3262 2079 3313 bus
2109 3258 2321 3329 Opibus
2370 3262 2427 3312 et
2475 3262 2695 3329 quanto
2736 3263 3000 3329 tempore
3048 3259 3107 3312 in
3162 3258 3471 3328 antiquum
3502 3264 3621 3312 sta-

1962 3353 2091 3403 tum
2120 3346 2403 3401 vindicari
2455 3348 2704 3418 possint,
2736 3364 2871 3401 cum
2925 3348 3178 3418 majores
3208 3351 3347 3401 natu
3380 3350 3437 3402 et
3464 3351 3622 3402 vete-

1966 3437 2094 3491 rani
2127 3435 2346 3491 milites
2389 3439 2445 3490 et
2489 3434 2656 3506 periti
2688 3440 2952 3491 carerent
2981 3434 3247 3506 equitatu
3282 3439 3339 3489 et
3367 3434 3624 3490 inermes

1967 3532 2183 3592 essent,
2214 3526 2435 3580 tirones
2466 3529 2662 3579 autem
2708 3524 2965 3595 imperiti
2998 3540 3188 3595 neque
3237 3523 3467 3579 bellicis
3498 3540 3625 3579 cer-

1966 3614 2293 3670 taminibus
2351 3614 2592 3669 assueti.
2654 3614 2734 3667 Ad
2796 3613 2906 3668 hoc
2964 3612 3331 3668 adversarios
3390 3629 3626 3685 quoque

1971 3704 2223 3759 maxime
2273 3708 2542 3758 strenuos
2585 3707 2641 3758 et
2690 3703 2940 3758 audaces
3000 3703 3071 3757 ab
3122 3702 3432 3757 subeunda
3490 3701 3624 3757 belli

1971 3793 2248 3865 pericula,
2282 3798 2340 3848 et
2388 3791 2632 3847 stabiles
2683 3797 2857 3864 atque
2905 3791 3127 3864 peritos
3156 3794 3214 3845 et
3241 3790 3485 3845 idoneos
3519 3808 3624 3847 no-

1972 3886 2124 3937 rant.
2168 3883 2243 3936 Ex
2293 3881 2453 3936 omni
2515 3881 2693 3952 igitur
2743 3885 2905 3951 parte
2955 3895 3169 3951 anceps
3224 3882 3281 3934 et
3338 3878 3626 3935 sollicitus

1971 3973 2290 4043 imperator
2337 3976 2531 4025 tamen
2583 3970 2909 4025 communis
2961 3968 3235 4023 utilitatis
3275 3985 3473 4039 causa,
3503 3975 3624 4024 sta-

1972 4062 2111 4126 tuit,
2144 4064 2432 4132 quantum
2485 4061 2543 4113 in
2594 4076 2655 4114 se
2704 4063 2848 4125 erat,
2882 4063 3086 4114 contra
3143 4058 3338 4114 hostes
3384 4058 3622 4127 instrui,

1976 4174 2298 4228 eorumque
2362 4174 2431 4210 ex
2488 4156 2681 4227 aliqua
2745 4160 2906 4227 parte
2974 4155 3273 4227 ingentem
3340 4154 3625 4225 impetum

1978 4247 2383 4318 comprimere.
2417 4246 2486 4300 Et
2528 4245 2895 4300 adversarios
2936 4244 3196 4314 quidem,
3229 4244 3466 4314 ignaros
3496 4245 3627 4315 qui-

1979 4340 2092 4393 bus
2122 4335 2290 4390 malis
2314 4334 2471 4389 domi
2496 4342 2799 4389 vexaretur
2819 4350 2884 4388 ac
2912 4335 3273 4404 premeretur
3290 4333 3631 4404 imperator,

1981 4425 2323 4498 repentinus
2372 4425 2562 4495 ipsius
2594 4431 2835 4478 conatus
2880 4427 2938 4476 et
2970 4421 3255 4475 adventus
3287 4422 3475 4492 magis
3507 4439 3634 4493 per-

1982 4515 2213 4581 terruit,
2247 4518 2423 4581 ratos,
2452 4517 2516 4567 ut
2548 4516 2748 4583 postea
2780 4510 3118 4578 didicimus,
3151 4508 3448 4564 hominem
3482 4510 3639 4565 hunc

220 4600 536 4668 πεποίηται,
572 4598 697 4653 ἀλλ’
750 4594 905 4674 ἔαρος
956 4597 1029 4653 ὢν
1062 4602 1330 4675 φοιτητὴς
1376 4602 1753 4670 καινοποιήσει
1783 4600 1861 4654 καῖ

1984 4604 2374 4677 periculorum
2404 4601 2621 4655 nullam
2651 4602 2935 4655 rationem
2961 4598 3443 4663 habiturum,sed
3463 4614 3639 4654 verno

223 4683 482 4757 ἀνηϐήσει
540 4688 608 4742 τὰ
664 4688 953 4760 Ῥωμαίων
1009 4687 1301 4763 πράγματα
1356 4690 1443 4743 xui
1513 4690 1872 4759 άντισηκώσει

220 4782 338 4838 τοῖς
368 4777 595 4852 ἰχθροῖς
625 4779 693 4830 τά
721 4776 994 4852 ἰπίχειρα.
1032 4779 1173 4851 [Διὰ]
1206 4779 1374 4832 ταῦτά
1402 4800 1486 4833 τοι
1520 4780 1547 4832 ὁ
1582 4779 1676 4851 μὶν
1710 4785 1873 4833 σουλ-

218 4886 370 4928 τανος
421 4866 835 4941 ὀπισθόρμητος
886 4866 1090 4941 γέγονε,
1149 4865 1435 4941 μοῖρανδέ
1478 4888 1601 4921 τινα
1633 4866 1873 4941 μεγάλην

1979 4699 2243 4765 tempore
2274 4692 2686 4753 adventurum,
2716 4692 3133 4757 auctoremque
3163 4688 3284 4741 fore
3322 4691 3387 4741 ut
3430 4704 3641 4743 rursus

1985 4784 2249 4838 Romana
2279 4796 2371 4835 res
2402 4779 2733 4835 efflorescat
2753 4782 2809 4833 et
2839 4777 3001 4849 paria
3033 4775 3300 4830 hostibus
3332 4778 3635 4848 rependat.

1987 4880 2213 4945 Quibus
2246 4878 2315 4933 de
2346 4878 2540 4932 causis
2589 4875 2860 4931 sultanus
2909 4873 3169 4928 recessit.
3204 4872 3419 4927 Verum
3451 4873 3643 4931 divisa

219 4955 651 5028 ἀποτεμόμενος,
680 4956 769 5009 xui
795 4955 996 5026 ταύτην
1024 4953 1387 5032 διχῆδιελὼν,
1414 4958 1513 5025 τήν
1551 4958 1644 5030 μὲν
1674 4956 1750 5018 εἷς
1781 4958 1861 5025 τὴε

1989 4969 2146 5023 haud
2179 4968 2387 5038 exigua
2417 4966 2703 5020 exercitus
2748 4980 2925 5018 manu
2972 4962 3030 5016 in
3077 4963 3223 5015 duas
3257 4968 3471 5032 partes,
3503 4964 3643 5019 alte-

222 5052 400 5109 Ἀσίαν
457 5054 561 5122 τὴν
616 5052 728 5108 ἅνω
785 5054 1116 5131 νοτιωτίραν
1176 5053 1464 5128 ἐκπέμπει,
1524 5055 1621 5123 τὴν
1683 5051 1740 5108 δὲ
1791 5056 1884 5129 βο-

222 5143 489 5217 ρειοτέραν
546 5140 921 5218 παραγγᾶλλει
979 5143 1245 5219 γενέσθαι.
1301 5145 1357 5197 Ὃ
1404 5140 1460 5198 δὲ
1514 5141 1767 5218 βασιλεὺς
1811 5142 1884 5205 ὡς

222 5227 347 5296 ὶνῆν
374 5229 498 5291 τοὺς
535 5228 629 5282 σὺν
674 5230 825 5301 αὖτῷ
876 5228 1189 5306 ἐπιρρώσας
1236 5228 1340 5305 ὅλῃ
1384 5232 1556 5306 χειρὶ,
1601 5231 1690 5285 καὶ
1724 5231 1885 5301 ἀξιώ-

231 5337 358 5387 μασι
407 5319 495 5371 xui
541 5316 743 5393 δώροις
791 5317 1158 5395 ἆναθαρῥῆσαι
1209 5320 1551 5390 πεποιηκὼς,
1599 5319 1686 5374 xui
1744 5319 1888 5394 λοχ-

226 5405 383 5481 αγοὺς
471 5406 561 5461 καί
645 5407 945 5484 ταξιάρχας
1030 5407 1283 5483 ἀρίστους
1366 5410 1572 5482 ἑκάστῳ
1653 5410 1887 5485 τάγματι

224 5492 505 5566 ἐπιμελῶς
547 5498 1027 5573 προστησάμενος,
1087 5497 1141 5551 ἐν
1192 5497 1365 5574 ὀλίγῳ
1422 5498 1607 5575 χρόνῳ
1639 5499 1889 5572 στρατιὰν

228 5582 513 5658 ἀξιόλογον
571 5588 965 5659 κατεστήσατο,
1016 5586 1106 5641 xui
1161 5588 1275 5661 μετ’
1332 5586 1500 5657 αὐτῆς
1562 5586 1651 5642 ἐπὶ
1685 5590 1891 5664 Πὲρσας

229 5674 637 5753 προθυμότερον
686 5672 944 5748 ἤλαυνεν.
976 5676 1065 5741 Ὠς
1112 5673 1171 5732 δὶ
1212 5677 1276 5733 τὸ
1326 5676 1543 5755 βόρειον
1592 5678 1895 5757 στρατόπε-

1992 5074 2115 5113 ram
2152 5059 2208 5111 in
2244 5057 2441 5111 Asiam
2474 5053 2835 5126 superiorem
2877 5053 2947 5107 ad
3001 5053 3211 5105 lstrum
3248 5053 3437 5122 magis
3469 5053 3644 5108 sitam

1993 5147 2229 5214 emittit,
2263 5146 2506 5200 alteram
2540 5144 2608 5198 ad
2644 5148 2840 5215 partes
2886 5140 3075 5212 magis
3106 5138 3501 5211 aquilonares.
3538 5144 3649 5199 Im-

1996 5240 2228 5308 perator
2275 5240 2467 5289 autem
2516 5233 2665 5296 suis,
2717 5236 3006 5302 quantum
3058 5228 3243 5296 licuit,
3293 5231 3655 5288 confirmatis

1997 5326 2157 5382 omni
2204 5327 2490 5395 potestate
2519 5326 2574 5377 et
2605 5321 2892 5393 dignitate
2924 5336 2989 5374 ac
3023 5318 3389 5386 muneribus,
3413 5326 3471 5375 et
3499 5321 3655 5377 bono

2000 5415 2199 5471 animo
2232 5430 2359 5468 esse
2390 5412 2601 5482 jussis,
2634 5409 3192 5481 manipulorumque
3225 5408 3571 5464 ductoribus
3602 5416 3660 5465 et

2001 5502 2242 5575 optimis
2266 5501 2553 5573 prisfectis
2577 5498 2899 5569 unicuique
2921 5497 3140 5567 legioni
3169 5496 3481 5567 diligenter
3502 5498 3664 5551 attri-

2003 5592 2359 5659 butis,brevi
2391 5596 2654 5661 tempore
2686 5588 2961 5643 idoneum
2993 5585 3286 5641 contraxit
3317 5585 3663 5646 exercitum,

2003 5687 2061 5741 et
2089 5699 2224 5739 cum
2256 5682 2384 5756 ipso
2417 5681 2477 5737 in
2508 5685 2718 5737 Persas
2759 5676 3017 5735 alacrius
3061 5673 3565 5748 proficiscebatur.
3597 5670 3670 5727 Ut
