4008 6206
396 320 516 377 399

1695 315 1829 373 JOA
1844 314 2021 372 NNIS
2069 309 2497 370 SCYLITZE.

3705 313 3813 372 400

398 466 536 505 vero
592 448 847 505 Borealis
905 447 1191 503 exercitus
1247 445 1617 517 imperatoris
1676 443 2053 498 successibus

2169 437 2258 493 δον
2312 440 2405 500 τὰς
2462 443 2559 493 τοῦ
2638 439 2927 513 βασιλέως
2976 438 3247 515 προόδους
3300 440 3627 517 παρέσχετο,
3684 437 3814 517 ἔγνω

402 541 557 595 670
602 538 764 607 favit,
813 538 1020 594 statuit
1066 538 1341 607 deinceps
1398 535 1682 606 Diogenes
1741 534 1798 617 in
1858 537 2051 606 partes

399 628 689 685 australes
722 644 821 684 eos
852 627 1123 683 invadere
1169 626 1268 696 qui
1299 623 1669 696 leesyriam
1701 629 1758 679 et
1786 623 2051 679 Ciliciam

394 719 705 791 ipsamque
728 716 1096 771 Antiochiam
1124 714 1566 786 prwdabantur;
1592 712 1910 784 relictaque
1960 712 2053 766 via

397 824 526 878 quae
558 812 715 861 recta
746 805 907 859 ducit
927 802 1225 859 Coloniam
1255 807 1312 857 et
1333 802 1681 868 Sebastiam,
1708 804 1779 857 ad
1806 801 2053 873 Lycandi

396 897 696 967 regionem
728 892 994 959 accessit,
1024 891 1223 947 zestivo
1249 896 1511 963 tempore
1536 908 1549 945 :
1583 896 1870 945 autumno
1894 891 2050 945 enim

396 984 691 1055 cogitabat
722 983 779 1036 in
812 981 1035 1054 Syriam
1083 981 1376 1048 invadere,
1420 997 1491 1035 ne
1535 980 1678 1035 forte
1710 984 1855 1035 aestu
1884 998 2054 1035 vexa-

396 1076 495 1127 tus
528 1070 817 1126 exercitus
848 1086 1057 1141 parum
1093 1086 1369 1141 prospere
1409 1085 1500 1124 res
1540 1074 1764 1141 gereret
1792 1073 1849 1123 et
1876 1069 2052 1123 detri-

398 1165 596 1216 mento
645 1159 799 1213 haud
865 1158 1144 1213 mediocri
1205 1158 1554 1213 afficeretur.
1611 1160 1837 1213 Interea
1883 1158 2054 1213 Turci

399 1249 833 1307 Neocaesaream
893 1266 962 1304 ex
1032 1248 1348 1319 improviso
1407 1246 1595 1303 adorti
1653 1252 1940 1308 evertunt.
2000 1252 2056 1303 et

395 1338 717 1394 multorum
750 1339 1009 1394 virorum
1059 1353 1357 1409 opumque
1408 1336 1573 1407 potiti
1611 1340 1769 1407 sunt,
1803 1337 2055 1392 abducta

399 1428 654 1484 maxime
704 1428 925 1500 ingenti
975 1427 1299 1498 spoliorum
1346 1426 1567 1497 praeda;
1602 1426 1755 1497 quod
1791 1443 1923 1481 cum
1980 1427 2052 1483 ad

399 1534 574 1573 aures
607 1517 980 1589 imperatoris
1008 1516 1341 1584 accidisset,
1367 1519 1611 1569 multam
1647 1514 1729 1569 illi
1759 1532 1932 1570 casus
1961 1515 2053 1571 hic

402 1606 585 1662 animi
646 1604 1106 1661 sollicitudinem
1166 1602 1379 1671 attulit,
1412 1604 1565 1674 quod
1605 1603 1874 1674 quamvis
1922 1621 2050 1659 cum

399 1694 653 1751 exercitu
699 1693 1037 1766 prodiisset,
1072 1691 1454 1747 nihilominus
1504 1691 1702 1748 hostes
1752 1693 2047 1765 regionem

397 1811 567 1851 suam
600 1811 662 1850 se
702 1794 1071 1864 inspectante
1100 1799 1391 1847 vexarent.
1422 1792 1681 1848 Tandem
1715 1793 1913 1867 c0pias
1955 1813 2056 1867 per

401 1884 644 1940 semitas
702 1898 941 1938 accessu
994 1880 1264 1937 difﬁciles
1312 1880 1491 1935 veluti
1544 1882 1787 1938 habenis
1827 1902 1860 1939 a
1900 1890 2069 1959 tergo

400 1972 674 2029 retractis
707 1970 964 2039 reduxit;
1001 1986 1252 2040 cumque
1282 1970 1557 2025 Sebastiae
1590 1973 2061 2045 appropinquas-

398 2068 510 2129 set,
545 2060 826 2117 militaria
878 2060 1304 2132 impedimenta
1357 2065 1415 2115 et
1462 2078 1667 2117 omnes
1715 2063 1942 2133 pedites
1981 2064 2063 2121 ibi

410 2152 651 2223 reliquit
694 2168 829 2206 cum
880 2149 1144 2221 privigno
1175 2166 1282 2205 suo
1322 2150 1679 2217 Andronico,
1714 2152 1812 2223 qui
1859 2169 2062 2211 secum

409 2242 631 2310 aderat,
687 2256 862 2311 quem
922 2239 1214 2294 delectum
1271 2238 1683 2310 imperatorem
1734 2246 1798 2295 ut
1846 2242 2062 2314 pignus

408 2330 533 2402 ipse
582 2329 836 2384 habebat
869 2328 957 2383 vel
990 2326 1295 2399 collegam,
1329 2332 1395 2381 ut
1441 2328 1491 2382 si
1540 2328 1673 2399 quis
1720 2332 2064 2401 repentinus

405 2436 580 2477 casus
611 2420 891 2491 exigeret,
913 2418 964 2473 is
994 2433 1087 2472 res
1117 2417 1577 2472 administraret.
1607 2417 1737 2489 Ipse
1765 2435 1897 2475 vero
1928 2437 2063 2476 cum

405 2508 870 2580 expeditioribus
919 2524 952 2561 a
1000 2511 1162 2576 tergo
1207 2505 1667 2577 persequebatur
1714 2507 1915 2563 hostes
1965 2526 2068 2581 per

406 2598 623 2653 multos
652 2602 708 2651 et
736 2595 1099 2651 celsissimos
1148 2594 1349 2663 colles,
1381 2600 1436 2649 et
1487 2611 1590 2665 per
1637 2596 1980 2666 Tephricem
2011 2602 2068 2653 et

405 2688 659 2755 Argaum
702 2685 762 2739 in
806 2684 968 2755 ipsos
1000 2683 1275 2738 invadere
1323 2699 1391 2737 ex
1440 2682 1679 2753 obliquo
1731 2684 2063 2742 festinabat.

410 2775 599 2837 Quare
650 2789 786 2829 cum
847 2789 953 2828 nec
997 2773 1308 2842 opinantes
1358 2772 1599 2826 adortus
1647 2778 1822 2843 esset,
1856 2775 2067 2846 suique

413 2863 700 2918 adventus
746 2862 903 2916 fama
952 2877 1156 2917 omnes
1206 2859 1607 2927 deterruisset,
1641 2861 1840 2918 statim
1889 2880 2068 2919 causa

411 2952 527 3007 fuit
588 2955 653 3008 ut
699 2953 848 3007 671
904 2949 987 3004 illi
1049 2949 1108 3004 in
1169 2949 1366 3021 fugam
1422 2947 1573 3003 versi
1631 2954 1789 3020 terga
1838 2954 2064 3009 darent.

414 3051 675 3115 Quorum
707 3050 893 3107 caedes
926 3049 1082 3104 haud
1132 3048 1320 3104 multa
1369 3047 1521 3103 facta
1550 3052 1657 3114 est,
1683 3049 1899 3122 quippe
1930 3067 2064 3106 cum

413 3146 547 3195 ante
578 3139 882 3211 defatigati
915 3143 1112 3193 essent
1156 3137 1373 3192 milites
1404 3137 1772 3209 imperatoris
1801 3139 1945 3195 locis
1976 3141 2065 3194 in-

409 3230 519 3285 viis
554 3246 567 3283 :
603 3230 705 3284 sed
738 3227 850 3282 vivi
883 3225 1037 3299 capti
1086 3230 1225 3282 sunt
1256 3226 1447 3295 multi,
1472 3227 1688 3298 quibus
1718 3234 1913 3284 tamen
1947 3230 2063 3284 vita

409 3319 654 3375 minime
684 3317 924 3391 profuit,
957 3317 1115 3389 quod
1155 3316 1349 3387 gladio
1388 3317 1633 3372 confecti
1664 3323 1823 3373 sunt.
1857 3318 2061 3375 Omnis

405 3424 538 3464 vero
569 3413 709 3464 tetas
737 3408 809 3463 ab
839 3406 1079 3462 homine
1111 3421 1297 3477 usque
1325 3406 1398 3461 ad
1427 3406 1699 3476 jumenta
1728 3406 1784 3461 in
1818 3406 2062 3463 liberta-

406 3502 524 3553 tem
573 3497 830 3553 vindicta
885 3494 1301 3567 imperatorem
1352 3511 1469 3549 uno
1522 3511 1621 3549 ore
1669 3494 2057 3560 celebrarunt,

406 3586 699 3658 siquidem
734 3585 879 3656 ipsis
900 3600 1135 3655 quoque
1166 3583 1438 3639 hostibus
1462 3583 1677 3637 factum
1712 3583 1853 3639 illud
1879 3586 2063 3639 admi-

407 3676 632 3729 ratione
675 3673 920 3744 dignum
966 3672 1291 3741 videbatur,
1320 3672 1614 3743 quomodo
1664 3672 2055 3728 Romanorum

408 3764 728 3834 imperator
748 3766 951 3817 contra
981 3776 1042 3815 se
1075 3759 1371 3831 profectus
1400 3764 1556 3815 esset
1586 3760 1665 3816 ita
1696 3766 1759 3815 ut
1788 3760 2058 3833 impediri

409 3877 527 3914 non
561 3858 833 3928 potuerit,
861 3858 1049 3913 instar
1073 3857 1325 3928 expediti
1358 3862 1411 3912 et
1443 3856 1653 3912 bellica
1680 3858 1892 3914 virtute
1923 3877 2061 3932 prae-

408 3949 619 4004 stantis
653 3947 880 4002 militis.
910 3946 1053 4002 Cum
1085 3962 1219 4001 vero
1249 3945 1439 4001 tribus
1467 3950 1695 4001 tantum
1728 3948 1935 4003 diebus
1967 3949 2064 4004 Se-

405 4037 612 4093 bastize
654 4036 971 4091 exercitum
1015 4034 1231 4106 quietis
1280 4050 1459 4090 causa
1510 4035 1917 4106 continuisset,
1950 4037 2061 4093 iter

404 4126 659 4199 arripuit
705 4143 774 4182 ea
825 4142 943 4196 qua
973 4125 1041 4180 ad
1086 4124 1314 4197 Syriam
1365 4125 1629 4195 pergitur
1675 4126 1795 4193 via;
1848 4130 1905 4180 et
1958 4144 2062 4197 per

401 4216 614 4274 Cucusi
651 4215 955 4288 angustias
994 4213 1051 4268 in
1086 4213 1514 4269 Germaniciam
1551 4215 1845 4285 profectus
1876 4214 1932 4269 in
1968 4232 2057 4272 re-

400 4307 633 4376 gionem
668 4304 904 4360 nomine
934 4302 1150 4358 Teluch
1201 4302 1445 4367 invadit,
1470 4303 1656 4358 divisa
1701 4304 1866 4374 prius
1897 4303 2054 4361 haud

398 4395 680 4450 mediocri
713 4392 1005 4465 phalange
1026 4409 1158 4447 cum
1192 4391 1438 4463 legionis
1470 4393 1948 4464 praefecto,quam
1982 4396 2054 4451 ad

395 4485 727 4539 Melitenam
761 4499 895 4537 cum
931 4483 1078 4536 duce
1115 4480 1372 4546 misit,ut
1402 4481 1694 4536 Orientem
1727 4484 2055 4540 custodiret

2165 528 2356 583 λοιπὸν
2418 530 2445 582 6
2503 527 2760 604 Διογένης
2814 534 2935 592 τοῖς
2991 530 3196 591 νοτίοις
3256 530 3612 599 ἐπεισπεσεῖν,
3666 533 3717 585 οἳ
3754 532 3816 587 τὰ

2160 616 2282 691 περὶ
2316 616 2526 688 Κοίλην
2578 618 2773 693 Συρίαν
2825 619 2914 674 καὶ
2969 617 3224 675 Κιλικίαν
3269 620 3362 675 καὶ
3400 621 3570 690 αὐτὴν
3604 622 3814 677 Ἀντιό-

2162 727 2319 781 χειαν
2380 705 2805 777 καταληΐζοντες
2861 709 3018 777 ἦσαν.
3074 710 3173 763 Καὶ
3230 707 3547 764 καταλιπὼν
3601 712 3666 765 τὸ
3700 711 3814 774 εὐθὺ

2164 794 2469 857 Κολωνείας
2513 797 2601 850 καὶ
2655 792 2975 860 Σεϐαστείας
3028 797 3305 876 φέρεσθαι,
3350 803 3431 870 τῷ
3476 803 3574 853 τοῦ
3615 808 3815 854 Λύκαν-

2164 882 2260 939 δοῦ
2319 884 2641 960 ἐπεχώρησε
2700 886 2890 959 θέματι
2951 888 3086 943 κατὰ
3125 888 3219 942 τὸν
3258 889 3444 961 καιρὸν
3476 894 3574 943 τοῦ
3608 892 3810 965 θέρους·

2166 972 2217 1028 ἐν
2275 974 2377 1048 γάρ
2436 979 2515 1047 τῷ
2570 976 2906 1051 φθινοπώρῳ
2962 983 3079 1041 τοῖς
3136 983 3429 1053 Συριακοῖς
3488 974 3817 1053 παραϐαλεῖν

2164 1060 2394 1135 ἐμελέτα
2456 1065 2699 1137 μέρεσιν,
2761 1065 2837 1127 ὡς
2870 1065 2930 1119 ἃν
2967 1068 3043 1139 μή
3070 1072 3150 1139 τῷ
3197 1068 3433 1122 καύσωνι
3474 1070 3813 1144 κακουχηθέν

2162 1153 2224 1206 τὸ
2286 1151 2649 1227 στρατόπεδον
2724 1152 3080 1232 δυσπραγήσῃ
3158 1157 3247 1210 καὶ
3321 1153 3673 1231 διαλωϐηθῇ.
3731 1160 3817 1215 Ἐν

2164 1240 2408 1313 τοςούτῳ
2459 1238 2515 1295 δέ
2560 1242 2613 1296 οἱ
2661 1245 2898 1318 Τοῦρκοι
2954 1246 3052 1314 τῆν
3105 1245 3516 1319 Νεοκαισάρειαν
3566 1245 3618 1317 ἐξ
3650 1246 3812 1322 ἀπρο-

2165 1327 2334 1383 όπτου
2384 1328 2703 1395 ἐπελθόντες
2756 1334 3207 1412 καταστρέφουσι,
3238 1336 3329 1389 καὶ
3358 1333 3585 1390 πολλῶν
3631 1338 3814 1407 σωμά-

2161 1438 2266 1471 των
2300 1418 2389 1472 καὶ
2441 1421 2747 1494 χρημάτων
2798 1420 3050 1497 ἐγένοντο
3103 1423 3305 1498 κύριοι,
3355 1422 3517 1501 βάρος
3550 1424 3817 1500 ἐπαγόμε-

2162 1527 2246 1560 νοι
2305 1506 2727 1584 λαφυραγωγίας
2783 1509 2883 1565 ούκ
2934 1510 3250 1587 ἐλάχιστον.
3300 1515 3371 1570 "0
3428 1513 3518 1568 καὶ
3576 1514 3652 1575 εἷς
3709 1514 3819 1569 ὦτα

2158 1599 2255 1649 τοῦ
2288 1596 2556 1670 βασιλέως
2606 1600 2767 1653 πεσὸν
2818 1598 3037 1670 πολλὴν
3071 1600 3218 1675 αύτῷ
3264 1603 3364 1671 τῆν
3405 1602 3549 1657 ἀνίαν
3582 1602 3821 1673 ἐνέσταξε

2158 1683 2222 1737 τὸ
2276 1680 2508 1757 συμϐάν,
2550 1684 2634 1741 ὅτι
2681 1686 2860 1743 καίτοι
2915 1687 3410 1765 ἐκστρατευομένου
3468 1688 3626 1747 οὐδὲν
3654 1693 3818 1761 ἧττον

2159 1772 2213 1825 οἱ
2269 1773 2531 1847 πολέμιοι
2586 1777 2686 1845 τὴν
2744 1778 2933 1853 χώραν
2995 1778 3161 1834 αὐτοῦ
3216 1778 3447 1835 ἐνώπιον
3498 1780 3663 1835 αὑτοῦ
3691 1802 3820 1836 κατ-

2089 1842 2134 1906 B
2166 1862 2457 1917 ἐσθίουσιν.
2494 1864 2718 1936 Ἀμέλει
2750 1842 2859 1920 irai
2916 1867 3004 1921 καὶ
3062 1867 3156 1929 τὶς
3206 1865 3457 1942 δυνάμεις
3507 1868 3818 1947 ἀνειληφὼς

2175 1948 2244 2003 δι’
2275 1950 2527 2026 ἀτραπῶν
2575 1949 2851 2010 δυσϐάτων
2898 1955 3004 2011 ἀπὸ
3053 1956 3291 2033 ῥυτῆρος
3336 1958 3561 2014 κατόπιν
3594 1958 3820 2028 ἤλαυνε.

2174 2047 2487 2120 Πλησιάσας
2539 2048 2595 2106 δέ
2637 2056 2705 2126 τῇ
2768 2048 3060 2126 Σεϐαστείᾳ
3113 2058 3213 2126 τὴν
3274 2058 3368 2130 μὶν
3422 2060 3818 2132 στρατιωτικήν

2169 2137 2473 2209 ἀποσκευὴν
2549 2142 2638 2196 καὶ
2695 2145 2756 2197 τὸ
2830 2145 2986 2212 πεζὸν
3044 2146 3182 2199 ἅπαν
3242 2146 3407 2202 αὐτοῦ
3465 2169 3576 2202 που
3632 2148 3821 2225 ἀφίησι

2175 2228 2309 2298 μετὰ
2336 2234 2433 2282 τοῦ
2483 2226 2622 2285 ἰδίου
2670 2237 2939 2307 προγονοῦ
2970 2232 3324 2310 Ἀνδρονίκου
3365 2238 3622 2299 συνόντος
3654 2238 3829 2309 αὐτῷ,

2172 2316 2229 2370 ὃν
2262 2318 2424 2380 αὐτὸς
2458 2318 2683 2393 βασιλέα
2737 2325 3132 2398 χειροτονήσας
3181 2324 3256 2389 ὡς
3298 2324 3551 2401 ἐνέχυρον
3609 2328 3757 2402 εἶχεν
3789 2328 3829 2396 ἢ

2174 2409 2563 2483 συστράτηγον,
2611 2407 2666 2464 εἷ’
2704 2432 2780 2482 πη
2830 2409 3103 2475 πολλάκις
3134 2417 3396 2489 παρήκων
3440 2414 3499 2470 ἐκ
3527 2420 3624 2470 τοῦ
3653 2416 3839 2494 αἰφνι-

2175 2491 2294 2548 δίου
2350 2496 2718 2572 πολυτρόπως
2773 2505 2852 2572 τῷ
2910 2501 3089 2576 χρεὼν
3148 2502 3609 2579 λειτουργήσειεν·
3666 2491 3835 2567 αύτὸς

2176 2580 2232 2637 δὲ
2293 2586 2409 2657 μετ’
2466 2586 2838 2662 εύζωνοτέρων
2898 2588 3117 2645 ἐδίωγεν
3173 2589 3389 2647 ὄπισθεν
3445 2597 3553 2646 τῶν
3611 2592 3835 2668 ἐχθρῶν

2176 2669 2264 2725 διὰ
2293 2672 2522 2728 πολλῶν
2562 2676 2653 2730 καὶ
2683 2675 3039 2751 ὑψηλοτάτων
3078 2680 3287 2755 βουνῶν
3327 2688 3426 2751 νῆς
3454 2702 3513 2735 τε
3554 2684 3839 2757 Τεφρικῆς

2174 2762 2259 2816 καὶ
2318 2769 2416 2832 τῆς
2475 2766 2707 2840 Ἀργάου
2739 2812 2753 2837 ,
2809 2767 2897 2821 καὶ
2950 2774 3067 2831 τοῖς
3128 2768 3347 2845 ἐχθροῖς
3404 2769 3712 2841 ἐπιτεθῆναι
3772 2770 3840 2826 ἐκ

2173 2854 2269 2903 τοῦ
2320 2849 2605 2927 ἐγκαρσίου
2652 2854 2926 2930 ἠπείγετο.
2979 2859 3139 2921 ’Ὁθεν
3188 2858 3279 2913 καὶ
3327 2854 3597 2929 ἀδόκητος
3638 2860 3837 2923 αὐτοῖς

2176 2937 2504 2995 ἐπεισπεσὼν
2538 2945 2625 2997 καὶ
2668 2948 2737 3017 τῇ
2770 2947 2929 3022 φήμῃ
2977 2954 3079 3016 τῆς
3114 2947 3280 3003 αὐτοῦ
3309 2950 3607 3023 παρουσίας
3641 2948 3839 3011 αὐτοῖς

2172 3050 2266 3091 τας
2322 3027 2725 3106 ἐκδειματώσας
2778 3035 2967 3090 αὐτίκα
3025 3040 3169 3091 νῶτα
3219 3034 3505 3093 δεδωκέναι
3556 3043 3711 3093 ποιεῖ
3739 3040 3838 3093 καὶ

2173 3128 2308 3202 πρὸς
2353 3129 2451 3197 τὴν
2504 3132 2675 3206 φυγὴν
2727 3132 2989 3207 ὁρμῆσαι.
3040 3133 3218 3197 Φόνος
3263 3136 3360 3208 μὶν
3392 3136 3483 3190 οὖν
3515 3136 3693 3191 αὐτῶν
3729 3136 3842 3192 οὐκ

2093 3211 2136 3279 C
2174 3218 2378 3293 ἐγένετο
2438 3219 2634 3289 πολὺς,
2695 3223 3274 3299 προκατειργασμένων
3334 3230 3441 3279 τῶν
3496 3230 3597 3280 τοῦ
3654 3226 3839 3300 βασι-

2171 3304 2311 3368 λέως
2366 3312 2482 3368 ταῖς
2539 3306 2800 3378 ἀνοδίαις,
2867 3311 3089 3386 ζωγρίαι
3150 3309 3208 3367 δέ
3284 3316 3368 3387 [Ρ.
3428 3316 3555 3387 825]
3612 3314 3839 3375 πολλοῖ

2171 3394 2435 3451 ἑάλωσαν.
2467 3398 2581 3467 Τῆς
2648 3394 2706 3452 δὲ
2760 3396 2899 3462 ἰδίας
2948 3405 3091 3469 ζωῆς
3142 3402 3242 3456 ούκ
3289 3401 3844 3480 ἀπώναντο,μαχαίο

2171 3504 2267 3556 ρας
2325 3480 2481 3560 ἔργον
2539 3485 2840 3562 γενόμενοι.
2903 3488 3119 3544 ’Πλικία
3170 3493 3355 3564 μέντοι
3404 3498 3546 3547 πᾶσα
3588 3492 3700 3547 ἀπὸ
3731 3493 3843 3548 ἆν-

2171 3574 2392 3645 θρώπου
2441 3570 2545 3637 ἓως
2598 3577 2828 3646 κτήνους
2876 3575 3298 3651 ἐλευθερωθεῖσα
3340 3582 3432 3635 τὸν
3470 3578 3705 3656 βασιλέα
3734 3583 3839 3636 καὶ

2169 3659 2396 3737 γλώσσῃ
2456 3664 2545 3718 καὶ
2603 3665 2831 3738 στόματι
2890 3666 3231 3745 ἐπεφήμισαν
3280 3687 3293 3699 ³
3354 3671 3660 3743 Θαυμαστὸν
3723 3672 3839 3747 γὰρ

2167 3752 2256 3805 καὶ
2316 3752 2499 3815 αὐτοῖς
2555 3760 2671 3817 τοῖς
2723 3755 2984 3821 ἐναντίοις
3030 3758 3093 3812 τὸ
3137 3760 3380 3834 πραχθὲν
3444 3762 3840 3837 κατεφαίνετο,

2168 3845 2286 3905 πῶς
2354 3844 2381 3896 6
2461 3841 2712 3918 βασιλεύς
2784 3847 3072 3919 Ῥωμαίων
3144 3847 3389 3923 ἀκρατῶς
3462 3849 3577 3903 κατ’
3640 3849 3839 3905 αὐτῶν

2167 3928 2341 3998 ἤλασε
2397 3932 2599 4007 τρόπον
2652 3932 2889 4002 εύζώνου
2936 3934 3026 3989 καὶ
3085 3937 3403 4007 μονοζώνου
3456 3940 3835 4011 στρατιώτου.

2170 4029 2328 4103 Τρισῖ
2388 4026 2445 4084 δὲ
2502 4030 2692 4103 μόναις
2745 4032 2976 4109 ἡμέραις
3030 4032 3082 4088 ἐν
3132 4028 3427 4107 Σεϐαστείᾳ
3457 4033 3839 4098 διαναπαύσας

2166 4118 2228 4173 τὸ
2260 4120 2563 4193 στράτευμα
2609 4127 2709 4189 τῆς
2762 4122 2897 4196 πρὸς
2952 4123 3148 4197 Συρίαν
3196 4123 3431 4197 ἀγούσης
3481 4124 3689 4198 ἥψατο,
3732 4126 3839 4181 καὶ

2168 4205 2258 4262 διὰ
2312 4214 2419 4263 τῶν
2471 4217 2571 4278 τῆς
2633 4215 2942 4265 Κουκουσοῦ
2998 4211 3257 4267 αὐλώνων
3312 4213 3387 4275 εἷς
3427 4214 3833 4287 Γερμανὶκειαν

2166 4299 2427 4360 καταστὰς
2470 4298 2545 4359 εἷς
2594 4300 2657 4353 τὸ
2702 4299 2837 4372 θέμα
2884 4302 2946 4355 τὸ
3003 4298 3345 4375 καλούμενον
3390 4298 3679 4359 εἰσϐάλλει
3728 4310 3838 4359 Τε-

2167 4384 2332 4461 λοὺχ,
2384 4386 2645 4463 πρότερον
2702 4388 3111 4461 ἀποτεμόμενος
3160 4390 3409 4467 φάλαγγα
3468 4392 3570 4446 οὐκ
3618 4390 3833 4467 ὀλίγην

2168 4476 2300 4548 μετά
2351 4476 2858 4553 συνταγματάρχου,
2901 4479 2989 4533 καὶ
3039 4479 3118 4542 εἷς
3171 4479 3488 4551 Μελιτηνήν
3533 4480 3839 4555 ἐκπέμψας

394 4577 451 4628 et
480 4571 887 4627 invasionibus
931 4569 1421 4625 commorantium
1468 4570 1547 4623 ibi
1601 4569 1857 4625 hostium
1911 4573 2054 4627 resi-

2166 4563 2250 4618 ἐπὶ
2309 4563 2525 4641 φυλακῇ
2582 4573 2684 4635 τῆς
2740 4566 2912 4638 Έῴας
2959 4567 3049 4621 καὶ
3099 4568 3422 4623 ἀντιπτώσει
3478 4573 3582 4623 τῶν
3644 4568 3835 4626 ἐκεῖσε

394 4666 594 4728 steret,
620 4662 838 4731 quibus
862 4662 1103 4731 przeerat
1124 4664 1396 4714 versutus
1427 4664 1481 4713 et
1502 4658 1818 4715 bellicosus
1840 4661 1929 4715 vir
1955 4679 2051 4717 no-

394 4752 553 4807 mine
581 4749 977 4821 llapsinalius.
1005 4749 1225 4803 Idcirco
1260 4748 1572 4818 imperator
1594 4748 1727 4803 duci
1761 4749 1871 4820 ipsi
1904 4768 2049 4821 prae-

391 4839 793 4895 stantissimos
826 4853 1092 4908 quosque
1124 4837 1412 4891 exercitus
1448 4837 1678 4904 tribuit,
1710 4842 1765 4891 et
1796 4838 2050 4895 Francos

386 4930 571 5000 ipsos,
589 4927 859 4982 homines
882 4927 1036 4981 cmde
1060 4927 1381 4997 gaudentes
1406 4942 1471 4978 ac
1496 4924 2045 4984 bellicosos.Vcrum

387 5034 520 5072 cum
555 5018 674 5071 dux
714 5015 870 5069 haud
924 5016 1151 5069 fortiter
1199 5014 1374 5068 rebus
1407 5030 1550 5069 usus
1600 5020 1755 5070 esset
1784 5022 1945 5070 metu
1978 5034 2050 5073 ne

383 5107 715 5162 vinceretur
742 5106 889 5175 (erat
919 5103 1075 5158 enim
1124 5102 1628 5175 prudentissimus
1660 5108 1717 5158 et
1749 5109 1962 5161 cautus
1992 5111 2050 5163 et

378 5205 545 5261 valde
576 5221 787 5259 cavens
824 5202 1130 5272 futurum),
1168 5202 1284 5256 fere
1319 5200 1535 5272 duplex
1564 5201 1785 5256 bellum
1824 5203 2049 5261 invase'

378 5299 470 5349 rat
526 5294 943 5365 imperatorem
1002 5290 1221 5345 talibus
1268 5289 1451 5361 copiis
1503 5289 1817 5361 privatum.
1884 5292 2045 5365 Saepe

376 5383 535 5439 enim
570 5380 1023 5452 provocantibus
1054 5378 1327 5435 hostibus
1359 5384 1423 5433 ut
1453 5396 1483 5434 e
1514 5378 1787 5435 Melitene
1821 5381 2045 5453 egressi

379 5478 731 5547 pugnarent,
756 5470 908 5525 672
945 5468 1044 5523 ubi
1078 5484 1149 5523 ne
1182 5468 1439 5523 sensisse
1472 5468 1710 5539 quidem
1747 5469 1906 5541 ipsos
1940 5488 2045 5526 no.

379 5565 610 5628 verunt,
635 5560 735 5615 sed
762 5558 940 5630 quieti
965 5563 1023 5614 et
1049 5574 1258 5613 somno
1285 5557 1535 5627 deditos,
1561 5574 1661 5629 per
1682 5559 1931 5616 obscura
1960 5560 2043 5617 lo-

380 5668 449 5710 ca
476 5648 773 5726 progressi
817 5646 968 5705 clam
1011 5646 1384 5720 imperatoris
1415 5646 1733 5704 exercitum
1765 5648 2045 5708 audacter

2159 4652 2628 4729 προσεδρευόντων
2682 4655 2918 4730 ἐχθρῶν,
2969 4657 3042 4709 ὧν
3091 4658 3262 4732 ἦρχεν
3310 4657 3448 4731 ἀνὴρ
3496 4663 3835 4735 πανοῦργος

2158 4744 2248 4798 καὶ
2310 4746 2559 4819 μάχιμος
2619 4744 2848 4816 ἀνόματι
2907 4743 3247 4819 ’Λψινάλιος.
3308 4748 3406 4801 Διὰ
3452 4745 3613 4801 τοῦτο
3662 4749 3761 4803 καὶ
3799 4752 3831 4804 6

2164 4832 2416 4909 βασιλεὺς
2472 4832 2597 4896 τοὺς
2640 4832 2945 4909 κρείττονας
2991 4838 3088 4889 τοῦ
3138 4833 3340 4890 ο’ίκείου
3402 4840 3634 4910 στρατοῦ
3685 4859 3834 4894 του-

2157 4924 2261 4977 τωῖ
2308 4921 2679 4998 παραδέδωκε,
2720 4923 2808 4977 καὶ
2869 4924 3153 5000 Φράγγους
3200 4923 3415 4996 αὐτοὺς,
3471 4922 3675 4999 ἄνδρας
3726 4929 3833 4982 αἱ-

2162 5018 2428 5088 μοχαρεῖς
2482 5012 2570 5066 καὶ
2623 5010 2982 5085 πολεμικούς.
3045 5015 3137 5083 Μὴ
3194 5017 3544 5089 χρησαμένου
3604 5013 3667 5070 δὲ
3713 5021 3834 5071 τοῦ

2157 5101 2492 5177 προάγοντος
2543 5100 2851 5179 φιλοτίμως
2894 5107 3010 5163 τοῖς
3060 5102 3337 5177 πράγμασι
3390 5100 3493 5158 δέει
3534 5111 3640 5173 τῆς
3674 5105 3836 5161 ἄπο-

2155 5190 2351 5265 τυχίας
2383 5192 2468 5264 (ἧν
2502 5192 2604 5266 γὰρ
2654 5188 2920 5269 διαφέρων
2954 5194 3209 5269 φρονήσει
3257 5191 3345 5246 καὶ
3380 5188 3629 5255 εὐλαϐῶς
3663 5191 3835 5270 ἔχων

2156 5281 2277 5354 περὶ
2323 5284 2420 5335 τοῦ
2472 5279 2796 5355 μέλλοντος)
2845 5285 3043 5356 μικροῦ
3095 5277 3323 5342 διπλοῦς
3378 5282 3406 5336 6
3450 5279 3702 5355 πόλεμος
3736 5290 3838 5357 τῷ

2159 5368 2377 5444 βασιλεῖ
2424 5368 2715 5445 ἐπεγίνετο,
2767 5371 3166 5444 περισχομένῳ
3212 5369 3469 5441 τοιαύτης
3500 5368 3835 5445 δυνάμεως.

2154 5466 2431 5531 Πολλάκις
2484 5468 2585 5544 γὰρ
2642 5465 3109 5544 προκαλουμένων
3169 5472 3275 5523 τῶν
3336 5467 3551 5546 ἐχθρῶν
3616 5470 3835 5543 ἐξιέναι

2149 5556 2246 5614 τοῦ
2289 5562 2394 5613 τῶν
2436 5556 2755 5628 Μελιτηνῶν
2799 5558 3006 5629 ἄστεος,
3058 5558 3131 5621 ὡς
3176 5555 3314 5613 εἶδον
3368 5556 3497 5632 μηδ’
3547 5557 3835 5617 ἐπαισθα-

2150 5649 2396 5724 νομένων
2428 5646 2627 5717 αὐτῶν,
2662 5644 2788 5703 ἀλλ’
2817 5646 3173 5725 ἠρεμούντων
3223 5647 3312 5704 καὶ
3344 5650 3459 5706 οἷον
3494 5648 3834 5707 ὁπνωττόν-
