4040 6196
212 412 324 473 401

1756 412 2151 476 HISTORIA.

3526 423 3644 484 402

207 566 340 613 των,
378 542 674 599 διὰτόπων
732 542 957 616 ἀδήλων
1020 542 1336 621 βαδίσαντες
1395 546 1724 623 ἆσυμφανῶς
1780 544 1856 598 τοὶ

1990 547 2361 616 adoriuntur,
2381 552 2439 603 et
2460 549 2834 604 occurrentes
2859 546 3113 603 maxime
3135 549 3354 621 exiguas
3388 554 3538 622 parti
3569 556 3643 611 ad

214 632 507 708 βασιλικοῦ
556 634 950 708 κατατολμῶσι
1035 635 1463 711 στρατεύματος.
1526 635 1877 710 Ἐντυχόντες

212 722 264 777 δὲ
326 722 500 795 μοίρᾳ
553 724 661 777 τινὶ
718 722 1009 800 ἐλαχίστῃ,
1040 722 1110 778 δι’
1140 724 1342 801 ἀγορὰν
1394 722 1579 779 σιτίῶν
1634 724 1874 799 ἐξιούσῃ,

212 813 484 885 ὥρμησαν
543 814 659 867 κατ’
718 814 911 881 αὐτῆς.
974 815 1203 870 Ἐκεῖνοι
1277 810 1333 867 δὲ
1417 815 1490 886 μή
1555 814 1878 875 ὑποστάντες

208 898 415 975 ἔφυγον
478 902 896 975 ἀμεταστρεπτί.
931 904 1027 956 Καὶ
1085 905 1227 977 τάχα
1280 900 1338 956 ἂν
1400 902 1653 957 ἀπώλετο
1717 904 1878 977 μέρος

211 998 565 1065 στρατιωτῶν
628 992 729 1045 οὔκ
784 990 1075 1067 ἐλάχιστον
1136 989 1252 1046 οὐδ’
1302 991 1795 1068 εὐκαταφρόνητον,
1829 990 1877 1045 εἷ

212 1083 288 1152 μή
345 1080 524 1155 ταχὺς
560 1080 747 1143 αὐτοῖς
802 1078 1172 1151 ἐπεὸοήθησεν
1208 1082 1235 1134 6
1287 1080 1541 1156 βασιλεὺς
1579 1080 1872 1157 ἐπιφανεὶς.

205 1173 291 1225 καὶ
325 1178 428 1238 τῆς
482 1170 664 1225 αὐτῶν
725 1168 920 1248 ἐφόδου
969 1170 1223 1243 ἐξείλετο.
1254 1169 1325 1225 Ei’
1375 1191 1458 1231 τις
1519 1168 1695 1224 τοίνυν
1756 1175 1873 1232 τοῖς

207 1264 539 1333 στρατηγοῖς
574 1258 859 1334 ἐπιγράφει
916 1260 989 1321 ὡς
1039 1258 1233 1313 ἐπίπαν
1284 1259 1352 1314 τὰ
1407 1264 1513 1314 τῶν
1575 1254 1872 1325 ἐκϐάσεων,

204 1348 296 1402 εἶτ’
328 1348 418 1402 ἐπὶ
476 1350 539 1402 τὸ
598 1354 843 1424 κρεῖττον
904 1348 999 1402 εἶ’τ’
1032 1348 1116 1402 ἐπὶ
1176 1349 1237 1402 τὸ
1274 1354 1465 1423 χεῖρον
1528 1350 1870 1431 συνάγοιντο,

202 1437 261 1491 οὐ
309 1435 609 1512 διαμάρτοι
668 1442 765 1492 τοῦ
826 1437 991 1506 ὀρθοὖ
1046 1437 1136 1491 καὶ
1193 1442 1293 1501 τῆς
1342 1437 1583 1506 ἀληθοῦς
1645 1433 1874 1510 διαγνώ-

203 1545 355 1589 σεως’
389 1526 481 1579 καὶ
515 1523 703 1587 καλῶς
728 1531 843 1587 τοῖς
894 1525 1154 1586 παλαιοῖς
1205 1523 1695 1599 ἐγνωμολόγηται,
1736 1524 1865 1599 βέλ-

197 1636 312 1668 τιον
372 1614 571 1669 λέοντα
627 1612 819 1689 ἄρχειν
879 1612 1094 1691 ἐλάφων
1153 1613 1293 1688 ἤπερ
1349 1612 1585 1667 λεόντων
1638 1610 1866 1687 ἔλαφον·

202 1703 360 1758 Ἀλλ’
394 1705 423 1758 6
462 1705 558 1776 μἐν
606 1701 863 1779 βασιλεὺς
920 1703 1061 1758 οὕτω
1116 1700 1401 1766 διασωθεὶς
1447 1702 1534 1755 καὶ
1598 1698 1866 1762 διασώσας

201 1794 262 1848 τὸ
294 1790 665 1867 στρατόπεδον
692 1794 797 1864 πρὸ
828 1800 929 1861 τῆς
967 1797 1062 1847 τοῦ
1110 1790 1300 1849 Χαλεπ
1358 1792 1546 1866 χώρας
1596 1810 1863 1863 πανστρα-

1985 638 2236 692 emenda
2283 637 2501 692 cibaria
2532 654 2803 709 egressae.
2853 638 2913 691 in
2965 638 3155 709 ipsam
3206 639 3522 696 irruerunt.
3554 644 3638 699 Illi

1988 731 2179 782 autem
2212 744 2326 782 non
2359 727 2723 782 sustinentes
2776 727 3085 798 impetum,
3122 726 3202 781 ita
3250 728 3529 800 fugerunt
3576 737 3641 788 ut

1988 833 2289 887 nunquam
2322 832 2449 871 sese
2497 820 2920 871 converterent.
2966 815 3030 870 Et
3079 816 3325 872 fortasse
3375 819 3639 889 periisset

1988 905 2141 959 haud
2177 906 2490 959 mediocris
2519 905 2768 959 militum
2800 922 2933 975 pars
2968 921 3153 977 neque
3184 910 3633 976 contemnenda,

1987 993 2098 1048 nisi
2125 993 2389 1047 celeriter
2413 994 2558 1065 ipsis
2584 995 2920 1064 imperator,
2955 993 3053 1063 qui
3094 995 3426 1061 advenerat,
3471 998 3637 1052 tulis-

1986 1089 2075 1138 set
2113 1098 2280 1153 opem
2314 1088 2371 1136 et
2392 1082 2652 1137 hostium
2682 1084 2962 1153 impetum
2997 1082 3393 1153 repressisset.
3411 1085 3467 1139 Si
3499 1088 3633 1157 quis

1983 1171 2166 1243 igitur
2194 1171 2447 1226 ducibus
2499 1171 2740 1226 ascribit
2773 1187 2967 1225 rerum
3000 1172 3119 1226 sive
3169 1188 3482 1243 prosperos
3513 1176 3633 1231 sive

1984 1261 2255 1314 adversos
2287 1266 2550 1324 eventus,
2575 1261 2623 1314 is
2656 1260 2797 1314 mihi
2826 1266 2883 1314 et
2914 1265 3068 1315 recta
3097 1266 3154 1315 et
3183 1278 3315 1315 vera
3343 1264 3634 1319 sententia

1983 1366 2097 1403 non
2129 1348 2357 1403 videtur
2386 1351 2674 1417 aberrare,
2704 1353 2761 1404 et
2792 1354 2944 1404 recte
2975 1350 3044 1404 ab
3076 1349 3335 1421 antiquis
3368 1368 3627 1423 pronun-

1980 1438 2192 1492 tiatum
2225 1442 2312 1493 est
2363 1437 2573 1492 melius
2622 1438 2847 1493 leonem
2898 1438 3081 1493 cervis
3130 1439 3417 1511 imperare
3448 1458 3627 1512 quam

1978 1528 2248 1583 leonibus
2280 1545 2536 1583 cervum.
2568 1529 2678 1583 Sed
2711 1529 3029 1600 imperator
3059 1530 3139 1583 ita
3183 1535 3469 1597 servatus,
3502 1549 3623 1587 ser-

1977 1622 2103 1673 vato
2150 1634 2385 1687 quoque
2432 1618 2709 1685 exercitu,
2759 1619 2830 1672 ad
2882 1617 3097 1688 Chalep
3146 1620 3438 1689 regionem
3486 1638 3621 1677 cum

1976 1707 2135 1762 omni
2167 1706 2419 1762 exercitu
2454 1713 2647 1762 castra
2678 1707 2908 1778 posuit;
2944 1712 3000 1762 et
3022 1712 3335 1778 antequam
3369 1709 3440 1763 de
3470 1725 3619 1780 equo

1974 1796 2373 1865 descenderet,
2406 1800 2464 1850 et
2491 1796 2733 1867 Scythas
2771 1805 2823 1850 et
2847 1796 3242 1851 Romanorum
3284 1797 3437 1851 haud
3473 1813 3617 1867 pau-

199 1887 288 1951 τιᾷ
342 1884 742 1951 κατεσκήνωσε.
778 1884 889 1955 Πρὸ
942 1885 1038 1936 τοῦ
1089 1876 1387 1949 καταϐῆναι
1446 1878 1504 1934 δὲ
1559 1876 1855 1935 τοῦθίππου

1972 1902 2071 1940 cos
2120 1885 2443 1956 praedatum
2492 1901 2661 1955 agros
2710 1884 2893 1939 misit.
2926 1886 3087 1949 Quod
3147 1886 3366 1941 factum
3415 1891 3522 1952 est,
3557 1892 3615 1942 et

198 1971 327 2031 τούς
380 1992 440 2025 τε
500 1971 707 2031 Σκύθας
776 1972 866 2025 καὶ
944 1975 1051 2023 τῶν
1101 1970 1389 2043 Ῥωμαίων
1469 1968 1568 2023 οὐκ
1624 1966 1853 2042 ὀλίγους

201 2060 277 2121 εἷς
333 2062 625 2134 προνομήν
678 2066 778 2129 τῆς
838 2061 1027 2135 χώρας
1095 2058 1338 2136 ἀφίησιν.
1378 2061 1449 2115 "0
1499 2056 1565 2127 δὴ
1625 2057 1715 2112 καὶ
1761 2059 1851 2131 γὲ-

196 2170 343 2223 γονε,
374 2150 466 2203 καὶ
496 2147 653 2224 ἤχθη
684 2147 900 2217 πλῆθος
930 2146 1136 2223 ἀνδρῶν
1190 2168 1249 2202 τε
1304 2147 1392 2202 καὶ
1433 2151 1703 2222 γυναικῶν
1763 2148 1851 2201 καὶ

198 2240 348 2307 ζώων
402 2236 659 2295 πολλῶν.
723 2240 956 2294 Ἐκεῖθεν
1018 2235 1075 2292 δὲ
1134 2235 1224 2292 διὰ
1277 2240 1375 2305 τῆς
1424 2236 1696 2310 πολεμίας
1754 2235 1849 2291 ἰὼν

196 2333 440 2401 τριταῖος
486 2327 795 2401 ἀφικνεῖται
854 2326 1284 2401 εἷςἹεράπολιν.
1337 2330 1416 2397 [Ρ.
1441 2329 1567 2399 826]
1620 2327 1849 2395 Δόκησιν

200 2414 257 2470 δὶ
309 2416 600 2491 παρασχὸν
671 2414 1053 2479 ἐπιθεάσασθαι
1107 2416 1172 2469 τὸ
1231 2414 1399 2469 ἐκεῖσε
1466 2415 1848 2489 στρατιωτικὴ

195 2504 268 2559 είς
325 2512 524 2579 χεῖρας
579 2503 758 2569 ἐλθεῖν
818 2506 1102 2577 Ῥωμαίων
1164 2503 1263 2558 οὐκ
1313 2503 1628 2579 ἐθάρσησεν,
1685 2504 1851 2579 ἀκρο-

190 2589 486 2666 ϐολισμοῖς
550 2591 609 2647 δὲ
659 2615 767 2647 τισι
853 2593 943 2647 καὶ
1023 2590 1405 2667 προπηδήσεσι
1454 2593 1544 2646 τὸν
1606 2590 1849 2665 πόλεμον

192 2683 636 2756 άοωμοιώσαντο
693 2685 830 2755 (16),
884 2680 935 2735 οἵ
988 2704 1045 2736 τε
1094 2676 1324 2757 Ἄραϐες
1384 2679 1598 2751 δηλαδὴ
1658 2681 1746 2735 καὶ
1801 2683 1851 2734 οἱ

192 2775 430 2846 Τοῦρκοι
460 2772 555 2825 καὶ
586 2774 615 2826 6
644 2770 856 2826 τούτωο
902 2765 1129 2845 ἔξαρχος
1161 2771 1510 2845 Ἀμερτικής,
1574 2770 1650 2833 εἷς
1701 2770 1853 2844 γένος

198 2859 486 2935 βασιλικὸν
526 2859 577 2914 ἐν
630 2864 699 2933 τῇ
748 2858 968 2935 Περσίδι
1030 2860 1214 2915 ἑαυτὸν
1270 2860 1502 2933 ἀνάγων.
1554 2859 1851 2934 Κατασχὼν

207 2951 298 3021 μὶν
355 2950 457 3017 τήν
516 2947 817 3023 Ἰεράπολιν
868 2950 1091 3024 χώμασι
1148 2948 1237 3003 καὶ
1311 2948 1700 3023 τειχομαχίαις
1764 2949 1851 3002 καὶ

203 3043 619 3112 στρατιωτικαῖς
676 3036 1059 3109 ἐπεξελεύσεσι,
1117 3038 1180 3092 τὸ
1238 3037 1553 3092 ὲπείσακτοο
1614 3034 1669 3091 δὲ
1742 3038 1849 3092 τῶν

206 3132 611 3202 στρατιωτικῶν
692 3125 972 3199 δυνάμεων
1060 3126 1147 3181 ἐπὶ
1233 3127 1546 3204 συμφώνοις
1610 3126 1852 3201 γυμνοὺς

203 3217 290 3270 καὶ
324 3215 572 3279 ἀόπλους
602 3212 831 3292 διαιρείς,
868 3215 1192 3288 μεσάζοντος
1250 3215 1300 3269 ἐν
1358 3220 1487 3269 πᾶσι
1545 3220 1638 3269 τοῦ
1692 3216 1851 3290 μαγί-

200 3325 360 3378 στρου
416 3305 623 3377 ΙΙέτρου
676 3308 773 3358 τοῦ
804 3299 1179 3373 Λιϐελλισίου,
1219 3301 1412 3377 ἀνδρὸς
1441 3306 1540 3373 τήν
1572 3325 1630 3358 τε
1660 3308 1852 3359 Ἀσσυ-

197 3396 325 3468 ρίων
377 3396 471 3450 καὶ
530 3394 821 3465 Ἑλλήνων
882 3392 1129 3449 παιδείαν
1209 3394 1389 3468 ἄκρως
1463 3394 1852 3466 ἐξησκημένου,

196 3486 513 3558 θρέμματος
600 3484 688 3538 καὶ
766 3486 1101 3558 γεννήματος
1152 3479 1307 3545 ὄντος
1360 3491 1461 3553 τῆς
1520 3484 1857 3558 Ἀντιοχείας

194 3572 432 3640 πόλεως,
491 3573 582 3627 καὶ
638 3576 744 3627 τῶν
798 3572 866 3627 τὰ
916 3577 1107 3646 πρῶτα
1166 3569 1545 3647 διενεγκόντων
1602 3572 1740 3633 ἑνός.
1799 3573 1854 3625 Ὀ

196 3661 250 3717 δὲ
280 3664 501 3737 ἀμηρᾶς
557 3666 655 3716 τοῦ
712 3662 908 3716 Χάλεπ
954 3660 1080 3729 ἤτοι
1136 3660 1419 3736 Βερῥοίας,
1453 3660 1687 3736 συνάψας
1737 3667 1854 3723 τοῖς

192 3772 247 3805 τι
291 3753 496 3824 Ἄραψι
572 3750 665 3805 καὶ
720 3756 837 3811 τοῖς
897 3750 1167 3825 Τούρκοις
1227 3750 1315 3804 καὶ
1375 3747 1603 3823 δύναμιν
1662 3748 1854 3824 ἀνδραν

194 3841 621 3911 συστησάμενος,
682 3838 756 3900 εἷς
833 3844 1023 3913 χεῖρας
1095 3837 1273 3893 ἐλθεῖν
1352 3844 1430 3911 τῷ
1493 3838 1706 3914 βασιλεῖ
1764 3840 1855 3892 καὶ

197 3930 537 4003 μαχέσασθαι
564 3925 903 4000 διεσκέψατο.
937 3932 1040 3981 Τοῦ
1072 3924 1129 3981 δὲ
1185 3927 1455 4000 βασιλέως
1494 3924 1641 3982 ἔνδον
1700 3924 1851 3989 ὄντος

193 4025 289 4086 τῆς
347 4014 656 4080 ἐαλωκυίας
709 4016 944 4084 πόλεως,
997 4014 1491 4092 πυργομαχοῦντος
1545 4014 1601 4071 δὲ
1660 4012 1738 4070 ἔτι
1798 4016 1848 4071 ἐν

199 4106 344 4179 μέρει
401 4106 540 4160 κατά
595 4105 657 4159 τὸ
726 4104 1030 4159 ὑπόλοιπον
1084 4103 1339 4177 λείψανον
1398 4113 1497 4174 τῆς
1550 4126 1854 4180 πδργοκρα-

192 4196 352 4266 τείας,
402 4194 715 4267 *παρατάξεις
777 4190 875 4247 δύο
920 4191 1343 4269 διατειχίζουσαι
1398 4192 1526 4255 τοὺς
1585 4192 1853 4256 ἐναντίους

194 4284 267 4347 εἰς
324 4282 579 4357 φυλακήν
640 4281 1071 4356 κατετάχθησαν.
1104 4281 1228 4338 Εἰσὶ
1289 4279 1347 4335 δὲ
1399 4281 1525 4356 περὶ
1570 4282 1854 4356 τὴνἹερά-

195 4371 357 4427 πολιν
415 4370 705 4442 ἱππήλατα
758 4368 919 4425 πεδία
1000 4372 1248 4445 μέγιστα,
1307 4369 1358 4425 ἐν
1418 4373 1499 4431 οἷς
1555 4391 1692 4432 τινες
1743 4374 1850 4425 τῶν

194 4466 525 4533 Σαρακηνῶν
583 4458 905 4536 διεφάνησαν
962 4458 1349 4531 ἱππαζόμενοι,
1408 4457 1495 4513 καί
1544 4457 1689 4527 πλὴν
1747 4482 1850 4535 γη-

194 4551 383 4628 λόφων
450 4547 603 4604 οὐδέν
645 4549 755 4603 ἐστι
786 4550 848 4603 τὸ
884 4548 1311 4623 ὑπερανεστηκὸς
1371 4548 1446 4609 εἷς
1508 4543 1633 4623 ὅρος
1693 4549 1849 4622 μέγα.

1964 1973 2202 2029 adducti
2262 1978 2401 2027 sunt
2428 1973 2532 2027 viri
2570 1973 2739 2028 multi
2782 1979 2839 2029 et
2871 1974 3145 2029 mulieres
3189 1976 3491 2047 multaque
3518 1979 3614 2048 ju-

1962 2067 2182 2117 menta.
2214 2062 2350 2116 Inde
2382 2079 2483 2133 per
2513 2062 2784 2116 hostilem
2820 2067 3032 2117 terram
3067 2080 3410 2134 progressus
3446 2067 3613 2121 tertia

1962 2151 2055 2206 die
2083 2150 2412 2221 Hierapolin
2464 2151 2745 2222 pervenit,
2778 2167 3025 2221 cumque
3074 2153 3431 2210 ostendisset
3466 2155 3611 2211 velle

1963 2257 2025 2295 se
2056 2240 2291 2312 aggredi
2324 2240 2639 2295 exercitum
2672 2240 2772 2310 qui
2822 2239 2900 2295 ibi
2935 2242 3294 2308 morabatur,
3334 2260 3448 2298 non
3481 2246 3609 2301 ausi

1962 2329 2047 2384 illi
2080 2333 2218 2385 sunt
2247 2345 2379 2383 cum
2428 2329 2707 2383 Romanis
2758 2329 3052 2400 congredi,
3084 2331 3185 2385 sed
3219 2330 3444 2387 levibus
3482 2334 3613 2404 qui-

1963 2418 2211 2472 busdam
2236 2416 2449 2489 prmliis
2464 2422 2519 2472 et
2540 2416 2657 2471 irru
2670 2417 2970 2488 ptionibus
2986 2417 3139 2473 bellu
3152 2436 3201 2471 m
3232 2421 3615 2490 repudiarunt

1961 2512 2018 2562 et
2038 2508 2253 2561 Arabes
2273 2512 2329 2562 et
2351 2507 2521 2561 Turci
2545 2506 2926 2578 ipsorumque
2958 2508 3262 2578 praefectus
3293 2512 3614 2567 Amertices

1963 2598 2031 2651 ad
2054 2614 2238 2666 genus
2255 2596 2479 2667 regium
2516 2596 2820 2650 Persarum
2837 2595 3117 2667 originem
3138 2614 3304 2653 suam
3331 2600 3611 2657 referens.

1962 2686 2117 2740 673
2164 2685 2452 2739 Ubsidens
2501 2684 2681 2755 igitur
2728 2684 3061 2755 Hierapolin
3113 2688 3446 2758 aggeribus,
3496 2696 3555 2744 et
3584 2707 3613 2745 e

1963 2791 2129 2829 muro
2179 2775 2747 2845 propugnationibus
2794 2773 3096 2845 multaque
3141 2777 3467 2847 eruptione,
3511 2780 3614 2832 ad-

1963 2864 2233 2919 ventitias
2261 2864 2548 2918 exercitus
2579 2863 2775 2934 copias
2810 2864 2995 2917 nudas
3028 2868 3205 2935 atque
3252 2865 3506 2922 inermes
3524 2868 3611 2922 di-

1966 2952 2125 3007 misit
2154 2954 2223 3006 ad
2258 2952 2445 3005 fmdus
2498 2952 2964 3023 percutiendum,
3019 2954 3425 3025 interponente
3454 2973 3516 3011 se
3548 2956 3607 3012 in

1963 3042 2238 3096 omnibus
2272 3040 2551 3112 magistro
2572 3044 2740 3095 Petro
2765 3040 3204 3107 Libellisio,viro
3234 3044 3602 3116 Assyriorum

1963 3135 2020 3186 et
2049 3131 2374 3184 Graecorum
2410 3130 2685 3183 doctrinm
2717 3130 3096 3200 peritissimo,
3128 3132 3379 3187 civitatis
3414 3135 3611 3190 Antio-

1964 3220 2106 3273 chia
2160 3218 2399 3273 alumno
2443 3223 2497 3272 et
2544 3218 2681 3285 filio,
2717 3223 2775 3273 et
2822 3219 2973 3273 inter
3019 3237 3158 3275 suos
3212 3222 3607 3294 principatum

1966 3310 2287 3364 obtinente.
2343 3312 2583 3362 Ameras
2633 3324 2765 3362 vero
2816 3308 3048 3378 Chalep,
3098 3311 3151 3364 id
3195 3315 3301 3373 est,
3351 3312 3607 3377 Berrmae,

1966 3415 2098 3452 cum
2134 3396 2419 3452 Arabibus
2466 3396 2791 3467 Turcisque
2823 3398 3193 3465 conjunctus,
3230 3416 3437 3454 manus
3477 3417 3607 3455 cum

1965 3487 2317 3556 imperatore
2348 3501 2649 3539 conserere
2672 3502 2739 3540 ac
2790 3485 3068 3540 dimicare
3091 3488 3297 3540 statuit
3322 3505 3335 3553 ;
3359 3504 3615 3559 cumque

1965 3576 2121 3629 intra
2153 3575 2353 3629 urbem
2389 3578 2619 3645 captam
2655 3578 2811 3629 esset
2842 3573 3174 3644 imperator,
3207 3580 3263 3631 et
3292 3576 3484 3631 adhuc
3514 3595 3617 3648 pro

1966 3664 2191 3734 reliqua
2222 3664 2403 3718 turris
2441 3669 2605 3734 parte
2635 3664 3025 3734 expugnanda
3051 3664 3380 3732 dimicaret,
3411 3667 3615 3721 adver-

1963 3770 2066 3807 sus
2096 3754 2393 3806 instructis
2446 3752 2595 3806 binas
2626 3754 2801 3814 acies,
2846 3769 2974 3823 quae
3025 3760 3359 3808 coercerent
3405 3756 3611 3809 adver-

1962 3842 2169 3905 sarios,
2203 3842 2271 3895 ad
2324 3842 2648 3895 custodiam
2701 3841 2998 3912 disposita
3050 3848 3208 3896 sunt.
3241 3843 3390 3898 Sunt
3419 3849 3613 3900 autem

1960 3930 2183 3985 circum
2245 3929 2576 4000 Hierapolim
2640 3929 2916 4000 planities
2977 3931 3264 3998 maxime,
3325 3949 3610 4003 equorum

1962 4018 2159 4074 cursui
2217 4018 2459 4086 idoneae,
2518 4018 2576 4071 in
2639 4018 2855 4088 quibus
2913 4026 3313 4089 apparuerunt
3372 4023 3609 4092 quidam

1960 4106 2227 4161 Saraceni
2279 4106 2709 4176 adequitantes,
2741 4111 2799 4160 et
2848 4110 3055 4177 prater
3103 4108 3281 4163 colles
3334 4110 3477 4164 nihil
3527 4118 3617 4167 est

1963 4197 2113 4267 quod
2150 4196 2220 4249 ad
2258 4196 2474 4248 montis
2507 4193 2880 4247 altitudinem
2931 4202 3225 4266 assurgat.
3270 4198 3370 4252 Est
3416 4205 3609 4255 autem

1961 4285 2125 4340 locus
2157 4288 2448 4338 aestuosus
2471 4286 2528 4337 et
2557 4298 2711 4353 aqua
2742 4282 2938 4353 tepida
2968 4283 3099 4338 aeris
3132 4284 3613 4343 inﬂammationis

1962 4378 2019 4427 et
2065 4377 2246 4427 reatus
2296 4372 2607 4441 particeps.
2660 4370 2868 4425 Hostes
2920 4376 3139 4438 autem,
3173 4373 3270 4443 qui
3329 4375 3612 4445 paulatim

1962 4459 2302 4516 constitutis
2326 4459 2563 4513 aciebus
2586 4459 3158 4529 appropinquabant,
3182 4479 3389 4518 rursus
3430 4482 3619 4521 reces-

1962 4554 2169 4604 serunt
2204 4565 2215 4603 :
2255 4565 2388 4601 nam
2442 4547 2837 4601 Machmutius
2886 4564 3116 4603 ameras
3148 4552 3347 4605 aberat
3380 4552 3612 4608 .Verum

194 4637 495 4708 Καυσώδης
552 4636 609 4694 ὂὶ
642 4640 670 4693 6
698 4638 885 4709 τόπος,
919 4638 1009 4691 καὶ
1071 4637 1131 4691 τὸ
1189 4634 1333 4710 ὕδωρ
1393 4635 1651 4712 χλιαρὸν,
1689 4658 1850 4709 μετα-

1967 4638 2181 4692 levihus
2232 4636 2585 4706 quibusdam
2638 4634 2854 4704 praeliis
2907 4643 3223 4707 coegerunt
3270 4638 3499 4710 aliquos
3546 4659 3614 4697 cx

195 4724 479 4799 λαμόάιον
508 4734 610 4795 τῆς
636 4727 733 4780 τοῦ
767 4726 924 4799 ἀέρος
954 4723 1270 4799 φλεγμονῆς
1324 4746 1382 4778 τε
1438 4725 1526 4778 καὶ
1588 4724 1846 4786 καύσεως.

192 4820 259 4873 Oi
290 4816 347 4872 δὶ
372 4816 639 4890 πολέμιοι
689 4816 827 4870 κατὰ
900 4816 1093 4891 μικρὸν
1154 4821 1271 4877 ταῖς
1330 4816 1645 4886 ἱσταμέναις
1704 4814 1849 4883 πλη-

194 4906 471 4974 σιάζοντες
530 4905 887 4981 παρατάξεσιν
945 4905 1098 4967 αὖθις
1174 4904 1598 4979 ἀνθυπέστρεφον
1634 4923 1645 4935 ·
1708 4904 1848 4973 ἀπῆν

191 4996 295 5070 γὰρ
345 4992 428 5049 ἔτι
483 4995 511 5049 6
566 4995 785 5069 ἀμηρᾶς
836 4992 1225 5069 Μαχμοῦτιος.
1260 4988 1733 5068 Ἀκροϐολισμοὺς
1795 4990 1853 5047 δὲ

189 5085 557 5157 ποιησάμενοι
639 5080 938 5156 παρελάσαι
1026 5080 1119 5154 μίν
1197 5103 1346 5145 τινας
1404 5086 1512 5136 τῶν
1562 5083 1848 5154 Ῥωμαίων

188 5174 623 5249 κατηνάγκασαν,
657 5173 748 5226 καί
802 5169 884 5233 δὶς
943 5176 1103 5226 τοῦτο
1164 5172 1250 5225 καὶ
1300 5170 1418 5244 τρὶς
1467 5173 1848 5240 πεποιήκασιν.

190 5265 277 5317 Ἐν
308 5260 465 5331 stipa;
495 5258 553 5315 δὲ
603 5254 866 5332 συμϐολῇ
908 5257 1085 5313 οὐκέτι
1142 5258 1267 5319 τοὺς
1296 5258 1598 5330 Ῥωμαίους
1658 5258 1849 5332 μικρὸν

193 5349 484 5423 ἐπεδίωξαν
542 5350 633 5403 καὶ
691 5345 942 5419 ἔστησαν,
1001 5346 1146 5402 ἀλλὰ
1204 5346 1599 5421 παρελάσαντες
1654 5348 1851 5409 αὐτοὺς

190 5446 270 5514 τῷ
328 5439 562 5513 τάγματι
610 5442 721 5491 τῶν
780 5436 1167 5511 στρατηλατῶν
1220 5436 1295 5500 είς
1351 5442 1542 5512 χεῖρας
1603 5436 1854 5512 συνερῥά-

1962 4725 2241 4783 Romanis
2272 4726 2495 4789 cedere,
2532 4724 2684 4794 quod
2721 4722 2808 4778 his
2856 4728 3061 4794 terque
3093 4727 3164 4781 ab
3213 4727 3361 4797 ipsis
3392 4729 3609 4786 factum

1960 4822 2065 4872 est.
2106 4815 2296 4869 Altero
2328 4830 2460 4867 vero
2510 4829 2824 4882 congressu
2862 4830 2973 4866 non
3027 4814 3283 4885 amplius
3316 4817 3609 4875 Romanos

1961 4921 2165 4976 parum
2193 4908 2333 4959 sunt
2361 4902 2645 4974 persecuti
2673 4906 2775 4955 aut
2796 4901 3003 4956 sistere
3048 4902 3330 4972 fecerunt,
3364 4908 3463 4961 sed
3498 4910 3606 4963 im-

1960 4994 2259 5065 pressione
2294 4992 2445 5046 facta
2475 4991 2531 5044 in
2570 4991 2853 5062 legionem
2908 4990 3125 5046 ducum
3161 5010 3369 5048 manus
3401 5012 3607 5053 conse-

1962 5085 2224 5145 ruerunt,
2286 5086 2341 5134 et
2400 5078 2735 5134 scholarum
2805 5079 3089 5145 legionem
3168 5087 3609 5156 prmtereuntes,

1963 5170 2163 5226 multis
2185 5169 2414 5235 occisis,
2450 5167 2701 5237 reliquos
2726 5169 2975 5238 turpiter
3006 5170 3205 5242 fugere
3226 5174 3381 5229 674
3412 5191 3611 5243 coege-

1962 5264 2121 5325 runt,
2173 5275 2205 5311 a
2262 5258 2460 5311 dextro
2515 5257 2643 5327 ipso
2700 5256 3035 5311 scholarum
3096 5262 3330 5331 agmine
3388 5263 3611 5338 relicto,

1962 5349 2113 5421 quod
2149 5348 2373 5403 cladem
2426 5348 2824 5402 Romanorum
2874 5348 3077 5403 videns
3128 5367 3499 5424 nequaquam
3541 5358 3612 5413 de

1964 5444 2121 5494 statu
2156 5454 2261 5491 suo
2295 5436 2555 5504 recessit,
2598 5436 2710 5490 imo
2752 5436 2920 5507 quasi
2946 5437 3090 5492 nihil
3115 5440 3241 5493 novi
3277 5443 3604 5514 accidisset,

1514 5554 1761 5610 JACOBI
1801 5554 2016 5610 GOARI
2056 5554 2286 5609 NOTE.

264 5652 378 5723 (16)
414 5653 665 5710 Levibus
714 5652 925 5724 prazliis
974 5651 1191 5708 bellum
1239 5660 1727 5723 repraesentarunt.
1780 5652 1882 5709 Vel
1932 5652 2322 5725 ἀφωσιῳσαντο
2372 5652 2759 5707 delibavcrunt
2805 5656 3019 5705 tantum
3067 5661 3117 5707 et
3164 5657 3435 5725 auspicali
3477 5658 3595 5723 fue-

194 5730 347 5778 runt.
