4040 6196
419 373 539 432 403

1747 361 2077 424 JOANNIS
2123 360 2527 423 SCYLITZxE

3720 352 3845 412 404

424 504 506 558 ita
536 502 851 557 immotum
881 501 1096 569 stabat,
1137 499 1299 571 quasi
1332 500 1627 553 vereretur
1656 511 1728 550 ne
1760 493 1881 549 illis
1921 498 2074 549 stare

2190 513 2380 567 γησαν,
2412 492 2500 547 καὶ
2559 489 2919 564 παρελθόντες
2957 488 3019 542 τὸ
3052 490 3158 541 τῶν
3220 482 3442 560 σχολῶν
3495 483 3673 560 τάγμα
3730 486 3847 558 (17)

419 591 982 665 deprehenderetur,
1010 594 1067 643 et
1098 590 1261 643 daret
1291 602 1526 657 operam
1564 591 1628 639 ut
1657 582 1899 639 omnino
1928 582 2077 638 late-

421 686 527 738 ret.
560 681 669 736 Sed
720 680 918 735 hostes
965 678 1181 733 reversi
1234 677 1351 731 cito
1381 676 1489 730 hos
1541 690 1776 747 quoque
1823 672 2078 728 debella-

422 775 581 838 runt,
612 775 669 826 et
698 769 902 824 multis
932 765 1279 831 interfectis,
1313 763 1557 834 reliquis
1588 763 1648 817 in
1698 762 1910 819 castris
1940 778 2078 817 con-

422 860 627 928 clusis,
661 864 717 914 et
747 859 917 929 signa
949 856 1066 911 illis
1099 854 1379 909 militaria
1408 854 1775 916 ademerunt,
1809 857 1866 906 et
1897 851 2077 922 pluri-

424 965 654 1006 morum
681 947 935 1003 militum
959 944 1223 1000 abscissa
1241 944 1433 1013 capita
1453 943 1741 998 miserunt
1761 939 2081 1012 Chalepitis

422 1035 837 1095 ostentationis
887 1051 1085 1089 causa.
1122 1037 1185 1087 Et
1216 1031 1362 1087 illud
1415 1032 1669 1086 maxima
1720 1030 1960 1102 dignum
1995 1034 2085 1085 est

421 1124 830 1191 admiratione,
868 1123 1023 1195 quod
1074 1122 1181 1176 hac
1233 1126 1534 1192 acceptae
1590 1118 1868 1174 Romanis
1917 1118 2083 1175 clade

420 1214 620 1270 nullus
644 1212 797 1268 alius
825 1210 1166 1283 manipulus
1201 1215 1302 1265 aut
1343 1210 1651 1281 praefectus
1692 1210 1762 1263 ad
1797 1206 2080 1279 repellen-

419 1303 739 1359 doshostes
768 1301 986 1355 fuerint
1020 1298 1284 1371 impulsi.
1319 1298 1534 1353 Verum
1556 1314 1762 1353 omnes
1786 1297 2079 1362 sedentes,

419 1392 588 1464 quasi
643 1391 703 1446 in
755 1390 942 1447 amica
991 1389 1225 1461 regione
1278 1391 1805 1453 commorerentur,
1839 1385 2082 1457 privatis

419 1482 750 1538 commodis
790 1479 1153 1544 studebant;
1214 1476 1491 1547 nullaque
1550 1476 1813 1547 ipsorum
1866 1473 2084 1529 animis

421 1575 525 1625 aut
573 1568 909 1625 sollicitudo
963 1571 1063 1621 aut
1113 1567 1386 1621 alacritas
1437 1582 1679 1636 prorsus
1722 1566 1929 1619 inerat.
1973 1564 2081 1618 Sed

422 1660 742 1731 imperator
771 1656 870 1728 qui
903 1656 961 1710 in
1006 1656 1147 1709 urbe
1178 1654 1537 1723 erat,audito
1571 1670 1708 1708 casu
1744 1653 1920 1719 ,haud
1955 1668 2084 1706 me-

424 1748 609 1804 diocri
636 1746 833 1803 dolore
857 1746 1097 1801 affectus
1120 1749 1227 1812 est,
1264 1744 1585 1815 statimque
1608 1760 1740 1798 cum
1773 1742 2081 1815 Cappado-

424 1838 595 1894 cibus
647 1852 796 1907 quos
828 1850 1029 1890 secum
1081 1833 1333 1888 habebat
1376 1848 1645 1887 reversus
1698 1832 2079 1887 offensionem

2187 580 2437 642 πολλοὺς
2475 582 2569 653 μὶν
2604 578 2843 650 ἀνεῖλον,
2874 576 3001 639 τοὺς
3033 573 3090 630 δε
3120 572 3347 635 λοιποὺς
3374 579 3555 651 φυγεῖν
3589 573 3839 649 αἰσχρῶς

2187 671 2611 744 κατηνάγκασαν,
2645 668 2695 723 ἐν
2731 665 2875 741 δεξιᾷ
2902 664 3288 725 καταλιπόντες
3339 663 3401 717 τὸ
3446 667 3551 717 τῶν
3606 662 3835 738 σχολῶν

2190 759 2489 834 σύνταγμα.
2548 760 2719 833 ’Ὁπερ
2784 757 2883 825 τὴν
2966 759 3072 809 τῶν
3134 752 3421 826 Ῥωμαίων
3478 755 3637 821 ἧτταν
3690 754 3835 828 ὁρῶν

2190 845 2303 902 οὐδ’
2336 845 2479 910 ὅλως
2514 849 2838 920 μετεκινήθη
2886 851 2987 913 τῆς
3033 842 3289 910 στάσεως,
3322 839 3447 895 ἀλλ’
3474 841 3545 903 ὡς
3602 839 3839 914 μηδενὸς

2188 950 2378 1000 καινοῦ
2406 947 2696 1021 γεγονότος
2727 946 2991 1019 ἀτρεμοῦν
3045 940 3255 1009 ’ίστατο,
3284 940 3359 1003 ὡς
3415 938 3473 992 ἃν
3539 939 3584 993 εί
3632 936 3841 993 ἐδεδοί-

2190 1056 2269 1089 κει
2334 1036 2409 1107 μὴ
2459 1034 2735 1111 φωραθείη
2787 1031 2959 1087 ἐκεῖσε
3016 1030 3323 1103 ἱστάμενον,
3380 1028 3469 1083 καὶ
3510 1028 3667 1083 ¹ιιαντί
3710 1030 3843 1103 τρό-

2190 1145 2277 1196 πῳ
2310 1122 2494 1187 λαθεῖν
2558 1123 2984 1197 μηχανώμενον.
3015 1120 3470 1193 ’Υποστρέψαντες
3532 1115 3587 1172 δὲ
3635 1119 3687 1173 οἱ
3739 1139 3843 1172 πο-

2194 1211 2379 1285 λέμιοι
2429 1212 2571 1287 ταχὺ
2623 1212 2714 1266 καὶ
2770 1215 2931 1265 τοῦτο
3007 1207 3462 1284 κατηγωνίσαντο,
3512 1206 3848 1281 ἀνῃρηκότες

2199 1303 2291 1375 μὲν
2324 1300 2594 1374 πολλοὺς,
2623 1300 2753 1362 τοὺς
2805 1298 2861 1355 δὲ
2919 1298 3148 1360 λοιποὺς
3200 1296 3274 1359 εἷς
3320 1299 3421 1365 τὴν
3479 1291 3843 1370 παρεμϐολὴν

2193 1387 2657 1460 κατακλείσαντες,
2699 1388 2785 1444 καὶ
2833 1388 2900 1444 τὰ
2958 1392 3160 1461 σημεῖα
3213 1386 3418 1441 τούτων
3469 1390 3848 1459 στρατηγικῶς

2192 1488 2542 1567 ἀφελόμενοι.
2578 1486 2831 1550 Πολλοὺς
2894 1485 2952 1541 δὶ
3004 1486 3096 1541 καὶ
3149 1489 3258 1540 τῶν
3314 1488 3655 1559 στρατιωτῶν
3706 1503 3847 1558 τρα-

2190 1577 2681 1653 χηλοκοπήσαντες
2740 1578 2815 1639 εἷς
2876 1574 3132 1651 ἔνδειγμα
3185 1579 3302 1637 τοῖς
3354 1571 3689 1634 Χαλεπίταις
3732 1572 3845 1627 ἀπ-

2190 1666 2456 1723 έστειλαν.
2490 1668 2791 1740 Θαυμάζειν
2826 1663 2883 1720 δὲ
2936 1664 3082 1735 ἄξιον
3130 1664 3196 1733 ἦν
3258 1663 3341 1717 ὅτι
3393 1667 3702 1737 καταφορᾶς
3751 1661 3844 1717 καὶ

2190 1756 2360 1827 ἥττης
2408 1757 2770 1833 γεγενημένης
2828 1756 3144 1828 Ῥωμαϊκῆς
3203 1754 3287 1825 [Ρ.
3318 1754 3444 1825 827]
3494 1748 3670 1813 οὐδεὶς
3732 1755 3843 1805 τῶν

2194 1845 2405 1903 λοιπῶν
2437 1845 2623 1922 λόχων
2656 1866 2714 1900 τε
2743 1846 2830 1900 καὶ
2884 1842 3147 1919 λοχαγῶν
3205 1842 3281 1903 εἷς
3338 1840 3539 1913 ἄμυναν
3595 1838 3849 1915 διηρέθι-

421 1929 718 1993 acceptam
750 1923 1027 1977 resarcire
1077 1922 1419 1985 conabatur,
1454 1920 1554 1974 illa
1590 1920 1884 1990 siquidem
1914 1926 2074 1975 nocte

2192 1954 2308 2005 στο,
2342 1931 2487 1988 ἀλλά
2514 1920 2708 1994 πάντες
2742 1928 2895 1986 ἔνδον
2928 1932 3254 2003 καθήμενοι,
3289 1929 3362 1991 ὡς
3397 1926 3485 1983 διὰ
3514 1926 3701 2006 φιλίας
3741 1932 3847 2004 γῆς

423 2029 626 2069 omnes
657 2012 728 2066 de
761 2026 863 2083 spe
895 2012 1046 2066 bona
1078 2009 1436 2073 desiderant,
1458 2010 1613 2080 quod
1648 2009 1823 2064 etiam
1859 2010 2082 2080 pedita-

422 2110 517 2160 tus
549 2100 864 2156 Armenius
896 2100 968 2155 ad
1000 2098 1217 2154 vallum
1254 2103 1606 2170 pernoctans
1659 2098 1727 2153 de
1764 2097 2082 2153 rebellione

423 2191 717 2264 cogitavit.
770 2191 1161 2261 Nondumque
1220 2189 1345 2244 dies
1395 2190 1730 2257 advenerat,
1783 2192 1840 2243 et
1888 2190 2083 2243 hostes

419 2281 640 2335 vallum
669 2280 915 2334 cinxere.
949 2278 1165 2348 Chalep
1193 2278 1349 2333 enim
1376 2278 1646 2348 princeps
1678 2277 1908 2348 cognito
1940 2293 2080 2331 casu

420 2386 553 2425 cum
579 2368 856 2424 omnibus
892 2367 1016 2422 suis
1038 2365 1225 2438 cepiis
1252 2366 1520 2433 accessit,
1556 2372 1619 2420 ut
1646 2365 1801 2420 illico
1827 2365 2080 2437 impera-

420 2463 608 2514 torem
637 2461 940 2529 capturus.
977 2456 1299 2526 Imperator
1331 2459 1523 2509 autem
1552 2454 1706 2509 intra
1736 2454 2080 2508 tabernacu-

422 2547 548 2604 lum
579 2562 647 2602 ea
694 2546 910 2617 quibus
958 2545 1030 2599 ad
1078 2544 1295 2599 bellum
1346 2560 1495 2615 opus
1542 2544 1688 2598 foret
1740 2544 2081 2600 describens

424 2636 599 2692 tertia
647 2635 879 2691 circiter
934 2634 1079 2688 hora
1128 2635 1313 2687 noctis
1345 2648 1478 2686 cum
1523 2632 1783 2687 conferto
1816 2632 2080 2703 equitatu

424 2724 636 2796 erupit.
674 2724 970 2796 Agebatur
1003 2727 1142 2777 tunc
1190 2722 1467 2775 vicesima
1498 2722 1645 2777 675
1682 2722 1809 2775 dies
1840 2726 2083 2776 Novem-

424 2814 549 2869 bris
601 2813 846 2882 mensis,
882 2810 1202 2867 indictione
1242 2810 1513 2881 septima,
1565 2809 1947 2865 buccinarum
1979 2813 2082 2865 aut

422 2904 699 2961 tubarum
748 2901 909 2957 nullo
960 2901 1114 2956 edito
1166 2906 1363 2971 aperto
1415 2902 1606 2971 signo.
1641 2901 1857 2955 Verum
1907 2899 2079 2955 elatis

420 2993 671 3059 vexillis,
697 2998 753 3048 et
805 2992 1128 3064 composito
1179 2992 1527 3061 procedente
1572 2992 1847 3058 exercitu,
1880 2990 2081 3046 hostes

421 3081 481 3136 in
540 3098 718 3136 unam
779 3085 1001 3152 partem
1063 3080 1187 3151 cogi
1249 3085 1567 3151 cmperunt,
1612 3096 1725 3150 quo
1787 3080 2081 3135 Romanos

422 3169 752 3241 equitantes
801 3169 1087 3235 viderent,
1140 3174 1194 3223 et
1243 3175 1531 3223 certamen
1583 3184 1649 3222 ac
1699 3168 1779 3223 rei
1839 3174 2078 3223 eventus

424 3259 859 3329 quodammodo
882 3258 1214 3328 animojam
1238 3263 1556 3329 conceptus
1592 3262 1752 3312 erat:
1784 3275 1919 3312 nam
1943 3274 2075 3313 cum

422 3346 465 3401 ii
497 3347 596 3419 qui
628 3348 685 3401 in
715 3348 901 3402 fronte
928 3352 1093 3402 erant
1115 3346 1431 3401 clamorem
1456 3346 1857 3414 sustulissent,
1882 3345 2077 3415 plures

425 3437 791 3493 adversarios
848 3436 1097 3493 Romani
1157 3434 1523 3491 debellarunt
1592 3440 1648 3489 et
1718 3435 2075 3504 occiderunt,

428 3544 681 3599 cumque
704 3526 931 3597 reliqua
954 3542 1188 3596 quoque
1211 3524 1523 3579 multitudo
1556 3524 1844 3595 irruisset,
1868 3524 2077 3595 ingens

426 3616 690 3686 ipsorum
744 3614 877 3684 fuga
909 3614 1056 3666 facta
1104 3618 1212 3667 est.
1249 3613 1317 3666 Et
1367 3612 1463 3682 qui
1497 3629 1530 3665 a
1561 3617 1722 3683 tergo
1770 3628 1869 3667 eos
1921 3613 2075 3668 iuse-

421 3704 775 3774 quebantur,
804 3701 1005 3755 multis
1062 3701 1269 3755 occisis
1302 3700 1456 3754 haud
1492 3716 1633 3754 sane
1668 3716 1884 3770 paucos
1914 3701 2075 3756 vivos

418 3807 640 3863 cepere.
675 3794 893 3844 Verum
924 3806 1056 3843 cum
1091 3788 1343 3843 multum
1386 3787 1543 3842 haud
1593 3790 1881 3859 persecuti
1929 3790 2071 3846 fuis-

416 3882 567 3945 sent,
602 3878 823 3950 ingenti
872 3894 937 3931 ac
987 3893 1267 3948 prospero
1302 3893 1494 3931 rerum
1529 3892 1805 3932 successu
1840 3878 2070 3933 defrau-

414 3967 536 4022 dati
594 3972 735 4023 sunt
792 3965 1062 4032 Romani,
1130 3964 1639 4036 pulcherrimaque
1706 3966 1947 4021 victoria
2017 3972 2074 4023 et

415 4056 673 4111 maxima
719 4054 906 4126 gloria
956 4054 1161 4125 privati
1200 4071 1213 4108 :
1248 4070 1381 4108 cum
1429 4054 1585 4108 enim
1646 4055 1876 4109 Arabici
1934 4055 2072 4126 equi

413 4144 677 4201 celeriter
726 4148 1027 4197 currentes
1059 4142 1214 4196 haud
1252 4147 1491 4211 possent
1524 4145 1674 4197 bono
1714 4143 1910 4197 animo
1943 4159 2072 4197 esse

416 4240 516 4289 aut
563 4250 801 4288 cursum
852 4232 1123 4297 tolerare,
1167 4230 1482 4286 noluerunt
1531 4232 1778 4286 Romani
1833 4231 2068 4288 illorum

415 4322 884 4379 imbecillitatem
919 4336 1091 4374 suum
1125 4320 1424 4391 proprium
1478 4321 1656 4376 robur
1686 4321 1933 4389 efﬁcere,
1967 4322 2067 4376 sed

410 4409 782 4481 imperatoris
808 4411 982 4480 jussu
1018 4409 1259 4463 retentis
1291 4409 1472 4463 frenis
1521 4409 1921 4479 imperfectam
1955 4410 2068 4465 sibi

413 4498 718 4555 victoriam
794 4503 1232 4569 compararunt,
1292 4500 1547 4554 contenti
1618 4499 1742 4555 sola
1804 4499 2065 4555 hostium

2109 3233 2151 3301 C

409 4588 571 4660 fuga,
624 4604 899 4659 magnam
954 4587 1289 4643 felicitatem
1343 4592 1652 4658 reputante
1692 4588 2063 4660 imperatore,
2100 4589 2141 4650 ll

411 4677 567 4749 quod
618 4680 758 4731 tunc
819 4674 1084 4730 imbelles
1128 4675 1563 4731 convaluissent
1600 4681 1656 4731 et
1709 4676 1943 4744 mortui,
1998 4680 2062 4731 ut

410 4766 493 4820 ita
540 4765 809 4832 dixerim,
844 4764 1207 4819 revixissent.
1254 4768 1577 4834 Imperator
1624 4770 1816 4820 autem
1850 4765 1907 4818 in
1943 4764 2063 4819 val-

411 4855 531 4908 lum
564 4868 852 4923 reversus,
887 4857 1021 4924 post
1073 4852 1349 4926 expulsos
1381 4854 1599 4919 hostes,
1636 4853 1840 4907 statuit
1870 4869 2060 4908 arcem

412 4941 738 5013 Hierapolis
769 4943 1245 4997 construendam.
1280 4943 1552 4997 Praefecto
1592 4941 1771 5013 igitur
1813 4942 2061 4997 Phares-

412 5045 583 5085 mane
640 5029 739 5085 illo
798 5030 965 5085 Beste
1019 5032 1285 5101 Apocape
1316 5031 1469 5084 676
1515 5047 1583 5085 ex
1642 5029 1817 5084 lberis
1874 5046 2061 5100 genus

409 5119 680 5185 ducente,
718 5120 978 5188 spatium
1028 5117 1189 5171 dedit
1239 5115 1507 5170 hostibus
1537 5120 1595 5170 et
1637 5115 1837 5170 damni
1870 5132 2058 5170 resar-

407 5206 595 5262 ciendi
631 5211 687 5261 et
734 5205 988 5261 victoriae
1039 5206 1109 5258 de
1158 5204 1507 5258 adversariis
1556 5205 1939 5273 reportandae.
1992 5205 2061 5259 Et

407 5298 599 5369 quoad
651 5302 1049 5353 Romanorum
1099 5292 1389 5349 exercitus
1436 5293 1764 5349 instructus
1824 5294 1903 5348 ibi
1960 5310 2057 5351 os-

2193 2021 2639 2095 ἐνσκηνούμενοι,
2700 2018 3033 2095 ἷδιοτροπεῖν
3084 2015 3440 2087 ἐσπούδαζον,
3496 2017 3588 2071 καὶ
3631 2016 3848 2087 κίνησις

2191 2116 2375 2187 ψυχῆς
2408 2111 2496 2166 καὶ
2522 2110 2800 2184 προθυμία
2830 2111 2916 2165 καὶ
2952 2108 3157 2185 ἀγωνία
3211 2106 3426 2169 τούτοις
3475 2105 3537 2161 τὸ
3592 2107 3851 2181 παράπαν

2192 2198 2421 2272 οὒδεμία
2449 2202 2539 2269 ἦν.
2573 2196 2731 2255 Ἀλλ’
2757 2200 2785 2254 ὁ
2822 2196 3076 2273 βασιλεὺς
3125 2192 3274 2251 ἔνδον
3332 2193 3402 2251 ὢν
3452 2199 3551 2261 τῆς
3602 2192 3847 2263 πόλεως,

2188 2302 2350 2353 τοῦτο
2382 2299 2685 2370 πυθόμενος
2717 2295 2910 2365 ἠνιάθη
2963 2295 3055 2367 μὲν
3118 2294 3180 2349 ού
3240 2293 3495 2367 μετρίως,
3529 2292 3845 2348 ἐπανελθὼν

2192 2384 2248 2442 δὲ
2278 2386 2563 2459 συντόμως
2598 2386 2733 2459 μετὰ
2759 2390 2867 2440 τῶν
2929 2383 3193 2438 συνόντων
3256 2380 3624 2438 Καππαδοκῶν
3698 2382 3845 2436 ἴασιν

2191 2479 2361 2551 εὑρεῖν
2389 2481 2467 2548 τῷ
2508 2476 2807 2547 πταίσματι
2867 2473 3204 2548 ἐμηχανᾶτο.
3247 2474 3309 2529 Ἡ
3356 2473 3456 2548 γὰρ
3514 2471 3600 2541 νὺξ
3656 2470 3845 2540 ἰκείνη

2188 2567 2387 2627 πάντας
2445 2566 2589 2639 εἶχεν
2621 2564 2671 2619 ἐν
2701 2562 2912 2619 ἐλπίσιν
2960 2562 3059 2617 οὐκ
3113 2562 3364 2637 ἀγαθαῖς,
3394 2560 3582 2625 καθότι
3635 2560 3726 2615 καὶ
3776 2562 3847 2615 τὸ

2189 2654 2239 2728 ἐξ
2272 2654 2569 2730 Ἀρμενίων
2615 2654 2775 2723 πεζὸν
2834 2652 2958 2726 περὶ
3014 2652 3113 2720 τὴν
3166 2653 3369 2728 τάφρον
3429 2648 3843 2724 διανυκτερεῦον

2191 2744 2514 2800 ἀποστασίαν
2574 2742 2923 2816 ἐμελέτησεν.
2956 2738 3124 2799 Οὔπω
3184 2738 3229 2794 δ’
3268 2738 3448 2814 ἡμέρα
3496 2739 3718 2813 προῄει,
3747 2739 3844 2793 καὶ

2191 2836 2241 2890 οἱ
2273 2832 2533 2906 πολέμιοι
2560 2834 2651 2888 τὸν
2701 2834 2918 2907 χάοακα
2964 2828 3313 2904 περιέζωσαν.
3347 2830 3421 2887 Τὸ
3478 2829 3581 2904 γάρ
3626 2822 3843 2900 συμϐὰν

2190 2925 2218 2979 ὁ
2248 2928 2344 2978 τοῦ
2376 2921 2572 2980 Χάλεπ
2623 2919 2811 2997 ἄρχων
2871 2920 3163 2993 ἀναμαθὼν
3221 2921 3337 2991 μεθ’
3367 2917 3503 2986 ὅλης
3560 2919 3688 2986 ἧκεν
3738 2924 3845 2986 τῆς

2189 3013 2380 3067 ἑαυτοῦ
2412 3009 2691 3084 δυνάμεως
2725 3012 2799 3071 ὡς
2838 3004 3091 3064 αὐτοϐοεὶ
3150 3010 3387 3084 αἱρήσων
3436 3008 3527 3061 τὸν
3585 3004 3844 3080 βασιλέα.

2187 3103 2248 3159 Ὁ
2282 3099 2337 3155 δὲ
2367 3100 2623 3177 βασιλεὺς
2654 3094 2804 3154 ἔνδον
2836 3105 2936 3167 τῆς
2983 3100 3187 3167 σκηνῆς
3235 3093 3543 3172 διαγράφων
3591 3096 3684 3149 τὸν
3744 3094 3850 3149 πό-

2190 3188 2360 3264 λεμον
2392 3190 2514 3263 περὶ
2544 3189 2730 3259 τρίτην
2761 3188 2903 3263 ὥραν
2950 3185 3141 3259 ἀθρόον
3204 3183 3524 3255 ἐξελήλυθεν
3582 3180 3848 3261 ἔφιππος.

2189 3288 2456 3357 Εἴκοο-τὴν
2516 3286 2646 3357 ἤνυε
2702 3285 3059 3356 τηνικαῦταὸ
3108 3278 3423 3357 Νοέμὸριος
3484 3283 3753 3355 μὴν,τῆς
3814 3288 3845 3351 ζ

2188 3374 2551 3432 ἰνδικτιῶνος.
2583 3374 2893 3433 Βουκκίνων
2924 3375 2960 3441 ἢ
3013 3371 3329 3447 σαλπίγγων
3379 3370 3414 3440 ἢ
3460 3368 3635 3425 ἄλλου
3690 3371 3846 3432 τινὸς

2186 3465 2417 3537 σημείου
2465 3466 2539 3536 μὴ
2592 3461 2837 3527 δοθέντος
2892 3466 3123 3537 τρανῶς,
3154 3465 3259 3515 τῶν
3311 3458 3368 3514 δὲ
3425 3463 3676 3531 σημαιῶν
3738 3464 3843 3513 τοῦ

2187 3558 2423 3628 στρατοῦ
2454 3553 2769 3625 ἐξαρθεισῶν
2811 3552 2902 3605 καὶ
2948 3558 3048 3619 τῆς
3103 3555 3351 3625 στρατιᾶς
3404 3548 3649 3618 ἐξιούσης
3705 3568 3842 3602 συν-

2182 3644 2543 3715 τεταγμένης,
2594 3639 2826 3714 ἤρξαντο
2871 3641 2922 3694 οἱ
2964 3639 3111 3712 παρά
3160 3638 3324 3712 μέρος
3368 3638 3420 3692 ἓν
3472 3638 3841 3710 ἀθροίζεσθαι,

2185 3742 2246 3796 οῦ
2301 3742 2428 3803 τοὺς
2488 3740 2794 3812 Ῥωμαίους
2849 3736 2989 3793 εἶδον
3047 3736 3460 3807 ἐπελαύνοντας,
3489 3734 3579 3790 καὶ
3630 3736 3840 3810 ὁάγὼν

2183 3831 2331 3898 ὅσος,
2363 3831 2517 3899 καὶὴ
2548 3834 2644 3884 τοῦ
2697 3828 2996 3902 μέλλοντος
3057 3823 3271 3889 ἔκϐασις
3323 3825 3429 3893 σ’ία,
3460 3832 3581 3887 ταῖς
3630 3830 3845 3901 ψυχαῖς

2181 3919 2560 3976 ἐναπὲστακτο.
2595 3920 2716 3974 Τῶν
2748 3915 2803 3972 δὶ
2832 3919 2969 3971 κατὰ
3002 3916 3252 3988 μέτωπον
3301 3915 3364 3969 τὸ
3401 3913 3646 3969 ἐνυάλιον
3694 3913 3837 3969 ἀλα-

2182 4006 2457 4079 λαξάντων
2517 4004 2763 4067 πολλοὺς
2816 4011 2924 4060 τῶν
2963 4004 3213 4058 ἐναντίων
3269 4005 3322 4058 οἱ
3373 4004 3639 4074 Ῥωμαῖοι
3704 4023 3841 4057 κιτ-

2186 4098 2512 4173 ηγωνίσαντο
2543 4097 2632 4150 καὶ
2688 4092 3103 4169 διεχειρίσαντο.
3136 4095 3569 4166 Ἐξορμήσαντος
3627 4089 3684 4146 δὲ
3741 4094 3840 4146 καὶ

2177 4200 2274 4250 τοῦ
2308 4196 2505 4251 λοιποῦ
2536 4194 2785 4262 πλήθους
2816 4193 2956 4269 φυγὴ
3010 4191 3216 4246 τούτων
3276 4190 3638 4251 ἀνυπόστατος
3685 4190 3839 4264 γίνε-

2176 4306 2285 4341 ται.
2318 4286 2379 4337 Ol
2430 4282 2487 4338 δὲ
2542 4284 2769 4337 κατόπιν
2822 4281 3028 4335 τούτων
3085 4278 3398 4341 ἐλαύνοντες
3430 4277 3678 4341 πολλοὺς
3734 4280 3836 4351 μὶν

2178 4372 2420 4443 ἀνεῖλον,
2454 4372 2553 4425 ούκ
2610 4370 2834 4443 ὀλίγους
2864 4366 2921 4422 δὶ
2954 4370 3327 4443 ζωγρήσαντες
3370 4361 3589 4421 ἔλαϐον.
3623 4372 3736 4435 Τῆς
3773 4364 3837 4421 δὲ

2179 4467 2412 4538 διώξεως
2447 4470 2520 4540 μὴ
2547 4466 2839 4541 γινομένης
2876 4464 3039 4539 μέχρι
3071 4461 3310 4531 πολλοῦ,
3348 4460 3591 4536 μεγάλης
3622 4460 3840 4529 εύκλη-

2178 4556 2295 4630 ρίας
2355 4557 2406 4610 οἱ
2462 4558 2726 4625 Ῥωμαῖοι
2787 4551 3085 4626 διήμαρτον
3142 4553 3230 4606 καὶ
3305 4550 3460 4620 νίκης
3526 4547 3839 4619 καλλίστης

2174 4645 2591 4719 ἐξεστερήθησαν
2622 4644 2711 4696 καὶ
2744 4641 3069 4715 αὐχήματος
3120 4640 3373 4716 μεγίστου
3429 4638 3835 4713 ἐξηπόχησαν.

2173 4746 2295 4800 Τῶν
2327 4741 2429 4816 γὰρ
2463 4735 2768 4813 Ἀραϐικῶν
2804 4737 2990 4792 ’ίππων
3039 4735 3539 4812 ταχυδρομούντων
3576 4737 3694 4809 μὲν,
3752 4739 3831 4809 μή

2173 4839 2556 4915 εὐψυχούντων
2591 4835 2647 4892 δὲ
2683 4834 2808 4909 μηδ’
2843 4834 3307 4911 ἐγκαρτερούντων
3356 4838 3437 4906 τῷ
3476 4830 3694 4908 δρόμῳ,
3732 4833 3836 4888 οὐκ

2172 4928 2447 4999 ἠθέλησαν
2479 4928 2531 4981 οἱ
2561 4928 2825 5000 Ῥωμαῖοι
2850 4926 2947 4993 τήν
2980 4923 3193 4979 ἐκείνων
3214 4923 3427 4978 ἀτονίαν
3452 4923 3654 4977 οἰκείαν
3679 4922 3836 4979 εὐτο-

2170 5019 2283 5073 νίαν
2328 5019 2678 5087 ποιήσασθαι,
2730 5013 3143 5087 ἐπιστρέψαντες
3192 5010 3249 5068 δὲ
3297 5012 3426 5076 τοὺς
3477 5011 3717 5087 ῥυτῆρας
3778 5012 3831 5085 ἐξ

2169 5117 2531 5192 ἐπιτάγματος
2595 5112 2879 5190 βασιλικοῦ
2926 5107 3194 5185 ἀμϐλεῖαν
3254 5111 3466 5173 ἑαυτοῖς
3522 5110 3621 5178 τὴν
3671 5110 3831 5182 νίκην

2167 5206 2581 5280 ἀπειργάσαντο,
2641 5203 2980 5277 κορεσθέντες
3042 5200 3181 5273 μόνῃ
3238 5205 3308 5273 τῇ
3382 5204 3489 5253 τῶν
3567 5198 3827 5253 ἐναντίων

2166 5296 2475 5369 ἀποτροπῇ,
2512 5290 2758 5367 μεγάλην
2806 5289 3056 5364 εὐτυχίαν
3088 5288 3177 5343 καὶ
3207 5292 3366 5343 τοῦτο
3414 5291 3511 5342 τοῦ
3548 5284 3826 5361 βασιλέως

1721 5418 1966 5474 JACOBI
2004 5419 2223 5476 GOARI
2262 5421 2496 5475 NOT/E.

475 5537 587 5603 (17)
647 5533 979 5619 Satell‘itum
1037 5532 1505 5619 ‘in'digenarum,
1568 5550 1815 5619 quorum
1862 5534 2055 5616 .variae
2163 5537 2542 5619 praetorianos
2574 5534 2990 5605 componerent
3022 5530 3317 5587 militiam.
3352 5546 3466 5587 non
3500 5532 3828 5585 censentur

407 5602 613 5677 turmas
645 5605 941 5677 quondam
964 5602 1729 5677 scholaanuncupabantur.
1761 5605 2051 5677 legionem
2159 5602 2397 5664 inclusi.

408 5675 670 5746 intelligo
696 5694 708 5743 ;
734 5675 792 5731 in
816 5693 933 5748 qua
954 5674 1235 5744 foederati,
1269 5690 1371 5731 ceu
1406 5674 1503 5748 Qui
1528 5674 1865 5734 distinctam
1900 5678 2053 5734 inter
