4040 6196
213 338 328 398 406

1738 344 2128 408 HISTORIA.

3514 350 3636 413 406

210 468 601 542 λογιζομένου,
665 469 750 526 ὅτι
814 470 951 534 τέως
1020 470 1071 527 οἶ
1127 472 1417 538 ἀνάλκιδες
1467 474 1866 552 ἀνερῥώσθησαι

1997 481 2368 549 tendebatur,
2401 481 2621 537 Arabes
2651 480 3027 552 quiescebant
3060 498 3072 536 :
3108 480 3207 535 ubi
3256 498 3390 538 vero
3437 489 3636 541 coacto

212 559 293 613 καὶ
354 561 408 613 οἱ
459 560 646 634 νεκροὶ
702 562 778 624 ὡς
824 564 996 617 εἲπεῖν
1054 563 1459 634 ἀνεζώσθησαν.
1509 566 1570 622 Ὁ
1616 563 1675 621 δὲ
1727 568 1882 642 βασι-

220 647 341 709 λευς
414 650 741 704 ἐπανελθὼν
806 652 881 712 είς
950 652 1042 705 τὸν
1130 654 1347 728 χάρακα
1428 655 1560 727 μετὰ
1614 657 1714 724 τήν
1769 660 1876 710 τῶν

216 736 425 813 ἐχθρῶν
470 733 811 811 άποσόϐησιν
872 738 1009 814 ἔγνω
1058 742 1155 811 τὴν
1211 741 1511 818 ἀκρόπολιν
1562 751 1660 815 τῆς
1712 746 1879 819 Ἰερα-

211 825 423 888 πόλεως
478 826 781 897 ἐνοικῆσαι.
866 834 1216 900 Καοαστήσας
1277 830 1368 887 οὖν
1441 833 1532 887 τὸν
1590 835 1878 906 Φαρισμά-

210 938 303 985 νην
364 917 570 971 ἐκεῖνον
635 918 842 989 Βὲστην
889 920 981 974 τὸν
1032 922 1375 993 Ἀποκάπης,
1431 922 1480 995 ἐξ
1544 918 1774 997 Ἰϐήρων
1815 925 1878 977 τὸ

212 1007 365 1078 γένος
414 1003 671 1073 ἕλκοντα,
736 1008 926 1083 χώραν
978 1006 1181 1063 δέδωκε
1222 1016 1340 1071 τοῖς
1386 1009 1646 1073 ἐναντίοις
1681 1012 1878 1065 ἀνακα-

212 1093 467 1157 λέσασθαί
528 1116 587 1150 τε
660 1097 763 1165 τὴν
844 1098 1010 1165 ἧτταν
1078 1097 1167 1151 καὶ
1249 1097 1542 1154 ἀντίπαλον
1603 1101 1874 1177 φέρεσθαι.

213 1192 305 1247 Καὶ
357 1190 464 1253 ἕως
524 1194 619 1264 μὲν
688 1192 1244 1269 ἐστρατοπεδευμένος
1325 1196 1352 1248 ὁ
1416 1200 1523 1250 τῶν
1581 1197 1872 1269 Ῥωμαίων

212 1281 438 1356 στρατός
484 1279 836 1350 διεδείκνυτο,
889 1284 1024 1337 κατά
1068 1283 1255 1359 χώραν
1309 1282 1529 1339 ἐδόκουν
1589 1286 1765 1357 μένειν
1827 1269 1878 1340 οἱ

214 1366 447 1445 Ἄραϐες
485 1390 496 1402 '
560 1373 640 1444 [Ρ.
704 1374 834 1445 828]
891 1372 965 1434 ὡς
1034 1370 1080 1426 δ’
1142 1373 1445 1443 ἀναστήσας
1501 1376 1597 1443 τήν
1657 1375 1874 1450 σρατιάν

214 1458 337 1513 εὐθὺ
393 1463 497 1513 τοῦ
552 1458 815 1536 φρουρίου
894 1466 991 1515 τοῦ
1083 1462 1240 1530 Ἀζᾶς
1324 1460 1584 1531 ἤλαυνεν,
1644 1462 1874 1533 ἤρξαντο

214 1546 493 1622 σποράδην
554 1548 615 1603 ἐκ
673 1547 1050 1621 διασνήματος
1105 1550 1240 1605 κατά
1295 1552 1358 1605 τὸ
1417 1550 1721 1624 εἴθισμὲνον
1772 1552 1875 1605 αὐ-

208 1643 321 1700 τοῖς
374 1638 771 1715 ἐπιφαίνεσθαι,
820 1640 911 1692 καὶ
963 1638 1088 1712 περὶ
1145 1641 1245 1707 τήν
1299 1639 1554 1715 οὐραγίαν
1603 1638 1876 1703 πολλάκις

212 1726 607 1799 ἐπιτιοάμενοι,
655 1726 781 1788 τοὺς
832 1728 897 1781 τά
942 1728 1081 1782 σιτία
1134 1729 1599 1801 μετακομίζοντας
1640 1734 1872 1784 κακοῦν-

1990 572 2244 626 exercitu
2280 571 2452 642 coepit
2484 576 2642 627 recta
2672 572 2741 625 ad
2777 570 3059 642 oppidum
3092 573 3217 624 Azaa
3264 574 3634 641 contendere,

1991 670 2292 732 cmperunt
2322 660 2509 732 sparsi
2544 678 2611 715 ex
2644 658 2971 724 intervallo,
3006 675 3113 715 suo
3156 675 3315 715 more
3364 660 3422 715 in
3476 662 3636 732 ipsos

1990 749 2347 818 invadere,et
2366 756 2693 804 extremum
2717 765 2925 820 agmen
2952 764 3103 820 saepe
3126 748 3313 804 adorti
3344 766 3634 807 commea-

1992 845 2087 894 tus
2120 840 2444 893 deterentes
2475 856 2698 904 vexare,
2744 844 2802 892 et
2844 838 3051 892 laedere
3098 841 3414 905 Romanos,
3466 842 3636 910 quasi

1989 942 2056 982 ex
2106 927 2336 982 insidiis
2368 928 2518 983 clam
2549 928 2931 998 irruptionem
2964 927 3263 981 facientes.
3297 930 3637 999 Constipato

1990 1024 2186 1072 autem
2221 1017 2541 1088 sagittariis
2595 1023 2652 1070 et
2697 1016 2944 1070 scutatis
2995 1016 3274 1086 exercitu,
3318 1016 3637 1089 imperator

1991 1112 2253 1162 armatus
2302 1123 2432 1161 cum
2485 1111 2604 1161 toto
2650 1108 2903 1160 exercitu
2952 1106 3023 1159 ad
3076 1106 3356 1175 oppidum
3389 1108 3513 1161 Azaa
3538 1123 3635 1163 ac-

1991 1197 2164 1260 cedit,
2199 1203 2362 1250 ratus
2405 1195 2595 1249 locum
2646 1197 2717 1249 ad
2769 1212 2831 1249 se
2881 1194 3279 1265 recipiendum
3332 1196 3632 1253 idoneum.

1988 1294 2099 1349 Sed
2132 1294 2229 1348 ubi
2275 1294 2387 1365 ipsi
2436 1293 2917 1365 appropinquans
2960 1292 3327 1347 tutissimum
3376 1293 3521 1349 vidit
3570 1310 3635 1349 ac

1989 1383 2459 1439 munitissimum
2494 1384 2551 1437 in
2577 1398 2808 1437 summo
2832 1380 2977 1437 colle
3003 1381 3352 1449 consistens,
3389 1382 3639 1455 duplici-

1986 1488 2099 1542 que
2132 1488 2301 1527 muro
2332 1472 2616 1536 cinctum,
2649 1475 2705 1526 et
2736 1470 3031 1542 lapidibus
3083 1486 3227 1541 quas
3277 1470 3453 1527 clavis
3499 1473 3638 1543 qui-

1987 1562 2236 1616 busdam
2261 1566 2979 1632 compactum,accensum
2997 1561 3065 1615 ad
3086 1565 3313 1631 portam
3359 1561 3635 1629 referens,

1986 1656 2045 1705 et
2074 1668 2282 1722 parum
2316 1667 2482 1722 aquae
2517 1650 2653 1704 inde
2702 1650 2972 1718 efﬂuens,
3024 1666 3148 1719 qua
3197 1666 3310 1703 non
3361 1655 3516 1705 esset
3563 1652 3635 1705 ad

1984 1744 2214 1796 tantum
2262 1740 2666 1811 accipiendum
2699 1738 3015 1794 exercitum
3050 1737 3278 1807 idonea,
3322 1737 3457 1793 inde
3508 1754 3635 1809 pro-

207 1838 316 1886 τες,
376 1816 614 1872 ἐλύπουν
674 1817 803 1878 τοὺς
860 1817 1167 1889 Ῥωμαίους
1215 1819 1291 1880 ὡς
1349 1818 1407 1873 ἃν
1469 1818 1518 1891 ἐξ
1567 1817 1866 1895 ἐπιδρομῆς

278 1906 290 1923 ς
326 1906 390 1923 ς,
580 1908 592 1923 ς
684 1906 697 1917 η
773 1907 822 1923 η,
992 1905 1005 1923 ,
1149 1912 1169 1921 -
1231 1905 1249 1923 κ
1298 1906 1317 1923 κ
1377 1907 1434 1923 λ,
1672 1909 1683 1923 ,

1982 1830 2298 1899 fectus,ubi
2332 1829 2620 1899 copiosior
2648 1846 2801 1899 aqua
2831 1828 3058 1897 ﬂueret,
3091 1832 3281 1881 castra
3316 1827 3531 1897 posuit.
3568 1828 3633 1882 Et

208 1906 294 1961 καὶ
326 1906 506 1981 λόχου
535 1908 631 1968 τὰς
680 1906 943 1968 ἐπιθέσεις
986 1905 1039 1960 ἐν
1104 1912 1183 1978 τῷ
1231 1905 1491 1977 λεληθότι
1522 1909 1868 1981 ποιούμενοι.

213 1997 695 2071 Κατασραξάμενος
754 1992 811 2050 δὲ
873 1994 926 2050 ἐν
1004 2001 1120 2056 τοῖς
1178 1991 1471 2065 ἑκηϐόλοις
1528 1997 1617 2051 καὶ
1668 1997 1870 2053 πελτα-

208 2089 355 2148 σταῖς
413 2086 441 2138 ὁ
507 2082 763 2157 βασιλεὺς
822 2084 884 2139 τὸ
956 2082 1340 2159 στρατόπεδον,
1401 2082 1870 2159 τεθωρακισμένος

206 2178 281 2245 τῷ
312 2173 562 2249 φρουρίῳ
620 2168 962 2247 προσϐάλλει
1014 2175 1168 2242 Ἀζας
1222 2176 1337 2247 μεθ’
1388 2169 1525 2245 ὅλης
1564 2183 1665 2245 τῆς
1704 2197 1869 2251 στρα-

204 2268 334 2330 τιᾶς,
392 2262 475 2323 εἷς
524 2260 812 2336 ὑποδοχήν
874 2264 1058 2334 μαθὼν
1123 2264 1259 2317 εἶναι
1310 2264 1401 2317 τὸν
1458 2263 1623 2317 τόπον
1683 2264 1868 2335 ἐπιτή-

205 2351 363 2407 δειον.
419 2354 511 2412 Ὡς
568 2349 627 2405 δὲ
703 2352 1063 2426 προσεγγίσας
1129 2351 1277 2423 αὐτῷ
1338 2352 1699 2426 ἰρυμνότατον
1762 2352 1864 2407 ε’δε

202 2446 285 2497 καὶ
340 2444 723 2516 ὀχυρώτατον,
784 2441 865 2496 ἐπ’
943 2442 1245 2516 ἀκρωρείας
1317 2441 1491 2520 λόφου
1549 2444 1862 2516 ἱστάμενον,

200 2540 396 2614 τείχεσι
456 2536 681 2603 διπλοῖς
741 2540 1170 2614 περιεζωσμένον
1254 2540 1340 2593 καὶ
1407 2540 1627 2615 πέτραις
1682 2540 1861 2616 ὥσπερ

202 2628 659 2705 γεγομφωμὲνον,
710 2625 927 2698 λιθίνην
976 2629 1075 2697 τήν
1136 2626 1326 2682 ἄνοδον
1362 2629 1497 2702 πρὸς
1542 2630 1642 2696 τήν
1676 2629 1859 2695 πύλην

206 2718 637 2794 ἀποφερόμενον,
720 2718 914 2790 μικρόν
985 2738 1042 2771 τε
1116 2714 1261 2791 ὕδωρ
1322 2717 1585 2791 ἀπορῥὲον
1637 2718 1726 2771 καὶ
1784 2721 1858 2789 μή

206 2807 453 2879 ἐξαρκοῦν
503 2806 642 2882 πρὸς
696 2802 981 2880 ὑποδοχὴν
1032 2805 1293 2860 τοσούτου
1337 2810 1588 2881 στρατοῦ,
1638 2805 1860 2875 ἀναζεύ-

205 2897 289 2965 ξας
334 2896 412 2956 εἱς
469 2895 640 2950 τόπον
714 2893 947 2967 ἐπήξατο
1021 2896 1121 2963 τήν
1192 2889 1552 2969 παρεμϐολὴν
1611 2892 1736 2958 ἔνθα
1798 2894 1860 2949 τὸ

206 2982 343 3057 ὕδωρ
393 2985 770 3062 ἀερθονώτερον
834 2980 1035 3058 ἔρῥεεν,
1094 2984 1352 3046 Ἀναστὰς
1404 2982 1461 3039 δὲ
1514 2983 1713 3047 ἐκεῖθεν
1761 2984 1862 3055 ὥρ-

207 3094 341 3143 μησε
372 3075 511 3148 πρὸς
565 3072 634 3127 τὰ
681 3079 779 3141 τῆς
831 3070 1183 3133 Αὐσονίτιδος
1234 3071 1377 3147 ὅρια,
1424 3074 1512 3127 καὶ
1572 3072 1860 3146 πυρπολή-

204 3181 293 3223 σας
351 3163 571 3236 χωρίον
628 3160 879 3235 μέγιστον
927 3159 1116 3233 Κάτμα
1166 3158 1483 3235 λεγόμενον,
1541 3166 1620 3233 τῷ
1670 3162 1859 3235 ἀμηρᾷ

202 3253 292 3303 τοῦ
350 3249 547 3307 Χάλεπ
612 3248 989 3327 ὀφωρισμὲνον
1066 3249 1123 3304 ἐκ
1198 3247 1457 3321 παλαιοῦ,
1537 3250 1611 3311 εἷς
1677 3248 1860 3325 ἕτερον

204 3340 413 3414 χωρίον
480 3337 745 3394 κατέλυσε
804 3337 1087 3413 Ταρχωλά
1157 3340 1689 3412 κατονομαζόμενον.
1746 3346 1853 3393 Κο-

203 3428 477 3500 πτομὲνου
511 3425 569 3481 δὲ
612 3431 707 3482 τοῦ
748 3428 1014 3501 χάρακος,
1064 3426 1155 3481 καὶ
1199 3432 1294 3481 τοῦ
1330 3428 1598 3503 βασιλέως
1629 3430 1853 3500 ἰσταμέ-

202 3538 295 3571 νου
349 3517 490 3571 κατά
538 3518 601 3571 τὸ
659 3515 825 3586 δεξίὸν
903 3518 1088 3592 μέρος,
1158 3512 1388 3590 ’Ἄραϐες
1463 3513 1558 3571 δύο
1606 3515 1858 3580 λαθόντες

204 3613 432 3669 κατόπιν
454 3620 560 3683 τῆς
610 3613 930 3689 ἀκρωρείας,
979 3613 1066 3668 καὶ
1114 3612 1243 3677 τοὺς
1288 3613 1494 3677 ’ίππους
1545 3615 1649 3669 ἅπὸ
1694 3614 1859 3689 ῥυτή-

206 3725 312 3778 ρων
355 3702 671 3770 ἐλάσαντες,
726 3700 822 3757 δύο
877 3708 986 3757 τῶν
1034 3709 1211 3772 πεζῶν
1258 3708 1376 3764 ταῖς
1426 3703 1656 3778 λογοχαις
1708 3704 1858 3757 ἀναι-

208 3798 414 3867 ροῦσῖν.
472 3794 537 3848 Ὀ
598 3790 851 3867 βασιλεὺς
910 3789 966 3845 δὲ
1031 3793 1256 3853 τούτους
1328 3793 1653 3865 θεασάμενος
1708 3798 1860 3866 πρῶ-

206 3903 296 3943 τος
338 3879 661 3951 διατᾶστησε
710 3882 945 3953 πρώτως
988 3881 1115 3944 τοὺς
1163 3882 1492 3955 στρατιώτας
1527 3880 1603 3942 εἷς
1654 3878 1858 3950 δίωξιν.

210 3981 275 4037 Οἱ
304 3977 365 4033 δὲ
416 3980 712 4056 φθάσαντες
766 3976 985 4049 ἐξαισίῳ
1035 3975 1226 4051 δρόμῳ
1280 3982 1387 4032 τῶν
1439 3975 1624 4032 ’ίππων
1673 3978 1746 4040 εἷς
1800 3978 1862 4032 τὸ

210 4068 415 4123 οἰκεῖον
480 4064 852 4141 στρατόπεδον
914 4063 1265 4135 διεσώθησαν.
1312 4111 1324 4125 ,
1372 4109 1384 4121 .
1435 4108 1448 4122 .
1509 4073 1763 4141 κατεῖχον
1809 4064 1865 4120 δὲ

207 4162 366 4211 τοῦτο
431 4156 746 4225 Σαρακηνοί
794 4155 887 4209 τὸν
966 4155 1167 4208 ἑαυτῶν
1221 4155 1524 4229 στρατηγὸν
1584 4155 1863 4227 ἐξελάσαν-

206 4267 315 4306 τες,
376 4245 531 4314 Πλὴν
582 4242 730 4299 ἀλλᾶ
774 4244 864 4298 καὶ
910 4241 1078 4298 πάλιν
1135 4242 1419 4320 φεύγουσιν
1467 4247 1517 4298 οἱ
1570 4249 1729 4299 τοῦτο
1776 4266 1869 4320 φυ-

208 4333 521 4399 λάσσοντες,
591 4332 682 4386 καὶ
741 4337 821 4403 τῷ
881 4330 1093 4405 βασιλεὶ
1166 4332 1228 4386 τὸ
1281 4332 1479 4387 οἷκεῖον
1539 4333 1870 4402 ἀνασώζεται

208 4421 478 4493 πόλισμα.
522 4421 773 4495 Φρουρὰν
831 4421 921 4475 οὖν
975 4420 1025 4475 ἐν
1084 4421 1235 4493 αὐτῷ
1282 4420 1465 4496 βαλὼν
1508 4424 1599 4476 καὶ
1629 4425 1868 4491 σιτήσεις

212 4510 545 4587 ἀποχρώσας
575 4509 1001 4583 ἐναπΟΘέμενος,
1052 4510 1225 4564 πάντα
1277 4513 1343 4564 τὰ
1391 4516 1469 4583 τῷ
1492 4516 1667 4587 καιρῷ
1695 4512 1865 4585 πρόσ-

214 4622 350 4675 ῳορα
410 4598 708 4672 διετάξατο.

213 4701 447 4774 ἤρξαντο
476 4701 747 4769 Ῥωμαῖοι
793 4696 1246 4775 ἀντοφθαλμίζειν
1301 4699 1388 4751 καὶ
1441 4699 1574 4773 πρὸς
1631 4700 1692 4752 τὸ
1746 4720 1864 4774 γεν-

213 4790 496 4843 ναιότατον
586 4787 868 4863 ἀναφέρειν
948 4785 1111 4858 λόγον
1185 4788 1273 4839 καὶ
1333 4786 1677 4849 συνίστασθαι
1726 4788 1863 4861 πρὸς

216 4887 505 4953 ἀντίθεσιν,
540 4884 656 4940 ἐπεὶ
711 4884 779 4940 τά
820 4905 883 4959 γε
928 4885 1064 4939 κατᾶ
1114 4882 1240 4945 τοὺς
1289 4889 1578 4959 προσεχῶς
1613 4884 1864 4959 βασιλεύ-

213 4995 431 5046 σαντας,
483 4972 632 5041 πλὴν
692 4970 999 5045 ἐπιδείξεως
1069 4970 1240 5043 μόνης
1292 4972 1381 5027 καὶ
1437 4972 1685 5043 πλήθους
1742 4994 1864 5027 συν-

214 5071 459 5138 αγωγῆς,
514 5062 569 5117 ἓν
619 5060 800 5117 οὐδενὶ
848 5066 1121 5137 καρτερῶς
1177 5062 1314 5135 πρὸς
1376 5062 1561 5137 μάχην
1610 5061 1863 5135 συνέῥρα-

212 5152 323 5219 ξαν,
356 5152 430 5212 ὠς
464 5148 802 5218 εἶναιδῆλον
856 5147 939 5203 ὅτι
987 5152 1083 5201 τοῦ
1131 5147 1403 5221 ἡγεμόνος
1456 5147 1593 5202 ἐστὶν
1645 5152 1720 5209 ὡς
1752 5147 1867 5202 επί-

209 5260 314 5294 παν
364 5239 428 5294 τὸ
476 5237 922 5311 κατορθούμενον
985 5235 1035 5291 ἐν
1095 5241 1224 5289 πᾶσι
1279 5240 1397 5299 τοῖς
1424 5237 1722 5311 πράγμασι.
1758 5237 1866 5291 Κά-

211 5330 383 5381 κεῖθεν
444 5328 520 5399 μή
597 5323 846 5395 δυνηθεὶς
925 5326 953 5378 ὁ
1044 5322 1299 5398 βασιλεὺς
1376 5324 1452 5386 εἷς
1530 5324 1865 5400 Ἀντιόχειαν

213 5414 471 5479 ἀπελθεῖν
523 5413 1015 5491 (προκατείργαστο
1057 5412 1157 5489 γὰρ
1204 5411 1355 5485 λιμῷ
1400 5434 1457 5467 τε
1496 5415 1583 5468 καὶ
1630 5415 1863 5468 κακώσει

214 5503 449 5578 πολλῇ),
534 5498 771 5580 ὑπερϐὰς
844 5502 1092 5563 αὐλῶνας
1169 5501 1259 5555 καὶ
1344 5500 1666 5576 κλεισούρας
1716 5504 1863 5565 τινὰς

220 5590 623 5663 ἀδιεξοδεύτους
702 5592 778 5655 εἰς
846 5591 1008 5647 πόλιν
1076 5598 1175 5660 τῆς
1249 5588 1499 5653 Κιλικίας
1556 5590 1863 5667 λεγομίνην

217 5679 629 5755 Ἀλεξανδρῶνα
688 5685 938 5753 καταντᾷ,
998 5678 1212 5737 κάκεῖσε
1261 5681 1352 5736 τὸν
1402 5680 1616 5758 χάρακα
1668 5683 1869 5755 πήγνυ-

1983 1922 2118 1975 inde
2145 1935 2378 1991 quoque
2408 1919 2718 1973 discedens
2767 1917 2980 1972 invasit
3026 1916 3407 1972 Ausonitides
3459 1917 3627 1986 fines,

1980 2011 2337 2081 incensoque
2396 2024 2537 2078 agro
2590 2006 2867 2071 maximo,
2919 2005 3155 2060 nomine
3198 2008 3424 2071 Catma,
3474 2004 3630 2059 anti-

1980 2100 2183 2171 quitus
2225 2097 2473 2169 principi
2507 2096 2720 2168 Chalep
2754 2095 3074 2165 assignato,
3108 2095 3164 2148 in
3200 2094 3383 2149 alium
3431 2094 3625 2149 locum

1976 2206 2040 2243 se
2071 2188 2305 2259 recepit,
2355 2185 2637 2241 Tarchola
2669 2185 2943 2244 inomine.
3002 2184 3403 2253 Perruptoque
3450 2183 3624 2251 vallo,

1976 2282 2033 2333 et
2089 2278 2440 2348 imperatore
2502 2275 2571 2328 ad
2632 2274 2892 2327 dextram
2949 2276 3171 2343 partem
3224 2272 3622 2337 incumbente,

1974 2368 2192 2423 Arabes
2222 2366 2357 2433 duo,
2393 2365 2491 2434 qui
2523 2363 2784 2418 latebant
2815 2379 2847 2415 a
2877 2366 3042 2429 tergo
3074 2360 3311 2425 montis,
3363 2360 3617 2415 concita-

1976 2457 2048 2512 tis
2081 2456 2267 2526 equis,
2311 2453 2539 2526 pedites
2589 2452 2735 2506 duos
2784 2450 2972 2505 hastis
3020 2450 3167 2504 617
3222 2448 3616 2517 interﬁciunt;

1974 2572 2123 2626 quos
2153 2554 2527 2625 conspicatus
2559 2551 2876 2622 imperator
2908 2548 3133 2619 primus
3165 2548 3364 2603 statim
3399 2547 3615 2601 milites

1973 2646 2043 2699 ad
2078 2642 2514 2716 persequendos
2544 2656 2643 2693 eos
2674 2637 3177 2693 incitavit.Verum
3212 2634 3295 2690 illi
3325 2652 3615 2705 occupan-

1972 2739 2059 2789 tes
2088 2731 2459 2789 velocissimo
2492 2744 2776 2800 equorum
2812 2743 2988 2782 cursu
3024 2726 3082 2780 in
3133 2742 3240 2781 sua
3288 2729 3479 2780 castra
3525 2723 3620 2778 in-

1971 2823 2231 2880 columes
2283 2838 2345 2876 se
2393 2834 2685 2889 recepere,
2735 2817 2815 2888 (et
2861 2814 3020 2870 illinc
3070 2814 3308 2885 profecti
3356 2818 3515 2869 recta
3545 2814 3614 2869 ad

1969 2912 2178 2968 Artach
2215 2908 2665 2975 contenderunt)
2695 2906 2850 2976 quod
2883 2904 3163 2975 oppidum
3196 2902 3436 2974 expulso
3477 2920 3616 2974 pro-

1969 3002 2095 3074 prio
2146 3003 2291 3054 duce
2339 2997 2684 3053 oblinebant
2711 2994 3002 3049 Saraceni.
3038 2997 3451 3048 Verumtamen
3486 3009 3616 3046 rur-

1969 3108 2102 3147 sum
2136 3088 2366 3158 fugiunt
2415 3085 2511 3156 qui
2556 3083 2699 3138 illud
2754 3084 3122 3147 tutabantur,
3178 3085 3233 3135 et
3282 3081 3620 3153 imperatori

1971 3196 2147 3236 suum
2216 3180 2547 3233 reservatur
2613 3171 2981 3244 oppidulum,
3044 3171 3101 3224 in
3175 3187 3289 3240 quo
3350 3170 3617 3241 praesidio

1972 3268 2269 3340 imposito,
2320 3270 2377 3319 et
2432 3264 2638 3318 idoneo
2700 3266 3029 3316 commeatu
3100 3260 3301 3313 omnia
3366 3259 3620 3329 tempori

1967 3361 2295 3428 opportuna
2339 3350 2652 3422 disposuit.
2694 3350 2832 3419 Ipso
2864 3347 3045 3417 igitur
3075 3346 3403 3414 imperante
3436 3360 3621 3414 ccepe-

1967 3451 2105 3501 runt
2135 3442 2380 3499 Romani
2436 3440 2714 3495 audacter
2766 3437 2962 3491 hostes
3014 3432 3226 3488 intueri
3281 3437 3337 3487 et
3385 3431 3623 3487 virtutis

1971 3550 2257 3592 memores
2288 3546 2416 3587 esse
2447 3546 2512 3584 ac
2544 3526 2912 3583 strenuitatis
2962 3523 3248 3578 rationem
3296 3521 3513 3577 habere
3562 3526 3621 3576 et

1970 3623 2232 3680 adversis
2292 3619 2632 3686 consistere,
2683 3613 3161 3686 quandoquidem
3215 3609 3622 3681 superioribus

1971 3711 2444 3783 imperatoribus,
2514 3706 2613 3777 qui
2683 3704 2945 3776 proxime
3027 3704 3433 3772 regnaverant,
3503 3715 3621 3753 una

1971 3807 2209 3873 excepta
2257 3796 2644 3854 ostentatione
2698 3797 2755 3849 et
2787 3796 2987 3848 coacta
3020 3789 3429 3855 multitudine,
3460 3786 3625 3842 nulla

1974 3893 2031 3946 in
2095 3907 2153 3945 re
2198 3889 2375 3944 fortes
2424 3903 2486 3940 se
2535 3886 2604 3939 ad
2661 3898 2917 3954 pugnam
2972 3881 3372 3951 praebuerant;
3426 3878 3507 3931 ita
3561 3880 3626 3931 ut

1976 3979 2346 4050 perspicuum
2409 3975 2486 4030 sit
2544 3972 2710 4027 ducis
2772 3970 2960 4041 ipsius
3018 3985 3147 4024 esse
3196 3971 3262 4022 ut
3307 3965 3621 4037 plurimum

1974 4092 2319 4149 prosperum
2354 4087 2549 4127 rerum
2584 4083 2945 4125 successum.
2980 4067 3123 4121 Cum
3154 4081 3286 4119 vero
3321 4064 3457 4118 inde
3508 4079 3623 4117 non

1975 4166 2255 4237 potuisset
2291 4162 2609 4231 imperator
2653 4156 3027 4212 Antiochiam
3082 4154 3290 4208 reverti
3340 4153 3627 4221 (confecta

1975 4255 2131 4309 enim
2181 4257 2305 4307 erat
2351 4252 2504 4305 fame
2564 4246 2867 4316 multaque
2925 4242 3271 4313 vexatione),
3332 4242 3628 4312 superatis

1977 4341 2225 4397 saltibus
2273 4344 2330 4394 et
2382 4337 2741 4409 quibusdam
2773 4335 3028 4389 locorum
3060 4330 3353 4402 angustiis
3386 4329 3631 4384 minime

1977 4430 2186 4503 perviis
2219 4429 2288 4483 ad
2325 4427 2532 4483 Urbem
2557 4424 2773 4479 Ciliciae
2797 4422 3257 4478 Alexandronam
3291 4418 3529 4473 nomine
3564 4434 3627 4472 se

1976 4520 2204 4590 recipit,
2238 4517 2434 4587 ibique
2464 4513 2680 4569 vallum
2715 4510 3044 4575 constituit,
3075 4514 3131 4564 et
3176 4516 3430 4562 montem
3484 4509 3629 4561 Tau-

790 4601 908 4657 Ἐπ⁸
976 4599 1140 4654 αὐτοῦ
1195 4600 1376 4655 τοίνυν
1434 4604 1529 4655 τοῦ
1591 4601 1859 4675 βασιλέως

1978 4626 2101 4664 rum
2132 4612 2541 4676 transgressus
2587 4616 2715 4656 cum
2750 4599 2907 4655 omni
2942 4597 3193 4653 exercitu
3229 4596 3287 4650 in
3336 4596 3626 4651 Romano-

1980 4714 2107 4751 rum
2145 4695 2436 4763 regionem
2490 4690 2733 4745 invadit.
2783 4688 3047 4756 Cumque
3095 4684 3338 4740 conferti
3393 4685 3452 4738 in
3500 4682 3629 4738 loca

1976 4785 2190 4857 frigida
2219 4781 2589 4837 devenissent
2620 4795 2687 4834 ex
2718 4777 3036 4831 admodum
3064 4773 3280 4844 tepidis
3311 4778 3367 4828 et
3396 4772 3624 4842 calidis,

1980 4884 2277 4954 ingentem
2312 4894 2546 4935 sensere
2578 4875 2983 4942 mutationem,
3010 4877 3067 4928 et
3095 4871 3311 4926 idcirco
3355 4869 3627 4925 homines

1980 4973 2175 5044 plures
2207 4970 2548 5036 interibant,
2591 4983 2647 5022 ei
2694 4963 2997 5034 complura
3044 4959 3369 5017 animantia
3415 4959 3629 5031 frigore

1980 5061 2242 5117 confecta
2271 5057 2580 5113 sunt.Cum
2611 5072 2746 5109 vero
2787 5068 3063 5125 egressus
3107 5054 3267 5105 esset
3312 5049 3632 5120 imperator

1980 5152 2048 5207 ad
2078 5149 2395 5221 quemdam
2421 5146 2612 5200 locum
2638 5142 3050 5215 angustiarum
3077 5138 3357 5205 Podandi,
3393 5137 3632 5193 nomine

1975 5239 2300 5312 Gytarium,
2335 5236 2486 5290 878
2520 5233 2744 5289 audivit
2776 5230 3076 5288 Amorium
3113 5228 3406 5298 direptum
3437 5226 3632 5281 homi-

1980 5342 2242 5397 numque
2267 5324 2559 5379 infinitam
2587 5321 2824 5376 caedem.
2862 5317 3074 5373 Positis
3095 5320 3289 5370 autem
3325 5316 3531 5370 castris
3562 5316 3631 5370 ad

1978 5415 2175 5471 Chalci
2207 5412 2619 5479 diversorium,
2653 5410 2751 5480 qui
2787 5408 2844 5462 in
2878 5406 3148 5462 Melitene
3180 5405 3427 5460 duxerat
3465 5422 3625 5459 exer-

1980 5507 2183 5573 citum,
2209 5518 2581 5574 nequaquam
2615 5501 2684 5553 ad
2722 5499 2913 5568 ipsum
2947 5494 3130 5551 voluit
3161 5494 3450 5562 accedere,
3486 5511 3627 5565 prte-

1976 5595 2177 5649 sertim
2213 5609 2344 5648 cum
2378 5592 2434 5645 in
2469 5589 2683 5661 oppido
2714 5585 3047 5643 Tzamando
3079 5588 3347 5639 coactum
3380 5581 3623 5637 haberet

1971 5684 2313 5740 exercitum.
2346 5680 2572 5747 Quibus
2602 5679 2673 5734 de
2704 5676 2901 5733 causis
2931 5673 3126 5730 dolore
3159 5674 3426 5740 affectus,
3462 5667 3615 5739 quod
