4040 6196
381 327 497 387 407

1692 328 2021 389 JOANNlS
2067 327 2471 391 SCYLITZAE

3676 325 3799 386 408

386 459 564 515 rebus
617 474 959 514 succurrere
1005 464 1063 514 et
1126 458 1405 531 opitulari
1453 459 1743 529 nequiret,
1791 474 1918 529 quae
1969 460 2041 515 ad

2167 478 2229 527 τι,
2262 457 2353 512 καὶ
2392 458 2485 513 τὸν
2528 460 2741 533 Ταῦρον
2790 458 2852 513 τὸ
2900 459 3026 532 ὅρος
3060 453 3297 532 ὑπερϐάς
3341 462 3673 533 πανστρατιᾷ
3693 457 3806 512 εἰσ-

391 547 711 604 exercitum
744 549 1127 620 pertinerent,
1161 553 1313 604 recte
1345 548 1710 618 compositis,
1747 553 2042 621 quantum

391 637 503 694 sibi
535 636 720 707 licuit,
754 642 809 693 et
841 638 1095 693 maxima
1126 642 1287 709 parte
1318 636 1378 691 in
1410 636 1656 692 hiberna
1688 639 1892 707 missa,
1918 638 2045 710 ipse

392 727 735 799 Byzantium
787 727 1085 783 contendit
1133 728 1203 781 ad
1256 727 1478 781 mensis
1530 726 1796 782 Januarii
1846 728 2044 784 ﬁnem.

392 824 501 879 Ubi
535 825 828 895 quoddam
865 830 1099 895 tempus
1141 828 1560 895 commoratus,
1613 840 1746 879 cum
1793 826 2045 883 civitatis

393 917 614 969 statum
670 930 773 983 pro
825 913 1048 968 viribus
1094 914 1591 982 administrasset,
1624 914 1947 972 honoribus
1979 932 2045 971 ac

394 1002 745 1058 muneribus
777 1006 1076 1057 senatores
1107 1002 1394 1073 quosdam
1428 1008 1796 1073 prosccutus,
1843 1005 2045 1060 distri-

393 1092 553 1145 butis
604 1091 819 1145 annuis
861 1091 1032 1145 donis
1066 1107 1253 1161 neque
1284 1092 1635 1163 exspectatis
1668 1093 2047 1150 Paschalibus

395 1181 605 1235 diebus
637 1181 705 1234 ad
742 1180 1007 1234 Eriorum
1043 1181 1283 1235 domum
1318 1198 1347 1235 e
1380 1182 1612 1251 regione
1656 1182 1819 1238 urbis
1870 1184 2043 1239 sitam

396 1267 919 1339 navigavit.Evenit
949 1270 1105 1324 enim
1141 1270 1335 1325 nescio
1368 1271 1506 1341 quid
1538 1270 1725 1339 aliud,
1761 1274 1915 1343 quod
1950 1288 2049 1327 ne-

396 1358 650 1414 cessario
682 1358 878 1429 ipsum
910 1360 981 1413 ad
1016 1359 1430 1429 profectionem
1463 1377 1592 1414 cum
1624 1362 1876 1416 exercitu
1913 1379 2048 1433 pro-

399 1448 645 1502 vocavit.
685 1447 780 1502 Vir
828 1449 1067 1518 quidam
1116 1448 1381 1516 Latinus,
1436 1449 1741 1521 Crispinus
1790 1451 2050 1520 nomine,

403 1553 472 1592 ex
534 1535 699 1591 Italia
757 1554 889 1591 cum
951 1538 1020 1591 ad
1078 1538 1491 1608 imperatorem
1553 1541 1927 1608 accessisset,
1977 1543 2048 1595 ad

404 1625 659 1681 Orientis
688 1630 905 1697 partes,
940 1630 1005 1680 ut
1035 1626 1112 1680 ibi
1148 1626 1450 1698 hiemaret,
1500 1629 1721 1684 missus
1778 1634 1887 1686 est.
1940 1631 2048 1696 Qui

406 1717 571 1768 ratus
631 1729 692 1768 se
740 1730 854 1769 non
906 1731 971 1769 eo
1022 1712 1242 1770 honore
1291 1716 1558 1771 affectum
1610 1734 1712 1787 pro
1764 1718 2048 1789 dignitate

400 1818 575 1873 quem
627 1808 982 1873 speraverat,
1035 1805 1106 1858 ad
1152 1804 1525 1860 rebellionem
1576 1808 1877 1879 spectavit,
1928 1814 2048 1863 sta-

399 1891 627 1962 timque
659 1897 1031 1947 occurrentes
1082 1893 1192 1947 sibi
1244 1894 1602 1949 tributorum
1652 1900 1947 1952 exactores
1995 1903 2053 1953 et

396 1978 663 2050 reliquos
732 1981 942 2053 spoliat
1006 2000 1071 2038 ac
1138 1982 1374 2053 diripit;
1458 1984 1852 2041 Romanorum
1918 2004 2053 2043 vero

397 2068 702 2125 neminem
766 2071 1078 2136 interfecit,
1140 2071 1431 2144 multique
1488 2090 1621 2129 cum
1681 2075 1809 2147 ipso
1858 2078 2055 2148 praelia

400 2159 702 2229 congressi
771 2159 907 2214 victi
971 2170 1129 2216 sunt.
1189 2161 1292 2215 Sed
1364 2160 1424 2216 in
1493 2165 1899 2221 Armeniorum
1969 2183 2058 2221 re-

406 2246 581 2319 gione
640 2247 962 2303 hibernans
1025 2249 1363 2304 bestarches
1422 2251 1657 2307 Samuel
1717 2252 2059 2310 Aluisianus

414 2335 731 2408 Bulgarus,
791 2336 1163 2409 imperatoris
1223 2339 1417 2395 uxoris
1466 2342 1661 2412 frater,
1713 2359 1889 2414 quam
1938 2344 2061 2415 pri-

417 2430 587 2481 vatus
639 2425 833 2482 adhuc
882 2428 1103 2500 degens
1152 2429 1416 2498 duxerat,
1467 2448 1600 2485 cum
1650 2432 1911 2504 quinque
1956 2440 2060 2489 0c-

427 2515 678 2571 cidentis
726 2516 1056 2587 legionibus
1105 2525 1340 2590 repente
1390 2521 1542 2576 679
1589 2521 1923 2593 Crispinum
1975 2524 2063 2578 in-

425 2603 585 2658 vadit
641 2603 771 2675 ipsa
828 2605 920 2659 die
978 2606 1464 2675 Resurrectionis,
1520 2610 1739 2665 Pascha
1796 2610 2061 2682 inquam.

424 2701 584 2765 Quod
619 2717 750 2757 cum
784 2704 1216 2774 persensissent
1248 2705 1474 2773 Franci,
1516 2706 1751 2778 fugiunt
1796 2709 2064 2777 Romani,

418 2788 804 2862 ipsorumque
853 2792 919 2847 fit
971 2792 1153 2847 multa
1202 2795 1409 2860 caedes,
1463 2812 1527 2850 ac
1576 2797 1691 2850 vivi
1752 2799 2066 2869 capiuntur

420 2895 666 2935 numero
701 2880 940 2935 inﬁniti.
976 2886 1248 2936 Attamen
1300 2899 1505 2938 omnes
1553 2885 1810 2943 humane
1856 2893 2065 2943 tracta-

420 2971 514 3023 tos
558 2969 805 3032 dimisit,
857 2970 975 3025 imo
1024 2988 1155 3026 vero
1186 2970 1522 3029 vulneratos
1550 2976 1739 3030 curari
1776 2977 2063 3047 permisit.

420 3060 563 3112 Cum
638 3057 957 3130 imperator
1035 3060 1107 3115 ad
1191 3061 1495 3133 Doryleum
1577 3066 1955 3134 pervenisset,
2033 3083 2067 3122 a

421 3146 687 3218 Crispino
722 3148 1068 3219 legationem
1106 3151 1351 3221 accepit,
1405 3168 1523 3223 qua
1571 3154 1928 3211 deditionem
1979 3156 2061 3211 fa-

423 3236 677 3302 tebatur,
728 3243 786 3292 et
834 3239 905 3293 de
953 3239 1274 3294 defectione
1322 3257 1385 3295 se
1416 3243 1608 3311 ipsum
1643 3245 1976 3311 excusabat,
2009 3249 2066 3299 et

422 3325 663 3380 omnino
715 3326 1004 3381 malorum
1056 3345 1184 3400 qua:
1244 3328 1363 3385 sive
1413 3330 1635 3399 volens,
1685 3332 1805 3388 sive
1852 3333 2069 3388 invitus

421 3420 813 3486 perpetrasset
872 3416 1226 3473 oblivionem
1289 3420 1539 3489 petebat.
1596 3421 1819 3485 Quibus
1863 3427 2068 3492 postu-

419 3502 554 3559 latis
588 3506 796 3561 annuit
829 3506 1167 3577 imperator,
1201 3512 1257 3561 et
1288 3507 1483 3562 omnia
1513 3525 1640 3579 quae
1688 3509 1785 3565 ille
1830 3512 2071 3580 petierat

421 3593 679 3663 perfecit,
742 3594 850 3647 viri
921 3594 1287 3649 nobilitatem
1355 3602 1412 3650 et
1477 3597 1536 3649 in
1605 3596 1758 3651 bello
1823 3598 2068 3668 gloriam

416 3690 635 3745 veritus
695 3709 707 3745 :
762 3691 978 3746 etenim
1047 3692 1393 3747 defectionis
1455 3698 1733 3764 tempore,
1789 3711 1917 3750 cum
1978 3696 2070 3749 in-

417 3778 654 3833 cidisset
706 3780 762 3834 in
817 3781 1133 3835 maximam
1183 3784 1502 3837 Turcorum
1554 3800 1818 3851 manum,
1868 3784 2067 3853 ingen-

415 3866 499 3922 tia
554 3885 732 3922 manu
788 3885 896 3923 sua
947 3870 1206 3924 facinora
1253 3869 1537 3927 ediderat.
1586 3873 1655 3927 Et
1700 3876 2070 3944 progredien-

418 3954 460 4009 ti
516 3954 854 4026 imperatori
914 3956 1105 4011 instar
1156 3957 1303 4011 servi
1329 3959 1555 4013 obviam
1617 3961 1699 4014 fit.
1747 3962 2070 4032 Subitoque

421 4048 485 4097 ut
511 4044 738 4099 amicus
769 4061 835 4098 ac
868 4046 1184 4099 benevolus
1218 4047 1600 4116 sequebatur,
1634 4050 1835 4120 paucis
1866 4067 2065 4107 secum

420 4132 777 4203 quibusdam
811 4134 1102 4189 militibus
1133 4135 1403 4191 adductis
1437 4153 1449 4190 :
1483 4136 1630 4194 alios
1657 4139 1813 4195 enim
1861 4139 1922 4194 in
1959 4157 2065 4212 op-

423 4222 559 4291 pido
631 4222 1010 4279 Maurocastri
1094 4223 1432 4293 reliquerat,
1513 4229 1668 4297 quod
1753 4235 2068 4300 occuparat

416 4310 477 4365 in
524 4312 821 4377 Armenia,
873 4313 935 4366 in
994 4311 1111 4368 alto
1172 4312 1319 4369 colle
1379 4317 1659 4385 positum.
1720 4318 1831 4372 Sed
1892 4318 2064 4389 paulo

414 4404 566 4469 post,
651 4416 783 4454 cum
873 4400 930 4455 in
1020 4401 1417 4472 suspicionem
1501 4406 1781 4473 venisset,
1868 4408 2064 4463 nescio

413 4488 551 4558 quid
585 4488 819 4545 crudele
862 4490 920 4544 in
973 4492 1271 4561 propriam
1322 4492 1544 4548 tribum
1596 4500 2057 4566 perpetraturus,

2155 542 2354 602 ϐάλλει
2387 550 2455 622 τῇ
2500 547 2813 621 Ῥωμαίων.
2868 550 2949 621 [Ρ.
3000 550 3129 622 829]
3161 547 3513 624 Ἐντυχόντες
3546 546 3590 602 δ⁰
3619 547 3809 622 ἀθρόοι

2151 636 2344 698 τόποις
2373 639 2610 712 ψυχροῖς
2641 635 2692 706 ἐξ
2744 637 2870 711 ἀγαν
2922 635 3181 691 ἀλεεινὼν
3211 637 3301 691 καὶ
3333 638 3546 711 θερμῶν
3582 633 3811 703 πολλῆς

2158 720 2470 797 μεταϐολῆς
2520 724 2752 800 ᾔσθοντο
2787 746 2800 759 ·
2846 724 2930 781 διὸ
2973 727 3064 781 καὶ
3112 728 3391 801 ἄνθρωποι
3440 724 3643 781 πολλοὶ
3694 725 3805 779 ἀπ-

2156 814 2342 868 έθανον
2373 816 2459 869 καὶ
2508 820 2620 883 ζῶα
2658 814 2845 871 πολλά
2882 815 3233 889 ἐναπέψυξαν.
3286 815 3556 886 Ἐξιόντος
3601 814 3658 869 δὲ
3704 818 3809 869 τοῦ

2159 901 2429 980 βασιλέως
2482 903 2555 965 εἷς
2609 926 2661 959 τι
2720 904 2930 980 χωρίον
2986 912 3087 975 τῆς
3135 901 3414 959 Ποδανδοῦ
3461 901 3807 979 κλεισούρας,

2155 992 2412 1069 Γυτάριον
2472 995 2995 1067 κατονομαζόμενον,
3051 992 3280 1064 ἤκουσεν
3328 996 3357 1049 6
3405 992 3659 1069 βασιλεὺς
3704 996 3807 1063 τήν

2152 1102 2212 1135 τε
2267 1086 2365 1135 τοῦ
2426 1082 2689 1158 Ἀμοίρου
2738 1081 3161 1161 λαφυραγωγίαν
3219 1083 3309 1137 καὶ
3368 1084 3530 1155 φόνον
3594 1080 3806 1156 ἀνδρῶν

2156 1169 2459 1242 ἀμύθητον.
2495 1172 2969 1242 Κατεστηκηκυίας
3024 1169 3081 1226 δὲ
3118 1179 3218 1241 τῆς
3250 1166 3609 1247 παρεμϐολῆς
3638 1170 3692 1225 ἑν
3728 1175 3810 1242 τῷ

2152 1264 2250 1314 τοῦ
2302 1261 2559 1322 Χαλκέως
2622 1266 2847 1333 σταθμῷ
2905 1262 2933 1315 6
3000 1260 3052 1315 έν
3118 1260 3401 1333 Μελιτηνῇ
3447 1264 3657 1334 κρατῶν
3710 1264 3809 1315 τοῦ

2157 1354 2385 1425 στρατοῦ
2418 1347 2532 1405 οὐδ’
2563 1348 2707 1412 ὅλως
2764 1350 2908 1422 αὐτῷ
2954 1345 3282 1426 προσϐαλεῖν
3334 1348 3623 1419 ἠθέλησεν,
3659 1343 3808 1424 ἔχων

2156 1439 2245 1493 καὶ
2285 1443 2451 1493 ταῦτα
2492 1441 2592 1509 τὴν
2644 1440 2896 1514 στρατιὰν
2949 1439 3001 1493 ἐν
3055 1444 3133 1511 τῷ
3184 1443 3282 1493 τοῦ
3314 1435 3637 1510 Τζαμανδοῦ
3679 1458 3810 1491 συν-

2158 1529 2523 1602 ηθροισμένην
2569 1528 2892 1600 πολίσματι.
2945 1530 3062 1606 Ἐφ’
3112 1531 3195 1591 οἷς
3239 1528 3491 1595 ἀνίαθεὶς,
3528 1528 3603 1599 μή
3637 1525 3807 1595 δυνη-

2160 1616 2269 1681 θεὶς
2302 1614 2358 1671 δὲ
2414 1618 2682 1692 βοηθῆσαι
2732 1623 2812 1690 τῷ
2860 1616 3163 1693 πράγματι,
3206 1617 3273 1671 τὰ
3311 1616 3447 1671 κατά
3488 1617 3582 1671 τὸν
3640 1636 3807 1691 στρα-

2155 1707 2247 1760 τὸν
2309 1706 2383 1768 ὡς
2437 1704 2560 1775 ἐνῆν
2611 1704 2799 1777 δεξιως
2844 1704 3183 1777 διαθέμενος,
3232 1705 3309 1768 εἷς
3364 1704 3810 1780 παραχειμασίαν

2155 1796 2216 1850 τὸ
2242 1794 2429 1850 πλεῖον
2480 1797 2657 1851 αὐτῶν
2706 1794 3031 1857 ἀποστείλας
3082 1795 3242 1857 αὐτὸς
3297 1794 3384 1850 ἐπὶ
3414 1796 3475 1849 τὸ
3516 1796 3811 1863 Βυζάντιον

2154 1884 2296 1951 ἵετο,
2327 1887 2463 1960 πρὸς
2486 1890 2567 1958 τῷ
2594 1884 2744 1941 τέλει
2764 1885 2860 1940 τού
2892 1885 3227 1960 Ἰανουαρίου
3262 1885 3437 1958 μηνὸς
3479 1879 3811 1939 καταλαϐὼν

2161 1974 2215 2029 έν
2247 1973 2413 2046 αὐτῷ.
2470 1975 2750 2051 Διαγαγὼν
2802 1975 2977 2030 τοίνυν
3031 1973 3082 2029 έν
3135 1973 3282 2046 αὐτῷ
3328 1973 3553 2049 χρόνον,
3594 1972 3815 2036 καὶτὰς

2162 2071 2452 2136 πολιτικὰς
2502 2071 2797 2144 διοικήσεις
2848 2074 2921 2135 ὡς
2970 2070 3189 2127 δυνατὸν
3240 2069 3683 2145 διοικησάμενος,
3726 2070 3821 2125 καὶ

2163 2163 2328 2236 τιμὰς
2376 2164 2463 2217 καὶ
2540 2161 2810 2233 δεξιώσεις
2886 2162 2959 2224 εἷς
3034 2183 3181 2224 τινας
3255 2166 3362 2216 τῶν
3439 2159 3820 2236 συγκλητικῶν

2166 2254 2559 2325 ποιησάμενος,
2602 2253 2690 2307 καὶ
2738 2254 2832 2315 τὰς
2897 2251 3145 2322 ἐτησίους
3202 2249 3409 2326 δωρεὰς
3464 2248 3823 2322 διανειμάμε-

2168 2364 2281 2413 νος,
2310 2342 2398 2396 καὶ
2449 2339 2573 2395 οὐδὲ
2629 2342 2726 2403 τὰς
2803 2339 3149 2417 πασχαΛίους
3213 2340 3425 2413 ἡμέρας
3484 2338 3827 2414 περιμείνας,

2172 2430 2248 2493 εἷ¹ς
2306 2431 2396 2485 τὸν
2456 2432 2741 2507 ἀντιπέραν
2800 2437 2899 2499 τῆς
2949 2428 3165 2492 πόλεως
3244 2430 3394 2484 οἷκον
3461 2433 3570 2483 τῶν
3620 2427 3827 2502 Ἠρίιυν

2173 2518 2528 2579 ἀπέπλευσεν.
2570 2514 2893 2589 Ἐπισυνέϐη
2944 2518 3047 2595 γάρ
3087 2540 3138 2573 τι
3195 2518 3285 2573 καὶ
3327 2514 3513 2592 ἓτερον
3550 2518 3690 2592 πρὸς
3732 2516 3826 2571 ἐκ·

2174 2611 2451 2685 στρατείαν
2512 2609 2811 2684 ἀναγκαίως
2865 2606 3066 2663 καλοῦν
3126 2606 3312 2664 αὐτόν.
3370 2608 3537 2680 Ἀνὴρ
3579 2606 3683 2680 γάρ
3740 2626 3829 2666 τις

2174 2704 2425 2771 Λατῖνος,
2471 2704 2761 2773 Κρισπῖνος
2810 2699 2910 2767 τήν
2964 2696 3184 2765 κλῆσιν,
3220 2696 3268 2769 ἐξ
3325 2694 3560 2757 Ἰταλίας
3608 2698 3690 2766 τῷ
3726 2695 3828 2770 βα-

2175 2788 2320 2844 σιλεῖ
2374 2788 2691 2863 προσελθὼν
2760 2788 2897 2861 πρὸς
2958 2788 3057 2856 τὴν
3112 2787 3280 2859 Ἐῲαν
3339 2782 3641 2854 ἀπεστάλη,
3702 2804 3824 2859 χει-

2178 2880 2361 2951 μάσων
2421 2876 2641 2933 ἐκεῖθεν.
2698 2877 2860 2947 Δόξας
2924 2874 2980 2930 δὲ
3040 2878 3116 2948 μὴ
3174 2876 3472 2948 τιμηΘηναι
3525 2872 3689 2943 ἀξίως
3744 2869 3822 2925 ὧν

2172 2966 2403 3037 ἤλπιζεν
2490 2966 2814 3021 ἀποστασίαν
2901 2964 3187 3035 έσκόπησε,
3269 2962 3359 3018 καὶ
3424 2962 3613 3017 αὐτίκα
3694 2960 3828 3022 τοὺς

2175 3060 2538 3116 συναντῶντας
2596 3054 2939 3132 φορολόγους
3006 3074 3061 3107 τε
3130 3051 3219 3106 καὶ
3279 3049 3507 3111 λοιποὺς
3572 3047 3827 3104 σκυλεύει

2174 3146 2261 3201 καὶ
2291 3143 2593 3222 διαρπάζει,
2627 3145 2788 3223 φόνον
2841 3140 2897 3198 δὲ
2945 3142 3235 3215 Ῥωμαίων
3281 3138 3467 3196 οὐδένα
3515 3138 3830 3215 εἲργάσατο.

2177 3242 2389 3300 Πολλοὶ
2417 3241 2473 3298 δὲ
2487 3243 2665 3315 τούτῳ
2684 3243 2819 3315 πρὸς
2848 3244 3037 3316 μάχην
3061 3238 3346 3302 συστάντες
3374 3240 3587 3309 ἡττήθη
3600 3258 3715 3294 σαν.
3736 3240 3835 3294 Ἐν

2178 3331 2235 3387 δὲ
2263 3337 2340 3404 τῷ
2371 3332 2559 3404 θέματι
2602 3336 2708 3386 τῶν
2753 3332 3128 3406 ’Δρμενιακῶν
3177 3328 3609 3404 παραχειμάζων
3660 3327 3691 3380 6
3742 3327 3836 3400 βε-

2178 3421 2423 3497 στάρχης
2440 3420 2708 3493 Σαμουὴλ
2733 3422 2760 3475 6
2786 3418 3161 3480 Ἀλουϊσιανὸς
3186 3419 3213 3472 6
3237 3412 3837 3492 Βούλγαρος,ἀδελφὸς

2178 3511 2253 3565 ὥν
2275 3518 2375 3579 τῆς
2406 3514 2502 3565 τοῦ
2538 3508 2807 3585 βασιλέως
2822 3505 3181 3585 γυναικὸς,ἤν
3213 3501 3606 3561 ἔτιίδιωτεῦων
3627 3504 3837 3580 ἠγάγεο

2176 3621 2261 3670 το,
2297 3600 2429 3671 μετά
2458 3601 2564 3653 τῶν
2609 3598 2911 3671 Ἐσπερίων
2964 3598 3120 3651 πέντε
3161 3596 3453 3671 ταγμάτων
3486 3590 3836 3670 προσϐάλλει

2175 3694 2254 3761 τῷ
2303 3689 2588 3763 Κρισπίνῳ
2650 3687 2701 3758 ἐξ
2776 3684 2977 3764 ἐφόδου
3054 3687 3170 3740 κατ’
3241 3685 3411 3753 αὐτὴν
3464 3685 3561 3753 τὴν
3617 3685 3837 3757 ἡμέραν

2175 3785 2275 3847 τῆς
2319 3777 2681 3843 ἀναστάσεως,
2718 3780 2817 3830 τοῦ
2865 3778 3055 3852 Ηάσχα
3106 3773 3272 3852 φημί.
3323 3774 3736 3843 Συναισθήτεως
3768 3769 3831 3826 δὲ

2176 3866 2475 3942 γενομένης
2500 3871 2618 3927 τοῖς
2662 3864 2938 3941 Φράγγοις
2979 3864 3264 3940 φεύγουσιν
3310 3864 3361 3916 οἱ
3411 3863 3702 3935 Ῥωμαῖοι,
3734 3863 3831 3915 καὶ

2177 3951 2340 4031 φόνος
2389 3957 2595 4009 τούτων
2643 3954 2843 4029 γίνεται
2891 3951 3065 4014 πολὺς
3116 3952 3205 4007 καὶ
3253 3950 3482 4027 ζωγρεία
3519 3949 3831 4022 ἀμύθητος.

2174 4054 2364 4125 Ὅμως
2396 4049 2463 4119 δὴ
2498 4052 2589 4106 οὗν
2636 4049 3039 4129 φιλανθρώπως
3089 4050 3278 4110 αὐτοῖς
3331 4046 3591 4111 διατεθείς
3622 4046 3834 4107 πάντας

2174 4142 2369 4215 ἀφῆκε,
2407 4138 2618 4213 μᾶλλον
2665 4142 2760 4213 μὶν
2808 4138 2901 4195 οὖν
2959 4139 3047 4193 καὶ
3113 4137 3240 4200 τοὺς
3298 4135 3604 4211 πληγέντας
3666 4155 3837 4190 νοσο-

2174 4236 2461 4303 κομεῖσθαι
2492 4226 2823 4304 παρέδωκεν.
2878 4230 2964 4285 Ἐν
3014 4232 3093 4298 τῷ
3123 4225 3411 4301 Δορυλαίῳ
3443 4223 3499 4279 δὲ
3537 4226 3840 4299 γενόμενος

2174 4321 2202 4373 ὁ
2256 4318 2510 4395 βασιλεὺς
2560 4312 2845 4392 πρεσϐείαν
2898 4321 2997 4371 τοῦ
3042 4316 3346 4391 Κρισπίνου
3394 4312 3629 4383 ἐδέξατο,
3689 4313 3836 4385 ὁμο⁹

2175 4407 2367 4481 λογίαν
2392 4429 2451 4461 τε
2483 4414 2583 4476 τῆς
2616 4404 2939 4466 δουλώσεως
2967 4407 3058 4459 καὶ
3087 4405 3186 4473 τήν
3218 4400 3520 4475 ἀπολογίαν
3553 4407 3654 4470 τῆς
3682 4401 3837 4455 ἀντι-

2172 4497 2393 4557 στασίας
2446 4496 2735 4573 φέρουσαν,
2781 4493 2871 4547 καὶ
2922 4491 3112 4554 ἁπλῶς
3162 4490 3461 4564 ἀμνηστίαν
3505 4493 3685 4544 κακῶν
3719 4494 3838 4544 τῶν

412 4577 566 4647 quod
633 4594 753 4632 suae
810 4577 1098 4633 voluntati
1161 4596 1276 4635 non
1330 4582 1755 4651 obsequeretur
1818 4586 2058 4651 (etenim

2170 4586 2298 4659 παρ’
2348 4582 2512 4637 αὐτοῦ
2555 4582 2948 4659 πεπραγμένων
3001 4579 3107 4637 εἷ’τε
3154 4580 3375 4641 ἑκόντος
3414 4575 3521 4634 εἶ’τε
3575 4575 3836 4640 ἄκοντος.

418 4665 708 4735 perfidum
770 4671 827 4720 et
884 4667 1232 4738 inexplebile
1296 4670 1647 4726 Francorum
1707 4688 1891 4742 genus
1955 4679 2064 4741 est,

417 4752 535 4807 imo
568 4754 744 4807 etiam
778 4754 1100 4827 ingratum,
1138 4762 1193 4811 et
1226 4758 1434 4814 multis
1465 4760 1888 4815 offensionibus
1939 4778 2064 4816 ma-

415 4856 533 4913 gna
613 4842 860 4899 crimina
939 4847 1259 4903 exsuscitat
1340 4853 1397 4904 et
1464 4850 1930 4920 perturbationes
1996 4867 2063 4906 ac

414 4929 757 5001 seditiones,
800 4934 1015 5003 quibus
1068 4943 1347 5006 tanquam
1407 4937 1635 4992 delictis
1692 4937 2060 5009 oblectatur),

412 5029 703 5087 exercitus
768 5032 1015 5104 imperio
1081 5036 1387 5090 abdicatus
1457 5037 1586 5103 fuit,
1651 5053 1764 5090 non
1836 5038 2061 5094 sincere

413 5118 735 5188 convictus,
771 5122 869 5176 sed
904 5128 1132 5177 tantum
1165 5141 1199 5178 a
1230 5125 1483 5194 quodam
1525 5126 1792 5180 Nemizzo
1844 5125 2059 5181 illustri

413 5214 746 5266 accusatus.
773 5210 1014 5266 Sodales
1044 5212 1198 5267 680
1228 5229 1360 5266 vero
1394 5213 1578 5281 ipsius
1622 5213 1819 5283 iniquo
1863 5216 2058 5272 animo

410 5294 468 5349 id
528 5299 685 5366 passi
746 5316 813 5354 ex
868 5301 1082 5370 oppido
1144 5300 1383 5369 profecti
1451 5302 1509 5354 in
1572 5301 2056 5373 MesOpotamiam

412 5400 473 5439 se
507 5386 818 5458 recipiunt,
856 5389 1160 5459 multaque
1190 5389 1408 5443 damna
1438 5389 1517 5443 ibi
1550 5392 2057 5449 commorantibus

416 5472 803 5529 intulere.Ubi
829 5492 963 5530 vero
986 5475 1308 5545 imperator
1331 5492 1461 5530 cum
1487 5478 1741 5533 exercitu
1770 5479 1838 5533 ad
1866 5483 2052 5534 Cresa-

416 5575 575 5617 ream
626 5565 910 5634 pervenit,
960 5563 1343 5634 cognovitque
1388 5566 1682 5637 ingentem
1732 5572 2054 5625 Turcorum

417 5665 658 5706 manum
716 5652 1009 5722 regionem
1044 5652 1389 5725 depraedari,
1415 5658 1734 5726 quamdam
1768 5662 2056 5716 exercitus

2173 4674 2271 4733 Οἷς
2304 4673 2577 4742 ὑπήκουσε
2619 4674 2708 4726 καὶ
2748 4674 2776 4726 ὁ
2821 4670 3093 4746 βασιλεὺς,
3126 4671 3214 4725 καὶ
3266 4668 3445 4724 πάντα
3490 4666 3590 4721 ὅσα
3630 4665 3834 4741 ἐξῃτή-

2173 4782 2301 4815 σατο
2350 4760 2738 4835 κατεπράξατο,
2791 4762 2855 4815 τὸ
2906 4761 2996 4815 τοῦ
3042 4757 3234 4832 ἀνδρὸς
3289 4761 3537 4835 γενναῖον
3568 4757 3837 4831 καὶπρὸς

2169 4849 2301 4912 τοὺς
2333 4848 2615 4921 πολέμους
2663 4846 2944 4925 περίδοξον
2994 4846 3421 4920 καταιδούμενος
3455 4864 3468 4879 ο
3522 4845 3614 4899 καὶ
3644 4844 3756 4919 γὰρ
3780 4846 3836 4900 ἐν

2168 4940 2247 5010 τῴ
2275 4945 2376 5007 τῆς
2439 4939 2768 5000 ἀποστασίας
2826 4942 3001 5011 καιρῶ
3047 4936 3298 5012 Τούρκων
3342 4934 3583 5009 ἐντυχὼν
3616 4930 3841 5003 πληθυῖ

2169 5025 2361 5100 πολλῇ
2400 5025 2641 5100 μεγάλας
2689 5024 3041 5100 ἀνδραγαθίας
3099 5023 3159 5079 ἐκ
3207 5024 3395 5099 χειρὸς
3436 5020 3841 5096 ἀπειργάσατο.

2172 5130 2248 5191 [P.
2299 5127 2427 5196 830]
2487 5124 2586 5180 Καὶ
2664 5123 2911 5199 προϊόντι
2983 5126 3064 5194 τῷ
3140 5120 3355 5197 βασιλεῖ
3430 5116 3844 5188 δουλοπρεπῶς

2168 5214 2395 5283 ἀπαντᾷ,
2451 5214 2542 5268 καὶ
2621 5212 2773 5276 αὖθις
2845 5214 2918 5273 ὡς
2993 5209 3176 5273 εὔνους
3244 5210 3541 5275 συνείπετο,
3602 5206 3838 5283 ὀλίγους

2164 5302 2313 5363 τινὰς
2368 5304 2701 5378 στρατιώτας
2755 5301 3088 5376 ἐπαγόμενος
3130 5318 3142 5333 ·
3198 5298 3340 5354 εἴασε
3386 5299 3490 5373 γὰρ
3539 5296 3666 5357 τοὺς
3728 5294 3833 5350 ἅλ-

2167 5392 2299 5453 λους
2346 5392 2397 5446 ἐν
2448 5397 2526 5463 τῷ
2583 5396 2680 5446 τοῦ
2724 5392 3153 5466 Μαυροκάστρου
3211 5387 3540 5460 πολίσματι,
3599 5383 3662 5438 οὗ
3720 5386 3828 5453 τήν

2164 5480 2487 5555 κατάσχεσιν
2543 5480 2839 5550 ἐποιήσατο
2887 5480 2938 5533 ἐν
2988 5484 3067 5550 τῷ
3116 5479 3479 5549 Ἀρμενιακῷ,
3513 5473 3600 5528 ἐπὶ
3641 5471 3826 5547 λόφου

2163 5571 2394 5643 κειμένῳ
2429 5568 2669 5643 ὑψηλοῦ.
2703 5570 2827 5625 Μετ’
2877 5567 3066 5643 ὀλίγον
3118 5565 3176 5622 δὲ
3220 5564 3542 5638 ὑπονοηθεὶς
3573 5561 3728 5635 ὠμόν
3765 5583 3823 5618 τι

2163 5654 2547 5730 διαπράξασθαι
2596 5656 2672 5717 εἷς
2718 5657 2815 5724 τὴν
2873 5655 3071 5711 οἰκείαν
3124 5654 3301 5732 φυλὴν
3360 5656 3436 5727 μή
3488 5652 3821 5725 συναιρομέ-
