4008 6206
220 372 359 431 409

1749 369 2144 433 HISTORIA.

3531 377 3651 440 410

220 523 334 573 νην
382 502 529 574 αὐτῷ
584 500 635 557 ἰν
679 507 799 566 τοῖς
850 500 1207 579 βουλομένοις
1254 502 1367 572 (καὶ
1405 500 1504 577 γὰρ
1534 502 1621 556 καὶ
1657 502 1880 557 ἄπιστον

2009 509 2224 577 partem
2264 508 2546 564 adversus
2592 507 2751 580 ipsos
2777 507 2937 564 misit
2964 526 2979 577 ;
3010 524 3187 580 quam
3220 508 3435 566 infecta
3464 526 3526 566 re
3556 512 3651 567 fu-

222 590 325 645 καί
358 590 639 661 ἄπληστον
685 613 748 646 το
798 595 952 667 γένος
994 596 1101 645 τῶν
1132 592 1421 667 Φράγγων,
1456 590 1668 664 μᾶλλον
1712 589 1769 645 δὲ
1798 590 1887 645 καὶ

224 681 557 756 ἀχάριστον,
606 681 696 735 καὶ
753 678 994 744 πολλοῖς
1048 680 1350 753 πταίσμασι
1416 678 1659 755 μεγάλας
1713 678 1887 742 αῗτίας

226 770 514 845 ἐπεγεῖρον
574 771 663 824 καὶ
718 771 965 845 ταραχὰς
1021 770 1112 825 καὶ
1170 768 1524 835 ἀποστασίας,
1574 772 1659 831 αἶς
1707 769 1887 845 έντρυ⁸

225 862 453 935 φήματι
512 859 789 933 γάννυται)
848 859 1176 937 ἀπεπέμφθη
1234 863 1331 914 τοῦ
1378 856 1763 933 στρατοπέδου,
1814 861 1887 931 μή

223 952 490 1021 καθαρῶς
524 950 619 1022 μὲν
648 948 950 1025 ἐλεγχθεὶς,
985 947 1110 1004 ἀλλ’
1142 948 1179 1017 ἢ
1230 949 1393 1021 μόνον
1442 948 1589 1023 παρὰ
1618 947 1890 1020 Νεμίτζου

224 1039 378 1100 τινὸς
430 1037 706 1110 ἐπισήμου
751 1037 1165 1113 κατηγορηθείς.
1216 1038 1282 1094 Οἱ
1338 1034 1394 1091 δὲ
1447 1038 1651 1109 ἑταῖροι
1692 1036 1890 1091 τούτου

228 1128 325 1181 ἐπὶ
384 1129 469 1198 τῷ
524 1126 769 1202 γεγονότι
830 1125 1337 1197 δεινοπαθήσαντες,
1397 1124 1616 1200 ἄραντες
1680 1123 1739 1180 ἐκ
1793 1129 1890 1179 τοῦ

228 1217 529 1292 -ρρουρίου,
594 1218 693 1285 τὴν
778 1214 1198 1288 Μεσοποταμίαν
1268 1210 1748 1287 καταλαμϐάνουσι
1800 1215 1888 1268 καὶ

224 1304 428 1361 πολλα
485 1306 625 1360 κακὰ
673 1311 789 1369 τοῖς
840 1305 1011 1359 ἐκεῖσε
1052 1303 1384 1380 εἰργάσαντο.
1426 1303 1573 1360 Ἐπεὶ
1622 1302 1669 1357 δ’
1717 1305 1745 1357 6
1798 1304 1890 1377 βα-

226 1393 426 1455 σιλευς
482 1394 616 1465 μετα
659 1391 905 1463 πλήθους
954 1395 1080 1462 ἧκεν
1138 1393 1213 1454 είς
1266 1392 1610 1466 Καισάρειαν,
1640 1392 1891 1466 Τοόρκων

224 1482 460 1552 πλῆθος
518 1481 663 1537 πολὺ
727 1483 909 1555 μαθὼν
965 1484 1061 1552 τὴν
1119 1483 1305 1557 χώραν
1367 1479 1706 1551 λεηλατοῦν,
1766 1480 1894 1534 ἀπέ-

227 1572 419 1628 στειλε
484 1573 648 1645 μέρος
714 1595 765 1627 τι
819 1576 917 1641 τῆς
976 1577 1229 1647 στρατιᾶς
1274 1572 1390 1626 κατ’
1448 1571 1645 1627 αὐτῶν.
1708 1568 1892 1639 Μηδὲν

228 1664 463 1730 ἀνύσας,
522 1661 670 1717 ἀλλὰ
730 1667 925 1738 φεῦγον
985 1659 1381 1734 ὑποδεξάμενος
1417 1702 1431 1727 ,
1491 1663 1893 1732 συντεταμένως

224 1766 335 1827 τῆς
404 1759 597 1834 πρόσω
650 1765 817 1837 φορᾶς
873 1759 1074 1835 εἴχετο.
1134 1761 1316 1829 Μήπω
1376 1756 1433 1812 δὲ
1495 1760 1633 1830 μήτε
1689 1760 1896 1835 τάφρου

1997 595 2252 665 gientem
2286 597 2603 668 excipiens,
2636 598 2958 653 continenti
2999 597 3207 652 itinere
3240 597 3486 654 ulterius
3518 617 3649 670 pro-

1998 684 2161 754 gredi
2192 701 2507 757 aggressus
2539 691 2646 741 est.
2680 687 2826 742 Cum
2880 688 3141 743 nondum
3192 704 3380 757 neque
3430 688 3648 744 vallum

2000 790 2188 844 neque
2242 776 2689 830 tabernaculum
2748 782 3151 831 constructum
3212 782 3387 843 esset,
3449 777 3649 832 hostes

2000 878 2342 933 apparuere,
2366 864 2464 933 qui
2497 864 2799 919 tutissima
2827 864 2953 918 loca
2982 866 3348 935 occupabant
3372 869 3429 920 et
3458 869 3653 920 tumu-

2000 952 2108 1006 los.
2144 952 2309 1007 Edito
2327 957 2522 1008 autem
2547 953 2799 1007 clamore
2823 971 2952 1007 cum
2979 954 3297 1026 imperator
3318 970 3443 1009 sese
3469 953 3650 1026 quieti

2002 1040 2245 1095 minime
2304 1040 2648 1105 dedidisset,
2698 1057 2898 1095 verum
2950 1039 3264 1096 classicum
3318 1042 3651 1105 cecinisset,

2002 1154 2337 1210 processere
2394 1139 2598 1194 ordine
2647 1138 2991 1209 phalanges,
3043 1138 3414 1210 sublatisque
3464 1139 3649 1203 signis

2004 1243 2336 1298 processere
2367 1228 2830 1282 adversariorum
2860 1227 3193 1297 plures.Sed
3221 1244 3352 1282 cum
3389 1227 3649 1300 legiones

2002 1320 2406 1387 occupassent,
2442 1333 2557 1371 una
2591 1317 2914 1388 Lycaonum
2948 1321 3083 1371 tunc
3128 1316 3440 1388 appellata,
3473 1315 3653 1371 altera

2005 1404 2467 1460 Occidentalium
2509 1404 2810 1475 copiarum
2844 1404 3016 1460 solito
3047 1404 3344 1473 audacior,
3372 1404 3651 1459 adversus

2007 1494 2203 1549 hostes
2237 1493 2479 1557 irruere,
2513 1510 2610 1548 eos
2641 1495 2709 1548 ad
2748 1493 2944 1565 fugam
2992 1494 3190 1548 statim
3213 1497 3474 1564 spectare
3521 1509 3653 1547 coe-

2005 1588 2237 1655 gerunt.
2261 1584 2329 1637 Et
2347 1599 2477 1637 cum
2512 1583 2827 1653 imperator
2859 1581 3151 1653 reliquum
3181 1583 3493 1637 exercitum
3522 1571 3655 1635 ante

2006 1671 2665 1745 produceret,reliquam
2686 1688 2918 1743 quoque
2935 1671 3190 1726 hostium
3217 1669 3655 1725 multitudinem

2014 1787 2147 1826 cum
2171 1770 2301 1826 aliis
2333 1770 2694 1841 fugientibus
2727 1769 2903 1825 simul
2935 1769 3136 1841 fugere
3165 1767 3468 1839 compulit.
3490 1768 3658 1821 Acce-

232 1851 383 1922 μήτε
445 1850 771 1919 σκηνώσεως
824 1850 1146 1925 γενομένης,
1206 1846 1471 1926 ἐφάνησαν
1533 1847 1584 1901 οἱ
1633 1844 1894 1917 πολέμιοι

2009 1860 2282 1915 dentibus
2312 1865 2507 1915 autem
2559 1859 2845 1914 militibus
2876 1864 2935 1913 et
2958 1858 3305 1929 Scytharum
3355 1871 3657 1911 mercena-

227 1941 304 1995 τὰ
360 1938 703 2014 ἑρυμνότατα
758 1942 865 1992 τῶν
920 1937 1101 1992 τόπων
1162 1935 1485 2010 κατέχοντες
1536 1936 1626 1990 καὶ
1670 1935 1767 1996 τὰς
1801 1933 1898 1988 λο-

235 2027 391 2104 ξιάς.
426 2033 577 2095 Βοῆς
630 2024 688 2081 δὲ
732 2025 1055 2099 γενομένης,
1091 2027 1166 2097 μή
1201 2022 1567 2086 ἐκδεδωκότος
1617 2027 1713 2078 τοῦ
1748 2024 1900 2099 βασι-

239 2116 388 2178 λέως
429 2115 619 2170 ἑαυτὸν
659 2113 976 2184 ἀναπαύσει,
1009 2112 1155 2170 ἀλλὰ
1206 2114 1266 2169 τὸ
1312 2113 1558 2169 ἐνυάλιον
1615 2112 1903 2167 σαλπίσαν-

232 2227 357 2275 τος,
406 2205 685 2279 προῄεσαν
740 2205 878 2259 κατὰ
930 2205 1076 2276 τάξιν
1136 2205 1191 2258 αἱ
1251 2202 1549 2278 φάλαγγες.
1612 2204 1897 2278 Ἀρθεισῶν

234 2293 297 2349 δὲ
340 2299 453 2349 τῶν
506 2298 760 2365 σημαιῶν
806 2292 1112 2368 προέκοψαν
1168 2294 1264 2367 μὲν
1311 2291 1418 2347 τῶν
1470 2292 1720 2347 ἐναντίων
1765 2290 1904 2346 πολ-

233 2383 349 2437 λοίο
414 2377 811 2457 προλαϐόντων
880 2379 937 2436 δί
991 2386 1096 2436 τῶν
1156 2383 1471 2458 ταγμάτων,
1528 2380 1734 2453 ’ἐν’μὶν
1792 2384 1899 2434 τῶν

232 2473 530 2529 Λυκαόνων
619 2469 916 2545 λεγόμενον
952 2516 966 2541 ,
1021 2468 1207 2544 ἓτερον
1286 2468 1343 2525 δὲ
1414 2474 1523 2524 τῶν
1606 2466 1903 2543 Ἑσπερίων

232 2562 519 2635 ἀριθμῶν,
578 2559 667 2614 καὶ
731 2565 829 2615 τοῦ
888 2562 1153 2631 συνήθους
1219 2558 1543 2635 θρασύτερον
1606 2558 1739 2612 κατᾶ
1796 2560 1903 2611 τῶν

236 2649 497 2705 ἐναντίων
560 2648 824 2703 ἐλάσαντα
879 2650 1015 2725 πρὸς
1071 2649 1243 2726 φυγὴν
1305 2647 1458 2711 εὐθὺς
1510 2644 1719 2701 ἀπιδεῖν
1770 2668 1902 2701 κατ-

236 2738 558 2813 ηνάγκασαν
602 2783 613 2795 .
676 2732 1115 2813 Ηροϐιϐάζοντος
1188 2734 1245 2791 δέ
1313 2741 1410 2791 τοῖ’)
1478 2735 1751 2811 βασιλέως
1800 2736 1899 2802 τήν

238 2827 451 2897 λοιπήν
501 2828 777 2897 στρατιὰν,
824 2827 913 2881 καὶ
967 2827 1029 2881 τὸ
1079 2825 1273 2882 λοιπὸν
1325 2829 1539 2890 πλῆθος
1588 2829 1696 2879 τῶν
1735 2823 1902 2879 πολε-

242 2917 386 2987 μέων
439 2921 568 2970 τοῖσ
610 2916 867 2994 φεύγουσι
928 2912 1263 2991 συνδιέφυγε.
1314 2912 1628 2989 Παριόντων
1686 2910 1743 2967 δὲ
1792 2917 1901 2967 τῶν

238 3010 597 3079 στρατιωτῶν
671 3004 759 3059 καὶ
816 3009 914 3059 τοῦ
980 3008 1374 3083 μισθοφορικοῦ
1448 3007 1560 3058 τῶν
1629 3006 1851 3065 Σκυθῶν
1884 3045 1899 3069 ,

236 3111 345 3159 τῶν
380 3102 580 3173 Οῧζων
621 3103 788 3181 φημὶ,
837 3100 1011 3179 λόχος
1063 3103 1357 3178 Τουρκικὸς
1405 3102 1507 3156 οὐκ
1556 3100 1743 3177 ὀλίγος
1782 3105 1898 3161 τοῖς

229 3194 547 3265 Ῥωμαίοις
613 3193 963 3268 προσέπεσεν·
1024 3190 1115 3254 οὓς
1188 3189 1468 3265 δεξάμενοι
1529 3191 1581 3245 οἱ
1652 3187 1898 3263 περιλει-

232 3282 464 3356 φθέγτες
516 3280 594 3343 εἷς
669 3280 917 3358 φυλακην
995 3285 1360 3355 στρατιῶται,
1420 3277 1525 3354 πρὸ
1585 3280 1799 3334 πάντων
1852 3275 1897 3331 δ’

230 3371 286 3424 οἱ
333 3374 609 3445 Φράγγοι,
658 3369 748 3423 καὶ
798 3370 1142 3445 ἀγχεμάχως
1186 3368 1592 3442 συμπλακέντες
1641 3367 1731 3422 καὶ
1781 3369 1900 3422 ἱκα-

224 3464 343 3522 νῶς
396 3455 901 3530 ἀνθαμιλληθέντες
951 3458 1265 3533 ἰτρέψαντο,
1324 3456 1556 3531 μηδενὸς
1606 3461 1714 3511 τῶν
1749 3457 1900 3510 ἱστα-

231 3550 420 3620 μένων
492 3548 787 3622 ταγμάτων
836 3548 1157 3619 Ῥωμαῖκῶν
1225 3552 1341 3608 τοῖς
1398 3547 1674 3621 Φράγγοις
1735 3543 1898 3619 μέχρι

230 3638 326 3691 καὶ
389 3633 577 3700 ἁπλῆς
630 3636 807 3711 ὁρμῆς
865 3630 1411 3711 παραϐοηθήσαντος.
1472 3635 1555 3689 Ἐν
1615 3634 1795 3705 τούτῳ
1853 3630 1899 3686 δ’

233 3725 548 3799 ὗπέστρεψε
603 3726 693 3778 καὶ
749 3726 778 3778 6
832 3723 1087 3799 βασιλεὺς
1130 3731 1235 3793 τῆς
1286 3721 1520 3793 διώξεως
1568 3724 1704 3796 πρὸς
1747 3720 1901 3776 ἐσπέ-

230 3833 357 3889 ραν’
420 3813 553 3887 περὶ
612 3811 801 3883 δείλην
861 3813 962 3887 γάρ
1018 3814 1238 3882 συνέστη
1294 3813 1322 3867 6
1380 3812 1657 3883 πόλεμος.
1717 3815 1793 3884 Τῇ
1854 3808 1901 3863 δ’

229 3901 501 3977 ἐπαύριον
562 3899 803 3974 δημοσίᾳ
845 3900 1067 3965 καθίσας
1110 3900 1237 3964 τοὺς
1284 3901 1592 3963 ἑαλωκότας
1638 3904 1745 3955 τῶν
1796 3920 1900 3955 πο-

228 3990 450 4062 λεμίων
512 3995 584 4064 τῇ
639 3990 924 4062 τελευταία
978 3993 1149 4065 ψήφῳ
1204 3988 1507 4065 παρέδωκε,
1563 3986 1797 4062 μηδενὸς
1835 3988 1899 4043 τὸ

233 4082 495 4152 παράπαν
550 4078 891 4156 φεισάμενος,
946 4076 1077 4152 μηδ’
1128 4080 1291 4134 αὐτοῦ
1336 4083 1434 4134 τοῦ
1481 4075 1750 4153 ἡγεμόνος
1798 4077 1899 4131 αὖ-

226 4174 370 4239 τῶν,
404 4168 449 4223 εἰ
481 4170 576 4222 καί
625 4166 853 4223 πολλῶν
905 4166 1118 4242 λύτρων
1152 4162 1313 4222 ὤνιον
1348 4168 1532 4222 ἑαυτὸν
1564 4168 1897 4236 ποιήσασθαι

226 4255 641 4332 ἐπηγγέλλετο.
696 4259 776 4330 [Ρ.
816 4258 944 4330 831]
992 4256 1401 4332 Τριημερεόσας
1458 4254 1515 4310 δὲ
1563 4256 1590 4309 6
1643 4253 1897 4331 βασιλεὺς

228 4347 286 4400 ἐν
464 4340 821 4418 παρεμϐολῇ,
851 4350 932 4417 τῷ
961 4347 1340 4419 προτερήματι
1384 4343 1564 4417 τούτῳ
1608 4343 1770 4419 κόρον
1800 4342 1897 4399 λα-

598 4438 623 4449 uo
700 4431 758 4449 νβ

225 4430 372 4506 ϐὼν,
406 4433 650 4494 πολλοῖς
695 4431 873 4488 ἄδειαν
908 4430 1109 4488 δέδωκε
1146 4438 1255 4488 τῶν
1298 4432 1546 4488 ἐναντίων
1589 4434 1898 4509 ἀποφυγῆς,

225 4534 313 4593 ὡς
375 4529 523 4603 μηδὲ
578 4535 681 4595 τῆς
742 4530 889 4593 λείας
931 4530 1285 4607 ἀποσχέσθαι.
1346 4532 1444 4588 Καὶ
1480 4530 1708 4591 ἀναστάς
1759 4530 1897 4585 έκεῖ-

2011 1950 2136 2014 riis,
2172 1950 2297 2005 Uzis
2326 1949 2589 2019 inquam,
2625 1948 2780 2003 haud
2822 1947 3031 2019 exigua
3078 1948 3400 2002 Turcorum
3451 1944 3661 1999 cohors

2011 2037 2068 2091 in
2121 2037 2415 2093 Romanos
2462 2036 2713 2103 invasit;
2748 2053 2894 2107 quos
2946 2035 3299 2107 excipientes
3351 2033 3539 2089 relicti
3588 2032 3660 2088 ad

2011 2126 2335 2182 custodiam
2384 2126 2617 2191 milites,
2669 2132 2726 2180 et
2775 2132 2907 2180 ante
2957 2142 3161 2181 omnes
3209 2123 3436 2191 Franci,
3477 2121 3664 2178 comi—

2012 2232 2240 2286 nusque
2271 2216 2567 2286 congressi
2592 2220 2648 2269 et
2667 2214 2899 2269 abunde
2926 2214 3166 2284 praeliati
3193 2211 3664 2278 fuderunt,nulla

2010 2321 2079 2359 ex
2108 2304 2388 2359 Romanis
2410 2303 2762 2374 legionibus,
2788 2320 2915 2374 qua:
2940 2303 3020 2356 ibi
3042 2302 3245 2374 positae
3268 2305 3453 2368 erant,
3481 2301 3660 2355 Fran-

2012 2393 2095 2447 cis
2124 2391 2214 2447 vel
2246 2391 2499 2463 simplici
2533 2391 2755 2462 impetu
2782 2407 2947 2462 opem
2981 2391 3219 2446 ferente.
3256 2390 3481 2445 Interea
3515 2406 3664 2459 quo-

2012 2498 2126 2553 que
2175 2499 2207 2536 a
2253 2481 2659 2553 persequendo
2712 2480 2963 2535 redierat
3020 2480 3339 2549 imperator
3384 2478 3531 2534 68]
3588 2478 3662 2532 ad

2012 2587 2315 2641 vesperam
2356 2587 2368 2625 ε
2405 2587 2537 2624 nam
2572 2568 2916 2641 crepusculo
2948 2568 3134 2623 noctis
3180 2568 3497 2623 conflatum
3533 2566 3662 2621 fue-

2014 2664 2104 2713 rat
2136 2659 2415 2729 praelium.
2469 2658 2756 2713 Postridie
2786 2673 2919 2712 vero
2951 2656 3183 2728 publice
3232 2672 3334 2728 pro
3384 2654 3666 2710 tribunali

2013 2748 2223 2803 sedens
2256 2752 2457 2820 captos
2487 2747 2687 2802 hostes
2717 2750 2973 2802 extrema
3005 2745 3296 2802 sententia
3341 2744 3663 2812 damnavit,

2012 2836 2235 2892 nemini
2267 2852 2505 2907 prorsus
2538 2852 2802 2905 parcens,
2835 2852 2900 2890 ac
2950 2851 3023 2890 ne
3068 2835 3181 2905 ipsi
3229 2834 3471 2906 quidem
3506 2833 3662 2904 ipso-

2010 2943 2144 2981 rum
2176 2926 2332 2989 duci,
2366 2926 2602 2980 tametsi
2636 2924 2823 2980 multo
2873 2923 3057 2995 pretio
3108 2940 3170 2979 se
3216 2924 3662 2993 redempturum

2009 3015 2415 3087 pollicebatur.
2437 3014 2721 3069 Triduum
2752 3030 2886 3069 vero
2919 3013 2978 3067 in
3008 3012 3220 3068 castris
3252 3018 3517 3068 moratus
3549 3010 3662 3065 im-

2010 3108 2262 3176 perator,
2291 3103 2398 3157 hoc
2431 3118 2707 3173 prospero
2757 3118 3036 3156 successu
3086 3101 3361 3165 satiatus,
3394 3099 3666 3172 pluribus

2012 3192 2283 3247 hostibus
2328 3190 2667 3263 aufugicndi
2698 3189 2941 3246 liberam
2976 3190 3222 3261 praebuit
3269 3188 3664 3251 occasionem,

2011 3289 2096 3345 ita
2136 3294 2200 3344 ut
2250 3305 2319 3343 ne
2368 3306 2401 3343 a
2451 3290 2641 3359 praeda
2685 3288 2925 3358 quidem
2978 3304 3106 3342 sese
3149 3287 3560 3341 abstinuerint.
3600 3286 3668 3338 Et

2009 3379 2146 3433 inde
2178 3378 2471 3450 profectus
2503 3393 2535 3432 a
2565 3382 2727 3449 tergo
2758 3376 3019 3446 ipsorum
3055 3375 3382 3444 incedebat,
3409 3378 3465 3428 et
3498 3372 3661 3427 bidui

2009 3468 2201 3539 spatio
2234 3484 2268 3523 a
2296 3465 2564 3521 Melitene
2594 3464 2801 3519 castris
2837 3464 3044 3535 positis
3095 3463 3391 3518 statuebat
3440 3467 3662 3534 partem

2010 3557 2331 3628 quamdam
2380 3555 2670 3611 exercitus
2724 3553 2975 3608 divisam
3027 3551 3378 3623 relinquere,
3415 3555 3479 3606 ut
3509 3554 3667 3606 esset

2008 3645 2281 3701 hostibus
2313 3642 3009 3716 propugnaculum.Quod
3044 3641 3355 3697 consilium
3390 3656 3522 3695 cum
3553 3638 3667 3692 mi-

2010 3736 2166 3791 nime
2196 3748 2546 3807 generosum
2597 3732 2787 3787 visum
2838 3734 2996 3786 esset
3043 3734 3101 3786 et
3156 3729 3386 3795 inutile,
3438 3732 3667 3783 mutata

2010 3824 2320 3890 sententia,
2355 3825 2512 3876 recta
2545 3822 2613 3876 ad
2641 3820 2996 3893 Euphratem
3030 3819 3331 3876 contendit
3374 3818 3461 3872 Ad
3494 3817 3665 3888 cujus

2011 3913 2173 3985 ripas
2232 3910 2611 3967 tabernacula
2667 3910 2865 3964 hostes
2923 3914 3263 3979 posuerant,
3315 3911 3415 3977 qui
3464 3905 3663 3961 statim

2010 4002 2213 4057 audito
2245 3998 2618 4071 imperatoris
2649 4002 2852 4053 contra
2869 4013 2931 4052 se
2955 4001 3116 4051 motu
3141 3998 3529 4050 recesserunt.
3558 3996 3667 4048 Im-

2010 4096 2244 4162 perator
2274 4094 2466 4143 autem
2502 4092 2657 4141 recta
2688 4085 2759 4140 ad
2792 4083 3237 4155 Romanopolim
3276 4082 3663 4151 contendens,

2010 4185 2066 4234 et
2095 4178 2230 4232 inde
2280 4177 2351 4231 ad
2399 4174 2605 4231 Chleat
2651 4174 2943 4245 proﬁcisci
2996 4173 3264 4241 studens,
3296 4171 3556 4242 quodam
3602 4169 3663 4223 in

2006 4266 2134 4322 loco
2165 4270 2359 4322 castra
2418 4263 2619 4335 ponit;
2654 4267 2710 4317 et
2745 4260 3098 4316 Philaretum
3157 4260 3303 4330 (erat
3331 4259 3425 4313 hic
3455 4272 3665 4329 genere

2008 4353 2415 4421 Brachamius)
2442 4354 2652 4407 ducem
2682 4366 2815 4405 cum
2848 4365 3081 4404 summa
3130 4352 3416 4419 potestate
3465 4345 3665 4401 decla-

2010 4449 2101 4499 rat
2133 4462 2146 4500 :
2180 4444 2364 4497 diviso
2387 4442 2543 4495 enim
2577 4439 2845 4494 bifariam
2894 4437 3149 4492 exercitu
3200 4435 3496 4490 fortiorem
3547 4433 3662 4505 ipsi

2010 4538 2239 4604 partem
2291 4529 2582 4594 attribuit,
2633 4526 2859 4582 homini
2909 4526 3223 4580 militarem
3284 4521 3659 4595 prudentiam

225 4634 327 4683 θεν
375 4596 609 4675 κατόπιν
662 4620 834 4675 αὐτῶν
884 4596 1117 4689 ἐϐάδιζέῖ
1165 4616 1779 4694 Στρατοπεδευσάμενος
1839 4615 1894 4673 δὲ

2009 4596 2256 4693 gloriose
2302 4617 2622 4691 profitenti,
2673 4616 2772 4671 sed
2832 4616 3022 4685 turpis
3050 4630 3114 4668 ac
3159 4612 3459 4668 dissolutas
3507 4610 3663 4677 vita,

224 4712 315 4770 ὡς
370 4709 479 4764 ἀπὸ
540 4706 911 4779 διαστήματος
967 4712 1190 4783 ἡμερῶν
1248 4706 1343 4764 δύο
1402 4716 1501 4778 τῆς
1554 4706 1897 4779 Μελιτηνῆς,

226 4794 567 4853 iacula-$510
650 4798 847 4870 μοῖράν
914 4816 1036 4851 τινα
1090 4801 1187 4851 τοῦ
1255 4801 1485 4871 στρατοῦ
1542 4795 1902 4870 μερισάμενος

222 4889 456 4964 ἀφεῖναι
514 4892 636 4947 τοῖς
687 4884 953 4949 ἐναντίοις
1009 4883 1385 4961 ἐπιτείχισμα,
1452 4885 1616 4947 αὐτὸς
1676 4882 1733 4939 δὲ
1789 4886 1902 4956 ἅμα

224 4977 402 5032 παντὶ
456 4980 542 5047 τῷ
598 4980 813 5050 στρατῷ
891 4975 1218 5049 ὑποστρέψαι
1284 4975 1424 5048 πρὸς
1496 4975 1564 5029 τά
1631 4972 1902 5049 βασίλεια.

222 5076 535 5147 ’Δγεννοῦς
589 5070 649 5127 δὲ
705 5076 807 5145 τῇς
871 5070 1078 5146 βουλῆς
1137 5069 1366 5143 δοξάσης
1432 5071 1524 5126 καὶ
1584 5072 1903 5148 ἀσυμφόρου

230 5164 615 5235 μεταθέμενος
696 5160 820 5223 εὐθὺ
900 5165 997 5215 τοῦ
1064 5161 1350 5238 Εὐφράτου
1432 5155 1695 5214 ἐϐάδισεν·
1767 5162 1902 5228 ἦσαν

222 5254 353 5326 γὰρ
386 5252 535 5325 παρά
562 5250 659 5310 τὰς
711 5244 883 5323 ὄχθας
931 5247 1093 5303 αὐτοῦ
1133 5248 1504 5321 ἐσκηνωμένοι
1532 5248 1586 5302 οἷ
1618 5246 1904 5319 πολέμιοι,

224 5341 289 5393 οἳ
374 5340 465 5392 καὶ
525 5336 719 5392 αὐτίκα
793 5336 1091 5409 πυθόμενοι
1146 5340 1245 5407 τήν
1299 5342 1396 5393 τοῦ
1463 5335 1733 5413 βασιλέως
1790 5335 1908 5390 κατ’

230 5429 430 5483 αὐτῶν
484 5426 698 5496 κίνησιν
753 5426 1104 5500 ἀνεχώρησαν
1141 5469 1154 5482 .
1214 5427 1276 5483 Ὀ
1338 5424 1395 5481 δὲ
1472 5424 1725 5500 βασιλεὺς
1780 5424 1907 5480 εὐθὺ

258 5514 734 5587 Ρωμανοπόλεως
787 5513 1064 5581 ἐλαύνων,
1124 5515 1367 5569 κάκεῖθεν
1424 5516 1561 5589 πρὸς
1607 5514 1670 5569 τὸ
1730 5512 1911 5568 Χλὲατ

231 5604 593 5677 διαγενέσθαι
659 5602 1029 5679 βουλόμενος,
1080 5601 1135 5659 ἓν
1194 5625 1297 5658 τινι
1347 5604 1503 5675 τόπῳ
1560 5609 1911 5675 κατασκηνοῖ,

234 5696 347 5750 καὶ
383 5695 474 5749 τὸν
508 5693 811 5769 Φιλάρετον
844 5693 934 5763 (ἦν
968 5689 1025 5748 δὲ
1054 5697 1150 5748 τοῦ
1178 5696 1285 5748 τῶν
1319 5691 1653 5769 Βραχαμίων
1702 5690 1912 5768 γένους)

2006 4718 2469 4789 turpissimeque
2486 4714 2666 4769 vitam
2699 4729 2866 4769 suam
2892 4710 3261 4782 transigenti,
3287 4710 3503 4781 quique
3524 4725 3661 4763 cum

2006 4806 2213 4861 Turcis
2262 4806 2416 4860 varie
2475 4808 2785 4875 pugnaret,
2834 4802 2934 4855 sed
2977 4800 3033 4854 in
3085 4798 3324 4853 maximi
3375 4796 3660 4852 momenti

2009 4895 2185 4949 rebus
2211 4892 2541 4948 debellatus
2581 4891 2791 4956 fuerat,
2823 4893 2881 4944 et
2908 4888 3038 4942 ideo
3070 4885 3430 4958 contemptui
3484 4885 3663 4941 babe-

2010 4984 2219 5049 batur;
2253 4999 2365 5037 non
2400 4987 2596 5036 tamen
2627 4979 2699 5034 ab
2733 4978 2805 5034 iis
2836 4994 2894 5033 se
2923 4976 3280 5040 continebat,
3325 4976 3427 5031 sed
3479 4973 3666 5045 impe-

2013 5073 2165 5127 rium
2226 5070 2479 5125 militare
2537 5068 2609 5123 ob
2670 5068 2824 5123 682
2883 5065 3189 5121 avaritiam
3240 5070 3298 5119 et
3346 5064 3665 5135 peregrinas

2012 5159 2229 5216 militiae
2274 5156 2567 5229 stipendia
2621 5156 3009 5227 exspectabat.
3062 5156 3383 5225 Imperator
3411 5167 3546 5205 vero
3595 5150 3667 5204 ad

2012 5252 2209 5321 partes
2235 5247 2421 5320 magis
2445 5246 2633 5301 Borete
2666 5246 2960 5316 subjectas
2998 5243 3264 5311 accessit,
3297 5245 3362 5295 ut
3391 5240 3472 5295 ibi
3505 5240 3667 5295 nives

2014 5343 2072 5394 et
2119 5353 2296 5407 quam
2342 5335 2636 5407 frigidam,
2671 5352 2705 5389 a
2734 5333 2974 5405 quibus,
3017 5332 3170 5403 quod
3221 5334 3377 5386 esset
3429 5344 3671 5399 corpore

2018 5426 2339 5482 admodum
2390 5424 2640 5488 calidus,
2676 5421 2785 5477 sibi
2820 5426 3144 5492 temperare
3178 5419 3479 5491 nequibat,
3513 5416 3671 5471 inve-

2020 5518 2189 5569 niret.
2243 5517 2712 5583 Progressusque
2744 5526 2845 5581 per
2869 5524 3072 5580 aspera
3103 5508 3370 5579 quaedam
3414 5510 3473 5561 et
3511 5503 3668 5559 difﬁ-

2023 5604 2157 5661 cilia
2212 5602 2339 5657 loca
2388 5602 2457 5655 ad
2509 5600 2701 5655 locum
2760 5598 3077 5669 quemdam
3134 5596 3376 5651 Anthias
3429 5593 3666 5649 nomine

2025 5690 2307 5765 pervenit,
2340 5689 2657 5745 herbarum
2706 5691 2766 5744 et
2808 5685 2989 5744 tritici
3040 5684 3337 5742 fertilitate
3384 5685 3666 5756 praeten-
