4040 6196
342 302 457 364 411

1667 301 1997 366 JOANNIS
2040 300 2444 366 SCYLITZE

3629 302 3752 363 ιη

342 446 485 508 tem,
546 435 766 510 quique
823 437 979 494 haud
1040 438 1393 495 mediocrem
1451 436 1855 510 suppeditaret
1908 435 1986 491 ibi

2107 437 2402 513 στρατηγὸν
2434 433 2791 492 ἀναδείκνυσι’
2839 432 3034 490 διελὼν
3083 436 3184 509 γὰρ
3218 431 3348 509 διχῆ
3400 432 3492 488 τὸν
3525 432 3749 508 στρατὸν

345 528 848 584 commorantibus
878 527 1347 591 oblectationem,
1379 528 1594 599 quippe
1650 542 1785 581 cum
1834 524 1995 580 illius

344 623 510 673 terrae
539 616 857 672 umbilicus
890 622 1065 671 esset.
1099 618 1237 671 Inde
1287 618 1546 670 Taurum
1588 620 1869 678 montem,
1903 613 1991 668 in-

346 706 687 777 digenarum
738 704 938 777 lingua
996 706 1335 758 Munzarum
1396 702 1750 775 appellatum
1800 706 1993 758 trans-

345 812 586 867 gressus
618 796 673 849 in
710 794 1005 866 regionem
1042 795 1278 848 nomine
1306 792 1608 849 Celzencm
1631 810 1692 848 sc
1716 791 1990 860 contulit,

346 887 560 940 iterum
602 886 950 939 transmisso
1002 883 1292 954 Euphrate
1344 883 1519 937 ﬂuvio
1569 883 1993 954 praeterfluente

348 990 413 1028 ac
473 972 783 1036 dividente,
835 976 1117 1042 tanquam
1169 972 1443 1037 confinio,
1495 978 1749 1026 montem
1796 972 1992 1041 ipsum

345 1066 402 1116 et
428 1060 746 1116 Celzenem.
782 1059 993 1114 Milites
1023 1076 1155 1115 vero
1188 1077 1321 1115 cum
1374 1060 1658 1115 Philareto
1705 1059 1887 1114 relicti
1919 1058 1991 1114 ob

345 1150 654 1205 adventum
686 1148 941 1203 hostium
976 1155 1190 1204 terrore
1221 1148 1493 1221 completi
1524 1149 1833 1219 animoque
1864 1164 1992 1219 per-

347 1239 493 1294 culsi
526 1255 673 1309 pone
704 1238 1113 1309 imperatorem
1149 1239 1291 1294 locis
1325 1239 1540 1294 relictis
1574 1240 1991 1308 sequebantur,

347 1344 597 1400 quorum
631 1327 777 1398 ipsis
808 1328 1075 1382 custodia
1104 1331 1289 1383 fuerat
1320 1328 1659 1393 commissa,
1693 1328 1879 1397 qand
1919 1327 1991 1380 ad

343 1432 407 1472 ea
438 1416 564 1471 loca
591 1434 717 1488 quze
749 1416 1005 1471 diximus
1036 1417 1283 1473 Anthias
1323 1417 1512 1471 vocari
1562 1420 1987 1488 pervenerunt;

344 1506 443 1561 ubi
475 1522 607 1561 cum
641 1506 839 1561 hostes
871 1522 1103 1577 quoque
1136 1524 1169 1561 a
1201 1510 1359 1576 tergo
1394 1503 1991 1577 apparuissent,turpi

345 1614 407 1652 se
462 1597 609 1666 fugas
660 1595 746 1650 vel
778 1600 911 1650 ante
938 1601 1230 1649 certamen
1255 1596 1620 1657 commisere,
1635 1600 1689 1649 et
1711 1595 1781 1648 ad
1806 1594 1989 1664 impe-

346 1691 595 1741 ratorem
630 1687 685 1739 in
720 1686 1018 1741 Celzenem
1052 1700 1112 1738 se
1144 1700 1174 1737 e
1199 1684 1441 1756 vestigio
1473 1684 1788 1739 contulere.
1833 1683 1986 1754 Ipso-

348 1791 599 1846 rumque
656 1774 1091 1845 impedimentis
1125 1774 1291 1845 potiti
1324 1778 1461 1827 sunt
1491 1771 1828 1827 adversarii.
1863 1772 1992 1826 Haec
2024 1810 2069 1874 Β

345 1864 427 1919 ita
470 1864 805 1919 renuntiata
851 1862 1169 1917 admodum
1223 1863 1637 1934 perturbarunt
1679 1862 1993 1932 imperato-

346 1951 598 2022 rem,qui
616 1962 741 2006 tum
764 1968 1001 2007 suorum
1026 1951 1250 2006 cladem
1269 1956 1393 2006 tum
1415 1951 1671 2007 hostium
1690 1951 1991 2005 victoriam

346 2042 503 2099 haud
564 2056 727 2111 zequo
782 2040 1001 2093 ferebat
1055 2039 1251 2093 animo
1296 2065 1308 2104 ;
1360 2056 1508 2109 quos
1566 2038 1677 2092 nisi
1737 2038 1991 2109 impera-

347 2127 493 2183 toris
543 2128 727 2197 ipsius
777 2127 933 2181 fama
974 2132 1193 2181 terrore
1224 2125 1577 2198 complesset
1614 2126 1994 2198 ipsorumque

346 2217 635 2289 impetum
669 2215 865 2287 aliqua
897 2233 965 2271 ex
997 2222 1157 2288 parte
1197 2217 1663 2287 compressisset,
1697 2216 1841 2271 nihil
1889 2216 1991 2270 ob-

348 2308 599 2362 stitisset
632 2306 786 2360 683
818 2307 1134 2378 quominus
1184 2306 1515 2361 universam
1567 2312 1781 2361 terram
1835 2304 1992 2359 illam

348 2394 682 2466 depopulati
716 2395 984 2450 funditus
1014 2395 1377 2451 evertissent.
1417 2396 1769 2451 Recedentes
1817 2394 1993 2466 igitur

346 2489 508 2539 recta
535 2486 592 2538 in
626 2484 916 2556 regionem
950 2486 1353 2556 Cappadocum
1397 2484 1567 2539 solito
1615 2501 1773 2539 more
1820 2483 1991 2538 vehe-

348 2580 574 2630 menter
629 2574 1081 2640 contendebant,
1133 2590 1198 2628 ex
1250 2574 1453 2629 itinere
1512 2574 1569 2628 in
1630 2589 1992 2645 quaecunque

347 2664 676 2719 inciderant
724 2662 1076 2733 praedantes,
1121 2666 1177 2717 et
1225 2679 1358 2717 cum
1414 2662 1573 2716 omni
1623 2663 1879 2718 exercitu
1931 2661 1990 2715 in

344 2751 519 2807 lconii
571 2750 994 2821 rempublicam
1046 2750 1409 2821 invadentes,
1461 2768 1587 2821 qua:
1635 2756 1691 2806 et
1736 2752 1992 2805 virorum

345 2839 725 2895 multitudine
783 2844 839 2894 et
887 2840 1195 2895 domorum
1248 2845 1421 2911 atque
1473 2839 1719 2895 aliarum
1772 2856 1991 2905 rerum,

345 2946 470 3000 qua:
504 2928 636 2983 usui
670 2934 830 2999 sunt,
863 2929 1028 3000 copia
1060 2930 1394 3000 praestabat.
1433 2931 1747 3001 Imperator
1794 2934 1990 2983 autem

344 3020 404 3073 in
465 3017 723 3087 Celzene,
757 3034 891 3073 cum
941 3035 1038 3073 eos
1066 3019 1165 3089 qui
1198 3018 1467 3089 dissipati
1516 3019 1785 3091 fugerant
1826 3034 1991 3073 exce-

342 3106 545 3178 pisset,
572 3123 641 3161 ne
673 3107 743 3161 ab
774 3108 1083 3170 Armeniis,
1117 3109 1271 3178 quod
1315 3108 1529 3163 deserti
1590 3114 1803 3177 essent,
1838 3108 1991 3177 peri-

2100 525 2162 579 τὸ
2213 524 2564 601 ἰσχυρότερον
2613 526 2763 597 αὐτῷ
2804 522 3138 592 ἐπιδίδωσιν,
3189 520 3339 597 ἀνδρὶ
3385 522 3748 597 στρατηγικὴν

2106 614 2201 685 μὶν
2232 614 2494 689 αὐχοῦντι
2539 615 2846 690 περιωπήν,
2896 612 3131 689 αἶσχροῦ
3174 610 3230 667 δὲ
3281 611 3399 687 βίου
3454 610 3545 665 καὶ
3596 609 3747 685 ἐπιρ-

2104 703 2271 777 ῥήτου
2317 703 2666 779 τυγχάνοντι,
2722 703 2809 757 xui
2860 702 3153 777 αἲσχίστως
3192 702 3290 769 τήν
3326 701 3516 754 ἑαυτοῦ
3551 700 3742 773 βιοτῆν

2103 790 2391 861 διανύοντι,
2441 794 2529 847 καὶ
2579 792 2941 867 μαχεσαμένῳ
2991 791 3084 863 μὶν
3134 795 3249 851 τοῖς
3307 789 3565 862 Τούρκοις
3624 786 3745 842 δια-

2103 881 2307 957 φόρως,
2368 880 2418 936 ἐν
2472 888 2588 945 τοῖς
2648 881 2926 956 μεγίστοις
2978 877 3033 934 δὲ
3093 878 3595 951 καταπολεμηθέντι
3654 878 3741 931 καὶ

2104 968 2191 1025 διά
2244 976 2404 1026 τοῦτο
2457 969 2955 1047 καταφρονηθέντι,
3019 969 3082 1023 οὐ
3146 970 3251 1041 μὴν
3312 966 3357 1022 δ’
3415 966 3751 1043 ἀπεχομένῳ

2100 1060 2316 1129 τούτου,
2368 1060 2493 1116 ἀλλ’
2543 1062 2884 1135 ὲπιτρέχοντι
2932 1062 3000 1131 τῇ
3050 1056 3313 1131 ἡγεμονίᾳ
3360 1054 3448 1111 διά
3494 1057 3749 1133 φιλοκερ-

2103 1147 2244 1213 δείας
2294 1150 2381 1204 καὶ
2444 1149 2746 1224 φιλοξενίας
2801 1148 3072 1203 ὑπόθεσιν.
3118 1149 3239 1204 Τῶν
3288 1144 3345 1200 δὲ
3392 1143 3748 1221 βορειοτέρων

2105 1240 2282 1312 μερῶν
2322 1240 2349 1293 ὁ
2395 1238 2651 1313 βασιλεὺς
2700 1232 2999 1292 ἐπελάϐετο
3051 1234 3119 1290 δι’
3171 1235 3374 1310 εὕρεσιν
3418 1234 3609 1309 χιόνος
3658 1234 3749 1287 καὶ

2103 1325 2309 1382 ὑδάτων
2340 1331 2587 1403 ψυχρῶν’
2632 1328 2881 1403 ἀκρατῶς
2927 1326 3026 1401 γὰρ
3078 1324 3195 1399 εἶχε
3232 1324 3463 1391 το·3των,
3494 1324 3554 1377 τὸ
3587 1327 3752 1395 σῶμα

2101 1416 2234 1471 κατὰ
2289 1415 2434 1471 πολὺ
2493 1414 3029 1488 διαθερμαινόμενος.
3094 1412 3331 1468 Διελθὼν
3392 1410 3449 1467 δὲ
3498 1408 3587 1465 διὰ
3613 1432 3752 1486 τρα-

2099 1506 2243 1580 χέων
2295 1506 2385 1559 xui
2427 1500 2703 1560 δυσϐάτων
2765 1505 2946 1559 τόπων
3006 1501 3082 1566 εἵς
3138 1522 3257 1556 τινα
3302 1500 3466 1555 τόπον
3514 1498 3751 1573 λεγόμε-

2098 1616 2183 1649 νον
2245 1595 2457 1657 Ἀνθίας
2516 1594 2836 1664 κατήντησε*
2894 1591 3179 1666 ποηφόρος
3239 1587 3296 1643 δὲ
3353 1591 3381 1643 ὁ
3438 1589 3603 1649 τόπος
3658 1588 3752 1642 καὶ

2100 1684 2405 1761 σιτοφόρος,
2455 1684 2545 1738 xui
2597 1682 2928 1757 ψυχαγωγία
2976 1681 3038 1735 οὐ
3096 1680 3263 1755 μικρά
3308 1684 3425 1742 τοῖς
3475 1678 3525 1732 ἐν
3566 1678 3751 1750 τούτῳ

2098 1772 2436 1845 καταίρουσι,
2497 1773 2586 1827 καὶ
2665 1775 2781 1827 οἷον
2856 1769 3105 1849 ὀμφαλὸς
3181 1768 3386 1839 ἐκείνης
3457 1776 3555 1837 τῆς
3620 1772 3748 1843 γῆς.

2104 1864 2331 1919 Ἐκεῖθεν
2391 1859 2450 1916 δὲ
2519 1863 2610 1915 τὸν
2670 1865 2879 1936 Ταῦρον
2934 1862 2997 1915 τὸ
3056 1859 3224 1932 ὅρος,
3280 1860 3370 1913 τὸν
3431 1858 3749 1933 ἐπιχωρίως

2100 1951 2439 2023 καλούμενον
2480 1949 2820 2024 Μοόνζαρον,
2876 1944 3109 2024 ὑπερϐὰς
3158 1947 3235 2009 εἷς
3284 1949 3383 2015 τὴν
3428 1945 3746 2017 Κιλτζηνήν

2104 2041 2409 2115 λεγομένην
2490 2040 2677 2116 χώραν
2735 2041 3072 2110 κατήντησε,
3126 2037 3187 2092 τὸ
3246 2034 3490 2113 δεύτερον
3551 2031 3746 2097 διαϐάς

2101 2132 2191 2185 τὸν
2236 2130 2519 2206 Εὐφράτην
2568 2129 2814 2201 ποταμὸν
2866 2126 3239 2203 παραρρέοντα
3292 2125 3381 2181 καὶ
3435 2122 3751 2200 διαιροῦντα.

2099 2220 2161 2274 τό
2210 2241 2266 2273 τε
2312 2216 2436 2290 ὅρος
2487 2218 2575 2272 καὶ
2624 2219 2722 2285 τὴν
2772 2216 3093 2287 Κελτζηνὴν
3142 2216 3320 2290 ὥσπερ
3370 2216 3643 2289 μεθόριον.
3680 2214 3750 2270 Οἱ

2104 2307 2160 2363 δὲ
2220 2310 2354 2381 μετά
2404 2312 2499 2362 τοῦ
2558 2308 2864 2382 Φιλαρέτου
2912 2305 3356 2379 καταλειφθέντες
3402 2308 3753 2375 στρατιῶται,

2102 2398 2152 2468 ἐξ
2211 2397 2519 2472 ἐπιφανείας
2576 2401 2683 2450 τῶν
2742 2394 2994 2450 ἐναντίων
3043 2395 3233 2456 πτοίας
3281 2392 3613 2463 πλησθέντες
3656 2393 3756 2447 καὶ

2100 2489 2193 2549 τὰς
2250 2487 2430 2561 ψυχὰς
2490 2487 2920 2548 κατασεισθέντες
2955 2529 2968 2553 ,
3026 2483 3250 2557 κατόπιν
3304 2487 3401 2537 τοῦ
3478 2479 3757 2558 βασιλέως

2102 2572 2349 2645 ἐϐάδιζον
2385 2621 2399 2646 ,
2457 2574 2585 2637 τοὺς
2660 2576 2860 2636 τόπους
2932 2574 3149 2647 ἀφέντες
3210 2573 3283 2626 ὧν
3339 2573 3438 2640 τήν
3495 2570 3754 2647 φυλακὴν

2102 2664 2493 2739 ἐπετράπησαν,
2524 2661 2628 2727 ἕως
2684 2663 2758 2726 εἰς
2811 2663 2935 2725 τοὸς
2987 2661 3313 2738 εῗρημένους
3363 2660 3571 2723 Ἀνθίας
3615 2680 3755 2713 x11-

2101 2756 2359 2825 ήντησαν.
2421 2752 2698 2808 Κάνταῦθα
2755 2749 2812 2807 δὲ
2867 2756 2971 2806 τῶν
3031 2749 3315 2823 πολεμίων
3375 2750 3643 2820 φανέντων
3698 2747 3755 2821 ἐξ

2102 2842 2363 2918 οὐραγίας
2422 2841 2667 2917 αἰσχρῶς
2721 2848 2820 2910 τῆν
2882 2841 3059 2915 φυγὴν
3111 2840 3199 2893 καὶ
3257 2838 3362 2914 πρὸ
3412 2842 3507 2891 τοῦ
3547 2837 3756 2911 ἀγωνί-

2103 2952 2306 3003 σματος
2357 2930 2593 2995 ε’ίλοντο,
2642 2931 2731 2984 xui
2782 2930 2918 3004 πρὸς
2960 2929 3052 2983 τὸν
3102 2925 3329 3003 βασιλέα
3372 2926 3447 2988 εἷς
3476 2930 3571 2995 τὴν
3608 2924 3753 2980 Κελ-

2100 3022 2302 3091 τζηνήν
2334 3014 2633 3075 κατέλαϐον
2684 3017 2742 3073 ἐκ
2789 3015 2957 3081 ποδός
3029 3020 3144 3086 Τῆς
3186 3014 3243 3071 δέ
3288 3036 3347 3091 γε
3376 3015 3582 3070 τοῦτων
3613 3015 3755 3069 ἀπο-

2104 3111 2295 3177 σκευῆς
2351 3107 2401 3162 οἰ
2460 3106 2689 3162 ἐναντίοι
2746 3108 2993 3183 γεγόνασι
3049 3105 3231 3181 κύριοι
3267 3148 3277 3160 .
3339 3106 3499 3161 Ταῦθ’
3574 3103 3757 3165 οῧτως

344 3175 490 3265 rent,
520 3212 669 3267 pone
700 3196 899 3251 hostes
931 3175 1175 3251 redibat.
1212 3195 1474 3267 Cumque
1520 3175 1804 3266 judicium
1838 3175 1986 3251 inter

2103 3196 2433 3272 ἀγγελθέντα
2489 3195 2661 3251 πολὺν
2706 3196 2862 3265 ἒνῆκε
2907 3200 2986 3267 τῷ
3057 3193 3271 3269 βασιλεῖ
3325 3193 3415 3247 τὸν
3459 3192 3754 3266 ἐναγώνιον

343 3285 553 3339 ducem
586 3290 645 3339 et
676 3284 891 3340 milites
950 3285 1377 3355 constituisset,
1433 3285 1578 3340 nulli
1632 3284 1778 3355 parti
1828 3284 1988 3339 litem

341 3373 718 3444 adjudicavit,
752 3390 883 3429 cum
924 3373 1031 3429 hoc
1073 3373 1261 3428 solum
1313 3373 1678 3444 exploratum
1727 3373 1987 3442 haberet,

341 3467 574 3533 excepto
606 3461 957 3533 imperatore
990 3461 1133 3516 nihil
1166 3478 1293 3516 esse
1327 3461 1483 3515 aliud
1524 3462 1677 3530 quod
1712 3460 1988 3516 Romanis

339 3550 593 3606 conflare
624 3549 841 3605 bellum
875 3550 1078 3622 possit,
1114 3553 1269 3620 quod
1304 3549 1557 3603 maxima
1610 3566 1742 3620 pars
1771 3549 1985 3605 exerci-

337 3644 433 3694 tus
468 3644 601 3694 ante
633 3640 970 3710 defatigata,
1005 3639 1101 3704 sit,
1136 3643 1189 3692 et
1222 3638 1378 3709 quod
1413 3638 1588 3692 duces
1612 3638 1790 3692 velint
1808 3638 1891 3692 vel
1913 3639 1983 3692 ob

337 3728 577 3799 exiguos
613 3744 923 3798 prosperos
955 3742 1266 3781 successus
1301 3726 1586 3781 maximos
1614 3726 1723 3781 sibi
1757 3732 1813 3780 et
1861 3728 1986 3783 suis

335 3816 589 3871 honores
620 3820 676 3869 et
706 3815 945 3887 praemia
993 3815 1303 3885 spondere,
1337 3819 1462 3869 tum
1496 3814 1668 3869 etiam
1702 3816 1851 3885 quod
1886 3815 1985 3870 alii

336 3906 532 3961 minus
581 3905 803 3959 alacres
836 3904 906 3959 ad
942 3908 1182 3958 strenua
1230 3908 1287 3959 et
1335 3902 1524 3958 virilia
1576 3904 1831 3959 facinora
1881 3922 1981 3976 pa-

331 3994 542 4049 tranda
574 3994 931 4060 reddantur;
965 3993 1118 4063 quod
1153 3993 1393 4063 quidem
1425 3998 1705 4065 praesente
1739 3993 1983 4065 impera-

332 4090 457 4138 tore
485 4082 606 4137 ﬁeri
642 4082 863 4152 nequit,
899 4098 1031 4136 cum
1064 4082 1189 4151 ipse
1221 4083 1398 4137 rebus
1451 4100 1705 4153 praesens
1756 4084 1983 4137 omnia-

339 4189 453 4243 que
510 4171 771 4243 quotidie
846 4170 1211 4242 conspiciens
1289 4171 1620 4226 laborantes
1690 4188 1790 4242 pro
1859 4177 1984 4226 rata

338 4261 606 4316 laborum
660 4266 819 4332 parte
870 4264 1361 4316 remuneraretur.
1414 4263 1732 4332 Imperator
1786 4265 1981 4316 autem

335 4367 438 4421 per
469 4348 755 4405 coloniam
789 4355 843 4405 et
876 4348 1285 4404 Armeniorum
1334 4348 1627 4421 regionem
1675 4366 1861 4421 usque
1910 4352 1980 4405 ad

330 4440 631 4494 Sebastem
682 4455 816 4493 cum
865 4438 1116 4493 exercitu
1174 4437 1468 4509 profectus
1506 4443 1631 4505 est;
1694 4438 1791 4493 ubi
1850 4456 1978 4493 cum

328 4526 696 4598 cognovisset
723 4526 941 4581 Turcos
974 4528 1043 4581 ad
1080 4525 1353 4581 Pisidiam
1388 4530 1443 4580 ct
1476 4526 1820 4599 Lycaoniam
1872 4528 1979 4581 ad-

328 4620 568 4669 ventare
597 4632 662 4669 eo
694 4614 936 4669 consilio
972 4619 1034 4669 ut
1064 4614 1324 4670 Iconium
1372 4620 1652 4685 peterent,
1685 4617 1809 4687 ipse
1840 4632 1980 4686 quo-

330 4720 442 4774 que
474 4707 788 4757 extremum
823 4720 1030 4774 agmen
1077 4718 1273 4757 eorum
1315 4703 1622 4758 insecutus
1671 4720 1857 4774 usque
1906 4705 1974 4758 ad

330 4790 595 4846 Herculis
644 4791 1029 4863 ComOpolim,
1080 4791 1160 4846 ita
1204 4792 1442 4860 dictam,
1494 4792 1773 4863 pervenit.
1825 4792 1979 4847 684

333 4879 439 4935 Ubi
472 4896 603 4934 cum
638 4880 936 4936 didicisset
966 4883 1124 4951 ipsos
1173 4897 1371 4935 everso
1423 4881 1618 4934 [conio
1664 4880 1979 4951 proficisci,

329 4967 542 5024 veritos
565 4986 635 5025 ne
666 4987 728 5025 se
759 4969 856 5025 ille
889 4974 1353 5041 persequeretur,
1390 4974 1616 5040 partem
1662 4970 1977 5041 quamdam

327 5058 624 5130 legionum
682 5059 741 5113 in
792 5058 1049 5113 Ciliciam
1094 5057 1272 5125 misit,
1327 5074 1451 5129 quae
1501 5074 1635 5113 cum
1683 5059 1976 5114 Cataturio

329 5147 646 5203 Antiochiae
677 5148 823 5201 duce
855 5149 1328 5218 coniungeretur.
1362 5148 1482 5199 viro
1514 5163 1818 5217 generoso,
1852 5148 1977 5218 qui-

327 5251 439 5307 que
489 5237 721 5291 virtutis
771 5237 934 5307 prius
984 5234 1170 5289 multa
1217 5235 1567 5289 documenta
1610 5235 1868 5301 dederat,
1912 5242 1976 5291 ut

323 5342 391 5381 ea
421 5332 658 5398 accepta
688 5326 876 5397 primo
908 5340 1139 5395 quoque
1172 5328 1430 5392 tempore
1455 5324 1525 5378 ad
1552 5323 1973 5395 Mopsuestiam

2098 3282 2354 3361 θόρυϐον,
2410 3285 2497 3340 ἐπί
2554 3306 2611 3339 τε
2666 3289 2735 3359 τῇ
2794 3290 2897 3339 τῶν
2960 3283 3174 3339 οἰκείων
3220 3283 3357 3358 ἥττῃ
3404 3283 3492 3336 xui
3535 3286 3603 3355 τῇ
3635 3287 3751 3337 τῶν

2097 3375 2351 3430 ἐναντίων
2404 3374 2524 3448 νίκῃ
2576 3374 2638 3428 οὐ
2688 3377 2942 3450 φορητῶς
2995 3376 3073 3447 [Ρ.
3107 3374 3234 3445 832]
3279 3372 3752 3445 σκυθρωπάσαντι.

2096 3464 2193 3518 Καὶ
2242 3464 2287 3518 εἰ
2340 3466 2415 3537 μὴ
2462 3466 2496 3532 ἡ
2545 3467 2642 3518 τοῦ
2696 3461 2965 3537 βασιλέως
3017 3464 3175 3536 φήμη
3226 3460 3421 3521 αὐτοὺς
3479 3458 3755 3532 περιδεεῖς

2094 3554 2469 3627 κατειργάζετο
2518 3552 2606 3605 καὶ
2673 3552 2770 3619 τὴν
2838 3550 3015 3624 ὁρμὴν
3072 3548 3245 3603 αὐτῶν
3305 3552 3486 3609 ποσῶς
3543 3545 3752 3603 διεκώ-

2096 3640 2241 3709 λυεν,
2272 3639 2422 3695 οὐδὲν
2456 3642 2521 3709 ἦν
2574 3640 2635 3694 τὸ
2682 3637 2897 3694 κωλύον
2945 3638 3226 3711 σύμπασαν
3271 3636 3464 3699 αὐτοὺς
3494 3638 3590 3704 τὴν
3633 3645 3745 3711 γῆν

2094 3729 2301 3799 ἐκείνην
2358 3726 2790 3797 καταληίσασθαι
2837 3727 2925 3781 xui
2981 3726 3391 3801 ἔξολοθρεῦσαι.
3456 3727 3752 3801 Ὀπισθόρ-

2097 3839 2261 3890 μητοι
2293 3814 2349 3871 δὲ
2393 3816 2673 3891 γενόμενοι
2728 3815 2848 3870 εὐθῦ
2897 3819 2993 3871 τοῦ
3033 3816 3261 3888 θέματος
3291 3819 3397 3869 τῶν
3442 3812 3746 3871 Καππαδο-

2091 3911 2199 3960 κῶν
2241 3907 2377 3959 κατὰ
2406 3904 2467 3959 τὸ
2522 3904 2825 3976 εἰθισμένον
2878 3904 3120 3979 ἀκρατῶς
3170 3901 3432 3973 ἤλαυνον,
3480 3901 3751 3972 καταληῖ-

2095 3994 2311 4067 ζόμενοι
2350 3994 2442 4066 μὶν
2492 3994 2554 4047 τὸ
2602 3994 2907 4069 πςοστυχὸν
2964 3993 3013 4065 ἐξ
3048 3990 3267 4069 ἐφόδου,
3297 3992 3641 4070 ἐφορμῶντες
3681 3991 3749 4048 δὲ

2092 4088 2422 4157 πανστρατιᾷ
2450 4082 2586 4137 κατὰ
2634 4084 2729 4150 τῆς
2760 4087 2858 4136 τοῦ
2912 4082 3138 4137 Ἰκονίου
3185 4078 3479 4142 πολιτείας·
3515 4082 3579 4148 ἦν
3632 4082 3744 4156 γὰρ

2092 4172 2289 4243 πλήθει
2316 4193 2372 4227 τε
2420 4169 2628 4246 ἀνδρῶν
2662 4171 2751 4225 καὶ
2784 4172 2969 4224 οἰκιῶν
3002 4170 3090 4223 καὶ
3120 4174 3226 4224 τῶν
3261 4169 3446 4224 ἄλλων
3480 4174 3745 4245 χρηστῶν

2091 4262 2178 4317 καὶ
2215 4260 2474 4332 ζηλωτῶν
2510 4258 2854 4337 διαφέρουσα.
2884 4261 2943 4317 Ὀ
2973 4256 3029 4313 δὲ
3082 4257 3334 4335 βασιλεὺς
3364 4258 3414 4313 ἐν
3458 4256 3745 4332 Κελτζηνῇ

2088 4350 2214 4412 τοὺς
2246 4348 2623 4426 ἀποφυγόντας
2674 4344 2951 4420 σποράδην
3004 4345 3418 4419 ὑποδεξάμενος,
3456 4346 3531 4406 ὡς
3562 4344 3619 4399 ἂν
3656 4348 3742 4417 μὴ

2092 4440 2194 4493 ὑπὸ
2235 4442 2340 4492 τῶν
2393 4436 2686 4512 Ἀρμενίων
2737 4436 2786 4508 ἐξ
2838 4434 3069 4510 ἐρημίας
3124 4432 3458 4505 ἀπόλωνται,
3508 4432 3743 4487 κατόπιν

2008 4532 2195 4605 Πτῶν
2254 4524 2504 4579 ἐναντίων
2569 4523 2916 4598 ὑποστρέφων
2976 4522 3203 4599 ἐγένετο.
3255 4524 3352 4579 Καὶ
3401 4522 3576 4597 κρίσιν
3623 4525 3741 4593 (18)

2091 4614 2147 4670 δὲ
2181 4615 2373 4688 μεταξὺ
2421 4619 2517 4669 τοῖ’)
2564 4636 2622 4669 τε
2669 4612 2934 4689 ἡγεμόνος
2985 4612 3073 4667 xui
3125 4616 3231 4667 τῶν
3282 4610 3372 4665 σὺν
3406 4612 3550 4683 αὐτῷ
3580 4612 3743 4674 καθί-

2090 4725 2181 4765 σας
2231 4701 2406 4756 οὐδενὶ
2451 4703 2597 4777 μέρει
2650 4703 2746 4770 τὴν
2800 4705 3035 4755 νικῶσαν
3080 4697 3334 4769 ἀπέδοτο,
3383 4697 3747 4775 διαγνωσθέν-

2087 4813 2178 4853 τος
2231 4791 2426 4846 τούτου
2478 4790 2648 4863 μόνου
2694 4785 2953 4866 ἀκριϐῶς,
3006 4789 3086 4843 ὅτι
3137 4787 3282 4857 πλὴν
3316 4783 3411 4842 τοῦ
3464 4788 3745 4864 βασιλέως

2090 4878 2240 4934 οὐδέν
2286 4878 2394 4933 ἐστι
2444 4881 2506 4933 τὸ
2553 4884 2810 4933 συνιστῶν
2854 4884 2970 4939 τοῖς
3012 4876 3302 4950 Ῥωμαίοις
3344 4876 3435 4931 τὸν
3486 4874 3739 4949 πόλεμον

2089 4966 2177 5022 διά
2232 4990 2291 5023 τε
2345 4970 2407 5022 τὸ
2465 4966 2950 5043 προκατειργάσθαι
3007 4967 3069 5021 τὸ
3115 4964 3306 5020 πλεῖον
3354 4969 3451 5019 τοῦ
3482 4969 3741 5040 στρατοῦ,

2086 5057 2174 5111 xui
2209 5054 2296 5111 διά
2337 5057 2398 5110 τὸ
2431 5056 2555 5119 τοὺς
2600 5055 2878 5132 ἡγεμόνας
2908 5053 3107 5110 ἐθέλειν
3147 5053 3236 5109 xui
3270 5053 3356 5109 ἐπὶ
3393 5058 3612 5128 μικραῖς
3645 5055 3741 5109 xui

2083 5151 2200 5207 ταῖς
2284 5146 2581 5220 τυχούσαις
2662 5144 2937 5219 εὐτυχίαις
3023 5145 3233 5204 ἑαυτοῖς
3292 5143 3381 5197 xui
3458 5144 3741 5219 συγγενέσι

2089 5238 2317 5305 μνᾶσθαι
2347 5234 2414 5288 τὰ
2455 5234 2676 5308 μέγιστα
2717 5238 2824 5287 τῶν
2876 5231 3198 5305 ἀξιωμάτων
3247 5232 3335 5285 xui
3378 5230 3741 5309 φιλοτιμιῶν,

2085 5321 2154 5378 δι’
2214 5322 2244 5377 ἃ
2300 5323 2385 5377 καὶ
2443 5322 2569 5384 τοὺς
2626 5321 2831 5385 ἄλλους
2887 5319 3239 5397 ἀπροθύμους
3300 5321 3433 5375 εἶναι
3491 5320 3627 5396 πρὸς
3672 5321 3743 5375 τὸ

1651 5450 1897 5507 JACOBI
1939 5452 2155 5509 GOABI
2195 5450 2400 5508 NOTAE

395 5559 507 5629 (18)
535 5558 684 5632 Obit_
713 5558 1032 5629 imperator
1080 5572 1296 5611 munus
1344 5556 1435 5612 cui
1486 5558 1857 5629 exsequendo
1909 5576 1986 5631 κρε

2097 5578 2101 5616 :
2148 5560 2246 5611 τοῦ
2298 5554 2566 5632 φοσσάτου
2615 5557 2830 5630 legitur
2877 5555 3186 5611 institutus
3235 5555 3386 5627 apud
3440 5554 3737 5613 Codinum

323 5646 373 5684 c.
406 5647 499 5697 xv,
535 5647 591 5687 n.
624 5630 712 5683 72.
