4040 6196
252 342 370 405 U3

1764 336 2160 398 HISTORIA.

3551 320 3671 383 ιιι

258 474 504 554 γενναῖόν
532 497 584 531 τι
637 475 729 531 καὶ
785 472 1035 550 ἀνδρικὸν
1092 470 1498 550 διαπράξασθαι⁸
1559 473 1588 529 ’ὀ
1645 472 1914 547 παρόντος

2045 474 2381 542 incurreret,
2428 486 2543 542 quo
2586 467 2758 525 Turci
2810 461 3113 521 adventuri
3162 458 3673 527 existimabantur,

258 572 353 624 τοῦ
408 564 682 643 βασιλέως
738 564 838 620 οὐκ
896 563 957 618 ἂν
1019 558 1139 639 ἔχοι
1198 566 1387 639 χώραν
1440 562 1704 637 γενᾶσθαι,
1763 559 1927 614 αὐτοῦ

264 655 333 712 δι’
364 658 561 711 ἑαυτοῦ
612 655 1030 717 ἐπιστατοῦντος
1076 658 1192 714 τοῖς
1231 652 1566 727 γινομένοις,
1608 650 1698 706 καὶ
1756 648 1928 703 πάντα

268 749 615 819 καθορῶντος
661 746 955 818 ὁσημέραι,
994 743 1083 797 καὶ
1130 742 1257 804 τοὺς
1305 746 1601 803 πονοῦντας
1652 738 1929 814 ἀναλόγως

265 831 639 909 ἀμειϐομένου
696 840 804 889 τῶν
858 834 1137 906 καμάτων.
1190 834 1246 885 Ὀ
1297 829 1354 886 δὲ
1416 829 1669 907 βασιλεὺς
1729 826 1818 883 διά
1870 848 1929 882 τε

266 924 589 988 Κολωνείας
645 925 737 978 καὶ
821 928 928 977 τῶν
985 924 1351 997 Ἀρμενιακῶν
1428 920 1674 993 θεμάτων
1763 919 1927 992 μέχρι

266 1010 595 1075 Σεϐαστείας
648 1012 743 1067 σὺν
795 1018 876 1085 τῷ
920 1010 1277 1087 στρατεύματι
1339 1008 1679 1080 διελήλυθεν.
1723 1010 1931 1063 Ἐκεῖσε

266 1102 319 1158 δὲ
351 1104 543 1174 μαθὼν
581 1104 656 1164 ὡς
691 1103 740 1155 oi
773 1105 1005 1177 Τοῧρκοι
1038 1098 1123 1153 ἐπὶ
1174 1096 1420 1156 Πισιδίαν
1477 1098 1567 1152 καὶ
1628 1094 1929 1152 Λυκαονίαν

258 1192 589 1253 ἐλαύνοντες
641 1190 716 1252 ὡς
781 1189 856 1253 εἷς
916 1189 1113 1244 σκοπὸν
1169 1187 1514 1243 ἀποτείνουσι
1569 1186 1632 1241 τὸ
1678 1185 1926 1242 Ἰκόνιον,

268 1291 501 1364 ὥρμησε
531 1288 623 1343 καὶ
655 1287 816 1349 αὐτὸς
866 1288 981 1341 κατ’
1012 1286 1171 1361 οὐρὰν
1225 1284 1401 1339 αὐτῶν
1463 1282 1707 1338 ἐλαύνειν
1764 1280 1929 1356 μέχρι

419 1377 731 1455 λεγομένης
784 1358 1118 1451 Ἡρακλέους
1182 1372 1584 1447 κωμοπόλεως,
1647 1372 1699 1426 ἰν
1839 1358 1929 1424 καἱ

269 1468 461 1542 μαθὼν
519 1464 631 1537 ἤδη
707 1464 1242 1540 καταστρεψαμένους
1316 1462 1510 1524 αὐτοὺς
1572 1463 1633 1515 τὸ
1706 1460 1932 1515 Ἰκόνιον

267 1558 498 1633 ἀπᾶραι,
552 1553 799 1619 δεδιότας
863 1555 960 1623 τήν
1031 1553 1197 1608 αὐτοῦ
1274 1549 1574 1624 ἐπιδίωξιν,
1627 1550 1935 1623 ἀπόμοιραν

270 1668 367 1720 μεν
424 1667 549 1700 τινα
606 1650 714 1700 τῶν
778 1642 1066 1720 ταγμάτων
1147 1642 1235 1697 ἐπὶ
1317 1640 1563 1696 Κιλικίαν
1636 1638 1931 1711 ἐξέπεμψεν

274 1736 701 1809 ἒνωθησομὲνην
804 1731 1152 1808 Κατατουρίῳ
1245 1729 1325 1803 τῷ
1412 1737 1511 1800 τῆς
1596 1726 1934 1801 Ἀντιοχείας

270 1823 452 1893 δουκὶ,
508 1820 668 1897 ἀνδρῖ
724 1822 953 1897 γενναίῳ
1016 1821 1106 1877 καὶ
1165 1818 1352 1875 πολλὰ
1414 1816 1811 1889 ίπιδειξαμένῳ
1865 1815 1933 1869 τὰ

271 1918 367 1982 τῆς
454 1914 655 1988 ἀρετῆς
724 1913 1118 1986 προτερήματα
1192 1908 1480 1985 πρότερον,
1530 1906 1803 1979 δεξαμένῳ
1873 1925 1932 1959 τε

270 2006 349 2065 εἷς
407 1999 610 2075 Μόψου
669 2002 842 2056 ἑστίαν
892 2000 1191 2067 ἀπαντῆσαι
1251 1999 1312 2052 τὸ
1367 1998 1540 2072 τάχος
1594 1994 1787 2069 (ἐκεῖσε
1830 1993 1930 2069 γὰρ

271 2090 693 2168 προσεδοκῶντο
720 2091 773 2145 οἱ
822 2093 1050 2165 Τοῦρκοι
1102 2085 1356 2161 διελθεῖν)
1405 2085 1561 2141 κάκεῖ
1606 2082 1928 2158 προσμένειν

269 2182 467 2245 αὐτοὺς
523 2179 617 2235 καὶ
694 2178 853 2233 παντὶ
926 2176 1116 2253 τρόπῳ
1192 2174 1559 2249 λυμήνασθαι,
1618 2171 1933 2235 Διελθόντες

267 2272 451 2326 τοίνυν
483 2267 575 2324 διὰ
624 2273 734 2324 τῶν
786 2274 887 2336 τῆς
950 2264 1268 2327 Σελευκείας
1329 2264 1498 2340 όρὲων
1562 2262 1638 2325 εἷς
1686 2263 1785 2329 τὴν
1834 2263 1933 2329 τῆς

266 2364 485 2437 Ταρσοῦ
553 2356 785 2414 πεδιάδα
860 2354 1385 2426 κατηκοντίσθησαν,
1446 2348 1571 2417 ἔνθα
1627 2352 1772 2425 παρὰ
1824 2355 1931 2405 τῶν

269 2444 586 2523 ’Δρμενίων
660 2447 1082 2522 συγκυρηθέντες
1145 2450 1315 2500 πᾶσαν
1374 2440 1568 2519 σχεδὸν
1627 2442 1728 2510 τήν
1781 2439 1930 2496 λείαν

271 2534 572 2594 ἀπέϐαλον.
628 2538 693 2595 Οἳ
744 2533 801 2591 δὶ
856 2533 1120 2607 πολέμιοι
1182 2533 1443 2606 μαθόντες
1500 2533 1598 2599 τὴν
1649 2535 1753 2584 τῶν
1801 2531 1931 2583 Ῥω-

274 2628 451 2703 μαίων
516 2626 568 2681 ὲν
632 2627 829 2699 Μόψου
889 2623 1040 2695 ἑστίᾳ
1084 2617 1472 2696 παρεμϐολὴν,
1534 2617 1673 2694 μηδὲ
1740 2618 1931 2692 μικρὸν

277 2716 658 2794 χρονίσαντες,
686 2712 1139 2773 διαναπαύσαντες
1186 2708 1243 2765 δὲ
1295 2708 1517 2772 ἑαυτοὺς
1570 2708 1620 2763 ἐν
1678 2711 1746 2780 τῇ
1790 2704 1933 2763 Βαλ-

270 2802 527 2862 τολιῦἀδι
564 2804 641 2865 ὡς
695 2802 828 2869 ἇνὸν,
863 2800 1077 2876 ᾤχοντο
1131 2797 1220 2854 διὰ
1265 2806 1366 2869 τῆς
1408 2798 1622 2865 νυκτὸς,
1679 2790 1934 2870 ὑπερϐάν-

272 2917 353 2952 τες
419 2915 481 2949 τε
541 2894 606 2947 τὸ
669 2886 1004 2966 ϊαρϐαδικὸν
1052 2886 1176 2965 ὅρος
1208 2889 1299 2943 καὶ
1353 2887 1427 2949 εἲς
1474 2889 1543 2942 τὰ
1591 2890 1688 2941 τοῦ
1743 2883 1935 2940 Χάλεπ

282 2984 374 3039 σὺν
458 2978 673 3055 σπουδῇ
753 2978 1109 3039 ἐπελάσαντες
1178 2977 1322 3053 ὅρια,
1381 2976 1469 3031 καὶ
1535 2976 1626 3030 τὸν
1685 2972 1931 3028 κίνδυνον

288 3072 449 3144 μόλις
507 3067 894 3141 ὑπαλύξαντες.
954 3069 1033 3139 [Ρ.
1084 3069 1207 3138 833]
1256 3064 1407 3120 Ἀνία
1456 3062 1513 3119 δὲ
1560 3063 1787 3138 κατέσχε
1840 3061 1932 3116 τὸν

283 3169 518 3245 βασιλέα
547 3165 1008 3244 ἀπρακτησάντων
1061 3168 1168 3220 τῶν
1218 3161 1270 3219 ἐν
1317 3162 1515 3236 Μόψου
1564 3160 1730 3231 ἑστίᾳ·
1764 3179 1935 3214 κατα-

282 3261 405 3323 στὰς
452 3259 555 3335 γὰρ
605 3258 694 3317 καὶ
754 3254 912 3317 αὐτὸς
973 3253 1096 3319 εὐθὺ
1155 3260 1252 3323 τῆς
1310 3252 1362 3307 ἂν
1412 3250 1701 3322 Σελευκείᾳ
1757 3248 1931 3305 Κλαυ-

287 3347 651 3418 διουπόλεως,
708 3344 826 3399 ἐπεὶ
884 3343 1009 3419 περὶ
1057 3350 1156 3413 τῆς
1212 3341 1419 3397 τούτων
1468 3339 1801 3414 ἐμεμαθήκει
1842 3358 1941 3414 φυ-

290 3445 416 3512 γῆς,
461 3434 728 3510 ἀπογνοὺς
781 3431 1193 3506 όπισθόρμητος
1241 3432 1455 3506 γέγονεν
1500 3428 1585 3484 ἒπί
1632 3430 1694 3483 τὸ
1742 3429 1941 3495 Βυζαν-

287 3549 427 3596 τιον,
461 3524 814 3602 ἐπειγόμενος
845 3523 919 3583 ὡς
948 3519 1057 3591 ἤδη
1108 3519 1306 3576 λοιπὸν
1358 3520 1447 3575 καὶ
1490 3524 1586 3575 τοῦ
1622 3519 1941 3595 μετοπώρου

287 3616 631 3683 ἐπιστάντος,
670 3610 987 3668 καταλιπὼν
1042 3608 1224 3684 ἕτερον
1284 3609 1414 3665 λαὸν
1463 3605 1679 3673 ὄπισθεν
1738 3606 1826 3662 διὰ
1880 3609 1940 3663 τὸ

280 3709 371 3761 καί
415 3704 634 3778 ἒτίρους
685 3703 955 3775 Τούρκους
1001 3698 1423 3769 καταληίζεσθαι
1470 3699 1568 3765 τήν
1628 3699 1938 3770 Ῥωμαϊκὴν

285 3803 412 3871 γῆν,
466 3794 605 3849 κατὰ
663 3791 890 3869 φατρίας
950 3789 1038 3843 καὶ
1102 3788 1306 3861 *μοίρας
1387 3784 1797 3861 διαιρουμένους
1850 3786 1941 3841 καὶ

283 3882 723 3957 κατατρέχοντας
769 3874 1105 3933 λωποδυτῶν
1148 3876 1350 3951 τρόπον
1397 3877 1483 3931 καὶ
1535 3872 1807 3943 κλεπτῶν,
1852 3877 1940 3930 καὶ

285 3974 346 4029 τὸ
405 3953 721 4047 προστυχὸν
774 3970 913 4022 ἁπαν
974 3966 1327 4043 ἀφανίζοντας
1371 3964 1458 4019 καὶ
1506 3962 1816 4034 ληΐζοντας.
1862 3953 1941 4018 Δι’

286 4062 317 4116 ἆ
346 4061 437 4115 καὶ
497 4057 772 4133 δυσχερὴς
829 4056 897 4123 ἦν
948 4057 983 4123 ἡ
1025 4053 1231 4109 τούτων
1280 4052 1544 4123 κώλυσις,
1589 4052 1781 4113 πάσαις
1822 4058 1940 4114 ταῖς

285 4147 435 4210 ὁδοῖς
484 4144 902 4224 ἐφεδρευόντων,
956 4148 1061 4197 τῶν
1117 4141 1532 4216 στρατευμάτων
1588 4142 1765 4195 αὐτῶν
1821 4144 1940 4205 καθ’

287 4238 419 4291 αὖτᾶ
481 4232 912 4307 μεμονωμὲνων,
976 4232 1051 4303 μὴ
1114 4227 1425 4302 δυναμένων
1491 4231 1797 4298 ἀντιστῆναι
1852 4228 1941 4284 m5-

280 4332 420 4392 τοῖς,
443 4329 543 4379 τοῦ
574 4321 633 4377 δὲ
666 4319 935 4397 βασιλέως
994 4316 1145 4382 αὖθις
1198 4320 1274 4391 μὴ
1325 4317 1441 4375 θ’ίου
1485 4340 1543 4373 τε
1582 4314 1735 4378 ὄντος
1796 4318 1940 4393 μερί-

288 4421 494 4483 ζεσθαι,
530 4411 657 4467 ἀλλ’
688 4410 766 4464 tri
821 4408 1090 4481 παρόντος
1139 4407 1310 4479 τόπῳ.
1345 4406 1622 4467 Είσιόντος
1680 4404 1737 4460 δὶ
1776 4405 1938 4461 αὐτοῦ

284 4513 359 4573 εἷς
391 4513 493 4580 τήν
534 4504 810 4584 βασιλίδα,
845 4504 927 4559 ἐπ’
958 4504 1110 4559 οἷ’κου
1141 4504 1231 4559 καὶ
1279 4506 1341 4559 τὸ
1390 4504 1583 4559 λοιπὸν
1634 4504 1940 4577 στράτευμα

287 4603 532 4677 γέγονεν,
584 4594 927 4656 ῒνδικτιῶνος
974 4591 1173 4669 ὀγδόης
1220 4592 1572 4666 ἐνισταμένης
1616 4597 1713 4647 τοῦ
1776 4594 1946 4669 ,ςφοη’

279 4688 465 4759 ἔτους,
499 4687 593 4742 ὅτε
650 4686 739 4739 καὶ
794 4682 857 4737 τὸ
918 4682 1165 4753 μέγιστον
1226 4683 1368 4755 ἱερὸν
1422 4680 1779 4755 ἑπυρπολήθη
1836 4681 1945 4737 τῶν

286 4778 617 4851 Βλαχερνῶν
658 4770 765 4835 ἕως
796 4768 1045 4846 ἆδάφους.
1079 4770 1229 4826 Ἐπεὶ
1287 4769 1344 4825 δὶ
1385 4772 1446 4825 τὸ
1498 4766 1589 4843 ἔαρ
1651 4769 1945 4843 ὑποφαίνε-

287 4878 409 4930 σθαι
439 4862 669 4939 ἤρξατο,
702 4860 961 4932 ἐσκέψατο
1019 4864 1267 4932 παρεῖναι
1326 4859 1393 4931 τῇ
1455 4855 1695 4934 βασιλίδι
1729 4858 1756 4911 ὁ
1791 4858 1943 4932 βασι-

282 4954 439 5016 λεύς.
496 4949 802 5026 Προκρίνας
862 4944 919 5001 δὲ
983 4947 1245 5018 Μανουὴλ
1330 4944 1790 5024 πρωτοπρόεδρον
1851 4946 1944 5000 τὸν

283 5042 595 5115 Κομνηνὸν,
623 5038 714 5093 καὶ
744 5040 936 5091 τοῦτον
958 5038 1196 5109 τιμήσας
1248 5040 1327 5107 τῷ
1380 5040 1477 5091 τοῦ
1525 5032 1941 5111 κουροπαλάτου

284 5133 582 5203 ἀξιώματι,
614 5126 914 5201 στρατηγὸν
973 5125 1061 5178 καὶ
1105 5124 1351 5201 ἀρχηγὸν
1398 5129 1497 5179 τοῦ
1538 5124 1937 5199 στρατεύματος

282 5218 662 5275 ἀποδείκνυσι.
691 5214 771 5271 Τὸ
826 5210 871 5267 δ’
926 5210 1160 5276 ἐντεῦθεν
1217 5214 1284 5268 τὰ
1330 5212 1605 5287 προσάντη
1663 5211 1753 5265 καὶ
1813 5209 1935 5265 δυσ-

276 5309 420 5384 χερῆ
476 5307 567 5362 καὶ
620 5301 846 5376 λυπηρᾶ
903 5304 971 5373 τῇ
1033 5300 1280 5376 βασιλείᾳ
1335 5301 1624 5375 Ῥωμαίων
1673 5298 1938 5375 προσεκό-

275 5418 468 5472 ρησεν,
525 5394 713 5464 Ἐξιὼν
772 5387 864 5444 οὖν
920 5390 949 5443 ὁ
1005 5384 1457 5463 προϐεϐλημάνος
1512 5390 1589 5452 εἷς
1646 5393 1834 5462 τοῦτο,
1886 5389 1932 5444 εἰ

274 5488 365 5541 καὶ
422 5484 540 5544 νέος
582 5482 685 5549 τήν
735 5475 958 5548 ἡλικίαν
1003 5476 1311 5553 ὶτύγχανεν,
1338 5478 1484 5534 ἀλλά
1531 5499 1594 5554 γε
1641 5484 1930 5547 πεπλανη-

278 5578 439 5645 μένον
512 5568 661 5625 οὗδὶν
720 5568 757 5634 ἢ
821 5562 1178 5641 μειρακιῶδες
1250 5566 1479 5642 ἐνεργῶν
1559 5566 1927 5643 κατεφαίνετο,

272 5670 452 5725 πολὺν
501 5666 559 5722 δὶ
613 5670 719 5721 τῶν
774 5662 995 5717 εἰκότων
1025 5660 1219 5738 νλὸγον
1277 5664 1635 5738 ποιούμενος·
1681 5663 1775 5726 τὰς
1826 5664 1928 5739 γὰρ

2036 562 2235 633 ibique
2284 578 2382 617 eos
2430 563 2776 631 exspectans
2807 553 3085 616 omnibus
3115 550 3306 605 modis
3337 548 3674 603 offenderet.

2035 632 2455 706 Pristereuntes
2486 649 2666 720 igitur
2695 663 2797 717 per
2827 640 3102 699 Seleuciae
3136 642 3363 693 montes
3396 635 3467 689 ad
3515 632 3679 688 Tarsi

2040 740 2345 814 planitium
2374 738 2587 811 jaculis
2619 734 2865 791 confecti
2899 735 3070 799 sunt;
3123 727 3220 783 ubi
3268 726 3340 781 ab
3392 722 3681 777 Armeniis

2038 829 2447 902 comprehensi
2508 842 2739 882 omnem
2796 826 2913 879 fere
2973 819 3227 892 priedam
3282 814 3552 869 amisere.
3610 813 3685 865 At

2039 899 2237 975 hostes
2251 919 2504 991 cognitis
2530 921 2921 971 Romanorum
2940 909 3149 965 castris
3167 907 3237 961 ad
3266 899 3683 973 Mopsuestiam

2042 1026 2112 1065 ne
2144 1024 2352 1081 parum
2382 1006 2619 1078 quidem
2675 998 3041 1063 commorati,
3101 1011 3229 1050 cum
3284 1009 3346 1048 se
3405 992 3566 1062 ipsos
3622 987 3685 1043 in

2042 1078 2398 1157 Baltolibade
2448 1113 2551 1168 pro
2596 1094 2816 1148 viribus
2868 1086 3225 1153 reiecissent,
3288 1086 3462 1136 noctu
3528 1078 3686 1134 obie-

2043 1194 2198 1253 runt,
2220 1193 2276 1243 et
2305 1166 2580 1257 superato
2612 1180 2927 1237 Sarbadico
2959 1179 3154 1231 monte
3185 1173 3255 1227 ad
3291 1172 3437 1225 ﬁnes
3468 1166 3686 1238 Chalep

2042 1295 2276 1335 summo
2335 1277 2531 1331 studio
2590 1273 2678 1327 vix
2735 1270 2949 1325 evitato
3006 1262 3264 1337 periculo
3322 1273 3684 1315 concessere.

2040 1376 2306 1434 Molestia
2334 1373 2697 1430 afﬁciebatur
2726 1369 3062 1440 imperator,
3095 1360 3249 1433 quod
3284 1359 3323 1413 ii
3370 1356 3470 1429 qui
3524 1354 3687 1424 Mop-

2042 1466 2272 1523 suestia:
2300 1467 2466 1519 erant
2496 1460 2660 1516 otiosi
2698 1460 2993 1529 degerent.
3026 1456 3288 1520 Cumque
3319 1450 3479 1501 recta
3521 1443 3688 1498 Clau-

2042 1554 2319 1627 diopolim
2370 1553 2428 1607 in
2480 1549 2799 1606 Seleuciam
2856 1545 3151 1617 profectus
3198 1538 3279 1593 ibi
3321 1536 3392 1590 de
3423 1535 3685 1605 ipsorum

2041 1621 2179 1717 fuga
2208 1643 2533 1706 didicisset,
2566 1637 2890 1708 desperatis
2923 1632 3098 1686 rebus
3146 1640 3413 1681 reversus
3461 1626 3549 1677 est
3587 1621 3691 1692 By-

2040 1714 2323 1801 zantium,
2359 1728 2619 1784 adhibita
2649 1723 2965 1788 celeritate,
2997 1718 3153 1790 quod
3188 1717 3314 1786 jam
3367 1714 3687 1768 autumnus

1962 1846 2010 1911 Β
2046 1819 2542 1897 appetere,relicto
2564 1816 2743 1872 altero
2766 1810 3123 1874 exercitu,eo
3150 1803 3304 1876 quod
3330 1800 3427 1857 alii
3460 1812 3688 1870 quoque

2039 1912 2211 1968 Turci
2230 1928 2327 1982 per
2345 1908 2534 1963 tribus
2547 1910 2605 1960 et
2629 1902 2821 1958 curias
2844 1896 3016 1954 divisi
3041 1896 3439 1950 Romanorum
3474 1893 3690 1943 terram

2041 1998 2484 2059 excursionibus
2514 1990 3011 2065 depopularentur
3042 1985 3335 2039 latronum
3369 1995 3435 2034 ac
3466 1976 3691 2049 praado-

2042 2108 2183 2147 num
2218 2084 2715 2153 more,omniaque
2746 2081 2803 2133 in
2837 2087 3202 2149 quaecunque
3234 2068 3561 2125 inciderent
3590 2066 3693 2120 de-

2042 2180 2418 2243 molirentur;
2453 2172 2669 2244 quibus
2702 2169 2770 2223 de
2802 2166 2950 2222 685
2987 2160 3183 2217 causis
3210 2154 3528 2213 difﬁculter
3557 2169 3691 2225 pro-

2041 2269 2227 2325 hiberi
2260 2267 2549 2339 poterant,
2585 2260 2635 2315 si
2668 2257 2907 2329 quidem
2957 2250 3233 2308 omnibus
3277 2246 3387 2300 viis
3436 2242 3691 2298 insidia-

2044 2361 2276 2419 bantur,
2323 2359 2380 2409 et
2432 2349 2719 2406 exercitus
2768 2345 3030 2417 ipsorum
3085 2354 3183 2409 per
3229 2351 3291 2390 se
3336 2331 3441 2388 soli
3503 2328 3691 2384 relicti

2043 2464 2157 2502 non
2189 2447 2453 2518 poterant
2487 2438 2774 2494 resistere.
2812 2426 3183 2503 Imperatoris
3212 2439 3346 2479 vero
3398 2418 3691 2475 exercitus

2043 2510 2219 2591 dividi
2281 2530 2578 2602 nequibat,
2630 2525 2731 2581 sed
2786 2522 2884 2577 uni
2936 2521 3061 2574 loco
3108 2518 3340 2570 tantum
3392 2510 3688 2564 intererat.

2042 2634 2186 2688 Cum
2220 2647 2352 2686 vero
2386 2628 2605 2699 regiam
2640 2624 2842 2679 urbem
2871 2619 2997 2689 ipse
3028 2616 3329 2686 ingressus
3375 2610 3550 2671 esset,
3601 2619 3692 2658 re-

2046 2724 2238 2793 liquus
2288 2732 2521 2791 quoque
2568 2712 2859 2771 exercitus
2908 2708 3147 2761 domum
3181 2716 3241 2756 se
3274 2697 3510 2768 recepit,
3544 2693 3696 2747 indi-

2045 2813 2233 2867 ctione
2265 2816 2483 2875 octava,
2515 2818 2667 2859 anno
2694 2800 2857 2867 6578,
2889 2794 3125 2867 quando
3159 2793 3334 2847 etiam
3367 2783 3689 2841 maximum

2046 2900 2498 2956 Blacbernarum
2541 2890 2828 2962 templum
2880 2887 3185 2940 incensum
3236 2883 3324 2934 est
3373 2890 3560 2945 usque
3618 2870 3691 2926 ad

2044 2989 2256 3045 solum.
2313 2984 2411 3040 Ubi
2464 2998 2593 3037 vero
2641 2996 2739 3033 ver
2777 2974 3040 3047 appetiit,
3092 2967 3343 3025 decrevit
3373 2964 3695 3033 imperator

2044 3079 2113 3133 ad
2148 3076 2364 3146 regiam
2392 3072 2590 3126 urbem
2616 3060 3326 3128 accedere,delectumque
3357 3048 3688 3107 Manualem

2048 3166 2301 3240 primum
2337 3160 2667 3232 praefectum
2700 3154 3087 3211 Comnenum,
3123 3149 3182 3199 et
3212 3160 3276 3198 eo
3328 3141 3547 3195 honore
3599 3137 3691 3191 de-

1965 3214 2009 3281 C
2050 3214 2313 3313 coratum
2339 3214 2411 3305 tut
2440 3243 2806 3317 curopalates
2837 3242 3015 3302 esset,
3037 3236 3245 3290 ducem
3277 3235 3333 3285 et
3366 3226 3689 3299 principem

2048 3345 2229 3401 totius
2283 3337 2571 3396 exercitus
2614 3331 2891 3387 declarat.
2952 3326 3088 3389 Qum
3155 3320 3428 3388 deinceps
3486 3329 3691 3369 conse-

2052 3426 2586 3506 quuntur,molesta
2616 3438 2681 3477 ac
2712 3415 2973 3474 difﬁcilia
3001 3418 3056 3469 et
3082 3408 3375 3466 laboriosa
3406 3405 3692 3459 Romano-

2053 3539 2181 3578 rum
2214 3516 2459 3591 imperio
2490 3512 2769 3568 accidere.
2822 3510 3101 3577 Egressus
3146 3498 3328 3569 igitur
3366 3493 3418 3548 is
3467 3489 3566 3563 qui
3618 3488 3689 3544 ad

2050 3613 2160 3667 hoc
2192 3623 2409 3664 munus
2440 3602 2697 3659 delectus
2730 3598 2937 3660 fuerat,
2970 3587 3197 3647 etiamsi
3246 3588 3413 3639 aetate
3454 3577 3694 3651 juvenis

2048 3704 2225 3759 esset.
2248 3702 2505 3752 attamen
2531 3688 2759 3746 nullum
2792 3682 3020 3740 facinus
3053 3680 3110 3733 in
3143 3691 3256 3747 quo
3287 3668 3566 3728 erraverit
3594 3670 3695 3721 aut

2051 3790 2204 3862 quod
2256 3781 2502 3859 juvenili
2561 3778 2710 3834 aetati
2772 3772 3204 3829 condenaretur
3233 3758 3512 3834 patravit,
3574 3756 3692 3809 imo

2051 3877 2236 3934 multa
2288 3873 2487 3929 habita
2536 3882 2737 3924 eorum
2770 3877 2896 3934 quae
2929 3857 3199 3914 decerent
3228 3849 3447 3907 ratione
3478 3844 3695 3901 coactis

2050 3965 2232 4038 copiis
2252 3963 2390 4019 totis
2411 3959 2634 4015 viribus
2657 3954 2727 4009 ad
2764 3956 3080 4006 Caesaream
3112 3941 3405 4015 profectus
3435 3939 3543 4000 est,
3576 3949 3692 3988 non

2049 4023 2379 4125 equitatem
2408 4053 2662 4111 tantum,
2698 4043 2798 4098 sed
2826 4039 3001 4094 etiam
3043 4032 3324 4105 populum
3355 4040 3570 4081 curans
3600 4023 3695 4076 de-

2048 4110 2262 4207 center,
2298 4145 2356 4194 et
2381 4138 2689 4209 peccantes
2711 4129 2927 4184 milites
2950 4121 3161 4179 debitis
3184 4117 3445 4175 afﬁciens
3467 4110 3653 4184 pmnis
3679 4129 3692 4177 ;

2049 4246 2301 4301 cumque
2330 4228 2389 4281 in
2423 4223 2690 4296 quaedam
2725 4215 2922 4290 praelia
2952 4209 3319 4272 incidissent,
3349 4203 3536 4257 victor
3564 4215 3695 4254 eva-

2049 4320 2148 4377 sit.
2177 4288 2642 4387 J‘amque-suam
2690 4288 2939 4380 gloriam
2986 4299 3232 4355 dilatare
3285 4288 3695 4349 contendebat.

2050 4420 2186 4483 Qua!
2216 4384 2349 4469 cum
2382 4410 2611 4466 audiret
2641 4406 2978 4474 imperator,
3031 4392 3213 4450 laetari
3263 4389 3498 4462 quidem
3544 4384 3700 4438 vide-

2049 4473 2242 4569 batur,
2267 4502 2366 4557 sed
2401 4495 2680 4554 invidiam
2713 4473 3145 4547 dissimulabat.
3168 4484 3436 4536 Attamen
3470 4479 3535 4529 ut
3567 4473 3697 4527 Hie-

1979 4578 2022 4642 D
2055 4591 2271 4664 rapolis
2318 4586 2685 4643 obsidionem
2746 4579 2857 4633 cito
2915 4574 3162 4631 solveret
3220 4572 3277 4623 et
3332 4567 3697 4621 commeatus

2055 4680 2266 4753 inopia:
2346 4674 2734 4737 succurreret,
2816 4682 2930 4721 non
3017 4659 3322 4716 minimam
3406 4650 3696 4708 exercitus

2055 4738 2277 4842 partem
2309 4767 2463 4822 688
2495 4763 2553 4817 in
2586 4759 2810 4832 Syriam
2838 4754 3022 4826 jussit
3069 4749 3251 4805 abire.
3305 4744 3421 4799 Hac
3471 4738 3698 4794 ratione

2053 4827 2261 4914 ducem
2294 4873 2361 4912 ea
2391 4827 2652 4926 potentia
2702 4864 2829 4919 qua:
2878 4843 3014 4898 inde
3062 4831 3542 4912 proﬁciscebatur
3597 4827 3696 4882 de-

2052 4945 2378 5013 fraudavit;
2427 4959 2554 5014 quae
2604 4954 2735 4994 cum
2786 4933 3081 5008 profectus
3127 4928 3283 4981 esset
3312 4937 3445 4977 cum
3480 4914 3697 4973 relictis

2049 5047 2162 5101 sibi
2195 5044 2379 5115 copiis
2409 5046 2464 5096 et
2494 5040 2563 5095 ad
2617 5037 2823 5091 urbem
2872 5034 3066 5086 castra
3111 5024 3381 5088 locasset,
3427 5015 3693 5089 quadam

2047 5136 2370 5191 Turcorum
2398 5143 2632 5193 manus,
2665 5125 2942 5180 adversus
2990 5133 3139 5186 quos
3188 5123 3462 5184 egressus
3511 5106 3702 5159 fuerat

2048 5220 2440 5294 curopalates,
2489 5213 2758 5281 accessit,
2809 5223 3061 5280 cumque
3094 5205 3241 5276 fugae
3272 5217 3340 5256 ex
3370 5193 3695 5267 composito

2047 5279 2301 5385 speciem
2337 5279 2984 5381 praebuissenthostes,
3016 5294 3115 5351 ubi
3146 5286 3417 5360 dissipati
3447 5279 3698 5339 Romani

2044 5416 2143 5454 eos
2176 5394 2703 5469 persequebantur,
2754 5390 2992 5459 repente
3032 5378 3297 5437 conversi
3345 5374 3456 5430 sibi
3509 5370 3697 5425 victo-

2044 5458 2194 5543 riam
2242 5458 2676 5554 compararunt,
2710 5482 2768 5531 et
2795 5475 3008 5530 idcirco
3040 5468 3247 5526 multis
3278 5462 3465 5535 captis
3495 5458 3695 5530 plures

2042 5591 2279 5648 quoque
2307 5548 2502 5645 gladio
2535 5565 2779 5624 confecti
2814 5567 2973 5618 sunt.
3016 5561 3085 5615 Et
3127 5572 3259 5613 cum
3307 5552 3437 5607 aliis
3485 5548 3693 5616 captus

2040 5637 2129 5723 est
2159 5637 2215 5721 et
2244 5637 2700 5732 europalates,et
2727 5657 2920 5711 castra
2948 5647 3149 5705 omnia
3168 5637 3697 5715 expugnata,capta
