4008 6206
302 402 419 463 415

1620 387 1947 450 JOANNIS
1991 390 2395 457 SCYLITZIE

3596 406 3720 468 “6

303 558 369 600 ac
390 538 723 611 direpta.Ac
743 533 857 591 nisi
882 530 1213 605 propinqua
1242 526 1382 583 urbs
1404 525 1601 598 plures
1632 529 1942 618 servasset,

2067 523 2314 618 δυναμεις
2362 536 2740 609 συνηθροικὼς
2821 537 3181 617 πασίῤῥωμος
3266 544 3336 615 τῇ
3423 542 3723 618 Καισαρείᾳ

306 630 572 689 funditus
604 623 928 681 interiisset
956 619 1147 676 omnis
1180 618 1442 671 Romana
1491 618 1653 679 tetas,
1702 630 1828 684 quae
1874 615 1946 669 ad

306 721 414 776 hoc
448 717 666 774 bellum
698 715 1090 768 concurrerat.
1124 708 1253 762 Hanc
1287 706 1437 759 fama
1467 720 1600 758 cum
1652 704 1948 774 pervenis-

307 814 397 866 set
427 809 501 864 ad
531 808 967 877 imperatorem,
1019 795 1238 869 ingenti
1288 809 1419 850 eum
1473 791 1671 848 dolore
1720 793 1945 860 aﬂ‘ecit;

309 915 426 970 qua
471 897 564 951 vix
616 893 837 957 audita,
886 888 1069 943 altera
1118 900 1350 956 quoque
1401 882 1649 937 velocior
1678 887 1735 936 et
1764 881 1949 938 multo

308 986 498 1058 magis
522 988 835 1055 penetrans
860 976 1078 1048 perlata
1098 979 1203 1038 est,
1241 989 1367 1043 quae
1400 973 1698 1027 nuntiaret
1731 976 1948 1026 Turcos

309 1070 733 1145 rempublicam
766 1066 1126 1121 Chonensem
1161 1065 1217 1115 et
1268 1061 1462 1132 ipsum
1504 1059 1948 1115 celeberrimum

306 1163 458 1218 inter
490 1158 775 1215 miracula
804 1160 860 1209 et
889 1154 1043 1208 dona
1073 1149 1353 1223 principis
1400 1148 1617 1205 militiae
1662 1149 1949 1221 templum

306 1251 487 1307 armis
514 1249 1036 1318 occupassa,atque
1069 1239 1268 1295 omnia
1297 1239 1415 1294 illic
1447 1239 1601 1293 caade
1642 1245 1699 1294 et
1747 1255 1951 1293 cruore

305 1336 960 1410 completa,multasque
983 1328 1367 1385 contumelias
1390 1346 1423 1381 a
1440 1328 1950 1382 debacchandibus

303 1426 523 1498 templo
581 1426 795 1490 illatas,
854 1423 1171 1493 ipsumque
1232 1415 1483 1471 maxime
1550 1416 1948 1471 venerandum

300 1517 587 1585 templum
619 1528 905 1585 equorum
937 1507 1233 1564 stabulum
1265 1506 1558 1571 eﬂ'ectum,
1586 1509 1641 1560 et
1672 1506 1826 1577 quod
1862 1506 1949 1559 in-

304 1603 728 1677 dignissimum
762 1605 909 1665 erat,
943 1612 1132 1667 neque
1164 1595 1360 1650 hiatus
1391 1593 1641 1662 cloacas,
1675 1594 1771 1649 ubi
1804 1611 1946 1665 prie-

299 1695 647 1748 terﬂuentes
682 1690 839 1745 ﬂuvii
875 1704 940 1742 eo
973 1685 1214 1741 derivati
1249 1701 1349 1756 per
1400 1683 1679 1754 principis
1730 1684 1947 1737 exerci-

304 1786 402 1837 tus
455 1781 763 1851 antiquum
814 1778 1127 1833 adventum
1175 1777 1228 1828 et
1278 1772 1542 1827 divinum
1574 1772 1946 1839 miraculum,

2057 616 2417 692 ἐπεδήμησεν,
2477 625 2538 679 οὗ
2598 635 2696 697 τῆς
2748 630 3002 703 εὐνομίας
3046 634 3209 705 μόνον
3270 632 3417 688 ἀλλὰ
3471 634 3559 687 καὶ
3616 637 3721 687 τοῖ’»

2059 714 2285 783 στρατοῦ
2335 714 2634 789 φροντίζων
2687 721 3099 794 προσηκόντως,
3129 723 3218 777 καὶ
3278 722 3405 784 τοὺς
3464 720 3720 777 ἀδικοῦν-

2055 818 2151 861 τας
2179 803 2285 852 τῶν
2319 811 2663 876 στρατιωτῶν
2716 806 2967 865 ἐκτίσεων
3013 812 3343 884 προστίμοις
3389 813 3715 886 κατάγχων-

2058 887 2337 960 Πολέμοις
2384 888 2440 946 δέ
2496 915 2637 949 τισιν
2687 896 2927 974 ἐντυχὼν
2987 901 3217 970 νικητής
3266 900 3560 975 κατεφάνη,
3621 901 3717 954 καὶ

2057 979 2153 1045 τὴν
2188 981 2310 1054 περὶ
2348 983 2517 1037 αὐτοῦ
2551 983 2791 1057 εὐδοξίαν
2842 987 2953 1058 ἤδη
3002 990 3292 1046 πλατύνειν
3329 988 3717 1065 διηγωνίζετο.

2060 1069 2470 1142 Πυνθανόμενος
2542 1070 2599 1128 δὲ
2671 1077 2825 1132 ταυτὶ
2905 1080 2932 1133 ὁ
3007 1085 3221 1154 κρατῶν
3290 1079 3537 1151 εὐθυμεῖν
3614 1080 3715 1152 μὲν

2059 1154 2237 1227 ἐῴκει,
2270 1158 2477 1233 κρύψας
2521 1161 2574 1217 ἐν
2626 1164 2798 1237 ἑαυτῷ
2845 1167 2939 1221 τὸν
2981 1169 3195 1245 φθόνον
3231 1167 3382 1240 ὅμως
3409 1166 3457 1223 δ’
3486 1166 3576 1223 οὖν
3620 1167 3720 1223 ἵνα

2055 1246 2153 1313 τὴν
2212 1254 2311 1316 τῆς
2370 1250 2727 1323 Ἱεραπόλεως
2800 1255 2943 1330 τάχα
3019 1255 3156 1331 λύσῃ
3230 1257 3557 1333 πολιορκίαν
3616 1258 3713 1311 καὶ

2056 1337 2152 1404 τήν
2186 1334 2455 1392 σιτοδείαν
2487 1344 2972 1415 παραμαθήσηται,
3011 1351 3205 1420 μοῖραν
3259 1348 3359 1401 ούκ
3409 1346 3721 1422 ἐλαχίστην

2058 1424 2467 1499 ἀποτεμόμενος
2543 1435 2640 1484 τοῦ
2717 1438 2948 1510 στρατοῦ
2998 1435 3133 1489 κατὰ
3193 1435 3387 1509 Συρίαν
3457 1435 3719 1490 ἀπελθεῖν

2059 1512 2373 1588 διωρίσατο,
2425 1518 2515 1571 καὶ
2566 1524 2757 1576 τοῦτον
2816 1524 2905 1577 τὸν
2967 1520 3170 1598 τρόπον
3229 1531 3328 1593 τῆς
3389 1523 3449 1579 ἐκ
3503 1525 3719 1578 τούτων

2060 1603 2251 1679 ἰσχύος
2306 1606 2397 1660 τὸν
2483 1611 2783 1685 στρατηγὸν
2870 1609 3230 1688 διεστερησεν.
3276 1612 3369 1674 Εἷς
3428 1610 3485 1667 δὲ
3541 1608 3723 1667 Σεϐά-

2058 1715 2234 1748 στειαν
2319 1699 2763 1771 παραγενομένου
2842 1702 2978 1773 μετά
3034 1706 3142 1756 τῶν
3216 1700 3717 1774 ὑπολελειμμένων

2059 1780 2338 1855 δυνάμεων
2425 1787 2512 1841 καὶ
2584 1789 2707 1863 περὶ
2779 1791 2842 1844 τὸ
2922 1788 3050 1846 ἄστυ
3126 1788 3716 1865 στρατοπεδεύσαντος,

305 1874 587 1941 tanquam
621 1885 721 1940 per
752 1881 1004 1938 praeceps
1036 1864 1258 1918 ﬂuxum
1289 1862 1507 1916 habent
1537 1862 1827 1932 ejusmodi
1851 1863 1950 1934 qui

2067 1871 2267 1963 ἐπῆλθὲ
2331 1895 2413 1935 τις
2484 1862 2703 1945 πληθὺς
2777 1881 3071 1953 Τουρκική.
3134 1862 3310 1951 Ἐξήει
3389 1884 3518 1955 γοῦν
3593 1872 3719 1933 κατ’

309 1962 627 2015 consistere
659 1956 883 2027 nequit,
916 1954 1064 2008 687
1119 1952 1338 2024 quique
1385 1952 1702 2006 admodum
1756 1951 1951 2007 celeri-

307 2052 398 2103 ter
440 2046 715 2113 occurrit,
770 2061 885 2099 non
934 2041 1197 2113 potuisse
1246 2057 1345 2096 eos
1376 2041 1471 2109 qui
1501 2040 1639 2095 illuc
1670 2042 1952 2112 coniuge-

310 2141 444 2192 rant
475 2150 707 2191 servare
736 2132 946 2189 evitato
980 2130 1234 2202 periculo
1259 2147 1271 2184 :
1296 2129 1438 2197 imo,
1461 2131 1617 2200 quod
1652 2146 1951 2199 nunquam

311 2228 445 2281 ante
502 2223 811 2290 acciderat,
860 2221 943 2276 ita
998 2219 1333 2275 abundasse
1381 2235 1618 2289 aquam,
1672 2224 1729 2275 et
1775 2218 1955 2273 veluti

316 2312 610 2384 absorptis
658 2310 1001 2366 ﬂuminibus
1034 2324 1238 2363 omnes
1270 2308 1501 2378 penitus
1533 2308 1632 2378 qui
1662 2324 1729 2363 eo
1760 2309 1955 2363 confu-

309 2407 519 2475 gerant
548 2400 763 2454 diluvio
794 2404 849 2454 et
898 2398 1277 2452 inundatione
1327 2396 1691 2467 oppressisse
1740 2402 1795 2451 et
1843 2398 1952 2452 sub

311 2496 469 2546 terra
498 2488 871 2544 demersisse.
908 2486 1038 2543 Haec
1069 2486 1248 2557 igitur
1278 2486 1348 2540 ad
1382 2486 1499 2539 alia
1544 2484 1814 2541 nuntiata
1864 2486 1952 2539 in-

312 2584 546 2654 gentem
568 2579 739 2635 nobis
763 2577 943 2633 animi
969 2576 1226 2631 dolorem
1251 2581 1307 2630 et
1327 2575 1652 2631 cruciatum
1686 2576 1951 2643 attulere,

315 2668 727 2740 reputantibus
758 2667 914 2738 quod
943 2666 1236 2721 acciderat
1265 2680 1393 2720 esse
1424 2664 1685 2720 divinum
1721 2670 1952 2737 porten-

310 2762 438 2812 tum
472 2762 530 2811 et
556 2758 701 2812 iram
745 2763 922 2827 atque
968 2754 1429 2825 indignationem
1480 2753 1603 2819 Dei,
1652 2771 1786 2809 cum
1838 2772 1952 2809 non

311 2846 511 2902 hostes
536 2845 725 2911 modo,
762 2844 858 2899 sed
886 2844 1013 2915 ipsa
1033 2859 1266 2914 quoque
1287 2842 1575 2898 elementa
1598 2844 1765 2898 nobis
1789 2860 1955 2915 repu-

311 2939 579 3007 gnarent.
623 2933 792 2989 Prius
835 2932 992 2987 enim
1043 2936 1128 2987 tot
1176 2930 1478 2987 nationum
1530 2947 1850 2988 concursus
1900 2937 1957 2989 et

311 3023 646 3092 concitatio,
678 3028 735 3077 et
782 3038 983 3077 eorum
1029 3020 1128 3092 qui
1180 3020 1290 3076 sub
1340 3020 1619 3076 Romanis
1668 3022 1957 3092 degebant

311 3114 574 3179 defectio,
623 3113 711 3169 ira
760 3112 958 3168 divina
1005 3111 1237 3182 quidem
1287 3127 1550 3176 evenere,
1603 3113 1703 3167 sed
1753 3118 1954 3169 contra

308 3201 634 3268 haereticos,
677 3202 778 3273 qui
826 3202 1071 3257 Iberitim
1126 3205 1183 3255 et
1232 3201 1709 3272 Mesopotamiam
1768 3219 1953 3273 usque

309 3294 375 3346 ad
428 3291 748 3347 Licandum
798 3295 856 3346 et
902 3289 1232 3346 Melitenam
1265 3294 1321 3344 et
1354 3290 1663 3345 finitimam
1689 3290 1955 3347 incolunt

303 3380 1103 3451 Armeniam,Judaicamque
1132 3379 1378 3434 Nestori‘i
1431 3384 1488 3433 et
1536 3379 1961 3450 Acephalorum

308 3469 510 3526 colunt
540 3470 834 3525 hmresim.
869 3469 1097 3523 Etenim
1138 3467 1323 3538 plenae
1377 3472 1516 3522 sunt
1564 3467 1647 3521 hac
1698 3469 1963 3539 regiones

309 3558 718 3630 hujuscemodi
752 3575 939 3629 pravae
970 3556 1285 3627 opinionis.
1319 3556 1430 3611 Sed
1464 3556 1563 3611 ubi
1613 3556 1964 3614 orthodoxos

312 3664 549 3720 quoque
579 3647 794 3702 invasit
824 3646 1152 3713 calamitas,
1185 3661 1389 3700 omnes
1421 3644 1521 3715 qui
1564 3645 1963 3701 Romanorum

312 3738 496 3792 cultui
531 3735 748 3791 addicti
779 3740 977 3791 essent
1008 3751 1122 3805 quo
1155 3751 1216 3789 se
1265 3739 1555 3789 verterent
1603 3736 1962 3797 nesciebant.

315 3830 656 3898 reputantes
705 3829 761 3879 et
808 3824 1072 3895 ipsorum
1118 3840 1457 3879 mensuram
1509 3823 1749 3893 perinde
1796 3831 1966 3896 atque

314 3914 866 3969 olimAmorrhaeoru
880 3930 933 3966 m
948 3912 1027 3967 im
1038 3912 1250 3984 pletam
1268 3927 1417 3978 esse,
1439 3918 1495 3966 et
1508 3916 1647 3968 tunc
1660 3914 1963 3971 credentes

316 4020 433 4058 non
454 4007 686 4057 tantum
712 4006 928 4057 rectam
954 4001 1127 4057 ﬁdem
1153 4000 1369 4073 requiri
1412 4002 1513 4057 sed
1545 4006 1601 4057 et
1631 4001 1806 4057 vitam
1835 4004 1965 4060 ﬂdei

320 4092 815 4163 respondentem;
850 4107 1030 4162 quare
1064 4090 1314 4161 utrique,
1348 4094 1404 4145 et
1433 4090 1491 4145 in
1545 4091 1655 4145 fide
1700 4092 1969 4149 videlicet

316 4185 580 4236 errantes
620 4186 675 4235 et
715 4179 774 4233 in
811 4178 930 4234 vita
958 4179 1318 4234 oﬂ‘endentes
1356 4184 1531 4249 atque
1568 4178 1966 4238 claudicantes

320 4269 446 4339 pari
467 4269 757 4341 supplicio
780 4268 970 4324 aﬂ'ecti
998 4272 1158 4336 sunt;
1190 4268 1289 4339 qui
1318 4267 1473 4323 enim
1498 4267 1633 4323 fecit
1661 4272 1719 4324 et
1744 4270 1963 4341 docuit,

319 4357 414 4413 hic
444 4358 652 4414 beatus
681 4362 972 4414 censetur.
1006 4357 1109 4413 His
1140 4357 1357 4413 auditis
1385 4355 1703 4428 imperator
1730 4375 1965 4415 summo

2062 1962 2236 2017 αὐτῶν
2292 1965 2319 2017 ὁ
2363 1964 2802 2040 κουροπαλάτης.
2864 1970 3168 2024 Φαντασίαν
3228 1967 3285 2024 δὲ
3341 1976 3520 2044 φυγῆς
3571 1988 3717 2042 παρ-

2063 2050 2383 2127 εσχημένων
2424 2058 2531 2108 τῶν
2586 2053 2873 2129 πολεμίων
2919 2056 2979 2112 ἐκ
3025 2060 3391 2131 συνθήματος,
3418 2056 3535 2112 ἐπεὶ
3594 2056 3720 2112 δια-

2062 2139 2434 2206 σκεδασθέντες
2499 2145 2552 2198 oi
2606 2146 2876 2217 Ῥωμαῖοι
2931 2144 3177 2215 ἐδίωκον,
3226 2146 3558 2225 ἐπιστροφήν
3622 2146 3718 2201 αἲ-

2062 2227 2266 2306 φνίδιον
2326 2230 2690 2303 ποιησάμενοι
2746 2233 3115 2309 παλίντροπον
3163 2237 3264 2303 τὴν
3321 2234 3470 2304 νίκην
3528 2235 3717 2311 εἰργά-

2065 2338 2244 2373 σαντο·
2283 2315 2367 2372 διὸ
2396 2319 2487 2373 καὶ
2527 2319 2733 2375 πολλοὶ
2770 2324 2864 2394 μὲν
2894 2322 3156 2394 ἑάλωσαν,
3191 2326 3270 2396 [Ρ.
3318 2326 3445 2396 834]
3492 2322 3724 2384 πλείους

2064 2405 2120 2462 δὲ
2173 2408 2261 2462 καὶ
2320 2408 2597 2483 μαχαίρας
2677 2405 2834 2485 ἔργον
2890 2413 3161 2487 γεγόνασι.
3226 2411 3614 2467 Συναλίσκεται
3662 2410 3723 2467 δὲ

2061 2498 2151 2552 καὶ
2182 2496 2341 2558 αὐτὸς
2372 2503 2489 2560 τοῖς
2521 2496 2720 2562 ἄλλοις
2751 2501 2779 2555 ὁ
2810 2499 3249 2576 κουροπαλάτης,
3283 2501 3375 2556 καὶ
3424 2508 3527 2569 τῆς
3570 2522 3722 2573 παρ-

2065 2580 2311 2657 εμϐολῆς
2370 2586 2583 2655 ἁπάσης
2643 2588 2974 2662 παράστασις
3032 2588 3121 2643 καὶ
3180 2590 3399 2664 ἁρπαγή
3458 2589 3547 2643 καὶ
3596 2585 3718 2643 διαο

2064 2672 2351 2735 σκύλευσις
2407 2674 2613 2749 γέγονε.
2674 2676 2773 2729 Καὶ
2831 2678 2875 2731 εἶ
2927 2679 3001 2750 μή
3058 2679 3121 2732 τὸ
3176 2678 3305 2733 ἄστυ
3362 2676 3595 2748 πλησίον
3659 2679 3720 2733 ὂν

2060 2762 2187 2825 τοὺς
2246 2761 2475 2824 πλείους
2531 2761 2805 2833 διέσωσεν,
2842 2763 3200 2821 ἐκινδύνευσεν
3262 2763 3321 2819 ἂν
3382 2770 3724 2839 πανστρατιᾷ

2062 2856 2097 2923 ἡ
2149 2858 2256 2907 τῶν
2310 2852 2597 2926 Ῥωμαίων
2656 2852 2867 2924 ἡλικία,
2926 2855 3023 2926 ὅση
3098 2858 3232 2932 πρὸς
3314 2858 3412 2925 τήν
3492 2856 3721 2912 ἐνταῦθα
3756 2854 3767 2860 ”

2062 2942 2402 3017 ἕκστρατείαν
2435 2940 2751 3016 συνέδραμε.
2785 2947 2902 3012 Τῆς
2934 2946 3126 3022 φήμης
3188 2942 3245 2999 δὶ
3294 2941 3721 3015 καταλαϐούσης

2060 3033 2149 3086 τὸν
2189 3029 2414 3106 βασιλέα
2442 3029 2630 3101 πολλή
2683 3053 2767 3095 τις
2799 3032 2921 3087 ἀνία
2963 3036 3223 3111 κατέσχεν
3282 3034 3464 3091 αὐτόν.
3525 3038 3715 3104 Μήπω

2063 3118 2121 3175 δὲ
2153 3116 2347 3195 σχεδὸν
2388 3120 2590 3190 ταύτης
2620 3120 2964 3195 ἠκουσμένης
3006 3124 3160 3198 ὲτὲρα
3208 3122 3439 3189 ἐπῆλθεν
3490 3123 3721 3197 ὀξυτέρα

2065 3210 2154 3264 xui
2179 3208 2465 3283 τομωτὲρα
2495 3212 2566 3287 φή
2579 3232 2653 3281 μη
2686 3208 2909 3282 πολλῷ,
2935 3210 3061 3273 τοὺς
3112 3211 3383 3285 Τούρκους
3439 3210 3729 3287 ἀπαγγελ-

2074 3297 2243 3354 λουσα
2269 3300 2370 3366 τήν
2400 3297 2451 3352 ἐν
2476 3299 2688 3361 Χώναις
2719 3297 3001 3355 πολιτείαν
3055 3303 3144 3356 καὶ
3204 3301 3362 3356 αὐτὸν
3414 3302 3505 3357 τὸν
3568 3323 3734 3377 περι-

2074 3383 2274 3457 ϐόητον
2312 3386 2362 3441 ἰν
2408 3388 2645 3460 θαύμασι
2701 3393 2791 3442 καί
2841 3390 3149 3463 ἀναθήμασι
3204 3394 3302 3445 τοῦ
3352 3390 3740 3465 ἀρχιστρατή-

2072 3498 2173 3550 γου
2245 3477 2367 3532 ναὸν
2432 3472 2757 3532 καταλαϐεῖν
2812 3476 2863 3532 ἐν
2932 3478 3199 3554 μαχαίρᾳ,
3257 3479 3347 3533 καὶ
3403 3479 3570 3558 φόνου
3636 3480 3739 3552 μὲν

2075 3566 2284 3619 ἅπαντα
2325 3564 2393 3619 τὰ
2442 3563 2613 3619 ἐκεῖσε
2669 3563 2963 3641 πληρῶσαι
3008 3567 3097 3620 καὶ
3145 3565 3372 3641 λύθρου,
3402 3567 3621 3629 πολλὰς
3679 3566 3743 3622 δὲ

2075 3648 2259 3728 ὕϐρεις
2313 3658 2391 3724 τῷ
2445 3653 2575 3725 ἱερῷ
2616 3652 3124 3729 ἐμπαροινισθῆναι,
3173 3656 3393 3710 ἱππῶνα
3444 3657 3533 3711 τὸν
3592 3655 3746 3710 πάν-

2076 3763 2269 3796 σεπτον
2321 3742 2718 3817 ἐργασαμένους
2748 3744 2893 3815 ναὸν,
2924 3744 3013 3798 καὶ
3062 3745 3124 3799 τὸ
3177 3741 3243 3813 δὴ
3300 3744 3744 3821 σχετλιώτερον,

2079 3826 2220 3902 μηδὲ
2248 3830 2344 3891 τὰς
2396 3833 2491 3882 τοῦ
2546 3830 2829 3903 χάσματος
2878 3832 3157 3905 σήραγγας
3203 3833 3339 3903 (19),
3371 3829 3423 3884 ἐν
3472 3832 3625 3906 ᾧπερ
3684 3832 3746 3885 οἱ

2074 3917 2467 3994 παραρῥὲοντες
2525 3918 2770 3990 ποταμοὶ
2829 3917 3001 3973 ἐκεῖσε
3059 3915 3430 3994 χωνευόμενοι
3489 3917 3577 3973 διὰ
3635 3926 3745 3987 τῆς

2072 4010 2170 4061 τοῦ
2228 4007 2672 4081 ἀρχιστρατήγου
2730 4005 2964 4067 παλαιᾶς
3025 4005 3326 4079 ἐπιδημίας
3390 4008 3478 4063 xui
3535 4019 3743 4078 θεοση-

2081 4095 2207 4167 μίας
2264 4094 2338 4156 ὡς
2397 4091 2486 4148 διὰ
2541 4098 2778 4169 πρανοῦς
2836 4095 3096 4150 ἀπατοῦν
3152 4097 3212 4150 τὸ
3258 4093 3432 4171 ῥεῦμα
3460 4094 3551 4149 καὶ
3611 4094 3740 4151 λίαν

2076 4181 2379 4258 εὐδρομοῦν
2440 4181 2655 4258 ἔχουσι,
2693 4182 2822 4244 τοὺς
2875 4186 3347 4263 καταπεφευγότας
3406 4182 3743 4259 διατηρῆσαι

2074 4271 2163 4326 καὶ
2226 4270 2487 4342 ὑπαλύξαι
2545 4272 2636 4326 τὸν
2688 4268 2932 4326 κινδυνον
2991 4272 3233 4348 ἰσχῦσαι,
3294 4271 3423 4328 ἀλλ’
3480 4274 3613 4346 ὅπερ
3671 4275 3741 4329 ού

2072 4360 2257 4435 γέγονέ
2283 4380 2434 4427 ποτε,
2467 4356 2877 4435 πλημμυρῆσαι
2922 4360 2985 4414 τὸ
3035 4357 3182 4436 ὕδωρ
3239 4360 3328 4414 καὶ
3387 4362 3505 4414 οἷον
3565 4360 3738 4436 ἀναῤ-

1620 4474 1864 4531 JACOBI
1904 4475 2121 4532 GOARI
2161 4476 2399 4535 NOT/E.

388 4572 499 4642 (49)
549 4572 742 4626 Fidem
774 4570 1135 4643 Apocryphis
1164 4586 1268 4627 nec
1297 4587 1472 4639 erogo
1502 4587 1607 4628 nec
1636 4573 1963 4628 emendico.

324 4643 487 4705 Quod
520 4644 699 4698 Graeci
732 4650 974 4698 narrant
1004 4659 1273 4698 sermone
1310 4643 1370 4696 18
1402 4643 1710 4710 Thesauri,
1764 4643 1961 4701 lectio-

321 4714 471 4769 narii
515 4714 795 4768 nimirum
830 4715 887 4768 in
920 4731 1121 4769 eorum
1156 4714 1419 4771 ecclesiis
1453 4714 1683 4785 publice
1712 4715 1865 4783 lecti,
1901 4732 1973 4771 ne

320 4786 607 4841 obscurus
638 4792 695 4840 et
731 4785 1115 4855 inexplicalus
1166 4791 1401 4841 maneat
1450 4787 1707 4842 auctoris
1754 4792 1967 4854 textus,

322 4856 577 4941 breviter
627 4859 831 4941 refero.
883 4856 1119 4922 Chonis,
1169 4857 1479 4941 inquiunt,
1521 4858 1664 4941 urbe
1716 4857 1969 4941 Phrygias

322 4927 737 5011 asservabatur
767 4944 919 5009 aqua
951 4902 1425 5011 manu-votisque
1448 4902 1691 5011 :loanonis
1723 4902 1969 4998 apostoli

320 4998 770 5072 benedicta,qua
800 4999 1048 5072 irrorata
1074 4998 1377 5055 miraculis
1398 5000 1641 5055 edendis
1664 5016 1968 5072 nunquam

320 5070 571 5125 caelestis
603 5076 660 5124 et
684 5070 949 5143 angelica
998 5070 1180 5143 virtus
1229 5072 1445 5126 deerat.
1498 5070 1847 5143 Frequentia
1895 5073 1971 5128 si-

319 5158 568 5212 gnorum
606 5142 933 5213 Archippus
967 5141 1207 5213 quidam
1256 5141 1725 5211 Hierapolitanus
1774 5148 1969 5200 motus

317 5214 389 5285 ad
428 5230 669 5285 aquam
739 5211 937 5267 condit
989 5211 1303 5285 ecclesiam
1380 5214 1683 5269 Michaelis
1742 5231 1967 5285 supera

318 5283 536 5338 militias
572 5285 850 5353 principis
883 5285 1119 5338 nomine
1168 5284 1442 5351 dicatam,
1494 5302 1669 5355 quam
1721 5283 1968 5355 gentiles

317 5355 583 5425 religioni
638 5356 980 5425 nominique
1039 5356 1366 5409 Christiano
1424 5357 1635 5410 infensi
1699 5358 1967 5411 traducto

319 5442 422 5497 per
442 5443 569 5481 eam
594 5427 811 5498 Chryso
840 5428 1012 5482 ﬂuvio
1034 5427 1280 5495 dejicere
1298 5433 1437 5481 sunt
1457 5428 1971 5497 aggressi.Delusit

315 5514 515 5553 eorum
550 5505 826 5553 conatum
854 5504 910 5553 et
937 5498 1434 5569 exspectationem
1468 5498 1665 5553 cmlica
1710 5502 1969 5569 potentia

315 5574 367 5625 et
423 5570 480 5623 in
535 5570 842 5641 adversam
893 5576 1112 5640 partem
1167 5585 1424 5641 cursum,
1459 5570 1577 5641 egit
1638 5570 1819 5641 ﬂuvii.
1880 5570 1966 5625 Illi

318 5646 514 5712 spreto
565 5640 846 5697 miraculo
894 5639 1095 5713 emptis
1126 5639 1516 5713 {obstinatius
1553 5640 1859 5707 insistunt,
1912 5646 1968 5713 et

315 5712 582 5784 Cuphum
617 5712 1020 5787 Lycocamque
1052 5712 1262 5769 ﬂuvios
1295 5712 1529 5769 aliunde
1581 5714 1862 5771 deductos
1905 5712 1966 5769 in

1998 4578 2044 4642 D
2076 4573 2379 4629 ecclesiam
2432 4578 2616 4643 agunt
2663 4574 3091 4645 effunduntque
3124 4591 3137 4645 ξ
3164 4574 3411 4645 jamque
3441 4589 3746 4645 aquarum

2081 4646 2299 4699 diluvio
2329 4645 2651 4700 corruisset
2685 4644 2806 4712 illa,
2834 4645 2893 4699 ni
2924 4644 3246 4700 cmlestium
3280 4644 3585 4715 agminum
3621 4646 3744 4701 dux

2078 4716 2320 4797 Michael
2351 4715 2579 4797 lancea,
2610 4733 2727 4797 qua
2758 4716 3086 4797 instructus
3115 4716 3409 4797 apparuit,
3454 4733 3744 4787 percussa

2080 4794 2239 4860 petra
2280 4788 2578 4860 ingentem
2629 4787 2689 4841 in
2743 4803 2811 4842 ea
2858 4787 3207 4859 voraginem
3234 4792 3416 4860 tanta:
3441 4804 3738 4860 aquarum

2080 4858 2219 4913 moli
2252 4858 2630 4913 abs'orbendaa
2654 4874 2926 4929 capacem
2957 4858 3593 4914 eXcavasset.Subeunt
3622 4858 3737 4913 ita-

2081 4947 2195 5000 que
2219 4930 2632 5003 subterraneas
2664 4928 2908 5003 specus,
2927 4928 3163 5003 caesos
3191 4930 3476 5003 χάσματος
3504 4930 3739 5003 ’σήραγ-

2078 4999 2203 5073 γαςί,
2252 5002 2578 5071 praecipites
2627 4999 2981 5073 et’humiles
3030 4999 3337 5073 ﬂuviorum
3368 4999 3647 5073 vortices.
3680 4999 3741 5058 et

2078 5071 2339 5146 ecclesiae
2385 5073 2786 5146 fundamentis
2817 5071 3000 5146 longe
3019 5072 3379 5146 accliviores.
3416 5072 3589 5146 quasi
3610 5074 3738 5146 loci

2076 5142 2353 5213 religione
2386 5142 2688 5215 territie,in_
2720 5142 2944 5198 vicinos
2971 5144 3184 5200 deinde
3215 5160 3385 5215 agros
3406 5142 3547 5215 dato
3570 5142 3738 5215 alveo

2077 5218 2472 5283 emergunt,et
2502 5213 2829 5269 innoﬂ‘enso
2861 5230 3036 5269 cursu
3072 5231 3231 5270 mare
3247 5212 3451 5269 versus
3474 5212 3738 5271 illabun-

2075 5290 2191 5339 tur.
2227 5284 2365 5338 Ἀπὸ
2396 5284 2525 5339 αὑτὸ
2557 5283 2620 5356 τὸ
2650 5284 2849 5356 θαῦμα,
2884 5285 3150 5341 scribunt
3191 5285 3298 5356 illi,
3348 5283 3651 5356 ὠνομασθη
3704 5285 3735 5356 ὀ

2075 5356 2269 5416 τόπος’
2306 5357 2508 5419 Χῶναι,
2568 5355 2681 5424 ἀμὴ
2758 5354 2950 5428 πρῶτα
3019 5355 3331 5428 ὠνομάζετο
3381 5354 3731 5428 γΚωλασσαίι

2074 5430 2407 5483 miraculum
2441 5428 2751 5483 Chonarum
2786 5428 2977 5497 (quasi
3000 5430 3165 5484 dicas
3187 5427 3729 5495 infundibuliﬂoco,

2082 5500 2320 5555 Calussa!
2352 5501 2506 5568 prius
2552 5507 2762 5561 vocato,
2809 5515 3005 5555 nomen
3037 5499 3255 5555 indidit.
3306 5499 3729 5555 Monasterium

2076 5571 2344 5643 voragini
2373 5574 2843 5643 superstructum
2875 5571 3065 5643 adhuc
3096 5574 3425 5643 ποῖαι-θεοὶ
3454 5570 3589 5625 urbi
3620 5576 3728 5643 Μιτ

2076 5639 2474 5725 χαθ,λ’ξ(ώναιξ
2509 5658 2720 5725 no‘me‘n
2752 5641 2825 5695 ab
2855 5657 2921 5697 eo
2954 5642 3299 5725 impositum
3333 5641 3568 5708 docent,
3622 5641 3723 5715 qui

2076 5713 2205 5773 visu
2232 5717 2550 5785 utrumque
2579 5713 2998 5770 lustraverunt.
