4040 6196
246 318 363 376 H7

338 441 441 464 ρκ-

1760 311 2148 374 HISTORIA.

3554 335 3671 394 418

246 441 538 521 ῥοιὸδῆσαι
587 447 674 501 καί
728 445 1108 523 ἀνεῤῥίξασθαι
1154 446 1243 500 καὶ
1302 443 1505 505 πάντας
1563 440 1731 517 ἄρδην
1780 442 1905 503 τοὺς

2021 444 2217 500 studio
2268 451 2323 501 ct
2382 447 2561 502 animi
2620 448 2919 507 alacritate
2978 458 3417 528 quamprimum
3475 465 3668 535 egredi

247 535 720 613 καταπεφευγότας
767 535 1097 590 κατακλύσαι
1141 536 1231 588 καὶ
1290 532 1381 588 διὰ
1444 534 1610 606 ξηρᾶς
1664 527 1906 605 ὑποϐρυ-

248 625 408 700 χίους
483 627 834 694 ποιήσασθαι.
889 630 1063 679 Ταῦτα
1118 628 1407 699 τοιγαροῦν
1486 619 1907 695 ἐπιδιήγηθέντα

246 711 464 781 πολλὴν
544 711 739 781 ἐνῆκαν
814 714 914 782 τὴν
976 712 1205 787 ἀθυμίαν
1265 715 1399 785 ἡμῖν
1446 754 1459 779 ,
1520 708 1907 783 λογιζομένοις

248 800 544 872 θεοσημίαν
579 803 711 856 εἶναι
758 804 821 857 τὸ
852 803 1067 878 γεγονὸς
1108 803 1198 856 καί
1234 808 1396 874 μῆνιν
1423 801 1512 854 καὶ
1545 796 1716 874 χόλον
1751 802 1906 866 Θεοῦ,

247 901 314 961 ὡς
351 900 432 971 μή
469 900 639 972 μόνον
668 906 774 954 τῶν
818 900 1098 972 πολεμίων
1134 898 1279 954 ἀλλὰ
1308 900 1442 973 [καὶ]
1474 902 1583 952 τῶν
1616 897 1904 971 στοιχείων

246 988 709 1064 ἆντιμαχομένων
760 993 921 1062 ἡμῖν.
974 989 1244 1064 Πρότερον
1298 988 1399 1063 γὰρ
1450 989 1484 1056 ἡ
1534 985 1768 1055 τοσαύτη
1801 989 1905 1039 τῶν

248 1077 410 1141 ἐθνῶν
474 1077 625 1151 ὁρμὴ
681 1079 773 1132 καὶ
848 1074 1070 1154 ἔπαρσις
1130 1078 1219 1131 καὶ
1279 1081 1381 1131 τῶν
1445 1076 1545 1131 ὑπὸ
1604 1073 1905 1147 Ῥωμαίους

246 1166 553 1221 τελούντων
602 1169 888 1237 κατακοπή
953 1167 1087 1242 ὀργὴ
1146 1167 1241 1239 μὶν
1281 1170 1380 1221 τοῦ
1430 1168 1588 1233 Θεοῦ,
1638 1164 1773 1218 κατὰ
1799 1169 1905 1217 τῶν

248 1258 537 1333 αἱρετικῶν
595 1254 651 1311 δὲ
687 1300 701 1323 ,
760 1259 812 1312 οἳ
886 1258 983 1327 τήν
1042 1254 1280 1333 Ἰϐηρίαν
1338 1258 1427 1312 καὶ
1490 1254 1907 1326 Μεσοποταμίαν

251 1348 415 1421 μέχρι
472 1343 757 1400 Λυκανδοῦ
808 1346 896 1400 καί
948 1345 1260 1417 Μελιτηνῆς
1314 1346 1403 1401 καὶ
1445 1347 1543 1413 τήν
1577 1342 1907 1419 παρακειμέ-

246 1458 335 1504 νην
397 1435 645 1489 οἰκοῦσιν
690 1436 995 1510 Ἀρμενίαν,
1036 1435 1127 1490 καὶ
1186 1437 1238 1491 οἳ
1296 1436 1395 1503 τὴν
1456 1431 1756 1503 Ἰουδαῖκην
1812 1437 1908 1488 τοῦ

251 1526 551 1598 Νεστορίου
609 1524 696 1578 καί
756 1528 862 1577 τῶν
914 1523 1225 1601 Ἀκεφὰλων
1286 1522 1671 1598 θρησκεύουσιν
1730 1520 1848 1597 α’ίρε
1888 1551 1910 1564 -

248 1631 343 1666 cur
400 1612 494 1666 καὶ
540 1614 646 1688 γάρ
701 1612 1004 1682 πλήθουσιν
1056 1610 1172 1667 αἵδε
1217 1614 1271 1667 αἱ
1313 1617 1493 1688 χῶραι
1523 1618 1622 1682 τῆς
1650 1610 1906 1680 τοιαύτης

245 1698 591 1771 κακοδοξίας.
643 1702 813 1757 Ἐπᾶν
874 1699 931 1756 δὲ
981 1703 1069 1757 καὶ
1129 1702 1236 1756 τῶν
1293 1698 1595 1776 ὀρθοδόξων
1637 1699 1817 1773 ἥψατο
1844 1700 1908 1754 τὸ

248 1788 443 1857 δεινὸν,
504 1789 557 1844 ἐν
614 1790 930 1865 ἀμηχάνοις
978 1791 1112 1859 ἦσαν
1171 1791 1364 1851 πάντες
1422 1788 1471 1843 οἶ
1520 1789 1587 1845 τὰ
1626 1788 1907 1861 Ῥωμαίων
1940 1821 1986 1886 Β

246 1879 655 1954 θρησκεύοντες,
733 1876 1129 1955 πεπληρῶσθαι
1207 1880 1294 1933 καί
1362 1879 1424 1934 τὸ
1478 1880 1647 1933 αὑτῶν
1709 1877 1901 1953 μέτρον

247 1971 333 2022 οἷα
380 1968 583 2022 καὶτὸ
642 1972 752 2021 τῶν
807 1967 1158 2044 Ἀμορραίων
1230 1967 1606 2042 λογιζόμενοι,
1663 1968 1750 2021 καὶ
1814 1988 1903 2022 πι-

250 2057 525 2121 στεύοντες
570 2061 868 2127 τηνικαῦτα
919 2057 995 2119 ὠς
1048 2056 1152 2131 ἄρα
1204 2058 1267 2112 οὑ
1320 2057 1483 2130 μόνον
1534 2057 1711 2119 πίστις
1743 2058 1903 2111 ἀπαι-

250 2151 418 2199 τεῖται
453 2144 616 2221 ὅρθή,
668 2144 815 2200 ἀλλὰ
869 2146 958 2200 καὶ
1013 2146 1131 2221 βίος
1178 2146 1246 2221 τῇ
1288 2146 1462 2201 πίστει
1495 2148 1901 2219 ἀνθιστάμενος.

251 2244 341 2298 Διὸ
376 2243 470 2297 καί
522 2242 844 2319 ἀμφότεροι,
878 2243 992 2299 ὅτε
1037 2244 1160 2318 περὶ
1206 2245 1304 2313 τὴν
1355 2243 1533 2299 πίστιν
1587 2242 1902 2321 σφαλλόμε-

250 2354 335 2393 νος
385 2330 607 2402 8ηλαδή
639 2332 729 2385 καὶ
780 2334 809 2386 ὁ
858 2334 979 2408 περὶ
1014 2334 1101 2387 τὸν
1149 2333 1264 2406 βίον
1320 2332 1633 2402 ὑποσκάζων
1666 2333 1753 2387 καὶ
1780 2354 1903 2408 χω-

251 2419 443 2489 λεύων,
496 2420 548 2474 ἐν
608 2420 699 2495 ἴσῃ
757 2422 1000 2496 τιμωρίᾳ
1053 2422 1416 2485 καθίστανταιο
1469 2423 1625 2498 ὁγὰρ
1670 2425 1902 2492 ποιήσας

249 2512 331 2563 καὶ
365 2507 586 2580 διδάξας
639 2509 934 2565 ἐπαινεῖται
985 2511 1073 2565 καί
1126 2514 1499 2587 μακαρίζεται.
1548 2517 1721 2566 Ταῦτα
1769 2514 1901 2567 ὲνω-

246 2602 527 2671 τισάμενος
589 2599 618 2653 6
702 2599 958 2674 βασιλεὺς
1027 2600 1335 2675 προθυμίαν
1400 2602 1497 2673 μὶΑ
1564 2603 1705 2677 εἶχεν
1766 2601 1904 2657 ὥστε

250 2687 435 2742 αὐτίκα
484 2688 785 2762 ἐξορμῆσαι
839 2688 928 2743 καί
987 2693 1055 2762 τῇ
1114 2690 1302 2744 ἑαυτοῦ
1362 2691 1522 2765 χώρᾳ
1582 2690 1901 2765 βοηθῆσαι,

254 2777 537 2852 ἀπείργετο
588 2775 646 2832 δὲ
694 2784 812 2840 τοῖς
857 2799 915 2832 τε
964 2772 1298 2850 συμϐούλοις
1345 2780 1431 2832 καὶ
1476 2782 1545 2852 τῇ
1587 2778 1780 2851 ἀγνοίᾳ
1807 2783 1902 2833 τοῦ

256 2864 499 2936 πλήθους
544 2872 652 2921 τῶν
705 2866 983 2921 ἐναντίωνο
1028 2869 1193 2923 Ἦσαν
1246 2864 1303 2921 δὲ
1352 2866 1381 2921 ὅ
1428 2887 1486 2921 τε
1524 2867 1902 2941 Παλαιολόγος

261 2956 569 3032 Νικηφόρος
620 2956 647 3009 ὁ
703 2954 1023 3031 ὑπέρτιμος,
1056 2956 1144 3009 καὶ
1192 2962 1299 3011 τῶν
1348 2955 1663 3034 φιλοσόφων
1705 2956 1904 3021 ὕπατος

258 3049 666 3106 Κωνσταντῐνος
720 3045 747 3098 6
796 3042 1038 3111 Ψελλός,
1084 3046 1168 3117 [Ρ.
1219 3046 1345 3117 835]
1395 3046 1483 3099 καὶ
1533 3045 1616 3099 ἐπὶ
1668 3050 1827 3099 πᾶσιν
1875 3048 1903 3100 6

261 3138 458 3208 Καῖσαρ
506 3133 534 3186 ὁ
582 3137 680 3187 τοῦ
727 3127 1285 3207 προϐεϐασιλευκότος
1345 3133 1626 3207 σύναιμος·
1679 3136 1729 3187 οἳ
1780 3136 1904 3189 ὅσον

260 3221 348 3292 μὲν
382 3221 466 3275 ἐπ’
501 3221 710 3289 αὐτοῖς,
765 3218 892 3275 οὐδὲ
935 3226 1030 3295 ζῇν
1080 3221 1313 3297 ᾑροῦντο
1367 3223 1527 3277 αὐτὸν
1575 3222 1763 3297 (βαρὺς
1802 3226 1901 3298 γὰρ

254 3312 317 3378 ἦν
343 3311 534 3372 αὐτοῖς
571 3311 662 3364 καί
716 3310 1055 3385 βλεπόμενος
1104 3311 1221 3365 λίαν
1263 3310 1407 3383 αύτῷ
1438 3312 1905 3387 ἀπεχθανομένοις

255 3398 326 3459 ὡς
354 3396 512 3474 ἀνδρὶ
556 3400 789 3473 γενναίῳ
840 3399 928 3453 καὶ
989 3397 1288 3471 θυμοειδεῖ,
1338 3400 1425 3454 καὶ
1471 3400 1597 3462 τοὺς
1648 3398 1903 3477 ἐφέδρους

251 3494 346 3556 τῆς
378 3485 660 3561 βασιλείας
710 3485 921 3563 ἔχοντι,
950 3488 1077 3550 τοὺς
1108 3486 1303 3551 παῖδας
1332 3510 1478 3564 φημι
1508 3494 1605 3544 τοῦ
1658 3490 1904 3563 Δουκὸς),

254 3574 401 3656 ὅμως
462 3584 511 3639 δ’
565 3587 656 3640 οῦν
718 3586 778 3641 ἐκ
830 3592 928 3641 τοῦ
990 3592 1297 3665 προφανοῦς
1355 3586 1588 3662 ᾐδοῦντο
1646 3584 1905 3661 συμϐου-

255 3672 430 3729 λεύειν
494 3674 643 3746 αὐτῷ
698 3676 765 3729 τὰ
820 3675 1131 3751 ἀσύμφορα.
1194 3678 1328 3733 Μεθ’
1382 3677 1589 3752 ἡμέρας
1648 3674 1706 3731 δέ
1758 3698 1907 3739 τινας

254 3760 389 3831 ἦλθε
443 3764 537 3817 καὶ
618 3766 648 3818 ὁ
724 3764 1146 3839 κουροπαλάτης
1205 3764 1471 3833 Μανουὴλ
1506 3808 1519 3833 ,
1578 3766 1908 3839 ἐπαγόμενος

261 3853 372 3923 μεθ’
429 3852 625 3907 ἑαυτοῦ
698 3853 791 3907 τὸν
868 3855 1211 3928 κατασχόντα
1278 3853 1435 3908 αὐτὸν
1498 3857 1741 3928 Τοῦρκον
1811 3854 1908 3909 οὐκ

260 3937 471 4013 ἄκοντα,
524 3939 653 3996 ἀλλ’
700 3941 891 3997 ἑκόντα
933 3944 1031 4011 τήν
1078 3943 1181 3997 ὑπὸ
1226 3944 1319 3998 τὸν
1381 3942 1605 4019 βασιλέα
1658 3942 1906 3998 δουλείαν

262 4029 684 4103 αίρετισάμενον.
740 4037 1027 4103 Δυσμενῶς
1082 4030 1126 4086 δ’
1184 4030 1413 4108 ἔχοντος
1462 4037 1559 4087 τοῦ
1608 4032 1908 4088 σουλτάνου

262 4120 393 4193 πρὸς
442 4120 603 4174 αὐτὸν
666 4117 754 4175 διά
801 4142 921 4175 τινα
969 4116 1248 4194 συμϐάντα
1299 4121 1615 4195 αίτιάματα,
1656 4123 1906 4197 στρατιὰν

261 4210 372 4261 κατ’
445 4208 610 4263 αὐτοῦ
690 4208 825 4281 μετά
898 4230 1042 4271 τινος
1112 4211 1452 4286 στρατάρχου
1519 4209 1858 4281 ἐξαπέστειλε
1892 4256 1907 4282 ,

259 4299 413 4352 παντὶ
463 4298 654 4370 τρόπῳ
708 4297 851 4353 ἑλεῖν
902 4297 1059 4353 αύτὸν
1096 4299 1521 4375 μηχανώμενος,
1556 4300 1616 4354 οὗ
1646 4305 1723 4371 τῷ
1754 4295 1909 4378 φόϐῳ

259 4387 620 4450 κατασεισθιὶς
682 4386 759 4459 τῷ
814 4385 1028 4463 βασιλεῖ
1069 4389 1454 4465 καταπέφευγε,
1502 4388 1593 4443 καὶ
1642 4386 1909 4463 πρόεδρος

260 4477 560 4549 παραυτίκα
615 4476 902 4548 τετίμηται
942 4521 954 4533 .
1014 4481 1110 4533 Ἢν
1172 4475 1229 4531 δὲ
1282 4478 1345 4532 τὸ
1417 4478 1510 4551 μὶν
1583 4478 1906 4555 φαινόμενον

1935 3188 1976 3252 C

2018 540 2072 587 et
2104 535 2256 589 688
2290 552 2408 590 suae
2459 539 2679 609 regioni
2731 557 2901 611 opem
2956 543 3103 599 ferre
3153 548 3447 617 cupiebat.
3497 554 3601 607 Sed
3637 572 3669 610 a

2017 624 2371 680 consiliariis
2422 632 2479 681 et
2528 628 2888 696 ignoratione
2940 633 3340 691 multitudinis
3409 637 3667 697 hostium

2017 712 2461 783 prohibebatur.
2525 716 2590 771 Hi
2649 724 2815 773 erant
2873 720 3235 794 Nicephorus
3286 726 3668 801 Palmologus,

2016 801 2104 854 vir
2162 802 2578 859 honestissimo
2636 805 2760 861 loco
2820 814 3014 877 natus,
3066 816 3123 866 et
3180 812 3668 886 philosophorum

2017 890 2291 963 princeps
2347 894 2767 951 Constantinus
2827 898 3072 963 Psellus,
3121 907 3296 972 atque
3343 904 3401 957 in
3461 906 3671 977 primis

2017 978 2207 1034 Caesar
2280 980 2438 1036 illius
2496 984 2596 1053 qui
2657 991 2829 1040 antea
2902 986 3295 1059 imperavorat
3358 999 3668 1065 cognatus,

2016 1076 2113 1145 qui
2166 1082 2447 1146 quantum
2483 1080 2540 1134 in
2592 1080 2736 1152 ipsis
2767 1088 2990 1150 erat,ne
3021 1087 3212 1143 vivere
3261 1090 3500 1159 quidem
3532 1110 3667 1150 eum

2018 1166 2355 1235 cupiebant,
2390 1169 2543 1239 quod
2595 1170 2707 1225 sibi
2752 1173 2947 1242 gravis
2995 1181 3171 1241 esset,
3203 1182 3260 1231 et
3311 1179 3479 1235 valde
3530 1198 3666 1237 eum

2018 1254 2261 1310 oderant
2310 1263 2373 1311 ut
2420 1257 2609 1313 virum
2659 1276 3009 1332 generosum
3056 1281 3122 1319 ac
3172 1266 3402 1332 fortem,
3450 1271 3669 1341 quique

2020 1343 2181 1414 regni
2244 1362 2569 1401 assessores
2627 1347 2863 1404 haberet
2919 1352 3087 1406 ducis
3148 1353 3344 1424 ﬁlios;
3408 1361 3668 1413 attamen

2018 1439 2213 1504 aperte
2262 1435 2613 1491 verebantur
2660 1437 2769 1508 ipsi
2805 1438 3038 1495 inutilia
3078 1442 3404 1501 consulere.
3442 1446 3670 1519 Aliquot

2017 1527 2149 1591 post
2178 1521 2387 1577 diebus
2414 1524 2569 1579 venit
2616 1525 2753 1579 item
2781 1527 3013 1583 Manuel
3045 1532 3432 1603 curopalates,
3464 1552 3667 1592 secum

2015 1610 2311 1664 adducens
2343 1611 2598 1667 Turcum
2624 1613 2791 1670 illum
2823 1632 2853 1668 a
2878 1633 2991 1687 quo
3018 1618 3289 1676 detentus
3316 1622 3522 1692 fuerat,
3548 1641 3665 1680 non

2017 1697 2288 1770 invitum,
2320 1702 2421 1756 sed
2474 1708 2684 1773 sponte
2714 1720 2776 1760 se
2807 1704 2864 1759 in
2915 1708 3251 1764 servitutem
3296 1710 3667 1783 imperatoris

2016 1787 2404 1845 dedicantem.
2431 1790 2574 1846 Nam
2600 1809 2733 1848 cum
2758 1794 3028 1850 sultanus
3050 1812 3187 1868 erga
3210 1798 3403 1869 ipsum
3429 1800 3667 1859 inimico

2015 1877 2213 1932 animo
2235 1884 2391 1934 esset
2414 1881 2486 1934 ob
2537 1883 2823 1953 quasdam
2852 1901 3080 1950 causas,
3114 1888 3428 1943 exercitum
3462 1892 3666 1947 adver-

2015 1983 2116 2020 sus
2144 1982 2276 2021 eum
2302 1985 2434 2022 cum
2477 1972 2730 2039 quodam
2764 1974 2909 2028 duce
2941 1975 3203 2044 miserat,
3237 1977 3292 2032 id
3328 1978 3575 2035 moliens
3603 1984 3669 2036 ut

2014 2071 2145 2109 eum
2179 2056 2385 2127 quovis
2435 2059 2607 2113 modo
2654 2067 2923 2132 caperet;
2956 2064 3125 2133 cujus
3176 2069 3332 2119 metu
3365 2066 3464 2123 ille
3502 2084 3663 2125 com-

2014 2148 2209 2199 motus
2266 2146 2336 2199 ad
2400 2147 2806 2217 imperatorem
2862 2152 3146 2223 confugit.
3208 2154 3536 2229 Statimque
3596 2171 3664 2213 eo

2014 2232 2234 2288 honore
2265 2234 2506 2291 affectus
2559 2241 2648 2291 est
2697 2240 2759 2292 ut
2809 2256 3021 2310 praeses
3072 2247 3248 2297 esset.
3284 2243 3419 2299 Erat
3467 2250 3665 2302 autem

2014 2323 2209 2392 specie
2243 2322 2502 2393 juvenis,
2537 2330 2767 2381 statura
2796 2344 2929 2383 vero
2965 2329 3080 2384 fere
3103 2347 3400 2402 pygmaeus
3432 2339 3487 2387 et
3520 2335 3664 2390 facie

2011 2411 2222 2482 Scytha
2253 2416 2309 2466 et
2361 2412 2649 2484 ingratus.
2687 2416 2893 2487 Deligit
2939 2424 3135 2472 autem
3168 2419 3361 2490 ipsum
3405 2421 3663 2493 impera-

2012 2503 2125 2564 tor,
2185 2517 2428 2570 sperans
2488 2504 2605 2557 fore
2659 2510 2723 2557 ut
2778 2521 2912 2559 cum
2968 2506 3171 2563 Turcis
3224 2513 3280 2563 et
3327 2510 3661 2568 adversario

2014 2589 2265 2643 exercitu
2328 2589 2425 2644 ille
2483 2597 2789 2663 pugnaret.
2846 2594 3171 2667 llabitoque
3230 2596 3452 2653 delectu
3516 2600 3664 2654 mili-

2016 2687 2157 2744 tum,
2193 2683 2503 2750 appetente
2530 2696 2661 2735 vere
2692 2683 2989 2752 trajiciens
3021 2686 3337 2741 exercitum
3383 2687 3454 2742 ad
3490 2688 3666 2744 Eric-

2013 2783 2141 2821 rum
2179 2768 2392 2839 palatia
2446 2770 2783 2840 perducitur
2830 2772 2956 2843 ipsa
2988 2772 3080 2827 die
3123 2775 3499 2846 orthodoxize,
3532 2794 3665 2833 cum

2014 2855 2198 2925 pridie
2247 2857 2521 2911 exercitui
2581 2865 2638 2913 et
2686 2861 2914 2915 senatui
2974 2861 3342 2933 largitionem
3400 2882 3658 2922 annuam

2013 2944 2264 3010 fecisset,
2309 2963 2420 3000 non
2480 2963 2608 3001 eam
2666 2953 2849 3003 totam
2904 2968 3068 3014 auro,
3128 2952 3229 3006 sed
3289 2953 3441 3007 689
3504 2956 3660 3026 quod

1992 3021 2261 3099 \deesset,
2322 3035 2524 3089 sericis
2583 3037 2726 3090 velis
2785 3038 3095 3108 supplevit.
3155 3042 3296 3096 Cum
3341 3059 3476 3098 vero
3534 3043 3662 3116 ipse

2015 3122 2333 3191 trajiceret,
2364 3122 2638 3179 columba
2686 3127 2953 3196 quaedam
3008 3146 3118 3182 non
3153 3131 3472 3186 admodum
3506 3133 3663 3199 alba,

2017 3219 2115 3272 sed
2151 3221 2407 3274 maxima
2452 3237 2519 3275 ex
2569 3227 2731 3294 parte
2762 3223 2949 3295 nigra,
2982 3224 3252 3282 alicunde
3300 3227 3523 3299 volans,
3556 3230 3664 3284 cir-

2015 3324 2146 3363 cum
2202 3309 2499 3364 triremem
2550 3328 2677 3382 quae
2738 3312 2979 3367 vehebat
3030 3314 3459 3385 imperatorem,
3520 3318 3663 3374 voli-

2015 3398 2176 3451 tabat
2225 3400 2415 3467 quoad
2466 3401 2533 3453 ad
2592 3402 2784 3470 ipsum
2846 3401 3013 3455 illum
3074 3403 3385 3459 deveniens
3435 3406 3490 3458 in
3535 3407 3664 3477 ejus

2017 3502 2225 3541 manus
2283 3488 2559 3555 defluxit;
2598 3505 2771 3559 quam
2824 3488 2921 3545 ille
2970 3490 3325 3562 imperatrici
3384 3494 3549 3549 misit
3604 3496 3665 3551 in

2016 3575 2298 3646 palatium
2333 3581 2541 3647 praeter
2571 3594 2788 3633 morem
2821 3580 3204 3635 commoranti
3254 3581 3327 3636 ob
3373 3585 3660 3654 quaedam

2016 3663 2331 3720 muliebres
2386 3665 2626 3721 delicias
2683 3673 2741 3721 et
2799 3667 3338 3739 simulationes.|F.t
3395 3672 3520 3727 visa
3577 3677 3670 3729 est

2016 3754 2193 3825 igitur
2220 3754 2487 3809 columba
2520 3756 2851 3828 symbolum
2906 3756 3063 3812 haud
3100 3759 3231 3812 boni
3265 3766 3506 3816 eventus
3537 3767 3662 3817 tum

2014 3844 2126 3913 ipsi
2174 3844 2271 3914 qui
2320 3850 2569 3915 ceperat,
2619 3850 2743 3899 tum
2799 3845 2883 3899 illi
2932 3847 3003 3900 ad
3073 3864 3251 3918 quam
3297 3849 3480 3905 missa
3536 3852 3666 3906 fuit.

2015 3931 2231 3987 Verum
2266 3935 2520 4002 Augusta
2569 3950 2700 3988 cum
2761 3940 2969 4005 praeter
3026 3938 3265 3992 modum
3329 3955 3391 3994 se
3435 3940 3668 3997 deliciis

2018 4025 2310 4093 satiasset,
2336 4026 2569 4079 tandem
2596 4026 2939 4095 pmnitentia
2960 4027 3133 4082 ducta
3157 4029 3226 4082 ad
3254 4028 3668 4099 imperatorem

2016 4113 2191 4178 venit,
2227 4118 2289 4167 ut
2314 4115 2582 4184 precibus
2606 4115 2888 4170 adhibitis
2908 4132 3041 4171 eum
3068 4118 3135 4170 ad
3184 4119 3501 4173 exercitum
3533 4122 3671 4175 edu-

2018 4204 2264 4257 cendum
2319 4204 2715 4274 praemitteret.
2761 4203 2925 4259 Illinc
2976 4206 3154 4277 igitur
3203 4208 3495 4277 profectus
3555 4210 3666 4264 im-

2019 4296 2252 4363 perator
2299 4309 2416 4346 non
2466 4292 2737 4347 Neocomi
2788 4310 2975 4364 neque
3022 4293 3079 4349 in
3115 4294 3256 4350 locis
3308 4297 3667 4367 quibusdam

2020 4381 2197 4452 regiis
2228 4380 2476 4435 classem
2533 4381 2590 4435 in
2634 4382 2885 4437 statione
2932 4382 3158 4448 habuit,
3194 4385 3292 4439 sed
3350 4384 3667 4458 Elenopoli,

2020 4486 2196 4540 quam
2222 4469 2509 4541 indigenis
2534 4470 2747 4524 rustice
2771 4471 3151 4541 Eleinopolim
3179 4472 3668 4545 appellant,quod

261 4563 398 4635 νέος,
428 4570 707 4639 πυγμαῖος
762 4562 819 4619 δί
864 4562 1057 4640 σχεδὸν
1106 4566 1203 4634 τὴν
1260 4565 1505 4637 ἡλικίαν,
1536 4565 1753 4637 χαίτην
1786 4562 1905 4640 ὄψιν

2018 4558 2211 4629 ipsum
2238 4574 2471 4629 quoque
2494 4560 2809 4629 augurium
2833 4559 2985 4613 haud
3024 4561 3310 4629 optimum
3332 4563 3521 4617 visum
3555 4569 3666 4619 est.

263 4652 474 4721 Σκύθης
514 4655 604 4708 καὶ
653 4655 875 4729 ἄχαρις.
911 4660 1092 4709 Διεῖπε
1122 4652 1180 4709 δὲ
1206 4655 1365 4710 αὐτὸν
1399 4657 1425 4710 ὁ
1461 4654 1736 4731 βασιλεὺς,
1772 4677 1909 4729 συμ-

262 4735 514 4796 ϐαλέσθαι
558 4742 706 4812 αὐτῷ
756 4744 891 4798 κατὰ
934 4748 1043 4798 τῶν
1090 4744 1350 4819 Τούρκων
1401 4742 1659 4816 ἐλπίζων,
1710 4744 1799 4798 καὶ
1838 4748 1905 4817 τῇ

262 4832 585 4905 προκειμένῃ
644 4837 906 4907 στρατιᾷ.
967 4830 1287 4906 Κατάλογον
1350 4830 1406 4887 δὲ
1471 4837 1577 4887 τῶν
1640 4854 1906 4908 στρατιω-

261 4922 368 4971 τῶν
447 4919 834 4992 ποιησάμενος,
920 4919 1040 4996 ἄρτι
1118 4925 1215 4976 τοῦ
1289 4920 1447 4997 ἔαρος
1523 4921 1906 4997 ὑπανοίγοντος

264 5003 675 5080 διαπεραιωθεὶς
748 5009 825 5071 εἰς
901 5009 964 5064 τὰ
1014 5014 1124 5065 τῶν
1175 5009 1371 5084 Ἠρίων
1430 5010 1668 5066 παλάτια
1723 5010 1907 5065 κατά-

260 5116 411 5170 γεται
488 5100 608 5171 περὶ
691 5096 858 5167 αὐτὴν
928 5100 1027 5167 τήν
1113 5099 1320 5172 ἡμέραν
1396 5106 1495 5169 τῆς
1573 5098 1904 5175 ὀρθοδοξίας,

260 5196 329 5266 τῇ
393 5196 494 5266 πρὸ
580 5196 753 5264 αὐτῆς
836 5197 1018 5271 ἡμέρᾳ
1090 5199 1189 5266 τὴν

256 5301 315 5335 τε
388 5290 589 5359 στρατῷ
659 5288 746 5340 καί
831 5290 897 5359 τῇ
960 5285 1254 5361 συγκλήτῳ
1332 5285 1769 5361 διανειμάμενος,
1842 5290 1904 5344 ού

259 5366 351 5423 διὰ
396 5375 624 5447 χρυσίου
676 5379 875 5440 πᾶσαν,
934 5373 1078 5430 ἀλλὰ
1134 5378 1197 5431 τὸ
1255 5374 1430 5431 ἐνδέον
1487 5383 1735 5452 σηρικοῖς
1770 5378 1904 5455 ὑφά-

260 5479 452 5530 σμασιν
492 5462 1055 5539 ἀναπληρωσάμινος.
1108 5468 1605 5543 Διαπεραιουμένου
1654 5464 1702 5520 δ’
1738 5468 1904 5522 αὐτοῦ

260 5550 542 5625 περιστερά
600 5573 682 5613 τις
745 5552 805 5607 οὐ
864 5554 1005 5607 πάνυ
1062 5552 1253 5623 λευκὴ,
1314 5554 1450 5629 πρὸς
1505 5556 1566 5609 τὸ
1626 5554 1794 5627 μέλαν
1848 5552 1905 5610 δὲ

261 5634 511 5697 πλεῖστον
570 5641 742 5713 αὐτῆς
802 5642 1193 5725 ὑποφαίνουσα,
1252 5644 1417 5710 ποθὶν
1477 5644 1747 5721 ἱπταμένη
1806 5645 1906 5718 τὴν

1279 5197 1492 5267 ἑτησίαν
1564 5198 1750 5273 χώραν
1825 5202 1905 5269 τῷ

2019 4656 2247 4712 Accidit
2294 4655 2469 4711 etiam
2521 4656 2716 4710 nescio
2766 4657 2907 4727 quid
2957 4656 3165 4713 aliud:
3220 4675 3357 4713 nam
3411 4661 3669 4716 maxime.

2020 4746 2205 4809 navis,
2238 4760 2366 4815 qua:
2395 4744 2733 4799 continebat
2774 4745 2997 4817 regium
3022 4747 3491 4818 tabernaculum,
3524 4766 3666 4805 con-

2021 4837 2199 4890 fracta
2229 4832 2424 4889 statim
2482 4831 2622 4887 illud
2659 4850 2926 4889 corruere
2960 4835 3111 4889 fecit.
3151 4836 3561 4891 Verumtamen
3594 4854 3667 4894 ne

2018 4924 2087 4977 ad
2124 4940 2302 4977 unum
2336 4922 2566 4993 quidem
2618 4921 2826 4976 horum
2861 4922 3167 4978 hominum
3214 4924 3465 4980 stultitia
3494 4931 3573 4997 et,
3602 4932 3667 4981 ut

2018 5014 2100 5068 ita
2131 5012 2399 5078 dixerim,
2432 5012 2770 5081 depravatio
2819 5012 3000 5066 animi
3034 5017 3089 5067 et
3121 5012 3453 5084 importuna
3490 5018 3668 5085 atque

2017 5100 2246 5156 inutilis
2299 5118 2411 5154 non
2462 5099 2734 5154 credendi
2768 5100 3089 5169 pertinacia
3139 5101 3427 5172 respicere
3457 5103 3663 5171 voluit,

2018 5201 2135 5253 t'ato
2160 5199 2513 5268 impediente
2540 5202 2597 5252 et
2618 5197 2669 5251 ei
2702 5214 2942 5252 sensum
2994 5214 3221 5253 omnem
3272 5201 3573 5257 auferente
3604 5203 3664 5257 in

2020 5304 2193 5358 quem
2244 5304 2310 5341 ea
2362 5286 2561 5341 omnia
2604 5286 2922 5341 deventura
2970 5296 3155 5342 erant.
3192 5287 3543 5361 Progressus
3576 5296 3667 5346 est

2016 5378 2200 5450 igitur
2228 5376 2567 5447 imperator,
2602 5380 2659 5430 et
2692 5376 2937 5430 ulterius
2970 5377 3029 5430 in
3078 5378 3328 5433 Orientis
3370 5378 3663 5445 regionem

2016 5466 2386 5538 procedebat,
2413 5464 2602 5536 quoad
2644 5464 2705 5519 in
2744 5466 3143 5535 praefecturam
3180 5466 3434 5522 Orientis
3466 5484 3665 5539 perve-

2016 5556 2125 5625 nit,
2158 5556 2217 5609 in
2272 5570 2498 5622 omnes,
2560 5557 2769 5624 preter
2821 5553 2879 5609 id
2941 5556 3093 5626 quod
3155 5572 3260 5628 par
3314 5560 3461 5622 erat,
3511 5557 3665 5611 090

2016 5644 2163 5703 mire
2217 5659 2472 5719 parcus;
2521 5642 2998 5720 intelligensque,
3060 5649 3126 5703 ut
3180 5643 3499 5704 verisimile
3554 5646 3663 5715 est,
