4008 6206
356 360 473 419 419

1680 344 2008 408 JOANNIS
2055 346 2456 409 SCYLITZAE

3655 355 3775 413 420

355 488 561 545 crebra
607 484 709 541 illa
754 485 1203 556 premonstrata
1233 481 1404 553 signa
1450 479 1519 534 ad
1572 491 1633 533 se
1686 476 1995 548 pertinere,

2116 476 2378 551 φέρουσαν
2438 478 2530 532 τὸν
2590 477 2815 553 βασιλέα
2869 480 3070 555 τριήρη
3129 486 3513 553 περιεποτᾶτο,
3546 480 3650 545 ἓως
3699 482 3775 546 εἷς

356 595 471 633 non
521 578 580 632 in
634 573 1012 631 tabernaculo
1060 587 1250 643 neque
1282 570 1340 625 in
1391 567 1581 641 planis
1612 566 1780 632 locis,
1812 566 1913 621 sed
1948 566 2006 619 in

356 664 607 722 tumulis
639 668 695 719 et
734 659 1110 717 domunculis
1150 658 1476 723 habitabat,
1512 654 1609 710 ubi
1640 654 1812 708 etiam
1844 652 2005 707 aliud

358 756 655 826 quoddam
688 769 803 807 non
855 751 1053 804 minus
1102 746 1491 802 infortunium
1540 744 1890 815 portendens
1919 759 2008 797 ac-

359 844 503 900 cidit
552 841 905 914 prodigium.
940 837 1097 910 Ignis
1145 835 1299 891 enim
1334 834 1530 889 nescio
1581 835 1732 887 unde
1779 832 2009 886 delatus

358 934 562 989 domos
588 931 647 985 in
672 919 2004 999 quibuscommorabaturimperatorincendit:

358 1022 457 1077 ubi
489 1018 778 1076 combusti
831 1018 989 1070 fuere
1028 1014 1163 1085 equi
1191 1018 1249 1067 et
1280 1012 1448 1079 regia:
1480 1016 1669 1066 vestes
1700 1025 2005 1081 equorum,

357 1116 414 1165 et
462 1110 624 1164 frena
674 1106 808 1161 aliis
865 1104 1037 1175 longe
1094 1102 1432 1174 praestantia
1481 1116 1722 1172 prorsus
1753 1098 1824 1153 ab
1870 1097 2005 1167 igne

356 1200 707 1268 consumpta
741 1198 898 1249 sunt.
932 1193 1075 1262 Equi
1105 1207 1240 1246 vero
1274 1189 1717 1245 semicombusti
1745 1188 1814 1242 ab
1843 1202 2004 1241 exer-

352 1289 470 1343 citu
505 1283 798 1356 conspecti
830 1281 1232 1339 miserandum
1258 1277 1657 1351 spectaculum
1682 1275 1998 1349 praebuere.

349 1377 494 1432 Cum
521 1392 655 1431 vero
696 1373 1072 1446 Sangarium,
1106 1371 1205 1425 ubi
1238 1369 1357 1424 haec
1405 1367 1688 1433 accidere,
1722 1382 1824 1438 per
1853 1381 1999 1435 pon-

345 1472 461 1521 tem
493 1465 592 1536 qui
642 1463 843 1534 Zompi
892 1461 1107 1515 dicitur
1156 1458 1510 1525 transiisset,
1542 1472 1679 1511 suas
1710 1455 1909 1525 copias
1941 1454 1998 1508 in

344 1572 532 1610 unum
585 1567 789 1624 cogere
837 1550 1032 1621 coepit,
1064 1550 1134 1603 ob
1186 1548 1573 1601 Barbarorum
1608 1543 1995 1613 irruptionem

345 1644 681 1715 dissipatas.
716 1640 859 1695 Cum
892 1638 1075 1711 igitur
1121 1654 1189 1692 ex
1222 1636 1293 1691 iis
1338 1639 1626 1708 quantum
1654 1631 1838 1688 voluit
1867 1649 1995 1688 coe-

343 1734 543 1805 gisset,
604 1732 864 1803 reliquos
924 1728 1139 1785 milites
1198 1745 1263 1783 ac
1321 1728 1497 1782 duces
1557 1722 1993 1795 manipulorum

2121 566 2278 621 αύτὸν
2339 566 2539 621 ἐκεῖνον
2595 569 2910 631 καθεσθεῖσα
2947 568 3111 644 χερσὶ·
3160 575 3279 631 ταῖς
3330 570 3493 624 αὐτοῦ
3542 573 3775 649 προσερ’

2122 654 2247 730 ῥύη.
2310 655 2564 719 Κάκεῖνος
2636 656 2837 727 ταύτην
2894 661 2963 730 τῇ
3044 655 3283 732 βασιλίδι
3359 657 3665 733 ἀνέπεμψεν
3722 660 3774 714 ἰν

2117 750 2233 806 τοῖς
2281 744 2597 821 ἀνακτόροις
2646 746 2791 821 παρὰ
2842 746 2903 800 τὸ
2954 744 3147 810 εἰωθὸς
3191 746 3532 822 ἀπομεινάσῃ
3576 746 3666 803 διά
3695 770 3776 803 τι·

2119 853 2212 896 νας
2241 831 2461 907 θρύψεις
2516 834 2821 907 γυναικείας
2876 835 2968 888 καὶ
3025 834 3350 909 ἀκκισμούς.
3407 833 3627 907 Ἔδοξεν
3683 836 3773 892 οὖν

2116 923 2150 991 ἡ
2184 922 2470 997 περιστερὰ
2516 918 2795 995 σύμϐολον
2847 924 2911 978 οὐ
2960 927 3210 1000 χρηστῆς
3259 920 3579 989 ἀποϐάσεως
3623 928 3777 999 αύτῷ

2113 1033 2171 1065 τε
2208 1016 2287 1083 τῷ
2345 1006 2569 1066 λαϐόντι
2627 1012 2715 1067 καὶ
2774 1012 2911 1088 πρὸς
2964 1014 3027 1082 ἣν
3085 1010 3334 1071 ἔσταλτο.
3384 1014 3541 1071 Ἀλλ’
3590 1015 3769 1087 ἐκείνη

2116 1105 2382 1175 περιττῶς
2424 1104 2632 1176 σχοῦσα
2683 1108 2784 1170 τῆς
2834 1103 3099 1175 θρύψεως,
3151 1102 3589 1176 μεταμεληθεῖσα
3630 1107 3773 1181 πρὸς

2110 1190 2200 1243 τὸν
2266 1187 2492 1265 βασιλέα
2546 1190 2790 1266 ἀφίκετο,
2847 1191 2940 1245 τὸν
3000 1194 3388 1266 συντακτήριον
3445 1191 3771 1249 ἀποδώσου-

2126 1300 2189 1333 σα
2222 1282 2333 1353 (20)
2376 1279 2465 1334 καὶ
2517 1278 2674 1335 αὐτὸν
2724 1280 2811 1335 ἐπὶ
2846 1282 2946 1350 τήν
2979 1280 3315 1355 ἐκστρατείαν
3345 1285 3771 1357 προπέμψουσα.

2128 1371 2343 1426 Εκεῖθεν
2405 1366 2494 1423 οὖν
2552 1369 2760 1444 ἀπάρας
2809 1372 2836 1425 6
2892 1370 3149 1445 βασιλεὺς
3199 1371 3298 1427 ούκ
3354 1371 3406 1427 ἐν
3459 1375 3773 1446 Νεακώμου

2123 1456 2248 1514 ούδὶ
2305 1458 2356 1513 ἐν
2409 1458 2633 1521 ὑπατίας
2682 1459 2912 1534 χωρίοις
2960 1460 3070 1514 τισὶ
3104 1459 3412 1536 βασιλικοῖς
3439 1464 3773 1538 προσωρμί-

2118 1570 2269 1617 σατο,
2314 1546 2442 1603 ἀλλ’
2486 1546 2538 1602 ἰν
2592 1545 2990 1621 Ἐλενουπόλει,
3022 1550 3085 1618 ἣν
3118 1550 3168 1604 οί
3222 1550 3489 1628 ἐγχώριοι
3519 1551 3772 1628 ἀγροικι-

2108 1639 2347 1711 κώτερον
2406 1635 2794 1708 κικλήσκουσιν
2851 1635 3293 1695 Ἐλεεινούπολιν
3328 1659 3343 1670 ’
3401 1641 3429 1695 6
3485 1640 3576 1695 καί
3638 1640 3773 1696 αύτό

2104 1729 2299 1789 οἰωνὸς
2355 1726 2417 1781 ού
2471 1728 2714 1802 χρηστὸς
2767 1724 2935 1797 ἔδοξε.
2990 1723 3199 1797 Συνέϐη
3248 1726 3305 1783 δὲ
3355 1729 3446 1783 καί
3472 1750 3524 1784 τι
3556 1726 3771 1803 ἓτερον·

345 1822 590 1888 dimisit,
626 1821 845 1876 milites
900 1819 1141 1890 quidem
1189 1822 1254 1871 ut
1295 1814 1697 1887 superioribus
1729 1811 1996 1867 cladibus

2113 1817 2173 1909 τὸ
2204 1817 2306 1893 γὰρ
2342 1817 2564 1891 συνέχον
2613 1817 2714 1885 τήν
2770 1813 3058 1892 βασιλικην
3110 1819 3315 1887 σκηνήν
3369 1817 3628 1893 μέγιστον
3683 1820 3771 1890 ξύ-

345 1913 672 1981 confectos,
707 1908 1145 1980 manipulorum
1196 1922 1329 1961 vero
1362 1906 1633 1960 ductores
1675 1918 1871 1957 secum
1905 1901 2005 1956 ad-

343 2002 556 2056 ducere
604 1999 821 2054 veritus
872 2001 938 2052 ut
970 1995 1120 2068 parti
1151 1994 1562 2050 insidiatorum
1616 1990 2002 2051 adhaerentes.

344 2090 699 2161 Utinamque
749 2088 907 2143 idem
958 2085 1017 2141 in
1052 2102 1256 2140 omnes
1306 2083 1557 2152 fecisset,
1589 2088 1645 2136 et
1675 2081 1722 2136 si
1770 2080 2004 2135 divinus

343 2179 631 2235 terminus
668 2175 908 2232 transiri
964 2192 1079 2230 non
1113 2177 1358 2245 poterat,
1393 2176 1449 2228 et
1489 2169 1864 2226 commistum
1896 2184 2003 2240 po-

345 2269 544 2324 culum
578 2266 805 2334 evitari,
840 2281 972 2318 nam
1000 2264 1079 2318 ita
1113 2280 1229 2318 suae
1270 2258 1664 2317 incolumitati
1698 2256 2002 2313 consulere

342 2358 505 2414 visus
574 2356 798 2411 fuisset.
868 2353 1084 2407 Verum
1161 2350 1487 2422 Nicephoro
1575 2348 1881 2403 Botaniata
1943 2349 2001 2401 et

343 2444 757 2518 hujuscemodi
795 2443 1151 2515 quibusdam
1187 2440 1325 2495 viris
1356 2440 1580 2510 ejectis,
1610 2454 1710 2494 eos
1741 2436 1839 2507 qui
1872 2452 2001 2490 om-

343 2538 520 2592 nibus
550 2534 700 2591 dolis
732 2539 787 2589 et
836 2534 1029 2605 pravis
1083 2531 1348 2587 moribus
1382 2528 1651 2584 instructi
1685 2531 1882 2583 essent
1911 2541 1999 2580 se-

341 2643 471 2683 cum
504 2626 792 2681 adducere
848 2622 1185 2689 festinabat,
1222 2626 1287 2675 ut
1314 2619 1632 2691 insequens
1680 2615 2001 2671 declarabit

342 2717 547 2773 oratio.
583 2719 711 2787 Ipse
743 2717 938 2767 autem
974 2712 1057 2766 sic
1108 2726 1376 2781 pergens,
1410 2724 1598 2778 neque
1630 2703 2000 2761 imminentia

343 2807 455 2863 sibi
517 2804 673 2862 mala
724 2802 1128 2875 praesentiens,
1176 2799 1377 2868 Halym
1442 2797 1686 2853 ﬂuvium
1743 2794 1996 2863 transiit,

344 2894 619 2967 quamvis
676 2896 1077 2947 commoratus
1138 2890 1195 2942 in
1252 2888 1505 2958 quodam
1564 2885 1776 2957 oppido
1843 2884 1989 2938 091

344 3002 534 3058 nuper
583 2986 939 3046 constructo,
975 2981 1146 3050 cujus
1204 2977 1448 3033 aedificia
1496 2977 1566 3031 ab
1617 2976 1743 3048 ipso
1793 2978 1997 3028 curata

340 3080 501 3142 sunt,
534 3072 614 3128 ibi
662 3068 1109 3128 tabernaculum
1160 3067 1376 3139 posuit.
1428 3065 1651 3121 Deinde
1700 3080 1831 3119 cum
1882 3066 1995 3118 tra-

333 3162 597 3235 jecisset,
631 3159 973 3216 divisionem
1010 3154 1377 3228 prOpriarum
1428 3152 1866 3226 possessionum
1900 3151 1994 3205 de-

2116 1906 2211 1963 λον
2262 1906 2515 1981 κατεαγὶν
2568 1910 2746 1960 πεσεῖν
2806 1906 2975 1975 αὐτὴν
3030 1904 3289 1982 αἰφνηδὸν
3342 1908 3765 1981 παρεσκεύασεν.

2112 1998 2303 2069 "Opto;
2335 1993 2379 2050 δ’
2412 1996 2503 2050 οὗν
2553 1992 2677 2049 οὑδὲ
2721 1998 2857 2069 πρὸς
2904 1993 2959 2049 ἓν
3007 1995 3213 2050 τούτων
3254 1999 3288 2066 ὴ
3321 2002 3428 2052 τῶν
3459 1997 3764 2073 ἀνθρώπων

2114 2081 2411 2157 ἀϐελτηρία
2456 2084 2566 2151 καὶ,
2601 2084 2675 2146 ὡς
2727 2085 2838 2138 οἷον
2888 2083 3079 2152 εἰπεῖν,
3110 2087 3337 2160 καχεξία
3382 2086 3472 2140 καὶ
3514 2087 3577 2141 τὸ
3604 2086 3656 2141 ἑν
3688 2090 3763 2160 τῇ

2114 2171 2348 2248 δοκούσῃ
2400 2172 2576 2228 πίστει
2628 2169 2852 2227 ἄπιστον
2910 2171 3001 2227 καὶ
3055 2169 3409 2247 ἀσύμϐλητον
3465 2171 3767 2250 διαϐλέψαι

2110 2261 2373 2333 ἠθέλησε,
2421 2266 2517 2318 τοῦ
2584 2261 2763 2338 χρεὼν
2828 2259 3218 2335 ἐμποδίζοντος
3279 2268 3561 2341 πανταχοῦ
3597 2309 3611 2334 ,
3671 2265 3770 2319 καὶ

2116 2350 2245 2426 μηδ’
2299 2352 2444 2423 αὗτῷ
2494 2352 2879 2426 παρεχομένου
2936 2351 3281 2423 συναίσθησιν
3341 2354 3477 2429 πρὸς
3528 2353 3587 2408 ὅν
3630 2354 3771 2408 duo-

2110 2444 2367 2511 σκήπτειν
2398 2435 2654 2513 ἔμελλον.
2689 2440 2891 2515 Προῄει
2922 2440 3101 2495 τοίνυν
3136 2442 3164 2495 6
3199 2440 3476 2516 βασιλεὺς,
3507 2443 3594 2516 [Ρ.
3636 2445 3772 2513 836]

2107 2531 2196 2586 καὶ
2249 2536 2349 2599 τῆς
2412 2530 2583 2601 Ἐῴας
2637 2528 2970 2604 προσωτέρω
3028 2532 3367 2605 προήρχετο,
3410 2528 3519 2593 ἓως
3555 2535 3773 2603 τῇτῶν

2107 2618 2476 2675 Ἀνατολικῶν
2540 2617 2776 2694 ἐπαρχίᾳ
2825 2614 3151 2694 προσέϐαλε,
3200 2617 3467 2697 φειδωλία
3511 2620 3658 2695 παρᾶ
3702 2622 3770 2674 τὸ

2107 2708 2248 2769 εἰκὸς
2278 2708 2412 2781 πρὸς
2454 2708 2653 2770 πάντας
2684 2708 3068 2782 συνεχόμενος.
3122 2710 3313 2771 Συνεῖς
3356 2705 3431 2778 δὲ,
3469 2709 3541 2770 ὡς
3596 2707 3767 2781 ἔοικε,

2105 2797 2167 2852 τὸ
2226 2796 2447 2871 συνεχὲς
2502 2800 2609 2850 τῶν
2662 2796 3068 2871 προγεγονότων
3151 2796 3394 2869 σημείων
3468 2796 3546 2858 εἷς
3601 2797 3769 2851 «in?»

2108 2886 2449 2959 ἀποσκῆψον,
2501 2885 2600 2939 οὑκ
2654 2884 2705 2939 ἐν
2752 2888 2924 2959 σκηνῇ
2975 2882 3103 2940 οὑδὲ
3158 2884 3211 2940 ἐν
3260 2883 3493 2954 πεδίοις,
3528 2884 3657 2940 ἀλλ’
3710 2884 3766 2940 ἒν

2104 2974 2376 3050 γηλόφοις
2431 2973 2520 3029 καὶ
2562 2971 2861 3048 δωματίοις
2908 2972 3146 3029 ἐποιεῖτο
3187 2975 3288 3043 τήν
3316 2976 3763 3044 κατασκήνωσιν.

2102 3065 2269 3129 Ἔνθα
2316 3060 2381 3135 δή
2422 3085 2473 3118 τι
2522 3062 2611 3118 καὶ
2664 3057 2860 3133 συνέϐη
2897 3063 2997 3118 οὑκ
3026 3060 3247 3118 ἔλαττον
3301 3062 3377 3126 εῗς
3407 3060 3764 3135 κακοδαιμο-

2099 3152 2214 3215 νίας
2248 3152 2538 3223 οίώνισμα·
2590 3155 2696 3227 πῦρ
2727 3152 2826 3227 γάρ
2886 3163 3049 3215 ποθεν
3096 3150 3313 3226 ένεχθὶν
3362 3151 3494 3214 τοὺς
3543 3150 3763 3224 δόμους

342 3213 596 3235 ιη--ν--ι
640 3213 711 3216 νίν
761 3213 766 3214 κ
819 3213 824 3214 ν
1010 3213 1026 3228 ι
1116 3213 1133 3228 .
1428 3213 1447 3226 .

342 3251 606 3323 scripsit,
651 3253 709 3303 et
765 3253 1083 3301 Caesaream
1144 3250 1594 3317 praetergressus
1650 3242 1718 3296 ad
1776 3241 1993 3295 fontem

2113 3240 2158 3297 έν
2207 3244 2289 3304 οἷς
2348 3243 2376 3295 6
2434 3240 2689 3316 βασιλεὺς
2740 3240 3017 3312 ἐσκήνωτο
3074 3213 3500 3314 κατενεμήσατο,
3563 3213 3627 3295 ἐν¹
3683 3244 3773 3302 οἷς

342 3339 583 3395 nomine
614 3338 820 3409 Cryam
855 3334 1140 3407 pervenit,
1176 3333 1274 3404 qui
1306 3330 1541 3402 quidem
1592 3331 1755 3386 locus
1798 3329 1867 3384 ad
1900 3344 1996 3384 ex-

338 3428 675 3501 cipiendum
708 3426 1028 3482 exercitum
1060 3424 1306 3479 idoneus
1328 3427 1471 3488 erat,
1504 3421 1780 3477 omnibus
1806 3422 1997 3477 abun-

339 3520 489 3573 dans
520 3534 646 3589 quae
680 3515 811 3570 usui
843 3517 1062 3579 essent,
1094 3512 1404 3582 oppidanis
1456 3515 1513 3565 et
1562 3510 1827 3589 paganis,
1861 3510 1997 3581 quia

342 3585 681 3677 frequenter
729 3619 795 3657 eo
830 3601 1210 3669 ventitabant,
1244 3604 1437 3654 notus.
1493 3601 1636 3652 Cum
1667 3585 1862 3653 autem
1903 3615 1994 3654 ve-

341 3700 581 3750 xaretur
631 3692 791 3762 regio
824 3695 881 3744 et
909 3708 941 3744 a
976 3688 1263 3744 militibus
1314 3686 1700 3752 desolaretur,
1733 3686 1994 3742 infestio-

338 3800 461 3838 rem
517 3798 579 3837 se
623 3780 872 3853 praebuit
920 3777 1273 3849 quibusdam
1329 3793 1397 3830 ex
1442 3774 1663 3845 legione
1712 3776 1996 3832 Nemitzo-

340 3887 492 3935 rum,
553 3869 654 3941 qui
713 3864 1051 3939 reprehensi
1112 3868 1169 3920 et
1226 3863 1345 3920 lipsi
1405 3862 1710 3919 rebellant.
1761 3868 1878 3920 Hac
1936 3882 1996 3921 re

341 3960 596 4031 cognita,
640 3973 772 4011 cum
824 3972 1039 4026 equum
1095 3954 1533 4009 conscendisset
1582 3954 1895 4023 imperator
1941 3958 1998 4009 et

341 4048 555 4105 milites
610 4048 1008 4109 convocasset,
1070 4044 1338 4115 proprios
1397 4041 1661 4114 hospites
1712 4043 1998 4099 deterruit

337 4153 663 4208 rursusque
714 4133 1012 4205 impositis
1054 4131 1491 4187 conditionibus
1523 4131 1609 4186 vel
1642 4132 1854 4187 invitos
1884 4131 1996 4187 sibi

345 4227 583 4300 subegit
637 4225 789 4280 hanc
840 4239 1016 4278 unam
1071 4238 1303 4293 poenam
1354 4221 1662 4287 deﬁniens,
1704 4227 1767 4276 ut
1813 4221 1871 4276 in
1901 4238 1997 4276 ex-

342 4323 532 4372 trema
584 4318 747 4385 parte
807 4311 1095 4367 exercitus
1154 4314 1526 4381 ponerentur,
1561 4310 1660 4381 qui
1718 4319 1884 4367 erant
1939 4312 1999 4367 in

345 4406 537 4478 prima
592 4408 649 4459 et
706 4401 954 4475 proximi
1014 4401 1273 4472 corporis
1349 4400 1641 4456 custodes.
1703 4400 1868 4456 Illinc
1926 4402 1999 4456 ad

335 4491 665 4547 Sebastiam
727 4488 1146 4561 proficiscitur,
1206 4488 1567 4543 contendens
1624 4488 1681 4541 in
1752 4488 1997 4545 Iberiam

2104 3329 2605 3405 συγκατεκαύθησαν
2652 3328 2815 3384 Ἰπποι
2862 3351 2921 3384 τε
2978 3330 3068 3384 καὶ
3119 3328 3424 3408 ἒφεστρίδες
3477 3329 3771 3406 βασιλικαί

2104 3419 2194 3475 καὶ
2252 3417 2458 3494 χαλινᾶ
2508 3420 2621 3491 (21)
2676 3422 2783 3473 τῶν
2845 3416 3030 3473 ἄλλων
3091 3418 3236 3474 πολὺ
3285 3416 3639 3495 διαιρέροντα,
3672 3420 3767 3473 καὶ

2102 3510 2199 3564 τοῦ
2230 3508 2399 3584 πυρὸς
2450 3505 2641 3563 διόλου
2690 3506 2935 3583 γεγόνασι
2986 3506 3385 3584 παρανάλωμα.
3419 3510 3486 3566 Οἱ
3518 3505 3565 3562 δ’
3593 3506 3764 3563 ’ίπποι

2104 3597 2437 3674 ἡμίφλεκτοι
2506 3598 2880 3671 καθορώμενοι
2958 3602 3038 3669 τῷ
3110 3595 3459 3672 στρατοπέδῳ
3517 3596 3765 3653 ἱλεεινὸν

2105 3685 2442 3762 διεφαίνοντο
2502 3684 2694 3759 θέαμα.
2757 3686 2865 3742 Τὸν
2926 3683 2983 3740 δὲ
3042 3687 3347 3762 Σαγγάριόν
3418 3682 3766 3761 διαπεραιωο

2105 3776 2234 3848 θεὶς,
2289 3777 2414 3851 παρ’
2463 3776 2509 3848 ᾧ
2538 3780 2703 3829 ταῦτα
2754 3775 2962 3851 γέγονε,
2996 3772 3083 3829 διὰ
3126 3782 3225 3844 τῆς
3260 3776 3484 3849 Ζόμπου
3515 3773 3764 3850 λεγομέ-

2102 3887 2200 3936 νης
2258 3866 2495 3942 γεφύρας
2555 3866 2671 3935 (22)
2723 3864 2819 3925 τὰς
2893 3863 3094 3926 οἰκείας
3176 3861 3430 3937 δυνάμεις
3485 3864 3763 3937 ἀθροίζειν

2104 3955 2323 4027 ἤρξατο,
2382 3951 2761 4016 σκεδασθείσας
2816 3949 2904 4006 διὰ
2958 3954 3056 4022 τήν
3118 3957 3225 4007 τῶν
3276 3948 3574 4027 Βαρϐάρων
3634 3952 3763 4007 ἐπί-

2104 4046 2264 4098 θεσιν.
2318 4041 2621 4113 Καταλέξας
2672 4038 2719 4095 δ’
2772 4040 2863 4095 οὗν
2916 4040 2975 4095 ἐκ
3024 4041 3232 4095 τούτων
3288 4041 3412 4096 ὅσον
3455 4036 3763 4111 ἠϐούλετο,

2103 4133 2165 4187 τὸ
2196 4131 2388 4186 λοιπὸν
2430 4129 2787 4203 ἀπεπέμψατο
2844 4135 3188 4204 στρατιωτῶν
3238 4151 3297 4185 τε
3348 4131 3438 4185 καὶ
3470 4128 3766 4206 λοχαγῶν,

2104 4220 2232 4285 τοὺς
2290 4221 2407 4293 μὲν,
2463 4220 2589 4281 τοὺς
2638 4220 2991 4294 στρατιώτας,
3025 4219 3101 4281 ὡς
3154 4223 3769 4299 προκατειργασμένους

2106 4317 2225 4374 ταῖς
2269 4303 2698 4385 προϐεϐηκυίαις
2744 4308 2952 4378 ἥτταις,
3002 4308 3130 4370 τοὺς
3182 4306 3239 4363 δὲ
3290 4307 3574 4384 λοχαγοὺς
3604 4309 3770 4369 αὑτὸς

2110 4398 2327 4455 δειλιῶν
2385 4398 2678 4472 ἀπάγεσθαι
2733 4397 2823 4452 σὺν
2871 4399 3016 4470 αὺτῷ
3068 4398 3144 4460 ὡς
3197 4402 3275 4469 τῷ
3332 4397 3482 4472 μέρει
3530 4402 3641 4451 τῶν
3673 4398 3780 4474 ιφ-

2113 4487 2281 4564 έδρων
2335 4487 2793 4564 προσανέχοντας.
2829 4484 2952 4551 Εἴθε
3005 4487 3099 4561 μὶν
3155 4485 3246 4541 οὖν
3296 4486 3426 4541 αὐτὸ
3456 4485 3533 4548 εἲς
3564 4486 3771 4549 πάντας

337 4582 660 4655 pervenire,
726 4578 825 4634 ubi
884 4577 1059 4633 etiam
1125 4594 1328 4631 eorum
1386 4577 1484 4648 qui
1545 4594 1678 4631 cum
1733 4579 1997 4635 Manuele

2113 4580 2431 4653 ίπέπρακτο,
2481 4576 2572 4631 καὶ
2632 4576 2680 4631 εἴ
2738 4578 2812 4649 μὴ
2879 4573 3103 4632 δυνατὸν
3163 4578 3229 4645 ἦν
3286 4576 3378 4631 τὸν
3430 4582 3577 4640 θεῖον
3639 4578 3772 4650 ερον

335 4669 683 4743 Curopalate
739 4672 1037 4725 Comneno
1096 4666 1429 4722 ceciderant
1486 4671 1778 4737 spectator
1854 4669 1984 4723 fuit.

336 4762 406 4815 Et
434 4760 571 4815 inde
619 4757 841 4813 sensim
890 4772 955 4810 ac
987 4754 1265 4826 paulatim
1316 4770 1663 4825 progressus
1694 4757 1765 4811 ad
1798 4758 1987 4813 Theo-

335 4846 685 4920 dosiopolim
747 4860 808 4901 se
867 4844 1110 4910 confert,
1146 4847 1279 4897 ante
1340 4842 1577 4913 quidem
1640 4844 1988 4918 neglectam,

337 4939 439 4994 sed
484 4954 552 4993 ex
597 4952 709 5007 quo
758 4936 1156 5005 expugnatum
1209 4932 1318 4985 fuit
1365 4936 1557 5002 Artze,
1601 4932 1990 4991 instauratam

336 5030 395 5083 et
449 5022 893 5081 communitam.
949 5021 1090 5076 Inde
1140 5021 1326 5091 jussit
1399 5020 1665 5092 singulos
1741 5025 1988 5080 duorum

2094 4666 2384 4742 παρελθεῖν
2455 4666 2542 4719 καὶ
2624 4666 2686 4720 τὸ
2752 4664 3085 4741 κεκραμένον
3148 4668 3416 4738 ποτήριον
3485 4663 3768 4740 ἐκφυγεῖν·

2093 4759 2230 4817 τέως
2264 4753 2309 4809 δ’
2364 4752 2455 4808 οὖν
2502 4752 2759 4832 ἀσφαλῶς
2812 4755 3019 4831 πραξας
3065 4754 3236 4833 ἑφάνη
3288 4750 3372 4809 ἔν.
3429 4754 3541 4810 Τὸν
3598 4760 3770 4809 Βατα-

2106 4844 2314 4915 νειάτην
2362 4840 2419 4897 δὲ
2477 4843 2796 4920 Νικηφόρον
2854 4844 2943 4896 καὶ
2985 4842 3268 4905 τοιούτους
3322 4842 3474 4904 τινὰς
3533 4843 3611 4905 ὡς
3674 4844 3775 4899 ὑπ-

2099 4930 2299 4995 όπτους
2356 4928 2713 5004 διωσάμενος,
2755 4930 2884 4993 τοὺς
2915 4928 3083 4987 δόλου
3136 4931 3225 4988 καὶ
3279 4930 3611 5002 κακοηθείας
3675 4953 3780 5005 με·

2103 5022 2261 5085 στοὺς
2317 5022 2666 5095 συνεπήγετο,
2700 5021 2774 5083 ὡς
2823 5022 3034 5098 προϊὼν
3068 5023 3095 5077 6
3128 5019 3294 5096 λόγος
3346 5018 3613 5091 δηλώσει.
3663 5021 3791 5079 Δῦ-

1646 5156 1897 5212 JACOBI
1938 5158 2155 5215 GOARI
2204 5157 2435 5213 NOT/E.

406 5256 516 5327 (20)
552 5255 701 5325 Lego
724 5250 1084 5327 itincrlcouoia,
1118 5254 1173 5327 e_t
1200 5267 1434 5327 expono
1474 5256 1661 5327 votum
1706 5270 1804 5324 pro
1842 5270 1987 5310 com-

336 5320 522 5382 meatu
547 5320 926 5397 pefsolutuga,
958 5322 1046 5397 vel
1097 5320 1299 5397 ultima
1328 5332 1458 5397 ante
1494 5320 1790 5397 discessum
1838 5329 1998 5383 collo—

336 5400 464 5469 quio
492 5392 808 5470 acceptura.
845 5394 1174 5450 Recolenda
1220 5392 1344 5468 περὶ
1394 5394 1787 5470 συντακτηρίου
1820 5415 1991 5470 supe.

339 5468 464 5525 rius
494 5468 733 5525 scripta.

410 5485 809 5612 (ἒιῖοὖιιείιέιιθ
868 5551 1130 5612 purpura
1176 5541 1347 5612 sunt,
1378 5538 1524 5612 haec
1578 5554 1754 5612 aureo
1814 5538 1988 5595 etiam

339 5606 523 5669 limbo
556 5606 927 5684 praetexta,a_c
955 5606 1355 5684 ideoireliquis
1375 5608 1549 5684 longe
1564 5610 1990 5684 nobiliora.Co-

338 5684 539 5757 dinus,
556 5678 854 5741 Csdrenus
880 5679 941 5736 in
962 5678 1179 5738 Basilio
1198 5678 1527 5754 Macedone,
1552 5681 1838 5757 Gregoras
1861 5682 1986 5742 1.1x.

2172 5254 2288 5326 (22)
2325 5257 2497 5326 Pons
2557 5252 2666 5308 iste
2723 5257 2813 5309 est
2870 5271 2904 5309 ιι
2958 5253 3785 5326 ἇυειίοἱεηογοοιιεῐνυοι-οε.

2107 5324 2512 5402 Πενταγέφυρος
2569 5326 2745 5402 alias__
2775 5326 2983 5402 dictus
3029 5327 3183 5402 apud
3226 5325 3578 5402 Gedrenum.
3630 5324 3791 5379 Vul-

2105 5415 2216 5470 gus
2265 5395 2482 5470 Z'dun'ov
2529 5395 2754 5470 vocavit
2798 5396 3391 5470 appellativoipotius
3422 5412 3791 5470 quampro-

2108 5466 2530 5541 prionomine
2588 5466 3013 5541 Ζόμτιπέἑρὶω
3094 5468 3376 5541 αἰὸὸοεωη
3441 5466 3794 5541 significat,

2103 5539 2208 5596 nec
2255 5539 2522 5612 ineptum
2573 5539 2984 5612 pontis_valde
3024 5539 3261 5595 convexi
3316 5545 3593 5595 censetur
3646 5539 3797 5612 epi-

2100 5610 2373 5668 ιιωιυωξ
2393 5611 2471 5669 De
2518 5611 2719 5685 Sagari
2776 5610 2952 5669 ﬂuvio
2992 5612 3052 5668 in
3104 5612 3436 5668 Cedrenum
3491 5610 3795 5668 memini-

2100 5699 2257 5742 mus.
