4008 6206
223 374 339 432 421

1746 365 2137 427 HlSTORlA.

3527 378 3642 437 422

220 504 320 566 τὸς
351 500 412 557 δὲ
461 499 634 563 οὕτως
695 502 792 554 ἱὼν
844 504 952 554 τῶν
1012 495 1439 573 καταληψόντων
1506 498 1663 552 αὐτὸν
1697 500 1916 572 κακῶνλ

2023 499 2291 554 nensium
2343 500 2561 555 cibaria
2608 516 2809 557 secum
2860 502 3029 572 terre,
3070 508 3351 575 tanquam
3401 524 3501 580 per
3546 510 3641 565 in-

232 593 656 662 ἀνεπαίσθητος,
726 589 1032 664 ἐπεραιώθη
1069 589 1161 642 τὸν
1219 586 1388 645 ⁶Ἀλυν
1441 587 1729 664 λεγόμενον
1780 606 1885 639 πο-

227 682 435 754 ταμὸν,
470 679 517 733 εἷ
546 678 636 733 καὶ
666 676 826 739 αὐτὸς
879 677 1172 749 ὑπομείνας
1223 673 1299 739 εἷς
1328 699 1381 732 τι
1414 678 1674 751 νεοπαγὶς
1717 673 1889 751 φρού-

224 791 368 844 ριον,
402 770 543 842 πρὸς
572 767 736 821 αὐτοῦ
763 768 865 836 τήν
918 765 1237 838 οἰκοδομίαν
1289 764 1487 843 λαχὸν,
1520 765 1889 836 ἐσκηνώσατο.

227 860 385 914 Μετὰ
414 863 585 912 ταῦτα
615 855 671 911 δὲ
714 857 1038 931 περαιωθεὶς
1088 858 1186 925 τὴν
1243 854 1499 928 διαίρεσιν
1561 855 1640 917 εἷς
1690 854 1891 914 οἰκείας

228 950 458 1018 κτήσεις
526 944 977 1021 συνδιεγράψατο,
1024 947 1131 1013 Τὴν
1208 943 1266 999 δὲ
1330 947 1645 1018 Καισάρειαν
1697 941 1897 1019 παρελ-

229 1040 346 1103 θὼν
382 1037 458 1097 εἷς
498 1038 597 1105 τὴν
642 1035 945 1110 λεγομένην
977 1036 1282 1105 κατήντησε
1313 1034 1489 1108 Κρύαν
1522 1036 1701 1109 πηγήν
1733 1035 1847 1106 (23)
1881 1052 1893 1065 ·

228 1129 297 1195 ἦν
359 1127 464 1201 γὰρ
526 1127 554 1180 6
606 1125 775 1187 τόπος
834 1125 972 1198 πρὸς
1030 1120 1315 1198 ὑποδοχὴν
1370 1128 1597 1197 στρατοῦ
1664 1122 1898 1207 εὔθετος,

231 1222 366 1270 πᾶσι
404 1214 615 1291 βρίθων
662 1219 779 1275 τοῖς
828 1214 1156 1289 χρησίμοις,
1211 1215 1560 1285 ἁστυκώμαις
1612 1212 1697 1266 καὶ
1740 1211 1900 1285 ἀγρο-

235 1302 467 1373 πὸλεσι,
509 1302 597 1358 διὰ
644 1311 745 1371 τῆς
826 1306 1138 1377 συμμιγοῦς
1214 1304 1591 1379 ποριμότητος
1645 1300 1906 1375 γνωριζό-

240 1415 437 1467 μενος,
488 1395 831 1467 Κειρομένης
883 1390 939 1446 δὲ
985 1399 1087 1460 τῆς
1131 1393 1318 1469 χώρας
1372 1391 1461 1446 καὶ
1522 1391 1906 1466 ἐρημουμένης

246 1484 401 1557 παρᾶ
426 1488 541 1538 τῶν
595 1487 945 1555 στρατιωτῶν
997 1480 1359 1555 ἀπηνέστερον
1404 1479 1758 1555 προσηνέχθη
1802 1477 1911 1532 τισὶ

239 1580 348 1627 τῶν
410 1572 474 1627 ἐκ
518 1577 618 1626 τοῦ
660 1573 939 1646 τάγματος
1007 1575 1115 1625 τῶν
1182 1569 1492 1642 Νεμίτζων.
1544 1568 1700 1626 Ἀλλ’
1746 1567 1803 1623 oi’
1847 1588 1910 1642 γε

232 1660 541 1737 δηχθέντες
591 1662 977 1715 ἀποστατοῦσι.
1036 1660 1380 1721 Γνωσθὲντος
1442 1657 1499 1713 δὲ
1550 1658 1769 1725 τούτου,
1816 1656 1910 1712 ’ίπ-

231 1773 341 1806 που
372 1746 574 1814 ἐπιϐὰς
611 1752 640 1805 6
702 1748 960 1825 βασιλεὺς
1000 1750 1087 1804 καὶ
1141 1750 1529 1824 στρατιωτικὸν
1583 1744 1911 1823 συγκαλεσά-

231 1862 393 1913 μενος
450 1842 584 1903 τοὺς
647 1838 952 1910 ἰδιοξένους
1033 1836 1340 1909 κατέπληξε
1400 1838 1491 1893 καὶ
1563 1839 1715 1898 αὗθϊς
1777 1838 1913 1892 ὑπο-

227 1929 504 1992 σπόνδους
534 1930 626 1983 καὶ
661 1930 738 2001 μὴ
801 1927 1179 2003 βουλομένους
1232 1927 1581 1997 κατέστηοεν,
1616 1925 1669 1980 ἐν
1691 1924 1908 1988 τούτοις

237 2021 434 2095 μόνοις
476 2020 543 2072 τὸ
601 2018 904 2092 πρόστιμον
960 2018 1170 2092 ὁρίσας,
1226 2016 1279 2070 ἐν
1329 2021 1408 2089 τῷ
1449 2014 1715 2091 ἐσχάτους
1756 2014 1910 2069 τετά-

233 2112 368 2185 χθαι
414 2107 537 2163 ἀντὶ
583 2110 686 2175 τῆς
736 2107 962 2181 πρώτης
1010 2105 1302 2183 ἐγγύτητα
1351 2104 1440 2160 καὶ
1502 2102 1905 2181 σωματοφυλα-

234 2200 385 2259 κίας.
442 2199 532 2268 [Ρ.
591 2198 721 2270 837]
778 2198 1014 2259 Ἐκεῖθεν
1050 2200 1230 2271 χωρεῖ
1277 2195 1352 2257 εἰς
1405 2190 1753 2262 Σεϐἀσεειαν,
1812 2195 1911 2263 τὴν

236 2284 490 2363 Ἰϐηρίαν
547 2280 879 2341 καταλαϐεῖν
932 2285 1304 2361 ἐπειγόμενος,
1366 2282 1455 2339 ὅτε
1512 2283 1601 2338 καὶ
1650 2287 1758 2338 τῶν
1814 2282 1908 2337 σὺν

235 2383 319 2450 τῷ
373 2374 772 2453 κουροπαλάτῃ
820 2373 1084 2443 Μανουήλ
1160 2378 1240 2446 τῷ
1297 2377 1577 2445 Κομνηνῷ
1632 2371 1905 2427 πεσόντων

240 2468 442 2536 θεατὴς
495 2470 604 2520 τῶν
653 2464 962 2537 πτωμάτων
1022 2464 1253 2537 ἐγένετο.
1290 2462 1543 2517 Κάκεῖθεν
1593 2456 1908 2538 σχολῇκαὶ

248 2553 425 2632 βάδην
466 2555 561 2609 ἰὼν
606 2548 1020 2626 καταλαμϐάνει
1073 2554 1170 2621 τὴν
1212 2549 1694 2621 Θεοδοσιούπολιν,
1722 2552 1912 2626 πρώην

247 2649 346 2717 μὶν
385 2643 804 2717 ζάμεληθεῖσαν⁶
854 2642 906 2713 ἐξ
938 2643 1065 2696 ὅτου
1098 2639 1154 2696 δὶ
1198 2640 1573 2715 ἐπολιορκήθη
1604 2641 1666 2695 τὸ
1698 2642 1908 2715 Ἀρτζε,

250 2730 784 2804 ἆνοικοδομηθεῖσαν
876 2731 966 2785 καὶ
1062 2736 1537 2807 κατοχυρωθεῖσαν
1572 2774 1586 2798 ,
1673 2729 1907 2792 ἐντεῦθεν

258 2821 502 2896 διμήνου
568 2823 775 2896 τροφὴν
850 2822 1057 2892 ἑκάστῳ
1112 2821 1287 2898 φέρειν
1348 2817 1908 2893 ἐπικηρυκευσάμενος

250 2912 327 2973 ὡς
386 2909 460 2965 δι’
518 2910 781 2979 ἀοικήτου
838 2907 926 2963 καὶ
994 2909 1373 2981 ἠρημωμένης
1434 2908 1619 2982 χώρας
1674 2904 1907 2982 βαδίζειν

259 3000 558 3074 μὲλλουσι.
620 2999 841 3055 Πάντων
896 2995 951 3052 Si
1024 2998 1086 3052 τὸ
1147 2998 1449 3073 προσταγὲν
1500 2998 1910 3069 ποιησαμένων,

248 3092 313 3144 τὸ
351 3087 753 3165 μισθοφορικὸν
798 3091 904 3139 τῶν
953 3085 1139 3153 Οῧζων
1190 3085 1277 3139 καὶ
1330 3083 1458 3146 τοὺς
1491 3085 1776 3160 Φράγγους
1817 3083 1908 3138 σὺν

252 3175 557 3249 Ῥουσελίῳ
610 3172 763 3251 ἀνδρὶ
838 3174 1068 3250 γενναίῳ
1144 3172 1234 3229 καί
1313 3170 1607 3246 πολεμικῷ
1665 3171 1911 3250 διαφίησι

1997 585 2217 641 cultam
2277 593 2335 643 et
2395 588 2718 645 solitariam
2776 591 3072 663 regionem
3140 594 3250 649 iter
3313 596 3640 656 habituros.

2001 675 2143 729 Cum
2174 692 2377 732 omnes
2423 679 2709 749 imperata
2756 681 3050 750 fecissent,
3086 687 3474 743 mercenarius
3504 688 3646 746 Uzos

2002 769 2058 817 et
2107 768 2356 821 Francos
2406 784 2539 822 cum
2591 768 2845 838 Ruselio,
2877 771 2999 824 viro
3047 772 3184 826 forti
3231 790 3297 828 ac
3348 774 3644 846 bellicoso,

2004 853 2074 906 ad
2108 854 2298 909 Chliat
2349 857 2669 927 praedatum
2721 858 2903 928 misit,
2937 861 3091 929 quod
3144 863 3308 931 prius
3355 866 3530 920 etiam
3567 870 3649 921 fe-

2005 948 2179 996 cerat.
2217 943 2315 999 llle
2359 962 2392 999 a
2437 951 2598 1017 tergo
2646 948 2798 1002 092
2844 947 3166 1019 insequens
3211 953 3280 1006 ad
3336 953 3652 1012 Matziciert

2011 1032 2289 1101 pervenit,
2345 1034 2550 1089 urbem
2611 1035 2957 1104 Romanam,
2999 1039 3097 1092 sed
3150 1056 3185 1094 a
3231 1041 3464 1098 sultano
3522 1046 3661 1100 sub-

2010 1126 2196 1174 actam
2229 1128 2286 1175 et
2322 1129 2456 1177 ante
2501 1140 2534 1177 a
2571 1125 2776 1179 Turcis
2807 1126 3132 1181 obsessam.
3165 1130 3530 1201 Aspernatus
3561 1151 3665 1189 au-

2010 1212 2127 1263 tem
2162 1209 2268 1265 hos
2304 1216 2365 1265 ut
2400 1227 2638 1281 paucos,
2669 1213 2844 1268 aliam
2896 1229 3138 1270 manum
3183 1216 3339 1272 haud
3393 1221 3663 1292 exiguam

2017 1300 2087 1352 ab
2120 1300 2370 1353 exercitu
2422 1301 2743 1356 abscissam
2791 1302 3045 1374 Josepho
3095 1306 3375 1378 magistro
3409 1310 3667 1367 Tarcha-

2017 1387 2188 1441 niotas
2258 1388 2458 1455 tradit,
2520 1391 2720 1445 addita
2785 1390 2963 1447 etiam
3024 1393 3179 1449 haud
3240 1401 3670 1455 contemnenda

1960 1490 1963 1493 '
2018 1475 2258 1531 cohorte
2303 1477 2589 1547 peditum,
2624 1480 2741 1534 imo
2772 1480 2949 1534 etiam
3000 1482 3263 1553 equitum
3295 1486 3669 1559 selectorum,

2022 1564 2121 1635 qui
2176 1570 2425 1620 maxime
2466 1566 2725 1622 bellicosi
2757 1575 2925 1622 erant
2967 1574 3024 1623 et
3072 1572 3223 1626 inter
3271 1573 3467 1630 hostes
3515 1593 3671 1631 sem-

2022 1669 2125 1724 per
2165 1655 2461 1726 principes
2509 1656 2769 1727 pericula
2812 1657 3053 1711 adibant
3101 1660 3390 1732 primique
3442 1680 3672 1736 pugna—

2026 1742 2181 1797 bant.
2243 1744 2541 1799 Profectus
2616 1749 2813 1800 autem
2885 1746 3305 1805 Tarchaniotes
3361 1752 3433 1806 ad
3490 1753 3677 1809 Chliat

2024 1847 2192 1902 Opem
2239 1832 2469 1887 laturus
2499 1832 2636 1888 Uzia
2665 1838 2722 1888 et
2752 1833 2990 1890 Francis
3023 1840 3080 1890 et
3110 1838 3270 1891 omni
3314 1843 3675 1897 mercenaria

2024 1920 2320 1977 exercitui.
2354 1922 2637 1977 Audierat
2666 1924 2821 1977 enim
2868 1923 3185 1995 imperator
3231 1929 3676 1989 multitudinem

2023 2026 2269 2066 numero
2328 2012 2616 2066 infinitam
2677 2013 2955 2068 adversus
3014 2015 3175 2086 ipsos
3226 2018 3445 2090 venire,
3479 2024 3536 2075 et
3589 2022 3678 2076 di-

2023 2100 2237 2155 viserat
2294 2100 2637 2171 exercitum,
2690 2117 2934 2172 sperans
2995 2120 3056 2159 se
3111 2106 3310 2162 statim
3363 2110 3680 2167 Matziciert

2023 2188 2081 2243 in
2115 2205 2283 2243 suam
2337 2194 2688 2260 potestatem
2721 2191 3117 2257 redacturum,
3150 2196 3307 2265 quod
3358 2198 3535 2254 etiam
3585 2217 3682 2257 ao-

2021 2277 2188 2347 cidit,
2222 2284 2278 2333 et
2308 2280 2379 2332 ad
2420 2295 2518 2333 eos
2570 2280 2668 2349 qui
2720 2288 2883 2334 erant
2935 2280 2994 2334 in
3028 2283 3222 2338 Chliat
3266 2286 3653 2345 adventorum

2021 2367 2183 2431 Quod
2240 2368 2287 2422 si
2340 2384 2466 2438 quae
2522 2368 2840 2424 necessitas
2893 2376 3146 2441 urgeret,
3181 2375 3486 2431 confestim
3520 2351 3679 2449 ipsos

2019 2461 2449 2523 revocaturum,
2482 2472 2617 2511 cum
2658 2458 2945 2513 exercitus
2997 2476 3175 2531 prope
3205 2469 3396 2519 castra
3446 2468 3674 2537 posuis-

2020 2551 2169 2601 sent.
2213 2546 2546 2601 Audiebant
2593 2547 2749 2601 enim
2802 2548 3104 2603 sultanum
3157 2553 3419 2608 studiose
3468 2557 3668 2612 adver-

2020 2652 2123 2690 sus
2172 2651 2232 2690 se
2283 2636 2650 2690 contendere.
2684 2636 3017 2706 thuidem
3071 2646 3224 2694 certe
3273 2658 3386 2696 non
3430 2646 3673 2700 carebat

2020 2725 2242 2779 ratione
2273 2740 2468 2778 rerum
2493 2725 2701 2778 divisio
2734 2731 2789 2779 et
2822 2726 3226 2795 consiliorum,
3261 2747 3449 2801 neque
3480 2734 3672 2789 aliena

2021 2818 2146 2867 erat
2202 2830 2235 2867 a
2294 2813 2645 2883 peritissimo
2703 2814 2872 2885 duce,
2922 2816 3035 2871 nisi
3096 2818 3303 2887 fatum,
3365 2821 3484 2877 imo
3536 2839 3669 2879 vero

2022 2902 2216 2958 divina
2274 2903 2359 2957 ira
2414 2918 2519 2957 seu
2577 2904 2723 2958 ratio
2781 2921 2814 2958 a
2872 2905 3040 2961 nobis
3110 2912 3363 2965 maxime
3421 2917 3669 2969 remota-

2020 2996 2294 3048 eventum
2364 3008 2558 3046 rerum
2616 2992 2673 3045 in
2734 2995 3086 3050 contrariam
3156 3004 3382 3067 partem
3445 3018 3671 3072 perver,

2018 3083 2211 3147 tisset,
2252 3087 2307 3135 et
2355 3082 2423 3135 ad
2475 3081 2693 3136 exitum
2742 3083 2821 3136 rei
2871 3089 2927 3138 et
2973 3087 3445 3155 conjunctionem
3507 3107 3671 3147 exer-

2026 3171 2177 3227 citus
2234 3174 2435 3225 eadem
2489 3170 2581 3225 die
2636 3172 2812 3225 etiam
2871 3172 3173 3230 sultanum
3229 3177 3354 3233 sine
3415 3195 3674 3250 prazcone

251 3266 392 3322 κατὰ
420 3241 539 3320 τοῦ.
581 3241 753 3320 Χλίάτ
803 3241 877 3325 εἷς
928 3241 1233 3339 προνομήν.
1265 3266 1436 3320 Τοῦτο
1462 3241 1470 3246 1
1494 3260 1550 3317 δὲ
1582 3241 1685 3317 ’καὶ
1716 3241 1911 3339 πρότε-

2025 3258 2229 3315 Turcis
2280 3259 2673 3328 adjunxisset,
2732 3266 2788 3314 et
2854 3263 3253 3332 prohibuisset
3310 3241 3545 3323 decreta
3601 3270 3673 3324 ad

255 3376 349 3429 ρον
408 3354 735 3425 ἐποιήσατο.
785 3354 1021 3415 Ἐκεῖνος
1072 3349 1129 3407 δὲ
1181 3352 1409 3407 κατόπιν
1455 3349 1698 3405 ἐλαύνων
1730 3350 1807 3412 εἷς
1852 3352 1913 3405 τὸ

255 3444 599 3518 Μανζικιὶρτ
647 3444 988 3518 παρεγένετο,
1038 3441 1200 3496 πόλιν
1255 3441 1570 3513 Ῥωμαϊκὴν
1626 3440 1743 3512 μὶν,
1795 3459 1915 3515 χει-

258 3536 533 3609 ρωθεῖσαν
598 3529 655 3587 δὶ
710 3536 789 3603 τῷ
862 3530 1144 3603 σουλτάνῳ
1225 3534 1430 3605 προτοῦ
1486 3529 1575 3584 καὶ
1634 3530 1913 3605 Το·3ρκους

258 3620 676 3697 ιγκιθημᾶνους
755 3614 1010 3695 ἔχουσαν.
1087 3619 1509 3696 Καταφρονήσας
1577 3614 1633 3671 Si
1707 3616 1912 3671 τούτων

256 3709 698 3784 ὠςόλιγοστῶν,
731 3707 913 3783 ἑτέραν
972 3713 1165 3783 μοῖραν
1221 3708 1324 3762 οὐκ
1375 3705 1673 3781 ἐλαχίστην
1729 3707 1918 3761 ἀποτε-

260 3800 510 3873 μόμενος
572 3801 670 3851 τοῦ
729 3801 957 3871 στρατοῦ
1020 3797 1221 3873 Ἰωσὴφ
1279 3794 1521 3871 μαγίστῳ
1568 3799 1645 3866 τῷ
1695 3797 1917 3870 Ταρχα-

256 3889 463 3961 νιιώτῄ
512 3882 877 3962 παραδίδωσι,
929 3881 1293 3960 προσεπιὸοὺς
1344 3884 1434 3938 καὶ
1494 3888 1686 3958 στῖφος
1741 3888 1917 3951 πεζῶν

264 3978 364 4032 οὐκ
409 3975 911 4053 εὐκαταφρόνητον,
968 3972 1180 4046 μᾶλλον
1230 3970 1288 4027 δὲ
1335 3976 1440 4027 τῶν
1475 3971 1720 4026 ἱπποτῶν
1749 3973 1811 4025 τὸ
1842 3969 1920 4026 ἔκ-

262 4066 453 4139 κριτόν
488 4085 547 4119 τε
588 4064 678 4119 καὶ
724 4064 1119 4138 μαχιμώτατον
1168 4062 1262 4117 κάν
1316 4068 1434 4123 τοῖς
1456 4060 1747 4134 πολεμίοις
1778 4080 1920 4136 προ-

262 4153 580 4210 κινδυνεῦον
616 4152 697 4208 ἀεὶ
743 4153 832 4207 καὶ
886 4152 1336 4227 προμαχόμενον.
1390 4152 1558 4225 Ἀρας
1614 4146 1670 4204 δὲ
1722 4151 1749 4205 6
1779 4151 1921 4223 Ταρ-

262 4246 582 4319 χανειώτης
640 4239 849 4297 ἄπεισιν
924 4239 1002 4303 εἷς
1076 4241 1139 4295 τὸ
1199 4237 1389 4311 Χλίατ,
1454 4239 1743 4314 βοηθήσων
1803 4243 1919 4300 τοῖς

264 4331 465 4403 Οὗζοις
497 4332 590 4387 καὶ
621 4336 737 4393 τοῖς
771 4333 1047 4406 Φράγγοις
1079 4328 1167 4384 καὶ
1195 4329 1352 4382 παντὶ
1383 4332 1460 4399 τῷ
1495 4332 1871 4404 μισθοφορικῷ
1906 4344 1918 4359 ·

264 4422 503 4492 ἠκηκόει
574 4421 677 4495 γὰρ
735 4421 763 4475 6
832 4417 1084 4495 βασιλεὺς
1141 4415 1354 4486 πλῆθος
1418 4413 1749 4493 μυρίανδρον
1807 4417 1925 4470 κατ’

267 4512 450 4566 αὐτῶν
512 4511 785 4587 φίρεσθαι.
832 4506 1012 4563 Διεῖλε
1064 4505 1121 4561 δὶ
1174 4507 1201 4561 6
1254 4504 1508 4582 βασιλεὺς
1548 4506 1639 4560 τὸν
1673 4506 1924 4580 στρατὸν,

2024 3348 2245 3404 exitum
2297 3347 2555 3419 perduci.
2589 3347 2734 3403 Nam
2786 3365 2920 3404 cum
2971 3362 3313 3423 occupasset
3357 3355 3678 3426 imperator

2026 3437 2343 3492 Matziciert
2391 3436 2675 3508 perculsis
2707 3438 2913 3493 Turcis
2940 3440 3183 3510 ejusque
3212 3442 3412 3499 veritis
3460 3445 3671 3501 adven-

2025 3530 2176 3591 tum,
2233 3526 2390 3597 iique
2450 3526 2623 3581 tidem
2713 3544 2889 3599 quam
2951 3530 3240 3600 petierant
3291 3534 3677 3605 accepissent,

2028 3616 2125 3671 ubi
2158 3615 2310 3671 693
2342 3615 2519 3670 etiam
2572 3615 2784 3670 accidit
2831 3623 2896 3672 ut
2946 3619 3187 3688 quidam
3240 3620 3542 3677 Romanus
3580 3624 3676 3693 ju-

2025 3704 2347 3776 risjurandi
2393 3706 2581 3774 gratia
2630 3706 2871 3759 naribus
2924 3708 3269 3778 privaretur,
3304 3711 3458 3780 quod
3506 3712 3676 3781 jura-

1986 3870 1993 3875 ’
2026 3799 2187 3849 verat
2214 3794 2361 3864 ipsis
2394 3794 2733 3863 imperator,
2767 3795 2920 3864 quod
2963 3795 3061 3850 ille
3090 3797 3335 3854 asellum
3367 3799 3675 3857 Turcicum

2028 3887 2325 3955 rapuerat,
2359 3881 2459 3936 Dei
2502 3882 2851 3938 Genitricem
2902 3889 2959 3939 et
3006 3885 3301 3943 Christum
3359 3894 3417 3944 et
3475 3906 3679 3947 omnes

2029 3977 2263 4028 sanctos
2319 3974 2733 4027 intercessores
2790 3973 3083 4029 invocans.
3137 3978 3200 4030 In
3259 3978 3476 4048 quibus
3534 3980 3673 4035 dum

2028 4062 2349 4132 imperator
2403 4066 2739 4132 occupatur,
2800 4061 2854 4115 in
2916 4063 3131 4119 milites
3211 4066 3528 4136 Romanos,
3577 4069 3677 4140 qui

2028 4152 2350 4224 praedatum
2385 4151 2602 4222 egressi
2636 4151 2886 4220 fuerant,
2918 4153 3162 4208 Turciea
3194 4171 3403 4211 manus
3432 4157 3675 4214 invadit.

2032 4240 2214 4294 Batus
2245 4239 2427 4311 igitur
2457 4240 2770 4311 imperator
2804 4240 3007 4296 ducem
3044 4242 3261 4298 sultani
3285 4261 3416 4300 cum
3444 4247 3681 4317 quibus-

2031 4330 2163 4383 dam
2209 4328 2393 4399 copiis
2423 4329 2748 4397 advenisse,
2785 4334 2848 4384 ut
2876 4331 3173 4403 dispersos
3216 4335 3357 4405 regii
3389 4336 3679 4393 exercitus

2032 4424 2343 4483 coerceret,
2376 4419 2657 4473 adversus
2690 4419 2882 4490 ipsum
2908 4422 3071 4477 misit
3095 4439 3227 4477 cum
3260 4424 3469 4480 idonea
3500 4442 3679 4482 manu

2034 4508 2382 4578 magistrum
2416 4507 2808 4579 Nicephorum
2859 4513 3232 4582 Bryennium,
3258 4514 3357 4585 qui
3390 4532 3517 4570 cum
3550 4516 3678 4588 ipso

267 4600 512 4669 ἐλπίζων
578 4598 737 4659 αὐτὸς
784 4597 924 4671 ταχὺ
988 4596 1050 4650 τὸ
1097 4595 1421 4671 Ματζικιὶρτ
1470 4595 1916 4670 παραστήσεσθαι,

2037 4612 2389 4668 congressus
2438 4596 2592 4651 haud
2643 4597 2821 4653 cessit
2854 4616 2866 4652 :
2896 4616 3097 4655 verum
3149 4602 3321 4657 multi
3369 4621 3503 4659 cum
3554 4605 3680 4676 ipso

266 4691 299 4745 ὃ
333 4687 401 4757 δή
434 4690 526 4743 καὶ
556 4688 769 4762 γᾶγονε,
822 4685 911 4740 καὶ
968 4681 1305 4758 ἐπιδημῆσαι
1353 4689 1472 4745 τοῖς
1507 4683 1559 4738 ἐν
1589 4688 1669 4756 τῷ
1700 4682 1877 4738 Χλιάτ
1910 4700 1923 4714 °

267 4780 320 4833 ιτ
369 4778 427 4832 δὲ
475 4798 559 4840 τις
607 4776 815 4849 ἀνάγκη
860 4773 1179 4843 κατεπείξει,
1231 4773 1443 4848 ταχέως
1501 4771 1697 4835 αὐτοὺς
1751 4792 1925 4847 παρα-

266 4867 629 4934 καλέσασθαι,
686 4862 922 4933 πλησίον
978 4861 1371 4934 ἐσκηνωμὲνων
1430 4866 1535 4915 τῶν
1596 4860 1928 4935 στρατευμά-

267 4977 383 5011 των
417 4978 430 4989 ο
464 4953 635 5025 ἤκουε
663 4954 766 5025 γὰρ
814 4953 908 5007 τὸν
964 4951 1258 5007 σουλτανὸν
1308 4949 1604 5025 ἐπείγεσθαι
1661 4951 1777 5005 κατ’
1828 4950 1927 5005 αὐ-

266 5050 395 5102 τοῦ.
456 5045 555 5099 Καί
588 5064 647 5119 γε
676 5043 740 5111 ἦν
779 5041 878 5096 οὒκ
920 5040 1213 5116 ἆνεύλογος
1255 5042 1289 5109 ἡ
1337 5036 1595 5110 διαιρεσις
1626 5044 1732 5093 τῶν
1768 5059 1928 5115 στρα-

264 5136 584 5207 τευμάτων,
641 5132 731 5185 καὶ
782 5131 1067 5205 λογισμῶν
1123 5129 1220 5183 οὐκ
1275 5127 1929 5202 ἀποστρατηγικωτάτων,

267 5225 318 5280 εἴ
352 5226 427 5295 μὴ
454 5220 820 5297 πεπρωμινη,
844 5218 1055 5292 μᾶλλον
1081 5216 1136 5273 δί
1160 5223 1301 5283 θεῖος
1328 5217 1503 5293 χόλος
1595 5216 1759 5292 λόγος
1792 5219 1927 5289 ἡμῖν

270 5312 723 5389 ἆπορῥητότερος
748 5310 850 5377 τήν
888 5303 1100 5362 ἔκϐασιν
1151 5304 1226 5369 εἴς
1251 5306 1561 5361 τοῦναντίον
1594 5308 1927 5381 περιέτρεψε,

266 5404 368 5459 καὶ
426 5402 564 5477 πρὸς
629 5399 710 5470 τῷ
759 5396 903 5453 τᾶλει
962 5401 1059 5451 τοῦ
1104 5393 1262 5472 ἔργου
1319 5394 1409 5449 καὶ
1464 5398 1532 5468 τῇ
1589 5393 1927 5471 αὐθημερινῇ

2038 4684 2326 4739 vulnerati
2358 4690 2515 4753 sunt,
2548 4691 2605 4740 et
2630 4684 2786 4741 haud
2822 4690 2991 4759 pauci
3031 4706 3100 4745 ex
3147 4690 3293 4762 ipsis
3322 4692 3682 4750 occiderunt.

2038 4776 2107 4829 Et
2153 4790 2285 4829 cum
2331 4773 2582 4830 validius
2629 4791 2698 4830 ex
2750 4777 2991 4832 incursu
3050 4780 3225 4850 paulo
3279 4786 3413 4837 ante
3465 4785 3684 4839 assueti

2038 4870 2392 4935 pugnarent,
2425 4864 2709 4919 audacius
2740 4866 3147 4923 incumbentes
3179 4870 3382 4936 armis,
3415 4873 3683 4929 cominus

2039 4953 2411 5007 resistebant.
2472 4955 2657 5018 Quare
2729 4961 2891 5010 metu
2963 4964 3292 5015 commotus
3351 4961 3550 5033 ecpias
3614 4965 3685 5018 ab

2038 5041 2391 5113 imperatore
2438 5043 2624 5114 petiit.
2678 5044 2780 5099 Ille
2834 5049 3029 5101 autem
3081 5049 3471 5106 condemnata
3531 5051 3690 5108 illius

2038 5130 2355 5186 timiditate
2410 5131 2740 5204 (ignorabat
2788 5135 2945 5189 enim
2994 5136 3076 5191 rei
3122 5137 3451 5212 veritatem)
3490 5147 3691 5197 ooaota

2040 5221 2318 5274 concione
2364 5221 2569 5275 habuit
2616 5222 2940 5279 orationem
2974 5227 3044 5280 de
3070 5226 3142 5280 iis
3172 5242 3296 5297 qua;
3347 5230 3414 5282 ad
3468 5230 3687 5285 bellum

2041 5308 2429 5380 pertinebant.
2466 5310 2527 5363 In
2562 5311 2753 5365 media
2776 5328 3008 5383 quoque
3038 5314 3298 5371 oratione
3327 5317 3693 5388 gravioribus

2040 5398 2234 5452 verbis
2268 5400 2351 5452 uti
2384 5414 2626 5455 exorsus
2674 5406 2782 5471 est,
2817 5406 2875 5456 et
2921 5402 3145 5458 interea
3173 5407 3446 5462 sacerdos
3492 5406 3689 5463 lectio-

1607 5519 1852 5576 JACOBI
1891 5518 2108 5575 GOARI
2147 5520 2379 5575 NOT/E.

350 5634 467 5707 (23)
498 5632 811 5707 Geli_dioris
842 5636 911 5707 et_
928 5629 1251 5704 frigidioris
1304 5645 1471 5701 aqua
1522 5628 1714 5685 fontes
1742 5625 1908 5705 κρύας
1938 5624 2119 5704 πηγάς
2152 5628 2419 5687 moderni
2448 5632 2678 5702 vocant,
2710 5630 3091 5707 diversosque
3145 5633 3253 5691 hoc
3298 5635 3533 5694 nomine
3561 5638 3689 5691 tam

263 5706 413 5767 Chii
441 5711 575 5763 tum
605 5704 751 5762 Teni
780 5702 1073 5761 novimus.
