4040 6196
348 360 464 419 423

1654 352 1978 413 JOANNIS
2025 352 2427 415 SCYLITZ/E

3642 355 3761 412 424

347 507 482 546 nem
527 487 822 561 Evangelii
887 488 1254 553 exclamavit,
1284 504 1413 559 quae
1472 488 1556 544 ita
1615 503 1675 543 se
1730 485 1997 556 habebat1

2122 489 2227 539 τῶν
2288 484 2703 559 στρατευμάτων
2760 482 2945 537 ἐνώσει
2994 481 3084 536 καὶ
3144 484 3234 537 τὸν
3292 481 3586 538 σουλτάνον
3634 505 3773 554 ακη-

348 584 413 634 ut
452 579 566 634 alia
614 578 884 634 omittam
919 593 933 633 :
968 600 996 628 «
1030 578 1087 633 Si
1137 594 1230 633 me
1278 577 1569 649 persecuti
1620 580 1779 646 sunt,
1812 580 1868 631 et
1898 591 1999 630 vos

344 671 804 740 persequentur;
856 667 905 722 si
956 667 1195 722 verbum
1252 683 1448 722 meum
1499 667 1896 732 servaverunt,
1940 667 1999 719 et

344 761 604 812 vestrum
657 756 994 820 servabunt,
1035 777 1065 806 »
1119 771 1305 825 usque
1356 755 1425 810 ad
1477 753 1645 821 illud,
1684 777 1703 801 ι
1740 753 1993 808 arbitra-

347 847 508 900 bitur
554 845 903 916 obsequium
961 860 1023 899 se
1078 851 1354 914 praestare
1409 843 1545 898 Deo.
1579 864 1605 891 ι)
1640 843 1802 908 Quod
1858 857 1994 896 cum

348 934 524 990 etiam
557 934 966 1006 prudentiores
1016 933 1418 1003 adnotassent,
1451 932 1867 988 existimarunt
1891 930 2001 986 hoc

352 1023 591 1079 verbum
624 1021 946 1077 oraculum.
980 1024 1256 1076 Fervente
1300 1026 1495 1077 autem
1529 1020 1681 1077 bello
1712 1020 1867 1075 694
1896 1019 2007 1074 mi-

353 1113 434 1168 sit
492 1112 809 1182 imperator
862 1110 1040 1166 etiam
1099 1111 1493 1182 Nicephorum
1545 1111 1891 1180 magistrum
1945 1113 2003 1163 et

353 1205 572 1259 Ducam
605 1201 1088 1273 Theodosiopolis
1136 1202 1488 1258 Basilacium
1531 1218 1662 1257 cum
1708 1200 2001 1271 indigenis

355 1291 664 1362 militibus,
698 1307 811 1362 quo
845 1291 1131 1363 Bryennio
1181 1292 1457 1363 adjuncto
1504 1306 1685 1361 usque
1717 1290 1785 1345 ad
1820 1289 2009 1360 quod-

353 1382 487 1437 dam
523 1382 645 1438 leve
674 1379 940 1452 praelium
983 1380 1225 1453 aequalis
1273 1384 1331 1436 et
1374 1397 1588 1452 anceps
1644 1395 1844 1451 pugna
1871 1377 1999 1433 fuit.

350 1481 496 1536 Cum
549 1482 746 1534 autem
795 1477 1034 1543 milites,
1066 1478 1453 1550 imperatores
1500 1494 1565 1533 ac
1618 1479 1796 1533 duces
1836 1476 2011 1546 sequi

350 1568 723 1634 statuissent,
757 1567 974 1639 primas
1024 1572 1217 1639 partes
1260 1584 1463 1639 pugna:
1496 1567 1785 1623 sustinere
1834 1564 2005 1637 polli-

350 1658 502 1713 citus
533 1661 641 1721 est,
676 1657 994 1728 statimque
1023 1656 1245 1728 impetu
1281 1657 1431 1713 facto
1462 1659 1683 1722 hostes,
1707 1654 1808 1727 qui
1837 1660 2002 1727 terga

347 1746 662 1813 dederant,
731 1746 1211 1817 persequebatur.
1268 1744 1412 1800 Cum
1472 1761 1605 1801 vero
1676 1742 2007 1816 Bryennius

2122 572 2273 647 ρυκτὶ
2330 578 2451 636 τοῖς
2505 571 2773 648 Τούρκοις
2854 571 3115 643 ἐπέστησε
3195 570 3284 626 καὶ
3343 572 3410 626 τὰ
3465 569 3769 642 δοκηθέντα

2118 659 2437 730 τελεσθῆναι
2482 658 2872 718 διακεκώλυκε.
2930 655 3271 737 Παραλαϐὼν
3306 662 3407 735 γὰρ
3448 662 3477 715 6
3514 660 3771 736 βασιλεὺς

2118 752 2181 805 τὸ
2239 750 2572 824 Ματζικιέρτ
2645 748 3098 824 καταπλαγέντων
3183 750 3274 804 καὶ
3334 747 3769 827 όῤῥωδησάντων

2119 843 2227 893 τῶν
2258 838 2508 912 Τούρκων
2556 839 2655 906 τὴν
2710 837 2873 893 αὐτοῦ
2926 837 3227 907 ἐπέλευσιν,
3258 837 3349 893 καὶ
3399 838 3577 894 πίστιν
3608 838 3771 909 αἰτη-

2122 927 2369 1001 σαμένων
2402 928 2493 982 καὶ
2546 922 2847 996 λαϐόντων,
2890 926 2953 982 οὗ
2986 929 3076 982 καὶ
3125 923 3321 997 συνέϐη
3372 927 3770 1003 ῥινοτμηθῆναι

2120 1012 2391 1091 Ῥωμαῖόν
2439 1038 2562 1073 τινα
2609 1015 2824 1092 ὀνάριον
2874 1017 3176 1091 Τουρκικὸν
3219 1014 3572 1094 ὑφελόμενον,
3616 1016 3772 1094 εὐορ-

2119 1106 2240 1168 κίας
2302 1106 2462 1183 χάριν
2517 1107 2584 1175 ἧς
2646 1105 2929 1179 ὀμωμόκει
2986 1106 3202 1167 τούτοις
3252 1106 3279 1160 6
3334 1103 3606 1181 βασιλεὺς,
3664 1108 3767 1175 τὴν

2121 1197 2383 1251 Θεοτόκον
2436 1196 2525 1250 καὶ
2576 1197 2665 1251 τὸν
2714 1196 2943 1270 Χριστὸν
2994 1195 3084 1250 xui
3135 1195 3261 1257 τοὺς
3316 1196 3506 1271 ἁγίους
3568 1196 3772 1257 πάντας

2128 1285 2345 1358 μεσίτας
2375 1280 2812 1360 προϐαλόμενος.
2866 1286 2951 1340 Ἐν
3003 1283 3113 1357 ὅσῳ
3163 1282 3220 1339 δὲ
3259 1286 3411 1340 ταυτὶ
3442 1288 3523 1356 τῷ
3557 1284 3773 1360 βασιλεῖ

2125 1372 2449 1447 διετάττετο,
2478 1380 2596 1437 τοῖς
2653 1374 2729 1436 εἷς
2776 1376 2874 1444 τήν
2923 1374 3113 1450 χρείαν
3169 1373 3365 1444 ἐξιοῦσι
3413 1375 3769 1450 στρατιώταις

2123 1465 2418 1537 Ῥωμαίοις
2474 1461 2688 1533 πληθὺς
2763 1465 3032 1535 Τουρκική
3109 1469 3191 1532 [Ρ.
3266 1465 3394 1535 838]
3452 1462 3768 1518 ἐπιτίθεται.

2123 1563 2341 1633 Οἷηθεὶς
2372 1562 2463 1618 οὖν
2497 1565 2525 1618 ὁ
2575 1562 2827 1638 βασιλεὺς
2881 1563 3126 1640 ἡγεμόνα
3171 1567 3266 1617 τοῦ
3306 1561 3602 1618 σουλτάνου
3636 1564 3775 1636 μετά

2122 1674 2270 1717 τινος
2301 1653 2531 1730 ἀφῖχθαι
2563 1650 2840 1727 δυνάμεως
2898 1652 2987 1707 καὶ
3042 1649 3349 1708 διακλονεῖν
3388 1652 3516 1715 τοὺς
3566 1673 3773 1729 σποραο

2127 1739 2221 1807 δας
2280 1747 2377 1798 τοῦ
2431 1742 2719 1818 βασιλικοῦ
2790 1746 3041 1819 στρατοῦ,
3115 1741 3424 1797 ἀπέστειλεν
3468 1741 3549 1796 ἐπ’
3607 1741 3771 1796 αὐτὸν

348 1835 475 1890 suis
507 1835 667 1890 frena
696 1834 956 1889 detinere
989 1834 1288 1905 jussisset,
1322 1834 1483 1890 solus
1508 1832 1834 1889 Basilacius
1862 1847 1997 1904 per-

2125 1832 2441 1910 Νικηφόρον
2496 1833 2793 1908 μάγιστρον
2841 1832 2933 1887 τὸν
2990 1831 3272 1927 Βρυέννιον
3329 1831 3463 1904 μετά
3513 1837 3611 1900 τῆς
3668 1831 3768 1905 ἆρ-

347 1938 604 1994 sequens
646 1923 1009 1995 ignoratione
1057 1923 1213 1993 facti,
1250 1924 1348 1979 ubi
1382 1925 1451 1978 ad
1484 1922 1703 1978 vallum
1740 1922 2003 1976 hostium

347 2012 615 2084 accessit,
648 2012 873 2068 confixo
930 2012 1120 2084 ipsius
1171 2028 1319 2085 equo
1369 2013 1440 2068 ad
1489 2016 1704 2068 terram
1763 2009 2002 2072 decidit,

348 2118 648 2157 armorum
682 2101 936 2172 pondere
967 2118 1307 2173 oppressus,
1331 2106 1388 2156 et
1420 2100 1634 2156 idcirco
1661 2099 2006 2156 circumfusi

349 2190 547 2247 hostes
598 2191 794 2261 ipsum
826 2192 1022 2246 vivum
1056 2192 1317 2263 capiunt,
1350 2190 1732 2262 vinctumque
1774 2190 1845 2245 ad
1878 2187 2004 2245 sul-

352 2283 554 2334 tanum
606 2278 927 2335 abducunt.
962 2280 1022 2334 In
1058 2280 1228 2350 cujus
1258 2285 1637 2351 conspectum
1687 2279 1999 2347 adductus,

353 2394 541 2449 neque
571 2381 635 2433 ut
682 2395 884 2433 servus
924 2377 1048 2448 jam
1101 2377 1343 2433 allectus
1386 2394 1575 2449 neque
1626 2382 1691 2432 ut
1738 2376 2003 2448 captivus

348 2467 663 2532 abductus,
696 2466 930 2522 sultano
962 2484 1024 2521 se
1056 2468 1323 2537 subjecit.
1359 2467 1467 2522 Sed
1510 2483 1698 2537 neque
1729 2466 2003 2521 sultanus

350 2556 475 2627 ipso
508 2561 574 2611 ut
619 2572 788 2610 servo
819 2560 919 2609 aut
946 2555 1172 2626 captivo
1204 2572 1347 2610 usus
1377 2558 1487 2621 est,
1520 2556 1619 2610 sed
1672 2555 1873 2609 crebro
1901 2570 1996 2608 ac-

348 2660 584 2699 cersens
615 2644 685 2699 de
715 2644 1064 2713 imperatore
1105 2660 1239 2698 eum
1290 2643 1765 2715 percontabatur,
1800 2659 1996 2699 suam-

343 2749 457 2804 que
496 2733 606 2804 ipsi
643 2731 962 2804 potentiam
996 2733 1352 2800 ostentabat,
1384 2737 1448 2788 ut
1476 2732 1527 2787 ei
1560 2737 1782 2787 metum
1814 2735 1997 2787 terro-

344 2837 589 2891 remque
637 2820 932 2889 injiceret;
986 2820 1086 2891 qui
1135 2821 1334 2876 omnia
1386 2821 1574 2893 ipsius
1626 2821 1878 2877 laudans
1939 2824 1996 2876 et

346 2908 651 2976 extollens,
685 2908 936 2979 praeliari
987 2910 1269 2963 adversus
1313 2913 1707 2965 Romanorum
1739 2909 1996 2981 impera-

344 3003 531 3052 torem
576 2997 687 3068 ipsi
732 2997 937 3052 inutile
966 2998 1326 3052 consulebat.
1361 2999 1470 3053 Sed
1519 2999 1611 3053 hic
1663 2999 1899 3071 quidem
1934 2997 1994 3053 in

347 3085 438 3141 his
478 3086 841 3141 versabatur.
880 3087 1197 3157 Imperator
1228 3092 1421 3142 autem
1467 3092 1703 3143 coactus
1734 3104 1869 3142 cum
1902 3104 1996 3143 re-

343 3174 505 3246 liquo
554 3176 808 3230 exercitu
868 3191 1141 3247 egressus
1180 3180 1269 3230 est
1317 3177 1383 3230 ad
1447 3193 1639 3231 rerum
1690 3181 1994 3248 spectacu-

345 3263 504 3331 lum;
536 3268 594 3319 et
626 3279 813 3334 usque
840 3266 909 3318 ad
942 3280 1241 3335 vesperam
1276 3265 1332 3318 in
1365 3264 1717 3334 quibusdam
1750 3264 1996 3320 tumulis

332 3353 696 3423 consistens,
731 3352 827 3406 ubi
882 3352 982 3424 qui
1032 3353 1334 3408 resisteret
1379 3359 1435 3408 et
1483 3370 1611 3409 sese
1656 3357 1995 3425 opponeret,

346 3446 643 3497 neminem
699 3441 867 3509 vidit,
926 3442 982 3496 in
1042 3448 1234 3498 castra
1290 3458 1558 3497 reversus
1614 3446 1722 3497 est.
1755 3442 1998 3497 Statim-

344 3547 457 3602 que
489 3530 833 3587 circumt‘usi
864 3531 1028 3584 Turci
1082 3547 1327 3585 arcuum
1368 3531 1600 3602 sagittis
1631 3536 1688 3586 et
1734 3531 1997 3602 equitatu

346 3620 501 3674 haud
571 3620 925 3674 mediocrem
1014 3618 1293 3674 exercitui
1380 3624 1659 3674 terrorem
1723 3619 1994 3691 injecere,

348 3716 497 3771 695
550 3714 705 3769 intra
756 3713 973 3769 vallum
1033 3714 1416 3785 impellentes.
1452 3715 1577 3770 Nox
1623 3720 1748 3769 erat
1798 3715 1999 3771 illunis

345 3820 477 3858 cum
502 3803 623 3857 haec
646 3804 1020 3875 gerebantur,
1042 3820 1231 3874 neque
1264 3803 1547 3874 fugientes
1571 3810 1626 3859 et
1648 3822 1974 3877 persequeu

345 3897 431 3947 tes
465 3898 664 3946 utrum
698 3891 918 3947 externi
952 3908 1026 3945 an
1060 3892 1181 3947 noti
1228 3897 1427 3947 essent
1456 3897 1513 3949 et
1542 3894 1710 3949 amici
1744 3894 2003 3950 discerni

340 3986 632 4054 poterant,
654 3997 856 4036 verum
890 3984 1012 4035 tota
1038 3986 1203 4036 nocte
1225 3984 1490 4038 obscuris
1523 3982 1845 4039 ululatibus
1876 3984 1992 4039 cir-

338 4072 727 4126 cumsonabat
756 4069 1069 4141 exercitus,
1104 4070 1183 4125 ita
1231 4075 1295 4125 ut
1325 4088 1527 4127 omnes
1560 4073 1778 4144 apertis
1807 4091 1873 4129 ac
1905 4074 1990 4128 vi-

338 4157 664 4230 gilantibus
689 4157 874 4213 oculis
902 4161 1751 4231 pernoctarent.Cumquejam
1776 4161 1995 4217 illuxis

338 4254 446 4315 set,
482 4265 616 4319 pars
647 4248 915 4318 quaedam
956 4246 1205 4302 Uzorum
1257 4249 1405 4303 duce
1452 4250 1707 4319 quodam
1756 4250 1994 4306 nomine

334 4336 534 4406 Tame,
558 4340 613 4391 et
639 4335 927 4390 exercitus
960 4335 1053 4389 cui
1082 4335 1386 4391 Tornicius
1411 4336 1702 4393 Cotertzes
1724 4343 1991 4409 praeerat,

336 4425 407 4479 ad
440 4424 640 4480 hostes
680 4423 995 4490 conﬂuxit;
1046 4425 1201 4495 quod
1252 4424 1406 4479 haud
1443 4426 1794 4482 mediocrem
1830 4426 1993 4483 solli-

338 4513 659 4569 citudinem
693 4512 970 4568 Romanis
1004 4513 1221 4581 attulit,
1255 4515 1698 4585 suspicantibus
1740 4515 1995 4587 reliquas

2118 1921 2319 1992 κούσης
2377 1919 2680 1995 δυνάμεως,
2728 1921 2786 1982 ’ὸς
2844 1919 2932 1975 καὶ
2994 1915 3291 1993 συμϐαλὼν
3344 1920 3493 1991 αύτῷ
3550 1918 3649 1973 οὐκ
3688 1917 3774 1973 ἐν·

2119 2008 2288 2066 έδωκε
2322 2011 2440 2084 μὲν,
2464 2008 2956 2087 ἐτρατματίσθησαν
3002 2007 3059 2064 δὲ
3098 2008 3302 2065 πολλοὶ
3331 2013 3440 2064 τῶν
3473 2007 3565 2063 σὺν
3595 2008 3769 2080 αὐτῷ,

2116 2099 2214 2155 οὐκ
2261 2097 2440 2175 ὀλίγοι
2500 2097 2557 2154 δὲ
2610 2098 2817 2154 τούτων
2893 2098 2982 2154 καὶ
3041 2095 3253 2168 ἔπεσον,
3312 2097 3761 2174 ρωμαλεωτέρων

2116 2187 2174 2245 δὲ
2210 2189 2479 2264 φανέντων
2529 2187 2588 2243 ἐκ
2637 2191 2735 2257 τῆς
2789 2188 3168 2264 συγκρούσεως
3223 2192 3333 2242 τῶν
3389 2187 3580 2262 πρώην
3632 2185 3762 2250 ἐθά-

2114 2276 2245 2337 δων.
2295 2278 2625 2354 Θρασύτερον
2697 2279 2801 2353 γὰρ
2876 2276 3348 2354 προσρηγνύμενοι
3406 2277 3763 2351 ἀγχεμάχοις

2113 2363 2308 2430 ὅπλοις
2381 2368 2843 2423 ἀντικαθίσταντο.
2916 2368 3075 2424 ’Όθεν
3146 2366 3236 2421 καὶ
3306 2360 3460 2443 φόϐῳ
3511 2385 3764 2420 κατασει-

2114 2457 2257 2521 σθεὶς
2301 2454 2528 2529 δύναμιν
2556 2455 2733 2526 ἐζήτει
2774 2457 2923 2531 παρά
2962 2459 3059 2511 τοῦ
3093 2454 3387 2531 βασιλέως,
3418 2456 3481 2511 Ὁ
3505 2451 3564 2509 δὶ
3586 2474 3762 2508 κατα-

2110 2548 2269 2620 γνοὺς
2302 2547 2470 2600 αὐτοῦ
2497 2543 2702 2600 δειλίαν
2736 2546 2939 2621 (ἠγνόει
2978 2546 3077 2619 γάρ
3108 2546 3170 2599 τὸ
3199 2542 3425 2616 ἀληθὶς)
3459 2542 3758 2613 ἐκκλησίαν

2115 2636 2523 2707 συστησάμενος
2568 2632 2962 2711 ἐδημηγόρησε
3007 2634 3074 2688 τὰ
3112 2634 3234 2709 περὶ
3281 2632 3553 2705 πολέμου,
3598 2632 3652 2686 ἐν
3704 2629 3762 2686 δὲ

2110 2728 2186 2795 τῷ
2221 2724 2367 2796 μέσῳ
2415 2722 2507 2778 xui
2544 2723 2892 2799 τραχυτέρων
2946 2720 3125 2796 ἥψατο
3174 2720 3375 2798 λόγων.
3426 2721 3527 2777 Καὶ
3577 2720 3633 2775 ἐν
3665 2741 3766 2775 το-

2111 2813 2290 2883 σούτῳ
2318 2812 2345 2865 ὁ
2389 2812 2563 2881 ἱερεὺς
2615 2811 2929 2889 ἐπεφώνησε
2973 2812 3072 2880 τὴν
3119 2815 3215 2866 τοῦ
3266 2808 3596 2886 Εὐαγγελίου
3629 2810 3762 2863 ἀνά-

2109 2922 2329 2977 γνωσιν.
2378 2902 2511 2975 Εἶχε
2564 2898 2622 2955 δὲ
2670 2902 2733 2956 τὸ
2793 2899 3143 2977 Εύαγγέλιον,
3197 2898 3289 2953 ’ἱνα
3341 2898 3517 2954 τᾶλλα
3575 2902 3761 2973 παρῶ,

2110 3022 2139 3049 ‹‹
2174 2996 2241 3054 Ei
2273 2997 2369 3070 ἐμὲ
2401 2994 2644 3068 ἐδίωξαν,
2698 2997 2785 3051 καὶ
2842 2998 2980 3070 ὑμᾶς
3029 2995 3311 3069 διώξουσιν
3336 3015 3347 3027 ·
3384 2995 3425 3049 ii
3454 2997 3547 3050 τὸν
3580 2993 3756 3069 λόγον

2112 3107 2216 3159 μου
2244 3084 2536 3162 ἐτήρησαν,
2590 3087 2677 3141 καὶ
2741 3086 2999 3163 ὑμέτερον
3049 3088 3405 3160 τηρήσουσιν,
3442 3106 3467 3138 ι
3522 3085 3629 3146 ἓως
3660 3089 3762 3139 τοῦ

2107 3201 2134 3227 ‹‹
2171 3173 2311 3245 δόξει
2344 3174 2591 3252 λατρείαν
2624 3178 2947 3253 προσφέρειν
2990 3180 3070 3248 τῷ
3119 3180 3234 3247 Θεῷ
3260 3193 3273 3208 ⁸
3312 3200 3332 3225 ι
3378 3176 3407 3228 δ
3435 3175 3523 3229 καὶ
3555 3173 3759 3243 ἐπιση-

2116 3268 2420 3337 μηνάμενοι
2470 3266 2523 3319 οἱ
2575 3266 2925 3339 συνετώτεροι
2973 3262 3156 3335 ἔδοξαν
3206 3261 3432 3337 ἀψευδὲς
3475 3267 3635 3318 τοῦτο
3667 3263 3763 3318 καὶ

2114 3354 2466 3430 Θεοπρόπιον,
2499 3356 2720 3418 Ζὲοντος
2753 3352 2810 3409 δὲ
2837 3358 2933 3409 τοῦ
2950 3354 3198 3427 πολέμου
3222 3351 3519 3408 ἀπέστεινεν
3545 3354 3573 3407 6
3603 3353 3764 3428 βασι-

2115 3442 2241 3507 λεὺς
2274 3444 2362 3499 καὶ
2389 3445 2701 3521 Νικηφόρον
2735 3445 3029 3521 μάγιστρον
3054 3443 3143 3498 καὶ
3168 3440 3332 3497 δοῦκα
3358 3439 3764 3498 Θεοδοσιουπόο

2115 3531 2258 3595 λεως
2286 3535 2376 3588 τὸν
2412 3534 2734 3589 Βασιλάκιον
2778 3534 2910 3605 μετά
2954 3537 3062 3588 τῶν
3095 3532 3358 3608 ἷθαγενῶν
3386 3536 3761 3605 στρατιωτῶν.

2117 3623 2517 3698 Ηροστεθὲντος
2571 3621 2660 3677 οὖν
2701 3627 2780 3693 τῷ
2824 3622 3095 3697 Βρυεννίῳ
3141 3623 3305 3697 μέχρι
3350 3628 3499 3683 τινὸς
3530 3616 3771 3697 ἀκροϐο-

2116 3708 2319 3784 λισμοῦ
2351 3709 2621 3780 ίσοπαλὴς
2665 3710 2753 3764 xui
2807 3710 3154 3785 ἀμφήριστος
3204 3712 3271 3779 ἦν
3316 3713 3350 3779 ἡ
3396 3711 3573 3784 μάχη.
3625 3716 3767 3764 Συν-

2117 3801 2354 3872 Οεμένων
2389 3796 2446 3853 δὲ
2482 3804 2589 3854 τῶν
2641 3805 2985 3874 στρατιωτῶν
3027 3800 3344 3863 ἀκολουθεῖν
3398 3798 3614 3853 ὄπισθεν
3647 3804 3765 3853 τῶν

2116 3894 2428 3965 στρατηγῶν
2485 3894 2960 3963 πρωταγωνιστεῖν
3008 3888 3401 3963 καθυπέσχετο,
3456 3888 3542 3941 καὶ
3600 3886 3766 3951 εὐθὺς

2114 3978 2418 4053 ἐξορμήσας
2470 3999 2613 4032 νωτα
2679 3976 2993 4033 δεδωκότων
3056 3983 3163 4033 τῶν
3223 3978 3475 4033 ἐναντίων
3536 3975 3755 4035 ἐδίωκε.

2112 4078 2221 4130 Τοῦ
2278 4072 2334 4129 δὲ
2382 4075 2672 4150 Βρυεννίου
2713 4075 2840 4138 τοὺς
2894 4075 3127 4152 ῥυτῆρας
3173 4075 3429 4151 ἀνασχεῖν
3466 4080 3583 4137 τοῖς
3629 4076 3762 4152 περὶ

2115 4163 2271 4218 αὐτὸν
2328 4162 2812 4239 ἐγκελευσαμένου,
2857 4164 3021 4237 μόνος
3070 4162 3280 4219 διώκων
3344 4164 3371 4219 ὁ
3422 4163 3760 4227 Βασιλάκιος

2111 4252 2267 4323 ἀνοίᾳ
2295 4257 2390 4307 σοῦ
2429 4252 2789 4329 πραχθέντος,
2825 4253 2940 4308 ἐπεὶ
2991 4258 3069 4324 τῷ
3125 4252 3326 4329 χάρακι
3354 4259 3465 4308 τῶν
3504 4253 3767 4308 ἐναντίων

2110 4339 2425 4417 προσέμιξε,
2471 4344 2859 4418 περιπαρέντος
2904 4341 3051 4415 αὐτῷ
3104 4347 3201 4397 τοῦ
3254 4340 3428 4397 ’ίππου
3486 4341 3768 4419 προσέσχε

2109 4436 2178 4506 τῇ
2210 4436 2306 4507 γῇ,
2344 4433 2507 4507 βάρος
2539 4436 2647 4487 τῶν
2680 4429 2865 4486 ὅπλων
2915 4429 3328 4509 ἐπιφερόμενος.
3352 4431 3447 4486 Διὸ
3478 4432 3567 4485 καὶ
3597 4451 3769 4507 περι-

2112 4521 2368 4595 χυθέντες
2420 4521 2471 4574 οἱ
2528 4518 2789 4593 πολέμιοι
2840 4520 3082 4595 αἱροῦσιν
3141 4519 3300 4574 αὑτὸν
3360 4519 3613 4595 ζωγρίαν,
3665 4521 3765 4575 καὶ

340 4602 610 4657 nationes
641 4600 753 4656 sibi
784 4600 1076 4657 inimicas.
1099 4603 1341 4667 Quidam
1365 4618 1497 4658 vero
1526 4605 1748 4675 pedites
1768 4605 1988 4675 egressi

2113 4610 2231 4685 πρὸς
2283 4609 2373 4663 τὸν
2433 4606 2727 4663 σουλτάνον
2780 4608 3060 4684 ἀπάγουσι
3115 4604 3337 4681 δέσμιον
3374 4628 3387 4643 ·
3443 4609 3490 4679 ᾧ
3531 4608 3621 4663 καὶ
3674 4609 3763 4671 εἷς

339 4690 562 4745 Turcos
619 4689 882 4745 occidere
928 4689 1065 4744 telis
1114 4706 1241 4761 quas
1294 4691 1528 4746 eminus
1573 4693 1898 4763 jaciuntur,
1939 4696 1998 4749 et

340 4778 524 4834 armis
562 4779 778 4850 quibus
834 4779 1105 4834 cominus
1164 4784 1484 4851 pugnatur,
1515 4784 1573 4835 et
1621 4785 1938 4853 coegerunt
1966 4796 1998 4837 θ

338 4876 545 4931 castris
591 4875 767 4931 exire.
815 4878 1141 4946 Imperator
1189 4881 1387 4931 autem
1440 4875 1639 4932 missis
1677 4877 1749 4931 ad
1780 4877 1994 4933 Chiliat

339 4964 841 5031 antecursoribus,
860 4964 1040 5018 duces
1062 4963 1162 5033 qui
1185 4964 1301 5018 illic
1323 4970 1490 5019 erant
1513 4965 1583 5018 ad
1608 4982 1669 5019 se
1690 4965 1995 5020 accersivit

344 5069 476 5109 cum
505 5053 690 5125 copiis
713 5069 861 5123 quas
893 5052 1207 5120 habebant,
1237 5052 1436 5106 statim
1470 5052 1713 5123 cupiens
1746 5054 1816 5107 de
1840 5070 1998 5109 sum-

346 5158 442 5196 ma
487 5157 682 5197 rerum
734 5140 932 5213 praalio
988 5141 1311 5207 decertare;
1346 5156 1597 5211 quorum
1651 5148 1996 5213 exspectans

345 5230 630 5285 auxilium
662 5230 881 5285 frustra
911 5233 1143 5298 tempus
1175 5229 1544 5284 conterebat:
1571 5234 1737 5283 erant
1766 5230 1922 5285 enim
1956 5229 1997 5285 ii

344 5320 444 5390 qui
476 5319 835 5390 Pyrrichiam
877 5316 1245 5372 saltationem
1278 5316 1529 5371 maxime
1570 5314 1835 5373 meditati
1869 5320 1993 5374 fue-

340 5412 492 5462 rant.
512 5407 586 5462 Ut
614 5423 747 5463 vero
778 5407 848 5461 de
877 5420 1078 5460 eorum
1113 5403 1327 5460 auxilio
1350 5404 1700 5475 desperavit,
1726 5406 1990 5477 suspica-

338 5500 437 5552 tus
460 5496 660 5568 aliqua
682 5512 741 5550 re
763 5509 862 5550 eos
888 5492 1183 5564 impediri,
1202 5508 1335 5547 cum
1360 5492 1751 5551 familiaribus
1772 5500 1992 5553 statue-

339 5586 441 5641 bat
472 5583 752 5656 postridie
776 5597 1016 5636 manum
1040 5597 1360 5636 conserere.
1386 5582 1699 5653 Ignorabat
1727 5585 1997 5643 videlicet

339 5672 786 5735 Tarchaniotem
808 5685 1040 5745 quoque
1070 5668 1182 5727 sibi
1208 5670 1485 5745 adjuncto
1507 5670 1765 5748 Ruselio,
1791 5674 1890 5748 qui
1920 5676 1994 5735 ad

2107 4700 2230 4770 δψιν
2257 4696 2530 4772 παραστὰς
2553 4695 2677 4751 οὕτε
2723 4697 2796 4759 ὡς
2848 4694 3051 4758 δοῦλος
3093 4693 3201 4766 ἤδη
3232 4695 3493 4773 γεγονὼς,
3526 4694 3649 4751 οὕτε
3682 4696 3766 4761 ὡς

2106 4783 2466 4859 αῗλχμάλωτος
2531 4785 2798 4863 ἀπαχθεὶς
2867 4789 2947 4858 τῷ
3028 4784 3312 4857 σουλτάνῳ
3382 4784 3764 4861 καθυπετάγη.

2107 4871 2262 4931 Ἀλλ’
2300 4874 2423 4929 οὔτε
2453 4876 2481 4929 6
2513 4874 2809 4937 σουλτάνος
2862 4873 2968 4929 εἴτε
3013 4875 3088 4937 ὡς
3119 4871 3303 4947 δούλῳ
3332 4872 3438 4929 εἴτε
3470 4874 3544 4936 ὡς
3576 4873 3768 4948 αἰχμ-

2105 4960 2306 5035 αλώτῳ
2336 4963 2688 5037 προσηνέχθη
2720 4962 2885 5035 αύτῳ,
2934 4966 3177 5038 συνεχῶς
3223 4959 3281 5016 δὲ
3317 4965 3595 5036 παριστῶν
3626 4963 3769 5038 περὶ

2105 5059 2198 5113 τοὺ
2240 5058 2508 5134 βασιλέως
2540 5079 2596 5113 τε
2634 5058 2891 5131 ἐπηρώτα
2944 5060 3031 5113 καὶ
3092 5061 3191 5129 τήν
3248 5059 3439 5114 ἑαυτοῦ
3490 5057 3649 5133 ἰσχὺν
3684 5057 3775 5114 έν.

2104 5145 2413 5203 απεδείκνυε
2441 5148 2530 5201 καὶ
2563 5147 2637 5209 εἰς
2684 5145 2953 5224 ἅῤῥωδίαν
3006 5150 3095 5203 καὶ
3128 5147 3320 5203 πτοίαν
3351 5142 3664 5203 ἐνέϐαλλεν.
3702 5149 3772 5206 '0

2107 5235 2163 5292 δὲ
2192 5239 2365 5292 πάντα
2419 5235 2648 5291 ἐπαινῶν
2703 5237 2792 5291 καὶ
2847 5234 3162 5312 μεγαλύνων
3212 5236 3279 5291 τά
3327 5237 3516 5309 αὑτοῦ,
3559 5237 3622 5291 τὸ
3663 5236 3770 5291 ἀν-

2102 5327 2558 5401 τιπαρατάξασθαι
2620 5322 2835 5399 βασιλεῖ
2884 5325 3171 5398 Ῥωμαίων
3228 5324 3545 5401 ἀσύμφορον
3605 5324 3771 5397 αὐτῷ

2107 5410 2503 5469 συνεϐούλευεν.
2536 5412 2697 5468 Ἀλλ’
2751 5412 2891 5469 οὕτω
2949 5413 3043 5487 μὶν
3099 5415 3256 5476 οὗτος
3288 5433 3302 5447 '
3336 5414 3364 5469 6
3398 5411 3455 5469 δὲ
3499 5413 3772 5490 βασιλεὺς

2105 5502 2457 5579 ἀναγκασθεὶς
2488 5500 2630 5575 ἐξῄει
2665 5502 2799 5575 μετά
2842 5509 2945 5571 τῆς
2997 5500 3201 5573 λοιπῆς
3251 5502 3501 5573 πληθύος
3548 5502 3625 5565 εἷς
3653 5504 3771 5573 τὴν

2104 5596 2210 5647 τῶν
2251 5591 2589 5667 πραγμάτων
2638 5592 2780 5655 θέαν.
2830 5590 3017 5667 Μέχρι
3056 5588 3103 5646 δ’
3162 5591 3391 5666 ἑσπέρας
3450 5589 3539 5647 ἐπί
3586 5612 3767 5649 τινων

2106 5678 2290 5762 λόφων
2322 5678 2513 5750 ἑστὼς,
2552 5677 2772 5759 ἐπείπερ
2821 5680 2920 5737 οὒκ
2964 5681 3079 5755 [ἦν]
3102 5681 3165 5737 τὸ
3215 5681 3766 5757 ἀντικαθιστάμενον,
