4040 6196
212 248 320 306 ΑΞὸ

1741 224 2129 285 HISTORIA.

3513 239 3633 299 426

219 378 536 451 ὑπέστρεψεν
599 372 678 434 είς
738 372 837 440 τὴν
896 361 1411 443 παρεμϐολήν.ῐζαὶ
1468 360 1675 451 αὐτίκα,
1712 377 1868 432 περι·-

2009 364 2399 429 mperatorem
2436 376 2498 416 se
2541 360 2717 417 alacri
2769 363 2965 419 animo
3013 366 3367 437 conferebat,
3403 371 3636 441 cognito

217 448 463 544 χυθὲντες
491 465 545 519 οἱ
574 465 815 535 Τοῦρκοι
843 458 1013 529 τόξων
1063 452 1256 531 βολαῖς
1289 455 1367 528 [Ρ.
1419 452 1545 544 839]
1594 448 1708 544 καὶ.
1739 466 1867 505 παρη

220 536 490 611 ίππεὺσεσι
550 546 722 627 φόϐον
781 549 844 605 οὑ
904 545 1097 621 μικρὸν
1146 548 1215 618 τῇ
1277 544 1501 618 στρατιᾷ
1529 536 1868 627 ἐνεποίησαν,

218 646 353 708 me;
407 646 508 698 τοῦ
565 623 813 717 χάρακος
877 634 1215 726 βιαζόμενοι.
1390 633 1453 699 ἦν
1488 624 1754 726 ἀσέληνος
1784 623 1873 726 6:16

218 740 371 791 ταῦτα
428 732 666 806 ἐγίνετο,
696 729 785 784 καὶ
849 725 1115 802 διάκρισις
1174 721 1393 787 ὀθνείων
1449 718 1539 773 καὶ
1596 718 1872 806 γνωστῶν,

223 802 522 902 φευγόντων
556 819 645 874 καὶ
680 816 986 872 διωκόντων
1021 814 1119 868 οὑκ
1156 812 1246 881 ἦν.
1283 811 1377 866 Διὰ
1434 808 1614 902 πάσης
1673 802 1729 858 δὶ
1785 824 1874 902 νυ-

222 890 335 972 κτὸς
368 910 774 984 περιηχοῦντες
804 905 940 973 ἦσαν
974 902 1243 976 ὑλαγμοῖς
1297 899 1533 970 ἀσήμοις
1564 894 1627 948 τὸ
1658 890 1877 984 στρατός

226 997 402 1065 manv,
442 978 823 1060 ⁷ὡςηὸἱιταντας
869 990 1303 1063 διανυκτερεῦσαι
1351 984 1729 1059 ἠνεοιγμὲνοις
1787 978 1875 1034 καὶ

223 1088 511 1165 ἁγρὺπνοις
540 1090 660 1145 τοῖς
702 1078 935 1155 ὄμμασι.
969 1076 1184 1152 Πρωίας
1244 1073 1301 1131 δὲ
1350 1071 1653 1150 γενομένης
1713 1069 1879 1165 μοῖρά

226 1147 294 1242 τῖξ
322 1176 565 1245 Οὑζικῆ,
590 1170 819 1247 ἔξαρχον
880 1168 1083 1243 ἔχουσα
1109 1169 1297 1241 Ταμῆν
1358 1185 1475 1220 τινα
1532 1161 1703 1222 οὕτως
1756 1158 1877 1213 ὀνο-

233 1266 533 1340 μαζόμενον
587 1261 692 1317 ὑπὸ
737 1259 1008 1335 Τορδικίῳ
1066 1262 1145 1329 τῷ
1206 1255 1474 1331 Κοτὲρτζῇ
1530 1250 1877 1340 ταττόμενον,

228 1337 327 1418 τοῖς
404 1350 675 1412 ἐναντίοις
756 1346 1068 1424 προσεῤῥόη
1107 1365 1120 1378 '
1177 1344 1307 1417 ὅπερ
1392 1344 1494 1397 οὐκ
1553 1340 1630 1401 εἰς
1681 1337 1876 1412 μικρὰν

231 1443 457 1511 ἀγωνίαν
535 1441 663 1502 τοὺς
742 1437 1052 1511 Ῥωμαίους
1138 1429 1412 1500 ἐνέϐαλεν,
1483 1426 1881 1487 ὑποπτεύοντας

228 1498 303 1589 καὶ
353 1534 421 1586 τὸ
473 1528 671 1585 λοιπὸν
729 1498 879 1589 ἔθνος
939 1526 1015 1589 ὡς
1093 1523 1386 1597 πολέμιον.
1445 1520 1603 1580 Tw};
1662 1514 1719 1571 δὶ
1774 1519 1882 1569 τῶν

230 1626 394 1692 πεζῶν
458 1618 690 1690 ἐξιόντες
747 1615 1003 1690 Τοῦρκων
1056 1612 1267 1669 ἀνεῖλον
1332 1607 1582 1670 πολλοὺς
1668 1604 1879 1682 βὲλεσιν

230 1706 517 1783 ὶκηεό).οις
573 1708 663 1763 καὶ
722 1703 1073 1782 ἀγχεμάχοις
1131 1693 1759 1799 ἀμυντηρίοιςυόπλριςλ
1791 1692 1879 1748 καὶ
1917 1733 1960 1799 Β

234 1810 318 1871 τῆς
374 1792 743 1876 παρεμϐολῆς
800 1794 1052 1864 ἱκστῆναι
1109 1791 1457 1864 παρὲπεισαν.
1498 1788 1562 1844 Ὀ
1619 1783 1677 1841 δὲ
1729 1784 1881 1888 βατι-

238 1891 351 1953 λευς
409 1885 805 1964 ταχυδρόμους
890 1881 1214 1945 ἀποστείλας
1270 1880 1349 1941 εἷς
1404 1879 1467 1934 τὸ
1537 1876 1882 1964 Χλίατᾼτοὺς

244 1980 404 2037 ἰκεῖσε
454 1960 734 2053 ἦγεμόνας
767 1972 948 2029 ἐκάλει
986 1973 1119 2046 μετὰ
1173 1975 1280 2025 τῶν
1345 1969 1433 2024 ὑπ’
1470 1964 1665 2027 αὐτοὺς
1723 1960 1884 2017 δυνά-

247 2090 399 2144 μεων,
430 2051 741 2143 παραυτίκα
783 2062 957 2128 θίλων
1004 2061 1328 2159 ,ἆγχῖεμᾶγθῳ
1378 2051 1885 2159 πολεμιμιδιακρηῖ-

245 2181 319 2213 ναι
398 2159 470 2212 τὰ
548 2154 864 2232 πράγματα.
923 2150 1021 2206 Καὶ
1100 2148 1380 2223 ἀναμένων
1442 2148 1541 2216 τὴν
1601 2143 1650 2217 ἐξ
1711 2143 1885 2197 αὐτῶν

249 2248 496 2322 βοήθειαν
522 2230 618 2299 τὸν
676 2241 865 2316 καιρὸν
922 2235 1219 2308 τηνάλλως
1275 2230 1503 2309 ἕτριόενο
1534 2234 1669 2303 ἦσαν
1701 2233 1804 2322 γὰρ
1837 2230 1889 2285 oi.

244 2321 336 2390 τῶν
371 2332 584 2390 ἄλλωνἹ
619 2330 854 2404 μάλιστα
909 2329 1009 2397 τὴν
1065 2326 1360 2403 πυῤῥίχιον
1394 2321 1893 2397 ἐκμεμελετηκότες

249 2421 492 2499 ὄρχησιν.
524 2423 613 2483 ’Θς
645 2418 693 2475 δ’
713 2417 1012 2495 ἀπεγνώκει
1040 2418 1139 2487 τὴν
1180 2416 1284 2470 ἀπὸ
1342 2413 1547 2469 τούτων
1611 2412 1889 2487 βοήθειαν,

246 2511 472 2584 κώλυμά
527 2532 581 2565 τι
643 2509 776 2563 εἶναι
838 2504 1176 2567 ὑποπτεύσας
1252 2503 1534 2559 ἐσκέπτετο
1596 2500 1728 2575 μετᾶ
1783 2502 1889 2553 τῶν

250 2601 508 2656 συνόντων
566 2598 642 2660 εἷς
692 2600 790 2667 τήν
851 2594 1128 2671 ὑστεραίαν
1188 2592 1625 2669 διαγωνίσασθαι.
1682 2588 1892 2663 Ἰἶγνόει

253 2688 301 2745 δὲ
329 2689 427 2766 ἄρα
455 2690 531 2751 ὡς
561 2690 590 2743 6
618 2684 1042 2763 Ταρχανειώτης
1074 2682 1407 2758 παραπείσας
1462 2682 1549 2735 καὶ
1608 2680 1699 2734 τὸν
1739 2680 1895 2735 Ῥου-

252 2779 424 2835 σὲλιον
482 2776 756 2833 συνελθεῖν
810 2780 889 2848 τῷ
951 2773 1168 2850 βασιλεῖ
1197 2769 1673 2850 προθυμοὺμενον,
1710 2769 1893 2842 μαΟὼν

254 2871 343 2939 τὴν
368 2873 468 2925 τοῦ
504 2865 806 2922 σουλτάνου
868 2862 1046 2939 ἄφιξιν
1099 2865 1187 2918 καὶ
1242 2864 1339 2933 τήν
1401 2860 1567 2916 αὐτοῦ
1615 2858 1750 2913 κατὰ
1799 2860 1896 2912 τοῦ

258 2958 521 3035 βασιλέως
583 2952 885 3027 ἐπέλευσιν,
916 2950 1046 3029 ἄρας
1094 2952 1222 3014 τοὺς
1281 2952 1415 3030 ἀμφ’
1446 2948 1605 3004 αὑτὸν
1660 2948 1897 3007 ἅπαντας

256 3045 335 3102 διὰ
378 3054 480 3116 τῆς
534 3043 961 3117 Μεσοποταμίας
1021 3042 1194 3121 φυγὰς
1254 3040 1482 3116 ἀγεννῶς
1538 3036 1613 3099 εἷς
1667 3035 1900 3091 τὰῬω-

258 3106 446 3210 μαίων.
467 3106 734 3203 ⁷ἐνέϐαλε,
799 3106 1008 3206 essm
1034 3106 1044 3121 Ι
1066 3106 1232 3205 λόγον
1288 3106 1385 3184 τοῦ
1441 3125 1725 3193 δεσπότου,
1758 3127 1896 3198 μήτε
1926 3106 1969 3174 Ο

254 3226 353 3297 μὴν
380 3229 479 3280 τοῦ
508 3223 717 3285 εῗκῦτος
748 3224 775 3277 6
808 3219 1045 3282 δείλαιος
1089 3219 1477 3291 ποιησάμενος.
1510 3217 1570 3273 Ὀ
1624 3218 1751 3289 γοῦν
1803 3214 1898 3281 βα-

253 3312 429 3376 σιλεὺς
480 3313 620 3367 κατὰ
675 3312 737 3366 τὸ
795 3309 1170 3386 συγκείμενον,
1218 3308 1317 3376 τήν
1378 3306 1452 3367 εἷς
1504 3306 1593 3359 τὸν
1652 3302 1898 3376 πόλεμον

250 3402 594 3479 παρασκευὴν
642 3400 696 3464 ἐς
750 3402 847 3470 τὴν
903 3395 1086 3475 αὔριον
1166 3395 1453 3473 ἐξαρτύσας
1509 3396 1577 3449 τὰ
1630 3394 1748 3448 κατ’
1804 3390 1901 3446 αὑ-

250 3495 340 3547 τὸν
370 3491 699 3557 διετάττετο,
731 3485 809 3543 ἔτι
861 3491 957 3557 τῆς
1015 3484 1291 3561 βασιλείου
1333 3486 1537 3554 σκηνῆς
1596 3481 1743 3543 ἐντὸς
1775 3491 1903 3543 καθ-

257 3579 567 3653 ιστάμενος,
600 3577 764 3631 ὁπότε
809 3575 993 3630 καὶτὸ
1050 3572 1110 3628 ὲκ
1162 3577 1272 3627 τῶν
1335 3571 1596 3625 συνόντων
1658 3571 1905 3635 Σκυθῶν,

254 3674 358 3722 τῶν
399 3667 617 3737 Οὔζων,
651 3663 819 3739 φημὶ,
853 3660 973 3726 δέος
1027 3659 1426 3737 ἀφαιρούμενος
1485 3658 1633 3734 ὅρκῳ
1689 3658 1909 3725 συνήθει

261 3765 361 3827 τῆς
392 3759 566 3825 αὐτῆς
595 3753 883 3829 θρησκείας
942 3751 1099 3807 αὑτὸν
1159 3748 1618 3828 κατησφαλίσατο.
1652 3748 1737 3803 Ἐν
1797 3744 1909 3817 ὅσῳ

264 3844 319 3900 ὃὶ
376 3846 443 3900 τὰ
494 3847 723 3899 τοιαῦτα
782 3840 1071 3917 ὶπράττετο
1148 3839 1238 3894 καὶ
1295 3839 1347 3893 οἳ
1406 3840 1728 3911 στρατιῶται
1776 3834 1912 3889 κατὰ

263 3936 432 4006 ταξεις
465 3934 555 3988 καὶ
589 3932 797 4007 λόχους
826 3930 1044 3985 ἐπὶτῶν
1081 3928 1265 3983 ’ίππων
1325 3926 1604 4005 ἐφίσταντο
1662 3919 1911 3992 ἔνοπλοι,

261 4018 514 4095 πρεσϐεις
571 4021 706 4090 ἧκον
766 4018 825 4074 ἐκ
874 4023 971 4073 τοῦ
1003 4016 1300 4073 σουλτάνου
1328 4018 1427 4083 την
1460 4015 1681 4088 εἷρήνην
1734 4014 1913 4089 ἀμφο-

258 4113 438 4187 τίροις
498 4106 1045 4184 ἐπικηρυκευόμενοι.
1106 4107 1168 4163 Ὁ
1227 4102 1284 4160 δὲ
1366 4104 1619 4181 βασιλεὺς
1702 4101 1915 4176 ἐδέξατο

263 4202 359 4275 μὶν
424 4199 617 4262 αὐτοὺς
676 4199 767 4253 καὶ
823 4197 1001 4272 λόγων
1053 4195 1237 4257 αὐτοῖς
1268 4195 1358 4250 καὶ
1390 4194 1573 4267 νόμων
1632 4198 1739 4248 τῶν
1787 4214 1917 4267 πρε-

265 4286 541 4364 σϐυτέρων
587 4284 912 4361 μετέδωκεν,
946 4287 1008 4341 οὑ
1038 4286 1177 4341 πάνυ
1232 4284 1289 4341 δὲ
1334 4284 1560 4346 τούτους
1605 4282 1921 4361 φιλανθρώ-

263 4401 383 4441 πως
418 4376 653 4451 ἐδξξατο.
689 4378 884 4451 ’Ὁμως
911 4373 959 4431 δ’
988 4375 1078 4431 οὖν
1120 4373 1497 4438 συνεπινεὺσας
1547 4373 1637 4428 καὶ
1693 4372 1918 4445 σταυρὸν

1978 446 2208 501 Sultani
2236 449 2515 505 adversus
2542 452 2953 523 imperatorem
3007 456 3251 510 adventu
3277 474 3413 512 cum
3445 461 3634 515 omni-

1980 535 2090 590 bus
2114 535 2238 591 suis
2262 554 2363 608 per
2380 538 2864 612 Mesopotamiam
2878 542 3031 598 haud
3052 543 3300 617 gloriose
3315 547 3634 618 fugientem

1979 623 2037 679 in
2089 625 2483 682 Romanorum
2537 630 2833 701 regionem
2868 632 3176 701 invasisse,
3234 635 3397 691 nulla
3447 654 3636 708 neque

1981 714 2204 769 domini
2224 716 2314 771 sui
2335 734 2523 789 neque
2552 718 2780 775 honesti
2808 720 3009 776 habita
3032 724 3276 779 ratione.
3310 730 3637 796 Imperator

1983 803 2185 875 igitur,
2221 808 2283 859 ut
2309 807 2712 876 constituerat,
2747 810 2898 865 696
2932 811 3216 868 instructo
3247 814 3318 869 ad
3369 814 3635 886 praelium

1984 893 2043 947 in
2080 899 2375 964 posterum
2424 897 2579 952 diem
2613 900 2892 967 exercitu,
2926 918 3063 957 suas
3096 919 3185 957 res
3226 904 3635 975 componebat,

1986 983 2346 1039 adhucintra
2360 985 2575 1057 regiun:
2596 988 3028 1044 tabernaculum
3045 990 3639 1065 consistens,quando

1988 1088 2021 1126 a
2051 1071 2307 1143 Scythis,
2342 1073 2473 1130 Uzis
2502 1075 2766 1146 inquam,
2803 1078 2900 1148 qui
2933 1094 3065 1135 cum
3099 1080 3228 1151 ipso
3267 1086 3451 1150 erant,
3482 1087 3640 1138 metu

1988 1160 2293 1229 liberatus,
2329 1165 3008 1235 consuetojurejurando
3031 1167 3218 1237 ipsum
3250 1171 3638 1227 conﬁrmavit.

1989 1248 2215 1305 Interea
2248 1251 2386 1306 dum
2423 1252 2544 1307 haec
2597 1254 2803 1309 ﬁerent
2832 1260 2889 1310 et
2920 1256 3137 1313 milites
3195 1263 3252 1314 et
3300 1261 3537 1317 ordines
3571 1278 3639 1317 ac

1991 1337 2276 1409 manipuli
2328 1341 2536 1395 armati
2583 1342 2640 1396 in
2673 1343 2843 1414 equis
2887 1346 3298 1415 consisterent,
3332 1366 3365 1403 a
3396 1348 3641 1406 Sultano

1987 1425 2160 1497 legati
2215 1444 2443 1499 venere,
2477 1430 2577 1501 qui
2626 1448 2825 1502 pacem
2870 1434 3136 1506 utrisque
3179 1436 3638 1509 annuntiarent;

1993 1532 2141 1587 quos
2172 1516 2410 1588 quidem
2443 1517 2764 1591 imperator
2792 1522 3469 1596 excepit,etcolloquium
3495 1527 3640 1599 ipsis

1993 1607 2316 1662 secundum
2344 1607 2769 1681 legationisjus
2794 1612 3126 1684 impertitus
3148 1618 3256 1682 est,
3297 1634 3411 1673 non
3443 1621 3642 1674 tamen

1992 1711 2090 1751 eos
2114 1696 2365 1768 benigne
2386 1701 2443 1753 et
2468 1699 2723 1755 humane
2743 1701 3028 1757 tractavit.
3064 1703 3475 1762 Verumtamen
3506 1724 3640 1764 cum

1993 1786 2455 1855 consensissent,
2488 1804 2719 1844 crucem
2751 1788 2868 1844 illis
2897 1790 3155 1861 tradidit,
3188 1811 3303 1865 qua
3333 1796 3644 1852 ostenden-

1994 1874 2069 1928 da
2117 1878 2547 1931 reverterentur
2601 1877 2929 1934 incolumes
2988 1884 3044 1935 et
3102 1881 3287 1950 illaesi,
3321 1901 3354 1939 a
3402 1885 3646 1940 Sultano

1994 1979 2277 2034 responsa
2304 1967 2641 2022 referentes.
2659 1968 2922 2040 Speravit
2944 1969 3096 2024 enim
3121 1971 3418 2043 insperato
3441 1974 3647 2030 nuntio

1996 2052 2205 2123 elatus,
2238 2053 2358 2110 fore
2390 2060 2454 2110 ut
2484 2055 2765 2112 Sultanus
2798 2058 2996 2114 relicto
3038 2061 3271 2132 proprio
3320 2068 3648 2119 castrorum

2000 2142 2123 2197 loco
2148 2142 2395 2198 ulterius
2422 2161 2770 2216 progressus
2795 2151 2986 2203 castra
3011 2153 3270 2220 poneret,
3304 2156 3361 2206 et
3392 2152 3516 2223 ipse
3548 2170 3649 2208 eo-

2000 2232 2130 2286 dem
2183 2231 2238 2285 in
2294 2232 2416 2287 loco
2469 2234 2565 2288 ubi
2620 2235 2782 2305 prius
2842 2235 3124 2293 Sultanus
3174 2240 3383 2295 fuisset
3429 2242 3648 2297 vallum

2000 2324 2455 2390 construeret,et
2478 2326 2615 2378 tunc
2638 2324 2707 2379 ad
2738 2327 3224 2382 consentiendum
3256 2329 3365 2384 sibi
3401 2334 3457 2386 et
3488 2331 3650 2402 pacis

2003 2410 2193 2466 fmdus
2220 2412 2663 2481 percutiendum
2698 2416 3033 2483 accederet;
3068 2434 3256 2490 neque
3286 2418 3651 2476 animadver-

2002 2500 2074 2555 tit
2096 2515 2158 2554 se
2181 2517 2297 2572 prae
2321 2501 2501 2556 animi
2540 2501 2791 2558 elatione
2813 2504 3113 2560 victoriam
3137 2506 3405 2563 hostibus
3437 2525 3648 2565 conce-

2005 2590 2160 2656 dere,
2196 2592 2694 2661 quemadmodum
2731 2593 2768 2647 ii
2798 2594 2895 2663 qui
2939 2594 3080 2649 talia
3111 2600 3379 2653 accurate
3426 2598 3650 2654 exami-

2003 2687 2144 2735 nant
2174 2681 2457 2751 conjicere
2480 2698 3008 2747 consuevere,cum
3034 2684 3294 2741 misisset
3325 2687 3437 2759 ipsi
3466 2686 3648 2744 telum

2007 2771 2163 2841 quod
2197 2771 2445 2826 maxime
2495 2771 2563 2826 ad
2616 2772 2921 2828 victoriam
2975 2773 3225 2845 pertinet
3271 2781 3327 2832 et
3373 2776 3534 2833 illius
3565 2784 3656 2835 est

2006 2858 2598 2931 symbolum,crucem
2622 2860 2909 2917 videlicet.
2929 2862 3198 2919 Nondum
3227 2865 3399 2921 finem
3424 2866 3655 2938 habuit,

2008 2964 2195 3019 neque
2247 2948 2573 3020 legatorum
2624 2954 2991 3022 exspectatus
3044 2952 3229 3008 fuerat
3261 2954 3569 3025 adventus,
3601 2961 3659 3013 et

2010 3037 2249 3109 quidam
2283 3053 2351 3092 ex
2381 3038 2450 3092 iis
2487 3038 2583 3109 qui
2621 3039 2870 3094 maxime
2902 3040 3221 3097 familiares
3271 3048 3439 3100 erant
3467 3046 3656 3118 impeo

2010 3126 2266 3193 ratori,ei
2299 3128 2652 3198 persuadent
2700 3132 2764 3184 ut
2796 3146 2996 3200 pacem
3030 3130 3304 3202 negligat,
3338 3134 3507 3204 quasi
3537 3151 3657 3189 rem

2009 3234 2137 3289 quae
2178 3216 2468 3272 mendacii
2518 3217 2675 3272 haud
2726 3235 2930 3289 expers
2971 3219 3288 3291 decepture
3336 3222 3415 3276 sit
3462 3223 3659 3294 potius

2012 3323 2185 3377 quam
2218 3305 2487 3361 utilitatis
2508 3306 2729 3377 aliquid
2756 3308 2904 3362 697
2949 3306 3233 3363 allatura:
3259 3308 3467 3366 timere
3497 3311 3656 3367 enim

2011 3395 2463 3467 suspicabantur
2491 3395 2824 3466 Sultanum,
2858 3398 3011 3468 quod
3048 3415 3159 3452 non
3192 3398 3433 3456 idoneas
3460 3402 3658 3473 c0pias

2013 3485 2275 3553 haberet,
2309 3485 2408 3539 sed
2434 3490 2768 3555 exspectare
2789 3501 2887 3540 eos
2919 3486 3019 3557 qui
3042 3503 3074 3541 a
3095 3491 3256 3559 tergo
3288 3489 3661 3561 insequeren-

2014 3578 2197 3643 tur,et
2221 3575 2459 3628 obtentu
2496 3575 2654 3645 pacis
2676 3580 2907 3647 tempus
2940 3576 3191 3633 differre.
3228 3578 3313 3633 Illi
3345 3579 3526 3651 igitur
3554 3581 3653 3651 qui

2016 3680 2148 3720 cum
2195 3662 2433 3717 Sullano
2464 3669 2629 3719 erant
2676 3682 2777 3735 per
2805 3681 2869 3720 se
2901 3665 3146 3722 reversis
3177 3666 3383 3739 legatis
3415 3670 3485 3724 de
3518 3687 3657 3742 pace

2018 3752 2783 3825 colloquebantur,eamque
2806 3754 3046 3811 omnino
3069 3754 3355 3828 integram
3380 3758 3504 3813 ﬁeri
3536 3764 3661 3814 stu-

2020 3843 2258 3898 debant.
2292 3842 2610 3913 Imperator
2628 3846 2822 3897 autem
2842 3860 2958 3898 non
2976 3844 3197 3900 indicto
3222 3862 3324 3918 per
3341 3864 3662 3919 praeconem

2022 3931 2193 3998 bello,
2227 3948 2363 3986 cum
2397 3930 2710 3986 classicum
2744 3931 3073 4003 cecinisset,
3106 3938 3321 3991 temere
3352 3935 3666 3991 clamorem

2024 4020 2283 4076 sustulit.
2309 4022 2443 4085 Quae
2476 4019 2631 4075 fama
2656 4036 2787 4074 cum
2822 4021 2891 4075 ad
2928 4020 3125 4077 hostes
3158 4025 3537 4095 pervenisset,
3572 4041 3671 4081 eos

2027 4110 2275 4166 maxime
2325 4108 2590 4179 perculit.
2621 4107 2709 4162 Illi
2768 4108 2947 4181 igitur
3004 4109 3294 4168 instructa
3336 4118 3393 4168 et
3446 4119 3673 4170 armata

2025 4198 2219 4254 inutili
2238 4196 2618 4251 multitudine
2637 4197 2880 4253 ulterius
2894 4200 3486 4270 progrediebantur.A
3511 4208 3673 4275 tergo

2027 4305 2163 4345 vero
2188 4286 2330 4341 aciei
2355 4286 2425 4341 ad
2450 4285 2713 4357 prelium
2734 4286 3034 4343 instructas
3053 4290 3305 4359 speciem
3322 4292 3675 4361 praebebant.

2030 4377 2143 4433 Sed
2176 4375 2365 4447 magis
2397 4374 2481 4428 illi
2514 4374 2585 4428 ad
2627 4375 2969 4446 fugiendum
3022 4377 3487 4450 concitabantur,
3522 4381 3679 4453 quod

262 4468 457 4529 αὑτοῖς
503 4464 827 4522 ἰπιδὲδωκεν
875 4467 1013 4538 (:4),
1056 4462 1149 4519 'iva
1194 4467 1263 4538 τῇ
1308 4461 1563 4533 ἱπιδείξει
1622 4457 1898 4517 ἀϐλαϐλεῖη

2033 4466 2295 4521 viderent
2314 4468 2708 4519 Romanorum
2729 4463 3051 4537 phalanges
3089 4466 3410 4525 instructas
3432 4470 3501 4525 ad
3534 4487 3679 4542 prae-

268 4558 409 4630 πρὸς
470 4556 626 4611 αὑτὸν
687 4555 1089 4630 ὑποστρέψωσι,
1147 4553 1471 4627 κομίζοντες
1538 4549 1797 4627 ἀγγελίας
1862 4546 1923 4611 ἃς

266 4645 327 4699 ἂν
386 4643 455 4699 ἐκ
506 4648 600 4699 τοῦ
658 4642 959 4699 σουλτάνου
1007 4643 1291 4697 πύθοιντο.
1346 4638 1634 4710 Δεδήλωκε
1688 4638 1787 4715 γὰρ
1846 4642 1926 4710 τῷ

270 4732 582 4807 ἀνελπίστῳ
636 4737 737 4787 τοῦ
794 4730 1113 4805 μηνύματος
1171 4730 1443 4806 ἐπαρθεὶς,
1471 4726 1540 4781 τίν’
1570 4728 1597 4781 6
1629 4726 1925 4787 σουλτάνος

263 4822 591 4879 καταλιπὼν
626 4822 720 4876 τὸν
748 4823 917 4877 τόπον
948 4823 1047 4890 τῆς
1108 4819 1247 4881 ἰδίας
1292 4813 1652 4894 παρεμϐολῆς
1711 4815 1927 4892 πόρᾗω-

266 4912 417 4986 τέρω
454 4907 1001 4987 στρατοπεδεύσηται,
1034 4910 1061 4963 6
1095 4906 1152 4963 δὲ
1200 4906 1454 4983 βασιλεὺς
1511 4905 1561 4960 ἐν
1611 4904 1796 4977 ἐκείνῳ
1852 4909 1931 4975 τῷ

268 5002 433 5075 τόπῳ
469 5001 525 5063 ’ὸς
555 5003 644 5056 τὸν
706 4999 1003 5055 σουλτάνον
1064 4998 1180 5073 εἶχε
1232 4997 1495 5073 πρότερον
1556 4994 1929 5068 ἐπικαταπήξῃ

268 5091 366 5146 τὸν
442 5090 675 5166 χάρακα,
720 5093 804 5163 [Ρ.
854 5091 981 5161 840]
1037 5091 1334 5158 τηνικαῦτα
1386 5085 1524 5155 πρὸς
1579 5078 1934 5155 συμϐιϐάσεις

268 5180 430 5251 αὐτῷ
464 5182 740 5255 χωρήσας.
774 5176 977 5241 Ἔλαθε
1004 5174 1062 5231 Si
1096 5177 1195 5246 τὴν
1238 5176 1391 5246 νίκην
1443 5174 1547 5229 ὑπὸ
1608 5172 1933 5251 ὑψηλοφρο-

262 5269 441 5339 σὺνης
470 5272 580 5331 τοῖς
630 5266 898 5329 ἐναντίοις
948 5264 1405 5339 καταπροέμενος,
1440 5263 1621 5328 καθὼς
1691 5263 1748 5316 οἱ
1805 5263 1931 5339 περὶ

2035 4555 2182 4611 lium
2208 4553 2412 4608 ordine
2444 4553 2731 4624 progredi.
2767 4554 2836 4608 Et
2866 4552 2949 4607 illi
2981 4554 3218 4625 quidem
3274 4562 3429 4614 retro
3460 4576 3687 4632 proces-

2036 4643 2594 4713 serunt.Imperator
2613 4645 2808 4696 autem
2834 4658 2962 4696 cum
2988 4642 3147 4698 omni
3171 4645 3426 4702 exercitu
3458 4664 3491 4703 a
3522 4653 3687 4719 tergo

2034 4732 2197 4805 ipsos
2247 4735 2589 4802 persecutus
2638 4733 2745 4799 est,
2796 4731 2988 4801 quoad
3039 4733 3228 4788 noctis
3275 4737 3684 4807 crepusculum

2039 4820 2288 4877 advenit.
2324 4820 2467 4875 Cum
2490 4819 2813 4891 imperator
2837 4820 3203 4877 adversarios
3227 4839 3340 4878 non
3364 4823 3690 4896 habuisset,

2041 4928 2228 4982 neque
2251 4909 2351 4981 qui
2376 4908 2486 4963 sibi
2514 4907 2767 4980 oppositi
2798 4912 3693 4987 repugnarent,offendissetque

2040 5016 2222 5055 vacua
2244 5016 2277 5054 a
2300 4998 2587 5052 militibus
2623 5000 2814 5051 castra
2839 5001 2895 5052 et
2921 5015 2952 5051 a
2982 5000 3350 5069 custodibus,
3384 5004 3537 5073 quod
3570 5004 3693 5058 ido-

2043 5105 2150 5145 neo
2182 5104 2426 5143 numero
2458 5085 2656 5141 minus
2688 5086 3032 5157 abundaret,
3058 5092 3122 5142 ut
3153 5094 3347 5160 posset
3380 5092 3458 5146 ibi
3494 5092 3699 5164 praesi-

2043 5178 2140 5232 dia
2172 5176 2522 5246 relinquere,
2571 5175 2779 5231 statuit
2831 5175 2981 5230 haud
3038 5177 3295 5249 amplius
3339 5196 3468 5236 esse
3501 5197 3701 5253 perse-

2046 5266 2371 5337 quendum,
2404 5281 2475 5320 ne
2506 5280 2568 5320 se
2599 5264 3060 5337 incompositum
3083 5264 3281 5323 Turcaa
3314 5271 3704 5344 aggrederen-

1590 5398 1835 5456 JACOBI
1879 5400 2104 5457 GOARI
2144 5399 2380 5458 NOTAE.

333 5502 465 5575 (24)
498 5500 750 5575 Qualiter
778 5518 924 5559 crux
954 5500 1015 5556 in
1047 5498 1253 5556 charta
1281 5498 1513 5572 depicta
1543 5500 1622 5557 sit
1650 5498 1786 5556 ﬁdei
1817 5499 1966 5557 datae
1999 5499 2213 5573 pignus
2234 5502 2292 5555 et
2313 5497 2706 5570 jurisjurandi
2742 5499 3103 5572 symbolum,
3137 5506 3280 5558 nota
3327 5504 3400 5560 ad
3450 5497 3701 5559 Cedreni

269 5574 486 5650 p.527
516 5574 823 5632 edisserui.
1210 5604 1217 5609 -

609 5702 873 5764 Ριτιιοι..
921 5700 1034 5763 GI.
1084 5698 1323 5762 CXXII.

3310 5699 3390 5761 14
