4040 6196
399 265 515 327 427

1742 264 2069 327 JOANNIS
2114 263 2518 324 SCYLlTZ/E

3701 268 3820 328 428

399 404 516 467 tur,
569 397 747 454 simul
801 397 1203 470 considerans,
1262 400 1311 455 si
1362 399 1616 472 amplius
1656 400 2032 453 cunctaretur

2165 393 2232 447 τὰ
2288 398 2510 449 τοιαῦτα
2569 388 2974 471 διακριϐοὖντες
3027 391 3425 468 συμϐάλλουσι,
3482 399 3546 452 τὸ
3603 421 3817 471 νικητι-

401 489 514 546 sibi
539 493 1023 560 superventuram
1060 494 1312 556 noctem,
1334 493 1392 544 et
1418 493 1559 544 tunc
1581 489 1804 544 Turcos
1829 486 2063 542 eminus

394 579 684 652 jaoientes
715 595 744 634 e
776 578 914 650 fuga
955 580 1265 634 redituros.
1300 577 1402 633 His
1434 578 1504 632 de
1535 577 1752 647 causis,
1784 592 2060 631 converso

401 667 561 740 regio
593 667 786 739 signo,
823 667 1093 739 praecepit
1124 666 1338 722 milites
1386 667 1591 721 redire.
1627 669 1844 720 Verum
1881 665 1921 720 ii
1954 663 2058 736 qui

402 756 606 830 procul
639 756 791 812 698
821 755 1140 828 phalanges
1171 755 1486 822 habebant,
1519 754 1844 827 conspicati
1887 753 2059 824 signa

403 854 556 903 retro
603 863 884 902 conversa
930 845 1155 901 cladem
1217 846 1286 900 ab
1345 845 1698 918 imperatore
1756 849 2055 916 acceptam

403 936 685 1007 suspicati
711 940 998 991 sunt.lmo
1021 951 1152 990 vero
1168 935 1406 1007 quidam
1425 935 1577 990 exiis
1600 936 1701 1006 qui
1717 935 1764 990 ei
1789 935 2054 999 aderant,

399 1023 773 1079 Andronicus
831 1023 1074 1078 Caesaris
1133 1023 1685 1096 ﬁliusimperatoris
1749 1021 2051 1094 patruelis,

399 1117 534 1168 ante
563 1112 882 1168 meditatus
915 1112 1185 1180 insidias,
1223 1111 1349 1184 ipse
1380 1129 1483 1184 per
1511 1130 1574 1168 se
1605 1111 1780 1168 talem
1833 1111 2050 1166 famam

397 1202 828 1272 disseminavit,
850 1204 1060 1256 etcum
1086 1202 1377 1257 militibus
1401 1219 1548 1273 quos
1571 1201 1823 1257 habebat
1843 1200 1954 1256 cito
1979 1201 2048 1255 ad

394 1294 589 1346 castra
611 1307 674 1346 se
695 1290 983 1360 contulit;
1009 1307 1182 1361 quem
1225 1291 1434 1362 reliqui
1475 1307 1709 1363 quoque
1732 1289 1946 1344 imitati
1977 1289 2047 1344 ad

393 1395 580 1434 unum
608 1394 813 1435 omnes
844 1380 1064 1450 fugere.
1099 1382 1424 1451 Imperator
1447 1385 1640 1434 autem
1674 1379 2048 1450 conspicatus

394 1468 452 1524 id
493 1470 645 1541 quod
682 1474 902 1525 temere
933 1470 1117 1538 fieret,
1151 1485 1389 1525 suorum
1426 1469 1646 1541 fugam,
1681 1475 1746 1525 ut
1775 1486 1902 1525 mos
1934 1474 2042 1536 est,

398 1573 497 1613 eos
522 1574 822 1626 revocans,
857 1557 1103 1613 sistebat
1127 1576 1140 1614 :
1166 1574 1369 1613 verum
1395 1575 1566 1614 nemo
1589 1557 1866 1613 obediens
1897 1560 2044 1611 erat.

394 1645 726 1701 Adversarii
749 1662 882 1702 vero
905 1645 966 1701 in
989 1645 1238 1702 tumulis
1259 1646 1666 1712 consistentes,
1701 1663 1835 1700 cum
1867 1644 2040 1701 vidis-

394 1745 524 1795 sent
547 1739 601 1794 id
627 1741 780 1809 quod
817 1739 974 1796 nulla
1014 1740 1237 1796 ratione
1277 1741 1459 1812 ﬁeret,
1491 1745 1727 1811 repente
1759 1740 2044 1796 Romano-
2072 1769 2120 1834 B

393 1845 525 1884 rum
559 1829 948 1884 infortunium
980 1829 1223 1884 Sultano
1272 1831 1535 1885 studiose
1568 1830 1908 1886 renuntiant
1942 1847 1954 1884 :
1987 1833 2043 1884 et

393 1919 464 1974 ad
487 1919 846 1974 redeundum
871 1919 1186 1987 concitant,
1207 1921 1423 1991 quippe
1441 1920 1561 1990 jam
1585 1924 1640 1975 et
1663 1919 1787 1991 ipse
1811 1919 2041 1991 fugiens

389 2025 423 2063 a
453 2008 578 2062 suis
598 2008 806 2064 castris
828 2007 1028 2079 procul
1052 2009 1276 2063 aberat.
1307 2009 1522 2064 Statim
1547 2009 1727 2081 igitur
1767 2025 1901 2064 cum
1921 2008 2042 2063 'im-

388 2102 654 2170 peratore
683 2115 813 2154 acre
846 2098 1109 2168 praelium
1145 2098 1345 2154 initur.
1378 2106 1637 2171 Cumque
1667 2116 1806 2155 suos
1829 2098 2043 2170 jussis-

387 2192 476 2243 set
528 2187 770 2243 minime
799 2188 1002 2244 cedere
1052 2203 1242 2260 neque
1274 2188 1529 2243 molliter
1559 2188 1780 2260 aliquid
1829 2188 2038 2258 facere,

388 2277 490 2332 sed
522 2282 793 2333 strenuos
823 2283 882 2332 et
911 2277 1088 2332 fortes
1118 2277 1273 2333 viros
1304 2294 1366 2333 se
1398 2278 1675 2348 praebere,
1695 2277 2038 2349 aliquandiu

388 2365 619 2421 fortiter
647 2366 880 2421 restitit.
913 2365 1025 2421 Sed
1065 2383 1198 2422 cum
1230 2366 1464 2421 interim
1498 2366 1596 2422 alii
1629 2372 1789 2422 extra
1820 2366 2038 2422 vallum

389 2453 982 2526 fugerent,explorata
1015 2455 1170 2510 fama
1200 2456 1399 2510 minus
1423 2455 1794 2521 audiebatur,
1820 2455 2037 2527 quippe

390 2559 524 2598 cum
543 2542 641 2598 alii
664 2543 821 2598 aliud
848 2544 1207 2611 nuntiarent,
1242 2543 1301 2598 hi
1325 2543 1570 2611 cladem,
1606 2543 1690 2598 illi
1712 2544 2036 2614 victoriam,

389 2638 448 2687 et
483 2633 734 2687 obscura
771 2637 947 2702 atque
976 2631 1199 2688 incerta
1237 2633 1632 2702 dissererent;
1668 2634 1822 2704 quod
1858 2632 2035 2688 etiam

389 2736 457 2775 ex
489 2719 930 2791 Cappadocibus
961 2720 1145 2791 aliqui
1175 2737 1278 2792 per
1307 2721 1498 2776 tribus
1547 2725 1601 2776 et
1640 2721 1834 2777 curias
1877 2722 2036 2777 abire

388 2813 775 2879 coeperunt,et
807 2808 970 2864 multi
1005 2825 1072 2864 ex
1105 2809 1278 2880 regiis
1309 2810 1692 2881 equisonibus
1732 2828 1864 2866 eum
1891 2810 2038 2882 ipsis

387 2899 555 2970 equis
581 2898 1038 2964 revertebantur,
1065 2916 1135 2954 ne
1166 2899 1427 2954 viderent
1451 2899 1858 2971 imperatorem
1896 2917 2036 2955 con-

384 2988 966 3058 tendentes.Eratque
988 2987 1165 3043 veluti
1200 2993 1393 3044 motus
1422 2994 1480 3044 et
1511 2989 1703 3044 luctus
1726 2994 2037 3060 metusque

384 3075 767 3142 incredibilis,
802 3076 1006 3131 Turcis
1067 3077 1328 3148 undique
1376 3078 1528 3132 699
1578 3078 2031 3134 conﬂuentibus.

2170 484 2411 538 κώτατον
2475 479 2754 558 σύμϐολον
2818 487 2929 558 (25)
2983 484 3314 549 ἀποστείλας
3372 486 3517 561 αὗτῷ
3540 488 3632 544 τὸν
3663 512 3818 545 σταυ-

2170 573 2278 647 ρὸν.
2315 572 2483 630 Οὕπω
2538 571 2696 636 τέλος
2756 572 2912 650 ἔσχεν
2972 572 3087 629 οὐδ’
3119 576 3397 649 ἁναμονήν
3448 578 3482 646 ἡ
3538 583 3646 633 τῶν
3695 580 3823 656 πρέ-

2169 657 2342 716 σϐεων
2392 659 2588 740 ἄφιξις,
2620 663 2708 717 καί
2767 685 2908 726 τινες
2965 668 3072 719 τῶν
3127 663 3427 740 ἐγγυτάτων
3487 667 3566 738 τῷ
3600 667 3819 742 βασιλεῖ

2167 751 2444 805 πείθουσιν
2476 751 2634 806 αὐτὸν
2695 747 3066 817 ἀποϐαλέσθαι
3123 755 3222 823 τὴν
3285 753 3506 829 εἶρήνην
3565 756 3637 818 ὡς
3690 760 3818 832 ψευ-

2168 837 2396 912 δομένην
2429 841 2490 895 τὸ
2523 838 2676 917 ἔργον
2722 841 2810 896 καὶ
2866 842 3153 897 ἀπατῶσαν
3201 840 3412 916 μᾶλλον
3472 843 3506 914 ἢ
3554 844 3616 899 τὸ
3677 867 3813 918 συμ.

2165 929 2323 1006 φέρον
2386 929 2698 985 ἐθέλουσαν*
2734 927 2960 986 δεδιέναι
3014 933 3113 1008 γὰρ
3174 929 3444 988 ὑπέλαϐον
3491 933 3582 988 τὸν
3645 933 3818 990 σουλ-

2162 1019 2318 1073 τάνον
2355 1015 2442 1072 διὰ
2466 1019 2528 1074 τὸ
2562 1021 2636 1092 μὴ
2673 1017 2958 1095 ἀξιόλογον
3011 1017 3158 1096 ἔχειν
3222 1019 3471 1096 δύναμιν,
3503 1025 3810 1100 περιμένειν

2163 1104 2220 1162 δὲ
2276 1107 2401 1169 τοὺς
2455 1108 2682 1164 κατόπιν
2741 1109 3105 1186 ἀφικομένους
3160 1110 3250 1164 καὶ
3308 1109 3386 1184 τῷ
3451 1115 3811 1188 προσχήματι

2160 1203 2258 1266 τῆς
2312 1197 2532 1271 εἰρήνης
2595 1197 2940 1272 μετεωρίζειν
3000 1200 3092 1254 τὸν
3153 1200 3377 1276 χρόνον.
3438 1202 3501 1255 Οἱ
3563 1202 3656 1275 μὲν
3717 1201 3810 1256 οὖν

2158 1287 2280 1360 περὶ
2336 1287 2428 1341 τὸν
2490 1287 2808 1355 σουλτανον,
2852 1288 2987 1343 κατὰ
3046 1293 3180 1366 σφᾶς
3231 1289 3426 1354 αὐτοὺς
3482 1289 3807 1355 ἐπανελθόν·

2155 1397 2264 1430 των
2321 1381 2427 1429 τῶν
2484 1371 2878 1452 πρέσϐεων,τά
2935 1377 3059 1451 περὶ
3116 1385 3216 1448 τῆς
3277 1378 3498 1454 εἰρήνης
3557 1380 3810 1452 ὡμίλουν

2156 1464 2244 1518 καὶ
2300 1465 2500 1534 ταύτην
2557 1465 2874 1541 ὁλοσχερῶς
2915 1466 3410 1542 ἐπραγματεῦοντο’
3445 1470 3472 1522 6
3532 1466 3589 1523 δὲ
3649 1469 3812 1543 βασι-

2156 1552 2281 1616 λεὺς
2315 1553 2578 1630 ἀκηρυκτί
2635 1555 2900 1618 σαλπίσας
2925 1558 2987 1611 τὸ
3017 1554 3262 1612 ἐνυάλιον
3321 1557 3411 1612 τὸν
3474 1562 3644 1630 μῦθον
3702 1579 3812 1612 πα-

2155 1642 2402 1720 ραλόγως
2456 1643 2738 1718 ἐκρότησε.
2809 1640 3202 1701 Καταλαὸοῢσα
3259 1643 3305 1702 δ’
3362 1649 3396 1716 ἡ
3456 1649 3614 1725 φήμη
3676 1647 3811 1711 τοὺς

2154 1732 2422 1795 ἐναντίους
2507 1732 2784 1807 ἐξέπληξε.
2839 1736 2985 1796 Τέως
3064 1732 3110 1789 δ’
3162 1734 3253 1790 οὖν
3334 1736 3808 1809 καθοπλισάμενοι

2149 1820 2239 1876 καί
2295 1822 2448 1877 αὐτοὶ
2505 1823 2567 1877 τὸ
2617 1820 2892 1898 ἄχρηστον
2953 1823 3166 1892 πλῆθος
3225 1825 3301 1888 εἷς
3354 1823 3596 1880 τούπίσω
3629 1846 3806 1901 προσ·

2151 1910 2408 1983 ήλαυνον,
2443 1911 2599 1966 αὐτοὶ
2633 1910 2690 1966 δὲ
2735 1911 2961 1967 κατόπιν
3021 1911 3228 1968 ἐδίδουν
3281 1913 3568 1992 φαντασίαν
3629 1912 3807 1969 πολε-

2155 2008 2320 2074 μικῆς
2378 2001 2745 2074 παρατάξεως,
2777 2003 2838 2056 τὸ
2871 1999 2927 2055 δὲ
2956 2000 3146 2056 πλεῖον
3209 2003 3355 2079 φυγή
3415 2024 3496 2065 τις
3553 2009 3810 2079 κατεῖχεν

2151 2088 2346 2151 αὐτοὺς
2405 2091 2825 2166 συντεταγμένας
2906 2089 3120 2153 ἰδόντας
3202 2096 3307 2146 τῶν
3357 2091 3637 2164 Ῥωμαίων
3705 2093 3809 2154 τὰς

2151 2179 2435 2256 φάλαγγας
2491 2179 2541 2233 ἐν
2602 2179 2743 2252 τάξει
2801 2179 2892 2233 καὶ
2949 2181 3140 2253 κόσμῳ
3198 2179 3507 2254 πολεμικῆς
3559 2177 3811 2255 παρατά-

2150 2269 2299 2338 ξεως.
2337 2269 2432 2322 Καὶ
2465 2269 2517 2322 οἱ
2551 2269 2646 2341 μὶν
2686 2268 2958 2343 προῄεσαν
3014 2269 3088 2330 είς
3148 2269 3411 2340 τούπίσω,
3463 2271 3490 2324 6
3539 2267 3596 2325 δὲ
3651 2272 3810 2344 βασι-

2149 2356 2273 2418 λεὺς
2314 2363 2644 2433 πανστρατιᾷ
2691 2359 2916 2413 κατόπιν
2968 2359 3145 2413 αὐτῶν
3205 2357 3520 2426 ἐπεδίωκεν,
3549 2358 3656 2422 ἕως
3703 2357 3814 2434 ἄρα

2147 2447 2333 2521 καιρὸς
2368 2444 2557 2516 δείλης
2607 2446 2765 2520 ὀψίας
2823 2443 3144 2504 κατέλαϐον.
3180 2451 3311 2503 Επεὶ
3367 2446 3413 2503 δ’
3461 2451 3488 2503 6
3546 2447 3812 2524 βασιλεὺς

2145 2535 2272 2597 τοὺς
2306 2536 2786 2612 ἀντιτεταγμένους
2820 2536 2917 2592 οὐκ
2967 2537 3083 2613 εἶχε
3138 2537 3226 2592 καὶ
3280 2537 3808 2610 ἀντιπολεμοῦντας,

2143 2627 2242 2694 τὴν
2323 2621 2380 2679 δὲ
2445 2620 2807 2701 παρεμϐολὴν
2884 2624 3231 2700 ἐψιλωμένην
3301 2632 3646 2702 στρατιωτῶν
3708 2630 3806 2682 καὶ

2145 2711 2537 2789 πεζοφυλάκων
2595 2713 2851 2789 ἐγίνωσκε
2900 2713 2988 2770 διὰ
3037 2715 3097 2769 τὸ
3149 2713 3279 2788 μηδ’
3316 2715 3562 2791 εὐπορεῖν
3612 2717 3806 2771 ἱκανοῦ

2145 2803 2398 2873 πλήθους
2431 2803 2569 2858 ὥστε
2623 2805 2712 2858 καὶ
2763 2805 3082 2879 παρατάξεις
3130 2803 3179 2858 ἐν
3228 2805 3395 2880 ταύτῃ
3455 2804 3803 2873 καταλιπεῖν,

2146 2890 2252 2962 ἤδη
2302 2891 2866 2968 προεξαντληθέντων,
2909 2893 2983 2955 ὡς
3031 2891 3473 2966 προδιείληπται,
3517 2892 3656 2970 ἔγνω
3718 2898 3801 2966 μὴ

2146 2981 2233 3036 ἐπὶ
2267 2979 2455 3036 πλεῖον
2499 2981 2756 3036 ἐπιτεῖναι
2802 2984 2900 3052 τὴν
2939 2980 3141 3055 δίωξιν,
3169 2981 3261 3037 ’ίνα
3313 2984 3388 3056 μὴ
3435 2983 3602 3057 ταύτῃ
3659 2983 3801 3061 ἀφυ-

2147 3068 2361 3133 λάκτως
2419 3071 2468 3124 οἱ
2527 3075 2760 3146 Τοῦρκοι
2819 3069 3135 3139 ἐπίθωνται,
3166 3072 3257 3126 καὶ
3313 3073 3424 3144 ἅμα
3456 3069 3804 3142 διασκοπῶν,

385 3165 572 3228 Quare
623 3137 837 3237 singuli
895 3165 1138 3236 perinde
1186 3137 1251 3221 ac
1309 3171 1577 3239 poterant
1634 3168 1745 3222 sibi
1785 3167 2032 3222 salutem

2151 3159 2190 3213 εἷ
2251 3159 2336 3214 ἐπὶ
2390 3158 2554 3214 πλέον
2632 3159 3049 3236 ἐκμακρυνθείη,
3099 3160 3466 3234 καταλήψεται
3540 3159 3698 3216 αὐτὸν
3764 3165 3803 3232 ἠ

387 3254 1178 3326 quaarebant.Persequentes
1200 3273 1333 3311 vero
1359 3256 1558 3311 hostes
1584 3255 1730 3311 alios
1751 3257 2034 3325 occidere,

388 3342 532 3398 alios
560 3343 721 3399 vivos
757 3359 980 3415 capere,
1013 3344 1158 3399 alios
1198 3345 1445 3415 pedibus
1477 3344 1840 3401 conculcare.
1873 3347 2036 3401 Erat-

389 3447 502 3502 que
532 3447 624 3487 res
674 3432 990 3488 admodum
1048 3433 1421 3488 miseratione
1452 3433 1649 3505 digna,
1683 3452 2038 3506 omnemque

387 3519 866 3576 lamentationem
901 3537 1258 3592 exsuperans
1285 3527 1464 3593 atque
1494 3539 1728 3577 omnem
1753 3523 2032 3580 dolorem.

391 3609 538 3664 Cum
551 3609 1110 3682 veroimperatorem
1138 3610 1893 3680 circumstetissenthostes,
1917 3631 2032 3669 non

386 3697 588 3753 statim
617 3697 807 3769 ipsum
842 3715 1065 3769 cepere,
1099 3697 1312 3770 quippe
1342 3698 1443 3770 qui
1475 3699 1556 3754 rei
1606 3700 1844 3755 militari
1878 3702 2034 3773 peri-

383 3787 478 3840 tus
494 3802 560 3840 ac
574 3785 887 3840 bellicosus
904 3784 1205 3858 multaque
1229 3787 1485 3858 pericula
1507 3793 1777 3860 expertus
1799 3796 2033 3846 strenue

381 3890 444 3928 se
466 3875 838 3940 defendebat,
871 3874 1188 3946 multisque
1211 3876 1420 3931 occisis
1441 3878 1508 3932 ad
1549 3883 1872 3933 extremum
1905 3879 2031 3950 ipse

378 3960 438 4015 in
464 3979 641 4018 manu
667 3963 860 4036 gladio
883 3980 1201 4036 percussus
1222 3969 1328 4035 est,
1361 3969 1418 4020 et
1446 3966 1809 4038 equojaculo
1838 3972 2027 4023 trans-

376 4051 490 4106 ﬁxo
519 4052 696 4124 pedes
750 4052 1073 4125 pugnabat.
1107 4052 1523 4110 Verumtamen
1572 4055 1921 4127 defatigatus
1953 4057 2026 4112 ad

371 4157 676 4213 vesperam
710 4143 1022 4214 capitur,et
1046 4146 1322 4214 captus,o
1355 4143 1754 4199 incredibilem
1787 4143 2025 4199 calami-

370 4233 575 4295 tatem,
624 4230 990 4287 clarissimus
1041 4231 1434 4287 Romanorum
1485 4232 1802 4303 imperator
1854 4239 2023 4289 nocte

365 4316 489 4384 illa,
522 4336 683 4390 a’que
714 4325 888 4391 atque
919 4320 1090 4375 multi
1118 4317 1239 4388 alii,
1273 4320 1437 4375 humi
1479 4322 1707 4392 jacens,
1743 4321 1867 4376 sine
1901 4321 2019 4377 ullo

362 4408 605 4478 honore,
640 4410 827 4464 multa
859 4426 994 4464 cum
1027 4409 1404 4465 miseratione
1436 4410 1736 4478 dormivit,
1770 4410 2016 4465 infinitis

2145 3247 2256 3318 νὺξ,
2289 3247 2376 3302 καὶ
2410 3252 2703 3318 τηνικαῦτα
2747 3250 2799 3303 οἱ
2854 3253 3084 3323 Τοῦρκοι
3142 3248 3509 3324 παλίντροπον
3567 3252 3804 3319 Θήσουσι

2143 3338 2242 3406 τήν
2276 3339 2451 3414 φυγὴν
2500 3331 2762 3406 ὶκηϐόλοι
2811 3339 3186 3413 τυγχάνοντες.
3219 3337 3315 3393 Διὰ
3365 3335 3429 3407 δὴ
3481 3342 3650 3393 ταῦτα
3705 3339 3806 3396 καῖ

2145 3427 2241 3494 τήν
2288 3425 2576 3501 βασιλικὴν
2635 3425 2874 3499 σημαίαν
2933 3424 3253 3502 ἐπιστρέψας
3311 3427 3502 3482 νόστου
3562 3426 3810 3502 ἐπιμνη-

2145 3524 2336 3585 σθῆναι
2391 3515 2777 3592 παρήγγειλεν.
2839 3516 2906 3573 Οἱ
2964 3514 3022 3570 δὲ
3075 3516 3265 3593 πόρῥω
3331 3517 3427 3579 τὰς
3506 3515 3804 3594 φάλαγγας

2145 3603 2365 3681 ἔχοντες
2423 3609 2770 3679 στρατιῶται,
2818 3607 2912 3666 τὰς
2969 3605 3207 3678 σημαίας
3267 3603 3472 3670 ἰδόντες
3525 3605 3805 3682 ὀπισθυρο

2147 3697 2375 3768 μήτους,
2424 3697 2586 3763 ἧτταν
2661 3693 2794 3748 εἶναι
2851 3695 2913 3749 τὸ
2965 3699 3188 3770 πρᾶγμα
3249 3693 3539 3771 βασιλικὴν
3602 3696 3808 3752 ὑπετό-

2141 3806 2335 3839 πασαν.
2369 3780 2595 3838 Μᾶλλον
2645 3780 2700 3836 δέ
2743 3805 2823 3845 τις
2873 3787 2978 3838 τῶν
3020 3779 3412 3862 ἐφεδρευὸντων
3459 3783 3627 3857 αὐτῷ,
3665 3787 3804 3841 Ἀν-

2142 3872 2391 3949 δρόνικος
2423 3873 2450 3927 6
2488 3877 2584 3927 τοῦ
2617 3871 2880 3947 Καίσαρος
2916 3873 3008 3944 μὲν
3070 3873 3205 3941 υἱὸς,
3238 3877 3344 3927 τῶν
3401 3870 3458 3928 δί
3515 3873 3805 3949 βασιλέων

2139 3959 2454 4038 ἐξάδελφος,
2514 3955 3055 4034 προϐεϐουλευμένην
3119 3959 3262 4036 ἔχων
3322 3963 3420 4030 τὴν
3481 3957 3802 4032 ἐπιϐουλὴν

2137 4050 2296 4113 αὐτὸς
2351 4049 2642 4105 δι’ὲαυτοῦ
2694 4052 2787 4105 τὸν
2843 4054 3093 4104 τοιοῦτον
3126 4048 3293 4126 λόγον
3350 4049 3641 4128 διέσπειρε,
3697 4054 3805 4108 καὶ

2133 4140 2260 4204 τοὺς
2316 4139 2438 4214 περὶ
2497 4139 2656 4194 αὐτὸν
2712 4140 3042 4214 στρατιώτας
3130 4135 3413 4195 ἀναλαϐὼν
3482 4141 3660 4217 ταχὺς
3718 4147 3805 4216 τῇ

2131 4225 2459 4305 παρεμϐολῇ
2502 4227 2807 4306 ἐφοίτησεν.
2855 4231 2916 4281 Ὃ
2959 4228 3049 4283 καὶ
3117 4230 3169 4283 οὶ
3218 4228 3403 4285 λοιποὶ
3466 4233 3810 4305 μιμησάμε-

2129 4342 2212 4374 νοι
2247 4321 2319 4380 εἷς
2361 4318 2544 4381 καθεὶς
2575 4317 2826 4394 ἀμαχητὶ
2856 4319 2956 4386 τὴν
2989 4319 3166 4395 φυγὴν
3201 4320 3808 4392 [Ρ.841]ἠσπάσαντο.

2127 4411 2182 4462 Ὀ
2215 4407 2270 4463 δὲ
2306 4407 2557 4483 βασιλεὺς
2582 4405 2712 4461 ίδὼν
2738 4407 2798 4460 τὸ
2821 4406 3127 4481 παράλογον
3157 4405 3281 4478 ἔστη
3309 4409 3407 4477 τὴν
3429 4412 3536 4463 τῶν
3557 4408 3808 4465 οἰκείων

361 4513 681 4568 oppressus
734 4498 1188 4554 infortuniorum
1232 4499 1528 4554 ﬂuctibus.
1565 4499 1850 4555 Postridie
1883 4517 2014 4555 vero

2151 4500 2320 4572 ν’)γὴν,
2356 4498 2428 4557 ὡς
2480 4495 2618 4564 ἔθος,
2676 4495 3138 4568 ἀνακαλούμενος.
3171 4498 3271 4551 Ἢν
3315 4494 3373 4552 δὲ
3419 4498 3447 4552 6
3491 4496 3804 4554 ἐπακούων

358 4602 495 4641 cum
518 4587 760 4642 Sultano
785 4587 1154 4642 renuntiatus
1195 4587 1402 4643 fuisset
1441 4592 1648 4658 captus
1671 4587 2008 4658 imperator,

358 4675 693 4748 inexplebili
727 4678 978 4748 quadam
1012 4677 1214 4732 laetitia
1246 4677 1519 4748 perfusus
1551 4681 1659 4741 est,
1690 4694 1876 4748 neque
1908 4677 2006 4732 ad-

353 4764 487 4821 duci
522 4771 747 4836 poterat
777 4771 842 4822 ut
871 4767 1132 4821 crederet
1182 4767 1423 4835 factum,
1458 4783 1579 4821 rem
1615 4782 1815 4821 secum
1875 4783 2006 4837 per-

323 4919 326 4921 _
349 4855 615 4926 pendens
637 4861 860 4927 quanta
878 4860 1054 4923 esset,
1079 4860 1210 4926 post
1231 4855 1451 4910 vietum
1476 4854 1649 4910 talem
1675 4872 1740 4910 ac
1773 4860 2005 4909 tantum

348 4947 665 5000 exercitum
707 4947 899 5017 ipsum
930 4960 1162 5015 quoque
1195 4943 1603 5014 imperatorem
1628 4943 1917 5015 captivum
1951 4949 2008 4998 et

346 5033 458 5087 sibi
511 5035 846 5104 subjectum
899 5033 1181 5105 accipere.
1239 5032 1505 5086 Humane
1553 5037 1749 5086 tamen
1783 5030 2001 5087 factum

346 5123 1087 5194 reputans,victoriamque
1108 5137 1273 5190 asquo
1307 5121 1504 5175 animo
1531 5120 1744 5186 ferens,
1778 5125 1834 5174 et
1864 5138 2002 5191 pro-

341 5227 581 5283 sperum
615 5227 958 5267 successum
984 5209 1178 5281 potius
1219 5207 1584 5263 occasionem
1611 5209 1680 5264 ad
1718 5224 1848 5264 sese
1878 5208 1999 5264 col-

2122 4583 2313 4646 οὐδείς.
2349 4589 2468 4642 Τῶν
2520 4583 2565 4640 δ’
2598 4585 2854 4640 ἐναντίων
2910 4585 2962 4639 οἱ
3013 4583 3100 4639 ἐπὶ
3146 4584 3328 4663 λόφων
3382 4587 3688 4659 ἱστάμενοι,
3728 4591 3808 4645 τὸ

2116 4671 2430 4749 παράλογον
2465 4672 2668 4735 ἰδόντες
2711 4673 2965 4749 ἐξαίφνης
3013 4678 3121 4728 τῶν
3150 4674 3438 4748 Ῥωμαίων
3485 4676 3806 4752 ἀτύχημα,

2115 4767 2192 4834 τῷ
2225 4762 2504 4836 σουλτάνῳ
2537 4761 2746 4836 σπουδῇ
2789 4761 3198 4838 ἀπαγγέλλουσι
3240 4765 3301 4818 τὸ
3352 4764 3629 4838 ὁρώμενον
3691 4770 3808 4824 καὶ

2113 4852 2211 4920 τὴν
2263 4851 2592 4930 ἐπιστροφήν
2664 4851 2826 4907 αὐτοῦ
2904 4851 3300 4926 κατεπείγουσι,
3361 4853 3611 4932 φεύγοντι
3693 4858 3809 4913 καὶ

2115 4941 2262 5010 αὐτῷ
2313 4937 2422 5009 ἤδη
2474 4942 2563 4994 καὶ
2629 4941 2839 5016 μαγρὰν
2893 4949 2995 5010 τῆς
3049 4940 3250 5004 οἰκείας
3281 4944 3560 5016 γενομένῳ
3612 4943 3814 5002 ἐπειιό-

2113 5028 2274 5091 λεως.
2311 5028 2483 5092 Εὐθὺς
2517 5028 2606 5084 οὖν
2641 5029 2984 5085 ἐπανελθόντι
3035 5030 3184 5102 αὖτῷ
3244 5032 3396 5106 μάχη
3455 5054 3542 5094 τις
3601 5034 3815 5110 ἀθρόα

2110 5117 2187 5190 τῷ
2249 5119 2464 5194 βασιλεῖ
2518 5121 2948 5206 προσρήγνυται.
3001 5117 3273 5182 Κελεύσας
3334 5118 3390 5175 δὲ
3446 5121 3573 5183 τοὺς
3637 5124 3814 5206 ἀμφ’

2110 5207 2268 5262 αὐτὸν
2331 5208 2406 5281 μὴ
2467 5205 2710 5263 ἐνδοῦναι
2769 5205 2909 5282 μηδὲ
2967 5206 3213 5281 μαλακόν
3270 5230 3321 5264 τι
3367 5211 3580 5279 παθεῖν,
3641 5205 3814 5272 ἀλλ’

1655 5322 1898 5379 JACOBI
1940 5324 2158 5380 GOARI
2206 5325 2434 5381 NOTE.

409 5441 524 5511 (35)
546 5440 637 5495 Nil
661 5439 858 5494 minus
881 5439 983 5493 telo
1010 5437 1086 5494 ad
1115 5438 1416 5511 victoriam
1440 5439 1759 5508 pertinente
1788 5444 1992 5495 auctor

337 5507 638 5583 intelligit,
670 5513 766 5566 sed
792 5526 1026 5583 crucem,
1059 5511 1130 5564 de
1171 5524 1288 5583 qua
1336 5507 1420 5562 illi
1452 5525 1644 5565 sermo
1677 5516 1787 5581 est,
1819 5512 1990 5581 cujus

333 5580 774 5640 virtuteieuneti
806 5582 1178 5638 debellantur
1207 5580 1617 5654 hostes,quam
1652 5589 1716 5640 ut
1744 5580 1990 5642 victoria

2100 5439 2432 5523 symbolam,
2508 5445 2640 5523 post
2697 5441 3149 5523 Qonstantinum
3229 5442 3471 5523 vocibus
3530 5445 3807 5523 ὴίεβΕν

2097 5508 2276 5596 τούτῷ
2305 5508 2440 5595 νίκα·
2474 5508 2898 5596 circumdatam
2950 5512 3090 5568 olim
3125 5529 3252 5569 eam
3303 5513 3612 5589 intuitum,
3649 5520 3806 5581 im-

2100 5588 2401 5660 peratores
2425 5588 2484 5639 in
2513 5588 2701 5657 signis
2734 5588 2957 5658 erigere
2981 5593 3435 5646 consueverunt.
