4040 6196
246 304 355 361 429

1756 301 2147 362 HISTORIA.

3537 312 3656 370 430

250 428 437 505 ἄνδρας
498 433 729 509 φανῆναι
790 431 1049 505 ἀγαθοὺς,
1107 429 1354 502 ἠμύνατο
1418 431 1514 503 μὲν
1564 429 1891 505 ἐρρωμένως

2018 432 2311 504 ligendum
2343 438 2397 489 et
2430 434 2567 489 boni
2592 435 2774 489 animi
2816 434 3101 491 indicium
3136 453 3201 492 ac
3234 454 3464 495 morum
3496 444 3657 498 omni

250 520 406 595 μέχρι
438 517 681 575 πολλοῦ.
711 520 796 574 Ἐν
851 519 1030 592 τούτῳ
1084 517 1141 574 δὲ
1187 525 1287 589 τῆς
1334 524 1441 574 τῶν
1489 517 1675 574 ἄλλων
1710 525 1891 597 φυγῆς

247 608 720 683 περιαντλησάσης
775 604 876 681 ἔξω
926 610 1013 663 τὸν
1073 608 1290 685 χάρακα
1348 608 1518 684 λόγος
1573 610 1747 686 σαφὴς
1796 607 1895 663 οὐκ

246 697 494 767 ἠκοιίετο,
531 695 733 753 ἄλλοτε
765 696 951 754 ἄλλων
1006 695 1153 752 ἄλλα
1197 697 1618 775 ἀφηγουμένων,
1646 702 1758 754 τῶν
1797 696 1893 770 μὲν

245 788 449 862 τροπὴν
500 793 612 842 τῶν
673 785 731 842 δὲ
800 789 960 858 νίκην
1029 785 1470 863 ἀπαγγελόντων,
1525 788 1615 842 καὶ
1671 785 1897 842 καταλε-

246 878 448 952 γόντων
513 875 703 950 ἄσημά
757 898 818 933 τε
898 877 988 932 καὶ
1073 874 1433 951 ἀδιάγνωστα,
1492 875 1598 941 ’έως
1653 877 1743 932 καὶ
1790 879 1897 931 τῶν

248 964 622 1021 Καππαδοκῶν
676 964 911 1040 ἤρξαντό
958 987 1100 1028 τινες
1150 966 1237 1021 καὶ
1291 966 1449 1021 αὐτοὶ
1481 966 1645 1022 αὐτοῦ
1673 967 1900 1044 ἀποφοι-

247 1061 329 1126 τᾷν
366 1057 510 1111 κατά
549 1058 773 1132 φατρίας
822 1058 913 1111 καὶ
965 1055 1292 1132 συμμορίας.
1342 1054 1551 1111 Πολλοὶ
1585 1054 1759 1112 δὲκαὶ
1792 1065 1899 1117 τῶν

252 1144 550 1219 βασιλικῶν
579 1144 910 1218 ἱπποκόμων
962 1145 1056 1200 σὺν
1102 1145 1285 1207 αὐτοῖς
1321 1142 1514 1207 ’ίπποις
1547 1145 1900 1227 ὑπέστρεφον,

250 1235 317 1306 μή
353 1232 495 1288 ἰδεῖν
527 1234 622 1288 τὸν
677 1232 905 1309 βασιλέα
954 1231 1367 1306 διενιστάμενοι.
1410 1234 1515 1289 Καὶ
1567 1236 1632 1304 ἦν
1676 1239 1897 1311 σεισμὸς

247 1327 354 1378 οἷον
382 1324 476 1378 καὶ
502 1321 746 1399 ὀδυρμὸς
798 1323 889 1378 καὶ
940 1318 1107 1401 φόϐος
1145 1322 1436 1399 ἀκίχητος,
1471 1324 1560 1378 καὶ
1591 1325 1642 1379 οἱ
1665 1328 1897 1399 Τοῦρκοι

246 1413 587 1489 πανταχόθεν
666 1411 1025 1489 έπιρῥέοντες.
1107 1414 1267 1477 Ὅθεν
1352 1412 1440 1468 καὶ
1523 1411 1742 1479 ἕκαστος
1825 1416 1902 1479 ὡς

248 1505 386 1578 εἶχεν
450 1502 657 1577 ὁρμῆς,
718 1499 893 1573 ἑαυτῷ
949 1501 1047 1569 τὴν
1103 1501 1374 1576 σωτηρίαν
1440 1501 1898 1579 ἐπραγματεύετο.

248 1590 669 1653 Ἐπιδιώκοντες
702 1586 760 1645 δὲ
812 1591 869 1645 οἱ
925 1590 1153 1645 ἐναντίοι
1208 1590 1300 1653 οὕς
1334 1591 1428 1663 μὲν
1458 1592 1691 1666 ἀνῄρουν
1724 1594 1815 1657 οὒς
1846 1592 1903 1651 δὶ

250 1681 479 1757 ζωγρίας
536 1677 707 1748 εἷλον,
770 1680 987 1756 ἑτέρους
1044 1677 1101 1734 δὲ
1160 1680 1509 1739 συνεπάτουν,
1574 1682 1668 1737 Καὶ
1720 1684 1787 1753 ἦν
1839 1684 1901 1739 τὸ

248 1777 470 1846 πρᾶγμα
521 1767 647 1824 λίαν
698 1766 975 1823 ἐπώδυνον
1027 1767 1116 1824 καὶ
1170 1768 1343 1824 πάντα
1392 1771 1590 1845 θρῆνον
1637 1767 1905 1849 ὑπερϐάλ-

252 1859 340 1914 λον
399 1857 493 1912 καὶ
553 1856 807 1915 κοπετόν.
865 1857 965 1911 Τὸν
1022 1853 1079 1912 ’δὲ
1126 1855 1352 1931 βασιλέα
1405 1860 1906 1936 περιστοιχίσαντες

253 1949 298 2003 οἱ
328 1946 596 2021 πολέμιοι
645 1948 748 2001 οὐκ
794 1945 1126 2021 εὐχείρωτον
1183 1947 1333 2023 εἶχον
1375 1948 1533 2003 αὐτὸν
1568 1948 1744 2017 εὐθὺς,
1779 1949 1906 2006 ἀλλ’

251 2038 335 2091 ἅτε
376 2040 786 2110 στρατιωτικῶν
819 2035 907 2089 καὶ
958 2033 1275 2108 πολεμικῶν
1320 2034 1562 2109 εἱδήμων
1596 2040 1681 2093 καὶ
1716 2037 1905 2093 κινδύ-

250 2149 357 2187 νοις
404 2124 835 2202 προσομιλήσας
884 2123 1123 2186 πολλοῖς
1176 2131 1452 2201 καρτερῶς
1500 2127 1770 2199 ἡμῦνατο,
1814 2128 1905 2183 καὶ

250 2215 492 2277 πολλοὺς
525 2212 735 2269 ἀνελὼν
791 2212 950 2277 τέλος
1006 2213 1220 2291 ἐπλήγη
1273 2216 1530 2292 φασγάνῳ
1580 2218 1680 2285 τὴν
1719 2222 1906 2295 χεῖρα,

248 2311 337 2360 τοῦ
384 2328 446 2361 τε
498 2302 672 2359 ἵππου
716 2302 1221 2367 κατακοντισθέντος
1289 2303 1348 2359 ἐκ
1403 2303 1572 2367 ποδὸς
1626 2307 1908 2379 ἱστάμενος

251 2394 571 2470 διεμάχετο.
634 2394 834 2465 Καμὼν
897 2390 942 2446 δ’
1001 2392 1154 2466 ὅμως
1208 2394 1343 2466 πρὸς
1364 2394 1590 2469 ἑσπέραν
1623 2394 1907 2469 ἁλώσιμος

254 2486 367 2557 (φεῦ
420 2487 523 2536 τοῦ
580 2482 788 2542 πάθους
818 2482 855 2554 l)
908 2481 999 2536 καὶ
1052 2480 1414 2557 αἰχμάλωτος
1477 2483 1505 2537 ὁ
1556 2484 1904 2559 περιώνυμος

258 2569 511 2645 βασιλεὺς
587 2571 873 2644 Ῥωμαίων
953 2570 1174 2646 γίνεται.
1264 2571 1366 2627 Καὶ
1449 2576 1517 2645 τῇ
1609 2573 1704 2644 μὶν
1754 2573 1905 2628 νυκτὶ

254 2659 424 2735 ἐκείνῃ
488 2658 574 2715 ἐπ’
629 2657 757 2729 ’ίσης
807 2664 924 2723 τοῖς
980 2658 1217 2724 πολλοῖς
1273 2658 1362 2715 ἐπὶ
1409 2668 1511 2737 γῆς
1564 2661 1773 2733 ἀτίμως
1817 2662 1906 2716 καὶ

253 2748 607 2825 περιωδόνως
639 2746 953 2820 κατέδραθε,
990 2748 1205 2823 μυρίοις
1251 2749 1711 2823 περικλυζόμενος
1736 2749 1910 2821 λυπη-

256 2845 352 2915 ρῶν
385 2840 620 2913 κύμασι.
652 2842 734 2911 Τῇ
768 2836 815 2893 δ’
846 2838 1102 2913 ἐπαύριον
1134 2836 1489 2915 ἀγγελθείσης
1516 2844 1593 2910 τῷ
1624 2838 1907 2912 σουλτάνῳ

256 2929 469 2999 καὶτῆς
500 2932 601 2983 τοῦ
658 2926 928 3004 βασιλέως
976 2926 1258 2996 ἁλώσεως,
1312 2927 1456 3003 χαρά
1505 2949 1587 2990 τις
1628 2926 1907 2999 ἄπληστος

258 3019 339 3072 καὶ
398 3016 630 3072 ἀπιστία
685 3016 940 3091 κατέσχεν.
998 3017 1181 3087 αὐτὸν,
1245 3016 1515 3089 οἰόμενον,
1576 3012 1757 3092 ὥσπερ
1817 3016 1905 3071 καὶ

257 3108 340 3175 ἦν,
376 3107 514 3179 μετᾶ
554 3106 711 3176 νίκην
748 3105 1009 3161 τοσούτου
1056 3106 1144 3161 καὶ
1188 3104 1522 3175 τηλικούτου
1555 3110 1785 3178 στρατοῦ
1816 3104 1905 3160 καὶ

260 3198 417 3251 αὑτὸν
448 3197 541 3249 τὸν
580 3194 807 3270 βασιλέα
854 3194 1137 3268 ἁλώσιμον
1192 3190 1381 3250 λαϐεῖν
1414 3195 1503 3249 καὶ
1537 3196 1854 3271 ὑποχείριον
1888 3212 1900 3225 ⁸
1929 3177 1971 3243 C
2019 3202 2179 3253 rator
2219 3213 2230 3252 :

260 3285 618 3361 ἀνθρωπίνως
649 3283 707 3339 δὲ
736 3285 890 3356 ὅμως
940 3284 1003 3338 τὸ
1056 3285 1280 3359 γεγονὸς
1314 3285 1672 3361 λογισάμενος
1702 3284 1789 3339 καὶ
1814 3286 1914 3353 τήν

261 3374 414 3444 νίκην
453 3374 861 3451 μετριοφρόνως
886 3374 1138 3449 ἐνεγκὼν.
1176 3374 1264 3429 καὶ
1287 3375 1349 3429 τὸ
1375 3373 1600 3448 γεγονὸς
1628 3373 1919 3448 εὐτύχημα

263 3461 535 3533 συστολὴν
592 3460 806 3536 μᾶλλον
884 3463 974 3517 καὶ
1058 3466 1244 3538 ψυχῆς
1294 3463 1497 3538 ἀγαθῆς
1555 3457 1775 3532 ἔνδειξιν
1826 3462 1916 3516 καὶ

261 3554 477 3626 τρόπων
528 3550 935 3627 καλοκαγαθίας
995 3556 1203 3624 μεστῶν
1261 3551 1511 3623 θέμενος,
1556 3557 1673 3624 Θεῷ
1722 3553 1785 3606 τὸ
1815 3556 1917 3607 πᾶν

263 3641 490 3705 ἀνετίθει
522 3641 598 3702 ὡς
635 3646 819 3713 μεῖζον
851 3640 887 3711 ἤ
934 3642 1071 3695 κατὰ
1122 3642 1222 3710 τήν
1278 3641 1469 3696 ἑαυτοῦ
1519 3640 1678 3716 ἰσχὺν
1721 3640 1915 3695 ἀποτε-

267 3728 425 3792 λέσας
451 3730 517 3784 τὸ
569 3730 856 3804 τρόπαιον.
909 3729 1006 3784 Διά
1049 3733 1210 3784 τοῦτο
1260 3729 1349 3784 καὶ
1402 3731 1808 3806 προσαχθέντος
1839 3734 1917 3800 τῷ

270 3819 546 3890 σουλτάνῳ
576 3820 800 3888 ἀξάντου
858 3817 1127 3893 βασιλέως
1180 3816 1465 3890 Ῥωμαίων
1499 3817 1549 3872 ἐν
1586 3817 1795 3874 εὐτελεῖ
1826 3816 1916 3872 καὶ

265 3910 627 3980 στρατιωτικῇ
683 3907 991 3981 ἀμπεχόνῃ,
1044 3908 1129 3980 [Ρ.
1184 3908 1312 3980 842]
1371 3904 1649 3981 διαπορῶν
1706 3910 1771 3976 ἦν
1826 3907 1915 3961 καὶ

266 3997 383 4066 περὶ
412 3996 610 4050 τούτου
647 3997 944 4070 μαρτυρίαν
1000 4000 1201 4066 ζητῶν.
1255 3997 1343 4057 Ὦς
1391 3993 1436 4050 δ’
1481 3996 1912 4075 ἐπληροφορήθη

267 4085 405 4160 παρᾶ
456 4089 568 4139 τῶν
628 4080 903 4160 πρέσϐειον
959 4086 1048 4139 καὶ
1122 4084 1219 4139 τοῦ
1278 4086 1604 4141 ΒασιΑακίου
1659 4086 1917 4147 πεσόντος

272 4175 360 4245 μὶν
412 4175 559 4248 παρά
604 4178 713 4227 τῶν
761 4171 946 4229 ποδῶν
998 4173 1187 4241 αὐτοῦ,
1235 4174 1453 4251 οἰκτρὸν
1488 4173 1543 4229 δέ
1571 4196 1625 4229 τι
1663 4176 1752 4229 καὶ
1801 4196 1917 4250 γοε-

269 4264 357 4335 ρὸν
457 4263 903 4336 ἀνοιμώξαντος,
998 4263 1152 4324 εὐθὺς
1250 4262 1431 4339 ὥσπερ
1509 4264 1756 4337 ἐμμανὴς
1830 4263 1917 4318 ἀν-

270 4352 415 4426 έθορε
470 4357 567 4407 τοῦ
620 4352 813 4429 θρόνου
860 4351 951 4407 καὶ
1031 4352 1189 4428 ὀρθὸς
1270 4351 1419 4423 ἔστη.
1494 4355 1730 4408 Ιίεσόντα
1784 4358 1913 4428 γοῦν

273 4440 418 4511 ὅμως
447 4443 553 4516 πρὸ
581 4446 692 4496 τῶν
724 4439 908 4496 ποδῶν
948 4439 1111 4496 αὐτοῦ
1147 4444 1391 4512 πατήσας
1413 4441 1593 4517 ὥσπερ
1628 4438 1748 4506 ἔθος
1780 4444 1915 4515 (26),

2001 522 2289 593 probitate
2339 523 2719 595 praditorum
2754 529 2941 591 ratus,
2976 528 3088 579 Deo
3142 524 3200 579 id
3234 531 3422 582 totum
3455 547 3659 602 accep-

2000 614 2127 665 tum
2159 611 2469 678 referebat,
2502 612 2655 683 quod
2684 614 2875 683 majus
2920 629 3098 685 quam
3142 631 3246 685 pro
3280 616 3405 670 suis
3434 617 3658 673 viribus

2000 702 2284 771 tropeum
2317 702 2616 757 erexisset.
2653 702 2872 756 Idcirco
2904 704 3183 774 perducto
3217 705 3288 758 ad
3339 706 3493 760 Asan
3526 706 3657 760 Sul—

2003 792 2209 843 tanum
2247 792 2396 845 700
2431 790 2825 845 Romanorum
2859 790 3233 863 imperatore,
3268 793 3366 847 vili
3410 810 3476 849 ac
3502 794 3665 849 mili-

2005 878 2115 933 tari
2148 884 2305 935 veste
2326 880 2635 948 induto,de
2656 881 2782 951 ipso
2807 880 3113 936 dubitabat
3136 883 3666 955 testimoniumque

2007 969 2293 1041 exigebat.
2323 969 2395 1025 Ut
2426 974 2624 1024 autem
2658 969 2869 1025 certior
2890 988 2922 1025 a
2962 969 3169 1042 legatis
3209 972 3398 1029 factus
3427 977 3517 1029 est
3547 978 3605 1029 et
3635 990 3669 1029 a

2008 1057 2427 1129 Basilacio,qui
2458 1059 2529 1113 ad
2562 1059 2689 1129 ejus
2724 1059 2899 1130 pedes
2932 1059 3226 1115 acciderat
3256 1062 3669 1119 miserabiliter

2009 1146 2177 1212 flens,
2212 1146 2409 1202 statim
2449 1146 2617 1218 quasi
2652 1147 2846 1202 furore
2887 1154 3191 1220 correptus
3223 1151 3294 1206 de
3323 1151 3536 1207 throno
3566 1153 3666 1207 de-

2009 1236 2495 1307 siliit,rectusque
2525 1241 2688 1293 stans
2720 1237 2914 1309 ipsum
2949 1239 3019 1292 ad
3055 1240 3234 1310 pedes
3257 1257 3394 1295 suos
3428 1240 3661 1313 lapsum

2010 1327 2334 1382 secundum
2384 1343 2603 1382 morem
2652 1327 3033 1382 conculcavit.
3066 1330 3327 1400 Cumque
3352 1346 3665 1403 exsurgere

2003 1416 2243 1487 jussurn
2276 1415 2614 1487 complexus
2645 1415 2912 1483 esset,Ne
2941 1417 3171 1483 timeas,
3198 1417 3300 1484 ait,
3326 1417 3664 1490 imperator,

2012 1506 2113 1560 sed
2150 1506 2303 1559 bona
2331 1520 2435 1576 spe
2467 1504 2550 1559 sis
2581 1509 2713 1560 ante
2744 1504 3119 1576 omnia,quia
3144 1505 3370 1560 nullum
3403 1507 3666 1579 corporis

2012 1594 2337 1666 periculum
2370 1593 2713 1661 sustinebis,
2748 1611 2949 1650 verum
2982 1611 3085 1666 pro
3117 1594 3348 1663 imperii
3380 1596 3667 1666 dignitate

2014 1684 2166 1755 apud
2202 1699 2294 1738 me
2324 1683 2383 1738 in
2409 1684 2627 1739 honore
2651 1683 2765 1739 eris
2794 1700 2806 1738 :
2834 1683 2930 1738 ille
2951 1684 3107 1739 enim
3140 1683 3284 1738 mihi
3319 1684 3667 1756 imprudens

2010 1773 2262 1841 videtur,
2297 1774 2399 1844 qui
2429 1790 2545 1829 non
2576 1789 2606 1828 e
2636 1773 2926 1828 contrario
2972 1774 3224 1828 adversae
3279 1774 3525 1829 fortunas
3572 1792 3666 1830 ra-

2012 1862 2332 1917 tiocinetur
2378 1879 2445 1917 ac
2488 1862 2791 1934 provideat
2838 1862 3210 1918 incommoda
3260 1880 3326 1918 ac
3377 1869 3661 1919 vereatur.

2013 1950 2156 2006 Cum
2188 1951 2367 2023 igitur
2408 1951 2690 2022 jussisset
2718 1950 2831 2022 ipsi
2878 1951 3154 2006 constitui
3193 1952 3662 2021 tabernaculum,

2012 2039 2479 2110 imperassetque
2510 2040 2701 2095 curari
2732 2039 3065 2111 diligenter,
3091 2044 3157 2095 ut
3187 2058 3293 2112 par
3321 2046 3467 2109 erat,
3489 2058 3662 2097 suum

2012 2129 2460 2185 commensalem
2518 2145 2584 2185 ac
2642 2129 2867 2185 socium
2928 2133 3068 2184 tunc
3125 2147 3255 2185 esse
3310 2132 3516 2198 voluit,
3549 2148 3665 2186 non

2013 2218 2286 2273 deorsum
2322 2234 2454 2273 eum
2480 2218 2935 2289 sederejubens,
2971 2219 3073 2273 sed
3116 2222 3184 2272 ad
3219 2220 3482 2274 eamdem
3508 2236 3666 2275 men-

2013 2324 2141 2363 sam
2192 2311 2257 2362 ut
2307 2307 2502 2362 eximii
2554 2308 2776 2363 ordinis
2825 2307 3128 2377 collegam,
3171 2316 3225 2363 et
3273 2309 3397 2379 pari
3448 2310 3668 2365 honore

2015 2396 2299 2453 afficiens.
2324 2396 2421 2452 Bis
2438 2397 2532 2451 die
2549 2412 2680 2451 cum
2704 2397 2833 2468 ipso
2854 2396 3236 2469 congrediens
3255 2401 3310 2452 et
3328 2397 3669 2470 colloquens

2016 2490 2073 2540 et
2096 2485 2333 2540 hortatu
2368 2502 2475 2541 suo
2508 2502 2795 2556 recreans,
2830 2502 3020 2557 usque
3046 2486 3115 2540 ad
3151 2490 3277 2541 octo
3310 2487 3435 2542 dies
3465 2490 3669 2543 eadem

2013 2575 2191 2629 verba
2212 2578 2268 2629 et
2296 2574 2381 2630 sal
2415 2591 2550 2630 cum
2583 2575 2710 2647 ipso
2740 2575 3316 2645 communicabat,in
3352 2574 3512 2631 nullo
3544 2575 3671 2646 qui-

2015 2665 2145 2719 dem
2179 2663 2265 2719 vel
2322 2664 2568 2719 minimo
2616 2665 2789 2719 verbo
2820 2664 2870 2718 ei
2920 2663 3237 2728 insultans,
3270 2666 3371 2719 sed
3426 2665 3495 2719 de
3540 2663 3673 2735 qui-

2015 2753 2263 2809 busdam
2289 2753 2606 2821 erroribus,
2642 2753 2739 2824 qui
2766 2752 2877 2808 sibi
2904 2753 2975 2807 ab
3001 2769 3066 2808 eo
3109 2753 3170 2807 in
3214 2753 3480 2810 ducendo
3513 2768 3673 2809 exer-

2016 2842 2131 2897 citu
2158 2843 2457 2897 commissi
2478 2842 2836 2912 viderentur,
2861 2842 3206 2898 admonens.
3240 2843 3383 2898 Cum
3413 2859 3548 2899 vero
3580 2842 3671 2898 die

2014 2932 2267 3003 quadam
2290 2930 2570 2986 Sultanus
2598 2932 3018 3002 interrogasset
3039 2932 3448 3003 imperatorem
3477 2950 3491 2988 :
3517 2932 3664 2998 Quid

2017 3019 2159 3073 mihi
2214 3019 2472 3085 fecisses,
2505 3019 2553 3073 si
2607 3034 2698 3073 me
2747 3018 2803 3072 in
2836 3024 2935 3072 tua
2987 3024 3273 3090 potestate
3305 3020 3666 3076 habuisses?

2015 3106 2362 3179 simpliciter
2416 3124 2480 3161 ac
2537 3107 2665 3161 sine
2720 3106 3054 3162 adulatione
3124 3108 3423 3179 respondit
3478 3110 3660 3179 impe-

2295 3196 2448 3251 Scito
2507 3196 2657 3266 quod
2720 3194 2925 3250 multis
2984 3197 3174 3268 plagis
3232 3202 3399 3253 tuum
3459 3215 3673 3269 corpus

2025 3285 2429 3342 confecissem.
2463 3285 2535 3338 At
2594 3300 2715 3353 ego,
2768 3283 2963 3355 inquit
3018 3284 3314 3353 Sultanus,
3362 3289 3525 3341 tuam
3584 3302 3673 3341 se-

2026 3376 2327 3431 veritatem
2362 3378 2462 3428 aut
2492 3372 2899 3428 crudelitatem
2952 3390 3066 3428 non
3106 3373 3398 3429 imitabor.
3430 3375 3679 3431 Verum-

2024 3470 2221 3521 tamen
2258 3464 2402 3518 701
2440 3463 2612 3518 audio
2642 3466 2901 3517 vestrum
2946 3462 3111 3517 vobis
3144 3463 3436 3518 Christum
3473 3481 3676 3535 pacem

2026 3553 2338 3626 praecipere
2394 3557 2449 3607 et
2508 3550 2859 3607 oblivionem
2920 3550 3233 3620 malorum,
3295 3553 3682 3624 superbiaque

2027 3643 2398 3698 resistentem
2451 3638 2777 3694 humilibus
2829 3639 3079 3712 gratiam
3128 3640 3287 3694 dare.
3320 3639 3541 3695 Deinde
3573 3639 3682 3711 igi-

2024 3735 2123 3786 tur
2151 3730 2297 3786 inito
2348 3730 2580 3793 foedere,
2615 3732 2674 3782 et
2720 3728 2876 3783 facta
2908 3744 3048 3798 pace
3096 3733 3400 3799 perpetua,
3447 3728 3681 3783 habita-

2025 3838 2138 3892 que
2169 3820 2424 3874 filiorum
2477 3821 2702 3873 ratione
2749 3822 2806 3872 et
2853 3833 3056 3872 eorum
3109 3834 3235 3888 qua:
3268 3818 3338 3872 ad
3374 3819 3685 3891 utriusque

2028 3908 2255 3981 imperii
2281 3909 2418 3980 jura
2448 3910 2798 3977 spectarent,
2835 3906 3084 3978 pristina
3116 3907 3333 3962 foedera
3364 3907 3680 3962 conﬁrma-

2025 4002 2186 4058 runt.
2221 4002 2286 4052 ut
2314 4002 2520 4051 mutua
2551 3999 2706 4051 esset
2746 3995 3029 4059 amicitia,
3064 4012 3253 4066 neque
3303 3995 3553 4066 amplius
3609 3995 3679 4050 ab

2026 4087 2492 4144 ulloTurcorum
2518 4102 2609 4140 res
2634 4084 2864 4154 imperii
2889 4084 3137 4139 Romani
3176 4084 3349 4157 diripi
3390 4085 3683 4155 permitte-

2025 4182 2206 4247 retur,
2238 4191 2438 4230 verum
2464 4190 2667 4229 omnes
2690 4173 3027 4244 quicunque
3059 4173 3342 4229 adversus
3385 4173 3683 4229 Romanos

2026 4265 2187 4321 missi
2251 4264 2481 4319 fuerant
2558 4268 3003 4328 reverterentur,
3060 4266 3118 4317 et
3174 4278 3381 4318 omnes
3452 4262 3685 4332 captivi,

2025 4354 2275 4410 maxime
2326 4351 2616 4424 principes
2665 4355 2723 4405 et
2763 4351 2962 4405 eximii
3014 4351 3438 4417 Romanorum,
3470 4350 3686 4406 libera-

2026 4448 2248 4506 rentur,
2281 4439 2656 4512 promittente
2686 4439 2932 4494 Sultano
2966 4455 3026 4493 se
3077 4439 3329 4508 benigue
3360 4439 3691 4510 imperato-

271 4528 355 4580 καὶ
409 4529 711 4600 ἀναστήσας
792 4530 881 4584 καὶ
977 4531 1467 4605 περιπτυξάμενος,
1543 4533 1633 4601 Μὴ
1722 4528 1909 4603 δέδιθι,

2024 4548 2147 4587 rem
2167 4545 2287 4586 sem
2301 4546 2401 4601 per
2419 4532 2667 4583 tractatu
2680 4544 2830 4582 rum.
2856 4527 3147 4582 Interfecti
3173 4532 3312 4582 sunt
3334 4543 3401 4583 eo
3424 4531 3691 4599 tempore

274 4610 482 4693 ἔφησεν,
542 4618 587 4672 ὦ
642 4617 886 4693 βασιλεῦ,
938 4616 1064 4673 ἀλλ’
1117 4618 1332 4681 εὔελπις
1378 4618 1466 4674 ἒσο
1523 4622 1629 4694 πρὸ
1677 4620 1912 4693 πάντων,

274 4705 346 4767 ὡς
374 4706 556 4762 οὐδενὶ
604 4706 1046 4784 προσομιλήσεις
1100 4704 1338 4781 κινδύνῳ
1379 4714 1701 4782 σωματικῷ,
1751 4731 1914 4783 τιμη-

278 4798 409 4869 θήσῃ
436 4794 482 4851 δ’
531 4797 693 4867 ἀξίως
737 4803 837 4867 τῆς
896 4801 992 4850 τοῦ
1053 4798 1285 4871 κράτους
1333 4798 1635 4874 ὑπεροχῆς.
1694 4800 1912 4877 Ἄφρων

272 4884 371 4959 γὰρ
423 4884 623 4948 ἐκεῖνος
664 4886 791 4960 ἐμοὶ
873 4884 1145 4962 λογίζεται
1214 4888 1242 4941 ὁ
1321 4889 1396 4961 μὴ
1451 4888 1545 4950 τάς
1604 4888 1914 4963 προόπτους

2024 4622 2161 4687 Leo,
2192 4618 2293 4691 qui
2325 4616 2695 4689 supplicibus
2750 4620 2993 4686 praeerat
3024 4616 3260 4683 libellis,
3293 4620 3350 4671 et
3397 4616 3694 4687 magister

2026 4708 2368 4765 Eustathius
2419 4710 2476 4761 et
2528 4705 2758 4777 primus
2792 4720 2825 4758 a
2857 4704 3119 4759 secretis.
3152 4704 3372 4771 Captus
3422 4710 3512 4760 est
3542 4705 3690 4761 item

2024 4798 2279 4855 Basilius
2335 4794 2822 4867 protovestiarius
2871 4792 3141 4849 Maleses.
3191 4793 3515 4864 Postquam
3567 4795 3692 4849 haec

2024 4889 2107 4943 ita
2138 4891 2301 4960 gesta
2345 4888 2485 4941 sunt
2533 4888 2588 4939 et
2636 4884 2718 4939 ita
2765 4883 2922 4938 inter
2963 4898 3063 4939 eos
3113 4883 3409 4955 convenit,
3462 4884 3694 4940 dimisit

1586 5025 1836 5082 JACOBI
1875 5025 2093 5082 GOARI
2131 5023 2367 5079 NOT/E.

351 5140 695 5207 (‘26)Persis,
754 5161 822 5201 ex
880 5146 1097 5217 quibus
1157 5143 1441 5217 sultanus,
1486 5142 1601 5217 hic,
1662 5143 1921 5198 devictos

279 5208 467 5267 hostes
487 5216 736 5285 pedibus
760 5208 1053 5286 proterere
1103 5216 1389 5271 familiare
1417 5214 1549 5279 fuit,
1581 5208 1647 5269 ex
1680 5231 1790 5285 quo
1821 5219 1921 5269 Ba-

280 5297 593 5358 porcorum
623 5304 724 5343 rex
767 5289 1144 5343 Valerianum
1174 5287 1592 5358 imperatorem
1628 5286 1698 5339 ad
1734 5287 1789 5341 id
1825 5302 1921 5340 ne-

283 5356 558 5431 cessitatis
607 5360 829 5431 malum
880 5360 1127 5431 conjecit
1161 5365 1225 5414 ut
1267 5356 1924 5431 serviliterincurvatus

282 5423 607 5503 illlequum
650 5430 963 5487 incensuro
984 5423 1253 5503 'gradum
1284 5446 1406 5503 sua,
1431 5430 1654 5503 cervice
1684 5429 1922 5484 faceret.

285 5496 476 5577 {Iulius
523 5504 722 5577 Antiq.
748 5504 913 5577 ALect.
952 5496 1038 5570 18,
1074 5502 1161 5577 18_.
1192 5500 1567 5577 Justinian‘us
1618 5502 1694 5567 II,
1723 5505 1924 5577 Persas

287 5569 531 5649 imitatus
565 5569 868 5649 Leontium
901 5579 959 5630 et
1002 5573 1381 5649 Apsim_zeum,
1415 5573 1925 5649 priusquamejus

283 5642 437 5713 jussu
484 5645 676 5720 capite
727 5642 1146 5723 plecterentur,
1188 5644 1373 5704 ferino
1415 5642 1635 5702 ductus
1684 5642 1927 5701 ultionis

2032 5141 2238 5196 ardore
2270 5154 2386 5193 non
2439 5136 2665 5191 modico
2694 5135 2980 5207 temporis
3013 5136 3204 5207 spatio
3259 5135 3508 5208 pedibus
3549 5151 3694 5190 con-

2034 5211 2301 5268 culcavit.
2334 5209 2631 5263 Cedrenus
2661 5208 2721 5262 in
2753 5210 2882 5277 ejus
2934 5208 3087 5262 Vita.
3126 5208 3224 5261 His
3269 5207 3591 5277 provinciis
3640 5213 3698 5262 et

2034 5285 2258 5340 feritate
2288 5297 2464 5351 quam
2499 5284 2761 5350 tempore
2791 5279 3038 5351 vicinior
3058 5277 3441 5334 Tamerlanes
3467 5277 3700 5351 quoties

2034 5371 2255 5427 equum
2297 5350 3045 5427 conscenderet_,_prostrati
3100 5351 3188 5427 ad_
3208 5350 3699 5427 pedes_Bajazetis

2035 5422 2358 5483 cervicibus
2391 5440 2492 5479 ceu
2529 5422 2785 5478 scabello
2819 5423 3119 5477 utebatur.
3154 5422 3485 5477 Dubravius
3518 5425 3696 5474 1.xxv.

2034 5499 2232 5554 Victos
2254 5497 2453 5552 hostes
2481 5495 2755 5566 ephippio
2788 5494 3041 5549 instrato
3075 5510 3106 5547 a
3132 5494 3371 5549 Francis
3410 5494 3696 5548 Norman-

2037 5572 2247 5640 nisque
2279 5568 2573 5638 quondam
2605 5567 2861 5623 calcatos
2912 5567 3173 5621 referunt
3222 5567 3694 5621 Normannorum

2037 5639 2316 5701 chronica
2348 5640 2404 5695 in
2440 5639 2687 5696 Roberto
2723 5643 2938 5713 primo.
