  <div class='ocr_page' id='page_1' title='image "/cluster/home/n/w/nwhite01/storage/ocr_20150623/122/hvd.32044073502460/227.png"; bbox 0 0 4040 6196; ppageno 0'>
   <div class='ocr_carea' id='block_1_1' title="bbox 404 265 512 323">
    <p class='ocr_par' dir='ltr' id='par_1_1' title="bbox 404 265 512 323">
     <span class='ocr_line' id='line_1_1' title="bbox 404 265 512 323; baseline -0.009 0"><span class='ocrx_word' id='word_1_1' title='bbox 404 265 512 323; x_wconf 69' lang='grc'>431</span> 
     </span>
    </p>
   </div>
   <div class='ocr_carea' id='block_1_2' title="bbox 1725 254 2493 317">
    <p class='ocr_par' dir='ltr' id='par_1_2' title="bbox 1725 254 2493 317">
     <span class='ocr_line' id='line_1_2' title="bbox 1725 254 2493 317; baseline -0.001 0"><span class='ocrx_word' id='word_1_2' title='bbox 1725 256 2047 317; x_wconf 78' lang='lat' dir='ltr'>JUANNIS</span> <span class='ocrx_word' id='word_1_3' title='bbox 2094 254 2493 317; x_wconf 69' lang='lat' dir='ltr'>SCYLITZIE</span> 
     </span>
    </p>
   </div>
   <div class='ocr_carea' id='block_1_3' title="bbox 3690 263 3807 321">
    <p class='ocr_par' dir='ltr' id='par_1_3' title="bbox 3690 263 3807 321">
     <span class='ocr_line' id='line_1_3' title="bbox 3690 263 3807 321; baseline 0.009 -1"><span class='ocrx_word' id='word_1_4' title='bbox 3690 263 3807 321; x_wconf 75' lang='lat'>432</span> 
     </span>
    </p>
   </div>
   <div class='ocr_carea' id='block_1_4' title="bbox 393 385 2044 465">
    <p class='ocr_par' dir='ltr' id='par_1_4' title="bbox 393 386 2044 465">
     <span class='ocr_line' id='line_1_4' title="bbox 393 386 2044 465; baseline -0.007 -14"><span class='ocrx_word' id='word_1_5' title='bbox 393 395 678 451; x_wconf 85' lang='lat' dir='ltr'>Sultanus</span> <span class='ocrx_word' id='word_1_6' title='bbox 730 392 1145 465; x_wconf 82' lang='lat' dir='ltr'>imperatorem</span> <span class='ocrx_word' id='word_1_7' title='bbox 1196 391 1446 447; x_wconf 88' lang='lat' dir='ltr'>multum</span> <span class='ocrx_word' id='word_1_8' title='bbox 1476 388 1863 462; x_wconf 78' lang='lat' dir='ltr'>amplexatus,</span> <span class='ocrx_word' id='word_1_9' title='bbox 1899 386 2044 442; x_wconf 88' lang='lat' dir='ltr'>mul-</span> 
     </span>
    </p>
   </div>
   <div class='ocr_carea' id='block_1_5' title="bbox 2154 385 3806 465">
    <p class='ocr_par' dir='ltr' id='par_1_5' title="bbox 2158 385 3806 463">
     <span class='ocr_line' id='line_1_5' title="bbox 2158 385 3806 463; baseline 0.003 -23"><span class='ocrx_word' id='word_1_10' title='bbox 2158 386 2331 461; x_wconf 90' lang='grc' dir='ltr'>τύχας</span> <span class='ocrx_word' id='word_1_11' title='bbox 2386 385 2437 457; x_wconf 76' lang='grc' dir='ltr'>ἐξ</span> <span class='ocrx_word' id='word_1_12' title='bbox 2496 386 2859 463; x_wconf 79' lang='grc' dir='ltr'>ἀντεπιφορᾶς</span> <span class='ocrx_word' id='word_1_13' title='bbox 2910 386 3268 462; x_wconf 81' lang='grc' dir='ltr'>λογιζόμενός</span> <span class='ocrx_word' id='word_1_14' title='bbox 3316 409 3373 444; x_wconf 89' lang='grc' dir='ltr'>τε</span> <span class='ocrx_word' id='word_1_15' title='bbox 3417 391 3506 445; x_wconf 70' lang='grc' dir='ltr'>καὶ</span> <span class='ocrx_word' id='word_1_16' title='bbox 3538 386 3806 446; x_wconf 75' lang='grc' dir='ltr'>εὐλαϐού-</span> 
     </span>
    </p>
   </div>
   <div class='ocr_carea' id='block_1_6' title="bbox 393 478 2042 557">
    <p class='ocr_par' dir='ltr' id='par_1_6' title="bbox 393 478 2042 557">
     <span class='ocr_line' id='line_1_6' title="bbox 393 478 2042 557; baseline -0.006 -15"><span class='ocrx_word' id='word_1_17' title='bbox 393 490 573 557; x_wconf 89' lang='lat' dir='ltr'>toque</span> <span class='ocrx_word' id='word_1_18' title='bbox 594 499 727 540; x_wconf 89' lang='lat' dir='ltr'>cum</span> <span class='ocrx_word' id='word_1_19' title='bbox 750 482 969 539; x_wconf 87' lang='lat' dir='ltr'>honore</span> <span class='ocrx_word' id='word_1_20' title='bbox 988 482 1248 553; x_wconf 85' lang='lat' dir='ltr'>jubensa</span> <span class='ocrx_word' id='word_1_21' title='bbox 1271 481 1395 537; x_wconf 94' lang='lat' dir='ltr'>suis</span> <span class='ocrx_word' id='word_1_22' title='bbox 1416 479 1622 553; x_wconf 81' lang='lat' dir='ltr'>legatis</span> <span class='ocrx_word' id='word_1_23' title='bbox 1644 495 1779 534; x_wconf 88' lang='lat' dir='ltr'>eum</span> <span class='ocrx_word' id='word_1_24' title='bbox 1812 478 2042 533; x_wconf 87' lang='lat' dir='ltr'>deduci.</span> 
     </span>
    </p>
   </div>
   <div class='ocr_carea' id='block_1_7' title="bbox 395 568 2043 632">
    <p class='ocr_par' dir='ltr' id='par_1_7' title="bbox 395 568 2043 632">
     <span class='ocr_line' id='line_1_7' title="bbox 395 568 2043 632; baseline -0.005 -1"><span class='ocrx_word' id='word_1_25' title='bbox 395 576 731 632; x_wconf 87' lang='lat' dir='ltr'>Tenebatur</span> <span class='ocrx_word' id='word_1_26' title='bbox 760 579 958 630; x_wconf 87' lang='lat' dir='ltr'>autem</span> <span class='ocrx_word' id='word_1_27' title='bbox 1001 571 1299 628; x_wconf 89' lang='lat' dir='ltr'>Matzicier</span> <span class='ocrx_word' id='word_1_28' title='bbox 1328 589 1362 626; x_wconf 90' lang='lat' dir='ltr'>a</span> <span class='ocrx_word' id='word_1_29' title='bbox 1394 569 1694 626; x_wconf 83' lang='lat' dir='ltr'>Romanis.</span> <span class='ocrx_word' id='word_1_30' title='bbox 1728 568 1801 624; x_wconf 90' lang='lat' dir='ltr'>Ut</span> <span class='ocrx_word' id='word_1_31' title='bbox 1849 574 2043 624; x_wconf 85' lang='lat' dir='ltr'>autem</span> 
     </span>
    </p>
   </div>
   <div class='ocr_carea' id='block_1_8' title="bbox 398 659 2045 738">
    <p class='ocr_par' dir='ltr' id='par_1_8' title="bbox 398 659 2045 738">
     <span class='ocr_line' id='line_1_8' title="bbox 398 659 2045 738; baseline -0.004 -18"><span class='ocrx_word' id='word_1_32' title='bbox 398 667 716 738; x_wconf 74' lang='lat' dir='ltr'>imperator</span> <span class='ocrx_word' id='word_1_33' title='bbox 741 664 1023 719; x_wconf 87' lang='lat' dir='ltr'>dimissus</span> <span class='ocrx_word' id='word_1_34' title='bbox 1047 663 1160 718; x_wconf 87' lang='lat' dir='ltr'>alia</span> <span class='ocrx_word' id='word_1_35' title='bbox 1182 663 1271 717; x_wconf 90' lang='lat' dir='ltr'>via</span> <span class='ocrx_word' id='word_1_36' title='bbox 1294 678 1559 717; x_wconf 80' lang='lat' dir='ltr'>reversus</span> <span class='ocrx_word' id='word_1_37' title='bbox 1590 666 1699 730; x_wconf 88' lang='lat' dir='ltr'>est,</span> <span class='ocrx_word' id='word_1_38' title='bbox 1730 659 1816 713; x_wconf 89' lang='lat' dir='ltr'>illi</span> <span class='ocrx_word' id='word_1_39' title='bbox 1848 659 2045 714; x_wconf 84' lang='lat' dir='ltr'>relicto</span> 
     </span>
    </p>
   </div>
   <div class='ocr_carea' id='block_1_9' title="bbox 398 747 2044 829">
    <p class='ocr_par' dir='ltr' id='par_1_9' title="bbox 398 747 2044 829">
     <span class='ocr_line' id='line_1_9' title="bbox 398 747 2044 829; baseline -0.006 -18"><span class='ocrx_word' id='word_1_40' title='bbox 398 755 611 829; x_wconf 87' lang='lat' dir='ltr'>oppido</span> <span class='ocrx_word' id='word_1_41' title='bbox 662 759 835 809; x_wconf 87' lang='lat' dir='ltr'>noctu</span> <span class='ocrx_word' id='word_1_42' title='bbox 890 753 1242 823; x_wconf 67' lang='lat' dir='ltr'>effugerunt,</span> <span class='ocrx_word' id='word_1_43' title='bbox 1275 766 1528 821; x_wconf 89' lang='lat' dir='ltr'>cumque</span> <span class='ocrx_word' id='word_1_44' title='bbox 1578 749 1634 803; x_wconf 89' lang='lat' dir='ltr'>in</span> <span class='ocrx_word' id='word_1_45' title='bbox 1669 748 1868 804; x_wconf 86' lang='lat' dir='ltr'>hostes</span> <span class='ocrx_word' id='word_1_46' title='bbox 1900 747 2044 802; x_wconf 82' lang='lat' dir='ltr'>inci-</span> 
     </span>
    </p>
   </div>
   <div class='ocr_carea' id='block_1_10' title="bbox 399 835 2043 913">
    <p class='ocr_par' dir='ltr' id='par_1_10' title="bbox 399 835 2043 913">
     <span class='ocr_line' id='line_1_10' title="bbox 399 835 2043 913; baseline -0.006 -15"><span class='ocrx_word' id='word_1_47' title='bbox 399 844 643 913; x_wconf 86' lang='lat' dir='ltr'>dissent,</span> <span class='ocrx_word' id='word_1_48' title='bbox 677 842 870 896; x_wconf 89' lang='lat' dir='ltr'>adiere</span> <span class='ocrx_word' id='word_1_49' title='bbox 901 838 1179 912; x_wconf 87' lang='lat' dir='ltr'>pericula.</span> <span class='ocrx_word' id='word_1_50' title='bbox 1215 843 1539 910; x_wconf 88' lang='lat' dir='ltr'>Imperator</span> <span class='ocrx_word' id='word_1_51' title='bbox 1586 842 1806 902; x_wconf 87' lang='lat' dir='ltr'>autem,</span> <span class='ocrx_word' id='word_1_52' title='bbox 1841 835 1938 890; x_wconf 89' lang='lat' dir='ltr'>ubi</span> <span class='ocrx_word' id='word_1_53' title='bbox 1973 835 2043 890; x_wconf 91' lang='lat' dir='ltr'>ad</span> 
     </span>
    </p>
   </div>
   <div class='ocr_carea' id='block_1_11' title="bbox 396 925 2049 1000">
    <p class='ocr_par' dir='ltr' id='par_1_11' title="bbox 396 925 2049 1000">
     <span class='ocr_line' id='line_1_11' title="bbox 396 925 2049 1000; baseline -0.005 -13"><span class='ocrx_word' id='word_1_54' title='bbox 396 930 907 1000; x_wconf 83' lang='lat' dir='ltr'>Theodosiopolim</span> <span class='ocrx_word' id='word_1_55' title='bbox 961 928 1222 1000; x_wconf 83' lang='lat' dir='ltr'>pervenit</span> <span class='ocrx_word' id='word_1_56' title='bbox 1253 944 1384 982; x_wconf 91' lang='lat' dir='ltr'>cum</span> <span class='ocrx_word' id='word_1_57' title='bbox 1424 926 1700 982; x_wconf 86' lang='lat' dir='ltr'>Turcirca</span> <span class='ocrx_word' id='word_1_58' title='bbox 1748 925 2049 981; x_wconf 82' lang='lat' dir='ltr'>Sultanica</span> 
     </span>
    </p>
   </div>
   <div class='ocr_carea' id='block_1_12' title="bbox 396 1014 2048 1088">
    <p class='ocr_par' dir='ltr' id='par_1_12' title="bbox 396 1014 2048 1088">
     <span class='ocr_line' id='line_1_12' title="bbox 396 1014 2048 1088; baseline -0.004 -13"><span class='ocrx_word' id='word_1_59' title='bbox 396 1025 572 1088; x_wconf 88' lang='lat' dir='ltr'>veste,</span> <span class='ocrx_word' id='word_1_60' title='bbox 607 1019 926 1074; x_wconf 85' lang='lat' dir='ltr'>liberaliter</span> <span class='ocrx_word' id='word_1_61' title='bbox 954 1024 1229 1088; x_wconf 82' lang='lat' dir='ltr'>exceptus</span> <span class='ocrx_word' id='word_1_62' title='bbox 1262 1016 1390 1071; x_wconf 79' lang='lat' dir='ltr'>fuit.</span> <span class='ocrx_word' id='word_1_63' title='bbox 1428 1016 1626 1086; x_wconf 88' lang='lat' dir='ltr'>Ibique</span> <span class='ocrx_word' id='word_1_64' title='bbox 1658 1015 1782 1071; x_wconf 91' lang='lat' dir='ltr'>dies</span> <span class='ocrx_word' id='word_1_65' title='bbox 1823 1014 2048 1085; x_wconf 85' lang='lat' dir='ltr'>aliquot</span> 
     </span>
    </p>
   </div>
   <div class='ocr_carea' id='block_1_13' title="bbox 395 1102 2046 1176">
    <p class='ocr_par' dir='ltr' id='par_1_13' title="bbox 395 1102 2046 1176">
     <span class='ocr_line' id='line_1_13' title="bbox 395 1102 2046 1176; baseline -0.004 -13"><span class='ocrx_word' id='word_1_66' title='bbox 395 1111 795 1163; x_wconf 85' lang='lat' dir='ltr'>commoratus</span> <span class='ocrx_word' id='word_1_67' title='bbox 825 1106 1081 1176; x_wconf 89' lang='lat' dir='ltr'>est,dum</span> <span class='ocrx_word' id='word_1_68' title='bbox 1112 1120 1352 1160; x_wconf 89' lang='lat' dir='ltr'>manum</span> <span class='ocrx_word' id='word_1_69' title='bbox 1384 1108 1613 1159; x_wconf 91' lang='lat' dir='ltr'>curaret</span> <span class='ocrx_word' id='word_1_70' title='bbox 1644 1119 1819 1172; x_wconf 84' lang='lat' dir='ltr'>seque</span> <span class='ocrx_word' id='word_1_71' title='bbox 1850 1102 2046 1173; x_wconf 89' lang='lat' dir='ltr'>ipsum</span> 
     </span>
    </p>
   </div>
   <div class='ocr_carea' id='block_1_14' title="bbox 394 1193 2047 1269">
    <p class='ocr_par' dir='ltr' id='par_1_14' title="bbox 394 1193 2047 1269">
     <span class='ocr_line' id='line_1_14' title="bbox 394 1193 2047 1269; baseline -0.002 -18"><span class='ocrx_word' id='word_1_72' title='bbox 394 1215 498 1269; x_wconf 89' lang='lat' dir='ltr'>pro</span> <span class='ocrx_word' id='word_1_73' title='bbox 519 1196 743 1251; x_wconf 90' lang='lat' dir='ltr'>viribus</span> <span class='ocrx_word' id='word_1_74' title='bbox 779 1196 1047 1252; x_wconf 83' lang='lat' dir='ltr'>reﬁciens</span> <span class='ocrx_word' id='word_1_75' title='bbox 1080 1194 1291 1249; x_wconf 88' lang='lat' dir='ltr'>melius</span> <span class='ocrx_word' id='word_1_76' title='bbox 1324 1194 1587 1249; x_wconf 81' lang='lat' dir='ltr'>haberet.</span> <span class='ocrx_word' id='word_1_77' title='bbox 1624 1193 1883 1263; x_wconf 91' lang='lat' dir='ltr'>Indeque</span> <span class='ocrx_word' id='word_1_78' title='bbox 1916 1208 2047 1263; x_wconf 89' lang='lat' dir='ltr'>pro-</span> 
     </span>
    </p>
   </div>
   <div class='ocr_carea' id='block_1_15' title="bbox 392 1280 2047 1357">
    <p class='ocr_par' dir='ltr' id='par_1_15' title="bbox 392 1280 2047 1357">
     <span class='ocr_line' id='line_1_15' title="bbox 392 1280 2047 1357; baseline -0.004 -16"><span class='ocrx_word' id='word_1_79' title='bbox 392 1286 581 1341; x_wconf 79' lang='lat' dir='ltr'>fectus</span> <span class='ocrx_word' id='word_1_80' title='bbox 612 1285 960 1357; x_wconf 86' lang='lat' dir='ltr'>peragrabat</span> <span class='ocrx_word' id='word_1_81' title='bbox 994 1284 1142 1340; x_wconf 68' lang='lat'>702</span> <span class='ocrx_word' id='word_1_82' title='bbox 1177 1283 1393 1338; x_wconf 91' lang='lat' dir='ltr'>lberios</span> <span class='ocrx_word' id='word_1_83' title='bbox 1424 1283 1582 1337; x_wconf 90' lang='lat' dir='ltr'>vicos</span> <span class='ocrx_word' id='word_1_84' title='bbox 1615 1298 1731 1337; x_wconf 89' lang='lat' dir='ltr'>una</span> <span class='ocrx_word' id='word_1_85' title='bbox 1761 1297 1893 1336; x_wconf 92' lang='lat' dir='ltr'>cum</span> <span class='ocrx_word' id='word_1_86' title='bbox 1915 1280 2047 1335; x_wconf 89' lang='lat' dir='ltr'>Sul-</span> 
     </span>
    </p>
   </div>
   <div class='ocr_carea' id='block_1_16' title="bbox 395 1371 2043 1446">
    <p class='ocr_par' dir='ltr' id='par_1_16' title="bbox 395 1371 2043 1446">
     <span class='ocr_line' id='line_1_16' title="bbox 395 1371 2043 1446; baseline -0.003 -17"><span class='ocrx_word' id='word_1_87' title='bbox 395 1376 542 1443; x_wconf 87' lang='lat' dir='ltr'>tani,</span> <span class='ocrx_word' id='word_1_88' title='bbox 574 1376 674 1446; x_wconf 88' lang='lat' dir='ltr'>qui</span> <span class='ocrx_word' id='word_1_89' title='bbox 706 1391 903 1430; x_wconf 88' lang='lat' dir='ltr'>secum</span> <span class='ocrx_word' id='word_1_90' title='bbox 937 1374 1200 1437; x_wconf 85' lang='lat' dir='ltr'>aderant,</span> <span class='ocrx_word' id='word_1_91' title='bbox 1236 1371 1462 1444; x_wconf 83' lang='lat' dir='ltr'>legatis,</span> <span class='ocrx_word' id='word_1_92' title='bbox 1495 1376 1552 1425; x_wconf 89' lang='lat' dir='ltr'>et</span> <span class='ocrx_word' id='word_1_93' title='bbox 1585 1371 1721 1425; x_wconf 92' lang='lat' dir='ltr'>inde</span> <span class='ocrx_word' id='word_1_94' title='bbox 1755 1386 1943 1441; x_wconf 91' lang='lat' dir='ltr'>usque</span> <span class='ocrx_word' id='word_1_95' title='bbox 1972 1371 2043 1424; x_wconf 87' lang='lat' dir='ltr'>ad</span> 
     </span>
    </p>
   </div>
   <div class='ocr_carea' id='block_1_17' title="bbox 396 1459 2045 1537">
    <p class='ocr_par' dir='ltr' id='par_1_17' title="bbox 396 1459 2045 1537">
     <span class='ocr_line' id='line_1_17' title="bbox 396 1459 2045 1537; baseline -0.004 -17"><span class='ocrx_word' id='word_1_96' title='bbox 396 1466 582 1537; x_wconf 86' lang='lat' dir='ltr'>ipsam</span> <span class='ocrx_word' id='word_1_97' title='bbox 614 1462 912 1519; x_wconf 91' lang='lat' dir='ltr'>Coloniam</span> <span class='ocrx_word' id='word_1_98' title='bbox 956 1462 1258 1533; x_wconf 86' lang='lat' dir='ltr'>processit.</span> <span class='ocrx_word' id='word_1_99' title='bbox 1293 1464 1555 1532; x_wconf 89' lang='lat' dir='ltr'>Cumque</span> <span class='ocrx_word' id='word_1_100' title='bbox 1586 1461 1655 1515; x_wconf 92' lang='lat' dir='ltr'>ad</span> <span class='ocrx_word' id='word_1_101' title='bbox 1707 1459 2045 1531; x_wconf 89' lang='lat' dir='ltr'>Melissope-</span> 
     </span>
    </p>
   </div>
   <div class='ocr_carea' id='block_1_18' title="bbox 396 1549 2046 1626">
    <p class='ocr_par' dir='ltr' id='par_1_18' title="bbox 396 1549 2046 1626">
     <span class='ocr_line' id='line_1_18' title="bbox 396 1549 2046 1626; baseline -0.003 -18"><span class='ocrx_word' id='word_1_102' title='bbox 396 1555 576 1609; x_wconf 89' lang='lat' dir='ltr'>trium</span> <span class='ocrx_word' id='word_1_103' title='bbox 610 1554 993 1626; x_wconf 86' lang='lat' dir='ltr'>pervenisset,</span> <span class='ocrx_word' id='word_1_104' title='bbox 1026 1550 1245 1607; x_wconf 88' lang='lat' dir='ltr'>Paulus</span> <span class='ocrx_word' id='word_1_105' title='bbox 1269 1566 1483 1621; x_wconf 67' lang='lat' dir='ltr'>praeses</span> <span class='ocrx_word' id='word_1_106' title='bbox 1514 1549 1836 1621; x_wconf 84' lang='lat' dir='ltr'>superioris</span> <span class='ocrx_word' id='word_1_107' title='bbox 1867 1549 2046 1603; x_wconf 88' lang='lat' dir='ltr'>Edes-</span> 
     </span>
    </p>
   </div>
   <div class='ocr_carea' id='block_1_19' title="bbox 394 1637 2046 1713">
    <p class='ocr_par' dir='ltr' id='par_1_19' title="bbox 394 1637 2046 1713">
     <span class='ocr_line' id='line_1_19' title="bbox 394 1637 2046 1713; baseline -0.003 -15"><span class='ocrx_word' id='word_1_108' title='bbox 394 1660 470 1699; x_wconf 72' lang='grc' dir='ltr'>διε</span> <span class='ocrx_word' id='word_1_109' title='bbox 504 1646 676 1698; x_wconf 88' lang='lat' dir='ltr'>noctu</span> <span class='ocrx_word' id='word_1_110' title='bbox 728 1642 855 1713; x_wconf 90' lang='lat' dir='ltr'>ipso</span> <span class='ocrx_word' id='word_1_111' title='bbox 909 1639 1110 1696; x_wconf 89' lang='lat' dir='ltr'>relicto</span> <span class='ocrx_word' id='word_1_112' title='bbox 1163 1640 1233 1694; x_wconf 91' lang='lat' dir='ltr'>ad</span> <span class='ocrx_word' id='word_1_113' title='bbox 1288 1637 1509 1711; x_wconf 91' lang='lat' dir='ltr'>Cpolim</span> <span class='ocrx_word' id='word_1_114' title='bbox 1553 1638 1720 1708; x_wconf 85' lang='lat' dir='ltr'>fugit,</span> <span class='ocrx_word' id='word_1_115' title='bbox 1755 1637 2046 1710; x_wconf 88' lang='lat' dir='ltr'>perceptis</span> 
     </span>
    </p>
   </div>
   <div class='ocr_carea' id='block_1_20' title="bbox 394 1726 2046 1803">
    <p class='ocr_par' dir='ltr' id='par_1_20' title="bbox 394 1726 2046 1803">
     <span class='ocr_line' id='line_1_20' title="bbox 394 1726 2046 1803; baseline -0.003 -17"><span class='ocrx_word' id='word_1_116' title='bbox 394 1733 468 1787; x_wconf 85' lang='lat' dir='ltr'>iis</span> <span class='ocrx_word' id='word_1_117' title='bbox 491 1749 618 1803; x_wconf 68' lang='lat' dir='ltr'>quae</span> <span class='ocrx_word' id='word_1_118' title='bbox 641 1731 720 1786; x_wconf 90' lang='lat' dir='ltr'>ibi</span> <span class='ocrx_word' id='word_1_119' title='bbox 746 1729 1072 1803; x_wconf 87' lang='lat' dir='ltr'>composita</span> <span class='ocrx_word' id='word_1_120' title='bbox 1094 1728 1347 1784; x_wconf 80' lang='lat' dir='ltr'>fuerant.</span> <span class='ocrx_word' id='word_1_121' title='bbox 1382 1728 1528 1783; x_wconf 89' lang='lat' dir='ltr'>Nam</span> <span class='ocrx_word' id='word_1_122' title='bbox 1566 1726 1825 1782; x_wconf 85' lang='lat' dir='ltr'>Joannes</span> <span class='ocrx_word' id='word_1_123' title='bbox 1859 1727 2046 1782; x_wconf 63' lang='lat' dir='ltr'>Caesar</span> 
     </span>
    </p>
   </div>
   <div class='ocr_carea' id='block_1_21' title="bbox 394 1816 2045 1894">
    <p class='ocr_par' dir='ltr' id='par_1_21' title="bbox 394 1816 2045 1894">
     <span class='ocr_line' id='line_1_21' title="bbox 394 1816 2045 1894; baseline -0.005 -17"><span class='ocrx_word' id='word_1_124' title='bbox 394 1827 451 1876; x_wconf 87' lang='lat' dir='ltr'>et</span> <span class='ocrx_word' id='word_1_125' title='bbox 481 1823 611 1894; x_wconf 90' lang='lat' dir='ltr'>ejus</span> <span class='ocrx_word' id='word_1_126' title='bbox 644 1821 766 1886; x_wconf 78' lang='lat' dir='ltr'>filii,</span> <span class='ocrx_word' id='word_1_127' title='bbox 799 1828 856 1875; x_wconf 90' lang='lat' dir='ltr'>et</span> <span class='ocrx_word' id='word_1_128' title='bbox 885 1837 952 1875; x_wconf 87' lang='lat' dir='ltr'>ex</span> <span class='ocrx_word' id='word_1_129' title='bbox 982 1818 1355 1874; x_wconf 87' lang='lat' dir='ltr'>senatoribus</span> <span class='ocrx_word' id='word_1_130' title='bbox 1390 1816 1727 1887; x_wconf 90' lang='lat' dir='ltr'>quicunque</span> <span class='ocrx_word' id='word_1_131' title='bbox 1757 1816 1886 1886; x_wconf 87' lang='lat' dir='ltr'>ejus</span> <span class='ocrx_word' id='word_1_132' title='bbox 1914 1832 2045 1887; x_wconf 87' lang='lat' dir='ltr'>par-</span> 
     </span>
    </p>
   </div>
   <div class='ocr_carea' id='block_1_22' title="bbox 396 1904 2047 1981">
    <p class='ocr_par' dir='ltr' id='par_1_22' title="bbox 396 1904 2047 1981">
     <span class='ocr_line' id='line_1_22' title="bbox 396 1904 2047 1981; baseline -0.004 -16"><span class='ocrx_word' id='word_1_133' title='bbox 396 1917 485 1967; x_wconf 91' lang='lat' dir='ltr'>tes</span> <span class='ocrx_word' id='word_1_134' title='bbox 539 1910 960 1981; x_wconf 87' lang='lat' dir='ltr'>sequebantur,</span> <span class='ocrx_word' id='word_1_135' title='bbox 991 1907 1251 1979; x_wconf 87' lang='lat' dir='ltr'>reginam</span> <span class='ocrx_word' id='word_1_136' title='bbox 1304 1907 1364 1960; x_wconf 79' lang='lat' dir='ltr'>in</span> <span class='ocrx_word' id='word_1_137' title='bbox 1396 1904 1665 1961; x_wconf 82' lang='lat' dir='ltr'>exsilium</span> <span class='ocrx_word' id='word_1_138' title='bbox 1715 1905 1960 1960; x_wconf 89' lang='lat' dir='ltr'>mittunt</span> <span class='ocrx_word' id='word_1_139' title='bbox 1987 1904 2047 1959; x_wconf 91' lang='lat' dir='ltr'>in</span> 
     </span>
    </p>
   </div>
   <div class='ocr_carea' id='block_1_23' title="bbox 399 1993 2045 2068">
    <p class='ocr_par' dir='ltr' id='par_1_23' title="bbox 399 1993 2045 2068">
     <span class='ocr_line' id='line_1_23' title="bbox 399 1993 2045 2068; baseline -0.004 -13"><span class='ocrx_word' id='word_1_140' title='bbox 399 1999 825 2055; x_wconf 87' lang='lat' dir='ltr'>monasterium</span> <span class='ocrx_word' id='word_1_141' title='bbox 850 2000 920 2053; x_wconf 90' lang='lat' dir='ltr'>ab</span> <span class='ocrx_word' id='word_1_142' title='bbox 942 1995 1385 2068; x_wconf 90' lang='lat' dir='ltr'>ipsaconditum</span> <span class='ocrx_word' id='word_1_143' title='bbox 1406 1995 1761 2066; x_wconf 88' lang='lat' dir='ltr'>Piperudum</span> <span class='ocrx_word' id='word_1_144' title='bbox 1793 1993 2045 2061; x_wconf 89' lang='lat' dir='ltr'>nomine,</span> 
     </span>
    </p>
   </div>
   <div class='ocr_carea' id='block_1_24' title="bbox 404 2082 2046 2153">
    <p class='ocr_par' dir='ltr' id='par_1_24' title="bbox 404 2082 2046 2153">
     <span class='ocr_line' id='line_1_24' title="bbox 404 2082 2046 2153; baseline -0.003 -11"><span class='ocrx_word' id='word_1_145' title='bbox 404 2089 491 2144; x_wconf 89' lang='lat' dir='ltr'>vel</span> <span class='ocrx_word' id='word_1_146' title='bbox 524 2089 764 2143; x_wconf 87' lang='lat' dir='ltr'>invitam</span> <span class='ocrx_word' id='word_1_147' title='bbox 798 2087 1130 2149; x_wconf 90' lang='lat' dir='ltr'>tondentes,</span> <span class='ocrx_word' id='word_1_148' title='bbox 1161 2088 1217 2139; x_wconf 91' lang='lat' dir='ltr'>et</span> <span class='ocrx_word' id='word_1_149' title='bbox 1238 2083 1518 2139; x_wconf 85' lang='lat' dir='ltr'>Michaele</span> <span class='ocrx_word' id='word_1_150' title='bbox 1551 2082 1840 2138; x_wconf 86' lang='lat' dir='ltr'>declarato</span> <span class='ocrx_word' id='word_1_151' title='bbox 1862 2082 2046 2153; x_wconf 85' lang='lat' dir='ltr'>impe-</span> 
     </span>
    </p>
   </div>
   <div class='ocr_carea' id='block_1_25' title="bbox 400 2171 2045 2246">
    <p class='ocr_par' dir='ltr' id='par_1_25' title="bbox 400 2171 2045 2246">
     <span class='ocr_line' id='line_1_25' title="bbox 400 2171 2045 2246; baseline -0.005 -12"><span class='ocrx_word' id='word_1_152' title='bbox 400 2184 592 2234; x_wconf 87' lang='lat' dir='ltr'>ratore</span> <span class='ocrx_word' id='word_1_153' title='bbox 623 2177 681 2232; x_wconf 86' lang='lat' dir='ltr'>in</span> <span class='ocrx_word' id='word_1_154' title='bbox 713 2192 917 2233; x_wconf 91' lang='lat' dir='ltr'>omnes</span> <span class='ocrx_word' id='word_1_155' title='bbox 967 2179 1161 2246; x_wconf 88' lang='lat' dir='ltr'>partes</span> <span class='ocrx_word' id='word_1_156' title='bbox 1191 2171 1496 2244; x_wconf 87' lang='lat' dir='ltr'>scripsere,</span> <span class='ocrx_word' id='word_1_157' title='bbox 1530 2187 1827 2228; x_wconf 90' lang='lat' dir='ltr'>reversum</span> <span class='ocrx_word' id='word_1_158' title='bbox 1859 2171 2045 2242; x_wconf 86' lang='lat' dir='ltr'>impe-</span> 
     </span>
    </p>
   </div>
   <div class='ocr_carea' id='block_1_26' title="bbox 398 2261 2046 2334">
    <p class='ocr_par' dir='ltr' id='par_1_26' title="bbox 398 2261 2046 2334">
     <span class='ocr_line' id='line_1_26' title="bbox 398 2261 2046 2334; baseline -0.006 -11"><span class='ocrx_word' id='word_1_159' title='bbox 398 2272 645 2323; x_wconf 88' lang='lat' dir='ltr'>ratorem</span> <span class='ocrx_word' id='word_1_160' title='bbox 673 2283 787 2321; x_wconf 90' lang='lat' dir='ltr'>non</span> <span class='ocrx_word' id='word_1_161' title='bbox 811 2281 938 2320; x_wconf 88' lang='lat' dir='ltr'>esse</span> <span class='ocrx_word' id='word_1_162' title='bbox 967 2262 1375 2334; x_wconf 82' lang='lat' dir='ltr'>excipiendum</span> <span class='ocrx_word' id='word_1_163' title='bbox 1413 2277 1601 2332; x_wconf 89' lang='lat' dir='ltr'>neque</span> <span class='ocrx_word' id='word_1_164' title='bbox 1642 2266 1704 2315; x_wconf 91' lang='lat' dir='ltr'>ut</span> <span class='ocrx_word' id='word_1_165' title='bbox 1726 2261 2046 2331; x_wconf 88' lang='lat' dir='ltr'>imperato-</span> 
     </span>
    </p>
   </div>
   <div class='ocr_carea' id='block_1_27' title="bbox 393 2348 2044 2423">
    <p class='ocr_par' dir='ltr' id='par_1_27' title="bbox 393 2348 2044 2423">
     <span class='ocr_line' id='line_1_27' title="bbox 393 2348 2044 2423; baseline -0.005 -12"><span class='ocrx_word' id='word_1_166' title='bbox 393 2373 515 2412; x_wconf 89' lang='lat' dir='ltr'>rem</span> <span class='ocrx_word' id='word_1_167' title='bbox 548 2356 880 2413; x_wconf 89' lang='lat' dir='ltr'>colendum.</span> <span class='ocrx_word' id='word_1_168' title='bbox 916 2353 1189 2423; x_wconf 89' lang='lat' dir='ltr'>Princeps</span> <span class='ocrx_word' id='word_1_169' title='bbox 1221 2355 1279 2406; x_wconf 89' lang='lat' dir='ltr'>et</span> <span class='ocrx_word' id='word_1_170' title='bbox 1309 2356 1511 2405; x_wconf 87' lang='lat' dir='ltr'>auctor</span> <span class='ocrx_word' id='word_1_171' title='bbox 1564 2349 1673 2404; x_wconf 85' lang='lat' dir='ltr'>fuit</span> <span class='ocrx_word' id='word_1_172' title='bbox 1705 2348 2044 2404; x_wconf 86' lang='lat' dir='ltr'>declaratio-</span> 
     </span>
    </p>
   </div>
   <div class='ocr_carea' id='block_1_28' title="bbox 394 2440 2040 2519">
    <p class='ocr_par' dir='ltr' id='par_1_28' title="bbox 394 2440 2040 2519">
     <span class='ocr_line' id='line_1_28' title="bbox 394 2440 2040 2519; baseline -0.005 -17"><span class='ocrx_word' id='word_1_173' title='bbox 394 2447 484 2503; x_wconf 89' lang='lat' dir='ltr'>nis</span> <span class='ocrx_word' id='word_1_174' title='bbox 509 2445 992 2519; x_wconf 87' lang='lat' dir='ltr'>philosophorum</span> <span class='ocrx_word' id='word_1_175' title='bbox 1015 2441 1264 2497; x_wconf 86' lang='lat' dir='ltr'>eximius</span> <span class='ocrx_word' id='word_1_176' title='bbox 1288 2440 2040 2510; x_wconf 82' lang='lat' dir='ltr'>Psellus,quemadmodum</span> 
     </span>
    </p>
   </div>
   <div class='ocr_carea' id='block_1_29' title="bbox 393 2528 2043 2609">
    <p class='ocr_par' dir='ltr' id='par_1_29' title="bbox 393 2528 2043 2609">
     <span class='ocr_line' id='line_1_29' title="bbox 393 2528 2043 2609; baseline -0.005 -19"><span class='ocrx_word' id='word_1_177' title='bbox 393 2537 518 2608; x_wconf 89' lang='lat' dir='ltr'>ipse</span> <span class='ocrx_word' id='word_1_178' title='bbox 549 2552 785 2609; x_wconf 89' lang='lat' dir='ltr'>quoque</span> <span class='ocrx_word' id='word_1_179' title='bbox 834 2534 891 2587; x_wconf 92' lang='lat' dir='ltr'>in</span> <span class='ocrx_word' id='word_1_180' title='bbox 939 2533 1191 2603; x_wconf 88' lang='lat' dir='ltr'>quodam</span> <span class='ocrx_word' id='word_1_181' title='bbox 1242 2530 1459 2601; x_wconf 89' lang='lat' dir='ltr'>scripto</span> <span class='ocrx_word' id='word_1_182' title='bbox 1504 2529 1807 2600; x_wconf 87' lang='lat' dir='ltr'>gloriatur.</span> <span class='ocrx_word' id='word_1_183' title='bbox 1838 2528 2043 2583; x_wconf 86' lang='lat' dir='ltr'>Fertur</span> 
     </span>
    </p>
   </div>
   <div class='ocr_carea' id='block_1_30' title="bbox 392 2616 2041 2697">
    <p class='ocr_par' dir='ltr' id='par_1_30' title="bbox 392 2616 2041 2697">
     <span class='ocr_line' id='line_1_30' title="bbox 392 2616 2041 2697; baseline -0.006 -16"><span class='ocrx_word' id='word_1_184' title='bbox 392 2627 532 2681; x_wconf 89' lang='lat' dir='ltr'>item</span> <span class='ocrx_word' id='word_1_185' title='bbox 568 2625 770 2697; x_wconf 85' lang='lat' dir='ltr'>regina</span> <span class='ocrx_word' id='word_1_186' title='bbox 813 2622 1076 2693; x_wconf 89' lang='lat' dir='ltr'>ejusdem</span> <span class='ocrx_word' id='word_1_187' title='bbox 1131 2618 1419 2691; x_wconf 87' lang='lat' dir='ltr'>particeps</span> <span class='ocrx_word' id='word_1_188' title='bbox 1450 2616 1678 2672; x_wconf 89' lang='lat' dir='ltr'>consilii</span> <span class='ocrx_word' id='word_1_189' title='bbox 1730 2616 1934 2678; x_wconf 82' lang='lat' dir='ltr'>fuisse.</span> <span class='ocrx_word' id='word_1_190' title='bbox 1970 2634 2041 2671; x_wconf 92' lang='lat' dir='ltr'>ne</span> 
     </span>
    </p>
   </div>
   <div class='ocr_carea' id='block_1_31' title="bbox 392 2705 2041 2783">
    <p class='ocr_par' dir='ltr' id='par_1_31' title="bbox 392 2705 2041 2783">
     <span class='ocr_line' id='line_1_31' title="bbox 392 2705 2041 2783; baseline -0.005 -14"><span class='ocrx_word' id='word_1_191' title='bbox 392 2730 690 2770; x_wconf 88' lang='lat' dir='ltr'>reversum</span> <span class='ocrx_word' id='word_1_192' title='bbox 727 2713 1036 2783; x_wconf 88' lang='lat' dir='ltr'>Diogenem</span> <span class='ocrx_word' id='word_1_193' title='bbox 1071 2708 1370 2779; x_wconf 86' lang='lat' dir='ltr'>reciperet.</span> <span class='ocrx_word' id='word_1_194' title='bbox 1404 2707 1510 2761; x_wconf 88' lang='lat' dir='ltr'>Sed</span> <span class='ocrx_word' id='word_1_195' title='bbox 1546 2706 1863 2760; x_wconf 89' lang='lat' dir='ltr'>immatura</span> <span class='ocrx_word' id='word_1_196' title='bbox 1893 2705 2041 2760; x_wconf 90' lang='lat' dir='ltr'>cele-</span> 
     </span>
    </p>
   </div>
   <div class='ocr_carea' id='block_1_32' title="bbox 391 2796 2039 2875">
    <p class='ocr_par' dir='ltr' id='par_1_32' title="bbox 391 2796 2039 2875">
     <span class='ocr_line' id='line_1_32' title="bbox 391 2796 2039 2875; baseline -0.007 -15"><span class='ocrx_word' id='word_1_197' title='bbox 391 2806 563 2861; x_wconf 87' lang='lat' dir='ltr'>ritate</span> <span class='ocrx_word' id='word_1_198' title='bbox 580 2805 674 2860; x_wconf 91' lang='lat' dir='ltr'>his</span> <span class='ocrx_word' id='word_1_199' title='bbox 692 2801 940 2875; x_wconf 87' lang='lat' dir='ltr'>cognitis</span> <span class='ocrx_word' id='word_1_200' title='bbox 962 2800 1245 2871; x_wconf 87' lang='lat' dir='ltr'>Diogenes</span> <span class='ocrx_word' id='word_1_201' title='bbox 1264 2801 1321 2852; x_wconf 86' lang='lat' dir='ltr'>et</span> <span class='ocrx_word' id='word_1_202' title='bbox 1339 2796 1549 2851; x_wconf 86' lang='lat' dir='ltr'>certior</span> <span class='ocrx_word' id='word_1_203' title='bbox 1564 2796 1750 2851; x_wconf 84' lang='lat' dir='ltr'>factus</span> <span class='ocrx_word' id='word_1_204' title='bbox 1777 2811 2039 2850; x_wconf 86' lang='lat' dir='ltr'>commu-</span> 
     </span>
    </p>
   </div>
   <div class='ocr_carea' id='block_1_33' title="bbox 391 2884 2042 2966">
    <p class='ocr_par' dir='ltr' id='par_1_33' title="bbox 391 2884 2042 2966">
     <span class='ocr_line' id='line_1_33' title="bbox 391 2884 2042 2966; baseline -0.007 -15"><span class='ocrx_word' id='word_1_205' title='bbox 391 2896 542 2951; x_wconf 89' lang='lat' dir='ltr'>niter</span> <span class='ocrx_word' id='word_1_206' title='bbox 558 2912 620 2951; x_wconf 88' lang='lat' dir='ltr'>se</span> <span class='ocrx_word' id='word_1_207' title='bbox 634 2911 735 2966; x_wconf 90' lang='lat' dir='ltr'>per</span> <span class='ocrx_word' id='word_1_208' title='bbox 750 2905 1070 2964; x_wconf 79' lang='lat' dir='ltr'>praeconem</span> <span class='ocrx_word' id='word_1_209' title='bbox 1086 2888 1333 2959; x_wconf 91' lang='lat' dir='ltr'>imperio</span> <span class='ocrx_word' id='word_1_210' title='bbox 1348 2886 1618 2941; x_wconf 89' lang='lat' dir='ltr'>abdicatu</span> <span class='ocrx_word' id='word_1_211' title='bbox 1631 2902 1708 2951; x_wconf 91' lang='lat' dir='ltr'>m,</span> <span class='ocrx_word' id='word_1_212' title='bbox 1736 2884 2042 2957; x_wconf 89' lang='lat' dir='ltr'>occupavit</span> 
     </span>
    </p>
   </div>
   <div class='ocr_carea' id='block_1_34' title="bbox 388 2975 2041 3056">
    <p class='ocr_par' dir='ltr' id='par_1_34' title="bbox 388 2975 2041 3056">
     <span class='ocr_line' id='line_1_34' title="bbox 388 2975 2041 3056; baseline -0.008 -15"><span class='ocrx_word' id='word_1_213' title='bbox 388 2984 682 3056; x_wconf 88' lang='lat' dir='ltr'>quoddam</span> <span class='ocrx_word' id='word_1_214' title='bbox 707 2981 989 3053; x_wconf 90' lang='lat' dir='ltr'>oppidum</span> <span class='ocrx_word' id='word_1_215' title='bbox 1004 2980 1238 3032; x_wconf 88' lang='lat' dir='ltr'>nomine</span> <span class='ocrx_word' id='word_1_216' title='bbox 1255 2975 1727 3046; x_wconf 81' lang='lat' dir='ltr'>Doceam,ibique</span> <span class='ocrx_word' id='word_1_217' title='bbox 1739 2980 1929 3029; x_wconf 85' lang='lat' dir='ltr'>castra</span> <span class='ocrx_word' id='word_1_218' title='bbox 1944 2992 2041 3047; x_wconf 90' lang='lat' dir='ltr'>po-</span> 
     </span>
    </p>
   </div>
   <div class='ocr_carea' id='block_1_35' title="bbox 384 3064 2039 3135">
    <p class='ocr_par' dir='ltr' id='par_1_35' title="bbox 384 3064 2039 3135">
     <span class='ocr_line' id='line_1_35' title="bbox 384 3064 2039 3135; baseline -0.005 -8"><span class='ocrx_word' id='word_1_219' title='bbox 384 3072 719 3128; x_wconf 73' lang='lat' dir='ltr'>suit.Ctesar</span> <span class='ocrx_word' id='word_1_220' title='bbox 748 3074 940 3124; x_wconf 89' lang='lat' dir='ltr'>autem</span> <span class='ocrx_word' id='word_1_221' title='bbox 977 3072 1041 3122; x_wconf 91' lang='lat' dir='ltr'>ut</span> <span class='ocrx_word' id='word_1_222' title='bbox 1072 3066 1180 3121; x_wconf 91' lang='lat' dir='ltr'>sibi</span> <span class='ocrx_word' id='word_1_223' title='bbox 1213 3065 1517 3120; x_wconf 89' lang='lat' dir='ltr'>videbatur</span> <span class='ocrx_word' id='word_1_224' title='bbox 1547 3064 1788 3135; x_wconf 90' lang='lat' dir='ltr'>imperio</span> <span class='ocrx_word' id='word_1_225' title='bbox 1820 3064 2039 3134; x_wconf 90' lang='lat' dir='ltr'>optime</span> 
     </span>
    </p>
   </div>
   <div class='ocr_carea' id='block_1_36' title="bbox 2162 476 3805 557">
    <p class='ocr_par' dir='ltr' id='par_1_36' title="bbox 2162 476 3805 557">
     <span class='ocr_line' id='line_1_36' title="bbox 2162 476 3805 557; baseline 0.002 -26"><span class='ocrx_word' id='word_1_226' title='bbox 2162 497 2338 549; x_wconf 83' lang='grc' dir='ltr'>μενος.</span> <span class='ocrx_word' id='word_1_227' title='bbox 2400 478 2684 547; x_wconf 79' lang='grc' dir='ltr'>Ἐπιτάξας</span> <span class='ocrx_word' id='word_1_228' title='bbox 2763 476 2855 532; x_wconf 74' lang='grc' dir='ltr'>οὖν</span> <span class='ocrx_word' id='word_1_229' title='bbox 2926 477 3075 550; x_wconf 79' lang='grc' dir='ltr'>αὐτῷ</span> <span class='ocrx_word' id='word_1_230' title='bbox 3144 478 3349 549; x_wconf 71' lang='grc' dir='ltr'>σκηνὴν</span> <span class='ocrx_word' id='word_1_231' title='bbox 3428 480 3805 557; x_wconf 77' lang='grc' dir='ltr'>ἀποταχθῆναι</span> 
     </span>
    </p>
   </div>
   <div class='ocr_carea' id='block_1_37' title="bbox 2155 565 3808 642">
    <p class='ocr_par' dir='ltr' id='par_1_37' title="bbox 2155 565 3808 642">
     <span class='ocr_line' id='line_1_37' title="bbox 2155 565 3808 642; baseline 0.003 -22"><span class='ocrx_word' id='word_1_232' title='bbox 2155 567 2243 620; x_wconf 87' lang='grc' dir='ltr'>καὶ</span> <span class='ocrx_word' id='word_1_233' title='bbox 2298 566 2578 641; x_wconf 79' lang='grc' dir='ltr'>θεραπείαν</span> <span class='ocrx_word' id='word_1_234' title='bbox 2633 567 3001 640; x_wconf 75' lang='grc' dir='ltr'>ἁρμόζουσαν,</span> <span class='ocrx_word' id='word_1_235' title='bbox 3064 565 3380 623; x_wconf 72' lang='grc' dir='ltr'>σύνδειπνον</span> <span class='ocrx_word' id='word_1_236' title='bbox 3442 568 3599 625; x_wconf 76' lang='grc' dir='ltr'>αὐτὸν</span> <span class='ocrx_word' id='word_1_237' title='bbox 3647 592 3808 642; x_wconf 86' lang='grc' dir='ltr'>τηνι-</span> 
     </span>
    </p>
   </div>
   <div class='ocr_carea' id='block_1_38' title="bbox 2154 656 3806 740">
    <p class='ocr_par' dir='ltr' id='par_1_38' title="bbox 2154 656 3806 740">
     <span class='ocr_line' id='line_1_38' title="bbox 2154 656 3806 740; baseline 0.004 -27"><span class='ocrx_word' id='word_1_238' title='bbox 2154 663 2324 714; x_wconf 74' lang='grc' dir='ltr'>καῦτα</span> <span class='ocrx_word' id='word_1_239' title='bbox 2368 659 2456 713; x_wconf 85' lang='grc' dir='ltr'>καὶ</span> <span class='ocrx_word' id='word_1_240' title='bbox 2508 656 2826 732; x_wconf 79' lang='grc' dir='ltr'>ὁμοδίαιτον</span> <span class='ocrx_word' id='word_1_241' title='bbox 2879 660 3262 736; x_wconf 79' lang='grc' dir='ltr'>ἀπειργάσατο,</span> <span class='ocrx_word' id='word_1_242' title='bbox 3314 663 3388 734; x_wconf 76' lang='grc' dir='ltr'>μὴ</span> <span class='ocrx_word' id='word_1_243' title='bbox 3443 664 3590 738; x_wconf 84' lang='grc' dir='ltr'>παρά</span> <span class='ocrx_word' id='word_1_244' title='bbox 3640 665 3806 740; x_wconf 64' lang='grc' dir='ltr'>μίρος</span> 
     </span>
    </p>
   </div>
   <div class='ocr_carea' id='block_1_39' title="bbox 2155 746 3803 828">
    <p class='ocr_par' dir='ltr' id='par_1_39' title="bbox 2155 746 3803 828">
     <span class='ocr_line' id='line_1_39' title="bbox 2155 746 3803 828; baseline 0.004 -27"><span class='ocrx_word' id='word_1_245' title='bbox 2155 748 2396 817; x_wconf 77' lang='grc' dir='ltr'>καθίσας,</span> <span class='ocrx_word' id='word_1_246' title='bbox 2465 746 2611 803; x_wconf 83' lang='grc' dir='ltr'>ἀλλά</span> <span class='ocrx_word' id='word_1_247' title='bbox 2652 748 2937 824; x_wconf 74' lang='grc' dir='ltr'>σύνθρονον</span> <span class='ocrx_word' id='word_1_248' title='bbox 2988 748 3040 803; x_wconf 70' lang='grc' dir='ltr'>ἐν</span> <span class='ocrx_word' id='word_1_249' title='bbox 3096 749 3348 821; x_wconf 81' lang='grc' dir='ltr'>εὐθύτητι</span> <span class='ocrx_word' id='word_1_250' title='bbox 3395 758 3495 819; x_wconf 77' lang='grc' dir='ltr'>τῆς</span> <span class='ocrx_word' id='word_1_251' title='bbox 3555 750 3803 828; x_wconf 69' lang='grc' dir='ltr'>ἰκκρίτου</span> 
     </span>
    </p>
   </div>
   <div class='ocr_carea' id='block_1_40' title="bbox 2156 836 3805 913">
    <p class='ocr_par' dir='ltr' id='par_1_40' title="bbox 2156 836 3805 913">
     <span class='ocr_line' id='line_1_40' title="bbox 2156 836 3805 913; baseline 0.004 -23"><span class='ocrx_word' id='word_1_252' title='bbox 2156 838 2355 907; x_wconf 75' lang='grc' dir='ltr'>τάξεως</span> <span class='ocrx_word' id='word_1_253' title='bbox 2413 839 2501 892; x_wconf 88' lang='grc' dir='ltr'>καὶ</span> <span class='ocrx_word' id='word_1_254' title='bbox 2549 836 2814 910; x_wconf 75' lang='grc' dir='ltr'>ὁμόδοξον</span> <span class='ocrx_word' id='word_1_255' title='bbox 2866 839 3003 892; x_wconf 84' lang='grc' dir='ltr'>κατά</span> <span class='ocrx_word' id='word_1_256' title='bbox 3056 841 3226 912; x_wconf 73' lang='grc' dir='ltr'>τιμὴν</span> <span class='ocrx_word' id='word_1_257' title='bbox 3272 841 3668 913; x_wconf 76' lang='grc' dir='ltr'>ποιησάμενος,</span> <span class='ocrx_word' id='word_1_258' title='bbox 3720 839 3805 904; x_wconf 81' lang='grc' dir='ltr'>δὶς</span> 
     </span>
    </p>
   </div>
   <div class='ocr_carea' id='block_1_41' title="bbox 2157 927 3801 1004">
    <p class='ocr_par' dir='ltr' id='par_1_41' title="bbox 2157 927 3801 1004">
     <span class='ocr_line' id='line_1_41' title="bbox 2157 927 3801 1004; baseline 0.004 -24"><span class='ocrx_word' id='word_1_259' title='bbox 2157 934 2254 997; x_wconf 78' lang='grc' dir='ltr'>τῆς</span> <span class='ocrx_word' id='word_1_260' title='bbox 2302 928 2513 1000; x_wconf 71' lang='grc' dir='ltr'>ἡμέρας</span> <span class='ocrx_word' id='word_1_261' title='bbox 2560 927 2961 1004; x_wconf 82' lang='grc' dir='ltr'>συνερχόμενος</span> <span class='ocrx_word' id='word_1_262' title='bbox 3028 927 3173 1000; x_wconf 77' lang='grc' dir='ltr'>αὐτῷ</span> <span class='ocrx_word' id='word_1_263' title='bbox 3226 930 3317 984; x_wconf 86' lang='grc' dir='ltr'>καὶ</span> <span class='ocrx_word' id='word_1_264' title='bbox 3364 928 3653 986; x_wconf 85' lang='grc' dir='ltr'>συλλαλῶν</span> <span class='ocrx_word' id='word_1_265' title='bbox 3712 934 3801 987; x_wconf 86' lang='grc' dir='ltr'>καὶ</span> 
     </span>
    </p>
   </div>
   <div class='ocr_carea' id='block_1_42' title="bbox 2156 1015 3809 1094">
    <p class='ocr_par' dir='ltr' id='par_1_42' title="bbox 2156 1015 3809 1094">
     <span class='ocr_line' id='line_1_42' title="bbox 2156 1015 3809 1094; baseline 0.004 -25"><span class='ocrx_word' id='word_1_266' title='bbox 2156 1015 2559 1092; x_wconf 62' lang='grc' dir='ltr'>παρακλήσεσιν</span> <span class='ocrx_word' id='word_1_267' title='bbox 2644 1017 3050 1090; x_wconf 78' lang='grc' dir='ltr'>ἀνακτώμενος,</span> <span class='ocrx_word' id='word_1_268' title='bbox 3154 1019 3349 1094; x_wconf 78' lang='grc' dir='ltr'>μὲχρις</span> <span class='ocrx_word' id='word_1_269' title='bbox 3413 1021 3635 1093; x_wconf 75' lang='grc' dir='ltr'>ἡμερῶν</span> <span class='ocrx_word' id='word_1_270' title='bbox 3697 1024 3809 1093; x_wconf 80' lang='grc'>(27)</span> 
     </span>
    </p>
   </div>
   <div class='ocr_carea' id='block_1_43' title="bbox 2162 1106 3807 1184">
    <p class='ocr_par' dir='ltr' id='par_1_43' title="bbox 2162 1106 3807 1184">
     <span class='ocr_line' id='line_1_43' title="bbox 2162 1106 3807 1184; baseline 0.001 -24"><span class='ocrx_word' id='word_1_271' title='bbox 2162 1106 2311 1161; x_wconf 82' lang='grc' dir='ltr'>ὀκτὼ</span> <span class='ocrx_word' id='word_1_272' title='bbox 2362 1112 2469 1163; x_wconf 83' lang='grc' dir='ltr'>τῶν</span> <span class='ocrx_word' id='word_1_273' title='bbox 2531 1107 2737 1181; x_wconf 82' lang='grc' dir='ltr'>ὁμοίων</span> <span class='ocrx_word' id='word_1_274' title='bbox 2781 1106 3058 1162; x_wconf 71' lang='grc' dir='ltr'>ἰκοινώνει</span> <span class='ocrx_word' id='word_1_275' title='bbox 3107 1109 3252 1180; x_wconf 81' lang='grc' dir='ltr'>αὐτῷ</span> <span class='ocrx_word' id='word_1_276' title='bbox 3283 1106 3459 1184; x_wconf 81' lang='grc' dir='ltr'>λόγων</span> <span class='ocrx_word' id='word_1_277' title='bbox 3491 1111 3580 1163; x_wconf 83' lang='grc' dir='ltr'>καὶ</span> <span class='ocrx_word' id='word_1_278' title='bbox 3633 1108 3807 1183; x_wconf 76' lang='grc' dir='ltr'>ἀλῶν¹</span> 
     </span>
    </p>
   </div>
   <div class='ocr_carea' id='block_1_44' title="bbox 2161 1194 3805 1274">
    <p class='ocr_par' dir='ltr' id='par_1_44' title="bbox 2161 1194 3805 1274">
     <span class='ocr_line' id='line_1_44' title="bbox 2161 1194 3805 1274; baseline 0.002 -24"><span class='ocrx_word' id='word_1_279' title='bbox 2161 1194 2290 1269; x_wconf 82' lang='grc' dir='ltr'>μηδ’</span> <span class='ocrx_word' id='word_1_280' title='bbox 2322 1196 2449 1273; x_wconf 78' lang='grc' dir='ltr'>ἄχρι</span> <span class='ocrx_word' id='word_1_281' title='bbox 2482 1198 2569 1251; x_wconf 80' lang='grc' dir='ltr'>καὶ</span> <span class='ocrx_word' id='word_1_282' title='bbox 2628 1198 2970 1273; x_wconf 68' lang='grc' dir='ltr'>βραχυτάτου</span> <span class='ocrx_word' id='word_1_283' title='bbox 3012 1196 3182 1272; x_wconf 80' lang='grc' dir='ltr'>λόγου</span> <span class='ocrx_word' id='word_1_284' title='bbox 3214 1199 3348 1273; x_wconf 87' lang='grc' dir='ltr'>πρὸς</span> <span class='ocrx_word' id='word_1_285' title='bbox 3378 1202 3567 1254; x_wconf 77' lang='grc' dir='ltr'>τοῦτον</span> <span class='ocrx_word' id='word_1_286' title='bbox 3600 1221 3805 1274; x_wconf 86' lang='grc' dir='ltr'>πεπαρ-</span> 
     </span>
    </p>
   </div>
   <div class='ocr_carea' id='block_1_45' title="bbox 2156 1285 3808 1366">
    <p class='ocr_par' dir='ltr' id='par_1_45' title="bbox 2156 1285 3808 1366">
     <span class='ocr_line' id='line_1_45' title="bbox 2156 1285 3808 1366; baseline 0.001 -27"><span class='ocrx_word' id='word_1_287' title='bbox 2156 1288 2407 1356; x_wconf 82' lang='grc' dir='ltr'>ωνηκὼς,</span> <span class='ocrx_word' id='word_1_288' title='bbox 2442 1287 2564 1363; x_wconf 88' lang='grc' dir='ltr'>περί</span> <span class='ocrx_word' id='word_1_289' title='bbox 2611 1308 2773 1341; x_wconf 83' lang='grc' dir='ltr'>τινων</span> <span class='ocrx_word' id='word_1_290' title='bbox 2826 1285 2883 1341; x_wconf 79' lang='grc' dir='ltr'>δὶ</span> <span class='ocrx_word' id='word_1_291' title='bbox 2920 1285 3224 1342; x_wconf 81' lang='grc' dir='ltr'>δοκούντων</span> <span class='ocrx_word' id='word_1_292' title='bbox 3278 1287 3611 1366; x_wconf 78' lang='grc' dir='ltr'>σφαλμάτων</span> <span class='ocrx_word' id='word_1_293' title='bbox 3660 1289 3711 1344; x_wconf 71' lang='grc' dir='ltr'>ἂν</span> <span class='ocrx_word' id='word_1_294' title='bbox 3739 1294 3808 1363; x_wconf 79' lang='grc' dir='ltr'>τῇ</span> 
     </span>
    </p>
   </div>
   <div class='ocr_carea' id='block_1_46' title="bbox 2156 1375 3808 1454">
    <p class='ocr_par' dir='ltr' id='par_1_46' title="bbox 2156 1375 3808 1454">
     <span class='ocr_line' id='line_1_46' title="bbox 2156 1375 3808 1454; baseline 0.003 -25"><span class='ocrx_word' id='word_1_295' title='bbox 2156 1375 2335 1430; x_wconf 72' lang='grc' dir='ltr'>ἐλάσει</span> <span class='ocrx_word' id='word_1_296' title='bbox 2387 1383 2486 1446; x_wconf 81' lang='grc' dir='ltr'>τῆς</span> <span class='ocrx_word' id='word_1_297' title='bbox 2536 1382 2788 1451; x_wconf 80' lang='grc' dir='ltr'>στρατιᾶς</span> <span class='ocrx_word' id='word_1_298' title='bbox 2855 1378 3192 1449; x_wconf 74' lang='grc' dir='ltr'>ὑπομνήσας.</span> <span class='ocrx_word' id='word_1_299' title='bbox 3253 1380 3689 1454; x_wconf 77' lang='grc' dir='ltr'>Διερωτήσαντος</span> <span class='ocrx_word' id='word_1_300' title='bbox 3752 1378 3808 1434; x_wconf 76' lang='grc' dir='ltr'>δὲ</span> 
     </span>
    </p>
   </div>
   <div class='ocr_carea' id='block_1_47' title="bbox 2164 1464 3804 1542">
    <p class='ocr_par' dir='ltr' id='par_1_47' title="bbox 2164 1464 3804 1542">
     <span class='ocr_line' id='line_1_47' title="bbox 2164 1464 3804 1542; baseline 0.002 -23"><span class='ocrx_word' id='word_1_301' title='bbox 2164 1470 2261 1537; x_wconf 77' lang='grc' dir='ltr'>μιᾷ</span> <span class='ocrx_word' id='word_1_302' title='bbox 2288 1471 2395 1520; x_wconf 82' lang='grc' dir='ltr'>τῶν</span> <span class='ocrx_word' id='word_1_303' title='bbox 2429 1467 2652 1539; x_wconf 71' lang='grc' dir='ltr'>ἡμερῶν</span> <span class='ocrx_word' id='word_1_304' title='bbox 2700 1470 2797 1520; x_wconf 83' lang='grc' dir='ltr'>τοῦ</span> <span class='ocrx_word' id='word_1_305' title='bbox 2855 1464 3156 1521; x_wconf 83' lang='grc' dir='ltr'>σουλτάνου</span> <span class='ocrx_word' id='word_1_306' title='bbox 3200 1468 3291 1522; x_wconf 89' lang='grc' dir='ltr'>τὸν</span> <span class='ocrx_word' id='word_1_307' title='bbox 3338 1466 3583 1542; x_wconf 70' lang='grc' dir='ltr'>βασιλέα.</span> <span class='ocrx_word' id='word_1_308' title='bbox 3615 1469 3681 1524; x_wconf 89' lang='grc' dir='ltr'>Τί</span> <span class='ocrx_word' id='word_1_309' title='bbox 3740 1469 3804 1523; x_wconf 74' lang='grc' dir='ltr'>ἂν</span> 
     </span>
    </p>
   </div>
   <div class='ocr_carea' id='block_1_48' title="bbox 2157 1551 3805 1631">
    <p class='ocr_par' dir='ltr' id='par_1_48' title="bbox 2157 1551 3805 1631">
     <span class='ocr_line' id='line_1_48' title="bbox 2157 1551 3805 1631; baseline 0.002 -23"><span class='ocrx_word' id='word_1_310' title='bbox 2157 1552 2405 1630; x_wconf 79' lang='grc' dir='ltr'>ἔδρασας,</span> <span class='ocrx_word' id='word_1_311' title='bbox 2444 1554 2493 1609; x_wconf 80' lang='grc' dir='ltr'>εἷ’</span> <span class='ocrx_word' id='word_1_312' title='bbox 2526 1551 2684 1630; x_wconf 76' lang='grc' dir='ltr'>ἔσχες</span> <span class='ocrx_word' id='word_1_313' title='bbox 2730 1553 2827 1627; x_wconf 68' lang='grc' dir='ltr'>ἐμὲ</span> <span class='ocrx_word' id='word_1_314' title='bbox 2882 1554 3198 1631; x_wconf 83' lang='grc' dir='ltr'>ὑποχείριον</span> <span class='ocrx_word' id='word_1_315' title='bbox 3235 1575 3248 1625; x_wconf 88' lang='lat'><strong>;</strong></span> <span class='ocrx_word' id='word_1_316' title='bbox 3308 1556 3683 1631; x_wconf 84' lang='grc' dir='ltr'>ἀνυποκρίτως</span> <span class='ocrx_word' id='word_1_317' title='bbox 3712 1556 3805 1611; x_wconf 71' lang='grc' dir='ltr'>καὶ</span> 
     </span>
    </p>
   </div>
   <div class='ocr_carea' id='block_1_49' title="bbox 2154 1642 3805 1718">
    <p class='ocr_par' dir='ltr' id='par_1_49' title="bbox 2154 1642 3805 1718">
     <span class='ocr_line' id='line_1_49' title="bbox 2154 1642 3805 1718; baseline 0.001 -21"><span class='ocrx_word' id='word_1_318' title='bbox 2154 1643 2481 1707; x_wconf 82' lang='grc' dir='ltr'>ἁθωπεύτως</span> <span class='ocrx_word' id='word_1_319' title='bbox 2508 1646 2535 1699; x_wconf 99' lang='lat'>6</span> <span class='ocrx_word' id='word_1_320' title='bbox 2572 1642 2829 1718; x_wconf 77' lang='grc' dir='ltr'>βασιλεὺς</span> <span class='ocrx_word' id='word_1_321' title='bbox 2862 1644 3208 1718; x_wconf 85' lang='grc' dir='ltr'>ἀπεκρίνατο,</span> <span class='ocrx_word' id='word_1_322' title='bbox 3240 1643 3322 1699; x_wconf 77' lang='grc' dir='ltr'>ὅτι</span> <span class='ocrx_word' id='word_1_323' title='bbox 3354 1667 3380 1700; x_wconf 75' lang='grc' dir='ltr'>ι</span> <span class='ocrx_word' id='word_1_324' title='bbox 3412 1645 3656 1708; x_wconf 79' lang='grc' dir='ltr'>ΠολΛαῖς</span> <span class='ocrx_word' id='word_1_325' title='bbox 3680 1652 3805 1708; x_wconf 81' lang='grc' dir='ltr'>ταῖς</span> 
     </span>
    </p>
   </div>
   <div class='ocr_carea' id='block_1_50' title="bbox 2156 1731 3799 1810">
    <p class='ocr_par' dir='ltr' id='par_1_50' title="bbox 2156 1731 3799 1810">
     <span class='ocr_line' id='line_1_50' title="bbox 2156 1731 3799 1810; baseline 0.002 -23"><span class='ocrx_word' id='word_1_326' title='bbox 2156 1739 2394 1807; x_wconf 66' lang='grc' dir='ltr'>πληγαῖς</span> <span class='ocrx_word' id='word_1_327' title='bbox 2420 1731 2832 1804; x_wconf 75' lang='grc' dir='ltr'>κατεδαπάνησα</span> <span class='ocrx_word' id='word_1_328' title='bbox 2885 1735 2945 1787; x_wconf 78' lang='grc' dir='ltr'>ἄν</span> <span class='ocrx_word' id='word_1_329' title='bbox 3000 1755 3096 1788; x_wconf 89' lang='grc' dir='ltr'>σου</span> <span class='ocrx_word' id='word_1_330' title='bbox 3151 1734 3213 1788; x_wconf 78' lang='grc' dir='ltr'>τὸ</span> <span class='ocrx_word' id='word_1_331' title='bbox 3258 1739 3439 1808; x_wconf 78' lang='grc' dir='ltr'>σῶμα,</span> <span class='ocrx_word' id='word_1_332' title='bbox 3489 1734 3745 1810; x_wconf 80' lang='grc' dir='ltr'>γίνωσκε,</span> <span class='ocrx_word' id='word_1_333' title='bbox 3779 1763 3799 1791; x_wconf 77' lang='grc' dir='ltr'>ι</span> 
     </span>
    </p>
   </div>
   <div class='ocr_carea' id='block_1_51' title="bbox 2159 1822 3807 1898">
    <p class='ocr_par' dir='ltr' id='par_1_51' title="bbox 2159 1822 3807 1898">
     <span class='ocr_line' id='line_1_51' title="bbox 2159 1822 3807 1898; baseline 0.002 -20"><span class='ocrx_word' id='word_1_334' title='bbox 2159 1822 2315 1879; x_wconf 78' lang='grc' dir='ltr'>Ἀλλ’</span> <span class='ocrx_word' id='word_1_335' title='bbox 2367 1822 2493 1897; x_wconf 73' lang='grc' dir='ltr'><strong>ἐγὼ,</strong></span> <span class='ocrx_word' id='word_1_336' title='bbox 2552 1824 2714 1897; x_wconf 79' lang='grc' dir='ltr'>φησὶν</span> <span class='ocrx_word' id='word_1_337' title='bbox 2772 1825 2799 1877; x_wconf 86' lang='grc' dir='ltr'>ὁ</span> <span class='ocrx_word' id='word_1_338' title='bbox 2851 1822 3169 1889; x_wconf 84' lang='grc' dir='ltr'>σουλτάνος,</span> <span class='ocrx_word' id='word_1_339' title='bbox 3225 1822 3287 1877; x_wconf 79' lang='grc' dir='ltr'>οὐ</span> <span class='ocrx_word' id='word_1_340' title='bbox 3344 1826 3661 1898; x_wconf 77' lang='grc' dir='ltr'>μιμήσομαί</span> <span class='ocrx_word' id='word_1_341' title='bbox 3707 1848 3807 1882; x_wconf 85' lang='grc' dir='ltr'>σου</span> 
     </span>
    </p>
   </div>
   <div class='ocr_carea' id='block_1_52' title="bbox 2156 1910 3808 1986">
    <p class='ocr_par' dir='ltr' id='par_1_52' title="bbox 2156 1910 3808 1986">
     <span class='ocr_line' id='line_1_52' title="bbox 2156 1910 3808 1986; baseline 0.002 -20"><span class='ocrx_word' id='word_1_342' title='bbox 2156 1911 2218 1966; x_wconf 87' lang='grc' dir='ltr'>τὸ</span> <span class='ocrx_word' id='word_1_343' title='bbox 2268 1911 2530 1986; x_wconf 78' lang='grc' dir='ltr'>αὐστηρὸν</span> <span class='ocrx_word' id='word_1_344' title='bbox 2575 1911 2664 1966; x_wconf 88' lang='grc' dir='ltr'>καὶ</span> <span class='ocrx_word' id='word_1_345' title='bbox 2724 1911 3024 1984; x_wconf 86' lang='grc' dir='ltr'>ἀπότομον.</span> <span class='ocrx_word' id='word_1_346' title='bbox 3091 1910 3240 1981; x_wconf 77' lang='grc' dir='ltr'>Πλὴν</span> <span class='ocrx_word' id='word_1_347' title='bbox 3286 1910 3468 1966; x_wconf 81' lang='grc' dir='ltr'>ἀκούω</span> <span class='ocrx_word' id='word_1_348' title='bbox 3514 1912 3595 1968; x_wconf 71' lang='grc' dir='ltr'>ὅτι</span> <span class='ocrx_word' id='word_1_349' title='bbox 3644 1915 3734 1969; x_wconf 77' lang='grc' dir='ltr'>καὶ</span> <span class='ocrx_word' id='word_1_350' title='bbox 3781 1916 3808 1970; x_wconf 89' lang='lat'>6</span> 
     </span>
    </p>
   </div>
   <div class='ocr_carea' id='block_1_53' title="bbox 2162 2000 3809 2077">
    <p class='ocr_par' dir='ltr' id='par_1_53' title="bbox 2162 2000 3809 2077">
     <span class='ocr_line' id='line_1_53' title="bbox 2162 2000 3809 2077; baseline 0.002 -23"><span class='ocrx_word' id='word_1_351' title='bbox 2162 2002 2419 2076; x_wconf 67' lang='grc' dir='ltr'>ὑμέτερος</span> <span class='ocrx_word' id='word_1_352' title='bbox 2452 2001 2691 2075; x_wconf 88' lang='grc' dir='ltr'>Χριστὸς</span> <span class='ocrx_word' id='word_1_353' title='bbox 2741 2001 2962 2075; x_wconf 71' lang='grc' dir='ltr'>εἰρήνην</span> <span class='ocrx_word' id='word_1_354' title='bbox 3003 2000 3133 2073; x_wconf 84' lang='grc' dir='ltr'>ὑμῖν</span> <span class='ocrx_word' id='word_1_355' title='bbox 3180 2003 3470 2073; x_wconf 78' lang='grc' dir='ltr'>νομοθετεῖ</span> <span class='ocrx_word' id='word_1_356' title='bbox 3509 2004 3599 2057; x_wconf 69' lang='grc' dir='ltr'>καὶ</span> <span class='ocrx_word' id='word_1_357' title='bbox 3631 2004 3809 2077; x_wconf 85' lang='grc' dir='ltr'>ἀμνη-</span> 
     </span>
    </p>
   </div>
   <div class='ocr_carea' id='block_1_54' title="bbox 2157 2090 3808 2167">
    <p class='ocr_par' dir='ltr' id='par_1_54' title="bbox 2157 2090 3808 2167">
     <span class='ocr_line' id='line_1_54' title="bbox 2157 2090 3808 2167; baseline 0.003 -24"><span class='ocrx_word' id='word_1_358' title='bbox 2157 2090 2301 2144; x_wconf 84' lang='grc' dir='ltr'>στίαν</span> <span class='ocrx_word' id='word_1_359' title='bbox 2361 2095 2565 2157; x_wconf 80' lang='grc' dir='ltr'>κακῶν,</span> <span class='ocrx_word' id='word_1_360' title='bbox 2612 2090 2701 2143; x_wconf 80' lang='grc' dir='ltr'>καὶ</span> <span class='ocrx_word' id='word_1_361' title='bbox 2758 2096 2874 2151; x_wconf 78' lang='grc' dir='ltr'>τοῖς</span> <span class='ocrx_word' id='word_1_362' title='bbox 2932 2090 3298 2167; x_wconf 70' lang='grc' dir='ltr'>ὑπερηφάνοις</span> <span class='ocrx_word' id='word_1_363' title='bbox 3349 2091 3808 2166; x_wconf 80' lang='grc' dir='ltr'>ἀντικαθίσταται,</span> 
     </span>
    </p>
   </div>
   <div class='ocr_carea' id='block_1_55' title="bbox 2152 2176 3809 2255">
    <p class='ocr_par' dir='ltr' id='par_1_55' title="bbox 2152 2176 3809 2255">
     <span class='ocr_line' id='line_1_55' title="bbox 2152 2176 3809 2255; baseline 0.002 -23"><span class='ocrx_word' id='word_1_364' title='bbox 2152 2185 2429 2241; x_wconf 81' lang='grc' dir='ltr'>ταπεινοῖς</span> <span class='ocrx_word' id='word_1_365' title='bbox 2483 2176 2539 2237; x_wconf 73' lang='grc' dir='ltr'>δὲ</span> <span class='ocrx_word' id='word_1_366' title='bbox 2597 2176 2787 2233; x_wconf 86' lang='grc' dir='ltr'>δίδωσι</span> <span class='ocrx_word' id='word_1_367' title='bbox 2819 2178 3004 2253; x_wconf 77' lang='grc' dir='ltr'>χάριν.</span> <span class='ocrx_word' id='word_1_368' title='bbox 3062 2178 3210 2234; x_wconf 83' lang='grc' dir='ltr'>Μετά</span> <span class='ocrx_word' id='word_1_369' title='bbox 3262 2184 3422 2234; x_wconf 73' lang='grc' dir='ltr'>τοῦτο</span> <span class='ocrx_word' id='word_1_370' title='bbox 3478 2184 3602 2255; x_wconf 73' lang='grc' dir='ltr'>γοῦν</span> <span class='ocrx_word' id='word_1_371' title='bbox 3636 2202 3809 2237; x_wconf 83' lang='grc' dir='ltr'>σπον-</span> 
     </span>
    </p>
   </div>
   <div class='ocr_carea' id='block_1_56' title="bbox 2154 2266 3808 2345">
    <p class='ocr_par' dir='ltr' id='par_1_56' title="bbox 2154 2266 3808 2345">
     <span class='ocr_line' id='line_1_56' title="bbox 2154 2266 3808 2345; baseline 0.001 -22"><span class='ocrx_word' id='word_1_372' title='bbox 2154 2266 2248 2329; x_wconf 72' lang='grc' dir='ltr'>δὰς</span> <span class='ocrx_word' id='word_1_373' title='bbox 2306 2268 2668 2340; x_wconf 79' lang='grc' dir='ltr'>ποιησάμενοι</span> <span class='ocrx_word' id='word_1_374' title='bbox 2718 2268 2808 2322; x_wconf 76' lang='grc' dir='ltr'>καὶ</span> <span class='ocrx_word' id='word_1_375' title='bbox 2869 2268 3139 2338; x_wconf 71' lang='grc' dir='ltr'>συνθήκας</span> <span class='ocrx_word' id='word_1_376' title='bbox 3187 2268 3462 2345; x_wconf 62' lang='grc' dir='ltr'>εἴρηνικᾶς</span> <span class='ocrx_word' id='word_1_377' title='bbox 3516 2266 3808 2341; x_wconf 77' lang='grc' dir='ltr'>διηνεκεῖς,</span> 
     </span>
    </p>
   </div>
   <div class='ocr_carea' id='block_1_57' title="bbox 2150 2356 3806 2430">
    <p class='ocr_par' dir='ltr' id='par_1_57' title="bbox 2150 2356 3806 2430">
     <span class='ocr_line' id='line_1_57' title="bbox 2150 2356 3806 2430; baseline 0.001 -18"><span class='ocrx_word' id='word_1_378' title='bbox 2150 2358 2239 2412; x_wconf 85' lang='grc' dir='ltr'>καὶ</span> <span class='ocrx_word' id='word_1_379' title='bbox 2270 2356 2438 2427; x_wconf 81' lang='grc' dir='ltr'>κῆδος</span> <span class='ocrx_word' id='word_1_380' title='bbox 2481 2356 2567 2412; x_wconf 79' lang='grc' dir='ltr'>ἐπὶ</span> <span class='ocrx_word' id='word_1_381' title='bbox 2606 2363 2720 2419; x_wconf 86' lang='grc' dir='ltr'>τοῖς</span> <span class='ocrx_word' id='word_1_382' title='bbox 2771 2356 2923 2411; x_wconf 86' lang='grc' dir='ltr'>παισὶ</span> <span class='ocrx_word' id='word_1_383' title='bbox 2974 2359 3391 2430; x_wconf 79' lang='grc' dir='ltr'>συστησάμενοι,</span> <span class='ocrx_word' id='word_1_384' title='bbox 3449 2358 3538 2413; x_wconf 86' lang='grc' dir='ltr'>καὶ</span> <span class='ocrx_word' id='word_1_385' title='bbox 3595 2360 3661 2414; x_wconf 81' lang='grc' dir='ltr'>τά</span> <span class='ocrx_word' id='word_1_386' title='bbox 3720 2357 3806 2414; x_wconf 81' lang='grc' dir='ltr'>δί-</span> 
     </span>
    </p>
   </div>
   <div class='ocr_carea' id='block_1_58' title="bbox 2150 2444 3804 2522">
    <p class='ocr_par' dir='ltr' id='par_1_58' title="bbox 2150 2444 3804 2522">
     <span class='ocr_line' id='line_1_58' title="bbox 2150 2444 3804 2522; baseline 0.001 -21"><span class='ocrx_word' id='word_1_387' title='bbox 2150 2469 2275 2501; x_wconf 86' lang='grc' dir='ltr'>καια</span> <span class='ocrx_word' id='word_1_388' title='bbox 2319 2448 2547 2517; x_wconf 74' lang='grc' dir='ltr'>ἑκάστης</span> <span class='ocrx_word' id='word_1_389' title='bbox 2619 2448 2957 2522; x_wconf 73' lang='grc' dir='ltr'>ὶπικρατείας</span> <span class='ocrx_word' id='word_1_390' title='bbox 3017 2444 3049 2500; x_wconf 77' lang='grc' dir='ltr'>ἃ</span> <span class='ocrx_word' id='word_1_391' title='bbox 3104 2446 3164 2520; x_wconf 71' lang='grc' dir='ltr'>ᾖν</span> <span class='ocrx_word' id='word_1_392' title='bbox 3225 2446 3275 2516; x_wconf 80' lang='grc' dir='ltr'>ἐξ</span> <span class='ocrx_word' id='word_1_393' title='bbox 3326 2449 3505 2521; x_wconf 76' lang='grc' dir='ltr'>ἀρχῆς</span> <span class='ocrx_word' id='word_1_394' title='bbox 3557 2448 3804 2520; x_wconf 69' lang='grc' dir='ltr'>θέμενοι,</span> 
     </span>
    </p>
   </div>
   <div class='ocr_carea' id='block_1_59' title="bbox 2152 2534 3802 2614">
    <p class='ocr_par' dir='ltr' id='par_1_59' title="bbox 2152 2534 3802 2614">
     <span class='ocr_line' id='line_1_59' title="bbox 2152 2534 3802 2614; baseline 0.002 -24"><span class='ocrx_word' id='word_1_395' title='bbox 2152 2536 2351 2614; x_wconf 73' lang='grc' dir='ltr'>φιλίως</span> <span class='ocrx_word' id='word_1_396' title='bbox 2398 2558 2455 2591; x_wconf 85' lang='grc' dir='ltr'>τε</span> <span class='ocrx_word' id='word_1_397' title='bbox 2506 2534 2790 2605; x_wconf 69' lang='grc' dir='ltr'>ἀλλήλους</span> <span class='ocrx_word' id='word_1_398' title='bbox 2829 2535 3279 2610; x_wconf 79' lang='grc' dir='ltr'>προσμίγνυσθαι,</span> <span class='ocrx_word' id='word_1_399' title='bbox 3314 2537 3508 2608; x_wconf 67' lang='grc' dir='ltr'>μηκέτι</span> <span class='ocrx_word' id='word_1_400' title='bbox 3558 2534 3614 2591; x_wconf 74' lang='grc' dir='ltr'>δὲ</span> <span class='ocrx_word' id='word_1_401' title='bbox 3662 2536 3802 2607; x_wconf 78' lang='grc' dir='ltr'>λεη-</span> 
     </span>
    </p>
   </div>
   <div class='ocr_carea' id='block_1_60' title="bbox 2151 2623 3802 2700">
    <p class='ocr_par' dir='ltr' id='par_1_60' title="bbox 2151 2623 3802 2700">
     <span class='ocr_line' id='line_1_60' title="bbox 2151 2623 3802 2700; baseline 0.001 -21"><span class='ocrx_word' id='word_1_402' title='bbox 2151 2624 2343 2680; x_wconf 87' lang='grc' dir='ltr'>λασίαν</span> <span class='ocrx_word' id='word_1_403' title='bbox 2389 2632 2487 2695; x_wconf 85' lang='grc' dir='ltr'>τῆς</span> <span class='ocrx_word' id='word_1_404' title='bbox 2546 2624 2836 2697; x_wconf 85' lang='grc' dir='ltr'>Ῥωμαίων</span> <span class='ocrx_word' id='word_1_405' title='bbox 2898 2623 3239 2700; x_wconf 71' lang='grc' dir='ltr'>ἐπικρατείας</span> <span class='ocrx_word' id='word_1_406' title='bbox 3294 2627 3419 2700; x_wconf 87' lang='grc' dir='ltr'>παρ’</span> <span class='ocrx_word' id='word_1_407' title='bbox 3484 2627 3802 2681; x_wconf 70' lang='grc' dir='ltr'>οὑτινοσοῦν</span> 
     </span>
    </p>
   </div>
   <div class='ocr_carea' id='block_1_61' title="bbox 2147 2714 3793 2790">
    <p class='ocr_par' dir='ltr' id='par_1_61' title="bbox 2147 2714 3793 2790">
     <span class='ocr_line' id='line_1_61' title="bbox 2147 2714 3793 2790; baseline 0.001 -21"><span class='ocrx_word' id='word_1_408' title='bbox 2147 2720 2255 2769; x_wconf 81' lang='grc' dir='ltr'>τῶν</span> <span class='ocrx_word' id='word_1_409' title='bbox 2317 2714 2576 2788; x_wconf 77' lang='grc' dir='ltr'>Τούρκων</span> <span class='ocrx_word' id='word_1_410' title='bbox 2644 2714 2904 2790; x_wconf 82' lang='grc' dir='ltr'>γίνεσθαι,</span> <span class='ocrx_word' id='word_1_411' title='bbox 2986 2714 3393 2787; x_wconf 73' lang='grc' dir='ltr'>ὑποστραφῆναί</span> <span class='ocrx_word' id='word_1_412' title='bbox 3462 2736 3520 2769; x_wconf 87' lang='grc' dir='ltr'>τε</span> <span class='ocrx_word' id='word_1_413' title='bbox 3586 2716 3793 2778; x_wconf 73' lang='grc' dir='ltr'>πάντας</span> 
     </span>
    </p>
   </div>
   <div class='ocr_carea' id='block_1_62' title="bbox 2148 2802 3803 2875">
    <p class='ocr_par' dir='ltr' id='par_1_62' title="bbox 2148 2802 3803 2875">
     <span class='ocr_line' id='line_1_62' title="bbox 2148 2802 3803 2875; baseline 0.002 -18"><span class='ocrx_word' id='word_1_414' title='bbox 2148 2803 2275 2867; x_wconf 76' lang='grc' dir='ltr'>τοὺς</span> <span class='ocrx_word' id='word_1_415' title='bbox 2314 2805 2431 2857; x_wconf 76' lang='grc' dir='ltr'>ὅσοι</span> <span class='ocrx_word' id='word_1_416' title='bbox 2490 2804 2625 2858; x_wconf 72' lang='grc' dir='ltr'>ποτὲ</span> <span class='ocrx_word' id='word_1_417' title='bbox 2684 2803 2819 2857; x_wconf 85' lang='grc' dir='ltr'>κατά</span> <span class='ocrx_word' id='word_1_418' title='bbox 2875 2805 2973 2872; x_wconf 75' lang='grc' dir='ltr'>τῆς</span> <span class='ocrx_word' id='word_1_419' title='bbox 3005 2803 3291 2875; x_wconf 81' lang='grc' dir='ltr'>Ῥωμαίων</span> <span class='ocrx_word' id='word_1_420' title='bbox 3344 2802 3668 2875; x_wconf 75' lang='grc' dir='ltr'>ἐστάλησαν,</span> <span class='ocrx_word' id='word_1_421' title='bbox 3704 2808 3803 2860; x_wconf 74' lang='grc' dir='ltr'>καὶ</span> 
     </span>
    </p>
   </div>
   <div class='ocr_carea' id='block_1_63' title="bbox 2146 2889 3801 2970">
    <p class='ocr_par' dir='ltr' id='par_1_63' title="bbox 2146 2889 3801 2970">
     <span class='ocr_line' id='line_1_63' title="bbox 2146 2889 3801 2970; baseline 0 -23"><span class='ocrx_word' id='word_1_422' title='bbox 2146 2894 2249 2962; x_wconf 80' lang='grc' dir='ltr'>τήν</span> <span class='ocrx_word' id='word_1_423' title='bbox 2306 2892 2691 2967; x_wconf 71' lang='grc' dir='ltr'>αἱχμαλωσίαν</span> <span class='ocrx_word' id='word_1_424' title='bbox 2732 2889 2961 2962; x_wconf 70' lang='grc' dir='ltr'>ἅπασαν,</span> <span class='ocrx_word' id='word_1_425' title='bbox 3010 2895 3098 2946; x_wconf 84' lang='grc' dir='ltr'>καὶ</span> <span class='ocrx_word' id='word_1_426' title='bbox 3159 2891 3392 2965; x_wconf 80' lang='grc' dir='ltr'>μάλιστα</span> <span class='ocrx_word' id='word_1_427' title='bbox 3438 2895 3501 2947; x_wconf 88' lang='grc' dir='ltr'>τὸ</span> <span class='ocrx_word' id='word_1_428' title='bbox 3552 2895 3801 2970; x_wconf 73' lang='grc' dir='ltr'>προέχον</span> 
     </span>
    </p>
   </div>
   <div class='ocr_carea' id='block_1_64' title="bbox 2145 2979 3809 3056">
    <p class='ocr_par' dir='ltr' id='par_1_64' title="bbox 2145 2979 3809 3056">
     <span class='ocr_line' id='line_1_64' title="bbox 2145 2979 3809 3056; baseline 0 -17"><span class='ocrx_word' id='word_1_429' title='bbox 2145 2987 2253 3039; x_wconf 82' lang='grc' dir='ltr'>τῶν</span> <span class='ocrx_word' id='word_1_430' title='bbox 2304 2983 2592 3055; x_wconf 83' lang='grc' dir='ltr'>Ῥωμαίων</span> <span class='ocrx_word' id='word_1_431' title='bbox 2650 2980 2740 3035; x_wconf 72' lang='grc' dir='ltr'>καὶ</span> <span class='ocrx_word' id='word_1_432' title='bbox 2809 2979 3078 3056; x_wconf 76' lang='grc' dir='ltr'>ἔκκριτον,</span> <span class='ocrx_word' id='word_1_433' title='bbox 3158 2979 3397 3052; x_wconf 81' lang='grc' dir='ltr'>δεξίωσιν</span> <span class='ocrx_word' id='word_1_434' title='bbox 3463 2980 3625 3053; x_wconf 70' lang='grc' dir='ltr'>ἁδρὰν</span> <span class='ocrx_word' id='word_1_435' title='bbox 3702 2988 3809 3039; x_wconf 73' lang='grc' dir='ltr'>τοῦ</span> 
     </span>
    </p>
   </div>
   <div class='ocr_carea' id='block_1_65' title="bbox 2154 3067 3806 3147">
    <p class='ocr_par' dir='ltr' id='par_1_65' title="bbox 2154 3067 3806 3147">
     <span class='ocr_line' id='line_1_65' title="bbox 2154 3067 3806 3147; baseline 0.002 -25"><span class='ocrx_word' id='word_1_436' title='bbox 2154 3067 2421 3144; x_wconf 69' lang='grc' dir='ltr'>βασιλέως</span> <span class='ocrx_word' id='word_1_437' title='bbox 2454 3067 3044 3142; x_wconf 78' lang='grc' dir='ltr'>προσομολογήσαντος</span> <span class='ocrx_word' id='word_1_438' title='bbox 3081 3073 3158 3139; x_wconf 79' lang='grc' dir='ltr'>τῷ</span> <span class='ocrx_word' id='word_1_439' title='bbox 3186 3069 3486 3142; x_wconf 75' lang='grc' dir='ltr'>σουλτάνῳ.</span> <span class='ocrx_word' id='word_1_440' title='bbox 3524 3071 3806 3147; x_wconf 73' lang='grc' dir='ltr'>Ἐςφάγηο</span> 
     </span>
    </p>
   </div>
   <div class='ocr_carea' id='block_1_66' title="bbox 382 3142 2044 3233">
    <p class='ocr_par' dir='ltr' id='par_1_66' title="bbox 382 3150 2031 3233">
     <span class='ocr_line' id='line_1_66' title="bbox 382 3150 2031 3233; baseline -0.008 -16"><span class='ocrx_word' id='word_1_441' title='bbox 382 3159 939 3233; x_wconf 73' lang='lat' dir='ltr'>potitus,prassidem</span> <span class='ocrx_word' id='word_1_442' title='bbox 962 3156 1404 3212; x_wconf 86' lang='lat' dir='ltr'>Constantinum</span> <span class='ocrx_word' id='word_1_443' title='bbox 1424 3153 1673 3209; x_wconf 82' lang='lat' dir='ltr'>ﬁliorum</span> <span class='ocrx_word' id='word_1_444' title='bbox 1692 3157 1830 3207; x_wconf 86' lang='lat' dir='ltr'>natu</span> <span class='ocrx_word' id='word_1_445' title='bbox 1859 3150 2031 3205; x_wconf 87' lang='lat' dir='ltr'>mini-</span> 
     </span>
    </p>
   </div>
   <div class='ocr_carea' id='block_1_67' title="bbox 2154 3142 3803 3233">
    <p class='ocr_par' dir='ltr' id='par_1_67' title="bbox 2154 3142 3803 3230">
     <span class='ocr_line' id='line_1_67' title="bbox 2154 3142 3803 3230; baseline 0.003 -20"><span class='ocrx_word' id='word_1_446' title='bbox 2154 3179 2238 3212; x_wconf 72' lang='grc' dir='ltr'>παν</span> <span class='ocrx_word' id='word_1_447' title='bbox 2272 3155 2329 3212; x_wconf 77' lang='grc' dir='ltr'>δὶ</span> <span class='ocrx_word' id='word_1_448' title='bbox 2355 3162 2652 3227; x_wconf 77' lang='grc' dir='ltr'>τηνικαῦτα</span> <span class='ocrx_word' id='word_1_449' title='bbox 2701 3159 2849 3211; x_wconf 75' lang='grc' dir='ltr'>Λέων</span> <span class='ocrx_word' id='word_1_450' title='bbox 2900 3159 2928 3212; x_wconf 88' lang='lat'>6</span> <span class='ocrx_word' id='word_1_451' title='bbox 2979 3156 3064 3211; x_wconf 83' lang='grc' dir='ltr'>ἐπὶ</span> <span class='ocrx_word' id='word_1_452' title='bbox 3110 3162 3217 3212; x_wconf 82' lang='grc' dir='ltr'>τῶν</span> <span class='ocrx_word' id='word_1_453' title='bbox 3265 3155 3501 3228; x_wconf 78' lang='grc' dir='ltr'>δεήσεων</span> <span class='ocrx_word' id='word_1_454' title='bbox 3548 3142 3663 3230; x_wconf 59' lang='grc'>(28)</span> <span class='ocrx_word' id='word_1_455' title='bbox 3705 3142 3803 3215; x_wconf 57' lang='lat' dir='ltr'>iui</span> 
     </span>
    </p>
   </div>
   <div class='ocr_carea' id='block_1_68' title="bbox 383 3241 2044 3323">
    <p class='ocr_par' dir='ltr' id='par_1_68' title="bbox 383 3241 2024 3319">
     <span class='ocr_line' id='line_1_68' title="bbox 383 3241 2024 3319; baseline -0.007 -12"><span class='ocrx_word' id='word_1_456' title='bbox 383 3267 544 3307; x_wconf 90' lang='lat' dir='ltr'>mum</span> <span class='ocrx_word' id='word_1_457' title='bbox 572 3266 708 3306; x_wconf 90' lang='lat' dir='ltr'>cum</span> <span class='ocrx_word' id='word_1_458' title='bbox 737 3246 1148 3319; x_wconf 85' lang='lat' dir='ltr'>frequentibus</span> <span class='ocrx_word' id='word_1_459' title='bbox 1189 3243 1373 3315; x_wconf 91' lang='lat' dir='ltr'>copiis</span> <span class='ocrx_word' id='word_1_460' title='bbox 1398 3244 1679 3297; x_wconf 89' lang='lat' dir='ltr'>adversus</span> <span class='ocrx_word' id='word_1_461' title='bbox 1710 3241 2024 3311; x_wconf 88' lang='lat' dir='ltr'>Diogenem</span> 
     </span>
    </p>
   </div>
   <div class='ocr_carea' id='block_1_69' title="bbox 2154 3241 3801 3323">
    <p class='ocr_par' dir='ltr' id='par_1_69' title="bbox 2154 3245 3801 3323">
     <span class='ocr_line' id='line_1_69' title="bbox 2154 3245 3801 3323; baseline 0.003 -24"><span class='ocrx_word' id='word_1_462' title='bbox 2154 3246 2165 3298; x_wconf 62' lang='grc'><strong><em>5</em></strong></span> <span class='ocrx_word' id='word_1_463' title='bbox 2228 3248 2523 3320; x_wconf 76' lang='grc' dir='ltr'>μάγιστρος</span> <span class='ocrx_word' id='word_1_464' title='bbox 2584 3245 2879 3309; x_wconf 80' lang='grc' dir='ltr'>Εὐστάθιος</span> <span class='ocrx_word' id='word_1_465' title='bbox 2937 3246 3027 3299; x_wconf 88' lang='grc' dir='ltr'>καὶ</span> <span class='ocrx_word' id='word_1_466' title='bbox 3099 3254 3580 3323; x_wconf 78' lang='grc' dir='ltr'>πρωτασηκρῆτις,</span> <span class='ocrx_word' id='word_1_467' title='bbox 3645 3248 3801 3304; x_wconf 70' lang='grc' dir='ltr'>ἑάλω</span> 
     </span>
    </p>
   </div>
   <div class='ocr_carea' id='block_1_70' title="bbox 378 3329 2044 3413">
    <p class='ocr_par' dir='ltr' id='par_1_70' title="bbox 378 3330 2024 3413">
     <span class='ocr_line' id='line_1_70' title="bbox 378 3330 2024 3413; baseline -0.009 -15"><span class='ocrx_word' id='word_1_468' title='bbox 378 3343 681 3411; x_wconf 85' lang='lat' dir='ltr'>immittit;</span> <span class='ocrx_word' id='word_1_469' title='bbox 707 3339 994 3413; x_wconf 84' lang='lat' dir='ltr'>quietiam</span> <span class='ocrx_word' id='word_1_470' title='bbox 1012 3337 1364 3405; x_wconf 89' lang='lat' dir='ltr'>conjunctus</span> <span class='ocrx_word' id='word_1_471' title='bbox 1398 3350 1529 3388; x_wconf 91' lang='lat' dir='ltr'>cum</span> <span class='ocrx_word' id='word_1_472' title='bbox 1545 3333 1671 3404; x_wconf 87' lang='lat' dir='ltr'>ipso</span> <span class='ocrx_word' id='word_1_473' title='bbox 1684 3331 1880 3386; x_wconf 82' lang='lat' dir='ltr'>Doceae</span> <span class='ocrx_word' id='word_1_474' title='bbox 1903 3330 2024 3386; x_wconf 91' lang='lat' dir='ltr'>bel-</span> 
     </span>
    </p>
   </div>
   <div class='ocr_carea' id='block_1_71' title="bbox 2154 3329 3797 3413">
    <p class='ocr_par' dir='ltr' id='par_1_71' title="bbox 2154 3329 3797 3410">
     <span class='ocr_line' id='line_1_71' title="bbox 2154 3329 3797 3410; baseline 0.004 -23"><span class='ocrx_word' id='word_1_475' title='bbox 2154 3334 2191 3389; x_wconf 72' lang='grc' dir='ltr'>ἰὶ</span> <span class='ocrx_word' id='word_1_476' title='bbox 2245 3334 2333 3389; x_wconf 77' lang='grc' dir='ltr'>καὶ</span> <span class='ocrx_word' id='word_1_477' title='bbox 2386 3336 2413 3389; x_wconf 82' lang='grc' dir='ltr'>ὁ</span> <span class='ocrx_word' id='word_1_478' title='bbox 2480 3329 2979 3410; x_wconf 78' lang='grc' dir='ltr'>πρωτοϐεστιάριος</span> <span class='ocrx_word' id='word_1_479' title='bbox 3057 3334 3346 3399; x_wconf 84' lang='grc' dir='ltr'>Βασίλειος</span> <span class='ocrx_word' id='word_1_480' title='bbox 3417 3337 3445 3391; x_wconf 90' lang='lat'>6</span> <span class='ocrx_word' id='word_1_481' title='bbox 3499 3335 3797 3409; x_wconf 66' lang='grc' dir='ltr'>Μαλέα-ης.</span> 
     </span>
    </p>
   </div>
   <div class='ocr_carea' id='block_1_72' title="bbox 375 3421 2044 3503">
    <p class='ocr_par' dir='ltr' id='par_1_72' title="bbox 375 3421 2023 3497">
     <span class='ocr_line' id='line_1_72' title="bbox 375 3421 2023 3497; baseline -0.009 -8"><span class='ocrx_word' id='word_1_482' title='bbox 375 3434 499 3488; x_wconf 91' lang='lat' dir='ltr'>lum</span> <span class='ocrx_word' id='word_1_483' title='bbox 526 3430 838 3487; x_wconf 89' lang='lat' dir='ltr'>metuebat.</span> <span class='ocrx_word' id='word_1_484' title='bbox 862 3431 933 3483; x_wconf 87' lang='lat' dir='ltr'>At</span> <span class='ocrx_word' id='word_1_485' title='bbox 954 3427 1240 3497; x_wconf 90' lang='lat' dir='ltr'>Diogenes</span> <span class='ocrx_word' id='word_1_486' title='bbox 1262 3422 1623 3494; x_wconf 87' lang='lat' dir='ltr'>superiorem</span> <span class='ocrx_word' id='word_1_487' title='bbox 1649 3437 1709 3475; x_wconf 91' lang='lat' dir='ltr'>se</span> <span class='ocrx_word' id='word_1_488' title='bbox 1740 3421 2023 3476; x_wconf 81' lang='lat' dir='ltr'>Constan-</span> 
     </span>
    </p>
   </div>
   <div class='ocr_carea' id='block_1_73' title="bbox 2154 3421 3795 3503">
    <p class='ocr_par' dir='ltr' id='par_1_73' title="bbox 2154 3422 3795 3503">
     <span class='ocr_line' id='line_1_73' title="bbox 2154 3422 3795 3503; baseline 0.003 -26"><span class='ocrx_word' id='word_1_489' title='bbox 2154 3425 2281 3479; x_wconf 73' lang='grc' dir='ltr'>,ιετά</span> <span class='ocrx_word' id='word_1_490' title='bbox 2312 3422 2367 3479; x_wconf 77' lang='grc' dir='ltr'>δὲ</span> <span class='ocrx_word' id='word_1_491' title='bbox 2391 3426 2453 3479; x_wconf 86' lang='grc' dir='ltr'>τὸ</span> <span class='ocrx_word' id='word_1_492' title='bbox 2496 3428 2662 3479; x_wconf 73' lang='grc' dir='ltr'>ταῦτα</span> <span class='ocrx_word' id='word_1_493' title='bbox 2712 3423 2854 3478; x_wconf 72' lang='grc' dir='ltr'>οὕτω</span> <span class='ocrx_word' id='word_1_494' title='bbox 2912 3423 3227 3499; x_wconf 73' lang='grc' dir='ltr'>πραχθῆναί</span> <span class='ocrx_word' id='word_1_495' title='bbox 3264 3447 3321 3480; x_wconf 89' lang='grc' dir='ltr'>τε</span> <span class='ocrx_word' id='word_1_496' title='bbox 3364 3426 3448 3480; x_wconf 77' lang='grc' dir='ltr'>καὶ</span> <span class='ocrx_word' id='word_1_497' title='bbox 3485 3447 3795 3503; x_wconf 73' lang='grc' dir='ltr'>συμφωνη-</span> 
     </span>
    </p>
   </div>
   <div class='ocr_carea' id='block_1_74' title="bbox 372 3508 2044 3590">
    <p class='ocr_par' dir='ltr' id='par_1_74' title="bbox 372 3508 2018 3589">
     <span class='ocr_line' id='line_1_74' title="bbox 372 3508 2018 3589; baseline -0.009 -12"><span class='ocrx_word' id='word_1_498' title='bbox 372 3522 497 3578; x_wconf 89' lang='lat' dir='ltr'>tino</span> <span class='ocrx_word' id='word_1_499' title='bbox 511 3536 753 3576; x_wconf 89' lang='lat' dir='ltr'>cernens</span> <span class='ocrx_word' id='word_1_500' title='bbox 768 3535 869 3589; x_wconf 92' lang='lat' dir='ltr'>pro</span> <span class='ocrx_word' id='word_1_501' title='bbox 880 3518 1063 3571; x_wconf 78' lang='lat' dir='ltr'>fectus</span> <span class='ocrx_word' id='word_1_502' title='bbox 1079 3510 1454 3583; x_wconf 87' lang='lat' dir='ltr'>indeperveni</span> <span class='ocrx_word' id='word_1_503' title='bbox 1467 3516 1486 3565; x_wconf 88' lang='lat' dir='ltr'>t</span> <span class='ocrx_word' id='word_1_504' title='bbox 1500 3513 1555 3563; x_wconf 90' lang='lat' dir='ltr'>in</span> <span class='ocrx_word' id='word_1_505' title='bbox 1572 3508 1992 3581; x_wconf 88' lang='lat' dir='ltr'>Cappadociam</span> <span class='ocrx_word' id='word_1_506' title='bbox 2006 3551 2018 3563; x_wconf 96' lang='lat'>.</span> 
     </span>
    </p>
   </div>
   <div class='ocr_carea' id='block_1_75' title="bbox 2154 3508 3786 3590">
    <p class='ocr_par' dir='ltr' id='par_1_75' title="bbox 2154 3511 3786 3590">
     <span class='ocr_line' id='line_1_75' title="bbox 2154 3511 3786 3590; baseline 0.004 -25"><span class='ocrx_word' id='word_1_507' title='bbox 2154 3520 2288 3580; x_wconf 59' lang='grc' dir='ltr'>θῆναι</span> <span class='ocrx_word' id='word_1_508' title='bbox 2323 3512 2583 3568; x_wconf 75' lang='grc' dir='ltr'>ἀπέλυσεν</span> <span class='ocrx_word' id='word_1_509' title='bbox 2619 3514 2646 3567; x_wconf 93' lang='lat'>6</span> <span class='ocrx_word' id='word_1_510' title='bbox 2691 3511 2987 3576; x_wconf 82' lang='grc' dir='ltr'>σουλτάνος</span> <span class='ocrx_word' id='word_1_511' title='bbox 3030 3514 3120 3568; x_wconf 88' lang='grc' dir='ltr'>τὸν</span> <span class='ocrx_word' id='word_1_512' title='bbox 3172 3512 3397 3589; x_wconf 77' lang='grc' dir='ltr'>βασιλέα</span> <span class='ocrx_word' id='word_1_513' title='bbox 3450 3514 3545 3568; x_wconf 77' lang='grc' dir='ltr'>σὺν</span> <span class='ocrx_word' id='word_1_514' title='bbox 3582 3514 3786 3590; x_wconf 76' lang='grc' dir='ltr'>πολλῇ</span> 
     </span>
    </p>
   </div>
   <div class='ocr_carea' id='block_1_76' title="bbox 372 3599 2044 3679">
    <p class='ocr_par' dir='ltr' id='par_1_76' title="bbox 372 3599 2022 3665">
     <span class='ocr_line' id='line_1_76' title="bbox 372 3599 2022 3665; baseline -0.009 0"><span class='ocrx_word' id='word_1_515' title='bbox 372 3614 598 3665; x_wconf 88' lang='lat' dir='ltr'>Interea</span> <span class='ocrx_word' id='word_1_516' title='bbox 616 3605 929 3662; x_wconf 85' lang='lat' dir='ltr'>multitudo</span> <span class='ocrx_word' id='word_1_517' title='bbox 954 3604 1306 3657; x_wconf 84' lang='lat' dir='ltr'>Francorum</span> <span class='ocrx_word' id='word_1_518' title='bbox 1321 3601 1392 3654; x_wconf 89' lang='lat' dir='ltr'>ad</span> <span class='ocrx_word' id='word_1_519' title='bbox 1408 3599 1861 3653; x_wconf 89' lang='lat' dir='ltr'>Constantinum</span> <span class='ocrx_word' id='word_1_520' title='bbox 1887 3614 2022 3652; x_wconf 81' lang='lat' dir='ltr'>con-</span> 
     </span>
    </p>
   </div>
   <div class='ocr_carea' id='block_1_77' title="bbox 2154 3599 3785 3679">
    <p class='ocr_par' dir='ltr' id='par_1_77' title="bbox 2154 3602 3785 3679">
     <span class='ocr_line' id='line_1_77' title="bbox 2154 3602 3785 3679; baseline 0.002 -23"><span class='ocrx_word' id='word_1_521' title='bbox 2154 3602 2436 3676; x_wconf 68' lang='grc' dir='ltr'>περιπλοκῇ</span> <span class='ocrx_word' id='word_1_522' title='bbox 2495 3603 2584 3656; x_wconf 88' lang='grc' dir='ltr'>καὶ</span> <span class='ocrx_word' id='word_1_523' title='bbox 2635 3602 3009 3675; x_wconf 85' lang='grc' dir='ltr'>συντακτηρίῳ</span> <span class='ocrx_word' id='word_1_524' title='bbox 3060 3606 3220 3676; x_wconf 80' lang='grc' dir='ltr'>τιμῇ,</span> <span class='ocrx_word' id='word_1_525' title='bbox 3268 3602 3633 3679; x_wconf 79' lang='grc' dir='ltr'>προσεπιδοὺς</span> <span class='ocrx_word' id='word_1_526' title='bbox 3684 3607 3785 3660; x_wconf 81' lang='grc' dir='ltr'>καὶ</span> 
     </span>
    </p>
   </div>
   <div class='ocr_carea' id='block_1_78' title="bbox 368 3686 2044 3769">
    <p class='ocr_par' dir='ltr' id='par_1_78' title="bbox 368 3686 2017 3766">
     <span class='ocr_line' id='line_1_78' title="bbox 368 3686 2017 3766; baseline -0.007 -12"><span class='ocrx_word' id='word_1_527' title='bbox 368 3699 518 3766; x_wconf 84' lang='lat' dir='ltr'>ﬂuit,</span> <span class='ocrx_word' id='word_1_528' title='bbox 551 3704 607 3752; x_wconf 90' lang='lat' dir='ltr'>et</span> <span class='ocrx_word' id='word_1_529' title='bbox 635 3693 937 3766; x_wconf 82' lang='lat' dir='ltr'>Crispinus</span> <span class='ocrx_word' id='word_1_530' title='bbox 968 3691 1089 3763; x_wconf 91' lang='lat' dir='ltr'>ipse</span> <span class='ocrx_word' id='word_1_531' title='bbox 1139 3706 1267 3745; x_wconf 90' lang='lat' dir='ltr'>cum</span> <span class='ocrx_word' id='word_1_532' title='bbox 1303 3686 1586 3759; x_wconf 89' lang='lat' dir='ltr'>cognatis,</span> <span class='ocrx_word' id='word_1_533' title='bbox 1621 3703 1794 3759; x_wconf 89' lang='lat' dir='ltr'>quem</span> <span class='ocrx_word' id='word_1_534' title='bbox 1829 3704 2017 3742; x_wconf 89' lang='lat' dir='ltr'>rever-</span> 
     </span>
    </p>
   </div>
   <div class='ocr_carea' id='block_1_79' title="bbox 2154 3686 3786 3769">
    <p class='ocr_par' dir='ltr' id='par_1_79' title="bbox 2160 3687 3786 3769">
     <span class='ocr_line' id='line_1_79' title="bbox 2160 3687 3786 3769; baseline 0.003 -24"><span class='ocrx_word' id='word_1_535' title='bbox 2160 3690 2230 3745; x_wconf 83' lang='grc' dir='ltr'>ὧν</span> <span class='ocrx_word' id='word_1_536' title='bbox 2290 3692 2507 3746; x_wconf 77' lang='grc' dir='ltr'>οἰκείων</span> <span class='ocrx_word' id='word_1_537' title='bbox 2558 3687 2833 3765; x_wconf 67' lang='grc' dir='ltr'>πρέσϐεις.</span> <span class='ocrx_word' id='word_1_538' title='bbox 2894 3691 3185 3767; x_wconf 86' lang='grc' dir='ltr'>Κατείχετο</span> <span class='ocrx_word' id='word_1_539' title='bbox 3236 3689 3293 3746; x_wconf 71' lang='grc' dir='ltr'>δὶ</span> <span class='ocrx_word' id='word_1_540' title='bbox 3352 3694 3420 3747; x_wconf 73' lang='grc' dir='ltr'>τὰ</span> <span class='ocrx_word' id='word_1_541' title='bbox 3476 3694 3786 3769; x_wconf 74' lang='grc' dir='ltr'>Ματζικίερ</span> 
     </span>
    </p>
   </div>
   <div class='ocr_carea' id='block_1_80' title="bbox 367 3776 2044 3855">
    <p class='ocr_par' dir='ltr' id='par_1_80' title="bbox 367 3776 2009 3853">
     <span class='ocr_line' id='line_1_80' title="bbox 367 3776 2009 3853; baseline -0.007 -10"><span class='ocrx_word' id='word_1_542' title='bbox 367 3806 470 3845; x_wconf 89' lang='lat' dir='ltr'>sus</span> <span class='ocrx_word' id='word_1_543' title='bbox 519 3787 668 3842; x_wconf 73' lang='lat'>703</span> <span class='ocrx_word' id='word_1_544' title='bbox 723 3783 1003 3853; x_wconf 88' lang='lat' dir='ltr'>Diogenes</span> <span class='ocrx_word' id='word_1_545' title='bbox 1060 3779 1223 3851; x_wconf 90' lang='lat' dir='ltr'>prius</span> <span class='ocrx_word' id='word_1_546' title='bbox 1267 3778 1325 3832; x_wconf 89' lang='lat' dir='ltr'>in</span> <span class='ocrx_word' id='word_1_547' title='bbox 1384 3778 1650 3850; x_wconf 85' lang='lat' dir='ltr'>Abydum</span> <span class='ocrx_word' id='word_1_548' title='bbox 1710 3776 2009 3847; x_wconf 83' lang='lat' dir='ltr'>relegarat.</span> 
     </span>
    </p>
   </div>
   <div class='ocr_carea' id='block_1_81' title="bbox 2154 3776 3790 3855">
    <p class='ocr_par' dir='ltr' id='par_1_81' title="bbox 2161 3778 3790 3855">
     <span class='ocr_line' id='line_1_81' title="bbox 2161 3778 3790 3855; baseline 0.002 -21"><span class='ocrx_word' id='word_1_549' title='bbox 2161 3781 2230 3834; x_wconf 87' lang='grc' dir='ltr'>πὸ</span> <span class='ocrx_word' id='word_1_550' title='bbox 2262 3781 2574 3852; x_wconf 85' lang='grc' dir='ltr'>Ῥωμαίων.</span> <span class='ocrx_word' id='word_1_551' title='bbox 2609 3784 2688 3850; x_wconf 86' lang='grc' dir='ltr'>[Ρ.</span> <span class='ocrx_word' id='word_1_552' title='bbox 2722 3782 2848 3854; x_wconf 81' lang='grc'>843]</span> <span class='ocrx_word' id='word_1_553' title='bbox 2897 3786 2985 3843; x_wconf 87' lang='grc' dir='ltr'>Ὡς</span> <span class='ocrx_word' id='word_1_554' title='bbox 3035 3778 3081 3835; x_wconf 87' lang='grc' dir='ltr'>δ’</span> <span class='ocrx_word' id='word_1_555' title='bbox 3132 3782 3159 3836; x_wconf 94' lang='lat'>6</span> <span class='ocrx_word' id='word_1_556' title='bbox 3196 3782 3448 3855; x_wconf 74' lang='grc' dir='ltr'>βασιλεὺς</span> <span class='ocrx_word' id='word_1_557' title='bbox 3478 3780 3790 3848; x_wconf 76' lang='grc' dir='ltr'>ἀπολυθεὶς</span> 
     </span>
    </p>
   </div>
   <div class='ocr_carea' id='block_1_82' title="bbox 364 3866 2044 3949">
    <p class='ocr_par' dir='ltr' id='par_1_82' title="bbox 364 3869 2013 3944">
     <span class='ocr_line' id='line_1_82' title="bbox 364 3869 2013 3944; baseline -0.008 -8"><span class='ocrx_word' id='word_1_558' title='bbox 364 3878 733 3935; x_wconf 87' lang='lat' dir='ltr'>Theodorum</span> <span class='ocrx_word' id='word_1_559' title='bbox 777 3873 958 3944; x_wconf 88' lang='lat' dir='ltr'>igitur</span> <span class='ocrx_word' id='word_1_560' title='bbox 1006 3869 1291 3941; x_wconf 82' lang='lat' dir='ltr'>Alyatem,</span> <span class='ocrx_word' id='word_1_561' title='bbox 1343 3869 1526 3923; x_wconf 83' lang='lat' dir='ltr'>virum</span> <span class='ocrx_word' id='word_1_562' title='bbox 1576 3884 1924 3940; x_wconf 88' lang='lat' dir='ltr'>generosum</span> <span class='ocrx_word' id='word_1_563' title='bbox 1957 3872 2013 3923; x_wconf 86' lang='lat' dir='ltr'>et</span> 
     </span>
    </p>
   </div>
   <div class='ocr_carea' id='block_1_83' title="bbox 2154 3866 3786 3949">
    <p class='ocr_par' dir='ltr' id='par_1_83' title="bbox 2154 3866 3786 3949">
     <span class='ocr_line' id='line_1_83' title="bbox 2154 3866 3786 3949; baseline 0.004 -26"><span class='ocrx_word' id='word_1_564' title='bbox 2154 3868 2392 3940; x_wconf 80' lang='grc' dir='ltr'>πανῆλθε</span> <span class='ocrx_word' id='word_1_565' title='bbox 2451 3868 2520 3924; x_wconf 85' lang='grc' dir='ltr'>δι’</span> <span class='ocrx_word' id='word_1_566' title='bbox 2573 3866 2751 3940; x_wconf 73' lang='grc' dir='ltr'>ἄλλης</span> <span class='ocrx_word' id='word_1_567' title='bbox 2827 3868 2978 3941; x_wconf 74' lang='grc' dir='ltr'>ὀδοῦ,</span> <span class='ocrx_word' id='word_1_568' title='bbox 3034 3870 3253 3949; x_wconf 74' lang='grc' dir='ltr'>ἀφέντες</span> <span class='ocrx_word' id='word_1_569' title='bbox 3325 3871 3518 3927; x_wconf 68' lang='grc' dir='ltr'>ἐκεῖνοι</span> <span class='ocrx_word' id='word_1_570' title='bbox 3577 3876 3786 3937; x_wconf 81' lang='grc' dir='ltr'>νυκτὸς</span> 
     </span>
    </p>
   </div>
   <div class='ocr_carea' id='block_1_84' title="bbox 363 3954 2044 4036">
    <p class='ocr_par' dir='ltr' id='par_1_84' title="bbox 363 3957 2007 4036">
     <span class='ocr_line' id='line_1_84' title="bbox 363 3957 2007 4036; baseline -0.009 -11"><span class='ocrx_word' id='word_1_571' title='bbox 363 3960 1090 4036; x_wconf 87' lang='lat' dir='ltr'>illustrem,magnitudine</span> <span class='ocrx_word' id='word_1_572' title='bbox 1114 3975 1179 4014; x_wconf 88' lang='lat' dir='ltr'>ac</span> <span class='ocrx_word' id='word_1_573' title='bbox 1203 3958 1393 4031; x_wconf 91' lang='lat' dir='ltr'>specie</span> <span class='ocrx_word' id='word_1_574' title='bbox 1416 3958 1667 4014; x_wconf 85' lang='lat' dir='ltr'>maxime</span> <span class='ocrx_word' id='word_1_575' title='bbox 1690 3957 2007 4012; x_wconf 88' lang='lat' dir='ltr'>admirabi-</span> 
     </span>
    </p>
   </div>
   <div class='ocr_carea' id='block_1_85' title="bbox 2154 3954 3788 4036">
    <p class='ocr_par' dir='ltr' id='par_1_85' title="bbox 2154 3956 3788 4036">
     <span class='ocr_line' id='line_1_85' title="bbox 2154 3956 3788 4036; baseline 0.006 -25"><span class='ocrx_word' id='word_1_576' title='bbox 2154 3980 2330 4036; x_wconf 70' lang='grc' dir='ltr'>ρυγον,</span> <span class='ocrx_word' id='word_1_577' title='bbox 2390 3960 2776 4035; x_wconf 82' lang='grc' dir='ltr'>περιτυχόντες</span> <span class='ocrx_word' id='word_1_578' title='bbox 2836 3956 2893 4013; x_wconf 71' lang='grc' dir='ltr'>δὶ</span> <span class='ocrx_word' id='word_1_579' title='bbox 2941 3957 3233 4032; x_wconf 88' lang='grc' dir='ltr'>πολεμίοις</span> <span class='ocrx_word' id='word_1_580' title='bbox 3286 3958 3679 4019; x_wconf 78' lang='grc' dir='ltr'>ἐκινδύνευσαν.</span> <span class='ocrx_word' id='word_1_581' title='bbox 3718 3966 3788 4022; x_wconf 92' lang='grc' dir='ltr'>Ὁ</span> 
     </span>
    </p>
   </div>
   <div class='ocr_carea' id='block_1_86' title="bbox 360 4044 2044 4128">
    <p class='ocr_par' dir='ltr' id='par_1_86' title="bbox 360 4050 2003 4128">
     <span class='ocr_line' id='line_1_86' title="bbox 360 4050 2003 4128; baseline -0.009 -9"><span class='ocrx_word' id='word_1_582' title='bbox 360 4063 499 4128; x_wconf 91' lang='lat' dir='ltr'>lem,</span> <span class='ocrx_word' id='word_1_583' title='bbox 531 4062 812 4117; x_wconf 89' lang='lat' dir='ltr'>adversus</span> <span class='ocrx_word' id='word_1_584' title='bbox 859 4055 1021 4126; x_wconf 83' lang='lat' dir='ltr'>ipsos</span> <span class='ocrx_word' id='word_1_585' title='bbox 1055 4053 1257 4108; x_wconf 89' lang='lat' dir='ltr'>mittit.</span> <span class='ocrx_word' id='word_1_586' title='bbox 1290 4052 1554 4123; x_wconf 79' lang='lat' dir='ltr'>Cumque</span> <span class='ocrx_word' id='word_1_587' title='bbox 1597 4050 1825 4105; x_wconf 82' lang='lat' dir='ltr'>fortiter</span> <span class='ocrx_word' id='word_1_588' title='bbox 1855 4067 1925 4105; x_wconf 54' lang='lat' dir='ltr'>se»</span> <span class='ocrx_word' id='word_1_589' title='bbox 1947 4050 2003 4104; x_wconf 91' lang='lat' dir='ltr'>in</span> 
     </span>
    </p>
   </div>
   <div class='ocr_carea' id='block_1_87' title="bbox 2154 4044 3787 4128">
    <p class='ocr_par' dir='ltr' id='par_1_87' title="bbox 2154 4046 3787 4124">
     <span class='ocr_line' id='line_1_87' title="bbox 2154 4046 3787 4124; baseline 0.004 -23"><span class='ocrx_word' id='word_1_590' title='bbox 2154 4048 2172 4101; x_wconf 80' lang='grc' dir='ltr'>ὲ</span> <span class='ocrx_word' id='word_1_591' title='bbox 2231 4047 2482 4122; x_wconf 70' lang='grc' dir='ltr'>βασιλεὺς</span> <span class='ocrx_word' id='word_1_592' title='bbox 2554 4049 2910 4118; x_wconf 88' lang='grc' dir='ltr'>κατηντηκὼς</span> <span class='ocrx_word' id='word_1_593' title='bbox 2989 4048 3066 4110; x_wconf 78' lang='grc' dir='ltr'>εἷς</span> <span class='ocrx_word' id='word_1_594' title='bbox 3118 4046 3573 4104; x_wconf 81' lang='grc' dir='ltr'>Θεοδοσιούπολιν</span> <span class='ocrx_word' id='word_1_595' title='bbox 3634 4054 3787 4124; x_wconf 79' lang='grc' dir='ltr'>μετᾶ</span> 
     </span>
    </p>
   </div>
   <div class='ocr_carea' id='block_1_88' title="bbox 357 4135 2044 4224">
    <p class='ocr_par' dir='ltr' id='par_1_88' title="bbox 357 4142 2001 4224">
     <span class='ocr_line' id='line_1_88' title="bbox 357 4142 2001 4224; baseline -0.01 -15"><span class='ocrx_word' id='word_1_596' title='bbox 357 4154 482 4209; x_wconf 89' lang='lat' dir='ltr'>acie</span> <span class='ocrx_word' id='word_1_597' title='bbox 524 4149 941 4224; x_wconf 87' lang='lat' dir='ltr'>opposuissent</span> <span class='ocrx_word' id='word_1_598' title='bbox 969 4144 1009 4198; x_wconf 89' lang='lat' dir='ltr'>ii</span> <span class='ocrx_word' id='word_1_599' title='bbox 1053 4143 1150 4215; x_wconf 93' lang='lat' dir='ltr'>qui</span> <span class='ocrx_word' id='word_1_600' title='bbox 1206 4160 1338 4197; x_wconf 90' lang='lat' dir='ltr'>cum</span> <span class='ocrx_word' id='word_1_601' title='bbox 1386 4142 1766 4197; x_wconf 88' lang='lat' dir='ltr'>Constantino</span> <span class='ocrx_word' id='word_1_602' title='bbox 1816 4144 2001 4209; x_wconf 89' lang='lat' dir='ltr'>erant,</span> 
     </span>
    </p>
   </div>
   <div class='ocr_carea' id='block_1_89' title="bbox 2154 4135 3783 4224">
    <p class='ocr_par' dir='ltr' id='par_1_89' title="bbox 2154 4135 3783 4214">
     <span class='ocr_line' id='line_1_89' title="bbox 2154 4135 3783 4214; baseline 0.004 -23"><span class='ocrx_word' id='word_1_603' title='bbox 2154 4144 2412 4208; x_wconf 75' lang='grc' dir='ltr'>ουρκικῆς</span> <span class='ocrx_word' id='word_1_604' title='bbox 2459 4137 2823 4206; x_wconf 73' lang='grc' dir='ltr'>σουλτανικῆς</span> <span class='ocrx_word' id='word_1_605' title='bbox 2875 4137 3080 4205; x_wconf 76' lang='grc' dir='ltr'>στολῆς</span> <span class='ocrx_word' id='word_1_606' title='bbox 3129 4141 3239 4210; x_wconf 83' lang='lat'>(29)</span> <span class='ocrx_word' id='word_1_607' title='bbox 3292 4135 3565 4213; x_wconf 64' lang='grc' dir='ltr'>ὑπεδέχθη</span> <span class='ocrx_word' id='word_1_608' title='bbox 3601 4140 3783 4214; x_wconf 71' lang='grc' dir='ltr'>φιλο-</span> 
     </span>
    </p>
   </div>
   <div class='ocr_carea' id='block_1_90' title="bbox 354 4223 2044 4305">
    <p class='ocr_par' dir='ltr' id='par_1_90' title="bbox 354 4223 2000 4305">
     <span class='ocr_line' id='line_1_90' title="bbox 354 4223 2000 4305; baseline -0.009 -8"><span class='ocrx_word' id='word_1_609' title='bbox 354 4223 671 4297; x_wconf 85' lang='lat' dir='ltr'>vincuntur</span> <span class='ocrx_word' id='word_1_610' title='bbox 701 4236 918 4292; x_wconf 89' lang='lat' dir='ltr'>milites</span> <span class='ocrx_word' id='word_1_611' title='bbox 953 4232 1191 4305; x_wconf 86' lang='lat' dir='ltr'>Alyatis,</span> <span class='ocrx_word' id='word_1_612' title='bbox 1212 4236 1268 4286; x_wconf 92' lang='lat' dir='ltr'>et</span> <span class='ocrx_word' id='word_1_613' title='bbox 1302 4232 1424 4302; x_wconf 89' lang='lat' dir='ltr'>ipse</span> <span class='ocrx_word' id='word_1_614' title='bbox 1455 4231 2000 4301; x_wconf 85' lang='lat' dir='ltr'>capitur,captoque</span> 
     </span>
    </p>
   </div>
   <div class='ocr_carea' id='block_1_91' title="bbox 2154 4223 3786 4305">
    <p class='ocr_par' dir='ltr' id='par_1_91' title="bbox 2154 4223 3786 4305">
     <span class='ocr_line' id='line_1_91' title="bbox 2154 4223 3786 4305; baseline 0.004 -26"><span class='ocrx_word' id='word_1_615' title='bbox 2154 4225 2308 4299; x_wconf 74' lang='grc' dir='ltr'>ἷμως.</span> <span class='ocrx_word' id='word_1_616' title='bbox 2365 4228 2600 4302; x_wconf 65' lang='grc' dir='ltr'>Ἡμέρας</span> <span class='ocrx_word' id='word_1_617' title='bbox 2658 4224 2713 4281; x_wconf 76' lang='grc' dir='ltr'>δὲ</span> <span class='ocrx_word' id='word_1_618' title='bbox 2786 4247 2937 4290; x_wconf 89' lang='grc' dir='ltr'>τινας</span> <span class='ocrx_word' id='word_1_619' title='bbox 3014 4223 3395 4301; x_wconf 73' lang='grc' dir='ltr'>διεκαρτέρησε</span> <span class='ocrx_word' id='word_1_620' title='bbox 3452 4249 3550 4298; x_wconf 86' lang='grc' dir='ltr'>την</span> <span class='ocrx_word' id='word_1_621' title='bbox 3602 4236 3786 4305; x_wconf 79' lang='grc' dir='ltr'>χεῖρα</span> 
     </span>
    </p>
   </div>
   <div class='ocr_carea' id='block_1_92' title="bbox 351 4315 2044 4391">
    <p class='ocr_par' dir='ltr' id='par_1_92' title="bbox 351 4319 1998 4391">
     <span class='ocr_line' id='line_1_92' title="bbox 351 4319 1998 4391; baseline -0.01 -4"><span class='ocrx_word' id='word_1_622' title='bbox 351 4330 505 4387; x_wconf 89' lang='lat' dir='ltr'>oculi</span> <span class='ocrx_word' id='word_1_623' title='bbox 561 4326 916 4384; x_wconf 80' lang='lat' dir='ltr'>effodiuntur</span> <span class='ocrx_word' id='word_1_624' title='bbox 975 4323 1121 4377; x_wconf 71' lang='lat' dir='ltr'>ferro</span> <span class='ocrx_word' id='word_1_625' title='bbox 1181 4337 1295 4391; x_wconf 93' lang='lat' dir='ltr'>quo</span> <span class='ocrx_word' id='word_1_626' title='bbox 1328 4320 1577 4375; x_wconf 88' lang='lat' dir='ltr'>tentoria</span> <span class='ocrx_word' id='word_1_627' title='bbox 1636 4319 1998 4389; x_wconf 82' lang='lat' dir='ltr'>deﬁguntur.</span> 
     </span>
    </p>
   </div>
   <div class='ocr_carea' id='block_1_93' title="bbox 2154 4315 3782 4391">
    <p class='ocr_par' dir='ltr' id='par_1_93' title="bbox 2154 4315 3782 4391">
     <span class='ocr_line' id='line_1_93' title="bbox 2154 4315 3782 4391; baseline 0.002 -21"><span class='ocrx_word' id='word_1_628' title='bbox 2154 4316 2536 4391; x_wconf 74' lang='grc' dir='ltr'>εραπευόμενος</span> <span class='ocrx_word' id='word_1_629' title='bbox 2590 4317 2677 4369; x_wconf 80' lang='grc' dir='ltr'>καὶ</span> <span class='ocrx_word' id='word_1_630' title='bbox 2752 4315 2938 4369; x_wconf 69' lang='grc' dir='ltr'>ἑαυτὸν</span> <span class='ocrx_word' id='word_1_631' title='bbox 3001 4316 3402 4389; x_wconf 86' lang='grc' dir='ltr'>ἀνακτώμενος,</span> <span class='ocrx_word' id='word_1_632' title='bbox 3446 4318 3536 4371; x_wconf 82' lang='grc' dir='ltr'>καὶ</span> <span class='ocrx_word' id='word_1_633' title='bbox 3594 4318 3782 4374; x_wconf 80' lang='grc' dir='ltr'>πάλιν</span> 
     </span>
    </p>
   </div>
   <div class='ocr_carea' id='block_1_94' title="bbox 348 4407 2044 4491">
    <p class='ocr_par' dir='ltr' id='par_1_94' title="bbox 348 4408 1997 4491">
     <span class='ocr_line' id='line_1_94' title="bbox 348 4408 1997 4491; baseline -0.008 -16"><span class='ocrx_word' id='word_1_634' title='bbox 348 4421 633 4491; x_wconf 86' lang='lat' dir='ltr'>Diogenes</span> <span class='ocrx_word' id='word_1_635' title='bbox 663 4420 862 4471; x_wconf 90' lang='lat' dir='ltr'>autem</span> <span class='ocrx_word' id='word_1_636' title='bbox 895 4412 967 4465; x_wconf 93' lang='lat' dir='ltr'>ob</span> <span class='ocrx_word' id='word_1_637' title='bbox 1000 4426 1067 4465; x_wconf 90' lang='lat' dir='ltr'>ea</span> <span class='ocrx_word' id='word_1_638' title='bbox 1098 4426 1226 4480; x_wconf 73' lang='lat' dir='ltr'>quae</span> <span class='ocrx_word' id='word_1_639' title='bbox 1258 4408 1591 4463; x_wconf 86' lang='lat' dir='ltr'>acciderant</span> <span class='ocrx_word' id='word_1_640' title='bbox 1622 4423 1997 4478; x_wconf 90' lang='lat' dir='ltr'>summopere</span> 
     </span>
    </p>
   </div>
   <div class='ocr_carea' id='block_1_95' title="bbox 2154 4407 3781 4491">
    <p class='ocr_par' dir='ltr' id='par_1_95' title="bbox 2155 4407 3781 4483">
     <span class='ocr_line' id='line_1_95' title="bbox 2155 4407 3781 4483; baseline 0.002 -22"><span class='ocrx_word' id='word_1_641' title='bbox 2155 4408 2471 4483; x_wconf 78' lang='grc' dir='ltr'>εθαρμόζων</span> <span class='ocrx_word' id='word_1_642' title='bbox 2531 4407 2668 4479; x_wconf 81' lang='grc' dir='ltr'>πρὸς</span> <span class='ocrx_word' id='word_1_643' title='bbox 2726 4407 3200 4480; x_wconf 78' lang='grc' dir='ltr'>Ῥιυμαῖκώτερον,</span> <span class='ocrx_word' id='word_1_644' title='bbox 3279 4408 3355 4468; x_wconf 88' lang='grc' dir='ltr'>ὡς</span> <span class='ocrx_word' id='word_1_645' title='bbox 3423 4407 3571 4477; x_wconf 68' lang='grc' dir='ltr'>ινῆν,</span> <span class='ocrx_word' id='word_1_646' title='bbox 3635 4411 3781 4464; x_wconf 76' lang='grc' dir='ltr'>ἔαυ-</span> 
     </span>
    </p>
   </div>
   <div class='ocr_carea' id='block_1_96' title="bbox 344 4491 2044 4582">
    <p class='ocr_par' dir='ltr' id='par_1_96' title="bbox 344 4496 2044 4582">
     <span class='ocr_line' id='line_1_96' title="bbox 344 4496 2044 4582; baseline -0.007 -19"><span class='ocrx_word' id='word_1_647' title='bbox 344 4508 549 4563; x_wconf 85' lang='lat' dir='ltr'>dolens</span> <span class='ocrx_word' id='word_1_648' title='bbox 607 4506 667 4559; x_wconf 92' lang='lat' dir='ltr'>in</span> <span class='ocrx_word' id='word_1_649' title='bbox 728 4500 1153 4573; x_wconf 87' lang='lat' dir='ltr'>Cappadociam</span> <span class='ocrx_word' id='word_1_650' title='bbox 1214 4498 1517 4569; x_wconf 89' lang='lat' dir='ltr'>ingressus</span> <span class='ocrx_word' id='word_1_651' title='bbox 1576 4502 1685 4561; x_wconf 89' lang='lat' dir='ltr'>est,</span> <span class='ocrx_word' id='word_1_652' title='bbox 1733 4496 2044 4582; x_wconf 65' lang='lat' dir='ltr'>undique]</span> 
     </span>
    </p>
   </div>
   <div class='ocr_carea' id='block_1_97' title="bbox 2154 4491 3777 4582">
    <p class='ocr_par' dir='ltr' id='par_1_97' title="bbox 2154 4491 3777 4571">
     <span class='ocr_line' id='line_1_97' title="bbox 2154 4491 3777 4571; baseline 0.002 -21"><span class='ocrx_word' id='word_1_653' title='bbox 2154 4496 2218 4553; x_wconf 60' lang='grc' dir='ltr'>ὗν.</span> <span class='ocrx_word' id='word_1_654' title='bbox 2273 4498 2440 4570; x_wconf 69' lang='grc' dir='ltr'>’Ἄρας</span> <span class='ocrx_word' id='word_1_655' title='bbox 2499 4494 2546 4550; x_wconf 84' lang='grc' dir='ltr'>δ’</span> <span class='ocrx_word' id='word_1_656' title='bbox 2593 4495 2791 4559; x_wconf 74' lang='grc' dir='ltr'>ἐκεῖθεν</span> <span class='ocrx_word' id='word_1_657' title='bbox 2846 4493 2988 4569; x_wconf 77' lang='grc' dir='ltr'>διῂει</span> <span class='ocrx_word' id='word_1_658' title='bbox 3036 4497 3131 4557; x_wconf 76' lang='grc' dir='ltr'>τὰς</span> <span class='ocrx_word' id='word_1_659' title='bbox 3178 4491 3457 4571; x_wconf 74' lang='grc' dir='ltr'>Ἰϐηρικὰς</span> <span class='ocrx_word' id='word_1_660' title='bbox 3512 4499 3721 4569; x_wconf 83' lang='grc' dir='ltr'>κώμας</span> <span class='ocrx_word' id='word_1_661' title='bbox 3762 4520 3777 4533; x_wconf 92' lang='grc'><strong>·</strong></span> 
     </span>
    </p>
   </div>
   <div class='ocr_carea' id='block_1_98' title="bbox 341 4582 2044 4663">
    <p class='ocr_par' dir='ltr' id='par_1_98' title="bbox 341 4586 1991 4657">
     <span class='ocr_line' id='line_1_98' title="bbox 341 4586 1991 4657; baseline -0.01 -3"><span class='ocrx_word' id='word_1_662' title='bbox 341 4612 646 4653; x_wconf 89' lang='lat' dir='ltr'>accersens</span> <span class='ocrx_word' id='word_1_663' title='bbox 696 4591 1030 4649; x_wconf 85' lang='lat' dir='ltr'>exercitum.</span> <span class='ocrx_word' id='word_1_664' title='bbox 1070 4589 1192 4657; x_wconf 90' lang='lat' dir='ltr'>Ipse</span> <span class='ocrx_word' id='word_1_665' title='bbox 1239 4602 1374 4641; x_wconf 90' lang='lat' dir='ltr'>vero</span> <span class='ocrx_word' id='word_1_666' title='bbox 1426 4586 1902 4641; x_wconf 89' lang='lat' dir='ltr'>commorabatur</span> <span class='ocrx_word' id='word_1_667' title='bbox 1932 4586 1991 4639; x_wconf 92' lang='lat' dir='ltr'>in</span> 
     </span>
    </p>
   </div>
   <div class='ocr_carea' id='block_1_99' title="bbox 2154 4582 3783 4663">
    <p class='ocr_par' dir='ltr' id='par_1_99' title="bbox 2154 4582 3783 4663">
     <span class='ocr_line' id='line_1_99' title="bbox 2154 4582 3783 4663; baseline 0.004 -26"><span class='ocrx_word' id='word_1_668' title='bbox 2154 4588 2333 4652; x_wconf 73' lang='grc' dir='ltr'>›νῆσαν</span> <span class='ocrx_word' id='word_1_669' title='bbox 2368 4583 2413 4639; x_wconf 82' lang='grc' dir='ltr'>δ’</span> <span class='ocrx_word' id='word_1_670' title='bbox 2444 4584 2589 4656; x_wconf 80' lang='grc' dir='ltr'>αὐτῷ</span> <span class='ocrx_word' id='word_1_671' title='bbox 2635 4584 2726 4638; x_wconf 79' lang='grc' dir='ltr'>καὶ</span> <span class='ocrx_word' id='word_1_672' title='bbox 2778 4586 2828 4638; x_wconf 72' lang='grc' dir='ltr'>οἱ</span> <span class='ocrx_word' id='word_1_673' title='bbox 2880 4583 2938 4639; x_wconf 79' lang='grc' dir='ltr'>ἐκ</span> <span class='ocrx_word' id='word_1_674' title='bbox 2993 4589 3091 4638; x_wconf 78' lang='grc' dir='ltr'>τοῦ</span> <span class='ocrx_word' id='word_1_675' title='bbox 3139 4582 3437 4640; x_wconf 81' lang='grc' dir='ltr'>σουλτάνου</span> <span class='ocrx_word' id='word_1_676' title='bbox 3479 4583 3783 4663; x_wconf 73' lang='grc' dir='ltr'>πρεσϐεις,</span> 
     </span>
    </p>
   </div>
   <div class='ocr_carea' id='block_1_100' title="bbox 340 4671 2044 4758">
    <p class='ocr_par' dir='ltr' id='par_1_100' title="bbox 340 4674 1989 4758">
     <span class='ocr_line' id='line_1_100' title="bbox 340 4674 1989 4758; baseline -0.008 -16"><span class='ocrx_word' id='word_1_677' title='bbox 340 4686 642 4758; x_wconf 80' lang='lat' dir='ltr'>Tyropmo.</span> <span class='ocrx_word' id='word_1_678' title='bbox 680 4685 815 4737; x_wconf 84' lang='lat' dir='ltr'>Erat</span> <span class='ocrx_word' id='word_1_679' title='bbox 862 4680 970 4735; x_wconf 83' lang='lat' dir='ltr'>hoc</span> <span class='ocrx_word' id='word_1_680' title='bbox 1014 4678 1296 4749; x_wconf 90' lang='lat' dir='ltr'>oppidum</span> <span class='ocrx_word' id='word_1_681' title='bbox 1343 4676 1663 4731; x_wconf 89' lang='lat' dir='ltr'>admodum</span> <span class='ocrx_word' id='word_1_682' title='bbox 1695 4674 1989 4729; x_wconf 88' lang='lat' dir='ltr'>munitum</span> 
     </span>
    </p>
   </div>
   <div class='ocr_carea' id='block_1_101' title="bbox 2154 4671 3780 4758">
    <p class='ocr_par' dir='ltr' id='par_1_101' title="bbox 2155 4671 3780 4748">
     <span class='ocr_line' id='line_1_101' title="bbox 2155 4671 3780 4748; baseline 0.004 -22"><span class='ocrx_word' id='word_1_683' title='bbox 2155 4673 2355 4728; x_wconf 74' lang='grc' dir='ltr'>ἆκεὶϐεν</span> <span class='ocrx_word' id='word_1_684' title='bbox 2442 4672 2796 4748; x_wconf 76' lang='grc' dir='ltr'>προσελαύνει</span> <span class='ocrx_word' id='word_1_685' title='bbox 2902 4672 3067 4747; x_wconf 68' lang='grc' dir='ltr'>μέχρι</span> <span class='ocrx_word' id='word_1_686' title='bbox 3172 4671 3477 4736; x_wconf 86' lang='grc' dir='ltr'>Κολωνείας</span> <span class='ocrx_word' id='word_1_687' title='bbox 3561 4676 3780 4747; x_wconf 74' lang='grc' dir='ltr'>αὐτῆς.</span> 
     </span>
    </p>
   </div>
   <div class='ocr_carea' id='block_1_102' title="bbox 337 4759 2044 4846">
    <p class='ocr_par' dir='ltr' id='par_1_102' title="bbox 337 4762 1990 4846">
     <span class='ocr_line' id='line_1_102' title="bbox 337 4762 1990 4846; baseline -0.009 -15"><span class='ocrx_word' id='word_1_688' title='bbox 337 4780 395 4830; x_wconf 89' lang='lat' dir='ltr'>et</span> <span class='ocrx_word' id='word_1_689' title='bbox 423 4774 590 4830; x_wconf 89' lang='lat' dir='ltr'>valde</span> <span class='ocrx_word' id='word_1_690' title='bbox 620 4775 1001 4846; x_wconf 68' lang='lat' dir='ltr'>prairuptum.</span> <span class='ocrx_word' id='word_1_691' title='bbox 1037 4768 1221 4839; x_wconf 90' lang='lat' dir='ltr'>Igitur</span> <span class='ocrx_word' id='word_1_692' title='bbox 1269 4766 1693 4822; x_wconf 89' lang='lat' dir='ltr'>Constantinus</span> <span class='ocrx_word' id='word_1_693' title='bbox 1744 4762 1990 4819; x_wconf 88' lang='lat' dir='ltr'>accersi-</span> 
     </span>
    </p>
   </div>
   <div class='ocr_carea' id='block_1_103' title="bbox 2154 4759 3781 4846">
    <p class='ocr_par' dir='ltr' id='par_1_103' title="bbox 2154 4759 3781 4841">
     <span class='ocr_line' id='line_1_103' title="bbox 2154 4759 3781 4841; baseline 0.004 -26"><span class='ocrx_word' id='word_1_694' title='bbox 2154 4760 2400 4833; x_wconf 74' lang='grc' dir='ltr'>ενομίνου</span> <span class='ocrx_word' id='word_1_695' title='bbox 2432 4759 2489 4817; x_wconf 74' lang='grc' dir='ltr'>δὲ</span> <span class='ocrx_word' id='word_1_696' title='bbox 2518 4762 2569 4816; x_wconf 80' lang='grc' dir='ltr'>ἐν</span> <span class='ocrx_word' id='word_1_697' title='bbox 2600 4767 2679 4834; x_wconf 75' lang='grc' dir='ltr'>τῷ</span> <span class='ocrx_word' id='word_1_698' title='bbox 2726 4759 3204 4837; x_wconf 84' lang='grc' dir='ltr'>Μελισσοπετρίῳ,</span> <span class='ocrx_word' id='word_1_699' title='bbox 3237 4760 3451 4824; x_wconf 77' lang='grc' dir='ltr'>Παῦλος</span> <span class='ocrx_word' id='word_1_700' title='bbox 3482 4762 3781 4841; x_wconf 79' lang='grc' dir='ltr'>πρόεδρος</span> 
     </span>
    </p>
   </div>
   <div class='ocr_carea' id='block_1_104' title="bbox 1650 4876 2432 4935">
    <p class='ocr_par' dir='ltr' id='par_1_104' title="bbox 1650 4876 2432 4935">
     <span class='ocr_line' id='line_1_104' title="bbox 1650 4876 2432 4935; baseline -0.003 0"><span class='ocrx_word' id='word_1_701' title='bbox 1650 4879 1897 4935; x_wconf 83' lang='lat' dir='ltr'>JACOBI</span> <span class='ocrx_word' id='word_1_702' title='bbox 1935 4876 2154 4933; x_wconf 82' lang='lat' dir='ltr'>GOARI</span> <span class='ocrx_word' id='word_1_703' title='bbox 2204 4878 2432 4935; x_wconf 67' lang='grc' dir='ltr'>ΝΟΤίΕ.</span> 
     </span>
    </p>
   </div>
   <div class='ocr_carea' id='block_1_105' title="bbox 406 4967 2044 5051">
    <p class='ocr_par' dir='ltr' id='par_1_105' title="bbox 406 4967 1983 5051">
     <span class='ocr_line' id='line_1_105' title="bbox 406 4967 1983 5051; baseline -0.01 -16"><span class='ocrx_word' id='word_1_704' title='bbox 406 4981 514 5051; x_wconf 79' lang='grc'>(27)</span> <span class='ocrx_word' id='word_1_705' title='bbox 550 4978 838 5050; x_wconf 81' lang='lat' dir='ltr'>Adagium</span> <span class='ocrx_word' id='word_1_706' title='bbox 876 4972 1069 5051; x_wconf 72' lang='grc' dir='ltr'>μέχρις</span> <span class='ocrx_word' id='word_1_707' title='bbox 1104 4967 1284 5051; x_wconf 73' lang='grc' dir='ltr'>λόγων</span> <span class='ocrx_word' id='word_1_708' title='bbox 1314 4969 1403 5023; x_wconf 75' lang='grc' dir='ltr'>καὶ</span> <span class='ocrx_word' id='word_1_709' title='bbox 1436 4967 1580 5023; x_wconf 85' lang='grc' dir='ltr'>ἀλῶν</span> <span class='ocrx_word' id='word_1_710' title='bbox 1626 4973 1983 5051; x_wconf 66' lang='lat' dir='ltr'>secretorum</span> 
     </span>
    </p>
   </div>
   <div class='ocr_carea' id='block_1_106' title="bbox 2154 4967 3788 5051">
    <p class='ocr_par' dir='ltr' id='par_1_106' title="bbox 2154 4967 3788 5051">
     <span class='ocr_line' id='line_1_106' title="bbox 2154 4967 3788 5051; baseline 0.006 -30"><span class='ocrx_word' id='word_1_711' title='bbox 2154 4967 2443 5051; x_wconf 70' lang='lat' dir='ltr'>Luciseum</span> <span class='ocrx_word' id='word_1_712' title='bbox 2469 4986 2597 5051; x_wconf 69' lang='lat' dir='ltr'>esse</span> <span class='ocrx_word' id='word_1_713' title='bbox 2621 4970 2702 5024; x_wconf 88' lang='lat' dir='ltr'>ait</span> <span class='ocrx_word' id='word_1_714' title='bbox 2722 4969 2820 5039; x_wconf 79' lang='lat' dir='ltr'>qui</span> <span class='ocrx_word' id='word_1_715' title='bbox 2832 4968 3284 5051; x_wconf 54' lang='lat' dir='ltr'>supplicantium</span> <span class='ocrx_word' id='word_1_716' title='bbox 3302 4986 3483 5051; x_wconf 45' lang='lat' dir='ltr'>preces</span> <span class='ocrx_word' id='word_1_717' title='bbox 3503 4972 3788 5051; x_wconf 57' lang='lat' dir='ltr'>principi</span> 
     </span>
    </p>
   </div>
   <div class='ocr_carea' id='block_1_107' title="bbox 332 5040 3780 5120">
    <p class='ocr_par' dir='ltr' id='par_1_107' title="bbox 332 5040 3780 5120">
     <span class='ocr_line' id='line_1_107' title="bbox 332 5040 3780 5120; baseline -0.002 -13"><span class='ocrx_word' id='word_1_718' title='bbox 332 5040 747 5120; x_wconf 68' lang='lat' dir='ltr'>convictusque</span> <span class='ocrx_word' id='word_1_719' title='bbox 780 5040 1130 5120; x_wconf 72' lang='lat' dir='ltr'>societatem</span> <span class='ocrx_word' id='word_1_720' title='bbox 1146 5040 1341 5120; x_wconf 77' lang='lat' dir='ltr'>amico</span> <span class='ocrx_word' id='word_1_721' title='bbox 1361 5057 1697 5120; x_wconf 71' lang='lat' dir='ltr'>concessam</span> <span class='ocrx_word' id='word_1_722' title='bbox 1724 5041 1981 5120; x_wconf 77' lang='lat' dir='ltr'>denotat.</span> <span class='ocrx_word' id='word_1_723' title='bbox 2093 5040 2353 5120; x_wconf 63' lang='lat' dir='ltr'>explicat,</span> <span class='ocrx_word' id='word_1_724' title='bbox 2387 5045 2440 5095; x_wconf 76' lang='lat' dir='ltr'>et</span> <span class='ocrx_word' id='word_1_725' title='bbox 2461 5041 3038 5120; x_wconf 56' lang='lat' dir='ltr'>ejusresponsionibus</span> <span class='ocrx_word' id='word_1_726' title='bbox 3065 5040 3780 5120; x_wconf 46' lang='lat' dir='ltr'>prmpstyttegendariu&#39;m</span> 
     </span>
    </p>
   </div>
   <div class='ocr_carea' id='block_1_108' title="bbox 328 5110 3781 5184">
    <p class='ocr_par' dir='ltr' id='par_1_108' title="bbox 328 5110 3781 5184">
     <span class='ocr_line' id='line_1_108' title="bbox 328 5110 3781 5184; baseline -0.001 -5"><span class='ocrx_word' id='word_1_727' title='bbox 328 5123 456 5178; x_wconf 85' lang='lat' dir='ltr'>Sale</span> <span class='ocrx_word' id='word_1_728' title='bbox 489 5110 670 5178; x_wconf 43' lang='lat' dir='ltr'>tenus.</span> <span class='ocrx_word' id='word_1_729' title='bbox 711 5126 768 5176; x_wconf 88' lang='lat' dir='ltr'>ct</span> <span class='ocrx_word' id='word_1_730' title='bbox 816 5118 1050 5174; x_wconf 90' lang='lat' dir='ltr'>cumino</span> <span class='ocrx_word' id='word_1_731' title='bbox 1101 5116 1327 5169; x_wconf 81' lang='lat' dir='ltr'>dixerat</span> <span class='ocrx_word' id='word_1_732' title='bbox 1357 5114 1493 5167; x_wconf 89' lang='lat' dir='ltr'>olim</span> <span class='ocrx_word' id='word_1_733' title='bbox 1541 5112 1890 5184; x_wconf 82' lang='lat' dir='ltr'>Plutarchus</span> <span class='ocrx_word' id='word_1_734' title='bbox 1921 5110 1980 5165; x_wconf 91' lang='lat' dir='ltr'>in</span> <span class='ocrx_word' id='word_1_735' title='bbox 2093 5113 2363 5167; x_wconf 89' lang='lat' dir='ltr'>eumdem</span> <span class='ocrx_word' id='word_1_736' title='bbox 2384 5110 2506 5167; x_wconf 85' lang='lat' dir='ltr'>vult</span> <span class='ocrx_word' id='word_1_737' title='bbox 2532 5113 2645 5168; x_wconf 88' lang='lat' dir='ltr'>dici</span> <span class='ocrx_word' id='word_1_738' title='bbox 2677 5110 3041 5169; x_wconf 85' lang='lat' dir='ltr'>Pancirollus</span> <span class='ocrx_word' id='word_1_739' title='bbox 3065 5110 3127 5166; x_wconf 86' lang='lat' dir='ltr'>in</span> <span class='ocrx_word' id='word_1_740' title='bbox 3152 5113 3281 5168; x_wconf 91' lang='lat' dir='ltr'>Not.</span> <span class='ocrx_word' id='word_1_741' title='bbox 3318 5110 3462 5184; x_wconf 78' lang='lat' dir='ltr'>Imp.</span> <span class='ocrx_word' id='word_1_742' title='bbox 3496 5130 3549 5168; x_wconf 92' lang='lat' dir='ltr'>c.</span> <span class='ocrx_word' id='word_1_743' title='bbox 3582 5130 3781 5174; x_wconf 80' lang='lat' dir='ltr'>xvui.</span> 
     </span>
    </p>
   </div>
   <div class='ocr_carea' id='block_1_109' title="bbox 329 5182 3782 5267">
    <p class='ocr_par' dir='ltr' id='par_1_109' title="bbox 329 5182 3782 5267">
     <span class='ocr_line' id='line_1_109' title="bbox 329 5182 3782 5267; baseline -0.003 -17"><span class='ocrx_word' id='word_1_744' title='bbox 329 5195 575 5267; x_wconf 81' lang='lat' dir='ltr'>Sympos.</span> <span class='ocrx_word' id='word_1_745' title='bbox 610 5191 983 5249; x_wconf 88' lang='lat' dir='ltr'>Consortium</span> <span class='ocrx_word' id='word_1_746' title='bbox 1017 5187 1156 5243; x_wconf 85' lang='lat' dir='ltr'>salis</span> <span class='ocrx_word' id='word_1_747' title='bbox 1188 5189 1364 5240; x_wconf 89' lang='lat' dir='ltr'>etiam</span> <span class='ocrx_word' id='word_1_748' title='bbox 1399 5184 1571 5239; x_wconf 91' lang='lat' dir='ltr'>hodie</span> <span class='ocrx_word' id='word_1_749' title='bbox 1624 5185 1821 5238; x_wconf 76' lang='lat' dir='ltr'>Turcae</span> <span class='ocrx_word' id='word_1_750' title='bbox 1856 5182 1981 5236; x_wconf 91' lang='lat' dir='ltr'>lau-</span> <span class='ocrx_word' id='word_1_751' title='bbox 2090 5189 2167 5267; x_wconf 45' lang='lat' dir='ltr'>fit</span> <span class='ocrx_word' id='word_1_752' title='bbox 2219 5184 2390 5267; x_wconf 80' lang='lat' dir='ltr'>longe</span> <span class='ocrx_word' id='word_1_753' title='bbox 2438 5189 2527 5267; x_wconf 69' lang='lat' dir='ltr'>est</span> <span class='ocrx_word' id='word_1_754' title='bbox 2580 5184 2759 5267; x_wconf 72' lang='lat' dir='ltr'>hujus</span> <span class='ocrx_word' id='word_1_755' title='bbox 2811 5185 2880 5239; x_wconf 89' lang='lat' dir='ltr'>de</span> <span class='ocrx_word' id='word_1_756' title='bbox 2929 5182 3463 5267; x_wconf 55' lang='lat' dir='ltr'>quoCassiodorus</span> <span class='ocrx_word' id='word_1_757' title='bbox 3512 5203 3782 5259; x_wconf 84' lang='lat' dir='ltr'>quoque</span> 
     </span>
    </p>
   </div>
   <div class='ocr_carea' id='block_1_110' title="bbox 326 5254 3775 5332">
    <p class='ocr_par' dir='ltr' id='par_1_110' title="bbox 326 5254 3775 5332">
     <span class='ocr_line' id='line_1_110' title="bbox 326 5254 3775 5332; baseline 0 -17"><span class='ocrx_word' id='word_1_758' title='bbox 326 5254 490 5322; x_wconf 61' lang='lat' dir='ltr'>dini,</span> <span class='ocrx_word' id='word_1_759' title='bbox 966 5331 971 5332; x_wconf 14' lang='grc' dir='ltr'><em>γ</em></span> <span class='ocrx_word' id='word_1_760' title='bbox 1459 5326 1515 5332; x_wconf 37' lang='lat'>‘_</span> <span class='ocrx_word' id='word_1_761' title='bbox 1619 5331 1622 5332; x_wconf 15' lang='grc' dir='ltr'><em>ν</em></span> <span class='ocrx_word' id='word_1_762' title='bbox 1652 5323 1661 5332; x_wconf 33' lang='grc'><strong><em>⁸</em></strong></span> <span class='ocrx_word' id='word_1_763' title='bbox 1928 5321 1940 5332; x_wconf 86' lang='lat'><em>_</em></span> <span class='ocrx_word' id='word_1_764' title='bbox 2090 5258 2224 5332; x_wconf 64' lang='lat' dir='ltr'>Yar.</span> <span class='ocrx_word' id='word_1_765' title='bbox 2261 5255 2301 5309; x_wconf 91' lang='lat' dir='ltr'>l.</span> <span class='ocrx_word' id='word_1_766' title='bbox 2332 5254 2410 5327; x_wconf 67' lang='lat' dir='ltr'>in,</span> <span class='ocrx_word' id='word_1_767' title='bbox 2446 5256 2517 5310; x_wconf 87' lang='lat' dir='ltr'>ab</span> <span class='ocrx_word' id='word_1_768' title='bbox 2549 5254 2755 5326; x_wconf 89' lang='lat' dir='ltr'>altero,</span> <span class='ocrx_word' id='word_1_769' title='bbox 2787 5272 2890 5310; x_wconf 91' lang='lat' dir='ltr'>ceu</span> <span class='ocrx_word' id='word_1_770' title='bbox 2940 5255 3220 5311; x_wconf 88' lang='lat' dir='ltr'>militaris</span> <span class='ocrx_word' id='word_1_771' title='bbox 3250 5272 3283 5313; x_wconf 86' lang='lat' dir='ltr'>a</span> <span class='ocrx_word' id='word_1_772' title='bbox 3310 5255 3489 5326; x_wconf 89' lang='lat' dir='ltr'>civili,</span> <span class='ocrx_word' id='word_1_773' title='bbox 3523 5254 3775 5332; x_wconf 70' lang='lat' dir='ltr'>propo-</span> 
     </span>
    </p>
   </div>
   <div class='ocr_carea' id='block_1_111' title="bbox 397 5321 2044 5409">
    <p class='ocr_par' dir='ltr' id='par_1_111' title="bbox 397 5321 1980 5409">
     <span class='ocr_line' id='line_1_111' title="bbox 397 5321 1980 5409; baseline -0.013 -15"><span class='ocrx_word' id='word_1_774' title='bbox 397 5337 628 5409; x_wconf 78' lang='lat' dir='ltr'>(28)_De</span> <span class='ocrx_word' id='word_1_775' title='bbox 670 5351 786 5405; x_wconf 91' lang='lat' dir='ltr'>quo</span> <span class='ocrx_word' id='word_1_776' title='bbox 835 5331 1095 5409; x_wconf 71' lang='lat' dir='ltr'>Codinus</span> <span class='ocrx_word' id='word_1_777' title='bbox 1150 5344 1215 5409; x_wconf 48' lang='grc' dir='ltr'>ε..</span> <span class='ocrx_word' id='word_1_778' title='bbox 1254 5343 1309 5394; x_wconf 91' lang='lat' dir='ltr'>v,</span> <span class='ocrx_word' id='word_1_779' title='bbox 1344 5343 1399 5409; x_wconf 68' lang='grc' dir='ltr'>τιζ</span> <span class='ocrx_word' id='word_1_780' title='bbox 1450 5326 1520 5379; x_wconf 84' lang='grc'>65</span> <span class='ocrx_word' id='word_1_781' title='bbox 1554 5342 1565 5379; x_wconf 91' lang='lat'><strong>:</strong></span> <span class='ocrx_word' id='word_1_782' title='bbox 1597 5321 1980 5409; x_wconf 48' lang='lat' dir='ltr'>‘AéxETgt‘;t&amp;q</span> 
     </span>
    </p>
   </div>
   <div class='ocr_carea' id='block_1_112' title="bbox 2154 5321 2387 5409">
    <p class='ocr_par' dir='ltr' id='par_1_112' title="bbox 2154 5330 2387 5409">
     <span class='ocr_line' id='line_1_112' title="bbox 2154 5330 2387 5409; baseline 0.009 -30"><span class='ocrx_word' id='word_1_783' title='bbox 2154 5330 2340 5409; x_wconf 37' lang='lat' dir='ltr'>tum.“</span> <span class='ocrx_word' id='word_1_784' title='bbox 2382 5339 2387 5345; x_wconf 90' lang='lat'><em>‘</em></span> 
     </span>
    </p>
   </div>
   <div class='ocr_carea' id='block_1_113' title="bbox 322 5390 2044 5470">
    <p class='ocr_par' dir='ltr' id='par_1_113' title="bbox 322 5390 1978 5470">
     <span class='ocr_line' id='line_1_113' title="bbox 322 5390 1978 5470; baseline -0.008 -8"><span class='ocrx_word' id='word_1_785' title='bbox 322 5390 773 5463; x_wconf 38' lang='grc' dir='ltr'>τῶν-αἰτούντων</span> <span class='ocrx_word' id='word_1_786' title='bbox 820 5401 909 5455; x_wconf 87' lang='grc' dir='ltr'>καὶ</span> <span class='ocrx_word' id='word_1_787' title='bbox 959 5390 1330 5470; x_wconf 64' lang='grc' dir='ltr'>ἀδικουμένων</span> <span class='ocrx_word' id='word_1_788' title='bbox 1366 5390 1978 5470; x_wconf 60' lang='grc' dir='ltr'>ἀναφορὰς,’καϐαλλα-</span> 
     </span>
    </p>
   </div>
   <div class='ocr_carea' id='block_1_114' title="bbox 2154 5390 3782 5470">
    <p class='ocr_par' dir='ltr' id='par_1_114' title="bbox 2159 5396 3782 5470">
     <span class='ocr_line' id='line_1_114' title="bbox 2159 5396 3782 5470; baseline 0.006 -20"><span class='ocrx_word' id='word_1_789' title='bbox 2159 5399 2269 5464; x_wconf 84' lang='grc'>(29)</span> <span class='ocrx_word' id='word_1_790' title='bbox 2302 5396 2456 5460; x_wconf 88' lang='lat' dir='ltr'>Quos</span> <span class='ocrx_word' id='word_1_791' title='bbox 2478 5398 2684 5452; x_wconf 74' lang='lat' dir='ltr'>affectu</span> <span class='ocrx_word' id='word_1_792' title='bbox 2708 5396 2795 5451; x_wconf 87' lang='lat' dir='ltr'>vel</span> <span class='ocrx_word' id='word_1_793' title='bbox 2820 5397 3038 5470; x_wconf 88' lang='lat' dir='ltr'>honore</span> <span class='ocrx_word' id='word_1_794' title='bbox 3061 5401 3503 5470; x_wconf 87' lang='lat' dir='ltr'>prosequuntur</span> <span class='ocrx_word' id='word_1_795' title='bbox 3530 5408 3782 5460; x_wconf 79' lang='lat' dir='ltr'>ornant</span> 
     </span>
    </p>
   </div>
   <div class='ocr_carea' id='block_1_115' title="bbox 326 5468 2044 5554">
    <p class='ocr_par' dir='ltr' id='par_1_115' title="bbox 326 5468 1978 5554">
     <span class='ocr_line' id='line_1_115' title="bbox 326 5468 1978 5554; baseline -0.007 -19"><span class='ocrx_word' id='word_1_796' title='bbox 326 5480 449 5554; x_wconf 89' lang='grc' dir='ltr'>ρίου</span> <span class='ocrx_word' id='word_1_797' title='bbox 496 5476 855 5554; x_wconf 68' lang='grc' dir='ltr'>διερχομένου</span> <span class='ocrx_word' id='word_1_798' title='bbox 886 5475 981 5526; x_wconf 72' lang='grc' dir='ltr'>τοῦ</span> <span class='ocrx_word' id='word_1_799' title='bbox 1039 5468 1836 5554; x_wconf 38' lang='grc' dir='ltr'>βασιλέωςβοΐϐΐεηξίνθῐδὶυῐη</span> <span class='ocrx_word' id='word_1_800' title='bbox 1872 5470 1978 5554; x_wconf 70' lang='lat' dir='ltr'>hoc</span> 
     </span>
    </p>
   </div>
   <div class='ocr_carea' id='block_1_116' title="bbox 2154 5468 3778 5554">
    <p class='ocr_par' dir='ltr' id='par_1_116' title="bbox 2154 5469 3778 5554">
     <span class='ocr_line' id='line_1_116' title="bbox 2154 5469 3778 5554; baseline 0.005 -31"><span class='ocrx_word' id='word_1_801' title='bbox 2154 5470 2510 5554; x_wconf 64' lang='lat' dir='ltr'>ahumetani,</span> <span class='ocrx_word' id='word_1_802' title='bbox 2532 5470 2593 5553; x_wconf 77' lang='lat' dir='ltr'>_si</span> <span class='ocrx_word' id='word_1_803' title='bbox 2626 5470 2835 5554; x_wconf 72' lang='lat' dir='ltr'>capitis</span> <span class='ocrx_word' id='word_1_804' title='bbox 2866 5469 3129 5554; x_wconf 76' lang='lat' dir='ltr'>velamen</span> <span class='ocrx_word' id='word_1_805' title='bbox 3180 5469 3457 5554; x_wconf 75' lang='lat' dir='ltr'>excipias,</span> <span class='ocrx_word' id='word_1_806' title='bbox 3491 5470 3620 5525; x_wconf 89' lang='lat' dir='ltr'>suis</span> <span class='ocrx_word' id='word_1_807' title='bbox 3658 5490 3778 5531; x_wconf 85' lang='lat' dir='ltr'>ve-</span> 
     </span>
    </p>
   </div>
   <div class='ocr_carea' id='block_1_117' title="bbox 325 5540 3783 5621">
    <p class='ocr_par' dir='ltr' id='par_1_117' title="bbox 325 5540 3783 5621">
     <span class='ocr_line' id='line_1_117' title="bbox 325 5540 3783 5621; baseline -0.004 -13"><span class='ocrx_word' id='word_1_808' title='bbox 325 5540 937 5621; x_wconf 61' lang='lat' dir='ltr'>inunere&#39;f&#39;ﬁn&#39;gentom</span> <span class='ocrx_word' id='word_1_809' title='bbox 985 5540 1150 5621; x_wconf 72' lang='lat' dir='ltr'>vocat</span> <span class='ocrx_word' id='word_1_810' title='bbox 1196 5540 1743 5621; x_wconf 30' lang='lat' dir='ltr'>Cassiodorus-Ver.</span> <span class='ocrx_word' id='word_1_811' title='bbox 1778 5541 1976 5621; x_wconf 49' lang='lat' dir='ltr'>V1,.l7,</span> <span class='ocrx_word' id='word_1_812' title='bbox 2088 5540 2302 5621; x_wconf 68' lang='lat' dir='ltr'>stibus.</span> <span class='ocrx_word' id='word_1_813' title='bbox 2335 5541 2483 5621; x_wconf 73' lang='lat' dir='ltr'>IIinc</span> <span class='ocrx_word' id='word_1_814' title='bbox 2529 5540 2847 5621; x_wconf 84' lang='lat' dir='ltr'>imperator</span> <span class='ocrx_word' id='word_1_815' title='bbox 2887 5540 3206 5621; x_wconf 88' lang='lat' dir='ltr'>_sultanic_a,</span> <span class='ocrx_word' id='word_1_816' title='bbox 3242 5540 3429 5597; x_wconf 31' lang='lat' dir='ltr'>id’est</span> <span class='ocrx_word' id='word_1_817' title='bbox 3476 5544 3650 5615; x_wconf 77' lang='lat' dir='ltr'>regia.</span> <span class='ocrx_word' id='word_1_818' title='bbox 3710 5553 3783 5604; x_wconf 67' lang='grc' dir='ltr'>οι</span> 
     </span>
    </p>
   </div>
   <div class='ocr_carea' id='block_1_118' title="bbox 322 5610 3782 5699">
    <p class='ocr_par' dir='ltr' id='par_1_118' title="bbox 322 5610 3782 5699">
     <span class='ocr_line' id='line_1_118' title="bbox 322 5610 3782 5699; baseline -0.003 -16"><span class='ocrx_word' id='word_1_819' title='bbox 322 5640 441 5699; x_wconf 83' lang='lat' dir='ltr'>qua</span> <span class='ocrx_word' id='word_1_820' title='bbox 458 5625 588 5696; x_wconf 87' lang='lat' dir='ltr'>ejus</span> <span class='ocrx_word' id='word_1_821' title='bbox 619 5610 813 5679; x_wconf 58' lang='lat' dir='ltr'>ofﬁcia</span> <span class='ocrx_word' id='word_1_822' title='bbox 841 5630 1017 5690; x_wconf 82' lang='lat' dir='ltr'>quam</span> <span class='ocrx_word' id='word_1_823' title='bbox 1048 5613 1337 5671; x_wconf 87' lang='lat' dir='ltr'>latissime</span> <span class='ocrx_word' id='word_1_824' title='bbox 1366 5617 1622 5687; x_wconf 77' lang='lat' dir='ltr'>exponit.</span> <span class='ocrx_word' id='word_1_825' title='bbox 1658 5611 1977 5685; x_wconf 85' lang='lat' dir='ltr'>Procopius</span> <span class='ocrx_word' id='word_1_826' title='bbox 2086 5610 2454 5689; x_wconf 74' lang='lat' dir='ltr'>Saracenica,</span> <span class='ocrx_word' id='word_1_827' title='bbox 2492 5610 2652 5669; x_wconf 79' lang='lat' dir='ltr'>veste</span> <span class='ocrx_word' id='word_1_828' title='bbox 2697 5613 3052 5687; x_wconf 88' lang='lat' dir='ltr'>conspicuus</span> <span class='ocrx_word' id='word_1_829' title='bbox 3097 5614 3168 5670; x_wconf 87' lang='lat' dir='ltr'>ad</span> <span class='ocrx_word' id='word_1_830' title='bbox 3195 5610 3360 5672; x_wconf 74' lang='lat' dir='ltr'>suos</span> <span class='ocrx_word' id='word_1_831' title='bbox 3407 5610 3782 5679; x_wconf 65' lang='lat' dir='ltr'>revertitur.</span> 
     </span>
    </p>
   </div>
  </div>
