4040 6196
231 392 344 454 633

1750 378 2148 441 HISTORIA.

3544 384 3665 443 434

231 527 256 580 6
300 531 405 595 τῆς
462 519 723 592 Ἐδέσσης
777 519 1062 576 κατεπάνω
1114 515 1294 592 νύκτῳ
1347 514 1509 573 αὐτὸν
1565 513 1876 571 καταλιπὼν

2003 518 2129 570 tum
2193 517 2507 574 Antiochiae
2563 519 2774 575 ducem
2836 517 3294 574 Cbachaturium
3353 517 3655 574 adversus-

231 614 300 676 εἷς
379 607 974 670 Κωνσταντινούπολιν
1051 605 1354 684 ἀπέδρασε,
1429 603 1730 679 προμαθὼν
1821 602 1888 657 τὰ.

231 703 396 759 ἐκεῖσε
455 699 816 773 καττυόμενα·
879 700 1136 769 Ἰωάννης
1194 698 1300 773 γὰρ
1359 696 1387 751 6
1436 700 1637 769 Καῖσαρ
1694 694 1783 748 καὶ
1833 692 1885 746 ol

226 792 418 848 τούτου
450 793 612 860 υἱεῖς,
645 790 736 844 καὶ
784 795 885 858 τῆς
941 786 1248 864 συγκλήτου
1281 784 1397 841 ὅσοι
1439 787 1504 840 τὰ
1539 783 1700 839 αὐτοῦ
1732 782 1888 862 ἐφρό-

227 900 365 948 νουν,
424 879 525 946 τήν
592 877 688 950 μὶν
753 873 1013 951 βασιλίδα
1072 874 1356 949 ὑπερόριον
1410 873 1642 936 τίθενται
1702 870 1779 931 εἰς
1822 869 1884 924 τὸ

226 972 343 1044 παρ’
402 969 580 1035 αὐτῆς
637 965 832 1020 συστὰν
894 966 1354 1042 φροντιστήριον,
1413 961 1684 1035 ΙΙιπεροὺς
1742 960 1884 1015 οὕτω

224 1057 588 1130 καλούμενον,
642 1054 1032 1129 ἀποκείραντας
1091 1053 1182 1107 καὶ
1245 1053 1320 1126 μη
1388 1049 1748 1128 βουλομένην,
1790 1049 1882 1104 τὸν

227 1145 279 1202 δὲ
334 1145 582 1223 Μιχαὴλ
644 1145 924 1220 μόναρχον
979 1141 1428 1219 ἀναγορεύσαντες
1509 1139 1885 1214 αὐτοκράτορα

227 1231 459 1312 ἔγραψαν
492 1235 820 1310 ἁπανταχοῦ
866 1232 1153 1288 ἐπανιόντα
1203 1232 1293 1286 τὸν
1342 1228 1569 1305 βασιλέα
1623 1229 1698 1302 μὴ
1751 1228 1882 1283 ὑπο-

228 1323 469 1395 δέξασθαι
531 1326 673 1397 μήτε
731 1324 804 1384 ὡς
861 1321 1086 1397 βασιλέα
1133 1328 1385 1394 τιμῆσαι.
1431 1319 1668 1394 ’Ἠρξατο
1699 1315 1755 1372 δὲ
1785 1320 1884 1386 τῆς

227 1413 618 1487 ἀποκηρύξεως
685 1416 903 1487 πρῶτος
962 1413 989 1466 6
1045 1415 1152 1465 τῶν
1213 1407 1530 1488 φιλοσόφων
1593 1406 1794 1468 ὕπατος
1855 1408 1883 1462 6

225 1500 464 1570 Ψελλὸς,
515 1501 698 1564 καθὼς
729 1501 820 1554 καὶ
869 1499 1028 1561 αὐτὸς
1058 1494 1109 1554 ἕν
1141 1519 1247 1554 τινι
1279 1502 1385 1553 τῶν
1419 1494 1573 1551 ῗδίων
1605 1515 1883 1570 συγγραμα

228 1591 404 1664 μάτων
466 1588 839 1666 μεγαλαυχεῖ.
898 1590 1122 1663 Κέγεται
1179 1584 1238 1642 δὶ
1291 1588 1373 1641 δτι
1431 1586 1520 1640 καὶ
1579 1586 1613 1654 ἡ
1666 1583 1884 1659 βασιλὶς

226 1679 352 1749 αὐτῆ
384 1684 487 1734 τοῦ
514 1681 687 1734 αὐτοῦ
718 1683 927 1733 σκοποῦ
957 1678 1047 1747 ἦν,
1081 1677 1220 1732 ὥστε
1255 1677 1329 1750 μὴ
1371 1672 1758 1750 προσδέξασθαι
1788 1674 1879 1728 τὸν

227 1772 481 1845 Διογένην
534 1767 846 1824 ἐπανιόντα.
898 1767 1146 1840 Ἀπτέρῳ
1195 1762 1251 1820 δὶ
1299 1766 1457 1841 τάχει
1511 1763 1693 1837 μαθὼν
1719 1767 1881 1818 τοῦτο

1997 605 2315 676 Diogenem
2351 608 2462 663 sibi
2503 609 2728 664 socium
2763 607 2919 663 haud
2966 605 3333 662 obedientem
3367 605 3519 661 dicto
3553 606 3656 662 ha-

1997 694 2306 768 buit,quod
2328 697 2398 754 ad
2423 699 2734 770 Diogenem
2756 713 2818 753 se
2836 694 3184 762 contulerat,
3202 711 3317 766 quo
3336 710 3534 749 secum
3562 694 3660 751 ille

1997 785 2174 839 ducto
2214 787 2272 840 in
2305 785 2568 843 Ciliciam
2596 786 3004 860 proﬁciscitur.
3026 784 3134 840 Ubi
3167 784 3344 839 etiam
3377 783 3659 839 auxilium

1997 891 2031 930 a
2061 875 2304 931 Sultano
2335 883 2682 948 exspectans
2711 875 3210 943 commorabatur,
3236 872 3413 929 simul
3443 876 3500 928 et
3531 890 3663 945 pro-

1997 969 2124 1036 pter
2166 965 2417 1022 hiemem
2454 966 2531 1020 ibi
2581 968 2823 1038 degens,
2856 965 3203 1037 tepidiorem
3249 978 3498 1017 noscens
3529 961 3663 1016 Cili-

1996 1055 2184 1121 ciam;
2216 1060 2274 1109 et
2313 1072 2520 1111 rursus
2551 1055 2608 1109 in
2641 1056 2902 1126 cogendo
2949 1052 3207 1108 exercitu
3241 1051 3659 1124 occupabatur.

1997 1156 2072 1208 At
2100 1153 2542 1218 Constantinus,
2577 1157 2888 1224 postquam
2935 1150 3218 1220 Diogenes
3250 1148 3512 1216 recessit,
3547 1148 3663 1220 By-

1994 1243 2251 1298 zantium
2288 1261 2554 1299 reversus
2602 1246 2709 1297 est.
2743 1243 2806 1296 In
2838 1242 2967 1310 ejus
3019 1238 3211 1293 locum
3263 1236 3519 1291 mittitur
3550 1238 3651 1292 ad-

1992 1354 2200 1394 versus
2222 1336 2538 1408 Diogenem
2573 1347 2784 1404 praeses
2805 1328 3174 1384 Andronicus
3196 1326 3439 1381 Caesaris
3469 1325 3651 1382 ﬁlius.

2000 1429 2189 1484 Diviso
2221 1431 2416 1482 autem
2469 1422 2759 1478 militibus
2789 1421 3122 1476 commeatu
3173 1431 3276 1488 per
3317 1414 3654 1472 clausuram

1997 1517 2257 1575 Podandi
2316 1513 2579 1586 pervenit
2627 1511 2686 1566 in
2735 1508 3020 1573 Ciliciam,
3067 1505 3166 1562 ubi
3223 1505 3338 1576 ipsi
3396 1505 3653 1560 occurrit

1992 1603 2649 1673 Chachaturius,quem,
2669 1615 2801 1654 cum
2825 1596 2985 1653 brevi
3009 1598 3352 1667 pugnasset,
3376 1592 3654 1648 occidunt

1995 1695 2212 1751 milites
2245 1690 2589 1758 Andronici;
2617 1703 2870 1758 cumque
2900 1685 2992 1740 alii
3029 1685 3086 1739 in
3120 1685 3386 1738 Adanam
3422 1682 3559 1754 fuga
3589 1699 3652 1738 se

1994 1785 2372 1857 recepissent,
2407 1780 2507 1838 ubi
2537 1779 2714 1834 etiam
2754 1777 3038 1845 Diogenes
3093 1772 3452 1840 morabatur,
3485 1772 3650 1826 obsi-

225 1858 309 1913 καὶ
377 1860 407 1913 ὁ
480 1856 771 1932 Διογένης,
844 1857 931 1912 καὶ
1005 1853 1456 1932 πληροφορηθεὶς
1530 1851 1614 1908 ὅτι
1686 1857 1876 1914 κοινῶς

1991 1851 2164 1931 dieue
2197 1874 2400 1928 urbem
2430 1870 2581 1925 704
2611 1865 2968 1939 expugnavit
2995 1861 3390 1919 Andronicus.
3413 1861 3652 1916 Percus-

229 1947 665 2020 ἀποκεκήρυκται
719 1991 734 2014 ,
810 1942 1066 2022 φρούριόν
1148 1965 1200 1998 τι
1285 1944 1574 2018 κατασχὼν
1661 1941 1879 1996 Δόκειαν

229 2036 628 2109 ὀνομαζόμενον
676 2035 849 2090 ἐκεῖσε
894 2031 1438 2107 ἐστρατοπεδεύσατο.
1471 2033 1532 2088 Ὀ
1579 2030 1636 2086 δὲ
1675 2034 1880 2106 Καῖσαρ

225 2125 285 2180 τὰ
327 2133 430 2195 τῆς
477 2123 783 2201 βασιλείας,
833 2125 907 2186 ὡς
968 2121 1164 2193 ἐδόκει,
1209 2121 1400 2196 ἄριστα
1454 2121 1879 2196 κρατυνάμενος,

223 2224 308 2278 τὸν
363 2221 635 2298 πρόεδρον
715 2226 1116 2277 Κωνσταντῖνον
1190 2221 1284 2276 τὸν
1367 2217 1706 2296 βραχύτερον
1773 2221 1883 2272 τῶν

225 2313 378 2367 υἱέων
461 2313 600 2385 μετά
675 2307 955 2383 δυνάμεως
1023 2307 1188 2385 ἀδρᾶς
1246 2309 1382 2363 κατὰ
1435 2312 1532 2362 τοῦ
1591 2306 1877 2380 Διογένους

224 2402 464 2479 ἀφίησιν,
499 2402 561 2462 ’ὃς
592 2400 682 2455 καὶ
713 2399 927 2463 ἐνωθεῖς
969 2399 1118 2471 αὐτῷ
1152 2397 1202 2452 ἓν
1235 2401 1303 2472 τῇ
1356 2399 1550 2468 Δοκείᾳ
1599 2394 1878 2451 ἀπεδειλά

221 2492 306 2545 τὸν
349 2489 625 2564 πόλεμον.
659 2491 828 2564 Ὁρῶν
884 2486 940 2544 δὲ
989 2489 1016 2543 6
1049 2488 1306 2562 Διογένης
1356 2488 1752 2562 ὑπερτεροῦντα
1782 2491 1878 2540 τοῦ

225 2581 618 2635 Κωνσταντίνου
677 2578 864 2634 Ξαυτὸν
900 2622 917 2650 ,
978 2575 1107 2652 ἄρας
1179 2576 1378 2632 έκεῖθεν
1439 2576 1741 2654 ἀφικνεῖται
1798 2575 1876 2638 εἲς

226 2667 634 2726 Καππαδοκίαν.
697 2671 780 2725 Ἐν
837 2667 1084 2740 τοσούτῳ
1142 2665 1200 2723 δὲ
1255 2666 1473 2735 πλῆθος
1505 2666 1769 2742 Φράγγων
1802 2671 1879 2738 τῷ

226 2759 610 2831 Κωνσταντίνῳ
688 2757 1102 2834 προσγίνεται,
1168 2757 1258 2811 καὶ
1337 2762 1631 2829 Κρισπῖνος
1715 2755 1876 2817 αὐτὸς

228 2849 354 2921 μετὰ
396 2846 508 2904 τῶν
560 2849 866 2924 ὁμογενῶν,
901 2847 958 2900 ’ὸν
1008 2847 1168 2901 ἀνιὼν
1201 2848 1229 2901 6
1262 2847 1523 2920 Διογένης
1579 2845 1628 2898 έν
1665 2839 1878 2917 ’Δὸύδῳ

224 2939 514 3013 περιώρισε
574 2937 881 3011 πρότερον.
942 2933 1224 3011 Θεόδωρον
1282 2933 1372 2989 οὖν
1430 2935 1521 2989 τὸν
1582 2931 1875 3019 ’Δλυάτην,

225 3023 385 3100 ἄνδρα
441 3029 690 3102 γενναῖον
747 3024 838 3078 καὶ
898 3024 1130 3101 ἐπιφανῆ
1174 3071 1189 3096 ,
1253 3025 1468 3099 μεγέθει
1521 3044 1580 3078 τε
1635 3023 1721 3077 καὶ
1785 3023 1878 3094 θέᾳ

228 3115 695 3187 θαυμασιώτατον,
745 3112 962 3192 στέλλει
1016 3119 1132 3168 κατ’
1161 3111 1358 3168 αὐτῶν.
1415 3111 1773 3188 Ἐῤῥωμένως
1831 3109 1878 3165 δ’

224 3203 798 3278 ἇντιπαρασαξαμένων
848 3207 954 3256 τῶν
1004 3202 1128 3279 περὶ
1180 3205 1610 3269 Κωνσταντῖνον,
1659 3203 1870 3270 ἡττῶν-

219 3312 302 3346 ται
346 3293 396 3346 οἱ
444 3294 570 3366 περὶ
624 3292 716 3346 τὸν
766 3289 1059 3362 ’Δλυάτην,
1114 3292 1391 3346 ἆΛίσκεται
1443 3288 1500 3346 δὲ
1544 3289 1632 3345 καὶ
1686 3289 1864 3358 αὐτὸς,

218 3383 302 3435 καὶ
346 3381 476 3443 τοὺς
529 3379 851 3457 ὀφθαλμοὺς
898 3380 1230 3456 ὶξορύττεται
1263 3385 1541 3450 σκηνικοῖς
1575 3377 1864 3456 σιδηρίοις.

221 3476 558 3553 [Ιεριώδυνος
593 3476 649 3533 δὲ
680 3480 708 3534 6
739 3481 995 3554 Διογένης
1041 3478 1127 3534 ἐπὶ
1158 3485 1273 3541 τοῖς
1307 3473 1680 3552 συμϐεϐηκόσι
1709 3499 1867 3554 γεγο-

219 3567 322 3629 νὼς
375 3568 452 3629 εἷς
510 3570 612 3637 τὴν
678 3565 1058 3623 Καππαδοκῶν
1108 3563 1352 3640 ἐνέϐαλε,
1411 3568 1747 3642 πανταχόθεν
1805 3567 1867 3620 τὸ

221 3658 524 3731 στράτευμα
581 3653 1088 3730 προσκαλούμενος.
1124 3657 1289 3720 Αὐτὸς
1346 3655 1403 3712 δὶ
1460 3655 1644 3733 διῆγεν
1688 3656 1739 3710 έν
1787 3660 1868 3727 τῷ

222 3748 530 3820 Τυροποιῷ’
592 3744 851 3824 φρούριον
908 3743 964 3800 δί
1019 3746 1190 3810 οὕτως
1262 3745 1602 3819 καλούμενον
1663 3745 1865 3821 ὀχυρὸν

223 3835 338 3892 λίαν
384 3836 476 3891 καὶ
526 3837 908 3913 ἀπόκρημνον.
962 3836 1476 3912 Προσκαλεσάμενος
1519 3835 1610 3892 οὖν
1657 3839 1685 3892 6
1726 3844 1870 3891 Κων-

226 3932 497 3988 σταντῖνος
529 3929 614 4000 [Ρ.
647 3928 775 3999 844]
805 3926 894 3981 καὶ
923 3928 1014 3982 τὸν
1050 3927 1385 4002 Ἀντιοχείας
1425 3925 1590 3981 δοῦκα
1618 3927 1708 3981 τὸν
1754 3935 1866 3981 Λα-

223 4014 514 4090 χατούριον
565 4014 860 4091 σύμμαχον
917 4017 1053 4070 κατὰ
1106 4020 1203 4070 τοῦ
1260 4015 1544 4092 Διογένους
1574 4016 1673 4071 οὐκ
1711 4013 1865 4091 ἔσχεν

227 4105 589 4160 ὑπακούοντα*
655 4104 949 4179 προσέθετο
994 4105 1094 4180 γὰρ
1137 4106 1216 4176 τῷ
1266 4105 1523 4179 Διογένει.
1590 4105 1686 4160 Καὶ
1742 4111 1867 4161 τοῦ·

221 4214 313 4247 τον
366 4188 702 4270 παραλαϐὼν
747 4193 1100 4269 παραγίνεται
1151 4195 1225 4256 εἷς
1280 4192 1559 4262 Κιλικίαν,
1611 4193 1732 4259 ἔνθα
1777 4195 1866 4249 καὶ

223 4283 638 4360 προσεκαρτέρει
703 4285 803 4352 τὴν
880 4283 988 4337 ἀπὸ
1059 4287 1153 4338 τοῦ
1227 4283 1529 4339 σουλτάνου
1589 4283 1865 4356 ἀναμένων

230 4372 500 4446 βοήθειαν,
559 4374 707 4445 ὁμοῦ
762 4373 856 4446 μὶν
916 4371 1003 4427 καὶ
1065 4370 1154 4427 διὰ
1207 4373 1297 4428 τὸν
1358 4377 1612 4449 χειμῶνα
1669 4371 1868 4448 διάγων

227 4459 411 4529 insist,
461 4459 591 4517 ἀλλ’
637 4460 1006 4534 ἄλεεινοτέραν
1043 4463 1142 4530 τήν
1195 4461 1442 4518 Κιλικίαν
1495 4463 1869 4536 ἐπιστάμενος,

229 4550 316 4604 καὶ
343 4550 504 4605 πάλιν
536 4551 676 4626 πρὸς
726 4548 1012 4626 συλλογὴν
1059 4556 1290 4628 στρατοῦ
1323 4552 1508 4606 ἑαυτὸν
1537 4550 1870 4628 ἀπησχόλει.

231 4651 293 4708 Ὀ
319 4648 374 4705 δέ
422 4671 486 4725 γε
541 4655 943 4712 Κωνσταντῖνος
999 4652 1132 4723 μετᾶ
1180 4651 1243 4706 τὸ
1288 4651 1380 4706 τὸν
1437 4652 1695 4727 Διογένην
1743 4653 1874 4707 ὑπο-

232 4747 476 4813 χωρῆσαι
531 4739 858 4813 ὑπέστρεψεν
905 4739 980 4802 είς
1033 4740 1096 4793 τὸ
1145 4741 1450 4809 Βυζάντιον.
1485 4742 1628 4796 Ἀντ’
1672 4739 1876 4796 ἐκείνου

234 4825 293 4882 δί
320 4828 594 4883 στέλλεται
646 4829 782 4884 κατὰ
831 4833 928 4882 τοῦ
969 4830 1264 4902 Διογένους
1293 4831 1322 4883 6
1353 4827 1618 4905 πρόεδρος
1655 4827 1875 4904 Ἀνδρό-

233 4919 551 4979 νικοςὸτοῦ
602 4917 874 4994 Καίσαρος
932 4914 1068 4982 υἱός.
1123 4919 1412 4991 Διανιίμας
1465 4915 1522 4973 δὲ
1568 4924 1685 4983 τοῖς
1715 4940 1873 4993 στρα-

232 5006 444 5069 τιώταις
489 5007 767 5082 σιτηρέσια
817 5003 907 5061 διὰ
957 5010 1056 5072 τῆς
1110 5006 1430 5083 κλεισούρας
1472 5011 1568 5062 τοῦ
1601 5005 1878 5064 Ποδανδοῦ

237 5094 528 5172 ἀφικνεῖται
589 5095 669 5158 εἷς
728 5094 1002 5166 Κιλικίαν,
1063 5094 1187 5150 ἔνθα
1244 5102 1472 5168 συναντᾷ
1517 5096 1664 5169 αύτῷ
1710 5099 1738 5152 6
1772 5107 1876 5152 Λα-

239 5182 544 5256 χατούριος,
573 5183 634 5237 ὃν
681 5181 771 5236 καὶ
822 5183 957 5255 πρὸς
990 5182 1169 5258 βραχὺ
1221 5184 1603 5259 μαχεσάμενον
1636 5186 1876 5259 αἳροῦσιν

241 5270 293 5322 οἱ
318 5267 408 5324 τοῖ’)
455 5268 826 5341 Ἀνδρονίκου.
880 5276 994 5325 Τῶν
1050 5269 1106 5326 δὶ
1150 5269 1335 5327 ἄλλων
1389 5270 1771 5352 συμφυγόντων
1805 5274 1881 5338 εἰς

240 5353 488 5423 Ἀδαναν,
517 5357 642 5423 ἔνθα
688 5360 778 5414 καὶ
813 5360 840 5414 6
873 5361 1128 5436 Διογένης
1170 5357 1425 5438 διέτριϐε,
1458 5363 1751 5438 πολιορκίᾳ
1779 5364 1876 5434 τὴν

242 5444 397 5500 πόλιν
444 5443 689 5503 διέλαϐεν
739 5450 767 5504 6
820 5447 1182 5526 Ἀνδρόνικος.
1217 5453 1506 5521 Συνθηκῶν
1558 5449 1614 5506 δὲ
1659 5453 1881 5527 γενομέ-

246 5555 346 5587 νων
373 5535 446 5612 ἂρ’
483 5538 529 5607 ᾧ
557 5539 650 5592 τὸν
698 5539 952 5614 Διογένην
988 5539 1279 5604 ἀποθέσθαι
1319 5542 1413 5614 μὲν
1441 5543 1540 5610 τήν
1579 5541 1878 5615 βασιλείαν,

248 5634 342 5701 τήν
385 5634 548 5710 τρίχα
591 5635 648 5691 δὲ
695 5639 924 5713 χαρέντα
967 5635 1168 5713 διάγειν
1221 5637 1533 5711 ἶδιωτικῶς,
1576 5638 1734 5712 ἔξεισι
1785 5647 1880 5698 τοῦ

251 5721 472 5796 κάπρου
527 5723 933 5800 μελανειμονῶν
981 5727 1071 5784 καὶ
1119 5729 1186 5784 τὰ
1229 5731 1346 5794 καθ’
1395 5731 1579 5787 ἑαυτὸν
1611 5730 1878 5788 ἀποκλαι-

1901 3243 1943 3310 C

1991 1979 2175 2035 soque
2224 1961 2460 2024 fmdore,
2496 1963 2562 2012 ut
2614 1957 2920 2027 Diogenes,
2943 1951 3208 2024 deposito
3257 1950 3503 2022 imperio
3552 1967 3650 2005 ca-

1991 2053 2245 2126 pilisque
2293 2048 2576 2112 detonsis,
2617 2045 2880 2117 privatus
2926 2042 3186 2112 degeret,
3217 2056 3249 2094 e
3291 2043 3482 2094 castro
3535 2039 3654 2094 exit

1992 2144 2158 2214 nigra
2188 2143 2346 2196 veste
2393 2137 2640 2192 indutus
2688 2148 2947 2204 suasque
2985 2131 3209 2187 deﬂens
3259 2127 3646 2184 calamitates.

1990 2241 2200 2298 Statim
2232 2242 2427 2294 autem
2452 2235 2679 2291 reditus
2709 2230 3069 2287 mentionem
3093 2228 3233 2284 facit
3252 2227 3646 2296 Andronicus,

1989 2337 2047 2387 et
2104 2345 2302 2385 secum
2363 2325 2668 2382 attrahens
2725 2322 3036 2392 Diogenem
3089 2316 3382 2390 pullatum
3430 2315 3647 2386 vilique

1992 2419 2150 2476 mulo
2172 2401 2403 2474 vectum
2430 2431 2535 2486 per.
2552 2412 2683 2483 illos
2700 2411 2858 2466 vicos
2881 2411 2990 2464 iter
3009 2407 3260 2462 habebat
3276 2410 3333 2460 et
3355 2404 3644 2476 regiones,

1989 2529 2022 2566 a
2052 2510 2268 2582 quibus
2302 2506 2464 2578 prius
2494 2508 2554 2558 ut
2585 2502 2702 2557 Deo
2734 2498 2978 2571 aequalis
3007 2496 3094 2552 vir
3123 2495 3396 2566 cognitus
3429 2493 3637 2550 fuerat.

1987 2600 2132 2656 Cum
2166 2613 2300 2653 vero
2329 2608 2518 2665 usque
2549 2592 2620 2647 ad
2647 2594 2938 2661 Cotyaaum
2973 2587 3084 2642 iter
3113 2585 3376 2640 luctuose
3409 2583 3644 2639 fecisset

1986 2687 2314 2762 (laborabat
2341 2684 2496 2740 enim
2533 2681 2752 2737 ventris
2792 2677 2994 2732 morbo
3023 2693 3093 2731 ex
3121 2675 3332 2740 cicuta,
3365 2690 3494 2744 quae
3526 2672 3640 2743 ipsi

1988 2796 2090 2852 per
2119 2775 2367 2832 insidias
2422 2771 2583 2845 prius
2615 2767 2924 2841 propinata
2975 2764 3205 2834 fuerat),
3237 2763 3319 2817 ibi
3369 2763 3642 2818 detentus

1987 2850 2094 2934 est,
2129 2866 2320 2938 quoad
2355 2862 2427 2916 ab
2459 2861 2810 2930 imperatore
2841 2853 3184 2938 deﬁnii'etur
3214 2853 3497 2924 quidnam
3529 2850 3642 2922 ipsi

1987 2932 2322 3013 faciendum
2355 2954 2529 3006 esset.
2554 2948 2664 3002 Sed
2700 2943 2904 3018 paucis
2937 2932 3297 3014 post‘diebus
3329 2940 3488 2994 venit
3517 2954 3646 2993 sen-

1986 3045 2170 3102 tentia
2207 3037 2580 3113 imperatoris
2625 3039 2829 3090 contra
2855 3048 3014 3097 eum,
3048 3031 3148 3102 qui
3201 3031 3418 3083 lrustra
3469 3027 3648 3083 miser

1984 3139 2128 3201 erat,
2154 3148 2284 3205 qua:
2306 3128 2544 3200 quidem
2573 3123 2685 3196 ipsi
2710 3122 2912 3178 oculos
2940 3118 3299 3174 elfodiendos
3331 3117 3642 3205 censebat;

1985 3204 2306 3292 statimque
2336 3217 2386 3273 ei
2432 3213 2586 3272 oculi
2635 3211 2830 3268 ell‘ossi
2875 3218 3036 3278 sunt,
3068 3224 3200 3262 cum
3249 3204 3396 3260 nihil
3427 3205 3477 3260 ei
3510 3205 3640 3276 opis

1976 3311 2320 3380 attulissent
2372 3299 2820 3373 archiepisc0pi,
2878 3297 2979 3368 qui
3039 3295 3206 3351 missi
3269 3295 3509 3349 fuerant
3565 3293 3638 3349 ad

1977 3401 2334 3466 reddendam
2370 3395 2658 3450 rationem
2693 3406 2796 3444 cur
2827 3385 2978 3442 nihil
3009 3385 3058 3440 ei
3081 3389 3238 3440 esset
3270 3382 3634 3454 patiendum.

1977 3506 2155 3562 Erant
2197 3500 2254 3555 hi
2289 3489 2671 3552 Chalcedonis
2723 3485 3204 3557 archiepiscopus
3236 3485 3292 3536 et
3322 3479 3630 3545 Heracleas,

1979 3599 2037 3650 et
2064 3588 2313 3650 Colonias
2335 3579 2720 3653 Theophilus,
2746 3577 2961 3649 quibus
2993 3573 3167 3628 etiam
3197 3571 3256 3626 in
3284 3569 3627 3625 memoriam

1977 3680 2202 3753 redegit
2225 3671 2645 3747 jusjurandum
2673 3673 2730 3723 et
2750 3667 2975 3737 justam
3001 3662 3100 3718 Dei
3133 3657 3623 3753 indignationem:

1977 3772 2092 3845 Ipsi
2119 3745 2256 3824 vero
2296 3761 2567 3836 quamvis
2615 3755 2888 3828 opitulari
2924 3750 3342 3816 instituissent,
3376 3762 3524 3819 aagre
3564 3745 3624 3800 id

1977 3843 2166 3917 facere
2196 3862 2251 3913 et
2282 3869 2415 3910 cum
2449 3848 2793 3904 difﬁcultate
2824 3843 2980 3898 haud
3016 3843 3300 3912 poterant,
3322 3853 3456 3892 cum
3489 3853 3627 3891 cru-

1977 3949 2138 4006 deles
2167 3952 2224 4002 et
2252 3941 2419 4014 impii
2473 3937 2740 3994 homines
2790 3931 2903 4004 ipsi
2937 3934 3200 4000 correpto
3247 3926 3448 3982 oculos
3502 3924 3629 3978 sine

1978 4038 2098 4095 ulla
2127 4013 2640 4092 commiseratione
2665 4021 3008 4080 ell‘odissent
3036 4033 3102 4073 ac
3132 4016 3257 4072 sine
3279 4013 3399 4070 ulla
3423 4013 3630 4069 buma-

1977 4129 2178 4183 nitate.
2222 4121 2546 4178 Perductus
2605 4119 2800 4169 autem
2849 4109 2948 4164 vili
2999 4108 3270 4178 jumento
3321 4119 3509 4174 usque
3559 4102 3631 4157 ad

1978 4212 2414 4286 Propontidem,
2444 4203 2622 4260 veluti
2673 4199 2978 4274 putridum
3023 4195 3286 4286 cadaver,
3334 4192 3442 4286 cui-
3478 4190 3630 4247 oculi

1959 4328 1961 4330 ·
1979 4280 2177 4363 essent
2192 4298 2410 4364 ell'ossi,
2425 4299 2600 4366 caput
2615 4296 2672 4347 et
2687 4307 2752 4346 os
2773 4281 3367 4355 inﬂatum,vermibus
3390 4280 3628 4352 plenum

1980 4400 2037 4451 et
2064 4395 2284 4454 fcetore,
2308 4403 2442 4444 cum
2489 4381 2694 4455 paucis
2724 4378 2932 4434 diebus
2979 4371 3422 4444 supervixisset,
3455 4369 3630 4424 mise-

1980 4481 2244 4541 rabiliter
2272 4482 2330 4533 et
2360 4480 2495 4532 ante
2523 4470 2750 4527 obitum
2787 4464 2938 4521 male
2969 4464 3133 4519 olens
3163 4459 3411 4515 excessit
3437 4475 3468 4513 e
3493 4457 3632 4520 vita,

1979 4580 2040 4636 in
2067 4579 2212 4635 705
2245 4576 2416 4631 Prota
2439 4567 2634 4625 insula
2656 4566 2911 4621 cinerem
2935 4563 3263 4633 deponens;
3292 4555 3390 4612 ubi
3417 4571 3630 4610 novum

1985 4669 2084 4725 ille
2115 4662 2538 4723 monasterium
2592 4654 2931 4719 aediﬁcarat,
2963 4650 3035 4706 ab
3087 4663 3263 4704 uxore
3293 4663 3401 4702 sua
3430 4650 3488 4701 et
3518 4649 3634 4698 Au-

1985 4761 2160 4830 gusta
2192 4759 2538 4823 sumptuose
2567 4748 2813 4801 curatus
2833 4756 2898 4796 ac
2930 4736 3219 4830 sepultus,
3242 4732 3640 4830 relicta-mise-

1986 4821 2205 4902 riarum
2238 4847 2295 4898 et
2325 4821 2750 4896 calamitatum,
2781 4845 2930 4902 quas
2961 4823 3268 4890 sustinuit,
3302 4827 3359 4877 et
3389 4821 3634 4877 infortu-

1987 4934 2218 4991 niorum
2275 4923 2754 4998 exsuperantium
2804 4917 3004 4976 omnia
3051 4928 3416 4987 quaecunque
3464 4916 3638 4966 antea

1988 5023 2190 5080 audita
2233 5017 2452 5075 fuerint
2501 5011 2804 5070 memoria.
2837 5009 2898 5064 In
2949 5005 3167 5063 talibus
3211 5006 3410 5059 autem
3444 5017 3511 5056 a0
3551 5004 3640 5054 tot

1990 5111 2161 5168 malis
2195 5109 2421 5164 nullum
2467 5103 2848 5160 maledictum
2899 5095 3163 5169 protulit,
3199 5108 3386 5163 neque
3415 5089 3636 5161 aliquid

1991 5200 2196 5256 nefarii
2226 5198 2458 5254 locutus
2491 5197 2598 5262 est,
2634 5191 2734 5248 sed
2780 5194 2892 5244 Deo
2926 5185 3146 5259 gratias
3175 5199 3343 5253 agere
3374 5196 3640 5252 perseve-

1989 5290 2160 5346 rabat
2189 5292 2245 5344 et
2275 5303 2450 5344 casus
2491 5298 2656 5354 raquo
2697 5279 2893 5334 animo
2926 5277 3093 5332 ferre.
3127 5273 3413 5328 Dicuntur
3443 5273 3638 5326 autem

1990 5396 2120 5452 quas
2153 5383 2355 5433 contra
2381 5375 2576 5446 ipsum
2611 5371 2763 5426 facta
2784 5371 2923 5424 sunt
2953 5364 3235 5420 insciente
3258 5365 3314 5416 et
3335 5361 3514 5416 invito
3537 5359 3644 5412 im-

1991 5447 2257 5541 peratore
2284 5462 2560 5520 Michaele
2591 5462 2758 5524 facta,
2783 5463 2848 5513 ut
2875 5459 3078 5527 postea
3108 5454 3234 5525 ipse
3258 5447 3644 5541 jurejurando

1992 5537 2257 5614 adhibito
2301 5551 2694 5618 asseverabat,
2727 5550 2948 5605 Caesare
2999 5544 3120 5599 haec
3150 5541 3301 5598 clam
3333 5544 3390 5596 et
3417 5537 3642 5593 occulte

1990 5646 2443 5703 administrante
2476 5659 2542 5698 ac
2571 5638 2940 5712 'perliciente.
2973 5635 3077 5689 Ilio
3126 5633 3446 5703 imperator
3489 5623 3642 5712 epis-

1993 5741 2272 5810 copatum
2306 5711 2679 5792 Nazianziiad
2704 5730 2842 5799 jura
2874 5721 3321 5795 metropolitana
3355 5711 3643 5789 perduxit-
