4008 6206
352 354 471 440 4'39

1673 391 1997 454 JOANNIS
2043 391 2446 453 SCYLITZzE

3649 384 3763 446 MO

356 512 690 571 Melitenam
726 518 1110 592 pervenisset,
1134 520 1193 576 in
1221 523 1442 579 Turcos
1468 528 1702 595 repente
1732 525 2016 580 invadens

2134 543 2247 585 κοις
2278 521 2591 597 περιτυχὼν
2623 517 2911 595 ἀριστεύει,
2946 518 2997 590 ἐξ
3028 514 3224 597 ἆφόδου
3272 516 3489 579 τούτοις
3541 516 3769 573 ἅπεισπε·

359 605 630 675 superior
678 609 890 675 evadit,
923 615 980 664 et
1030 609 1316 683 reliquam
1351 616 1637 669 exercitus
1685 620 1909 687 partem
1942 615 2011 669 ad

360 695 681 750 Czesaream
736 697 998 769 appellit.
1050 699 1383 756 Comnenus
1432 719 1665 775 quoque
1724 705 2016 761 mediatus

362 782 423 838 in
456 783 654 840 hostes
688 792 925 858 repente
974 788 1259 859 impetum
1304 790 1491 847 facere
1537 794 2020 866 progrediebatur

365 877 555 943 nocte,
615 875 784 946 quasi
838 877 1158 948 imparatos
1218 879 1378 951 ipsos
1436 898 1870 954 aggressurus:
1914 884 2016 938 sed

365 962 534 1019 aliter
563 969 736 1034 atque
764 964 1035 1036 opinatus
1069 967 1256 1023 fuerat
1287 968 1337 1023 ei
1370 971 1595 1026 accidit.
1622 972 1832 1028 Incidit
1861 973 2017 1027 enim

362 1050 423 1106 in
480 1051 640 1123 ipsos
699 1054 1057 1124 compositos
1099 1060 1155 1111 et
1213 1063 1468 1128 paratos,
1504 1065 1560 1115 et
1616 1061 1831 1117 invitus
1884 1079 2018 1117 cum

358 1140 504 1211 ipsis
536 1157 888 1213 congressus
922 1150 1238 1215 superatur
1260 1154 1315 1202 et
1347 1147 1504 1204 illico
1535 1151 1783 1222 capitur.
1810 1151 2021 1207 Omnia

357 1246 590 1301 quoque
624 1249 753 1303 quae
787 1231 940 1288 intra
968 1233 1189 1290 vallum
1224 1242 1407 1308 erant,
1435 1239 1852 1311 corripiuntur,
1878 1241 2021 1296 mul-

353 1317 431 1373 tis
469 1319 796 1377 interfectis
848 1322 1149 1391 Romanis,
1201 1326 1346 1380 vivis
1381 1327 1733 1398 quibusdam
1784 1331 2018 1404 captis:

353 1414 553 1487 plures
585 1422 780 1475 autem
832 1421 943 1475 sibi
995 1422 1133 1494 fuga
1187 1423 1435 1481 salutem
1473 1428 1810 1498 quaesivere.
1845 1429 2021 1485 Cum-

356 1522 471 1577 que
538 1508 696 1564 fama
755 1511 826 1565 ad
900 1513 1314 1584 imperatorem
1394 1517 1789 1586 pervenisset,
1862 1518 2023 1576 visus

356 1602 446 1652 est
485 1598 714 1654 tristior
745 1605 802 1655 et
834 1600 1029 1657 dolore
1078 1603 1343 1660 affectus.
1377 1605 1502 1660 Non
1555 1612 1750 1663 tamen
1782 1609 2022 1663 omnino

358 1687 430 1740 ab
478 1687 782 1743 inferenda
832 1690 1059 1746 civibus
1109 1693 1329 1763 injuria
1380 1711 1567 1766 neque
1599 1714 1631 1752 a
1665 1697 1903 1753 nefariis
1935 1715 2023 1753 re-

358 1776 469 1831 bus
502 1792 631 1833 sese
675 1778 985 1851 abstinuit,
1017 1783 1169 1852 quod
1223 1783 1536 1855 Nicephori
1584 1788 1824 1844 monitis
1855 1804 2023 1859 pare-

2127 613 2256 668 σών.
2292 612 2369 668 Τὸ
2400 609 2457 666 δὲ
2491 608 2686 664 λοιπὸν
2719 607 3025 683 στράτευμα
3053 612 3123 681 τῇ
3158 607 3465 680 Καισαρέων
3503 601 3769 683 παραϐάλ-

2126 702 2234 759 λει.
2256 700 2607 776 Σκεψάμενος
2631 698 2687 754 δὲ
2706 700 2797 754 καὶ
2821 700 2847 753 ὁ
2871 698 3156 772 Κομντανὸς
3187 702 3303 758 τοῖς
3337 695 3597 758 ἐναντίοις
3619 715 3769 764 προσ-

2128 788 2313 849 ϐαλεῖν
2366 791 2416 863 ἐξ
2478 788 2696 869 ἐφόδου,
2724 788 2922 865 προῄει
2976 788 3071 861 μὶν
3119 787 3241 860 [ὡς]
3275 783 3364 840 διὰ
3414 789 3516 851 τῆς
3573 785 3768 857 νυκτὸς,

2128 883 2203 947 ὡς
2230 880 2625 958 ἀπαρασκεύοις
2685 876 2743 933 ἂν
2806 876 3054 932 ἐπιπέσοι
3112 876 3329 940 αὐτοῖς,
3361 877 3423 929 τὸ
3475 872 3520 928 δ’
3552 874 3769 929 ἐναντίον

2127 970 2326 1046 πάσχει
2384 977 2484 1039 τῆς
2542 967 2744 1031 οῗκείας
2786 965 3016 1043 βουλῆς·
3049 963 3482 1040 ἐμπαρασκεύοις
3535 964 3642 1038 γὰρ
3691 961 3771 1017 καὶ

2128 1061 2561 1135 ἡτοιμασμένοις
2638 1055 2948 1134 ἐντυγχάνει
3031 1056 3235 1117 αὐτοῖς·
3306 1054 3649 1131 Συῤῥήγνυσι
3724 1050 3774 1108 δὶ

2128 1150 2349 1215 τούτοις
2396 1150 2483 1205 καὶ
2541 1151 2616 1223 μή
2673 1146 3034 1224 βοδλόμενος,
3066 1143 3155 1200 καὶ
3205 1146 3430 1209 ἡττᾶται
3487 1143 3666 1210 εὐθὺς,
3694 1142 3773 1197 xui

2130 1242 2326 1295 αὐτίκα
2360 1239 2725 1315 αἰχμάλωτος
2770 1237 2998 1313 γίνεται.
3033 1234 3343 1291 Ἀλίσκεται
3384 1230 3440 1287 δὶ
3485 1232 3576 1287 καὶ
3632 1233 3696 1286 τὰ
3728 1232 3773 1287 ἂν

2128 1335 2206 1401 τῷ
2238 1329 2439 1405 χάρακι
2473 1329 2704 1397 ἅπαντα,
2742 1323 2970 1381 πολλῶν
3029 1324 3123 1397 μὶν
3152 1322 3438 1395 Ῥωμαίων
3489 1321 3776 1391 πεσόντων,

2134 1428 2342 1503 ζωγρίᾳ
2373 1424 2429 1482 δὲ
2473 1425 2785 1500 Ληφθὲντων
2841 1427 3028 1479 τινῶν.
3090 1419 3362 1476 πλειόνων
3414 1416 3473 1475 δὲ
3517 1421 3619 1488 τὴν
3677 1439 3780 1472 σω-

2130 1517 2321 1593 τηρίαν
2357 1516 2667 1592 εὐραμίνων
2730 1517 2896 1588 φυγῇ.
2928 1518 3037 1582 Τῆς
3070 1508 3126 1566 δὲ
3155 1513 3350 1588 φήμης
3405 1508 3498 1563 τὸν
3566 1506 3783 1585 βασιλέα

2129 1601 2546 1675 καταλαϐούσης
2632 1601 2780 1673 ἔδοξε
2868 1601 2960 1675 μὲν
3044 1622 3098 1655 τι
3174 1599 3497 1672 σκυθρωπὸν
3578 1598 3783 1665 παθεῖν,

2134 1697 2195 1750 ού
2258 1696 2364 1769 μὴν
2426 1692 2482 1749 δὲ
2539 1694 2841 1748 παντάπασι
2913 1695 3022 1744 τῶν
3083 1686 3384 1743 πολιτικῶν
3434 1683 3783 1758 ἀδικημάτων

2132 1786 2221 1840 καὶ
2302 1790 2410 1839 τῶν
2497 1786 2778 1856 κοσμικῶν
2864 1780 3132 1855 ἀπεσχετο
3214 1782 3333 1838 ταῖς
3388 1780 3484 1831 τοῦ
3542 1774 3785 1852 Νικηφό-

357 1869 462 1920 ret.
503 1867 650 1921 709
685 1866 831 1922 Cum
882 1870 1037 1925 enim
1091 1888 1157 1927 eo
1208 1879 1362 1928 esset
1410 1875 1648 1946 ingenia
1701 1883 1764 1932 ut
1808 1865 2023 1933 discer-

2136 1895 2233 1949 pou
2293 1871 2734 1947 ὑποθημοσύναις
2768 1889 2780 1901 ·
2847 1870 2921 1943 μὴ
2974 1864 3118 1944 ἔχων
3177 1870 3278 1942 γὰρ
3333 1865 3489 1939 φύσιν
3553 1860 3786 1938 διαγνω-

353 1970 490 2009 nere
537 1973 651 2011 non
703 1963 904 2028 posset
954 1960 1141 2029 facile,
1178 1979 1362 2033 neque
1411 1980 1477 2019 ea
1529 1972 1723 2022 mente
1769 1972 1924 2022 esset
1954 1959 2019 2022 ut

346 2042 644 2115 vigilaret,
705 2062 877 2103 omne
934 2051 1088 2120 quod
1154 2053 1557 2123 imperabatur
1605 2072 1638 2110 a
1686 2055 2017 2128 Nicephoro

350 2133 600 2189 faciebat
640 2136 811 2207 quasi
859 2138 1242 2210 mancipium.
1277 2142 1358 2197 Ex
1407 2158 1472 2198 eo
1527 2147 1791 2217 tempore
1841 2146 2022 2218 igitur

351 2222 650 2279 licentiam
685 2225 839 2281 nacti
866 2228 1115 2297 Agareni
1151 2230 1405 2287 Orientis
1436 2232 1735 2304 regionem
1783 2251 2018 2307 percur-

356 2318 553 2367 rentes
586 2330 698 2367 non
733 2314 1100 2373 desistebant
1151 2335 1278 2373 eam
1314 2336 1520 2376 vexare
1564 2327 1739 2394 atque
1771 2330 2019 2382 vastare.

357 2401 501 2455 Cum
536 2406 731 2457 autem
768 2403 1027 2461 Isaacius
1051 2406 1253 2463 multis
1287 2424 1414 2465 sese
1445 2412 1711 2482 pecuniis
1743 2412 2021 2469 redemis-

362 2494 453 2546 set
476 2495 531 2545 et
552 2490 722 2563 pleno
755 2495 1076 2566 marsupio,
1105 2499 1307 2553 statim
1336 2517 1608 2556 summus
1630 2502 1748 2556 dux
1764 2502 2023 2559 Joannes

367 2583 555 2635 Caesar
604 2580 964 2651 declaratur;
1017 2584 1114 2655 qui
1168 2603 1301 2641 cum
1361 2590 1675 2646 transisset
1732 2608 1920 2665 usque
1951 2593 2021 2649 ad

370 2669 724 2742 Dorylaaum,
753 2673 1049 2744 profectus
1097 2675 1229 2730 inde
1262 2675 1509 2733 ulterius
1541 2696 1886 2751 progressus
1915 2687 2025 2753 est,

373 2772 431 2823 et
464 2785 651 2841 usque
684 2771 753 2825 ad
785 2772 984 2843 Zompi
1008 2777 1244 2844 pontem
1269 2776 1551 2847 pervenit.
1573 2778 1682 2834 Sed
1713 2784 2025 2852 antequam

377 2856 728 2929 Sangarium
764 2860 1061 2930 transiret,
1086 2863 1321 2919 advenit
1345 2865 1613 2922 Resulius
1636 2884 1703 2922 ex
1730 2869 2028 2924 Armenia-

375 2963 441 3003 co
473 2946 656 3003 multo
690 2949 906 3017 studio,
933 2955 988 3006 et
1016 2951 1096 3007 ibi
1126 2958 1317 3009 castra
1346 2953 1515 3011 locat.
1542 2955 1804 3029 Cumque
1832 2959 2028 3014 misis-

378 3040 468 3091 set
497 3035 684 3091 Caesar
716 3038 938 3111 legatos
969 3044 1249 3112 tanquam
1285 3044 1353 3097 ad
1391 3059 1526 3099 eum
1560 3051 1658 3117 qui
1691 3047 2031 3103 offendisset

378 3130 553 3195 atque
602 3136 922 3197 peccasset,
957 3129 1005 3183 si
1041 3134 1263 3185 mutato
1316 3132 1559 3188 consilio
1611 3150 1674 3189 se
1728 3137 2027 3208 proprium

381 3212 685 3269 dominum
720 3222 1084 3287 agnosceret,
1116 3220 1341 3276 veniam
1373 3226 1429 3276 et
1462 3222 1751 3280 malorum
1784 3225 2028 3282 oblivio-

381 3319 515 3358 nem
572 3304 862 3375 promisit.
912 3307 1211 3363 Fremente
1261 3327 1395 3367 vero
1445 3313 1691 3370 barbaro
1740 3314 1915 3370 veluti
1963 3332 2029 3372 eo

387 3391 486 3464 qui
532 3393 786 3466 propriis
836 3397 1113 3452 manibus
1145 3403 1201 3452 et
1232 3399 1379 3455 bello
1427 3400 1644 3458 ﬁdebat
1691 3408 1746 3459 et
1793 3421 2033 3460 suorum

388 3480 770 3538 multitudine
814 3485 1136 3557 nitebatur,
1171 3487 1381 3560 legatio
1414 3508 1473 3546 re
1517 3492 1731 3550 infecta
1758 3499 1815 3550 et
1842 3494 2037 3550 inanis

388 3569 579 3625 rediit.
614 3572 833 3628 Idcirco
884 3574 1077 3643 praelia
1108 3576 1177 3631 de
1218 3595 1453 3635 summa
1506 3597 1699 3637 rerum
1732 3583 2036 3640 decertan-

391 3659 533 3712 dum
565 3661 789 3715 statuit.
824 3662 1011 3733 Igitur
1040 3664 1229 3720 Caesar
1259 3684 1391 3721 cum
1439 3668 1675 3725 ﬂuvium
1709 3673 2038 3740 transisset,

388 3761 445 3812 et
471 3757 690 3830 collega
715 3759 901 3831 ipsius
923 3762 1281 3831 Nicephorus
1302 3765 1636 3824 Botaniates
1657 3786 1790 3824 cum
1814 3772 2040 3843 reliquo

388 3847 667 3915 exercitu,
712 3848 912 3905 statim
967 3852 1165 3923 prelio
1214 3870 1346 3910 cum
1406 3855 1641 3913 Ruselio
1690 3876 2042 3932 congressus

387 3940 496 3993 est.
530 3936 655 3993 Non
685 3930 1342 3999 sustinentibus-autem
1377 3945 1654 4001 Romanis
1689 3930 2039 4007 Francorum

383 4024 693 4097 impetum,
726 4030 921 4085 omnis
969 4032 1255 4087 exercitus
1288 4034 1345 4087 in
1380 4035 1575 4107 fugam
1625 4038 1890 4106 vertitur,
1924 4046 1979 4095 et
2010 4059 2043 4096 a

388 4113 623 4171 Ruselio
654 4121 843 4172 Caesar
867 4119 1097 4190 capitur
1126 4121 1344 4193 aliique
1378 4125 1580 4194 multi;
1612 4126 1753 4183 solis
1776 4128 2043 4185 Botania‘

385 4210 473 4260 tes
505 4221 636 4261 cum
688 4206 890 4278 paucis
938 4208 1293 4280 quibusdem
1342 4214 1509 4286 fugit.
1543 4219 1619 4270 Ex
1666 4232 1732 4271 eo
1784 4221 2044 4290 tempore

391 4295 542 4349 710
571 4312 820 4367 magnus
872 4297 1149 4354 Ruselius
1179 4304 1234 4355 et
1265 4302 1509 4358 celebris
1549 4306 1733 4361 evasit
1781 4310 2042 4380 prosperi

386 4400 698 4440 successus
744 4387 1170 4458 magnitudine,
1204 4396 1477 4464 rectaque
1527 4393 1869 4465 Byzantium
1902 4414 2043 4453 con-

385 4473 633 4528 tendens
680 4477 965 4530 Caesarem
1009 4476 1270 4533 vinctum
1320 4479 1592 4549 habebat,
1640 4483 1845 4540 multis
1894 4486 2041 4541 afﬂi-

383 4565 544 4616 ctum
578 4562 751 4617 malis
781 4568 837 4617 et
866 4564 1144 4621 ﬂuctibus
1175 4567 1579 4626 calamitatum
1624 4574 1875 4629 subinde
1908 4593 2042 4630 suc-

2134 1967 2321 2035 στικὴν
2382 1963 2469 2017 καὶ
2536 1958 2643 2032 ἕξιν
2703 1957 3041 2036 διακριτικὴν
3100 1956 3191 2011 καὶ
3248 1955 3641 2031 ἐγρηγορυῖαν,
3681 1958 3778 2005 πᾶν

2125 2056 2189 2111 τὸ
2258 2050 2728 2128 προσταττόμενον
2813 2048 2960 2123 παρὰ
3035 2050 3132 2101 τοῦ
3207 2042 3526 2128 Νικηφόρου
3615 2040 3781 2095 ἐποίει

2131 2126 2313 2219 ὥσπερ
2347 2137 2705 2216 ἀνδράποδον.
2744 2144 2970 2195 ’Έκτοτε
3000 2134 3092 2190 οὖν
3145 2131 3325 2196 ἁδείας
3375 2126 3680 2204 λαϐόμενοι
3734 2130 3784 2183 οἱ

2128 2236 2229 2304 τὴν
2286 2234 2454 2305 Ἑῴαν
2513 2228 2937 2304 κατατρεχοντες
2998 2224 3296 2299 Ἀγαρηνοὶ
3368 2221 3467 2277 οὐκ
3523 2218 3786 2275 ἐπαύοντο

2130 2325 2247 2379 καθ’
2304 2322 2532 2391 ἑκάστην
2619 2316 2958 2393 κεραΐζοντες
3034 2314 3121 2369 καὶ
3180 2312 3381 2382 ταύτην
3452 2308 3788 2381 καταλυμαι-

2132 2414 2375 2486 νόμενοι.
2407 2407 2811 2481 Ἀλλαξαμὲνου
2872 2403 2927 2461 δὶ
2980 2408 3077 2459 τοῦ
3137 2400 3406 2460 Ἰσαακίου
3452 2400 3553 2467 τὴν
3613 2398 3788 2486 αἰχμ-

2134 2485 2372 2559 αλωσίαν
2428 2498 2733 2575 χρημάτων
2787 2495 3012 2551 πολλῶν
3084 2493 3177 2548 καὶ
3256 2488 3550 2567 βαλαντίου
3600 2485 3789 2562 ἀδροῦ,

2135 2604 2288 2658 αὖθις
2370 2597 2671 2674 στρατηγὸς
2758 2595 3112 2669 αὐτοκράτωρ
3176 2591 3203 2645 ὁ
3258 2585 3790 2674 ΚαῖσαρνῚωάννης

2134 2686 2565 2764 προχειρίζεται,
2625 2684 2685 2745 ’ὸς
2765 2679 3192 2755 διαπεραιωθοὶς
3271 2676 3359 2764 xui
3450 2673 3616 2764 μέχρι
3694 2676 3790 2764 τοῦ

2138 2752 2439 2855 Δορύλαίου
2497 2773 2707 2848 προϊὼν
2770 2772 2899 2845 ἄρας
2960 2768 3160 2823 ἐκεῖθεν
3219 2762 3554 2855 πορρωτέρω
3611 2761 3786 2816 πεπόο

2137 2851 2341 2943 ρευται,
2400 2864 2488 2919 καὶ
2560 2864 2729 2938 μέχρι
2787 2863 2887 2929 τῆς
2945 2856 3183 2936 γεφύρας
3233 2857 3330 2908 τοῦ
3386 2851 3610 2943 Ζόμπου
3670 2870 3794 2943 κατ-

2139 2938 2319 3012 έλαϐε.
2356 2954 2467 3030 Πρὸ
2500 2950 2557 3008 δὶ
2603 2956 2699 3006 τοῦ
2742 2953 3110 3021 περαιωθῆναι
3166 2943 3258 2999 τὸν
3321 2942 3627 3016 Σαγγάριον
3692 2938 3793 3030 ἃς-

2143 3050 2362 3100 ικνεῖται
2407 3025 2451 3098 ⁷ὁ
2494 3038 2788 3110 Ῥουσὲλης
2856 3036 2913 3093 ἐκ
2984 3039 3081 3090 τοῦ
3148 3033 3517 3108 Ἀρμενιακοῦ
3578 3025 3795 3101 σπουδῇ

2139 3132 2328 3208 πολλῇ
2392 3133 2477 3187 καὶ
2541 3125 2954 3205 στρατοπεδείαν
3022 3126 3193 3180 ἐκεῖσε
3240 3123 3501 3208 πήγνυσι.
3566 3119 3803 3208 ῌὲμψας

2146 3223 2191 3280 δ’
2251 3206 2545 3297 ὁ-Καῖσαρ
2598 3222 2671 3282 ὡς
2726 3217 2863 3283 κοιθᾶ
2918 3212 3347 3291 προσκρούσαντι
3408 3207 3496 3263 καὶ
3554 3206 3805 3297 νιξαμαρ-

2142 3316 2314 3380 τόντι,
2372 3312 2417 3366 εἰ
2494 3296 2919 3387 γνωσιμαχήσοι
2990 3304 3079 3360 xui
3137 3304 3228 3357 τὸν
3286 3300 3486 3355 οἰκεῖον
3548 3296 3803 3387 ἰπιγνοὶη

2147 3403 2435 3473 δεσπότην,
2498 3385 2829 3473 συμπάθειαν
2889 3394 2979 3450 καὶ
3032 3388 3335 3465 ἀμνηστίαν
3381 3391 3565 3443 κακῶν
3625 3385 3806 3461 ἐπηγ-

2144 3492 2393 3570 γέλλετο.
2422 3489 2809 3567 Φρυαξαμὲνου
2841 3483 2899 3540 δὲ
2925 3488 3021 3539 τοῦ
3062 3476 3346 3570 Βαρϐάρου
3402 3480 3492 3532 οἷα
3541 3475 3632 3531 ἐπὶ
3654 3480 3812 3570 ,ταῖς

2148 3562 2311 3647 ίδίαις
2365 3562 2523 3657 χερσὶ
2581 3577 2668 3632 καὶ
2734 3580 2812 3649 τῷ
2889 3571 3122 3645 πολέμῳ
3192 3568 3521 3657 θαρροῦντος
3575 3562 3674 3619 καὶ
3727 3568 3810 3657 τῷ

2148 3653 2513 3743 πλήθει-*τῶν
2600 3665 2690 3721 σὺν
2771 3664 2920 3736 αύτῷ
3005 3657 3373 3736 ἐρειδομὲνου,
3440 3653 3723 3743 ἄπρακτος
3772 3655 3810 3722 ἡ

2148 3741 2406 3836 πρεσϐεία
2465 3756 2685 3832 ἐδείχθη
2739 3751 2828 3809 xui
2884 3753 3036 3836 κενῄο
3098 3747 3181 3804 διὸ
3237 3748 3324 3802 xui
3395 3741 3637 3816 πολᾶμῳ
3671 3762 3815 3836 mpe—

2151 3831 2306 3921 θῆναι
2364 3848 2426 3904 τὸ
2483 3831 2584 3901 πᾶν
2646 3840 2810 3914 ἔδοξε.
2874 3834 3070 3900 Διαϐὰς
3131 3836 3219 3892 οὖν
3301 3835 3394 3890 τὸν
3467 3833 3729 3921 ποταμὸν
3784 3831 3813 3885 ὁ

2152 3917 2358 4014 Καῖσαρ
2442 3937 2529 3992 καὶ
2611 3935 2638 3989 ὁ
2699 3929 3068 4006 συστράτηγος
3148 3925 3311 3981 αὐτοῦ
3396 3917 3726 3998 Νικηφόρος
3786 3921 3815 3974 ό

2152 4035 2510 4107 Βοτανειάτης
2544 4032 2680 4108 μετᾶ
2732 4037 2835 4100 τῆς
2885 4026 3087 4095 λοιπῆς
3137 4021 3385 4094 πληθύος
3445 4020 3647 4075 αὐτίκα
3678 4018 3819 4093 πρὸς

2150 4126 2395 4201 πόλεμον
2456 4128 2536 4196 τῷ
2588 4118 2889 4191 Ῥουσελίῳ
2946 4109 3255 4191 προσέϐαλε
3325 4107 3817 4201 Μὴμὲνεγκόντων

2154 4219 2210 4272 δὶ
2256 4198 2362 4271 τῶν
2424 4211 2709 4285 Ῥωμαίων
2754 4210 2853 4278 τήν
2905 4211 3012 4261 τῶν
3049 4202 3312 4279 Φράγγων
3367 4198 3627 4265 ἰπίθεσιν,
3666 4198 3819 4274 ιρι)γὴ

2150 4308 2351 4384 γίνεται
2383 4303 2582 4363 παντὸς
2635 4304 2730 4354 τοῦ
2790 4298 3041 4371 στρατοῦ,
3072 4292 3161 4347 καὶ
3221 4287 3567 4384 ἁλώσιμοςὲ
3604 4289 3821 4384 ἰξαῖσαρ

2286 4390 2584 4463 Ῥουσελίῳ
2638 4386 2952 4451 καθίσταται
3010 4381 3101 4437 καὶ
3176 4375 3340 4468 ἄλλοι
3426 4374 3825 4468 πολλοῖ,ᾉτοῦ

2153 4465 2510 4542 Βοτανειάτου
2546 4478 2714 4554 μόνου
2748 4474 3010 4555 φυγόντος
3056 4470 3145 4525 σὺν
3205 4467 3420 4555 ὀλίγοις
3449 4465 3623 4555 τισίνἶ
3651 4466 3827 4555 ’Ῑιξγεο

2152 4571 2299 4650 γόνει
2352 4572 2527 4625 τοίνυν
2548 4550 2591 4623 ’ὁ
2619 4550 2928 4625 Ῥουσὲλιος
2960 4561 3019 4616 ἐκ
3070 4558 3268 4615 τούτου
3325 4554 3650 4650 μέγαςᾼκαὶῌ
3692 4550 3826 4650 διας

384 4651 717 4705 cedentium
751 4653 1132 4725 exagitatum.
1169 4656 1276 4712 Ubi
1310 4665 1502 4714 autem
1539 4660 1646 4717 hoc
1678 4680 1912 4736 quoque
1937 4666 2030 4721 do-

2150 4638 2347 4734 έόητος
2402 4666 2480 4732 τῷ
2542 4658 2751 4732 μεγὲθει
2803 4656 2899 4708 τοῦ
2957 4649 3407 4736 κατορθώματος.
3471 4638 3829 4736 Χωρῶνώδὶ

384 4739 695 4794 mesticum
730 4740 1117 4798 infortunium
1164 4746 1501 4818 imperatori
1554 4752 1887 4807 nuntiatum
1925 4756 2034 4810 fuit

382 4832 438 4882 et
472 4828 673 4883 Franci
719 4830 1006 4887 adventus
1039 4850 1245 4891 omnes
1276 4837 1579 4907 deterruit,
1612 4840 1819 4913 ingens
1868 4841 2032 4898 solli-

382 4917 583 4973 citudo
615 4922 669 4973 et
701 4935 841 4974 cura
871 4921 1100 4977 animos
1132 4924 1397 4980 omnium
1421 4931 1726 5000 occupavit
1758 4935 1811 4987 et
1844 4932 2033 5004 ipsius

380 5005 772 5078 imperatoris.
806 5008 1076 5065 Ruselius
1108 5011 1288 5083 igitur
1316 5013 1451 5069 inde
1484 5019 1799 5088 profectus,
1832 5038 2029 5077 secum

384 5096 655 5150 adductis
684 5096 908 5153 Cmsare
960 5105 1017 5153 et
1074 5101 1286 5157 Basilio
1344 5104 1577 5175 Malese,
1612 5108 1712 5179 qui
1771 5126 1958 5182 nuper
2000 5128 2032 5166 a

383 5185 719 5255 captivitate
748 5200 882 5241 cum
919 5187 1167 5258 Diogene
1196 5189 1481 5249 liberatus
1521 5196 1725 5266 fuerat,
1759 5198 1818 5253 in
1851 5199 2031 5273 Chry-

382 5272 567 5344 sopoli
616 5276 1061 5332 tabernaculum
1098 5279 1363 5349 collocat,
1397 5288 1454 5337 et
1481 5285 1723 5341 aedificia
1756 5304 1882 5359 quis
1912 5289 2031 5345 illic

382 5367 546 5418 erant
577 5362 710 5435 igne
758 5365 1035 5422 incendit.
1071 5369 1193 5433 Quo
1244 5370 1392 5426 facto
1441 5373 1729 5443 ingentem
1763 5377 2035 5435 excitavit

382 5458 698 5516 clamorem
732 5466 790 5517 et
819 5462 1038 5519 luctum
1090 5465 1520 5537 indigenarum.
1556 5471 1876 5544 Imperator
1924 5492 2030 5531 au-

383 5556 502 5604 tem
538 5549 763 5605 mollire
806 5553 1049 5609 studens
1081 5555 1313 5612 barbari
1362 5560 1691 5629 audaciam,
1725 5561 2034 5634 pollicetur

383 5639 436 5694 ei
468 5638 817 5711 curopalatze
867 5640 1171 5715 honorem,
1201 5650 1257 5701 et
1305 5648 1547 5722 insuper
1576 5651 1645 5706 ad
1686 5668 1820 5707 eum
1854 5652 2034 5710 mittit

387 5745 622 5786 uxorem
657 5735 713 5787 et
743 5730 977 5789 liberos.
1012 5732 1121 5789 Sed
1155 5734 1302 5792 clam
1337 5744 1539 5795 contra
1580 5739 1776 5812 ipsum
1809 5743 2033 5801 Turcos

2143 4727 2369 4817 κατευθῦ
2427 4727 2862 4815 τοῦ-Βυζαντίου
2916 4740 3009 4796 τὸν
3072 4737 3310 4809 Καίσαρα
3339 4734 3454 4808 εἶχε
3515 4727 3827 4805 σιδηρόδε-

2139 4865 2233 4899 τον
2257 4843 2345 4897 καὶ
2396 4836 2633 4898 πολλοῖς
2682 4836 2927 4908 ἀνιαροῖς
2983 4825 3421 4897 ἐπαντλούμενον
3470 4822 3558 4875 καὶ
3630 4819 3833 4889 λυπη-

2145 4938 2251 5010 ρῶν
2302 4930 2536 5003 κύμασιν
2596 4916 3057 4990 ἀλλεπαλληλοις
3110 4918 3193 4990 [Ρ.
3236 4914 3361 4985 848]
3426 4907 3823 5010 βαλλόμενον.

2140 5007 2228 5095 ἐΩς
2258 5028 2314 5085 δὲ
2345 5024 2739 5103 προσηγγέλθη
2771 5019 2861 5076 καὶ
2919 5021 3099 5115 τοῦτο.
3141 5014 3203 5069 τὸ
3231 5009 3505 5115 οῐκειαξὸν
3534 5007 3828 5115 ἐτύχημα

2138 5089 2226 5193 τῷ.
2279 5089 2658 5195 βασιλεῖ”καὶ
2797 5113 2918 5201 τοῦ,
2981 5103 3241 5201 Φράγγου
3314 5096 3623 5201 ,ἰπιδηὶμίαθ
3678 5095 3829 5157 τοὺς

2140 5187 2341 5270 παν-σας
2397 5204 2672 5277 ἐξέπληξε,
2731 5197 2920 5268 πολλή
2998 5216 3080 5257 τις
3158 5190 3359 5264 ἀθυμία
3414 5187 3505 5241 καὶ
3559 5187 3827 5277 μὶριμνα

2139 5305 2389 5374 κατεῖχεν
2436 5276 2610 5350 αὐτόν
2659 5312 2718 5346 τε
2771 5288 2862 5344 καὶ
2917 5284 3043 5347 τοὺς
3090 5281 3320 5342 λοιποὺς
3380 5276 3823 5374 ἅπαντας..11“ἢν

2141 5386 2192 5449 ἐξ
2268 5360 2471 5440 ἐκείνου
2548 5378 2637 5435 οὖν
2701 5372 3013 5449 ὁδοιπορίαν
3075 5368 3331 5440 διηνεκῶς
3391 5366 3419 5419 6
3476 5360 3823 5420 Ῥουσέλιος

2541 5469 2654 5543 μεθ’
2713 5434 2909 5521 ἔαυτοῦὶ
2961 5460 3054 5515 τόν
3109 5434 3169 5513 τὲ
3223 5455 3470 5552 Καίσαρα
3533 5451 3631 5552 καὶ
3700 5451 3823 5552 ,τὸν

2142 5540 2404 5633 Μαλὲσην
2477 5540 2784 5623 Βασίλειον,
2847 5553 2967 5626 ἄρτι
3048 5555 3151 5617 τῆς
3229 5545 3320 5600 σὺν
3404 5546 3485 5633 τῶ
3548 5540 3817 5633 Διογένει

2145 5630 2539 5731 αἷχμαλ-ωσίας
2613 5641 2975 5706 ἀπολυθέντα,
3034 5638 3368 5737 κατασκηνοῖ
3446 5630 3500 5737 ἓν
3566 5632 3829 5734 ,Χρυσο-

2142 5722 2329 5815 πόλει,
2389 5741 2478 5796 καὶ
2529 5742 2650 5796 ταῖς
2714 5732 2883 5787 ἐκεῖσε
2940 5726 3139 5788 οἰκίαις
3197 5722 3355 5795 ἐνῆκε
3409 5722 3472 5775 1‘)
3525 5722 3656 5795 πῦρ,
3729 5736 3835 5771 και
