4008 6206
220 362 347 430 lu

1735 368 2134 432 HISTORIA.

3531 375 3659 438 442

228 501 469 572 πολλὴν
526 501 784 578 ἀνήγειρε
838 508 960 565 τοῖς
1028 500 1271 566 ἐποίκοις
1326 502 1425 573 τὴν
1485 501 1620 578 βοὴν
1669 501 1759 557 καὶ
1808 502 1882 557 τὸι

2018 504 2287 574 accersit,
2339 503 2544 561 multis
2594 503 3120 577 pollicitationibus
3186 508 3547 576 persuadens
3594 514 3662 566 ut

226 589 507 647 κωκυτόν.
542 590 939 665 Καταμαλάεαι
999 590 1055 647 δὲ
1104 590 1348 648 σπεύδων
1401 592 1429 647 6
1483 590 1739 668 βασιλεὺς
1794 593 1893 661 τήν

226 686 333 735 τοῦ
424 677 709 758 Βαρϐάρου
784 681 1090 755 θρασύτητα
1177 681 1389 755 ἀξίωμά
1443 702 1501 735 τε
1553 682 1895 756 ὑπισχνεῖται

230 768 425 824 δοῦναι
492 770 639 843 αὐτῷ
694 770 1137 847 κουροπαλᾶτου,
1195 769 1635 845 προσεπιπέμπει
1697 767 1753 824 δὲ
1804 770 1892 824 καὶ

223 862 330 928 τὴν
382 865 612 935 γυναῖκα
664 861 751 915 καὶ
828 861 896 913 τὰ
968 858 1145 918 τέκνα.
1209 858 1634 933 Μεταπέμπεται
1695 857 1751 913 δὲ
1805 858 1895 914 καὶ

232 948 520 1023 Τούρκους
551 950 670 1003 κατ’
718 949 882 1003 αὑτοῦ
938 946 1235 1025 λαθραίως,
1268 948 1510 1011 πολλαῖς
1570 949 1895 1023 ὑποσχᾶσεσι

227 1038 436 1101 πείθων
491 1040 585 1093 τὸν
665 1036 975 1093 Ῥουσέλιον
1056 1038 1547 1114 καταγωνίσασθαι.
1607 1039 1777 1113 Ὁρῶν
1840 1034 1897 1091 δὲ

229 1126 395 1189 οὗτος
429 1128 618 1183 ἑαυτὸν
684 1129 885 1197 ἀσθενῆ
939 1128 1073 1205 πρὸς
1119 1128 1387 1198 τοσαύτην
1418 1126 1654 1198 πληθὺν,
1686 1125 1895 1181 ἀπολύ-

226 1237 326 1279 σας
391 1222 503 1271 τὼν
568 1213 779 1289 δεσμῶν
840 1217 929 1270 τὸν
991 1216 1230 1291 Καίσαρα
1271 1215 1583 1291 ἀναγορεύει
1645 1213 1892 1291 βασιλέα,

226 1313 534 1391 εὐφημίαις
618 1314 1060 1389 μεγαλοπρεπίσι
1120 1313 1208 1368 καί
1256 1312 1531 1388 διατόροις
1585 1313 1647 1368 τὸ
1700 1318 1896 1389 κράτος

223 1402 375 1474 αὖτῷ
461 1402 1061 1479 συγκατιπησάμενος.
1123 1405 1310 1473 Μήπω
1380 1401 1435 1457 Si
1518 1409 1619 1471 τῆς
1700 1404 1892 1479 φήμης

226 1491 589 1562 ἆπλωθείσης
645 1490 785 1564 μηδὲ
869 1492 1263 1560 πλατυνθείσης
1320 1496 1417 1557 τῆς
1473 1495 1569 1546 τοῦ
1628 1491 1893 1567 Καίσαρος

225 1581 604 1658 ἀναρρήσεως,
637 1582 727 1636 καὶ
785 1579 875 1636 διὰ
930 1585 1091 1636 τοῦτο
1154 1583 1292 1655 μήτε
1348 1584 1694 1656 στρατιωτῶν
1725 1601 1895 1656 προσ-

220 1676 610 1747 χωρησάντων
643 1714 656 1739 ,
717 1670 968 1749 ἰξαίφνης
1024 1672 1148 1747 περὶ
1204 1672 1266 1726 τὸ
1337 1667 1465 1747 ὅρος
1507 1671 1600 1726 τὸν
1660 1669 1893 1749 Σόφωνα

220 1759 448 1830 πληθὺς
533 1762 811 1830 Τουρκική
884 1759 1299 1838 παραφαίνεται,
1353 1762 1511 1815 πέντε
1576 1759 1611 1829 ἢ
1692 1760 1781 1814 καὶ
1836 1758 1890 1833 ’ἐξ

2006 594 2309 650 Ruselium
2342 594 2655 650 debellent.
2686 595 2902 650 Videns
2933 600 3126 650 autem
3162 596 3272 652 iste
3302 612 3365 651 se
3394 596 3660 653 imbecil-

2008 684 2120 739 lem
2175 687 2461 739 adversus
2513 684 2811 755 ejusmodi
2863 684 3327 740 multitudinem.
3376 685 3661 743 Caesarem

2006 790 2036 829 e
2068 774 2319 829 vinculis
2349 773 2663 829 liberatum
2701 774 3112 846 imperatorem
3146 774 3424 846 declarat,
3469 775 3658 831 laudi-

2007 863 2117 918 bus
2150 864 2480 936 magniﬁcis
2512 868 2567 918 et
2597 863 2768 918 claris
2799 863 3123 931 celebrans,
3144 864 3315 936 eique
3342 864 3655 937 imperium

2007 952 2237 1007 tribuit.
2298 953 2565 1007 Nondum
2629 957 2823 1007 autem
2886 953 3185 1024 divulgata
3249 954 3404 1009 fama
3469 970 3658 1026 neque

2007 1042 2253 1097 dilatata
2282 1041 2526 1098 Caesaris
2556 1041 3047 1106 declaratione,et
3077 1041 3295 1098 idcirco
3325 1059 3517 1116 neque
3550 1045 3658 1099 mi-

2006 1129 2141 1185 lites
2172 1136 2612 1199 concurrerant,
2642 1130 2838 1186 statim
2893 1132 2963 1186 ad
3015 1140 3270 1187 montem
3324 1133 3657 1204 Sophonem

2008 1236 2219 1275 manus
2251 1219 2497 1274 Turcica
2544 1226 2807 1291 apparet,
2860 1236 2986 1291 quae
3035 1221 3351 1276 videbatur
3397 1223 3658 1295 quinque

2005 1317 2105 1365 aut
2155 1327 2254 1365 sex
2302 1309 2574 1365 millium.
2625 1313 2814 1381 Atque
2846 1327 2877 1365 e
2908 1310 3154 1382 vestigio
3185 1312 3458 1369 Ruselius
3486 1330 3547 1368 se
3578 1316 3650 1369 ad

2004 1402 2268 1475 praelium
2300 1403 2679 1474 comparavit.
2712 1402 2926 1458 Verum
2959 1401 3121 1459 illius
3149 1402 3435 1476 impetum
3483 1422 3650 1462 coer-

2004 1494 2218 1548 cebant
2267 1495 2323 1547 et
2366 1493 2559 1546 Caesar
2605 1497 2663 1546 et
2710 1491 2951 1563 quidam
3005 1508 3073 1547 ex
3122 1495 3656 1569 praestantioribus,

2005 1593 2148 1646 711
2189 1594 2253 1646 ut
2283 1590 2447 1663 prius
2478 1591 2889 1662 diguoscerent
2920 1597 3141 1664 quanta
3189 1597 3345 1650 esset
3392 1593 3651 1651 hostium

2000 1680 2109 1735 vis.
2160 1681 2268 1735 Sed
2317 1678 2416 1735 ille
2472 1680 2631 1735 haud
2688 1680 3010 1749 sustinens,
3061 1681 3202 1753 quin
3264 1682 3461 1753 potius
3526 1683 3652 1740 Ioco

2002 1785 2248 1824 summae
2287 1768 2626 1840 ignominiaa
2677 1771 2921 1838 ducens,
2973 1770 3021 1826 si
3074 1771 3359 1827 adversus
3406 1788 3505 1828 sex
3552 1778 3656 1830 aut

222 1848 479 1925 χιλιάσιν
514 1850 862 1922 εἰκαζομένη.
894 1849 992 1905 Καὶ
1049 1848 1238 1905 αὐτίκα
1287 1850 1315 1905 6
1370 1847 1686 1913 Ῥουσὲλιος
1740 1848 1882 1924 ἐξήρ-

2000 1860 2199 1916 decem
2232 1859 2419 1915 millia
2449 1875 2706 1932 pugnam
2740 1859 3017 1916 Ruselius
3048 1865 3443 1929 cunctaretur,
3464 1861 3651 1919 multo

222 1960 315 1994 τυε
373 1939 445 1993 τὰ
507 1940 648 2009 πρὸς
702 1937 974 2012 πόλεμον.
1029 1936 1383 1995 Ἀνᾶστελλον
1432 1936 1489 1994 δὶ
1544 1939 1643 2007 τήν
1708 1938 1885 2013 ὁρμὴν

222 2028 393 2083 αὐτοῦ
434 2030 466 2083 ὅ
514 2049 575 2084 τε
636 2031 845 2105 Καῖσαρ
911 2028 1001 2083 καί
1056 2050 1198 2091 τινες
1253 2033 1360 2083 τῶν
1409 2027 1779 2104 ἐξοχωτέρων,
1812 2028 1888 2089 ὡς

221 2116 280 2171 ’ἐν
315 2115 598 2192 διαγνοῖεν
625 2119 889 2193 πρότερον
916 2119 1014 2187 τὴν
1046 2116 1264 2187 πληθὺν
1296 2117 1470 2188 ὁπόση
1504 2138 1585 2179 τις
1646 2114 1728 2187 εἴη
1782 2120 1889 2170 τῶν

220 2209 529 2283 φανᾶντων.
584 2209 677 2277 Μή
737 2206 987 2282 ἐνεγκὼν,
1047 2205 1176 2261 ἀλλ’
1229 2204 1444 2278 ἀδοξίαν
1494 2205 1656 2283 ἄκραν
1710 2204 1887 2280 ἡγού-

220 2318 385 2367 μενος
419 2296 471 2351 εἷ
532 2298 666 2372 πρὸς
719 2294 773 2369 ’ἐξ
833 2297 868 2365 ἢ
929 2293 1053 2351 δέκα
1108 2293 1367 2372 χιλιάδας
1411 2295 1887 2374 ἀμφιγνωμονεῖὸ

215 2385 565 2459 Ῥουσέλιος,
624 2385 716 2440 σὺν
774 2383 965 2460 πολλῇ
1024 2384 1171 2461 ῥύμῃ
1229 2390 1346 2449 τοῖς
1388 2384 1649 2439 ἂναντίοι)
1681 2383 1888 2453 ἐπῆλθε

222 2484 360 2556 μετᾶ
417 2490 533 2539 τῶν
624 2483 913 2560 Φράγγων.
968 2487 1197 2539 Ἔπεσον
1284 2482 1376 2538 οὖν
1454 2487 1565 2538 τῶν
1624 2481 1882 2558 Τούρκων

221 2572 456 2643 πολλοὶ,
526 2571 759 2646 μηδενὸς
814 2578 919 2628 τῶιΙ
984 2573 1249 2649 Φράγγων
1280 2573 1432 2628 κενὸν
1464 2572 1526 2627 τὸ
1558 2569 1687 2646 δόρυ
1724 2571 1888 2647 ἐσχη-

224 2663 412 2733 κότος,
440 2665 495 2717 οἱ
531 2660 588 2718 δὲ
619 2662 805 2718 λοιποὶ
836 2663 973 2739 πρὸς
1019 2666 1195 2740 φυγὴν
1249 2661 1534 2735 ὥρμησαν.
1578 2664 1691 2726 Τῆς
1751 2658 1885 2715 διώ-

222 2755 356 2822 ξεως
418 2750 477 2807 δὲ
537 2752 625 2807 ἐπὶ
678 2751 824 2807 πολὺ
878 2751 1178 2827 γενομένης
1262 2752 1407 2827 παρᾶ
1462 2751 1524 2806 τὸ
1584 2748 1883 2823 εἰθισμένον

225 2843 417 2911 αὐτοῦ,
450 2842 545 2897 καὶ
601 2846 769 2896 ταῦτα
814 2839 882 2895 δι’
914 2840 1081 2916 ὀρέων
1135 2836 1349 2896 ἀϐάτων
1408 2840 1498 2895 καὶ
1553 2837 1886 2911 δυσδιεξιττς-

226 2954 360 3003 των,
414 2928 580 2987 ἔλαθε
624 2930 751 2993 τοὺς
806 2930 1033 2994 πλείους
1080 2935 1189 2985 τῶν
1248 2930 1340 2985 σὺν
1396 2930 1543 3002 αὐτῷ
1600 2929 1887 2985 ἀπολιπὼν

229 3021 432 3089 iniam,
497 3020 659 3082 αὐτὸς
716 3019 773 3075 δὶ
825 3020 957 3093 μετὰ
1017 3021 1269 3096 βραχέων
1321 3024 1480 3074 τινῶν
1538 3018 1887 3097 ὑπολειφθεὶς

224 3110 314 3164 καὶ
378 3114 480 3164 τοῦ
535 3109 803 3185 Καίσαρος
862 3110 915 3164 ἓν
968 3107 1163 3170 ἵπποις
1218 3108 1631 3181 κεκμηκόσιτῷ
1671 3113 1887 3183 συνεχεῖ

222 3206 324 3267 τῆς
388 3197 630 3269 διώξεως
704 3198 793 3254 καὶ
870 3197 1255 3272 ἐπιτεταμίνῳ.
1314 3198 1473 3256 Οὕτω
1561 3195 1617 3253 δὶ
1699 3192 1882 3273 ἔχοντι

227 3290 468 3367 πνεσράνη
501 3286 716 3357 πλῆθος
774 3285 956 3365 ἕτερον
987 3287 1242 3362 Τούρκων
1304 3288 1548 3362 ἄπειρον,
1581 3287 1656 3349 εἰς
1696 3287 1881 3342 ἑκατὸν

224 3375 493 3453 χιλιάδας
560 3381 857 3441 ποσοῦσθαι
930 3376 1359 3452 στοχαζόμενον.
1420 3375 1886 3451 Περιστοιχισθεὶς

229 3466 321 3521 οὖν
382 3468 651 3531 πάντοθεν
708 3468 796 3521 καὶ
856 3468 998 3521 ἄκων
1064 3466 1248 3530 αὐτοῖς
1302 3468 1706 3542 προσρήγνυται
1770 3465 1884 3538 μετ’

228 3555 434 3631 ὀλίγων
469 3556 612 3609 τάνυ
639 3560 747 3610 τῶν
803 3556 925 3630 περὶ
984 3551 1164 3612 αὐτόν.
1198 3556 1491 3631 ’Δντὲσχον
1551 3555 1643 3627 μὲν
1705 3553 1795 3608 οὗν
1833 3553 1883 3608 οἰ

224 3650 484 3716 Τοῦρκοι,
541 3639 730 3698 ἔπεσον
820 3646 1003 3717 μέντοι
1072 3643 1161 3699 καὶ
1220 3643 1343 3698 τότε
1405 3642 1632 3701 πολλοί.
1689 3645 1882 3715 Ὅμως

226 3734 606 3798 κυκλωθὲντες
661 3733 767 3788 ὑπὸ
795 3733 1058 3788 τοσούτου
1114 3731 1361 3803 πλήθους
1421 3728 1715 3803 ἑκηϐόλοις
1767 3737 1882 3794 τοῖς

232 3824 474 3897 βέλεσιν,
520 3818 895 3885 ἀποϐαλόντες
950 3824 1078 3883 τοὺς
1130 3821 1334 3884 ἵππους
1387 3822 1477 3876 καὶ
1534 3821 1688 3891 πεζοὶ
1749 3822 1884 3876 ὑπο-

231 3912 539 3990 λειφθέντες
627 3912 928 3985 σύμπαντες
1003 3910 1176 3973 οὕτως
1255 3908 1538 3966 ἐνέδωκαν.
1620 3909 1882 3973 Πίπτουσι

230 3998 277 4054 δ’
328 4002 493 4073 ὅμως
548 3999 777 4072 πολλοὶ,
819 4001 909 4055 καὶ
964 4002 1198 4075 Τοῦρκοι
1257 3998 1314 4055 δὲ
1370 3996 1586 4061 δεκάκις
1608 4003 1881 4056 τοσοῦτοι.

228 4096 542 4155 Ἀλίσκεται
575 4096 779 4153 δὶὸτε
826 4102 1022 4172 Καῖσαρ
1083 4097 1174 4153 καὶ
1228 4100 1256 4154 6
1314 4098 1625 4159 Ῥουσὲλιος
1678 4097 1767 4151 καὶ
1832 4098 1884 4152 οἱ

232 4186 318 4241 σὺν
378 4188 557 4258 αὐτῷ.
614 4189 694 4261 [Ρ.
754 4189 880 4261 849]
938 4188 1002 4241 Οἱ
1061 4184 1116 4241 δὶ
1171 4192 1279 4241 τῶν
1338 4188 1602 4263 Φράγγων
1662 4184 1881 4241 ὑπολει-

231 4278 443 4337 σθὲντες
493 4276 571 4337 εἷς
628 4276 689 4330 τὸ
734 4283 834 4346 τῆς
886 4271 1210 4345 Μεταῦολῆς
1257 4276 1514 4353 φρούριον
1570 4276 1883 4353 συμφυγόν-

226 4386 311 4425 τες
345 4366 486 4437 μετᾶ
534 4372 638 4434 τῆς
686 4369 783 4419 τοῦ
813 4364 1125 4421 Ῥουσελίου
1155 4366 1408 4440 γυναικὸς
1466 4362 1536 4419 δι’
1565 4364 1883 4438 ἐπιμελείας

232 4454 513 4510 ἐποιοῦντο
570 4456 670 4522 τήν
727 4454 923 4509 τούτου
976 4454 1223 4532 φυλακὴν
1289 4454 1379 4508 καὶ
1439 4456 1786 4529 συντήρησιν.
1819 4456 1882 4508 Οἱ

233 4542 285 4597 εὶ
331 4548 568 4619 ’[οὖρκοι
620 4545 711 4599 τὸν
767 4545 861 4616 μὲν
890 4543 1195 4601 Ῥουσὲλιον
1246 4541 1527 4618 ποδοκάκῃ
1588 4542 1880 4621 ἀσφαλισά-

1998 1950 2218 2020 impetu
2269 1950 2326 2004 in
2375 1950 2571 2006 hostes
2621 1965 2755 2005 cum
2805 1950 3042 2006 Francis
3093 1950 3330 2005 invasit.
3382 1951 3651 2009 Cecidere

1995 2039 2173 2107 igitur
2228 2055 2297 2094 ex
2346 2038 2552 2094 Turcis
2612 2038 2829 2110 plures,
2882 2055 3016 2095 cum
3068 2040 3423 2095 Francorum
3475 2056 3648 2097 nemo

1998 2126 2168 2183 basta
2196 2127 2355 2182 inani
2389 2143 2534 2182 usus
2563 2131 2736 2182 esset.
2771 2126 3001 2197 Reliqui
3043 2126 3102 2180 in
3152 2127 3351 2197 fugam
3401 2127 3652 2197 conjecti

1996 2222 2155 2272 sunt.
2201 2219 2345 2272 Cum
2395 2233 2528 2271 vero
2578 2216 2802 2271 diutius
2854 2220 3320 2286 persequeretur,
3354 2220 3564 2287 praeter
3589 2217 3648 2273 id

1996 2308 2151 2379 quod
2183 2309 2584 2372 consueverat,
2616 2304 2937 2376 prmsertim
2973 2321 3076 2375 per
3107 2304 3440 2360 inaccessos
3470 2310 3649 2376 atque

1996 2405 2185 2460 invios
2213 2409 2464 2469 montes,
2494 2419 2610 2457 non
2642 2401 3058 2457 animadvertit
3108 2418 3141 2456 ιι
3188 2406 3351 2474 tergo
3401 2418 3463 2458 se
3513 2419 3643 2459 suo-

1997 2512 2126 2549 rum
2151 2494 2349 2566 plures
2374 2491 2701 2564 reliquisse.
2740 2491 2871 2563 lpse
2893 2494 3087 2546 autem
3112 2507 3245 2546 cum
3281 2492 3484 2564 paucis
3514 2492 3642 2563 qui-

1996 2585 2248 2639 busdam
2273 2583 2534 2649 relictus,
2565 2586 2623 2638 et
2643 2585 2863 2637 Caesare
2885 2580 3038 2636 inter
3067 2580 3296 2652 equites
3326 2581 3642 2653 defatigato

1995 2674 2274 2729 continua
2304 2678 2361 2727 et
2391 2672 2567 2743 longa
2594 2671 2855 2727 hostium
2890 2670 3295 2738 insectatione,
3329 2670 3535 2725 incidit
3581 2671 3640 2726 in

1994 2779 2121 2817 eam
2174 2762 2564 2817 calamitatem
2620 2776 2798 2831 quam
2859 2777 2992 2815 mox
3050 2759 3330 2815 dicemus.
3385 2764 3534 2816 Nam
3582 2761 3639 2816 in

1993 2852 2191 2924 ipsum
2242 2852 2325 2906 ita
2369 2850 2735 2907 laborantem
2787 2850 2969 2905 altera
3024 2851 3351 2906 Turcorum
3410 2850 3661 2907 infinita»

1996 2958 2233 3007 manus,
2283 2942 2399 2996 fere
2446 2944 2682 2996 centum
2733 2939 2912 3004 mille,
2966 2943 3252 3011 quantum
3306 2941 3639 3010 conjectura

1994 3032 2231 3102 assequi
2265 3034 2552 3101 poterant,
2592 3030 2827 3085 invasit.
2860 3030 3131 3101 Undique
3163 3030 3339 3102 igitur
3390 3029 3640 3085 circum-

1992 3126 2203 3177 ventus
2233 3121 2319 3177 vel
2352 3122 2569 3175 invitus
2600 3136 2731 3175 cum
2766 3120 3039 3176 hostibus
3073 3120 3470 3191 congreditur,
3503 3136 3635 3176 cum

1997 3212 2196 3282 paucis
2253 3212 2572 3265 admodum
2630 3226 2778 3282 quos
2835 3210 3057 3265 circum
3126 3210 3399 3265 habebat.
3460 3210 3644 3280 Igitur

1997 3300 2262 3356 restitere
2292 3300 2490 3367 Turci,
2524 3305 2581 3355 et
2635 3305 2828 3355 tamen
2883 3298 3051 3355 multi
3102 3304 3245 3355 tunc
3294 3316 3528 3370 quoque
3574 3315 3643 3353 ex

1994 3390 2139 3459 ipsis
2154 3389 2433 3445 cecidere.
2466 3393 2680 3444 Verum
2696 3388 2989 3443 enimvero
3015 3386 3398 3443 circumventi
3424 3403 3456 3441 a
3477 3392 3643 3442 tanta

1995 3477 2374 3533 multitudine
2404 3477 2557 3542 telis,
2587 3494 2715 3549 quae
2749 3476 2920 3549 longe
2960 3475 3355 3546 jaciebantur,
3405 3474 3645 3530 amissis

1994 3568 2180 3638 equis,
2204 3568 2429 3640 pedites
2458 3584 2662 3624 omnes
2692 3566 2877 3623 relicti
2907 3566 2989 3622 ita
3015 3570 3338 3621 cesserunt.
3364 3566 3641 3620 Attamen

1996 3656 2168 3712 multi
2197 3657 2439 3721 cadunt,
2468 3661 2525 3712 et
2553 3656 2724 3712 Turci
2756 3656 3003 3728 decuplo
3054 3653 3273 3727 plures.
3324 3654 3647 3726 Capiuntur

1995 3759 2185 3812 Caesar
2213 3760 2270 3811 et
2299 3756 2573 3812 Ruselius
2600 3760 2654 3810 et
2685 3754 2783 3827 qui
2818 3771 2950 3809 cum
2983 3754 3111 3826 ipso
3133 3758 3315 3808 erant.
3354 3753 3431 3808 Ex
3460 3752 3646 3808 Fran-

1995 3846 2079 3903 cis
2111 3850 2306 3901 autem
2338 3846 2437 3917 qui
2470 3843 2655 3900 relicti
2690 3845 2919 3900 fuerant
2950 3844 3086 3915 fuga
3115 3842 3183 3898 ad
3210 3842 3527 3898 Metaboles
3549 3859 3646 3914 op-

1996 3935 2194 4007 pidum
2228 3953 2289 3992 se
2323 3952 2610 4007 recepere,
2645 3952 2763 3990 una
2790 3951 2920 3989 cum
2965 3933 3182 3989 Ruselii
3233 3949 3430 3998 uxore,
3484 3935 3639 4003 quod

1995 4042 2230 4081 summo
2278 4024 2474 4080 studio
2528 4025 2859 4081 servabant.
2910 4023 3087 4079 Turci
3143 4039 3276 4078 vero
3335 4021 3641 4078 Ruselium

1995 4115 2376 4185 compedibus
2418 4113 2677 4169 vinctum
2722 4114 2871 4169 712
2912 4116 3301 4181 asservantes,
3355 4110 3640 4167 Caesarem

1995 4208 2187 4258 autem
2222 4202 2480 4258 solutum
2514 4201 2569 4255 in
2596 4202 2817 4258 honore
2838 4201 3427 4270 habebant.Cumque
3456 4200 3644 4271 exige-

1994 4296 2159 4346 retur
2188 4291 2550 4363 captivorum
2582 4291 3136 4363 pretium,studebat
3164 4288 3483 4360 imperator
3508 4305 3640 4344 eum

1994 4380 2281 4435 redimere
2306 4398 2475 4437 :nam
2510 4380 2682 4452 paulo
2717 4385 2850 4435 ante
2879 4379 3119 4434 Maleses
3151 4394 3385 4450 quoque
3416 4377 3646 4433 absolu-

1993 4473 2089 4524 tus
2120 4486 2153 4524 a
2181 4472 2402 4524 Caesare
2428 4468 2627 4524 statim
2663 4469 2723 4523 in
2755 4468 3024 4523 exsilium
3061 4468 3279 4522 missus
3306 4470 3395 4522 est
3445 4464 3642 4537 publi-

1994 4558 2138 4613 catis
2183 4558 2377 4622 bonis,
2427 4557 2646 4613 Ruselii
2698 4557 3089 4628 captivitatem
3145 4572 3277 4611 cum
3311 4554 3643 4625 captivitate

236 4654 403 4704 μενοι,
435 4631 532 4687 τὸν
563 4634 805 4704 Καίσαρα
826 4631 1009 4687 ἄνετον
1036 4633 1185 4708 εἶχον
1226 4632 1316 4688 καὶ
1362 4631 1412 4688 ἰν
1580 4620 1692 4704 ῗδὶᾲ
1746 4635 1877 4709 ἦγον

1996 4647 2265 4717 Diogenis
2294 4651 2349 4701 et
2368 4620 2835 4718 publicationem
2861 4652 2916 4701 et
2938 4644 3209 4700 exsilium
3242 4620 3639 4699 commutans.

231 4726 381 4796 τιμῇ.
412 4726 523 4777 Τοῦ
565 4720 623 4777 δὶ
677 4724 992 4795 τιμήματος
1047 4727 1154 4777 τῶν
1210 4721 1530 4777 ἑαλωκότων
1591 4721 1879 4792 luat-mou-

238 4812 395 4881 μένου
449 4808 675 4867 ἔσπευδε
737 4812 831 4884 μὶν
902 4810 1212 4881 ὠνήσασθαι
1268 4816 1458 4865 τοῦτον
1511 4813 1539 4867 6
1600 4809 1878 4886 βασιλεύς’

235 4904 589 4964 ὶπικστέλαὸε
639 4909 740 4985 γὰρ
822 4908 912 4964 καὶ
975 4911 1003 4964 6
1062 4908 1323 4979 Μαλὲσης
1398 4907 1517 4986 ἄρτι
1588 4909 1882 4973 ἀπολυθεὶς

234 5000 373 5073 παρὰ
449 5004 548 5053 τοῦ
632 4999 935 5074 Καίσαρος,
1000 4998 1089 5053 καὶ
1165 4999 1359 5054 αὐτίκα
1435 5000 1511 5062 εἷς
1593 4998 1881 5073 ὑπερορίαν

236 5086 515 5144 στελλεται
570 5086 830 5160 δημεύσει
861 5108 920 5142 τε
963 5083 1467 5156 καθυποϐἀλλεται,
1494 5087 1875 5163 αῗχμαλωσέαν

236 5177 617 5253 αἰχμαλωσίας
647 5185 749 5247 τῆς
809 5176 901 5231 σὺν
956 5182 1036 5248 τῷ
1088 5178 1327 5253 Διογένει
1381 5180 1481 5246 τὴν
1535 5182 1878 5233 τοῦῬουσε-

237 5266 350 5321 λῖου
373 5268 466 5321 καὶ
498 5265 764 5339 δήμευσιν
812 5266 902 5321 καὶ
959 5266 1164 5341 ἔξορίαν
1208 5266 1418 5321 τούτων
1468 5265 1877 5339 ἀνταλλαξάμε-

232 5377 339 5423 νος,
390 5353 521 5410 ἀλλ’
568 5359 603 5425 ἠ
668 5360 766 5410 τοῦ
817 5354 1127 5412 Ῥουσελῖου
1178 5358 1310 5431 γυνή
1350 5402 1365 5425 ,
1422 5354 1630 5431 σπουδῇ
1689 5355 1875 5430 πολλῇ

234 5450 417 5501 τοῦτον
476 5444 845 5520 ἐλυτρώσατο.
900 5447 1057 5504 ’ΌΘεν
1113 5447 1164 5501 οἱ
1223 5446 1368 5521 παρᾶ
1440 5450 1536 5500 τοῦ
1612 5444 1878 5520 βασιλέως

239 5534 511 5597 σταλέντες
571 5537 663 5590 τὸν
745 5535 980 5610 Καίσαρα
1066 5537 1229 5609 μόνον
1292 5534 1725 5611 λυτρωσάμενον
1759 5536 1879 5601 ἀνθ·

238 5626 590 5698 υπέστρεψκν.
627 5626 716 5681 Ἐν
749 5622 807 5679 δὶ
834 5629 902 5699 τῇ
962 5623 1288 5700 Προποντίδι
1346 5625 1657 5699 γενόμενος,
1713 5624 1874 5680 εύλα-

238 5708 419 5783 εηθεῖς
478 5716 557 5788 μή
618 5736 749 5771 ποτε
791 5715 864 5777 ὡς
916 5713 1223 5788 ἀποστάτης
1275 5717 1363 5772 καὶ
1421 5714 1662 5777 ὕποπτος
1717 5742 1875 5797 νομι-

1990 4740 2208 4791 Verum
2241 4736 2457 4791 Ruselii
2493 4753 2637 4791 uxor
2665 4735 2859 4806 ipsum
2896 4735 3437 4799 redemerat.Quare
3468 4730 3637 4787 missi

1991 4825 2062 4879 ab
2122 4824 2472 4895 imperatore
2528 4827 2748 4879 Caesare
2797 4822 2988 4879 solum
3038 4822 3343 4891 redempto
3391 4821 3635 4876 rediere.

1988 4926 2128 4976 Cum
2175 4939 2307 4978 vero
2355 4923 2425 4977 ad
2462 4922 2871 4992 Propontidem
2904 4920 3283 4993 pervenisset,
3314 4919 3536 4975 veritus
3567 4933 3641 4974 ne

1990 5012 2137 5067 forte
2167 5017 2233 5066 ut
2263 5011 2498 5067 rebellis
2528 5017 2584 5067 et
2615 5014 2927 5083 suspectus
2959 5009 3182 5081 aliquid
3215 5008 3354 5064 mali
3381 5012 3438 5065 et
3475 5010 3639 5079 ejus-

1988 5100 2215 5156 cemodi
2265 5100 2358 5156 cui
2404 5099 2729 5155 remedium
2783 5098 3043 5155 adhiberi
3080 5115 3194 5153 non
3228 5102 3427 5170 posset
3456 5098 3636 5153 susti-

1989 5194 2173 5258 neret,
2203 5189 2473 5260 deposita
2503 5194 2660 5245 veste
2694 5188 2914 5244 usitata
2942 5187 3292 5260 capillisque
3348 5187 3635 5242 detonsis.

1990 5279 2411 5334 monachorum
2437 5279 2705 5334 habitum
2732 5277 2946 5347 induit,
2980 5282 3036 5332 et
3054 5277 3135 5333 ita
3159 5276 3259 5331 vili
3290 5277 3638 5333 indumento

1989 5368 2058 5423 ad
2122 5369 2343 5440 regiam
2403 5384 2464 5423 se
2520 5368 2773 5436 recepit;
2822 5367 3111 5438 exquibus
3159 5366 3436 5421 omnibus
3481 5382 3636 5420 sanas

1988 5458 2203 5513 mentis
2230 5458 2494 5513 homines
2527 5458 2781 5513 divinam
2814 5455 2961 5511 iram
3012 5455 3530 5519 ratiocinabanlur,
3580 5459 3638 5509 et

1988 5548 2487 5619 quemadmodum
2512 5549 2667 5604 Deus
2689 5547 2831 5619 ipsis
2857 5546 3133 5601 inimicus
3172 5546 3414 5601 effectus
3446 5545 3633 5599 fuerat

1988 5646 2221 5711 propter
2284 5639 2611 5693 divinorum
2646 5637 3055 5692 mandatorum
3115 5652 3181 5691 ac
3214 5638 3629 5706 praceptorum

1986 5727 2361 5784 violationem
2395 5732 2451 5784 et
2480 5731 2903 5799 contemptum,
2956 5741 3204 5797 quorum
3255 5723 3369 5780 sibi
3413 5718 3632 5779 conscii
