4008 6206
330 344 449 405 443
1663 342 1992 411 JOANNIS

2104 341 2438 404 IYLI'I‘ZE
3636 345 3759 407 με

331 479 405 535 ad
452 477 713 551 ingentia
762 479 915 537 bella
963 484 1019 538 et
1068 481 1331 556 pericula
1379 499 1495 539 non
1545 482 1709 555 prius
1757 478 1986 552 placato

2106 474 2250 538 σθεὶς
2301 474 2445 549 πάθῃ
2500 497 2552 530 τι
2609 474 2814 555 φαῦλον
2870 475 2960 532 καὶ
3017 475 3334 547 ἀνήκεστον,
3364 476 3463 547 τήν
3486 478 3760 550 κοσμικὴν

336 568 535 624 divino
569 568 807 625 nomine
838 570 1133 627 Romanas
1164 572 1360 644 c0pias
1391 572 1715 639 adducunt,
1756 573 1812 624 ot
1856 582 1990 622 cum

2104 558 2521 637 ἀποϐαλόμενος
2598 564 2792 630 ἐσθῆτα
2868 566 2969 634 τήν
3043 570 3213 641 τρίχα
3263 566 3497 639 κείρεται
3555 566 3647 620 καὶ
3691 566 3760 621 τὰ

336 657 491 713 male
522 659 859 714 afﬁciantur
887 677 1235 733 semperque
1267 662 1599 731 vincantur,
1633 676 1748 715 non
1790 664 1987 713 tamen

2104 657 2361 727 μοναχῶν
2451 653 2825 729 ἀμφιέννυται,
2887 655 2975 709 καὶ
3064 656 3236 717 οὕτως
3294 655 3345 709 ἐν
3411 654 3621 711 εὐτελεῖ
3677 659 3757 726 τῷ

332 747 520 803 ullum
579 748 789 805 divina:
851 749 1275 821 indignationis
1329 750 1663 823 percipiunt
1718 762 1986 803 sensum.

2104 745 2349 817 σχήματι
2406 749 2523 805 τοῖς
2582 743 2883 819 βασιλείοις
2916 740 3243 819 παρέϐαλεν.
3280 746 3363 817 Ἐξ
3396 746 3467 799 ὧν
3504 745 3756 799 ἁπάντων

332 836 572 907 Antiqui
604 854 736 893 vero
767 838 1016 893 Romani
1050 856 1162 893 non
1212 839 1292 893 ita
1343 839 1622 895 facientes
1666 837 1990 892 immensas

2104 832 2151 885 οἱ
2184 829 2240 884 εὖ
2289 837 2612 908 φρονοῦντες
2670 835 2769 901 τήν
2826 834 3110 905 θεομηνίακ
3175 834 3609 909 συνελογίζοντο,
3661 834 3755 887 καὶ

340 922 473 979 illas
525 930 582 978 et
612 942 922 995 prosperas
962 942 1195 998 pugnas
1222 927 1600 993 edebant,sed
1633 926 1908 980 virtutem
1936 926 1994 977 et

326 1011 625 1082 justitiam
654 1018 709 1068 et
740 1014 1087 1068 charitatem
1122 1020 1177 1069 et
1209 1014 1515 1071 veritatem
1550 1014 1910 1086 proﬁtentes,
1936 1015 1992 1064 et

334 1101 574 1157 omnino
606 1102 803 1157 omnia
860 1103 1111 1158 bunesta
1143 1108 1200 1159 et
1231 1105 1384 1159 bona
1416 1121 1517 1175 pro
1568 1102 1788 1157 viribus
1838 1105 1989 1154 trac-

330 1193 543 1258 tantes;
579 1207 760 1262 quare
791 1193 967 1247 etiam
1002 1192 1265 1248 divinum
1301 1211 1518 1251 numen
1557 1193 1674 1247 illis
1703 1192 1991 1259 aderat,et

2101 920 2249 981 ὅπως
2302 919 2486 983 αὐτοῖς
2544 923 2606 976 τὸ
2661 928 2813 977 Θεῖον
2873 922 3327 996 ἐκπεπολέμωται
3397 922 3485 979 διὰ
3511 925 3613 993 τὴν
3643 928 3754 977 τῶν

2099 1009 2254 1063 Θείων
2340 1008 2575 1066 ἐντολῶν
2646 1012 2733 1067 καὶ
2832 1012 3182 1086 ἐνταλμάτων
3275 1014 3573 1089 παρόρασιν
3664 1011 3758 1066 καὶ

2101 1098 2373 1169 ἀθέτησιν,
2434 1099 2496 1162 ἃς
2575 1102 2765 1176 καίπερ
2853 1104 3066 1164 έαυτοῖς
3147 1103 3592 1175 συνεπιστάμενοι
3679 1102 3762 1164 είς

2100 1186 2380 1259 ποὶέμους
2415 1188 2685 1264 μεγάλους
2734 1191 2823 1244 καὶ
2871 1189 3174 1257 κινδύνους,
3212 1192 3287 1263 μὴ
3337 1191 3601 1265 πρότερον
3661 1189 3759 1243 τὸν

333 1280 609 1337 omnibus
640 1284 831 1339 modis
861 1284 1063 1340 hostes
1094 1285 1488 1340 debellabant.

2104 1275 2229 1329 Θεὸν
2317 1273 2701 1350 ἱλεωσάμενοι,
2752 1281 2846 1341 τας
2906 1281 3218 1354 Ῥωμαϊκὰς
3304 1278 3554 1353 δυνάμεις
3642 1278 3759 1332 εἷσ-

334 1368 543 1442 άγουσι,
592 1370 681 1424 καὶ
740 1372 1041 1446 πάσχοντες
1094 1377 1273 1434 κακῶς
1328 1373 1417 1427 καὶ
1478 1372 1787 1443 ἡττώμενοι
1846 1362 2081 1443 ἀφειδῶς
2136 1361 2382 1435 αῗ’σθησιν
2442 1365 2503 1421 ού
2564 1363 2906 1441 λαμϐάνουσι
2956 1377 3055 1439 τῆς
3110 1374 3206 1424 τοῦ
3262 1370 3405 1433 θείου
3457 1369 3760 1442 νεμέσεως,

329 1458 396 1514 Ol.
477 1455 535 1512 δὲ
608 1458 779 1515 πάλαι
847 1461 1117 1533 Ῥωμαῖοι
1195 1462 1302 1537 οὐχ
1373 1461 1515 1517 οὕτω
1587 1463 1865 1518 ποιοῦντες
1936 1457 2033 1517 τὰς
2110 1448 2341 1531 φοϐερὰς
2419 1454 2623 1518 ἐκείνας
2688 1459 2776 1512 καὶ
2838 1457 3103 1531 ᾁδομένας
3155 1458 3478 1534 στρατηγίας
3533 1457 3762 1533 κατώρ-

334 1558 483 1620 Θουν,
553 1548 749 1624 ἀρετῆς
806 1547 863 1604 δὲ
913 1550 1003 1605 καὶ
1058 1549 1408 1621 δικαιοσύνης
1464 1551 1551 1605 καὶ
1594 1549 1807 1625 ἀγάπης
1866 1544 1956 1599 καὶ
2016 1540 2272 1612 ἀληθείας
2330 1542 2794 1619 ἀντιποιούμενοι,
2853 1548 2943 1601 καὶ
3017 1546 3206 1609 ἁπλῶς
3271 1553 3374 1601 πᾶν
3434 1544 3603 1601 καλὸν
3662 1548 3761 1600 καὶ

335 1636 535 1711 ἀγαθὸν
588 1639 661 1699 ὡς
723 1637 943 1695 δυνατὸν
1007 1640 1429 1716 μετερχόμενοι·
1468 1638 1553 1694 διὸ
1612 1638 1700 1693 καὶ
1748 1637 1812 1691 τὸ
1869 1638 2024 1689 Θεῖον
2083 1639 2375 1707 συμπαρῆν
2432 1633 2638 1705 αὐτοῖς,
2700 1637 2786 1691 καὶ
2845 1637 3003 1691 παντὶ
3054 1636 3243 1709 τρόπῳ
3300 1635 3427 1697 τοὺς
3476 1634 3759 1698 έναντίους

337 1728 794 1802 κατηγωνίζοντο.

411 1838 561 1892 718
617 1838 885 1911 Ingresso
944 1844 1139 1897 autem
1195 1842 1439 1909 Caesare,
1497 1841 1659 1895 visus
1732 1842 1823 1893 est
1892 1834 1987 1906 qui

2177 1829 2527 1894 Εἰσελθόντος
2578 1830 2635 1888 δέ
2690 1839 2787 1889 τοῦ
2844 1836 3111 1910 Καίσαρος
3158 1831 3307 1908 ἔδοξε
3355 1836 3449 1907 μὶν
3478 1836 3506 1889 ὁ
3535 1838 3755 1909 κρατῶν

347 1926 678 1998 imperabat
704 1929 902 1984 omnia
932 1929 1266 2002 perfecisse.
1297 1931 1402 1987 Sed
1436 1929 1809 1987 cruciabatur
1839 1926 1993 1997 quod

347 2015 569 2073 Ruselii
600 2018 912 2073 consilium
948 2036 1063 2075 non
1096 2024 1483 2075 successerat.
1519 2020 1661 2074 Nam
1719 2020 1992 2088 cognato-

344 2122 476 2160 rum
544 2106 812 2175 exitium,
868 2108 1246 2165 amissionem
1313 2109 1567 2181 imperii,
1628 2105 1993 2164 Christianos

338 2194 545 2259 occidi,
577 2195 736 2250 vicos
766 2197 1035 2253 comburi
1066 2206 1122 2253 et
1155 2199 1419 2268 regiones
1446 2197 1622 2254 everti
1669 2193 1992 2268 posteriora

332 2282 602 2339 ducebat.
664 2285 937 2341 Ruselius
991 2291 1187 2341 autem
1245 2303 1313 2343 ex
1383 2286 1596 2358 oppido
1673 2282 1988 2340 Metaboles

332 2373 637 2443 profectus
694 2391 827 2429 cum
880 2377 961 2430 ita
1014 2376 1253 2431 Francis
1304 2376 1596 2432 militibus
1650 2376 1749 2446 qui
1801 2371 1988 2427 relicti

336 2464 587 2534 fuerant,
634 2472 687 2521 et
746 2483 924 2523 uxore
973 2484 1039 2522 ac
1102 2467 1306 2523 liberis
1364 2473 1421 2524 et
1478 2466 1649 2522 bonis
1707 2465 1831 2521 suis
1888 2480 1991 2536 per

339 2554 592 2609 mediam
628 2556 922 2627 regionem
956 2556 1082 2611 sine
1116 2562 1277 2611 metu
1309 2558 1469 2624 ibat;
1504 2571 1757 2625 cumque
1788 2554 1858 2607 ad
1890 2555 1990 2607 Ar-

340 2643 747 2698 meniacorum
801 2646 1099 2717 regionem
1134 2646 1515 2716 pervenisset,
1548 2645 1617 2699 ad
1646 2661 1753 2698 sua
1793 2642 1987 2714 priora

339 2736 533 2787 castra
562 2750 623 2788 se
655 2734 888 2806 recepit,
921 2743 977 2790 et
1008 2735 1143 2790 inde
1189 2736 1471 2790 adversus
1519 2735 1742 2789 Turcos
1790 2747 1989 2786 excur-

325 2821 537 2878 siones
572 2822 790 2878 faciens
822 2824 1079 2879 coercuit
1110 2824 1271 2896 ipsos
1322 2840 1393 2879 ne
1441 2822 1698 2894 amplius
1745 2820 1803 2875 in
1858 2836 1986 2875 eam

343 2911 638 2983 regionem
702 2912 1115 2984 irrumperent.
1176 2914 1435 2969 Audiens
1492 2912 1613 2967 haec
1672 2912 1990 2981 imperator

344 3006 619 3073 praestare
649 3002 1001 3058 exstimabat
1028 3006 1246 3058 Turcos
1295 3002 1556 3058 obtinere
1604 3001 1727 3057 loca
1776 3000 1985 3054 Roma-

345 3105 555 3145 norum
587 3107 761 3161 quam
799 3091 1102 3147 Ruselium
1134 3093 1330 3163 aliquo
1361 3090 1419 3145 in
1455 3090 1578 3145 loco
1628 3088 1985 3161 permittere,

2106 1920 2356 1989 ἡνυκέναι
2416 1922 2477 1976 τὸ
2536 1929 2638 1977 πᾶν
2674 1968 2688 1992 ,
2741 1925 2931 1994 ἠνιᾶτο
3007 1922 3063 1979 δὲ
3133 1928 3201 1998 τῇ
3280 1929 3377 1979 τοῦ
3432 1922 3758 1980 Ῥουσελίου

2104 2007 2355 2083 ἄστοχίᾳ·
2387 2012 2487 2080 την
2528 2012 2627 2088 γὰρ
2679 2018 2785 2067 τῶν
2846 2016 3123 2090 ὁμογενῶν
3171 2012 3449 2069 ἀπώλειαν
3502 2014 3593 2068 καὶ
3650 2015 3756 2082 τὴν

2107 2098 2380 2174 ὑφαίρεσιν
2439 2107 2537 2169 τῆς
2597 2102 2775 2176 ἀρχῆς
2833 2102 2920 2157 καὶ
2975 2103 3038 2157 τὸ
3096 2103 3413 2180 σφάττεσθαι
3446 2102 3579 2164 τοὺς
3618 2104 3760 2176 Χρι-

2101 2187 2349 2249 στιανοὺς
2378 2191 2463 2244 καὶ
2502 2187 2830 2246 δουλοῦσθαι
2886 2191 2980 2253 τὰς
3038 2193 3229 2264 κώμας
3284 2194 3372 2247 καὶ
3431 2192 3527 2255 τὰς
3564 2193 3761 2266 χώρας

2098 2275 2445 2351 ἀφανίζεσθαι
2510 2278 2561 2333 ἐν
2614 2276 2846 2353 δευτέρῳ
2920 2279 3141 2338 ἐτίθετο.
3202 2287 3248 2340 Ο
3300 2279 3359 2336 δέ
3418 2302 3479 2357 γε
3533 2279 3759 2337 Ῥουσέ-

2100 2363 2217 2427 λιος
2253 2365 2383 2437 ἄρας
2416 2365 2473 2421 ἐκ
2503 2366 2597 2421 τοῦ
2640 2375 2739 2437 τῆς
2773 2364 3095 2439 Μεταϐολῆς
3146 2370 3406 2448 φρουρίου
3449 2371 3584 2444 μετὰ
3639 2374 3755 2424 τῶν

2104 2456 2585 2530 ὑπολελειμμένων
2645 2462 2913 2535 Φράγγων
2956 2466 3301 2533 στρατιωτῶν
3346 2461 3434 2515 καὶ
3475 2468 3577 2529 τῆς
3620 2482 3759 2514 συν-

2101 2546 2255 2600 εύνου
2308 2547 2396 2600 καὶ
2453 2553 2560 2602 τῶν
2614 2545 2822 2602 παίδων
2870 2549 2959 2604 καὶ
3017 2554 3125 2603 τῶν
3190 2549 3539 2625 ὑπαρχόντων
3600 2549 3755 2621 αὐτῷ

2100 2632 2187 2689 διὰ
2247 2635 2414 2709 μέσης
2487 2644 2588 2706 τῆς
2646 2639 2835 2712 χώρας
2911 2638 3189 2714 ἀτρέπτως
3246 2634 3478 2708 ἐϐάδιζε,
3537 2639 3627 2693 καὶ
3688 2640 3757 2693 τὸ

2098 2726 2236 2797 θέμα
2290 2730 2397 2780 τῶν
2456 2728 2825 2802 Ἀρμενιακῶν
2884 2724 3207 2783 καταλαϐὼν
3280 2735 3396 2790 τοῖς
3462 2727 3756 2803 προτέροις

2098 2813 2262 2869 αὐτοῦ
2347 2814 2600 2891 κάστροις
2684 2815 3025 2887 ἀποκατέστη
3063 2861 3077 2885 ,
3156 2818 3396 2872 κάκεῖθεν
3474 2815 3755 2891 ἐκδρομὰς

2098 2904 2235 2959 κατὰ
2306 2908 2412 2958 τῶν
2492 2905 2742 2979 Τούρκων
2829 2905 3156 2979 ποιούμενος
3234 2907 3475 2980 ἆπεῖρξεν
3553 2906 3758 2967 αὐτοὺς

2096 2999 2205 3048 τῶν
2236 2994 2372 3049 κατὰ
2399 2999 2496 3049 τοῦ
2526 2995 2778 3049 τοιούτου
2808 2995 3039 3069 θέματος
3091 2994 3320 3074 ἐφόδων.
3368 2998 3426 3053 Ὀ
3485 2993 3542 3050 δὲ
3595 2996 3758 3072 βασι-

2100 3081 2225 3145 λεὺς
2286 3082 2675 3157 ἐνωτιζόμενος
2726 3090 2893 3139 ταῦτα
2954 3084 3165 3158 μᾶλλον
3224 3084 3441 3157 ἐνόμιζε
3470 3085 3754 3161 συμφέρον

346 3179 417 3235 ad
476 3179 586 3235 hoc
643 3198 674 3235 a
730 3180 1054 3252 Nicephoro
1115 3182 1432 3251 instigatus
1492 3196 1556 3235 ac
1622 3176 1984 3235 stimulatus.

2104 3171 2224 3235 τοὺς
2260 3172 2538 3247 Τούρκους
2597 3169 2740 3249 ἔχειν
2793 3175 2859 3229 τὰ
2888 3175 3173 3247 Ῥωμαίων
3212 3176 3239 3245 ἢ
3287 3175 3378 3229 τὸν
3436 3172 3753 3228 Ῥουσέλιον

345 3267 522 3323 Mittit
550 3267 730 3339 igitur
759 3270 1075 3339 quemdam
1107 3287 1170 3325 ex
1206 3270 1501 3326 nobilibus
1545 3268 1769 3324 civibus
1817 3270 1986 3321 etate

332 3357 637 3427 juvenem,
672 3358 770 3412 sed
805 3357 1023 3428 alioqui
1057 3362 1364 3413 strenuum
1396 3363 1570 3428 atque
1612 3356 1983 3428 prudentem,

341 3446 646 3516 praesidem
680 3444 943 3501 Alexium
975 3446 1363 3505 Comnenum.
1395 3444 1497 3517 qui
1527 3461 1658 3499 cum
1692 3443 1987 3515 pervenis-

343 3542 433 3591 set
461 3536 786 3601 Amasiam,
818 3535 895 3589 ibi
930 3536 1005 3590 rei
1040 3536 1259 3590 exitum
1293 3534 1685 3604 exspectabat.
1716 3531 1988 3588 Ruselius

342 3628 562 3689 autem,
593 3623 742 3678 inita
772 3623 1049 3678 societate
1078 3627 1135 3678 et
1164 3621 1424 3677 amicitia
1472 3637 1607 3675 cum
1657 3622 1986 3675 Turcorum

342 3711 627 3782 principe,
660 3727 1014 3782 congressus
1046 3715 1134 3765 est
1164 3728 1295 3765 cum
1327 3712 1454 3781 ipso
1499 3710 1623 3763 sine
1674 3708 1987 3774 militibus,

344 3805 409 3855 ut
462 3804 861 3855 consueverat.
921 3803 1139 3855 Verum
1202 3800 1456 3870 quadam
1491 3799 1585 3853 die
1643 3814 1775 3853 cum
1845 3797 1991 3869 ipsis

346 3906 581 3944 coenans
611 3889 842 3960 capitur
872 3893 929 3944 et
960 3889 1324 3945 devincitur:
1362 3887 1557 3943 fallere
1589 3888 1742 3943 enim
1777 3887 1992 3942 Roma-

345 3996 451 4034 nos
481 3979 655 4034 etiam
709 3979 1089 4048 jurejurando
1142 3978 1511 4050 interposito,
1565 3978 1718 4050 apud
1771 3978 1993 4033 Turcos

344 4067 609 4123 solemne
658 4072 768 4135 est,
819 4068 991 4123 venia
1048 4067 1293 4139 dignum
1356 4072 1629 4124 censetur
1681 4084 1694 4122 :
1746 4083 1851 4122 nec
1905 4070 1996 4121 est

346 4157 501 4228 quod
535 4156 667 4228 quis
700 4156 1022 4227 perjurium
1058 4164 1308 4213 accuset.
1362 4161 1528 4213 Hunc
1581 4155 1764 4212 multo
1810 4156 1995 4228 pretio

346 4251 612 4318 emptum
648 4263 860 4318 preses
896 4246 1132 4301 Alexius
1164 4247 1233 4301 ad
1264 4247 1680 4318 imperatorem
1733 4245 1993 4300 vinctum

350 4336 637 4408 perducit,
670 4352 845 4407 quem
880 4337 1161 4413 traditum
1196 4335 1518 4392 tortoribus
1549 4334 1777 4390 bovinis
1806 4334 1997 4390 nervis

346 4424 777 4494 caedendum”
801 4429 893 4480 14
954 4429 1017 4479 ut
1079 4424 1387 4496 fugitivum
1447 4425 1704 4497 aliquem
1762 4440 1993 4479 servum

347 4513 547 4586 ﬂagris
578 4513 1048 4570 intolerabilibus
1079 4515 1383 4581 cruciavit,
1434 4518 1492 4570 et
1538 4514 1598 4568 in
1647 4513 1997 4569 obscurissi-

346 4618 503 4658 mam
537 4603 749 4658 turrim
783 4603 1077 4661 inclusum
1108 4604 1470 4675 contemptui
1493 4604 1747 4660 habebat
1777 4602 1998 4659 catenis

344 4692 603 4747 vinctum
616 4735 629 4748 .

423 4887 747 4959 Logotheta
779 4892 971 4944 autem
1008 4888 1330 4960 plurimum
1383 4892 1608 4961 potens,
1664 4893 1727 4943 ut
1774 4887 1997 4944 dictum

349 4980 461 5044 est,
492 4978 645 5048 apud
680 4976 1117 5048 imperatorem,
1150 4978 1351 5033 omnia
1383 4994 1485 5049 pro
1517 4977 1757 5033 arbitrio
1801 4978 1999 5032 mode-

350 5083 510 5133 rans,
544 5065 830 5121 Hebdomi
882 5066 1304 5122 monasterium
1357 5066 1468 5121 sibi
1520 5067 1721 5121 donari
1773 5072 1999 5139 petens,

350 5171 555 5210 omnes
588 5154 993 5226 possessiones
1026 5160 1083 5210 et
1128 5172 1362 5211 omnem
1416 5154 1532 5211 fere
1582 5160 1861 5227 quantam
1914 5155 2001 5211 sol

348 5246 535 5300 cernit
569 5243 868 5316 regionem
902 5245 1130 5301 studuit
1160 5245 1269 5300 sibi
1303 5246 1603 5301 vindicare
1641 5249 1698 5301 et
1746 5245 2001 5317 c0piosis

349 5333 727 5405 proventibus
782 5333 1048 5398 dilatare,
1106 5334 1369 5402 cogitans
1439 5334 1813 5405 improbitate
1886 5335 2003 5389 sibi

350 5422 606 5479 amicum
639 5422 1052 5493 imperatorem
1088 5423 1292 5489 facere,
1312 5428 1368 5477 et
1398 5422 1653 5478 maxima
1684 5421 1897 5477 lucrari
1928 5424 2001 5479 ob

350 5512 480 5583 ejus
509 5511 1060 5583 simplicitatem,ac
1091 5512 1327 5568 nomine
1358 5511 1701 5567 monasterii
1733 5512 2005 5583 ingentes

351 5600 583 5655 divitias
611 5600 881 5672 adipisci.
914 5601 983 5656 Et
1014 5618 1144 5657 cum
1178 5606 1333 5657 esset
1366 5605 1619 5657 maxime
1647 5601 1897 5657 idoneus
1930 5604 2001 5657 ob

349 5689 691 5762 versutiam,
711 5690 757 5746 si
788 5690 923 5763 quis
955 5690 1129 5761 alius,
1153 5690 1223 5747 ad
1258 5690 1635 5760 lucrandum,
1658 5696 1715 5749 et
1746 5697 2004 5765 quazstus

2097 3264 2397 3337 χωρεῖσθαι
2446 3262 2497 3317 ἐν
2542 3263 2694 3336 τόπῳ
2742 3263 2841 3331 ένῖ,
2883 3264 3031 3338 παρὰ
3074 3268 3171 3318 τοῦ
3237 3264 3554 3339 Νικηφόρου
3612 3264 3757 3338 πρὸς

2096 3356 2255 3405 τοῦτο
2297 3350 2623 3425 νυττόμονος
2666 3353 2752 3407 καὶ
2805 3350 3228 3428 διεγειρόμενος.
3268 3355 3351 3427 [Ρ.
3400 3355 3525 3426 850]
3574 3351 3752 3407 Στέλ-

2099 3439 2180 3496 λει
2238 3440 2417 3495 τοίνυν
2462 3442 2583 3495 τινὰ
2628 3446 2734 3495 τῶν
2798 3440 3157 3514 εὐπατριδῶν,
3206 3444 3304 3511 τήν
3370 3443 3463 3515 μὶν
3517 3440 3750 3511 ἡλικίαν

2096 3530 2232 3600 νέον,
2281 3528 2604 3604 δραστήριον
2655 3528 2711 3585 δὲ
2765 3529 2951 3593 ἄλλως
2998 3532 3087 3586 καὶ
3129 3531 3417 3609 ἐχέφρονα,
3464 3532 3552 3585 τὸν
3605 3532 3748 3605 πρόο

2099 3614 2249 3691 εδρον
2282 3616 2526 3688 Ἀλέξιον
2577 3620 2669 3673 τὸν
2720 3621 3027 3691 Κομνηνὸν,
3076 3620 3135 3681 ’ὀς
3193 3619 3243 3672 ἐν
3301 3624 3383 3690 τῷ
3438 3618 3585 3673 ἄστει
3644 3627 3751 3688 τῆς

2098 3706 2393 3777 Ἀμασείας
2452 3707 2747 3781 γενόμενος
2800 3705 3112 3785 ἐκαραδόκει
3171 3710 3233 3762 τὸ
3294 3707 3521 3781 μέλλον.
3578 3710 3641 3764 Ὀ
3704 3706 3767 3763 Si

2098 3795 2407 3858 Ῥουσέλιος
2435 3799 2697 3868 συνθήκας
2729 3799 2817 3852 καὶ
2853 3797 3041 3872 φιλίας
3095 3799 3228 3870 μετᾶ
3286 3802 3383 3851 τοῦ
3428 3802 3534 3851 τῶν
3587 3798 3768 3872 Τούρ-

2101 3905 2209 3939 κων
2243 3883 2564 3959 ἐξάρχοντος
2614 3886 2839 3959 Θέμενος
2888 3884 3123 3955 συνῆλθε
3181 3885 3357 3957 τούτῳ
3416 3884 3770 3959 ἐψιλωμένος

2104 3979 2447 4045 στρατιωτῶν
2495 3975 2569 4037 ὡς
2620 3973 2728 4044 ἤδη
2777 3977 3018 4047 συνήθης
3074 3976 3159 4030 καὶ
3225 3974 3367 4036 ἐθάς.
3402 3977 3487 4033 Ἐν
3553 3981 3653 4048 μιᾷ
3707 3974 3770 4030 δὶ

2105 4060 2431 4118 συνδειπνῶν
2475 4063 2658 4125 αὐτοῖς
2711 4064 2988 4120 ἁλίσκεται
3046 4064 3135 4120 καὶ
3195 4062 3481 4137 δεσμώτης
3537 4062 3770 4119 ἀποδεί-

2104 4171 2337 4207 κνυται’
2400 4152 2605 4222 ἀπατᾷν
2680 4154 2783 4229 γὰρ
2859 4155 3166 4227 Ῥωμαίους
3243 4152 3535 4227 ἐνωμότως
3614 4155 3775 4228 παρὰ

2103 4247 2218 4303 τοῖς
2249 4242 2513 4316 Τούρκοις
2546 4241 2671 4317 ὅρος
2726 4242 2816 4297 καὶ
2874 4242 3036 4320 λόγος
3093 4242 3378 4317 ένδόσιμος
3406 4243 3493 4297 καὶ
3554 4242 3772 4317 άλογο-

2106 4332 2348 4401 θέτητος.
2382 4332 2584 4387 Τοῦτον
2645 4329 2806 4387 ὤνιον
2847 4331 3074 4389 πολλῶν
3127 4335 3155 4388 ὁ
3213 4331 3484 4408 πρόεδρος
3517 4331 3770 4401 ’Δλέξιος

2108 4419 2458 4493 ὠνησάμενος
2517 4420 2570 4484 ἐς
2632 4421 2855 4496 βασιλέα
2921 4421 3113 4487 ἀπάγει
3165 4420 3406 4496 δέσμιον.
3469 4419 3769 4496 Παραδοὺς

2109 4508 2198 4564 οὖν
2235 4510 2262 4563 ὁ
2299 4507 2555 4583 βασιλεὺς
2616 4516 2733 4571 τοῖς
2785 4512 3129 4584 βασανισταῖς
3174 4511 3392 4583 ξεσμοῖς
3449 4512 3769 4581 ἀνηκέστοις

2110 4596 2199 4653 διὰ
2250 4598 2556 4675 βουνεύρων
2619 4599 2691 4659 ὥς
2746 4620 2867 4653 τινα
2924 4597 3121 4654 δοῦλον
3193 4597 3456 4674 δραπέτην
3509 4588 3765 4673 ᾐκίσατο,

2105 4689 2195 4743 καὶ
2254 4687 2331 4751 εἷς
2376 4684 2469 4741 ἕνα
2536 4691 2643 4742 τῶν
2716 4684 3134 4763 ζοφωδεστάτων
3208 4686 3483 4764 ἐγκλείσας
3539 4687 3765 4764 πύργων

2106 4774 2455 4850 ἀτημέλητον
2489 4776 2631 4851 εἶχεν
2664 4774 2884 4830 ἁλύσεσι
2916 4773 3159 4849 δέσμιον.

2179 4884 2240 4940 Ὁ
2301 4879 2357 4937 δέ
2418 4882 2722 4957 Λογοθέτης
2800 4880 2935 4956 μέγα
3012 4880 3330 4955 δυνάμενος,
3382 4883 3456 4944 ὡς
3528 4883 3776 4959 εἴρηται,

2108 4972 2256 5045 παρὰ
2325 4969 2558 5045 βασιλεῖ,
2620 4968 2760 5045 ἄγων
2836 4992 2894 5027 τε
2968 4971 3057 5026 καὶ
3130 4972 3307 5050 φέρων
3383 4973 3559 5027 πάντα
3624 4976 3774 5047 ᾗπερ

2112 5058 2391 5129 ἐϐούλετο,
2424 5061 2521 5128 τήν
2573 5064 2670 5115 τοῦ
2699 5055 2973 5133 Ἑϐδόμου
3019 5064 3187 5133 μοινῆν
3233 5059 3323 5116 διὰ
3365 5059 3571 5137 δωρεᾶς
3624 5059 3779 5133 ἐξαι-

2110 5151 2441 5223 τησάμενος,
2492 5150 2666 5205 πάντα
2713 5152 2965 5222 κτήματα
3011 5150 3099 5205 καὶ
3152 5157 3323 5204 πᾶσαν
3386 5148 3585 5226 σχεδὸν
3634 5152 3781 5220 ὅσην

2111 5238 2272 5307 ἥλιος
2324 5236 2492 5315 ἐφορᾷ
2548 5233 2769 5291 ἔσπευδε
2823 5242 3205 5313 προσκυρῶσαι
3251 5236 3387 5311 αὐτῇ
3450 5235 3540 5291 καὶ
3588 5258 3771 5312 προσ-

2112 5328 2259 5389 όδοις
2305 5326 2559 5404 ἀφθόνοις
2610 5325 2970 5398 ἐμπλατῢναι,
3022 5325 3382 5399 σκεπτόμενος
3429 5325 3487 5379 ἐκ
3544 5336 3781 5401 μοχθη-

2114 5418 2231 5493 ρίας
2265 5414 2594 5479 οἷκειοὺσθαί
2643 5436 2699 5469 τε
2750 5416 2843 5469 τὸν
2902 5415 3126 5490 βασιλέα
3174 5417 3262 5470 καὶ
3322 5412 3787 5490 παρακερδαίνειν

2110 5508 2176 5563 τὰ
2239 5505 2461 5583 μέγιστα
2502 5511 2601 5575 τῆς
2652 5500 2978 5579 ἀϐελτηρίας
3028 5505 3192 5560 αύτοῦ
3258 5504 3347 5559 καὶ
3402 5509 3482 5577 τῷ
3534 5503 3783 5577 ὀνόματι

2110 5604 2209 5667 τῆς
2272 5602 2447 5669 μονῆς
2490 5599 2727 5649 πλοῦτον
2796 5594 3110 5659 ἐπικτᾶσθαι
3175 5596 3442 5672 ὑπερφυῆ.
3496 5593 3787 5666 Ποριμώ-

2114 5707 2272 5748 τατος
2324 5682 2380 5740 δὲ
2435 5682 2508 5739 ὢν
2554 5685 2628 5747 είς
2687 5685 2899 5757 κακίαν,
2942 5684 3089 5761 εἷ’περ
3140 5706 3220 5747 τις
3266 5681 3471 5759 ἕτερος,
3520 5683 3608 5738 καὶ
3664 5689 3793 5742 τοῖ’)
