4040 6196
224 363 341 421 M5

1743 355 2110 418 HISTORIA
2124 398 2138 413 .

3522 329 3640 392 446

224 488 521 567 κιρδαλέου
576 490 737 567 χάριν
779 488 1011 564 μηδενὸς
1041 488 1216 567 δυσφή
1228 511 1332 564 μου
1368 487 1637 563 ὀνόματος
1667 490 1870 565 ἀπιχό-
1901 544 1909 557 ι

2025 487 2172 544 ratia
2218 484 2365 542 nulli
2426 497 2671 556 parcens
2728 475 3007 541 infamiae,
3043 470 3337 528 ofﬁcinam
3370 466 3429 523 in
3463 464 3639 521 liba:-

233 602 416 653 μενος,
476 578 753 657 φούνδακα
979 584 1030 637 ἐν
1060 580 1129 655 τῇ
1183 577 1473 653 Ῥαιδεστῷ
1502 580 1591 634 καὶ
1629 600 1882 653 μονοπω-

232 670 379 726 λιῖον
471 673 833 741 συνεστήσατο
868 718 883 744 ,
954 669 1205 732 κωλύσας
1283 670 1373 725 καὶ
1441 668 1691 744 ἀπείρξας
1756 667 1883 729 τοὺς

232 759 556 821 πωλοῦντας
616 761 875 827 ἅπαντας,
933 761 996 814 τὸ
1050 759 1329 835 βασιλικὸν
1391 758 1449 814 δὲ
1482 758 1645 832 μόνον
1674 759 1887 832 πρατή-

234 870 348 925 ριον
402 847 817 924 ἐμηχανήσατο·
871 849 1014 924 παρὸ
1060 850 1151 904 καὶ
1197 848 1360 922 λιμὸν
1407 846 1886 923 ἐπραγματεύσατο

238 940 497 1013 μᾶγιστον
560 939 652 992 καὶ
718 942 824 992 τῶν
886 940 1108 993 πώποτε
1168 936 1664 1011 μνημονευομένων
1720 935 1887 990 ἀπαν-

235 1026 587 1102 θρωπὸτατον
626 1070 641 1095 ,
702 1027 776 1089 ὡς
834 1027 926 1081 xui
999 1032 1078 1100 τῷ
1138 1025 1355 1103 βασιλεῖ
1409 1028 1522 1081 ἀντ’
1579 1024 1890 1097 ἰπωνυμίας

232 1117 483 1191 γενέσθαι
523 1116 710 1186 αὐτὸν,
738 1116 828 1171 καὶ
881 1118 986 1172 ἀπὸ
1043 1116 1237 1171 τούτου
1292 1115 1503 1189 μᾶλλον
1537 1117 1571 1186 ἢ
1611 1119 1707 1169 τοῦ
1753 1135 1889 1189 προ-

234 1210 465 1279 γονικοῦ
519 1207 877 1281 γινώσκεσθαι
933 1213 1049 1268 τοῖς
1112 1206 1433 1279 μετέπειταο
1496 1203 1732 1280 Μιχαὴλ
1787 1203 1890 1278 γάρ

232 1316 316 1355 τις
370 1293 565 1363 εἰπὼν,
622 1294 671 1349 εἴ
729 1296 804 1367 μὴ
859 1294 1119 1371 προσθείη
1179 1295 1268 1350 καὶ
1320 1296 1411 1350 τὸν
1466 1291 1889 1369 Παραπινάκιον,

236 1384 339 1438 οὐκ
369 1384 431 1438 ἂν
460 1386 673 1459 γένοιτο
705 1382 986 1457 συντόμως
1019 1385 1465 1460 γνωριμώτερος,
1501 1380 1590 1437 διὰ
1626 1382 1687 1437 τὸ
1740 1402 1893 1450 τηνι-

236 1493 409 1527 καυτα
441 1473 534 1527 τόν
569 1471 764 1546 μόδιον
795 1474 940 1550 παρὰ
968 1475 1216 1529 πινάκιον
1246 1478 1324 1546 τῷ
1340 1473 1634 1545 νομίσματι
1656 1471 1893 1545 πιπράσ-

241 1563 405 1617 κεσθα
413 1584 428 1615 ι
440 1606 454 1617 .

312 1656 407 1724 Τῷ
465 1648 521 1706 δὲ
564 1651 768 1727 πρώτῳ
816 1649 922 1707 ἔτει
954 1659 1057 1723 τῆς
1091 1649 1369 1728 βασιλείας
1399 1651 1589 1717 αὑτοῦ,
1624 1646 1895 1703 ῗνδιιιτιῶ-

241 1763 330 1803 νος
368 1748 461 1810 ια’,
492 1742 555 1796 τὸ
609 1746 717 1796 τῶν
781 1737 997 1816 Σὲρϐων
1041 1740 1210 1811 ἔθνος,
1245 1741 1337 1806 οὕς
1395 1738 1460 1811 δὴ
1492 1739 1581 1794 καὶ
1614 1733 1895 1813 Χροϐάτας

242 1828 503 1930 ῗλοῦἰι,
687 1830 1022 1930 Βομλγαρίαν
1077 1828 1273 1930 ἐξῆλθε
1318 1826 1897 1930 ηαταδουλωσόμενον.
1935 1866 1982 1930 Β

251 1921 362 1976 Τὸν
417 1918 479 1973 δὲ
518 1919 719 1995 τρόπον
754 1919 954 1984 ἄνωθεν
996 1915 1282 1977 ἀναλαϐὼν
1334 1916 1693 1993 διηγήσομαι.
1745 1922 1902 1970 Βασι-

249 2008 402 2063 λείου
454 2008 557 2084 γὰρ
612 2013 709 2063 τοῦ
770 2008 1059 2084 βασιλέως,
1119 2007 1353 2078 ὁπηνίκα
1400 2009 1499 2075 τήν
1559 2003 1900 2079 Βουλγαρίαν

255 2099 594 2173 ὑπηγάγετο,
656 2099 731 2169 μὴ
796 2096 1125 2169 θελήσαντάς
1181 2120 1232 2153 τι
1279 2104 1585 2174 νεοχμῆσαι
1640 2098 1747 2149 τῶν
1795 2092 1905 2147 liii-

254 2209 373 2258 μων
426 2187 610 2257 αὐτοῦ,
660 2186 787 2243 ἀλλ’
838 2189 942 2243 ὑπὸ
986 2194 1103 2250 τοῖς
1137 2189 1413 2266 σφετέροις
1446 2186 1677 2261 ἄρχουσί
1708 2205 1766 2238 τε
1813 2182 1902 2237 καὶ

250 2274 411 2345 ἤθεσι
462 2278 531 2332 τὰ
592 2280 711 2341 καθ’
758 2277 982 2341 ἑαυτοὺς
1033 2276 1312 2354 ὁρίσαντος
1360 2274 1716 2351 διεξάγεσθαι,
1770 2284 1903 2337 καθ-

253 2365 328 2427 ώς
390 2385 503 2419 που
551 2366 639 2420 καὶ
693 2366 779 2421 ἐπὶ
837 2371 933 2421 τοῦ
984 2365 1275 2439 Σαμουὴλ,
1335 2364 1393 2428 ὅς
1446 2365 1623 2418 αὐτῶν
1657 2362 1909 2438 ἀρχηγὸς

251 2452 470 2529 ἰγένετο
520 2452 625 2524 ἤδη
681 2456 777 2528 μὶν
836 2456 925 2510 οὖν
976 2456 1061 2511 καὶ
1108 2454 1370 2530 πρότερον
1424 2453 1513 2508 τὸν
1546 2448 1698 2516 ἔθνος
1754 2451 1905 2505 τετά-

258 2564 470 2619 ρυιτο,
547 2547 629 2619 [Ρ.
696 2548 823 2620 851]
899 2548 999 2615 τήν
1078 2544 1376 2616 ἀπληστίαν
1455 2545 1531 2616 μή
1592 2540 1752 2619 φέρον
1811 2539 1906 2593 τοῦ

259 2632 699 2712 ὀρεξανοτρὸφου,
760 2634 850 2689 ὅτε
913 2635 1007 2689 τὸν
1080 2633 1343 2689 Δολεάνον
1412 2632 1612 2688 ἑαυτῶν
1687 2628 1911 2706 βασιλέα

979 2725 1050 2778 ὧν
1133 2724 1269 2779 κατὰ
1356 2722 1517 2797 μέρος
1602 2717 1910 2790 δεδήλωται

256 2810 494 2883 ἄνωθεν,
563 2809 836 2888 ἀπέϐλεψε
912 2812 969 2869 δὲ
1036 2814 1123 2869 καὶ
1206 2817 1295 2868 νῦν
1370 2812 1506 2888 πρὸς
1558 2806 1909 2865 ἀποστασίαν.

256 2904 379 2969 Τὴν
429 2902 529 2977 γὰρ
584 2905 678 2957 τοῦ
710 2904 1031 2982 Νικηφόρου
1094 2903 1170 2977 μὴ
1203 2903 1364 2978 φέρον
1402 2900 1706 2972 ἀπληστίαν
1761 2899 1846 2954 καὶ
1883 2897 1914 2951 ἃ

256 2992 408 3045 κατᾶ
452 2994 661 3047 πάντων
712 2993 858 3063 αὖτῷ
904 2994 1291 3069 μεμηχάνητο,
1328 2989 1545 3052 οὐδενὸς
1597 2989 1914 3062 ἰπιστρεφο-

263 3083 441 3154 μένου
479 3086 575 3135 τοῦ
626 3081 917 3157 βασιλέως,
960 3089 1080 3146 ταῖς
1129 3078 1519 3155 παιδαριώδεσι
1570 3076 1625 3133 δί
1672 3073 1913 3136 παιδιαῖς

262 3172 439 3243 μόνον
522 3173 994 3248 προσανέχοντος,
1082 3173 1135 3226 οἱ
1209 3172 1343 3226 κατᾶ
1410 3172 1509 3240 τήν
1575 3163 1912 3242 Βουλγαρίαν

257 2723 655 2800 ἐπευφήμησαν
683 2768 697 2795 ,
769 2725 891 2800 περὶ

256 3260 594 3335 προὲχοντες
670 3262 877 3332 ἀξιοῦσι
950 3261 1040 3316 τὸν
1110 3259 1409 3337 Μιχαηλᾶν
1480 3257 1724 3335 ἀρχηγὸν
1785 3251 1909 3311 ὄντα

2027 3234 2185 3320 ctum
2221 3234 2427 3328 petunt
2456 3234 2569 3312 sibi
2601 3268 2768 3326 opem
2799 3250 2946 3305 ferre
2985 3249 3042 3299 et
3087 3235 3387 3313 opitulari,

257 3348 529 3423 ἐπαρῆξαι
580 3351 763 3413 αὐτοῖς
811 3351 903 3405 καὶ
961 3358 1321 3426 συνεργῆσαι,
1380 3347 1564 3404 δοῦναί
1620 3368 1678 3402 τε
1733 3346 1915 3405 αὐτοῖς

258 3441 361 3495 τὸν
423 3440 535 3493 υἱὸν
598 3440 781 3509 αὐτοῦ,
844 3441 918 3502 ὡς
978 3443 1038 3495 ἂν
1097 3440 1255 3495 αὐτὸν
1320 3437 1546 3515 βασιλέα
1577 3434 1917 3511 Βουλγαρίας

262 3528 645 3604 ἆνακηρύξωσι
697 3530 787 3583 καὶ
835 3536 935 3599 τῆς
992 3529 1049 3585 ἐκ
1103 3534 1211 3585 τῶν
1268 3529 1558 3602 Ῥωμαίων
1617 3524 1913 3599 ἐλευθερω-

258 3625 410 3683 asin
460 3616 906 3680 καταδυναστιίας
953 3618 1041 3673 καὶ
1091 3617 1415 3695 βαρύτητος.
1461 3618 1521 3673 Ὀ
1573 3612 1630 3670 δὲ
1668 3612 1916 3687 ἀσμένως

258 3708 527 3763 ὑπακούει
580 3709 780 3776 αὐτῶν,
836 3707 1180 3782 τριακοσίους
1222 3729 1281 3763 τε
1324 3711 1430 3761 τῶν
1462 3706 1653 3760 ἑαυτοῦ
1713 3701 1916 3759 ἀπολε-

255 3797 497 3870 ξάμενος
554 3798 643 3852 καὶ
695 3802 775 3870 τῷ
830 3796 1015 3871 οἰκείῳ
1074 3799 1176 3867 υἱῷ
1234 3794 1626 3867 Κωνσταντίνῳ
1691 3799 1768 3866 τῷ
1828 3791 1917 3847 καὶ

257 3884 483 3959 Βοδίνῳ
534 3886 931 3960 ὀνομαζομένῳ
984 3883 1261 3961 παραδοὺς
1292 3885 1369 3947 εἷς
1428 3882 1770 3959 Βουλγαρίαν
1833 3881 1919 3952 ἐξ·

260 3974 635 4032 αποστέλλει.
694 3976 927 4046 Ἔξεισιν
988 3976 1078 4029 οὗν
1141 3975 1214 4036 είς
1271 3976 1338 4029 τὰ
1395 3970 1735 4050 Πρισδίανα,
1796 3968 1921 4036 ἔνθα

257 4064 735 4140 συναθροισθέντες
768 4067 821 4120 οἱ
853 4064 907 4120 ἐν
936 4070 1051 4127 τοῖς
1100 4064 1357 4127 Σκοπίοις
1416 4063 1769 4138 προέχοντες,
1837 4064 1919 4123 οἷς

260 4154 504 4230 ἔξαρχος
532 4156 597 4223 ἦν
630 4157 898 4231 Γεώργιος
930 4155 956 4208 6
998 4154 1289 4229 Βοϊτάχος,
1327 4158 1423 4208 τοῦ
1452 4157 1561 4207 τῶν
1612 4152 1918 4227 Κομχάνων

256 4247 456 4319 γένους
539 4245 911 4320 καταγόμενος
946 4287 959 4312 ,
1042 4242 1267 4319 βασιλέα
1352 4240 1677 4318 Βουλγάρων
1760 4240 1918 4296 αὐτὸν

259 4334 615 4407 ἆνεκήρυξαν,
688 4335 889 4409 Πέτρον
963 4332 1076 4387 ἀντὶ
1132 4333 1543 4388 Κωνσταντίνου
1613 4330 1921 4404 μετονομά-

261 4443 458 4484 σαντες
487 4466 501 4480 .
558 4424 730 4497 "Om-:9
782 4423 1019 4484 ἀκούσας
1067 4422 1095 4477 ὁ
1153 4421 1204 4476 ἐν
1252 4419 1512 4483 Σκοπίοις
1573 4418 1770 4474 διέπων
1820 4421 1918 4488 τὴν

260 4514 453 4587 ἀρχὴν
512 4516 609 4566 τοῦ
659 4510 852 4573 δουκὸς
908 4510 1222 4590 Νικηφόρος
1276 4512 1305 4565 ὁ
1364 4512 1738 4585 Καραντηνὸς,
1796 4509 1921 4573 τοὺς

1995 560 2160 633 desto
2191 580 2247 632 et
2278 572 2682 645 monopolium
2714 566 2997 629 instituit,
3031 560 3348 635 prohibens
3378 560 3434 611 et
3484 570 3643 609 coer-

1997 683 2134 723 cens
2193 680 2399 721 omnes
2455 661 2805 724 vendentes;
2885 653 3199 721 solumque
3271 642 3645 717 imperatoris

1998 757 2188 812 forum
2244 752 2447 808 venale
2507 747 2876 805 machinatus
2929 746 3038 797 est.
3084 739 3166 794 Ex
3214 751 3330 808 quo
3381 730 3647 786 maximas

1999 847 2168 899 famis
2213 847 2415 898 auctor
2465 839 2592 906 fuit,
2645 841 2701 891 et
2749 846 3003 904 quarum
3056 839 3316 897 unquam
3372 818 3649 875 memine-

1999 934 2117 988 rint
2144 930 2414 987 homines
2447 924 2884 988 crudelissimae,
2920 919 3003 973 ita
3035 922 3098 971 ut
3148 914 3283 968 inde
3333 910 3654 980 imperator

2000 1024 2455 1094 cognomentum
2514 1013 2817 1077 invenerit,
2872 1026 2905 1063 a
2959 1022 3075 1078 quo
3137 1000 3328 1073 magis
3388 1010 3568 1067 quam
3620 1009 3654 1049 a

2002 1113 2293 1181 majorum
2326 1123 2566 1164 suorum
2608 1100 2845 1158 nomine
2895 1094 3143 1169 posteris
3192 1094 3281 1146 est
3329 1084 3649 1157 cognitus:

2002 1174 2135 1256 nam
2168 1201 2217 1256 si
2248 1200 2383 1271 quis
2416 1198 2572 1251 dicat
2602 1188 2873 1257 Michael,
2907 1201 3097 1257 neque
3128 1181 3306 1237 addat
3340 1174 3652 1245 Pampina-

2000 1292 2147 1356 cius,
2182 1270 2338 1344 haud
2372 1286 2572 1343 statim
2605 1278 3000 1354 cognoscitur,
3034 1290 3100 1329 eo
3136 1270 3292 1343 quod
3323 1274 3467 1322 tunc
3516 1279 3646 1317 mo-

2003 1381 2137 1436 dius
2171 1378 2525 1434 numismate
2564 1373 2936 1435 venderetur,
2987 1363 3088 1421 sed
3142 1356 3370 1433 pinacio
3424 1352 3648 1420 minus,

2002 1470 2101 1542 qui
2137 1466 2417 1525 medimni
2447 1464 2746 1536 quadrans
2773 1461 2881 1514 est.

2077 1650 2273 1706 Primo
2331 1650 2527 1703 autem
2577 1638 2808 1713 imperii
2860 1634 3049 1708 ipsius
3109 1644 3285 1694 anno,
3332 1620 3656 1679 indictione

2009 1739 2339 1796 undecima.
2373 1711 2682 1792 Servorum
2717 1743 2883 1801 gens,
2916 1739 3064 1796 quos
3104 1718 3279 1776 etiam
3328 1711 3652 1769 Chrobatas

2010 1834 2242 1897 vocant,
2274 1827 2415 1884 exiit
2445 1828 2509 1880 ut
2537 1818 2871 1892 Bulgariam
2904 1815 2962 1869 in
2994 1809 3337 1868 servitutem
3374 1801 3520 1859 715
3567 1815 3657 1854 re-

2011 1894 2254 1975 dactura
2316 1935 2327 1972 :
2389 1911 2680 1987 quomodo
2728 1923 2886 1972 vero,
2954 1901 3131 1957 altius
3197 1897 3324 1967 ipse
3388 1894 3659 1963 repetens

2012 2008 2318 2064 enarrabo.
2350 1984 2497 2059 Nam
2530 2017 2665 2057 cum
2698 1994 2960 2052 Basilius
3005 1990 3342 2059 imperator,
3392 1997 3459 2036 eo
3507 1984 3657 2033 tem-

2014 2115 2152 2170 pore
2180 2113 2291 2168 quo
2323 2090 2657 2164 Bulgariam
2690 2082 2943 2155 subegit,
2997 2076 3175 2134 nollet
3221 2069 3441 2143 aliquid
3489 2067 3657 2121 inno-

2015 2205 2145 2243 vare
2193 2200 2393 2242 eorum
2446 2197 2573 2253 quae
2622 2176 2733 2249 ipsi
2768 2173 2982 2228 usitata
3012 2169 3201 2234 erant,
3232 2175 3431 2217 verum
3465 2155 3657 2229 praeﬁ-

2015 2278 2201 2332 nisset
2250 2280 2316 2329 ut
2373 2290 2402 2327 a
2454 2269 2578 2327 suis
2636 2260 3003 2339 principibus
3058 2256 3360 2326 regeretur
3414 2245 3657 2315 suisque

2015 2368 2277 2425 moribus
2308 2366 2566 2436 degeret,
2598 2350 3095 2430 quemadmodum
3145 2346 3283 2399 item
3334 2340 3660 2411 imperante

2013 2455 2301 2523 Samuele,
2335 2427 2434 2525 qui
2465 2451 2584 2506 dux
2613 2427 2877 2519 ipsorum
2927 2439 3152 2495 fuit.....
3196 2434 3321 2505 jam
3371 2427 3551 2500 igitur
3599 2427 3657 2478 et

2018 2548 2181 2621 prius
2211 2518 2370 2600 natio
2399 2518 2739 2612 perturbata
2768 2532 2977 2594 fuerat,
3009 2524 3165 2598 quod
3199 2537 3310 2576 non
3345 2518 3520 2573 ferret
3568 2528 3661 2568 or-

2019 2613 2411 2711 phanotrophi
2456 2627 2779 2693 avaritiam,
2833 2618 3069 2693 quando
3116 2613 3435 2670 Doleanum
3485 2617 3661 2659 suum

2020 2692 2213 2799 regem
2273 2692 2669 2782 declararunt,
2723 2692 2863 2784 quae,
2899 2705 3202 2780 sigillatim
3253 2696 3526 2770 superius
3574 2692 3666 2746 de-

2024 2784 2348 2872 monstrata
2373 2814 2530 2866 sunt.
2566 2807 2635 2862 Et
2679 2818 2836 2859 nunc
2886 2812 3117 2871 quoque
3163 2792 3234 2848 ad
3286 2784 3662 2843 rebellionem

2027 3138 2180 3243 pato.
2216 3138 2492 3240 Bulgaria:
2525 3162 2818 3236 principes
2848 3151 3192 3213 Michaelem
3244 3160 3417 3202 suum
3470 3138 3669 3212 praefe-

3439 3232 3671 3300 sibique

2023 3319 2253 3409 tradere
2285 3349 2568 3416 filium,ut
2596 3319 2792 3414 ipsum
2816 3333 3103 3407 Bulgaria;
3133 3342 3322 3397 regem
3355 3319 3673 3416 declarent,

2026 3448 2082 3499 et
2112 3460 2143 3498 a
2176 3442 2570 3496 Romanorum
2601 3429 2848 3502 imperio
2880 3431 2936 3480 et
2965 3418 3306 3479 crudelitate
3333 3427 3465 3467 eum
3489 3405 3675 3462 vindi-

2029 3494 2316 3587 cent—ille
2348 3533 2541 3582 autem
2569 3494 2822 3576 libenter
2851 3513 2998 3587 ipsis
3026 3500 3487 3576 obtemperabat,
3518 3494 3675 3587 dele-

2029 3626 2258 3692 ctisque
2290 3635 2319 3673 e
2351 3615 2475 3672 suis
2505 3608 2802 3674 trecentis,
2844 3609 2902 3661 et
2951 3618 3056 3658 suo
3103 3597 3221 3653 ﬁlio
3270 3586 3672 3655 Constantino,

2029 3676 2122 3764 cui
2157 3676 2375 3763 Bodino
2406 3716 2730 3775 cognomen
2761 3700 2904 3761 erat,
2936 3690 3191 3754 traditis,
3234 3684 3293 3739 in
3336 3676 3670 3772 Bulgariam

2030 3761 2398 3853 eumimittit.
2451 3761 2577 3847 Euxit
2623 3788 2802 3859 igitur
2849 3783 2919 3839 ad
2970 3775 3299 3835 Prisdiana,
3340 3768 3435 3824 ubi
3490 3761 3673 3821 coacti

2031 3902 2297 3959 proceres
2320 3883 2417 3956 qui
2444 3882 2503 3936 in
2524 3876 2746 3949 Scopiis
2776 3875 3220 3941 erant,quorum
3255 3859 3525 3932 princeps
3557 3854 3680 3907 erat

2032 3976 2314 4047 Georgius
2336 3970 2673 4035 Boitachus,
2698 3984 2731 4021 a
2755 3958 3104 4019 Comchanis
3126 3952 3410 4025 originem
3434 3946 3678 4009 ducens,

2032 4039 2415 4133 Bulgarorum
2445 4075 2637 4131 regem
2664 4057 2857 4126 ipsum
2885 4046 3277 4107 declararunt,
3309 4039 3539 4094 Petrum
3574 4047 3678 4104 pro

2031 4153 2416 4211 Constantino
2442 4152 2664 4204 mutato
2688 4141 2925 4198 nomine
2946 4127 3408 4194 vocantes.Quod
3440 4123 3676 4195 quidem

2031 4244 2276 4299 audiens
2307 4243 2359 4297 is
2390 4239 2489 4311 qui
2521 4234 2741 4306 Scopiis
2770 4229 2935 4285 ducis
2967 4221 3277 4295 imperium
3310 4211 3683 4271 administra-

2032 4336 2150 4403 bat,
2206 4331 2571 4402 Nicephorus
2630 4326 3014 4382 Carantenus,
3064 4329 3199 4369 cum
3250 4309 3373 4364 suis
3427 4302 3680 4359 ducibus

2031 4396 2178 4495 quos
2208 4396 2478 4485 habe-bal,
2508 4417 2579 4472 ad
2614 4412 2917 4469 Prisdiana
2964 4405 3113 4460 716
3163 4417 3225 4456 se
3272 4396 3497 4453 confert
3544 4406 3680 4446 cum

2036 4481 2358 4584 Bulgaricis
2389 4481 2594 4579 copiis.
2628 4508 2856 4558 Interea
2885 4512 3015 4552 vero
3048 4496 3189 4548 dum
3222 4488 3317 4544 hic
3349 4486 3419 4541 ad
3459 4481 3682 4538 bellum

272 4574 311 4616 ρ’
344 4574 422 4587 ’”’
1036 4574 1077 4590 ’⁸
1129 4574 1139 4587 ³
1444 4574 1452 4585 ’
1595 4574 1604 4580 ’
1726 4574 1735 4578 ’

266 4604 368 4679 υφ⁹
426 4602 585 4656 αὐτὸν
665 4600 999 4677 στρατηγοὺς
1070 4594 1404 4670 παραλαϐὼν
1463 4597 1672 4653 ἄπεισιν
1729 4598 1804 4662 εἷς
1859 4600 1909 4654 τέ

2035 4620 2096 4659 se
2143 4599 2543 4672 comparabat,
2595 4589 2932 4666 supervenit
2975 4597 3280 4642 successor
3329 4575 3519 4649 ipsius
3576 4574 3681 4627 Da-

272 4688 576 4764 Πρισδίανα
648 4692 782 4763 μετά
848 4694 955 4744 τῶν
1029 4686 1413 4765 Βουλγαρικῶν
1477 4685 1775 4762 δυνάμεων.
1840 4690 1923 4743 Ἐν

264 4779 395 4851 ὅσῳ
450 4778 505 4833 δὲ
556 4779 716 4841 οὗτος
766 4779 832 4833 τὰ
879 4780 1014 4850 πρὸς
1060 4778 1149 4832 τὸν
1196 4776 1441 4850 πόλεμον
1485 4776 1757 4852 ἑξήρτυεν,
1817 4777 1931 4831 ἐπι-

262 4864 538 4924 κατέλαϐε
597 4865 858 4943 διάδοχος
916 4867 1081 4922 αὐτοῦ
1142 4868 1412 4940 Δαμιανὸς
1463 4869 1491 4921 ὁ
1559 4866 1925 4937 Δαλασσηνός.

264 4958 527 5022 Ἐνωθεὶς
579 4959 760 5013 τοίνυν
821 4959 956 5029 μετᾶ
1018 4961 1114 5013 τοῦ
1193 4960 1580 5033 Καραντηνοῦ,
1640 4954 1825 5012 πολλά
1875 4979 1926 5012 τι

258 5050 618 5122 κιρτομήσας
678 5047 858 5115 αὐτὸν,
908 5046 996 5101 καὶ
1041 5045 1095 5110 ἐς
1142 5043 1363 5102 ἕκαστον
1419 5043 1475 5101 δὲ
1522 5051 1629 5101 τῶν
1658 5045 1750 5100 σὺν
1783 5046 1930 5120 αὐτῷ

266 5142 592 5241 ἵτρατηγῶν
655 5135 1065 5211 ἐμπαροινήσας
1125 5136 1226 5190 οὐκ
1284 5135 1446 5209 ὀλίγα
1502 5135 1591 5189 xui
1646 5136 1718 5196 ὡς
1772 5134 1928 5189 ἀνάν-

725 5226 736 5241 Ι
938 5224 952 5241 9
1031 5225 1042 5241 ς
1352 5224 1403 5241 bl
1736 5218 1865 5241 p"\

270 5224 448 5301 ὅρους
500 5226 836 5300 μυκτηρίσας
896 5224 1087 5286 αὐτοὺς
1121 5267 1134 5292 ,
1189 5224 1575 5296 συνταξάμενος
1623 5218 1929 5297 συμϐάλλει

264 5320 405 5374 τοῖς
448 5310 669 5390 Σέρϐοις
730 5314 946 5385 εὐθέως,
1006 5313 1104 5368 Καὶ
1162 5314 1363 5389 γίνεται
1400 5314 1553 5389 μάχη
1588 5315 1784 5391 φρικτὴ
1842 5315 1930 5369 xui

260 5404 464 5481 τροΚὴ
515 5409 622 5458 τῶν
684 5402 969 5476 Ῥωμαίων
1030 5400 1451 5482 φρικωδεστέρα·
1511 5402 1770 5458 πίπτουσι
1828 5405 1931 5480 γὰρ

2038 4692 2268 4747 mianus
2299 4687 2685 4751 Dalassenus;
2718 4680 2819 4753 qui
2849 4693 2981 4734 cum
3032 4690 3099 4730 eo
3148 4670 3497 4741 conjunctus
3545 4677 3681 4718 cum

2037 4781 2240 4836 multis
2262 4794 2395 4834 eum
2422 4774 2701 4833 conviciis
2732 4752 3025 4826 aﬂ‘ecisset
3044 4766 3100 4817 et
3120 4760 3279 4816 haud
3312 4752 3684 4811 mediocriter

2037 4873 2092 4927 in
2128 4874 2257 4942 ejus
2284 4869 2501 4924 milites
2534 4860 2929 4920 debacchatus
2962 4855 3188 4918 fuisset,
3228 4856 3510 4919 tanquam
3570 4842 3685 4897 im-

2041 4960 2218 5017 belles
2240 4976 2340 5015 eos
2361 4953 2927 5018 irridens,instructa
2947 4945 3068 5002 acie
3088 4958 3223 4998 cum
3254 4936 3450 4994 Servis
3481 4931 3684 4990 statim

2042 5049 2307 5122 praelium
2341 5043 2677 5102 committit.
2715 5042 2918 5110 Fitque
2946 5030 3266 5105 {horribilis
3316 5041 3531 5099 pugna,
3584 5021 3684 5077 sed

2041 5110 2227 5195 multo
2252 5132 2587 5192 horribilior
2608 5132 3007 5185 Romanorum
3029 5121 3257 5177 clades:
3281 5116 3497 5172 cadunt
3527 5110 3685 5167 enim

2042 5225 2210 5282 multi
2242 5242 2310 5279 ex
2336 5220 2614 5279 Romanis
2641 5223 2697 5273 et
2728 5214 3018 5286 Bulgaria,
3053 5216 3109 5265 et
3146 5206 3260 5261 vivi
3295 5200 3536 5278 plurimi
3585 5217 3686 5254 ca-

2042 5313 2371 5388 piuntur,in
2404 5310 2620 5383 quibus
2650 5308 2773 5378 ipse
2806 5317 3038 5377 quoque
3068 5300 3186 5354 dux
3215 5295 3537 5352 Damianus
3579 5296 3689 5347 Da-

2040 5384 2336 5470 lassenus,
2369 5405 2425 5457 et
2454 5399 2553 5471 qui
2583 5396 2887 5453 dicebatur
2915 5390 3219 5456 Probatos,
3261 5390 3317 5441 et
3366 5384 3685 5456 Longibar-

1604 5523 1846 5579 JACOBI
1887 5522 2101 5580 GOARI
2138 5522 2367 5579 NOTZE.

261 5630 301 5690 {:7
347 5622 466 5695 (35')
499 5622 735 5705 hiemum
766 5624 1249 5705 sive‘negotzzalc‘m
1300 5624 1711 5705 argentariam,~
1750 5623 1925 5705 offici-

258 5692 415 5753 nam
455 5697 799 5767 usurariam,
848 5694 919 5751 ab
977 5692 1136 5752 Italis
1176 5694 1418 5766 fundaco
1465 5692 1572 5748 ἀπὸ
1617 5695 1715 5747 τοῦ
1763 5692 1925 5767 cio-5v-

2034 5618 2151 5700 8_ou,
2183 5639 2216 5676 a
2243 5620 2437 5700 functo,
2471 5617 2526 5673 id
2557 5621 2907 5700 esthau‘mma
2933 5612 3277 5685 pecuniaria,
3311 5622 3447 5662 voce
3470 5599 3683 5658 Graecis

2037 5687 2468 5751 Jureconsultis
2500 5692 2637 5745 nota
2664 5687 2902 5744 dictam.
