4040 6196
343 367 464 429 447

1655 360 1982 425 JOANNIS
2039 360 2444 425 SCYLITZzE

3636 355 3760 417 ΗΒ

345 497 600 573 dopulus
629 501 689 556 et
713 496 809 554 alii
846 498 1180 570 frequentes
1220 512 1352 552 cum
1408 493 1573 567 ipsis.
1628 495 1806 566 Capta
1853 495 1994 549 sunt

2125 490 2307 549 πολλοὶ
2365 492 2424 549 ἔκ
2475 513 2535 549 τε
2562 489 2848 567 Ῥωμαίων
2881 488 2970 547 καὶ
3016 485 3369 566 Βουλγάρων,
3420 491 3749 564 ζωγροῦνται

344 591 483 646 item
542 588 741 644 omnia
785 593 999 653 castra,
1050 591 1106 641 et
1150 586 1350 641 omnia
1397 602 1528 657 quae
1565 584 1626 640 in
1659 584 1803 656 ipsis
1833 587 2002 639 erant

349 679 769 752 direpta.innc
811 682 1005 748 aperte
1039 675 1266 748 Bulgari
1318 676 1606 730 Rodinum
1657 690 1849 747 regem
1900 674 1999 728 de-

350 769 599 837 clarant,
654 772 720 822 ut
762 768 983 821 dictum
1040 769 1147 835 est,
1202 768 1428 819 mutato
1477 763 1716 819 nomine
1765 764 2000 818 Petrum

354 858 739 930 appellantes.
771 857 841 911 Et
869 856 926 910 in
961 855 1109 910 duas
1141 859 1337 926 partes
1368 853 1561 924 divisi,
1592 853 1691 909 alii
1725 870 1857 909 cum
1889 852 2001 908 Bo-

352 934 490 1004 dino
518 949 587 1001 ad
620 945 824 1000 Nisum
857 961 919 1000 se
948 944 1263 1001 contulere.
1317 942 1416 998 alii
1466 942 1743 998 Petrilum
1794 958 2000 1013 quem-

353 1037 511 1103 dam,
566 1036 660 1090 cui
694 1035 893 1106 primae
925 1033 1077 1103 apud
1116 1033 1398 1088 Bodinum
1432 1038 1629 1105 partes
1661 1032 2000 1088 defereban-

352 1127 469 1188 tur,
532 1121 718 1177 secuti
778 1120 1059 1174 adversus
1120 1120 1439 1185 Romanos,
1484 1119 1586 1192 qui
1635 1120 1692 1174 in
1743 1119 2003 1174 Castoris

351 1216 538 1281 erant,
567 1210 807 1283 profecti
839 1214 979 1265 sunt
1012 1226 1023 1264 :
1058 1208 1179 1265 illic
1209 1210 1363 1265 enim
1399 1228 1566 1265 muro
1620 1210 2001 1265 muniendam

358 1300 562 1355 urbem
609 1302 979 1364 curaverant,
1030 1297 1310 1354 Romanis
1356 1301 1635 1369 faventes,
1684 1304 1749 1353 ut
1779 1298 2001 1352 dictum

355 1395 464 1459 est,
496 1394 554 1445 et
584 1390 858 1445 Achridis
886 1395 1090 1462 praeter
1118 1390 1411 1445 Marianus
1441 1395 1498 1444 et
1538 1388 1818 1460 patricius
1867 1389 2003 1443 Dia-

356 1479 555 1535 boleos
585 1484 641 1534 et
667 1479 977 1551 proconsul
1014 1479 1422 1551 Theognostus
1453 1480 1713 1545 Burtzes,
1767 1482 1825 1533 et
1871 1494 2003 1533 cum

361 1569 491 1638 ipso
522 1567 799 1623 Castorize
831 1567 1527 1638 praafectus,quibuscum
1560 1568 1791 1624 Borises
1824 1567 2001 1623 David

355 1661 413 1712 et
442 1657 541 1712 alii
574 1657 764 1725 multi,
799 1658 898 1729 qui
942 1658 1107 1712 veriti
1157 1658 1565 1729 indigenarum
1618 1658 2002 1730 Bulgarorum

355 1749 550 1803 minas
580 1748 638 1803 in
663 1748 985 1803 Castoriam
1008 1754 1294 1820 tanquam
1317 1751 1388 1804 ad
1413 1749 1641 1822 asylum
1666 1750 2001 1821 confugere.

359 1847 504 1902 Cum
536 1846 717 1918 igitur
746 1846 993 1903 Petrilus
1024 1848 1096 1902 ad
1127 1848 1447 1903 Castoriam
1481 1847 1839 1920 pervenisset
1868 1862 2000 1903 cum

357 1937 775 1992 innumerabili
823 1936 1210 2010 Bulgarorum
1259 1956 1459 2006 manu,
1513 1955 1644 2011 quae
1679 1939 1749 1993 ad
1780 1938 2001 1994 bellum

357 2027 719 2097 pertinerent
751 2029 894 2082 ’117
933 2028 1332 2099 comparabat.
1366 2029 1614 2085 Romani
1644 2046 1779 2085 vero
1825 2029 2001 2083 etiam

357 2115 471 2187 ipsi
523 2115 797 2171 instructi
831 2117 1113 2172 adversus
1144 2134 1407 2189 erupere,
1440 2124 1496 2174 et
1527 2119 1747 2189 ingenti
1779 2119 2002 2191 impetu

358 2222 494 2261 cum
528 2205 673 2277 ipsis
705 2206 1001 2279 congressi
1035 2207 1288 2262 fundunt
1319 2207 1684 2279 Petrilum,et
1712 2208 1770 2265 in
1804 2210 2003 2283 fugam

354 2295 685 2365 conjectum
715 2299 932 2367 cogunt
962 2312 1063 2366 per
1093 2295 1277 2352 invios
1328 2306 1554 2352 montes
1596 2298 1666 2353 ad
1701 2316 1874 2355 suum
1911 2302 2006 2355 do-

364 2384 593 2438 minum
626 2383 969 2439 Michaelem
1006 2384 1324 2455 pervenire,
1358 2390 1413 2441 et
1443 2386 1829 2459 Bulgarorum
1873 2389 2005 2461 plu-

360 2473 546 2527 rimos
579 2472 1240 2546 occidunt,capiuntque
1272 2491 1405 2531 eum
1440 2477 1540 2549 qui
1574 2483 1705 2548 post
1725 2478 2005 2534 Petrilum

364 2562 423 2616 in
439 2560 746 2627 Cbrobatis
762 2563 1086 2618 secundum
1106 2564 1369 2620 ordinem
1386 2566 1720 2634 ducebat,et
1735 2569 1806 2622 ad
1822 2569 2006 2640 impe-

366 2654 619 2707 ratorem
654 2651 916 2706 vinctum
953 2653 1303 2723 perducunt.
1338 2655 1597 2710 Bodinus
1628 2661 1825 2712 autem
1877 2673 2007 2712 cum

366 2740 437 2793 ad
469 2740 673 2794 Nisum
710 2741 1088 2811 pervenisset,
1122 2749 1184 2795 ut
1202 2742 1329 2813 jam
1363 2744 1774 2814 imperatorem
1805 2763 1838 2800 a
1871 2746 2011 2800 Bul-

367 2828 564 2898 garica
596 2827 893 2900 provincia
926 2835 1234 2895 coerceret,
1269 2831 1466 2886 omnia
1496 2833 1665 2887 obvia
1711 2835 2009 2905 praedaba-

369 2919 485 2985 tur,
519 2932 617 2970 eos
649 2932 682 2970 a
714 2916 928 2987 quibus
964 2933 1074 2971 non
1104 2917 1467 2989 exciperetur
1523 2920 1743 2992 quique
1775 2937 2013 2977 recusa-

369 3010 498 3058 rent
522 3004 648 3074 ejus
680 3004 1238 3076 imperium,vexans
1268 3014 1324 3063 et
1354 3009 1844 3075 oﬂ‘endens.Quod
1877 3028 2011 3067 cum

370 3092 633 3149 audisset
663 3094 1002 3165 imperator,
1031 3096 1258 3151 cladem
1290 3097 1558 3153 videlicet
1587 3100 1755 3155 ducis
1785 3106 1841 3155 et
1887 3103 2015 3171 ejus

369 3182 840 3255 declarationem,
891 3186 1216 3241 Saronitem
1279 3187 1560 3243 adversus
1618 3206 1750 3245 eum
1812 3192 2012 3258 mittit,
2048 3236 2091 3303 Ο

371 3286 675 3303 __.-____“
748 3283 961 3303 μμιηη
1238 3287 1279 3303 ,γ
1361 3292 1370 3303 .
1547 3293 1557 3303 .
1624 3288 1634 3300 .

368 3286 681 3353 antequam
748 3283 970 3339 malum
1040 3287 1454 3342 accenderetur
1508 3293 1566 3343 et
1621 3288 1679 3342 in
1740 3306 2010 3360 magnam

369 3370 669 3427 ﬂammam
720 3374 1009 3441 evaderet,
1043 3375 1417 3444 exstinguere
1447 3377 1764 3442 festinans;
1796 3387 1847 3433 et
1879 3395 2012 3433 cum

371 3460 499 3530 ipso
532 3460 807 3515 idoneum
842 3478 1075 3532 quoque
1108 3464 1271 3517 misit
1298 3463 1717 3534 exercitum,ex
1750 3465 2017 3520 Macedo-

377 3549 553 3603 nibus
585 3554 642 3603 et
671 3550 949 3605 Romanis
979 3551 1333 3623 Francisque
1360 3558 1649 3609 coactum.
1680 3554 1895 3610 Verum
1922 3554 2017 3609 hic

373 3636 444 3691 ad
478 3637 821 3707 Scopiorum
858 3639 1061 3694 urbem
1096 3641 1409 3711 profectus,
1432 3642 1651 3698 nullam
1680 3661 1882 3699 eorum
1917 3644 2014 3715 qui

372 3724 497 3780 Nisi
529 3734 693 3780 erant
724 3727 1004 3782 rationem
1038 3727 1309 3784 habebat.
1368 3731 1663 3786 Profectus
1713 3732 1911 3803 igitur,
1964 3737 2022 3788 et

373 3814 619 3887 Georgio
651 3815 947 3882 Boitacbo,
989 3818 1084 3871 cui
1136 3819 1273 3872 urbs
1322 3819 1642 3875 commissa
1688 3826 1832 3890 erat,
1884 3823 2018 3876 data

377 3903 489 3959 fide
541 3904 685 3959 nihil
733 3921 865 3960 eum
908 3906 1242 3961 detrimenti
1289 3924 1628 3980 passurum,
1676 3910 2019 3982 Scopiorum

379 3994 582 4049 urbem
614 3999 931 4067 expugnat,
963 3994 1164 4066 ibique
1196 4002 1390 4052 castra
1418 3997 1592 4066 locat,
1642 4005 1698 4054 et
1747 4001 1885 4072 quid
1940 3999 2022 4056 fa-

378 4083 652 4139 ciendum
686 4084 758 4139 de
786 4083 859 4138 iis
889 4084 985 4154 qui
1018 4085 1141 4140 Nisi
1174 4091 1341 4141 erant
1371 4088 1740 4144 consultabat
1787 4107 1852 4145 ac
1902 4108 2022 4146 me-

380 4172 920 4229 ditabatur.Verum
953 4174 1289 4241 Boitacbus,
1316 4192 1488 4248 quem
1517 4179 1638 4249 jam
1673 4180 2027 4250 pamituerat

380 4267 499 4317 tam
529 4261 626 4316 diu
657 4263 876 4317 bonum
906 4262 1083 4319 fuisse
1111 4269 1167 4319 et
1217 4265 1508 4322 Romanos
1557 4275 1823 4325 secutum
1873 4287 2023 4339 esse,

383 4360 533 4415 clam
564 4359 637 4415 iis
670 4360 768 4431 qui
805 4360 934 4415 Nisi
966 4361 1255 4433 degebant
1276 4363 1556 4419 indicavit
1576 4371 1641 4421 ut
1662 4368 1733 4422 ad
1758 4385 1820 4423 se
1850 4384 2024 4440 quam

386 4448 687 4504 celerrime
738 4449 1024 4518 venirent,
1074 4456 1131 4505 et
1173 4467 1271 4506 eos
1322 4453 1420 4524 qui
1474 4455 1623 4510 718
1672 4472 1806 4512 cum
1856 4458 2024 4513 Saro-

385 4537 504 4593 nite
529 4542 698 4592 erant
720 4537 990 4610 ignavius
1020 4540 1292 4611 degentes
1324 4558 1390 4597 ac
1419 4545 1681 4616 segnius,
1731 4545 1859 4602 sine
1906 4546 2028 4602 ulla

2112 578 2168 637 δὶ
2196 582 2446 638 πλεῖστοι
2476 583 2565 638 καὶ
2616 582 2775 645 αὐτὸς
2822 584 2848 637 6
2891 578 3017 652 δοὺξ
3050 579 3322 653 Δαμιανὸς
3355 580 3381 633 6
3415 577 3760 647 Δαλασσηνὸς

2110 669 2141 726 6'
2185 692 2242 727 τε
2293 670 2588 747 λεγόμεςος
2636 667 2916 745 Προϐατᾶς
2980 670 3067 724 καὶ
3118 671 3146 724 6
3207 662 3759 743 Αογγιϐαρδόπουλος

2110 762 2195 816 καὶ
2237 758 2414 836 ἕτεροι
2475 762 2672 837 συχνοὶ
2733 759 2824 815 σὺν
2884 760 3090 821 αὐτοῖς.
3154 758 3397 835 Ἐλήφθη
3460 753 3516 811 δὲ
3573 756 3661 810 καί
3720 758 3757 825 ἡ

2110 855 2437 933 παρεμϐολὴ
2500 860 2700 926 ἁπασα,
2745 859 2834 913 καὶ
2879 862 2984 913 τῶν
3033 856 3083 912 ὶν
3129 856 3263 929 αὐτῇ
3291 856 3503 910 πάντων
3538 851 3760 909 διασχό-

2112 947 2291 1010 λευσις
2342 950 2567 1023 γίνεται.
2622 950 2894 1012 Ἐντεῦθεν
2949 945 3170 1016 ἀναίδην
3223 946 3273 1000 oi
3323 943 3628 1019 Βοῦλγαροι
3666 942 3761 998 τὸν

2112 1035 2334 1095 Βοδίνον
2395 1037 2622 1114 βασιλέα
2678 1036 3114 1113 ἀναγορεύουσιν,
3164 1036 3237 1097 ὡς
3271 1032 3504 1110 εἴρηται,
3557 1032 3759 1109 Πέτρον

2115 1126 2600 1200 μετονομάσαντες,
2661 1133 2801 1202 Διχῆ
2859 1147 2919 1181 τε
2972 1124 3322 1199 διαιρεθέντες
3373 1124 3423 1176 οἱ
3474 1122 3567 1195 μὶν
3625 1122 3765 1194 μετὰ

2109 1222 2206 1271 τοῦ
2238 1214 2467 1274 Βοδίνου
2530 1216 2605 1279 εἷς
2656 1218 2747 1271 τὸν
2808 1215 2967 1271 Νίσον
3001 1214 3264 1288 ἀπῄεσαν,
3322 1214 3373 1267 οἱ
3406 1209 3461 1266 δὲ
3493 1210 3762 1286 Ηετρίλον

2110 1306 2231 1361 τινὰ
2276 1308 2343 1361 τὰ
2394 1312 2585 1378 πρῶτα
2645 1306 2791 1381 παρὰ
2840 1310 2919 1377 τῷ
2964 1301 3176 1376 Βοδίνῳ
3224 1304 3455 1381 φεροντα
3508 1300 3762 1373 παραλα-

2113 1392 2297 1459 ϐόντες
2358 1397 2494 1450 κατὰ
2546 1400 2652 1450 τῶν
2715 1395 2767 1449 ἐν
2833 1393 3100 1469 Καστορίᾳ
3153 1390 3441 1465 Ῥωμαίων
3500 1390 3760 1445 ἀπίασιν⁹

2114 1486 2284 1543 ἆκεῖσε
2333 1488 2431 1563 γαρ
2456 1485 2875 1562 διατετειχίσθαι
2931 1488 3032 1555 τὴν
3081 1484 3242 1540 πόλιν
3276 1484 3331 1538 oi
3364 1484 3429 1538 τά
3472 1480 3763 1554 Ῥωμαίων

2114 1582 2458 1654 φρονοῦντες,
2519 1577 2594 1639 ὡς
2651 1574 2883 1650 ε’ίρηται,
2943 1574 2972 1630 6'
3023 1596 3081 1630 τε
3135 1582 3233 1643 τῆς
3264 1569 3525 1649 Ἀχρίδος
3562 1591 3767 1647 στρατ-

2113 1668 2245 1741 ηγὸς
2304 1666 2581 1742 Μαριανὸς
2619 1666 2707 1720 καὶ
2741 1667 2768 1721 6
2797 1672 2897 1733 τῆς
2928 1660 3238 1726 Διαϐόλεως
3289 1664 3317 1718 6
3348 1660 3633 1738 πατρίκιος
3664 1660 3761 1714 καὶ

2116 1755 2417 1819 ἀνθύπατος
2461 1755 2803 1831 Θεόγνωστος
2852 1755 2879 1809 6
2931 1752 3231 1827 Βούρτζης,
3264 1750 3357 1806 σὺν
3386 1751 3535 1821 αὐτῷ
3566 1747 3624 1803 δὲ
3668 1748 3765 1803 καὶ

2035 1867 2082 1932 Β
2117 1848 2144 1902 ὁ
2173 1846 2223 1901 ἐν
2281 1846 2546 1921 Καστορίᾳ
2594 1849 2933 1920 στρατηγῶν.
2974 1844 3119 1932 ,Μεθ’
3174 1843 3250 1932 ibi:
3306 1842 3395 1932 καὶ
3454 1838 3765 1932 οΒορίσῖες

2114 1932 2278 1991 Δαϐἳδ
2325 1936 2415 1990 καὶ
2466 1933 2627 1990 ἄλλοι
2660 1933 2885 2002 πολλοὶ,
2920 1931 3117 1996 οἵτινες
3171 1928 3406 1993 δεδιότες
3432 1930 3531 1998 τὴν
3563 1926 3621 1982 ἐκ
3648 1931 3763 1981 τῶν

2115 2025 2374 2100 ίϐαγενῶν
2435 2022 2765 2099 Βουλγάρων
2824 2021 3056 2090 ἀπειλὴν
3110 2021 3185 2084 ὡς
3241 2019 3317 2082 εἷς
3377 2017 3762 2095 κρησφύγετον

2110 2118 2209 2184 τὴν
2244 2114 2541 2188 Καστορίαν
2589 2114 2900 2191 συνέφυγον.
2950 2104 3280 2165 Καταλαϐὼν
3341 2109 3431 2162 οὗν
3486 2108 3514 2163 6
3572 2103 3769 2179 Πετρί-

2116 2206 2215 2267 λος
2269 2205 2368 2273 τήν
2414 2204 2716 2275 Καστορίαν
2761 2201 2893 2274 μετὰ
2931 2198 3183 2271 πλήθους
3244 2196 3564 2274 Βουλγάρων
3616 2195 3766 2266 ἀμυ-

2117 2298 2285 2365 θήτου
2342 2294 2409 2348 τὰ
2454 2293 2590 2369 πρὸς
2621 2293 2714 2347 τὸν
2762 2290 3007 2364 πόλεμον
3062 2292 3143 2362 [Ρ.
3172 2289 3297 2361 852]
3328 2287 3765 2353 συνεσκευάζετο.

2116 2394 2183 2451 Οἱ
2242 2390 2300 2447 δὲ
2355 2393 2617 2465 Ῥωμαῖοι
2675 2391 2762 2445 καὶ
2817 2390 2867 2443 οἱ
2927 2387 3310 2461 συνταξάμενοι
3360 2382 3585 2458 ὶξῇλθον
3643 2382 3771 2436 κατ’

2118 2484 2319 2548 αὐτῶν,
2369 2480 2457 2536 καὶ
2494 2481 2629 2554 μετά
2660 2478 2840 2557 ῥύμης
2896 2475 3129 2557 σφοδρᾶς
3159 2470 3528 2548 συμϐαλόντες
3576 2472 3769 2535 αὐτοῖς

2115 2574 2370 2647 τρέπουσι
2428 2571 2520 2625 τὸν
2582 2568 2878 2645 Πετρίλον,
2928 2567 3018 2622 καὶ
3065 2571 3248 2644 φυγεῖν
3308 2562 3771 2638 καταναγκάζουσι

2120 2660 2189 2717 δι’
2271 2662 2439 2733 ὁρὲων
2516 2654 2728 2713 ἀϐάτων
2810 2658 2945 2731 πρὸς
3020 2656 3114 2711 τὸν
3173 2656 3366 2709 ἑαυτοῦ
3430 2650 3615 2725 κόριον
3670 2651 3771 2705 τὸν

2120 2749 2414 2826 Μιχαηλᾶν
2472 2748 2821 2825 ἀφικόμενον.
2882 2746 3161 2803 Κτείννιυσι
3193 2741 3250 2799 δὲ
3306 2742 3396 2797 καὶ
3448 2746 3556 2796 τῶν
3585 2739 3771 2797 Βουλ-

2120 2841 2301 2916 γάρων
2352 2838 2617 2900 πολλούς·
2651 2838 2863 2911 αἱροῦσι
2912 2834 2967 2891 δὲ
2995 2834 3084 2890 καὶ
3126 2835 3219 2889 τὸν
3274 2832 3405 2906 μετᾶ
3458 2831 3551 2885 τὸν
3580 2826 3777 2904 Πετρί-

2123 2930 2218 2986 λον
2252 2929 2302 2984 ἐν
2334 2923 2640 3004 Χροϐάτοις
2686 2924 3037 3001 τεταγμένον,
3083 2923 3173 2978 καὶ
3220 2923 3355 2996 πρὸς
3394 2921 3484 2975 τὸν
3539 2916 3775 2995 βασιλέα

2125 3018 2408 3093 δεσμώτην
2498 3018 2818 3091 ἀπάγουσιν.
2895 3015 2956 3071 Ὀ
3042 3010 3099 3068 δὲ
3179 3009 3397 3073 Βοδίνος
3454 3009 3545 3065 τὸν
3606 3007 3772 3062 Νίσον

2123 3103 2444 3166 καταλαϐὼν
2504 3107 2576 3167 ὡς
2611 3102 2718 3175 ἤδη
2770 3101 3025 3179 βασιλεὺς
3051 3107 3158 3158 τῶν
3210 3102 3594 3174 Βουλγαρικῶν
3628 3117 3773 3171 πρα-

2126 3202 2348 3276 γμάτων
2408 3194 2707 3270 ἀντείχετο,
2767 3199 2869 3247 πᾶν
2930 3194 2991 3247 τὸ
3044 3190 3355 3267 προστυχὸν
3413 3186 3779 3258 ληϊζόμενος,

2128 3273 2216 3343 καὶ
2271 3287 2399 3347 τοὺς
2461 3285 2536 3357 μὴ
2596 3282 2927 3358 δεχομένους
2988 3277 3128 3355 μηδὲ
3182 3276 3586 3349 δουλουμένους
3624 3273 3779 3345 αὐτῷ

2123 3378 2386 3453 κεραΐζων
2430 3374 2519 3429 καὶ
2551 3371 2976 3446 λυμαινόμενος.
3025 3375 3195 3445 ’Όπερ
3245 3366 3496 3437 ἀκηκοὼς
3549 3366 3577 3419 6
3625 3364 3782 3439 βασι-

2128 3465 2276 3536 λεὺς,
2307 3467 2407 3534 τήν
2438 3484 2494 3518 τε
2531 3466 2628 3517 τοῦ
2673 3459 2867 3522 δουκὸς
2892 3460 3054 3528 ἧτταν
3090 3454 3303 3529 δηλαδὴ
3336 3457 3425 3510 καὶ
3464 3456 3564 3523 τὴν
3606 3453 3781 3507 αὐτοῦ

2129 3554 2495 3630 ἀναγόρευσιν,
2587 3552 2678 3606 τὸν
2764 3549 3073 3625 Σαρωνίτην
3158 3546 3273 3601 κατ’
3358 3544 3522 3599 αὐτοῦ
3608 3540 3782 3614 ἐξαπ-

2131 3641 2382 3713 έστειλε,
2450 3640 2575 3715 πρίν
2633 3639 2831 3714 ἐξαφθῇ
2898 3640 2960 3693 τὸ
3017 3637 3179 3691 κακὸν
3236 3634 3323 3690 καὶ
3381 3633 3459 3695 εἲς
3526 3629 3778 3705 μεγάλην

2133 3732 2325 3807 ἐξαρθῇ
2390 3731 2568 3808 φλόγα
2603 3773 2616 3795 ,
2673 3723 2995 3783 κατασϐέσαι
3069 3730 3230 3781 τοῦτο
3298 3722 3781 3795 κατεπειγόμενος.

2137 3826 2582 3900 Συνεξαπὲστειλε
2635 3825 2693 3882 δὲ
2767 3826 2913 3899 αὖτῷ
2977 3826 3063 3880 καὶ
3126 3825 3429 3900 στράτευμα
3488 3818 3781 3894 ἀξιόλογον

2136 3919 2480 3995 συγκείμενον
2555 3916 2613 3972 ἔκ
2670 3938 2727 3971 τε
2796 3914 3119 3971 Μακεδόνων
3190 3914 3279 3968 καὶ
3346 3910 3632 3984 Ῥωμαίων
3688 3908 3787 3961 καὶ

2135 4009 2423 4083 Φράγγων.
2486 4003 2641 4063 Ἀλλ’
2696 4003 2854 4065 οὗτος
2914 4004 3007 4077 μὲν
3049 4003 3183 4079 πρὸς
3224 4003 3323 4071 τήν
3380 4004 3487 4055 τῶν
3522 3997 3787 4083 Σκοπίων

2133 4082 2423 4165 πόλιν-τήν
2459 4097 2635 4171 ὁρμὴν
2661 4094 2988 4167 ποιούμενος
3048 4097 3155 4148 τῶν
3207 4091 3259 4146 ὲν
3318 4094 3398 4162 τῷ
3442 4088 3587 4159 Νίσῳ
3634 4082 3791 4141 οὐδε-

2139 4188 2260 4261 μίαν
2292 4182 2551 4264 φροντίδα
2608 4183 2833 4238 ἐτίθετο.
2887 4182 3334 4257 Παραγενόμενος
3388 4176 3501 4245 οὖν,
3556 4175 3648 4264 καὶ
3706 4178 3793 4245 τῷ

2135 4263 2506 4348 πιστευομένῳ
2576 4271 2776 4342 ταύτην
2840 4268 3100 4346 Γεωργίῳ
3156 4273 3235 4340 τῷ
3294 4266 3552 4340 Βοϊτάχῳ
3610 4263 3789 4335 λόγον

2140 4363 2391 4427 δεδωκὼς
2419 4364 2493 4426 ὡς
2523 4361 2674 4417 οὐδὲν
2732 4360 2969 4439 φλαῦρον
3028 4360 3410 4428 ὑποστήσεται,
3457 4356 3554 4422 τὴν
3613 4350 3790 4407 πόλιν

2136 4460 2242 4510 τῶν
2305 4451 2556 4508 Σκοπίων
2618 4438 2795 4525 αἱρεῖ,
2848 4448 2944 4503 κάν
2993 4448 3161 4523 ταότῃ
3215 4446 3314 4514 τὴν
3368 4438 3794 4519 στρατοπεδείαν

2141 4546 2406 4618 πήγνυσι,
2483 4539 2572 4594 καὶ
2624 4537 2748 4615 περί
2820 4543 2925 4593 τῶν
2985 4536 3038 4593 ἐν
3079 4542 3155 4608 τῷ
3210 4536 3363 4607 Νίσῳ
3404 4532 3466 4587 τὸ
3526 4531 3797 4600 ποιητίον

386 4626 762 4682 ηιὶεεηιιίοηα
794 4627 1109 4683 crudeliter
1139 4646 1342 4687 omnes
1391 4634 1463 4687 ad
1514 4651 1698 4690 unum
1752 4636 2014 4693 interfice

2138 4607 2352 4689 ἐσκόπει
2395 4607 2485 4685 καὶ
2534 4607 2783 4702 ἐμελέτα.
2819 4625 2974 4684 Ἀλλ’
2999 4627 3027 4680 6
3078 4607 3344 4699 Βοϊτάχος
3382 4616 3796 4695 μεταμεληθεῖς

385 4720 533 4770 rent.
592 4716 720 4785 Qui,
771 4722 1008 4788 accepto
1052 4720 1279 4789 nuntio,
1341 4723 1579 4793 profecti
1628 4723 1765 4781 Niso
1823 4726 2032 4799 Scopia

387 4806 677 4876 petebant,
711 4812 982 4878 cooperta
1013 4812 1166 4865 terra
1191 4809 1321 4865 nive
1372 4829 1386 4867 :
1440 4812 1625 4868 hiems
1677 4814 1831 4869 enim
1883 4820 2030 4887 erat,

393 4902 690 4958 Decembri
741 4920 962 4961 mense.
1017 4909 1179 4972 Quod
1235 4925 1366 4965 cum
1400 4911 1831 4981 persensissent
1862 4913 1898 4969 ii
1933 4914 2031 4984 qui

389 5008 523 5046 cum
574 4992 840 5049 Saronite
889 5000 1074 5063 erant,
1121 4998 1404 5054 adversus
1451 5000 1612 5072 ipsos
1657 5019 1788 5057 cum
1841 5003 2031 5058 omni-

392 5083 500 5136 bus
558 5082 741 5153 copiis
797 5083 1159 5156 irrumpunt,
1210 5091 1264 5141 et
1322 5087 1379 5142 in
1442 5089 1649 5146 itinere
1706 5091 2031 5163 deprehen-

392 5187 487 5225 sos
537 5171 609 5226 ad
659 5174 973 5243 quemdam
1028 5173 1223 5231 locum
1272 5178 1507 5233 nomine
1556 5180 1865 5247 Taunium,
1918 5180 2034 5235 fere

392 5276 599 5316 omnes
631 5261 1010 5318 interficiunt.
1043 5265 1283 5336 Capitur
1306 5268 1480 5322 etiam
1517 5268 1794 5324 Bodinus.
1823 5270 2031 5340 Longi-

393 5350 754 5421 bardopulus
782 5368 934 5421 vero,
964 5358 1027 5406 ut
1056 5354 1278 5409 dictum
1310 5357 1498 5423 est,ad
1533 5357 1871 5414 Michaelem
1907 5375 2024 5430 per-

395 5439 629 5508 ductus,
663 5439 796 5493 data
827 5447 1183 5513 acceptaque
1218 5443 1353 5511 fide,
1385 5446 1512 5515 ejus
1564 5446 1745 5502 filiam
1796 5465 2033 5503 uxorem

394 5526 577 5581 ducit.
611 5526 794 5598 Eique
826 5528 1031 5600 ingens
1065 5532 1454 5588 committitur
1481 5534 1788 5602 exercitus,
1823 5553 1851 5591 e
1887 5537 2035 5593 Lon-

396 5612 660 5684 gibardis
687 5618 745 5669 et
772 5615 960 5670 Servis
991 5617 1303 5687 conﬂatus;
1337 5636 1588 5691 quocum
1634 5624 1705 5679 ad
1756 5625 2035 5683 auxilium

396 5701 601 5757 Bodini
636 5703 855 5759 missus
885 5722 1092 5763 rursus
1120 5707 1398 5767 Romanis
1426 5716 2038 5786 repugnat.Saronites

2140 4724 2223 4779 δτι
2296 4718 2362 4788 δὴ
2438 4722 2621 4779 ποσῶς
2696 4716 2891 4793 ἀγαθὸς
2971 4716 3157 4791 γέγονε
3235 4711 3441 4766 καὶτὰ
3491 4710 3800 4779 Ῥωμαίων

2141 4810 2424 4889 ἐφρόνησε,
2475 4805 2745 4881 λαθραίως
2812 4810 2928 4865 τοῖς
2980 4802 3030 4858 ἰν
3093 4807 3171 4874 τῷ
3222 4801 3372 4871 Νίσῳ
3403 4795 3633 4889 ,ἐδήλου
3690 4795 3801 4889 dp:

2144 4883 2402 4955 ικνεῖσθαι
2457 4896 2550 4969 μὶν
2600 4895 2651 4949 ὲν
2699 4895 2857 4969 τάχει
2901 4893 3035 4967 πρὸς
3090 4890 3270 4957 αὑτὸν,
3329 4888 3419 4943 καὶ
3473 4885 3602 4947 τοὺς
3664 4883 3801 4956 περὶ

2139 4990 2230 5045 τὸν
2285 4985 2593 5063 Σαρωνίτην
2676 4983 3040 5058 ῥᾳθυμότερον
3103 4977 3384 5053 διάγοντας
3452 4975 3542 5030 καὶ
3594 4973 3804 5063 ἀμελὲς

2143 5097 2327 5151 στερον
2369 5060 2653 5134 ⁷ἀνοίκτως
2710 5072 2796 5126 καὶ
2854 5071 3022 5142 ὠμῶς
3074 5063 3281 5138 ἡϐηδὸν
3345 5063 3675 5140 ἀποσφάξαι.
3736 5060 3807 5117 Οἳ

2145 5164 2212 5235 δὴ
2245 5165 2340 5234 τὴν
2394 5159 2653 5239 ἀγγελίαν
2712 5157 3011 5233 δεξάμενοι,
3071 5156 3295 5233 ἄρανοες
3339 5153 3399 5209 ἐκ
3445 5156 3545 5208 τοῦ
3601 5151 3808 5218 Νίσου,

2145 5264 2283 5340 πρὸς
2338 5262 2404 5316 τὰ
2463 5260 2674 5315 Σκόπια
2725 5256 2896 5325 ’ίεντο,
2955 5255 3104 5333 χιόνι
3163 5250 3581 5326 κεχαλυμμένης
3626 5247 3811 5320 οὔσης

2143 5336 2243 5421 τῆς
2302 5358 2439 5427 γῆς*
2517 5349 2728 5424 χειμὼν
2798 5348 2901 5422 γὰρ
2958 5347 3063 5416 ἧν,
3120 5336 3451 5418 Δεκεμϐριου
3499 5339 3809 5411 ἱσταμένου

2149 5442 2340 5516 μηνός.
2404 5441 2812 5509 Συναισθήσεως
2873 5435 2929 5492 δὲ
2986 5440 3105 5497 τοῖς
3153 5434 3274 5507 περῖ
3332 5432 3421 5486 τὸν
3480 5429 3813 5503 Σαρωνίτην

2143 5531 2442 5607 γενομένης
2492 5525 2648 5599 ἔξεισι
2689 5528 2805 5581 κατ’
2864 5525 3039 5580 αὐτῶν
3082 5520 3432 5596 παμπληθεῖ,
3488 5518 3579 5575 καὶ
3631 5538 3817 5572 κατα-

2142 5615 2328 5677 λαϐὼν
2387 5618 2581 5679 αὐτοὺς
2628 5617 2763 5672 κατὰ
2811 5616 2908 5684 τὴν
2938 5612 3063 5670 ὁδὸν
3109 5610 3162 5667 ἓν
3194 5632 3303 5666 τινι
3330 5611 3485 5684 τόπῳ
3514 5607 3817 5684 λεγομὲνω

2145 5708 2381 5782 Ταωνίῳ
2430 5710 2639 5787 ἀναιρεῖ
2680 5706 2875 5789 σχεδὸν
2928 5702 3059 5766 τοὺς
3107 5701 3459 5775 σύμπαντας·
3520 5696 3824 5755 ἁλίσκεται
