4008 6206
185 348 301 406 449

1706 338 2096 401 HISTORIA.

3481 362 3601 422 450

184 475 239 531 δὲ
295 477 389 530 καὶ
449 478 479 530 ὁ
541 472 787 537 Βοδίνος.
846 476 908 532 Ὀ
966 472 1023 530 δὲ
1095 470 1655 552 Λογγιϐαρδόπουλος
1692 517 1705 541 ,
1766 471 1839 533 ὡς

1966 476 2149 525 autem
2184 472 2471 526 Bodinum
2522 473 2683 530 misit
2730 474 3064 548 imperatori
3114 482 3395 545 vinctum.
3432 491 3601 550 Rele-

182 566 421 642 εἴρηται,
453 566 637 642 ἀρθεὶς
684 565 820 641 πρὸς
866 566 955 620 τὸν
1001 564 1295 641 Μιχαηλᾶν
1341 565 1429 620 καὶ
1485 564 1653 640 λόγον
1713 560 1837 623 δοὺς

180 656 269 711 καὶ
320 650 534 726 λαϐὼν,
598 654 876 729 ζεύγνυται
927 658 994 729 τῇ
1040 654 1239 709 τούτου
1294 654 1516 730 θυγατρὶ
1565 654 1653 709 καὶ
1708 651 1838 707 λαὸν

180 746 262 800 ὅτι
356 743 613 800 πλεῖστον
699 743 1005 798 πιστεύεται
1088 743 1195 799 ἀπὸ
1280 738 1672 819 Λογγιϐἀρδων
1750 740 1842 795 καὶ

184 829 409 910 Σὲρϐων
444 832 821 907 συγκείμενον,
881 834 997 904 μεθ’
1048 833 1109 887 οὗ
1140 832 1228 887 καὶ
1268 834 1404 908 πρὸς
1439 834 1691 907 βοήθειαν
1747 832 1843 883 τοῦ

182 921 419 981 Βοδίνου
490 919 817 985 ἀποσταλείς
871 919 1021 985 αὖθις
1078 926 1194 983 τοῖς
1251 922 1547 994 Ῥωμαίοις
1601 919 1842 974 ἀποκαθ-

184 1013 421 1068 ίσταται.
481 1012 550 1069 Ὀ
612 1008 668 1065 δὲ
724 1010 1041 1085 Σαρωνίτης
1092 1012 1186 1066 τὸν
1237 1007 1464 1067 Ιὶοδίνον
1506 1004 1845 1079 ἐξαπέστειλε

179 1103 317 1176 πρὸς
380 1100 475 1155 τὸν
538 1099 767 1176 βασιλέα
823 1097 1067 1173 δέσμιον.
1130 1100 1500 1174 ΙΙεριορισθεῖς
1559 1096 1617 1153 δὶ
1674 1095 1724 1151 ἐν
1775 1098 1843 1169 τῇ

186 1194 281 1245 τοῦ
341 1189 541 1263 Ἀγίου
597 1190 827 1263 Σεργίου
885 1193 1048 1261 μονῇ,
1107 1189 1243 1262 μετᾶ
1293 1186 1472 1264 βραχὺ
1522 1185 1845 1263 παραδοθεὶς

180 1284 259 1349 τῷ
316 1282 607 1350 Κομνηνῷ
658 1277 909 1350 Ἰσαακίῳ
976 1276 1083 1349 ἤδη
1135 1273 1574 1354 προϐεϐλημὲνῳ
1626 1280 1847 1332 -Αντιο-

180 1370 308 1442 χεία
370 1364 530 1420 δουκὶ
586 1366 813 1441 ἀπήχθη
868 1365 945 1428 εἷς
980 1366 1338 1442 Ἀντιόχειαν.
1388 1369 1560 1439 ’Ὀπερ
1617 1363 1849 1428 ἀκούσας

184 1458 211 1510 6
242 1456 449 1510 τούτου
482 1458 662 1526 πατὴρ
705 1456 733 1510 ὁ
782 1452 1104 1531 Μιχαηλᾶς.
1154 1457 1239 1531 [Ρ.
1271 1457 1395 1529 853]
1431 1455 1845 1528 μισθωσάμενος

188 1546 512 1607 Βενετίκους
536 1545 689 1606 τινας
747 1544 1039 1619 βαλαντίου
1071 1543 1263 1620 ἀδροῦ,
1315 1548 1397 1606 οἷς
1443 1543 1601 1618 ἔργον
1648 1542 1845 1606 θαλατ·

184 1640 472 1709 τοπορεῖν,
520 1632 795 1708 ἀπέκλεψε
840 1638 1032 1689 τοῦτον
1078 1632 1277 1689 ἐκεῖθεν
1326 1634 1414 1688 καὶ
1451 1637 1520 1707 τῇ
1563 1630 1673 1703 ἰδίᾳ
1698 1631 1847 1707 ἀρχῇ

184 1723 629 1794 ἀποκατέστησεν
657 1740 670 1753 ·
730 1724 789 1784 ὃς
845 1723 935 1777 καὶ
998 1724 1133 1795 μετὰ
1197 1723 1417 1787 θάνατον
1498 1726 1593 1777 τοῦ
1648 1721 1851 1795 πατρὸς

182 1816 280 1882 τήν
310 1813 501 1889 ἀρχὴν
550 1814 647 1867 κάν
697 1818 814 1876 τοῖς
864 1812 1156 1889 ἡμετέροις
1204 1812 1426 1888 χρόνοις
1478 1809 1748 1882 διήνυσεν.
1789 1810 1848 1865 Ὁ

187 1900 241 1957 δὲ
275 1904 558 1977 Βυϊταχος
614 1901 852 1966 ἐτασθεὶς
909 1901 1157 1980 σφοδρῶς
1217 1901 1266 1955 ἐν
1327 1906 1406 1972 τῷ
1451 1901 1663 1955 ἀπιέναι
1714 1898 1849 1972 πρὸς

190 1994 279 2047 τὸν
349 1990 581 2067 βασιλέα
636 1991 906 2061 τελευτᾷ,
970 1992 1045 2064 μή
1102 1991 1385 2064 ἐξαρκέσας
1450 1995 1570 2051 ταῖς
1630 1988 1689 2044 ὲκ
1742 1992 1849 2042 τῶν

193 2081 431 2155 πληγῶν
469 2078 706 2145 ὀδύναις.
738 2078 805 2138 Οἳ
858 2102 920 2155 γε
972 2082 1079 2153 μὴν
1133 2079 1435 2153 ’Δλαμάνοι
1479 2079 1567 2134 καὶ
1602 2078 1849 2153 Φράγγοι

189 2172 349 2244 (γένη
409 2168 471 2225 δὲ
516 2169 667 2225 οὗτοι
724 2167 935 2244 δυτικὰ)
992 2169 1129 2225 κατὰ
1183 2176 1283 2239 τῆς
1324 2170 1515 2245 χώρας
1573 2168 1853 2245 ἀφεθέντες

185 2265 511 2334 καθαιροῦσι
577 2262 671 2333 μὶν
717 2262 785 2315 τὰ
840 2259 893 2314 ἐν
950 2263 1017 2333 τῇ
1077 2261 1299 2334 Πρέσπᾳ
1352 2263 1460 2313 τῶν
1518 2256 1849 2331 Βουλγάρων

193 2348 653 2422 ὑπολελειμμινα
729 2346 1023 2424 βασίλεια,
1101 2347 1425 2404 σκυλεύουσι
1492 2344 1549 2402 δὲ
1614 2346 1702 2401 καὶ
1758 2347 1850 2401 τὸν

193 2439 364 2493 ἰκεῖσε
416 2439 548 2493 ναὸν
582 2480 596 2505 ,
664 2439 723 2500 ὃς
781 2436 864 2492 ἐπ’
922 2437 1145 2510 ὀνόματι
1197 2442 1294 2492 τοῦ
1342 2436 1496 2512 ἁγίου
1555 2433 1851 2511 Ἀχιλλίου

190 2526 431 2601 ἵδρυται,
489 2524 721 2599 μηδενὸς
775 2531 882 2581 τῶν
940 2525 991 2581 ἐν
1054 2527 1242 2597 ἐκείνῳ
1299 2526 1611 2604 φεισάμενοι
1672 2526 1851 2598 ἱερῶν,

197 2619 265 2671 ὧν
344 2618 472 2671 τινα
540 2616 635 2688 μὶν
695 2614 845 2680 αὖθις
915 2617 1258 2686 ἀνεσώθησαν
1292 2660 1303 2682 ,
1362 2616 1428 2669 τὰ
1485 2613 1541 2669 δὲ
1600 2614 1769 2670 λοιπὰ
1825 2616 1851 2668 ὁ

201 2709 427 2781 στρατὸς
489 2703 906 2778 διανειμάμενος
956 2705 1033 2767 εἷς
1088 2707 1286 2781 χρῆσιν
1342 2703 1478 2759 ἰδίαν
1533 2703 1851 2776 μετεσκεύα-

200 2818 312 2852 σαν.
392 2797 489 2857 Ti:
567 2795 658 2849 οὗν
735 2800 841 2848 τῶν
921 2799 1265 2869 στρατιωτῶν
1322 2801 1422 2864 τῆς
1483 2791 1855 2863 Μακεδονικῆς

205 2886 495 2962 σαλαγγος
558 2880 656 2953 ὤν,
718 2883 1037 2955 ἀξιούμενος
1093 2880 1389 2939 ἀποδοῦναι
1447 2883 1579 2958 ὅπερ
1638 2881 1853 2961 εἰλήφει

202 2976 371 3047 ἱερὸν,
423 2974 542 3029 ἐπεὶ
605 2974 682 3045 μὴ
740 2972 983 3043 ἐπείσθη,
1045 2974 1401 3049 ἆνθρακιάσας
1459 2977 1587 3034 τοὺς
1646 2968 1854 3045 ὤμους,

202 3064 450 3133 τελευτᾷ,
495 3065 595 3129 τῆς
644 3059 800 3129 δίκης
855 3062 930 3133 μὴ
979 3062 1362 3137 ἀνασχομένης
1412 3062 1486 3123 ὡς
1532 3057 1672 3131 ἔθος,
1712 3060 1857 3117 ἀλλᾶ

205 3151 581 3225 μετελθούσης
637 3149 795 3205 αὐτὸν
855 3149 932 3211 εἰς
1001 3147 1303 3224 ὑπόδειγμα
1359 3156 1475 3212 τοῖς
1555 3150 1850 3225 ὀψιγόνοις.

1950 568 2122 634 gntus
2143 566 2376 616 Sautem
2414 562 2471 618 in
2505 564 2691 619 sancti
2722 565 2907 639 Sergii
2957 575 3379 633 monasterium
3429 584 3601 651 paulo

1953 656 2084 721 post
2113 651 2333 706 Isaacio
2364 655 2656 710 Comneno
2688 656 2939 712 traditur
2960 659 3088 730 jam
3118 664 3437 723 Antiochiae
3468 671 3599 728 duci

1953 739 2267 797 declarato.
2304 742 2373 797 Et
2402 743 2718 813 perductus
2768 751 2854 801 est
2908 748 2965 803 in
3015 751 3599 825 Antiochiam.Quod

1953 845 2086 885 cum
2120 830 2385 886 audisset
2432 831 2622 903 ipsius
2654 834 2823 889 Pater
2851 835 3117 907 Michael,
3151 843 3336 912 pretio
3380 847 3605 919 ingenti

1954 919 2259 974 conductis
2307 919 2543 975 Venetis
2591 924 2969 993 quibusdam,
3003 944 3253 999 quorum
3288 951 3437 1006 opus
3482 944 3609 994 erat

1955 1024 2059 1079 per
2090 1025 2247 1063 mare
2279 1009 2571 1080 navigare,
2605 1025 2739 1066 eum
2792 1012 2927 1069 inde
2959 1016 3185 1075 furatus
3216 1022 3274 1076 in
3307 1026 3605 1097 propriam

1956 1097 2203 1187 patriam
2256 1098 2503 1164 reduxit,
2536 1100 2708 1170 eique
2755 1102 3017 1159 restituit
3053 1106 3386 1180 imperium.
3418 1118 3608 1187 Atque

1956 1186 2051 1241 hic
2092 1192 2222 1257 post
2274 1188 2452 1257 patris
2500 1188 2725 1245 obitum
2776 1198 3093 1266 nostraque
3142 1203 3489 1271 tempestate
3514 1186 3608 1261 ire-

1956 1276 2174 1348 gnavit.
2218 1276 2533 1333 Boitachus
2581 1283 2776 1334 autem
2808 1282 3180 1342 vehementer
3218 1294 3431 1359 tortus,
3465 1295 3607 1350 dum

1957 1364 2172 1419 rediret
2220 1365 2288 1420 ad
2341 1366 2771 1437 imperatorem,
2805 1386 2917 1425 non
2968 1374 3269 1433 sustinens
3299 1382 3607 1438 verberum

1957 1453 2254 1509 cruciatus
2322 1455 2592 1510 moritur.
2654 1456 2961 1514 Alamanni
3031 1467 3226 1520 tamen
3283 1473 3340 1523 et
3404 1470 3611 1529 Franci

1957 1547 2121 1612 (sunt
2169 1542 2255 1597 his
2309 1546 2575 1599 nationes
2616 1545 2967 1621 Occidentis)
3001 1568 3103 1622 per
3151 1557 3447 1628 regionem
3496 1561 3611 1617 im-

1960 1631 2127 1686 missi
2172 1630 2434 1687 relictam
2485 1632 2872 1705 Bulgarorum
2923 1640 3143 1711 regiam
3178 1644 3235 1699 in
3273 1645 3486 1718 Preepa
3514 1648 3614 1705 de-

1959 1722 2218 1785 struunt,
2270 1718 2681 1793 templumque
2737 1722 2857 1778 illic
2909 1733 3113 1785 sancto
3159 1730 3411 1790 Achillio
3442 1752 3614 1793 cons-

1960 1811 2218 1861 tructum
2255 1808 2403 1862 719
2437 1824 2501 1862 ac
2546 1809 2879 1866 dedicatum
2912 1816 3263 1891 exspoliant,
3297 1838 3330 1874 a
3365 1822 3525 1879 nulla
3554 1841 3617 1881 re

1967 1911 2132 1950 eacra
2162 1895 2527 1951 abstinentes
2575 1914 2776 1953 earum
2832 1916 2959 1970 quae
3012 1904 3090 1959 ibi
3139 1914 3331 1979 erant;
3368 1927 3438 1965 ex
3485 1912 3616 1982 qui-

1962 1985 2072 2039 bus
2114 1986 2381 2056 quaadam
2432 2002 2639 2042 rursus
2687 1995 2916 2046 servata
2960 1999 3122 2060 sunt,
3155 1997 3378 2069 reliqua
3429 2002 3618 2060 divisa

1961 2075 2252 2130 exercitus
2290 2074 2350 2129 in
2384 2078 2652 2147 pr0prios
2686 2095 2831 2134 usus
2880 2084 3183 2141 convertit.
3210 2090 3457 2152 Quidam
3508 2092 3619 2165 igi-

1962 2168 2058 2218 tur
2088 2181 2157 2219 ex
2189 2164 2479 2220 militibus
2508 2168 2888 2223 Macedonicas
2921 2170 3253 2247 phalangis,
3281 2194 3414 2235 cum
3448 2181 3520 2237 ab
3540 2164 3617 2239 eo

1963 2258 2323 2323 repeteretur
2366 2270 2534 2308 sacra
2581 2271 2696 2319 res,
2728 2272 2919 2328 neque
2965 2261 3181 2318 adduci
3232 2274 3433 2335 posset
3464 2275 3529 2324 ut
3559 2270 3616 2325 id

1963 2342 2198 2410 faceret,
2232 2340 2497 2396 humeris
2554 2344 2832 2399 anthrace
2891 2347 3152 2419 depastis
3211 2354 3616 2427 obit,justitia

1962 2430 2117 2484 haud
2170 2430 2492 2493 ditl‘erentc,
2528 2436 2589 2485 ut
2637 2447 2765 2487 mos
2814 2440 2921 2502 est,
2974 2439 3357 2510 supplicium,
3391 2447 3492 2500 sed
3542 2447 3615 2501 ad

1962 2517 2292 2589 exemplum
2328 2526 2695 2589 posterorum
2731 2520 2924 2592 ipsum
2953 2528 3250 2595 puniente.
3279 2532 3339 2585 In
3371 2535 3615 2590 urbibus

1963 2612 2161 2662 autem
2206 2608 2541 2674 maritimis,
2595 2608 2873 2680 neglectis
2933 2614 3223 2672 militibus
3281 2625 3479 2690 utpote
3510 2624 3611 2694 qui

1964 2697 2112 2752 nihil
2177 2697 2507 2768 acciperent
2562 2714 2631 2752 ex
2690 2700 2903 2770 praeda,
2962 2703 3217 2761 mittitur
3270 2708 3613 2768 bestarches

1962 2787 2191 2856 Nestor,
2225 2788 2325 2859 qui
2375 2788 2565 2843 fuerat
2611 2804 2815 2844 servus
2842 2793 3027 2862 patris
3072 2795 3465 2869 imperatoris,
3498 2804 3617 2859 dux

1965 2893 2164 2931 eorum
2199 2876 2552 2947 populorum
2601 2878 2699 2949 qui
2753 2883 3081 2939 secundum
3134 2887 3348 2944 Istrum
3398 2892 3622 2962 degunt

1967 2971 2225 3021 vocatus.
2279 2966 2428 3020 Inita
2483 2982 2614 3021 cum
2667 2967 2809 3022 Tato
2868 2975 3167 3042 societate,
3203 2981 3267 3032 ut
3314 2994 3448 3035 cum
3488 2982 3616 3038 viro

1966 3056 2229 3125 ejusdem
2263 3053 2588 3123 sententiis,
2630 3070 2763 3110 cum
2814 3057 3085 3127 pluribus
3133 3063 3453 3124 Patzinacis
3496 3068 3621 3127 ins-

1966 3143 2141 3199 tructi
2164 3144 2235 3197 ad
2268 3143 2487 3211 regiam
2514 3146 2714 3198 urbem
2740 3147 2982 3216 profecti
3005 3157 3165 3206 sunt.
3183 3154 3398 3212 Jussus
3422 3163 3617 3213 autem

203 3244 292 3298 Ἐν
350 3238 411 3295 δὲ
468 3246 591 3303 ταῖς
662 3237 1078 3313 παρακειμίναις
1152 3242 1221 3311 τῇ
1292 3235 1436 3314 ὄχθῃ
1494 3242 1591 3294 τοῦ
1642 3241 1852 3309 Ἴστρου

1969 3250 2135 3288 arma
2164 3233 2452 3303 deponere
2484 3248 2599 3287 non
2627 3213 2797 3288 aliter
2826 3251 2888 3289 se
2918 3238 3210 3295 facturum
3234 3242 3343 3299 hoc
3369 3246 3617 3315 dicebat,

199 3328 399 3385 πόλεσι
446 3334 560 3383 τῶν
613 3332 954 3401 στρατιωτῶν
1002 3326 1372 3400 ἠμελημένων
1428 3331 1518 3383 οἷα
1570 3325 1637 3396 δὴ
1691 3325 1861 3399 μηδὲν

203 3419 279 3485 εἷς
321 3417 600 3487 διοίκησιν
660 3411 1072 3488 λαμϐανόντων,
1121 3415 1403 3472 στέλλεται
1464 3418 1493 3471 ὁ
1556 3417 1858 3492 βεστάρχου

200 3506 451 3582 Νέστωρ,
503 3503 703 3566 δοῦλος
749 3504 987 3580 γεγονὼς
1031 3508 1133 3558 τοῦ
1179 3505 1381 3579 πατρὸς
1422 3510 1518 3559 τοῦ
1567 3502 1858 3580 βασιλεως,

199 3597 327 3671 δουξ
385 3601 499 3652 τῶν
556 3594 897 3670 Παριστρίων
958 3595 1303 3667 ὀνομασθείς,
1352 3596 1443 3650 καὶ
1494 3598 1860 3673 συμφωνήσας

201 3696 283 3761 τῷ
338 3691 554 3748 Titani:
613 3686 687 3746 ὡς
746 3685 1095 3758 ὁμογνώμονι
1130 3730 1145 3756 ,
1203 3687 1555 3755 Πατζινάκοις
1614 3685 1857 3741 πλείοσιν

200 3777 567 3836 ὁπλισθέντες
650 3775 728 3837 εἲς
802 3776 904 3842 τήν
991 3773 1381 3850 βασιλεύουσαν
1457 3777 1811 3851 παρεγίνοντο
1845 3821 1858 3834 .

201 3870 533 3925 Καταθεῖναι
597 3862 653 3917 δὶ
707 3864 774 3917 τὰ
821 3864 967 3917 ὅπλα
1017 3860 1433 3938 ἐγκελευόμενος
1469 3866 1544 3935 μὴ
1580 3865 1638 3918 ἂν
1673 3863 1861 3929 ἄλλως

198 3961 438 4021 ποιῆσαι
468 3957 638 4008 τοῦτο
668 3948 873 4026 ἔλεγεν,
922 3951 965 4005 εἰ
1018 3954 1094 4024 μὴ
1144 3953 1235 4006 τὸν
1287 3950 1587 4027 λογοθέτην
1617 3955 1858 4031 Νικηφό-

201 4067 296 4120 ρον
359 4044 423 4099 ἐκ
506 4043 673 4114 μέσου
757 4042 1031 4110 ποιήσειεν
1119 4040 1193 4102 ὡς
1257 4042 1435 4095 κοινὸν
1513 4041 1707 4116 ἐχθρὸν
1770 4045 1857 4098 καὶ

195 4135 482 4207 πολέμιον
528 4130 817 4202 κοσμικὸν,
847 4130 934 4183 καὶ
987 4128 1146 4184 αὐτὸν
1197 4129 1297 4184 οὐκ
1344 4127 1501 4206 ὀλίγα
1546 4127 1863 4201 λυπήσαντα

194 4225 291 4278 καὶ
317 4224 422 4290 τήν
478 4219 644 4275 αὐτοῦ
691 4218 997 4292 περιουσίαν
1048 4215 1392 4289 δημεύσαντα
1460 4216 1613 4275 Ἀλλ’
1652 4221 1680 4274 ὁ
1716 4220 1864 4295 βασι-

196 4313 331 4373 λεὺς
390 4310 496 4365 οὐκ
551 4307 817 4378 ἐπείθετο,
878 4307 1013 4379 ἅπαξ
1073 4307 1259 4362 ἑαυτὸν
1332 4312 1450 4369 ταῖς
1505 4306 1669 4363 αὐτοῦ
1730 4330 1864 4383 γοη-

194 4403 373 4462 τείαις
425 4400 519 4454 καὶ
572 4395 801 4458 ἀπάταις
858 4393 1194 4458 ἐκδεδωκώς.
1241 4397 1301 4453 'O
1359 4394 1417 4451 δὶ
1468 4395 1690 4473 Νέστωρ
1745 4398 1861 4453 ἄπι-

193 4486 529 4552 6ουλευθείς
585 4486 688 4540 ὑπὸ
735 4490 844 4539 τῶν
900 4483 1116 4540 οἶκείων
1167 4485 1519 4540 ἀπανίσταται
1581 4486 1674 4558 μὲν
1722 4486 1863 4542 ἐκεῖ·

1974 3322 2086 3378 nisi
2143 3318 2499 3392 logothetam
2557 3320 2948 3391 Nicephorum
3008 3342 3038 3380 e
3094 3330 3288 3384 medio
3347 3332 3622 3390 tollerent

1972 3418 2036 3467 ut
2087 3425 2463 3468 communem
2521 3408 2824 3465 inimicum
2884 3417 2942 3467 et
3001 3415 3227 3472 hostem
3286 3421 3618 3493 capitalem,

1971 3501 2189 3573 quique
2220 3500 2276 3553 in
2301 3516 2363 3555 se
2394 3498 2551 3553 haud
2586 3515 2772 3569 pauca
2801 3504 3197 3561 commisisset
3217 3525 3438 3580 suaque
3469 3511 3622 3566 bona

1971 3592 2347 3664 publicasset.
2380 3588 2595 3644 Verum
2647 3589 2966 3661 imperator
3012 3594 3168 3651 haud
3217 3600 3433 3669 paruit,
3483 3618 3617 3657 cum

1971 3680 2151 3736 semel
2184 3696 2245 3735 se
2275 3679 2471 3750 ipsum
2516 3679 2645 3748 ejus
2698 3682 3005 3753 praestigiis
3053 3690 3110 3740 et
3155 3686 3308 3742 dolis
3339 3690 3618 3747 dedisset.

1971 3770 2179 3826 Nestor
2224 3773 2435 3833 autem,
2472 3766 2631 3822 cuia
2660 3767 2785 3822 suis
2833 3779 3044 3839 paratas
3093 3772 3318 3829 insidias
3368 3777 3618 3847 fuerant,

1969 3860 2106 3915 inde
2174 3855 2597 3929 proﬁciscitur,
2654 3857 3085 3931 Thraciamque
3139 3862 3509 3935 depraedatur
3564 3872 3623 3924 et

1972 3946 2372 4004 Macedoniam
2421 3951 2479 4000 et
2529 3944 2811 4017 Bulgariaa
2842 3947 3114 4018 ﬁnitima,
3148 3958 3205 4007 et
3233 3953 3303 4007 ad
3356 3955 3620 4013 Patzina-

1972 4054 2172 4094 corum
2207 4036 2499 4106 regionem
2549 4036 2786 4091 secedit.
2822 4037 2961 4093 Pars
3004 4044 3200 4097 autem
3239 4046 3619 4102 Macedonum

1973 4128 2228 4184 militum
2271 4126 2615 4180 defraudata
2669 4128 2918 4183 accessit
2963 4130 3036 4185 ad
3095 4130 3531 4203 imperatorem,
3564 4135 3622 4191 id

1972 4219 2193 4273 factum
2247 4216 2481 4270 deﬂens.
2516 4213 2696 4269 Jussu
2757 4216 2936 4288 igitur
2991 4218 3363 4291 imperatoris
3409 4224 3625 4296 pulsati

1972 4312 2028 4363 et
2059 4303 2413 4360 contumelia
2441 4303 2627 4357 aﬂ'ecti
2679 4304 2900 4375 repulsi
2953 4312 3113 4375 sunt,
3147 4309 3309 4366 nulla
3358 4312 3622 4383 ipsorum

1974 4396 2176 4452 habita
2206 4393 2449 4448 ratione.
2484 4393 2635 4448 720
2664 4392 2879 4449 Verum
2913 4395 2995 4450 illi
3020 4398 3077 4452 in
3110 4400 3360 4471 patriam
3385 4401 3623 4469 reversi,

1974 4487 2127 4541 haud
2155 4483 2429 4540 mediocri
2454 4482 2651 4538 dolore
2675 4483 2884 4549 alTecti,
2908 4503 3022 4541 non
3046 4488 3300 4560 amplius
3331 4490 3389 4545 in
3422 4492 3623 4547 eadem

193 4582 307 4647 θεν,
343 4577 604 4647 ληίζεται
661 4572 718 4629 δὲ
764 4576 862 4640 τήν
912 4595 970 4628 τε
1003 4571 1342 4630 Μακεδονίαν
1397 4576 1487 4630 καὶ
1538 4575 1750 4651 Θρᾴκην
1778 4598 1845 4631 κα

1976 4575 2266 4632 sententia
2306 4589 2542 4628 manere
2594 4573 2923 4643 voluerunt,
2959 4578 3059 4632 sed
3109 4580 3387 4636 omnibus
3435 4581 3626 4636 modis

188 4669 261 4723 τα
322 4663 706 4741 παρακείμενα
760 4671 860 4733 τῆς
918 4662 1276 4739 Βουλγαρίας,
1333 4665 1423 4719 καὶ
1473 4663 1549 4727 εἰς
1603 4666 1701 4734 τήν
1751 4671 1859 4722 τῶν

1972 4666 2309 4739 cogitabant
2340 4663 2540 4718 hostes
2582 4663 2806 4720 ulcisci.

193 4757 557 4826 Πατζινάκων
619 4754 922 4828 ὑποχωρεῖ.
981 4759 1160 4827 Μοῖρα
1216 4751 1274 4808 δὲ
1332 4758 1674 4826 στρατιωτῶν
1737 4754 2125 4813 Μακεδονικῶν
2187 4751 2518 4828 στερουμένη
2578 4752 2858 4825 προσῆλθε
2911 4760 2990 4827 τῷ
3052 4758 3307 4834 βασιλεῖ,
3356 4763 3456 4831 τὴν
3509 4763 3627 4818 στέ-

188 4869 261 4918 ρτ,
272 4868 363 4901 σιν
459 4839 877 4913 ἀποκλαιομὲνη
905 4886 918 4899 .

1006 4842 1297 4915 Προστάξει
1383 4843 1473 4896 οὗν
1559 4843 1819 4919 βασιλικῇ
1903 4847 2190 4919 τυφθὲντες
2271 4840 2359 4896 καὶ
2450 4835 2785 4913 ὑϐρισθέντες
2863 4840 3207 4921 ἰδιώχθησαν

3249 4892 3263 4917 ,
3352 4848 3627 4923 μηδεμιᾶς

188 4936 545 5010 ἂπιστροφῆς
630 4930 808 4986 αὐτῶν
866 4931 1183 5006 γενομένης.
1245 4928 1403 4986 Ἀλλ’
1461 4929 1514 4985 ο⁹ί
1569 4953 1632 5007 γε
1686 4934 1820 5009 πρὸς
1872 4935 1940 4989 τὰ
1995 4933 2172 4989 οἷ’κεῖα
2229 4929 2409 4999 λύπης
2468 4928 2532 4983 οὐ
2597 4936 2793 5003 μικρᾶς
2869 4930 3281 5014 ἐπιστραφέντες
3340 4938 3625 5013 ἆνάμεστοι

186 5028 302 5082 οὐκ
384 5019 588 5092 ⁴ἤθελον
672 5020 849 5093 μένειν
925 5017 1002 5075 ἔτι
1062 5018 1150 5075 ἐπὶ
1218 5024 1314 5075 τοῦ
1392 5020 1555 5076 αὐτοῦ
1627 5024 2024 5099 φρονήματος,
2085 5020 2231 5078 ἀλλὰ
2281 5021 2407 5079 τοὺς
2464 5016 2770 5092 πολεμίους
2845 5026 2973 5077 πᾶσι
3042 5022 3269 5102 τρόποις
3327 5028 3628 5102 ἀμύνασθαι

184 5115 618 5171 διεσκέπτοντο.

262 5203 644 5267 ’Δποστείλας
701 5199 760 5257 δὶ
810 5201 946 5275 πρὸς
995 5202 1086 5255 τὸν
1139 5201 1237 5269 τὴν
1291 5195 1688 5277 Δογγιόαρδίαν
1739 5224 1863 5258 κατ.

177 5302 408 5376 ὶχοντα
468 5292 723 5369 Φράγγον
780 5288 1145 5363 Ῥουμπέρτον
1206 5292 1321 5364 (36)
1377 5287 1717 5363 καλούμενον
1760 5293 1859 5362 τὴν

2041 5207 2185 5262 Cum
2219 5205 2415 5257 autem
2450 5198 2711 5255 misisset
2742 5201 2813 5255 ad
2857 5216 2990 5258 eum
3025 5208 3124 5277 qui
3161 5208 3629 5283 Longobardiem

1971 5294 2272 5350 obtinebat
2304 5292 2615 5360 Francum,
2651 5289 2968 5349 Robertum
3002 5298 3264 5366 nomine,
3288 5300 3415 5372 ejus
3447 5299 3630 5357 ﬁliam

1538 5417 1781 5474 JACOBI
1821 5417 2042 5474 GOARI
2082 5416 2311 5473 NOTAE.

255 5530 387 5599 (36)
428 5527 750 5599 Robertum
798 5522 1188 5599 Guiscardum
1231 5522 1545 5599 intelligitt
1580 5524 1901 5599 celebrem-

177 5596 689 5662 No‘rm'annorum
720 5596 952 5668 ducem,
974 5596 1075 5668 qui
1097 5596 1869 5668 Campaniam,Calabriam,

1981 5524 2260 5603 ltalogim
2281 5520 2707 5603 _tyrannide
2739 5521 3068 5603 libertatem
3117 5532 3392 5603 asseruit,
3418 5532 3487 5587 de
3517 5547 3632 5603 quo

1978 5598 2108 5673 fuse
2143 5592 2522 5673 Pandulphus
2552 5592 2936 5673 Collenutius,
2961 5599 3074 5658 Leo
3103 5592 3413 5673 Ostiensis,
3444 5592 3634 5660 Facel-

182 5674 485 5752 Apuliam
518 5676 577 5728 et
616 5666 880 5725 Siciliam
913 5684 947 5723 a
976 5666 1418 5738 Sarecenorum,
1450 5667 1782 5727 Graecorum
1815 5673 1872 5727 et
1978 5668 2073 5727 lus
2102 5672 2160 5727 ct
2189 5668 2657 5729 Normannorum
2686 5666 2958 5729 Annales.
