4040 6196
424 328 535 386 451

1742 313 2071 375 JUANNIS
2116 312 2517 376 SCYLITZIE

3713 322 3831 381 453

426 477 532 516 suo
564 456 681 513 filio
712 453 1092 512 Constantino
1126 466 1362 508 uxorem
1405 448 1668 517 adduxit,
1703 462 1904 518 quam,
1941 463 2063 500 mu-

2186 445 2350 499 αὐτοῦ
2409 445 2667 519 θυγατέρα
2718 448 2796 517 τῷ
2845 446 2948 516 υἱῷ
2990 447 3377 519 Κωνσταντίνῳ
3423 470 3653 521 γυναικα
3696 449 3829 523 ἡγὰρ

424 553 546 605 tato
577 545 833 611 nomine,
866 543 1144 599 Helenam
1169 539 1410 597 vocavit.
1428 542 1723 608 ()ccupata
1743 538 1938 591 autem
1964 535 2073 590 fuit

427 632 832 708 Longobardia
861 649 895 688 a
924 631 1173 687 Roberto
1203 628 1261 683 in
1304 628 1461 682 hunc
1492 625 1755 680 modum.
1789 623 2072 695 Georgius

428 725 721 782 Maniaces
765 721 837 777 ab
872 723 1136 791 Augusta
1180 718 1289 772 Zoe
1318 716 1390 771 ad
1423 713 1858 786 componendas
1891 728 1982 767 res
2012 712 2071 766 in

423 814 591 869 Italia
620 810 863 875 missus,
896 806 1161 879 magistri
1194 806 1413 860 honore
1441 804 1772 870 decoratus,
1795 799 2072 856 concilia-

421 908 584 959 verat
630 899 743 957 sibi
792 898 1046 954 Francos
1096 895 1338 965 multos,
1368 900 1426 949 et
1474 893 1531 947 in
1579 892 1704 947 dies
1751 907 1850 946 eos
1898 890 1999 961 qui
2040 906 2073 945 a

422 992 677 1049 Dooiano
708 987 895 1044 vexati
926 990 1090 1043 erant
1118 984 1308 1041 effecit
1338 985 1397 1039 in
1434 981 1604 1039 Italia
1638 982 1854 1036 ﬁnibus
1877 980 2071 1053 quies-

423 1097 596 1137 cere:
634 1078 983 1133 verebantur
1029 1074 1185 1130 enim
1235 1073 1454 1146 ipsum,
1504 1072 1839 1144 quodﬁejus
1885 1069 2072 1124 virtu-

424 1171 502 1225 tis
551 1169 609 1222 in
659 1166 878 1239 pretiis
934 1162 1259 1235 periculum
1316 1162 1595 1216 fecerant.
1628 1160 1773 1215 Cum
1830 1175 1967 1215 vero
2010 1175 2072 1213 se

423 1257 795 1331 Opposuisset
836 1251 1219 1309 Monomacho
1247 1256 1303 1306 et
1332 1248 1660 1306 debellatus
1710 1247 1936 1318 fuisset,
1970 1246 2069 1317 qui

421 1364 556 1404 cum
590 1348 721 1419 ipso
752 1348 921 1401 erant
950 1342 1173 1414 trajecli
1222 1348 1278 1397 et
1325 1342 1385 1395 in
1431 1340 1767 1395 servitutem
1821 1338 2070 1410 impera-

419 1438 563 1493 toris
608 1433 847 1500 redacti,
880 1432 1215 1489 Maniacatea
1263 1429 1534 1502 appellati
1582 1433 1721 1484 sunt
1750 1432 1807 1483 et
1835 1428 1895 1482 in
1930 1428 2073 1483 urbe

419 1532 818 1583 Romanorum
869 1537 1264 1596 permansere,
1297 1519 1505 1591 reliqui
1555 1519 1612 1574 in
1668 1518 1834 1573 Italia
1886 1516 2070 1573 relicti

419 1621 579 1672 sunt.
611 1616 749 1671 Erat
797 1617 992 1669 autem
1036 1611 1278 1683 quidam
1330 1608 1389 1663 in
1436 1607 1584 1680 ipsis
1632 1606 1920 1663 Robertus
1967 1622 2069 1661 no-

420 1706 578 1762 mine
630 1704 829 1759 fratris
878 1702 1036 1756 ﬁlius
1084 1697 1344 1764 Ardoini,
1378 1698 1478 1769 qui
1511 1696 1821 1752 aDociano
1871 1695 2070 1768 ﬂagris

421 1813 607 1853 caesus
659 1795 866 1861 fuerat,
914 1790 1108 1864 gravis
1164 1795 1217 1845 et
1275 1788 1596 1843 iracundus
1653 1791 1711 1841 et
1765 1786 2071 1859 tyrannica
2104 1808 2148 1872 Β

419 1890 610 1941 mente
667 1883 968 1954 praeditus.
1008 1878 1117 1943 Qui
1174 1881 1373 1948 aperte
1432 1875 1727 1931 Romanos
1788 1872 2071 1945 expellere

420 1973 833 2041 meditabatur,
867 1974 1124 2025 attamen
1174 1966 1527 2038 provinciam
1560 1964 1796 2037 aggredi
1847 1968 2070 2019 metue-

418 2063 520 2118 bat
560 2060 1002 2131 ditl'erebatque,
1037 2073 1101 2113 se
1145 2057 1343 2128 ipsum
1394 2054 1745 2110 imbecillem
1800 2068 2067 2123 cernens,

416 2152 837 2222 verebaturque
868 2154 1071 2205 contra
1100 2144 1473 2219 imperatoris
1516 2144 1835 2217 potentiam
1869 2159 1930 2199 se
1962 2159 2069 2214 op-

416 2257 650 2314 ponere.
682 2242 828 2296 Cum
860 2254 992 2293 vero
1026 2254 1170 2291 uxor
1199 2234 1379 2300 illius,
1412 2252 1589 2306 quam
1622 2250 1655 2288 a
1688 2231 1927 2288 Francia
1957 2233 2066 2286 du-

413 2328 784 2399 xerat,Gaita
829 2326 1089 2391 nomine,
1116 2324 1235 2380 filia
1276 2324 1559 2395 principis
1608 2324 1701 2378 cui
1755 2323 1910 2377 baud
1945 2336 2067 2375 me-

416 2419 630 2475 diocris
661 2418 817 2489 regio
857 2417 1121 2488 subjecta
1170 2415 1311 2470 72]
1373 2417 1516 2481 erat,
1552 2429 1748 2468 secum
1781 2415 1958 2475 esset,
1992 2410 2064 2465 ad

414 2527 515 2565 eas
546 2510 721 2564 urbes
754 2506 1050 2578 migravit,
1078 2522 1206 2576 qua:
1242 2504 1402 2557 uxori
1428 2520 1546 2557 suae
1570 2501 2067 2571 serviebant,qua-

415 2615 543 2654 rum
593 2598 782 2670 prima
811 2603 868 2652 et
908 2596 1165 2650 maxima
1192 2592 1470 2647 Salernus
1516 2591 1871 2646 nominatur.
1902 2589 2065 2643 Illinc

412 2687 593 2758 igitur
622 2684 800 2740 veluti
850 2686 943 2738 iur
978 2697 1295 2753 erumpens
1344 2679 1470 2734 loca
1516 2680 1913 2733 Romanorum
1950 2677 2063 2731 im-

414 2773 574 2846 perio
608 2774 873 2844 subjecta
901 2771 1290 2843 praadabatur,
1315 2768 1526 2839 partim
1549 2766 1872 2822 Calabriam
1901 2782 2065 2821 man-

413 2863 645 2932 cipans,
698 2861 911 2933 partim
966 2859 1192 2914 Italiam
1253 2855 1524 2928 redigens
1584 2857 1640 2910 in
1701 2855 2061 2911 servitutem.

411 2952 623 3006 Eorum
655 2967 787 3007 vero
818 2948 1183 3020 captivorum
1217 2963 1366 3018 quos
1410 2950 1641 3017 ceperat
1671 2944 1802 3000 aliis
1855 2959 2064 2999 manus

410 3048 737 3114 amputare,
769 3039 899 3095 aliis
939 3042 1228 3094 extremas
1273 3042 1469 3109 partes
1521 3036 1734 3107 pedum
1784 3034 2061 3099 incidere,

410 3132 542 3188 aliis
574 3138 872 3203 utrasque,
896 3130 1182 3202 quosdam
1207 3128 1377 3184 etiam
1410 3126 1629 3198 ingenti
1656 3127 1903 3198 pecunia
1923 3141 2060 3179 ven-

410 3224 567 3293 dere,
601 3228 890 3291 metuens,
923 3221 972 3276 si
1005 3236 1119 3275 non
1154 3220 1466 3291 proderent
1498 3219 1671 3273 urbes
1700 3221 1757 3273 et
1787 3232 1916 3271 sese
1946 3213 2057 3286 ipsi

408 3314 707 3381 dederent,
743 3329 813 3369 ne
844 3328 957 3367 non
990 3309 1181 3366 solum
1233 3310 1372 3377 bazc,
1406 3310 1507 3364 sed
1562 3308 1740 3363 etiam
1774 3306 1865 3361 bis
1897 3307 2059 3360 dete-

406 3404 561 3461 riora
605 3406 966 3476 paterentur.
1001 3403 1143 3456 Cum
1176 3416 1307 3455 vero
1357 3416 1450 3453 res
1482 3397 1705 3468 privata
1735 3395 1965 3465 imperii
2000 3394 2059 3449 in

402 3494 565 3566 regia
616 3493 928 3559 laboraret,
964 3488 1126 3543 nulla
1185 3488 1512 3543 habebatur
1566 3501 1767 3540 eorum
1822 3500 1950 3555 quae
2000 3483 2059 3538 in

403 3582 571 3638 Italia
615 3582 820 3638 tierent
877 3580 1042 3633 ratio.
1079 3577 1223 3632 Nam
1256 3577 1373 3630 vita
1434 3574 1609 3647 paulo
1672 3578 1805 3644 post
1861 3573 2059 3627 functo

403 3668 962 3735 Monomacho,cum
1004 3663 1307 3719 Theodore
1349 3661 1579 3715 circiter
1619 3675 1840 3714 annum
1875 3675 2059 3713 unum

404 3757 758 3812 obtinuisset
788 3753 1123 3825 imperium,
1150 3755 1206 3805 et
1240 3748 1480 3804 Michael
1516 3747 1851 3803 declaratus
1881 3751 2057 3812 esset,

402 3851 577 3917 atque
636 3845 914 3900 adversus
982 3842 1175 3911 ipsum
1232 3838 1573 3893 Comnenus
1632 3836 1945 3906 incitatus,
2005 3838 2064 3890 et

398 3933 687 3989 exercitus
718 3934 915 3987 essent
944 3928 1243 3983 intestinis
1277 3926 1445 3981 bellis
1474 3925 1761 3996 occupati,
1794 3941 1858 3980 ac
1890 3941 2061 3980 nemo

398 4023 628 4078 Roberti
687 4025 934 4076 conatus
992 4016 1353 4088 prohiberet,
1402 4031 1655 4087 magnus
1711 4030 1779 4070 ex
1838 4014 1947 4069 hoc
2006 4018 2064 4069 et

398 4112 645 4168 illustris
676 4110 893 4176 evasit;
950 4108 1225 4161 idoneum
1277 4105 1430 4161 enim
1480 4107 1669 4177 coegit
1716 4104 2038 4160 exercitum

399 4206 456 4257 et
485 4216 772 4273 equorum
802 4204 978 4268 atque
1006 4195 1263 4268 pecuniae
1287 4202 1342 4250 et
1364 4210 1661 4249 armorum
1692 4195 1912 4264 potitus
1943 4192 2063 4273 est:

401 4265 606 4343 cum'ii
639 4290 738 4359 qui
770 4286 842 4341 ab
883 4265 1243 4356 imperatore
1274 4284 1453 4337 duces
1506 4282 1753 4337 urbibus
1806 4265 2063 4353 praefecti

399 4382 586 4447 erant,
615 4393 731 4431 non
764 4377 1005 4447 possent
1030 4376 1232 4427 contra
1260 4388 1567 4443 erumpere
1599 4371 1672 4426 ob
1705 4370 2057 4443 paucitatem

397 4482 643 4522 suorum
702 4467 758 4520 et
818 4462 1108 4518 modicam
1168 4461 1472 4516 virtutem.
1509 4460 1808 4516 Comneno
1869 4464 2062 4515 autem

2182 556 2326 610 γετο,
2374 533 2594 605 Ἑλένην
2648 533 3023 608 μετονομάσας
3068 534 3258 606 αὐτήν.
3316 541 3636 614 Κατεσχέθη
3690 536 3747 594 δὲ
3798 543 3830 610 ἡ

2181 619 2556 700 Αογγιϐαρδία
2606 627 2718 697 (37)
2778 624 2914 701 πρὸς
2958 630 3056 680 τοῦ
3096 625 3468 702 Ῥουμπέρτου
3514 632 3706 683 τοῦτον
3739 630 3829 684 τὸν

2182 712 2405 787 τρόπον·
2468 715 2740 789 Ιέώργιος
2800 715 2828 768 ὁ
2890 713 3174 784 Μανιάκης
3224 716 3312 769 ἐπὶ
3361 717 3677 772 καταστάσει
3720 724 3828 773 τῶν

2183 800 2235 855 ἐν
2296 800 2498 873 Ἰταλίᾳ
2568 802 2900 877 πραγμάτων
2971 803 3299 868 ἀποσταλεὶς
3367 808 3827 883 προσηταιρίσατο

2187 890 2281 963 μὶν
2345 893 2628 968 Φράγγους
2676 890 2944 963 πολλοὺς,
3003 894 3121 957 καθ’
3179 894 3388 969 ἡμέραν
3443 892 3501 950 δὲ
3555 897 3645 951 καὶ
3701 897 3828 960 τοὺς

2182 980 2328 1057 παρὰ
2383 984 2480 1035 τοῦ
2533 985 2820 1036 Δοκειανοῦ
2874 983 3211 1045 κακωθέντας
3268 984 3358 1038 καὶ
3408 985 3643 1060 ἡσυχίαν
3682 986 3829 1063 ἄγειν

2184 1063 2235 1123 ἕν
2341 1091 2449 1123 τισι
2549 1068 2776 1145 τέρμασι
2861 1073 2959 1139 τῆς
3046 1069 3279 1134 Ἰταλίας
3359 1074 3749 1148 παρεσκεύασεν
3807 1096 3822 1109 ’

2183 1160 2263 1231 [Ρ.
2323 1161 2450 1232 854]
2508 1156 2771 1213 έδεδίεσαν
2845 1160 2946 1236 γὰρ
3021 1160 3205 1228 αὐτὸν,
3263 1167 3451 1238 πεῖραν
3504 1167 3605 1228 τῆς
3664 1164 3828 1219 αὑτοῦ

2182 1246 2233 1302 έν
2292 1245 2561 1321 πολέμοις
2616 1248 2995 1324 γενναιότητος
3060 1243 3299 1325 ἔχοντες.
3362 1251 3712 1327 Ἀντάραντος
3770 1252 3830 1309 δὲ

2178 1341 2259 1409 τῷ
2288 1338 2609 1413 Μονομάχῳ
2648 1338 2737 1393 καὶ
2779 1340 3276 1414 κατηγωνισμένου,
3311 1340 3363 1394 οἱ
3414 1341 3511 1413 μὶν
3551 1342 3643 1397 σὺν
3676 1344 3828 1415 αὐτῷ

2181 1427 2570 1501 περαιωθέντες
2601 1432 2681 1499 τῷ
2731 1426 2946 1503 βασιλεῖ
2997 1424 3361 1493 δουλωθέντες
3412 1431 3749 1488 Μανιακὰτοι
3774 1454 3832 1489 τε

2180 1514 2644 1589 ἰπωνομάσθησαν
2703 1517 2793 1572 καὶ
2848 1521 2915 1591 τῇ
2975 1517 3261 1591 Ῥωμαίων
3314 1514 3473 1575 πόλει
3545 1520 3831 1595 έναπέμει-

2179 1625 2295 1677 ναν,
2353 1606 2407 1659 o't
2452 1603 2508 1661 δὶ
2557 1604 2742 1661 λοιποὲ
2785 1605 2836 1661 ἐν
2900 1605 3103 1680 Ἰταλίᾳ
3152 1607 3567 1687 ὑπελείφθησαν.
3614 1612 3715 1666 Ἦν
3773 1610 3830 1667 δέ

2177 1715 2261 1755 τις
2310 1692 2361 1749 έν
2412 1694 2595 1757 αὐτοῖς
2646 1696 3016 1772 Ῥουμπέρτος
3064 1696 3327 1771 τοῦνομα,
3360 1699 3574 1773 ἀνεψιὸς
3606 1697 3829 1774 Ἀρδοίο

2180 1804 2275 1837 νου
2324 1789 2421 1839 τοῦ
2500 1786 2602 1840 ὑπὸ
2680 1790 2968 1841 Δοκειανοῦ
3023 1788 3441 1863 μαστιχθέντος,
3502 1786 3674 1852 δεινὸς
3735 1789 3828 1844 καὶ

2181 1871 2521 1945 Θυμοειδὴς,
2599 1876 2915 1949 τυραννικὸν
2974 1872 3119 1951 ἔχων
3178 1877 3241 1931 τὸ
3315 1878 3617 1955 φρόνημα,
3677 1880 3828 1941 ὅστις

2180 1967 2420 2038 φανερῶς
2478 1965 2570 2035 μὲν
2622 1962 2865 2034 ἐξελάσαι
2907 1971 3008 2034 τῆς
3066 1965 3298 2027 Ἰταλίας
3335 1965 3463 2031 τοὺς
3517 1968 3830 2041 Ῥωμαίους

2179 2048 2429 2121 ἐμελέτα,
2464 2048 2619 2106 ὤκνει
2652 2049 2709 2106 δὲ
2757 2052 2912 2125 ὅμως
2954 2054 3051 2121 τήν
3099 2052 3414 2130 ἐγχείρησιν
3462 2057 3548 2110 καὶ
3590 2052 3828 2112 ἀνεϐάλ-

2180 2138 2326 2211 λετο,
2379 2142 2572 2210 ἀσθενῆ
2626 2142 2810 2196 ἑαυτὸν
2860 2144 3025 2218 ὁρῶν,
3086 2144 3175 2197 καὶ
3219 2145 3358 2218 πρὸς
3400 2147 3500 2214 τὴν
3540 2150 3637 2200 τοῦ
3673 2148 3831 2220 βασι-

2180 2226 2320 2291 λέως
2380 2229 2535 2304 ἰσχὺν
2596 2228 2842 2306 ὠρῥώδει
2895 2232 3081 2287 ἑαυτὸν
3139 2232 3542 2308 ἀντεξαγαγεῖν.
3600 2239 3710 2299 Τῆς
3773 2234 3833 2290 δὶ

2177 2319 2430 2391 γυναικὸς
2480 2318 2683 2388 αὐτοῦ,
2737 2322 2805 2390 ἣν
2851 2321 2955 2375 ἀπὸ
3003 2322 3281 2397 Φραγγίας
3328 2322 3605 2397 ἠγάγετο,
3635 2335 3829 2379 τελευ-

2174 2408 2418 2477 τησάσης
2491 2410 2671 2484 ἑτέραν
2740 2408 2921 2483 ἄγεται
2958 2456 2970 2479 ,
3026 2408 3217 2465 Γαίταν
3277 2412 3369 2483 μὲν
3430 2411 3780 2485 καλουμένην
3812 2459 3827 2482 ,

2178 2498 2438 2572 θυγατέρα
2470 2494 2527 2552 δὶ
2575 2496 2735 2553 οὖσαν
2780 2499 3075 2574 πρίγκιπος
3128 2500 3316 2575 χώραν
3372 2500 3469 2555 οὐκ
3510 2500 3700 2577 ὀλίγην
3740 2504 3828 2580 ὑφ’

2176 2585 2360 2640 ἑαυτὸν
2417 2585 2658 2661 ἔχοντος.
2713 2588 3079 2663 Ἀγαγόμενος
3139 2589 3228 2643 οὗν
3278 2589 3476 2660 ταύτην
3507 2592 3825 2663 κατῴκησεν

2175 2672 2227 2728 ἐν
2255 2680 2371 2736 ταῖς
2424 2675 2616 2730 πόλεσι
2661 2683 2779 2741 ταῖς
2832 2674 3213 2756 διαφερούσαις
3260 2683 3327 2752 τῇ
3378 2678 3541 2734 αὐτοῦ
3581 2683 3824 2755 γυναικὶ.

2175 2764 2314 2834 ὧνὴ
2364 2766 2555 2841 πρώτη
2622 2768 2714 2839 μὲν
2760 2767 2849 2821 καὶ
2913 2767 3139 2842 μεγίστη
3203 2768 3445 2841 Σαλερὸς
3472 2770 3823 2843 ὀνομάζεται.

2176 2855 2411 2910 Ἐκεῖθεν
2472 2854 2562 2909 οὖν
2622 2858 2710 2909 οἷα
2765 2854 3006 2926 κλέπτης
3052 2857 3141 2911 καὶ
3192 2856 3401 2931 λῃστὴς
3446 2857 3598 2928 ἐξιὼν
3646 2859 3713 2913 τὰ
3753 2863 3823 2931 τῇ

2170 2942 2446 3015 Ῥωμανίᾳ
2521 2943 2845 3017 ὑποκείμενα
2901 2942 3181 3018 έληὶζετο,
3239 2950 3399 3001 τοῦτο
3463 2947 3557 3019 μὶν
3615 2946 3769 3001 Καλα
3803 2979 3827 2991 -

2173 3027 2328 3107 ϐρίαν
2372 3031 2819 3107 αἰχμαλωτίζων,
2872 3037 3037 3087 τοῦτο
3087 3030 3144 3088 δὶ
3188 3036 3287 3103 τὴν
3321 3033 3553 3091 Ἰταλίαν
3584 3032 3824 3090 δουλού-

2178 3142 2359 3193 μενος.
2420 3123 2538 3178 Τῶν
2615 3118 2661 3175 δ’
2715 3119 3091 3195 ἁλισκομένων
3146 3120 3519 3198 αἶ’χμαλώτων
3590 3125 3663 3178 ὧν
3726 3125 3827 3196 μὶν

2174 3217 2365 3286 χεῖρας
2397 3210 2616 3285 ἀφῄρει,
2662 3212 2734 3264 ὧν
2787 3208 2843 3265 δὲ
2884 3209 3054 3273 πόδας
3085 3212 3515 3286 ἠκρωτηρίαζεν,
3545 3210 3734 3267 ἄλλων
3773 3210 3834 3268 δὶ

2171 3299 2439 3355 ἀπέκοπτε
2494 3300 2584 3355 καὶ
2643 3300 2923 3378 ἀμφότερα
2957 3344 2970 3367 ,
3026 3302 3175 3363 τινὰς
3234 3298 3293 3356 δὲ
3341 3302 3431 3356 καὶ
3490 3302 3826 3374 ἀπημπόλει

2169 3391 2473 3464 χρημάτων
2527 3387 2778 3458 πολλῶν,
2831 3386 3209 3463 δεδιττόμενος
3266 3390 3340 3452 ὡς
3377 3389 3426 3445 εἲ
3454 3392 3530 3463 μὴ
3560 3389 3827 3465 προδοῖεν

2167 3480 2262 3539 τὰς
2311 3477 2499 3540 πόλεις
2560 3478 2649 3532 κιοὶ
2703 3476 3043 3534 ὀποκλιθεῖεν
3104 3478 3270 3551 αὐτῷ,
3330 3478 3392 3534 οὐ
3447 3484 3613 3534 ταῦτα
3659 3482 3828 3553 μόνα,

2168 3567 2313 3623 ἀλλὰ
2359 3569 2447 3622 καὶ
2496 3568 2721 3643 χείρονα
2766 3568 3063 3625 πείσονται.
3120 3568 3442 3623 Νοσούντων
3496 3566 3553 3622 δὶ
3604 3568 3659 3624 ἐν
3700 3576 3827 3631 τοῖς

2174 3657 2469 3731 βοσιλείοις
2526 3662 2633 3712 τῶν
2696 3657 2932 3726 οἰκείων,
2981 3655 3208 3730 οὐδεμία
3260 3662 3367 3712 τῶν
3415 3658 3721 3733 γινομένων
3768 3659 3823 3713 ἐν

2169 3745 2370 3816 Ἰταλίᾳ
2439 3745 2641 3821 ἐγίνετο
2715 3745 3014 3825 έπιστροφή
3051 3790 3063 3802 .
3121 3750 3225 3801 Τοῦ
3302 3747 3407 3822 γὰρ
3474 3748 3827 3823 Μονομάχου

2175 3835 2308 3908 μετὰ
2369 3834 2545 3910 βραχὺ
2602 3832 3050 3906 τελευτήσαντος,
3109 3833 3389 3910 Θεοδώρας
3446 3834 3502 3890 δὶ
3558 3843 3661 3905 τῆς
3711 3837 3832 3892 Αὖ-

2169 3925 2402 4000 γούστης
2444 3923 2525 4001 ἄρ’
2569 3920 2661 3978 ἕνα
2704 3924 2903 3999 χρόνον
2946 3925 3045 3993 τὴν
3089 3924 3362 3999 βασιλείαν
3410 3925 3833 4000 κατασχούσης,

2170 4018 2266 4067 τοῦ
2320 4034 2378 4068 τε
2435 4013 2666 4089 Μιχαὴλ
2724 4015 3092 4089 ἀναιρεθέντος
3142 4014 3231 4068 καὶ
3279 4018 3377 4069 τοῦ
3409 4019 3701 4086 Κομνηνοῦ
3738 4014 3840 4069 ἐπ-

2172 4103 2494 4164 αναστάντος
2527 4102 2694 4174 αὐτῷ,
2726 4103 2813 4157 καὶ
2860 4107 2968 4157 τῶν
3019 4103 3433 4179 στρατευμάτων
3470 4101 3837 4177 ἀσχολουμέ-

2171 4214 2274 4246 νων
2324 4197 2438 4254 τοῖς
2483 4189 2775 4269 ἆμφυλίοις
2826 4189 3117 4264 πολέμοις,
3169 4189 3398 4265 μηδενός
3449 4212 3506 4246 τε
3538 4188 3697 4253 ὄντος
3732 4196 3836 4247 τοῦ

2171 4283 2270 4350 τὴν
2329 4281 2505 4356 ὁρμὴν
2565 4285 2662 4334 τοῦ
2719 4280 3092 4353 Ῥουμπέρτου
3139 4279 3504 4347 κωλύσοντος,
3563 4278 3736 4355 μέγα(
3772 4280 3837 4336 ἆκ

2171 4371 2371 4425 τούτου
2409 4370 2497 4425 καὶ
2548 4366 2875 4445 περιϐόητος
2924 4372 3134 4445 γέγονε·
3190 4371 3413 4442 στρατὸν
3460 4370 3561 4444 γὰρ
3600 4368 3839 4439 ἀξιόλο-

2173 4481 2264 4534 γον
2295 4460 2652 4529 συνεστήσατο
2694 4458 2786 4513 καὶ
2828 4457 3014 4513 ’ίππων
3059 4459 3149 4513 καὶ
3181 4460 3487 4533 χρημάτων
3518 4456 3609 4512 καὶ
3644 4458 3841 4533 ἁρμά-

397 4556 608 4627 adepto
654 4551 995 4624 imperium,
1024 4555 1347 4605 Turcorum
1401 4549 1560 4604 natio
1590 4548 1889 4605 Orientem
1924 4565 2053 4620 pre-

2175 4570 2266 4603 των
2322 4548 2525 4625 ἐγένετο
2582 4548 2792 4623 κύριος,
2840 4552 2947 4603 τῶν
2993 4546 3044 4603 έν
3098 4553 3218 4609 ταῖς
3268 4546 3460 4602 πόλεσι
3492 4553 3836 4622 στρατηγεῖν

402 4661 577 4711 mere,
642 4640 931 4698 Patzinaci
1000 4656 1133 4695 vero
1192 4637 1587 4695 Occidentem.
1648 4638 1813 4694 Cedit
1877 4637 2058 4708 igitur

395 4734 731 4802 Tbrymbus
762 4728 1052 4797 Calabria,
1087 4727 1188 4799 qui
1238 4726 1356 4782 illic
1405 4728 1524 4782 dux
1575 4732 1699 4783 erat
1745 4726 2055 4792 exercitus,

400 4828 598 4896 aperte
628 4825 832 4877 contra
858 4817 1171 4873 Scribonas
1211 4816 1441 4872 facinus
1473 4834 1654 4872 ausus
1688 4833 1701 4871 :
1737 4833 1867 4871 cum
1906 4817 2055 4872 722

401 4911 558 4968 enim
599 4907 892 4981 indigenis
926 4905 1168 4960 minime
1219 4906 1445 4977 placere
1493 4911 1757 4961 cerneret
1786 4906 1939 4976 quod
1973 4908 2055 4962 fa-

401 5008 563 5058 ctum
613 5003 788 5067 esset,
820 4997 985 5052 exsul
1039 4995 1109 5051 ad
1165 4995 1581 5065 imperatorem
1641 4996 2053 5065 proﬁciscitur.

399 5092 649 5148 Mittitur
686 5088 869 5160 igitur
898 5088 1017 5141 dux
1062 5083 1238 5140 Italiae
1278 5084 1596 5140 Abulcbar.
1634 5085 1921 5141 Robertus
1952 5103 2055 5140 au—

396 5186 510 5236 tem
560 5195 695 5235 cum
753 5180 989 5248 propter
1037 5173 1459 5228 Scribonarum
1510 5174 1727 5228 caedem
1779 5173 2056 5229 Calabros

392 5273 765 5342 exasperatos
794 5265 1033 5331 videret,
1066 5260 1175 5315 bac
1220 5277 1454 5331 quoque
1483 5262 1555 5316 de
1585 5278 1765 5317 causa
1796 5262 2056 5319 rebelliO'

396 5376 515 5416 rem
550 5356 894 5422 meditatus,
929 5368 1043 5407 non
1079 5354 1143 5406 ut
1190 5350 1449 5421 amplius
1496 5368 1839 5406 reversurus
1888 5368 2054 5422 egre-

2163 4640 2502 4713 τεταγμὲνων
2558 4638 2693 4711 πρὸς
2758 4637 2983 4712 βασιλέα
3043 4638 3119 4709 μὴ
3172 4634 3484 4709 δυναμένων
3528 4636 3838 4708 ἀντεξιέναι

2165 4725 2486 4802 ὀλιγανδρίᾳ
2539 4727 2627 4781 καὶ
2683 4726 2943 4797 κακότητι
2999 4732 3104 4780 τῶν
3165 4725 3256 4780 σὺν
3313 4725 3502 4788 αὐτοῖς
3538 4768 3550 4781 .
3598 4729 3712 4779 Τοῦ
3774 4724 3837 4781 δὶ

2165 4820 2450 4889 Κομνηνοῦ
2506 4823 2607 4886 τῆς
2684 4814 2962 4892 βασιλείας
3036 4815 3326 4892 έγκρατοῦς
3385 4817 3690 4891 γενομένου
3767 4818 3841 4872 τὰ

2169 4907 2263 4979 μὶν
2296 4911 2401 4960 τῶν
2450 4907 2703 4981 Τούρκων
2752 4908 2851 4976 τήν
2900 4901 3203 4972 Ἀνατολὴν
3257 4900 3491 4977 ἔθλιϐεν,
3525 4905 3579 4959 οἱ
3613 4912 3839 4976 Πατζιο

2164 4997 2318 5049 νάκοι
2374 4994 2431 5050 δὶ
2484 4996 2583 5064 τὴν
2640 4994 2795 5049 Δόσιν
2852 4993 3105 5063 ἐπίεζον.
3166 4999 3476 5070 ἰ’ποχωρεῑ
3529 4998 3667 5069 γοῦν
3728 5004 3843 5065 τῆς

2166 5079 2479 5157 Καλαϐρίας
2528 5085 2555 5138 ὁ
2606 5078 2899 5158 Θρυμϐὸς,
2953 5083 3011 5145 ’ὸς
3062 5082 3234 5138 έκεῖσε
3287 5088 3603 5159 στρατηγῶν
3668 5084 3844 5159 £161-

2165 5194 2320 5248 χανε,
2378 5174 2441 5228 τὸ
2487 5175 2621 5228 κατὰ
2663 5172 2790 5236 τοὺς
2838 5166 3154 5247 Σκρίϐωνας
3203 5170 3331 5246 ἄγος
3380 5169 3575 5242 ἀνέδην
3634 5172 3850 5229 τετολ-

2168 5266 2377 5337 mm;-
2461 5264 2535 5335 μὴ
2594 5264 2815 5334 ἀρέσκον
2870 5261 2969 5336 γὰρ
3021 5266 3140 5322 τοῖς
3200 5259 3493 5336 ἐγχωρίοις
3552 5262 3704 5336 ὁρῶν
3772 5265 3843 5318 τὸ

2164 5351 2562 5429 πεπραγμένον,
2623 5352 2791 5430 φυγὰς
2838 5351 2913 5414 ὡς
2964 5348 3191 5425 βασιλέα
3233 5351 3461 5424 γίνεται.
3516 5347 3855 5408 Στέλλεται

1726 5474 1973 5533 JACOBI
2012 5479 2227 5536 GOARI
2267 5479 2498 5535 NOTZE.

465 5587 673 5658 (37)Ιά
716 5588 805 5641 est
857 5581 1067 5657 Apulia
1117 5582 1175 5636 et
1226 5579 1557 5651 adjacentes
1609 5582 1943 5655 provincia,
1976 5584 2193 5657 quibus
2243 5584 2449 5643 ultimo
2493 5585 2675 5643 Graeci
2723 5585 3179 5659 imperaverunt.
3216 5582 3547 5640 Recolenda
3583 5587 3741 5640 nota
3775 5585 3845 5642 in

396 5678 454 5739 p.
489 5660 616 5715 577.
