4040 6196
234 306 361 362 453

1751 298 2144 361 HISTORIA.

3539 310 3657 367 454

231 440 369 509 γοῦν
406 433 528 504 δοὺξ
556 433 787 493 Italia;
836 433 864 487 6
911 426 1273 507 Ἀϐουλχαρὲ.
1318 432 1380 488 Ὀ
1419 427 1476 485 δὲ
1522 432 1889 506 Ῥουμπὲτρος

2026 433 2184 502 litur,
2215 433 2597 505 adhibitaque
2629 434 2919 490 celeritate
2951 435 3230 507 Rhegium
3261 440 3415 510 capit
3455 442 3656 499 urbem

232 528 303 597 τῇ
358 528 470 577 τῶν
530 516 857 589 Σκριόώνων
933 521 1170 593 ἀναιρεσι
1222 517 1568 575 δεινοπαθοῦν
1623 519 1686 575 τὸ
1733 521 1886 595 γένος

233 614 385 689 ἀρῶν
440 615 548 665 τῶν
610 604 911 682 Καλαϐρῶν
970 604 1083 682 ἅμα
1138 609 1242 664 κάκ
1305 616 1403 679 τῆς
1459 608 1631 671 αἰτίας
1687 609 1887 678 ταύτης

231 701 530 755 ἀπόστασιν
593 698 858 772 μελετῶν,
916 702 994 771 [P.
1053 700 1185 771 855]
1238 699 1418 753 οὐκέτι
1480 699 1573 770 μὶν
1630 698 1704 760 ὡς
1764 699 1891 752 ὑπο-

234 792 485 861 στρέψων
534 785 714 858 ἔξεισι,
766 785 979 859 σπουδῇ
1034 784 1090 841 δὲ
1138 786 1333 849 ἐλάσας
1385 788 1529 861 αἱρεῖ
1584 788 1645 841 τὸ
1676 788 1891 861 Ῥήγιον

233 877 405 933 πόλιν
461 876 703 950 μεγάλην
748 876 835 929 καὶ
885 874 1145 953 ἐπιφανῆ,
1193 875 1243 929 ἄν
1296 877 1342 947 ᾧ
1390 876 1635 945 συνήθως
1688 875 1715 928 6
1766 871 1890 945 δουξ

236 974 475 1035 Ἰταλίας
508 968 773 1047 διέτριϐεν
811 995 823 1007 ι
875 975 1009 1041 ἦσαν
1054 973 1157 1048 γὰρ
1204 972 1255 1027 ἐν
1303 972 1481 1045 τούτῳ
1530 971 1806 1045 οἴκηματά
1835 992 1893 1026 τε

236 1062 517 1138 διαπρεπῆ
567 1062 657 1116 xui
701 1066 807 1116 τῶν
861 1059 1182 1131 ἐπιτηδείων
1236 1060 1461 1138 ἀφθονία
1509 1060 1716 1131 πολλή.
1760 1062 1818 1117 Ὀ
1846 1056 1892 1113 δ’

237 1147 593 1226 ’Δϐουλχαρὶ
648 1152 711 1205 τὸ
767 1150 1074 1226 Δυρράχιον
1120 1145 1442 1204 καταλαϐὼν
1493 1149 1543 1220 ἐξ
1591 1148 1793 1204 εκείνου
1835 1169 1893 1203 τε

237 1242 315 1303 εἰς
346 1244 450 1311 τὴν
488 1241 650 1315 Βαριν
698 1240 1047 1315 περαιωθεὶς,
1094 1241 1399 1311 πυθόμενος
1451 1238 1531 1294 ὅτι
1573 1240 1633 1293 τὸ
1669 1240 1890 1311 Ῥήγιον

236 1332 408 1401 ἑάλω,
469 1327 679 1405 ἔμεινεν
740 1329 895 1385 αὐτὸν
958 1330 1008 1385 ἕν
1068 1334 1134 1403 τῇ
1197 1330 1654 1405 Βάρει,κακεῖοεν
1703 1329 1777 1392 ὠς
1825 1329 1891 1397 ἦν

237 1420 467 1477 δυνατὸν
511 1426 621 1477 τῶν
678 1419 753 1475 ἔτι
794 1422 859 1475 τὰ
903 1421 1190 1494 Ῥωμαίων
1244 1424 1558 1498 φρονουσῶν
1613 1421 1893 1494 ἀντείχετο

238 1511 484 1577 πόλεων,
548 1509 884 1585 στρατηγοὺς
934 1508 1164 1587 ὲιριστὼν
1215 1510 1305 1563 καὶ
1374 1509 1596 1583 στρατὸν
1656 1509 1892 1581 ἐπιπεμ-

237 1622 354 1654 πων
387 1600 467 1661 εἲς
500 1596 750 1673 φυλακην
787 1616 799 1628 ·
856 1596 934 1654 ἔτι
979 1599 1078 1674 γὰρ
1140 1597 1398 1676 ἐφρόνουν
1448 1598 1514 1652 τὰ
1543 1597 1831 1670 Ῥωμαίων
1856 1594 1891 1666 ἤ

237 1711 293 1744 τε
356 1690 551 1764 Βάρις,
608 1690 643 1758 ἠ
701 1686 942 1762 ἰ’δροῦς,
1002 1689 1035 1756 ὴ
1094 1685 1461 1752 Καλλίπολις,
1528 1688 1555 1742 6
1611 1686 1893 1761 Τάρας,τὸ

1997 538 2265 594 magnam
2321 527 2379 577 et
2428 522 2738 592 illustrem,
2779 524 2879 579 ubi
2912 532 3295 582 consueverat
3326 528 3442 582 dux
3475 529 3655 587 Italia

1996 611 2367 683 commorari,
2400 614 2554 683 quod
2590 613 2670 669 ibi
2702 622 2899 669 essent
2946 619 3003 670 et
3058 616 3383 688 magniﬁcae
3442 619 3656 676 domus

1997 705 2057 755 et
2099 717 2301 755 eorum
2353 719 2479 772 quae
2531 702 2601 757 ad
2652 703 2873 757 victum
2928 706 3259 761 necessaria
3307 712 3448 762 sunt
3493 709 3662 779 copia

2000 788 2209 845 multa.
2246 791 2576 847 Abulchare
2627 797 2823 847 autem
2856 810 2988 848 cum
3024 794 3406 866 Dyrrachium
3456 814 3659 869 perve—

2002 875 2186 931 uisset
2217 877 2353 931 inde
2384 877 2620 933 Barium
2670 880 3023 949 transmisit,
3066 898 3319 954 cumque
3371 884 3659 956 Rhegium

1994 970 2239 1037 captum
2272 968 2663 1038 cognovisset,
2689 984 2822 1023 cum
2856 970 2983 1023 Bari
3019 972 3416 1041 exspectabat,
3442 978 3500 1028 et
3524 974 3661 1030 inde

2002 1061 2292 1126 quantum
2326 1061 2570 1128 poterat,
2610 1058 2782 1112 urbes
2812 1058 3004 1113 adhuc
3034 1060 3256 1115 amicas
3287 1062 3566 1117 Romanis
3598 1063 3656 1119 in

2001 1144 2192 1200 ofﬁcio
2224 1162 2289 1200 ac
2321 1146 2434 1201 tide
2463 1146 2816 1212 continebat,
2851 1148 3169 1216 praeﬁciens
3190 1150 3391 1217 duces,
3418 1156 3475 1206 et
3496 1168 3657 1207 exer-

2003 1233 2186 1289 citum
2256 1234 2493 1290 mittens
2554 1235 2625 1289 ad
2699 1234 2957 1290 locorum
3018 1237 3346 1293 custodiam
3400 1256 3413 1295 :
3467 1240 3659 1295 adhuc

2002 1322 2158 1377 enim
2192 1340 2223 1375 a
2258 1322 2535 1377 Romanis
2570 1327 2735 1377 erant
2768 1324 2953 1394 Baris,
2978 1324 3167 1393 Idrus,
3200 1326 3521 1397 Callipolis,
3556 1330 3662 1385 Ta-

2002 1413 2669 1478 rentum,Bruadusium
2692 1419 2749 1467 et
2774 1418 2934 1468 liora:
2956 1418 3013 1469 et
3035 1414 3149 1469 alia
3170 1416 3450 1487 oppidula
3473 1419 3663 1474 multa

2001 1505 2060 1555 et
2091 1501 2327 1556 omnino
2359 1510 2480 1556 tota
2513 1502 2691 1573 regio.
2728 1504 2956 1557 Interea
2998 1520 3133 1558 vero
3182 1504 3514 1561 declaratus
3544 1507 3665 1563 dux

2003 1596 2181 1653 Italiae
2224 1602 2477 1654 Perenus
2527 1599 2655 1654 fuit.
2711 1600 2855 1655 Cum
2907 1615 3037 1655 vero
3090 1617 3203 1655 non
3261 1602 3551 1671 potuisset
3602 1603 3663 1658 in

2002 1687 2467 1758 Longobardiam
2501 1688 2698 1759 copias
2723 1688 2992 1759 trajicere
3024 1695 3260 1761 propter
3291 1690 3527 1746 Roberti
3562 1709 3663 1763 po-

242 1776 562 1854 Βρενδίσιον
591 1779 678 1832 καὶ
709 1778 764 1832 αἱ
798 1780 950 1853 Ὠραι
984 1776 1071 1831 καὶ
1112 1775 1257 1832 ἄλλα
1299 1774 1564 1851 πολίχνια
1609 1777 1768 1831 ἰκανὰ
1803 1776 1892 1830 καὶ

2027 1777 2269 1841 entiam,
2303 1776 2603 1847 Dyrrachii
2634 1777 2872 1843 mansit,
2905 1779 3026 1833 dux
3058 1778 3356 1849 Dyrrachii
3403 1781 3666 1852 appella-

242 1872 389 1922 πᾶσα
422 1870 461 1935 ἡ
492 1868 650 1942 χώρα
696 1862 909 1927 ἁπλῶς.
960 1866 1045 1922 Ἐν
1101 1870 1181 1936 τῷ
1234 1864 1429 1937 μεταξὺ
1472 1862 1528 1919 δὲ
1574 1859 1893 1935 προεϐλήθη

259 1954 385 2025 ὃοὺξ
439 1958 537 2020 τῆς
593 1952 825 2017 Ἰταλίας
874 1956 901 2008 ὁ
969 1954 1234 2028 ΙΙερηνός.
1296 1956 1382 2022 Μὴ
1440 1951 1689 2024 δυνηθεὶς
1738 1951 1794 2007 δὲ
1826 1952 1900 2013 εἷς

254 2040 665 2119 Λογγιῦαρδίαν
722 2046 1094 2119 περαιωθῆναι
1151 2040 1240 2098 διὰ
1295 2045 1392 2113 τὴν
1446 2048 1544 2098 τοῦ
1600 2044 1903 2114 Ῥουμπὲρ-

251 2156 349 2188 του
380 2130 835 2187 καταδυναστείαν
886 2128 1092 2205 ἔμεινεν
1145 2132 1195 2187 ἐν
1238 2130 1906 2208 Δυρῥαχίῳ,ὁνομασοεὶς

251 2228 349 2278 τοῦ
402 2221 710 2297 Δυρραχίου
759 2218 905 2290 δοόξ.
984 2217 1296 2296 Νικηφόρος
1370 2217 1425 2274 δὲ
1482 2221 1510 2274 6
1568 2220 1907 2295 Καραντηνὸς

253 2310 533 2386 ἰκδρομὰς
577 2311 909 2383 ποιτυμένου
959 2315 1058 2364 τοῦ
1110 2311 1478 2383 Ῥουμπὲτρου
1522 2307 1611 2363 xui
1640 2308 1909 2363 χακώσεσι

258 2402 487 2475 μυρίαις
540 2400 665 2463 τοὺς
722 2398 964 2462 Ἰταλοὺς
1011 2399 1445 2474 κατατρ·3χοντος
1518 2394 1727 2452 ἰδειλία
1788 2398 1907 2470 μὶν,

255 2498 417 2572 ἔμενε
484 2496 526 2552 δ’
582 2500 734 2571 ὅμως
772 2499 871 2563 τήν
924 2495 983 2550 ἐκ.
1038 2496 1305 2571 βασιλέως
1351 2495 1627 2569 ἀναμένων
1688 2494 1909 2550 ἇπικου-

261 2590 406 2665 ρῖαν.
452 2590 620 2645 Πᾶσαι
681 2588 769 2642 οὖν
820 2587 874 2640 αἱ
934 2585 1191 2642 Ἰταλικαῖ
1240 2584 1428 2647 πόλεις
1476 2587 1909 2660 προσεχώρησαν

260 2680 351 2733 xui
415 2678 656 2752 φρουρὰν
691 2672 1047 2752 παρεδέξαντο
1081 2694 1092 2705 '
1151 2674 1287 2735 τινὶς
1336 2672 1393 2729 δὲ
1436 2674 1525 2728 xui
1557 2675 1795 2751 φρουρὰν
1833 2676 1908 2747 μὴ

260 2764 685 2837 παταδεξᾶμεναι
760 2764 1065 2842 ὑποφόρους
1136 2766 1488 2833 κατέστησαν.
1567 2763 1789 2819 Τούτων
1855 2761 1913 2818 δὶ

264 2856 411 2909 οὕτω
462 2853 805 2925 τελουμένων
851 2858 1037 2931 φυγεῖν
1097 2852 1191 2924 μὲν
1228 2847 1365 2927 ἔγνω
1423 2852 1511 2906 xui
1558 2852 1585 2906 6
1637 2859 1913 2924 Καραντη-

262 2946 380 3007 νὸς,
460 2942 852 3013 αὐξανομένους
939 2940 1065 3003 τοὺς
1144 2940 1437 3016 Φραγγους
1513 2942 1630 3005 καθ’
1685 2941 1914 3012 ἑκάστην

263 3033 410 3107 ὁρῶν
450 3051 465 3063 ·
520 3032 578 3085 τὸ
626 3029 682 3086 δὲ
729 3034 825 3093 τῆς
884 3029 1147 3104 αἰσχύνης
1191 3026 1377 3103 ἄδοξον
1428 3029 1781 3106 λογιζόμενος
1828 3030 1915 3084 ἐπὶ

261 3123 466 3195 χώρας
499 3117 697 3191 ἔμενεν,
739 3120 803 3173 τὸ
853 3115 1164 3193 Βρενδίσιον
1221 3122 1500 3193 συντηρῶν
1553 3117 1602 3172 ἐν
1660 3122 1729 3191 τῇ
1778 3118 1913 3194 πρὸς

2013 1869 2125 1919 tus.
2158 1864 2519 1934 Nicephorus
2551 1871 2745 1921 autem
2778 1866 3140 1922 Carantenus
3172 1869 3549 1926 excursiones
3580 1870 3666 1926 fa-

2014 1953 2200 2009 ciente
2235 1954 2484 2009 Roberto
2529 1959 2585 2009 et
2633 1954 2878 2009 infinitis
2929 1955 3099 2011 malis
3151 1956 3375 2012 Italiam
3425 1964 3668 2017 vexante

2012 2043 2196 2097 timeb
2226 2044 2553 2113 atquidem,
2587 2049 2987 2099 verumtamen
3022 2045 3095 2099 ab
3128 2045 3481 2116 imperatore
3502 2050 3670 2103 auxi-

2015 2130 2161 2185 lium
2228 2131 2624 2201 exspectabat.
2691 2135 2907 2186 Omnes
2973 2131 3156 2202 igitur
3216 2133 3426 2189 ltalicaa
3496 2138 3670 2195 urbes

2018 2220 2089 2275 ad
2140 2235 2273 2274 eum
2340 2235 2402 2273 se
2471 2218 2899 2290 applicuerunt,
2967 2226 3025 2275 et
3093 2222 3366 2292 praesidia
3428 2240 3669 2295 accepe-

2019 2317 2190 2377 runt;
2244 2311 2510 2381 quaedam
2560 2326 2694 2365 vero
2745 2310 3014 2381 praesidia
3064 2317 3400 2369 recusantes
3444 2314 3668 2386 stipen-

2018 2399 2236 2455 diarias
2266 2416 2329 2455 se
2360 2399 2563 2455 fecere.
2615 2400 2712 2455 llis
2744 2406 2938 2454 autem
2964 2403 3041 2456 ita
3062 2403 3331 2473 perfectis
3350 2405 3547 2475 fugere
3570 2406 3669 2460 de-

2020 2491 2202 2544 crevit
2262 2490 2411 2545 728
2470 2489 2647 2544 etiam
2705 2490 3090 2561 Carantenus,
3146 2492 3350 2546 videns
3408 2494 3671 2564 quotidie

2018 2578 2274 2634 Francos
2305 2579 2525 2650 augeri.
2558 2579 2667 2633 Sed
2701 2595 2900 2633 secum
2936 2586 3215 2651 reputans
3260 2581 3670 2655 ignominiam,

2022 2677 2081 2731 in
2117 2677 2413 2748 provincia
2462 2678 2698 2746 mansit,
2736 2676 3127 2732 Brundusium
3162 2677 3217 2732 in
3254 2678 3366 2735 fide
3396 2696 3532 2751 erga
3563 2681 3670 2736 im-

2025 2768 2353 2835 peratorem
2404 2768 2459 2818 et
2504 2762 2563 2817 in
2611 2764 2890 2818 servitute
2937 2765 3265 2833 continens,
3303 2766 3502 2821 fraude
3541 2783 3673 2823 vero

2023 2869 2091 2908 ac
2120 2852 2251 2908 dolo
2286 2853 2568 2909 finitimos
2601 2852 2854 2908 Francos
2900 2854 3256 2925 aggreditur.
3290 2854 3450 2909 Clam
3494 2856 3675 2928 igitur

2026 2957 2159 2996 cum
2192 2940 2341 3011 ipsis
2380 2940 2722 3009 collocutus,
2768 2945 2826 2994 et
2872 2940 2943 2995 de
2996 2941 3292 3012 prodenda
3335 2942 3480 3014 ipsis
3530 2943 3672 3000 urbe

2028 3030 2323 3085 mentione
2357 3028 2507 3083 ultro
2544 3030 2805 3099 citroque
2837 3030 3055 3094 habita,
3093 3033 3387 3087 venientes
3420 3032 3676 3088 Francos

2027 3119 2273 3191 excepit,
2305 3124 2364 3175 et
2391 3135 2491 3190 per
2521 3119 2735 3174 scalam
2771 3120 3153 3175 ascendentes
3201 3121 3464 3190 singulos
3498 3122 3675 3178 inter-

259 3212 362 3264 τὸν
394 3208 617 3280 βασιλέα
650 3207 828 3263 πίστει
856 3229 914 3262 τε
970 3207 1059 3261 xui
1110 3204 1398 3261 δουλώσει.
1461 3207 1669 3281 Ἀπάτη
1721 3205 1777 3262 δὲ
1824 3209 1911 3262 xui

2028 3208 2184 3273 fecit,
2217 3213 2449 3263 centum
2498 3207 2726 3262 circiter
2783 3223 3047 3275 numero,
3078 3226 3325 3278 quorum
3381 3210 3571 3281 capita
3618 3209 3677 3264 in

264 3296 423 3369 δόλῳ
484 3296 609 3360 τοὺς
690 3297 1017 3371 προσοίκους
1097 3295 1381 3371 Φράγγους
1433 3296 1744 3370 ὑπέρχεται.
1809 3305 1914 3351 Λα-

264 3388 475 3463 Θραίως
513 3386 598 3439 οὗν
628 3386 811 3449 αὐτοῖς
868 3386 1129 3460 ἐντυχὼν,
1190 3386 1279 3439 καὶ
1329 3384 1453 3459 περὶ
1496 3389 1593 3439 τοῦ
1622 3382 1919 3459 προδοῦναι

262 3478 371 3545 τὴν
400 3472 565 3529 πόλιν
601 3472 798 3549 λόγους
854 3473 943 3528 καὶ
1000 3470 1124 3534 δοὺς
1164 3474 1250 3527 xui
1284 3468 1492 3543 λαϐὼν,
1531 3472 1765 3543 ἤγοντας
1796 3473 1921 3537 τοὺς

269 3562 568 3639 Φρὰγγους
597 3561 807 3632 ἐδέξατο
860 3561 1105 3623 ἀνιόντας
1156 3559 1245 3616 διὰ
1294 3562 1585 3634 κλίμακος.
1637 3566 1771 3619 ’Ένα
1809 3564 1926 3618 καθ’

264 3653 367 3708 ἵνα
416 3656 551 3728 γοῦν
604 3660 712 3709 τῶν
768 3650 1025 3706 ἀνιόντων
1084 3650 1391 3729 ἀποσφάξας
1442 3652 1516 3713 είς
1566 3652 1753 3707 ἑκατὸν
1803 3652 1925 3727 ἀρι-

267 3742 643 3815 θμουμένους,
673 3741 764 3795 καὶ
814 3740 909 3801 τὰς
951 3738 1189 3816 κεφαλὰς
1219 3739 1395 3794 αὐτῶν
1428 3738 1612 3812 πλοίῳ
1644 3735 1926 3813 ἐμϐαλὼν,

268 3834 596 3903 περαιοῦται
648 3830 722 3891 εἷς
764 3829 825 3883 τὸ
878 3828 1203 3905 Δυρραχιον,
1256 3827 1452 3891 ἐκεῖθέν
1485 3850 1542 3884 τε
1590 3829 1667 3891 εἷς
1702 3830 1930 3905 βασιλέα

266 3925 389 3973 τῶν
452 3913 879 3990 συμϐεϐηκότων
968 3921 1172 3971 απεισιν
1245 3914 1491 3993 ἄγγελος.
1550 3918 1610 3974 Ὁ
1688 3918 1781 3991 μὶν
1838 3918 1928 3972 οὖν

272 4011 524 4081 Περηνὸς
557 4006 607 4062 ἰν
661 4006 954 4082 Δυρραχίῳ
1010 4006 1213 4079 ἔμεινε,
1272 4008 1371 4074 τήν
1435 4004 1491 4060 δὲ
1550 4006 1826 4081 βασιλείαν
1866 4007 1933 4061 τὰ

272 4095 645 4171 οῗκοιάνιαρα
697 4091 901 4164 ἔθλιϐε,
952 4095 1039 4149 xui
1097 4097 1195 4164 τὴν
1266 4096 1564 4164 ’Λνατολὴν
1621 4097 1688 4149 τὰ
1726 4095 1784 4150 ἐκ
1824 4099 1930 4150 τῶν

270 4184 533 4260 Τοὗρκων
591 4183 740 4240 δεινὰ
811 4182 1045 4253 ἐπίεζον,
1122 4182 1455 4256 αὐξανόμενα
1536 4185 1653 4238 καθ’
1704 4184 1931 4254 ἑκάστην

270 4275 376 4329 καὶ
460 4271 735 4348 μηδεμίαν
825 4267 1175 4345 λαμϐάνοντα
1258 4269 1431 4326 ἄνεσιν
1512 4271 1602 4327 καὶ
1676 4270 1935 4346 ἀνάγκην.

273 4372 728 4442 Τελευτήσαντος
769 4368 827 4425 δὲ
868 4374 965 4423 τοῦ
1023 4366 1216 4430 δουκὸς
1270 4370 1671 4424 Κωνσταντίνου
1699 4374 1794 4424 τοῦ
1846 4372 1939 4445 βα·

271 4462 506 4529 σιλὶως,
538 4464 637 4528 τῆς
700 4458 758 4514 δὲ
809 4456 1088 4535 βασιλίδος
1134 4455 1397 4519 Εὐδοκίας
1456 4460 1591 4534 πρὸς
1625 4456 1804 4535 βραχὺ
1833 4459 1933 4527 τήν

2030 3298 2329 3369 navigium
2364 3296 2640 3368 imposita
2671 3296 2742 3350 ad
2778 3296 3151 3368 Dyrrachium
3208 3298 3580 3364 transmittit,
3626 3302 3684 3353 et

2030 3386 2165 3441 inde
2192 3386 2263 3441 ad
2298 3386 2708 3456 imperatorem
2743 3400 2941 3440 eorum
2982 3403 3105 3455 quae
3147 3386 3477 3441 acciderant
3530 3404 3683 3442 nun-

2030 3478 2149 3532 tius
2182 3475 2595 3547 proficiscitur.
2624 3478 2881 3529 Perenus
2914 3474 3091 3547 igitur
3122 3475 3419 3547 Dyrrachii
3447 3476 3685 3546 mansit,

2033 3574 2347 3645 imperium
2394 3589 2529 3627 vero
2588 3572 2868 3627 intestina
2925 3572 3078 3627 mala
3130 3573 3570 3645 opprimebant,
3632 3579 3689 3630 et

2034 3663 2330 3719 Orientem
2380 3662 2552 3717 Turci
2596 3664 2881 3716 vexabant
2932 3662 3003 3717 iis
3055 3661 3228 3717 malis
3258 3679 3383 3734 qua:
3424 3662 3688 3734 quotidie

2038 3756 2207 3806 aucta
2240 3750 2403 3807 nulla
2432 3768 2501 3806 ex
2533 3757 2696 3822 parte
2731 3751 3196 3807 remittebantur.
3232 3752 3459 3809 Mortuo
3491 3758 3688 3808 autem

2039 3843 2186 3896 duce
2217 3840 2601 3895 Constantino
2634 3842 3005 3912 imperatore,
3043 3858 3175 3897 cum
3220 3842 3559 3913 imperatrix
3588 3842 3693 3897 Eu-

2041 3930 2207 3985 docia
2238 3931 2307 3985 ad
2344 3931 2512 3984 breve
2537 3936 2773 4001 tempus
2819 3930 3132 4001 imperium
3184 3931 3557 4000 obtinuisset,
3592 3931 3693 3985 ubi

2041 4021 2111 4075 ad
2144 4020 2461 4091 Diogenem
2496 4025 2729 4090 sceptra
2761 4035 3089 4089 pervenere,
3123 4021 3370 4075 Roberto
3402 4026 3458 4075 et
3490 4021 3560 4075 iis
3594 4019 3695 4091 qui

2042 4126 2177 4164 cum
2225 4107 2353 4179 ipso
2401 4114 2567 4163 erant
2598 4107 2754 4161 haud
2786 4106 3042 4178 vulgaris
3077 4113 3268 4163 metus
3302 4107 3550 4179 injectus
3582 4112 3691 4174 est,

2043 4213 2117 4253 ne
2147 4197 2322 4252 etiam
2356 4213 2384 4251 e
2416 4196 2540 4251 suis
2563 4196 2804 4250 sedibus
2833 4194 3189 4266 pellerentur
3208 4195 3697 4267 privarenturque

2046 4286 2191 4354 suis,
2219 4285 2435 4356 experti
2471 4286 2599 4354 ejus
2631 4286 2927 4338 virtutem.
2960 4285 3046 4338 Ab
3091 4284 3164 4337 iis
3208 4290 3402 4339 autem
3454 4284 3599 4341 locis
3642 4289 3701 4340 et

2047 4375 2278 4447 oppidis
2310 4390 2436 4445 quae
2467 4374 2537 4427 ad
2572 4373 2966 4427 Romanorum
2994 4372 3696 4446 spectabantimperium,

2050 4471 2327 4526 omnibus
2361 4469 2552 4525 modis
2585 4485 2712 4524 sese
2743 4468 3392 4525 subducebant.Verum
3415 4487 3549 4526 cum
3573 4471 3700 4543 ipse

278 4549 564 4625 βασιλείαν
597 4547 966 4623 ἀντισχούσης
1008 4546 1121 4601 ἐπεὶ
1174 4546 1249 4608 εἷς
1311 4548 1567 4620 Διογένην
1594 4548 1660 4601 τὰ
1690 4554 1915 4623 σκῆπτρι

2048 4576 2281 4631 quoque
2327 4563 2715 4629 occuparetur
2770 4556 2826 4611 in
2888 4558 3361 4629 expeditionibus
3418 4560 3700 4615 adversus

269 4646 389 4707 τῆς
444 4636 719 4712 βασιλείας
778 4635 1065 4711 περιῆλθε,
1132 4640 1212 4708 τῷ
1274 4636 1368 4708 μὲν
1429 4636 1787 4709 Ῥουμπὲρτῳ
1843 4636 1931 4689 καὶ

268 4733 406 4787 τοῖς
439 4727 555 4801 περὶ
612 4725 773 4781 αὐτὸν
832 4724 949 4786 δέος
1009 4723 1069 4779 οὐ
1122 4726 1184 4779 τὸ
1239 4726 1407 4799 τυχὸν
1456 4724 1547 4793 ἦν,
1602 4726 1676 4796 μὴ
1710 4724 1936 4778 καὶτῶν

274 4814 505 4871 οἰκείων
559 4816 829 4870 ἑκπᾶσωσι
884 4816 971 4869 καὶ
1048 4816 1348 4889 στερηθῶσι
1388 4819 1578 4889 πεῖραν
1620 4821 1721 4882 τῆς
1774 4811 1938 4867 αὐτοῦ

273 4906 673 4981 γενναιότητος
703 4901 947 4979 ἔχοντες,
1000 4908 1107 4958 τῶν
1161 4901 1217 4958 δὲ.
1266 4925 1329 4978 γε
1367 4902 1435 4978 τῇ
1462 4903 1730 4976 Ῥωμανίᾳ
1760 4901 1939 4980 διαφε-

274 4999 500 5070 ρουσῶν
548 4999 755 5071 χωρῶν
797 5014 856 5048 τε
902 4994 989 5047 xui
1020 4992 1233 5048 πόλεων
1293 5000 1422 5047 πᾶσι
1480 4994 1707 5067 τρόποις
1740 4993 1938 5065 ἀνῆγον

270 5084 513 5146 tamab:
549 5084 638 5139 xui
688 5082 1043 5140 ὑπὲστελλον.
1095 5086 1177 5156 [Ρ.
1222 5088 1348 5155 856]
1393 5087 1525 5146 Ταῖς
1586 5082 1641 5139 δὲ
1670 5084 1805 5138 κατὰ
1832 5086 1939 5136 τῶν

270 5172 542 5248 Τοῦρκων
593 5172 957 5245 ἐκστρατείαις
1030 5172 1395 5248 προσέχοντος
1463 5173 1552 5228 καὶ
1615 5173 1799 5239 αὐτοῦ,
1853 5171 1942 5226 xui

269 5270 367 5335 τῷ
434 5261 593 5318 πλέον
654 5258 907 5327 θλίϐοντι
980 5264 1082 5331 τήν
1144 5269 1315 5317 πᾶσαν
1364 5261 1603 5331 σπουδὴν
1659 5264 1942 5336 νέμοντος,

272 5362 482 5419 οὖν-ἑτι
532 5363 624 5433 μὶν
676 5363 752 5423 ὡς
833 5358 1109 5431 δεσπόται,
1178 5362 1381 5437 τρόπον
1441 5359 1498 5416 δὶ
1544 5360 1796 5417 κλεπτῶν
1853 5360 1944 5415 xui

274 5450 518 5526 λῃστῶν
570 5450 813 5511 ἐπιόντες
876 5450 1124 5525 ὑποφορα
1190 5450 1402 5514 ἑαυτοῖς
1456 5450 1523 5505 τὰ
1572 5457 1671 5519 τῆς
1710 5446 1946 5511 Ἰταλίας

274 5538 645 5607 ἐποιήσαντο.
696 5541 811 5592 Τῶν
866 5534 923 5592 δὲ
972 5538 1105 5593 κατά
1151 5538 1242 5593 τὸν
1298 5538 1576 5616 Διογένην,
1634 5538 1769 5613 ᾗπερ
1816 5538 1949 5592 ἀνω-

274 5630 449 5710 τὲρω
482 5624 815 5702 διεῖληπται,
847 5626 1317 5705 οἱκονομηθὲντων
1366 5649 1425 5688 τε
1455 5629 1543 5686 οιαὶ
1573 5627 1948 5708 πραχθάντων,

2047 4650 2292 4717 Turcos,
2325 4653 2383 4703 et
2413 4663 2587 4702 omne
2619 4646 2885 4701 studium
2920 4652 3161 4717 poneret
3192 4648 3248 4702 in
3285 4664 3350 4703 eo
3383 4648 3541 4719 quod
3583 4664 3699 4703 ma-

2047 4737 2136 4810 gis
2169 4740 2423 4807 urgeret,
2458 4752 2570 4789 non
2604 4734 2858 4806 amplius
2892 4741 2955 4790 ut
2986 4736 3232 4802 domini,
3257 4737 3355 4792 sed
3385 4738 3536 4793 724
3558 4753 3703 4809 prae-

2047 4828 2269 4881 donum
2288 4842 2353 4880 ac
2374 4824 2695 4896 piratarum
2716 4824 2901 4879 instar
2923 4824 3097 4879 Italia:
3120 4824 3249 4881 loca
3268 4826 3328 4881 in
3352 4844 3519 4882 suam
3546 4830 3704 4897 pote-

2050 4920 2259 4971 statem
2298 4913 2819 4984 redigebant.Cum
2842 4929 2978 4968 vero
3003 4914 3255 4985 Diogene
3278 4916 3625 4986 imperante,
3643 4919 3709 4969 ut

2051 5004 2324 5076 superius
2357 5004 2827 5057 demonstratum
2875 5007 2982 5069 est,
3027 5020 3116 5057 res
3166 5003 3590 5058 administratas
3640 5018 3707 5059 ac

2053 5098 2229 5165 gestas
2262 5092 2532 5155 fuissent,
2552 5090 2667 5144 sub
2701 5089 2983 5145 Michaele
3014 5107 3145 5146 vero
3171 5092 3486 5163 imperium
3521 5091 3675 5163 negli

2053 5186 2259 5253 genter
2315 5195 2380 5234 ac
2429 5176 2731 5249 pueriliter
2784 5178 3317 5250 administraretur,
3352 5186 3416 5236 ut
3472 5179 3713 5237 stabiles

2054 5269 2279 5326 domini
2312 5286 2343 5323 a
2370 5267 2517 5323 mari
2550 5282 2735 5337 usque
2765 5268 2835 5321 ad
2873 5284 3031 5322 mare
3062 5274 3118 5324 et
3150 5269 3618 5342 Longobardiam
3654 5272 3714 5325 et

2056 5360 2383 5416 Calabriam
2410 5356 2523 5413 sibi
2546 5357 3037 5428 subegere,eaque
3060 5357 3376 5415 distributa
3398 5365 3455 5415 et
3478 5358 3713 5431 oppidis

2057 5449 2263 5505 divisis
2291 5464 2351 5504 se
2384 5446 2648 5512 comites,
2705 5446 3021 5502 Robertum
3070 5464 3202 5505 vero
3255 5452 3466 5505 ducam
3511 5446 3711 5520 appel-

2058 5538 2275 5594 larunt.
2308 5534 2551 5592 Michael
2598 5536 2795 5589 autem
2828 5550 2944 5590 non
2976 5535 3168 5593 solum
3202 5554 3318 5594 non
3352 5535 3593 5593 retinuit
3620 5550 3709 5589 re-

2060 5628 2293 5702 gionem
2343 5642 2469 5699 quas
2503 5624 2576 5683 ad
2607 5638 2671 5683 se
2699 5622 3053 5698 pertinebat,
3086 5631 3152 5684 ut
3197 5627 3420 5684 dictum
3469 5626 3575 5696 est,
3607 5620 3710 5679 sed
