4040 6196
428 337 544 395 455
1757 318 2067 384 JUANNIE

2176 321 2530 384 CYLITZAZ
3725 326 3848 386 456

424 474 490 524 ut
518 467 680 539 ipsos
724 466 947 522 Turcos
978 478 1049 519 ex
1075 461 1311 518 Oriente
1358 458 1690 531 expelleret,
1731 455 2067 511 existimavi

2196 455 2410 510 καὶτοῦ
2460 454 2697 531 Μιχαὴλ
2747 456 2845 525 τὴν
2912 454 3188 530 βασιλείαν
3247 454 3471 530 ἀμελῶς
3518 457 3609 512 καὶ
3651 455 3848 513 παιδαο

422 557 537 614 sibi
568 555 904 613 faciendum
935 569 1065 608 esse
1098 557 1163 607 ut
1190 567 1325 607 cum
1374 548 1522 621 ipsis
1574 546 1762 601 fasdus
1812 550 2067 617 percute-

2195 543 2410 619 ριωδῶς
2439 542 2801 614 διιθύνονκος,
2856 546 2930 608 ὼς
2981 542 3236 601 δεσπόται
3266 540 3477 622 βέϐαιοι
3505 548 3611 602 ἀπὸ
3643 546 3849 611 θαλάτ-

422 652 531 713 ret,
562 651 621 701 et
651 646 916 717 ipsorum
968 659 1076 714 ope
1102 658 1169 697 ac
1200 639 1478 696 societate
1524 639 1848 694 Turcorum
1900 640 2067 690 teme

2191 655 2292 704 της
2322 631 2423 696 ἕως
2457 634 2731 706 θαλάττης
2773 636 2873 705 τήν
2925 657 2985 690 τε
3025 630 3429 712 Λογγιϐαρδίαν
3486 639 3576 691 καὶ
3603 638 3703 704 τὴν
3734 642 3849 693 Κα-

423 736 643 792 rarium
678 736 737 789 in
771 735 1169 789 Romanorum
1208 729 1505 801 regionem
1538 725 1823 783 insultum
1856 740 2067 780 coerce

2196 718 2425 796 λαϐρίαν
2479 723 2691 787 ἑαυτοῖς
2761 724 3183 796 ὑπεποιήσαντο⁹
3243 724 3333 779 καὶ
3380 724 3585 795 ταύτην
3642 722 3845 781 διανει-

426 830 730 891 ret.Quare
759 822 937 878 etiam
972 819 1321 875 affinitatem
1344 832 1476 871 cum
1504 816 1748 871 Roberto
1772 813 2062 869 contraxit

2198 813 2428 885 μάμενοι
2482 814 2571 867 καὶ
2621 814 2689 868 τὰ
2743 812 2946 887 κάστρα
3006 810 3453 889 διαμερισάμινοι
3490 813 3712 877 ἑαυτοὺς
3750 814 3847 887 μὲν

424 915 671 986 ejusque
752 911 933 967 filiam
1015 908 1294 963 Helenam
1379 906 1705 977 despondet
1779 921 1886 959 suo
1964 902 2067 957 fili<

2192 901 2465 976 κόμητας,
2514 902 2605 958 τὸν
2665 900 2723 958 δὶ
2768 903 3140 979 Ῥουμπὲρτον
3208 900 3375 959 δοῦκα
3412 906 3850 979 προσωνομάκα-

424 1000 825 1059 Constantino.
860 997 1109 1054 Volebat
1139 997 1247 1051 bac
1279 996 1501 1051 ratione
1537 996 1857 1066 imperator
1906 993 2067 1048 finerr

2193 1012 2293 1047 σιν.
2326 992 2382 1046 Ὀ
2414 989 2471 1047 δὲ
2529 990 2762 1068 Μιχαὴλ
2821 992 2883 1047 οὖ
2945 993 3109 1066 μονὸν
3160 991 3260 1048 οὐκ
3303 993 3698 1063 ἀντεποιήσατο
3742 1002 3845 1063 τῆς

422 1091 677 1162 aliquem
729 1088 907 1143 rebus
958 1085 1208 1157 imponi,
1239 1085 1339 1141 sed
1374 1101 1407 1139 ιι
1437 1084 1552 1139 Deo
1596 1082 1927 1155 prohibitus
1971 1086 2067 1149 est

2194 1077 2556 1157 διαφερούσης
2609 1082 2782 1155 ἑαυτῷ
2840 1084 3053 1159 χώρας,
3104 1082 3180 1145 ὡς
3225 1080 3460 1158 εἶ’ρηται,
3493 1081 3620 1137 ἀλλ’
3675 1084 3750 1145 ὡς
3785 1082 3845 1138 ’ἀν

423 1181 521 1252 qui
548 1182 675 1250 jam
709 1179 938 1251 pridem
983 1177 1318 1232 decreverat
1365 1174 1619 1230 Orientis
1668 1172 1981 1246 perniciem
2028 1184 2067 1227 ei

2190 1168 2317 1233 τοὺς
2346 1169 2627 1246 Τούρκους
2658 1178 2758 1242 τῆς
2812 1170 3119 1241 Ἀνατολῆς
3152 1170 3441 1244 ἱξελάσειε,
3474 1169 3591 1227 δέον
3624 1170 3847 1244 ἐνόμισε

422 1268 813 1324 eversionem.

2191 1258 2504 1324 σπείσασθαι
2562 1259 2745 1324 αὐτοῖς
2817 1259 2908 1316 καὶ
2984 1258 3053 1316 δι’
3128 1260 3301 1315 αὐτῶν
3365 1261 3455 1316 καὶ
3513 1258 3608 1316 σὺν
3662 1261 3849 1322 αὐτοῖς

421 1350 766 1425 ἀποσοϐῆσαι
826 1353 999 1410 αὐτῶν
1055 1354 1152 1422 τὴν
1208 1349 1406 1427 ἄλογον
1454 1351 1592 1405 κατά
1634 1356 1735 1419 τῆς
1787 1346 2096 1421 Ῥωμανίας
2174 1346 2475 1406 ὲπὲλευσιν.
2536 1350 2693 1415 Ὅθεν
2749 1351 2840 1405 καὶ
2896 1347 3065 1419 κῆδος
3123 1351 3259 1425 πρὸς
3314 1351 3407 1405 τὸν
3464 1351 3835 1426 Ῥουμπέρτον

421 1450 681 1515 ποιεῖται,
735 1444 824 1499 καὶ
880 1445 980 1512 τὴν
1040 1441 1205 1497 αὐτοῦ
1260 1440 1528 1515 θυγατέρα
1574 1436 1800 1507 Ἑλένην
1885 1440 2242 1512 κατεγγυᾶται
2325 1441 2403 1508 τῷ
2486 1437 2677 1492 ἑαυτοῦ
2743 1439 2846 1509 υἱῷ
2925 1437 3326 1511 Κωνσταντίνῳ.
3386 1434 3685 1494 Ἠϐούλετο
3751 1441 3853 1511 μὲν

422 1535 574 1588 ταυτί
624 1534 652 1587 ὁ
717 1531 995 1609 βασιλεὺς,
1055 1530 1247 1606 πὲρατι
1299 1528 1358 1584 δὲ
1416 1527 1641 1598 δοθῆναι
1715 1528 1862 1603 παρὰ
1934 1529 2068 1580 Θεοῦ
2145 1522 2473 1597 κεκώλυται,
2527 1524 2697 1582 πάλαι
2758 1527 3138 1607 ψηφισαμένου
3189 1535 3289 1599 τῆς
3347 1526 3644 1598 Ἀνατολῆς
3702 1527 3846 1583 πᾶν·

422 1622 686 1699 ωλεθρίαν
718 1621 809 1677 καὶ
838 1622 1148 1677 ἀνάστασιν.

492 1732 610 1788 Ηοο
643 1732 967 1803 imperante
1000 1729 1162 1802 Cpoli
1193 1732 1322 1784 orta
1349 1733 1439 1784 est
1468 1727 1652 1799 tripes
1683 1724 1907 1790 avis,et
1937 1739 2085 1795 puer
2115 1725 2163 1790 B

419 1821 645 1877 habens
671 1821 731 1875 in
761 1821 949 1875 fronte
975 1818 1214 1876 oculum
1246 1833 1429 1872 unum
1463 1820 1521 1871 et
1552 1815 1727 1887 pedes
1776 1812 2073 1879 hircinos;

418 1916 476 1965 et
506 1910 620 1964 duo
652 1924 720 1963 ex
751 1905 1190 1962 immortalibus
1221 1904 1509 1959 militibus
1540 1900 1786 1957 fulmine
1812 1898 2075 1971 percussi

418 2004 578 2056 sunt.
606 1998 751 2053 Puer
778 2000 971 2052 autem
1006 2000 1422 2050 monstruosus
1450 1991 1510 2047 in
1543 1989 1777 2063 publico
1804 1990 2074 2059 ingressu

419 2087 770 2142 Diaeonissie
803 2085 1004 2140 ﬂetum
1040 2082 1345 2138 emittebat
1373 2080 1608 2152 lugubri
1631 2076 1906 2134 similem.
1928 2080 2076 2130 Prai-

416 2180 574 2231 terea
636 2174 857 2229 crinitae
914 2187 1156 2243 quoque
1212 2169 1391 2225 stellae
1446 2168 1709 2240 plurimas
1758 2170 1815 2222 et
1870 2165 2073 2220 crebro

417 2278 761 2335 apparuere.
788 2260 895 2316 Ubi
918 2276 1051 2316 vero
1076 2258 1309 2314 barbari
1341 2274 1436 2313 res
1464 2256 1715 2312 Orientis
1738 2254 2075 2326 praedaban-

416 2356 532 2422 tur,
557 2357 614 2408 et
636 2350 958 2406 multitudo
990 2348 1203 2421 partim
1234 2347 1567 2403 caedebatur
1596 2346 1808 2417 partim
1842 2344 2073 2415 fugiens

415 2441 617 2513 Cpolin
647 2440 1050 2511 confugiebat,
1089 2438 1234 2493 725
1271 2436 1573 2506 indigebat
1602 2441 1837 2504 tempus
1882 2437 2073 2488 mente

416 2529 585 2585 senili
632 2536 691 2585 et
736 2528 967 2584 excelsa
1018 2528 1091 2581 ad
1144 2542 1235 2580 res
1283 2524 1718 2595 gubernandas,
1762 2522 1887 2591 ipse
1939 2536 2071 2574 vero

417 2625 539 2674 tam
566 2631 691 2673 erat
712 2634 920 2672 avarus
951 2633 1018 2671 ac
1049 2614 1181 2669 vilis
1215 2620 1278 2668 ut
1309 2629 1380 2667 ne
1408 2611 1647 2667 obolum
1679 2610 1918 2680 quidem
1949 2607 2071 2663 vel-

418 2708 497 2763 let
544 2708 869 2771 efi‘undere,
920 2720 1109 2776 neque
1160 2704 1441 2773 praeberet
1490 2700 1667 2755 alicui
1740 2697 2065 2769 quidpiam,

417 2797 758 2868 quicunque
792 2797 840 2851 is
872 2800 1050 2859 esset,
1075 2799 1178 2848 aut
1207 2791 1509 2862 providere
1538 2790 1787 2858 fructus,
1818 2787 1919 2857 qui
1963 2804 2069 2841 na-

417 2884 588 2956 vigiis
620 2882 991 2948 veherentur,
1016 2882 1085 2935 ad
1110 2881 1328 2933 victum
1355 2877 1714 2932 necessarios
1745 2875 2069 2945 importan-

416 2974 522 3029 dos
554 2989 567 3027 :
601 2989 804 3029 verum
856 2971 1018 3027 inani
1048 2975 1105 3027 et
1134 2968 1329 3024 inutili
1379 2965 1731 3039 eloquentiaa
1780 2963 1975 3019 studio
2012 2967 2070 3019 et

2268 1722 2393 1779 Ἐπὶ
2416 1722 2618 1779 τούτου
2669 1724 2863 1799 ἐτέχθη
2922 1724 2973 1779 ἂν
3020 1723 3591 1781 Κωνσταντινουπολει
3619 1724 3852 1799 τρίπους

2186 1805 2333 1886 ὅρνις
2365 1812 2456 1866 καὶ
2491 1811 2706 1868 παιδίον
2764 1812 2899 1889 ἕχον
2948 1815 3084 1869 κατά
3127 1814 3189 1869 τὸ
3226 1819 3473 1887 μέτωπον
3505 1811 3598 1869 ἕνα
3636 1812 3850 1892 όφθαλ·

2189 1902 2310 1973 μὸν,
2343 1901 2705 1978 τραγοπελές
2755 1901 2813 1958 δὶ
2841 1902 2970 1965 τοὺς
3025 1901 3215 1965 πόδας.
3273 1903 3375 1959 Δύο
3409 1901 3467 1959 δὶ
3492 1908 3600 1959 τῶν
3634 1902 3841 1958 ἀθανά-

2182 2011 2290 2044 των
2323 1996 2670 2067 στρατιωτῶν
2729 1992 2985 2066 γεγόνασι
3024 1987 3478 2068 κεραυνόϐλητοι.
3539 1991 3618 2049 Τὸ
3672 1988 3732 2046 δὶ
3761 2012 3852 2047 τε·

2184 2077 2418 2152 ρατῶδες
2447 2078 2661 2136 παιδίον
2696 2080 2747 2136 ἐν
2777 2085 2846 2155 τῇ
2878 2086 2985 2135 τῶν
3035 2080 3390 2151 Διακονίσσης
3417 2078 3658 2154 δημονιᾳ
3683 2100 3827 2155 παρ-

2183 2166 2295 2241 όδῳ
2350 2168 2628 2243 κλαυθμὸν
2678 2169 2827 2248 ἠφίει
2870 2168 3108 2243 παιδικῷ
3159 2170 3536 2246 προσεοικότα.
3584 2170 3662 2227 Οὐ
3716 2171 3827 2243 μὴν

2184 2254 2240 2313 δὶ
2299 2258 2444 2315 ἀλλά
2498 2261 2587 2315 καὶ
2666 2262 2904 2334 κομῆται
2983 2259 3359 2336 παρετείνοντο
3428 2258 3676 2316 πλεῖστοι
3736 2258 3830 2314 καὶ

2182 2350 2397 2422 συχνοί.
2458 2351 2608 2407 Ἐπεὶ
2668 2348 2725 2405 δὲ
2780 2350 2869 2404 καὶ
2929 2351 2980 2404 οἱ
3038 2345 3313 2426 Βάρϐαροι
3376 2350 3594 2419 τά’τῆς
3649 2348 3829 2420 Ἑῴας

2182 2438 2468 2509 ἐληίζοντο
2499 2440 2675 2495 καὶτὸ
2723 2439 2937 2510 πλῆθος
2989 2441 3052 2495 τὸ
3108 2440 3203 2512 μὶν
3255 2441 3506 2514 ἀνῃρεῖτο
3526 2440 3587 2494 τὸ
3619 2437 3676 2494 δὲ
3705 2443 3833 2515 Ῡ⁸ὖ’

2180 2550 2276 2603 γον
2320 2532 2389 2603 τῇ
2422 2531 2830 2585 Κωνσταντίνου
2877 2528 3263 2607 προσέφευγεν,
3312 2527 3482 2584 ἐδεῖτο
3518 2528 3611 2601 μὲν
3645 2530 3672 2582 ὁ
3702 2550 3833 2583 και-

2181 2617 2272 2692 ρὸς
2322 2618 2678 2691 οἰκονομικῆς
2722 2619 2812 2674 καὶ
2865 2614 3229 2695 πρεσϐυτικῆς
3280 2618 3369 2673 καὶ
3427 2616 3831 2693 μεγαλοψύχου

2178 2710 2388 2787 φρενὸς,
2423 2711 2450 2764 ὁ
2504 2708 2561 2765 δὲ
2601 2715 2857 2766 τοσοῦτον
2916 2710 2979 2785 ἦν
3025 2707 3293 2787 φειδωλὸς
3351 2711 3440 2764 καὶ
3495 2706 3835 2783 μικρολόγος

2179 2799 2315 2854 ὥστε
2370 2798 2499 2872 μηδ’
2557 2796 2755 2856 ὀϐολὸν
2830 2802 3089 2876 προέσθαι
3136 2797 3309 2854 θέλειν
3372 2796 3513 2872 μηδὶ
3564 2800 3827 2872 παρεχειν

2174 2890 2282 2944 τινὶ
2312 2888 2374 2943 τὸ
2404 2890 2642 2958 οἱονοῦν,
2695 2887 2731 2959 ἤ
2781 2889 3040 2965 πρόνοιαν
3088 2892 3217 2963 γοῦν
3247 2892 3461 2963 τροφῶν
3496 2884 3829 2958 διακομιδῆς

2174 2979 2527 3054 γεννημάτων
2583 2980 2698 3052 (38)
2759 2976 2849 3033 διὰ
2906 2983 3146 3052 σιτηγῶν
3200 2976 3412 3032 πλοίων
3465 2977 3827 3046 ποιήσασθαι,

416 3063 634 3121 iambis
664 3069 839 3136 atque
871 3063 1182 3135 anapaestis
1230 3057 1654 3131 componendis
1701 3055 2067 3112 continenter

2179 3066 2324 3123 ἀλλά
2371 3071 2440 3141 τῇ
2495 3068 2697 3164 ματαίᾳ
2750 3067 2838 3122 καὶ
2897 3067 3144 3140 ἀνηνύτῳ
3200 3066 3321 3141 περὶ
3371 3066 3564 3141 λόγους
3607 3062 3827 3139 σπουδῇ

416 3169 651 3223 vacans,
674 3154 943 3224 quamvis
971 3167 1043 3206 ne
1074 3151 1132 3205 in
1165 3154 1296 3204 cute
1325 3146 1561 3219 quidem
1604 3150 1787 3201 artem
1833 3148 2067 3215 gustas-

2177 3156 2376 3229 καὶτῷ
2424 3152 2691 3229 ἰαμϐίζειν
2744 3156 2836 3212 καὶ
2895 3155 3253 3218 ἀναπαίστους
3306 3156 3602 3210 συντιθέναι
3657 3174 3833 3226 προσ-

416 3248 527 3311 eet,
560 3259 594 3298 a
633 3241 1120 3314 philosophorum
1169 3238 1378 3294 eximio
1422 3238 1703 3307 deceptus
1751 3240 1809 3289 et
1854 3232 2067 3287 illusus

2176 3247 2319 3322 έχων
2382 3244 2665 3317 διηνεκῶς,
2736 3245 2910 3301 καίτοι
2978 3242 3108 3318 μηδ’
3187 3244 3238 3298 ἐν
3292 3249 3415 3321 χρῷ
3466 3251 3563 3313 τῆς
3616 3243 3829 3319 τεχνης

413 3336 626 3397 totum,
676 3336 741 3386 ut
790 3331 871 3386 ita
918 3330 1187 3398 dixerim,
1218 3328 1503 3383 mundum
1560 3324 1834 3396 perdidit.
1870 3322 2067 3378 Oritur

2176 3338 2524 3411 γευσάμενος,
2557 3334 2682 3391 ἀλλ’
2715 3336 2817 3390 ὑπὸ
2868 3339 2965 3390 τοῦ
3006 3339 3117 3390 τῶν
3148 3334 3461 3412 φιλοσόφων
3500 3334 3703 3388 ὑπάτου
3738 3331 3831 3403 ἰξ-

413 3421 568 3477 enim
600 3421 810 3493 ingens
846 3422 1052 3489 fames,
1084 3434 1261 3489 quam
1293 3420 1610 3471 consecuta
1653 3418 1742 3468 est
1794 3412 1975 3483 pestis
2011 3414 2067 3465 et

2176 3425 2531 3497 απατώμενος
2567 3424 2657 3479 καὶ
2700 3420 3275 3495 ἀποϐουκολούμενος,
3306 3425 3396 3478 τὸν
3435 3422 3641 3495 κόσμον
3688 3421 3828 3477 ὅλον

414 3527 595 3577 mors,
626 3526 756 3581 quae
782 3507 960 3564 simul
1010 3507 1354 3562 nutriuntur
1397 3510 1453 3560 et
1500 3509 1758 3574 cognatas
1808 3510 1943 3556 sunt
1990 3498 2065 3554 ad

410 3599 715 3655 hominum
742 3598 1055 3669 perniciem
1079 3602 1137 3651 et
1156 3590 2065 3664 consanguineis,moriebantur-

411 3705 525 3759 que
574 3687 835 3759 quotidie
885 3688 1244 3755 frequentes,
1293 3685 1372 3737 ita
1422 3688 1483 3736 ut
1533 3698 1603 3735 ne
1651 3680 1761 3734 vivi
1822 3679 2061 3750 quidem

415 3780 677 3831 mortuos
716 3775 919 3831 efferre
968 3778 1229 3845 possent,
1279 3777 1336 3825 et
1385 3770 1442 3824 in
1496 3770 1566 3823 iis
1615 3785 1742 3839 qua:
1786 3768 2064 3822 dicuntur

408 3864 602 3935 Septa,
635 3863 882 3935 neglecti
906 3866 1170 3932 jacerent
1197 3866 1253 3915 et
1278 3858 1454 3914 simul
1496 3858 1862 3912 deferrentur
1891 3854 2061 3910 multi

409 3952 468 4006 in
528 3969 644 4007 uno
707 3951 943 4018 lectulo,
1004 3966 1138 4005 cum
1193 3964 1346 4019 saepe
1379 3948 1635 4019 quinque
1694 3952 1796 4001 aut
1850 3962 1950 4000 sex
1980 3945 2061 3999 ibi

408 4042 690 4097 cadavera
748 4040 940 4112 posita
990 4043 1208 4107 essent,
1254 4042 1311 4093 et
1382 4037 1639 4107 undique
1696 4035 2060 4091 calamitates

408 4130 792 4195 conﬂuerent,
821 4129 1100 4198 omnique
1132 4126 1409 4182 mmstitia
1440 4126 1582 4181 urbs
1614 4125 1773 4195 regia
1802 4124 2059 4195 comple-

410 4226 590 4275 retur.
626 4222 815 4290 Atque
864 4218 1214 4289 injuriarum
1266 4232 1394 4287 qua)
1438 4214 1702 4285 quotidie
1746 4215 1970 4281 ﬁerent,
2002 4218 2060 4270 et

2175 3510 2491 3590 διέφθειρεν,
2525 3512 2601 3575 ὠς
2649 3512 2839 3569 εἰπεῖν.
2887 3513 3095 3567 Γίνεται
3145 3513 3247 3587 γὰρ
3295 3510 3460 3585 λιμὸς
3495 3511 3744 3587 ἲσχυρὸς,
3780 3512 3829 3582 ᾧ

2175 3599 2241 3671 δὴ
2274 3601 2365 3656 καὶ
2406 3599 2604 3674 λοιμὸς
2638 3601 2998 3657 ἐπακολουθεῖ
3043 3601 3131 3656 καὶ
3176 3602 3421 3667 θάνατος,
3453 3601 3520 3655 τά
3550 3601 3830 3677 σύντροφα

2170 3696 2336 3746 ταῦτα
2365 3691 2453 3745 καὶ
2486 3692 2622 3763 πρὸς
2674 3688 2899 3765 ὄλεθρον
2947 3690 3249 3766 ἀνθρώπων
3306 3686 3515 3768 ἀδελφὰ
3557 3688 3645 3743 καὶ
3681 3689 3826 3762 ὀμό-

2170 3800 2322 3851 τιμα.
2358 3780 2460 3835 Καὶ
2496 3778 2748 3849 ἔθνησκον
2799 3781 2915 3835 καθ’
2964 3780 3193 3847 ἑκάστην
3242 3780 3457 3854 συχνοὶ,
3506 3778 3644 3833 ὥστε
3680 3776 3828 3851 μηδὶ

2173 3865 2424 3931 δύνασθαι
2471 3868 2598 3931 τοὺς
2659 3874 2859 3937 ζῶντας
2936 3869 3175 3946 ἐκφέρειν
3242 3868 3369 3929 τοὺς
3427 3866 3673 3943 νεκροὺς,
3731 3868 3825 3922 καὶ

2168 3962 2285 4018 τοῖς
2346 3960 2426 4031 [Ρ.
2484 3960 2610 4031 857]
2658 3955 2977 4033 λεγομένοις
3031 3952 3295 4029 ἐμϐόλοις
3349 3958 3555 4011 κεῖσθαι
3606 3957 3826 4029 ἀτημε-

2171 4046 2392 4116 λήτους,
2423 4046 2512 4100 καὶ
2569 4044 2812 4122 φοράδην
2854 4046 3171 4119 κομίζεσθαι
3228 4044 3498 4115 πολλοὺς,
3542 4042 3827 4109 πολλάκις

2169 4134 2220 4190 ἐν
2279 4141 2377 4208 μιᾷ
2427 4133 2588 4209 κλινῃ
2640 4136 2797 4190 πέντε
2837 4136 2927 4190 καὶ
2984 4130 3033 4209 ἕξ
3091 4134 3381 4208 τιθεμένων
3436 4138 3669 4209 νεκρῶν,
3730 4136 3827 4190 καὶ

2166 4225 2427 4289 πάντοθεν
2485 4223 2819 4300 ἰπισυῤῥὲειν
2866 4226 2934 4279 τὰ
2981 4225 3294 4296 σκυθρωπὰ,
3343 4223 3432 4278 καὶ
3484 4222 3667 4292 πάσης
3720 4246 3828 4279 κα-

406 4308 745 4379 iniquorum
813 4306 1173 4378 judiciorum
1229 4310 1286 4361 et
1340 4304 1711 4359 vexationum
1788 4303 2058 4359 remissio

2176 4313 2390 4389 εηφείας
2440 4312 2787 4388 πληροῦσηαι
2835 4314 2935 4381 τὴν
2988 4311 3392 4388 βασιλεύουσαν.
3425 4317 3542 4366 Τῶν
3600 4308 3660 4367 δὶ
3699 4315 3828 4367 καθ·

406 4396 568 4453 nulla
598 4398 670 4452 ab
702 4396 775 4452 iis
802 4395 903 4468 qui
935 4394 1301 4467 imperabant
1352 4392 1807 4464 excogitabalur.
1841 4391 2055 4447 Verum

2176 4407 2440 4476 ημερινῶν
2502 4400 2855 4475 ἀδικημάτων
2913 4402 3005 4457 καὶ
3054 4406 3161 4457 τῶν
3221 4400 3554 4477 παρανόμων
3611 4402 3827 4476 χριμά-

409 4488 577 4559 quasi
607 4486 769 4543 nullo
798 4487 1260 4559 alienigenarum
1294 4484 1535 4541 omnino
1564 4483 1847 4539 Romanis
1878 4482 2057 4539 mole-

2176 4512 2273 4545 των
2306 4490 2391 4545 καὶ
2440 4490 2765 4566 εἲςπράξεων
2822 4488 3051 4564 οὐδεμία
3079 4512 3160 4553 τις
3209 4466 3482 4560 ἀναστολή
3534 4466 3827 4566 τοῖςπκρα-

407 4580 585 4635 stiam
617 4579 924 4635 exbibente
954 4578 1126 4645 bello,
1168 4576 1610 4639 veldivinaira,
1652 4575 1742 4631 vel
1792 4575 2061 4631 homines

407 4668 705 4740 afﬂigente
734 4667 933 4738 inopia
958 4673 1014 4722 et
1035 4666 1088 4720 vi
1111 4667 1181 4721 ad
1206 4665 1422 4720 victum
1458 4665 1803 4736 pertinente,
1830 4664 1911 4719 ita
1931 4664 2058 4719 sine

409 4763 565 4813 metu
592 4758 1007 4829 perpetrabant
1039 4773 1107 4813 ea
1144 4773 1271 4827 quis
1294 4756 1426 4811 odio
1449 4755 1644 4811 divino
1666 4756 1844 4826 digna
1862 4759 2060 4811 essent

408 4853 465 4901 et
497 4848 821 4919 tyrannica,
853 4852 909 4902 et
938 4862 1112 4901 omne
1143 4845 1515 4916 imperatoris
1546 4844 1861 4901 consilium
1885 4848 2059 4916 atque

405 4934 744 4990 institutum
799 4936 871 4990 ad
919 4934 1297 4989 offendendos
1345 4936 1402 4987 et
1449 4933 1663 5003 injuria
1716 4932 2057 4988 afficiendos

406 5025 677 5080 subditos
736 5028 793 5085 et
846 5024 1245 5095 decipiendos,
1304 5027 1363 5077 et
1426 5023 1725 5078 venandas
1790 5022 2055 5093 ipsorum

402 5112 575 5183 vitas,
608 5117 665 5169 et
692 5113 1056 5170 occasionem
1103 5112 1253 5168 726
1284 5111 1604 5167 insidiandi
1636 5110 1782 5182 ipsis
1814 5116 2054 5182 captan-

404 5203 541 5258 dam
575 5203 957 5271 referebatur,
990 5202 1071 5257 ita
1099 5206 1166 5256 ut
1196 5198 1374 5256 etiam
1410 5214 1598 5271 usque
1629 5199 1703 5254 ad
1734 5214 1903 5255 sacra
1932 5216 2056 5255 mo-

2165 4584 2347 4636 τοῦσιν
2406 4580 2698 4637 ἐπενοεῖτο.
2760 4578 2912 4638 Ἀλλ’
2957 4579 3138 4656 ὥσπερ
3189 4578 3423 4653 μηδενὸς
3470 4580 3536 4635 τὸ
3565 4580 3829 4656 παράπαν

2166 4668 2527 4745 ἐνοχλοῦντος
2584 4676 2705 4732 τοῖς
2760 4670 3056 4743 Ῥωμαίοις
3103 4667 3426 4745 ἀλλοφύλου
3482 4668 3746 4743 πολεμου
3786 4669 3824 4739 ἥ

2169 4759 2314 4822 θείας
2359 4757 2528 4833 ὀργῆς
2577 4756 2613 4827 ἤ
2667 4758 2796 4820 τοὺς
2848 4758 3169 4833 ἀνθρώπους
3226 4756 3685 4833 κατατρυχούσης
3738 4758 3826 4812 ὲν-

2168 4844 2311 4909 δείας
2340 4848 2431 4902 καὶ
2493 4847 2613 4923 βίας
2672 4848 2955 4922 βιωτικῆς,
3011 4845 3183 4909 οὕτως
3225 4846 3396 4907 ἀδεῶς
3439 4842 3710 4920 ἔπραττον
3759 4846 3830 4902 τὰ

2167 4942 2395 5007 θεομισῆ
2454 4936 2544 4990 καὶ
2596 4934 2902 5008 τυραννικά.
2954 4934 3059 4990 Καὶ
3117 4940 3220 4989 πᾶν
3281 4928 3681 5009 προϐούλευμα
3733 4936 3831 5005 βα-

2167 5025 2377 5079 σιλικὸν
2411 5026 2497 5079 καὶ
2533 5024 2773 5097 ἐννόημα
2804 5025 2879 5086 εἷς
2932 5024 2995 5078 τὸ
3040 5023 3169 5085 τοὺς
3219 5022 3453 5085 οίκείους
3485 5021 3695 5078 ἀδικεῖν
3731 5026 3828 5081 καὶ

2163 5112 2610 5190 κατασοφίζεσθαι
2655 5113 2743 5169 καὶ
2794 5111 3038 5187 θηρεύειν
3079 5110 3206 5174 τοὺς
3263 5111 3416 5187 βίους
3636 5112 3829 5168 αὐτῶν

2163 5201 2253 5256 καί
2283 5202 2381 5271 τὴν
2403 5201 2661 5280 ἀφορμὴν
2719 5209 2819 5272 τῆς
2862 5207 3009 5271 ζωῆς
3062 5201 3395 5276 κατεγίνετο,
3434 5201 3509 5263 ὡς
3558 5202 3652 5255 καὶ
3685 5200 3831 5278 ἄχρι

1721 5370 1963 5427 JACOBI
2002 5374 2211 5430 GOARI
2251 5375 2484 5432 NOT/E.

473 5517 583 5589 (38)
615 5515 937 5589 Legumina
967 5514 1219 5589 maxime
1248 5515 1305 5589 et
1334 5527 1697 5589 quacunque
1748 5517 2048 5581 seruntur,

399 5583 723 5667 γεννήματα
739 5584 1395 5667 voeant_l_3uchologium
1427 5588 1485 5667 et
1514 5583 1622 5667 ξΙιιιε
1652 5584 1748 5639 Gr.

474 5655 587 5739 (39)
619 5658 740 5715 Βίον
768 5674 885 5717 non
917 5659 1088 5716 vitam
1116 5655 1311 5731 modo,
1342 5656 1446 5713 sed
1476 5660 1532 5713 et
1562 5670 1710 5732 opes,
1737 5660 1938 5729 artem,
1958 5660 2047 5733 [a-

2157 5518 2404 5582 cullates,
2438 5517 2651 5590 quibus
2679 5517 2911 5590 vivitur,
2946 5515 3294 5573 recentiores
3325 5515 3835 5590 interpretantur,

2157 5589 2659 5665 easdemquebic,
2686 5589 2965 5665 damnata
3004 5589 3375 5663 imperatoris
3423 5589 3693 5665 avaritia,
3730 5589 3832 5653 in.

2154 5660 2339 5737 telligi
2369 5660 2751 5720 manifestum
2782 5664 2890 5719 est.
