4040 6196
205 355 315 411 457

1722 333 2122 395 HISTORIA.

3501 338 3619 395 458

204 486 305 536 τῶν
341 482 501 544 θείων
537 481 720 548 σηκῶν
762 476 1115 543 ἑπεκταθῆναι
1145 474 1245 542 τὴν
1303 469 1611 539 πλεονεξίαν
1672 466 1859 533 αὐτοῦ,

1987 481 2052 520 nu
2066 470 2260 519 menta
2290 465 2415 534 ejus
2465 462 2707 518 avaritia
2740 464 3074 535 pertineret,
3099 468 3155 521 et
3176 467 3326 522 sacri
3356 467 3619 541 ipsorum

204 571 287 625 καὶ
318 572 390 625 τα
414 570 534 645 ἱερὰ
560 566 770 623 τούτων
802 563 1069 638 κειμήλια
1104 562 1196 618 καὶ
1228 556 1434 616 ἔπιπλα
1465 556 1779 635 ἀφελέσθαι.

269 659 432 716 Οὕτω
469 643 534 712 νδέ
581 658 690 711 τῶν
738 655 1075 731 πραγμάτων
1123 649 1542 723 διοικουμὲνων,
1572 646 1662 701 καὶ
1721 643 1863 699 οὕτω

206 754 310 805 τῶν
340 769 403 803 τε
433 747 587 808 ἰκτὸς
617 744 707 800 καὶ
756 748 866 798 τῶν
918 742 1061 803 ἐντὸς
1120 738 1577 811 λεηλατουμὲνων
1628 734 1717 790 καὶ
1775 754 1862 788 κε-

210 838 548 911 ραϊζομὲνων
609 830 910 903 δυσϐουλίᾳ
965 833 1054 886 καὶ
1111 829 1372 899 κακότητι
1424 832 1530 881 τῶν
1608 823 1864 898 κρατούν-

208 949 334 995 των,
372 929 426 982 οἱ
485 925 537 980 ἐν
594 928 665 998 τῇ
697 922 963 996 Ἀνατολῇ
1008 923 1358 996 προὲχοντες,
1393 912 1746 989 Ἀλέξανδρός
1804 933 1863 967 τε

210 1018 290 1071 καὶ
326 1018 355 1071 6
392 1010 704 1075 Καόασιλᾶς
736 1014 786 1067 οἱ
818 1008 1141 1081 Συναδηνοὶ,
1176 1010 1204 1063 6
1253 1006 1564 1075 Γουδὲλιος,
1618 1006 1645 1060 6
1687 1011 1861 1079 Στρα-

210 1102 539 1181 ϐορωμανὸς
562 1103 651 1157 καὶ
682 1103 734 1157 οἱ
769 1100 957 1156 λοιποὶ
988 1104 1094 1154 τῶν
1144 1096 1522 1173 συγκλητικῶν
1577 1093 1859 1169 ἀρχόντων

211 1180 399 1270 λογὰς,
432 1196 494 1263 ἦν
531 1192 591 1248 ἐκ
618 1190 835 1247 πολλοῦ
875 1189 1203 1244 ἀποστασίαν
1254 1183 1547 1253 ώδίνησαν,
1580 1183 1656 1245 εὶς
1708 1180 1859 1255 ἔργον

211 1284 453 1361 ἰξάγουσι
489 1287 605 1354 νῦν,
638 1281 726 1335 καὶ
766 1281 859 1334 τὸν
916 1274 1337 1354 κουροπαλάτην
1400 1272 1710 1351 Νικηφόρον
1768 1270 1859 1324 τὸν

211 1371 577 1442 Βοτανειάτην
662 1369 1005 1433 συνελθόντες
1096 1364 1321 1442 βασιλέα
1404 1360 1863 1439 ἀναγορεύουσιν,

213 1457 549 1537 Ὀκτωόρίου
611 1460 782 1533 μηνὸς
851 1457 1164 1529 ἱσταμένου,
1223 1461 1325 1524 τῆς
1396 1452 1620 1527 πρώτης
1689 1450 1862 1504 ἐπινε-

216 1536 453 1625 μήσεως.
483 1554 658 1623 Ὅπερ
700 1548 776 1610 εἰς
808 1545 922 1601 ὦτα
946 1550 1024 1617 τῷ
1059 1543 1274 1620 βασιλεῖ
1302 1544 1466 1597 πεσόν
1499 1540 1559 1596 οὐ
1630 1536 1862 1614 μετρίως

212 1642 369 1697 αὐτὸν
429 1637 751 1713 διετάραξεν·
790 1638 857 1706 ἦν
913 1636 1013 1708 γὰρ
1069 1634 1158 1689 καὶ
1222 1633 1324 1688 ὑπὸ
1380 1629 1609 1686 πολλῶν
1660 1626 1865 1705 προλε-

210 1732 444 1805 γόμενον
476 1730 551 1790 ὡς
576 1724 720 1783 ἔσται
754 1726 887 1781 ποτέ
916 1724 1005 1779 ὅτε
1036 1724 1383 1799 ὑπερτερήσει
1431 1720 1493 1775 τὸ
1556 1727 1594 1773 Ν
1651 1723 1747 1772 τοῦ
1788 1724 1861 1774 Μ.

214 1802 309 1877 Καὶ
362 1818 563 1874 αὐτίκα
590 1802 705 1878 τοῖς
753 1814 1020 1891 Τούρκοις
1070 1813 1144 1874 ὼς
1186 1810 1409 1872 οἰκείοις
1468 1809 1557 1864 καὶ
1614 1805 1867 1883 γνησίοις

216 1907 473 1983 ἔγραψεν,
506 1904 943 1981 ὑπισχνούμενος
999 1901 1088 1956 καὶ
1141 1898 1291 1976 δῶρα
1349 1898 1555 1969 δοῦναι,
1607 1898 1652 1953 εἰ
1702 1896 1867 1970 μόνον

216 1991 585 2057 συλλαϐόντες
636 1994 798 2049 αὐτόν
853 2014 911 2047 τε
968 1991 1057 2045 καὶ
1113 1988 1239 2051 τοὺς
1295 1990 1417 2063 περὶ
1499 1987 1656 2042 αὐτὸν
1734 1985 1870 2061 πρὸς

217 2087 378 2140 αὐτὸν
442 2082 954 2154 ἐξαποστέλλουσιν.
988 2082 1086 2136 Ἤν
1152 2076 1210 2133 δὲ
1267 2079 1294 2132 ὁ
1355 2075 1711 2145 Βοτανειάτης
1764 2078 1869 2128 τῶν

218 2172 581 2247 εὐπατριδῶν,
612 2172 673 2227 ἐκ
725 2176 822 2226 τοῦ
880 2174 1048 2224 Φωκᾶ
1093 2169 1155 2222 τὸ
1185 2168 1336 2242 γένος
1368 2163 1739 2225 πολυπλόκως
1775 2165 1867 2237 μὶν

220 2262 340 2318 ἀλλ’
398 2264 555 2334 ὅμως
610 2252 881 2336 κατάγων,
913 2259 1002 2313 καὶ
1058 2262 1168 2312 τῶν
1209 2254 1570 2329 περιωνύμων
1622 2248 1867 2321 Φαϐίων,

219 2354 265 2406 οἳ
312 2354 375 2407 τὸ
420 2355 578 2427 γενος
627 2350 685 2404 ἐκ
730 2356 831 2418 τῆς
879 2344 1165 2422 περιδόξου
1212 2345 1302 2399 καὶ
1352 2338 1714 2419 πρεσϐυτέρας
1742 2343 1873 2398 Ῥώο

222 2464 326 2514 μης
408 2448 671 2516 κατῆγον,
722 2437 861 2501 καθᾶ
907 2439 941 2507 ἡ
990 2436 1240 2499 ἀνέχαθεν
1316 2430 1613 2509 παράδοσις
1688 2437 1875 2506 κρατεῖ

219 2532 337 2605 περὶ
368 2530 572 2586 αὐτῶν.
612 2528 806 2603 Τρίτην
851 2522 909 2580 δὲ
958 2527 1183 2600 ἄγοντος
1233 2528 1329 2577 τοῦ
1376 2516 1704 2597 Ὀκτωϐρίου
1762 2542 1870 2593 μη-

218 2622 323 2687 νὸς,
355 2618 664 2691 μέλλοντος
693 2615 801 2686 ἤδη
833 2618 932 2685 τήν
988 2611 1278 2688 βασιλικήν
1319 2612 1587 2683 πήξασθαι
1644 2612 1868 2681 σκηνὴν,

225 2715 333 2787 φῶς
390 2709 589 2780 ἁθρόον
648 2708 768 2781 περὶ
828 2706 918 2760 τὸν
970 2704 1101 2777 ἆὲρα
1158 2700 1379 2780 διεφάνη
1452 2701 1575 2775 περὶ
1651 2701 1869 2776 πρώτας

223 2800 413 2859 νυκτὸς
449 2794 693 2871 φυλακᾶς
726 2794 892 2869 μέχρι
919 2789 1272 2862 Χαλκηδόνος
1299 2792 1390 2845 καὶ
1438 2788 1873 2867 Χρυσουπόλεως

222 2887 309 2940 καὶ
368 2891 482 2941 τῶν
536 2884 585 2939 ἐν
642 2884 981 2959 Βλαχὲρναις
1036 2880 1380 2956 ἀνακτόρων·
1438 2879 1467 2934 6'
1520 2878 1611 2933 καὶ
1683 2878 1873 2939 οἰωνὸς

226 2982 385 3029 πᾶσιν
415 2974 619 3047 ἀγαθὸς
642 2970 842 3043 ἔδοξεν,
876 2972 950 3034 ὡς
1007 2970 1097 3025 καὶ
1145 2964 1514 3047 ἐπιφοιόάζειν
1560 2969 1710 3029 τινας
1770 2966 1876 3021 ἀπὸ

221 3062 448 3136 λάμπης
481 3063 776 3137 λαμπτῆρα
816 3061 1102 3140 φωσφόρον
1156 3056 1495 3131 ἐπιδημῆσαι
1545 3061 1661 3119 τοῖς
1718 3056 1876 3131 βασι-

222 3151 413 3215 λείοις.
476 3150 808 3226 Ωρμημὲνου
860 3147 917 3203 δὲ
963 3146 1071 3218 ἤδη
1117 3147 1253 3222 πρὸς
1294 3148 1357 3201 τὸ
1406 3148 1713 3215 Βυζάντιον,
1741 3145 1875 3198 ἀπο-

220 3243 446 3309 στατική
528 3240 679 3312 ἑτέρα
749 3237 1007 3292 κακόνοια
1073 3238 1172 3304 τὴν
1254 3233 1400 3290 δύσιν
1465 3232 1874 3309 περιεκλόνησε.

221 3330 546 3403 Νικηφόρος
574 3330 677 3403 γὰρ
709 3323 973 3402 πρόεδρος
1019 3327 1047 3379 ὁ
1093 3326 1376 3399 Βρυὲννιος
1432 3325 1531 3392 τὴν
1585 3328 1681 3377 τοῦ
1739 3321 1873 3399 Δυρ-

224 3417 425 3493 ἶξαχίου
461 3415 717 3485 δουκικήν
771 3412 970 3469 διέπων
1019 3415 1197 3489 ἀρχὴν
1233 3416 1313 3486 [Ρ.
1346 3414 1473 3487 858]
1526 3414 1615 3467 καὶ
1674 3413 1875 3481 ταύτης

221 3506 557 3579 παραλυθεὶς
614 3504 882 3579 βασιλὲως
932 3502 1105 3575 ἐαυτῷ
1158 3503 1475 3578 περιέθηκεν
1543 3498 1735 3575 ὄνομα,
1786 3502 1875 3556 καὶ

218 3602 337 3657 τοῖς
364 3596 539 3651 ἐκεῖσε
567 3595 923 3669 στρατιώταις
974 3590 1198 3654 ὀπαδοῖς
1247 3592 1338 3646 καὶ
1397 3598 1677 3667 συνεργοῖς
1732 3610 1874 3666 χρη-

224 3685 460 3758 σάμενος
535 3682 689 3754 ἔξεισι
780 3684 874 3755 μὲν
955 3681 1176 3750 ἐκεῖθεν,
1262 3680 1527 3756 ἐπείγεται
1616 3677 1673 3734 δὶ
1738 3680 1875 3754 πρὸς

225 3772 710 3849 Ἀὂριανούπολιν.
744 3773 804 3828 Ὀ
833 3773 934 3846 γὰρ
969 3768 1307 3847 αὐτάδελφος
1355 3769 1517 3825 αὐτοῦ
1575 3769 1723 3833 τινὰς
1772 3774 1879 3823 τῶν

224 3863 529 3937 Ἑσπερίων
589 3860 865 3934 δυνάμεων
917 3860 994 3924 εἷς
1042 3860 1141 3927 τήν
1215 3857 1679 3935 προσδοκωμίνην
1758 3858 1880 3912 ἐπι⁶

228 3948 443 4019 ϐουλήν
498 3950 853 4026 καταρτύσας,
918 3950 1051 4021 μετά
1117 3948 1415 4024 Βαράγγων
1471 3948 1561 4002 καὶ
1612 3950 1879 4022 Φράγγων

226 4041 483 4112 πλήθους
518 4039 733 4096 πολλοῦ
788 4044 865 4111 τῷ
896 4036 1117 4113 ἀδελφῷ
1166 4037 1440 4100 συνθέσθαι
1499 4035 1880 4111 παρεσκεύασε.

230 4133 340 4185 Σὺν
405 4130 546 4203 αὐτῴ
600 4128 658 4185 δὲ
717 4129 805 4184 καὶ
853 4128 945 4183 τὸν
1005 4125 1289 4181 κατεπάνω
1319 4129 1416 4191 τῆς
1456 4124 1623 4195 αὐτῆς
1670 4124 1887 4189 πόλεως

228 4220 492 4294 συγγενέα
540 4218 737 4273 τούτου
792 4215 1151 4291 τυγχάνοντα,
1190 4215 1279 4269 καὶ
1335 4216 1440 4289 πρὸ
1496 4218 1593 4269 τού
1648 4213 1886 4269 καταλα-

230 4304 350 4363 ϐεῖν
391 4306 445 4363 δὲ
474 4303 1039 4383 εἷςἈδριανούπολιν
1096 4305 1196 4373 τὴν
1254 4302 1526 4381 εὐφημίαν
1577 4303 1740 4358 αὐτοῦ
1798 4304 1887 4357 καὶ

226 4400 333 4465 τήν
401 4396 691 4473 ἀναῤῥησιν
754 4402 851 4464 τῆς
913 4391 1193 4470 βασιλείας
1241 4390 1801 4467 προδιεγράψατο.⁶0
1833 4389 1891 4447 δὲ

234 4486 500 4561 βασιλεὺς
552 4486 939 4560 μαλακώτερον
1000 4482 1137 4555 πρὸς
1167 4481 1233 4535 τὰ
1270 4479 1560 4556 πράγματα
1616 4479 1889 4553 διακείμε-

1975 554 2235 610 thesauri
2267 558 2324 609 et
2346 552 2776 625 suppellectilis
2808 554 3200 609 auferrentur.

2045 650 2188 699 Cum
2244 660 2375 699 vero
2433 645 2513 698 ita
2572 660 2663 698 res
2716 644 3299 712 administrarentur,
3340 646 3536 717 itaque
3564 654 3622 704 et

1972 736 2206 791 interna
2257 739 2313 790 et
2372 739 2607 789 externa
2643 734 2889 805 rapinis
2939 751 3005 787 ac
3041 737 3232 806 praeda
3287 736 3624 793 laborarent

1974 826 2231 898 pessimo
2257 824 2502 879 consilio
2536 830 2591 879 et
2614 824 2845 895 ignavia
2868 824 3309 895 imperantium,
3328 826 3620 899 principes

1971 917 2031 971 in
2063 916 2293 971 Oriente
2315 913 2641 970 Alexander
2661 921 2717 970 et
2749 914 3051 970 Cabasilas
3089 917 3403 988 Synadeni,
3430 916 3621 973 Gude-

1972 1004 2111 1071 lius,
2170 1006 2586 1060 Straboramus
2644 1010 2701 1059 et
2768 1005 2978 1075 reliqui
3050 1007 3326 1062 senatorii
3397 1008 3623 1064 ordinis

1972 1096 2267 1167 principes
2299 1095 2528 1165 delecti,
2561 1111 2736 1165 quam
2790 1096 3012 1166 pridem
3061 1096 3431 1151 rebellionem
3485 1115 3621 1152 con-

1972 1189 2247 1255 ceperant
2278 1184 2348 1237 ad
2382 1200 2530 1254 opus
2580 1184 2942 1253 perducunt;
2984 1188 3039 1239 et
3085 1184 3484 1257 curepalatem
3523 1186 3621 1241 Ni—

1971 1274 2288 1344 cephorum
2335 1273 2697 1328 Botaniatem
2749 1274 3162 1329 convenientes
3210 1274 3621 1346 imperatorem

1971 1364 2287 1430 declarant,
2322 1364 2551 1419 Octobri
2588 1381 2806 1432 mense,
2843 1365 3162 1420 indictione
3200 1366 3407 1435 prima.
3459 1366 3623 1430 Quod

1974 1472 2105 1511 cum
2136 1456 2206 1510 ad
2238 1455 2611 1524 imperatoris
2641 1472 2810 1509 aures
2842 1454 3177 1519 accidisset,
3205 1456 3361 1510 haud
3398 1456 3619 1511 medio-

1974 1547 2147 1601 criter
2190 1547 2385 1617 ipsum
2411 1545 2802 1616 perturbavit;
2836 1551 2959 1601 erat
2988 1546 3143 1600 enim
3176 1564 3209 1600 a
3242 1546 3440 1600 multis
3473 1563 3622 1616 quo—

1974 1654 2087 1710 que
2136 1637 2477 1708 praadictum
2529 1638 2672 1692 forte
2721 1641 2783 1691 ut
2813 1636 2951 1691 olim
3007 1636 3052 1690 N
3106 1642 3409 1708 superaret
3444 1638 3519 1692 M.
3552 1642 3623 1693 Et

1974 1729 2175 1783 statim
2208 1726 2415 1782 Turcis
2447 1732 2727 1796 tanquam
2748 1727 3011 1796 cognatis
3034 1731 3090 1779 et
3120 1725 3464 1797 propinquis
3487 1727 3625 1781 scri-

1976 1819 2112 1890 psit,
2159 1816 2438 1887 pollicens
2484 1816 2637 1871 dona
2680 1832 2743 1871 se
2797 1816 3099 1884 daturum,
3132 1816 3180 1870 si
3213 1814 3378 1870 illum
3431 1814 3620 1870 solum

1979 1908 2481 1980 comprehensum,
2517 1913 2573 1962 et
2604 1908 2703 1978 qui
2737 1924 2867 1962 cum
2902 1908 3027 1978 ipso
3062 1912 3255 1963 essent
3289 1908 3357 1962 ad
3393 1924 3454 1963 se
3486 1909 3624 1962 mit-

1977 2003 2122 2054 tant.
2158 1998 2297 2053 Erat
2329 2002 2521 2053 autem
2557 1997 2892 2052 Botaniates
2936 2014 3005 2051 ex
3037 1995 3335 2051 nobilibus
3368 2015 3401 2052 a
3433 1997 3623 2053 Phoca

1978 2088 2288 2152 oriundus,
2324 2086 2500 2141 variis
2531 2086 2765 2157 quidem
2821 2085 3010 2139 modis
3043 2091 3237 2140 tamen
3273 2086 3346 2141 ab
3380 2086 3624 2141 illustri-

1982 2178 2092 2232 bus
2126 2175 2318 2231 Fabiis
2348 2191 2533 2246 genus
2560 2175 2801 2241 ducens,
2837 2174 2935 2244 qui
2966 2190 3034 2229 ex
3064 2174 3277 2229 illustri
3304 2179 3361 2229 et
3383 2176 3629 2246 antiqua

1981 2270 2161 2323 Roma
2194 2266 2476 2338 originem
2512 2265 2827 2331 ducebant,
2855 2266 3353 2335 quemadmodum
3386 2268 3629 2337 antiqua

1983 2360 2053 2414 de
2094 2357 2237 2429 ipsis
2268 2357 2522 2411 traditur
2554 2356 2729 2411 fama.
2763 2355 2957 2411 Tertia
2988 2372 3120 2411 vero
3151 2356 3414 2411 Octobris
3463 2373 3627 2412 men-

1984 2450 2066 2506 sis
2097 2450 2210 2514 die,
2236 2464 2368 2502 cum
2398 2448 2517 2515 jam
2547 2445 2843 2515 ﬁgendum
2868 2450 3017 2499 esset
3044 2446 3415 2517 imperatoris
3436 2446 3626 2500 taber-

1983 2539 2280 2605 naculum,
2313 2538 2560 2593 densum
2587 2535 2783 2590 lumen
2815 2535 2873 2590 in
2908 2552 3038 2590 aere
3084 2536 3356 2608 apparuit
3399 2536 3630 2591 circiter

1983 2629 2234 2701 primam
2283 2626 2471 2681 noctis
2519 2625 2803 2697 vigiliam,
2839 2641 3023 2696 usque
3083 2626 3153 2680 ad
3200 2625 3626 2681 Chalcedonem

1992 2719 2135 2774 7‘27
2173 2723 2229 2772 et
2247 2715 2651 2788 Chrysopolim
2675 2720 2731 2770 et
2754 2716 2910 2785 regia
2934 2714 3150 2786 palatia
3170 2714 3229 2769 in
3250 2714 3622 2770 Blachernis:

1982 2809 2134 2881 quod
2166 2807 2456 2879 Optimum
2490 2805 2964 2860 omnibusvisum
2990 2812 3079 2859 est
3110 2805 3545 2875 augurium,ita
3566 2810 3632 2860 ut

1983 2898 2444 2953 vaticinarentur
2465 2895 2704 2965 quidam
2739 2911 2772 2948 a
2801 2893 3112 2965 splendore
3144 2894 3392 2949 Luciferi
3443 2895 3627 2950 facem

1987 2989 2056 3043 ad
2080 2987 2297 3057 regiam
2319 2983 3013 3039 accessisse.Cumautem
3040 2983 3379 3056 Byzantium
3400 2986 3632 3056 profici-

1989 3080 2269 3139 sceretur,
2327 3072 2511 3128 altera
2541 3072 2806 3143 quaedam
2872 3070 3025 3126 male
3082 3072 3336 3142 cogitata
3395 3074 3633 3130 rebellio

1988 3165 2361 3221 Occidentem
2413 3160 2745 3231 exagitavit.
2793 3160 3156 3231 Nicephorus
3207 3161 3363 3215 enim
3415 3162 3631 3234 Bryen-

1990 3254 2121 3309 nius
2153 3268 2366 3323 praeses
2398 3248 2820 3304 administrans
2850 3247 3147 3318 Dyrrachii
3182 3249 3633 3322 ducatum,ipso

1986 3342 2313 3405 abdicatus,
2348 3338 2461 3394 sibi
2494 3336 2863 3408 imperatoris
2912 3352 3124 3391 nomen
3168 3337 3504 3393 vindicavit.
3565 3340 3633 3394 Et

1986 3429 2276 3485 militibus
2310 3426 2506 3498 quiihi
2542 3430 2729 3493 erant,
2790 3423 3075 3479 ministris
3124 3430 3295 3495 atque
3344 3426 3633 3496 adjutori-

1986 3520 2097 3574 bus
2129 3534 2273 3572 usus
2312 3516 2447 3570 inde
2494 3513 2811 3588 egreditur,
2843 3518 2899 3567 et
2927 3514 2997 3567 ad
3052 3514 3489 3586 Adrianopolim
3549 3516 3629 3570 fe-

1986 3607 2243 3663 stinabat
2284 3624 2297 3671 ;
2334 3620 2469 3659 nam
2521 3618 2838 3673 germanus
2898 3603 3024 3670 ejus
3086 3603 3262 3658 frater
3313 3604 3631 3661 instructas

1988 3698 2275 3769 quasdam
2291 3692 2619 3748 Occidentis
2643 3690 2838 3762 copias
2853 3691 2920 3745 ad
2939 3696 3203 3762 speratae
3224 3690 3474 3748 insidias
3494 3710 3628 3749 cum

1988 3788 2386 3857 Barangorum
2420 3785 2476 3836 et
2518 3782 2871 3835 Francorum
2898 3779 3051 3834 haud
3088 3780 3330 3835 mediori
3359 3781 3631 3837 multitu-

1990 3874 2125 3930 dine
2153 3869 2415 3936 adduxit,
2441 3873 2505 3923 ut
2528 3885 2662 3923 cum
2688 3868 2864 3922 fratre
2896 3868 3320 3939 conspirarent,
3354 3874 3411 3924 et
3432 3886 3633 3925 secum

1992 3962 2255 4032 eiusdem
2309 3973 2542 4028 quoque
2620 3957 2783 4011 urbis
2843 3958 3217 4025 praefectum,
3294 3959 3641 4029 cognatione

1994 4048 2405 4116 conjunctum;
2438 4047 2494 4097 ct
2548 4047 2862 4113 antequam
2914 4042 2983 4096 ad
3039 4042 3475 4115 AdrianOpolim
3509 4061 3641 4117 per-

1991 4135 2235 4203 veniret,
2266 4131 2625 4187 celebratum
2659 4136 2715 4185 et
2746 4129 3107 4185 declaratum
3150 4132 3345 4201 ipsum
3395 4132 3646 4203 impera-

1994 4229 2180 4280 torem
2213 4222 2376 4293 prius
2407 4220 2670 4291 scripsit.
2732 4223 3059 4289 Imperator
3107 4236 3241 4274 vero
3293 4220 3530 4277 mollius
3580 4239 3645 4276 ac

1999 4313 2239 4384 segnius
2297 4310 2472 4364 rebus
2521 4308 2792 4378 gerendis
2850 4308 3113 4362 intentus
3166 4308 3301 4376 (nisi
3348 4310 3503 4363 enim
3538 4310 3647 4365 hoc

2000 4404 2234 4468 fuisset,
2272 4399 2435 4454 facile
2494 4400 2690 4468 ipsum
2744 4396 3096 4467 Bryennium
3161 4398 3536 4472 debellasset)
3590 4407 3650 4456 et

2000 4489 2304 4564 proprium
2336 4488 2654 4542 exercitum
2687 4484 2911 4539 habens
2936 4502 3136 4540 eorum
3170 4504 3317 4556 quos
3339 4490 3651 4544 nominant

230 4594 346 4635 νος·
385 4573 432 4626 εἷ
466 4576 538 4645 μή
582 4573 682 4649 γὰρ
728 4572 795 4640 ἦν
832 4575 1017 4637 τοῦτο,
1050 4567 1290 4631 εὐκόλως
1346 4566 1404 4623 ἂν
1457 4569 1546 4622 τὸν
1606 4568 1873 4642 Βρυὲννιο·

2004 4576 2387 4643 immortales,
2419 4580 2476 4629 et
2505 4574 2755 4629 alterum
2788 4574 2945 4627 haud
2983 4573 3299 4645 ignobilem
3332 4593 3362 4630 e
3394 4576 3651 4634 collecti-

229 4661 670 4736 κατηγωνίσατο,
705 4658 932 4735 στρατόν
982 4679 1041 4713 τε
1090 4654 1386 4711 ίδιαίτατον
1419 4654 1587 4731 ἔχων,
1636 4655 1730 4718 οὓς
1777 4655 1891 4711 ὀνο-

236 4754 504 4825 μάζουσιν
572 4748 871 4814 ἀθανάτους
941 4748 1075 4819 (40),
1126 4744 1215 4799 καὶ
1280 4742 1462 4819 ἓτερον
1542 4744 1640 4800 οὐκ
1703 4745 1887 4822 ἀγεννῆ

234 4842 350 4895 ἀπὸ
412 4836 722 4914 συγκλύδων
780 4832 991 4911 ἀνδρῶν
1044 4833 1409 4910 συγκείμενον.
1471 4834 1567 4887 Καὶ
1622 4831 1711 4888 διὰ
1760 4833 1891 4889 πάν-

230 4950 348 4983 των
381 4927 618 5001 εὐχερῶς
650 4927 795 5000 εἶχεν
842 4922 1114 4977 ἐπιθέσθαι
1163 4927 1281 4983 τοῖς
1332 4922 1383 4975 ἐν
1439 4920 1892 4995 ’Λδριανουπόλει

237 5020 339 5091 μὲν
376 5018 665 5091 πρότερον,
698 5015 811 5069 εἶτα
841 5010 898 5066 δὲ
926 5011 1015 5067 καὶ
1063 5016 1143 5083 τῷ
1194 5010 1456 5085 Βρυεννίῳ
1512 5010 1679 5083 αὐτῷ.
1715 5010 1892 5082 Ἀλλ’,

234 5109 315 5169 ὡς
352 5103 583 5181 εἴρηται,
618 5102 1003 5181 ῥᾳθυμοτέρως
1034 5101 1178 5179 ἔχων
1229 5103 1429 5157 ἐκεῖνόν
1479 5123 1538 5157 τε
1585 5102 1766 5176 {Sil/uoce
1806 5106 1895 5158 καὶ

231 5197 295 5253 ἐκ
334 5196 533 5270 μικροῦ
582 5196 748 5271 μέγαν
809 5192 1052 5263 ἐποίησε,
1084 5192 1173 5247 καὶ
1232 5193 1408 5263 ἑαυτῷ
1459 5190 1700 5267 παρέσχε
1757 5194 1893 5269 πρά-

2002 4668 2108 4724 ciis
2140 4665 2279 4720 viris
2311 4668 2598 4728 coactum,
2633 4661 2800 4716 facile
2858 4666 3149 4732 potuisset
3199 4679 3329 4718 cum
3375 4667 3653 4722 omnibus

2002 4757 2127 4812 suis
2186 4754 2349 4826 prius
2401 4768 2499 4806 eos
2561 4751 2831 4805 invadere
2889 4752 2988 4821 qui
3045 4756 3213 4805 erant
3248 4753 3654 4826 Adrianopoli,

2003 4843 2214 4899 deinde
2252 4841 2427 4896 etiam
2463 4838 2813 4911 Bryennium
2846 4837 3319 4910 ipsum.Verum,
3351 4844 3652 4899 utdictum

2004 4937 2112 5000 est,
2145 4931 2472 5002 segniorem
2525 4945 2586 4983 se
2626 4928 2888 4998 praebens
2933 4933 2989 4982 et
3032 4927 3197 4981 illum
3228 4930 3438 4984 extulit
3488 4937 3547 4986 et
3586 4951 3655 4988 ex

2005 5038 2181 5093 parvo
2216 5035 2495 5091 magnum
2530 5017 2685 5085 fecit,
2716 5021 2774 5069 et
2805 5016 2916 5070 sibi
2951 5016 3181 5086 negotia
3221 5019 3517 5075 conflavit.
3552 5024 3654 5077 Ni-

2007 5109 2295 5181 cephorus
2326 5107 2479 5161 enim
2510 5121 2725 5176 praeses
2759 5110 2954 5176 regius
2981 5110 3037 5159 et
3087 5122 3396 5163 successor
3436 5110 3657 5167 missus

2005 5195 2433 5253 Thessalonica
2492 5210 2624 5250 cum
2677 5195 2802 5264 ipso
2860 5210 3228 5265 congressus,
3289 5198 3336 5252 si
3390 5199 3663 5257 decenter

1559 5355 1807 5413 JACOBI
1847 5357 2064 5415 GOARI
2104 5358 2341 5415 NOTAE.

314 5482 540 5555 (40)_Ut
564 5500 641 5555 ex,
692 5479 957 5555 antiquis
1009 5478 1495 5555 legionibus_h_a‘ac
1515 5480 1760 5555 Victrix,
1794 5481 1896 5539 illa

237 5551 385 5626 Pia,
415 5551 524 5611 alia
544 5551 955 5626 Fulminatrix,
996 5551 1113 5607 alia
1159 5552 1300 5626 item
1339 5551 1515 5623 Felix,
1541 5552 1629 5608 vel
1657 5557 1764 5607 τῶν
1803 5574 1897 5626 με·

238 5624 542 5707 γαθΰμων,
570 5642 639 5683 ex
670 5625 868 5697 aliquo
900 5625 1028 5697 jam
1072 5623 1366 5696 praeterito
1406 5629 1638 5695 eventu,
1681 5626 1752 5682 de
1783 5623 1898 5699 quo

580 5753 843 5816 Ρλτιοι..
897 5751 1009 5814 Gn.
1055 5749 1293 5814 CXXII.

2010 5482 2243 5549 Imperii
2275 5481 2516 5549 Notitia,
2563 5480 2891 5549 dicebatur,
2932 5480 3054 5537 haec
3102 5490 3442 5542 senescente
3492 5490 3549 5542 et
3578 5488 3650 5541 ad

2008 5552 2907 5628 lethumlerevergenteimperio
2924 5553 3428 5613 immortalitatem
3450 5557 3504 5611 in
3522 5573 3660 5628 pras-

2008 5626 2104 5684 liis
2132 5643 2280 5683 vane
2309 5626 2550 5683 sibimet
2579 5627 2903 5681 ominatur.

3266 5750 3345 5813 15
