4040 6196
428 380 550 439 459

1752 378 2076 437 JOANNlS
2123 377 2524 438 SGYLlTZ/E

3730 382 3853 442 460

432 512 608 568 rebus
643 510 792 567 728
824 527 969 566 usus
1015 516 1191 579 esset,
1226 511 1393 567 facile
1442 513 1635 581 ipsum
1687 509 1747 563 in
1796 509 2083 581 principio

2199 528 2393 582 γματα.
2457 508 2554 561 Καὶ
2614 506 2931 583 Νικηφόρος
2986 505 3086 582 γὰρ
3162 506 3428 583 πρόεδρος
3480 511 3509 565 ὁ
3564 510 3846 586 βασιλικὸς

433 602 782 659 defectionis
828 601 1145 657 debellaset
1181 619 1193 657 :
1228 618 1363 656 cum
1415 616 1546 656 vero
1603 599 1671 654 ad
1723 599 2085 671 Trajanopo-

432 692 538 748 lim
571 693 950 766 pervenisset,
1000 692 1078 748 ibi
1111 710 1243 749 cum
1276 693 1454 747 fratre
1483 691 1707 746 Joanne
1739 697 1795 746 et
1822 690 2086 758 Francis,

433 785 533 857 qui
563 784 945 855 Adrianopoli
982 788 1173 852 erant,
1206 790 1262 838 et
1294 783 1711 838 Macedonibus
1754 788 1811 838 et
1860 782 2086 851 reliquo

430 875 698 930 exercitu
749 890 947 930 secum
996 873 1373 945 conspirante
1422 889 1775 945 congressus
1817 876 1929 927 est.
1982 870 2087 926 Ubi

431 964 607 1021 etiam
642 964 802 1037 regia
833 963 1100 1018 induitur
1131 962 1405 1034 insignia,
1431 963 1826 1034 omnibusque
1862 962 2085 1033 jureju-

433 1055 617 1109 rando
648 1058 705 1109 et
734 1052 1001 1109 horribili
1054 1054 1267 1108 foedere
1317 1054 1684 1110 confirmatis
1718 1054 1799 1109 ita
1829 1052 2085 1108 celebra-

434 1150 529 1197 tur
570 1142 847 1197 laudibus
896 1143 1123 1209 multis,
1161 1142 1465 1214 multoque
1517 1144 1791 1199 satellitio
1831 1144 2087 1215 stipatus

430 1231 802 1302 imperatoris
835 1234 1006 1287 modo
1041 1249 1103 1287 se
1133 1233 1304 1304 gerit,
1339 1238 1396 1287 et
1428 1232 1864 1305 AdrianOpolim
1902 1232 2087 1288 multo

433 1337 565 1375 cum
598 1320 819 1377 honore
850 1338 911 1377 se
945 1322 1161 1393 recepit
1207 1326 1262 1376 et
1292 1323 1684 1389 observantia,
1718 1322 1949 1378 obviam
2003 1322 2088 1377 illi

433 1412 864 1483 prodeuntibus
892 1412 1016 1468 suis
1050 1412 1320 1468 tribubus
1353 1430 1418 1468 eo
1452 1414 1608 1484 quod
1640 1414 1831 1483 ipsum
1863 1430 1933 1469 ex
1963 1414 2087 1468 ani-

436 1516 531 1555 mo
562 1499 820 1556 colerent
849 1508 903 1555 et
934 1501 1624 1572 observarent.Egressus
1656 1505 1851 1556 autem
1884 1508 2090 1556 contra

438 1590 726 1659 quosdam
750 1588 1021 1660 Bryennii
1052 1606 1265 1659 praeses
1300 1589 1721 1644 Constantinus
1752 1589 2086 1645 Theodoro-

438 1694 622 1733 canus
651 1677 883 1749 capitur
928 1680 984 1732 et
1036 1678 1106 1733 ad
1154 1677 1349 1750 ipsum
1411 1680 1675 1750 captivus
1712 1679 1969 1745 ducitur,
2003 1680 2089 1733 vir

441 1766 632 1822 clarus
663 1770 721 1822 et
751 1782 961 1838 genere
1004 1766 1433 1837 nobilissimus,
1482 1768 1729 1839 vitaeque
1780 1768 2089 1839 splendore

2196 594 2457 672 διάδοχος
2516 597 2663 669 αὖτῷ
2719 595 2933 659 σταλεὶς
2993 596 3045 651 ἐν
3106 594 3466 673 Θεσσαλονίκῃ
3520 605 3850 673 συναντήσας

2197 687 2365 759 αὐτῷ,
2400 684 2513 761 εἶ’γε
2563 684 2750 757 δεξιῶς
2809 686 3082 761 ἐχρήσατο
3134 692 3250 749 τοῖς
3300 687 3638 763 πράγμασιν,
3691 692 3849 747 εὐκό-

2197 775 2309 838 λως
2358 775 2418 830 ἃν
2474 776 2632 830 αὐτὸν
2695 775 2746 830 ἐν
2806 775 2955 851 ἀρχῇ
3012 783 3113 845 τῆς
3170 778 3496 840 ἀποστασίας
3548 782 3851 856 κατηγωνί-

2198 887 2351 922 σατο.
2398 862 2729 920 Καταλαῦὼν
2792 862 2848 919 δὲ
2902 866 2979 929 εἷς
3034 867 3491 941 Τραίἀνοῦπολιν,
3549 868 3723 925 ἐκεῖσε
3776 877 3855 943 τῷ

2195 977 2253 1010 τε
2285 952 2506 1032 ἀδελφῷ
2541 955 2766 1021 Ἰωάννη
2794 953 2883 1008 καὶ
2940 960 3058 1019 τοῖς
3117 954 3168 1010 ἐν
3223 954 3669 1031 Ἀδριανουπόλει
3732 982 3851 1014 συν-

2197 1047 2400 1115 ήντησε
2432 1044 2706 1120 Φράγγοις
2738 1064 2795 1097 τε
2830 1046 2920 1099 καὶ
2952 1042 3225 1101 Μακεδόσι
3278 1046 3368 1100 καὶ
3424 1052 3503 1119 τῷ
3560 1047 3745 1120 λοιπῷ
3790 1050 3855 1103 τὰ

2197 1135 2364 1189 αὐτοῦ
2398 1138 2683 1209 φρονοῦντι
2728 1132 3110 1207 στρατεύματι,
3142 1132 3267 1189 ἔνθα
3321 1135 3411 1189 καὶ
3465 1139 3531 1190 τά
3594 1138 3853 1210 βασιλικᾶ

2196 1224 2496 1295 παράσημα
2610 1217 3044 1297 περιϐάλλεται.
3124 1221 3673 1300 Κατασφαλισάμενός
3796 1249 3852 1284 τε

2196 1315 2369 1368 πάντα
2427 1312 2611 1387 ὅρκοις
2672 1312 2762 1366 καὶ
2842 1314 3131 1382 συνθήκαις
3206 1320 3475 1391 φρικταῖς,
3531 1314 3675 1370 οὕτω
3754 1319 3850 1385 τὴν

2197 1402 2467 1480 εὐφημίαν
2524 1400 2816 1478 ἀπειλήφει
2889 1403 3004 1474 μετ’
3051 1401 3323 1479 εὐφημίας
3373 1404 3462 1457 καὶ
3522 1400 3851 1482 δορυφορίας

2195 1500 2438 1570 πολλῆς,
2470 1500 2560 1554 καὶ
2592 1500 2691 1554 ὅσα
2744 1499 2995 1575 βασιλεὺς
3054 1501 3159 1555 τῶν
3218 1501 3549 1577 πραγμάτων
3606 1503 3850 1579 ἀπάρχε-

2195 1614 2303 1661 ται,
2337 1592 2428 1646 καὶ
2484 1598 2583 1661 τῆς
2636 1588 3147 1666 ’Λδριανουπόλεως
3198 1587 3480 1664 ἐπιϐαίνει,
3516 1592 3607 1647 σὺν
3660 1592 3851 1668 πολλῇ

2195 1685 2331 1755 τιμῇ
2363 1681 2454 1735 καὶ
2493 1674 2790 1751 σεϐάσματι
2848 1679 3067 1752 ἐξαισίῳ
3107 1680 3400 1751 ὑπάντησιν
3458 1683 3848 1755 ποιησαμένων

2197 1771 2343 1842 αὐτῷ
2384 1775 2492 1824 τῶν
2541 1768 2784 1847 φυλετῶν
2841 1766 2931 1823 διὰ
2970 1772 3033 1824 τὸ
3084 1769 3299 1833 οἰκείως
3346 1766 3491 1847 ἔχειν
3523 1773 3659 1846 πρὸς
3692 1772 3850 1826 αὐτὸν

442 1854 712 1911 illustris.
746 1857 856 1911 Sed
908 1855 1207 1927 neglectus
1250 1856 1360 1912 fuit
1402 1863 1466 1912 ut
1527 1858 1768 1928 quidam
1811 1858 2087 1930 ignobilis

2199 1859 2284 1914 καὶ
2344 1864 2761 1933 θεραπευτικῶς.
2819 1858 3252 1931 Ἀντεπεξελθὼν
3311 1856 3367 1913 δέ
3438 1882 3577 1915 τισιν
3633 1859 3659 1913 ὂ
3719 1858 3852 1935 πρό-

440 1949 496 2000 et
526 1944 775 2000 obscuro
808 1944 930 2000 loco
964 1951 1160 2010 natus,
1197 1962 1384 2017 neque
1435 1946 1622 2001 ullum
1673 1964 1912 2018 corpore
1943 1963 2088 2018 sup-

442 2033 680 2105 plicium
715 2034 954 2105 subivit,
1007 2035 1277 2106 quamvis
1318 2034 1755 2092 existimaretur
1787 2036 1843 2091 id
1878 2052 2091 2108 passu-

443 2139 543 2178 rus
578 2126 814 2195 propter
845 2125 1178 2195 superiores
1210 2124 1551 2180 inimicitias
1583 2130 1638 2180 ct
1668 2142 1898 2197 pugnas
1931 2124 2090 2196 capi-

441 2211 608 2267 tales.
637 2215 850 2267 Verum
883 2212 1104 2268 missus
1134 2213 1194 2268 in
1226 2213 1495 2269 exsilium
1532 2215 1589 2269 in
1622 2216 1939 2285 quamdam
1973 2215 2093 2270 Ma-

442 2301 780 2357 cedonicam
812 2303 1018 2357 urbem
1038 2302 1193 2357 haud
1218 2302 1404 2358 multo
1433 2309 1565 2374 post
1590 2309 1808 2358 naturae
1829 2304 2093 2359 debitum

455 2390 751 2461 persolvit.
780 2392 940 2456 Quod
973 2407 1106 2447 vero
1147 2393 1303 2462 regia
1334 2392 1588 2462 insignia
1635 2393 1693 2447 in
1725 2391 2097 2464 Trajanopoli

454 2478 553 2534 ind
564 2484 699 2535 utus
714 2479 1072 2552 fueritBryen
1083 2480 1441 2553 nius,ibique
1455 2481 1736 2537 declarari
1753 2488 1810 2537 et
1822 2481 2101 2538 celebrari

456 2585 517 2623 se
541 2569 895 2639 permiserit,
917 2568 1073 2623 haud
1099 2569 1317 2624 bonum
1343 2570 1658 2642 augurium
1692 2572 2099 2643 prudentiores

453 2658 889 2713 existimabant.
923 2657 1053 2712 Haec
1084 2659 1241 2712 enim
1264 2659 1672 2731 Trajanopolis
1703 2677 1818 2716 non
1862 2660 2098 2731 Trajani

452 2746 824 2818 imperatoris
856 2745 1091 2801 nomine
1113 2747 1348 2802 condita
1371 2748 1497 2815 fuit,
1521 2748 1622 2803 sed
1646 2749 1879 2804 nomine
1901 2750 2098 2820 cujus-

449 2844 585 2898 dam
601 2861 669 2899 ex
690 2844 1045 2914 primatibus
1069 2844 1296 2914 Trajani
1322 2847 1530 2912 vocati,
1555 2848 1822 2917 generosi
1855 2864 1919 2903 eo
1952 2853 2097 2902 tem-

462 2950 598 3004 pore
632 2933 780 2990 729
808 2933 915 2987 viri
947 2938 1071 2987 tum
1107 2949 1285 2988 manu
1320 2939 1445 2990 tum
1470 2935 1687 3004 animo,
1713 2954 1885 3008 quem
1911 2938 2100 2993 Caesar

450 3022 742 3092 Trajanus
777 3023 849 3077 ob
885 3021 1081 3078 nescio
1114 3038 1288 3093 quam
1340 3023 1740 3081 offensionem?
1772 3027 2098 3082 luminibus

451 3111 719 3182 privavit.
746 3112 812 3166 Et
834 3110 890 3166 in
923 3111 1131 3168 Persas
1163 3112 1542 3183 proﬁciscens
1574 3114 1668 3171 hic
1702 3132 1837 3171 eum
1871 3118 2096 3189 primus

448 3201 773 3271 conspexit,
806 3218 922 3272 quo
945 3201 1281 3272 spectaculo
1302 3203 1621 3259 admodum
1646 3204 1871 3271 dolens,
1907 3222 2095 3261 recor-

449 3289 624 3345 datus
662 3290 1095 3361 expeditionum
1159 3296 1215 3347 et
1264 3290 1500 3348 virtutis
1558 3292 1737 3362 illius,
1769 3294 1974 3349 eodem
2036 3295 2094 3349 in

448 3380 574 3437 loco
607 3381 809 3437 urbem
840 3380 1103 3437 construi
1124 3381 1312 3453 jussit
1338 3384 1410 3438 ad
1438 3383 1809 3441 indelebilem
1842 3387 1946 3440 viri
1970 3402 2095 3442 me-

448 3470 839 3526 moriam.Hac
861 3470 1043 3542 igitur
1071 3471 1140 3527 de
1171 3488 1348 3527 causa
1383 3474 1701 3544 prudentes
1735 3474 1838 3529 viri
1872 3475 2093 3531 factum

444 3559 603 3615 haud
627 3560 846 3616 bonum
869 3560 1185 3631 augurium
1208 3561 1544 3617 censebant.
1581 3565 1843 3619 Attamen
1878 3570 2091 3637 Bryen-

445 3647 580 3703 nius
604 3647 883 3719 ignorans
904 3648 1203 3702 decretum
1226 3649 1441 3718 (caecus
1473 3655 1562 3705 est
1584 3652 1739 3705 enim
1758 3654 2091 3707 futurorum

442 3740 702 3805 eventus)
737 3752 828 3791 res
851 3751 1128 3806 egressus
1157 3741 1263 3791 est.
1291 3737 1592 3794 Raedestus
1623 3755 1858 3810 quoque
1890 3743 2090 3797 eadem

442 3824 732 3896 cogitavit,
765 3824 1093 3894 opitulante
1125 3824 1239 3879 sibi
1272 3830 1523 3896 cognata
1555 3828 1699 3883 urbe
1730 3832 2088 3885 Batatzzene:

444 3938 580 3977 nam
632 3920 945 3976 Rzedestini
995 3922 1275 3977 adversus
1327 3924 1571 3978 Panium
1620 3926 1859 3995 profecti
1891 3944 2089 3999 coege-

445 4016 583 4064 runt
612 4009 807 4081 ipsum
840 4025 1074 4081 quoque
1097 4011 1448 4081 Bryennium
1464 4011 1774 4069 celebrare.
1794 4015 1938 4070 Cum
1955 4031 2088 4071 vero

444 4114 618 4153 suum
658 4099 895 4153 fratrem
936 4114 1001 4153 eo
1029 4099 1242 4154 honore
1274 4100 1565 4156 affecisset
1614 4110 1677 4157 ut
1721 4108 1875 4158 esset
1918 4121 2087 4160 curo-

447 4187 689 4259 palates,
747 4191 805 4242 et
857 4186 1003 4242 alios
1063 4204 1266 4243 omnes
1328 4188 1529 4245 habita
1584 4190 1807 4247 ratione
1841 4193 2089 4263 propria:

444 4277 705 4348 ipsorum
738 4275 1061 4348 dignitatis,
1085 4277 1441 4333 existimavit
1464 4294 1525 4334 se
1550 4280 1979 4337 formidabilem
2013 4282 2087 4338 ad

444 4366 651 4422 urbem
683 4365 902 4437 regiam
950 4371 1187 4437 propter
1218 4366 1468 4422 missum
1514 4368 1748 4424 fratrem
1802 4370 2085 4425 adventu-

442 4473 598 4513 rum.
641 4455 741 4511 Cui
797 4472 930 4510 cum
983 4455 1322 4511 tradidisset
1354 4455 1511 4511 haud
1546 4457 1898 4513 mediocrem
1931 4476 2086 4515 exer-

440 4546 645 4615 citum,
668 4544 939 4615 sperabat
971 4544 1091 4599 fore
1122 4548 1187 4598 ut
1219 4546 1453 4616 quando
1481 4545 1633 4600 cives
1670 4546 2081 4617 imperatorem

2198 1944 2351 2023 εὸρος
2397 1951 2800 2007 Κωνσταντῖνος
2854 1946 2881 1998 ὁ
2915 1944 3325 2018 Θεοδωροκάνος
3362 1952 3469 2001 τῶν
3513 1953 3610 2003 τοῦ
3660 1956 3853 2024 Βρυεν-

2199 2036 2317 2091 νίου
2352 2033 2626 2090 ἁλίσκεται
2659 2036 2747 2089 καὶ
2793 2035 2929 2110 πρὸς
2988 2033 3145 2090 αὐτὸν
3207 2035 3568 2110 αἰχμάλωτος
3622 2039 3855 2112 γίνεται,

2203 2126 2335 2198 ἀνὴρ
2368 2121 2582 2194 ἔνδοξος
2613 2125 2699 2178 καὶ
2733 2120 3322 2198 γένουςέπισημότητι
3382 2127 3469 2179 καὶ
3534 2127 3657 2202 βίου
3716 2126 3854 2201 λαμο

2202 2214 2434 2290 πρότητι
2521 2214 2829 2290 καταφανὴς
2916 2212 3337 2298 γινωσκόμενοςτ
3409 2216 3715 2290 Παρωράθη
3802 2215 3857 2270 δὲ

2205 2304 2278 2366 ὡς
2334 2304 2408 2365 εἷς
2466 2306 2572 2356 τῶν
2609 2301 2815 2374 ἀτίμων
2874 2301 2963 2356 καὶ
3023 2303 3269 2376 ἀγεννῶν.
3306 2302 3380 2356 Οὐ
3440 2305 3547 2375 μὴν
3578 2302 3634 2358 δὲ
3665 2326 3856 2378 σωμαυ

2208 2393 2361 2460 τικην
2403 2390 2671 2466 τιμωρίαν
2723 2391 2946 2461 ὑπέστη,
2978 2392 3155 2445 καίτοι
3204 2412 3264 2465 γε
3314 2388 3555 2465 ἐπίδοξος
3604 2394 3670 2462 ἦν
3731 2394 3863 2449 ταόο

2207 2502 2304 2549 την
2354 2485 2542 2543 παθεῖν
2604 2476 2693 2533 διὰ
2747 2479 3211 2554 προηγησαμὲνας
3269 2474 3469 2555 ἔχθρας
3524 2483 3613 2535 καὶ
3672 2485 3862 2560 μάχας

2208 2568 2525 2644 κεφαλικάς.
2556 2565 2913 2644 Φυγαδευθεὶς
2976 2566 3031 2622 δὶ
3082 2569 3218 2644 πρός
3274 2590 3395 2623 τινα
3439 2575 3546 2624 τῶν
3607 2570 3862 2627 Μακεδο-

2208 2662 2368 2712 νικῶν
2396 2656 2612 2712 πόλεων
2651 2658 2764 2729 μετ’
2798 2656 2858 2710 οὐ
2891 2655 3033 2712 πολὺ
3080 2657 3160 2729 τῷ
3216 2658 3393 2733 χρεὼν
3452 2657 3861 2736 ἐλειτούργησε.

2208 2756 2277 2809 Τὸ
2310 2753 2367 2809 δὲ
2394 2756 2461 2809 τὰ
2495 2752 2751 2829 βασιλικά
2800 2755 3102 2827 παράσημα
3159 2753 3210 2808 ἐν
3271 2757 3705 2830 Τραϊανουπόλει
3768 2778 3862 2811 πει

2210 2840 2525 2920 ριϐαλέσθαι
2585 2845 2676 2899 τὸν
2751 2842 3035 2918 Βρυέννιον
3107 2844 3196 2897 καὶ
3274 2844 3372 2912 τήν
3436 2844 3711 2923 εὐφημίαν
3773 2847 3860 2901 καὶ

2205 2936 2303 3003 τήν
2328 2933 2622 3010 ἀνάῤῥησιν
2664 2930 2908 3004 δέξασθαι
2969 2931 3068 2986 οὐκ
3121 2932 3315 3009 ἀγαθὸν
3375 2933 3568 2988 οἰωνὸν
3626 2936 3677 2989 oi
3736 2958 3859 2990 συν-

2209 3025 2461 3098 ετώτεροι
2510 3025 2599 3077 καὶ
2644 3021 2931 3099 ἐχέφρονες
2983 3020 3319 3097 ἐλογίζοντο.
3353 3025 3436 3095 [Ρ.
3467 3024 3593 3099 859]
3623 3026 3689 3079 Ἡ
3749 3026 3852 3099 γὰρ

2208 3113 2640 3188 Τραϊανούπολις
2673 3112 2804 3182 αὕτη
2840 3110 2936 3165 οὐκ
2971 3110 3057 3165 ἐπὶ
3112 3116 3193 3183 τῷ
3248 3112 3475 3184 ὀνόματι
3532 3117 3629 3167 τοῦ
3694 3114 3860 3188 βασι-

2208 3202 2349 3264 λέως
2378 3207 2475 3256 τοῦ
2503 3207 2670 3275 Τραίἀ
2704 3205 2789 3254 δοῦ
2819 3197 3195 3272 ᾠκοδόμηται,
3222 3198 3303 3254 ἐπ’
3349 3200 3575 3273 ὀνόματι
3637 3198 3695 3255 δὲ
3752 3208 3859 3257 τῶν

2125 3266 2168 3332 C
2210 3293 2539 3366 μεγιστάνων
2621 3291 2769 3351 τινὸς
2844 3292 3118 3363 Τραϊανοῦ
3200 3287 3561 3361 καλουμένου,
3610 3290 3863 3365 γενναίου

2204 3382 2265 3435 τὸ
2295 3384 2588 3449 τηνικαῦτα
2644 3379 2779 3433 κατά
2817 3399 2874 3432 τε
2904 3382 3066 3454 χεῖρα
3113 3378 3202 3431 καὶ
3260 3379 3394 3432 κατὰ
3452 3380 3661 3451 ψυχήν,
3721 3380 3785 3434 ’ὃν
3837 3382 3863 3434 ὁ

2204 3472 2409 3544 Καῖσαρ
2462 3468 2724 3544 Τραϊανὸς
2782 3464 2872 3522 διό.
2937 3488 2989 3521 τι
3048 3472 3292 3539 πταῖσμα
3376 3472 3481 3522 τῶν
3552 3468 3863 3545 ὀφθαλμῶν

2205 3558 2506 3634 ἐστέρησεν.
2570 3557 2692 3614 Ἐπὶ
2751 3557 2959 3632 Πέρσας
3009 3553 3066 3610 δὲ
3124 3553 3276 3609 διιὼν
3355 3554 3579 3619 ἐνταῦθα
3660 3561 3858 3611 τοῦτον

2203 3647 2454 3711 ἐθεάσατο
2506 3648 2758 3721 πρώτως.
2795 3641 3130 3717 Περιώδυνος
3177 3640 3234 3698 δὲ
3270 3647 3339 3718 τῇ
3389 3644 3482 3715 θέᾳ
3535 3644 3859 3720 γενόμενος,

2199 3742 2306 3791 τῶν
2360 3734 2821 3811 στρατηγημάτων
2878 3733 2968 3788 καὶ
3024 3740 3123 3801 τῆς
3179 3730 3396 3809 ἀνδρίας
3463 3733 3855 3807 ἀναμνησθεὶς,

2202 3835 2252 3890 ἐν
2282 3835 2426 3907 αὐτῷ
2454 3840 2533 3907 τῷ
2558 3834 2710 3906 τόπῳ
2740 3832 2900 3889 πόλιν
2936 3832 3181 3887 ἐκέλευσε
3208 3832 3429 3888 πολίσαι
3486 3832 3563 3895 είς
3623 3836 3855 3906 μνήμην

2200 3925 2435 3996 ἄληστον
2496 3929 2591 3978 τοῦ
2649 3920 2864 3997 ἀνδρός.
2926 3921 3022 3975 Διά
3086 3925 3249 3975 ταῦτα
3305 3919 3436 3995 γοῦν
3494 3921 3593 3977 οὐκ
3650 3922 3856 3997 ἀγαθὸν

2200 4015 2392 4069 οἰωνὸν
2427 4015 2478 4068 οἳ
2509 4012 2798 4090 ἐχέφρονες
2826 4011 2888 4065 τὸ
2917 4010 3138 4087 γεγονὸς
3197 4008 3539 4085 ἐλογίζοντο.
3573 4012 3777 4084 ’Ὀμως
3812 4009 3858 4066 δ’

2199 4104 2289 4160 οὖν
2322 4105 2382 4158 τὸ
2414 4103 2762 4175 ἀποτέλεσμα
2792 4102 2818 4155 ὁ
2859 4099 3142 4174 Βρυέννιος
3199 4100 3406 4174 ἀγνοῶν
3463 4099 3690 4178 (τυφλὸν
3752 4102 3857 4176 γᾶρ

2197 4196 2258 4250 τὸ
2294 4192 2520 4267 μέλλον)
2567 4196 2674 4247 τῶν
2730 4191 3064 4265 πραγμάτων
3122 4187 3420 4264 ἀντείχετο.
3472 4188 3739 4265 Ἐφόνησε
3805 4188 3859 4243 δὲ

2195 4284 2261 4338 τὰ
2312 4283 2446 4337 αὐτὰ
2491 4278 2790 4342 Ῥαιδεστὸς
2841 4275 3089 4352 συνεργία
3143 4283 3241 4346 τῆς
3308 4281 3600 4351 συγγενοῦς
3681 4279 3857 4333 αὐτοῦ

2194 4380 2292 4442 τῆς
2325 4369 2709 4439 Βατατζαίνης·
2760 4368 2812 4421 οἱ
2862 4367 2963 4440 γριρ
2995 4362 3360 4435 Ῥαιδεστηνοὶ
3409 4364 3498 4419 καὶ
3555 4366 3697 4420 κατὰ
3757 4371 3855 4421 τοῦ

2194 4462 2395 4517 Πανίου
2472 4455 2849 4533 ἐξωρμηκότες
2929 4449 3208 4509 ἐϐιάσαντο
3286 4454 3417 4509 αὐτὸ
3488 4453 3852 4532 ἀναγορεῦσαι

2192 4554 2279 4608 τὸν
2316 4552 2614 4624 Βρυέννιον.
2650 4547 2898 4619 Τιμήσας
2940 4542 2996 4598 δε
3038 4545 3129 4598 τὸν
3181 4544 3371 4599 ἑαυτοῦ
3417 4541 3655 4621 ἀδελφὸν
3715 4567 3855 4600 κου-

438 4640 494 4688 et
527 4636 876 4705 logothetam
911 4633 992 4686 ita
1012 4634 1257 4687 oderant
1282 4640 1344 4688 ut
1368 4636 1646 4689 adversus
1668 4635 1825 4705 ipsos
1848 4642 2082 4693 strenue

2199 4638 2507 4718 ροπαλάτην
2541 4638 2629 4691 καὶ
2676 4634 2805 4696 τοὺς
2854 4630 3060 4694 ἄλλους
3120 4634 3356 4694 ἅπαντας
3405 4632 3697 4706 ἀναλόγως
3760 4634 3854 4688 καὶ

439 4739 500 4778 se
530 4726 815 4795 gererent,
843 4721 953 4776 sibi
1004 4721 1117 4793 ipsi
1169 4723 1586 4788 consentirent,
1620 4728 1675 4778 et
1698 4725 1851 4779 intra
1877 4725 2079 4781 urbem

439 4828 499 4868 se
531 4828 665 4866 cum
698 4810 894 4881 aliqua
942 4810 1279 4866 conditione
1328 4812 1672 4883 reciperent,
1719 4818 1775 4868 et
1824 4816 1906 4871 ita
1954 4818 2079 4871 sine

438 4906 595 4958 metu
647 4901 716 4956 ad
775 4900 937 4971 ipsos
987 4915 1120 4953 cum
1182 4906 1466 4971 apparatu
1517 4901 1673 4973 regio
1721 4905 2075 4961 adventaret.

433 5003 650 5057 Verum
685 5000 936 5055 multum
965 5017 997 5053 a
1016 4999 1312 5070 proposito
1336 4999 1580 5055 consilio
1601 5002 1921 5057 aberravit:
1942 5020 2076 5057 nam

436 5090 670 5145 tametsi
713 5088 1046 5143 Heracleam
1084 5088 1446 5159 incenderat,
1472 5094 1527 5144 et
1556 5090 1753 5161 plures
1776 5108 1843 5145 ex
1874 5091 1945 5146 iis
1976 5091 2075 5161 qui

436 5179 516 5235 ibi
553 5181 720 5233 erant
749 5177 1121 5231 interfecerat
1167 5176 1341 5247 (quod
1383 5177 1554 5247 paulo
1593 5183 1729 5234 ante
1759 5183 2079 5235 secesserat

437 5283 650 5339 praeses
681 5265 912 5321 Alexius
943 5267 1301 5337 Comnenus,
1333 5265 1435 5336 qui
1468 5266 1526 5321 in
1560 5266 1884 5338 Selymbria
1912 5284 2074 5323 com-

436 5355 818 5427 morabatur),
848 5359 1252 5409 verumtamen
1313 5361 1531 5427 regiam
1584 5357 1785 5411 urbem
1824 5356 2075 5413 incolen-

430 5452 517 5504 tes
568 5459 940 5516 nequaquam
990 5442 1263 5515 Bryennii
1307 5444 1555 5499 adventu
1601 5444 1858 5499 deterriti
1885 5451 2069 5503 sunt:

424 5545 770 5601 accedentes
829 5540 985 5595 enim
1044 5540 1115 5595 ad
1158 5557 1394 5596 murum
1428 5540 1879 5597 Blachernarum
1914 5545 2073 5601 730

422 5632 569 5689 levia
596 5629 794 5702 pralia
841 5629 1108 5699 quasdam
1142 5628 1349 5698 fecere,
1403 5634 1460 5685 et
1507 5629 1727 5703 repulsi
1786 5634 2071 5691 transiere

424 5719 611 5780 sancti
658 5716 1125 5776 Pantaleemonis
1182 5726 1440 5793 pontem,
1498 5723 1555 5778 et
1601 5734 1727 5795 quas
1778 5720 1860 5779 ibi
1901 5729 2070 5784 erant

2192 4715 2353 4801 ἆξῖως
2402 4735 2499 4798 τῆς
2560 4724 2760 4785 οἰκείας
2816 4724 3211 4788 καταστάσεως,
3256 4715 3485 4798 φοϐερὸν
3542 4723 3685 4796 πρὸς
3751 4724 3853 4791 τήν

2195 4816 2447 4896 βασιλίδα
2499 4814 2567 4870 δι’
2600 4812 2907 4869 ἀποστόλου
2954 4815 3049 4865 τοῦ
3110 4807 3250 4863 ἰδίου
3304 4806 3543 4883 ἀδελφοῦ
3606 4818 3856 4886 φανῆναι

2190 4909 2427 4981 ἐνόμισε.
2463 4902 2742 4980 Παραδοὺς
2771 4901 2871 4977 γὰρ
2916 4899 3061 4971 αὐτῷ
3118 4899 3341 4974 στρατὸν
3394 4898 3492 4953 οὐκ
3539 4896 3738 4973 ὀλίγον
3805 4902 3859 4955 ἐν

2190 4997 2400 5053 ἐλπίσιν
2433 4997 2501 5064 ἦν
2533 4996 2628 5060 ὡς,
2661 4991 2876 5063 ἐπείπερ
2910 4991 2961 5044 o't
3014 4987 3237 5043 πολῖται
3286 4988 3377 5042 τὸν
3439 4987 3748 5063 λογοθέτην
3786 4988 3859 5045 δι’

2188 5088 2353 5163 ὀργῆς
2408 5085 2495 5139 καὶ
2560 5083 2749 5155 μίσους
2808 5079 2906 5134 οὐκ
2945 5078 3182 5152 ἀγεννῶς
3236 5074 3451 5151 ἔχουσι,
3492 5075 3860 5149 προσεξίουσί

2185 5197 2243 5231 τε
2267 5175 2413 5247 αὐτῷ
2456 5174 2542 5227 καὶ
2596 5168 2979 5248 προσδέξονται
3025 5166 3118 5221 σὺν
3172 5164 3493 5239 ὁμολογίαις
3544 5164 3729 5235 ἐντὸς,
3764 5168 3859 5222 καὶ

2186 5265 2359 5328 οὕτως
2418 5260 2589 5324 ἀδεῶς
2641 5260 2983 5337 ἐπιφοιτησει
3054 5256 3139 5311 καὶ
3221 5253 3385 5317 αὐτὸς
3440 5253 3489 5307 ἐν
3552 5252 3863 5327 ἑτοιμασίᾳ

2189 5356 2469 5431 βασιλικῇ.
2497 5350 2676 5408 Ἀλλά
2731 5348 2875 5404 πολὺ
2935 5344 3203 5422 διήμαρτε
3247 5347 3344 5399 τοῦ
3376 5344 3701 5431 σκοποῦ.ῗεῖ
3748 5348 3859 5422 γὰρ

2183 5430 2271 5500 καὶ
2300 5445 2398 5513 τὴν
2439 5440 2760 5517 Ἡράκλειαν
2795 5435 3003 5511 ἐδῄωσε
3038 5436 3129 5490 καὶ
3184 5430 3435 5497 πολλοὺς
3492 5430 3679 5487 ἀνεῖλε
3742 5440 3863 5490 τῶν

2183 5543 2233 5599 ἐν
2294 5542 2452 5616 αὐτῇ,
2538 5538 3006 5614 ὑποχωρήσαντος
3079 5530 3308 5608 ἔναγχος
3381 5534 3479 5585 τοῦ
3563 5528 3860 5606 προέδρου

2180 5614 2424 5704 Ἀλεξίου
2481 5633 2577 5686 τοῦ
2638 5629 2945 5701 Κομνηνοῦ,
2978 5623 3036 5685 ὃς
3064 5620 3117 5677 ἐν
3164 5614 3451 5696 Σηλυϐρίᾳ
3480 5615 3861 5694 ἐφήδρευσεν,

2180 5721 2305 5782 ἀλλ’
2337 5723 2490 5797 ὅμως
2522 5720 2574 5775 οἱ
2601 5719 2700 5790 τὴν
2739 5713 2888 5797 βασι)
2913 5710 2996 5770 ίδα
3048 5709 3324 5777 οἰκοῦντες
3376 5707 3653 5784 οὐδαμῶς
3704 5713 3860 5792 πρὸς
