4040 6196
195 346 310 403 461

1717 343 2109 405 HISTORIA.

3493 353 3614 415 462

193 478 291 540 τὴν
350 473 697 550 ἱπιφοίτησιν
755 478 859 541 τῆς
914 476 1012 527 τοῦ
1071 471 1358 547 Βρυεννίου
1416 478 1667 546 στρατιᾶς
1725 494 1843 528 κατ-

1967 477 2165 532 omnia
2196 477 2315 549 igni
2366 478 2758 533 combussere.
2791 478 3052 551 Cumque
3097 480 3242 537 nihil
3293 492 3611 542 memoratu

195 562 545 638 επλᾶγησανο
598 563 1032 637 παραγενόμενοι
1077 562 1178 637 γὰρ
1220 554 1657 636 ήκροϐολίσαντο
1714 559 1853 618 κατά

191 651 257 706 τὸ
287 656 478 728 τεῖχος
536 655 643 706 τῶν
703 648 1050 727 βλαχερνῶν,
1098 650 1187 704 καὶ
1219 650 1679 727 ἀποκρουσθέντες
1730 652 1851 709 ἑπε-

195 740 512 814 ραιώθησαν
564 741 664 809 τήν
715 744 815 794 τοῦ
872 740 1027 815 ἁγίου
1072 736 1531 811 Παντελεήμονος
1590 740 1850 817 γέφυραν,

192 830 383 884 καὶτὰ
411 828 583 884 ἐκεῖσε
631 830 803 884 πάντα
852 828 978 904 πυρὶ
1029 829 1498 902 κατελυμήναντο,
1547 831 1634 885 καὶ
1697 828 1850 886 οὐδὲν

192 919 339 989 ἄξιον
392 917 569 994 λόγου
626 919 972 995 πεπραχότες
1005 920 1339 995 ὑπέστρεψαν
1392 918 1621 983 ἐκεῖθεν.
1678 920 1853 987 Αὐτὸς

195 1010 289 1080 μὶν
323 1006 423 1063 δύο
453 1010 708 1084 τάγματα
768 1004 950 1064 λαϐὼν
1005 1013 1082 1080 τῷ
1123 1007 1325 1079 ’Δθΰρᾳ
1355 1008 1627 1080 ἐπιφοιτᾷ,
1659 1012 1757 1079 τήν
1794 1009 1851 1066 δὲ

192 1096 398 1167 λοιπὴν
461 1100 715 1173 στρατιὰν
764 1098 841 1161 είς
888 1096 1330 1173 παραχειμασίαν
1363 1096 1690 1154 ἀπέστειλεν.
1761 1102 1846 1157 Ἐν

185 1185 435 1259 τοσούτῳ
495 1185 554 1241 δὲ
607 1191 790 1242 κακῶν
840 1186 1131 1263 γενόμενος
1192 1188 1220 1241 ὁ
1279 1184 1533 1262 βασιλεὺς
1576 1187 1740 1261 μόλις
1773 1188 1849 1251 εἰς

189 1278 417 1348 μνήμην
448 1277 551 1344 ἧκε
592 1281 690 1331 τοῦ
746 1275 1052 1331 Ῥουσελίου
1100 1273 1319 1353 φυλακῇ
1370 1274 1458 1329 καὶ
1494 1274 1715 1350 δεσμοῖς
1771 1275 1847 1333 ἔτι

186 1366 560 1439 «ξυνεχομένου
607 1366 695 1419 καὶ
729 1371 807 1438 τῷ
839 1364 1166 1439 Βοτανειάτῃ
1224 1363 1603 1437 αὐτομολῆσαι
1637 1366 1847 1442 ἆπιχει-

187 1456 496 1529 ρήσαντος.
561 1454 867 1531 Ἐξαγαγὼν
927 1454 1019 1508 οὗν
1076 1454 1240 1509 αὐτὸν
1294 1462 1392 1525 τῆς
1449 1453 1698 1529 φυλακῆς
1757 1455 1847 1510 καὶ

184 1545 363 1612 πάσης
430 1544 663 1616 ἀξιώσας
719 1546 890 1617 τιμῆς
942 1543 1031 1597 καὶ
1088 1542 1320 1607 ἀνέσεως
1354 1589 1370 1618 ,
1448 1543 1536 1599 καὶ
1607 1542 1846 1606 πολλοῖς

182 1631 499 1707 ἰπαγωγοῖς
560 1634 649 1686 καί
681 1630 1027 1708 θελκτηρίοις
1090 1633 1442 1707 χρησάμενος
1480 1632 1740 1709 ῥήμασιν,
1774 1632 1847 1695 εἷς

182 1722 279 1790 τήν
342 1722 482 1776 κατὰ
533 1726 631 1776 τοῦ
697 1721 987 1796 Βρυεννίου
1044 1721 1335 1796 παράταξιν
1396 1722 1697 1798 ἐξηρέθισεν
1755 1723 1844 1777 καὶ

178 1809 290 1865 ἀπὸ
339 1813 454 1863 τῶν
526 1814 728 1885 τειχῶν
782 1815 899 1872 τοῖς
959 1808 1052 1864 σὺν
1118 1814 1198 1883 τῷ
1257 1809 1517 1887 Βρυεννίῳ
1569 1810 1843 1888 Φράγγοις

181 1897 547 1974 διαλεχθῆναι
596 1901 944 1973 παρέπεισεν.
980 1900 1071 1962 Ὠς
1103 1896 1149 1954 δ’
1185 1898 1284 1954 οὐκ
1328 1896 1557 1971 ἔπεισεν,
1591 1898 1841 1977 ἐπιστρα-

177 1987 323 2042 τεῦει
354 1993 433 2058 τῷ
462 1985 683 2064 ἀδελφῷ
711 1992 810 2043 τοῦ
841 1989 1126 2064 Βρυεννίου
1159 1987 1210 2043 ἐν
1260 1988 1339 2061 τῷ
1389 1989 1589 2064 Ἀθύρᾳ
1633 1986 1840 2065 διατρί‹

179 2072 358 2146 ὄοντι,
411 2079 493 2151 [Ρ.
526 2078 655 2143 860]
687 2082 1118 2153 στρατηγοῦντος
1148 2082 1245 2131 τοῦ
1293 2075 1563 2153 προέδρου
1596 2075 1840 2148 Ἀλεξίου

176 2170 277 2220 τοῦ
310 2170 611 2239 Κομνηνοῦ
645 2169 780 2238 μετὰ
808 2169 918 2221 τῶν
950 2164 1002 2221 ἐν
1034 2170 1102 2240 τῇ
1167 2164 1409 2242 βασιλίδι
1470 2172 1839 2240 στρατιωτῶν,

182 2255 370 2331 ὅρκοις
399 2253 662 2333 ἀσφαλέσι
720 2255 983 2333 πρότερον
1044 2255 1109 2310 τὰ
1158 2256 1321 2310 πιστᾶ
1378 2253 1652 2324 δεδωκὼς,
1712 2278 1835 2311 συν-

181 2343 602 2399 αποσταλὲντων
663 2341 752 2398 διὰ
810 2342 1085 2415 θαλάσσης
1148 2345 1236 2399 καὶ
1290 2345 1563 2401 Ῥωσικῶν
1622 2343 1831 2401 πλοίων

180 2435 299 2487 κατ’
363 2432 558 2499 αὐτῶν,
616 2432 793 2487 αὐτῶν
843 2430 902 2487 δὲ
964 2437 1100 2507 πεζῇ
1157 2434 1582 2504 κατεπειξάντων
1614 2433 1689 2496 εἷς
1743 2435 1834 2490 τὸν

190 2521 455 2595 Ἀθῦραν.
553 2519 717 2576 Ἀλλ’
804 2516 1033 2599 ἔφθασαν
1120 2518 1446 2598 προγνόντες
1533 2521 1830 2601 διαφυγεῖν.

187 2608 504 2681 Ἐπιδιῶξαι
566 2607 623 2664 δὲ
675 2611 728 2663 (οἱ
772 2610 895 2683 περὶ
950 2612 1042 2665 τὸν
1102 2610 1415 2667 Ῥουσὲλιον
1472 2612 1561 2666 καὶ
1599 2614 1689 2667 τὸν
1726 2619 1832 2666 Κο-

188 2701 393 2772 μνηνὸν
431 2699 764 2775 βουλόμενοι
797 2699 885 2753 καὶ
914 2704 1019 2753 τῶν
1046 2700 1295 2755 ἐναντίων
1326 2699 1531 2778 σφῆλαι
1563 2700 1831 2771 πολλοὺς,

184 2790 285 2843 οὐκ
336 2784 497 2864 ἔσχον
548 2789 911 2861 πειθομένους
937 2787 1063 2850 τοὺς
1112 2790 1468 2864 στρατιώτας,
1500 2787 1740 2852 δεδιότας
1772 2791 1834 2845 τὸ

181 2872 594 2950 ἐκϐησόμενον.
651 2879 882 2933 Ἔπεσον
947 2874 1003 2932 δὶ
1058 2882 1164 2933 τῶν
1226 2876 1550 2933 Μακεδόνων
1603 2876 1832 2947 πολλοὶ,

181 2968 266 3020 καὶ
337 2970 529 3035 ζῶντες
591 2965 688 3020 οὐκ
750 2965 933 3041 ὀλίγοι
988 2965 1378 3036 ἒάλωσαν,καὶ
1439 2966 1836 3047 λαφυραγωγία

180 3053 402 3132 ἐλήφθη
462 3054 651 3124 πολλὴ
718 3055 808 3109 καὶ
864 3055 930 3109 τὰ
985 3052 1213 3130 πράσινα
1263 3060 1360 3111 τοῦ
1414 3054 1833 3132 κουροπαλάτου

181 3143 465 3219 ὀχήματα.
498 3148 591 3207 ’ος
630 3145 716 3199 καὶ
769 3142 976 3222 φεύγων
1030 3145 1327 3219 ἀφικνεῖται
1388 3145 1462 3207 εἰς
1508 3143 1831 3201 Ῥαιδεστόν.

1962 565 2203 635 dignum
2249 565 2593 638 gessissent,
2634 566 2769 621 inde
2822 568 3035 623 reversi
3087 574 3227 624 sunt
3302 569 3428 642 Ipse
3479 591 3611 631 cum

1961 653 2190 711 duabus
2221 653 2546 726 legionibus
2579 655 2647 709 ad
2673 655 2951 727 Athyram
2978 673 3040 713 se
3067 658 3613 731 confert,reliquum

1960 744 2278 802 exercitum
2315 745 2372 797 in
2423 743 2671 799 hiberna
2720 744 3042 800 distribuit.
3079 748 3140 801 In
3190 747 3372 803 tantis
3421 754 3615 806 autem

1963 834 2135 890 malis
2157 849 2400 888 versans
2424 832 2739 904 imperator
2757 832 2849 888 vix
2893 836 3236 891 recordatus
3259 842 3349 891 est
3371 838 3613 906 Ruselii,

1961 924 2062 995 qui
2111 923 2303 978 adhuc
2344 922 2403 977 in
2452 939 2680 978 carcere
2728 924 2958 978 vinctus
3009 924 3387 981 detinebatur
3434 934 3492 982 et
3541 930 3611 983 ad

1959 1012 2323 1068 Botaniatem
2358 1012 2719 1083 transfugere
2751 1017 2996 1067 conatus
3029 1018 3172 1070 erat.
3210 1014 3395 1087 Igitur
3435 1018 3615 1072 educ-

1960 1112 2084 1163 tum
2120 1102 2313 1173 ipsum
2346 1118 2376 1156 e
2408 1100 2677 1156 custodia
2722 1105 2999 1174 omnique
3049 1102 3267 1159 honore
3316 1105 3610 1174 affectum,

1960 1192 2148 1246 multa
2178 1190 2524 1245 remissione
2557 1206 2622 1243 ac
2654 1189 2886 1246 blandis
2916 1208 3053 1263 erga
3085 1192 3251 1247 illum
3304 1211 3449 1250 usus
3488 1211 3614 1250 ver-

1958 1281 2069 1350 bis,
2121 1280 2194 1334 ad
2246 1278 2509 1350 pralium
2561 1284 2763 1333 contra
2819 1281 3173 1351 Bryennium
3223 1282 3509 1351 incitavit,
3559 1287 3615 1338 et

1958 1372 2252 1444 persuasit
2303 1376 2366 1426 ut
2414 1389 2447 1427 a
2498 1371 2684 1425 muris
2730 1388 2861 1425 cum
2913 1372 2987 1427 iis
3038 1374 3274 1429 Francis
3328 1376 3431 1446 qui
3478 1392 3612 1431 cum

1957 1462 2243 1534 Bryennio
2296 1465 2493 1516 essent
2540 1459 2989 1532 colloqueretur.
3024 1463 3134 1518 Sed
3192 1463 3290 1518 ubi
3322 1481 3435 1520 non
3468 1466 3609 1537 fper-

1957 1550 2163 1616 suasit,
2198 1551 2265 1604 ad
2304 1550 2574 1621 Bryennii
2606 1550 2845 1604 fratrem
2880 1552 2939 1604 in
2971 1552 3193 1623 Athyra
3240 1569 3607 1609 commoran-

1954 1644 2075 1695 tem
2135 1656 2269 1694 cum
2326 1640 2581 1694 exercitu
2640 1639 3055 1711 proficiscitur,
3117 1642 3265 1697 duce
3324 1642 3611 1699 exercitus

1956 1727 2203 1800 praeside
2232 1726 2430 1782 Alexio
2462 1726 2798 1795 Commeno,
2836 1745 2970 1783 cum
3003 1728 3074 1783 iis
3109 1730 3398 1786 militibus
3429 1733 3529 1802 qui
3552 1730 3611 1786 in

1956 1816 2117 1888 regia
2166 1817 2310 1871 urbe
2358 1819 2543 1887 erant,
2586 1816 2979 1886 jurejurando
3027 1823 3398 1874 sacrosancto
3449 1821 3613 1891 prius

1954 1906 2066 1961 ﬁde
2090 1906 2245 1972 data,
2280 1909 2336 1959 et
2357 1903 2535 1960 simul
2561 1921 2662 1975 per
2703 1922 2862 1960 mare
2898 1905 3096 1962 missis
3141 1908 3418 1963 adversus
3448 1907 3611 1979 ipsos

1954 1994 2386 2051 Roxolanorum
2423 1994 2693 2065 navigiis,
2726 1994 2986 2065 ipsisque
3008 1995 3306 2067 peditibus
3329 1998 3400 2051 ad
3435 1998 3611 2068 Athy-

1952 2100 2075 2139 ram
2111 2083 2551 2139 festinantibus.
2583 2082 2796 2138 Verum
2832 2089 3119 2157 occupant
3168 2084 3251 2140 illi
3284 2103 3343 2141 re
3374 2086 3610 2158 cognita

1952 2174 2169 2243 iugere,
2203 2188 2456 2242 cumque
2477 2171 2981 2244 vellentpersequi
3006 2174 3041 2227 ii
3069 2173 3168 2246 qui
3201 2191 3331 2230 cum
3370 2174 3606 2230 Ruselio

1949 2266 2116 2318 erant
2135 2261 2529 2327 etComneno,
2563 2267 2618 2316 et
2636 2262 2895 2317 hostium
2933 2263 3131 2335 plures
3168 2264 3453 2333 occidere,
3488 2282 3603 2319 non

1951 2350 2284 2405 habuerunt
2334 2348 2549 2404 milites
2580 2349 2690 2403 sibi
2736 2351 2890 2405 dicto
2938 2352 3297 2416 obedientes,
3329 2358 3602 2407 eventum

1951 2440 2031 2494 rei
2084 2439 2583 2511 pertimescentes.
2617 2438 2885 2494 Cecidere
2934 2445 3128 2495 autem
3163 2456 3231 2496 ex
3268 2441 3599 2496 Macedoni-

1951 2529 2062 2584 bus
2121 2527 2338 2600 plures,
2388 2532 2442 2583 et
2500 2528 2611 2582 vivi
2669 2528 2826 2583 haud
2879 2529 3050 2600 pauci
3108 2529 3265 2602 capti
3324 2533 3484 2600 sunt,
3542 2534 3603 2586 et

1952 2615 2146 2686 praeda
2196 2613 2384 2669 multa
2410 2619 2599 2683 capta,
2633 2618 2688 2670 et
2718 2615 3052 2670 vehiculum
3103 2617 3325 2688 prasini
3382 2617 3594 2673 coloris

1951 2704 2104 2775 quod
2136 2702 2486 2773 curepalatre
2526 2707 2685 2770 erat;
2721 2704 2821 2775 qui
2854 2705 3031 2759 etiam
3065 2705 3295 2776 fugiens
3327 2706 3603 2762 Rhaedes-

1952 2796 2079 2847 tum
2142 2792 2425 2864 pervenit.
2460 2792 2748 2847 Patzinaci
2810 2798 3004 2848 autem
3050 2796 3193 2850 731
3257 2812 3391 2850 cum
3444 2795 3599 2851 haud

1946 2882 2157 2954 exigua
2178 2899 2353 2936 manu
2374 2881 2793 2953 Adrianopolin
2822 2882 3110 2953 invasere,
3136 2901 3312 2955 quam
3344 2885 3595 2941 circum-

1949 2971 2210 3027 sidentes
2241 2971 2527 3042 quosdam
2563 2987 2663 3041 per
2694 2972 2992 3043 regionem
3018 2973 3357 3045 misere,qui
3382 2973 3606 3046 optima

1950 3076 2199 3130 qumque
2254 3059 2443 3130 ipsius
2498 3058 2625 3113 loca
2680 3065 3010 3130 vastarunt,
3070 3061 3327 3116 virorum
3387 3064 3603 3119 caedem

1949 3149 2229 3204 facientes
2277 3152 2334 3202 et
2388 3146 2779 3202 animantium
2833 3149 3133 3221 abigentcs
3177 3150 3441 3206 inﬁnitos
3472 3168 3603 3223 gre-

182 3234 245 3290 Oi
278 3231 343 3287 δὶ
395 3234 717 3302 Πατζινακοι
772 3235 906 3304 μετά
951 3231 1203 3305 πλήθους
1260 3235 1361 3289 οὐκ
1419 3232 1716 3309 ἐλαχίστου
1773 3238 1839 3308 τῇ

1958 3253 2075 3309 ges,
2109 3252 2296 3307 neque
2317 3235 2479 3291 illius
2499 3236 2733 3307 generis
2766 3240 3129 3293 vexationem
3155 3238 3337 3293 ullam
3370 3244 3607 3311 prseter-

182 3319 643 3397 ’Δδριανουπόλει
695 3321 1030 3399 ἰπεφάνησαν
1062 3365 1077 3393 ,
1147 3323 1237 3377 καὶ
1311 3323 1510 3394 ταύτην
1582 3336 1838 3399 περικαθ-

184 3410 397 3472 ίσαντες
451 3410 604 3473 τινας
652 3412 787 3465 κατᾶ
849 3417 950 3479 τῆς
996 3410 1184 3486 χώρας
1254 3410 1578 3467 ἀπέστειλαν
1636 3412 1726 3467 καὶ
1774 3414 1840 3466 τὰ

178 3499 430 3569 ταιότης,
485 3498 759 3554 κάλλιστα
815 3494 1187 3572 ἐλωϐήσαντο,
1246 3500 1406 3577 φόνον
1472 3502 1566 3574 μὶν
1628 3499 1838 3575 ἀνδρῶν

177 3588 572 3660 πλησάμενοι,
630 3590 781 3659 ζώων
843 3585 901 3642 δὲ
965 3588 1162 3662 ἀγέλας
1222 3590 1477 3666 ἀπείρους
1534 3589 1840 3660 ὶλάσαντες,

180 3679 265 3731 καὶ
334 3675 460 3730 οὗδέ
516 3674 571 3731 ’ἐν
630 3675 769 3739 εἶδος
838 3676 1242 3749 παραλιπόντες
1299 3679 1611 3741 κακώσεως.
1668 3682 1726 3736 Ὀ
1786 3678 1843 3735 δὲ

182 3767 475 3838 Βρυέννιος
529 3766 617 3820 ἐπὶ
677 3767 963 3836 συνθήκαις
1020 3767 1110 3821 καὶ
1160 3772 1368 3843 χρυσοῦ
1422 3766 1564 3822 δόσει
1623 3770 1711 3822 καὶ
1746 3769 1840 3846 ὑφ-

179 3857 442 3928 ασμάτων
506 3856 865 3930 ὑποχωρῆσαι
916 3857 1322 3929 παρασκευάσας
1371 3856 1568 3919 αὐτοὺς
1600 3859 1841 3933 ἠργυρο-

184 3944 347 4017 λόγει
377 3943 501 4005 τοὺς
561 3941 753 4009 ἰδίους,
810 3944 969 3998 παντὶ
1020 3946 1212 4019 τρόπῳ
1240 3950 1335 4000 τοῦ
1363 3948 1499 4001 κατά
1528 3948 1729 4002 σκοπὸν
1766 3949 1839 4020 μὴ

1951 3325 2269 3399 mittentes.
2305 3324 2630 3397 Bryennius
2662 3329 2855 3380 autem
2890 3326 3207 3382 foederibus
3240 3332 3296 3382 et
3326 3329 3453 3383 auri
3485 3327 3603 3384 lar-

1949 3414 2169 3487 gitione
2207 3418 2265 3468 et
2321 3412 2720 3484 stragulorum
2779 3413 3007 3469 efﬁcere
3066 3416 3313 3471 studens
3368 3420 3431 3470 ut
3489 3416 3604 3486 ipsi

1950 3503 2312 3569 secederent,
2368 3518 2400 3554 a
2458 3501 2582 3555 suis
2632 3505 2939 3571 argentum
3015 3502 3299 3573 exigebat,
3364 3503 3603 3558 omnino

1952 3590 2192 3661 cupiens
2224 3606 2255 3645 a
2287 3588 2585 3661 proposito
2608 3588 2852 3645 consilio
2890 3606 3005 3645 non
3037 3591 3321 3647 aberrare.
3358 3591 3603 3647 Missus-

1953 3700 2065 3754 que
2098 3683 2271 3736 frater
2322 3681 2507 3752 ipsius
2536 3682 2793 3737 Joannes
2823 3683 2894 3736 ad
2942 3682 3125 3754 Cyzici
3172 3682 3603 3739 Cherronesum

1954 3772 2277 3825 conabatur
2311 3769 2619 3841 indigenas
2652 3770 2723 3823 ad
2758 3785 2820 3824 se
2849 3770 3137 3826 adducere
3164 3786 3177 3825 :
3205 3771 3305 3826 sed
3340 3772 3608 3826 incidens

1956 3862 2015 3915 in
2048 3862 2241 3931 ipsum
2279 3859 2553 3915 Ruselius
2605 3877 2705 3929 per
2735 3860 2853 3915 vim
2886 3878 2985 3916 eos
3034 3862 3273 3934 fugavit,
3321 3862 3610 3934 principio

1958 3949 2149 4005 Martii
2188 3949 2427 4014 mensis,
2462 3948 3023 4019 indictioneprima.

198 4030 519 4108 διαμαρτεῖν
546 4032 1020 4107 προθυμούμενος.
1056 4034 1409 4097 Ἀποσταλεὶς
1453 4033 1509 4090 δὲ
1540 4038 1567 4091 ὁ
1594 4034 1827 4113 ἀδελφὸς
1851 4038 2016 4092 αὐτοῦ
2049 4036 2303 4107 Ἰωάννης
2337 4036 2411 4097 εἷς
2438 4038 2535 4104 τήν
2564 4043 2662 4105 τῆς
2696 4035 2933 4105 Κυζίκου
2962 4036 3302 4113 χερρόνησον
3354 4036 3609 4113 ἐπειρᾶτο

185 4123 317 4185 τοὺς
357 4122 661 4199 ἐγχωρίους
695 4122 1079 4197 ὑπαγαγέσθαι.
1110 4124 1385 4207 Ἑντυχὼν
1420 4122 1476 4180 δὲ
1507 4125 1652 4198 αὖτῷ
1681 4127 1708 4180 ὁ
1740 4126 2044 4189 Ῥουσέλιος
2072 4127 2208 4181 κατὰ
2235 4125 2431 4201 κράτος
2464 4125 2658 4189 αὐτοὺς
2687 4124 3431 4201 ἐτραπώσατο,ἐνισταμὲνου
3468 4130 3612 4204 Mup-

187 4211 332 4283 τίου,
373 4212 559 4284 μηνὸς,
590 4218 694 4280 τῆς
724 4218 768 4265 α’
792 4208 1147 4277 ῗνδικτιῶνος.

254 4322 373 4373 Τοῦ
404 4314 459 4371 δὲ
513 4318 860 4392 πατριάρχου
914 4318 1166 4373 Ἰωάννου
1224 4323 1321 4374 τοῦ
1376 4318 1669 4394 Ξιφιλίνου
1723 4341 1841 4375 κοι-

186 4406 460 4478 μηθέντος
509 4406 599 4460 καὶ
661 4406 800 4481 πρὸς
848 4408 948 4477 τὴν
997 4407 1187 4483 ἀγήρω
1236 4406 1390 4479 λῆξιν
1455 4411 1842 4483 μιταθεμένου,

184 4498 214 4551 ὁ
262 4494 521 4571 βασιλεὺς
569 4494 755 4570 ἕτερον
786 4495 1236 4571 προυχειρίσατο,
1298 4496 1365 4566 οὺ¹
1391 4501 1498 4553 τῶν
1558 4505 1658 4567 τῆς
1714 4520 1842 4571 συγ-

184 4583 425 4654 κλίτου,
479 4583 542 4638 οὐ
598 4587 708 4638 τῶν
760 4588 861 4649 τῆς
918 4583 1265 4655 Ἐκκλησίας,
1326 4585 1425 4641 οὐκ
1452 4583 1623 4642 ἄλλον
1657 4584 1849 4641 οὐδένα

186 4680 294 4729 τῶν
356 4674 663 4743 Βυζαντίων
711 4678 822 4728 τῶν
877 4670 941 4729 ἕκ
966 4695 1025 4729 τε
1070 4672 1237 4749 λόγου
1282 4675 1371 4729 καὶ
1416 4674 1658 4750 πράξεως
1720 4675 1845 4730 ὀνο-

190 4760 417 4837 μαστῶν
446 4765 531 4818 καὶ
585 4762 969 4837 περιωνόμων,
1022 4768 1241 4837 Κοσμᾶν
1301 4760 1356 4817 δὲ
1420 4785 1542 4818 τινα
1604 4766 1845 4839 μοναχὸν

186 4856 289 4916 τῆς
351 4852 508 4924 ἁγίας
582 4852 677 4923 μὲν
748 4850 967 4913 πόλεως
1043 4852 1417 4926 ἀφικόμενον,
1500 4852 1728 4927 μεγίστῃ
1790 4850 1849 4906 δὲ

187 4944 333 5013 τιμῇ
396 4940 537 5012 παρὰ
597 4938 866 5014 βασιλέως
893 4940 1207 5012 τιμώμενον
1238 4938 1327 4995 διὰ
1355 4942 1454 5009 τήν
1514 4940 1847 5016 ἐπιπρέπου-

189 5050 284 5082 σαν
319 5029 473 5098 αὗτῷ
502 5028 721 5104 ἀρετήν’
757 5028 802 5082 εἰ
827 5029 927 5102 γὰρ
958 5028 1047 5083 καὶ
1076 5030 1176 5099 τῆς
1209 5027 1398 5101 ἔξωθεν
1442 5030 1628 5108 σοφίας
1661 5028 1851 5106 ἔγευσε-

187 5138 281 5179 τος
310 5118 389 5185 ἦν
420 5118 501 5170 καὶ
552 5116 822 5189 ἀμύητος,
869 5114 995 5170 ἀλλ’
1045 5118 1259 5191 ἀρεταῖς
1297 5118 1577 5180 ποικίλαις
1624 5118 1849 5193 ἑνωραΐ-

192 5214 340 5275 ζετο.
378 5207 469 5260 Διὸ
496 5208 582 5260 καὶ
618 5204 835 5259 πάντων
872 5203 1139 5281 ὑπεριδὼν
1168 5206 1326 5262 αὐτὸν
1366 5206 1569 5276 καθίζει
1604 5207 1691 5261 ἐπὶ
1740 5211 1847 5262 τῶν

191 5294 405 5349 nisi.wa
433 5301 531 5364 τῆς
565 5291 918 5365 Ἐκκλητίας.

256 5403 324 5458 Ὀ
384 5396 441 5455 δὲ
496 5398 854 5470 Βοτανειάτης
902 5398 977 5469 ¹τοὶ
1023 5400 1145 5454 καθ’
1203 5401 1387 5456 ἑαυτὸν
1449 5402 1504 5456 εὗ
1548 5399 1851 5473 διατιθέμε-

192 5512 312 5558 νος,
377 5490 467 5543 καί
517 5489 655 5564 πρὸς
692 5489 757 5544 τὸ
809 5487 1164 5564 προκείμενον
1226 5487 1382 5567 ἔργον
1442 5490 1472 5545 ὅ
1529 5490 1852 5567 ἀνερῥίψατο

196 5577 632 5652 ἰτοιμαζόμενος
662 5621 678 5647 ,
746 5576 950 5642 πάντας
1024 5576 1141 5634 ὅσοι
1199 5580 1333 5635 ποτὶ
1389 5580 1663 5656 στρατείας
1726 5600 1853 5653 μετ-

199 5668 532 5741 εποιήσαντο
606 5664 1163 5744 προσκαλεσάμενος,
1230 5670 1481 5746 τάγματα
1536 5669 1597 5727 ἐκ
1644 5668 1854 5729 τούτων

2023 4322 2263 4394 Sepulto
2312 4327 2507 4378 autem
2560 4323 2893 4395 patriarcha
2938 4323 3163 4379 Joanne
3213 4322 3510 4395 Xiphilino
3551 4328 3608 4380 et

1954 4413 2025 4467 ad
2059 4412 2266 4469 domos
2309 4418 2553 4467 aeternas
2602 4411 2886 4467 translato
2918 4412 3237 4483 imperator
3267 4412 3449 4467 alium
3498 4412 3605 4467 de-

1953 4500 2119 4573 legit,
2153 4518 2266 4556 non
2316 4518 2383 4556 ex
2433 4501 2728 4555 senatorio
2775 4501 2979 4556 ordine
3013 4518 3201 4572 neque
3232 4517 3299 4555 ex
3330 4500 3607 4570 Ecclesia,

1959 4608 2147 4663 neque
2188 4591 2377 4646 ullum
2408 4590 2586 4645 alium
2645 4590 3051 4663 Byzantiorum
3106 4590 3224 4647 sive
3272 4590 3611 4662 eloquentia

1957 4680 2077 4736 sive
2108 4681 2283 4736 rebus
2336 4679 2516 4751 gestis
2547 4681 2839 4736 clarorum
2885 4685 2941 4735 et
2971 4680 3311 4749 celebrium,
3346 4681 3445 4737 sed
3479 4680 3617 4736 Cos-

1958 4786 2116 4823 mam
2148 4770 2467 4840 quemdam
2521 4768 2899 4837 monachum,
2934 4768 3034 4838 qui
3067 4786 3099 4823 a
3131 4774 3335 4824 sancta
3382 4768 3615 4823 civitate

1959 4863 2217 4923 venerat,
2250 4864 2305 4913 et
2351 4859 2410 4912 in
2446 4859 2698 4913 maximo
2748 4858 2967 4913 honore
3015 4860 3163 4928 apud
3198 4859 3614 4929 imperatorem

1959 4950 2285 5005 habebatur
2330 4954 2565 5021 propter
2621 4949 2894 5006 virtutem
2955 4966 3071 5021 qua
3129 4950 3410 5021 praeditus
3467 4954 3611 5005 erat.

1958 5042 2107 5091 Nam
2133 5036 2361 5091 tametsi
2384 5043 2634 5091 externae
2662 5036 2957 5107 sapientia:
2986 5054 3191 5107 expers
3214 5041 3339 5092 erat
3369 5040 3426 5091 et
3454 5035 3614 5089 illius

1965 5124 2237 5192 mysteria
2270 5124 2514 5179 minime
2544 5128 2827 5195 gustarat,
2863 5130 3119 5180 attamen
3152 5124 3329 5179 variis
3378 5122 3613 5178 virtuti-

1960 5215 2071 5268 bus
2122 5214 2562 5281 efﬂorescebat;
2599 5218 2955 5285 quapropter
3004 5214 3283 5269 omnibus
3334 5212 3465 5267 aliis
3514 5230 3613 5268 ne-

1960 5302 2160 5374 glectis
2214 5302 2409 5373 ipsum
2455 5302 2526 5357 ad
2578 5302 2847 5357 Ecclesia:
2896 5302 3298 5375 gubernacula
3342 5301 3612 5360 collocat.

2033 5409 2365 5464 Botaniates
2396 5425 2529 5464 vero
2548 5408 2694 5463 bene
2724 5409 3069 5480 compositis
3094 5408 3215 5464 suis
3238 5408 3437 5476 rebus,
3456 5413 3513 5462 et
3542 5409 3613 5463 ad

1962 5497 2329 5570 propositum
2360 5514 2528 5570 Opus,
2563 5498 2720 5569 quod
2752 5498 3085 5567 distulerat,
3117 5502 3380 5570 paratus,
3432 5496 3619 5551 omni-

1963 5588 2075 5643 bus
2129 5587 2461 5659 quicunque
2520 5604 2781 5658 unquam
2843 5587 3109 5643 militiam
3172 5584 3418 5659 profcssi
3464 5585 3615 5639 782

1964 5676 2197 5734 fuerant
2243 5677 2315 5734 ad
2372 5693 2437 5734 se
2493 5676 2813 5748 accersitis,
2846 5675 3105 5749 legiones
3162 5692 3232 5732 ex
3288 5675 3361 5729 iis
3406 5670 3615 5742 coegit.
