4040 6196
450 368 567 430 463

1766 357 2095 421 JOANNIS
2140 358 2540 421 SCYLITZ/E

3736 362 3863 422 464

450 500 676 567 Quibus
705 502 762 553 et
813 497 1093 569 pecunias
1146 497 1202 549 et
1250 493 1605 565 dignitatum
1649 491 1906 563 insignia
1957 492 2094 547 elar-

2211 492 2595 559 συνεστήσατο,
2654 494 2737 552 οἷς
2792 492 2881 545 καὶ
2939 491 3243 566 χρημάτων
3303 488 3539 565 διανομῇ
3579 494 3667 547 καὶ
3702 493 3858 563 ἀξίω.

448 589 627 662 gitus,
685 586 862 643 etiam
939 583 1299 656 negligentes
1377 582 1447 635 ad
1524 582 1887 653 propositum
1946 598 2095 653 opus

448 680 751 749 promptos
799 674 1055 731 reddidit
1103 675 1280 743 atque
1328 670 1572 725 alacres.
1605 670 1828 733 Quibus
1876 670 2093 725 auditis

447 765 533 820 illi
566 765 743 820 etiam
794 764 893 835 qui
944 763 1014 817 ab
1061 761 1410 831 imperatore
1443 758 1609 813 missi
1643 759 1871 814 fuerant
1900 763 1964 813 ut
1996 758 2091 815 Ni-

449 870 626 911 θεοῦ]
674 852 1059 916 custodirent,
1092 865 1224 904 cum
1259 848 1531 903 omnibus
1563 848 1745 920 copiis
1777 849 1847 902 ad
1894 848 2087 919 ipsum

446 942 817 1013 transfugere
847 945 905 995 et
933 940 1136 994 urbem
1171 937 1295 993 sine
1326 954 1519 1009 pugna
1549 936 1915 991 dediderunt.
1949 936 2090 991 Coe-

451 1032 536 1104 git
564 1031 704 1086 item
736 1028 1045 1084 Turcicum
1095 1027 1409 1082 exercitum
1439 1026 1738 1094 idoneum,
1782 1028 1950 1096 cujus
1981 1026 2097 1080 dux

450 1125 574 1176 erat
603 1118 913 1174 Cutlumus
945 1117 1042 1171 ille
1068 1115 1313 1172 celebris
1340 1133 1472 1172 cum
1500 1116 1634 1171 filiis
1666 1116 1947 1187 quinque.
1982 1115 2096 1169 Hos

452 1210 562 1265 sibi
610 1206 939 1263 conciliavit
984 1206 1084 1277 qui
1143 1206 1379 1260 sultano
1424 1205 1770 1276 cognatione
1800 1204 2096 1275 conjuncti

448 1301 616 1353 erant
645 1301 703 1352 et
751 1296 1065 1352 studebant
1100 1295 1209 1350 sibi
1261 1295 1557 1351 vindicare
1596 1310 1767 1349 omne
1797 1293 2097 1349 Persicum

448 1386 789 1459 imperium.
822 1386 932 1440 Sed
966 1385 1123 1440 haud
1175 1388 1443 1456 poterant
1487 1385 1765 1439 adversus
1797 1383 1963 1438 illum
1996 1400 2099 1455 pu-

450 1492 651 1549 gnare,
680 1481 736 1531 et
760 1475 973 1531 idcirco
997 1476 1065 1528 ad
1095 1474 1489 1529 Romanorum
1531 1473 1824 1544 regionem
1853 1474 2097 1528 advene-

450 1570 603 1632 rant,
632 1571 694 1620 ut
724 1580 919 1636 parem
953 1565 1023 1620 ad
1056 1563 1139 1618 illi
1173 1564 1564 1619 resistendum
1599 1563 1915 1634 potentiam
1949 1579 2099 1618 nan-

454 1655 832 1710 ciscerentur.
893 1652 1075 1724 Magis
1152 1668 1306 1722 vero,
1367 1652 1416 1707 si
1473 1668 1607 1707 vera
1682 1652 1872 1706 dicere
1926 1667 2098 1722 opor-

454 1747 558 1809 tet,
627 1759 821 1814 pugna
892 1743 1173 1798 adversus
1252 1740 1556 1797 sultanum
1634 1740 1952 1796 commissa
2030 1740 2101 1794 de

454 1838 576 1889 toto
622 1833 865 1905 imperio
924 1832 1401 1887 contendentium
1460 1830 1518 1885 in
1568 1830 1692 1886 loco
1750 1830 1849 1901 qui
1910 1829 2101 1885 Rheae

454 1928 698 1979 vocatur
732 1921 977 1993 jamque
1007 1920 1366 1976 conﬂicturis
1415 1920 1785 1986 exercitibus,
1820 1920 1891 1974 ad
1931 1936 2103 1974 aures

457 2011 667 2067 accidit
724 2010 968 2083 caliphae
1024 2010 1264 2078 factum,
1309 2010 1409 2081 qui
1467 2010 1621 2082 apud
1678 2010 1840 2081 ipsos
1899 2011 2100 2065 eodem

458 2100 665 2173 aequali
699 2100 918 2155 honore
948 2116 1063 2171 quo
1096 2099 1249 2155 Deus
1282 2098 1608 2154 celebratur
1642 2118 1654 2155 :
1687 2105 1743 2154 et
1773 2098 1869 2154 ille
1902 2098 2099 2154 statim

458 2194 652 2262 spreto
674 2190 835 2245 omni
868 2189 1017 2244 fastu
1041 2193 1098 2244 et
1123 2205 1282 2243 more
1320 2188 1457 2259 (non
1500 2187 1655 2243 enim
1680 2188 2106 2243 concedebatur

459 2280 573 2351 ipsi
596 2284 755 2334 extra
770 2279 1070 2350 proprium
1088 2277 1405 2350 hospitium
1423 2276 2105 2348 egredi)celeriterRheas

458 2369 802 2442 perveniens
816 2368 1068 2437 divertit,
1091 2372 1147 2423 et
1158 2369 1313 2423 acies
1329 2368 1454 2438 jam
1470 2384 1888 2439 congressuras
1910 2367 1965 2421 in
1993 2383 2107 2422 me-

461 2459 556 2514 dio
579 2462 744 2514 stans
770 2458 838 2513 ad
857 2474 1056 2530 pacem
1080 2458 1347 2513 hortatus
1369 2462 1456 2512 est
1480 2475 1581 2529 pro
1605 2457 1856 2512 utilitate
1870 2457 2103 2528 quidem

460 2550 770 2605 Persarum
803 2552 858 2602 et
887 2548 1149 2620 ipsorum
1174 2546 1595 2618 imperii,malo
1626 2563 1759 2602 vero
1790 2545 2020 2618 imperii
2051 2550 2108 2601 et

460 2638 733 2709 potentiae
792 2640 1237 2692 Romanorum:
1287 2635 1464 2690 variis
1524 2635 1677 2689 enim
1737 2635 2108 2690 sermonibus

458 2726 613 2781 ultro
647 2726 913 2796 citroque
940 2724 1178 2792 habitis,
1212 2725 1283 2779 ad
1336 2728 1661 2780 extremum
1696 2723 1833 2779 vicit
1863 2724 1917 2778 id
1952 2724 2104 2794 quod

455 2816 507 2870 ei
550 2816 795 2871 comiter
844 2813 984 2869 utile
1040 2814 1232 2868 visum
1294 2819 1403 2881 est,
1438 2818 1501 2868 ut
1548 2813 1816 2869 sultanus
1869 2814 2105 2868 Perside

453 2906 763 2975 potiretur,
796 2905 965 2974 cujus
1027 2902 1201 2958 etiam
1262 2909 1426 2975 pater
1483 2901 1756 2957 dominus
1816 2902 2024 2970 fuerat,
2067 2902 2105 2955 ii

454 2994 604 3048 733
636 3010 768 3048 vero
802 2994 900 3064 qui
950 3009 1083 3047 cum
1117 2991 1391 3046 Cutlumo
1422 2997 1607 3060 erant,
1633 2995 1892 3062 acceptts
1921 2991 2104 3063 copiis

449 3086 506 3137 et
536 3081 769 3138 auxiliis
802 3099 835 3137 a
865 3081 1098 3136 sultano
1130 3080 1186 3134 in
1223 3097 1389 3136 suam
1433 3085 1778 3153 potestatem
1814 3080 2101 3135 Romano-

449 3189 580 3227 rum
614 3172 908 3243 regionem
942 3170 1291 3240 redigerent,
1325 3174 1382 3225 et
1407 3170 1688 3225 baberent
1712 3170 1769 3223 in
1805 3169 2099 3241 propriam

450 3240 747 3333 regionem
800 3264 1143 3331 potestatem
1177 3264 1232 3314 et
1260 3258 1599 3331 imperium,
1631 3259 1711 3313 ita
1742 3240 1819 3312 ut
1848 3257 2008 3312 nullo
2040 3274 2101 3312 se
2135 3240 2175 3305 C

452 3355 659 3406 mutuo
681 3350 938 3406 convicio
961 3349 1376 3404 afﬁciant.Tali
1410 3349 1807 3404 admonitione
1830 3364 1894 3402 ac
1918 3364 2097 3403 suasu

452 3439 691 3512 calipbas
764 3439 1064 3493 dirimitur
1137 3454 1355 3510 pugna,
1431 3443 1488 3491 et
1564 3437 1719 3492 cedit
1789 3437 2096 3505 exercitus,

452 3528 765 3599 omnisque
815 3530 1110 3583 contentio
1160 3526 1556 3598 prepulsatur,
1595 3531 1653 3580 et
1700 3525 2095 3581 Romanorum

449 3617 577 3673 loca
624 3618 734 3671 sibi
786 3618 843 3671 in
889 3617 1228 3672 servitutem
1280 3616 1582 3685 subjacers
1631 3620 1949 3685 coeperunt.
1987 3615 2097 3669 Hos

448 3705 630 3777 igitur
677 3721 808 3759 cum
857 3704 965 3758 sibi
1030 3704 1352 3769 ascivisset,
1406 3720 1537 3757 cum
1584 3703 1792 3757 idoneo
1841 3704 2093 3757 exercitu

446 3811 550 3864 pro
583 3794 728 3848 inito
762 3809 960 3847 secum
993 3792 1205 3847 foedere
1238 3792 1572 3858 festinabat,
1605 3796 1663 3846 et
1702 3792 1845 3845 inito
1890 3791 2096 3848 itinere

445 3883 518 3937 ad
553 3882 803 3936 Nicaeam
854 3879 1262 3935 contendebat.
1309 3881 1517 3952 Ingens
1563 3885 1758 3935 autem
1813 3898 2095 3937 numerus

441 3987 511 4025 ex
576 3969 917 4041 MegaIOpoli
986 3970 1053 4023 ad
1148 3968 1343 4039 ipsum
1437 3969 1694 4040 quotidie
1781 3970 2093 4027 conﬂuere.

442 4061 512 4114 Et
570 4060 723 4130 quod
782 4059 942 4113 dictu
1000 4063 1089 4113 est
1148 4057 1509 4128 incredibile,
1571 4076 1642 4114 ne
1717 4060 1889 4113 Turci
1958 4061 2093 4129 quire

443 4148 575 4203 dem
635 4148 747 4218 ipsi
807 4147 1227 4218 impedimento
1281 4148 1461 4215 fuere,
1528 4149 1643 4204 imo
1704 4150 1901 4220 potius
1958 4164 2089 4202 cum

444 4237 766 4292 reverentia
845 4237 1100 4307 quadam
1160 4240 1213 4291 et
1286 4237 1659 4291 observantia
1732 4237 2089 4292 comitaban-

440 4330 560 4395 tur,
596 4330 652 4380 et
684 4324 885 4395 regina
914 4325 1170 4393 urbium,
1205 4330 1260 4380 et
1306 4341 1508 4380 omnes
1540 4324 1726 4397 ipsius
1774 4326 2088 4398 principes,

443 4415 661 4485 quique
717 4414 1103 4486 magistratus
1160 4419 1448 4486 gererent,
1482 4415 1703 4486 quique
1759 4415 1817 4469 in
1872 4417 2089 4471 subur-

440 4502 611 4558 banis
641 4507 697 4558 et
724 4503 869 4558 vicis
904 4508 1090 4557 erant.
1119 4503 1266 4565 Quin
1300 4505 1474 4558 etiam
1526 4503 1788 4559 Ecclesiae
1822 4520 2088 4575 proceres

436 4591 497 4647 in
575 4609 757 4647 unum
835 4592 1245 4647 convenientes
1320 4594 1391 4647 ad
1463 4592 1907 4647 celeberrimum
1986 4592 2163 4675 DeiD

436 4681 599 4737 Verbi
634 4681 859 4751 Sophia:
908 4681 1221 4752 templum,
1255 4698 1442 4753 nuper
1492 4681 1939 4737 imminentibus
1970 4682 2087 4753 epi-

432 4769 672 4825 bateriis
695 4770 1174 4825 Anituntiationis
1206 4770 1383 4825 beatas
1419 4771 1627 4837 Mariae,
1659 4768 1955 4824 declarant
1981 4771 2086 4825 im-

430 4861 755 4928 peratorem
810 4857 1199 4923 Botaniatem,
1257 4862 1552 4929 praeeunte
1603 4857 1693 4912 his
1756 4859 2087 4930 patriarcha

433 4946 638 5001 divinas
664 4948 828 5003 urbis
854 4965 1077 5020 magnae
1102 4948 1446 5013 Antiochiae,
1482 4947 1717 5001 nomine
1752 4947 2085 5014 lEmiliano,

2209 578 2389 651 μάτων
2450 582 2702 654 περιωπῆ
2759 580 2821 633 τὸ
2851 579 3152 657 ἀμέριμνον
3201 581 3291 636 καὶ
3343 582 3480 657 πρὸς
3535 583 3596 636 τὸ
3627 584 3858 652 προκεί-

2207 692 2364 743 μενον
2420 670 2692 746 ἐπέρρωσε
2742 673 3054 746 πρόθυμον.
3111 677 3208 728 Ὧν
3273 673 3594 736 ἀκούσαντες
3647 673 3739 729 καὶ
3801 674 3854 727 οἱ

2199 761 2299 828 τὴν
2351 761 2570 815 Νίκαιαν
2614 768 2799 837 τηρεῖν
2850 763 2986 837 πρὸς
3037 762 3307 837 βασιλέως
3338 763 3658 837 ἐσταλμένοι
3708 785 3856 835 παμ-

2200 848 2399 919 πληθεῖ
2487 853 2741 924 [Ρ.861]
2800 850 2946 923 αὐτῷ
3024 854 3458 930 προσεφοίτησαν
3545 850 3852 925 αῦτόμολοι

2198 939 2286 993 καὶ
2343 939 2444 1007 τὴν
2492 938 2654 993 πόλιν
2711 940 2960 1015 ἀμαχητὶ
3018 939 3415 1017 προδεδώκασι.
3478 944 3855 1011 Συνεστῆσατο

2206 1025 2262 1082 δὲ
2309 1027 2398 1082 καὶ
2453 1031 2752 1101 Τουρκικὸν
2820 1031 3045 1106 στρατὸν
3092 1030 3394 1107 ἀξιόλογον,
3447 1032 3513 1085 οὗ
3560 1036 3856 1106 καθηγεῖτο

2206 1116 2599 1191 Κουτλουμοῦς
2648 1117 2851 1181 ἐκεῖνος
2906 1122 2934 1175 ὁ
2982 1115 3316 1195 περιϐόητος
3360 1119 3451 1175 σὺν
3485 1122 3619 1175 olim
3675 1121 3856 1186 πέντε,

2204 1206 2431 1268 τούτους
2476 1208 3029 1284 προσεταιρισάμενος
3084 1216 3397 1285 προσγενεῖς
3453 1211 3545 1283 μὲν
3581 1214 3658 1280 τῷ
3689 1208 3859 1264 σουλ-

2204 1294 2348 1368 τάτῳ
2402 1296 2767 1373 τυγχάνοντας
2812 1298 2900 1353 καὶ
2934 1298 3415 1372 ἀντιποιουμένους
3457 1300 3549 1371 μὲν
3582 1305 3684 1367 τῆς
3717 1304 3861 1370 Περ-

2209 1392 2363 1454 σικῆς
2424 1386 2635 1456 ἀπᾶσης
2694 1386 3063 1461 ἐπικρατείας,
3125 1385 3557 1458 ἀδυνατήσαντας
3616 1385 3671 1442 δὲ
3724 1388 3863 1463 πρὸς

2210 1471 2407 1527 ἐκεῖνον
2469 1476 2762 1549 μάχεσθαι,
2821 1477 2909 1529 καὶ
2972 1473 3061 1530 διὰ
3114 1480 3276 1531 τοῦτο
3335 1476 3712 1549 τῇῬωμανίᾳ
3741 1474 3861 1529 im-

2210 1560 2561 1633 δημήααντας
2615 1562 2753 1619 ὥστε
2825 1564 3021 1638 κράτος
3082 1565 3268 1637 ἐκείνῳ
3327 1566 3596 1628 ἀντίθετον
3652 1568 3862 1634 κτήσα⁸

2210 1652 2350 1721 σθαι,
2407 1650 2619 1724 μᾶλλον
2680 1650 2755 1721 δὲ,
2818 1653 2860 1708 εἰ
2922 1650 3002 1708 δεῖ
3054 1654 3287 1725 τάληθὲς
3320 1653 3511 1721 εἰπεῖν,
3548 1656 3738 1729 μάχην
3772 1675 3863 1708 συ-

2211 1741 2581 1812 στησαμένους
2635 1742 2773 1818 πρὸς
2830 1743 2921 1797 τὸν
2957 1741 3250 1798 σουλτάνον
3309 1743 3399 1798 λαὶ
3432 1743 3683 1818 περὶτῆς
3717 1742 3862 1812 ὅλης

2212 1834 2657 1905 ζυγομαχοῦντας
2715 1832 2895 1906 ἀρχῆς
2953 1832 3087 1886 κατά
3142 1832 3235 1887 τὸν
3294 1832 3459 1887 τόπον
3520 1832 3578 1893 ὅς
3608 1830 3866 1887 καλεῖται

2210 1920 2404 1982 Ῥέας.
2483 1921 2578 1975 Καὶ
2673 1918 2780 1989 ἤδη
2869 1920 3266 1997 συρῥήγνυσθαι
3355 1920 3669 1993 μελλόντων
3749 1926 3864 1976 τῶν

2213 2010 2651 2082 στρατευμάτων,
2713 2009 2788 2070 εἷς
2845 2011 2957 2064 ὦτα
3016 2010 3199 2064 πίπτει
3254 2010 3317 2064 τὸ
3367 2016 3589 2087 πρᾶγμα
3641 2016 3722 2082 τῷ
3760 2032 3866 2086 χα-

2214 2093 2367 2173 λιφᾷ,
2424 2095 2481 2158 ὅς
2542 2098 2669 2171 παρ’
2715 2096 2897 2159 αὐτοῖς
2953 2098 3003 2152 ἐν
3061 2099 3258 2171 ἱσοθὲῳ
3315 2105 3537 2171 τιμᾶται
3567 2103 3727 2172 τιμῇ.
3764 2099 3869 2153 Κά-

2212 2191 2388 2246 κεῖνος
2465 2186 2655 2240 αὐτίκα
2756 2190 3171 2264 καταρρονήσας
3243 2190 3439 2249 παντὸς
3525 2186 3688 2263 ὄγκου
3770 2189 3868 2243 καὶ

2214 2273 2366 2337 ἔθους
2438 2275 2522 2347 (οὗ
2582 2276 2685 2349 γὰρ
2754 2274 2932 2352 ἐφεῖτο
2990 2275 3137 2349 αὐτῷ
3194 2272 3509 2352 προϐαίνειν
3563 2283 3662 2345 τῆς
3720 2274 3870 2339 ἰδίας

2212 2370 2534 2439 καταγωγῆς
2565 2364 2736 2434 ἐκτὸς)
2765 2365 2935 2440 ταχὺς
2987 2364 3180 2429 ἐλάσας
3236 2366 3312 2427 είς
3368 2366 3430 2420 τὸ
3481 2366 3566 2422 Ῥὶ
3622 2366 3872 2441 παραγί-

2213 2473 2381 2522 νεται,
2431 2454 2517 2507 καὶ
2596 2455 2730 2527 πρὸς
2806 2456 3126 2529 παρατάξεις
3195 2453 3304 2525 ἤδη
3367 2453 3675 2527 μελλούσας
3738 2456 3871 2533 συρ-

2218 2542 2513 2619 ῥήγνυσθαι
2571 2545 2733 2616 μὲσος
2792 2545 2917 2606 στὰς
2948 2545 3014 2599 τὰ
3068 2544 3203 2619 πρὸς
3262 2544 3482 2618 εἰρήνην
3538 2544 3728 2606 αὐταῖς
3790 2542 3874 2599 δι-

2216 2632 2436 2705 ῄτησεν,
2494 2631 2579 2686 ἐπὶ
2640 2634 2966 2711 συμφέροντι
3027 2634 3122 2705 μὲν
3182 2637 3287 2687 τῶν
3348 2638 3568 2706 Περσῶν
3626 2633 3719 2686 καὶ
3766 2640 3869 2702 τῆς

2218 2720 2391 2775 αὐτῶν
2474 2720 2619 2797 ἀρχῆ
2630 2745 2672 2789 ς,
2748 2722 2833 2776 ἐπὶ

2216 2806 2559 2883 ἓπικρατείας
2635 2810 2723 2865 καὶ
2809 2811 3069 2882 ἐξουσίας.
3148 2810 3319 2886 Λόγον
3408 2810 3505 2886 γὰρ
3585 2808 3866 2888 διαφόρων

2213 2899 2539 2969 κινηθέντων
2612 2900 2701 2953 καὶ
2775 2899 3078 2976 λεχθέντων
3155 2898 3463 2955 τελευταῖον

2215 2987 2366 3060 δόξαν
2422 2987 2567 3059 αὐτῷ
2595 2993 2749 3061 κοινῇ
2790 2987 3091 3058 λυσιτελὲς,
3139 2989 3276 3044 ὥστε
3313 2990 3406 3043 τὸν
3441 2989 3533 3062 μὲν
3566 2988 3869 3043 σουλτάνον

2215 3076 2399 3153 ἄρχειν
2426 3085 2524 3146 τῆς
2573 3075 2833 3153 Περσίδος
2880 3077 3015 3153 ᾗπερ
3066 3078 3156 3132 καὶ
3209 3080 3236 3133 ὁ
3279 3079 3458 3152 πατὴρ
3493 3078 3671 3146 αὐτοῦ,
3734 3078 3871 3141 τοὺς

2214 3164 2268 3220 δὲ
2298 3166 2419 3239 περῖ
2450 3167 2539 3221 τὸν
2596 3166 2986 3239 Κουτλουμοῦς
3036 3162 3301 3222 λαϐόντας
3335 3164 3560 3239 δόναμιν
3588 3168 3740 3241 παρά
3768 3173 3869 3222 τοῦ

2215 3254 2511 3309 σουλτάνου
2559 3255 2647 3309 καὶ
2702 3255 3020 3330 συγχέρειαν
3052 3258 3151 3324 τὴν
3181 3262 3287 3310 τῶν
3320 3257 3602 3328 Ῥωμαίων
3662 3258 3865 3331 χώραν

2208 3343 2415 3406 ἑαυτοῖς
2474 3347 2925 3419 περιποιήσασθαι
2984 3346 3073 3399 καὶ
3133 3341 3278 3421 ἔχειν
3337 3346 3411 3407 εἷς
3466 3344 3601 3399 ἰδίαν
3660 3348 3861 3419 χώραν

2915 2727 3063 2794 κακῷ
3123 2719 3179 2776 δὶ
3250 2721 3348 2789 τῆς
3403 2726 3510 2776 τῶν
3571 2721 3866 2795 Ῥωμαίων

3558 2906 3750 2974 κρατεῖ
3806 2902 3869 2955 τὸ

2206 3434 2293 3487 καί
2354 3433 2591 3503 ἐξουσίαν
2644 3434 2729 3487 καὶ
2794 3432 3091 3507 βασιλείαν,
3149 3433 3286 3489 ὣστε
3336 3431 3502 3506 μηδὶν
3537 3433 3859 3509 ἐπηρεάζειν

2208 3520 2499 3591 ἀλλήλοις.
2562 3523 2662 3577 Καὶ
2694 3521 2780 3576 ἐπί
2811 3526 2878 3595 τῇ
2905 3522 3129 3597 τοιαυτῃ
3185 3524 3433 3593 ὑποθήκη
3461 3523 3549 3576 καὶ
3582 3520 3859 3593 διαιτήσει

2204 3615 2300 3664 τοῦ
2332 3610 2544 3686 χαλιφᾶ
2572 3614 2682 3681 (41)
2742 3608 3016 3665 διαλύεται
3075 3612 3168 3683 μὶν
3221 3614 3254 3680 ἡ
3310 3612 3463 3686 μάχη
3497 3612 3585 3665 καὶ
3628 3614 3656 3665 ὁ
3688 3633 3859 3686 στρα-

2203 3700 2293 3761 τὸς
2361 3700 2644 3775 ὑποχωρεῖ
2718 3700 2806 3753 καὶ
2861 3706 3004 3754 πᾶσα
3060 3703 3094 3769 ἡ
3164 3698 3274 3775 ἔρις
3323 3698 3861 3772 ἀποδιοπομπεῖται,

2203 3788 2291 3842 καὶ
2348 3789 2413 3842 τὰ
2467 3792 2574 3842 τῶν
2633 3790 2915 3861 Ῥωμαίων
2974 3786 3342 3843 καταδουλοῦν
3406 3790 3619 3851 ἑαυτοῖς
3678 3789 3861 3865 ἀπήρ-

2204 3877 2379 3947 ξαντο.
2440 3879 2673 3939 Τούτους
2732 3876 2822 3931 οῦν
2880 3880 3433 3955 προσεταιρισάμενος
3493 3881 3626 3951 μετά
3686 3900 3862 3955 στρα-

2200 3972 2319 4027 τιᾶς
2370 3965 2656 4041 ἀξιολόγου
2704 3967 2793 4020 καὶ
2842 3966 2927 4020 ἐπὶ
2980 3968 3271 4036 συνθήκαις
3312 3967 3503 4041 ῥηταῖς
3554 3968 3672 4037 μεθ’
3732 3968 3864 4021 ἔαυ-

2199 4059 2300 4108 τοῦ
2334 4056 2686 4128 συνεπήγετο,
2736 4055 2826 4108 καὶ
2872 4062 2970 4123 τῆς
3012 4052 3141 4109 ὁδοῦ
3190 4054 3487 4128 ἀρξάμενος
3512 4054 3715 4131 ἐχώρει
3771 4056 3864 4111 ἰπὶ

2198 4144 2297 4211 τήν
2356 4142 2607 4199 Νίκαιαν.
2673 4142 2819 4198 Πολὺ
2880 4140 2936 4197 δὶ
2992 4143 3207 4212 πλῆθος
3259 4150 3360 4213 τῆς
3422 4142 3862 4218 μεγαλοπόλεως

2200 4230 2451 4287 ἑκάστοτε
2511 4231 2788 4307 συνέρρεον
2844 4232 2979 4305 πρὸς
3008 4233 3191 4289 αὐτόν.
3252 4232 3354 4288 Καὶ
3390 4233 3453 4288 τὸ
3485 4230 3552 4302 δὴ
3612 4232 3862 4309 παράδο-

2200 4326 2308 4397 ξον,
2345 4324 2425 4379 ὅτι
2459 4321 2582 4378 οὐδὲ
2613 4324 2664 4377 οἱ
2707 4328 2938 4397 Τοῦρκοι
2990 4322 3245 4396 ἐμποδὼν
3307 4323 3455 4396 αῦτῷ
3503 4326 3861 4393 καθίσταντο,

2196 4416 2549 4487 προέπεμπον
2623 4410 2680 4467 δὲ
2741 4410 2959 4485 μᾶλλον
3020 4412 3111 4467 σὺν
3170 4410 3315 4467 αίδοί
3374 4413 3465 4467 καὶ
3526 4408 3859 4485 σεϐάσματι.

2197 4500 2293 4554 Καὶ
2343 4504 2376 4569 ἡ
2432 4500 2645 4575 βασιλὶς
2695 4499 2753 4555 δὲ
2807 4506 2915 4556 τῶν
2976 4501 3189 4556 πόλεων
3251 4501 3339 4556 καὶ
3399 4508 3503 4556 πᾶν
3531 4504 3593 4555 τὸ
3625 4502 3681 4556 ἐν
3714 4504 3860 4577 αὐτῇ

2196 4589 2484 4663 ἐξαίρετον,
2545 4591 2665 4645 ὅσον
2722 4612 2779 4645 τε
2837 4590 2888 4645 ἂν
2949 4588 3177 4666 ἄρχουσι
3233 4589 3470 4645 καὶὸσον
3494 4590 3545 4645 ὲν
3607 4593 3860 4655 ἀστικοῖς

2194 4678 2283 4733 καὶ
2332 4676 2654 4750 δημοτικοῖς
2684 4682 2818 4751 (42),
2852 4677 3000 4733 ἀλλά
3038 4681 3144 4752 μην
3178 4679 3267 4733 καὶ
3302 4681 3363 4734 τὸ
3389 4687 3486 4749 τῆς
3516 4680 3863 4751 Ἐκκλησίας

2194 4762 2463 4842 ἔκκριτον,
2521 4771 2678 4841 κοινῇ
2738 4765 3089 4831 συνελθόντες
3134 4767 3209 4830 εἷς
3257 4768 3348 4822 τὸν
3380 4769 3716 4843 περίπυστον
3751 4777 3860 4839 τῆς

2193 4860 2289 4910 τοῦ
2320 4860 2452 4910 Θεοῦ
2484 4854 2664 4929 Λόγου
2723 4854 2926 4931 Σοφίας
2982 4857 3133 4923 νεὼν,
3190 4853 3308 4930 ἄρτι
3365 4861 3473 4910 τῶν
3529 4861 3632 4911 τοῦ
3683 4857 3861 4933 Εὔαγ-

2194 4944 2461 5019 γελισμοῦ
2490 4948 2587 5014 τῆς
2626 4946 2969 5021 Θεομητερος
3019 4939 3388 5021 ἐπιϐατηρίων
3445 4948 3558 5019 (43)
3622 4945 3860 5023 ἐφιστα-

1748 5079 1990 5134 JACOBI
2042 5077 2254 5133 GOARI
2302 5078 2522 5133 NOTI’E.

508 5177 620 5248 (41)
660 5178 951 5233 Cedrenus
1001 5178 1058 5231 in
1116 5176 1459 5248 Monomacho
1513 5192 1567 5245 p.
1604 5176 1743 5248 M775,
1777 5174 2081 5248 seriphum

433 5246 610 5304 voeat'
659 5252 980 5304 secundum
1033 5266 1066 5303 δι
1114 5246 1365 5317 calipha,
1424 5263 1523 5299 ceu
1586 5246 1895 5318 dignitatis
1954 5247 2082 5370 ejus

435 5336 883 5370 successorem:
930 5323 1126 5370 insum
1184 5333 1319 5370 vero
1380 5316 1667 5370 calinham
1730 5318 1849 5370 sive
1906 5317 2082 5370 haife

435 5336 883 5375 successorem:
930 5323 1126 5389 ipsum
1184 5316 1319 5371 vero
1380 5316 1674 5386 caliphani
1730 5318 1849 5371 sive
1906 5316 2082 5372 halife

431 5391 815 5447 Leunclavius
838 5393 894 5445 in
922 5390 1294 5445 Onomastico
1342 5389 1614 5441 vicarium
1640 5389 2078 5459 interpretatur,

432 5463 612 5516 locum
678 5467 973 5532 tenentem,
1033 5460 1321 5532 haeredem,
1358 5467 1423 5532 et
1463 5474 1839 5532 successorem.
1898 5461 2081 5530 Hali/e

428 5532 678 5605 Lullahe,
709 5533 921 5605 inquit,
954 5530 1192 5605 sicarius
1223 5530 1341 5605 Dei,
1373 5530 1508 5605 vices
1526 5530 1622 5605 _Dez'
1649 5547 1841 5599 gerens
1874 5533 1933 5585 in
1963 5536 2079 5587 ter-

427 5606 526 5658 ris.
561 5604 759 5672 Halife
790 5600 1211 5667 illuhamedum,
1238 5602 1411 5654 haeres
1431 5600 1771 5669 Muhametis,
1803 5619 2080 5658 successor

424 5673 779 5732 Nuhametis.
810 5678 897 5732 Ita
923 5676 1097 5747 prisci
1134 5675 1512 5743 Agarenorum
1533 5689 1685 5745 reges
1704 5690 1759 5732 se
1793 5675 2075 5732 vocabant.

2192 5176 2273 5229 Ιια
2317 5173 2563 5249 ΔδεαεΙιιιδ
2610 5179 2799 5232 Ismaz'l
2846 5175 3133 5248 affectabat
3189 5174 3318 5230 dici.
3357 5176 3557 5231 Eadem
3607 5176 3866 5249 denique

2192 5246 2365 5320 titulo
2388 5263 2444 5320 se
2476 5248 2772 5303 Turcorum
2798 5246 3074 5320 principes
3106 5253 3325 5320 ornant.

2261 5318 2373 5391 (42)
2408 5319 2641 5389 Expone
2676 5338 2688 5375 :
2724 5318 2935 5391 Quique
2978 5318 3047 5374 ex
3086 5319 3410 5388 promiscua
3457 5319 3615 5391 plebe
3659 5322 3751 5375 vel
3788 5339 3868 5376 ea:

2188 5390 2498 5471 regionum,
2529 5390 2887 5471 collegiorum
2901 5392 3265 5471 “partiumque
3291 5390 3587 5471 piec‘ipuzs
3630 5395 3861 5471 conﬂu-

2186 5469 2414 5534 xerant,
2447 5478 2545 5516 eos
2574 5459 2866 5532 siquidem
2898 5459 3231 5534 δημοτικούς
3256 5459 3587 5533 significare
3618 5459 3862 5521 dictum

2188 5537 2276 5587 est
2310 5531 2365 5585 in
2397 5531 2743 5588 Cedrenum.

2260 5604 2390 5677 (43),
2428 5606 2621 5659 Prima
2675 5614 2866 5677 capta,
2926 5607 3107 5677 aperis
3164 5606 3545 5675 inauguratio,
3600 5609 3865 5677 actionis

2185 5676 2653 5747 encaenia,mitia,
2676 5676 2887 5735 Menon
2910 5676 3099 5750 (eum
3127 5678 3379 5750 auspicia
3408 5678 3694 5736 dicuntur
3725 5676 3866 5733 ἐπι-
