4040 6196
180 362 298 428 465

1702 363 2095 429 HISTORIA.

3484 358 3602 423 466

183 496 383 568 μένων,
438 494 820 573 ἀναγορεύουσι
879 496 970 553 τὸν
1032 498 1385 569 Βοτανειάτην
1438 497 1828 574 αὐτοκράτορα,

1954 502 2005 553 st
2035 495 2406 569 metropolita
2438 493 2648 563 lconii;
2682 494 2949 568 ipsisque
2980 494 3175 550 omnis
3221 492 3411 551 clerus
3462 511 3601 552 con-

178 587 614 661 προεξάρχοντος
663 586 869 640 τούτων
923 590 1021 640 τοῦ
1072 588 1419 663 πατριάρχου
1494 588 1837 650 θεουπόλεως

182 674 430 749 μεγάλης
492 676 849 751 Ἀντιοχείας,
900 679 999 729 τοῦ
1044 677 1451 749 ὀνομαζομένου
1487 675 1836 749 Αἰμιλιανοῦ,

175 766 260 817 καὶ
315 769 417 818 τοῦ
478 763 891 839 μητροπολίεου
956 764 1203 821 Ἰνονίου.
1262 764 1508 819 Συννεόει
1554 787 1612 819 τε
1650 772 1753 829 πᾶς
1810 767 1838 819 ὁ

176 852 387 924 κλῆρος
416 854 601 914 αὐτοῖς
650 853 739 907 καὶ
789 857 825 922 ἡ
875 852 1185 929 σύγκλητος
1234 854 1323 907 καὶ
1368 856 1402 922 ὴ
1450 854 1611 916 πόλις
1642 852 1837 928 σχεδὸν

183 944 379 997 ἅπασα.
418 945 500 1013 'LP.
531 944 657 1012 862]
691 942 791 997 Καὶ
841 940 1195 1016 διαιρεθέντες
1238 945 1374 997 κατᾶ
1407 943 1633 1018 φατρίας
1664 945 1715 997 οἱ
1740 950 1843 1011 τῆς

178 1032 461 1092 πολιτείας
519 1032 799 1103 ἒπώνυμοι
853 1033 1345 1107 συνταγματάρχας
1394 1052 1451 1085 τε
1490 1026 1837 1106 προϐάλλον-

177 1140 256 1172 ται
291 1120 385 1173 καὶ
446 1118 655 1194 λόχους
705 1118 982 1195 ἐπιφανεῖς
1044 1122 1458 1189 συνεστήσαντο.
1522 1118 1837 1191 Κυριεύουσι

180 1207 231 1261 δὲ
274 1209 369 1261 καὶ
432 1213 542 1262 τῶν
604 1208 913 1283 ἀνακτόρων
988 1208 1037 1279 ἐξ
1113 1205 1311 1283 ἐφόδου
1360 1209 1447 1263 καὶ
1506 1209 1838 1283 στρατιώτας

180 1296 461 1373 ἐφεστῶσι,
512 1295 639 1358 τοὺς
697 1301 795 1350 τοῦ
865 1298 1125 1372 βασικὲως
1178 1295 1414 1372 Μίχαήλ
1467 1294 1838 1369 ἐκδιώξαντες,

181 1384 417 1456 πολέμῳ
465 1385 529 1439 τὸ
612 1387 1001 1461 μισθοφορικὸν
1084 1387 1599 1461 κοταγωνισάμενοι.
1652 1393 1842 1448 Καθαι-

178 1478 326 1545 ροῦσι
363 1472 426 1527 δὲ
475 1474 565 1527 καὶ
622 1475 715 1529 τὸν
781 1472 1139 1549 βασιλεύοντα
1190 1474 1418 1549 Μιχαὴλ
1474 1474 1708 1553 φυγόντα
1764 1474 1840 1536 εἷς

176 1564 236 1616 τά
264 1562 317 1616 ἐν
351 1561 707 1638 Βλαχέρναις
755 1563 1026 1638 ἀνάκτορα
1067 1563 1160 1617 σὺν
1216 1568 1285 1627 τῇ
1339 1563 1627 1637 Αὐγούστῃ
1658 1563 1842 1635 Μαρίᾳ

170 1656 234 1724 τῇ
294 1650 347 1721 ἐξ
421 1651 671 1707 Ἀλάνων
732 1652 822 1707 καὶ
878 1657 957 1723 τῷ
1004 1652 1199 1706 τούτου
1246 1650 1397 1706 παιδὶ
1452 1659 1840 1724 Κωνσταννινῳ

170 1744 242 1812 τῷ
300 1742 831 1818 Ηορφυρογεννητῳ,
882 1740 971 1795 καὶ
1030 1741 1166 1814 πρὸς
1215 1741 1307 1795 τὸν
1371 1742 1586 1814 μονήρη
1637 1739 1839 1812 μεταλ-

1951 588 2155 653 sensit,
2190 592 2245 642 et
2276 592 2514 642 senatus
2547 590 2605 641 et
2636 586 2827 641 omnis
2871 587 2986 640 fere
3035 584 3262 639 civitas.
3316 585 3383 639 Et
3427 584 3601 640 divisi

1952 693 2055 749 per
2101 675 2314 741 tribus,
2365 674 2463 745 qui
2497 678 2663 729 erant
2697 675 2754 729 in
2789 672 3090 745 republica
3117 673 3399 740 illustres,
3434 677 3489 728 et
3523 673 3601 728 le-

1950 766 2193 836 gionum
2226 765 2530 834 praefectos
2576 763 2897 829 declarant,
2952 767 3008 817 et
3054 763 3291 818 ordines
3342 761 3606 833 insignes

1957 854 2347 920 constituunt,
2401 858 2457 906 et
2489 852 2722 923 palatiis
2754 853 3061 922 derepente
3095 852 3419 921 potiuntur,
3454 848 3610 903 mili-

1951 947 2153 1013 tesque
2186 943 2513 1012 disponunt
2543 941 2641 1010 qui
2668 942 3039 1012 imperatoris
3065 940 3367 996 Michaelis
3392 937 3609 993 milites

1951 1030 2471 1101 expellant,prmlio
2508 1031 2658 1084 734
2693 1030 3084 1084 mercenarios
3116 1028 3609 1084 debellentes.Ca—

1954 1120 2125 1190 piunt
2154 1123 2347 1174 autem
2381 1119 2791 1189 imperatorem
2828 1118 3303 1188 Michaelem,qui
3334 1118 3405 1171 ad
3439 1116 3599 1185 pala-

1956 1210 2123 1263 tiain
2177 1202 2517 1261 Blachernis
2569 1208 2758 1262 fuerat
2807 1223 2940 1260 cum
2994 1212 3259 1277 Augusta
3306 1205 3491 1259 Maria
3533 1222 3603 1259 ex

1950 1296 2152 1351 Alanis
2184 1312 2410 1367 suoque
2445 1295 2562 1350 lilio
2595 1294 2974 1350 Constantino
3013 1294 3601 1366 Porphyrogenito,:et

1952 1387 2021 1442 ad
2056 1385 2441 1440 monasticam
2476 1384 2652 1439 vitam
2686 1385 3004 1439 traducunt
3035 1384 3105 1437 ad
3137 1382 3328 1439 Studii
3367 1399 3598 1438 monas-

1952 1474 2187 1540 terium,
2223 1490 2351 1527 cum
2384 1473 2482 1530 vili
2503 1476 2773 1543 jumento
2804 1472 3381 1537 transmissum,cum
3412 1487 3596 1526 annos

1951 1581 2051 1619 sex
2089 1563 2460 1635 imperasset,
2512 1564 2714 1617 eodem
2767 1563 3026 1617 Sabbato
3076 1578 3191 1633 quo
3244 1578 3276 1615 a
3322 1560 3595 1615 ﬁdelibus

1953 1652 2299 1707 miraculum
2334 1652 2531 1706 Lazari
2564 1650 2912 1706 celebratur.
2944 1652 3011 1705 Et
3042 1649 3408 1704 constituunt
3452 1665 3597 1720 prae-

1950 1742 2132 1797 fectos
2164 1741 2263 1813 qui
2295 1740 2616 1796 continenti
2651 1740 2964 1811 imperent,
2992 1739 3134 1810 quin
3189 1739 3365 1793 etiam
3416 1738 3600 1791 drun-

178 1828 441 1883 λάττουσι
490 1828 631 1903 βίον,
664 1831 733 1900 τῇ
787 1834 884 1883 τοῦ
937 1827 1201 1884 Στουδίου
1263 1831 1375 1901 μετ’
1435 1829 1686 1890 εὐτελοῦς
1739 1832 1836 1883 τοῦ

1954 1831 2173 1901 garium
2205 1829 2414 1885 classis
2447 1834 2687 1891 creant.,
2725 1840 2741 1895 ι

184 1918 493 1992 ὑποζυγίου
593 1917 1048 1991 παραπέμψαντες

1158 1922 1320 1992 μονῇ»

182 2008 420 2079 Λαζάρῳ
451 2006 861 2080 θαυματουργία
899 2008 1045 2082 παρὰ
1087 2012 1197 2061 τῶν
1271 2011 1478 2063 πιστῶν
1565 2007 1871 2080 ἑορτάζεται

1424 1920 1847 1993 μοναρχήσαντα
1926 1920 2159 1992 χρόνους
2230 1914 2303 1987 ἔξ,
2362 1916 2412 1971 ἐν
2492 1915 2637 1987 αὐτῷ
2695 1920 2773 1987 τῷ
2830 1910 3098 1986 Σαϐϐάτῳ
3153 1916 3263 1987 (44)
3316 1914 3361 1984 ᾧ
3410 1914 3443 1981 ἡ
3505 1912 3600 1966 ἐπ-

1959 2009 2072 2079 (45)
2106 2026 2118 2039 ⁸

2205 2005 2294 2059 καὶ
2378 2009 2709 2079 προῖστῶσιν
2776 2004 2951 2079 ἀρχὰς
3009 2004 3101 2063 τάς
3151 2023 3210 2056 τε
3261 2001 3347 2055 ἐπὶ
3403 2002 3596 2075 ξηρᾶς,

181 2092 333 2147 ἀλλὰ
362 2096 472 2165 μὴν
495 2094 586 2149 καὶ
617 2102 715 2163 τῆς
747 2094 1021 2166 Θαλάσσης
1052 2094 1413 2172 δρουγγάριον
1442 2100 1538 2150 τοῦ
1571 2094 1767 2150 στόλου
1798 2090 2268 2170 προϐαλλόμενοι.

242 2180 408 2238 Οὕτω
455 2180 507 2237 3‘s
560 2187 666 2236 τῶν
715 2185 852 2238 κατᾶ
906 2185 1004 2251 τὴν
1059 2182 1221 2238 πόλιν
1271 2184 1605 2259 πραγμάτων
1665 2204 1824 2260 φερο-

182 2271 357 2342 μένων
415 2272 566 2345 παρὰ
607 2278 780 2326 πᾶσαν
870 2270 1197 2347 προσδοκίαν
1280 2278 1378 2327 τοῦ
1450 2295 1509 2327 τε
1564 2272 1830 2348 βασιλέως

175 2361 611 2433 καθαιρεθέντος,
664 2362 691 2415 ὁ
739 2362 1099 2430 Βοτανειάτης
1141 2372 1418 2425 πεποιθώς
1470 2362 1670 2437 ἐχώρει
1698 2362 1831 2435 πςός

177 2450 235 2503 τὸ
298 2451 621 2518 Βυζάντιον,
666 2449 995 2522 ἀναίμακτον
1055 2450 1234 2526 ὥσπερ
1292 2446 1697 2523 άπολάμόοἱνων
1729 2451 1828 2518 τὴν

180 2540 359 2613 ἀρχὴν
404 2545 507 2606 τῆν
562 2539 955 2615 αὐτοκράτορα,
1005 2540 1048 2594 εἰ
1104 2541 1193 2595 καὶ
1252 2540 1411 2602 αὐτὸς
1471 2542 1602 2613 πρὸς
1654 2538 1832 2613 μάχας

182 2628 265 2681 καὶ
327 2626 611 2700 πολέμους
669 2625 1037 2698 διεσκευάζετο
1093 2631 1182 2683 καί
1239 2630 1300 2683 τὸ
1363 2631 1451 2683 ὑπ’
1508 2629 1665 2683 αὐτὸν
1705 2650 1832 2681 συν-

187 2717 388 2789 εκρότει
411 2716 821 2790 στρατιωτικόν.
854 2719 913 2773 Ὀ
963 2714 1019 2771 δὲ
1063 2716 1359 2792 λογοθὲτης
1393 2718 1706 2794 Νικηφόρος
1744 2716 1832 2770 καὶ

195 2806 219 2858 ὁ
247 2804 447 2859 τούτου
473 2804 842 2880 ὁμοιότροπος
876 2800 1041 2859 Δαϐἱδ
1074 2806 1207 2879 πρὸς
1238 2804 1463 2879 ἑσπέραν
1495 2805 1833 2878 ἐξώρμησαν,

188 2895 272 2947 καὶ
328 2889 809 2967 καταλαμϐάνουσι
866 2892 1173 2949 Ῥουσὲλιον
1227 2894 1277 2950 ἐν
1333 2894 1624 2968 Ἡρακλείᾳ
1677 2893 1833 2948 αὐλι-

191 2982 414 3055 ζόμενον
462 2984 552 3037 καὶ
598 2984 665 3037 τὰ
706 2990 804 3052 τῆς
874 2988 979 3038 τῶν
1032 2982 1342 3039 ἀντιπάλων
1384 2984 1539 3054 νίκης
1595 2983 1672 3055 τῷ
1720 2987 1834 3054 Οεῷ

190 3074 525 3147 χαριστήρια
579 3072 793 3135 θύοντα.
856 3074 921 3129 Οἱ
982 3070 1039 3127 δὲ
1091 3079 1193 3142 τῆς
1252 3071 1469 3134 πόλεως
1530 3072 1618 3127 ἐπὶ
1657 3073 1834 3148 τρισὶν

191 3160 421 3236 ἡμέραις
476 3162 543 3215 τά
598 3160 862 3237 ἀνάκτορα
915 3163 1036 3236 ἄτερ
1092 3161 1357 3237 βασιλέως
1407 3164 1838 3235 συντηρήσαντες

184 3252 467 3323 γράμμασι
495 3249 589 3303 τὸν
623 3251 983 3320 Βοτανειάτην
1019 3248 1361 3319 διαναστῆναι
1402 3250 1490 3305 καὶ
1532 3249 1707 3305 ἐλθεῖν
1739 3271 1838 3304 τα-

187 3341 484 3411 χινὼτερον
518 3333 795 3395 ἔσπευδον.
830 3336 1056 3412 Σπουδῇ
1099 3336 1155 3393 δὲ
1204 3338 1279 3400 είς
1315 3340 1606 3414 Πραίνετον
1647 3339 1837 3415 ἀφικό-

188 3448 365 3499 μενος,
400 3423 495 3481 ἕνα
523 3432 630 3480 τῶν
662 3426 753 3481 σὺν
787 3426 934 3499 αὐτῷ
984 3426 1153 3502 ἄνδρα
1192 3434 1433 3501 γενναῖον
1485 3429 1571 3481 καὶ
1604 3426 1836 3502 δραστή-

184 3536 296 3589 ριον
330 3516 659 3578 ἀποστείλας
694 3514 926 3591 Βορίλον
959 3517 1049 3571 τὸν
1085 3518 1275 3572 ἑαυτοῦ
1307 3515 1529 3588 δοῦλον,
1562 3523 1745 3590 κρατεῖ
1772 3518 1840 3571 τὰ

179 3605 469 3678 άκάκτορα.
506 3606 637 3662 Μετ’
688 3604 873 3679 ὀλίγον
925 3604 981 3659 δὲ
1025 3605 1114 3660 καὶ
1166 3604 1326 3668 αὐτὸς
1374 3603 1559 3660 εἶ’σεισι
1599 3607 1715 3659 κατ’
1742 3605 1837 3659 αό-

181 3697 278 3762 τήν
347 3696 447 3762 τήν
513 3694 759 3768 μεγάλην
823 3694 1009 3769 τρίτην
1081 3698 1213 3767 (46),
1267 3695 1357 3749 καὶ
1414 3700 1533 3758 ταῖς
1592 3699 1688 3748 τοῦ
1744 3716 1840 3748 πα-

177 3783 444 3857 τριάρχου
478 3784 640 3858 χερσί
696 3789 774 3854 τῷ
832 3783 1102 3859 βασιλικῷ
1158 3788 1459 3838 ταινιοῦται
1516 3780 1836 3855 διαδήματι.

184 3870 710 3943 Φιλοτιμησάμενος
771 3869 829 3926 δὲ
890 3872 1090 3933 πάντας
1142 3871 1270 3935 τοὺς
1321 3870 1411 3925 σὺν
1473 3870 1619 3943 αὐτῷ
1673 3870 1724 3925 ἓν
1783 3892 1842 3925 τε

186 3957 387 4031 δώροις
435 3960 524 4013 καὶ
575 3962 815 4032 κτήμασι
868 3959 957 4013 καὶ
1016 3959 1307 4031 ἀξιώμασι,
1358 3959 1445 4014 καὶ
1494 3958 1620 4022 τοὺς
1671 3959 1840 4035 Toup-

183 4069 308 4109 κους
358 4045 415 4102 δί
467 4048 884 4120 ἰσκηνωμὲνους
932 4048 1067 4102 κατὰ
1116 4049 1214 4116 τήν
1269 4049 1620 4123 Χρυσόπολιν
1680 4047 1841 4126 φιλο-

183 4138 620 4211 φρονησάμενος,
662 4142 771 4191 τῶν
823 4134 1008 4191 ἄλλων
1061 4137 1395 4211 πραγμάτων
1429 4140 1524 4205 τῆς
1562 4136 1841 4211 βασιλείας

182 4224 450 4301 ἐφήψατο.
511 4227 693 4288 Ηάσας
737 4223 793 4280 δὶ
846 4227 942 4287 τὰς
983 4223 1322 4298 δημοσιακάς
1377 4223 1599 4302 ὀφειλᾶς
1632 4225 1841 4300 ῥιζόθεν

180 4314 468 4385 ἀπέτεμεν,
509 4315 574 4368 οὐ
611 4315 745 4386 μετὰ
802 4312 1260 4389 προσδιορισμοῦ,
1312 4313 1460 4369 ἀλλά
1515 4308 1840 4383 συλλήϐδην

182 4402 399 4455 πάντων
428 4408 535 4457 τῶν
569 4403 786 4477 χρόνων
837 4405 1001 4476 ὁμοῦ,
1047 4405 1121 4465 ὡς
1171 4402 1300 4476 μηδ’
1347 4403 1521 4475 ὄνομα
1568 4402 1774 4456 τούτων
1803 4400 1839 4471 ἤ

2012 2190 2155 2240 Cum
2176 2186 2239 2240 in
2260 2184 2367 2240 hoc
2389 2187 2549 2239 statu
2584 2187 2788 2255 praeter
2817 2198 3051 2238 omnem
3077 2180 3596 2252 exspectationem-

1943 2283 2312 2329 versarentur
2342 2289 2433 2328 res
2465 2273 2629 2327 urbis
2660 2276 2714 2327 et
2746 2271 3065 2342 imperator
3096 2270 3405 2325 abdicatus
3438 2273 3592 2323 esset

1946 2362 2555 2434 imperio,Botaniates
2589 2360 2801 2415 fiducia
2832 2358 3040 2431 plenus
3074 2357 3410 2429 Byzantium
3448 2374 3589 2411 con-

1946 2452 2409 2522 lendebat,quasi
2442 2450 2567 2505 sine
2598 2449 2885 2521 sanguine
2912 2452 3256 2518 accepturus
3286 2462 3589 2501 summum

1944 2541 2279 2612 imperium,
2312 2538 2548 2595 tametsi
2578 2540 2705 2610 ipse
2737 2539 2809 2594 ad
2852 2553 3077 2609 pugnas
3107 2539 3162 2590 et
3190 2534 3387 2606 prmlia
3417 2552 3586 2605 para-

1944 2634 2042 2683 tus
2073 2634 2215 2697 erat,
2250 2633 2305 2682 et
2337 2629 2552 2681 milites
2584 2643 2730 2697 quos
2771 2626 3020 2680 habebat
3066 2624 3481 2678 cohortabatur
3526 2626 3590 2676 ut

1946 2717 2201 2790 prompti
2233 2734 2299 2771 ac
2331 2717 2513 2787 parati
2549 2719 2767 2769 essent.
2802 2714 3163 2784 Nicephorus
3195 2716 3389 2766 autem
3424 2710 3589 2781 logo-

1944 2806 2191 2866 theta.et
2221 2806 2347 2875 ejus
2376 2821 2605 2859 morum
2638 2804 2937 2858 studiosus
2971 2800 3252 2864 David,ad
3286 2815 3588 2871 vesperam

1948 2899 2273 2965 erupere,et
2303 2895 2373 2948 ad
2408 2893 2703 2947 Ruselium
2738 2893 2794 2946 in
2826 2891 3101 2947 Heraclea
3131 2892 3592 2945 commorantem

1953 2984 2382 3055 perveniunt,et
2413 2987 2523 3037 Deo
2558 2982 2846 3036 sacrificia
2877 2981 2935 3034 in
2968 2980 3182 3049 quibus
3207 2978 3428 3049 gratias
3460 2991 3593 3048 age-

1948 3077 2035 3127 ret
2084 3072 2155 3125 de
2206 3071 2466 3126 hostium
2513 3069 2755 3124 victoria
2800 3073 3195 3140 peragentem.
3249 3067 3411 3122 Cives
3458 3080 3593 3119 vero

1950 3177 2082 3215 cum
2117 3160 2305 3214 tribus
2338 3159 2545 3213 diebus
2578 3158 2793 3229 palatia
2824 3158 2950 3211 sine
2984 3157 3334 3227 imperatore
3365 3172 3594 3211 servas-

1948 3254 2099 3315 sent,
2132 3248 2341 3304 litteris
2372 3248 2737 3303 Botaniatem
2775 3251 2835 3301 ut
2865 3262 3041 3317 quam
3096 3245 3394 3300 celerrime
3442 3246 3597 3300 veni-

1947 3345 2034 3393 ret
2088 3339 2413 3409 urgebant;
2446 3337 2545 3408 qui
2580 3352 2712 3390 cum
2746 3334 3011 3390 adhibita
3042 3334 3338 3389 celeritate
3365 3334 3596 3388 Praane-

1947 3434 2072 3482 tum
2107 3427 2485 3497 pervenisset,
2521 3442 2704 3479 unum
2738 3441 2807 3479 ex
2836 3423 2907 3478 iis
2938 3424 3037 3494 qui
3073 3440 3203 3477 cum
3240 3423 3366 3493 ipso
3399 3427 3593 3490 erant,

1945 3516 2137 3570 virum
2172 3530 2519 3586 generosum
2553 3518 2610 3568 et
2641 3516 2945 3567 strenuum
2993 3512 3049 3565 in
3083 3512 3258 3565 rebus
3285 3510 3596 3581 gerendis,

1952 3606 2131 3672 misit,
2162 3603 2412 3659 Borilum
2446 3619 2617 3657 suum
2653 3600 3025 3664 familiarem,
3059 3600 3157 3670 qui
3190 3598 3404 3670 palatia
3430 3615 3597 3654 occu-

1952 3694 2125 3765 pavit,
2142 3710 2209 3747 ac
2243 3692 2414 3764 paulo
2448 3696 2580 3761 post
2611 3690 2735 3760 ipse
2767 3706 2999 3761 quoque
3036 3687 3361 3760 ingreditur
3390 3689 3593 3742 eadem

1951 3799 2164 3853 magna
2221 3781 2393 3836 tertia
2445 3780 2590 3835 735
2652 3779 2765 3846 die,
2817 3783 2873 3832 et
2928 3777 3273 3850 patriarchas
3321 3776 3597 3832 manibus

1950 3873 2319 3945 imperatoris
2354 3871 2685 3925 diademate
2712 3873 3041 3925 coronatur.
3077 3868 3412 3938 Omnesque
3460 3884 3598 3922 suos

1951 3964 2120 4017 donis
2172 3967 2229 4016 et
2280 3959 2754 4032 possessionibus
2803 3964 3148 4029 prosecutus
3193 3960 3368 4027 atque
3416 3955 3598 4011 hono-

1954 4052 2137 4117 ribus,
2189 4056 2245 4105 et
2290 4051 2510 4104 Turcos
2563 4049 2702 4102 item
2749 4048 2819 4101 ad
2870 4045 3276 4118 Chrysopolim
3333 4062 3600 4101 commo-

1952 4144 2148 4195 rantes
2180 4137 2425 4207 benigne
2459 4135 2783 4207 amplexus,
2832 4135 2977 4190 alias
3025 4151 3117 4189 res
3168 4134 3236 4188 ad
3286 4132 3600 4204 imperium

1953 4228 2311 4301 pertinentes
2360 4241 2680 4297 aggressus
2729 4227 2835 4291 est,
2868 4239 3158 4294 omneque
3189 4221 3488 4294 publicum
3523 4239 3600 4277 aes

1951 4316 2205 4372 alienum
2237 4314 2480 4370 sustulit
2511 4312 2815 4378 radicitus,
2867 4328 2978 4365 non
3033 4312 3371 4382 prazscripto
3402 4310 3599 4381 aliquo

1951 4413 2233 4476 tempore,
2266 4404 2360 4458 sed
2410 4400 2848 4473 comprehensis
2893 4400 3071 4455 simul
3122 4400 3400 4454 omnibus
3448 4402 3596 4453 tem-

186 4495 416 4563 μνήμην
470 4492 805 4564 εὑρίσκεσθαι
866 4492 902 4561 ἤ
965 4492 1422 4564 μνημονεύεσθαι.
1487 4491 1637 4547 Ἐπεὶ
1699 4488 1755 4545 δὲ
1813 4492 1837 4546 ὁ

1955 4494 2213 4566 poribus,
2250 4493 2332 4547 ita
2364 4497 2426 4545 ut
2457 4507 2644 4560 neque
2684 4505 2895 4544 nomen
2928 4489 3117 4559 ipsius
3163 4494 3265 4542 aut
3313 4488 3599 4542 memoria

185 4580 475 4650 Βρυὲννιος
532 4580 687 4641 ἐκτὸς
759 4574 831 4633 ὤν
904 4581 971 4634 τά
1043 4583 1142 4649 τῆς
1202 4579 1483 4653 Ἑσπερίας
1544 4579 1705 4634 ἐκύκα
1752 4580 1841 4633 καὶ

187 4667 521 4737 συνεκλόνει,
555 4667 838 4724 στέλλεται
886 4670 1022 4743 πρὸς
1070 4668 1228 4724 αὐτὸν
1284 4664 1538 4743 πρεσϐεία
1582 4668 1839 4744 βασιλικὴ

185 4758 621 4833 ἀπαγγέλλουσα
657 4758 907 4833 μεθέσθαι
961 4761 1054 4832 μὲν
1104 4761 1204 4829 τὴν
1260 4757 1458 4835 ἄλογον
1507 4760 1708 4832 ὁρμὴν,
1740 4760 1840 4827 τὴν

190 4843 248 4901 δὶ
286 4852 388 4903 τοῦ
430 4850 694 4924 Καίσαρος
738 4844 977 4903 λαϐόντα
1013 4848 1191 4923 τύχην
1238 4855 1426 4917 στῆναι
1484 4850 1584 4917 τὴν
1645 4844 1838 4921 ὄρεξιν.

1954 4583 2323 4655 reperiretur.
2361 4580 2491 4647 ,Sed
2543 4595 2674 4633 cum
2724 4578 3052 4650 Brycnnius
3105 4577 3241 4632 foris
3290 4593 3383 4631 res
3434 4577 3596 4631 Occi-

1954 4672 2145 4727 dentis
2202 4669 2573 4741 perturbaret
2630 4672 2687 4721 et
2746 4670 3154 4731 commoveret,
3214 4665 3471 4720 mittitur
3524 4665 3597 4719 ad

1951 4761 2146 4832 ipsum
2181 4760 2251 4814 ab
2281 4758 2630 4828 imperatore
2661 4754 2893 4826 legatio,
2942 4772 3067 4823 quae
3115 4754 3488 4809 denuntiaret
3536 4757 3601 4807 ut

1952 4866 1986 4903 a
2026 4847 2337 4903 temerario
2387 4846 2617 4917 incepto
2669 4844 2978 4899 desisteret
3008 4846 3065 4898 et
3093 4847 3329 4914 accepta
3356 4842 3600 4898 Caesaris

1506 5029 1753 5087 JACOBI
1792 5029 2010 5086 GOARI
2050 5027 2279 5084 NOT/E.

190 5168 449 5247 ϐατήρια.
504 5176 807 5232 Cedrenus
873 5168 1228 5246 ἐπιϐατήριον
1298 5173 1468 5247 εὐχήν
1538 5177 1843 5231 orationem

190 5251 611 5314 inauguralum
641 5250 821 5317 primo
850 5250 1240 5319 imperatorem
1268 5247 1527 5319 [elicibusr
1552 5249 1686 5301 votis
1716 5252 1841 5317 pr'o-

192 5330 505 5405 fﬁguentem
538 5319 1106 5405 scripsitﬁynesj‘us
1155 5335 1385 5405 quotque
1433 5318 1777 5405 [Episth'Lvu
1828 5335 1840 5373 :

192 5384 361 5446 Οἷτω
407 5395 621 5461 πικροῖς
662 5384 817 5461 ’ἡμᾶς
865 5384 900 5458 ἦ
951 5388 1114 5461 πόλις
1162 5384 1539 5460 ἕπιϐὰτηρίοίς
1596 5386 1842 5459 ἐξένισεν.

192 5408 361 5446 υυτω
407 5411 496 5444 πιγ
539 5411 621 5449 οις
676 5408 817 5461 ημας
865 5408 900 5458 η
951 5408 1114 5451 ποΛις
1162 5408 1539 5460 επιῡατηριοις
1596 5408 1842 5459 εξενισεν.

190 5462 297 5537 Hic
336 5466 431 5514 τοῦ
480 5408 897 5537 ἕύαγγελισμοῦ
946 5455 1274 5537 ἐπιϐατήρια
1322 5466 1462 5517 sunt
1508 5478 1669 5516 sacra
1718 5462 1847 5532 festi

192 5536 648 5591 Annuntiationis
679 5538 853 5590 initia
888 5539 940 5589 et
969 5536 1239 5604 auspicia.

265 5607 387 5673 (44)
417 5606 737 5662 Sabbatum
772 5605 918 5661 illud
949 5602 1104 5678 apud
1156 5605 1383 5661 Graecos
1434 5603 1567 5661 festi
1618 5602 1849 5659 Palma-

198 5692 334 5732 rum
370 5678 735 5751 pervigilium
766 5682 876 5735 est.

2022 5173 2131 5243 (/15)
2162 5173 2320 5227 Inter
2347 5168 2675 5229 Δεσποτικᾶς
2709 5168 2897 5295 ἑορτάς
2940 5169 3149 5225 Christi
3198 5168 3420 5223 Domini
3466 5172 3606 5238 lecta

2022 5249 2224 5295 imerat
2258 5244 2510 5295 Ecclesia
2540 5241 2767 5295 orienta
2795 5242 2844 5295 is
2872 5242 3063 5295 Lazari
3099 5257 3130 5293 a
3162 5239 3413 5294 mortuis
3444 5257 3604 5295 exsu-

1952 5239 2224 5299 numerat
2258 5244 2510 5297 Ecclesia
2540 5239 2844 5295 orientalis
2872 5242 3063 5296 Lazari
3099 5257 3130 5293 a
3162 5239 3413 5294 mortuis
3444 5257 3604 5298 exsu-

1954 5316 2345 5379 scitationem,
2381 5315 2551 5383 vulgo
2584 5312 2831 5385 Λαζάρου
2861 5313 2959 5379 τήν
2994 5310 3227 5385 ἡμέραν.

2024 5389 2135 5456 (46)
2192 5388 2363 5440 Tertia
2409 5381 2608 5439 sancta:
2642 5381 2999 5456 hebdomadas
3028 5384 3172 5452 feria
3203 5401 3220 5435 :
3255 5381 3415 5456 illius
3447 5387 3605 5441 enim

1958 5455 2361 5512 feri:_ecunctze
2395 5458 2609 5512 Grecis
2644 5455 2869 5529 μεγάλαι
2922 5457 3218 5529 dicuntur.
3263 5455 3514 5529 Zonaras
3546 5457 3604 5529 in

1956 5529 2338 5611 Constantino
2374 5530 2580 5611 L'eonis
2612 5526 2906 5611 sapientis
2936 5527 3054 5583 lilio
3091 5543 3102 5580 :
3135 5526 3285 5580 Κατά
3314 5527 3413 5594 τήν
3456 5527 3603 5601 ἱεράν

1955 5609 2055 5670 τῆς
2091 5599 2333 5675 μεγάλης
2364 5599 2616 5674 πέμπτης
2649 5601 2876 5674 ἡμέραν.
