4040 6196
415 378 529 442 467

1735 375 2062 439 JOANNIS
2107 374 2510 438 SCYLlTZIE

3713 376 3834 437 468

420 511 708 585 dignitate
738 509 1127 581 cupiditatem
1163 510 1597 582 comprimeret,
1630 513 1686 565 et
1715 524 1915 565 eorum
1969 508 2067 580 qui

2201 507 2480 579 Επεκύρου
2512 503 2569 561 δὲ
2599 505 2688 560 καὶ
2718 503 2812 567 τάς
2852 506 3016 577 τιμὰς
3058 510 3175 567 τοῖς
3205 503 3297 560 σὺν
3346 506 3494 579 αὑτῷ
3523 505 3835 579 ἀποστατή-

432 618 564 658 cum
600 601 729 673 ipso
763 600 1091 655 defecerant
1124 598 1376 654 honores
1424 602 1584 653 ratos
1634 614 1762 654 esse
1810 614 2076 666 compro-

421 692 611 748 baret.
643 691 751 745 Sed
785 689 883 745 ubi
917 688 1125 745 adduci
1164 704 1277 743 non
1314 688 1525 759 potuit,
1567 692 1624 743 et
1668 687 1729 742 in
1778 688 2076 759 proposito

418 779 822 853 permanebat,
849 784 1023 849 atque
1048 777 1337 847 superbus
1361 776 1611 847 imperio
1636 777 1879 832 minime
1909 777 2075 833 cede-

418 871 539 937 bat,
568 884 757 939 neque
782 867 1138 938 principatu,
1173 864 1345 935 cujus
1380 864 1625 919 minime
1654 881 1894 937 compos
1931 869 2074 935 erat,

421 958 676 1015 mittitur
703 957 838 1011 item
874 955 1056 1009 altera
1088 952 1321 1025 legatio,
1360 970 1486 1025 quae
1522 953 1723 1009 itidem
1758 970 1817 1009 re
1858 952 2077 1009 infecta

428 1045 945 1116 rediit.Postquam
978 1043 1156 1099 etiam
1187 1044 1358 1098 tertia
1390 1043 1626 1098 advenit
1656 1042 2079 1115 legatio,misso

432 1136 695 1191 Romano
761 1132 949 1203 primo
1012 1130 1260 1202 praeside
1315 1136 1372 1186 et
1430 1148 1642 1203 magno
1696 1131 2080 1187 hetaariarcha

423 1222 897 1287 Straboromano,
940 1235 1131 1290 neque
1179 1217 1340 1274 illam
1394 1220 1675 1289 admittit,
1729 1221 1830 1275 sed
1882 1221 2080 1292 potius

430 1311 730 1368 hominem
774 1308 1168 1381 ignominiose
1220 1309 1450 1381 accipit,
1506 1326 1620 1365 non
1674 1315 1956 1380 tanquam
2006 1310 2078 1365 ab

422 1402 779 1472 imperatore
804 1399 905 1454 sed
938 1398 1107 1469 quasi
1141 1415 1174 1454 α
1204 1398 1371 1454 ducis
1402 1398 1653 1469 alicujus
1694 1400 1884 1471 legato
1935 1399 2076 1455 mis-

424 1504 583 1557 sum,
615 1486 884 1559 quamvis
916 1490 1355 1542 sacrosanctum
1388 1504 1597 1558 corpus
1627 1486 1801 1559 legati
1832 1487 2082 1543 habetur

422 1578 513 1635 vel
545 1577 699 1649 apud
732 1576 998 1631 inﬁdeles
1030 1576 1189 1647 ipsos
1239 1577 1408 1647 quasi
1457 1576 1618 1648 pacis
1667 1581 1981 1648 proxeneta
2022 1581 2082 1631 et

438 1665 829 1741 pugnantium
863 1663 1203 1719 conciliator
1234 1664 1695 1736 bellicarumque
1723 1665 2077 1721 seditionum

436 1755 735 1828 depulsor.
770 1754 931 1810 Tunc
965 1754 1141 1809 etiam
1175 1753 1414 1809 fortuito
1444 1754 1654 1811 cecidit
1682 1754 1954 1827 Bryenuii
1994 1758 2080 1809 ta-

435 1844 846 1911 bernaculum,
881 1848 1031 1898 tecto
1080 1842 1269 1914 ipsius
1320 1861 1353 1898 a
1403 1843 1674 1899 manibus
1724 1861 1851 1915 quas
1899 1842 2080 1899 videri

436 1932 765 2005 nequibant
798 1933 948 1987 736
980 1931 1430 1986 eversa.Accidit
1461 1932 1599 1987 item
1630 1932 1781 1987 lunas
1814 1931 2078 2000 defectio,

439 2039 566 2094 quae
595 2022 665 2077 ad
694 2020 891 2093 ipsum
924 2020 1197 2091 respexit,
1228 2019 1519 2091 siquidem
1566 2021 1688 2077 haec
1736 2036 2086 2077 consuevere

440 2117 507 2167 ut
520 2111 842 2184 plurimum
858 2113 1241 2181 tyrannorum
1256 2109 1585 2166 eversiones
1611 2110 2086 2184 pressigniﬁcare,

442 2200 939 2273 quemadmodum
972 2199 1010 2253 ii
1037 2198 1137 2269 qui
1169 2198 1226 2252 in
1257 2203 1550 2254 astrorum
1582 2200 1795 2272 nugaci
1832 2200 2088 2255 vanitate

442 2292 751 2344 versantur
773 2288 1076 2342 declarant
1097 2292 1153 2341 et
1177 2286 1878 2357 vaticinantur.{Reverso
1910 2287 2092 2358 igitur

438 2378 891 2433 Straboromano
942 2392 1002 2431 re
1048 2375 1283 2446 infecta,
1317 2375 1524 2431 bellica
1554 2376 1753 2431 munia
1778 2391 2091 2448 aggressus

439 2474 531 2525 est
564 2470 905 2540 imperator,
938 2472 995 2523 et
1028 2467 1307 2523 adversus
1358 2468 1551 2540 ipsum
1603 2468 1878 2525 instruxit
1928 2484 2089 2524 exer-

439 2559 647 2623 citum,
672 2574 736 2613 ac
771 2557 998 2612 ﬁduciae
1033 2556 1244 2627 plenus
1277 2555 1438 2613 illius
1468 2557 1907 2613 demolitionem
1945 2574 2090 2630 pras-

445 2646 684 2703 dicavit.
719 2645 1087 2700 Celebratum
1140 2645 1293 2698 enim
1342 2645 1696 2701 elementum
1746 2646 1792 2701 N
1846 2645 2094 2718 simplex

449 2738 681 2790 tantum
708 2739 763 2788 et
786 2750 897 2788 non
923 2732 1136 2804 duplex
1160 2750 1193 2787 ε
1222 2734 1451 2789 vatibus
1478 2736 1874 2806 spectabatur.
1911 2740 2095 2807 Atque

448 2823 628 2879 etiam
652 2823 859 2878 ducem
884 2822 1209 2893 praeficiens
1233 2839 1414 2877 unum
1438 2840 1505 2879 ex
1538 2823 1893 2894 illustribus,
1930 2824 2093 2880 nobi-

445 2911 746 2968 lissimum
770 2910 1033 2966 Alexium
1067 2912 1739 2984 Comnenum,magnum
1773 2914 1963 2983 ipsum
1994 2914 2095 2969 do-

456 3000 765 3056 mesticum
798 3000 1124 3067 declarans,
1148 3000 1245 3070 qui
1280 3000 1580 3056 Ruselium
1603 3002 1903 3072 ingeniose
1934 3003 2098 3074 prius

454 3089 787 3160 subegerat,
822 3089 1101 3143 adversus
1133 3088 1483 3160 Bryennium
1539 3090 1736 3157 mittit,
1790 3092 2101 3161 prudentia

450 3182 508 3233 et
539 3178 751 3233 mentis
793 3176 1116 3232 stabilitate
1163 3180 1563 3233 venerandum
1614 3184 1670 3234 et
1697 3180 1788 3251 .ad
1842 3180 2101 3252 pericula

2184 618 2357 652 σασιν.
2392 598 2477 669 [Ρ.
2509 598 2636 669 863]
2661 597 2722 653 Ὁ
2753 593 2811 650 δὲ
2858 596 3119 670 ἄτεγκτος
3168 596 3257 665 ἦν,
3287 595 3377 650 καὶ
3406 597 3711 671 ἀτεράμων,
3740 600 3830 652 καὶ

2184 686 2547 761 ὑπερήφανος,
2580 685 2671 740 καὶ
2718 691 2817 754 τῆς
2871 681 3147 759 βασιλείας
3196 686 3271 758 μή
3317 683 3660 758 ὲξιστάμενος
3696 684 3835 757 μηδε

2182 780 2290 830 τῶν
2332 774 2615 848 πρωτείων
2663 778 3014 849 παραχωρῶν
3072 772 3147 827 ὦν
3189 772 3289 828 οὐκ
3317 775 3383 843 ἦν
3411 774 3620 850 κύριος,
3665 774 3833 831 Στέλ-

2186 864 2335 921 λεται
2365 865 2453 918 καὶ
2511 861 2731 937 δευτὲρα
2789 858 3047 937 πρεσϐεία
3094 863 3231 937 πρὸς
3264 862 3447 931 αὐτὸν,
3500 864 3592 918 καὶ
3620 863 3841 939 γέγονεν

2184 954 2476 1029 ἄπρακτος,
2510 954 2634 1010 Ἑπί
2681 952 2851 1027 ταύτῃ
2904 950 2960 1007 δὲ
3016 951 3106 1006 καὶ
3162 953 3321 1026 τρίτη
3366 948 3623 1027 πρεσϐεία
3652 959 3835 1031 φοιτᾷ.

2187 1040 2477 1106 σταλέντος
2532 1043 2818 1115 Ῥωμανοῦ
2903 1039 3365 1117 πρωτοπροὲδρου
3440 1042 3529 1096 καὶ
3591 1042 3838 1117 μεγάλου

2189 1131 2567 1207 ἰταιρειάρχου
2664 1125 3163 1206 Στραϐορωμανοῦ.
3244 1128 3372 1185 Οὐδ’
3458 1130 3663 1201 ἐκείνην
3746 1133 3834 1187 οὖν

2190 1218 2432 1296 δέχεται,
2485 1218 2695 1293 μᾶλλον
2762 1220 2857 1292 μὲν
2916 1218 3007 1273 οὖν
3055 1219 3144 1274 καὶ
3191 1220 3284 1274 τὸν
3312 1217 3475 1294 ἄνδρα
3504 1219 3715 1293 ἀτίμως
3748 1217 3836 1275 δί-

2188 1330 2369 1386 χεται,
2427 1309 2517 1363 καὶ
2571 1305 2685 1363 οὐδ’
2735 1309 2811 1372 ὡς
2849 1307 2907 1363 ἐκ
2958 1306 3229 1384 βασιλέως
3260 1306 3386 1364 ἀλλ’
3422 1310 3838 1383 ὑποστρατήγου

2187 1399 2334 1460 τινὸς
2358 1396 2730 1453 ἀποσταλέντα
2763 1416 2777 1430 ⁸
2828 1418 3005 1452 καιτοι
3054 1397 3196 1473 ἱερὸν
3256 1398 3388 1453 εἶναι
3442 1402 3601 1471 σῶμα
3648 1399 3677 1451 ὁ
3708 1396 3839 1473 πρὶ-

2189 1482 2318 1549 σῦυς
2359 1484 2672 1562 λελόγισται
2725 1485 2817 1540 καὶ
2870 1485 3016 1557 παρά
3057 1490 3178 1547 τοῖς
3233 1484 3480 1547 ἀπίστοις
3539 1485 3732 1545 αὐτοῖς
3763 1484 3836 1545 ὡς

2190 1576 2414 1653 εἰρήνης
2472 1575 2695 1648 μεσίτης
2760 1574 2850 1629 καὶ
2932 1572 3270 1642 διαλλάκτης
3342 1579 3451 1629 τῶν
3503 1574 3836 1647 μαχομένων

2188 1667 2277 1719 καὶ
2336 1665 2645 1735 πολεμικὰς
2724 1664 3065 1737 περιστάσεις
3139 1657 3449 1719 ἀποσοϐῶν.
3527 1664 3727 1720 Ἐπεσε
3784 1659 3842 1717 δὲ

2187 1758 2483 1825 τηνικαῦτα
2536 1754 2642 1808 ἀπὸ
2716 1754 3061 1826 ταυτομάτου
3137 1752 3225 1807 καὶ
3292 1755 3326 1822 ἡ
3393 1756 3491 1807 τοῦ
3546 1750 3835 1827 Βρυεννίου

2188 1845 2384 1914 σκηνὴ,
2437 1848 2533 1898 τοῦ
2577 1841 2778 1920 ὀρόφου
2852 1842 3051 1911 ταύτης
3122 1840 3520 1917 παραλυθέντος
3578 1841 3837 1915 ἀοράτοις

2191 1933 2369 2009 χερσί.
2405 1934 2595 2007 Γέγονε
2634 1930 2690 1986 δὲ
2737 1930 2825 1987 καὶ
2865 1929 3106 2005 ἔκλειψις
3159 1937 3259 1999 τῆς
3308 1929 3567 2000 σελήνης,
3607 1927 3731 1997 ἥτις
3759 1928 3835 1989 εἰς

2192 2022 2349 2077 αὐτὸν
2383 2020 2706 2095 ἐπέσκηψεν,
2757 2019 2871 2075 ἐπεὶ
2914 2019 3004 2075 καὶ
3062 2019 3355 2098 πεφύκασιν
3416 2019 3491 2083 ὡς
3545 2016 3743 2073 ἐπίπαν
3772 2016 3837 2072 τά

2192 2116 2417 2167 τοιαῦτα
2457 2108 2861 2183 τυραννούντων
2912 2110 3247 2185 καθαιρέσεις
3294 2106 3522 2179 δηλοῦν,
3568 2106 3754 2170 καθὼς
3793 2108 3847 2161 o't

2196 2201 2319 2277 περὶ
2362 2201 2460 2269 τήν
2508 2203 2615 2254 τῶν
2674 2198 2911 2275 ἀστέρων
2963 2196 3267 2273 ἀδόλεσχον
3315 2197 3653 2271 ματαιότητα
3680 2216 3844 2251 καταο

2198 2290 2472 2366 γινόμενοι
2574 2288 2967 2361 τερατεύονται.
3072 2286 3496 2350 Ἐπανελθόντος
3582 2287 3671 2340 οὖν
3753 2290 3850 2339 τοῦ

2204 2374 2682 2456 Στραϐορωμανοῦ
2734 2377 2824 2432 καὶ
2871 2384 2972 2447 τῆς
3012 2371 3296 2452 πρεσϐείας
3341 2375 3621 2450 ἀπράκτου
3662 2376 3853 2447 μεινά-

2201 2490 2323 2540 σης,
2357 2464 2525 2543 ἔργων
2556 2466 2874 2539 πολεμικῶν
2924 2467 2951 2520 ὁ
3009 2464 3264 2541 βασιλεὺς
3306 2465 3489 2540 εἴχετο
3532 2464 3622 2519 καὶ
3650 2464 3738 2519 ἐπ’
3764 2461 3854 2518 αύ-

2199 2558 2292 2613 τὸν
2328 2558 2608 2611 συνέταττε
2653 2557 2714 2610 τὸ
2764 2556 3090 2631 στράτευμα,
3136 2554 3226 2609 καὶ
3283 2553 3495 2631 θαρρῶν
3543 2555 3640 2623 τὴν
3684 2553 3854 2608 αὐτοῦ

2202 2645 2492 2702 κατάλυσιν
2565 2640 2943 2719 προηγόρευσε
2976 2665 2988 2678 ·
3060 2644 3123 2699 τὸ
3200 2644 3304 2719 γὰρ
3384 2641 3648 2714 ᾀδόμενον
3707 2663 3852 2697 στοι-

2204 2742 2358 2812 χεῖον
2392 2738 2505 2809 (47)
2534 2739 2630 2789 τοῦ
2680 2741 2720 2789 N
2771 2732 2977 2789 άπλοῦν
3037 2732 3201 2805 μόνον
3242 2731 3330 2787 καί
3380 2732 3442 2787 οὗ
3481 2730 3709 2787 διπλοῦν
3738 2736 3856 2794 τοῖς

2202 2830 2369 2880 ταῦτα
2408 2819 2759 2902 φοιὸάζουσιν
2810 2822 3113 2878 ἐσκοπεῖτο.
3170 2820 3267 2876 Καὶ
3323 2818 3381 2876 δὲ
3417 2819 3506 2874 καὶ
3547 2819 3851 2895 στρατηγὸν

2207 2913 2498 2984 ὶπιστήσας
2547 2907 2637 2967 ἕνα
2701 2916 2807 2967 τῶν
2875 2907 3210 2987 εὐπατριδῶν
3287 2911 3377 2964 τὸν
3448 2904 3851 2981 νωὸελίσσιμον

2206 3002 2449 3072 Ἀλεξιον
2502 3002 2596 3056 τὸν
2691 3002 2998 3073 Κομνηνὸν,
3079 2999 3238 3074 μέγαν
3309 2998 3467 3053 αύτὸν
3528 2996 3851 3069 δομὲστικον

2206 3087 2644 3165 προϐαλόμενος,
2678 3092 2735 3153 ὃς
2761 3091 2851 3145 τὸν
2900 3088 3209 3145 Ῥουσὲλιον
3270 3087 3600 3163 εὐμηχάνως
3627 3088 3692 3141 τὸ
3726 3087 3852 3161 πρὶν

2208 3181 2562 3257 ἐχειρώσατο,
2620 3181 2756 3234 κατά
2803 3183 2900 3233 τοῦ
2966 3178 3250 3254 Βρυεννίου
3327 3174 3538 3254 ἀφίησι,
3592 3178 3856 3252 φρονήσει

443 3266 657 3322 bellica
690 3267 926 3321 firmum
955 3273 1012 3321 et
1043 3266 1426 3338 intrepidum;
1460 3268 1558 3339 qui
1592 3285 1724 3323 cum
1759 3271 1884 3324 suis
1914 3269 2091 3341 copiis

2206 3271 2294 3326 καὶ
2331 3268 2571 3330 δίανοίας
2628 3267 2992 3342 σταθηρότητι
3050 3267 3270 3344 γερανὸν
3328 3265 3417 3321 καὶ
3474 3266 3609 3339 πρὸς
3666 3262 3855 3319 κινδύ-

444 3356 727 3411 adversus
768 3356 1122 3427 Bryennium
1154 3356 1471 3427 profectus,
1503 3363 1558 3411 et
1590 3358 1647 3411 in
1682 3358 1806 3413 loco
1838 3360 2091 3431 quodam

444 3446 723 3515 Calabrya
758 3445 993 3500 nomine
1026 3444 1329 3515 quiescere
1354 3447 1524 3515 jusso
1556 3447 1836 3516 exercitu,
1891 3447 2098 3502 didicit

449 3534 524 3589 ab
560 3534 1026 3605 exploratoribus
1060 3534 1413 3605 Bryennium
1447 3552 1479 3589 a
1510 3535 1740 3591 Mesene
1774 3536 2098 3607 profectum

454 3639 588 3678 cum
624 3622 783 3677 omni
818 3622 1073 3677 exercitu
1102 3624 1598 3693 appropinquare.
1632 3625 1959 3695 Statimque
1990 3642 2097 3680 no-

451 3710 778 3765 bilissimus
809 3712 1029 3764 Turcos
1079 3728 1112 3763 a
1160 3727 1221 3764 se
1271 3710 1524 3765 delectos
1560 3712 1745 3780 jussit
1792 3730 1979 3783 usque
2026 3715 2097 3768 ad

450 3799 805 3870 Bryennium
838 3798 1161 3870 pervenire,
1195 3814 1259 3851 ac
1292 3802 1518 3852 tantum
1552 3800 1648 3852 ubi
1699 3816 1760 3853 se
1805 3802 2097 3856 ostendis-

452 3891 606 3953 sent,
638 3888 706 3941 ad
749 3902 812 3941 se
840 3886 1069 3940 reverti.
1106 3889 1233 3954 Ipse
1264 3890 1460 3940 autem
1494 3888 1837 3959 opportunis
1870 3889 1928 3943 in
1961 3889 2098 3945 locis

451 3974 752 4030 collocatis
811 3974 1068 4039 insidiis,
1122 3975 1531 4045 instructaque
1591 3980 1654 4029 ut
1710 3976 1822 4031 sibi
1879 3978 2099 4049 optime

452 4062 771 4118 videbatur
799 4062 1079 4126 exercitu,
1112 4063 1359 4133 Bryenni
1393 4064 1733 4119 morabatur
1762 4066 2096 4121 adventum.

454 4151 597 4207 Cum
630 4167 762 4207 vero
796 4151 965 4222 signa
995 4150 1413 4221 apparuissent
1441 4153 1741 4224 utriusque
1791 4156 2095 4223 exercitus,

452 4245 510 4297 et
540 4240 852 4296 classicum
886 4239 1140 4295 clamore
1171 4238 1406 4295 sublato
1455 4241 1682 4315 utrique
1725 4244 2098 4312 cecinissent,

452 4330 667 4385 initum
699 4334 788 4385 est
824 4330 966 4384 731
1017 4344 1147 4383 acre
1196 4329 1480 4399 praelium.
1532 4330 1795 4402 Cumque
1842 4341 2104 4389 cerneret

452 4419 777 4491 Bryennius
800 4434 1042 4473 suarum
1069 4417 1365 4489 legionum
1391 4418 1615 4474 cladem
1640 4426 1694 4475 et
1719 4423 2103 4492 perturbatio-

455 4524 588 4562 nem
621 4511 799 4578 atque
830 4505 1186 4579 periculum,
1238 4508 1564 4579 assumptis
1614 4525 1811 4564 secum
1861 4511 2101 4581 optimis

2204 3380 2329 3421 νους
2362 3356 2705 3429 πολεμικοὺς
2732 3354 2945 3432 ἑδραῖὁν
2974 3376 3032 3409 τε
3060 3355 3152 3409 καὶ
3186 3353 3619 3427 ἀπερικτύπητον
3656 3371 3671 3384 °
3705 3354 3769 3416 ’ὸς
3789 3350 3855 3420 δὴ

2203 3448 2300 3509 τὰς
2334 3444 2589 3520 δυνάμεις
2615 3444 2925 3519 ἀνειληφὼς
2972 3444 3107 3499 κατά
3155 3446 3251 3498 τοῦ
3292 3443 3582 3517 Βρυεννίου
3614 3437 3856 3510 ἐϐάδιζε,

2206 3537 2295 3592 καὶ
2334 3538 2471 3612 πρὸς
2520 3538 2690 3589 τόπον
2752 3528 3075 3605 Καλαϐρύην
3139 3531 3613 3605 ἐπονομαζόμενον
3684 3528 3860 3585 διανα-

2207 3625 2394 3680 παύων
2439 3624 2529 3678 τὸν
2591 3623 2816 3697 στρατὸν
2875 3622 3039 3695 ἔμαθε
3085 3621 3231 3695 παρά
3286 3625 3392 3675 τῶν
3453 3624 3674 3675 σκοπῶν
3721 3621 3799 3681 ὡς
3830 3620 3857 3673 ὁ

2208 3712 2496 3788 Βρυέννιος
2546 3711 2747 3786 ἐγγίζει
2822 3715 3155 3785 πανστρατιᾷ
3200 3713 3298 3778 τῆς
3342 3708 3591 3779 Μεσύνης
3651 3708 3859 3763 ἀπανα-

2208 3802 2355 3862 στάς.
2414 3801 2512 3857 Καὶ
2568 3799 2756 3854 αὐτίκα
2819 3801 2846 3854 ὁ
2923 3794 3325 3870 νωόελίσσιμος
3384 3796 3661 3873 Τούρκους
3733 3795 3861 3856 τοὺς

2207 3890 2399 3945 ἑαυτοῦ
2430 3887 2831 3961 ἀπολεξάμενος
2876 3887 3155 3962 ἀφικέσθαι
3210 3886 3303 3960 μὶν
3353 3883 3486 3961 ἄχρι
3526 3890 3626 3941 τοῦ
3661 3887 3861 3957 Βρυεν-

2208 3976 2330 4031 νίου
2391 3976 2690 4047 ἐκέλευσεν,
2761 3973 3012 4046 ἐπίδειξιν
3082 3972 3140 4030 δὶ
3207 3974 3613 4047 ποιησάμενους
3684 3974 3860 4045 μόνην

2208 4066 2374 4121 πάλιν
2429 4065 2822 4141 ὲπαναστρέψαι
2868 4066 3003 4139 πρὸς
3066 4064 3227 4119 αὐτόν
3259 4082 3275 4098 ’
3318 4064 3480 4125 αὐτὸς
3538 4060 3595 4117 δὶ
3656 4062 3866 4138 λόχους

2208 4154 2261 4209 ἐν
2307 4154 2613 4228 ἐπικαίροις
2653 4154 2898 4227 θέμενος,
2946 4153 3033 4207 καὶ
3083 4154 3149 4207 τά
3194 4153 3330 4207 κατὰ
3372 4152 3465 4206 τὸν
3516 4153 3749 4226 στρατὸν
3792 4153 3865 4211 ὡς

2210 4243 2426 4319 ἄριστον
2474 4242 2646 4299 ἐδόκει
2690 4228 3090 4316 διαταξάμενος,
3150 4237 3305 4314 ἔμενε
3359 4242 3461 4308 τὴν
3515 4244 3614 4296 τοῦ
3664 4242 3867 4315 Βρυεν-

2209 4333 2329 4388 νίου
2360 4333 2659 4389 ἐπέλευσιν.
2711 4333 2993 4387 Φανὲντων
3046 4329 3103 4386 δὲ
3134 4336 3241 4385 τῶν
3276 4330 3519 4404 σημείων
3554 4334 3667 4385 τῶν
3703 4349 3867 4403 στρα-

2209 4425 2491 4495 τευμάτων
2556 4422 2784 4495 ἀμφοῖν,
2875 4424 2963 4476 καὶ
3043 4418 3424 4490 ἀλαλαξάντων
3478 4417 3751 4493 ἑκατέρων
3808 4419 3867 4472 τὸ

2214 4510 2485 4579 ἐνυάλιον,
2544 4510 2789 4583 πόλεμος
2839 4509 3062 4579 συνίστη
3132 4508 3415 4583 κρατερός.
3456 4509 3546 4569 Ὧς
3605 4505 3669 4562 ὃὶ
3729 4508 3866 4580 ἒώρο

454 4595 638 4667 c0piis
660 4595 782 4667 ipse
806 4610 909 4666 per
930 4609 991 4649 se
1013 4599 1305 4649 certamen
1332 4596 1401 4650 de
1427 4613 1661 4653 summa
1696 4615 1890 4654 rerum
1924 4600 2091 4655 susti-

2213 4601 2241 4654 ὁ
2270 4599 2552 4674 Βρυὲννιος
2588 4604 2696 4653 τῶν
2750 4598 2945 4653 εαυτοῦ
2990 4599 3285 4672 ταγμάτων
3332 4597 3430 4665 τὴν
3482 4597 3652 4665 ἧτταν
3684 4594 3867 4650 καὶτὸ

2274 4690 2295 4700 -
2411 4682 2439 4700 ρ
2537 4687 2547 4700 .
2750 4688 2760 4700 .
2915 4684 2933 4700 κ
3021 4687 3034 4700 ι
3195 4686 3208 4700 .
3438 4684 3449 4700 .
3672 4690 3701 4700 -
3811 4683 3827 4700 η

454 4685 650 4750 nebat,
685 4689 743 4739 et
774 4690 1011 4739 strenue
1058 4700 1274 4739 munus
1325 4685 1554 4753 obibat;
1606 4688 1776 4758 cujus
1825 4694 2099 4744 conatum

454 4773 832 4843 imperatoris
892 4771 1110 4827 milites
1162 4774 1601 4844 propulsarunt.
1654 4776 1798 4831 Cum
1853 4794 1985 4833 vero
2030 4779 2099 4833 de

448 4861 693 4917 victoria
723 4860 954 4932 utrique
985 4860 1292 4917 ambitiose
1334 4865 1774 4931 contenderent,
1799 4864 2099 4923 horribilis

2208 4682 2645 4763 τεθορυϐημίνον
2679 4688 2765 4741 καὶ
2806 4684 3093 4761 σφαλερὸν,
3152 4686 3246 4747 τὰς
3293 4684 3582 4760 κρατίστας
3628 4690 3745 4740 τῶν
3778 4683 3869 4738 σὺν

2208 4777 2357 4849 αὐτῷ
2407 4775 2686 4849 δυνάμεων
2764 4774 3074 4844 συνηλικὼς
3142 4774 3300 4837 αὐτὸς
3376 4772 3447 4829 δι’
3522 4774 3726 4829 ἑαυτοῦ
3778 4773 3867 4828 τὸν

2211 4866 2343 4943 ὑπὲρ
2396 4871 2503 4921 τῶν
2576 4865 2721 4921 ὅλων
2795 4865 2974 4938 ἀγῶνα
3050 4864 3357 4939 ἐκράτησεν.
3428 4862 3867 4936 ’Δπεκρούσαντο

1758 5018 2011 5075 JACOBI
2052 5018 2274 5076 GOARl
2314 5019 2547 5075 NOTZE.

528 5130 637 5201 (57)
666 5131 781 5186 Vox
805 5132 1289 5203 ambigua,quam
1316 5148 1428 5185 non
1456 5133 1785 5188 elementum
1819 5135 1991 5189 modo
2016 5133 2102 5189 vel

459 5202 718 5269 litteram,
780 5205 879 5258 sed
949 5202 1144 5274 potius
1211 5206 1419 5271 fatum,
1473 5214 1688 5267 sortem,
1749 5207 2103 5269 vaticinium,

453 5275 699 5341 genium,
748 5276 1119 5343 portendendi
1166 5276 1276 5326 vim
1326 5282 1375 5327 el
1405 5290 1559 5328 omen
1595 5277 1807 5330 referre
1840 5293 1954 5330 non
1990 5294 2103 5331 uno

452 5343 578 5398 loco
611 5351 877 5399 notatum
909 5353 997 5400 est
1031 5347 1088 5398 in
1116 5346 1463 5398 Cedrenum.
1500 5352 1745 5401 Auctore
1776 5363 1908 5401 vero
1957 5364 2102 5403 nus-

456 5432 647 5490 quam
693 5418 986 5490 scribente
1034 5415 1169 5490 16y
1220 5420 1515 5490 στοιχεῖον,
1567 5433 1765 5490 verum
1804 5424 2101 5490 ,στοιχεῖον

450 5488 547 5537 τοῦ
578 5486 690 5544 ν,ἱη
726 5489 985 5540 secundo
1020 5486 1213 5556 potius
1246 5486 1418 5556 quam
1458 5488 1509 5539 in
1547 5487 1733 5556 primo
1768 5486 2099 5557 significatu

455 5558 809 5610 sumendum
842 5558 1118 5625 conjicio;
1154 5558 1398 5625 ejusque
1434 5575 1596 5611 mens
1630 5565 1715 5613 est
1753 5562 1888 5615 Ιιεεο.
1922 5565 1964 5614 Α
1997 5579 2100 5617 su-

454 5629 788 5706 perstitiose
821 5628 1465 5706 nom_inun_1_Nicepbori
1497 5638 1555 5683 et
1589 5630 1856 5706 _B_ryennii
1890 5634 1959 5687 de
1990 5634 2101 5687 im-

454 5699 613 5769 perio
645 5700 1066 5755 decertantium
1100 5699 1328 5756 litteras
1356 5699 1764 5772 primordiales
1796 5703 1841 5759 N
1865 5710 1919 5759 et
1944 5708 1982 5757 Β
2005 5706 2101 5762 ob-

2216 5137 2609 5207 servantibus,
2642 5134 2796 5207 quod
2832 5133 3123 5207 fatale_est
3149 5137 3205 5189 et
3235 5138 3573 5207 portentum
3602 5132 3666 5187 in
3701 5131 3751 5187 Ν
3788 5144 3881 5207 as-

2215 5207 2326 5269 seri
2383 5203 2690 5278 praevalere
2731 5207 2851 5260 l‘atu
2880 5207 2976 5257 τοῦ
3010 5205 3073 5271 Β,
3105 5221 3171 5278 eo
3203 5203 3618 5278 q‘uodigenius,
3658 5218 3797 5278 sors
3824 5205 3879 5255 et

2215 5274 2398 5332 latum
2427 5282 2506 5348 τῷ
2534 5284 2584 5332 V
2614 5277 2946 5349 alligatum,
2995 5282 3061 5329 ut
3109 5274 3417 5349 elementi'
3437 5276 3627 5347 ipsius
3652 5274 3878 5349 “linem,

2213 5355 2439 5404 rectum
2473 5345 2617 5417 sit,B
2649 5345 2779 5404 vero
2811 5349 2884 5402 ob
2915 5349 3063 5402 duos
3094 5347 3301 5417 gibbos
3330 5348 3389 5402 in
3412 5345 3631 5403 rectam
3652 5345 3878 5400 lineam

2216 5427 2460 5476 retortos
2493 5420 2743 5476 infelicis
2791 5418 3027 5491 ominis.
3085 5417 3297 5491 Mirum
3328 5436 3521 5491 porro
3571 5422 3877 5491 quantum

2214 5494 2594 5562 superstiosis
2636 5490 2922 5546 vaticiniis
2974 5490 3218 5559 imperio
3264 5490 3497 5546 labente
3547 5490 3737 5562 Graeci
3792 5491 3877 5562 at-

2212 5558 2527 5631 tenderint,
2581 5571 2643 5617 ut
2695 5579 2795 5617 nec
2829 5558 3208 5631 imperatores
3239 5570 3295 5617 et
3323 5564 3642 5633 optimates
3678 5560 3757 5615 ab
3792 5558 3877 5613 eis

2213 5636 2324 5691 sibi
2355 5637 2625 5690 duxerint
2653 5633 3105 5704 temporandum
3128 5650 3153 5705 ;_
3177 5634 3246 5689 de
3274 5633 3491 5705 quibus
3538 5633 3876 5699 Cedrenus,

2215 5706 2443 5764 Nicetas
2475 5713 2532 5763 et
2560 5703 2845 5778 Gregoras
2868 5703 3254 5777 frequentius.
