4040 6196
179 336 291 397 469

1711 336 2109 398 HISTORIA.
2873 354 2907 373 ιν

3486 338 3606 399 470

178 463 231 520 δὲ
256 464 360 533 τῆν
392 466 592 522 τούτου
629 467 810 543 ὁρμὴν
838 467 890 523 οἰ
918 472 1015 523 τοῦ
1041 465 1843 544 βασιλέως.Φιλοτιμουμὲνων

1975 467 2229 539 juaedam
2265 484 2465 540 pugna
2491 471 2544 523 et
2578 471 2771 523 metus
2823 467 2995 538 plena
3044 468 3295 524 conﬂata
3340 473 3449 539 est,
3500 472 3603 526 Co-

180 553 234 609 δὲ
290 554 563 625 ἀλλήλων
625 558 750 632 περὶ
806 564 907 626 τῆς
959 557 1114 627 νίκης
1179 555 1595 627 καταπληκτική
1655 578 1737 617 τις
1794 558 1829 624 ἡ

182 644 335 719 μάχη
397 646 488 698 καί
551 640 723 723 φόϐου
788 647 956 717 μεστή
1010 646 1249 722 γέγονεν.
1313 648 1396 718 [Ρ.
1456 648 1583 718 864]
1648 646 1709 701 Ὀ
1778 642 1835 698 δὲ

184 733 471 804 Κομνηνὸς
497 733 747 806 σύνθημα
792 731 918 798 δοὺς
943 740 1061 796 τοῖς
1116 734 1166 789 ἐν
1226 740 1342 796 τοῖς
1401 732 1595 809 λόχοις
1652 731 1834 789 διανα-

181 829 371 889 στῆναι
404 824 644 883 καὶτοῖς
694 821 959 885 ἐναντίοις
1013 825 1129 895 μεθ’
1189 825 1365 898 ὁρμῆς
1421 824 1597 897 βιαίας
1656 820 1835 878 εἰσϐα-

181 909 317 977 λεῖν,
395 912 610 985 τροπὴν
692 910 789 966 τού
858 912 1136 985 Βρυεννίου
1202 912 1483 988 εῗλργάσατο
1558 914 1835 987 καρτεράν.

178 997 358 1054 Ἑάλω
444 1000 541 1071 μὲν
605 997 694 1053 οὗν
756 1001 783 1053 6
841 1000 1122 1075 Βρυέννιος
1207 1006 1331 1073 ζῶν,
1385 996 1571 1055 ἔπεσον
1638 998 1693 1055 δὶ
1748 999 1839 1054 καὶ

180 1087 373 1161 συχνοὲ
445 1092 555 1141 τῶν
619 1087 807 1159 αὐτοῦ,
860 1088 1103 1144 ἑάλωσαν
1173 1087 1229 1144 δὲ
1288 1091 1397 1165 οὐχ
1446 1090 1689 1159 ἥττονες,
1751 1088 1840 1143 καὶ

182 1174 398 1245 μᾶλλον
462 1177 515 1229 οἱ
562 1181 670 1231 τῶν
705 1176 896 1232 ἄλλων
955 1178 1307 1253 προὲχοντες.
1342 1180 1402 1236 ὐ
1460 1176 1517 1233 δὲ
1564 1179 1844 1253 Βρυέννιος

180 1265 410 1340 λη’ρθεῖς
474 1269 573 1328 τῆς
622 1266 891 1337 τοσαύτης
946 1266 1212 1328 ἀπονοίας
1247 1269 1551 1341 πρόστιμον
1604 1268 1705 1335 τὴν
1739 1272 1843 1320 τῶν

181 1351 486 1429 ὀρθαλμῶν
554 1354 836 1430 ὑφίσταται
891 1358 1165 1431 πήρωσιν,
1224 1355 1410 1411 πολλά
1475 1354 1845 1427 μετακλαυσά-

1948 573 2207 612 mnenus
2240 562 2434 611 autem
2470 558 2641 628 signo
2676 558 2814 612 dato
2849 558 2923 613 iis
2957 558 3057 629 qui
3092 558 3146 611 in
3184 558 3419 613 insidiis
3444 566 3611 615 erant

1943 651 2009 701 ut
2029 651 2404 718 erumpentes
2426 645 2481 699 in
2510 646 2707 703 hostes
2727 646 2977 701 violento
3001 647 3224 717 impetu
3246 646 3604 713 invaderent,

1946 739 2151 791 auctor
2181 735 2292 789 fuit
2325 740 2387 789 ut
2420 736 2745 806 Bryennius
2780 735 3204 807 proﬂigaretur.
3256 740 3470 805 Captus
3517 741 3605 790 est

1946 825 2133 896 igitur
2164 825 2485 895 Bryennius
2519 824 2704 891 vivus,
2741 823 2937 894 plures
2969 841 3037 878 ex
3086 824 3275 894 ipsius
3325 823 3606 878 militibus

1949 914 2295 975 occubuere,
2330 919 2385 969 et
2427 914 2582 969 haud
2638 914 2939 983 pauciores
2991 914 3170 985 capti,
3220 918 3278 968 et
3326 912 3605 984 quialiis

1955 1004 2334 1075 praestabant.
2372 1002 2700 1075 Bryennius
2723 1006 2918 1057 autem
2946 1007 3152 1073 captus
3176 1007 3355 1057 tantae
3377 1002 3612 1057 demen-

1953 1092 2045 1147 tia:
2070 1109 2271 1163 poenas
2295 1090 2889 1147 sustinuitoculorum
2915 1091 3321 1157 amissionem,
3355 1089 3607 1146 multum

1955 1198 2153 1237 secum
2194 1180 2401 1251 lugens
2436 1198 2499 1235 ac
2539 1197 2903 1249 conquerens
2938 1181 3008 1234 de
3049 1196 3155 1234 suo
3187 1180 3442 1251 pessimo
3472 1196 3611 1234 con-

1957 1269 2109 1324 silio.
2144 1272 2266 1336 Qua
2297 1270 2367 1323 de
2397 1286 2456 1322 re
2487 1270 2699 1324 certior
2724 1268 2911 1323 factus
2943 1267 3257 1338 imperator
3286 1268 3402 1323 Deo
3435 1273 3608 1337 atque

1958 1358 2085 1429 ejus
2119 1357 2285 1411 Matri
2320 1356 2637 1426 gratiarum
2673 1356 2930 1410 actiones
2963 1355 3258 1426 persolvit.

185 1461 341 1513 μενος
402 1448 504 1511 τῆς
566 1439 895 1508 δυσϐουλίας
953 1443 1257 1501 ἑαυτόν.Ὁ
1318 1442 1375 1499 δὲ
1434 1443 1688 1519 βασιλεὺς
1745 1445 1843 1513 τήν
1902 1443 2151 1520 ἀγγελίαν
2213 1442 2498 1516 δεξάμενος
2544 1448 2623 1515 τῷ
2680 1447 2794 1513 Θεῷ
2834 1442 2924 1496 καὶ
2975 1446 3043 1515 τῇ
3101 1441 3263 1497 αὐτοῦ
3299 1440 3467 1514 μητρὶ
3510 1439 3605 1504 τάς

183 1532 538 1607 εὐχαριστίας
569 1532 809 1597 ἀνέθετο.

251 1622 585 1692 Ἀναιρεῖται
646 1620 702 1677 δὲ
757 1624 848 1678 καὶ
891 1624 918 1677 6
952 1621 1183 1697 ἀδελφὸς
1242 1624 1404 1679 αὐτοῦ
1463 1624 1515 1678 ἐν
1570 1624 1849 1695 Βυζαντίῳ

186 1711 330 1782 παρά
358 1714 470 1764 τῶν
517 1711 831 1787 Βαράγγων.
867 1716 978 1769 Τοῦ
1038 1715 1141 1789 γὰρ
1200 1714 1483 1790 Βρυεννίου
1541 1713 1847 1783 ἀποστατή-

187 1818 380 1860 σαντος
440 1801 531 1853 καὶ
584 1805 689 1854 τῶν
762 1800 914 1865 ἐκτὸς
987 1803 1287 1878 Βαράγγων
1347 1802 1846 1880 ὁμοφρονησάντων

190 1886 339 1958 αὐτῷ
397 1889 449 1942 οἱ
504 1888 558 1943 ἐν
611 1894 689 1961 τῷ
748 1887 1003 1964 παλατίῳ
1058 1888 1454 1968 Βάραγγοιὲνα
1482 1893 1604 1945 τινὰ
1648 1892 1849 1946 ἑαυτῶν

188 1975 577 2050 ἐπιλεξάμενοι
638 1979 774 2051 πρὸς
842 1978 969 2044 τοὺς
1036 1981 1318 2053 ὁμοεθνεῖς
1394 1978 1852 2048 ἀποστέλλουσιν,

185 2065 464 2135 ἀξιοῦντες
492 2065 705 2143 άφεῖναι
748 2068 846 2140 μὲν
874 2070 965 2124 τὸν
1005 2069 1339 2141 ἀποστάτην,
1374 2077 1639 2148 φρονῆσαι
1691 2067 1748 2124 δὲ
1791 2071 1857 2125 τά

194 2152 495 2229 βασιλέως.
562 2158 827 2221 Γνωσθεῖς
902 2156 959 2212 δὲ
1024 2158 1112 2212 καὶ
1170 2160 1456 2236 κρατηθεὶς
1516 2158 1748 2224 ἰτασθείς
1801 2180 1859 2214 τε

196 2241 455 2320 σιροδρῶς
517 2251 686 2300 πᾶσαν
776 2246 1078 2320 ἀνεκάλυψε
1150 2254 1259 2310 τῶς
1340 2251 1682 2321 μηνυοὲντων
1758 2252 1856 2319 τὴν

204 2331 481 2403 δήλωσιν,
518 2340 783 2409 στερεῖται
817 2333 873 2390 δὲ
929 2337 1016 2390 καὶ
1048 2343 1148 2406 τῆς
1178 2336 1347 2413 ῥινὸς,
1379 2338 1524 2413 παρὰ
1552 2342 1647 2392 τοῦ
1680 2339 1857 2394 Ἰωάν-

206 2442 299 2475 νου
328 2423 534 2493 ταύτην
582 2418 878 2493 λωϐηθείς.
912 2426 1065 2487 Ὀθεν
1110 2426 1199 2480 καὶ
1260 2429 1334 2499 μὴ
1393 2426 1579 2499 πράως
1638 2426 1860 2502 ἐνεγκὼν

208 2512 305 2579 τήν
368 2506 526 2585 ὕϐριν
576 2514 639 2581 ἦν
686 2513 944 2568 πέπονθεν
996 2516 1024 2569 6
1074 2510 1353 2590 Βάρϐαρος
1422 2516 1712 2591 ἀναιρεῖται
1773 2517 1863 2570 τὸν

213 2601 468 2668 Ἰωάννην
529 2600 738 2671 ἱξιόντα
790 2608 889 2657 τοῦ
941 2604 1230 2676 παλατίου,
1274 2605 1572 2679 μαχαίραις
1632 2604 1864 2669 ἐθνικαῖς

206 2688 516 2760 κατακόψας
589 2689 769 2747 αὐτόν.
825 2693 1217 2762 Ἐπανὲστησαν
1269 2691 1324 2748 δὲ
1373 2694 1462 2749 καὶ
1513 2699 1589 2764 τῷ
1650 2694 1865 2769 βασιλεῖ

205 2778 257 2829 οἱ
322 2778 622 2853 Βάραγγοι,
678 2780 770 2833 καὶ
843 2777 1272 2857 διαχειρίσασθαι
1350 2782 1511 2837 αὐτὸν
1583 2780 1857 2838 ἔσπευδον.

212 2866 681 2939 Ἀντιταξαμένων
751 2865 808 2923 δὲ
862 2868 1079 2932 τούτοις
1135 2876 1241 2925 τῶν
1304 2876 1402 2926 τοῦ
1463 2871 1729 2947 βασιλέως
1788 2872 1861 2934 εἷς

211 2952 445 3016 ἱκετείας
507 2956 829 3028 ἐτράποντο⁹
878 2960 963 3013 καὶ
1012 2960 1103 3014 τὸν
1174 2958 1401 3035 βασιλέα
1450 2960 1865 3034 ἰξιλεωσάμενοι

210 3043 414 3118 συγγνώ
425 3066 500 3117 μη
510 3066 534 3106 ς
567 3043 781 3121 ἔτυχον.

280 3133 339 3189 Ὀ
391 3131 450 3187 δὶ
503 3132 762 3209 βασιλεὺς
808 3142 905 3205 τῆς
954 3138 1203 3211 γυναικὸς
1252 3138 1416 3192 αὐτοῦ
1469 3136 1868 3209 τελευτησάσης

2030 1625 2325 1681 Occiditur
2353 1625 2527 1679 etiam
2562 1625 2739 1679 frater
2769 1626 2956 1698 ipsius
3008 1623 3264 1697 Byzantii
3317 1640 3349 1677 a
3398 1627 3608 1677 Baran-

1958 1715 2049 1787 gis
2085 1734 2097 1771 :
2132 1732 2263 1770 nam
2300 1730 2430 1770 cum
2466 1715 2790 1786 Bryennius
2822 1715 3127 1771 defecisset
3154 1717 3210 1768 et
3240 1729 3371 1767 cum
3401 1727 3466 1766 eo
3499 1716 3605 1765 Ba-

1961 1805 2125 1876 rangi
2159 1804 2261 1875 qui
2310 1810 2473 1859 extra
2520 1810 2684 1859 erant
2732 1805 3196 1875 conspirassent,
3246 1800 3493 1872 Barangi
3547 1800 3605 1854 in

1962 1893 2175 1964 palatio
2208 1893 2497 1948 delectum
2533 1910 2714 1948 unum
2748 1911 2815 1949 ex
2867 1893 2992 1949 suis
3044 1893 3115 1947 ad
3171 1908 3309 1946 suos
3360 1887 3607 1960 gentiles

1966 1984 2233 2049 mittunt,
2269 1988 2531 2054 petentes
2565 1988 2627 2036 ut
2659 1983 2859 2037 relicto
2902 1980 3187 2053 perduelli
3237 1980 3307 2033 ad
3357 1978 3613 2049 impera-

1966 2076 2149 2128 torem
2185 2072 2523 2127 accederent
2575 2072 2681 2126 Sed
2718 2071 2987 2143 cognitus
3016 2075 3072 2125 et
3104 2070 3374 2124 detentus
3424 2064 3615 2139 gravi-

1967 2166 2173 2233 terque
2200 2160 2569 2216 examinatus
2603 2160 2801 2216 omnia
2851 2178 2975 2231 quaa
3024 2159 3137 2215 sibi
3188 2157 3448 2212 indicata
3499 2155 3617 2209 fue-

1968 2256 2104 2307 rant
2133 2251 2379 2321 aperuit.
2412 2250 2515 2306 Cui
2560 2250 2817 2305 Joannes
2864 2250 2935 2304 ob
2986 2248 3093 2303 hoc
3136 2247 3395 2302 offensus
3444 2258 3616 2299 nares

1974 2345 2262 2411 amputat.
2313 2341 2501 2404 Quare
2551 2339 2706 2394 haud
2758 2355 2921 2408 equo
2966 2337 3161 2392 animo
3194 2332 3614 2390 contumeliam

1972 2430 2124 2484 hanc
2156 2428 2346 2484 ferens
2377 2428 2667 2483 Barbarus
2720 2427 3007 2483 Joannem
3056 2442 3085 2480 e
3140 2423 3352 2497 palatio
3400 2439 3615 2477 exeun-

1972 2524 2089 2574 tem
2140 2517 2372 2583 occidit,
2438 2517 2585 2571 738
2642 2516 2845 2588 gentili
2905 2515 3098 2587 gladio
3155 2514 3351 2585 ipsum
3413 2528 3613 2582 percu-

1970 2608 2141 2663 tiens.
2179 2608 2239 2662 In
2276 2607 2683 2678 imperatorem
2721 2622 2955 2676 quoque
3008 2603 3256 2673 Barangi
3309 2601 3611 2655 insurexe-

1974 2707 2131 2764 runt,
2163 2712 2417 2768 eumque
2450 2698 2711 2752 occidere
2740 2696 3072 2751 studebant.
3105 2695 3317 2749 Verum
3367 2709 3501 2747 cum
3535 2695 3616 2758 {se

1972 2787 2090 2842 illis
2139 2786 2552 2857 opposuissent
2604 2784 2974 2857 imperatoris
3026 2782 3263 2851 milites,
3314 2782 3384 2835 ad
3418 2795 3618 2853 preces

1975 2875 2239 2931 conversi
2298 2874 2526 2946 placato
2599 2874 2947 2945 imperatore
3017 2872 3247 2927 veniam
3314 2868 3613 2926 consecuti

1975 2982 2041 3021 su
2054 2971 2135 3020 nt.

2049 3143 2369 3213 Imperator
2396 3144 2613 3209 autem,
2664 3140 2782 3194 vita
2830 3139 3031 3193 functa
3076 3138 3204 3207 ejus
3255 3153 3431 3192 uxore
3488 3136 3623 3191 Ber-

214 3228 308 3290 τῆς
396 3220 677 3293 Βερδηνῆς
752 3226 862 3297 ἅμα
936 3230 1003 3299 τῇ
1062 3225 1353 3303 ἀναρῥήσιι
1414 3228 1861 3302 ἀναγορευθείσης

1976 3235 2148 3296 dena,
2203 3247 2327 3301 quae
2384 3246 2501 3283 una
2531 3244 2664 3283 cum
2696 3227 2823 3299 ipso
2858 3227 3050 3296 regina
3086 3224 3381 3280 declarata
3413 3225 3619 3291 fuerat,

210 3311 297 3362 καὶ
349 3308 543 3378 αὓτῆς,
593 3312 776 3383 ἑτέραν
820 3312 1072 3388 ἠγάγετο.
1121 3314 1328 3370 Πολλαὶ
1402 3316 1495 3387 μὲν
1556 3316 1658 3390 γάρ
1717 3315 1863 3386 αὐτῷ

214 3398 611 3469 ἐμνηστεύοντο
648 3421 660 3432 ·
718 3404 838 3471 Ζωή
899 3424 957 3457 τε
1014 3405 1119 3478 γάρ
1176 3406 1210 3473 ἡ
1270 3409 1367 3458 τοῦ
1440 3403 1706 3477 βασιλέως
1764 3409 1862 3459 τοῦ

216 3488 391 3541 Δούκα
437 3489 705 3563 Θυγάτηρ,
756 3493 1018 3563 παρθένος
1069 3488 1200 3546 οὖσα
1246 3494 1335 3546 καὶ
1378 3498 1457 3565 τῷ
1486 3490 1614 3547 εἶ’δει
1676 3492 1864 3567 εὐπρε-

218 3582 349 3642 πής,
379 3574 531 3631 ἀλλὰ
580 3579 668 3632 καὶ
717 3584 825 3633 τῶν
873 3575 1247 3656 συγκλητικῶν
1304 3581 1585 3657 θυγατέρες
1636 3581 1864 3651 πολΛαὶ,

218 3665 362 3739 ὥραν
414 3664 641 3741 ἔχουσαι
684 3668 883 3743 γάμου·
923 3670 951 3724 6
1011 3667 1067 3723 δὲ
1110 3670 1234 3742 μίαν
1284 3672 1470 3744 ᾑρεῖτο
1519 3676 1625 3725 τῶν
1682 3669 1866 3741 δύο,

216 3755 314 3819 τὴν
369 3758 469 3808 τοῖ’)
528 3757 705 3811 Δούκα
760 3756 989 3831 σύζυγον
1062 3758 1151 3812 καὶ
1220 3760 1369 3822 αὖθις
1437 3764 1534 3813 τοῦ
1590 3760 1871 3833 Διογένους

222 3840 507 3911 Εύδοκίαν,
540 3843 576 3911 ἤ
602 3849 698 3898 τοῦ
730 3841 962 3921 ἔναγχος
999 3846 1383 3920 βασιλεύοντος
1408 3848 1640 3923 Μιχαὴλ
1667 3850 1869 3924 Μαρίαν

215 3933 315 3999 τήν
351 3929 402 4001 ἐξ
431 3933 707 3989 Ἀλανῶν.
727 3933 953 3989 Στέλλει
974 3940 1104 4009 γοῦν
1130 3934 1445 4010 ληψόμενος
1464 3940 1562 4007 τὴν
1590 3935 1869 3992 Εὐδοκίαν¹

218 4020 254 4086 ἦ
288 4016 350 4071 δὲ
379 4019 672 4088 ἠκολούθει
724 4029 1060 4099 περιχαρῶς.
1098 4028 1270 4099 ’Ὀπερ
1326 4025 1488 4101 γνοὺς
1522 4027 1549 4080 6
1579 4032 1875 4097 τηνικαῦτα

220 4105 304 4160 ὄπ’
364 4107 524 4183 ἀρετῇ
586 4106 1016 4183 διαϐεϐοημένος
1078 4115 1347 4188 μοναχὸς,
1387 4116 1445 4170 ’ὸν
1489 4112 1554 4185 δὴ
1600 4116 1690 4169 καὶ
1739 4137 1872 4169 παν-

218 4196 378 4270 άγιον
406 4200 512 4269 (48)
547 4198 661 4252 ἀντ’
690 4198 866 4254 ἄλλου
899 4202 1094 4263 παντὸς
1126 4201 1351 4258 ἐκάλουν
1400 4204 1683 4277 ὀνόματος,
1715 4205 1873 4259 παντὶ

219 4286 416 4359 τρόπῳ
462 4283 788 4342 διακωλύειν
853 4288 1149 4346 ἐσπούδασε
1199 4293 1261 4347 τὸ
1317 4292 1598 4367 ἅιτόπημα³
1650 4292 1873 4349 πολλῶν

226 4373 551 4444 ὑπομνήσας
583 4375 751 4445 αὐτὴν
783 4379 888 4432 τῶν
944 4377 1250 4453 δυναμένων
1304 4380 1548 4436 κωλῦσαι
1595 4390 1693 4452 τῆς
1741 4403 1874 4455 προ-

224 4464 449 4535 Θυμίας.
521 4468 740 4539 Ἀγεται
815 4466 997 4522 τοίνυν
1074 4471 1172 4538 τήν
1247 4470 1456 4544 Μαρίαν
1536 4472 1878 4547 ἀπηρυθρια-

1971 3321 2147 3376 aliam
2182 3318 2379 3373 duxit:
2409 3317 2605 3373 multa;
2636 3317 2791 3371 enim
2827 3316 2935 3387 ipsi
2970 3314 3621 3385 despondebantur,Zoe

1971 3408 2343 3481 imperatoris
2378 3412 2543 3461 Duca:
2577 3405 2716 3473 filia,
2744 3405 2905 3477 virgo
2948 3409 3004 3458 et
3050 3404 3235 3457 forma
3284 3403 3517 3469 decora,
3567 3405 3624 3455 et

1975 3506 2319 3573 senatorum.
2346 3495 2475 3549 ὓιὶω
2507 3494 2702 3550 multa;
2735 3500 2901 3547 estate
2922 3493 3047 3563 jam
3086 3490 3334 3545 nubiles.
3366 3491 3472 3544 Sed
3524 3488 3621 3544 ille

1978 3604 2157 3642 unam
2189 3602 2218 3640 e
2251 3586 2479 3640 duabus
2512 3583 2765 3654 petebat,
2800 3581 2887 3636 vel
2921 3597 3161 3636 uxorem
3195 3578 3361 3633 ducis
3393 3595 3458 3633 ac
3492 3595 3621 3633 rur-

1980 3694 2084 3732 sus
2111 3674 2384 3745 Diogenis
2416 3673 2755 3739 Eudociam,
2789 3671 2877 3725 vel
2912 3668 3237 3733 Michaelis,
3287 3667 3386 3736 qui
3436 3683 3627 3738 nuper

1983 3770 2340 3837 regnaverat,
2394 3764 2634 3817 Mariam
2684 3776 2751 3815 ex
2799 3760 3018 3813 Alanis.
3070 3758 3243 3811 Mittit
3296 3756 3478 3828 igitur
3526 3754 3627 3827 qui

1983 3854 2096 3909 sibi
2120 3849 2818 3913 adducerentEudociam,
2868 3864 2998 3918 quae
3050 3862 3181 3901 cum
3236 3861 3481 3900 summa
3534 3860 3629 3898 vo—

1982 3943 2206 4015 luptate
2249 3942 2627 4011 sequebatur.
2679 3941 2801 4003 Quo
2850 3936 3083 4009 cognito
3134 3933 3478 4003 monachus,
3529 3933 3628 4003 qui

1983 4038 2124 4086 tunc
2178 4047 2418 4085 summa
2468 4045 2598 4083 cum
2648 4028 2859 4081 virtute
2907 4026 3147 4090 vixerat,
3182 4038 3477 4095 quemque
3528 4038 3631 4092 pro

1985 4121 2097 4176 alio
2130 4118 2333 4191 quovis
2367 4118 2602 4172 nomine
2635 4115 3076 4171 sanctissimum
3124 4110 3629 4173 vocabant,omni-

1983 4211 2097 4266 bus
2129 4208 2318 4264 modis
2350 4207 2573 4263 studuit
2623 4204 2908 4276 impedire
2957 4203 3278 4258 absurdum
3331 4201 3436 4255 hoc
3489 4198 3631 4254 faci-

1986 4318 2121 4365 nus,
2176 4297 2362 4352 multa
2411 4300 2467 4351 et
2512 4295 2571 4349 in
2606 4294 2949 4349 memoriam
2984 4291 3253 4362 redigens
3285 4307 3413 4360 qua;
3444 4289 3631 4360 ipsam

1987 4390 2058 4443 ab
2094 4388 2202 4442 hac
2233 4386 2553 4457 cupiditate
2586 4383 2901 4454 reprimere
2934 4384 3192 4452 possent.
3240 4378 3409 4434 Ducit
3455 4376 3636 4447 igitur

1986 4478 2249 4541 Mariam,
2303 4474 2456 4528 omni
2511 4474 2730 4545 pudore
2763 4475 3006 4537 remoto,
3040 4469 3378 4540 imperator,
3409 4471 3466 4521 et
3496 4482 3629 4519 cum

312 4552 324 4569 ι
764 4554 776 4572 ι

224 4573 439 4623 σμενως
486 4555 513 4608 6
567 4552 846 4628 βασιλευς,
878 4557 966 4611 καὶ
1010 4558 1371 4635 ἱερολογεῖται
1412 4561 1569 4635 αὐτῇ,
1615 4562 1702 4615 καὶ
1748 4583 1861 4635 παρη

1988 4567 2116 4638 ipsa
2175 4563 2483 4635 sacrilegio
2536 4560 2939 4631 conjungitur,
2990 4559 3304 4628 statimque
3354 4555 3630 4610 sacerdos

226 4645 423 4697 α-δτίκα
464 4646 801 4715 καθαιρεῖται
853 4648 881 4701 6
925 4648 1097 4723 ἱερεὺς
1144 4651 1216 4711 ὡς
1266 4657 1571 4729 προφανοῦς
1630 4653 1879 4728 μοιχείας

224 4730 640 4804 τετελεσμὲνης.
674 4736 737 4791 Ὁ
793 4732 849 4789 δὲ
898 4736 1132 4812 Μιχαὴλ
1191 4740 1290 4808 τήν
1345 4740 1508 4816 τρίχα
1556 4744 1877 4816 κειράμενος

222 4822 403 4897 ψήφῳ
428 4824 524 4875 τοῦ
574 4823 921 4899 πατριάρχου
969 4825 1058 4879 καὶ
1117 4832 1222 4880 τῶν
1277 4829 1701 4902 μητροπολιτῶν
1757 4851 1877 4905 χει-

222 4915 527 4980 ροτονεῖται
580 4912 811 4984 Ἐφέσου
860 4912 1167 4987 ἀρχιερεύς.
1222 4916 1395 4986 ’Ἄπαξ
1472 4918 1653 4990 μέντοι
1712 4919 1877 4990 μόνον

222 4997 273 5052 ἐν
333 4997 509 5073 ἰκείνῃ
560 4999 837 5076 ἑφοίτησε,
890 5002 978 5055 καὶ
1030 5002 1371 5079 ὑποστρέψας
1429 5002 1635 5077 ἔμεινεν
1704 5007 1755 5062 ἐν
1809 5013 1878 5083 τῇ

217 5091 318 5139 τοῦ
353 5086 612 5156 Μανουήλ
670 5092 839 5161 μονῇ,
870 5091 1057 5165 χερσίν
1110 5089 1273 5153 ίδίαις
1322 5092 1702 5169 ἐργαζόμενος.
1741 5099 1879 5152 Ἐτι-

223 5178 387 5247 μήθη
446 5175 502 5231 δὲ
560 5175 926 5255 διαφερόντως
985 5180 1088 5234 ὑπὸ
1117 5185 1215 5235 τοῦ
1249 5184 1383 5255 μετά
1411 5190 1577 5239 ταῦτα
1634 5185 1881 5260 βασιλεύ-

218 5285 420 5326 σαντος
452 5265 699 5339 Ἀλεξίου
744 5271 842 5321 τοῦ
892 5274 1203 5341 Κομνηνοῦ,
1257 5274 1338 5345 [Ρ.
1391 5276 1517 5347 865]
1568 5274 1648 5353 ἐφ’
1694 5276 1754 5330 οὗ
1812 5273 1879 5346 δὴ

1989 4656 2294 4711 abdicatur
2327 4656 2389 4707 ut
2420 4662 2615 4722 aperto
2660 4648 2980 4705 commisso
3027 4645 3337 4701 adulterio.
3390 4642 3638 4699 Michael

1988 4750 2180 4801 autem
2210 4742 2470 4798 detonsis
2501 4739 2727 4810 capiliis
2759 4737 3050 4793 sententia
3084 4733 3422 4808 patriarchae
3445 4737 3502 4787 et
3524 4747 3641 4786 me-

1990 4831 2395 4903 tropolitarum
2418 4829 2625 4901 Ephesi
2652 4827 3128 4896 archiepiscopus
3147 4819 3642 4895 deligitur.Seme1

1987 4927 2182 4977 tamen
2216 4921 2284 4974 ad
2337 4920 2525 4990 ipsam
2586 4918 2786 4971 urbem
2840 4914 3107 4979 accessit,
3159 4917 3216 4967 et
3263 4926 3533 4965 reversus
3584 4908 3642 4961 in

1988 5010 2275 5066 Manuelis
2327 5007 2746 5063 monasterium
2799 5005 2875 5059 ibi
2931 5002 3168 5068 mansit,
3202 5001 3327 5056 suis
3362 4999 3638 5055 manibus

1990 5100 2319 5157 elaborans.
2353 5099 2593 5168 Egregie
2627 5112 2759 5151 vero
2791 5093 2986 5149 cultus
3018 5096 3109 5148 est
3138 5091 3211 5146 ab
3240 5088 3441 5145 Alexio
3491 5087 3641 5141 730

1991 5194 2309 5253 Comneno,
2359 5186 2459 5259 qui
2513 5184 2885 5256 postmodum
2940 5180 3277 5254 imperavit,
3323 5178 3433 5231 sub
3465 5176 3639 5246 cujus

1993 5279 2172 5336 etiam
2205 5276 2449 5349 imperio
2480 5275 2632 5330 diem
2666 5288 2839 5328 suum
2871 5271 3212 5339 obiit,suam
3246 5281 3486 5323 uxorem
3518 5263 3643 5319 Ma-

1540 5449 1783 5506 JACOBI
1821 5451 2042 5507 GOARI
2082 5451 2316 5506 NOTAE.

301 5589 421 5663 [48)
451 5587 683 5663 Ἀγίοοςι,
709 5588 1006 5663 νυῐίῐιαιίηἱ
1034 5592 1266 5661 fratres,
1298 5608 1360 5647 se
1392 5596 1597 5647 mutuo
1626 5592 1883 5647 vocitant

224 5660 423 5718 Graeci
453 5660 720 5718 monachi
758 5680 769 5717 :
804 5662 961 5717 hunc
991 5662 1188 5735 itaque
1217 5680 1319 5720 ceu
1351 5664 1644 5736 praecipua
1674 5664 1883 5720 sancti-

1992 5594 2109 5646 tate
2143 5590 2459 5660 fulgentem
2490 5584 2751 5659 πανάγιον
2796 5584 3249 5656 compellabant.
3307 5582 3438 5637 Haec
3488 5572 3644 5647 apud

1995 5663 2221 5719 Graecos
2253 5661 2491 5718 honoris
2522 5663 2802 5714 monstra.
