  <div class='ocr_page' id='page_1' title='image "/cluster/home/n/w/nwhite01/storage/ocr_20150623/122/hvd.32044073502460/247.png"; bbox 0 0 4040 6196; ppageno 0'>
   <div class='ocr_carea' id='block_1_1' title="bbox 369 293 1137 359">
    <p class='ocr_par' dir='ltr' id='par_1_1' title="bbox 369 293 1137 359">
     <span class='ocr_line' id='line_1_1' title="bbox 369 293 1137 359; baseline 0.013 -8"><span class='ocrx_word' id='word_1_1' title='bbox 369 293 482 353; x_wconf 74' lang='grc'>471</span> <span class='ocrx_word' id='word_1_2' title='bbox 916 356 917 359; x_wconf 42' lang='grc' dir='ltr'><strong>η</strong></span> <span class='ocrx_word' id='word_1_3' title='bbox 1107 330 1137 344; x_wconf 69' lang='grc' dir='ltr'>ο-</span> 
     </span>
    </p>
   </div>
   <div class='ocr_carea' id='block_1_2' title="bbox 362 516 2013 592">
    <p class='ocr_par' dir='ltr' id='par_1_2' title="bbox 362 516 2013 592">
     <span class='ocr_line' id='line_1_2' title="bbox 362 516 2013 592; baseline 0.001 -19"><span class='ocrx_word' id='word_1_4' title='bbox 362 516 599 583; x_wconf 86' lang='lat' dir='ltr'>factam,</span> <span class='ocrx_word' id='word_1_5' title='bbox 631 518 801 574; x_wconf 89' lang='lat' dir='ltr'>venia</span> <span class='ocrx_word' id='word_1_6' title='bbox 832 534 1033 576; x_wconf 90' lang='lat' dir='ltr'>eorum</span> <span class='ocrx_word' id='word_1_7' title='bbox 1066 537 1193 592; x_wconf 69' lang='lat' dir='ltr'>quae</span> <span class='ocrx_word' id='word_1_8' title='bbox 1223 521 1283 575; x_wconf 91' lang='lat' dir='ltr'>in</span> <span class='ocrx_word' id='word_1_9' title='bbox 1316 538 1379 576; x_wconf 89' lang='lat' dir='ltr'>se</span> <span class='ocrx_word' id='word_1_10' title='bbox 1409 522 1728 577; x_wconf 81' lang='lat' dir='ltr'>admiserat</span> <span class='ocrx_word' id='word_1_11' title='bbox 1783 521 1842 575; x_wconf 89' lang='lat' dir='ltr'>in</span> <span class='ocrx_word' id='word_1_12' title='bbox 1882 521 2013 592; x_wconf 87' lang='lat' dir='ltr'>ipsa</span> 
     </span>
    </p>
   </div>
   <div class='ocr_carea' id='block_1_3' title="bbox 375 607 886 679">
    <p class='ocr_par' dir='ltr' id='par_1_3' title="bbox 375 607 886 679">
     <span class='ocr_line' id='line_1_3' title="bbox 375 607 886 679; baseline 0.004 -16"><span class='ocrx_word' id='word_1_13' title='bbox 375 611 558 663; x_wconf 87' lang='lat' dir='ltr'>morte</span> <span class='ocrx_word' id='word_1_14' title='bbox 589 607 886 679; x_wconf 84' lang='lat' dir='ltr'>dignatus.</span> 
     </span>
    </p>
   </div>
   <div class='ocr_carea' id='block_1_4' title="bbox 440 912 2017 985">
    <p class='ocr_par' dir='ltr' id='par_1_4' title="bbox 440 912 2017 985">
     <span class='ocr_line' id='line_1_4' title="bbox 440 912 2017 985; baseline 0.001 -18"><span class='ocrx_word' id='word_1_15' title='bbox 440 913 801 984; x_wconf 90' lang='lat' dir='ltr'>Nicephorus</span> <span class='ocrx_word' id='word_1_16' title='bbox 859 917 1056 968; x_wconf 89' lang='lat' dir='ltr'>autem</span> <span class='ocrx_word' id='word_1_17' title='bbox 1119 912 1444 971; x_wconf 86' lang='lat' dir='ltr'>Basilacius</span> <span class='ocrx_word' id='word_1_18' title='bbox 1502 914 1730 985; x_wconf 89' lang='lat' dir='ltr'>primus</span> <span class='ocrx_word' id='word_1_19' title='bbox 1780 929 2017 985; x_wconf 62' lang='lat' dir='ltr'>praeses,</span> 
     </span>
    </p>
   </div>
   <div class='ocr_carea' id='block_1_5' title="bbox 373 1001 2020 1072">
    <p class='ocr_par' dir='ltr' id='par_1_5' title="bbox 373 1001 2020 1072">
     <span class='ocr_line' id='line_1_5' title="bbox 373 1001 2020 1072; baseline 0 -17"><span class='ocrx_word' id='word_1_20' title='bbox 373 1017 505 1055; x_wconf 91' lang='lat' dir='ltr'>cum</span> <span class='ocrx_word' id='word_1_21' title='bbox 540 1001 921 1070; x_wconf 82' lang='lat' dir='ltr'>Dyrrachium</span> <span class='ocrx_word' id='word_1_22' title='bbox 957 1003 1334 1072; x_wconf 81' lang='lat' dir='ltr'>pervenisset,</span> <span class='ocrx_word' id='word_1_23' title='bbox 1366 1005 1682 1058; x_wconf 81' lang='lat' dir='ltr'>exercitum</span> <span class='ocrx_word' id='word_1_24' title='bbox 1726 1019 1794 1058; x_wconf 84' lang='lat' dir='ltr'>ex</span> <span class='ocrx_word' id='word_1_25' title='bbox 1826 1002 2020 1058; x_wconf 90' lang='lat' dir='ltr'>omni-</span> 
     </span>
    </p>
   </div>
   <div class='ocr_carea' id='block_1_6' title="bbox 370 1088 2021 1162">
    <p class='ocr_par' dir='ltr' id='par_1_6' title="bbox 370 1088 2021 1162">
     <span class='ocr_line' id='line_1_6' title="bbox 370 1088 2021 1162; baseline 0 -18"><span class='ocrx_word' id='word_1_26' title='bbox 370 1090 479 1144; x_wconf 91' lang='lat' dir='ltr'>bus</span> <span class='ocrx_word' id='word_1_27' title='bbox 537 1090 655 1145; x_wconf 87' lang='lat' dir='ltr'>illis</span> <span class='ocrx_word' id='word_1_28' title='bbox 686 1088 829 1145; x_wconf 90' lang='lat' dir='ltr'>locis</span> <span class='ocrx_word' id='word_1_29' title='bbox 861 1091 1073 1162; x_wconf 81' lang='lat' dir='ltr'>coegit.</span> <span class='ocrx_word' id='word_1_30' title='bbox 1117 1091 1432 1147; x_wconf 83' lang='lat' dir='ltr'>Accersivit</span> <span class='ocrx_word' id='word_1_31' title='bbox 1458 1093 1631 1147; x_wconf 88' lang='lat' dir='ltr'>etiam</span> <span class='ocrx_word' id='word_1_32' title='bbox 1669 1097 1919 1147; x_wconf 80' lang='lat' dir='ltr'>Francos</span> <span class='ocrx_word' id='word_1_33' title='bbox 1952 1108 2021 1145; x_wconf 82' lang='lat' dir='ltr'>ex</span> 
     </span>
    </p>
   </div>
   <div class='ocr_carea' id='block_1_7' title="bbox 367 1177 2023 1250">
    <p class='ocr_par' dir='ltr' id='par_1_7' title="bbox 367 1177 2023 1250">
     <span class='ocr_line' id='line_1_7' title="bbox 367 1177 2023 1250; baseline 0.001 -18"><span class='ocrx_word' id='word_1_34' title='bbox 367 1177 541 1232; x_wconf 82' lang='lat' dir='ltr'>Italia</span> <span class='ocrx_word' id='word_1_35' title='bbox 576 1195 677 1250; x_wconf 88' lang='lat' dir='ltr'>per</span> <span class='ocrx_word' id='word_1_36' title='bbox 706 1179 1046 1250; x_wconf 86' lang='lat' dir='ltr'>episcopum</span> <span class='ocrx_word' id='word_1_37' title='bbox 1072 1180 1323 1235; x_wconf 63' lang='lat' dir='ltr'>Diabolae</span> <span class='ocrx_word' id='word_1_38' title='bbox 1344 1180 1732 1235; x_wconf 79' lang='lat' dir='ltr'>Theodosium</span> <span class='ocrx_word' id='word_1_39' title='bbox 1768 1180 2023 1235; x_wconf 90' lang='lat' dir='ltr'>muneri-</span> 
     </span>
    </p>
   </div>
   <div class='ocr_carea' id='block_1_8' title="bbox 371 1265 2017 1338">
    <p class='ocr_par' dir='ltr' id='par_1_8' title="bbox 371 1265 2017 1338">
     <span class='ocr_line' id='line_1_8' title="bbox 371 1265 2017 1338; baseline 0.002 -18"><span class='ocrx_word' id='word_1_40' title='bbox 371 1265 482 1321; x_wconf 81' lang='lat' dir='ltr'>bus</span> <span class='ocrx_word' id='word_1_41' title='bbox 545 1284 611 1321; x_wconf 87' lang='lat' dir='ltr'>ac</span> <span class='ocrx_word' id='word_1_42' title='bbox 670 1267 841 1322; x_wconf 87' lang='lat' dir='ltr'>donis</span> <span class='ocrx_word' id='word_1_43' title='bbox 900 1270 1179 1323; x_wconf 87' lang='lat' dir='ltr'>adversus</span> <span class='ocrx_word' id='word_1_44' title='bbox 1241 1266 1597 1338; x_wconf 85' lang='lat' dir='ltr'>Bryennium</span> <span class='ocrx_word' id='word_1_45' title='bbox 1656 1269 2017 1324; x_wconf 77' lang='lat' dir='ltr'>conciliatos.</span> 
     </span>
    </p>
   </div>
   <div class='ocr_carea' id='block_1_9' title="bbox 369 1355 2021 1429">
    <p class='ocr_par' dir='ltr' id='par_1_9' title="bbox 369 1355 2021 1429">
     <span class='ocr_line' id='line_1_9' title="bbox 369 1355 2021 1429; baseline 0.001 -19"><span class='ocrx_word' id='word_1_46' title='bbox 369 1355 577 1411; x_wconf 88' lang='lat' dir='ltr'>Coacto</span> <span class='ocrx_word' id='word_1_47' title='bbox 610 1361 806 1411; x_wconf 86' lang='lat' dir='ltr'>autem</span> <span class='ocrx_word' id='word_1_48' title='bbox 841 1358 1048 1412; x_wconf 90' lang='lat' dir='ltr'>idoneo</span> <span class='ocrx_word' id='word_1_49' title='bbox 1080 1359 1335 1413; x_wconf 83' lang='lat' dir='ltr'>exercitu</span> <span class='ocrx_word' id='word_1_50' title='bbox 1367 1376 1435 1413; x_wconf 82' lang='lat' dir='ltr'>ex</span> <span class='ocrx_word' id='word_1_51' title='bbox 1469 1359 1702 1414; x_wconf 85' lang='lat' dir='ltr'>Francis</span> <span class='ocrx_word' id='word_1_52' title='bbox 1732 1364 1790 1414; x_wconf 92' lang='lat' dir='ltr'>et</span> <span class='ocrx_word' id='word_1_53' title='bbox 1813 1358 2021 1429; x_wconf 87' lang='lat' dir='ltr'>Bulga-</span> 
     </span>
    </p>
   </div>
   <div class='ocr_carea' id='block_1_10' title="bbox 374 1446 2020 1517">
    <p class='ocr_par' dir='ltr' id='par_1_10' title="bbox 374 1446 2020 1517">
     <span class='ocr_line' id='line_1_10' title="bbox 374 1446 2020 1517; baseline 0.001 -18"><span class='ocrx_word' id='word_1_54' title='bbox 374 1446 454 1499; x_wconf 91' lang='lat' dir='ltr'>ris</span> <span class='ocrx_word' id='word_1_55' title='bbox 504 1447 901 1517; x_wconf 84' lang='lat' dir='ltr'>Romanisque</span> <span class='ocrx_word' id='word_1_56' title='bbox 949 1454 1005 1501; x_wconf 78' lang='lat' dir='ltr'>et</span> <span class='ocrx_word' id='word_1_57' title='bbox 1046 1448 1367 1514; x_wconf 86' lang='lat' dir='ltr'>Arbanitis,</span> <span class='ocrx_word' id='word_1_58' title='bbox 1422 1449 1715 1517; x_wconf 81' lang='lat' dir='ltr'>profectus</span> <span class='ocrx_word' id='word_1_59' title='bbox 1765 1449 1900 1501; x_wconf 90' lang='lat' dir='ltr'>inde</span> <span class='ocrx_word' id='word_1_60' title='bbox 1949 1446 2020 1501; x_wconf 90' lang='lat' dir='ltr'>ad</span> 
     </span>
    </p>
   </div>
   <div class='ocr_carea' id='block_1_11' title="bbox 374 1534 2026 1607">
    <p class='ocr_par' dir='ltr' id='par_1_11' title="bbox 374 1534 2026 1607">
     <span class='ocr_line' id='line_1_11' title="bbox 374 1534 2026 1607; baseline 0.001 -18"><span class='ocrx_word' id='word_1_61' title='bbox 374 1534 856 1590; x_wconf 83' lang='lat' dir='ltr'>Thessalonicam</span> <span class='ocrx_word' id='word_1_62' title='bbox 889 1537 1311 1603; x_wconf 82' lang='lat' dir='ltr'>contendebat;</span> <span class='ocrx_word' id='word_1_63' title='bbox 1363 1553 1616 1607; x_wconf 89' lang='lat' dir='ltr'>cumque</span> <span class='ocrx_word' id='word_1_64' title='bbox 1663 1536 2026 1607; x_wconf 82' lang='lat' dir='ltr'>pervenisset</span> 
     </span>
    </p>
   </div>
   <div class='ocr_carea' id='block_1_12' title="bbox 374 1624 2025 1697">
    <p class='ocr_par' dir='ltr' id='par_1_12' title="bbox 374 1624 2025 1697">
     <span class='ocr_line' id='line_1_12' title="bbox 374 1624 2025 1697; baseline 0.001 -20"><span class='ocrx_word' id='word_1_65' title='bbox 374 1624 682 1693; x_wconf 88' lang='lat' dir='ltr'>Achridas,</span> <span class='ocrx_word' id='word_1_66' title='bbox 731 1624 1006 1695; x_wconf 86' lang='lat' dir='ltr'>cupiebat</span> <span class='ocrx_word' id='word_1_67' title='bbox 1065 1624 1143 1679; x_wconf 89' lang='lat' dir='ltr'>ibi</span> <span class='ocrx_word' id='word_1_68' title='bbox 1205 1625 1510 1695; x_wconf 82' lang='lat' dir='ltr'>declarari,</span> <span class='ocrx_word' id='word_1_69' title='bbox 1555 1627 1656 1681; x_wconf 82' lang='lat' dir='ltr'>sed</span> <span class='ocrx_word' id='word_1_70' title='bbox 1718 1625 2025 1697; x_wconf 85' lang='lat' dir='ltr'>diligentia</span> 
     </span>
    </p>
   </div>
   <div class='ocr_carea' id='block_1_13' title="bbox 377 1713 2025 1787">
    <p class='ocr_par' dir='ltr' id='par_1_13' title="bbox 377 1713 2025 1787">
     <span class='ocr_line' id='line_1_13' title="bbox 377 1713 2025 1787; baseline 0.001 -21"><span class='ocrx_word' id='word_1_71' title='bbox 377 1729 442 1766; x_wconf 89' lang='lat' dir='ltr'>ac</span> <span class='ocrx_word' id='word_1_72' title='bbox 492 1714 689 1767; x_wconf 88' lang='lat' dir='ltr'>studio</span> <span class='ocrx_word' id='word_1_73' title='bbox 742 1713 899 1767; x_wconf 89' lang='lat' dir='ltr'>illius</span> <span class='ocrx_word' id='word_1_74' title='bbox 932 1713 1031 1782; x_wconf 89' lang='lat' dir='ltr'>qui</span> <span class='ocrx_word' id='word_1_75' title='bbox 1067 1714 1145 1768; x_wconf 87' lang='lat' dir='ltr'>ibi</span> <span class='ocrx_word' id='word_1_76' title='bbox 1168 1714 1644 1785; x_wconf 83' lang='lat' dir='ltr'>archiepiscopus</span> <span class='ocrx_word' id='word_1_77' title='bbox 1672 1720 1796 1769; x_wconf 86' lang='lat' dir='ltr'>erat</span> <span class='ocrx_word' id='word_1_78' title='bbox 1827 1714 2025 1787; x_wconf 88' lang='lat' dir='ltr'>prohi-</span> 
     </span>
    </p>
   </div>
   <div class='ocr_carea' id='block_1_14' title="bbox 1683 295 2455 360">
    <p class='ocr_par' dir='ltr' id='par_1_14' title="bbox 1683 295 2455 360">
     <span class='ocr_line' id='line_1_14' title="bbox 1683 295 2455 360; baseline -0.003 -1"><span class='ocrx_word' id='word_1_79' title='bbox 1683 296 2012 360; x_wconf 82' lang='lat' dir='ltr'>JOANNIS</span> <span class='ocrx_word' id='word_1_80' title='bbox 2057 295 2455 358; x_wconf 60' lang='lat' dir='ltr'>SCYLI&#39;I‘ZzE</span> 
     </span>
    </p>
   </div>
   <div class='ocr_carea' id='block_1_15' title="bbox 362 425 2016 503">
    <p class='ocr_par' dir='ltr' id='par_1_15' title="bbox 362 428 2010 501">
     <span class='ocr_line' id='line_1_15' title="bbox 362 428 2010 501; baseline 0.001 -19"><span class='ocrx_word' id='word_1_81' title='bbox 362 428 536 495; x_wconf 89' lang='lat' dir='ltr'>riam,</span> <span class='ocrx_word' id='word_1_82' title='bbox 598 432 734 501; x_wconf 85' lang='lat' dir='ltr'>post</span> <span class='ocrx_word' id='word_1_83' title='bbox 792 429 1107 486; x_wconf 70' lang='lat' dir='ltr'>Botaniatae</span> <span class='ocrx_word' id='word_1_84' title='bbox 1166 430 1597 486; x_wconf 83' lang='lat' dir='ltr'>abdicationem</span> <span class='ocrx_word' id='word_1_85' title='bbox 1662 430 2010 486; x_wconf 86' lang='lat' dir='ltr'>monacham</span> 
     </span>
    </p>
   </div>
   <div class='ocr_carea' id='block_1_16' title="bbox 2128 425 3271 503">
    <p class='ocr_par' dir='ltr' id='par_1_16' title="bbox 2128 425 3271 503">
     <span class='ocr_line' id='line_1_16' title="bbox 2128 425 3271 503; baseline -0.002 -21"><span class='ocrx_word' id='word_1_86' title='bbox 2128 429 2211 482; x_wconf 82' lang='grc' dir='ltr'>καὶ</span> <span class='ocrx_word' id='word_1_87' title='bbox 2274 427 2569 503; x_wconf 72' lang='grc' dir='ltr'>ἐκοιμήθη,</span> <span class='ocrx_word' id='word_1_88' title='bbox 2626 429 2725 497; x_wconf 77' lang='grc' dir='ltr'>τὴν</span> <span class='ocrx_word' id='word_1_89' title='bbox 2780 428 2970 484; x_wconf 67' lang='grc' dir='ltr'>ἑαυτοῦ</span> <span class='ocrx_word' id='word_1_90' title='bbox 3043 425 3271 502; x_wconf 79' lang='grc' dir='ltr'>σύζυγον</span> 
     </span>
    </p>
   </div>
   <div class='ocr_carea' id='block_1_17' title="bbox 3654 293 3776 353">
    <p class='ocr_par' dir='ltr' id='par_1_17' title="bbox 3654 293 3776 353">
     <span class='ocr_line' id='line_1_17' title="bbox 3654 293 3776 353; baseline 0.033 -4"><span class='ocrx_word' id='word_1_91' title='bbox 3654 293 3776 353; x_wconf 69' lang='grc' dir='ltr'>ετξ</span> 
     </span>
    </p>
   </div>
   <div class='ocr_carea' id='block_1_18' title="bbox 3352 423 3779 500">
    <p class='ocr_par' dir='ltr' id='par_1_18' title="bbox 3352 423 3779 500">
     <span class='ocr_line' id='line_1_18' title="bbox 3352 423 3779 500; baseline -0.007 -20"><span class='ocrx_word' id='word_1_92' title='bbox 3352 425 3561 500; x_wconf 81' lang='grc' dir='ltr'>Μαρίαν</span> <span class='ocrx_word' id='word_1_93' title='bbox 3643 423 3779 496; x_wconf 73' lang='grc' dir='ltr'>μετὰ</span> 
     </span>
    </p>
   </div>
   <div class='ocr_carea' id='block_1_19' title="bbox 2120 514 3777 589">
    <p class='ocr_par' dir='ltr' id='par_1_19' title="bbox 2120 514 3777 589">
     <span class='ocr_line' id='line_1_19' title="bbox 2120 514 3777 589; baseline -0.002 -19"><span class='ocrx_word' id='word_1_94' title='bbox 2120 518 2219 585; x_wconf 76' lang='grc' dir='ltr'>τήν</span> <span class='ocrx_word' id='word_1_95' title='bbox 2250 522 2347 572; x_wconf 76' lang='grc' dir='ltr'>τοῦ</span> <span class='ocrx_word' id='word_1_96' title='bbox 2405 519 2765 575; x_wconf 80' lang='grc' dir='ltr'>Βοτανειάτου</span> <span class='ocrx_word' id='word_1_97' title='bbox 2820 516 3126 587; x_wconf 76' lang='grc' dir='ltr'>καθαίρεσιν</span> <span class='ocrx_word' id='word_1_98' title='bbox 3183 515 3433 589; x_wconf 77' lang='grc' dir='ltr'>μοναχὴν</span> <span class='ocrx_word' id='word_1_99' title='bbox 3481 514 3777 588; x_wconf 70' lang='grc' dir='ltr'>γενομένην</span> 
     </span>
    </p>
   </div>
   <div class='ocr_carea' id='block_1_20' title="bbox 2125 600 3781 679">
    <p class='ocr_par' dir='ltr' id='par_1_20' title="bbox 2125 600 3781 679">
     <span class='ocr_line' id='line_1_20' title="bbox 2125 600 3781 679; baseline -0.004 -19"><span class='ocrx_word' id='word_1_100' title='bbox 2125 607 2459 679; x_wconf 73' lang='grc' dir='ltr'>συμπαθείας</span> <span class='ocrx_word' id='word_1_101' title='bbox 2503 612 2611 662; x_wconf 78' lang='grc' dir='ltr'>τῶν</span> <span class='ocrx_word' id='word_1_102' title='bbox 2672 606 2748 670; x_wconf 72' lang='grc' dir='ltr'>εἴς</span> <span class='ocrx_word' id='word_1_103' title='bbox 2801 606 2969 676; x_wconf 76' lang='grc' dir='ltr'>αὐτὴν</span> <span class='ocrx_word' id='word_1_104' title='bbox 3019 604 3384 678; x_wconf 79' lang='grc' dir='ltr'>ἐπταισμένων</span> <span class='ocrx_word' id='word_1_105' title='bbox 3438 601 3670 673; x_wconf 77' lang='grc' dir='ltr'>ἀξιώσας</span> <span class='ocrx_word' id='word_1_106' title='bbox 3727 600 3781 655; x_wconf 70' lang='grc' dir='ltr'>ἐν</span> 
     </span>
    </p>
   </div>
   <div class='ocr_carea' id='block_1_21' title="bbox 2124 694 2473 771">
    <p class='ocr_par' dir='ltr' id='par_1_21' title="bbox 2124 694 2473 771">
     <span class='ocr_line' id='line_1_21' title="bbox 2124 694 2473 771; baseline 0.006 -20"><span class='ocrx_word' id='word_1_107' title='bbox 2124 698 2193 769; x_wconf 81' lang='grc' dir='ltr'>τῇ</span> <span class='ocrx_word' id='word_1_108' title='bbox 2224 694 2451 771; x_wconf 75' lang='grc' dir='ltr'>τελευτῇ</span> <span class='ocrx_word' id='word_1_109' title='bbox 2462 740 2473 753; x_wconf 91' lang='grc'><strong>.</strong></span> 
     </span>
    </p>
   </div>
   <div class='ocr_carea' id='block_1_22' title="bbox 2201 905 3785 988">
    <p class='ocr_par' dir='ltr' id='par_1_22' title="bbox 2201 905 3785 988">
     <span class='ocr_line' id='line_1_22' title="bbox 2201 905 3785 988; baseline -0.006 -21"><span class='ocrx_word' id='word_1_110' title='bbox 2201 912 2260 967; x_wconf 90' lang='grc' dir='ltr'>Ὸ</span> <span class='ocrx_word' id='word_1_111' title='bbox 2308 910 2365 966; x_wconf 77' lang='grc' dir='ltr'>δὶ</span> <span class='ocrx_word' id='word_1_112' title='bbox 2406 908 2866 986; x_wconf 81' lang='grc' dir='ltr'>πρωτοπρόεδρος</span> <span class='ocrx_word' id='word_1_113' title='bbox 2916 909 3228 988; x_wconf 74' lang='grc' dir='ltr'>Νικηφόρος</span> <span class='ocrx_word' id='word_1_114' title='bbox 3271 908 3299 963; x_wconf 84' lang='grc' dir='ltr'>’ὲ</span> <span class='ocrx_word' id='word_1_115' title='bbox 3339 905 3665 967; x_wconf 81' lang='grc' dir='ltr'>Βασιλάκιος</span> <span class='ocrx_word' id='word_1_116' title='bbox 3720 905 3785 959; x_wconf 84' lang='grc' dir='ltr'>τὸ</span> 
     </span>
    </p>
   </div>
   <div class='ocr_carea' id='block_1_23' title="bbox 2130 993 3784 1076">
    <p class='ocr_par' dir='ltr' id='par_1_23' title="bbox 2130 993 3784 1076">
     <span class='ocr_line' id='line_1_23' title="bbox 2130 993 3784 1076; baseline -0.013 -18"><span class='ocrx_word' id='word_1_117' title='bbox 2130 999 2438 1076; x_wconf 60' lang='grc' dir='ltr'>Δυρράχιον</span> <span class='ocrx_word' id='word_1_118' title='bbox 2496 996 2821 1057; x_wconf 87' lang='grc' dir='ltr'>καταλαϐὼν</span> <span class='ocrx_word' id='word_1_119' title='bbox 2884 1000 3107 1073; x_wconf 83' lang='grc' dir='ltr'>στρατὸν</span> <span class='ocrx_word' id='word_1_120' title='bbox 3174 997 3426 1069; x_wconf 76' lang='grc' dir='ltr'>ἤθροιζεν</span> <span class='ocrx_word' id='word_1_121' title='bbox 3487 993 3545 1050; x_wconf 74' lang='grc' dir='ltr'>ἐκ</span> <span class='ocrx_word' id='word_1_122' title='bbox 3596 997 3784 1047; x_wconf 75' lang='grc' dir='ltr'>πασῶν</span> 
     </span>
    </p>
   </div>
   <div class='ocr_carea' id='block_1_24' title="bbox 2129 1083 3785 1165">
    <p class='ocr_par' dir='ltr' id='par_1_24' title="bbox 2129 1083 3785 1165">
     <span class='ocr_line' id='line_1_24' title="bbox 2129 1083 3785 1165; baseline -0.005 -22"><span class='ocrx_word' id='word_1_123' title='bbox 2129 1095 2234 1144; x_wconf 79' lang='grc' dir='ltr'>τῶν</span> <span class='ocrx_word' id='word_1_124' title='bbox 2297 1089 2467 1145; x_wconf 84' lang='grc' dir='ltr'>ἐκεῖσε</span> <span class='ocrx_word' id='word_1_125' title='bbox 2524 1094 2748 1165; x_wconf 83' lang='grc' dir='ltr'>χωρῶν,</span> <span class='ocrx_word' id='word_1_126' title='bbox 2794 1090 3178 1162; x_wconf 75' lang='grc' dir='ltr'>μετεπέμψατο</span> <span class='ocrx_word' id='word_1_127' title='bbox 3238 1083 3294 1140; x_wconf 73' lang='grc' dir='ltr'>δὲ</span> <span class='ocrx_word' id='word_1_128' title='bbox 3349 1088 3439 1139; x_wconf 82' lang='grc' dir='ltr'>καὶ</span> <span class='ocrx_word' id='word_1_129' title='bbox 3497 1084 3785 1158; x_wconf 79' lang='grc' dir='ltr'>Φράγγους</span> 
     </span>
    </p>
   </div>
   <div class='ocr_carea' id='block_1_25' title="bbox 2132 1168 3786 1251">
    <p class='ocr_par' dir='ltr' id='par_1_25' title="bbox 2132 1168 3786 1251">
     <span class='ocr_line' id='line_1_25' title="bbox 2132 1168 3786 1251; baseline -0.005 -18"><span class='ocrx_word' id='word_1_130' title='bbox 2132 1178 2180 1251; x_wconf 75' lang='grc' dir='ltr'>ἐξ</span> <span class='ocrx_word' id='word_1_131' title='bbox 2236 1178 2467 1240; x_wconf 84' lang='grc' dir='ltr'>Ἰταλίας</span> <span class='ocrx_word' id='word_1_132' title='bbox 2527 1177 2616 1233; x_wconf 78' lang='grc' dir='ltr'>διὰ</span> <span class='ocrx_word' id='word_1_133' title='bbox 2670 1183 2767 1233; x_wconf 76' lang='grc' dir='ltr'>τοῦ</span> <span class='ocrx_word' id='word_1_134' title='bbox 2826 1177 3123 1233; x_wconf 73' lang='grc' dir='ltr'>ἐπισκόπου</span> <span class='ocrx_word' id='word_1_135' title='bbox 3202 1169 3516 1235; x_wconf 80' lang='grc' dir='ltr'>Διαϐολέως</span> <span class='ocrx_word' id='word_1_136' title='bbox 3586 1168 3786 1226; x_wconf 79' lang='grc' dir='ltr'>Θεοδο-</span> 
     </span>
    </p>
   </div>
   <div class='ocr_carea' id='block_1_26' title="bbox 2132 1260 3783 1346">
    <p class='ocr_par' dir='ltr' id='par_1_26' title="bbox 2132 1260 3783 1346">
     <span class='ocr_line' id='line_1_26' title="bbox 2132 1260 3783 1346; baseline -0.005 -24"><span class='ocrx_word' id='word_1_137' title='bbox 2132 1268 2271 1337; x_wconf 83' lang='grc' dir='ltr'>σίου,</span> <span class='ocrx_word' id='word_1_138' title='bbox 2305 1266 2623 1346; x_wconf 77' lang='grc' dir='ltr'>φιλοτίμοις</span> <span class='ocrx_word' id='word_1_139' title='bbox 2675 1273 2793 1330; x_wconf 86' lang='grc' dir='ltr'>ταῖς</span> <span class='ocrx_word' id='word_1_140' title='bbox 2849 1267 3097 1337; x_wconf 78' lang='grc' dir='ltr'>ἀξιώσεσι</span> <span class='ocrx_word' id='word_1_141' title='bbox 3151 1264 3285 1319; x_wconf 80' lang='grc' dir='ltr'>κατά</span> <span class='ocrx_word' id='word_1_142' title='bbox 3340 1268 3435 1318; x_wconf 74' lang='grc' dir='ltr'>τοῦ</span> <span class='ocrx_word' id='word_1_143' title='bbox 3488 1260 3783 1335; x_wconf 81' lang='grc' dir='ltr'>Βρυεννίου</span> 
     </span>
    </p>
   </div>
   <div class='ocr_carea' id='block_1_27' title="bbox 2132 1346 3781 1433">
    <p class='ocr_par' dir='ltr' id='par_1_27' title="bbox 2132 1346 3781 1433">
     <span class='ocr_line' id='line_1_27' title="bbox 2132 1346 3781 1433; baseline -0.007 -21"><span class='ocrx_word' id='word_1_144' title='bbox 2132 1358 2611 1431; x_wconf 83' lang='grc' dir='ltr'>συσκευαζόμενος.</span> <span class='ocrx_word' id='word_1_145' title='bbox 2662 1356 3035 1433; x_wconf 78' lang='grc' dir='ltr'>Συναγηοχὼς</span> <span class='ocrx_word' id='word_1_146' title='bbox 3081 1353 3137 1409; x_wconf 72' lang='grc' dir='ltr'>δὲ</span> <span class='ocrx_word' id='word_1_147' title='bbox 3190 1352 3438 1427; x_wconf 75' lang='grc' dir='ltr'>στρατιὰν</span> <span class='ocrx_word' id='word_1_148' title='bbox 3493 1346 3781 1423; x_wconf 80' lang='grc' dir='ltr'>ἀξιόλογον</span> 
     </span>
    </p>
   </div>
   <div class='ocr_carea' id='block_1_28' title="bbox 2133 1436 3784 1522">
    <p class='ocr_par' dir='ltr' id='par_1_28' title="bbox 2133 1436 3784 1522">
     <span class='ocr_line' id='line_1_28' title="bbox 2133 1436 3784 1522; baseline -0.008 -20"><span class='ocrx_word' id='word_1_149' title='bbox 2133 1446 2192 1502; x_wconf 84' lang='grc' dir='ltr'>ἐκ</span> <span class='ocrx_word' id='word_1_150' title='bbox 2245 1469 2303 1502; x_wconf 85' lang='grc' dir='ltr'>τε</span> <span class='ocrx_word' id='word_1_151' title='bbox 2360 1449 2627 1522; x_wconf 84' lang='grc' dir='ltr'>Φράγγων</span> <span class='ocrx_word' id='word_1_152' title='bbox 2706 1447 2796 1512; x_wconf 81' lang='grc' dir='ltr'>καὶ</span> <span class='ocrx_word' id='word_1_153' title='bbox 2870 1446 3193 1519; x_wconf 83' lang='grc' dir='ltr'>Βουλγάρων</span> <span class='ocrx_word' id='word_1_154' title='bbox 3250 1439 3531 1513; x_wconf 89' lang='grc' dir='ltr'>Ῥωμαίων</span> <span class='ocrx_word' id='word_1_155' title='bbox 3584 1458 3643 1493; x_wconf 88' lang='grc' dir='ltr'>τε</span> <span class='ocrx_word' id='word_1_156' title='bbox 3688 1436 3784 1491; x_wconf 83' lang='grc' dir='ltr'>καὶ</span> 
     </span>
    </p>
   </div>
   <div class='ocr_carea' id='block_1_29' title="bbox 2132 1524 3785 1612">
    <p class='ocr_par' dir='ltr' id='par_1_29' title="bbox 2132 1524 3785 1612">
     <span class='ocr_line' id='line_1_29' title="bbox 2132 1524 3785 1612; baseline -0.009 -19"><span class='ocrx_word' id='word_1_157' title='bbox 2132 1532 2482 1612; x_wconf 82' lang='grc' dir='ltr'>Ἀρϐανιτῶν,</span> <span class='ocrx_word' id='word_1_158' title='bbox 2525 1534 2657 1610; x_wconf 79' lang='grc' dir='ltr'>ἄρας</span> <span class='ocrx_word' id='word_1_159' title='bbox 2716 1535 2915 1590; x_wconf 76' lang='grc' dir='ltr'>ἐκεῖθεν</span> <span class='ocrx_word' id='word_1_160' title='bbox 2971 1535 3106 1608; x_wconf 87' lang='grc' dir='ltr'>πρὸς</span> <span class='ocrx_word' id='word_1_161' title='bbox 3165 1529 3559 1597; x_wconf 79' lang='grc' dir='ltr'>Θεσσαλονίκην</span> <span class='ocrx_word' id='word_1_162' title='bbox 3616 1524 3785 1596; x_wconf 81' lang='grc' dir='ltr'>ἠπεί-</span> 
     </span>
    </p>
   </div>
   <div class='ocr_carea' id='block_1_30' title="bbox 2133 1615 3787 1703">
    <p class='ocr_par' dir='ltr' id='par_1_30' title="bbox 2133 1615 3787 1703">
     <span class='ocr_line' id='line_1_30' title="bbox 2133 1615 3787 1703; baseline -0.007 -23"><span class='ocrx_word' id='word_1_163' title='bbox 2133 1648 2281 1701; x_wconf 89' lang='grc' dir='ltr'>γετο.</span> <span class='ocrx_word' id='word_1_164' title='bbox 2316 1627 2636 1703; x_wconf 76' lang='grc' dir='ltr'>Ἀφιγμένος</span> <span class='ocrx_word' id='word_1_165' title='bbox 2669 1622 2725 1679; x_wconf 77' lang='grc' dir='ltr'>δὲ</span> <span class='ocrx_word' id='word_1_166' title='bbox 2748 1623 2822 1686; x_wconf 71' lang='grc' dir='ltr'>εἰς</span> <span class='ocrx_word' id='word_1_167' title='bbox 2855 1621 3115 1699; x_wconf 83' lang='grc' dir='ltr'>Ἀχρίδας</span> <span class='ocrx_word' id='word_1_168' title='bbox 3145 1616 3417 1691; x_wconf 76' lang='grc' dir='ltr'>ἠϐούλετο</span> <span class='ocrx_word' id='word_1_169' title='bbox 3459 1617 3553 1691; x_wconf 78' lang='grc' dir='ltr'>μὶν</span> <span class='ocrx_word' id='word_1_170' title='bbox 3612 1615 3787 1670; x_wconf 85' lang='grc' dir='ltr'>ἐκεῖσε</span> 
     </span>
    </p>
   </div>
   <div class='ocr_carea' id='block_1_31' title="bbox 2135 1704 3787 1791">
    <p class='ocr_par' dir='ltr' id='par_1_31' title="bbox 2135 1704 3787 1791">
     <span class='ocr_line' id='line_1_31' title="bbox 2135 1704 3787 1791; baseline -0.008 -20"><span class='ocrx_word' id='word_1_171' title='bbox 2135 1717 2581 1791; x_wconf 81' lang='grc' dir='ltr'>ἀναγορευθῆναι,</span> <span class='ocrx_word' id='word_1_172' title='bbox 2639 1711 2849 1787; x_wconf 81' lang='grc' dir='ltr'>σπουδῇ</span> <span class='ocrx_word' id='word_1_173' title='bbox 2910 1711 2966 1767; x_wconf 74' lang='grc' dir='ltr'>δὲ</span> <span class='ocrx_word' id='word_1_174' title='bbox 3021 1715 3118 1766; x_wconf 80' lang='grc' dir='ltr'>τοῦ</span> <span class='ocrx_word' id='word_1_175' title='bbox 3166 1710 3337 1765; x_wconf 77' lang='grc' dir='ltr'>ἑκεῖκε</span> <span class='ocrx_word' id='word_1_176' title='bbox 3363 1704 3787 1782; x_wconf 70' lang='grc' dir='ltr'>ἀρχιερατεῦονο</span> 
     </span>
    </p>
   </div>
   <div class='ocr_carea' id='block_1_32' title="bbox 375 1793 2016 1874">
    <p class='ocr_par' dir='ltr' id='par_1_32' title="bbox 375 1801 2016 1859">
     <span class='ocr_line' id='line_1_32' title="bbox 375 1801 2016 1859; baseline 0.002 -4"><span class='ocrx_word' id='word_1_177' title='bbox 375 1801 533 1855; x_wconf 89' lang='lat' dir='ltr'>bitus</span> <span class='ocrx_word' id='word_1_178' title='bbox 566 1802 695 1856; x_wconf 83' lang='lat' dir='ltr'>fuit.</span> <span class='ocrx_word' id='word_1_179' title='bbox 731 1801 1161 1856; x_wconf 52' lang='lat' dir='ltr'>Thessalonica</span> <span class='ocrx_word' id='word_1_180' title='bbox 1190 1808 1379 1857; x_wconf 89' lang='lat' dir='ltr'>autem</span> <span class='ocrx_word' id='word_1_181' title='bbox 1431 1805 1644 1859; x_wconf 85' lang='lat' dir='ltr'>certior</span> <span class='ocrx_word' id='word_1_182' title='bbox 1692 1806 1879 1859; x_wconf 81' lang='lat' dir='ltr'>factus</span> <span class='ocrx_word' id='word_1_183' title='bbox 1927 1808 2016 1859; x_wconf 89' lang='lat' dir='ltr'>est</span> 
     </span>
    </p>
   </div>
   <div class='ocr_carea' id='block_1_33' title="bbox 2128 1793 3790 1874">
    <p class='ocr_par' dir='ltr' id='par_1_33' title="bbox 2129 1793 3790 1874">
     <span class='ocr_line' id='line_1_33' title="bbox 2129 1793 3790 1874; baseline -0.009 -13"><span class='ocrx_word' id='word_1_184' title='bbox 2129 1827 2221 1867; x_wconf 89' lang='grc' dir='ltr'>τος</span> <span class='ocrx_word' id='word_1_185' title='bbox 2273 1803 2545 1874; x_wconf 77' lang='grc' dir='ltr'>ἐκωλύθη.</span> <span class='ocrx_word' id='word_1_186' title='bbox 2594 1806 2681 1860; x_wconf 88' lang='grc' dir='ltr'>Ἐν</span> <span class='ocrx_word' id='word_1_187' title='bbox 2734 1801 2790 1858; x_wconf 75' lang='grc' dir='ltr'>δὲ</span> <span class='ocrx_word' id='word_1_188' title='bbox 2839 1800 3213 1873; x_wconf 78' lang='grc' dir='ltr'>Θεσσαλονίκῃ</span> <span class='ocrx_word' id='word_1_189' title='bbox 3269 1798 3559 1872; x_wconf 87' lang='grc' dir='ltr'>γενόμενος</span> <span class='ocrx_word' id='word_1_190' title='bbox 3620 1793 3790 1859; x_wconf 84' lang='grc' dir='ltr'>ἐπλη-</span> 
     </span>
    </p>
   </div>
   <div class='ocr_carea' id='block_1_34' title="bbox 373 1890 2020 1965">
    <p class='ocr_par' dir='ltr' id='par_1_34' title="bbox 373 1890 2020 1965">
     <span class='ocr_line' id='line_1_34' title="bbox 373 1890 2020 1965; baseline 0.002 -20"><span class='ocrx_word' id='word_1_191' title='bbox 373 1891 444 1945; x_wconf 90' lang='lat' dir='ltr'>de</span> <span class='ocrx_word' id='word_1_192' title='bbox 493 1891 808 1945; x_wconf 82' lang='lat' dir='ltr'>Botaniatae</span> <span class='ocrx_word' id='word_1_193' title='bbox 858 1890 1271 1959; x_wconf 86' lang='lat' dir='ltr'>declaratione,</span> <span class='ocrx_word' id='word_1_194' title='bbox 1322 1897 1378 1947; x_wconf 92' lang='lat' dir='ltr'>et</span> <span class='ocrx_word' id='word_1_195' title='bbox 1423 1891 1647 1949; x_wconf 81' lang='lat' dir='ltr'>litteras</span> <span class='ocrx_word' id='word_1_196' title='bbox 1678 1894 1915 1965; x_wconf 85' lang='lat' dir='ltr'>quidem</span> <span class='ocrx_word' id='word_1_197' title='bbox 1947 1895 2020 1949; x_wconf 90' lang='lat' dir='ltr'>ad</span> 
     </span>
    </p>
   </div>
   <div class='ocr_carea' id='block_1_35' title="bbox 374 1979 2016 2052">
    <p class='ocr_par' dir='ltr' id='par_1_35' title="bbox 374 1979 2016 2052">
     <span class='ocr_line' id='line_1_35' title="bbox 374 1979 2016 2052; baseline 0.004 -18"><span class='ocrx_word' id='word_1_198' title='bbox 374 1980 571 2052; x_wconf 90' lang='lat' dir='ltr'>ipsum</span> <span class='ocrx_word' id='word_1_199' title='bbox 603 1980 787 2047; x_wconf 85' lang='lat' dir='ltr'>misit,</span> <span class='ocrx_word' id='word_1_200' title='bbox 822 1979 1038 2051; x_wconf 88' lang='lat' dir='ltr'>quibus</span> <span class='ocrx_word' id='word_1_201' title='bbox 1069 1997 1129 2035; x_wconf 89' lang='lat' dir='ltr'>se</span> <span class='ocrx_word' id='word_1_202' title='bbox 1179 1982 1229 2035; x_wconf 91' lang='lat' dir='ltr'>ei</span> <span class='ocrx_word' id='word_1_203' title='bbox 1281 1982 1608 2052; x_wconf 85' lang='lat' dir='ltr'>subjectum</span> <span class='ocrx_word' id='word_1_204' title='bbox 1659 1983 2016 2041; x_wconf 89' lang='lat' dir='ltr'>declarabat.</span> 
     </span>
    </p>
   </div>
   <div class='ocr_carea' id='block_1_36' title="bbox 372 2068 2015 2143">
    <p class='ocr_par' dir='ltr' id='par_1_36' title="bbox 372 2068 2015 2143">
     <span class='ocr_line' id='line_1_36' title="bbox 372 2068 2015 2143; baseline 0.004 -21"><span class='ocrx_word' id='word_1_205' title='bbox 372 2070 587 2125; x_wconf 90' lang='lat' dir='ltr'>Verum</span> <span class='ocrx_word' id='word_1_206' title='bbox 621 2068 772 2124; x_wconf 87' lang='lat' dir='ltr'>clam</span> <span class='ocrx_word' id='word_1_207' title='bbox 806 2076 1007 2124; x_wconf 90' lang='lat' dir='ltr'>contra</span> <span class='ocrx_word' id='word_1_208' title='bbox 1038 2086 1172 2125; x_wconf 92' lang='lat' dir='ltr'>eum</span> <span class='ocrx_word' id='word_1_209' title='bbox 1206 2071 1401 2127; x_wconf 87' lang='lat' dir='ltr'>nescio</span> <span class='ocrx_word' id='word_1_210' title='bbox 1452 2072 1592 2143; x_wconf 89' lang='lat' dir='ltr'>quid</span> <span class='ocrx_word' id='word_1_211' title='bbox 1642 2072 2015 2141; x_wconf 86' lang='lat' dir='ltr'>moliebatur,</span> 
     </span>
    </p>
   </div>
   <div class='ocr_carea' id='block_1_37' title="bbox 371 2158 2022 2234">
    <p class='ocr_par' dir='ltr' id='par_1_37' title="bbox 371 2158 2022 2234">
     <span class='ocr_line' id='line_1_37' title="bbox 371 2158 2022 2234; baseline 0.002 -21"><span class='ocrx_word' id='word_1_212' title='bbox 371 2158 638 2227; x_wconf 87' lang='lat' dir='ltr'>adjutore</span> <span class='ocrx_word' id='word_1_213' title='bbox 656 2158 766 2212; x_wconf 93' lang='lat' dir='ltr'>sibi</span> <span class='ocrx_word' id='word_1_214' title='bbox 804 2159 873 2213; x_wconf 87' lang='lat' dir='ltr'>ad</span> <span class='ocrx_word' id='word_1_215' title='bbox 900 2159 1010 2213; x_wconf 87' lang='lat' dir='ltr'>hoc</span> <span class='ocrx_word' id='word_1_216' title='bbox 1030 2159 1213 2214; x_wconf 90' lang='lat' dir='ltr'>ascito</span> <span class='ocrx_word' id='word_1_217' title='bbox 1249 2161 1504 2231; x_wconf 90' lang='lat' dir='ltr'>quodam</span> <span class='ocrx_word' id='word_1_218' title='bbox 1532 2163 1769 2216; x_wconf 89' lang='lat' dir='ltr'>nomine</span> <span class='ocrx_word' id='word_1_219' title='bbox 1798 2162 2022 2234; x_wconf 86' lang='lat' dir='ltr'>Gymno</span> 
     </span>
    </p>
   </div>
   <div class='ocr_carea' id='block_1_38' title="bbox 369 2246 2019 2321">
    <p class='ocr_par' dir='ltr' id='par_1_38' title="bbox 369 2246 2019 2321">
     <span class='ocr_line' id='line_1_38' title="bbox 369 2246 2019 2321; baseline 0.003 -20"><span class='ocrx_word' id='word_1_220' title='bbox 369 2250 426 2302; x_wconf 92' lang='lat' dir='ltr'>et</span> <span class='ocrx_word' id='word_1_221' title='bbox 454 2247 729 2319; x_wconf 79' lang='lat' dir='ltr'>Gregorio</span> <span class='ocrx_word' id='word_1_222' title='bbox 762 2246 1080 2302; x_wconf 87' lang='lat' dir='ltr'>Mesemero</span> <span class='ocrx_word' id='word_1_223' title='bbox 1126 2253 1182 2303; x_wconf 91' lang='lat' dir='ltr'>et</span> <span class='ocrx_word' id='word_1_224' title='bbox 1228 2248 1876 2321; x_wconf 83' lang='lat' dir='ltr'>Tessaracontapecby;</span> <span class='ocrx_word' id='word_1_225' title='bbox 1928 2267 2019 2306; x_wconf 79' lang='lat' dir='ltr'>ac-</span> 
     </span>
    </p>
   </div>
   <div class='ocr_carea' id='block_1_39' title="bbox 370 2334 2026 2409">
    <p class='ocr_par' dir='ltr' id='par_1_39' title="bbox 370 2334 2026 2409">
     <span class='ocr_line' id='line_1_39' title="bbox 370 2334 2026 2409; baseline 0.002 -18"><span class='ocrx_word' id='word_1_226' title='bbox 370 2335 605 2391; x_wconf 86' lang='lat' dir='ltr'>cersivit</span> <span class='ocrx_word' id='word_1_227' title='bbox 636 2336 773 2389; x_wconf 89' lang='lat' dir='ltr'>item</span> <span class='ocrx_word' id='word_1_228' title='bbox 807 2334 917 2390; x_wconf 84' lang='lat' dir='ltr'>sibi</span> <span class='ocrx_word' id='word_1_229' title='bbox 942 2336 1281 2393; x_wconf 79' lang='lat' dir='ltr'>Patzinacas</span> <span class='ocrx_word' id='word_1_230' title='bbox 1314 2336 1370 2391; x_wconf 89' lang='lat' dir='ltr'>in</span> <span class='ocrx_word' id='word_1_231' title='bbox 1403 2337 2026 2409; x_wconf 84' lang='lat' dir='ltr'>societatem.lmpera-</span> 
     </span>
    </p>
   </div>
   <div class='ocr_carea' id='block_1_40' title="bbox 371 2424 2022 2501">
    <p class='ocr_par' dir='ltr' id='par_1_40' title="bbox 371 2424 2022 2501">
     <span class='ocr_line' id='line_1_40' title="bbox 371 2424 2022 2501; baseline 0.003 -23"><span class='ocrx_word' id='word_1_232' title='bbox 371 2430 464 2479; x_wconf 89' lang='lat' dir='ltr'>tor</span> <span class='ocrx_word' id='word_1_233' title='bbox 488 2441 620 2479; x_wconf 89' lang='lat' dir='ltr'>vero</span> <span class='ocrx_word' id='word_1_234' title='bbox 653 2424 752 2479; x_wconf 91' lang='lat' dir='ltr'>ubi</span> <span class='ocrx_word' id='word_1_235' title='bbox 784 2426 913 2495; x_wconf 84' lang='lat' dir='ltr'>ejus</span> <span class='ocrx_word' id='word_1_236' title='bbox 943 2425 1256 2480; x_wconf 87' lang='lat' dir='ltr'>consilium</span> <span class='ocrx_word' id='word_1_237' title='bbox 1290 2427 1560 2498; x_wconf 85' lang='lat' dir='ltr'>cognovit</span> <span class='ocrx_word' id='word_1_238' title='bbox 1584 2434 1640 2482; x_wconf 91' lang='lat' dir='ltr'>et</span> <span class='ocrx_word' id='word_1_239' title='bbox 1662 2428 2022 2501; x_wconf 79' lang='lat' dir='ltr'>institutum,</span> 
     </span>
    </p>
   </div>
   <div class='ocr_carea' id='block_1_41' title="bbox 375 2516 2022 2591">
    <p class='ocr_par' dir='ltr' id='par_1_41' title="bbox 375 2516 2022 2591">
     <span class='ocr_line' id='line_1_41' title="bbox 375 2516 2022 2591; baseline 0.001 -18"><span class='ocrx_word' id='word_1_240' title='bbox 375 2516 594 2587; x_wconf 89' lang='lat' dir='ltr'>scripto</span> <span class='ocrx_word' id='word_1_241' title='bbox 626 2532 806 2571; x_wconf 89' lang='lat' dir='ltr'>aureo</span> <span class='ocrx_word' id='word_1_242' title='bbox 840 2516 1300 2587; x_wconf 89' lang='lat' dir='ltr'>diplomate,quo</span> <span class='ocrx_word' id='word_1_243' title='bbox 1329 2518 1524 2587; x_wconf 88' lang='lat' dir='ltr'>ipsum</span> <span class='ocrx_word' id='word_1_244' title='bbox 1549 2522 1620 2574; x_wconf 89' lang='lat' dir='ltr'>ab</span> <span class='ocrx_word' id='word_1_245' title='bbox 1655 2520 1761 2574; x_wconf 91' lang='lat' dir='ltr'>hoc</span> <span class='ocrx_word' id='word_1_246' title='bbox 1793 2520 2022 2591; x_wconf 83' lang='lat' dir='ltr'>incepto</span> 
     </span>
    </p>
   </div>
   <div class='ocr_carea' id='block_1_42' title="bbox 376 2606 2023 2679">
    <p class='ocr_par' dir='ltr' id='par_1_42' title="bbox 376 2606 2023 2679">
     <span class='ocr_line' id='line_1_42' title="bbox 376 2606 2023 2679; baseline 0.001 -18"><span class='ocrx_word' id='word_1_247' title='bbox 376 2610 685 2673; x_wconf 88' lang='lat' dir='ltr'>averteret,</span> <span class='ocrx_word' id='word_1_248' title='bbox 720 2606 1035 2675; x_wconf 90' lang='lat' dir='ltr'>quemdam</span> <span class='ocrx_word' id='word_1_249' title='bbox 1071 2623 1139 2660; x_wconf 87' lang='lat' dir='ltr'>ex</span> <span class='ocrx_word' id='word_1_250' title='bbox 1170 2606 1558 2663; x_wconf 74' lang='lat' dir='ltr'>familiaribus</span> <span class='ocrx_word' id='word_1_251' title='bbox 1591 2609 1659 2662; x_wconf 90' lang='lat' dir='ltr'>ad</span> <span class='ocrx_word' id='word_1_252' title='bbox 1690 2609 1888 2679; x_wconf 88' lang='lat' dir='ltr'>ipsum</span> <span class='ocrx_word' id='word_1_253' title='bbox 1914 2609 2023 2663; x_wconf 91' lang='lat' dir='ltr'>mi-</span> 
     </span>
    </p>
   </div>
   <div class='ocr_carea' id='block_1_43' title="bbox 378 2694 2022 2769">
    <p class='ocr_par' dir='ltr' id='par_1_43' title="bbox 378 2694 2022 2769">
     <span class='ocr_line' id='line_1_43' title="bbox 378 2694 2022 2769; baseline 0.001 -17"><span class='ocrx_word' id='word_1_254' title='bbox 378 2698 475 2763; x_wconf 84' lang='lat' dir='ltr'>sit,</span> <span class='ocrx_word' id='word_1_255' title='bbox 510 2697 609 2766; x_wconf 90' lang='lat' dir='ltr'>qui</span> <span class='ocrx_word' id='word_1_256' title='bbox 642 2694 803 2750; x_wconf 90' lang='lat' dir='ltr'>omni</span> <span class='ocrx_word' id='word_1_257' title='bbox 828 2712 963 2750; x_wconf 84' lang='lat' dir='ltr'>eum</span> <span class='ocrx_word' id='word_1_258' title='bbox 997 2702 1155 2751; x_wconf 88' lang='lat' dir='ltr'>metu</span> <span class='ocrx_word' id='word_1_259' title='bbox 1190 2696 1445 2752; x_wconf 88' lang='lat' dir='ltr'>liberans</span> <span class='ocrx_word' id='word_1_260' title='bbox 1478 2697 1829 2755; x_wconf 86' lang='lat' dir='ltr'>nobilissimi</span> <span class='ocrx_word' id='word_1_261' title='bbox 1878 2716 2022 2769; x_wconf 85' lang='lat' dir='ltr'>quo-</span> 
     </span>
    </p>
   </div>
   <div class='ocr_carea' id='block_1_44' title="bbox 380 2785 2023 2856">
    <p class='ocr_par' dir='ltr' id='par_1_44' title="bbox 380 2785 2023 2856">
     <span class='ocr_line' id='line_1_44' title="bbox 380 2785 2023 2856; baseline 0.002 -17"><span class='ocrx_word' id='word_1_262' title='bbox 380 2802 494 2856; x_wconf 90' lang='lat' dir='ltr'>que</span> <span class='ocrx_word' id='word_1_263' title='bbox 525 2785 871 2855; x_wconf 87' lang='lat' dir='ltr'>dignitatem</span> <span class='ocrx_word' id='word_1_264' title='bbox 901 2785 1292 2855; x_wconf 88' lang='lat' dir='ltr'>polliceretur.</span> <span class='ocrx_word' id='word_1_265' title='bbox 1344 2786 1443 2841; x_wconf 89' lang='lat' dir='ltr'>Ille</span> <span class='ocrx_word' id='word_1_266' title='bbox 1492 2792 1687 2842; x_wconf 88' lang='lat' dir='ltr'>autem</span> <span class='ocrx_word' id='word_1_267' title='bbox 1742 2789 2023 2844; x_wconf 82' lang='lat' dir='ltr'>beneﬁcia</span> 
     </span>
    </p>
   </div>
   <div class='ocr_carea' id='block_1_45' title="bbox 376 2874 2021 2950">
    <p class='ocr_par' dir='ltr' id='par_1_45' title="bbox 376 2874 2021 2950">
     <span class='ocr_line' id='line_1_45' title="bbox 376 2874 2021 2950; baseline 0.003 -20"><span class='ocrx_word' id='word_1_268' title='bbox 376 2892 503 2947; x_wconf 68' lang='lat' dir='ltr'>quae</span> <span class='ocrx_word' id='word_1_269' title='bbox 534 2874 646 2929; x_wconf 88' lang='lat' dir='ltr'>sibi</span> <span class='ocrx_word' id='word_1_270' title='bbox 682 2875 738 2928; x_wconf 88' lang='lat' dir='ltr'>in</span> <span class='ocrx_word' id='word_1_271' title='bbox 774 2879 1043 2945; x_wconf 91' lang='lat' dir='ltr'>prompto</span> <span class='ocrx_word' id='word_1_272' title='bbox 1071 2881 1237 2930; x_wconf 86' lang='lat' dir='ltr'>erant</span> <span class='ocrx_word' id='word_1_273' title='bbox 1267 2884 1642 2947; x_wconf 84' lang='lat' dir='ltr'>aspernatus,</span> <span class='ocrx_word' id='word_1_274' title='bbox 1675 2884 1877 2950; x_wconf 88' lang='lat' dir='ltr'>postea</span> <span class='ocrx_word' id='word_1_275' title='bbox 1921 2883 2021 2935; x_wconf 81' lang='lat' dir='ltr'>de-</span> 
     </span>
    </p>
   </div>
   <div class='ocr_carea' id='block_1_46' title="bbox 372 2964 2020 3036">
    <p class='ocr_par' dir='ltr' id='par_1_46' title="bbox 372 2964 2020 3036">
     <span class='ocr_line' id='line_1_46' title="bbox 372 2964 2020 3036; baseline 0.003 -17"><span class='ocrx_word' id='word_1_276' title='bbox 372 2964 531 3020; x_wconf 87' lang='lat' dir='ltr'>ﬂevit</span> <span class='ocrx_word' id='word_1_277' title='bbox 561 2965 886 3019; x_wconf 89' lang='lat' dir='ltr'>incassum.</span> <span class='ocrx_word' id='word_1_278' title='bbox 921 2968 986 3018; x_wconf 91' lang='lat' dir='ltr'>Et</span> <span class='ocrx_word' id='word_1_279' title='bbox 1017 2966 1297 3020; x_wconf 78' lang='lat' dir='ltr'>adversus</span> <span class='ocrx_word' id='word_1_280' title='bbox 1328 2966 1517 3036; x_wconf 88' lang='lat' dir='ltr'>ipsum</span> <span class='ocrx_word' id='word_1_281' title='bbox 1554 2967 1803 3022; x_wconf 89' lang='lat' dir='ltr'>mittitur</span> <span class='ocrx_word' id='word_1_282' title='bbox 1854 2970 2020 3024; x_wconf 89' lang='lat' dir='ltr'>nobi-</span> 
     </span>
    </p>
   </div>
   <div class='ocr_carea' id='block_1_47' title="bbox 371 3051 2023 3120">
    <p class='ocr_par' dir='ltr' id='par_1_47' title="bbox 371 3051 2023 3120">
     <span class='ocr_line' id='line_1_47' title="bbox 371 3051 2023 3120; baseline 0.004 -13"><span class='ocrx_word' id='word_1_283' title='bbox 371 3052 641 3107; x_wconf 89' lang='lat' dir='ltr'>lissimus</span> <span class='ocrx_word' id='word_1_284' title='bbox 670 3051 927 3120; x_wconf 88' lang='lat' dir='ltr'>Alexius,</span> <span class='ocrx_word' id='word_1_285' title='bbox 961 3069 1025 3108; x_wconf 92' lang='lat' dir='ltr'>eo</span> <span class='ocrx_word' id='word_1_286' title='bbox 1058 3052 1276 3109; x_wconf 92' lang='lat' dir='ltr'>honore</span> <span class='ocrx_word' id='word_1_287' title='bbox 1311 3056 1460 3109; x_wconf 77' lang='lat'>740</span> <span class='ocrx_word' id='word_1_288' title='bbox 1491 3056 1732 3113; x_wconf 65' lang='lat' dir='ltr'>affectus</span> <span class='ocrx_word' id='word_1_289' title='bbox 1762 3063 1828 3112; x_wconf 88' lang='lat' dir='ltr'>ut</span> <span class='ocrx_word' id='word_1_290' title='bbox 1868 3062 2023 3114; x_wconf 87' lang='lat' dir='ltr'>esset</span> 
     </span>
    </p>
   </div>
   <div class='ocr_carea' id='block_1_48' title="bbox 372 3143 2090 3246">
    <p class='ocr_par' dir='ltr' id='par_1_48' title="bbox 372 3143 2090 3246">
     <span class='ocr_line' id='line_1_48' title="bbox 372 3143 2090 3246; baseline 0.005 -50"><span class='ocrx_word' id='word_1_291' title='bbox 372 3147 694 3214; x_wconf 79' lang='lat' dir='ltr'>Augustus,</span> <span class='ocrx_word' id='word_1_292' title='bbox 727 3159 860 3196; x_wconf 85' lang='lat' dir='ltr'>cum</span> <span class='ocrx_word' id='word_1_293' title='bbox 892 3143 1101 3197; x_wconf 90' lang='lat' dir='ltr'>idoneo</span> <span class='ocrx_word' id='word_1_294' title='bbox 1132 3144 1405 3199; x_wconf 88' lang='lat' dir='ltr'>exercitu.</span> <span class='ocrx_word' id='word_1_295' title='bbox 1440 3149 1578 3200; x_wconf 88' lang='lat' dir='ltr'>Cum</span> <span class='ocrx_word' id='word_1_296' title='bbox 1614 3146 1796 3216; x_wconf 79' lang='lat' dir='ltr'>igitur</span> <span class='ocrx_word' id='word_1_297' title='bbox 1825 3148 2019 3219; x_wconf 69' lang='lat' dir='ltr'>praasi-</span> <span class='ocrx_word' id='word_1_298' title='bbox 2049 3180 2090 3246; x_wconf 62' lang='grc' dir='ltr'>Ε</span> 
     </span>
    </p>
   </div>
   <div class='ocr_carea' id='block_1_49' title="bbox 372 3233 2020 3309">
    <p class='ocr_par' dir='ltr' id='par_1_49' title="bbox 372 3233 2020 3309">
     <span class='ocr_line' id='line_1_49' title="bbox 372 3233 2020 3309; baseline 0.005 -21"><span class='ocrx_word' id='word_1_299' title='bbox 372 3233 534 3289; x_wconf 89' lang='lat' dir='ltr'>dium</span> <span class='ocrx_word' id='word_1_300' title='bbox 588 3233 854 3288; x_wconf 87' lang='lat' dir='ltr'>Basilacii</span> <span class='ocrx_word' id='word_1_301' title='bbox 902 3250 1032 3290; x_wconf 90' lang='lat' dir='ltr'>esse</span> <span class='ocrx_word' id='word_1_302' title='bbox 1084 3235 1420 3291; x_wconf 90' lang='lat' dir='ltr'>Peritheorii</span> <span class='ocrx_word' id='word_1_303' title='bbox 1475 3239 1874 3309; x_wconf 85' lang='lat' dir='ltr'>comperisset,</span> <span class='ocrx_word' id='word_1_304' title='bbox 1925 3241 2020 3296; x_wconf 90' lang='lat' dir='ltr'>cui</span> 
     </span>
    </p>
   </div>
   <div class='ocr_carea' id='block_1_50' title="bbox 374 3321 2015 3397">
    <p class='ocr_par' dir='ltr' id='par_1_50' title="bbox 374 3321 2015 3397">
     <span class='ocr_line' id='line_1_50' title="bbox 374 3321 2015 3397; baseline 0.004 -20"><span class='ocrx_word' id='word_1_305' title='bbox 374 3321 682 3397; x_wconf 67' lang='lat' dir='ltr'>prazfectus</span> <span class='ocrx_word' id='word_1_306' title='bbox 712 3327 837 3377; x_wconf 90' lang='lat' dir='ltr'>erat</span> <span class='ocrx_word' id='word_1_307' title='bbox 864 3323 1148 3391; x_wconf 86' lang='lat' dir='ltr'>Gymnus,</span> <span class='ocrx_word' id='word_1_308' title='bbox 1184 3323 1381 3394; x_wconf 75' lang='lat' dir='ltr'>przslio</span> <span class='ocrx_word' id='word_1_309' title='bbox 1413 3325 1469 3379; x_wconf 90' lang='lat' dir='ltr'>id</span> <span class='ocrx_word' id='word_1_310' title='bbox 1501 3325 1614 3396; x_wconf 91' lang='lat' dir='ltr'>ipsi</span> <span class='ocrx_word' id='word_1_311' title='bbox 1646 3328 2015 3397; x_wconf 85' lang='lat' dir='ltr'>eripuit,tra-</span> 
     </span>
    </p>
   </div>
   <div class='ocr_carea' id='block_1_51' title="bbox 369 3411 2019 3481">
    <p class='ocr_par' dir='ltr' id='par_1_51' title="bbox 369 3411 2019 3481">
     <span class='ocr_line' id='line_1_51' title="bbox 369 3411 2019 3481; baseline 0.004 -16"><span class='ocrx_word' id='word_1_312' title='bbox 369 3411 702 3481; x_wconf 83' lang='lat' dir='ltr'>jiciensque</span> <span class='ocrx_word' id='word_1_313' title='bbox 734 3412 1051 3466; x_wconf 85' lang='lat' dir='ltr'>exercitum</span> <span class='ocrx_word' id='word_1_314' title='bbox 1082 3412 1563 3469; x_wconf 85' lang='lat' dir='ltr'>Thessalonicam</span> <span class='ocrx_word' id='word_1_315' title='bbox 1598 3415 1862 3471; x_wconf 92' lang='lat' dir='ltr'>omnium</span> <span class='ocrx_word' id='word_1_316' title='bbox 1900 3434 2019 3473; x_wconf 87' lang='lat' dir='ltr'>ma-</span> 
     </span>
    </p>
   </div>
   <div class='ocr_carea' id='block_1_52' title="bbox 374 3500 2020 3573">
    <p class='ocr_par' dir='ltr' id='par_1_52' title="bbox 374 3500 2020 3573">
     <span class='ocr_line' id='line_1_52' title="bbox 374 3500 2020 3573; baseline 0.003 -17"><span class='ocrx_word' id='word_1_317' title='bbox 374 3501 567 3556; x_wconf 90' lang='lat' dir='ltr'>lorum</span> <span class='ocrx_word' id='word_1_318' title='bbox 601 3517 804 3572; x_wconf 85' lang='lat' dir='ltr'>expers</span> <span class='ocrx_word' id='word_1_319' title='bbox 832 3500 912 3555; x_wconf 88' lang='lat' dir='ltr'>ibi</span> <span class='ocrx_word' id='word_1_320' title='bbox 947 3518 1009 3555; x_wconf 91' lang='lat' dir='ltr'>se</span> <span class='ocrx_word' id='word_1_321' title='bbox 1041 3501 1279 3572; x_wconf 90' lang='lat' dir='ltr'>recepit,</span> <span class='ocrx_word' id='word_1_322' title='bbox 1312 3507 1368 3557; x_wconf 87' lang='lat' dir='ltr'>et</span> <span class='ocrx_word' id='word_1_323' title='bbox 1417 3520 1483 3557; x_wconf 87' lang='lat' dir='ltr'>ex</span> <span class='ocrx_word' id='word_1_324' title='bbox 1531 3505 1784 3573; x_wconf 89' lang='lat' dir='ltr'>quodam</span> <span class='ocrx_word' id='word_1_325' title='bbox 1836 3505 2020 3561; x_wconf 88' lang='lat' dir='ltr'>inter-</span> 
     </span>
    </p>
   </div>
   <div class='ocr_carea' id='block_1_53' title="bbox 374 3589 2016 3649">
    <p class='ocr_par' dir='ltr' id='par_1_53' title="bbox 374 3589 2016 3649">
     <span class='ocr_line' id='line_1_53' title="bbox 374 3589 2016 3649; baseline 0.004 -7"><span class='ocrx_word' id='word_1_326' title='bbox 374 3590 527 3645; x_wconf 84' lang='lat' dir='ltr'>vallo</span> <span class='ocrx_word' id='word_1_327' title='bbox 554 3594 889 3645; x_wconf 89' lang='lat' dir='ltr'>constructo</span> <span class='ocrx_word' id='word_1_328' title='bbox 921 3589 1073 3644; x_wconf 87' lang='lat' dir='ltr'>vallo</span> <span class='ocrx_word' id='word_1_329' title='bbox 1104 3594 1266 3645; x_wconf 91' lang='lat' dir='ltr'>trans</span> <span class='ocrx_word' id='word_1_330' title='bbox 1300 3592 1538 3645; x_wconf 83' lang='lat' dir='ltr'>fluvium</span> <span class='ocrx_word' id='word_1_331' title='bbox 1589 3594 1825 3648; x_wconf 88' lang='lat' dir='ltr'>nomine</span> <span class='ocrx_word' id='word_1_332' title='bbox 1876 3595 2016 3649; x_wconf 88' lang='lat' dir='ltr'>Bar-</span> 
     </span>
    </p>
   </div>
   <div class='ocr_carea' id='block_1_54' title="bbox 372 3676 2018 3746">
    <p class='ocr_par' dir='ltr' id='par_1_54' title="bbox 372 3676 2018 3746">
     <span class='ocr_line' id='line_1_54' title="bbox 372 3676 2018 3746; baseline 0.004 -15"><span class='ocrx_word' id='word_1_333' title='bbox 372 3678 602 3732; x_wconf 91' lang='lat' dir='ltr'>darium</span> <span class='ocrx_word' id='word_1_334' title='bbox 638 3677 716 3731; x_wconf 91' lang='lat' dir='ltr'>ibi</span> <span class='ocrx_word' id='word_1_335' title='bbox 752 3676 1067 3731; x_wconf 87' lang='lat' dir='ltr'>exercitum</span> <span class='ocrx_word' id='word_1_336' title='bbox 1103 3682 1159 3731; x_wconf 90' lang='lat' dir='ltr'>et</span> <span class='ocrx_word' id='word_1_337' title='bbox 1188 3685 1379 3733; x_wconf 88' lang='lat' dir='ltr'>castra</span> <span class='ocrx_word' id='word_1_338' title='bbox 1424 3678 1614 3734; x_wconf 86' lang='lat' dir='ltr'>locare</span> <span class='ocrx_word' id='word_1_339' title='bbox 1665 3681 2018 3746; x_wconf 80' lang='lat' dir='ltr'>decreverat,</span> 
     </span>
    </p>
   </div>
   <div class='ocr_carea' id='block_1_55' title="bbox 367 3762 2019 3839">
    <p class='ocr_par' dir='ltr' id='par_1_55' title="bbox 367 3762 2019 3839">
     <span class='ocr_line' id='line_1_55' title="bbox 367 3762 2019 3839; baseline 0.005 -21"><span class='ocrx_word' id='word_1_340' title='bbox 367 3766 475 3818; x_wconf 82' lang='lat' dir='ltr'>b‘ed</span> <span class='ocrx_word' id='word_1_341' title='bbox 550 3762 874 3818; x_wconf 85' lang='lat' dir='ltr'>Basilacius</span> <span class='ocrx_word' id='word_1_342' title='bbox 927 3764 1226 3819; x_wconf 83' lang='lat' dir='ltr'>victoriam</span> <span class='ocrx_word' id='word_1_343' title='bbox 1283 3767 1590 3837; x_wconf 64' lang='lat' dir='ltr'>praeripere</span> <span class='ocrx_word' id='word_1_344' title='bbox 1641 3768 2019 3839; x_wconf 86' lang='lat' dir='ltr'>contendens,</span> 
     </span>
    </p>
   </div>
   <div class='ocr_carea' id='block_1_56' title="bbox 364 3854 2021 3925">
    <p class='ocr_par' dir='ltr' id='par_1_56' title="bbox 364 3854 2021 3925">
     <span class='ocr_line' id='line_1_56' title="bbox 364 3854 2021 3925; baseline 0.004 -16"><span class='ocrx_word' id='word_1_345' title='bbox 364 3854 639 3925; x_wconf 89' lang='lat' dir='ltr'>cogitavit</span> <span class='ocrx_word' id='word_1_346' title='bbox 672 3859 841 3907; x_wconf 90' lang='lat' dir='ltr'>noctu</span> <span class='ocrx_word' id='word_1_347' title='bbox 879 3871 979 3924; x_wconf 88' lang='lat' dir='ltr'>per</span> <span class='ocrx_word' id='word_1_348' title='bbox 1010 3854 1255 3909; x_wconf 87' lang='lat' dir='ltr'>insidias</span> <span class='ocrx_word' id='word_1_349' title='bbox 1290 3856 1346 3910; x_wconf 91' lang='lat' dir='ltr'>in</span> <span class='ocrx_word' id='word_1_350' title='bbox 1400 3857 1593 3924; x_wconf 87' lang='lat' dir='ltr'>ipsum</span> <span class='ocrx_word' id='word_1_351' title='bbox 1642 3857 1913 3915; x_wconf 89' lang='lat' dir='ltr'>invadere</span> <span class='ocrx_word' id='word_1_352' title='bbox 1963 3866 2021 3916; x_wconf 90' lang='lat' dir='ltr'>et</span> 
     </span>
    </p>
   </div>
   <div class='ocr_carea' id='block_1_57' title="bbox 361 3942 2017 4015">
    <p class='ocr_par' dir='ltr' id='par_1_57' title="bbox 361 3942 2017 4015">
     <span class='ocr_line' id='line_1_57' title="bbox 361 3942 2017 4015; baseline 0.004 -18"><span class='ocrx_word' id='word_1_353' title='bbox 361 3942 414 3997; x_wconf 90' lang='lat' dir='ltr'>vi</span> <span class='ocrx_word' id='word_1_354' title='bbox 448 3947 686 4013; x_wconf 79' lang='lat' dir='ltr'>captum</span> <span class='ocrx_word' id='word_1_355' title='bbox 719 3958 852 3996; x_wconf 93' lang='lat' dir='ltr'>cum</span> <span class='ocrx_word' id='word_1_356' title='bbox 886 3942 1043 3996; x_wconf 90' lang='lat' dir='ltr'>omni</span> <span class='ocrx_word' id='word_1_357' title='bbox 1079 3944 1341 3998; x_wconf 85' lang='lat' dir='ltr'>exercitu</span> <span class='ocrx_word' id='word_1_358' title='bbox 1384 3946 1623 4012; x_wconf 79' lang='lat' dir='ltr'>perdere</span> <span class='ocrx_word' id='word_1_359' title='bbox 1670 3951 1844 4015; x_wconf 88' lang='lat' dir='ltr'>atque</span> <span class='ocrx_word' id='word_1_360' title='bbox 1893 3964 2017 4003; x_wconf 82' lang='lat' dir='ltr'>om-</span> 
     </span>
    </p>
   </div>
   <div class='ocr_carea' id='block_1_58' title="bbox 365 4030 2015 4091">
    <p class='ocr_par' dir='ltr' id='par_1_58' title="bbox 365 4030 2015 4091">
     <span class='ocr_line' id='line_1_58' title="bbox 365 4030 2015 4091; baseline 0.003 -5"><span class='ocrx_word' id='word_1_361' title='bbox 365 4031 503 4087; x_wconf 90' lang='lat' dir='ltr'>nino</span> <span class='ocrx_word' id='word_1_362' title='bbox 554 4030 768 4086; x_wconf 88' lang='lat' dir='ltr'>delere.</span> <span class='ocrx_word' id='word_1_363' title='bbox 827 4034 1042 4085; x_wconf 85' lang='lat' dir='ltr'>Verum</span> <span class='ocrx_word' id='word_1_364' title='bbox 1094 4048 1227 4086; x_wconf 90' lang='lat' dir='ltr'>cum</span> <span class='ocrx_word' id='word_1_365' title='bbox 1265 4032 1510 4088; x_wconf 88' lang='lat' dir='ltr'>insidias</span> <span class='ocrx_word' id='word_1_366' title='bbox 1538 4034 1831 4090; x_wconf 85' lang='lat' dir='ltr'>Gemistus</span> <span class='ocrx_word' id='word_1_367' title='bbox 1863 4036 2015 4091; x_wconf 88' lang='lat' dir='ltr'>indi—</span> 
     </span>
    </p>
   </div>
   <div class='ocr_carea' id='block_1_59' title="bbox 366 4120 2014 4195">
    <p class='ocr_par' dir='ltr' id='par_1_59' title="bbox 366 4120 2014 4195">
     <span class='ocr_line' id='line_1_59' title="bbox 366 4120 2014 4195; baseline 0.004 -20"><span class='ocrx_word' id='word_1_368' title='bbox 366 4125 557 4176; x_wconf 85' lang='lat' dir='ltr'>casset</span> <span class='ocrx_word' id='word_1_369' title='bbox 585 4123 976 4189; x_wconf 84' lang='lat' dir='ltr'>Augusto,eas</span> <span class='ocrx_word' id='word_1_370' title='bbox 1008 4120 1243 4175; x_wconf 82' lang='lat' dir='ltr'>evitavit</span> <span class='ocrx_word' id='word_1_371' title='bbox 1273 4125 1397 4176; x_wconf 89' lang='lat' dir='ltr'>tum</span> <span class='ocrx_word' id='word_1_372' title='bbox 1436 4122 1561 4192; x_wconf 90' lang='lat' dir='ltr'>ipse</span> <span class='ocrx_word' id='word_1_373' title='bbox 1593 4127 1715 4178; x_wconf 92' lang='lat' dir='ltr'>tum</span> <span class='ocrx_word' id='word_1_374' title='bbox 1750 4124 1851 4195; x_wconf 87' lang='lat' dir='ltr'>qui</span> <span class='ocrx_word' id='word_1_375' title='bbox 1878 4142 2014 4182; x_wconf 89' lang='lat' dir='ltr'>cum</span> 
     </span>
    </p>
   </div>
   <div class='ocr_carea' id='block_1_60' title="bbox 365 4208 2015 4282">
    <p class='ocr_par' dir='ltr' id='par_1_60' title="bbox 365 4208 2015 4282">
     <span class='ocr_line' id='line_1_60' title="bbox 365 4208 2015 4282; baseline 0.003 -18"><span class='ocrx_word' id='word_1_376' title='bbox 365 4226 432 4264; x_wconf 92' lang='lat' dir='ltr'>eo</span> <span class='ocrx_word' id='word_1_377' title='bbox 464 4210 958 4265; x_wconf 77' lang='lat' dir='ltr'>erant.Profectus</span> <span class='ocrx_word' id='word_1_378' title='bbox 990 4208 1171 4279; x_wconf 85' lang='lat' dir='ltr'>igitur</span> <span class='ocrx_word' id='word_1_379' title='bbox 1201 4210 1522 4267; x_wconf 89' lang='lat' dir='ltr'>Basilacius</span> <span class='ocrx_word' id='word_1_380' title='bbox 1554 4229 1655 4282; x_wconf 90' lang='lat' dir='ltr'>per</span> <span class='ocrx_word' id='word_1_381' title='bbox 1677 4218 1857 4268; x_wconf 88' lang='lat' dir='ltr'>totam</span> <span class='ocrx_word' id='word_1_382' title='bbox 1885 4231 2015 4269; x_wconf 90' lang='lat' dir='ltr'>noc-</span> 
     </span>
    </p>
   </div>
   <div class='ocr_carea' id='block_1_61' title="bbox 366 4297 2015 4369">
    <p class='ocr_par' dir='ltr' id='par_1_61' title="bbox 366 4297 2015 4369">
     <span class='ocr_line' id='line_1_61' title="bbox 366 4297 2015 4369; baseline 0.002 -15"><span class='ocrx_word' id='word_1_383' title='bbox 366 4305 482 4354; x_wconf 90' lang='lat' dir='ltr'>tem</span> <span class='ocrx_word' id='word_1_384' title='bbox 516 4298 871 4369; x_wconf 89' lang='lat' dir='ltr'>improvisus</span> <span class='ocrx_word' id='word_1_385' title='bbox 902 4302 957 4351; x_wconf 92' lang='lat' dir='ltr'>et</span> <span class='ocrx_word' id='word_1_386' title='bbox 990 4297 1345 4366; x_wconf 85' lang='lat' dir='ltr'>incognitus,</span> <span class='ocrx_word' id='word_1_387' title='bbox 1381 4306 1667 4369; x_wconf 86' lang='lat' dir='ltr'>quantum</span> <span class='ocrx_word' id='word_1_388' title='bbox 1701 4301 1811 4356; x_wconf 90' lang='lat' dir='ltr'>sibi</span> <span class='ocrx_word' id='word_1_389' title='bbox 1860 4304 2015 4358; x_wconf 89' lang='lat' dir='ltr'>vide-</span> 
     </span>
    </p>
   </div>
   <div class='ocr_carea' id='block_1_62' title="bbox 368 4386 2011 4461">
    <p class='ocr_par' dir='ltr' id='par_1_62' title="bbox 368 4386 2011 4461">
     <span class='ocr_line' id='line_1_62' title="bbox 368 4386 2011 4461; baseline 0.003 -18"><span class='ocrx_word' id='word_1_390' title='bbox 368 4389 558 4455; x_wconf 90' lang='lat' dir='ltr'>batur,</span> <span class='ocrx_word' id='word_1_391' title='bbox 592 4388 651 4441; x_wconf 91' lang='lat' dir='ltr'>in</span> <span class='ocrx_word' id='word_1_392' title='bbox 686 4386 923 4441; x_wconf 73' lang='lat' dir='ltr'>difﬁcile</span> <span class='ocrx_word' id='word_1_393' title='bbox 955 4386 1219 4457; x_wconf 70' lang='lat' dir='ltr'>praelium</span> <span class='ocrx_word' id='word_1_394' title='bbox 1270 4388 1492 4444; x_wconf 88' lang='lat' dir='ltr'>incidit.</span> <span class='ocrx_word' id='word_1_395' title='bbox 1540 4391 1725 4461; x_wconf 84' lang='lat' dir='ltr'>Igitur</span> <span class='ocrx_word' id='word_1_396' title='bbox 1773 4393 2011 4449; x_wconf 90' lang='lat' dir='ltr'>omnino</span> 
     </span>
    </p>
   </div>
   <div class='ocr_carea' id='block_1_63' title="bbox 360 4475 2010 4547">
    <p class='ocr_par' dir='ltr' id='par_1_63' title="bbox 360 4475 2010 4547">
     <span class='ocr_line' id='line_1_63' title="bbox 360 4475 2010 4547; baseline 0.002 -16"><span class='ocrx_word' id='word_1_397' title='bbox 360 4478 574 4539; x_wconf 89' lang='lat' dir='ltr'>victus,</span> <span class='ocrx_word' id='word_1_398' title='bbox 606 4481 663 4530; x_wconf 88' lang='lat' dir='ltr'>et</span> <span class='ocrx_word' id='word_1_399' title='bbox 694 4475 962 4546; x_wconf 86' lang='lat' dir='ltr'>pluribus</span> <span class='ocrx_word' id='word_1_400' title='bbox 990 4492 1058 4530; x_wconf 83' lang='lat' dir='ltr'>ex</span> <span class='ocrx_word' id='word_1_401' title='bbox 1089 4476 1216 4532; x_wconf 90' lang='lat' dir='ltr'>suis</span> <span class='ocrx_word' id='word_1_402' title='bbox 1264 4478 1522 4545; x_wconf 87' lang='lat' dir='ltr'>amissis,</span> <span class='ocrx_word' id='word_1_403' title='bbox 1573 4482 1896 4547; x_wconf 69' lang='lat' dir='ltr'>praesertim</span> <span class='ocrx_word' id='word_1_404' title='bbox 1941 4499 2010 4536; x_wconf 85' lang='lat' dir='ltr'>ex</span> 
     </span>
    </p>
   </div>
   <div class='ocr_carea' id='block_1_64' title="bbox 2132 1882 3788 1973">
    <p class='ocr_par' dir='ltr' id='par_1_64' title="bbox 2132 1882 3788 1973">
     <span class='ocr_line' id='line_1_64' title="bbox 2132 1882 3788 1973; baseline -0.009 -23"><span class='ocrx_word' id='word_1_405' title='bbox 2132 1895 2412 1973; x_wconf 76' lang='grc' dir='ltr'>ροφορήθη</span> <span class='ocrx_word' id='word_1_406' title='bbox 2474 1895 2572 1963; x_wconf 76' lang='grc' dir='ltr'>τὴν</span> <span class='ocrx_word' id='word_1_407' title='bbox 2654 1897 2751 1947; x_wconf 76' lang='grc' dir='ltr'>τοῦ</span> <span class='ocrx_word' id='word_1_408' title='bbox 2834 1890 3183 1947; x_wconf 83' lang='grc' dir='ltr'>Βοτανειάτου</span> <span class='ocrx_word' id='word_1_409' title='bbox 3268 1885 3637 1961; x_wconf 82' lang='grc' dir='ltr'>ἀναγόρευσιν,</span> <span class='ocrx_word' id='word_1_410' title='bbox 3694 1882 3788 1937; x_wconf 83' lang='grc' dir='ltr'>καὶ</span> 
     </span>
    </p>
   </div>
   <div class='ocr_carea' id='block_1_65' title="bbox 2129 1972 3789 2057">
    <p class='ocr_par' dir='ltr' id='par_1_65' title="bbox 2129 1972 3789 2057">
     <span class='ocr_line' id='line_1_65' title="bbox 2129 1972 3789 2057; baseline -0.01 -16"><span class='ocrx_word' id='word_1_411' title='bbox 2129 1972 2361 2041; x_wconf 76' lang='grc' dir='ltr'>δουλικὰ</span> <span class='ocrx_word' id='word_1_412' title='bbox 2414 1983 2552 2057; x_wconf 88' lang='grc' dir='ltr'>πρὸς</span> <span class='ocrx_word' id='word_1_413' title='bbox 2608 1982 2767 2038; x_wconf 83' lang='grc' dir='ltr'>αὐτὸν</span> <span class='ocrx_word' id='word_1_414' title='bbox 2849 1978 3133 2036; x_wconf 83' lang='grc' dir='ltr'>ἀπέστειλε</span> <span class='ocrx_word' id='word_1_415' title='bbox 3206 1978 3523 2054; x_wconf 80' lang='grc' dir='ltr'>γράμματα,</span> <span class='ocrx_word' id='word_1_416' title='bbox 3578 1972 3630 2028; x_wconf 79' lang='grc' dir='ltr'>ἐν</span> <span class='ocrx_word' id='word_1_417' title='bbox 3707 1976 3789 2043; x_wconf 79' lang='grc' dir='ltr'>τῷ</span> 
     </span>
    </p>
   </div>
   <div class='ocr_carea' id='block_1_66' title="bbox 2128 2057 3779 2146">
    <p class='ocr_par' dir='ltr' id='par_1_66' title="bbox 2128 2057 3779 2146">
     <span class='ocr_line' id='line_1_66' title="bbox 2128 2057 3779 2146; baseline -0.008 -17"><span class='ocrx_word' id='word_1_418' title='bbox 2128 2057 2387 2143; x_wconf 79' lang='grc' dir='ltr'>λεληθότι</span> <span class='ocrx_word' id='word_1_419' title='bbox 2438 2072 2507 2126; x_wconf 77' lang='grc' dir='ltr'>τὰ</span> <span class='ocrx_word' id='word_1_420' title='bbox 2556 2078 2655 2142; x_wconf 80' lang='grc' dir='ltr'>τῆς</span> <span class='ocrx_word' id='word_1_421' title='bbox 2723 2069 3010 2146; x_wconf 83' lang='grc' dir='ltr'>ἀνταρσίας</span> <span class='ocrx_word' id='word_1_422' title='bbox 3089 2061 3779 2143; x_wconf 82' lang='grc' dir='ltr'>διεπράττετο,.συνεργὸν</span> 
     </span>
    </p>
   </div>
   <div class='ocr_carea' id='block_1_67' title="bbox 2128 2152 3782 2236">
    <p class='ocr_par' dir='ltr' id='par_1_67' title="bbox 2128 2152 3782 2236">
     <span class='ocr_line' id='line_1_67' title="bbox 2128 2152 3782 2236; baseline -0.008 -18"><span class='ocrx_word' id='word_1_423' title='bbox 2128 2160 2272 2236; x_wconf 59' lang='grc' dir='ltr'>ἔχων</span> <span class='ocrx_word' id='word_1_424' title='bbox 2305 2163 2440 2236; x_wconf 88' lang='grc' dir='ltr'>πρὸς</span> <span class='ocrx_word' id='word_1_425' title='bbox 2466 2165 2628 2217; x_wconf 74' lang='grc' dir='ltr'>τοῦτο</span> <span class='ocrx_word' id='word_1_426' title='bbox 2658 2161 2748 2216; x_wconf 77' lang='grc' dir='ltr'>τόν</span> <span class='ocrx_word' id='word_1_427' title='bbox 2779 2180 2839 2215; x_wconf 89' lang='grc' dir='ltr'>τε</span> <span class='ocrx_word' id='word_1_428' title='bbox 2889 2158 3188 2233; x_wconf 82' lang='grc' dir='ltr'>λεγόμενον</span> <span class='ocrx_word' id='word_1_429' title='bbox 3233 2156 3465 2228; x_wconf 86' lang='grc' dir='ltr'>Γυμνὸν,</span> <span class='ocrx_word' id='word_1_430' title='bbox 3497 2152 3586 2207; x_wconf 80' lang='grc' dir='ltr'>καὶ</span> <span class='ocrx_word' id='word_1_431' title='bbox 3638 2158 3782 2226; x_wconf 84' lang='grc' dir='ltr'>Γρη-</span> 
     </span>
    </p>
   </div>
   <div class='ocr_carea' id='block_1_68' title="bbox 2126 2241 3785 2327">
    <p class='ocr_par' dir='ltr' id='par_1_68' title="bbox 2126 2241 3785 2327">
     <span class='ocr_line' id='line_1_68' title="bbox 2126 2241 3785 2327; baseline -0.005 -21"><span class='ocrx_word' id='word_1_432' title='bbox 2126 2252 2309 2327; x_wconf 80' lang='grc' dir='ltr'>γόριον</span> <span class='ocrx_word' id='word_1_433' title='bbox 2370 2251 2461 2305; x_wconf 88' lang='grc' dir='ltr'>τὸν</span> <span class='ocrx_word' id='word_1_434' title='bbox 2517 2253 2806 2325; x_wconf 79' lang='grc' dir='ltr'>Μεσήμαρ,</span> <span class='ocrx_word' id='word_1_435' title='bbox 2860 2250 2946 2303; x_wconf 82' lang='grc' dir='ltr'>καὶ</span> <span class='ocrx_word' id='word_1_436' title='bbox 3016 2248 3106 2301; x_wconf 86' lang='grc' dir='ltr'>τὸν</span> <span class='ocrx_word' id='word_1_437' title='bbox 3164 2241 3785 2318; x_wconf 80' lang='grc' dir='ltr'>Τεσσαρακοντάπηχυν.</span> 
     </span>
    </p>
   </div>
   <div class='ocr_carea' id='block_1_69' title="bbox 2133 2332 3789 2415">
    <p class='ocr_par' dir='ltr' id='par_1_69' title="bbox 2133 2332 3789 2415">
     <span class='ocr_line' id='line_1_69' title="bbox 2133 2332 3789 2415; baseline -0.008 -20"><span class='ocrx_word' id='word_1_438' title='bbox 2133 2337 2529 2415; x_wconf 83' lang='grc' dir='ltr'>Ιῐροσεκαλεῖτο</span> <span class='ocrx_word' id='word_1_439' title='bbox 2591 2336 2648 2394; x_wconf 73' lang='grc' dir='ltr'>δὲ</span> <span class='ocrx_word' id='word_1_440' title='bbox 2702 2339 2792 2393; x_wconf 86' lang='grc' dir='ltr'>καὶ</span> <span class='ocrx_word' id='word_1_441' title='bbox 2846 2335 2974 2399; x_wconf 74' lang='grc' dir='ltr'>τοὺς</span> <span class='ocrx_word' id='word_1_442' title='bbox 3012 2336 3376 2405; x_wconf 82' lang='grc' dir='ltr'>Πατζινάκους</span> <span class='ocrx_word' id='word_1_443' title='bbox 3436 2332 3511 2394; x_wconf 76' lang='grc' dir='ltr'>εἷς</span> <span class='ocrx_word' id='word_1_444' title='bbox 3566 2350 3789 2402; x_wconf 81' lang='grc' dir='ltr'>συμμα-</span> 
     </span>
    </p>
   </div>
   <div class='ocr_carea' id='block_1_70' title="bbox 2133 2417 3788 2504">
    <p class='ocr_par' dir='ltr' id='par_1_70' title="bbox 2133 2417 3788 2504">
     <span class='ocr_line' id='line_1_70' title="bbox 2133 2417 3788 2504; baseline -0.008 -20"><span class='ocrx_word' id='word_1_445' title='bbox 2133 2432 2283 2504; x_wconf 85' lang='grc' dir='ltr'>χίαν.</span> <span class='ocrx_word' id='word_1_446' title='bbox 2316 2432 2373 2484; x_wconf 76' lang='grc' dir='ltr'><strong>Ὀ</strong></span> <span class='ocrx_word' id='word_1_447' title='bbox 2409 2428 2661 2503; x_wconf 74' lang='grc' dir='ltr'>βασιλεὺς</span> <span class='ocrx_word' id='word_1_448' title='bbox 2693 2425 2738 2482; x_wconf 82' lang='grc' dir='ltr'>δ’</span> <span class='ocrx_word' id='word_1_449' title='bbox 2774 2428 2846 2489; x_wconf 88' lang='grc' dir='ltr'>ὼς</span> <span class='ocrx_word' id='word_1_450' title='bbox 2881 2422 3020 2501; x_wconf 80' lang='grc' dir='ltr'>ἔγνω</span> <span class='ocrx_word' id='word_1_451' title='bbox 3058 2426 3149 2479; x_wconf 84' lang='grc' dir='ltr'>τὸν</span> <span class='ocrx_word' id='word_1_452' title='bbox 3200 2423 3393 2478; x_wconf 72' lang='grc' dir='ltr'>τούτου</span> <span class='ocrx_word' id='word_1_453' title='bbox 3444 2420 3643 2474; x_wconf 88' lang='grc' dir='ltr'>σκοπὸν</span> <span class='ocrx_word' id='word_1_454' title='bbox 3692 2417 3788 2471; x_wconf 77' lang='grc' dir='ltr'>καὶ</span> 
     </span>
    </p>
   </div>
   <div class='ocr_carea' id='block_1_71' title="bbox 2130 2508 3783 2596">
    <p class='ocr_par' dir='ltr' id='par_1_71' title="bbox 2130 2508 3783 2596">
     <span class='ocr_line' id='line_1_71' title="bbox 2130 2508 3783 2596; baseline -0.01 -22"><span class='ocrx_word' id='word_1_455' title='bbox 2130 2521 2230 2587; x_wconf 79' lang='grc' dir='ltr'>τήν</span> <span class='ocrx_word' id='word_1_456' title='bbox 2290 2521 2630 2596; x_wconf 85' lang='grc' dir='ltr'>προαίρεσιν,</span> <span class='ocrx_word' id='word_1_457' title='bbox 2684 2511 3078 2593; x_wconf 63' lang='grc' dir='ltr'>χρυσοϐούλλῃ</span> <span class='ocrx_word' id='word_1_458' title='bbox 3132 2514 3313 2590; x_wconf 73' lang='grc' dir='ltr'>γραφῇ</span> <span class='ocrx_word' id='word_1_459' title='bbox 3367 2510 3429 2566; x_wconf 85' lang='grc' dir='ltr'>τὸ</span> <span class='ocrx_word' id='word_1_460' title='bbox 3476 2508 3783 2582; x_wconf 83' lang='grc' dir='ltr'>ἀμέριμνον</span> 
     </span>
    </p>
   </div>
   <div class='ocr_carea' id='block_1_72' title="bbox 2132 2596 3779 2684">
    <p class='ocr_par' dir='ltr' id='par_1_72' title="bbox 2132 2596 3779 2684">
     <span class='ocr_line' id='line_1_72' title="bbox 2132 2596 3779 2684; baseline -0.009 -20"><span class='ocrx_word' id='word_1_461' title='bbox 2132 2609 2277 2681; x_wconf 77' lang='grc' dir='ltr'>αὐτῷ</span> <span class='ocrx_word' id='word_1_462' title='bbox 2307 2606 2805 2684; x_wconf 73' lang='grc' dir='ltr'>περιποιησάμενος</span> <span class='ocrx_word' id='word_1_463' title='bbox 2834 2626 2951 2660; x_wconf 89' lang='grc' dir='ltr'>τινα</span> <span class='ocrx_word' id='word_1_464' title='bbox 2996 2608 3104 2659; x_wconf 81' lang='grc' dir='ltr'>τῶν</span> <span class='ocrx_word' id='word_1_465' title='bbox 3161 2602 3372 2657; x_wconf 77' lang='grc' dir='ltr'>οἰκείων</span> <span class='ocrx_word' id='word_1_466' title='bbox 3424 2600 3557 2674; x_wconf 84' lang='grc' dir='ltr'>πρὸς</span> <span class='ocrx_word' id='word_1_467' title='bbox 3615 2596 3779 2651; x_wconf 78' lang='grc' dir='ltr'>αὐτὸν</span> 
     </span>
    </p>
   </div>
   <div class='ocr_carea' id='block_1_73' title="bbox 2132 2685 3779 2769">
    <p class='ocr_par' dir='ltr' id='par_1_73' title="bbox 2132 2685 3779 2769">
     <span class='ocr_line' id='line_1_73' title="bbox 2132 2685 3779 2769; baseline -0.01 -15"><span class='ocrx_word' id='word_1_468' title='bbox 2132 2697 2491 2769; x_wconf 70' lang='grc' dir='ltr'>ἐξαπέστειλε,</span> <span class='ocrx_word' id='word_1_469' title='bbox 2550 2697 2746 2759; x_wconf 84' lang='grc' dir='ltr'>παντὸς</span> <span class='ocrx_word' id='word_1_470' title='bbox 2792 2696 2885 2768; x_wconf 73' lang='grc' dir='ltr'>μὲν</span> <span class='ocrx_word' id='word_1_471' title='bbox 2947 2691 3200 2748; x_wconf 76' lang='grc' dir='ltr'>ἀπολύων</span> <span class='ocrx_word' id='word_1_472' title='bbox 3262 2688 3414 2752; x_wconf 83' lang='grc' dir='ltr'>δέους</span> <span class='ocrx_word' id='word_1_473' title='bbox 3468 2687 3626 2742; x_wconf 80' lang='grc' dir='ltr'>αὐτὸν</span> <span class='ocrx_word' id='word_1_474' title='bbox 3685 2685 3779 2739; x_wconf 79' lang='grc' dir='ltr'>καὶ</span> 
     </span>
    </p>
   </div>
   <div class='ocr_carea' id='block_1_74' title="bbox 2129 2774 3784 2861">
    <p class='ocr_par' dir='ltr' id='par_1_74' title="bbox 2129 2774 3784 2861">
     <span class='ocr_line' id='line_1_74' title="bbox 2129 2774 3784 2861; baseline -0.01 -19"><span class='ocrx_word' id='word_1_475' title='bbox 2129 2782 2533 2859; x_wconf 85' lang='grc' dir='ltr'>νωϐελισσίμου</span> <span class='ocrx_word' id='word_1_476' title='bbox 2568 2780 2846 2861; x_wconf 79' lang='grc' dir='ltr'>βραϐεύων</span> <span class='ocrx_word' id='word_1_477' title='bbox 2908 2782 3140 2855; x_wconf 77' lang='grc' dir='ltr'>ἀξίωμα.</span> <span class='ocrx_word' id='word_1_478' title='bbox 3179 2781 3237 2837; x_wconf 89' lang='grc' dir='ltr'>Ὀ</span> <span class='ocrx_word' id='word_1_479' title='bbox 3299 2776 3356 2833; x_wconf 75' lang='grc' dir='ltr'>δὲ</span> <span class='ocrx_word' id='word_1_480' title='bbox 3410 2776 3525 2839; x_wconf 65' lang='grc' dir='ltr'>τὰς,</span> <span class='ocrx_word' id='word_1_481' title='bbox 3553 2774 3603 2830; x_wconf 82' lang='grc' dir='ltr'>ἐν</span> <span class='ocrx_word' id='word_1_482' title='bbox 3648 2794 3784 2849; x_wconf 78' lang='grc' dir='ltr'>χερ-</span> 
     </span>
    </p>
   </div>
   <div class='ocr_carea' id='block_1_75' title="bbox 2131 2862 3783 2950">
    <p class='ocr_par' dir='ltr' id='par_1_75' title="bbox 2131 2862 3783 2950">
     <span class='ocr_line' id='line_1_75' title="bbox 2131 2862 3783 2950; baseline -0.008 -20"><span class='ocrx_word' id='word_1_483' title='bbox 2131 2876 2211 2929; x_wconf 87' lang='grc' dir='ltr'>σὶν</span> <span class='ocrx_word' id='word_1_484' title='bbox 2273 2875 2577 2950; x_wconf 77' lang='grc' dir='ltr'>εὐεργεσίας</span> <span class='ocrx_word' id='word_1_485' title='bbox 2636 2874 3035 2950; x_wconf 71' lang='grc' dir='ltr'>περιφρονήσας</span> <span class='ocrx_word' id='word_1_486' title='bbox 3087 2869 3319 2939; x_wconf 83' lang='grc' dir='ltr'>ἀνόνητα</span> <span class='ocrx_word' id='word_1_487' title='bbox 3382 2862 3783 2950; x_wconf 72' lang='grc' dir='ltr'>μενεκλαύσατο</span> 
     </span>
    </p>
   </div>
   <div class='ocr_carea' id='block_1_76' title="bbox 2129 2947 3781 3040">
    <p class='ocr_par' dir='ltr' id='par_1_76' title="bbox 2129 2947 3781 3040">
     <span class='ocr_line' id='line_1_76' title="bbox 2129 2947 3781 3040; baseline -0.009 -21"><span class='ocrx_word' id='word_1_488' title='bbox 2129 2947 2370 3040; x_wconf 49' lang='grc' dir='ltr'>ὕστερον,</span> <span class='ocrx_word' id='word_1_489' title='bbox 2405 2947 2498 3019; x_wconf 66' lang='grc' dir='ltr'>Διὸ</span> <span class='ocrx_word' id='word_1_490' title='bbox 2545 2964 2634 3018; x_wconf 84' lang='grc' dir='ltr'>καὶ</span> <span class='ocrx_word' id='word_1_491' title='bbox 2680 2947 2962 3017; x_wconf 72' lang='grc' dir='ltr'>στέλλεται</span> <span class='ocrx_word' id='word_1_492' title='bbox 3012 2957 3320 3015; x_wconf 82' lang='grc' dir='ltr'>κατάὐτοῦ</span> <span class='ocrx_word' id='word_1_493' title='bbox 3379 2956 3406 3009; x_wconf 88' lang='grc' dir='ltr'>ὁ</span> <span class='ocrx_word' id='word_1_494' title='bbox 3455 2947 3781 3007; x_wconf 82' lang='grc' dir='ltr'>νωϐελίσσι-</span> 
     </span>
    </p>
   </div>
   <div class='ocr_carea' id='block_1_77' title="bbox 2132 3040 3779 3128">
    <p class='ocr_par' dir='ltr' id='par_1_77' title="bbox 2132 3040 3779 3128">
     <span class='ocr_line' id='line_1_77' title="bbox 2132 3040 3779 3128; baseline -0.01 -19"><span class='ocrx_word' id='word_1_495' title='bbox 2132 3076 2231 3128; x_wconf 90' lang='grc' dir='ltr'>μος</span> <span class='ocrx_word' id='word_1_496' title='bbox 2264 3053 2504 3124; x_wconf 79' lang='grc' dir='ltr'>Ἀλέξιος</span> <span class='ocrx_word' id='word_1_497' title='bbox 2536 3051 2789 3125; x_wconf 80' lang='grc' dir='ltr'>τιμηθεὶς</span> <span class='ocrx_word' id='word_1_498' title='bbox 2822 3045 3078 3110; x_wconf 85' lang='grc' dir='ltr'>σεϐαστὸς</span> <span class='ocrx_word' id='word_1_499' title='bbox 3133 3047 3267 3121; x_wconf 84' lang='grc' dir='ltr'>μετὰ</span> <span class='ocrx_word' id='word_1_500' title='bbox 3323 3048 3571 3119; x_wconf 81' lang='grc' dir='ltr'>στρατιᾶς</span> <span class='ocrx_word' id='word_1_501' title='bbox 3626 3040 3779 3110; x_wconf 78' lang='grc' dir='ltr'>ἀξιο-</span> 
     </span>
    </p>
   </div>
   <div class='ocr_carea' id='block_1_78' title="bbox 2132 3128 3780 3218">
    <p class='ocr_par' dir='ltr' id='par_1_78' title="bbox 2132 3128 3780 3218">
     <span class='ocr_line' id='line_1_78' title="bbox 2132 3128 3780 3218; baseline -0.011 -19"><span class='ocrx_word' id='word_1_502' title='bbox 2132 3142 2298 3218; x_wconf 86' lang='grc' dir='ltr'>λόγου</span> <span class='ocrx_word' id='word_1_503' title='bbox 2354 3143 2443 3197; x_wconf 84' lang='grc' dir='ltr'>καὶ</span> <span class='ocrx_word' id='word_1_504' title='bbox 2509 3144 2722 3211; x_wconf 71' lang='grc' dir='ltr'>ἱκανῆς.</span> <span class='ocrx_word' id='word_1_505' title='bbox 2756 3139 3006 3216; x_wconf 78' lang='grc' dir='ltr'>Φρουρὰν</span> <span class='ocrx_word' id='word_1_506' title='bbox 3065 3136 3155 3193; x_wconf 77' lang='grc' dir='ltr'>οὖν</span> <span class='ocrx_word' id='word_1_507' title='bbox 3209 3135 3260 3192; x_wconf 84' lang='grc' dir='ltr'>ἐν</span> <span class='ocrx_word' id='word_1_508' title='bbox 3308 3138 3388 3207; x_wconf 80' lang='grc' dir='ltr'>τῷ</span> <span class='ocrx_word' id='word_1_509' title='bbox 3436 3128 3780 3205; x_wconf 81' lang='grc' dir='ltr'>περιθειυρίῳ</span> 
     </span>
    </p>
   </div>
   <div class='ocr_carea' id='block_1_79' title="bbox 2128 3218 3778 3303">
    <p class='ocr_par' dir='ltr' id='par_1_79' title="bbox 2128 3218 3778 3303">
     <span class='ocr_line' id='line_1_79' title="bbox 2128 3218 3778 3303; baseline -0.01 -16"><span class='ocrx_word' id='word_1_510' title='bbox 2128 3236 2226 3287; x_wconf 75' lang='grc' dir='ltr'>τοῦ</span> <span class='ocrx_word' id='word_1_511' title='bbox 2276 3231 2607 3288; x_wconf 83' lang='grc' dir='ltr'>Βασιλακίου</span> <span class='ocrx_word' id='word_1_512' title='bbox 2663 3224 2986 3285; x_wconf 87' lang='grc' dir='ltr'>καταλαϐὼν</span> <span class='ocrx_word' id='word_1_513' title='bbox 3043 3226 3338 3303; x_wconf 85' lang='grc' dir='ltr'>στρατηγὸν</span> <span class='ocrx_word' id='word_1_514' title='bbox 3393 3220 3623 3296; x_wconf 81' lang='grc' dir='ltr'>ἔχουσαν</span> <span class='ocrx_word' id='word_1_515' title='bbox 3680 3218 3778 3272; x_wconf 86' lang='grc' dir='ltr'>τὸν</span> 
     </span>
    </p>
   </div>
   <div class='ocr_carea' id='block_1_80' title="bbox 2130 3305 3780 3394">
    <p class='ocr_par' dir='ltr' id='par_1_80' title="bbox 2130 3305 3780 3394">
     <span class='ocr_line' id='line_1_80' title="bbox 2130 3305 3780 3394; baseline -0.009 -19"><span class='ocrx_word' id='word_1_516' title='bbox 2130 3322 2363 3394; x_wconf 82' lang='grc' dir='ltr'>Γυμνὸν,</span> <span class='ocrx_word' id='word_1_517' title='bbox 2423 3319 2655 3393; x_wconf 77' lang='grc' dir='ltr'>πολέμῳ</span> <span class='ocrx_word' id='word_1_518' title='bbox 2709 3322 2897 3373; x_wconf 75' lang='grc' dir='ltr'>τοῦτον</span> <span class='ocrx_word' id='word_1_519' title='bbox 2961 3317 3256 3391; x_wconf 75' lang='grc' dir='ltr'>ἀνήρπασε.</span> <span class='ocrx_word' id='word_1_520' title='bbox 3310 3305 3665 3386; x_wconf 84' lang='grc' dir='ltr'>Προϐιϐἀζων</span> <span class='ocrx_word' id='word_1_521' title='bbox 3720 3305 3780 3362; x_wconf 58' lang='grc' dir='ltr'>δὲ</span> 
     </span>
    </p>
   </div>
   <div class='ocr_carea' id='block_1_81' title="bbox 2129 3395 3775 3484">
    <p class='ocr_par' dir='ltr' id='par_1_81' title="bbox 2129 3395 3775 3484">
     <span class='ocr_line' id='line_1_81' title="bbox 2129 3395 3775 3484; baseline -0.009 -20"><span class='ocrx_word' id='word_1_522' title='bbox 2129 3412 2227 3480; x_wconf 81' lang='grc' dir='ltr'>τήν</span> <span class='ocrx_word' id='word_1_523' title='bbox 2303 3410 2553 3484; x_wconf 68' lang='grc' dir='ltr'>στρατιὰν</span> <span class='ocrx_word' id='word_1_524' title='bbox 2622 3407 2752 3484; x_wconf 80' lang='grc' dir='ltr'>ἄχρι</span> <span class='ocrx_word' id='word_1_525' title='bbox 2814 3405 3207 3474; x_wconf 85' lang='grc' dir='ltr'>Θεσσαλονίκης</span> <span class='ocrx_word' id='word_1_526' title='bbox 3263 3402 3473 3468; x_wconf 75' lang='grc' dir='ltr'>ἀπαθὴς</span> <span class='ocrx_word' id='word_1_527' title='bbox 3534 3395 3775 3467; x_wconf 81' lang='grc' dir='ltr'>διεσώθη</span> 
     </span>
    </p>
   </div>
   <div class='ocr_carea' id='block_1_82' title="bbox 2128 3488 3781 3568">
    <p class='ocr_par' dir='ltr' id='par_1_82' title="bbox 2128 3488 3781 3568">
     <span class='ocr_line' id='line_1_82' title="bbox 2128 3488 3781 3568; baseline -0.002 -14"><span class='ocrx_word' id='word_1_528' title='bbox 2128 3503 2329 3557; x_wconf 80' lang='grc' dir='ltr'>κακῶν.</span> <span class='ocrx_word' id='word_1_529' title='bbox 2384 3502 2484 3553; x_wconf 83' lang='grc' dir='ltr'>Ἐκ</span> <span class='ocrx_word' id='word_1_530' title='bbox 2530 3520 2679 3561; x_wconf 90' lang='grc' dir='ltr'>τινος</span> <span class='ocrx_word' id='word_1_531' title='bbox 2729 3496 2785 3552; x_wconf 72' lang='grc' dir='ltr'>δὲ</span> <span class='ocrx_word' id='word_1_532' title='bbox 2824 3494 3190 3568; x_wconf 72' lang='grc' dir='ltr'>διαστήματος</span> <span class='ocrx_word' id='word_1_533' title='bbox 3247 3491 3338 3546; x_wconf 85' lang='grc' dir='ltr'>τὸν</span> <span class='ocrx_word' id='word_1_534' title='bbox 3398 3490 3613 3565; x_wconf 77' lang='grc' dir='ltr'>χάρακα</span> <span class='ocrx_word' id='word_1_535' title='bbox 3666 3488 3781 3549; x_wconf 78' lang='grc' dir='ltr'>θεὶς</span> 
     </span>
    </p>
   </div>
   <div class='ocr_carea' id='block_1_83' title="bbox 2128 3573 3779 3662">
    <p class='ocr_par' dir='ltr' id='par_1_83' title="bbox 2128 3573 3779 3662">
     <span class='ocr_line' id='line_1_83' title="bbox 2128 3573 3779 3662; baseline -0.009 -19"><span class='ocrx_word' id='word_1_536' title='bbox 2128 3590 2295 3662; x_wconf 80' lang='grc' dir='ltr'>πέραν</span> <span class='ocrx_word' id='word_1_537' title='bbox 2328 3593 2423 3642; x_wconf 70' lang='grc' dir='ltr'>τοῦ</span> <span class='ocrx_word' id='word_1_538' title='bbox 2451 3592 2701 3659; x_wconf 74' lang='grc' dir='ltr'>ποταμοῦ</span> <span class='ocrx_word' id='word_1_539' title='bbox 2745 3590 2841 3640; x_wconf 75' lang='grc' dir='ltr'>τοῦ</span> <span class='ocrx_word' id='word_1_540' title='bbox 2872 3583 3165 3660; x_wconf 74' lang='grc' dir='ltr'>λεγομένου</span> <span class='ocrx_word' id='word_1_541' title='bbox 3226 3577 3551 3656; x_wconf 82' lang='grc' dir='ltr'>Βαρδαρίου,</span> <span class='ocrx_word' id='word_1_542' title='bbox 3602 3573 3779 3629; x_wconf 80' lang='grc' dir='ltr'>ἐκεῖσε</span> 
     </span>
    </p>
   </div>
   <div class='ocr_carea' id='block_1_84' title="bbox 2128 3663 3779 3751">
    <p class='ocr_par' dir='ltr' id='par_1_84' title="bbox 2128 3663 3779 3751">
     <span class='ocr_line' id='line_1_84' title="bbox 2128 3663 3779 3751; baseline -0.008 -20"><span class='ocrx_word' id='word_1_543' title='bbox 2128 3676 2221 3731; x_wconf 84' lang='grc' dir='ltr'>τὸν</span> <span class='ocrx_word' id='word_1_544' title='bbox 2281 3677 2504 3751; x_wconf 87' lang='grc' dir='ltr'>στρατὸν</span> <span class='ocrx_word' id='word_1_545' title='bbox 2588 3674 2941 3730; x_wconf 76' lang='grc' dir='ltr'>διαναπαῦσαι</span> <span class='ocrx_word' id='word_1_546' title='bbox 3017 3672 3334 3740; x_wconf 64' lang='grc' dir='ltr'>ἐσκόπτβεν.</span> <span class='ocrx_word' id='word_1_547' title='bbox 3384 3670 3445 3725; x_wconf 91' lang='grc' dir='ltr'>Ὁ</span> <span class='ocrx_word' id='word_1_548' title='bbox 3498 3663 3555 3720; x_wconf 76' lang='grc' dir='ltr'>δὲ</span> <span class='ocrx_word' id='word_1_549' title='bbox 3606 3666 3779 3721; x_wconf 79' lang='grc' dir='ltr'>Βασι-</span> 
     </span>
    </p>
   </div>
   <div class='ocr_carea' id='block_1_85' title="bbox 2132 3752 3781 3836">
    <p class='ocr_par' dir='ltr' id='par_1_85' title="bbox 2132 3752 3781 3836">
     <span class='ocr_line' id='line_1_85' title="bbox 2132 3752 3781 3836; baseline -0.01 -16"><span class='ocrx_word' id='word_1_550' title='bbox 2132 3764 2321 3827; x_wconf 82' lang='grc' dir='ltr'>λάκιος</span> <span class='ocrx_word' id='word_1_551' title='bbox 2401 3767 2499 3833; x_wconf 72' lang='grc' dir='ltr'>τὴν</span> <span class='ocrx_word' id='word_1_552' title='bbox 2571 3763 2725 3834; x_wconf 78' lang='grc' dir='ltr'>νίκην</span> <span class='ocrx_word' id='word_1_553' title='bbox 2790 3762 2990 3836; x_wconf 78' lang='grc' dir='ltr'>κλέψαι</span> <span class='ocrx_word' id='word_1_554' title='bbox 3063 3758 3485 3835; x_wconf 84' lang='grc' dir='ltr'>ἀγωνιζόμενος,</span> <span class='ocrx_word' id='word_1_555' title='bbox 3546 3752 3781 3825; x_wconf 69' lang='grc' dir='ltr'>ἐσκέψα-</span> 
     </span>
    </p>
   </div>
   <div class='ocr_carea' id='block_1_86' title="bbox 2127 3841 3779 3928">
    <p class='ocr_par' dir='ltr' id='par_1_86' title="bbox 2127 3841 3779 3928">
     <span class='ocr_line' id='line_1_86' title="bbox 2127 3841 3779 3928; baseline -0.008 -21"><span class='ocrx_word' id='word_1_556' title='bbox 2127 3874 2188 3907; x_wconf 92' lang='grc' dir='ltr'>το</span> <span class='ocrx_word' id='word_1_557' title='bbox 2248 3852 2578 3928; x_wconf 81' lang='grc' dir='ltr'>νυκτίλοχος</span> <span class='ocrx_word' id='word_1_558' title='bbox 2665 3852 2934 3907; x_wconf 84' lang='grc' dir='ltr'>ἐπιπεσεῖν</span> <span class='ocrx_word' id='word_1_559' title='bbox 3012 3850 3161 3922; x_wconf 80' lang='grc' dir='ltr'>αὐτῷ</span> <span class='ocrx_word' id='word_1_560' title='bbox 3222 3848 3311 3903; x_wconf 82' lang='grc' dir='ltr'>καὶ</span> <span class='ocrx_word' id='word_1_561' title='bbox 3386 3849 3578 3899; x_wconf 72' lang='grc' dir='ltr'>τοῦτον</span> <span class='ocrx_word' id='word_1_562' title='bbox 3637 3841 3779 3895; x_wconf 82' lang='grc' dir='ltr'>κατὰ</span> 
     </span>
    </p>
   </div>
   <div class='ocr_carea' id='block_1_87' title="bbox 2124 3930 3776 4017">
    <p class='ocr_par' dir='ltr' id='par_1_87' title="bbox 2124 3930 3776 4017">
     <span class='ocr_line' id='line_1_87' title="bbox 2124 3930 3776 4017; baseline -0.008 -21"><span class='ocrx_word' id='word_1_563' title='bbox 2124 3943 2319 4017; x_wconf 78' lang='grc' dir='ltr'>κράτος</span> <span class='ocrx_word' id='word_1_564' title='bbox 2392 3943 2533 3998; x_wconf 71' lang='grc' dir='ltr'>ἑλεῖν</span> <span class='ocrx_word' id='word_1_565' title='bbox 2600 3943 2688 3996; x_wconf 84' lang='grc' dir='ltr'>καὶ</span> <span class='ocrx_word' id='word_1_566' title='bbox 2759 3939 3008 4010; x_wconf 84' lang='grc' dir='ltr'>ἀπωλείᾳ</span> <span class='ocrx_word' id='word_1_567' title='bbox 3085 3935 3413 4014; x_wconf 73' lang='grc' dir='ltr'>παραδοῦναν</span> <span class='ocrx_word' id='word_1_568' title='bbox 3494 3930 3776 3986; x_wconf 85' lang='grc' dir='ltr'>παντελεῖ.</span> 
     </span>
    </p>
   </div>
   <div class='ocr_carea' id='block_1_88' title="bbox 2128 4023 3779 4105">
    <p class='ocr_par' dir='ltr' id='par_1_88' title="bbox 2128 4023 3779 4105">
     <span class='ocr_line' id='line_1_88' title="bbox 2128 4023 3779 4105; baseline -0.012 -16"><span class='ocrx_word' id='word_1_569' title='bbox 2128 4036 2239 4089; x_wconf 76' lang='grc' dir='ltr'>Τοῦ</span> <span class='ocrx_word' id='word_1_570' title='bbox 2272 4030 2329 4087; x_wconf 73' lang='grc' dir='ltr'>δὲ</span> <span class='ocrx_word' id='word_1_571' title='bbox 2359 4036 2623 4105; x_wconf 76' lang='grc' dir='ltr'>Γεμιστοῦ</span> <span class='ocrx_word' id='word_1_572' title='bbox 2660 4033 2758 4100; x_wconf 78' lang='grc' dir='ltr'>τὴν</span> <span class='ocrx_word' id='word_1_573' title='bbox 2812 4024 3114 4097; x_wconf 72' lang='grc' dir='ltr'>ἐπιϐουλὴν</span> <span class='ocrx_word' id='word_1_574' title='bbox 3161 4023 3641 4098; x_wconf 74' lang='grc' dir='ltr'>καταμηνῦσαντος</span> <span class='ocrx_word' id='word_1_575' title='bbox 3695 4023 3779 4089; x_wconf 78' lang='grc' dir='ltr'>τῷ</span> 
     </span>
    </p>
   </div>
   <div class='ocr_carea' id='block_1_89' title="bbox 2128 4108 3780 4199">
    <p class='ocr_par' dir='ltr' id='par_1_89' title="bbox 2128 4108 3780 4199">
     <span class='ocr_line' id='line_1_89' title="bbox 2128 4108 3780 4199; baseline -0.01 -24"><span class='ocrx_word' id='word_1_576' title='bbox 2128 4116 2403 4192; x_wconf 79' lang='grc' dir='ltr'>Σεϐαστῷ,</span> <span class='ocrx_word' id='word_1_577' title='bbox 2444 4120 2741 4199; x_wconf 73' lang='grc' dir='ltr'>ἐφυλάξατο</span> <span class='ocrx_word' id='word_1_578' title='bbox 2798 4120 2998 4188; x_wconf 68' lang='grc' dir='ltr'>ταύτην</span> <span class='ocrx_word' id='word_1_579' title='bbox 3058 4116 3221 4177; x_wconf 81' lang='grc' dir='ltr'>αὐτός</span> <span class='ocrx_word' id='word_1_580' title='bbox 3278 4135 3336 4169; x_wconf 92' lang='grc' dir='ltr'>τε</span> <span class='ocrx_word' id='word_1_581' title='bbox 3392 4112 3479 4167; x_wconf 84' lang='grc' dir='ltr'>καὶ</span> <span class='ocrx_word' id='word_1_582' title='bbox 3541 4111 3590 4163; x_wconf 74' lang='grc' dir='ltr'>οἳ</span> <span class='ocrx_word' id='word_1_583' title='bbox 3651 4108 3780 4181; x_wconf 83' lang='grc' dir='ltr'>περὶ</span> 
     </span>
    </p>
   </div>
   <div class='ocr_carea' id='block_1_90' title="bbox 2124 4198 3787 4271">
    <p class='ocr_par' dir='ltr' id='par_1_90' title="bbox 2124 4198 3787 4271">
     <span class='ocr_line' id='line_1_90' title="bbox 2124 4198 3787 4271; baseline -0.004 -7"><span class='ocrx_word' id='word_1_584' title='bbox 2124 4210 2305 4266; x_wconf 83' lang='grc' dir='ltr'>αὐτόν.</span> <span class='ocrx_word' id='word_1_585' title='bbox 2369 4198 2599 4271; x_wconf 78' lang='grc' dir='ltr'>Ἐλάσας</span> <span class='ocrx_word' id='word_1_586' title='bbox 2655 4208 2838 4263; x_wconf 85' lang='grc' dir='ltr'>τοίνυν</span> <span class='ocrx_word' id='word_1_587' title='bbox 2885 4210 2912 4263; x_wconf 83' lang='grc' dir='ltr'>ὁ</span> <span class='ocrx_word' id='word_1_588' title='bbox 2957 4205 3287 4266; x_wconf 81' lang='grc' dir='ltr'>Βασιλάκιος</span> <span class='ocrx_word' id='word_1_589' title='bbox 3360 4200 3429 4257; x_wconf 83' lang='grc' dir='ltr'>δι’</span> <span class='ocrx_word' id='word_1_590' title='bbox 3486 4198 3623 4269; x_wconf 75' lang='grc' dir='ltr'>ὅλης</span> <span class='ocrx_word' id='word_1_591' title='bbox 3681 4204 3787 4267; x_wconf 74' lang='grc' dir='ltr'>τῆς</span> 
     </span>
    </p>
   </div>
   <div class='ocr_carea' id='block_1_91' title="bbox 2122 4288 3785 4373">
    <p class='ocr_par' dir='ltr' id='par_1_91' title="bbox 2122 4288 3785 4373">
     <span class='ocr_line' id='line_1_91' title="bbox 2122 4288 3785 4373; baseline -0.008 -21"><span class='ocrx_word' id='word_1_592' title='bbox 2122 4301 2335 4367; x_wconf 77' lang='grc' dir='ltr'>νυκτὸς,</span> <span class='ocrx_word' id='word_1_593' title='bbox 2398 4300 2727 4373; x_wconf 80' lang='grc' dir='ltr'>ἀπροόπτως</span> <span class='ocrx_word' id='word_1_594' title='bbox 2783 4303 2865 4369; x_wconf 81' lang='grc' dir='ltr'>τῷ</span> <span class='ocrx_word' id='word_1_595' title='bbox 2939 4295 3114 4352; x_wconf 87' lang='grc' dir='ltr'>δοκεῖν</span> <span class='ocrx_word' id='word_1_596' title='bbox 3202 4292 3291 4348; x_wconf 83' lang='grc' dir='ltr'>καὶ</span> <span class='ocrx_word' id='word_1_597' title='bbox 3374 4288 3785 4364; x_wconf 80' lang='grc' dir='ltr'>ἀδιαγνώστως,</span> 
     </span>
    </p>
   </div>
   <div class='ocr_carea' id='block_1_92' title="bbox 2121 4378 3787 4463">
    <p class='ocr_par' dir='ltr' id='par_1_92' title="bbox 2121 4378 3787 4463">
     <span class='ocr_line' id='line_1_92' title="bbox 2121 4378 3787 4463; baseline -0.008 -21"><span class='ocrx_word' id='word_1_598' title='bbox 2121 4386 2355 4461; x_wconf 85' lang='grc' dir='ltr'>πολέμῳ</span> <span class='ocrx_word' id='word_1_599' title='bbox 2386 4386 2619 4463; x_wconf 78' lang='grc' dir='ltr'>χαλεπῷ</span> <span class='ocrx_word' id='word_1_600' title='bbox 2678 4388 2981 4462; x_wconf 79' lang='grc' dir='ltr'>περιέπεσε.</span> <span class='ocrx_word' id='word_1_601' title='bbox 3020 4384 3168 4442; x_wconf 83' lang='grc' dir='ltr'>Κατά</span> <span class='ocrx_word' id='word_1_602' title='bbox 3224 4383 3419 4458; x_wconf 79' lang='grc' dir='ltr'>κράτος</span> <span class='ocrx_word' id='word_1_603' title='bbox 3471 4378 3560 4433; x_wconf 76' lang='grc' dir='ltr'>οὖν</span> <span class='ocrx_word' id='word_1_604' title='bbox 3611 4379 3787 4446; x_wconf 76' lang='grc' dir='ltr'>ἡττη-</span> 
     </span>
    </p>
   </div>
   <div class='ocr_carea' id='block_1_93' title="bbox 2121 4464 3783 4540">
    <p class='ocr_par' dir='ltr' id='par_1_93' title="bbox 2121 4464 3783 4540">
     <span class='ocr_line' id='line_1_93' title="bbox 2121 4464 3783 4540; baseline -0.009 -8"><span class='ocrx_word' id='word_1_605' title='bbox 2121 4478 2231 4540; x_wconf 73' lang='grc' dir='ltr'>Θεὶς</span> <span class='ocrx_word' id='word_1_606' title='bbox 2308 4478 2397 4531; x_wconf 81' lang='grc' dir='ltr'>καὶ</span> <span class='ocrx_word' id='word_1_607' title='bbox 2465 4482 2572 4531; x_wconf 81' lang='grc' dir='ltr'>τῶν</span> <span class='ocrx_word' id='word_1_608' title='bbox 2644 4476 2858 4531; x_wconf 79' lang='grc' dir='ltr'>οἰκείων</span> <span class='ocrx_word' id='word_1_609' title='bbox 2934 4473 3224 4534; x_wconf 88' lang='grc' dir='ltr'>πλείστους</span> <span class='ocrx_word' id='word_1_610' title='bbox 3307 4464 3628 4537; x_wconf 81' lang='grc' dir='ltr'>ἀποϐαλὼν,</span> <span class='ocrx_word' id='word_1_611' title='bbox 3686 4467 3783 4520; x_wconf 75' lang='grc' dir='ltr'>καί</span> 
     </span>
    </p>
   </div>
   <div class='ocr_carea' id='block_1_94' title="bbox 361 4555 2016 4642">
    <p class='ocr_par' dir='ltr' id='par_1_94' title="bbox 361 4565 2009 4639">
     <span class='ocr_line' id='line_1_94' title="bbox 361 4565 2009 4639; baseline 0.003 -20"><span class='ocrx_word' id='word_1_612' title='bbox 361 4566 709 4631; x_wconf 79' lang='lat' dir='ltr'>Francis,et</span> <span class='ocrx_word' id='word_1_613' title='bbox 756 4582 888 4618; x_wconf 89' lang='lat' dir='ltr'>cum</span> <span class='ocrx_word' id='word_1_614' title='bbox 938 4565 1261 4621; x_wconf 87' lang='lat' dir='ltr'>domestico</span> <span class='ocrx_word' id='word_1_615' title='bbox 1314 4566 1605 4637; x_wconf 75' lang='lat' dir='ltr'>praeliatus</span> <span class='ocrx_word' id='word_1_616' title='bbox 1655 4574 1711 4623; x_wconf 90' lang='lat' dir='ltr'><strong>et</strong></span> <span class='ocrx_word' id='word_1_617' title='bbox 1760 4570 1831 4624; x_wconf 86' lang='lat' dir='ltr'>ab</span> <span class='ocrx_word' id='word_1_618' title='bbox 1884 4570 2009 4639; x_wconf 91' lang='lat' dir='ltr'>ipso</span> 
     </span>
    </p>
   </div>
   <div class='ocr_carea' id='block_1_95' title="bbox 2128 4555 3784 4642">
    <p class='ocr_par' dir='ltr' id='par_1_95' title="bbox 2128 4555 3784 4642">
     <span class='ocr_line' id='line_1_95' title="bbox 2128 4555 3784 4642; baseline -0.008 -21"><span class='ocrx_word' id='word_1_619' title='bbox 2128 4565 2336 4638; x_wconf 67' lang='grc' dir='ltr'>μᾶλλον</span> <span class='ocrx_word' id='word_1_620' title='bbox 2394 4571 2503 4621; x_wconf 79' lang='grc' dir='ltr'>τῶν</span> <span class='ocrx_word' id='word_1_621' title='bbox 2562 4568 2849 4642; x_wconf 76' lang='grc' dir='ltr'>Φράγγων,</span> <span class='ocrx_word' id='word_1_622' title='bbox 2881 4564 2971 4619; x_wconf 86' lang='grc' dir='ltr'>καὶ</span> <span class='ocrx_word' id='word_1_623' title='bbox 3032 4563 3190 4626; x_wconf 80' lang='grc' dir='ltr'>αὐτὸς</span> <span class='ocrx_word' id='word_1_624' title='bbox 3249 4558 3307 4615; x_wconf 68' lang='grc' dir='ltr'>δε</span> <span class='ocrx_word' id='word_1_625' title='bbox 3360 4563 3438 4630; x_wconf 78' lang='grc' dir='ltr'>τῷ</span> <span class='ocrx_word' id='word_1_626' title='bbox 3469 4555 3784 4629; x_wconf 81' lang='grc' dir='ltr'>δομεστίκῳ</span> 
     </span>
    </p>
   </div>
   <div class='ocr_carea' id='block_1_96' title="bbox 358 4653 2006 4728">
    <p class='ocr_par' dir='ltr' id='par_1_96' title="bbox 358 4653 2006 4728">
     <span class='ocr_line' id='line_1_96' title="bbox 358 4653 2006 4728; baseline 0.002 -19"><span class='ocrx_word' id='word_1_627' title='bbox 358 4654 684 4709; x_wconf 85' lang='lat' dir='ltr'>debellatus</span> <span class='ocrx_word' id='word_1_628' title='bbox 715 4654 771 4707; x_wconf 94' lang='lat' dir='ltr'>in</span> <span class='ocrx_word' id='word_1_629' title='bbox 806 4653 1233 4709; x_wconf 64' lang='lat' dir='ltr'>Thessalonicae</span> <span class='ocrx_word' id='word_1_630' title='bbox 1265 4672 1453 4710; x_wconf 87' lang='lat' dir='ltr'>arcem</span> <span class='ocrx_word' id='word_1_631' title='bbox 1490 4658 1771 4728; x_wconf 73' lang='lat' dir='ltr'>confugit,</span> <span class='ocrx_word' id='word_1_632' title='bbox 1805 4658 2006 4713; x_wconf 85' lang='lat' dir='ltr'>existi-</span> 
     </span>
    </p>
   </div>
   <div class='ocr_carea' id='block_1_97' title="bbox 359 4741 2008 4817">
    <p class='ocr_par' dir='ltr' id='par_1_97' title="bbox 359 4741 2008 4817">
     <span class='ocr_line' id='line_1_97' title="bbox 359 4741 2008 4817; baseline 0.002 -20"><span class='ocrx_word' id='word_1_633' title='bbox 359 4759 527 4798; x_wconf 83' lang='lat' dir='ltr'>mans</span> <span class='ocrx_word' id='word_1_634' title='bbox 556 4741 665 4796; x_wconf 91' lang='lat' dir='ltr'>loci</span> <span class='ocrx_word' id='word_1_635' title='bbox 699 4741 1024 4796; x_wconf 87' lang='lat' dir='ltr'>munitione</span> <span class='ocrx_word' id='word_1_636' title='bbox 1056 4758 1119 4797; x_wconf 90' lang='lat' dir='ltr'>se</span> <span class='ocrx_word' id='word_1_637' title='bbox 1152 4743 1585 4814; x_wconf 89' lang='lat' dir='ltr'>prohibiturum</span> <span class='ocrx_word' id='word_1_638' title='bbox 1622 4747 1861 4817; x_wconf 83' lang='lat' dir='ltr'>Augusti</span> <span class='ocrx_word' id='word_1_639' title='bbox 1896 4746 2008 4802; x_wconf 88' lang='lat' dir='ltr'>im-</span> 
     </span>
    </p>
   </div>
   <div class='ocr_carea' id='block_1_98' title="bbox 359 4832 2009 4905">
    <p class='ocr_par' dir='ltr' id='par_1_98' title="bbox 359 4832 2009 4905">
     <span class='ocr_line' id='line_1_98' title="bbox 359 4832 2009 4905; baseline 0.003 -19"><span class='ocrx_word' id='word_1_640' title='bbox 359 4837 583 4902; x_wconf 88' lang='lat' dir='ltr'>petum.</span> <span class='ocrx_word' id='word_1_641' title='bbox 615 4834 908 4902; x_wconf 79' lang='lat' dir='ltr'>Augustus</span> <span class='ocrx_word' id='word_1_642' title='bbox 941 4838 1136 4886; x_wconf 88' lang='lat' dir='ltr'>autem</span> <span class='ocrx_word' id='word_1_643' title='bbox 1172 4832 1317 4886; x_wconf 90' lang='lat' dir='ltr'>nihil</span> <span class='ocrx_word' id='word_1_644' title='bbox 1368 4850 1581 4889; x_wconf 87' lang='lat' dir='ltr'>curans</span> <span class='ocrx_word' id='word_1_645' title='bbox 1628 4836 2009 4905; x_wconf 84' lang='lat' dir='ltr'>expugnatio-</span> 
     </span>
    </p>
   </div>
   <div class='ocr_carea' id='block_1_99' title="bbox 359 4920 2007 4993">
    <p class='ocr_par' dir='ltr' id='par_1_99' title="bbox 359 4920 2007 4993">
     <span class='ocr_line' id='line_1_99' title="bbox 359 4920 2007 4993; baseline 0.001 -18"><span class='ocrx_word' id='word_1_646' title='bbox 359 4938 492 4975; x_wconf 90' lang='lat' dir='ltr'>nem</span> <span class='ocrx_word' id='word_1_647' title='bbox 522 4920 742 4990; x_wconf 89' lang='lat' dir='ltr'>oppidi,</span> <span class='ocrx_word' id='word_1_648' title='bbox 779 4936 918 4976; x_wconf 88' lang='lat' dir='ltr'>suos</span> <span class='ocrx_word' id='word_1_649' title='bbox 950 4920 1219 4976; x_wconf 88' lang='lat' dir='ltr'>hortatus</span> <span class='ocrx_word' id='word_1_650' title='bbox 1269 4926 1358 4975; x_wconf 89' lang='lat' dir='ltr'>est</span> <span class='ocrx_word' id='word_1_651' title='bbox 1408 4928 1471 4976; x_wconf 88' lang='lat' dir='ltr'>ut</span> <span class='ocrx_word' id='word_1_652' title='bbox 1518 4939 1692 4992; x_wconf 87' lang='lat' dir='ltr'>quam</span> <span class='ocrx_word' id='word_1_653' title='bbox 1750 4924 2007 4993; x_wconf 88' lang='lat' dir='ltr'>primum</span> 
     </span>
    </p>
   </div>
   <div class='ocr_carea' id='block_1_100' title="bbox 363 5008 2008 5081">
    <p class='ocr_par' dir='ltr' id='par_1_100' title="bbox 363 5008 2008 5081">
     <span class='ocr_line' id='line_1_100' title="bbox 363 5008 2008 5081; baseline 0.004 -21"><span class='ocrx_word' id='word_1_654' title='bbox 363 5008 648 5079; x_wconf 90' lang='lat' dir='ltr'>impetum</span> <span class='ocrx_word' id='word_1_655' title='bbox 685 5010 963 5064; x_wconf 78' lang='lat' dir='ltr'>facerent.</span> <span class='ocrx_word' id='word_1_656' title='bbox 999 5010 1103 5076; x_wconf 81' lang='lat' dir='ltr'>Qui</span> <span class='ocrx_word' id='word_1_657' title='bbox 1159 5010 1359 5065; x_wconf 93' lang='lat' dir='ltr'>crebro</span> <span class='ocrx_word' id='word_1_658' title='bbox 1410 5018 1465 5064; x_wconf 89' lang='lat' dir='ltr'>et</span> <span class='ocrx_word' id='word_1_659' title='bbox 1514 5011 1734 5065; x_wconf 78' lang='lat' dir='ltr'>efﬁcaci</span> <span class='ocrx_word' id='word_1_660' title='bbox 1786 5011 2008 5081; x_wconf 89' lang='lat' dir='ltr'>impetu</span> 
     </span>
    </p>
   </div>
   <div class='ocr_carea' id='block_1_101' title="bbox 366 5096 2009 5155">
    <p class='ocr_par' dir='ltr' id='par_1_101' title="bbox 366 5096 2009 5155">
     <span class='ocr_line' id='line_1_101' title="bbox 366 5096 2009 5155; baseline 0.002 -4"><span class='ocrx_word' id='word_1_661' title='bbox 366 5097 516 5152; x_wconf 80' lang='lat' dir='ltr'>facto</span> <span class='ocrx_word' id='word_1_662' title='bbox 546 5096 1172 5155; x_wconf 86' lang='lat' dir='ltr'>Thessalonicensibus</span> <span class='ocrx_word' id='word_1_663' title='bbox 1204 5099 1314 5153; x_wconf 90' lang='lat' dir='ltr'>sibi</span> <span class='ocrx_word' id='word_1_664' title='bbox 1350 5100 1857 5153; x_wconf 80' lang='lat' dir='ltr'>consentientibus</span> <span class='ocrx_word' id='word_1_665' title='bbox 1890 5104 2009 5155; x_wconf 87' lang='lat' dir='ltr'>sta-</span> 
     </span>
    </p>
   </div>
   <div class='ocr_carea' id='block_1_102' title="bbox 361 5187 2011 5258">
    <p class='ocr_par' dir='ltr' id='par_1_102' title="bbox 361 5187 2011 5258">
     <span class='ocr_line' id='line_1_102' title="bbox 361 5187 2011 5258; baseline 0.001 -16"><span class='ocrx_word' id='word_1_666' title='bbox 361 5187 465 5242; x_wconf 90' lang='lat' dir='ltr'>tim</span> <span class='ocrx_word' id='word_1_667' title='bbox 501 5189 700 5242; x_wconf 90' lang='lat' dir='ltr'>hostes</span> <span class='ocrx_word' id='word_1_668' title='bbox 730 5192 1085 5256; x_wconf 88' lang='lat' dir='ltr'>superarunt</span> <span class='ocrx_word' id='word_1_669' title='bbox 1120 5206 1133 5255; x_wconf 91' lang='lat'><strong>;</strong></span> <span class='ocrx_word' id='word_1_670' title='bbox 1168 5192 1224 5242; x_wconf 92' lang='lat' dir='ltr'>et</span> <span class='ocrx_word' id='word_1_671' title='bbox 1254 5190 1557 5258; x_wconf 89' lang='lat' dir='ltr'>Augustus</span> <span class='ocrx_word' id='word_1_672' title='bbox 1608 5204 1738 5242; x_wconf 89' lang='lat' dir='ltr'>arce</span> <span class='ocrx_word' id='word_1_673' title='bbox 1789 5188 2011 5258; x_wconf 89' lang='lat' dir='ltr'>potitus</span> 
     </span>
    </p>
   </div>
   <div class='ocr_carea' id='block_1_103' title="bbox 356 5276 2012 5346">
    <p class='ocr_par' dir='ltr' id='par_1_103' title="bbox 356 5276 2012 5346">
     <span class='ocr_line' id='line_1_103' title="bbox 356 5276 2012 5346; baseline 0 -15"><span class='ocrx_word' id='word_1_674' title='bbox 356 5282 466 5331; x_wconf 87' lang='lat' dir='ltr'>est.</span> <span class='ocrx_word' id='word_1_675' title='bbox 501 5276 743 5346; x_wconf 84' lang='lat' dir='ltr'>Capitur</span> <span class='ocrx_word' id='word_1_676' title='bbox 790 5280 985 5329; x_wconf 89' lang='lat' dir='ltr'>autem</span> <span class='ocrx_word' id='word_1_677' title='bbox 1038 5277 1162 5345; x_wconf 91' lang='lat' dir='ltr'>ipse</span> <span class='ocrx_word' id='word_1_678' title='bbox 1214 5276 1557 5341; x_wconf 79' lang='lat' dir='ltr'>Basilacius,</span> <span class='ocrx_word' id='word_1_679' title='bbox 1612 5282 1669 5330; x_wconf 81' lang='lat' dir='ltr'>et</span> <span class='ocrx_word' id='word_1_680' title='bbox 1719 5276 1775 5329; x_wconf 89' lang='lat' dir='ltr'>in</span> <span class='ocrx_word' id='word_1_681' title='bbox 1830 5277 2012 5333; x_wconf 82' lang='lat' dir='ltr'>ferrea</span> 
     </span>
    </p>
   </div>
   <div class='ocr_carea' id='block_1_104' title="bbox 358 5364 2008 5433">
    <p class='ocr_par' dir='ltr' id='par_1_104' title="bbox 358 5364 2008 5433">
     <span class='ocr_line' id='line_1_104' title="bbox 358 5364 2008 5433; baseline 0.003 -18"><span class='ocrx_word' id='word_1_682' title='bbox 358 5364 592 5419; x_wconf 86' lang='lat' dir='ltr'>vincula</span> <span class='ocrx_word' id='word_1_683' title='bbox 615 5366 916 5433; x_wconf 89' lang='lat' dir='ltr'>conjectus</span> <span class='ocrx_word' id='word_1_684' title='bbox 940 5364 1011 5417; x_wconf 89' lang='lat' dir='ltr'>ad</span> <span class='ocrx_word' id='word_1_685' title='bbox 1038 5364 1448 5433; x_wconf 88' lang='lat' dir='ltr'>imperatorem</span> <span class='ocrx_word' id='word_1_686' title='bbox 1474 5366 1705 5419; x_wconf 86' lang='lat' dir='ltr'>vinctus</span> <span class='ocrx_word' id='word_1_687' title='bbox 1731 5365 2008 5420; x_wconf 91' lang='lat' dir='ltr'>mittitur.</span> 
     </span>
    </p>
   </div>
   <div class='ocr_carea' id='block_1_105' title="bbox 356 5452 2011 5523">
    <p class='ocr_par' dir='ltr' id='par_1_105' title="bbox 356 5452 2011 5523">
     <span class='ocr_line' id='line_1_105' title="bbox 356 5452 2011 5523; baseline -0.001 -17"><span class='ocrx_word' id='word_1_688' title='bbox 356 5452 543 5520; x_wconf 73' lang='lat' dir='ltr'>Hujus</span> <span class='ocrx_word' id='word_1_689' title='bbox 559 5454 633 5507; x_wconf 90' lang='lat' dir='ltr'>rei</span> <span class='ocrx_word' id='word_1_690' title='bbox 654 5452 859 5507; x_wconf 89' lang='lat' dir='ltr'>nuntio</span> <span class='ocrx_word' id='word_1_691' title='bbox 875 5453 944 5506; x_wconf 89' lang='lat' dir='ltr'>ad</span> <span class='ocrx_word' id='word_1_692' title='bbox 964 5452 1375 5523; x_wconf 85' lang='lat' dir='ltr'>imperatorem</span> <span class='ocrx_word' id='word_1_693' title='bbox 1395 5452 2011 5523; x_wconf 85' lang='lat' dir='ltr'>perlato,ipsiusjussu</span> 
     </span>
    </p>
   </div>
   <div class='ocr_carea' id='block_1_106' title="bbox 356 5539 2014 5612">
    <p class='ocr_par' dir='ltr' id='par_1_106' title="bbox 356 5539 2014 5612">
     <span class='ocr_line' id='line_1_106' title="bbox 356 5539 2014 5612; baseline 0.001 -15"><span class='ocrx_word' id='word_1_694' title='bbox 356 5546 412 5597; x_wconf 87' lang='lat' dir='ltr'>et</span> <span class='ocrx_word' id='word_1_695' title='bbox 465 5539 617 5594; x_wconf 91' lang='lat' dir='ltr'>oculi</span> <span class='ocrx_word' id='word_1_696' title='bbox 660 5540 1035 5608; x_wconf 71' lang='lat' dir='ltr'>effodiuntur,</span> <span class='ocrx_word' id='word_1_697' title='bbox 1087 5540 1347 5610; x_wconf 80' lang='lat' dir='ltr'>proxime</span> <span class='ocrx_word' id='word_1_698' title='bbox 1393 5540 1901 5612; x_wconf 82' lang='lat' dir='ltr'>Chrysopolim,et</span> <span class='ocrx_word' id='word_1_699' title='bbox 1944 5559 2014 5599; x_wconf 79' lang='lat' dir='ltr'>ex</span> 
     </span>
    </p>
   </div>
   <div class='ocr_carea' id='block_1_107' title="bbox 357 5626 2012 5699">
    <p class='ocr_par' dir='ltr' id='par_1_107' title="bbox 357 5626 2012 5699">
     <span class='ocr_line' id='line_1_107' title="bbox 357 5626 2012 5699; baseline 0.002 -15"><span class='ocrx_word' id='word_1_700' title='bbox 357 5646 422 5685; x_wconf 90' lang='lat' dir='ltr'>eo</span> <span class='ocrx_word' id='word_1_701' title='bbox 457 5633 714 5697; x_wconf 89' lang='lat' dir='ltr'>tempore</span> <span class='ocrx_word' id='word_1_702' title='bbox 749 5629 889 5681; x_wconf 68' lang='grc'>741</span> <span class='ocrx_word' id='word_1_703' title='bbox 934 5627 1097 5682; x_wconf 90' lang='lat' dir='ltr'>locus</span> <span class='ocrx_word' id='word_1_704' title='bbox 1129 5626 1222 5682; x_wconf 91' lang='lat' dir='ltr'>ille</span> <span class='ocrx_word' id='word_1_705' title='bbox 1253 5627 1583 5699; x_wconf 89' lang='lat' dir='ltr'>appellatus</span> <span class='ocrx_word' id='word_1_706' title='bbox 1606 5637 1693 5685; x_wconf 89' lang='lat' dir='ltr'>est</span> <span class='ocrx_word' id='word_1_707' title='bbox 1718 5630 2012 5689; x_wconf 85' lang='lat' dir='ltr'>Fremitus</span> 
     </span>
    </p>
   </div>
   <div class='ocr_carea' id='block_1_108' title="bbox 2119 4646 3785 4730">
    <p class='ocr_par' dir='ltr' id='par_1_108' title="bbox 2119 4646 3785 4730">
     <span class='ocr_line' id='line_1_108' title="bbox 2119 4646 3785 4730; baseline -0.007 -22"><span class='ocrx_word' id='word_1_708' title='bbox 2119 4656 2460 4729; x_wconf 71' lang='grc' dir='ltr'>ἀντιταχθεὶς</span> <span class='ocrx_word' id='word_1_709' title='bbox 2484 4655 2571 4709; x_wconf 87' lang='grc' dir='ltr'>καὶ</span> <span class='ocrx_word' id='word_1_710' title='bbox 2599 4656 2725 4730; x_wconf 88' lang='grc' dir='ltr'>παρ’</span> <span class='ocrx_word' id='word_1_711' title='bbox 2758 4654 2926 4708; x_wconf 77' lang='grc' dir='ltr'>αὐτοῦ</span> <span class='ocrx_word' id='word_1_712' title='bbox 2971 4649 3368 4720; x_wconf 77' lang='grc' dir='ltr'>καταπονηθεὶς</span> <span class='ocrx_word' id='word_1_713' title='bbox 3411 4646 3488 4709; x_wconf 73' lang='grc' dir='ltr'>εἷς</span> <span class='ocrx_word' id='word_1_714' title='bbox 3535 4647 3635 4713; x_wconf 76' lang='grc' dir='ltr'>τήν</span> <span class='ocrx_word' id='word_1_715' title='bbox 3678 4649 3785 4711; x_wconf 79' lang='grc' dir='ltr'>τῆς</span> 
     </span>
    </p>
   </div>
   <div class='ocr_carea' id='block_1_109' title="bbox 2118 4735 3784 4817">
    <p class='ocr_par' dir='ltr' id='par_1_109' title="bbox 2118 4735 3784 4817">
     <span class='ocr_line' id='line_1_109' title="bbox 2118 4735 3784 4817; baseline -0.008 -19"><span class='ocrx_word' id='word_1_716' title='bbox 2118 4743 2515 4813; x_wconf 79' lang='grc' dir='ltr'>Θεσσαλονίκης</span> <span class='ocrx_word' id='word_1_717' title='bbox 2562 4742 2863 4816; x_wconf 85' lang='grc' dir='ltr'>ἀκρόπολιν</span> <span class='ocrx_word' id='word_1_718' title='bbox 2909 4739 3327 4817; x_wconf 73' lang='grc' dir='ltr'>καταπέφευγεν,</span> <span class='ocrx_word' id='word_1_719' title='bbox 3386 4735 3640 4807; x_wconf 74' lang='grc' dir='ltr'>οἰόμενος</span> <span class='ocrx_word' id='word_1_720' title='bbox 3697 4736 3784 4803; x_wconf 77' lang='grc' dir='ltr'>τῷ</span> 
     </span>
    </p>
   </div>
   <div class='ocr_carea' id='block_1_110' title="bbox 2119 4820 3777 4906">
    <p class='ocr_par' dir='ltr' id='par_1_110' title="bbox 2119 4820 3777 4906">
     <span class='ocr_line' id='line_1_110' title="bbox 2119 4820 3777 4906; baseline -0.011 -16"><span class='ocrx_word' id='word_1_721' title='bbox 2119 4830 2442 4906; x_wconf 74' lang='grc' dir='ltr'>ὀχυρώματι</span> <span class='ocrx_word' id='word_1_722' title='bbox 2474 4827 2813 4896; x_wconf 79' lang='grc' dir='ltr'>ἀποσοϐῆσαι</span> <span class='ocrx_word' id='word_1_723' title='bbox 2859 4832 2959 4898; x_wconf 73' lang='grc' dir='ltr'>τὴν</span> <span class='ocrx_word' id='word_1_724' title='bbox 2999 4833 3096 4884; x_wconf 75' lang='grc' dir='ltr'>τοῦ</span> <span class='ocrx_word' id='word_1_725' title='bbox 3149 4822 3420 4883; x_wconf 72' lang='grc' dir='ltr'>Σεϐαστοῦ</span> <span class='ocrx_word' id='word_1_726' title='bbox 3469 4820 3777 4878; x_wconf 77' lang='grc' dir='ltr'>ἐπέλευσιν.</span> 
     </span>
    </p>
   </div>
   <div class='ocr_carea' id='block_1_111' title="bbox 2119 4910 3778 4993">
    <p class='ocr_par' dir='ltr' id='par_1_111' title="bbox 2119 4910 3778 4993">
     <span class='ocr_line' id='line_1_111' title="bbox 2119 4910 3778 4993; baseline -0.005 -19"><span class='ocrx_word' id='word_1_727' title='bbox 2119 4924 2197 4993; x_wconf 82' lang='grc' dir='ltr'>[Ρ.</span> <span class='ocrx_word' id='word_1_728' title='bbox 2233 4923 2359 4993; x_wconf 76' lang='grc'>866]</span> <span class='ocrx_word' id='word_1_729' title='bbox 2390 4923 2445 4974; x_wconf 77' lang='grc' dir='ltr'><strong>Ὀ</strong></span> <span class='ocrx_word' id='word_1_730' title='bbox 2488 4919 2544 4975; x_wconf 71' lang='grc' dir='ltr'>δὲ</span> <span class='ocrx_word' id='word_1_731' title='bbox 2577 4916 2846 4982; x_wconf 87' lang='grc' dir='ltr'>Σεϐαστὸς</span> <span class='ocrx_word' id='word_1_732' title='bbox 2882 4916 3052 4992; x_wconf 64' lang='grc' dir='ltr'>μηδὲν</span> <span class='ocrx_word' id='word_1_733' title='bbox 3088 4915 3373 4991; x_wconf 67' lang='grc' dir='ltr'>μελλήσας</span> <span class='ocrx_word' id='word_1_734' title='bbox 3414 4915 3512 4982; x_wconf 78' lang='grc' dir='ltr'>τήν</span> <span class='ocrx_word' id='word_1_735' title='bbox 3565 4910 3778 4966; x_wconf 75' lang='grc' dir='ltr'>ἅλωσιν</span> 
     </span>
    </p>
   </div>
   <div class='ocr_carea' id='block_1_112' title="bbox 2118 4999 3783 5087">
    <p class='ocr_par' dir='ltr' id='par_1_112' title="bbox 2118 4999 3783 5087">
     <span class='ocr_line' id='line_1_112' title="bbox 2118 4999 3783 5087; baseline -0.022 3"><span class='ocrx_word' id='word_1_736' title='bbox 2118 5008 2214 5063; x_wconf 60' lang='grc' dir='ltr'>τοῦ</span> <span class='ocrx_word' id='word_1_737' title='bbox 2264 5014 2525 5086; x_wconf 75' lang='grc' dir='ltr'>φρουρίου</span> <span class='ocrx_word' id='word_1_738' title='bbox 2568 5016 2685 5072; x_wconf 79' lang='grc' dir='ltr'>τοῖς</span> <span class='ocrx_word' id='word_1_739' title='bbox 2729 5010 2862 5087; x_wconf 73' lang='grc' dir='ltr'>ἀμφ’</span> <span class='ocrx_word' id='word_1_740' title='bbox 2901 5008 3059 5063; x_wconf 81' lang='grc' dir='ltr'>αὐτὸν</span> <span class='ocrx_word' id='word_1_741' title='bbox 3105 5008 3475 5083; x_wconf 76' lang='grc' dir='ltr'>προετρέψατο</span> <span class='ocrx_word' id='word_1_742' title='bbox 3530 5002 3620 5059; x_wconf 76' lang='grc' dir='ltr'>διὰ</span> <span class='ocrx_word' id='word_1_743' title='bbox 3674 4999 3783 5056; x_wconf 78' lang='grc' dir='ltr'>τά·</span> 
     </span>
    </p>
   </div>
   <div class='ocr_carea' id='block_1_113' title="bbox 2121 5088 3789 5172">
    <p class='ocr_par' dir='ltr' id='par_1_113' title="bbox 2121 5088 3789 5172">
     <span class='ocr_line' id='line_1_113' title="bbox 2121 5088 3789 5172; baseline -0.004 -19"><span class='ocrx_word' id='word_1_744' title='bbox 2121 5118 2256 5172; x_wconf 84' lang='grc' dir='ltr'>χους</span> <span class='ocrx_word' id='word_1_745' title='bbox 2315 5102 2643 5169; x_wconf 73' lang='grc' dir='ltr'>ποιήσασθαι</span> <span class='ocrx_word' id='word_1_746' title='bbox 2677 5119 2689 5131; x_wconf 82' lang='grc'><em>’</em></span> <span class='ocrx_word' id='word_1_747' title='bbox 2751 5100 2802 5152; x_wconf 72' lang='grc' dir='ltr'>οἳ</span> <span class='ocrx_word' id='word_1_748' title='bbox 2858 5099 2948 5152; x_wconf 87' lang='grc' dir='ltr'>καὶ</span> <span class='ocrx_word' id='word_1_749' title='bbox 3009 5096 3238 5172; x_wconf 78' lang='grc' dir='ltr'>ἐνεργεῖς</span> <span class='ocrx_word' id='word_1_750' title='bbox 3311 5097 3407 5156; x_wconf 84' lang='grc' dir='ltr'>τὰς</span> <span class='ocrx_word' id='word_1_751' title='bbox 3464 5088 3789 5167; x_wconf 72' lang='grc' dir='ltr'>προσϐολὰς</span> 
     </span>
    </p>
   </div>
   <div class='ocr_carea' id='block_1_114' title="bbox 2120 5184 3791 5262">
    <p class='ocr_par' dir='ltr' id='par_1_114' title="bbox 2120 5184 3791 5262">
     <span class='ocr_line' id='line_1_114' title="bbox 2120 5184 3791 5262; baseline -0.002 -22"><span class='ocrx_word' id='word_1_752' title='bbox 2120 5189 2507 5259; x_wconf 78' lang='grc' dir='ltr'>ποιησάμενοι,</span> <span class='ocrx_word' id='word_1_753' title='bbox 2562 5192 2671 5242; x_wconf 81' lang='grc' dir='ltr'>τῶν</span> <span class='ocrx_word' id='word_1_754' title='bbox 2757 5184 3189 5243; x_wconf 75' lang='grc' dir='ltr'>Θεσσαλονικέων</span> <span class='ocrx_word' id='word_1_755' title='bbox 3277 5184 3791 5262; x_wconf 75' lang='grc' dir='ltr'>συμφρονησάντων</span> 
     </span>
    </p>
   </div>
   <div class='ocr_carea' id='block_1_115' title="bbox 2122 5269 3789 5351">
    <p class='ocr_par' dir='ltr' id='par_1_115' title="bbox 2122 5269 3789 5351">
     <span class='ocr_line' id='line_1_115' title="bbox 2122 5269 3789 5351; baseline -0.003 -21"><span class='ocrx_word' id='word_1_756' title='bbox 2122 5276 2326 5344; x_wconf 81' lang='grc' dir='ltr'>αὐτοῖς,</span> <span class='ocrx_word' id='word_1_757' title='bbox 2359 5276 2500 5351; x_wconf 72' lang='grc' dir='ltr'>ταχὺ</span> <span class='ocrx_word' id='word_1_758' title='bbox 2529 5277 2724 5331; x_wconf 70' lang='grc' dir='ltr'>τούτου</span> <span class='ocrx_word' id='word_1_759' title='bbox 2767 5276 3089 5351; x_wconf 87' lang='grc' dir='ltr'>περιγίνεται</span> <span class='ocrx_word' id='word_1_760' title='bbox 3139 5273 3226 5329; x_wconf 76' lang='grc' dir='ltr'>καί</span> <span class='ocrx_word' id='word_1_761' title='bbox 3268 5281 3370 5343; x_wconf 78' lang='grc' dir='ltr'>τῆς</span> <span class='ocrx_word' id='word_1_762' title='bbox 3422 5269 3789 5347; x_wconf 82' lang='grc' dir='ltr'>ἀκροπόλεως</span> 
     </span>
    </p>
   </div>
   <div class='ocr_carea' id='block_1_116' title="bbox 2122 5359 3791 5439">
    <p class='ocr_par' dir='ltr' id='par_1_116' title="bbox 2122 5359 3791 5439">
     <span class='ocr_line' id='line_1_116' title="bbox 2122 5359 3791 5439; baseline -0.002 -21"><span class='ocrx_word' id='word_1_763' title='bbox 2122 5363 2443 5439; x_wconf 80' lang='grc' dir='ltr'>ἐκυρίευσεν.</span> <span class='ocrx_word' id='word_1_764' title='bbox 2498 5363 2804 5420; x_wconf 82' lang='grc' dir='ltr'>Ἀλίσκεται</span> <span class='ocrx_word' id='word_1_765' title='bbox 2865 5362 2920 5418; x_wconf 61' lang='grc' dir='ltr'>δέ</span> <span class='ocrx_word' id='word_1_766' title='bbox 2988 5365 3077 5418; x_wconf 82' lang='grc' dir='ltr'>καὶ</span> <span class='ocrx_word' id='word_1_767' title='bbox 3136 5362 3318 5430; x_wconf 81' lang='grc' dir='ltr'>αὐτὸς,</span> <span class='ocrx_word' id='word_1_768' title='bbox 3372 5359 3620 5437; x_wconf 80' lang='grc' dir='ltr'>σιδηροῖς</span> <span class='ocrx_word' id='word_1_769' title='bbox 3685 5360 3791 5434; x_wconf 81' lang='grc' dir='ltr'>ἐμ.-</span> 
     </span>
    </p>
   </div>
   <div class='ocr_carea' id='block_1_117' title="bbox 2121 5448 3786 5528">
    <p class='ocr_par' dir='ltr' id='par_1_117' title="bbox 2121 5448 3786 5528">
     <span class='ocr_line' id='line_1_117' title="bbox 2121 5448 3786 5528; baseline -0.001 -21"><span class='ocrx_word' id='word_1_770' title='bbox 2121 5448 2383 5508; x_wconf 81' lang='grc' dir='ltr'>ϐάλλεται</span> <span class='ocrx_word' id='word_1_771' title='bbox 2428 5452 2672 5525; x_wconf 78' lang='grc' dir='ltr'>δεσμοῖς,</span> <span class='ocrx_word' id='word_1_772' title='bbox 2705 5452 2796 5507; x_wconf 73' lang='grc' dir='ltr'>καί</span> <span class='ocrx_word' id='word_1_773' title='bbox 2851 5458 2932 5525; x_wconf 78' lang='grc' dir='ltr'>τῷ</span> <span class='ocrx_word' id='word_1_774' title='bbox 2985 5452 3201 5528; x_wconf 88' lang='grc' dir='ltr'>βασιλεῖ</span> <span class='ocrx_word' id='word_1_775' title='bbox 3248 5449 3642 5506; x_wconf 73' lang='grc' dir='ltr'>ἀποστέλλεται</span> <span class='ocrx_word' id='word_1_776' title='bbox 3692 5449 3786 5506; x_wconf 73' lang='grc' dir='ltr'>δέ·</span> 
     </span>
    </p>
   </div>
   <div class='ocr_carea' id='block_1_118' title="bbox 2123 5536 3791 5617">
    <p class='ocr_par' dir='ltr' id='par_1_118' title="bbox 2123 5536 3791 5617">
     <span class='ocr_line' id='line_1_118' title="bbox 2123 5536 3791 5617; baseline -0.001 -21"><span class='ocrx_word' id='word_1_777' title='bbox 2123 5563 2304 5615; x_wconf 89' lang='grc' dir='ltr'>σμιος.</span> <span class='ocrx_word' id='word_1_778' title='bbox 2338 5548 2445 5611; x_wconf 77' lang='grc' dir='ltr'>Τῆς</span> <span class='ocrx_word' id='word_1_779' title='bbox 2497 5540 2554 5596; x_wconf 68' lang='grc' dir='ltr'>δὲ</span> <span class='ocrx_word' id='word_1_780' title='bbox 2612 5541 2865 5617; x_wconf 73' lang='grc' dir='ltr'>ἀγγελίας</span> <span class='ocrx_word' id='word_1_781' title='bbox 2921 5536 3521 5613; x_wconf 55' lang='grc' dir='ltr'>κοταλαϐούσηςῆτὸνζ</span> <span class='ocrx_word' id='word_1_782' title='bbox 3549 5537 3791 5613; x_wconf 77' lang='grc' dir='ltr'>βασιλέα</span> 
     </span>
    </p>
   </div>
   <div class='ocr_carea' id='block_1_119' title="bbox 2121 5627 3787 5709">
    <p class='ocr_par' dir='ltr' id='par_1_119' title="bbox 2121 5627 3787 5709">
     <span class='ocr_line' id='line_1_119' title="bbox 2121 5627 3787 5709; baseline -0.002 -23"><span class='ocrx_word' id='word_1_783' title='bbox 2121 5631 2404 5705; x_wconf 80' lang='grc' dir='ltr'>προστάξει</span> <span class='ocrx_word' id='word_1_784' title='bbox 2464 5630 2625 5685; x_wconf 74' lang='grc' dir='ltr'>αὐτοῦ</span> <span class='ocrx_word' id='word_1_785' title='bbox 2696 5629 2825 5693; x_wconf 78' lang='grc' dir='ltr'>τοὺς</span> <span class='ocrx_word' id='word_1_786' title='bbox 2901 5627 3221 5709; x_wconf 75' lang='grc' dir='ltr'>ὀφθαλμοὺς</span> <span class='ocrx_word' id='word_1_787' title='bbox 3288 5627 3624 5704; x_wconf 70' lang='grc' dir='ltr'>ἐξορύττεται</span> <span class='ocrx_word' id='word_1_788' title='bbox 3690 5627 3787 5704; x_wconf 73' lang='grc' dir='ltr'>ἔγ-</span> 
     </span>
    </p>
   </div>
  </div>
