4040 6196
264 350 387 412 4⁸73

1783 349 2176 411 HISTORIA.

3568 362 3688 423 474

267 506 431 561 γιστα
457 493 559 554 τῆς
615 486 1070 561 Χρυσουπόλεως·
1100 484 1190 540 καὶ
1230 482 1414 539 ἔκτοτε
1443 482 1471 538 6
1499 480 1667 544 τόπος
1700 481 1903 553 ὠνομα-

2035 483 2302 539 Basilacii
2329 502 2344 554 ;
2374 501 2490 557 quo
2540 486 2690 544 facto
2741 488 3057 559 perductus
3088 494 3179 547 est
3218 490 3275 547 in
3327 508 3502 549 curru
3532 512 3682 553 onus

270 595 392 629 σται
428 575 618 651 βρύσις
669 578 781 649 (49)
830 580 927 631 τοῦ
960 572 1310 633 Βασιλακίου.
1360 572 1570 630 Τούτου
1628 570 1923 646 γενομένου

267 663 423 741 ἤχθη
456 664 536 744 ἐφ’
566 666 780 740 ἀμάξης
828 666 1024 743 φόρτος
1071 664 1303 725 ἐλεεινὸς
1348 664 1437 719 καὶ
1466 662 1726 740 δυστυχὲς
1757 682 1925 716 κατα-

268 754 497 831 γώγιον.

340 845 430 897 Ἐν
463 843 573 917 ὅσῳ
604 842 662 899 δὲ
702 846 770 899 τὰ
813 844 1187 919 στρατεύματα
1236 842 1311 905 εἱς
1333 844 1433 912 τὴν
1463 843 1583 918 περὶ
1616 842 1707 896 τὸν
1758 843 1926 897 Βασι-

267 930 463 987 λάκιον
514 932 867 1008 ἠσχολοῦντο
926 933 1290 1007 ἐκστρατείαν,
1348 932 1671 1001 ΙῙατζινάκοι
1732 930 1925 1002 ἀναμὶξ

265 1023 548 1093 Κομὰνοις
606 1027 675 1097 τῇ
728 1021 1180 1098 Ἀδριανουπόλει
1241 1019 1513 1091 ἐπῆλθον,
1569 1020 1922 1096 ὀργιζόμενοι

264 1107 357 1164 διὰ
384 1111 447 1165 τὸ
481 1111 628 1186 παρά
670 1115 769 1165 τοῦ
819 1111 1105 1187 Βρυεννίου
1153 1110 1495 1185 ἀναιρεθῆναί
1551 1130 1698 1170 τινας
1729 1110 1921 1164 αὐτῶν.

261 1201 446 1273 Ιῐυρᾶν
509 1198 600 1254 οῦν
658 1200 959 1277 ὑφάψαντες
1003 1198 1192 1255 πολλὰ
1235 1204 1342 1253 τῶν
1377 1199 1547 1253 ἐκεῖσε
1603 1198 1921 1270 οἰκημάτων

255 1289 633 1363 κατέπρησαν,
710 1290 800 1343 καὶ
890 1286 1057 1361 μηδὲν
1142 1287 1287 1359 ἄξιον
1366 1286 1531 1363 λόγου
1581 1288 1924 1361 πεπραχότες

261 1378 624 1450 ὑπέστρεψαν.

330 1465 689 1541 Ὠμολόγησε
722 1464 779 1521 δὲ
806 1466 986 1539 τούτῳ
1030 1472 1107 1538 τῷ
1156 1465 1260 1522 ἔτει
1310 1468 1398 1520 καὶ
1453 1465 1756 1539 Φιλάρετος
1805 1485 1927 1529 κου,

260 1555 591 1627 ροπαλατης
659 1557 687 1610 6
764 1557 1079 1631 Βραχάμιος
1154 1555 1333 1610 πίστιν
1413 1561 1492 1627 τῷ
1562 1555 1778 1631 βασιλξῖ
1834 1560 1923 1612 καὶ

260 1642 561 1702 δούλωσιν.
625 1647 722 1702 ’Ἐν
780 1665 890 1699 τισι
950 1646 1053 1721 γὰρ
1096 1644 1288 1707 τόποις
1346 1644 1572 1721 ὀχυροῖς
1599 1644 1804 1719 τείχεσι
1834 1646 1924 1699 καὶ

258 1733 603 1808 ξυναγκείαις
651 1734 1139 1809 περιειλημμένοις
1196 1735 1295 1802 τήν
1328 1733 1539 1803 οἷ’κησιν
1570 1732 1924 1807 ποιούμενος,

2036 573 2372 630 miserabile
2402 580 2458 630 et
2488 576 2689 631 infelix
2722 577 2919 633 ludus.

2108 844 2333 897 Interea
2390 860 2520 898 vero
2564 844 2703 899 dum
2738 847 3026 902 exercitus
3072 847 3131 902 in
3180 848 3546 918 expeditione
3578 851 3684 905 ad-

2035 946 2238 985 versus
2284 930 2630 986 Basilacium
2680 940 3021 1005 occupatur,
3071 936 3362 992 Patzinaci
3412 954 3543 993 cum
3577 938 3683 995 Co-

2034 1020 2227 1075 manis
2302 1022 2600 1091 conjuncti
2672 1023 3111 1094 Adrianopolim
3188 1024 3474 1095 invasere,
3548 1027 3685 1083 irati

2034 1110 2185 1179 quod
2220 1127 2252 1164 a
2284 1111 2570 1182 Brycnnio
2620 1112 2860 1182 quidam
2912 1130 2979 1168 ex
3031 1114 3176 1185 ipsis
3226 1114 3509 1169 interfecti
3561 1116 3685 1171 fue-

2034 1204 2185 1252 rant.
2218 1198 2511 1253 Succensa
2540 1199 2720 1271 igitur
2748 1217 2885 1271 pyra
2919 1200 3135 1256 multas
3165 1202 3243 1255 ibi
3290 1204 3494 1257 domos
3524 1219 3684 1258 com-

2034 1287 2298 1355 busserc,
2330 1288 2609 1360 nullaque
2660 1306 2719 1343 re
2770 1296 3094 1344 memoratu
3148 1290 3326 1362 digna
3374 1295 3538 1362 gesta
3586 1309 3681 1346 rc-

2034 1377 2182 1430 versi
2216 1383 2374 1431 sunt.

2107 1464 2409 1521 Professus
2439 1470 2527 1521 est
2557 1466 2665 1520 hoc
2693 1482 2846 1521 anno
2876 1466 3050 1521 etiam
3085 1466 3413 1524 Philaretus
3442 1485 3684 1540 curopa-

2033 1553 2178 1609 lates
2210 1555 2592 1610 Urachamius
2624 1556 2795 1610 ﬁdem
2827 1561 2886 1610 et
2923 1554 3259 1610 servitutem
3291 1558 3631 1629 imperatori
3666 1574 3681 1615 :

2033 1645 2091 1699 in
2124 1647 2478 1716 quibusdam
2529 1646 2684 1701 enim
2734 1646 2878 1701 locis
2923 1646 3107 1700 muris
3158 1647 3401 1702 munitis
3448 1652 3504 1701 et
3544 1664 3682 1703 con-

2034 1735 2289 1790 vallibus
2339 1735 2777 1807 comprehensis
2827 1735 3101 1790 habitans
3146 1741 3345 1790 coacta
3379 1735 3682 1791 Armenio-

258 1822 578 1896 Ἀρμενίων
640 1844 697 1877 τε
752 1822 966 1893 πληθὺν
1026 1823 1115 1877 καὶ
1175 1820 1494 1897 συγκλύδων
1525 1820 1736 1897 ἀνδρῶν
1794 1822 1903 1877 συλη

2036 1843 2163 1879 rum
2198 1830 2253 1879 et
2284 1826 2639 1881 advenarum
2672 1824 3073 1893 multitudine,
3107 1842 3410 1896 nunquam
3460 1826 3679 1881 Micha-

257 1910 563 1982 λεξάμενος
603 1957 617 1978 ,
716 1916 794 1983 τῷ
900 1914 993 1985 μὲν
1080 1907 1598 1987 προϐεϐασιλευκότι
1686 1910 1915 1988 Μιχαὴλ

256 1997 719 2063 ἀκαταδούλωτος
768 2002 859 2073 ἦν,
917 2002 1007 2055 καὶ
1066 2002 1163 2069 τὴν
1227 1999 1517 2076 βασιλικὴν
1578 1999 1919 2075 ἰπικράτειαν

252 2090 435 2160 ἑαυτῷ
465 2089 864 2161 οἰκειούμενος,
915 2094 1010 2145 τοῦ
1042 2087 1100 2144 δὲ
1147 2092 1505 2145 Βοτανειάτου
1547 2090 1919 2165 περιζωσαμέ-

247 2199 350 2233 νου
380 2179 481 2246 τὴν
509 2179 688 2255 ἀρχὴν
715 2180 815 2248 τήν
847 2179 1218 2255 αὐτοκράτορα
1249 2177 1446 2241 δοῦλος
1481 2178 1914 2255 αότεπάγγελτος

247 2268 461 2341 γέγονε.

327 2357 504 2418 Λὲκας
566 2354 624 2411 δέ
670 2378 753 2418 τις
805 2356 911 2412 ἀπὸ
973 2354 1348 2411 Παυλικιάνων
1404 2356 1905 2420 Φιλιππουπόλεως

252 2444 591 2517 ὡρμημένος
650 2445 701 2515 ἐξ
758 2442 1159 2522 Ἐπιγαμϐρίας
1214 2445 1572 2520 ηὐτομόλησε
1627 2452 1739 2507 τοῖς
1801 2454 1906 2503 [Ια-

248 2535 529 2600 τζινεὶκοις
567 2577 580 2601 ,
645 2534 735 2588 καὶ
814 2534 1030 2596 τούτοις
1104 2542 1428 2613 συμφρονῶν
1492 2541 1559 2609 τῇ
1620 2537 1902 2610 Ῥωμαίων

251 2621 473 2689 ἠπείλει
526 2624 593 2677 τὰ
651 2618 1020 2701 φοϐερώτατα·
1085 2622 1229 2679 ἀλλά
1280 2626 1368 2679 καὶ
1410 2621 1766 2701 Δοϐρομηρός
1821 2648 1904 2689 τις

250 2708 306 2763 ἒν
363 2707 701 2786 Μεσημϐρίᾳ
760 2710 1067 2771 διακυκῶν.
1131 2714 1227 2767 Καὶ
1282 2719 1363 2786 τῷ
1421 2713 1635 2788 βασιλεῖ
1686 2717 1903 2790 ἀντᾶραι

254 2796 617 2871 μελετῶντες,
678 2798 946 2864 δείσαντες
994 2801 1082 2856 καὶ
1122 2808 1237 2863 τοῖς
1286 2808 1391 2857 τῶν
1447 2801 1632 2858 ἄλλων
1689 2824 1903 2881 σωφρο-

244 2890 515 2951 νισθέντες
564 2895 777 2957 κακοῖς,
807 2892 912 2965 πρὸ
942 2898 1040 2960 τῆς
1066 2891 1252 2962 πείρας
1313 2889 1555 2964 δουλικῷ
1604 2898 1750 2966 ζυγῷ
1779 2895 1905 2956 τοὺς

250 2976 488 3052 αὐχένας
520 2978 808 3033 ὑπέκλιναν
860 2980 950 3034 καὶ
997 2980 1315 3053 προσῆλθον
1374 2981 1541 3036 ἱκέται
1575 2981 1899 3056 αὐτόμολοι.

245 3067 379 3120 Τότε
440 3065 506 3135 δή
540 3068 568 3122 6
628 3069 796 3131 Λέκας
850 3069 941 3123 τὸν
1000 3067 1295 3124 ίπίσκοπον
1348 3067 1617 3145 Ζαρδικῆς
1668 3072 1901 3147 Μιχαὴλ

246 3156 315 3208 τὰ
368 3159 466 3209 τοῦ
548 3154 817 3231 βασιλέως
891 3162 1189 3234 φρονοῦντα
1258 3157 1346 3213 καὶ
1402 3162 1499 3228 τὴν
1558 3158 1723 3215 πόλιν
1773 3160 1901 3215 αὐτὸ

243 3248 411 3298 τοῦτο
443 3250 619 3299 ποιεῖν
681 3250 1043 3321 παραινοῦντα
1082 3245 1282 3314 ἀνεῖλε,
1312 3250 1411 3317 τήν
1461 3248 1603 3303 θείαν
1634 3249 1722 3303 καὶ
1755 3251 1900 3324 ἱερα-
1932 3221 1973 3287 C

240 3335 407 3402 τικήν
450 3332 653 3402 στολήν
695 3334 1103 3410 ἀμπεχόμενον.
1168 3337 1389 3407 Ἠξίωσε
1446 3335 1503 3392 δὲ
1558 3340 1585 3393 6
1649 3337 1902 3414 βασιλεὺς

247 3420 342 3475 καὶ
418 3423 520 3490 τὴν
590 3423 694 3496 πρὸ
765 3428 862 3478 τοῦ
941 3424 1250 3499 Αὖγοῦσταν
1329 3423 1592 3481 Εύδοκίαν
1644 3430 1904 3500 προνοίας

251 3512 525 3583 μεγάλης.
578 3513 733 3587 Ἀρτι
793 3510 851 3567 δὲ
906 3518 1013 3567 τῶν
1068 3515 1319 3589 Τούρκων
1373 3516 1472 3583 τήν
1535 3517 1704 3588 Ἐῲαν
1736 3539 1898 3572 κατα-

243 3599 587 3673 τρεχόντων,
668 3602 890 3675 στρατὸν
967 3602 1263 3677 ἀξιόχρεων
1344 3603 1652 3674 συνηλικὼς
1707 3628 1902 3682 στρατ-

244 3690 380 3761 ηγὸν
437 3688 602 3742 αὐτοῦ
661 3688 906 3767 ἒφίστησι
974 3698 1374 3746 Κωνσταντῖνον
1433 3693 1524 3747 τὸν
1582 3696 1694 3748 υἱὸν
1752 3703 1901 3749 Κων-

243 3776 530 3831 σταντίνου
588 3782 684 3831 τοῦ
747 3779 943 3836 Δούκα.
1013 3780 1117 3836 Καὶ
1173 3780 1361 3835 αὐτίκα
1421 3779 1743 3857 διαπεράσας
1775 3805 1898 3838 vem-

238 3866 441 3934 τερίζει
502 3869 640 3921 κατὰ
694 3873 789 3922 τοῦ
852 3867 1143 3943 βασιλέως,
1223 3871 1311 3924 καὶ
1376 3868 1628 3944 βασιλεὺς
1705 3873 1899 3929 αὐτίκα

243 3954 636 4029 ἀναγορεύεται
704 3957 850 4031 παρὰ
928 3962 1024 4011 τοῦ
1091 3957 1142 4012 ἐν
1222 3958 1564 4031 Χρυσοπόλει
1644 3962 1895 4025 συνόντος

240 4042 391 4114 αύτῷ
480 4049 877 4117 στρατιωτικοῦ
956 4044 1223 4116 πλήθους.
1300 4047 1565 4116 Ἀξιώσας
1641 4046 1697 4103 δὲ
1771 4051 1894 4125 περῖ

237 4131 437 4186 τούτου
494 4134 522 4185 ὁ
585 4130 838 4207 βασιλεὺς
888 4133 978 4187 καὶ
1042 4143 1115 4206 μή
1180 4135 1565 4205 εἰσακουσθεὶς,
1614 4137 1737 4199 τοὺς
1799 4139 1891 4211 μὲν

240 4217 442 4292 δώροις
474 4222 563 4275 καὶ
595 4220 864 4293 ἀξιώμασι
918 4222 1319 4295 μειλιξάμενος,
1353 4221 1557 4287 ἄλλους
1610 4222 1665 4280 δὲ
1722 4226 1893 4282 ἄλλον

237 4310 443 4379 τρόπον
506 4314 1070 4385 μεταχειρισάμενος,
1129 4306 1395 4385 λαμϐάνει
1466 4318 1659 4368 τοῦτον
1741 4316 1892 4369 ἀναι-

240 4399 411 4467 μωτὶ,
475 4400 540 4471 [Ρ
575 4441 589 4454 .
640 4401 768 4472 869]
829 4399 1004 4453 αὐτῶν
1055 4406 1161 4455 τῶν
1220 4403 1691 4477 ἀναγορευσάντων
1752 4425 1891 4478 προ-

235 4482 562 4541 δεδωκότων
594 4488 776 4543 αὐτόν.
814 4489 867 4542 Ἀ
882 4491 1119 4565 ποκείρει
1148 4495 1275 4564 γοῦν
1306 4490 1461 4545 αὐτον
1513 4493 1755 4567 μοναχὸν
1802 4494 1891 4547 καὶ

2028 1914 2125 1980 eli,
2161 1916 2261 1986 qui
2312 1920 2482 1969 antea
2530 1916 2938 1987 imperaverat,
2970 1914 3184 1984 subjici
3233 1914 3434 1983 voluit,
3464 1918 3520 1969 et
3564 1913 3675 1969 sibi

2030 2005 2245 2076 regiam
2282 2008 2624 2075 potestatem
2652 2004 3067 2059 vindicaverat.
3102 2007 3315 2059 Verum
3351 2019 3483 2058 cum
3516 2007 3680 2058 Bota-

2028 2092 2212 2148 niates
2262 2094 2509 2165 adeptus
2555 2096 2711 2148 esset
2761 2092 3099 2164 imperium,
3144 2108 3347 2149 servus
3400 2092 3555 2148 ultro
3604 2094 3678 2148 ad

2025 2201 2158 2239 eum
2192 2182 2460 2239 accessit.

2090 2364 2265 2418 Lecas
2298 2366 2491 2417 autem
2543 2361 2784 2433 quidam
2819 2377 2849 2415 a
2880 2359 3236 2415 Paulicianis
3267 2376 3335 2414 ex
3367 2359 3667 2431 Philippo-

2018 2454 2133 2525 poli
2167 2454 2479 2525 profectus,
2510 2452 2883 2523 Epigambria
2912 2452 2982 2506 ad
3032 2451 3374 2506 Patzinacas
3406 2450 3663 2505 transfu-

2015 2544 2114 2613 git,
2148 2548 2203 2597 et
2238 2559 2368 2596 cum
2405 2542 2497 2596 his
2546 2540 2919 2596 consentiens
2958 2539 3238 2595 Romanis
3271 2536 3666 2595 formidabilis

2016 2632 2391 2697 minabatur;
2453 2630 2595 2701 quin
2654 2630 2828 2684 etiam
2892 2628 3247 2683 Dobromiris
3305 2628 3543 2698 quidam
3605 2626 3665 2681 in

2015 2721 2362 2778 Mesembria
2393 2738 2484 2775 res
2538 2720 2906 2791 perturbans.
2942 2723 3007 2773 Et
3039 2724 3281 2789 uterque
3313 2717 3667 2772 meditantes

2014 2809 2350 2881 imperatori
2410 2808 2701 2875 resistere,
2734 2807 2900 2862 veriti
2935 2811 2993 2861 et
3041 2806 3289 2861 aliorum
3332 2804 3502 2859 malis
3532 2803 3667 2859 edo-

2014 2898 2111 2967 cti,
2145 2904 2278 2953 ante
2310 2901 2581 2952 conatum
2626 2895 2819 2951 servili
2846 2896 2990 2967 jugo
3022 2894 3274 2949 cervices
3314 2892 3669 2952 submisere,

2012 2992 2069 3043 et
2102 2988 2171 3042 ad
2203 3002 2336 3041 eum
2370 2985 2521 3040 ultro
2554 2985 2851 3055 supplices
2870 2986 3260 3038 accesserunt.
3294 2982 3459 3036 Tunc
3489 2980 3665 3035 Lecas

2012 3075 2351 3147 episcOpum
2426 3072 2693 3127 Sardices
2768 3070 3138 3142 imperatoris
3198 3069 3553 3137 studiosum,
3610 3071 3667 3122 et

2013 3164 2309 3218 civitatem
2343 3166 2407 3217 ut
2454 3161 2562 3216 hoc
2608 3160 2801 3232 ipsum
2853 3159 3066 3214 faceret
3106 3158 3536 3226 adhortantem,
3569 3172 3664 3212 oc-

2013 3252 2154 3308 cidit
2188 3253 2336 3307 742
2370 3267 2598 3307 sacram
2647 3254 2704 3304 et
2749 3248 3171 3304 sacerdotalem
3228 3253 3449 3303 vestem
3501 3246 3668 3300 indu-

2013 3349 2161 3398 tum.
2224 3343 2493 3413 Magnam
2554 3356 2789 3412 quoque
2848 3356 3047 3394 curam
3107 3338 3290 3409 gessit
3345 3336 3665 3406 imperator

2016 3432 2277 3487 Eudociae
2319 3430 2478 3484 illius
2524 3446 2653 3500 qum
2693 3433 2825 3483 ante
2874 3444 2935 3481 se
2966 3428 3155 3482 fuerat
3200 3428 3480 3492 Augusta.
3517 3422 3660 3478 Cum

2012 3540 2144 3578 vero
2194 3535 2381 3592 nuper
2425 3517 2597 3574 Turci
2658 3517 2951 3573 Orientem
2994 3517 3416 3585 percurrerent,
3463 3518 3660 3567 coacto

2014 3614 2219 3666 idoneo
2278 3607 2553 3663 exercitui
2614 3606 2817 3659 ducem
2888 3603 3143 3675 praefecit
3206 3600 3658 3657 Constantinum

2012 3697 2377 3756 Constantini
2433 3698 2593 3750 Ducas
2627 3694 2850 3760 ﬁlium;
2887 3692 2986 3764 qui
3038 3692 3237 3747 statim
3274 3692 3518 3759 trajecto
3558 3706 3656 3743 ex-

2010 3790 2194 3845 ercitu
2262 3789 2544 3843 adversus
2606 3785 3018 3855 imperatorem
3072 3798 3165 3837 res
3218 3782 3475 3845 innovat,
3528 3783 3583 3833 et
3628 3795 3658 3833 e

2008 3878 2251 3950 vestigio
2283 3878 2599 3947 imperator
2630 3873 2701 3927 ab
2749 3890 2814 3927 ea
2847 3872 3084 3926 militari
3122 3869 3499 3925 multitudine
3529 3884 3657 3938 qua:

2007 3984 2140 4022 cum
2195 3967 2320 4037 ipso
2368 3968 2494 4019 erat
2544 3959 2883 4032 Chrysopoli
2935 3959 3243 4014 salutatur.
3277 3962 3539 4027 Cumque
3586 3955 3659 4010 de

2009 4056 2133 4125 ipso
2166 4056 2490 4123 imperator
2517 4050 2801 4105 voluisset
2833 4048 3030 4103 nescio
3062 4048 3201 4118 quid
3236 4050 3510 4111 statuere,
3541 4061 3656 4098 non

2005 4144 2337 4209 exauditus,
2370 4141 2514 4195 alios
2545 4139 2715 4195 donis
2746 4143 2921 4209 atque
2971 4137 3259 4191 honorum
3286 4133 3655 4207 pollicitatio-

2005 4234 2180 4288 nibus
2212 4231 2517 4296 deliniens,
2565 4228 2709 4283 alios
2740 4226 2854 4281 alia
2897 4226 3120 4281 ratione
3170 4225 3240 4279 ab
3289 4225 3519 4295 incepto
3551 4221 3652 4275 ab-

2003 4324 2245 4389 ducens,
2313 4322 2509 4393 ipsum
2559 4319 2687 4373 sine
2730 4318 3012 4390 sanguine
3074 4316 3304 4386 accipit,
3355 4312 3649 4384 proditum

2003 4412 2115 4468 sibi
2166 4413 2237 4467 ab
2284 4411 2355 4466 iis
2406 4410 2503 4481 qui
2552 4425 2685 4463 eum
2738 4407 3148 4478 imperatorem
3191 4403 3647 4459 declaraverant.

2007 4502 2285 4557 Detondet
2317 4499 2496 4571 igitur
2525 4496 2686 4551 illum
2741 4496 3118 4559 monachum,
3153 4498 3208 4547 et
3238 4494 3295 4546 in
3329 4492 3648 4563 quamdam

234 4572 317 4636 εἷς
347 4596 461 4629 τινα
490 4582 655 4643 νῆσον
690 4579 1011 4650 περιορίζει.
1046 4579 1275 4652 Λέγεται
1308 4577 1362 4633 δὶ
1397 4579 1477 4634 ὅτι
1510 4581 1597 4635 καὶ
1631 4581 1705 4644 εἷς
1738 4603 1894 4658 πρεσ-

2030 4590 2259 4646 nsulam
2313 4586 2549 4659 relegat.
2585 4586 2788 4640 Fertur
2834 4585 3009 4639 etiam
3042 4584 3111 4638 ad
3164 4580 3485 4653 presbyteri
3516 4596 3649 4650 gra-

234 4657 467 4737 ϐυτὲρου
499 4665 719 4739 ἀνήχθη
760 4666 963 4739 βαθμόν
975 4708 987 4722 .

305 4748 627 4826 ’(⁷)κτωϐρίῳ
713 4751 771 4807 δὲ
859 4754 1035 4827 μηνὶ,
1106 4753 1441 4819 ἷνδικτιῶνος
1508 4760 1588 4833 ιγ’,
1634 4763 1887 4835 κεραυνὸς

230 4838 505 4913 ἐνσκήψας
552 4840 605 4895 ἰν
666 4846 746 4913 τῷ
797 4846 894 4897 τοῦ
957 4842 1198 4918 μεγάλου
1254 4847 1658 4903 Κωνσταντίνου
1706 4850 1886 4919 κίονι,

230 4927 297 4982 οὗ
360 4928 555 4983 ἀνωθεν
614 4931 648 4999 ἡ
705 4930 883 5001 στήλη
946 4932 1110 4987 αὑτοῦ
1143 4936 1256 5007 (50)
1283 4932 1494 4990 ἵστατο.
1529 4936 1885 5002 Ἀπόλλωνος

228 5018 374 5071 οὖσα
428 5016 709 5095 ἀφίδρυμα
758 5021 1045 5094 πρότερον,
1109 5022 1184 5084 εἷς
1246 5019 1419 5097 ὄνομα
1478 5023 1534 5080 δὲ
1583 5047 1888 5101 μετονομα-

226 5112 468 5175 σθεῖσα,
546 5106 711 5182 μέρος
791 5129 849 5162 τε
904 5109 1101 5164 τούτου
1168 5108 1401 5185 διέτεμε,
1454 5115 1542 5168 καὶ
1605 5120 1885 5191 ζωστῆρας

220 5200 403 5269 τρεῖς,
446 5192 705 5265 σιδηροῦς
754 5196 848 5269 μὲν
908 5198 974 5251 τὰ
1033 5196 1205 5270 ἔνδον,
1255 5200 1320 5255 τὰ
1374 5199 1430 5256 δὲ
1489 5198 1587 5274 ἔξω
1616 5202 1881 5279 χαλκοῦς,

220 5282 552 5341 κατέκαυσε.
640 5289 750 5339 Τοῦ
830 5282 887 5339 Et
975 5285 1276 5363 ἀρχιερέως
1356 5296 1456 5359 τῆς
1538 5291 1882 5367 Βουλγαρίας

2001 4680 2139 4734 dum
2176 4677 2511 4749 perductus.

2067 4766 2300 4822 Octobri
2334 4771 2530 4820 autem
2580 4779 2800 4818 mense.
2836 4762 3155 4817 indictione
3197 4759 3423 4814 decima
3451 4757 3648 4821 tertia,

1999 4855 2217 4910 fulmen
2272 4853 2468 4925 magni
2514 4851 2879 4907 Constantini
2939 4849 3271 4905 columnam
3335 4845 3646 4917 percussit,

1996 4961 2176 5015 supra
2207 4959 2381 5014 quam
2408 4941 2602 4997 stabat
2631 4939 2819 5011 ipsius
2850 4937 3296 5009 columna,'quae
3330 4936 3492 5007 prius
3523 4938 3649 4989 erat

1995 5034 2163 5087 sedes
2197 5030 2732 5104 Apollinis,deinde
2764 5027 2999 5083 nomine
3030 5026 3217 5099 ipsius
3240 5024 3533 5098 appellata
3557 5042 3570 5093 ;
3592 5028 3650 5078 et

1994 5126 2218 5192 partem
2251 5122 2378 5191 ejus
2409 5118 2666 5184 discidit,
2702 5117 2931 5186 triaque
2960 5114 3191 5171 vincula
3240 5115 3400 5169 intus
3441 5113 3647 5179 ferrea,

1993 5214 2156 5264 extra
2187 5225 2332 5264 terea
2380 5207 2729 5263 combussit.
2760 5205 2890 5259 Vita
2943 5210 3139 5260 autem
3192 5206 3391 5259 functo
3421 5202 3648 5258 Joanne

1994 5297 2276 5370 Bulgaria:
2310 5296 2748 5368 archiepiscopo
2781 5294 2839 5349 in
2871 5294 3120 5350 transitu
3155 5290 3645 5361 Basilacii,alium

1526 5462 1767 5521 JACOBI
1808 5466 2020 5523 GOARI
2060 5468 2289 5523 NOTAE.

294 5580 417 5651 (£9)
453 5582 670 5662 Fonteii:
699 5578 891 5662 Bp‘ﬁotv'
913 5582 1000 5662 vel
1018 5582 1443 5662 βρύσην-Ιιῼάίϐ
1465 5590 1654 5662 _vulgo
1698 5593 1877 5648 (irasci

222 5648 593 5723 nnowpant.
627 5648 956 5707 Βασιλακίου
987 5648 1195 5729 itaque
1238 5658 1425 5731 βρύσις
1463 5648 1627 5718 locus
1679 5663 1777 5719 ubi
1809 5680 1876 5719 ex

1990 5594 2216 5650 effossis
2247 5594 2374 5665 ejus
2406 5591 2593 5648 oculis
2624 5593 2867 5665 sanguis
2897 5595 3090 5667 erupit
3119 5599 3207 5650 est
3237 5595 3447 5650 dictus.

2055 5667 2167 5736 (50)
2198 5667 2331 5736 Ejus
2358 5668 2564 5720 statua.
