4040 6196
322 328 442 388 4⁵15

1644 324 1971 387 JOANNIS
2014 326 2415 388 SCYLITZ/E

3614 324 3736 383 4'16

324 463 382 518 in
407 461 537 533 ejus
556 458 750 518 locum
774 460 1090 531 imperator
1110 459 1743 528 declaravit,Joannem
1770 458 1974 515 itidem

2097 458 2343 515 Ἰωάννου
2396 458 2825 529 τελευτήσαντος
2869 456 2923 513 ιν
2952 461 3021 532 τῇ
3054 462 3151 512 τοῦ
3184 456 3513 513 Βασιλακίου
3545 453 3734 530 διόδῳ,

328 551 583 620 nomine,
614 550 715 621 qui
767 549 1007 616 Aoinus,
1042 550 1097 604 id
1130 556 1219 606 est
1259 550 1605 618 abstemius,
1637 550 1973 616 vocabatur,

327 641 480 711 quod
516 655 820 709 nunquam
865 639 1066 693 vinum
1101 644 1380 711 gustaret.
1431 638 1714 693 Similiter
1743 646 1973 693 mortuo

327 727 645 782 Antiochiae
662 727 1648 799 patriarchadeclaravitimperator
1662 728 1971 799 quemdam

328 816 717 886 Nicephorum
750 816 1018 870 Maurum
1047 817 1196 872 743
1220 816 1974 888 cognomento.Scopiorum

328 910 523 961 autem
569 906 688 959 dux
730 905 990 960 delectus
1023 911 1111 960 est
1144 907 1461 961 Alexander
1510 906 1828 961 Cabasilas.
1866 907 1977 961 Leo

330 1010 459 1049 vero
507 994 863 1049 Diabatenus
912 994 969 1048 in
1008 995 1418 1049 Mezembriam
1472 994 1691 1049 missus
1739 1011 1832 1049 res
1863 994 1983 1049 illic

332 1082 769 1147 moderabatur,
786 1087 842 1137 et
863 1099 994 1137 cum
1028 1083 1349 1138 Patzinacis
1372 1087 1427 1137 et
1446 1083 1721 1138 Comanis
1747 1098 1983 1154 percus-

332 1187 397 1227 so
432 1170 644 1226 foedere
672 1171 994 1227 consensit.
1027 1172 1197 1227 Dedit
1226 1172 1363 1226 item
1399 1172 1617 1227 sororis
1649 1190 1767 1227 suae
1802 1171 1981 1226 ﬁliam

333 1260 701 1331 Synadenen,
760 1260 1050 1315 Theodulo
1122 1261 1428 1332 Synadeno
1500 1260 1779 1331 genitam,
1844 1259 1985 1315 crali

334 1347 599 1419 Ungariaa
659 1364 917 1414 uxorem,
952 1365 1067 1419 quo
1123 1348 1297 1403 etiam
1357 1354 1586 1403 mortuo
1645 1366 1854 1403 rursus
1900 1353 1988 1403 est

334 1436 677 1508 Byzantium
729 1453 979 1492 reversa.
1028 1441 1092 1491 Et
1140 1436 1242 1491 alii
1278 1438 1447 1492 multi
1499 1436 1879 1509 metropolitm
1930 1442 1988 1492 et

332 1525 485 1580 sacri
517 1526 625 1581 viri
657 1526 785 1597 ipso
837 1526 1165 1598 imperante
1218 1524 1425 1583 delecti
1476 1531 1616 1582 sunt
1647 1547 1661 1596 ;
1695 1527 1793 1599 qui
1826 1528 1987 1582 omni

332 1614 786 1685 reprehensione
808 1620 1144 1670 caruerunt.
1186 1619 1510 1687 Imperator
1531 1620 1726 1671 autem
1749 1615 1989 1687 frugali-

336 1703 439 1758 tati
470 1708 528 1758 et
558 1703 925 1775 simplicitati
974 1710 1249 1759 assuetus
1281 1705 1443 1759 nulla
1492 1721 1559 1760 ex
1607 1710 1771 1776 parte
1802 1722 1835 1759 a
1866 1704 1989 1760 suis

335 1790 598 1846 moribus
621 1791 955 1847 declinavit.
993 1793 1124 1847 Erat
1162 1796 1355 1848 autem
1398 1793 1651 1848 maxime
1684 1797 1989 1864 promptus

336 1880 408 1935 ad
442 1880 811 1952 largiendum
840 1886 896 1935 et
924 1880 1376 1937 liberalissimus
1405 1886 1463 1937 et
1505 1882 1573 1937 ad
1618 1898 1822 1937 omnes
1854 1898 1985 1953 pro-

336 1985 577 2041 pensus.
613 1969 920 2042 Erantipsi
946 1972 1061 2025 duo
1103 1971 1251 2025 servi
1294 1970 1522 2026 Borilus
1548 1975 1604 2026 et
1634 1970 1984 2037 Germanus,

337 2058 438 2129 qui
463 2075 577 2113 non
603 2058 657 2113 ei
683 2063 744 2113 ut
762 2059 909 2114 servi
938 2059 1309 2125 obediebant,
1327 2061 1427 2115 sed
1452 2076 1812 2131 quaecunque
1842 2060 1988 2131 ipsis

338 2146 609 2210 liberent,
668 2147 797 2202 sine
855 2149 1252 2204 controversia
1307 2150 1700 2221 peragebant;
1752 2153 1989 2221 propter

340 2253 487 2308 quos
510 2236 609 2291 ille
630 2237 868 2293 odiosus
891 2242 1015 2293 erat
1038 2243 1281 2293 senatus
1302 2237 1688 2309 principibus,
1721 2237 1822 2309 qui
1840 2253 1990 2310 aegre

340 2326 605 2381 ferebant
653 2325 886 2381 illorum
942 2328 997 2381 in
1047 2344 1247 2383 omnes
1278 2327 1555 2383 facinora.
1593 2327 1697 2383 Ubi
1735 2343 1892 2393 vero,
1926 2331 1989 2381 ut

342 2414 614 2484 superius
663 2414 1026 2470 declaratum
1077 2422 1184 2484 est,
1215 2415 1512 2487 logotbeta
1561 2417 1631 2469 ad
1683 2414 1987 2470 Ruselium

343 2502 605 2574 confugit
629 2510 686 2557 et
707 2505 859 2576 apud
894 2505 1087 2575 ipsum
1124 2510 1515 2559 commoratus
1537 2509 1645 2566 est,
1679 2505 1987 2558 detonsus-

343 2608 456 2663 que
489 2593 559 2647 ab
591 2592 718 2663 ipso
750 2592 1424 2658 servabatur,Ruselium
1448 2608 1664 2647 veneno
1688 2592 1986 2645 interficit.

344 2680 453 2735 Sed
489 2697 522 2735 a
553 2681 896 2752 propinquis
928 2680 1142 2736 Ruselii
1176 2681 1246 2735 ad
1279 2680 1640 2735 Botaniatem
1675 2681 1989 2751 perductus

345 2769 402 2822 in
438 2768 609 2822 Prota
655 2767 850 2823 insula
905 2774 1256 2823 asservatur.
1304 2769 1569 2839 Cumque
1620 2768 1656 2821 ii
1707 2767 1806 2838 qui
1856 2785 1987 2823 cum

348 2858 476 2927 ipso
506 2861 672 2911 erant
701 2857 918 2927 optime
950 2846 1208 2922 nossent,
1226 2856 1274 2912 si
1306 2855 1499 2911 solum
1530 2855 1724 2927 ipsum
1750 2856 1987 2924 videret,

349 2944 468 2999 fore
490 2948 553 2998 ut
572 2945 801 2999 veniam
825 2950 1301 3016 consequeretur,
1327 2948 1527 3016 utpote
1548 2944 1648 3015 qui
1673 2943 1990 2999 multarum

343 3052 536 3091 rerum
570 3052 683 3092 usu
716 3037 991 3107 praeditus
1022 3040 1268 3099 esset,et
1298 3036 1615 3107 imperator
1644 3035 1769 3107 ipse
1801 3036 1870 3090 ad
1899 3052 1989 3091 res

340 3124 628 3195 gerendas
650 3129 807 3179 esset
829 3123 1111 3192 hebetior,
1145 3124 1244 3196 qui
1276 3140 1407 3179 cum
1443 3124 1797 3196 imperatore
1826 3130 1990 3179 erant

2082 544 2264 623 ἕτερον
2314 549 2424 603 ἀντ’
2471 547 2635 602 αὑτοῦ
2688 550 2716 602 6
2772 546 3027 624 βασιλεὺς
3073 542 3429 621 προεϐάλετο,
3480 546 3737 615 Ἰωάννην

2085 639 2174 693 καὶ
2226 638 2383 692 αὐτὸν
2433 636 2798 711 καλούμενον,
2841 640 3060 692 ’Ἀοινον
3096 634 3152 692 δί
3183 636 3587 709 ὀνομαζόμενον
3650 632 3741 689 διὰ

2082 728 2146 782 τὸ
2202 724 2331 799 μηδ’
2388 726 2532 789 ὅλως
2570 727 2817 801 μετέχειν
2864 726 3047 783 αὐτοῦ.
3107 724 3375 787 Ὡσαύτως
3436 722 3609 779 δὲκαὶ
3642 728 3739 777 τοῦ

2088 818 2426 891 Ἀντιοχείας
2530 816 2874 891 πατριάρχου
2958 815 3317 888 κοιμηθέντος
3400 810 3740 888 προεϐάλετο

2088 907 2116 960 6
2179 904 2437 980 βασιλεύς
2493 926 2612 959 τιδα
2673 904 2981 980 Νικηφόρον
3020 948 3033 973 ,
3095 906 3315 981 Μαῦρον
3372 904 3469 971 τὴν
3526 902 3739 957 ἐπωνυ-

2095 994 2217 1067 μίαν
2276 992 2527 1071 ιρέροντα.
2590 992 2842 1048 Σκοπίων
2904 990 2963 1047 6‘s
3021 990 3146 1063 δοὺξ
3197 987 3517 1067 προεϐλήθη
3552 994 3579 1047 6
3639 998 3741 1045 Κα-

2092 1079 2319 1144 ϐασίλας
2378 1080 2731 1156 Ἀλέξανδρος
2767 1127 2779 1139 .
2840 1081 2989 1137 Λέων
3068 1079 3124 1136 δὲ
3182 1084 3209 1137 6
3271 1077 3605 1152 Διαϐατηνὸς
3662 1081 3738 1143 είς

2092 1166 2458 1245 Μεσημϐρίαν
2517 1169 2842 1233 ἀποσταλεὶς
2901 1171 2968 1225 τὰ
3031 1170 3200 1226 ἐκεῖσε
3249 1170 3311 1237 ἦν
3371 1168 3590 1225 διοικῶν
3651 1170 3745 1224 καὶ

2097 1262 2231 1334 μετὰ
2284 1264 2392 1314 τῶν
2449 1259 2795 1329 Πατζινάκων
2852 1260 3081 1315 καὶτῶν
3140 1260 3405 1331 Κομάνων
3465 1253 3742 1331 συμϐιϐά-

2094 1371 2204 1411 σεις
2260 1350 2347 1404 καὶ
2409 1346 2641 1411 σπονδὰς
2698 1349 2975 1421 τιθέμενος
3011 1390 3023 1403 .
3085 1346 3293 1403 Δέδωκε
3371 1345 3427 1403 δὲ
3497 1349 3587 1403 καὶ
3644 1349 3747 1416 τὴν

2096 1439 2315 1511 ἀνεψιὰν
2347 1437 2515 1493 αὐτοῦ
2564 1440 2591 1492 ὁ
2646 1436 2897 1512 βασιλεὺς
2939 1439 3037 1507 τήν
3082 1434 3418 1507 Συναδηνὴν,
3475 1438 3745 1512 θυγατέρα

2096 1524 2258 1582 οὖσαν
2302 1524 2625 1603 ηΘεοδούλου
2678 1531 2778 1581 τοῦ
2839 1523 3170 1596 Συναδηνοῦ,
3202 1531 3282 1597 τῷ
3328 1524 3504 1600 κράλῃ
3534 1525 3747 1601 Οὖγγα-

2100 1618 2218 1691 ρίας
2266 1616 2343 1677 εἷς
2402 1622 2651 1691 γυναῖκα,
2709 1615 2772 1669 οὗ
2838 1617 2924 1670 καὶ
2983 1614 3409 1685 τελευτήσαντος
3464 1615 3618 1678 αὖθις
3670 1626 3749 1675 εις

2096 1706 2157 1760 τὸ
2190 1706 2479 1775 Βυζάντιον
2516 1705 2832 1779 ὑπέστρεψε.
2893 1705 2991 1759 Καὶ
3024 1704 3365 1781 χειροτονίας
3418 1701 3475 1758 δὶ
3531 1702 3751 1764 πολΑὰς

2021 1834 2068 1897 Β
2103 1794 2529 1869 μητροπολιτῶν
2580 1816 2639 1849 τε
2680 1793 2770 1848 καὶ
2816 1798 2924 1849 τῶν
2966 1791 3151 1855 ἄλλως
3176 1794 3485 1869 ἱερωμένων
3514 1788 3750 1869 γεγόνα-

2214 1883 2228 1897 .
2286 1887 2293 1897 .
2367 1890 2393 1897 -
2483 1884 2510 1897 η
2610 1881 2629 1897 κ
2684 1882 2694 1897 ,
2831 1882 2844 1897 .
2922 1887 2947 1897 ..
3079 1884 3091 1897 .
3138 1879 3160 1897 ,ι
3429 1883 3442 1897 ε
3494 1883 3507 1897 .
3622 1880 3657 1897 Α

2096 1905 2176 1938 σιν
2210 1883 2296 1938 ἐπὶ
2328 1890 2427 1953 τῆς
2483 1881 2758 1959 βασιλείας
2789 1882 2972 1953 αὐτοῦ,
3026 1884 3100 1955 μὴ
3135 1879 3357 1957 ἔχουσαι
3390 1883 3451 1937 τὸ
3484 1880 3745 1951 ἀνεπίλη-

2096 1995 2252 2028 πτον.
2305 1974 2365 2029 Ὀ
2420 1970 2478 2026 δὲ
2530 1971 2782 2047 βασιλεὺς
2818 1971 3061 2041 λιτότητι
3112 1972 3202 2026 καὶ
3252 1968 3525 2041 ἁπλότητι
3575 1992 3752 2026 συνει-

2096 2064 2348 2135 θισμένος
2377 2062 2494 2117 κατ’
2533 2058 2685 2116 οὐδὲν
2717 2065 2814 2116 τοῦ
2846 2061 3047 2116 οἰκείου
3079 2060 3260 2132 ἐξέστη
3309 2061 3535 2137 τρόπου.
3571 2060 3747 2117 Φιλο-

2099 2148 2407 2226 δωρότατος
2458 2147 2514 2204 δὲ
2559 2151 2625 2219 ἦν
2674 2150 2764 2204 καὶ
2813 2150 3097 2224 προετικὸς
3146 2148 3233 2204 καὶ
3291 2156 3449 2205 πᾶσιν
3510 2150 3752 2222 ἑτοίμως

2097 2238 2531 2312 ὲπικλινόμενος.
2592 2242 2756 2293 Ἦσαν
2813 2237 2870 2294 δὲ
2897 2240 3079 2311 τούτῳ
3110 2236 3301 2294 δοῦλοι
3360 2236 3479 2307 δύο,
3512 2238 3753 2313 Βορίλος

2096 2350 2154 2384 τε
2204 2330 2293 2384 καὶ
2344 2328 2640 2402 Γερμανὸς,
2672 2328 2734 2383 οὗ
2784 2329 2916 2383 κατὸ
2947 2325 3185 2401 δούλους
3228 2327 3391 2382 αὐτοῦ
3452 2328 3755 2383 ὑπακούονο

2095 2439 2205 2486 τες,
2265 2416 2410 2472 ἀλλὰ
2456 2422 2558 2471 πᾶν
2617 2418 2677 2472 τὸ
2732 2418 2917 2479 αὐτοῖς
2982 2416 3254 2493 βουλητὸν
3286 2414 3744 2493 διαπραττόμενοι

2098 2505 2501 2568 ἀνενδοιάστος⁶
2551 2503 2620 2560 δι’
2669 2504 2760 2567 οὓς
2809 2508 2898 2560 καὶ
2943 2506 3201 2584 φορτικὸς
3238 2511 3353 2568 τοῖς
3382 2505 3747 2582 ἐξοχωτέροις

2096 2603 2197 2664 τῆς
2256 2593 2565 2668 συγκλήτου
2614 2594 2928 2667 ἐνομίζετο,
2987 2592 3342 2667 δακνομένυις
3392 2593 3472 2671 ἂρ’
3524 2596 3605 2656 οἷς
3665 2593 3747 2655 εἷς

2098 2687 2301 2744 πάντας
2363 2679 2750 2737 ἐπεδείκνυντο.
2820 2682 2967 2738 Ἑπεἓ
3028 2679 3105 2750 δὲ,
3164 2684 3236 2743 ὡς
3286 2681 3507 2759 ὁλόγος
3540 2684 3751 2757 φθάσας

2102 2772 2409 2847 ἱστόρησεν,
2484 2773 2510 2826 6
2568 2770 2864 2846 λογοθὲτης
2918 2775 2997 2843 τῷ
3042 2770 3344 2844 Ῥουσελίῳ
3404 2769 3755 2845 προσέδραμε

2099 2860 2187 2914 καὶ
2242 2861 2387 2935 παρὰ
2442 2859 2622 2932 τοῦτῳ
2681 2857 2835 2934 διῆγε
2883 2860 3233 2935 κατασχεθείς
3287 2880 3345 2915 τε
3401 2860 3536 2935 πρὸς
3582 2858 3754 2915 αὑτοῦ

2100 2947 2368 3023 ἆτηρεῖτο,
2438 2949 2499 3002 τὸ
2580 2950 2673 3022 μὶν
2760 2948 3065 3003 Ῥουσὲλιον
3154 2949 3424 3025 φαρμάκῳ
3507 2948 3757 3023 ἀναιρεῖ,

2098 3038 2243 3113 παρὰ
2296 3034 2352 3092 δὲ
2409 3041 2516 3091 τῶν
2576 3035 2900 3107 ἐπιτηδείων
2958 3042 3055 3092 τοῦ
3114 3036 3428 3093 Ῥουσελίου
3480 3042 3558 3109 τῷ
3589 3043 3761 3093 Βοτα-

2098 3128 2282 3201 νειάτῃ
2339 3126 2669 3201 προσαχθεὶς
2720 3131 3033 3203 φρουρεῖται
3091 3124 3142 3179 ἓν
3191 3129 3261 3191 τῆ
3318 3127 3466 3198 νήσῳ
3525 3126 3755 3199 Πρώτῃ.

339 3213 493 3268 haud
526 3214 850 3269 conducere
900 3214 1012 3269 sibi
1064 3215 1465 3270 existimantes
1515 3214 1658 3285 (fore
1687 3215 1842 3270 enim
1872 3215 1984 3270 sibi

2097 3220 2209 3269 Τῶν
2268 3212 2325 3269 δὶ
2366 3214 2489 3291 περὶ
2549 3201 2997 3269 αὐτῶν-εἰδότων
3053 3209 3293 3289 ἀκριϐῶς
3350 3214 3425 3277 ὡς
3482 3215 3525 3267 εἱ
3582 3214 3754 3286 μόνον

338 3302 757 3373 impedimento
821 3305 971 3359 744
1026 3304 1501 3375 suspicabantur)
1534 3306 1715 3360 misso
1776 3320 1989 3380 magno

337 3392 718 3447 hetaeriarcha
766 3394 1222 3449 Straboromano
1275 3410 1409 3448 eum
1461 3394 1861 3460 interficiunt;
1895 3393 1987 3449 cui

338 3485 533 3536 tamen
559 3482 631 3536 ab
658 3480 1009 3549 imperatore
1033 3483 1089 3537 id
1118 3500 1298 3537 unum
1326 3483 1667 3537 mandatum
1704 3484 1907 3552 fuerat,
1931 3486 1992 3536 ut

339 3570 409 3625 de
440 3570 512 3624 iis
545 3570 809 3641 pecuniis
860 3588 985 3641 quas
1017 3571 1087 3625 ad
1122 3571 1339 3641 regiam
1384 3572 1584 3625 urbem
1632 3572 1993 3641 pertinerent

338 3674 472 3713 eum
506 3659 672 3714 modo
724 3659 1131 3729 interrogaret,
1185 3674 1375 3729 neque
1426 3658 1673 3714 ulterius
1723 3659 1780 3712 in
1816 3659 1988 3714 rebus

338 3747 386 3801 ei
423 3746 752 3803 molestiam
787 3747 1108 3803 exhiberet.
1144 3747 1246 3801 Ille
1277 3753 1471 3802 autem
1504 3746 1680 3802 simul
1714 3752 1889 3818 atque
1920 3749 1989 3802 ad

339 3852 469 3891 eum
500 3837 781 3907 pervenit,
805 3836 1195 3906 vincirijubet
1219 3840 1275 3890 et
1300 3836 1505 3890 acerbe
1535 3836 1815 3907 torqueri,
1849 3838 1992 3891 adeo

344 3930 408 3979 ut
440 3926 497 3979 in
530 3926 675 3996 ipsis
700 3926 1010 3980 tormentis
1036 3924 1292 3979 animam
1319 3923 1828 3996 efﬂarit,quamvis
1857 3942 1992 3995 pro-

344 4014 625 4081 mitteret,
654 4016 704 4069 si
738 4031 853 4069 non
888 4018 1277 4085 torqueretur,
1310 4030 1371 4067 sc
1405 4018 1463 4068 et
1505 4014 1911 4069 confessurum
1940 4018 1995 4070 et

344 4103 710 4157 redditurum
764 4104 924 4174 ipsas
976 4102 1274 4173 pecunias.
1308 4102 1543 4171 Verum,
1578 4107 1643 4156 ut
1689 4102 1827 4169 dixi,
1879 4121 1991 4158 non

343 4198 572 4247 tantum
622 4191 767 4262 ipsis
820 4208 973 4246 curm
1005 4197 1173 4246 erant
1205 4190 1347 4262 regii
1392 4191 1677 4256 thesauri,
1710 4198 1993 4263 quantum

342 4280 570 4334 efﬁcere
605 4285 667 4333 ut
697 4296 725 4334 e
752 4280 944 4333 medio
971 4278 1296 4349 tolleretur,
1326 4279 1601 4350 priusque
1632 4280 1688 4334 in
1721 4297 1995 4352 conspec-

346 4373 470 4423 tum
505 4368 739 4423 veniens
788 4367 1159 4440 imperatoris
1193 4385 1326 4423 cum
1350 4384 1417 4423 eo
1449 4368 1896 4440 colloqueretur.
1933 4372 1999 4425 Et

350 4476 479 4530 quas
504 4459 576 4513 ad
606 4459 823 4514 caedem
876 4458 1179 4530 logothetm
1230 4459 1525 4531 pertinent
1575 4459 1731 4514 hunc
1780 4462 1998 4518 exitum

354 4549 626 4603 habuere.

2100 3302 2190 3379 ἴδῃ
2250 3303 2449 3371 αὐτὸν,
2503 3302 2838 3376 συμπαθείας
2891 3324 2950 3357 τε
3000 3302 3236 3372 τεύξεται
3289 3302 3379 3357 καὶ
3434 3302 3509 3363 είς
3566 3303 3629 3356 τὸ
3684 3302 3759 3356 τὰ

2097 3393 2254 3448 κοινὰ
2347 3390 2571 3446 διοικεῖν
2659 3390 3141 3469 προσληφθήσεται
3227 3392 3303 3455 ὡς
3383 3390 3754 3466 πολύπειρος,

2100 3479 2442 3557 ἀμϐλύτερον
2478 3480 2614 3555 πρὸς
2669 3485 2835 3535 ταῦτα
2862 3484 2959 3535 τοῦ
2994 3479 3264 3555 βασιλέως
3312 3475 3561 3555 ἔχοντος,
3613 3482 3755 3555 ὅπερ

2103 3575 2179 3645 μή
2240 3574 2513 3649 συμφέρον
2550 3570 2694 3644 αὐτῷ
2723 3572 2929 3647 οἱπερὶ
2976 3573 3067 3626 τὸν
3120 3568 3347 3645 βασιλέα
3396 3568 3757 3645 λογιζόμενοι

2101 3657 2335 3735 (ἔσεσθαι
2390 3662 2489 3736 γάρ
2548 3660 2705 3715 αὐτὸν
2768 3660 3013 3716 σκόλοπα
3080 3660 3291 3723 ἑαυτοῖς
3347 3654 3755 3732 ὑπελάμϐανον)

2100 3748 2508 3811 ἀποστείλαντες
2563 3750 2653 3804 τὸν
2717 3748 2882 3824 μέγαν
2913 3750 3294 3823 ὶταιρειάρχην
3353 3750 3446 3803 τὸν
3504 3743 3753 3823 Στραϐο-

2102 3840 2354 3914 ρωμανὸν
2418 3838 2723 3913 ἀναιροῦσιν
2784 3838 2974 3906 αὐτὸν,
3024 3838 3171 3911 παρά
3229 3839 3323 3911 μὲν
3351 3842 3448 3892 τοῦ
3482 3836 3760 3913 βασιλέως

2101 3926 2568 4003 προστεταγμένον
2629 3925 2685 3981 δν
2744 3928 2867 4002 περὶ
2926 3931 3032 3981 τῶν
3080 3930 3149 4000 τῇ
3203 3925 3441 4001 βασιλίδι
3473 3924 3765 3997 διαφερόνο

2102 4038 2209 4071 των
2264 4016 2569 4091 χρημάτων
2621 4018 2732 4088 (51)
2789 4016 3046 4079 πυθέσθαι
3103 4015 3266 4087 μόνον
3326 4015 3493 4069 αὐτοῦ
3549 4014 3637 4068 καὶ
3674 4016 3761 4086 μὴ

2103 4106 2407 4181 περαιτέρω
2436 4104 2613 4176 τούτῳ
2652 4102 2971 4179 ἐνοχλῆσαι.
3006 4105 3093 4177 [Α.
3153 4105 3279 4177 852]
3320 4105 3379 4161 Ὀ
3441 4100 3497 4157 δὲ
3540 4105 3649 4175 ἅμα
3674 4108 3767 4175 τῷ

2104 4194 2385 4273 ἀφικέσθαι
2417 4191 2606 4265 δεσμεῖ
2652 4214 2709 4247 τε
2768 4194 2928 4247 αὐτὸν
2988 4193 3076 4247 καὶ
3138 4190 3310 4261 ἐτάζει
3367 4189 3635 4269 σφοδρῶς,
3698 4190 3766 4253 ες

2108 4283 2173 4353 δὴ
2206 4285 2291 4338 καὶ
2355 4282 2406 4337 ἐν
2448 4288 2526 4354 τῶ
2583 4282 2856 4350 ἐτάζεσθαι
2908 4283 3102 4359 ἀφῆκε,
3148 4283 3247 4349 τήν
3301 4283 3503 4356 ψυχήν.
3564 4280 3769 4338 Καίτοι

2106 4395 2168 4448 γε
2231 4374 2567 4447 ὑπισχνεῖτο,
2602 4370 2649 4425 εἶ’
2684 4373 2758 4443 μὴ
2794 4369 3064 4440 έτασθείη,
3099 4368 3443 4444 ὁμολογῆσαι
3471 4374 3632 4424 ταῦτα
3659 4371 3767 4425 καὶ

2107 4458 2411 4517 ἀναδοῦναι·
2475 4458 2621 4528 ἀλλ’,
2683 4458 2862 4531 ὥσπερ
2924 4455 3081 4536 ἔφην,
3142 4458 3203 4512 οὗ
3258 4462 3513 4513 τοσοῦτον
3562 4455 3769 4531 ἔμελεν

2109 4554 2294 4613 αὐτοῖς
2322 4556 2428 4606 τῶν
2485 4550 2781 4627 βασιλικῶν
2836 4554 3146 4625 θησαυρῶν,
3179 4549 3302 4604 ὅσον
3335 4552 3558 4618 ποιῆσαι
3592 4548 3766 4604 αὐτὸν

348 4634 593 4691 ἐκποδὼν
626 4637 731 4710 πρὸ
760 4641 856 4692 τοῦ
884 4636 958 4699 εἷς
988 4633 1109 4711 ὄψιν
1144 4636 1319 4702 ἆλθεῖν
1352 4638 1442 4692 καὶ
1473 4636 1693 4711 ὁμιλίαν
1726 4642 1804 4710 τῷ
1837 4637 2071 4715 βασιλεῖ.
2104 4641 2202 4696 Καὶ
2232 4641 2297 4695 τὰ
2331 4641 2425 4714 μὲν
2456 4641 2593 4695 κατὰ
2618 4642 2718 4710 τὴν
2753 4640 3020 4716 ἀναίρεσιν
3046 4643 3143 4693 τοῦ
3178 4638 3473 4714 λογοθὲτου
3504 4641 3770 4693 τοιοῦτον

348 4724 475 4801 ἔσχε
500 4725 688 4787 τέλος.

1659 4847 1905 4904 JACOBI
1947 4848 2167 4906 GOARI
2205 4849 2433 4905 ΝΟΤΕ.

421 4946 536 5015 (51)
556 4945 694 5019 Haec
724 4945 1080 5017 logothetam
1114 4946 1304 5002 aerarii
1336 4948 1673 5018 praefectum
1705 4964 1834 5004 esse
1866 4948 1915 5004 si
1946 4966 2062 5005 non
2090 4950 2463 5019 convincunt,
2497 4947 2580 5003 soi
2615 4947 2763 5003 alter
2793 4948 3037 5005 meridie
3064 4963 3388 5018 serenoque
3426 4945 3567 5003 coelo
3598 4947 3777 5001 desi-

351 5018 645 5074 derandus
675 5021 783 5073 est.
