4040 6196
341 401 3744 449 ΞΞΞΞΞΞΞΞΞΞΞΞΞΞΞΞΞΞΞΞΞΞΞΞΞΞΞΞΞΞΞΞΞΞΞΞΞΞΞΞΞΞΞΞΞΞΞΞΞΞΞΞΞΞΞΞΞΞΞΞΞΞΞΞΞΞΞΞΞΞΞΞΞΞΞΞΞΞΞΞΞΞΞΞΞΞΞΞΞΞΞΞΞΞ

1712 593 1873 642 ANNO
1918 594 2136 640 DOMINI
2179 594 2391 639 MLXXII

750 765 1956 967 MICHAEL

2143 764 3343 966 PSELLUS

1356 1187 1947 1309 LEONIS
2038 1187 2725 1310 ALLATII

1096 1421 1237 1505 DE
1296 1382 1751 1507 PSELLIS
1809 1420 1951 1504 ET
2010 1418 2429 1506 EORUM
2496 1419 2984 1505 SCItIP'I‘IS

1854 1598 2252 1659 DIATRIBA.

337 1891 615 1957 Distribatn
647 1892 791 1957 hanc
821 1897 945 1955 post
977 1891 1268 1943 editionem
1294 1895 1593 1957 Romanam
1624 1892 1901 1957 annigt63i
1933 1892 2141 1942 recudit
2188 1891 2462 1957 Fabricius
2508 1894 2561 1943 in
2616 1892 2937 1943 Bibliotheca
2979 1894 3165 1943 Greca
3212 1898 3357 1944 ιοωο
3386 1895 3445 1944 V.
3478 1894 3747 1957 Integram

390 1954 787 2020 damuanuia,
827 1954 983 2020 icum,
1032 1957 1099 2005 de
1144 1957 1262 2019 ipso
1333 1956 1603 2006 Michaela
1664 1954 1840 2004 Psello
1888 1959 2072 2020 nostro
2130 1969 2299 2017 agens
2345 1955 2493 2020 (inde
2541 1970 2572 2005 a
2619 1961 2642 2015 §
2691 1957 2955 2020 XXI).jad
3023 1957 3159 2006 alios
3201 1954 3632 2020 saepenumero}
3682 1956 3748 2005 de

389 2018 580 2079 quibus
610 2016 730 2080 jam
761 2019 872 2081 agit
900 2022 997 2068 aut
1024 2016 1241 2069 acturus
1262 2022 1358 2080 est,
1390 2021 1643 2082 provocet
1670 2021 1880 2077 auctor,
1912 2017 1971 2067 ﬁt
2001 2021 2059 2067 ut
2086 2016 2380 2082 scriptores
2415 2018 2482 2068 ab
2514 2033 2577 2070 eo
2610 2018 2864 2069 racensiti
2897 2033 3039 2069 nexu
3072 2016 3323 2083 quodam'
3359 2020 3503 2069 inter
3530 2033 3585 2069 se
3615 2019 3745 2082 jun«

398 2085 611 2142 gantur.

1654 2312 1991 2370 SYLLABUS
2037 2312 2443 2370 PSELLORUM

1377 2456 1453 2510 De
1480 2455 1678 2526 quibus
1708 2456 1767 2509 in
1799 2454 1902 2510 hac
1928 2454 2184 2511 Dialriba
2220 2455 2442 2513 disserit
2470 2455 2726 2512 Allatius.

396 2595 435 2667 με
466 2572 932 2667 Michaell’iiellus
964 2595 1077 2667 sive
1104 2591 1357 2667 Τραυλὸς
1387 2594 1696 2658 imperator,
1724 2595 1790 2644 ab
1819 2595 1880 2643 A.
1912 2594 1968 2643 C.
1995 2596 2084 2667 830
2114 2594 2179 2644 ad
2205 2595 2316 2646 829.
2339 2594 2479 2645 Sest.
2508 2600 2555 2644 1.

394 2662 721 2732 ll._Mic_hael
761 2664 1005 2732 ΔΡξειιιισ²
1054 2662 1247 2716 Leonis
1290 2668 1587 2730 Byzantini,
1618 2670 1978 2731 cognomento
2009 2665 2341 2729 PhilosOphi,
2375 2670 2689 2732 przeceptor,
2721 2666 2892 2716 Photii
2940 2666 3254 2729 discipulus,
3304 2666 3479 2715 clarus
3520 2664 3661 2715 circa
3690 2665 3748 2723 A,

338 2726 387 2774 (Ι.
422 2729 535 2777 870.
571 2728 721 2777 Sect.
752 2730 886 2778 2-20.

394 2789 479 2863 lli.
501 2790 1008 2863 _)iicb§el_fjsellus,
1034 2790 1314 2863 liiichaelis
1338 2791 1500 2863 Ruga}
1533 2792 1666 2863 imp.1
1694 2796 2015 2863 praeceptor,
2047 2791 2223 2863 clarus
2248 2791 2480 2863 ci_rca__A.
2602 2790 2905 2863 1050.._Sect.
2928 2792 3118 2863 .21733.
3170 2790 3294 2855 Ejus
3342 2791 3537 2863 scripta
3581 2790 3746 2863 edita.

335 2850 471 2901 Sect.
501 2853 584 2917 3t,
618 2852 681 2917 52
714 2858 771 2902 at
798 2853 897 2917 78;
921 2850 1143 2912 inedita,
1178 2858 1305 2902 sect.
1337 2856 1505 2903 53-77.
1537 2850 1799 2917 -—'Hujus
1828 2850 1986 2903 etiam
2013 2858 2139 2903 sunt
2168 2854 2339 2914 capita
2369 2853 2459 2901 illa
2488 2853 2552 2903 de
2583 2853 2866 2903 omnifaria
2911 2853 3173 2910 doctrina,
3206 2850 3328 2917 quis
3378 2850 3465 2904 hic
3515 2853 3745 2915 primum

332 2928 455 2964 eum
487 2914 687 2964 Atlatio
718 2916 879 2964 edidi.

396 2975 629 3041 uticbaal
656 2976 921 3041 Ephesius
950 2992 982 3027 a
1012 2976 1188 3041 Psello
1219 2976 1479 3026 diversus.
1504 2977 1641 3027 Sect.
1672 2980 1751 3027 31.
1784 2978 1936 3027 Forte
1968 2976 2081 3041 ipse
2113 2976 2341 3026 Michael
2370 2979 2545 3027 Ducas
2574 2978 2703 3041 imp.
2734 2978 2890 3028 Psalli
2927 2976 3239 3041 discipulus.
3273 2978 3410 3028 Soet.
3442 2980 3520 3028 32.

389 3039 474 3088 IV.
507 3038 740 3088 Michael
776 3039 1001 3100 Pssllus,
1036 3040 1296 3099 medicus,
1329 3041 1429 3088 sub
1457 3041 1810 3090 Constantino
1842 3038 2363 3101 Perphyrogennsta.
2398 3041 2533 3090 Sect.
2563 3041 2643 3090 Ἷ1.

399 3101 465 3149 V.
496 3101 729 3151 Michael
761 3102 983 3159 Psellus,
1016 3103 1099 3150 vir
1127 3101 1389 3163 militaris,
1423 3103 1521 3152 sub
1550 3102 1830 3153 Theodoro
1862 3102 2090 3152 Lascari.
2122 3103 2260 3152 Sect.
2294 3104 2369 3152 '19.

396 3163 481 3210 VI.
512 3164 745 3213 Joadnes
776 3165 1002 3213 Pacilus.
1033 3164 1169 3214 Sect.
1201 3166 1281 3223 49,
1308 3164 1392 3221 56,
1422 3166 1500 3215 80.

392 3225 507 3274 VII.
536 3226 922 3277 Constantinus
951 3227 1179 3276 Psellus.
1212 3228 1349 3276 Sect.
1386 3229 1444 3277 50
1474 3230 1528 3277 at
1556 3228 1633 3275 80.

583 3373 629 3428 Ι.
664 3370 902 3430 Michael
932 3369 1168 3439 Psellus,
1197 3369 1309 3424 sive
1336 3363 1581 3442 Τραυλὸς
1612 3369 1745 3439 imp.

408 3550 486 3621 [1]
534 3551 575 3605 l.
609 3548 842 3605 Primus
892 3545 1157 3601 omnium
1204 3545 1281 3616 (a)
1330 3544 1407 3600 sit
1447 3544 1691 3600 Michael
1740 3544 1997 3601 Amoris-

334 3654 447 3692 nus
478 3638 583 3707 (b),
617 3645 745 3708 post
796 3636 1045 3690 Leonem
1094 3633 1434 3689 Armenium
1467 3633 1784 3704 imperator
1813 3633 1991 3689 Cons-

335 3724 893 3797 tantinOpolitanus,
973 3739 1149 3794 quem
1228 3722 1325 3777 alii
1410 3718 1675 3794 Τραυλὸν,
1763 3723 1999 3777 Balbum

333 3815 557 3870 dixere.
594 3829 701 3869 nos
752 3808 971 3865 Ψελλὸν
1005 3811 1183 3879 (idem
1214 3810 1371 3866 enim
1405 3810 1532 3877 erit,
1566 3810 1857 3882 quidquid
1898 3810 1996 3866 alii

337 3903 569 3972 dicant)
598 3902 963 3957 vocabimus.
996 3900 1235 3967 Suidas,
1284 3894 1508 3957 Ψελλὸς
1558 3896 1808 3968 ἀσήμως,
1843 3899 1999 3970 ἀνάρ-

335 4001 483 4058 egeo;
540 3987 754 4057 λαλῶν,
796 3986 1062 4055 Τραυλὸς,
1092 3989 1330 4054 Pseltus,
1362 3989 1607 4055 obscure,
1639 3988 1999 4044 inarticulatc

335 4084 584 4153 loquens,
620 4080 841 4134 Balbus.
876 4078 986 4132 Sed
1018 4094 1090 4133 ne
1119 4075 1491 4148 cognomina,
1536 4092 1775 4131 summa
1821 4077 1993 4131 etiam

336 4168 621 4240 religione
650 4165 1072 4231 conservanda,
1105 4166 1163 4219 in
1195 4164 1341 4220 alias
1390 4165 1655 4236 ejusdem
1703 4164 1995 4235 signiﬁca-

336 4256 518 4311 tionis
566 4272 737 4311 voces
787 4255 1124 4319 immutare,
1174 4254 1284 4309 etsi
1343 4269 1458 4308 non
1519 4268 1666 4307 novo
1709 4251 1995 4324 exemplo,

336 4344 667 4409 videamur,
692 4359 761 4398 eu
790 4349 1001 4398 testem
1034 4343 1193 4397 omni
1224 4340 1561 4413 exceptione
1594 4341 1899 4409 majorem,
1931 4357 1999 4395 ea

336 4448 517 4504 prope
569 4437 836 4503 tempora
866 4431 1243 4496 scribentem,
1273 4426 1563 4499 Nicetam,
1596 4431 1696 4501 qui
1728 4435 1784 4484 et
1815 4429 1995 4483 David

334 4522 664 4590 dicebatur,
716 4519 1176 4591 Paphlagonem,
1228 4520 1287 4573 in
1346 4517 1481 4574 Vita
1540 4518 1726 4574 sancti
1786 4518 1997 4591 Ignatii

334 4608 707 4682 patriarchae,
767 4608 865 4679 qui
919 4608 1143 4664 dictum
1213 4608 1636 4680 imperatorem
1712 4624 1828 4664 non
1884 4607 1996 4664 alio

336 4714 517 4770 quam
552 4696 724 4753 Pselli
775 4697 1127 4769 cognomine
1174 4696 1439 4768 insignit.
1489 4693 1729 4770 Μιχαὴλ
1777 4695 1905 4770 γὰρ,
1936 4694 1994 4749 ’ὀν

333 4786 424 4839 καὶ
459 4783 683 4840 Ψελλὸν
734 4804 884 4855 φασι,
918 4782 1240 4857 δομὲστικος
1284 4788 1395 4838 τῶν
1430 4778 1753 4854 ἐξκουόίτων
1788 4781 1861 4837 ὢν
1901 4783 1997 4837 τό-

336 4895 415 4941 τε,
447 4875 538 4928 καὶ
571 4874 645 4935 ὡς
691 4870 979 4949 τυραννίδα
1025 4873 1265 4946 μελετῶν
1327 4867 1647 4943 διαϐληθεὶς
1696 4872 1787 4927 καὶ
1838 4894 1997 4928 κατα-

332 4960 609 5025 κλεισθεὶς
670 4959 759 5016 διὰ
810 4967 919 5017 τῶν
976 4961 1144 5017 αὐτοῦ
1202 4965 1558 5035 συνωμοτῶν.
1621 4964 1847 5018 Etenim
1894 4962 1993 5017 Mi-

334 5052 518 5119 chael,
563 5068 726 5123 quem
774 5052 1013 5107 Pretium
1064 5053 1377 5121 nominant,
1429 5051 1815 5108 excubitorum
1868 5058 1996 5105 tunc

333 5142 685 5208 domesticus,
717 5142 785 5196 de
812 5142 1071 5213 affectata
1120 5156 1287 5212 regno
1328 5141 1562 5209 delatus,
1611 5150 1667 5195 et
1700 5140 1761 5194 in
1807 5148 1992 5195 custo-

333 5231 496 5287 diam
540 5232 704 5287 datus
732 5249 767 5286 a
796 5232 1260 5288 commilitonibus
1308 5233 1445 5301 suis,
1494 5238 1545 5287 ct
1592 5231 1756 5287 sociis
1800 5230 1992 5302 conju-

2028 4746 2077 4812 B

2016 3374 2071 3440 Α
2100 3372 2357 3437 rationis,
2390 3373 2499 3424 etc.
2537 3368 2640 3423 Hic
2670 3371 2865 3423 tamen
2898 3367 2957 3422 in
3000 3367 3422 3440 posterioribus
3450 3366 3748 3423 historicis

2101 3462 2210 3519 sub
2241 3457 2509 3533 Τραυλοῦ,
2540 3458 2722 3525 Balbi,
2772 3457 3009 3514 nomine
3057 3458 3369 3514 innotescit
3403 3474 3415 3512 :
3451 3458 3508 3513 in
3552 3457 3747 3513 Chris-

2101 3552 2277 3606 tianas
2324 3548 2457 3603 ﬁdei
2510 3548 2808 3618 dogmata,
2841 3562 2930 3602 res
2977 3546 3428 3614 ecclesiasticas,
3463 3551 3519 3602 et
3549 3547 3754 3618 prisci-

2104 3657 2217 3711 pue
2273 3639 2333 3692 in
2392 3637 2791 3693 adorationem
2851 3653 3153 3692 sacrarum
3211 3637 3562 3709 imaginum,
3615 3652 3755 3692 voce

2106 3734 2165 3784 et
2195 3743 2365 3800 opere
2412 3742 2545 3782 vere
2592 3721 2823 3798 φελλὸς,
2874 3724 3090 3792 btzsus,
3144 3739 3274 3781 vere
3324 3722 3585 3799 τραυλὸς,
3638 3725 3753 3780 bat-

2108 3820 2226 3874 bus.

2260 3914 2327 3969 Il.
2362 3913 2588 3969 Michael
2616 3912 2852 4038 Pseltu‘s,
3099 3911 3424 3984 discipulus,
3454 3914 3604 3969 circa

2177 4083 2256 4154 [2]
2285 4084 2357 4138 II.
2391 4081 2552 4137 Alter
2581 4080 2825 4136 Michael
2857 4079 3087 4136 Psellus
3116 4080 3175 4135 in
3210 4085 3392 4136 Antro
3422 4081 3756 4149 insula,do-

2107 4177 2239 4228 ctus
2270 4172 2375 4241 vir,
2408 4172 2466 4225 in
2499 4170 2928 4241 cognoscendis
2961 4174 3137 4241 atque
3186 4169 3487 4226 tradendis
3516 4169 3757 4243 optimis

2108 4260 2332 4316 artibus
2364 4276 2429 4315 ac
2460 4258 2791 4330 disciplinis
2822 4258 3085 4314 studium
3136 4276 3307 4315 omne
3342 4277 3513 4316 suum
3547 4278 3753 4331 posue-

2106 4352 2233 4416 rat;
2270 4347 2472 4402 multis
2505 4348 2629 4418 ipse
2680 4345 3022 4401 nominibus
3053 4348 3521 4413 commendatus,
3557 4349 3657 4403 sed
3691 4365 3757 4403 eo

2107 4436 2420 4508 praecipue,
2454 4435 2608 4506 quod
2642 4434 3061 4504 solus,czeteris
3092 4436 3365 4492 omnibus
3395 4438 3453 4491 in
3485 4437 3753 4509 deplora-

2106 4523 2338 4578 tissime
2393 4523 2631 4589 Gracia,
2664 4539 2873 4578 somno
2923 4540 2987 4579 ac
3041 4522 3180 4578 luxu
3238 4526 3758 4595 marcescentibus,

2106 4617 2403 4667 emortuas
2435 4612 2632 4668 Musas
2683 4627 2887 4666 omnes
2919 4628 3033 4666 non
3083 4612 3423 4681 intermisit,
3455 4613 3555 4669 sed
3589 4631 3758 4669 accu-

2108 4700 2291 4756 ratius
2377 4698 2771 4771 pertractavit,
2844 4699 3292 4773 volentibusque
3376 4701 3757 4774 philosophia:

2108 4788 2296 4843 fontes
2351 4789 2603 4860 aperuit.
2647 4790 2732 4842 Ab
2787 4787 2897 4842 hoc
2955 4788 3063 4843 Leo
3119 4780 3456 4861 Byzantius,
3512 4791 3759 4847 Joannis

2107 4876 2449 4949 patriarchas
2501 4875 3129 4947 Constantinopolitani
3186 4894 3395 4950 nepos,
3427 4878 3608 4951 stirpe
3639 4880 3761 4935 Mo-

2107 4964 2645 5033 rocbarzaniorum,
2707 4970 3093 5035 cognomento
3153 4965 3568 5039 Philosophus,
3628 4973 3763 5040 post

2105 5053 2301 5110 studia
2327 5051 2575 5124 puerilia
2624 5052 2954 5108 liberalium
2988 5052 3436 5126 disciplinarum
3468 5055 3760 5114 elementa

2104 5141 2409 5210 hausit,ut
2432 5141 2605 5197 refert
2634 5141 2887 5197 Joannes
2916 5141 3163 5215 Scylitza
3191 5143 3251 5199 in
3284 5146 3529 5201 Historia
3556 5148 3760 5204 Orien-

2103 5231 2207 5286 ιαιί
2234 5236 2293 5287 et
2348 5247 2417 5289 ex
2467 5229 2718 5304 Scylitza
2770 5230 3064 5287 Cedrenus
3121 5231 3181 5288 in
3239 5233 3497 5307 Synopsi,
3527 5233 3602 5287 Τὰ
3660 5234 3756 5308 μὶν

1935 5363 2169 5423 ΝΟΤιἘ.

413 5463 495 5532 (a)
525 5462 648 5518 Non
677 5464 1040 5519 omittendus
1070 5468 1195 5520 erat
1223 5464 1499 5521 omnibus
1530 5464 1601 5520 ab
1640 5463 1852 5520 Allatio
1877 5479 1994 5519 me-

339 5534 586 5589 moratis
646 5535 940 5602 antiquior
994 5537 1186 5591 Simon
1244 5537 1475 5605 Pscllus,
1520 5536 1695 5592 Flavii
1752 5536 1993 5605 Josephi

333 5606 671 5679 πρόπας-περς
701 5606 822 5662 sive
870 5612 1097 5674 atavus,
1131 5608 1301 5679 cujus
1351 5608 1477 5678 ipse
1526 5608 1795 5664 meminit
1833 5607 1891 5663 in
1926 5607 1997 5662 li-

335 5678 503 5734 mine
529 5677 672 5733 Vitze
705 5695 848 5734 suae.

2174 5462 2626 5560 laeseras-
2647 5463 2905 5560 Prusia
2959 5465 3256 5560 εξρρξτὲιλων
3305 5482 3423 5535 quo
3469 5467 3760 5560 eius"?

2108 5534 2357 5617 Michael
2413 5535 2628 5590 Balbus
2686 5534 2829 5591 obiit
2868 5541 2935 5590 A.
2970 5534 3054 5593 Cf
3078 5537 3204 5602 829,
3254 5534 3457 5595 mense
3502 5537 3755 5617 Octobri,

2285 5612 2636 5679 imperasset
2666 5622 2852 5663 annos
2882 5624 3005 5679 νιιι,
3055 5625 3287 5667 menses
3316 5612 3349 5665 9
3378 5616 3435 5667 et
3469 5611 3590 5667 dies
3623 5613 3755 5663 toti-

2147 5694 2260 5734 em.
