4040 6196
274 350 394 415 479
1677 354 1957 418 LEONIS
1998 353 2310 419 ALLATII
3560 350 3690 416 480

267 483 359 540 οὖν
387 484 704 560 ’γράμματα
751 479 930 560 ἔλεγεν
979 485 1006 541 ὁ
1066 484 1234 557 Δίων,
1284 485 1374 542 καὶ
1419 485 1654 555 ποιητὰς
1688 493 1941 558 μυπθῆικ

2054 489 2204 546 tusae.
2246 491 2364 560 Ipse
2400 491 2550 546 enim
2594 505 2743 546 nunc
2786 487 3004 545 demum
3050 487 3351 545 rhetorices
3406 487 3688 544 desiderio

269 595 356 629 ναι
411 573 547 629 κατὰ
591 574 688 642 τήν
740 572 1024 643 Βασιλίδα,
1083 574 1378 650 ῥητορικὴν
1436 573 1514 643 δὲ,
1559 576 1648 630 καὶ
1689 575 1920 652 φιλοσο-

2054 594 2235 646 eneor,
2267 595 2393 634 cum
2431 580 2696 635 Photium
2732 595 3009 633 summum
3043 579 3333 650 praesidem
3350 593 3534 633 senem
3563 588 3689 632 ma'

273 663 419 738 φίαν,
463 663 552 716 καὶ
601 663 847 735 ἀριθμῶν
898 661 1218 737 ἀναλήψεις,
1262 664 1349 718 καὶ
1402 664 1499 726 τὰς
1546 669 1652 718 τῶν
1709 664 1918 720 λοιπῶν

2054 669 2262 723 'istrum
2307 669 2706 738 adinvenerim,
2740 671 2837 740 qui
2864 685 2952 724 me
2987 670 3126 724 lacte
3167 671 3440 724 enutrivil
3467 668 3686 722 divina-

274 751 591 824 ἐπιστημῶν
635 749 862 829 ἐφόδους
909 754 1044 806 κατὰ
1086 754 1184 820 τὴν
1228 759 1391 821 νῆσον
1444 753 1675 828 Ἀντρον
1704 753 1923 828 γινόμε-

273 859 381 902 νος·
434 838 606 894 ineius
657 842 760 913 γὰρ
811 839 1090 912 σπουδαίῳ
1141 841 1248 895 τινὶ
1315 839 1555 916 ἐντυχὼν
1606 840 1760 918 ἀνδρὶ
1816 846 1922 900 Μι-

275 927 427 1006 χαὴλ
456 933 534 1000 τῷ
565 927 794 1000 Ψελλῷ,
828 927 916 982 καὶ
946 929 1040 990 τὰς
1069 929 1242 1003 ἀρχὰς
1277 929 1464 1002 μόνον,
1499 930 1589 984 καί
1619 952 1766 992 τινας
1822 931 1922 987 λό-

273 1039 421 1094 γους,
453 1017 541 1072 xui
594 1017 842 1094 ἀφορμὰς
895 1013 1076 1073 λαϐὼν
1135 1019 1258 1093 παρ’
1303 1018 1486 1088 αὐτοῦ,
1521 1019 1635 1074 ἐπεὶ
1685 1021 1760 1089 μή
1805 1019 1928 1074 ὅσον

275 1103 532 1162 ἐϐούλετο
587 1106 816 1179 εὕρισκε,
876 1106 1208 1182 περιενόστει
1264 1108 1332 1161 τὰ
1393 1111 1730 1182 μοναστήρια
1764 1151 1776 1175 ,
1837 1109 1927 1163 καὶ

273 1197 367 1256 τὰς
424 1195 476 1249 ἰν
535 1194 717 1255 αὐτοῖς
798 1194 1160 1267 ἀποκειμένας
1240 1191 1468 1269 βίϐλους
1530 1196 1818 1271 ἀνερευνῷν
1871 1217 1930 1251 τε

277 1285 366 1338 καὶ
419 1283 801 1358 ποριζόμενος,
861 1284 951 1337 καὶ
1029 1282 1343 1345 σπουδαίως
1416 1282 1732 1356 ἐμμελετῶν
1792 1285 1927 1359 πρὸς

274 1372 338 1426 τὸ
383 1379 483 1440 τῆς
534 1373 800 1441 τοσαύτης
849 1372 1101 1447 γνώσεως
1149 1370 1281 1446 ὕψος
1332 1367 1683 1443 ἀνεϐιϐάσθη.
1727 1378 1787 1429 Id
1822 1380 1927 1442 est,

276 1465 500 1519 Litteris
525 1469 574 1518 et
619 1465 787 1533 poetis
837 1464 962 1527 Leo,
994 1471 1056 1518 ut
1097 1465 1212 1532 ipse
1256 1465 1487 1533 ferebat,
1540 1465 1794 1519 initiatus
1823 1465 1933 1533 fuit

279 1553 564 1626 Byzantii.
619 1552 989 1618 R/ietoricam,
1031 1553 1462 1622 philoxophiam,
1496 1554 1930 1620 arithmeticam,

277 1645 330 1698 et
385 1641 628 1710 reliquas
682 1641 948 1694 scientias
1007 1657 1066 1694 in
1124 1641 1292 1696 Antro
1348 1643 1536 1696 insula
1583 1640 1797 1709 didicit,
1855 1642 1933 1696 ibi

281 1737 540 1784 versatus
570 1743 694 1783 cum
751 1727 1015 1784 illichaele
1067 1729 1265 1794 Psello,
1321 1731 1620 1800 praestante
1670 1731 1809 1789 viro.
1860 1730 1930 1786 ab

282 1833 450 1889 eoque
503 1818 800 1887 principiis
854 1821 1072 1872 tantum
1127 1822 1180 1873 et
1231 1819 1558 1890 quibusdam
1617 1819 1928 1890 praceptis,

263 1905 662 1963 "occasionibus
723 1906 974 1961 discendi
1057 1907 1376 1973 instructus,
1443 1925 1618 1979 neque
1692 1917 1934 1976 tantum,

285 2001 551 2069 quantum
580 1994 928 2050 desiderabat
951 1995 1199 2067 adeptus,
1232 1999 1575 2052 monasteria.
1601 2001 1936 2070 pervagatus

286 2090 385 2152 est,
423 2083 693 2154 librosque
733 2085 794 2139 in
825 2085 894 2139 iis
923 2085 1183 2155 repositos
1209 2089 1550 2156 perquirens,
1591 2095 1756 2158 atque
1783 2103 1938 2142 scru-

289 2185 434 2243 tans,
465 2172 806 2244 studioseque
851 2173 1122 2229 meditans
1152 2175 1226 2230 ad
1272 2179 1437 2230 tantae
1466 2176 1735 2232 doctrinm
1778 2178 1938 2245 lasti-

288 2264 443 2333 gium
497 2263 696 2317 evasit.
759 2262 1009 2317 Leonem
1067 2264 1271 2333 primis
1344 2263 1559 2319 litteris
1615 2265 1935 2331 initiatum,

287 2351 583 2421 Musisque
611 2350 814 2406 litasse
845 2351 1102 2419 Byzantii
1135 2353 1318 2408 vides.

364 2440 460 2496 III.
496 2440 762 2496 Protanis
813 2445 1008 2494 tamen
1042 2441 1253 2496 studiis
1302 2441 1740 2513 Gentiliumque
1770 2442 1942 2498 disci-

292 2529 470 2602 plinis
528 2527 993 2592 addictissimus.
1055 2546 1174 2584 rem
1249 2530 1642 2586 Christianam
1702 2531 1940 2586 omnino

296 2618 649 2689 neglexerat,
712 2616 856 2672 adeo
915 2623 980 2672 ut
1035 2617 1240 2672 multis
1297 2618 1448 2687 aliis,
1506 2626 1565 2673 et
1622 2619 1941 2689 praesertim

295 2705 674 2761 Constantino
722 2704 1031 2775 discipulo,
1064 2706 1226 2760 visus
1277 2706 1371 2774 sit,
1404 2707 1709 2777 repudiata
1748 2707 1942 2762 (lhris-

295 2796 593 2852 tianorum
652 2793 788 2861 fide,
839 2793 898 2847 in
955 2793 1359 2864 gentilismum
1421 2800 1478 2850 et
1535 2794 1732 2850 futiles
1801 2795 1947 2850 anti-

297 2898 548 2956 quorum
595 2885 923 2937 Graecorum
982 2879 1202 2942 τελετὰς
1273 2883 1537 2937 animum
1596 2884 1944 2955 applicasse,

301 2971 647 3042 cultumque
695 2969 1118 3041 exosculatum,
1164 2972 1304 3026 deos
1336 2971 1600 3044 improbe
1649 2973 1942 3029 adorasse.

297 3061 426 3121 Viri
457 3060 759 3131 ingenium
809 3059 1086 3115 conviciis
1134 3061 1556 3116 Constantinus
1588 3062 1799 3117 acriter
1826 3079 1949 3118 ver-

300 3150 544 3215 beravit,
578 3152 634 3203 et
680 3148 939 3203 carmine
987 3149 1241 3220 elegiaco
1283 3151 1605 3205 insectatus
1651 3155 1760 3219 est,
1794 3151 1945 3222 quod

297 3241 380 3296 ita
409 3238 625 3295 clausit
660 3256 672 3293 :

297 3358 473 3425 Ταῦτα
503 3350 560 3408 δὲ
591 3357 989 3425 Κωνσταντῖνος
1023 3344 1050 3406 ὃ
1082 3359 1181 3425 σῆς
1213 3351 1354 3425 γάλα
1386 3349 1774 3425 Καλλιοπείης,

370 3424 545 3500 καλὸν
575 3422 973 3500 ᾆμελξάμενος,
1007 3424 1167 3500 φησὶν
1203 3422 1596 3500 ἆπισταμὲνωνς,

296 3499 394 3560 Ὅς
421 3498 487 3573 bo!
516 3495 638 3573 τεῆς
669 3495 897 3573 κραδίης
933 3495 1206 3573 μυάτῆριρι
1239 3495 1680 3573 λεῖτῖφλοτήσαευ

372 3566 502 3644 Ὄψὶ
536 3566 1277 3645 μόγιξκακίηνκιυθομὲνην
1313 3566 1497 3639 ἐδάηνέ

301 3689 360 3742 Id
415 3692 504 3742 est
554 3706 565 3742 :
620 3688 695 3757 [3]
746 3687 867 3741 Haec
913 3701 1037 3740 vero
1087 3685 1498 3753 Constantinus,
1555 3687 1650 3755 qui
1699 3689 1811 3742 tW
1859 3687 1952 3741 lac

303 3777 566 3847 CalliOpes
610 3774 907 3845 pulchrum
953 3773 1146 3839 ebibit,
1194 3777 1447 3844 expertus
1493 3773 1671 3828 dicit:
1716 3776 1822 3842 Qui
1867 3777 1953 3830 tui

300 3865 480 3921 cordis
526 3879 734 3918 arcana
785 3863 979 3917 intime
1007 3861 1341 3931 expendens,
1374 3861 1598 3916 tandem
1650 3864 1950 3934 aliquando

302 3954 656 4024 iniquitatem
685 3949 960 4006 occultam
987 3953 1220 4020 percepi.
1257 3951 1541 4020 Discipuli
1593 3952 1949 4007 calumniam

305 4041 530 4097 Psellus
561 4057 711 4112 aegre
741 4039 896 4105 tulit,
931 4045 988 4094 et
1014 4039 1276 4095 carmine
1306 4040 1578 4107 iambico,
1606 4057 1793 4112 eoque
1819 4057 1952 4111 pro-

301 4130 436 4200 lixo,
469 4147 585 4201 quo
617 4145 678 4184 se
707 4129 921 4183 Christi
970 4127 1279 4194 asseclam,
1311 4132 1367 4183 et
1415 4128 1676 4199 gentium
1721 4129 1952 4184 hostem

305 4217 496 4291 palam
547 4219 777 4284 fatetur,
812 4215 1090 4286 injuriam
1142 4216 1523 4287 propulsavit.
1567 4216 1812 4272 Carmen
1844 4216 1957 4272 ele-

305 4306 742 4379 gantissimum,
775 4304 928 4360 sicut
969 4309 1026 4360 et
1063 4304 1180 4360 alia
1223 4305 1489 4376 ejusdem
1534 4305 1753 4362 inedita
1799 4307 1953 4378 apud

309 4412 403 4451 me
453 4401 632 4461 sunt;
667 4399 724 4449 et
772 4393 877 4448 tibi
926 4410 1040 4449 non
1090 4393 1454 4463 invidissem,
1503 4395 1605 4449 sed
1654 4395 1957 4450 brevitatis

306 4484 503 4540 studio
537 4484 592 4538 in
645 4483 760 4537 alia
791 4484 980 4553 magis
1033 4483 1366 4538 necessaria
1406 4484 1607 4538 ducor.
1641 4483 1714 4539 Ut
1759 4488 1955 4539 tamen

309 4571 520 4627 melius
543 4587 634 4626 res
656 4571 1021 4626 Christianas
1045 4575 1446 4642 pertractaret,
1478 4571 1684 4627 Photio
1708 4572 1954 4642 patriar-
1988 4605 2033 4668 Β

305 4659 428 4714 chaa
460 4663 589 4729 post
620 4657 830 4729 Ignatii
868 4657 1321 4723 restitutionem,
1349 4659 1420 4712 ad
1445 4658 1722 4729 mysteria
1745 4662 1954 4712 nostras

306 4749 436 4803 ﬁdei
486 4747 864 4811 addiscenda,
917 4751 1104 4800 totum
1138 4763 1200 4801 se
1248 4745 1510 4812 tradidit,
1542 4763 1574 4800 a
1605 4763 1720 4816 quo
1761 4746 1956 4800 divina

305 4838 571 4892 doctrina
629 4836 980 4902 instructus,
1038 4834 1330 4904 prioribus
1387 4835 1602 4890 studiis
1657 4834 1954 4905 valedixit,

305 4927 459 4996 quod
495 4924 618 4996 ipse
648 4923 904 4995 elegiaco
937 4921 1036 4978 illo
1059 4923 1318 4978 carmine
1346 4923 1520 4979 refert
1555 4939 1568 4978 :

305 5045 472 5123 ’Ἐῤῥε
525 5067 636 5119 μοι,
689 5046 734 5099 ὦ
783 5043 1104 5119 τριτάΛαινα
1157 5043 1459 5116 Πολύμνια.
1519 5043 1767 5123 "Eppia,
1807 5044 1955 5099 Μοῦ·

375 5187 718 5264 Αὐταρέγὼν
753 5185 859 5241 ἀπὸ
892 5190 981 5240 νῦν
1016 5181 1560 5264 ι,ιίοι]ςο.ρ.σ.κῆςἔραμίαι2
1749 5117 1881 5188 [σαιν

307 5255 533 5351 ΦώΞιΟν
553 5255 823 5351 ἀρχιερῆα
852 5255 1630 5351 χξροντοδιδξὶσκαλον’εὑρὼν,

375 5334 396 5350 ε.
811 5334 826 5351 .
988 5334 1034 5351 .,
1101 5340 1123 5351 Α
1341 5350 1345 5351 ν
1407 5349 1500 5351 με

399 5333 474 5394 Oc
509 5329 826 5408 με’γᾶλακτ’
855 5329 1069 5405 ἔθρεψεν
1099 5329 1255 5392 θείων
1286 5329 1560 5401 ναμάτων.

306 5459 368 5514 Id
400 5463 490 5516 est
521 5476 533 5515 :
572 5461 696 5514 Vale
727 5459 924 5524 mihi,o
953 5461 1035 5511 ter
1063 5455 1382 5511 miseranda
1412 5455 1725 5526 Polymnia.
1750 5455 1950 5526 Valete,

1967 1866 2014 1930 B

2028 773 2152 811 rum
2196 759 2617 828 scaturiginum.
2656 758 2832 814 Vocat
2877 758 3148 814 Photium
3199 754 3694 832 γεροντοδιδάσκα-

2031 845 2151 912 λον,
2203 847 2288 903 vel
2341 849 2494 919 quod
2547 865 2742 914 senex,
2795 849 2883 904 vel
2938 851 3093 920 quod
3141 867 3338 905 senem
3388 849 3688 917 erudiret;

2033 938 2205 993 ambo
2238 939 2458 1010 quippe
2501 943 2676 994 erant
2707 943 2874 994 aetate
2910 939 3286 1010 provectiore.
3323 939 3499 1009 quue
3527 953 3692 993 com-

2039 1027 2273 1082 modius
2325 1027 2502 1082 Leoni
2536 1027 2841 1093 successit,
2876 1029 3028 1082 inter
3074 1028 3217 1083 aula:
3263 1028 3542 1099 primates
3573 1044 3691 1083 non

2039 1119 2354 1186 postremo.
2379 1115 2524 1170 Nam
2549 1115 2790 1170 Photius
2818 1115 3101 1187 dignitate
3123 1115 3411 1187 spollatus
3441 1115 3502 1171 in
3532 1114 3696 1186 regia

2038 1204 2237 1259 Basilii
2289 1203 2622 1260 Macedonis
2672 1204 2846 1258 vitam
2881 1221 3083 1275 agens,
3117 1205 3364 1260 Leonem
3416 1221 3480 1260 ac
3513 1207 3693 1258 Cons-

2037 1293 2354 1358 tantinum,
2388 1297 2751 1364 casterosque
2797 1293 2999 1347 Basilii
3031 1293 3181 1348 ﬁlios
3229 1293 3300 1347 ad
3353 1292 3688 1347 humanita-

2038 1386 2177 1449 tem,
2211 1381 2602 1452 eloquentiam
2637 1386 2693 1436 et
2743 1381 2888 1436 alias
2920 1381 3268 1453 disciplinas
3317 1381 3692 1436 informabat.

2037 1469 2184 1525 Hinc
2204 1472 2380 1524 etiam
2420 1469 2614 1525 aditus
2633 1470 2804 1524 Leoni
2827 1470 2897 1524 ad
2945 1470 3229 1525 diviniora
3267 1469 3464 1524 studia
3492 1484 3694 1538 capes-

2039 1559 2223 1613 senda
2258 1559 2432 1613 datus
2457 1562 2565 1613 est.
2602 1558 2662 1612 Id
2704 1557 2889 1612 habeo
2929 1573 2998 1612 ex
3023 1557 3405 1613 Constantino
3437 1556 3696 1627 Porphy-

2040 1650 2355 1717 rogenneta
2389 1649 2457 1716 (α)
2488 1648 2560 1701 de
2589 1647 2706 1702 vita
2735 1650 2791 1701 et
2820 1647 2994 1702 rebus
3043 1648 3224 1718 gestis
3271 1644 3471 1701 Basilii
3505 1645 3694 1700 Mace-

2039 1733 2210 1789 donis
2244 1751 2256 1789 :
2290 1733 2368 1788 Ού
2421 1733 2515 1804 μὲν
2570 1729 2694 1786 οὑδὲ
2725 1734 2830 1807 πρὸ
2858 1732 3054 1787 τούτου
3082 1729 3294 1789 διέλιπε
3321 1731 3695 1806 φιλοφρονού-

2049 1841 2204 1894 μενος
2246 1820 2428 1888 αὐτὸν,
2485 1821 2723 1892 Φώτιον,
2781 1819 2867 1875 καὶ
2920 1826 3096 1893 τιμῶν
3160 1818 3248 1875 διὰ
3301 1821 3400 1889 τὴν
3451 1818 3503 1874 ὲν
3545 1818 3694 1891 αὖτῷ

2044 1906 2394 1977 παντοδαπὴν
2454 1909 2641 1988 σοφίαν
2702 1930 2760 1964 τε
2815 1909 2904 1964 καὶ
2960 1909 3154 1986 ἀρετήν
3191 1954 3204 1967 .
3247 1908 3428 1965 Ἀλλᾶ
3494 1906 3588 1963 κᾶν
3647 1906 3694 1962 εἲ

2042 2001 2142 2062 τῆς
2194 1995 2452 2074 καθέδρας
2503 1999 2847 2071 μετέστησεν,
2898 1996 3051 2052 οὐδὲν
3109 2003 3206 2055 τοῦ
3266 1995 3475 2053 δικαίου
3515 1996 3687 2061 θέλων

2046 2087 2189 2162 ἄγειν
2240 2085 2585 2162 ἐπίπροσθεν,
2644 2086 2795 2160 ὅμως
2849 2087 2954 2141 τῶν
3014 2087 3088 2148 εἷς
3143 2087 3483 2161 παραμυθίαν
3536 2083 3690 2140 οὐδὶν

2047 2174 2259 2232 ἐνέλιπε
2306 2177 2706 2250 παρεχόμενος.
2757 2177 2918 2239 ’Ὀθεν
2965 2177 3060 2231 κάν
3088 2181 3204 2238 τοῖς
3253 2174 3550 2252 βασιλείοις
3575 2172 3693 2228 δια-

2045 2259 2238 2336 τριϐὴν
2271 2263 2416 2336 αὐτῷ
2465 2263 2591 2326 δοὺς
2639 2268 2748 2319 τῶν
2799 2262 3012 2319 οἰκείων
3049 2262 3254 2319 παίδων
3289 2262 3531 2334 ἀπέδειξε
3559 2284 3695 2318 παι-

2050 2353 2243 2422 δευτὴν
2297 2353 2387 2408 καὶ
2446 2351 2786 2410 διδάσκαλον.
2836 2356 2894 2410 Id
2933 2372 2944 2409 :
2980 2361 3067 2410 est
3123 2357 3302 2427 Neque
3350 2372 3472 2410 vero
3531 2362 3694 2408 antea

2051 2444 2414 2498 humanitatis
2443 2445 2504 2496 in
2532 2459 2678 2510 eum,
2712 2444 2986 2509 Photium,
3020 2442 3201 2498 studia
3220 2444 3659 2512 praetermiserat
3683 2458 3700 2494 :

2050 2535 2298 2604 quinimo
2344 2535 2565 2602 propter
2607 2531 2978 2587 omnimodam
3030 2533 3086 2585 in
3133 2547 3193 2588 eo
3242 2533 3574 2602 sapientiam
3636 2545 3701 2584 ac

2051 2624 2310 2677 virtutem
2367 2621 2665 2677 honoribus
2722 2621 2906 2675 auxit.
2940 2622 3002 2676 Et
3060 2621 3185 2676 licet
3237 2637 3271 2674 a
3324 2617 3706 2690 patriar-cliuli

2051 2711 2176 2766 sede
2222 2710 2550 2776 dimovisset,
2573 2711 2812 2780 justitiw
2857 2711 3080 2777 primas
3118 2708 3431 2775 concedens,
3463 2711 3706 2762 attamen

2052 2801 2242 2855 omnia
2272 2800 2330 2854 in
2362 2815 2506 2865 eum,
2539 2798 2734 2868 quibus
2779 2798 2955 2853 solari
2990 2807 3184 2868 posset,
3215 2799 3405 2868 ofﬁcia
3449 2797 3704 2852 contulit.

2060 2889 2207 2946 Unde
2242 2897 2295 2944 et
2345 2889 2407 2942 in
2451 2888 2660 2958 regiam
2715 2895 2996 2942 evocatum
3043 2889 3404 2958 propriorum
3449 2885 3706 2956 ﬁliorum

2056 2977 2471 3048 informatorem
2497 2993 2567 3032 ac
2591 2976 2927 3045 magistrum
2956 2977 3259 3032 constituit.

2133 3157 2208 3227 [4]
2263 3155 2355 3210 IV.
2408 3155 2518 3210 Leo
2549 3155 2768 3225 itaque,
2821 3154 2940 3211 sive
2981 3153 3278 3210 tradenda!
3326 3152 3718 3224 philosophias

1978 3231 2021 3298 C
2063 3260 2326 3313 munere,
2359 3244 2480 3300 sive
2511 3243 2870 3316 praestantia,
2903 3259 3020 3314 qua
3065 3247 3121 3297 et
3163 3241 3290 3314 ipse
3341 3242 3399 3295 in
3450 3239 3721 3312 philoso-

2056 3335 2244 3406 phicis
2290 3331 2436 3388 alios
2481 3331 2815 3403 superabat,
2852 3329 3189 3402 philosophi
3236 3329 3348 3386 sibi
3379 3345 3716 3401 cognomen

2057 3422 2387 3478 vindicavit.
2425 3422 2484 3476 Id
2535 3437 2668 3475 cum
2716 3419 3124 3475 ecclesiastica
3184 3434 3396 3490 parens
3455 3417 3719 3472 historia:

2057 3513 2118 3566 in
2177 3509 2498 3566 Annalibus
2552 3513 2912 3577 annotasset,
2964 3525 3119 3564 anno
3171 3507 3400 3562 Domini
3449 3507 3554 3561 859
3600 3506 3720 3560 Mi-

2059 3599 2316 3654 chaelem
2355 3589 2606 3652 Pséllum
2643 3597 2934 3663 ﬂoruisse,
2957 3614 3074 3652 non
3105 3597 3428 3665 incongrue
3458 3595 3698 3650 afﬁrma

2058 3693 2156 3742 vit.
2195 3689 2269 3742 Eo
2303 3702 2557 3756 namque
2609 3690 2870 3755 tempore
2921 3685 3166 3740 Michael
3217 3683 3441 3739 Psellus
3493 3699 3606 3737 non
3643 3681 3720 3735 il-

2060 3777 2335 3832 laudatus
2364 3776 2451 3829 vir
2480 3775 2538 3828 in
2571 3773 3024 3845 philosophandi
3054 3773 3299 3828 scientia
3331 3772 3714 3844 probabatur,

2058 3883 2092 3921 a
2125 3863 2400 3919 Michaele
2448 3863 2628 3917 altero
2683 3861 2868 3916 Psello
2919 3862 3030 3916 sub
3078 3861 3460 3916 Constantino
3507 3865 3561 3914 et
3605 3859 3722 3912 Mi-

2060 3952 2260 4008 chaele
2292 3951 2489 4017 Ducis,
2525 3951 2978 4021 diversus,quos
3008 3966 3218 4021 parum
3250 3954 3419 4004 caute
3451 3947 3724 4019 plerique

2061 4040 2509 4107 confundentes,
2546 4040 2761 4094 misere
2819 4038 3077 4094 historiae
3134 4037 3398 4092 ordinem
3454 4053 3518 4090 ac
3575 4041 3727 4091 tem-

2063 4147 2202 4202 pora
2233 4129 2674 4201 perturbarunt,
2709 4129 2851 4183 adeo
2883 4133 2948 4182 ut
2979 4144 3098 4198 non
3127 4143 3296 4182 nemo
3346 4125 3404 4195 in
3439 4123 3730 4195 paucissi-

2065 4219 2179 4274 mis
2208 4218 2400 4273 verbis
2423 4233 2599 4288 qusm
2625 4216 2881 4288 plurima
2904 4214 3208 4270 mendacia
3229 4220 3286 4270 et
3311 4229 3498 4285 nugas
3528 4213 3732 4283 legen-

2064 4307 2222 4362 tibus
2251 4307 2547 4361 obtrudat.
2593 4305 2676 4360 Ne
2706 4304 2928 4359 nimius
2955 4305 3160 4373 sim,en
3193 4303 3451 4374 Gregorii
3482 4300 3729 4373 Gyraldi

2066 4397 2239 4451 verba
2269 4397 2342 4450 De
2371 4399 2510 4466 poet.
2542 4395 2757 4463 histor.,
2808 4393 3048 4464 Dialogo
3076 4394 3112 4447 5
3146 4409 3159 4447 :
3201 4394 3328 4446 Fuit
3351 4391 3578 4462 quidem
3606 4406 3728 4444 non

2067 4485 2357 4540 incelebris
2413 4485 2515 4538 Leo
2569 4481 2692 4548 ille,
2727 4484 2824 4553 qui
2874 4481 3091 4537 Basilii
3142 4481 3313 4551 ﬁlius,
3357 4479 3730 4550 Philosophus

2065 4575 2479 4644 cognominatus
2521 4580 2622 4638 est,
2675 4574 2771 4643 qui
2819 4572 3040 4626 circiter
3086 4586 3296 4625 annum
3342 4569 3446 4622 887
3477 4585 3512 4622 a
3554 4568 3730 4624 Verbo

2065 4663 2178 4717 Dei
2205 4664 2506 4731 corporale,
2540 4661 2804 4730 Byzantii
2847 4663 2903 4713 et
2950 4659 3188 4716 Orientis
3243 4659 3407 4713 annis
3434 4659 3506 4711 25
3543 4660 3730 4726 impe-

2065 4752 2215 4804 rium
2266 4751 2462 4814 lenuit,
2503 4749 2658 4816 cuius
2707 4748 2858 4817 ﬁlius
2905 4748 3303 4803 Constantinus
3361 4747 3532 4800 Ducas
3585 4746 3727 4816 fuit,

2064 4839 2164 4909 qui
2192 4845 2242 4893 et
2273 4837 2340 4892 de
2372 4837 2696 4892 Christiana
2725 4835 3001 4908 religione
3041 4835 3213 4907 probe
3253 4836 3446 4899 sensit,
3477 4839 3529 4889 et
3576 4835 3734 4904 opti-

2065 4929 2171 4981 mis
2201 4926 2414 4981 artibus
2444 4930 2496 4980 et
2541 4925 2850 4996 disciplinis
2897 4941 3119 4996 operam
3163 4925 3383 4979 naviter
3425 4922 3732 4994 impendit.

2065 5013 2239 5084 Hujus
2299 5014 2660 5070 Constantini
2709 5013 2850 5068 liber
2898 5013 2998 5067 ille
3049 5011 3354 5067 celebratus
3407 5018 3507 5076 est,
3561 5024 3738 5080 quem

2065 5103 2308 5156 moriens
2332 5103 2574 5157 Romano
2603 5101 2724 5170 ﬁlio
2754 5101 3001 5171 reliquit,
3019 5102 3081 5154 in
3109 5115 3214 5170 quo
3242 5115 3520 5154 summam
3555 5101 3737 5154 totius

2065 5191 2308 5261 imperii,
2363 5192 2640 5246 sociorum
2695 5189 2931 5260 [κάει-α,
2991 5188 3236 5243 hostium
3289 5189 3457 5253 vires,
3486 5201 3610 5259 quae
3667 5202 3706 5241 e

2065 5287 2287 5349 quantae
2316 5287 2507 5348 essent,
2541 5279 2765 5349 aliaque
2793 5281 2988 5334 omnia
3033 5277 3102 5331 ad
3134 5279 3433 5347 imperium
3479 5279 3740 5346 spectan-

2067 5370 2148 5421 tia
2203 5369 2519 5438 complexus
2570 5379 2648 5423 est
2681 5383 2696 5422 :
2726 5383 2884 5439 quem
2944 5367 3152 5420 librum
3203 5365 3360 5421 hodie
3407 5367 3742 5421 Venetorum

2069 5456 2378 5526 respublica
2429 5459 2489 5512 in
2519 5472 2623 5511 sua
2640 5456 2916 5528 peculiari
2947 5453 3274 5510 bibliotheca
3305 5452 3743 5523 diligentissime

1907 5572 2135 5630 NOTAE.

379 5647 450 5718 (c)
483 5646 543 5701 In
575 5643 770 5701 Allatii
802 5642 1164 5717 Symmictis,
1201 5659 1258 5714 p.
1291 5643 1380 5697 83.
