4040 6196
278 337 391 396 481

1535 324 1908 387 DIATRIBA
1952 325 2052 385 DE
2096 324 2185 387 PS
2197 327 2437 388 ELLIS.

3576 332 3695 393 482

280 466 559 523 custodire
583 466 744 536 facit.
791 464 965 534 Hujus
1009 476 1222 534 quoque
1275 461 1625 515 Constantini
1672 464 1934 530 tempore,
1966 459 2016 525 Α
2052 459 2173 514 tino
2230 460 2388 515 Duca
2442 461 2585 515 forte
2641 477 2844 516 verum
2905 460 3099 518 fuerit.
3163 463 3379 517 Verum
3442 480 3694 545 quanam

282 560 371 612 vir
398 573 527 612 cum
573 555 630 609 in
664 555 817 609 omni
849 552 1164 607 liberalium
1212 551 1419 603 artium
1463 550 1716 613 scientia,
1770 548 1860 603 sed
1892 552 1944 602 et

288 645 721 717 peregrinarum
769 642 958 713 ﬂoruit
1008 640 1074 695 Μ.
1126 639 1365 704 Psellus,
1412 639 1569 708 cujus
1619 653 1946 692 mnumera-

290 735 367 789 les
393 750 537 803 pene
586 732 723 786 libri
770 731 1117 785 curiosorum
1163 732 1217 782 et
1262 727 1639 781 studiosorum
1694 728 1949 780 manibus

289 830 570 878 teruntur.
601 820 679 875 Ad
709 821 855 873 hunc
884 827 1028 875 certe
1058 818 1480 874 Constantinum
1534 814 1708 869 Pselli
1752 814 1815 868 de
1866 816 1949 868 vi-

291 916 407 967 ctus
457 913 699 979 ratione,
736 909 836 965 hoc
884 917 980 975 est,
1014 908 1080 963 de
1111 908 1282 964 dimlu
1314 910 1362 959 et
1391 905 1457 960 de
1488 922 1623 960 auro
1655 905 1951 974 conﬁcien-

290 1002 381 1068 do,
412 1003 513 1055 hoc
543 1005 647 1068 est,
684 1000 1032 1069 Chrysopaeia
1083 998 1214 1051 libri
1259 1000 1498 1062 exstant,
1550 1010 1687 1065 quos
1729 995 1954 1065 quidam

293 1108 403 1145 non
432 1106 568 1145 sane
619 1089 870 1144 indoctus
920 1087 1278 1141 Constantino
1327 1099 1523 1154 magno
1566 1083 1721 1138 datos
1759 1098 1953 1153 perpe-

292 1197 419 1234 ram
450 1182 627 1234 etiam
656 1180 855 1247 scripto
877 1175 1115 1231 credidit
1147 1192 1159 1229 :
1190 1179 1249 1229 ut
1282 1173 1686 1227 Commentaria
1716 1174 1953 1238 mittam,

294 1283 423 1340 qua?
473 1270 539 1322 in
590 1268 890 1321 Zoroastris
942 1264 1237 1320 Chaldaica
1290 1261 1533 1332 symbolo
1586 1261 1860 1330 leguntur,
1907 1266 1959 1314 et

297 1359 553 1413 Canones
602 1357 1015 1415 astronomicos,
1067 1358 1215 1418 etc.;
1264 1356 1319 1404 et
1356 1350 1554 1421 paucis
1584 1348 1905 1420 interjectis
1943 1366 1954 1403 :

296 1449 426 1501 Fuit
459 1454 510 1501 et
541 1445 707 1515 hujus
744 1443 1088 1498 Constantini
1142 1442 1305 1496 Daca:
1350 1440 1523 1508 ﬁlius,
1574 1447 1627 1493 et
1674 1439 1738 1493 Μ.
1797 1438 1962 1493 Pselli

298 1535 638 1603 discipulus,
693 1532 939 1588 Michael
968 1532 1147 1585 Ducas
1177 1530 1478 1600 imperator
1510 1529 1961 1597 Constantinopo-

302 1627 541 1691 litanus,
594 1623 691 1692 qui
743 1639 775 1675 a
822 1629 971 1690 fame
1018 1630 1072 1673 et
1124 1620 1386 1689 penuria,
1434 1632 1561 1687 quae
1616 1618 1676 1670 in
1734 1618 1962 1671 exordio

297 1716 420 1785 ejus
449 1714 800 1783 principatus
824 1707 1486 1775 Constantinopolitanam
1520 1707 1709 1760 urbem
1752 1707 1964 1759 invase-

295 1808 412 1867 rat,
465 1802 889 1871 Parapinaceus
949 1798 1365 1868 cognominatus
1418 1797 1547 1866 fuit.
1601 1796 1695 1849 llic
1745 1794 1962 1866 quidem

299 1891 536 1947 Michael
583 1894 787 1947 czlera
838 1892 1065 1959 ignarus
1110 1902 1174 1940 ac
1219 1900 1396 1939 socors
1443 1886 1555 1938 nisi
1611 1883 1751 1953 quod
1810 1884 1964 1938 bonis

302 1982 529 2037 artibus
558 1980 657 2034 sub
691 1979 869 2034 Psello
892 1978 1144 2048 profecit,
1178 1980 1347 2045 atque
1374 1974 1654 2043 imprimis
1698 1975 1759 2026 in
1804 1975 1966 2043 facti-

300 2071 495 2126 tandis
526 2068 797 2133 versibus,
831 2082 938 2137 qua
971 2068 1026 2119 in
1058 2080 1116 2118 re
1152 2062 1345 2119 Grmca
1380 2062 1547 2116 illum
1583 2065 1962 2133 imperatorem

303 2157 662 2215 commendat
694 2156 956 2210 historia.

378 2248 446 2301 ν.
481 2248 661 2301 Miror
689 2245 989 2300 hominem
1024 2260 1178 2297 same
1216 2240 1430 2296 mentis
1462 2245 1582 2294 tam
1636 2239 1965 2294 inconside-

308 2341 439 2392 rate
470 2335 755 2390 locutum.
791 2338 899 2387 Leo
931 2331 1347 2401 Philosophus,
1383 2329 1494 2384 Leo
1526 2328 1607 2383 illi
1656 2334 1745 2383 est
1791 2329 1970 2398 impe-

316 2430 501 2493 rator,
551 2422 750 2478 Basilii
810 2421 990 2475 ﬁlius.
1046 2420 1235 2474 Error.
1280 2420 1515 2474 Certum
1577 2423 1667 2472 est
1725 2423 1967 2471 Leonem

308 2514 736 2584 imperatorem
768 2509 1239 2573 humanioribus,
1292 2506 1717 2579 philosophicis
1768 2506 1971 2561 sacris-

315 2618 435 2674 que
490 2599 705 2655 studiis
756 2597 1229 2654 addictissimum
1292 2596 1570 2667 plurima,
1621 2613 1743 2665 quae
1793 2596 1969 2650 etiam

315 2695 569 2753 exstant,
596 2688 970 2743 laudabiliter
999 2687 1056 2740 in
1090 2685 1537 2756 disciplinarum
1571 2685 1727 2739 omni
1763 2700 1971 2756 genere

316 2778 766 2849 conscripsisse:
791 2776 1037 2846 ideoque
1068 2773 1257 2850 σοφὸν,
1289 2774 1610 2845 sapientem
1644 2774 1718 2845 [5]
1753 2773 1973 2828 scilicet

314 2867 821 2937 cognominatum,
856 2870 913 2919 at
943 2879 1243 2934 nunquam
1278 2861 1360 2916 illi
1396 2862 1727 2933 philosophi
1761 2878 1970 2917 nomen

320 2958 675 3012 attributum
711 2954 783 3009 ab
814 2952 1235 3009 eruditioribus
1266 2958 1372 3006 est.
1420 2952 1499 3005 Ex
1549 2952 1735 3007 Leone
1780 2951 1972 3021 itaque

321 3062 443 3101 non
479 3042 854 3113 Philosopho,
887 3042 1069 3096 altero
1094 3039 1367 3111 Sapiente
1418 3057 1597 3095 unum
1649 3040 1789 3095 facit
1838 3041 1974 3095 Leo-

318 3150 480 3202 nem,
513 3148 771 3203 eumque
799 3131 986 3185 tilium
1021 3129 1240 3183 Basilii.
1276 3129 1609 3199 Imperitius
1640 3128 1841 3199 lapsus
1881 3138 1971 3184 est

2054 549 2277 604 ratione
2309 549 2731 605 Constantinus
2766 550 2975 606 Leonis
3006 550 3164 605 filius
3196 550 3534 607 schismatis
3565 570 3700 623 pro-

2054 642 2349 707 pugnator
2396 638 2466 692 de
2514 637 2849 693 Christiana
2896 638 3177 710 religione
3244 640 3421 711 probe
3482 642 3699 696 sentire

2057 725 2269 797 potuit,
2296 726 2565 795 judicent
2596 727 2717 781 alii.
2752 727 3009 782 Conatus
3042 727 3203 782 illius
3237 728 3294 782 in
3348 728 3701 784 vindicando

2060 815 2130 869 ab
2164 814 2396 883 injuriis
2429 816 2653 880 Photio,
2687 815 2775 870 vel
2810 816 2931 871 soln
2963 816 3208 871 Unionis
3240 822 3422 883 tomo,
3455 835 3488 872 a
3523 818 3704 872 Lenn-

2059 903 2326 958 clavioin
2358 904 2500 959 Jure
2549 905 3043 959 Graeco-Romano
3096 905 3191 959 lib.
3242 923 3282 961 ιι
3332 906 3510 975 edito,
3563 906 3706 961 satis

2061 1008 2358 1064 superque
2407 992 2611 1063 liquet.
2668 995 2837 1061 Hujus
2887 994 3232 1049 Constantini
3281 996 3419 1051 liber
3447 996 3544 1050 ille
3570 996 3707 1051 cele-

2065 1083 2253 1136 bratus
2309 1088 2409 1149 est,
2470 1098 2632 1152 quem
2688 1084 2927 1137 moriens
2984 1086 3222 1139 Romano
3276 1085 3392 1153 ﬁlio
3448 1085 3705 1155 reliquit.

2066 1171 2211 1224 Eum
2241 1187 2308 1224 ex
2340 1170 2538 1225 codice
2571 1170 2937 1226 bibliothecae
2969 1172 3266 1237 Palatinis,
3300 1173 3400 1243 qui
3434 1172 3709 1243 Baptistae

2065 1258 2270 1329 Ignatii
2306 1258 2443 1312 olim
2474 1258 2654 1312 fuisse
2686 1259 3711 1331 perhibebatur,descriptum,Graace

2066 1352 2123 1400 et
2154 1347 2353 1401 Latine
2381 1346 2563 1401 edidit
2591 1346 2847 1401 Joannes
2879 1347 3192 1417 Meursius,
3225 1364 3358 1402 cum
3390 1347 3521 1402 aliis
3552 1349 3708 1418 ejus-

2069 1436 2200 1490 dem
2246 1435 2611 1490 Constantini
2666 1434 2990 1507 opusculis,
3042 1436 3311 1508 Lugduni
3362 1440 3707 1492 Batavorum

2068 1525 2223 1594 apud
2257 1523 2579 1579 Elzevirum
2617 1526 2773 1588 1627,
2808 1525 2973 1578 in-8°.
3006 1524 3221 1579 Verum
3254 1526 3305 1580 is
3354 1542 3470 1580 non
3518 1526 3709 1592 Daca,

2070 1619 2169 1672 sed
2231 1616 2795 1688 Porpbyrogennetaa
2858 1618 2988 1671 fuit.
3053 1613 3240 1689 Hujus
3297 1633 3505 1688 quoque
3571 1617 3711 1671 Con-

2067 1707 2304 1761 stantini
2361 1711 2598 1776 tempore
2662 1708 2854 1775 ﬂoruit
2928 1706 3164 1762 Michael
3235 1707 3467 1761 Psellus.
3526 1706 3580 1761 Si
3642 1706 3714 1760 de

2074 1794 2281 1863 Psello,
2341 1796 2512 1865 cujus
2581 1795 3059 1864 innumerabiles,
3122 1800 3187 1850 ut
3243 1797 3366 1867 ipse
3421 1795 3520 1861 ait,
3580 1794 3714 1849 libri

2073 1886 2585 1951 circumferuntur,
2619 1900 2813 1939 sermo
2843 1890 2949 1951 est,
2981 1884 3144 1939 fallit.
3182 1886 3280 1939 Ille
3333 1884 3547 1940 etenim
3600 1901 3715 1938 non

2072 1989 2139 2028 eo
2171 1978 2430 2044 tempore
2462 1973 2619 2027 vixit.
2654 1974 2712 2028 Si
2762 1975 2831 2028 de
2874 1980 3223 2044 praeceptore
3272 1974 3479 2029 Leonis
3534 1972 3721 2028 Philo-

2073 2061 2266 2133 sophi,
2300 2060 2433 2116 licet
2464 2078 2576 2116 non
2613 2062 2793 2127 fallat,
2825 2062 2920 2117 ille
2952 2068 3143 2117 tamen
3193 2061 3714 2117 innumerabilium

2071 2149 2355 2205 librorum
2406 2150 2660 2206 editione
2710 2168 2822 2205 non
2855 2150 3198 2206 celebratur.
3234 2152 3312 2206 De
3343 2168 3480 2222 quo,
3513 2168 3584 2205 an
3615 2150 3719 2204 ali-

2075 2240 2216 2311 quid
2250 2241 2327 2311 (d)
2358 2240 2678 2311 scripserit,
2710 2241 2903 2295 adhuc
2933 2240 3379 2295 dubitamus.Ad
3408 2241 3555 2294 hunc
3580 2244 3723 2294 certe

2074 2331 2454 2386 Constantium
2504 2328 2683 2385 Pselli
2728 2329 2793 2384 de
2837 2331 3011 2384 victus
3067 2332 3300 2397 ratione,
3354 2329 3452 2384 hoc
3498 2332 3598 2392 est,
3657 2328 3722 2383 de

2076 2418 2262 2475 diaeta.
2300 2422 2416 2473 Hoc
2465 2418 2543 2489 [6]
2593 2434 2825 2489 quoque
2874 2417 3085 2473 falsum
3136 2422 3243 2473 est.
3295 2418 3441 2473 Nam
3494 2417 3721 2472 Psellus

2076 2510 2174 2577 qui
2234 2513 2310 2562 De
2382 2509 2558 2562 victus
2634 2511 2847 2563 ratione
2917 2506 3287 2578 conscripsit,
3340 2506 3721 2562 Constantino

2078 2596 2251 2651 Ducas
2285 2596 2376 2668 (e),
2410 2598 2496 2650 vel
2546 2596 2594 2651 si
2643 2597 2855 2667 placet,
2907 2597 3291 2652 Constantino
3340 2595 3723 2650 Monomacho

2080 2687 2297 2742 librum
2332 2689 2710 2758 nuncupavit.
2763 2690 2825 2743 Et
2869 2688 2934 2743 de
2982 2703 3119 2743 auro
3166 2687 3521 2757 conﬁciendo.
3566 2686 3721 2740 Nihil

2080 2778 2299 2832 minus.
2365 2777 2647 2832 Libellum
2707 2778 2919 2831 etenim
2976 2777 3139 2831 illum
3200 2778 3271 2832 ad
3330 2775 3723 2848 patriarcham

2077 2865 2417 2921 Michaelem
2447 2865 2829 2936 Cerularium,
2862 2867 3034 2937 cujus
3082 2866 3315 2921 hortatu
3367 2865 3532 2920 illum
3582 2882 3720 2920 con-

2082 2954 2417 3024 scripserat,
2473 2954 2653 3008 misit.
2711 2955 2850 3020 Quos
2898 2954 3120 3025 quidam
3148 2971 3259 3007 non
3288 2970 3418 3009 sane
3449 2953 3715 3009 indoctus.

2081 3042 2313 3113 Optime
2346 3042 2437 3095 hic
2469 3042 2715 3095 aliorum
2753 3043 3002 3112 ineptias
3033 3043 3286 3106 abdicat,
3337 3047 3393 3097 et
3437 3042 3722 3096 nonnulla

2082 3130 2252 3185 Pselli
2286 3130 2726 3196 commentaria,
2758 3148 2871 3185 non
2904 3136 3100 3185 tamen
3139 3132 3339 3185 Leonis
3387 3130 3722 3199 Philosophi

317 3192 529 3278 auctor
560 3192 779 3275 Theutri
807 3221 936 3275 vitae
964 3223 1235 3287 humanm,
1267 3192 1383 3272 vol:
1416 3217 1571 3285 XXI,
1604 3192 1715 3272 lib:
1738 3235 1801 3284 ιι,
1834 3234 1965 3290 pag.
2000 3192 2042 3258 (ἶ
2084 3220 2371 3289 magistri,
2407 3226 2685 3274 recenset.
2712 3192 2940 3289 Subdit,
2974 3221 3094 3274 Fuit
3142 3224 3196 3274 et
3243 3220 3406 3284 huius
3453 3192 3723 3276 Constan-

316 3311 482 3367 3759.
529 3311 751 3365 Litteris
798 3310 898 3363 Leo
948 3306 1310 3378 Philosophus
1359 3308 1660 3377 imperator
1712 3308 1975 3363 initiatus

316 3401 437 3472 fuit
478 3399 766 3469 Byzantii,
820 3396 1173 3463 ret/loricam,
1229 3395 1656 3465 philosophiam,
1708 3396 1975 3450 arithme-

327 3492 501 3545 ticam
534 3493 588 3542 et
616 3488 868 3557 reliquas
897 3487 1153 3540 scientias
1198 3485 1259 3537 in
1310 3485 1482 3537 Antro
1531 3484 1712 3537 insula
1763 3484 1975 3552 didicit,

319 3580 403 3633 ibi
440 3583 691 3633 versatus
721 3592 845 3629 cum
870 3574 1128 3629 Michaele
1181 3572 1376 3627 Psello.
1431 3571 1722 3628 Cedrenus.
1768 3574 1980 3645 Ingens

324 3683 473 3722 sane
502 3664 879 3735 imperatoris
909 3668 962 3717 et
990 3664 1213 3717 ardens
1246 3662 1529 3729 studium,
1566 3662 1701 3717 licet
1730 3664 1981 3718 auctori-

322 3762 422 3811 tas
453 3761 512 3809 et
565 3752 875 3808 facultates
924 3751 1120 3821 nullae,
1170 3750 1271 3821 qui
1323 3750 1524 3804 relicta
1571 3752 1745 3806 domo
1796 3753 1985 3823 negle-

326 3844 568 3914 ctisque
596 3843 815 3897 summi
850 3840 1065 3912 fastigii
1098 3839 1325 3911 opibus,
1357 3838 1416 3893 in
1448 3840 1702 3894 insulam
1737 3845 1981 3897 Antrum

329 3950 441 4005 pro
472 3932 854 4003 capessendis
886 3929 1214 4001 disciplinis
1244 3927 1315 3982 ad
1348 3926 1698 3997 magistrum
1734 3929 1985 3984 Psellum

332 4020 741 4095 pererraverit.
778 4019 980 4074 Nonne
1010 4018 1195 4072 multo
1227 4015 1503 4080 l’acillius,
1534 4017 1795 4087 praemio,
1829 4020 1987 4089 quod

330 4116 587 4184 poterat,
625 4107 879 4163 maximo
913 4107 1230 4177 proposito,
1266 4104 1490 4160 Psellus
1522 4111 1761 4160 vocatus
1799 4123 1988 4163 acces-

330 4199 562 4256 sisset?
596 4196 834 4253 Falsum
868 4196 1045 4250 etiam
1079 4198 1168 4249 est
1216 4194 1273 4247 id
1326 4210 1587 4249 asserere
1637 4195 1985 4263 Cedrenum,

331 4290 432 4362 qui
469 4285 895 4357 Philosophum
923 4285 1165 4339 Leonem
1201 4299 1234 4337 a
1269 4284 1447 4337 Leone
1476 4282 1747 4353 Sapiente
1780 4290 1836 4339 et
1882 4286 1988 4340 im-

334 4382 608 4450 peratore
666 4375 963 4429 diversum
1026 4371 1208 4426 novit.
1269 4371 1339 4424 Et
1394 4370 1627 4425 Cedrini
1688 4375 1863 4428 verba
1919 4376 1990 4431 de

338 4468 527 4522 Leone
557 4462 914 4533 Philosopho
947 4464 1107 4529 sunt,
1141 4476 1268 4532 quae
1300 4476 1477 4529 supra
1507 4460 1881 4519 adduximus.

408 4553 718 4623 VLPergit
746 4551 1033 4623 Gyraldus
1068 4566 1080 4604 :
1118 4550 1312 4618 Cujus,
1340 4549 1547 4603 Leonis
1580 4550 1820 4618 scilicet,
1842 4553 1994 4622 ﬁlius
2023 4560 2072 4624 1)
2107 4556 2233 4619 fert,
2286 4554 2431 4608 satis
2489 4551 2642 4606 male
2697 4551 3107 4623 antiquitatem
3170 4552 3385 4623 accipit

339 4647 738 4703 Constantinus
770 4645 951 4697 Ducas
996 4644 1128 4713 luit.
1171 4640 1313 4705 Quis
1366 4641 1423 4694 id
1478 4640 1667 4695 dixit?
1715 4643 2001 4700 Constan-

2082 3311 2192 3363 tini
2243 3310 2405 3365 Daca:
2449 3309 2618 3378 ﬁlius,
2666 3314 2715 3363 et
2757 3309 3040 3362 Michaelis
3092 3309 3259 3363 Pselli
3287 3309 3585 3379 discipulus
3616 3309 3723 3365 Mi-

2085 3399 2240 3453 chael
2271 3399 2452 3451 Ducas
2484 3399 2789 3467 imperator
2837 3397 3506 3468 Constantinopolitanus,
3549 3399 3646 3467 qui
3692 3413 3725 3450 a

2086 3490 2234 3558 [ante
2264 3494 2313 3541 et
2339 3488 2577 3556 penuria
2606 3487 3011 3556 Parapinaceus
3042 3487 3106 3554 (f)
3138 3488 3556 3555 cognominatus
3602 3486 3726 3555 fuit.

2088 3576 2288 3648 Nugas,
2321 3575 2706 3644 Constantini,
2741 3574 2946 3630 Leonis
2994 3575 3119 3641 ﬁlii,
3171 3575 3369 3631 nullus
3417 3575 3527 3629 fuit
3574 3574 3730 3629 ﬁlius

2091 3664 2358 3730 Michael,
2392 3665 2489 3719 sed
2538 3664 2857 3732 Romanus,
2905 3664 2999 3719 cui
3051 3666 3285 3731 librum,
3338 3669 3402 3718 ut
3444 3664 3733 3737 Gyraldus

2093 3772 2273 3826 supra
2322 3754 2568 3821 dixerat,
2618 3754 2893 3820 moriens,
2930 3754 3003 3808 De
3033 3753 3473 3808 administrando
3502 3754 3735 3824 imperio

2092 3842 2349 3913 reliquit.
2399 3846 2467 3896 Et
2516 3841 2754 3897 Michael
2814 3843 2922 3897 iste
2978 3845 3086 3897 sub
3146 3841 3331 3897 Psello
3388 3845 3739 3912 praeceptore

2095 3932 2542 3987 Constantinum
2614 3931 2834 3985 Ducam
2885 3937 3107 4002 patrem
3157 3930 3454 4002 cognoscit
3530 3932 3736 3984 Annon

2096 4022 2242 4076 bene
2272 4027 2483 4075 tractat
2515 4020 2818 4075 historiam
2852 4019 3139 4091 Gyraldus
3161 4018 3187 4072 '7
3220 4023 3427 4073 Annon
3477 4020 3623 4073 bene
3671 4019 3743 4072 de

2096 4109 2283 4164 Psello
2342 4116 2513 4180 atque
2570 4108 2661 4163 his
2733 4108 3189 4179 imperatoribus
3264 4108 3534 4177 meritus,
3595 4123 3741 4178 quos

2096 4199 2419 4254 fmdissime
2473 4197 2907 4252 commiscendo
2966 4196 3291 4262 confundit,
3351 4201 3407 4251 et
3452 4196 3579 4250 loco
3636 4212 3742 4251 suo

2098 4290 2310 4359 ejectos
2342 4287 2412 4341 ad
2446 4285 2560 4341 alia
2586 4291 2854 4358 tempora
2884 4285 3160 4355 conjicit?

2170 4376 2291 4431 VII.
2327 4375 2678 4430 Possevinus
2727 4376 2886 4441 item,
2942 4376 3081 4428 dum
3134 4374 3357 4445 scripta
3404 4370 3745 4427 recentioris

2101 4465 2272 4521 Pselli
2300 4467 2368 4519 ad
2402 4470 2651 4518 veterem
2682 4463 2851 4517 illum
2888 4464 3091 4518 Leonis
3124 4467 3534 4535 praeceptorem
3558 4466 3751 4516 trans-

3444 4567 3456 4604 :
3517 4548 3751 4604 Michael

2110 4643 2344 4711 Psellus,
2380 4644 2477 4711 qui
2504 4642 2720 4708 Leonis,
2777 4648 3127 4710 cognomento
3179 4639 3529 4707 Philosophi,
3574 4641 3753 4709 fertur

337 4738 503 4791 tinus
540 4736 729 4789 Ducas
764 4732 932 4804 longe
965 4733 1036 4785 ab
1071 4731 1165 4785 his
1197 4729 1562 4800 temporibus
1592 4730 1751 4786 vixit.
1798 4737 1996 4805 Neque
2101 4734 2277 4803 fuisse
2333 4739 2661 4801 praeceptor,
2710 4728 2977 4800 pleraque
3031 4731 3274 4800 scripsit,
3324 4737 3441 4782 tum
3488 4728 3557 4781 ad
3604 4727 3756 4781 theo-

341 4826 771 4883 Constantinus
826 4824 1034 4878 Leonis
1085 4822 1241 4877 filius
1296 4826 1461 4875 Ducas
1511 4821 1622 4876 sibi
1674 4839 1996 4895 cognomen

338 4930 608 4986 unquam
647 4911 873 4980 ascivit,
906 4912 1004 4966 sed
1039 4911 1623 4982 Porphyrogennetas,
1659 4927 1772 4980 quo
1815 4913 1997 4966 maxi-

338 5020 437 5060 me
470 5002 686 5072 gaudet
714 5005 770 5054 et
800 5001 994 5069 gestit.
1028 4999 1195 5053 Ducas
1228 5013 1551 5069 cognomen
1585 5005 1716 5068 post
1765 5006 1996 5055 centum

2108 4818 2338 4889 logiam,
2372 4824 2489 4874 tum
2523 4819 2592 4873 ad
2619 4820 3022 4890 philosOphiam
3048 4827 3211 4888 atque
3238 4817 3307 4871 ad
3328 4818 3472 4871 alia:
3501 4817 3754 4886 discipli-

2101 4926 2225 4976 nas,
2274 4911 2392 4964 sive
2449 4908 2815 4974 mechanicas,
2865 4909 2979 4962 sive
3022 4906 3257 4961 medicas
3302 4907 3653 4976 spectantia;
3704 4905 3757 4958 si

2106 5004 2288 5053 tamen
2348 5000 2554 5065 omnia,
2605 5012 2728 5068 qua;
2774 4997 3143 5065 ascribunlur,
3198 4996 3444 5065 legitima
3495 4996 3622 5048 sunt
3684 4992 3752 5046 il-

337 5092 647 5163 sexaginta
678 5090 748 5144 ad
781 5088 981 5142 minus
1030 5104 1216 5143 annos
1270 5087 1328 5140 in
1378 5086 1620 5158 imperio
1670 5088 1839 5159 cepit.
1897 5089 2001 5156 Qui
2107 5088 2216 5142 lius
2245 5103 2429 5155 opera.
2466 5086 2579 5141 Nec
2628 5085 2760 5157 plus
2810 5087 2960 5156 sapit
3008 5085 3354 5140 Franciscus
3403 5084 3756 5154 Bosquetus,

336 5191 388 5238 et
419 5182 488 5236 de
521 5180 840 5234 Christiana
872 5177 1132 5247 religione
1152 5176 1321 5246 probe
1349 5178 1537 5231 sensit.
1596 5176 1669 5231 De
1718 5177 1999 5233 Constan-

2110 5177 2333 5249 prwfat.
2368 5175 2437 5230 ad
2474 5173 2748 5229 lectorem
2783 5175 2840 5228 in
2871 5172 3170 5229 Michaelis
3205 5172 3373 5227 Pselli
3406 5174 3478 5227 de
3526 5171 3758 5243 legibus

1939 5365 2169 5422 NOTZE.

440 5518 498 5589 ἀ)
528 5518 741 5589 Praeter
772 5516 1057 5589 carmina,
1094 5519 1157 5570 ut
1185 5514 1388 5589 illade
1418 5513 1633 5589 quibus
1664 5532 1843 5589 supra
1872 5516 1902 5589 §
1948 5517 2002 5572 3.

440 5519 494 5573 d‘
528 5519 741 5573 Praeter
772 5519 1057 5585 carmina,
1094 5519 1157 5570 ut
1187 5519 1287 5570 illa
1318 5519 1388 5569 de
1418 5519 1633 5585 quibus
1664 5532 1751 5587 su]

415 5519 500 5737 Ξῗί
532 5588 711 5645 Aliter
742 5593 941 5643 tamen
976 5587 1102 5659 ipse
1134 5585 1388 5642 Allatius
1423 5586 1632 5653 intra§
1665 5587 1751 5641 11.

466 5666 491 5731 )
532 5661 695 5727 Quod
744 5657 994 5716 πινάκιον
1058 5658 1180 5716 sive
1239 5660 1451 5733 quarta
1509 5673 1646 5732 pars
1702 5673 1751 5716 m

466 5657 695 5731 )Quod
744 5657 1017 5716 mium;
1058 5658 1180 5716 sive
1239 5660 1451 5733 quarta
1509 5673 1646 5732 pars
1702 5658 1882 5717 modii
1939 5675 2005 5719 eo

2114 5521 2378 5643 temeore
2424 5514 2755 5571 ementibus
2808 5512 3271 5571 subtraheretur.
3305 5513 3451 5570 Vide
3480 5509 3759 5583 Cangium

2115 5605 2176 5643 1n
2264 5605 2488 5643 ινακιον.

2115 5605 2176 5646 1D
2212 5605 2488 5646 ιιινακιον.
