4040 6196
382 340 498 400 483

1776 330 2050 391 LEONIS
2093 332 2399 394 ALLATII

3673 334 3785 393 484

379 475 698 544 Syntagma
730 485 743 524 :
774 468 1091 524 Michaelem
1116 465 1382 532 Psellum,
1415 480 1509 535 qua
1555 471 1756 534 praeter
1802 466 2022 534 propter
2051 467 2103 534 Α
2133 481 2248 520 non
2281 466 2380 521 uni
2412 467 2781 522 ascribentur
2811 467 3059 538 parenti,
3082 469 3140 522 et
3166 483 3291 537 quis
3318 466 3578 536 junioris
3611 464 3782 521 Pselli

380 578 592 616 annum
647 557 856 613 Christi
905 556 1011 610 850
1080 556 1273 611 Leoni:
1337 552 1663 624 Philosophi
1727 554 2025 622 imperato-

378 652 476 717 ris,
511 654 621 705 etc.

452 738 591 795 VIII.
643 738 711 792 Et
759 752 901 792 sane
947 749 1155 805 parum
1214 735 1384 787 caute
1441 730 1697 785 Andreas
1753 728 2027 784 Scbotius

378 828 610 882 Prsafat.
642 827 714 880 ad
748 822 1006 879 Psellum
1040 821 1099 875 in
1128 820 1366 875 Cantica
1395 819 1780 887 canticorum,
1806 823 1862 872 et
1894 817 2027 871 Gor-

380 916 600 971 hardus
674 912 920 969 Vossius
994 910 1066 965 de
1139 910 1423 963 Historicis
1497 906 1701 964 Graeci:
1777 906 1879 961 lib.
1964 924 2026 973 ιι,

380 1022 505 1076 cap.
536 1005 628 1068 26,
659 1000 868 1057 Caesari
901 1000 1147 1054 Baronio
1180 1004 1237 1053 et
1287 996 1638 1052 Bellarmino
1690 996 2025 1067 imponunt,

378 1093 489 1149 sibi
521 1096 574 1147 et
607 1090 739 1145 aliis
767 1086 1139 1159 persuasisse
1181 1084 1394 1154 conati,
1445 1084 1714 1139 ﬂoruisse
1766 1082 2026 1138 Psellum

378 1180 591 1238 Christi
623 1195 776 1234 anno
806 1177 931 1243 859,
988 1192 1101 1247 quo
1153 1172 1654 1245 Constantinopoli
1708 1172 2029 1244 imperator

377 1279 484 1326 Leo
534 1266 930 1339 PhilosOphus
980 1265 1109 1332 fuit,
1143 1280 1318 1335 quem
1352 1268 1410 1318 et
1442 1262 1665 1316 Psellus
1698 1261 1908 1316 litteris
1938 1261 2026 1315 in-

376 1358 665 1415 formavit.
702 1357 859 1411 Licet
890 1354 1045 1409 enim
1080 1354 1151 1407 de
1185 1352 1370 1407 Psello
1416 1367 1620 1405 verum
1666 1356 1761 1417 sit,
1814 1366 1918 1404 nec
1965 1350 2025 1404 in

376 1465 442 1503 eo
475 1446 762 1502 Baronius
797 1444 1055 1510 fallitur;
1109 1440 1217 1495 fuit
1264 1440 1421 1495 enim
1472 1455 1599 1494 vere
1650 1455 1715 1494 eo
1767 1444 2028 1511 tempore

374 1534 927 1605 Psellus,quidam,
978 1530 1313 1586 litteratura
1370 1528 1651 1599 insignis;
1722 1543 2027 1598 nunquam

376 1630 572 1680 tamen
606 1621 895 1677 Baronius
926 1635 1061 1673 eum
1109 1616 1365 1671 Psellum
1414 1615 1660 1670 Leonem
1707 1615 2028 1685 imperato-

376 1730 492 1768 rem
528 1710 740 1765 litteris
772 1707 1059 1762 imbuisse
1089 1704 1531 1771 afﬁrmavit,sed
1566 1704 1811 1758 Leonem
1847 1701 2030 1758 Philo-

375 1800 631 1872 sophum
665 1798 834 1868 longe
866 1797 937 1852 ab
968 1795 1324 1867 imperatore
1356 1793 1544 1848 Leone
1573 1793 1895 1847 diversum.
1917 1792 2028 1846 Ba-

371 1891 595 1959 ronius,
655 1887 879 1953 dicunt,
930 1902 966 1940 a
1012 1884 1215 1953 Psello,
1264 1898 1377 1938 non
1424 1881 1618 1937 Leonis
1665 1881 1895 1952 aequali,
1933 1879 2027 1935 sed

372 1980 544 2035 mullo
592 1978 918 2043 recentiore,
968 1974 1279 2030 Simeonem
1326 1972 1751 2043 Metaphrastam
1777 1972 2027 2025 oratione

368 2069 713 2140 panegyrica
764 2065 1097 2124 celebratum
1150 2062 1369 2117 narrat.
1421 2062 1507 2115 Ita
1568 2066 1676 2115 est.
1723 2059 1833 2113 Sed
1907 2075 2023 2113 non

374 2154 599 2211 dixerat
647 2153 886 2209 unicum
918 2156 1150 2207 tantum
1184 2149 1439 2205 Psellum
1472 2147 1784 2203 exstitisse.
1821 2148 1885 2201 Et
1917 2162 2022 2202 nos

371 2245 441 2301 ad
475 2244 552 2315 [7]
575 2258 890 2315 quemnam
912 2240 1168 2297 Psellum
1192 2238 1376 2293 oratio
1405 2237 1603 2293 referri
1630 2237 2022 2303 debeat,certo

370 2333 665 2389 affirmare
696 2347 809 2386 non
842 2345 1180 2401 possumus.
1214 2328 1561 2397 Conjectura
1591 2332 1805 2392 tamen,
1838 2342 2022 2396 eaque

370 2422 670 2478 levissima
697 2420 995 2485 ducimur,
1039 2418 1196 2472 hunc
1247 2415 1626 2471 recentiorem
1677 2430 1807 2468 esse
1860 2413 2019 2469 illius

370 2516 701 2577 auctorem;
737 2508 886 2581 quod
919 2512 977 2562 et
1006 2506 1176 2578 plura
1209 2503 1511 2576 scripserit
1543 2503 1601 2556 in
1631 2503 1790 2557 omni
1836 2503 2012 2557 disci-

370 2600 532 2673 plina
563 2604 620 2655 et
649 2599 1001 2669 scriptorum
1033 2594 1220 2666 gloria
1251 2592 1669 2649 celeberrimus
1700 2591 1891 2646 fuerit.
1924 2599 2012 2645 An

369 2704 504 2744 vero
552 2688 748 2743 senior
800 2685 898 2740 ille
946 2683 1167 2756 aliquid
1219 2684 1439 2754 scripto
1486 2680 1813 2751 tradiderit,
1860 2687 2016 2736 certo

372 2793 484 2831 non
517 2780 768 2831 constat.

443 2867 539 2920 IX.
576 2865 692 2936 Ego
722 2880 858 2918 vero
891 2860 1090 2918 nullus
1120 2860 1345 2930 dubito,
1378 2860 1426 2915 si
1458 2875 1659 2915 verum
1702 2859 1867 2915 fateri
1913 2876 2013 2914 ve-

370 2954 569 3023 limus,
604 2952 856 3009 Psellum
887 2951 1053 3006 illum
1083 2951 1192 3007 sub
1222 2949 1430 3006 Basilio
1462 2949 1797 3019 Macedone,
1830 2950 2014 3004 multa

370 3043 774 3117 philosophica
843 3041 1061 3113 scripto
1137 3040 1537 3111 consignasse,
1596 3056 1781 3111 eaque
1857 3055 2012 3094 nunc

368 3134 653 3190 afﬁnitate
684 3131 939 3187 nominis
972 3129 1317 3185 indistincta
1341 3130 1452 3184 sub
1474 3128 1813 3184 recentioris
1838 3127 2011 3183 Pselli

2139 572 2253 609 non
2284 560 2475 624 erunt,
2505 556 2578 611 ad
2632 556 3033 627 antiquiorum
3084 571 3215 611 esse
3262 555 3568 611 referenda
3615 555 3785 627 plano

2130 643 2350 713 judico.
2400 643 2697 715 Praecipua
2726 643 2828 700 illa
2859 649 3055 715 erunt,
3088 660 3214 715 qua
3245 642 3576 699 Aristotelis
3604 642 3782 698 libros

2140 731 2451 804 plerosque
2485 749 2585 805 per
2616 734 2854 789 modum
2880 732 3403 805 paraphrasis,non
3426 732 3785 806 ineleganter

2138 827 2455 892 exponunt.
2488 823 2848 894 Semperque
2879 823 2950 878 de
2982 822 3223 893 Dialogo
3252 821 3376 889 illo,
3412 823 3467 877 in
3500 837 3616 893 quo
3648 836 3783 892 ope-

2140 912 2397 966 rationes
2427 913 2757 966 daemonum
2791 916 3158 979 asseruntur,
3178 912 3367 983 deque
3395 911 3523 981 ejus
3553 916 3786 965 auclore

2139 1000 2536 1056 subdubitavi.
2569 1000 2764 1073 Stylus
2797 1001 3005 1056 ﬂorido
3032 1000 3293 1068 solidior,
3328 1016 3420 1055 res
3450 1004 3611 1056 extra
3645 998 3786 1054 Peri-

2139 1089 2522 1163 pateticorum
2556 1090 2811 1159 scholas,
2870 1107 3004 1145 cum
3055 1090 3316 1146 Platonis
3371 1094 3427 1145 et
3470 1090 3785 1144 Zoroastre:

2138 1179 2448 1236 sententiis
2477 1179 2693 1247 affinis,
2723 1186 2780 1235 et
2814 1180 3043 1251 magica
3084 1178 3186 1233 illa
3235 1182 3589 1247 nugamenta
3638 1178 3784 1233 alte—

2136 1285 2266 1323 rum
2295 1286 2329 1323 a
2363 1269 2546 1324 Psello
2578 1268 2897 1325 recentiore
2928 1268 3183 1324 Psellum
3239 1267 3519 1323 indicant.
3572 1266 3677 1321 Hic
3726 1267 3780 1320 in

2136 1358 2375 1431 Dialogo
2430 1359 2659 1414 Marcus
2708 1359 2767 1413 in
2820 1358 3111 1414 Chersone
3164 1356 3361 1413 insula
3411 1371 3784 1411 commorans

2138 1447 2448 1518 peregrino
2481 1448 2687 1519 magis:
2717 1463 2931 1503 arcana
2960 1446 3228 1518 exponit;
3253 1447 3365 1501 Leo
3398 1444 3785 1516 Philosophus

2140 1536 2548 1608 philosophica
2578 1553 2643 1592 ac
2677 1536 2937 1608 reliquas
2967 1535 3243 1591 scientias
3274 1534 3331 1589 in
3366 1536 3542 1589 Antro
3593 1532 3787 1588 insula

2137 1641 2170 1679 a
2203 1624 2477 1680 Michaele
2530 1624 2713 1680 Psello
2761 1626 3057 1680 edocetur.
3109 1625 3293 1679 Video
3341 1623 3550 1678 Leonis
3598 1621 3785 1677 histo-

2138 1716 2284 1768 riam
2317 1714 2427 1769 sub
2457 1713 2663 1769 alienis
2694 1713 3035 1769 nominibus
3064 1713 3235 1785 quasi
3278 1715 3658 1784 personatum
3712 1708 3789 1783 [8]

2138 1802 2198 1858 in
2254 1803 2551 1858 theatrum
2610 1802 2800 1858 educi.
2856 1802 3007 1857 Illud
3067 1802 3269 1871 etiam,
3301 1801 3478 1873 [quod
3527 1817 3592 1857 se
3642 1800 3784 1855 dicit

2134 1891 2479 1947 Timotheus
2510 1909 2544 1946 a
2574 1897 2814 1961 paterno
2846 1908 2951 1946 avo
2984 1890 3220 1945 audisse
3250 1892 3322 1947 de
3367 1888 3783 1945 Eucbaitarum

2136 1982 2409 2053 pessimis
2465 1982 2749 2049 moribus,
2805 1997 2999 2035 annon
3055 1979 3245 2051 magis
3306 1977 3552 2035 senioris
3609 1977 3782 2033 Pselli

2134 2071 2310 2139 aetati,
2358 2075 2498 2125 tunc
2556 2085 2686 2124 cum
2746 2068 3233 2124 Massalianorum
3288 2066 3551 2133 haeresis,
3597 2072 3664 2122 ut
3712 2066 3783 2122 de

2132 2158 2452 2214 haeresibus
2484 2161 2705 2227 narrat,
2737 2156 2993 2212 Joannes
3026 2156 3443 2222 Damascenus,
3493 2154 3781 2212 crudelis-

2132 2246 2280 2302 sime
2312 2248 2369 2301 in
2402 2246 2717 2302 Ecclesiam
2751 2245 2853 2300 Dei
2885 2249 3287 2317 grassabatur,
3339 2261 3467 2315 quas
3515 2248 3780 2315 tempore

2122 2336 2379 2407 junioris
2414 2352 2588 2407 prope
2620 2336 2907 2390 exstincta
2937 2333 3276 2405 languebat,
3307 2332 3538 2388 videtur
3567 2349 3778 2388 conve-

2131 2426 2297 2480 nire?
2332 2425 2493 2479 Adde
2525 2423 2759 2493 Dialogo
2792 2428 3108 2478 tractatum
3141 2423 3219 2493 (g)
3269 2423 3340 2478 de
3388 2422 3768 2491 Daemonibus,

2128 2515 2390 2569 nondum
2422 2514 2643 2569 editum
2679 2514 2890 2581 Graece,
2918 2512 3073 2582 quod
3104 2511 3311 2576 sciam,
3346 2528 3412 2566 ex
3442 2510 3775 2566 Graecorum

2126 2606 2441 2667 sententia,
2476 2602 2771 2657 uterinum
2800 2602 3017 2657 dixeris
3049 2618 3116 2656 ac
3164 2616 3510 2671 germanum
3564 2600 3773 2666 fetum,

2125 2696 2182 2745 et
2231 2692 2481 2747 Leonem
2535 2690 2956 2761 Philosophum
3010 2706 3076 2745 ac
3117 2690 3406 2744 Joannem
3457 2690 3589 2758 eius
3638 2705 3779 2743 con-

2126 2780 2519 2851 sanguineum
2598 2778 2803 2849 magiae
2880 2777 3257 2834 insimulatos
3328 2781 3385 2833 et
3459 2782 3770 2832 accusatos

2122 2870 2368 2925 tradunt
2398 2868 2685 2937 historici,
2717 2884 2892 2939 quain
2925 2865 3240 2922 verisimile
3267 2871 3356 2922 est
3384 2881 3497 2921 non
3530 2866 3603 2921 ab
3657 2865 3770 2921 alio

2122 2975 2299 3030 quam
2333 2975 2366 3013 a
2393 2956 2671 3013 Michaele
2700 2956 2800 3012 illo
2831 2954 3019 3012 Psello
3051 2955 3351 3011 didicisse.

2190 3050 2262 3102 X.
2318 3046 2575 3102 Libellus
2624 3046 2801 3101 etiam
2854 3044 3027 3101 Pselli
3078 3046 3148 3099 De
3195 3043 3471 3115 lapidibus
3500 3060 3533 3097 a
3565 3044 3761 3100 Maus-

2121 3152 2255 3192 saco
2287 3135 2502 3199 editus,
2537 3134 2620 3189 vel
2670 3134 2806 3189 huic
2855 3133 3069 3189 seniori
3126 3132 3337 3202 Psello,
3387 3132 3435 3187 si
3484 3148 3577 3187 me
3625 3148 3765 3188 con-

366 3224 603 3278 nomine
632 3220 1018 3276 circumferri.
1050 3217 1279 3290 Scripta
1310 3233 1564 3287 namque
1614 3217 1830 3283 omnia,
1886 3233 2011 3288 qum
2043 3211 2085 3277 C
2121 3226 2349 3296 jectura
2397 3241 2512 3279 non
2563 3222 2734 3291 fallit,
2766 3222 3114 3278 tribuendus
3147 3225 3256 3291 est,
3287 3220 3375 3277 vel
3405 3226 3560 3277 certe
3592 3221 3765 3276 nulli.

362 3312 621 3368 Psellum
646 3317 867 3383 patrem
894 3308 1368 3381 indigitant,cum
1388 3312 1443 3362 et
1459 3306 1743 3362 tractandi
1766 3306 2010 3372 ratione,

365 3407 422 3458 et
452 3401 785 3458 inveniendi
811 3398 1104 3467 acumine,
1138 3414 1243 3453 nec
1272 3397 1477 3452 eadem
1523 3395 1751 3451 dicendi
1802 3397 2008 3463 forma,

364 3508 470 3547 nec
500 3492 820 3563 ﬁgurarum
854 3488 1148 3544 coloribus
1179 3487 1459 3557 gestiant,
1493 3486 1591 3540 sed
1626 3485 1740 3540 alia
1788 3485 2011 3540 incom-

365 3589 523 3653 ptam
549 3581 796 3645 illam,et
816 3578 1072 3634 Graecam
1098 3576 1677 3647 philosophiam,non
1698 3574 2009 3629 barbaram

364 3671 714 3735 scilicet,sed
748 3667 1076 3730 virilem,et
1105 3682 1231 3735 quas
1265 3682 1370 3719 suo
1400 3664 1710 3734 splendore
1742 3664 2009 3727 nitescat,

365 3776 479 3828 pris
512 3774 573 3813 se
604 3758 825 3821 ferant;
857 3755 973 3809 alia
1002 3770 1135 3808 cum
1170 3753 1349 3807 Musis
1380 3752 1607 3817 ludant,
1661 3756 1717 3805 et
1766 3750 2002 3819 (initiis,

362 3853 418 3901 et
441 3847 749 3901 verborum
784 3843 1063 3909 ﬂosculis,
1114 3849 1170 3897 et
1215 3846 1445 3911 compto
1499 3840 1872 3910 periodorum
1922 3840 2008 3894 in-

360 3940 585 3990 structu
625 3933 889 3988 hilariter
920 3930 1268 3996 subsiliant;
1303 3931 1564 3985 diversos
1591 3929 1704 3983 sibi
1738 3935 2011 4001 parentes

356 4041 458 4095 pro
518 4023 672 4094 genii
734 4021 1068 4077 diversitate
1126 4022 1457 4089 reposcunt.
1509 4018 1577 4072 Et
1625 4018 1761 4073 licet
1811 4018 2007 4088 magni

356 4112 465 4166 viri
500 4112 818 4183 aliquando
852 4126 1043 4165 rerum
1076 4108 1435 4164 excelsarum
1477 4107 1861 4178 parturitione
1910 4107 2009 4160 do-

361 4200 585 4273 fatigati
643 4200 971 4255 Qvideantur
1043 4196 1303 4265 destitui,
1357 4200 1414 4251 et
1472 4194 1532 4250 in
1610 4196 1755 4251 alias
1833 4200 2011 4265 atque

363 4290 509 4345 alias
561 4306 622 4345 se
653 4288 885 4344 dicendi
918 4287 1136 4343 formas
1168 4289 1523 4353 convertere,
1554 4301 1785 4356 semper
1815 4290 2011 4340 tamen

363 4380 423 4435 in
456 4379 571 4434 illis
600 4378 686 4434 vis
716 4378 982 4450 quaadam
1017 4380 1260 4444 naturai,
1294 4392 1327 4430 a
1357 4374 1672 4445 semetipsa
1702 4388 2009 4446 nunquam

362 4469 745 4540 degenerans,
806 4464 1158 4533 inclarescit,
1210 4481 1328 4536 qua
1375 4470 1588 4518 nasuta
1646 4464 1883 4536 ingenia
1953 4467 2010 4517 et

362 4571 525 4611 acres
573 4571 814 4627 operum
862 4554 1094 4624 judices
1143 4570 1342 4609 verum
1373 4558 1670 4608 auctorem
1701 4553 2005 4624 expiscan-
2040 4579 2085 4642 Β

360 4649 477 4699 tur.
510 4642 788 4707 Quamvis
819 4644 1127 4714 deturpata
1154 4642 1299 4697 facie
1346 4646 1402 4696 et
1451 4643 1699 4713 pedibus
1745 4640 2009 4695 distortis

362 4733 726 4801 Ganymedes
758 4731 1067 4797 claudicet,
1095 4720 1212 4786 non
1246 4731 1327 4785 ita
1356 4732 1415 4785 in
1448 4730 1627 4785 alium
1660 4730 1848 4783 virum
1900 4728 2007 4782 mi-

360 4838 527 4893 grare
560 4820 869 4891 poterit,ut
895 4820 1261 4892 Ganymedes
1292 4836 1421 4875 esse
1454 4836 1565 4873 non
1599 4822 2007 4887 cognoscatur;

360 4910 552 4963 adhuc
581 4908 936 4964 lineamenta
966 4908 1150 4977 illa,et
1180 4908 1435 4978 pessime
1464 4911 1733 4977 exceptas
1756 4904 2010 4977 pulchri-

360 4996 583 5052 tudinis
615 4995 927 5061 scintillas,
959 5001 1016 5051 et
1048 4995 1295 5050 latentes
1344 4996 1402 5049 in
1454 4995 1739 5049 membris
1786 4994 2006 5061 radios,

360 5085 409 5141 si
435 5086 650 5157 fungus
672 5085 911 5141 omnino
939 5101 1053 5139 non
1077 5100 1161 5151 es,
1184 5088 1447 5154 prompte
1478 5084 2009 5154 dignoscas.Saepe-

361 5190 473 5246 que
526 5174 584 5228 in
644 5173 962 5241 confracto,
1011 5188 1182 5226 exeso
1255 5188 1320 5226 ac
1394 5170 1659 5239 partibus
1736 5171 2005 5227 mutilato

360 5277 652 5317 marmore
699 5260 908 5317 coelum
956 5258 1262 5315 Praxitelis
1308 5258 1685 5330 deprehendi.
1718 5258 1859 5313 Cum
1892 5260 2006 5313 ita-

360 5366 472 5424 que
510 5351 568 5406 in
597 5350 758 5406 hisce
787 5347 1061 5421 operibus
1114 5346 1285 5419 longe
1332 5346 1563 5403 diversa
1612 5346 1732 5402 sint
1782 5348 2003 5416 omnia,

2121 3312 2265 3369 Audi
2298 3313 2437 3383 quid
2470 3314 2595 3384 ipse
2620 3312 2796 3381 dicat,
2830 3312 2971 3366 dum
3005 3312 3063 3366 in
3100 3312 3213 3366 fine
3243 3316 3532 3376 auctores,
3563 3310 3666 3381 qui
3700 3311 3773 3364 de

2121 3402 2384 3473 lapidum
2433 3401 2746 3455 virtutibus
2796 3416 3007 3455 causas
3062 3399 3386 3466 reddidere,
3438 3402 3775 3463 enumerat,

2121 3496 2250 3562 post
2297 3506 2502 3545 omnes
2532 3491 2778 3545 subdit:
2806 3492 2922 3542 Τῶν
2958 3486 3016 3541 δὶ
3046 3487 3108 3542 οὐ
3139 3485 3284 3541 πολὺ
3317 3487 3422 3560 πρὸ
3452 3488 3615 3558 ἡμῶν
3650 3488 3679 3540 ὁ
3716 3486 3776 3540 ἐκ

2116 3581 2215 3643 τῆς
2263 3575 2613 3653 Ἀφροδισίοις
2670 3574 3053 3652 Ἀλέξανδρος,
3112 3574 3399 3651 ἅνθρωπος
3456 3576 3578 3647 περί
3638 3578 3776 3629 πάν-

2118 3688 2221 3720 των
2257 3666 2446 3728 ἁπλῶς
2506 3666 2693 3734 εἰπεῖν,
2746 3666 2835 3720 καὶ
2891 3670 2997 3719 τῶν
3056 3664 3384 3741 ἀποῤῥτςτων
3416 3671 3518 3733 τῆς
3561 3663 3778 3741 φύσεως

2118 3755 2566 3830 προχειρότατος.
2625 3756 2683 3809 Id
2739 3761 2825 3811 est
2876 3772 2887 3809 :
2950 3758 3033 3810 Ex
3090 3756 3173 3809 his
3230 3763 3435 3820 autem,
3463 3756 3558 3826 qui
3603 3755 3773 3825 paulo

2117 3850 2245 3900 ante
2317 3862 2415 3899 nos
2484 3847 2748 3899 vixerunt
2807 3843 3115 3899 Alexander
3173 3843 3640 3915 Aphrodisiensis,
3699 3842 3771 3897 ad

2118 3936 2305 3989 omnia
2361 3936 2540 3989 etiam
2606 3936 2829 3990 natura?
2902 3934 3206 3988 occulliora
3281 3932 3644 3997 enucleanda,
3712 3935 3775 3987 ut

2116 4024 2282 4094 plura
2310 4024 2499 4092 paucis
2527 4023 2857 4092 complectar
2883 4022 3349 4092 promptissimus.
3381 4022 3545 4075 Anne
3576 4019 3772 4091 paulo

2119 4118 2252 4167 ante
2282 4116 2548 4181 tempora
2580 4110 2772 4173 Pselli,
2806 4111 2907 4182 qui
2956 4111 3066 4164 sub
3121 4110 3502 4166 Constantino
3548 4115 3607 4164 et
3661 4108 3779 4164 Mi-

2120 4198 2318 4256 chaele
2349 4199 2524 4254 Ducis
2557 4199 2818 4263 florebat,
2852 4198 3175 4254 Alexander
3203 4197 3652 4270 Aphrodiensis,
3672 4196 3778 4269 qui

2119 4291 2228 4346 sub
2260 4289 2553 4344 Antonino
2585 4294 2641 4343 et
2669 4288 2883 4344 Severo
2912 4287 3448 4355 scribebat,vixisse
3483 4287 3777 4342 dicendus

2118 4378 2247 4435 est?
2276 4378 2335 4434 Si
2366 4378 2840 4449 octingentorum
2888 4383 2945 4433 et
2993 4377 3426 4449 quinquaginta
3474 4392 3776 4431 annorum

2120 4468 2378 4540 spatium
2440 4466 2739 4522 modicum
2796 4466 3081 4537 temporis
3141 4464 3515 4521 intervallum
3572 4464 3775 4521 Psello

2117 4561 2226 4625 est,
2260 4556 2413 4627 quod
2448 4556 2559 4611 erit
2589 4554 2861 4627 longum?
2883 4555 3029 4627 Ergo
3059 4554 3145 4610 vel
3179 4553 3274 4609 hic
3305 4553 3536 4609 libellus
3578 4552 3775 4610 Psello

2122 4644 2257 4699 huic
2287 4644 2503 4699 seniori
2536 4644 2926 4699 vindicandos
2956 4648 3067 4710 est,
3102 4642 3189 4699 vel
3221 4643 3269 4698 si
3302 4642 3552 4699 sexcenti
3587 4643 3775 4699 etiam

2119 4738 2175 4787 et
2224 4732 2421 4803 plures
2470 4732 2607 4786 anni
2659 4732 3030 4787 diuturniora
3085 4737 3351 4803 tempora
3396 4735 3552 4797 sunt,
3608 4730 3776 4787 ideo-

2119 4836 2231 4892 que
2283 4837 2386 4875 nec
2431 4819 2648 4876 seniori
2694 4821 3068 4885 tribuendus,
3103 4820 3259 4876 alius
3289 4820 3457 4875 nobis
3489 4820 3774 4891 opusculi

2118 4914 2318 4964 auctor
2366 4910 2717 4979 quaerendus
2768 4914 2858 4964 est
2904 4909 3132 4975 sedulo,
3183 4926 3256 4964 ne
3308 4908 3588 4974 Psellum,
3626 4910 3775 4964 dum

2117 4997 2235 5052 hinc
2267 4998 2570 5065 scriberet,
2599 4998 2951 5053 dormitasse
2984 4998 3379 5069 nugacissime
3409 4998 3568 5053 fateri
3604 5014 3784 5070 coga-

2119 5103 2273 5141 mur.

2185 5178 2283 5230 XI.
2318 5175 2486 5231 Liber
2515 5174 2690 5231 etiam
2722 5174 2951 5231 Medicus
3001 5178 3059 5230 et
3109 5174 3529 5247 Therapeuticus
3561 5174 3774 5246 Pselli,

2116 5278 2288 5333 quem
2321 5265 2699 5319 Constantino
2730 5264 3309 5336 Porphyrogennetaa,
3345 5263 3459 5318 nisi
3508 5280 3619 5319 nos
3674 5264 3777 5319 lu-

2113 5350 2197 5405 dit
2252 5350 2582 5423 inscriptio,
2640 5352 3022 5424 nuncupavit,
3082 5352 3227 5407 forte
3300 5350 3481 5409 Psello
3538 5353 3773 5409 seniori

1944 5512 1989 5568 N
1995 5512 2172 5569 OT1E.

436 5653 504 5727 (ο)
532 5651 613 5709 De
651 5649 761 5709 hoc
781 5650 935 5708 infra
962 5652 991 5723 §
1017 5650 1107 5709 39.
1142 5651 1367 5709 Laudat
1394 5656 1452 5710 et
1478 5650 1726 5712 Allatius
1757 5652 1902 5710 diss.
1935 5653 2006 5710 de
2031 5652 2506 5730 Engastrimytho
2538 5670 2588 5713 c.
2620 5654 2656 5709 2
2684 5657 2742 5711 et
2765 5653 2856 5712 l6.
