4040 6196
282 383 395 443 485

1540 385 1914 447 ΒΙΑΤΙΙΙΒΛ
1964 388 2062 447 DE
2113 389 2449 450 PSELLIS.

3576 398 3694 457 486

276 515 634 570 tribuendus
658 520 766 583 est,
803 515 853 571 si
885 515 1062 571 vitam
1096 532 1162 571 eo
1194 532 1382 588 usque
1414 518 1732 588 protraxit;
1767 522 1923 573 certe
1952 520 2009 585 Α
2038 518 2290 591 firmant,
2320 520 2458 575 huic
2492 520 2703 575 Νιοθὶω
2738 519 2931 575 Davidi
2964 521 3255 577 tribuunt.
3283 522 3509 580 Habent
3530 527 3689 583 enim

277 603 593 658 recentiori
620 610 891 676 tempora
932 609 1165 677 negant.

340 692 471 748 XII.
538 694 873 749 Verisimile
907 695 1104 766 itaque
1136 700 1245 764 est,
1278 694 1536 751 Psellum
1568 695 1724 750 hunc
1766 695 1937 767 plura

273 781 327 835 in
362 782 776 852 PhilosOphicis
837 783 1138 840 Rhetoricis
1186 785 1622 856 composuisse.
1689 787 1759 839 At
1818 801 1934 839 non

269 872 536 941 scripsit,
566 872 824 944 inquies,
880 873 1168 943 quidquid
1201 874 1271 928 de
1302 874 1433 929 aliis
1484 874 1583 939 sit,
1616 875 1673 927 in
1707 874 1935 929 Simeo-

273 975 406 1014 nem
473 960 938 1033 Metaphrastem
998 962 1456 1034 panegyricum,
1518 967 1581 1017 ut
1648 963 1935 1017 Baronius

273 1049 555 1119 somniat,
581 1051 657 1122 [9]
690 1068 824 1107 cum
857 1050 1025 1106 illum
1055 1051 1279 1107 Psellus
1298 1052 1588 1108 recentior
1606 1051 1931 1123 scripserit.

272 1140 465 1203 Quare
500 1140 792 1195 Baronius
827 1141 1013 1195 falsus
1060 1147 1168 1209 est,
1218 1146 1273 1196 et
1317 1141 1375 1195 in
1419 1140 1627 1207 Psello,
1662 1157 1837 1211 quem
1872 1139 1932 1193 in

272 1228 433 1282 aliud
468 1234 711 1300 tempus
743 1230 1045 1299 nmandat,
1066 1236 1120 1284 et
1140 1230 1199 1284 in
1225 1229 1641 1301 Metaphraste,
1662 1246 1834 1300 quem
1860 1229 1934 1283 ob

271 1316 699 1388 imaginarium
742 1318 998 1373 Psellum
1042 1318 1213 1374 annis
1259 1319 1405 1373 ferre
1454 1318 1744 1384 ducentis,
1773 1322 1934 1372 ante-

272 1421 453 1476 quam
490 1412 667 1475 esset,
690 1424 857 1462 suam
882 1406 1148 1463 Ecclesia:
1186 1423 1421 1479 operam
1454 1406 1819 1462 contuluisse
1872 1406 1933 1460 in

268 1496 625 1550 enarrandis
656 1501 995 1551 sanctorum
1027 1497 1160 1551 vitis
1183 1496 1501 1552 contendit.
1538 1496 1653 1551 Nec
1692 1494 1933 1550 feliciori

268 1590 481 1637 eventu
517 1584 916 1640 Bellarminus
948 1587 1019 1640 de
1054 1586 1450 1657 Scriptoribus
1486 1584 1931 1654 Ecclesiasticis,

272 1670 492 1727 seculo
517 1689 598 1744 ix,
630 1691 783 1729 anno
805 1675 910 1728 850
942 1700 956 1741 ;
1003 1674 1260 1730 Jacobus
1292 1674 1607 1730 Gaulterus
1641 1675 1698 1729 in
1733 1674 1934 1730 tabula

271 1761 694 1833 Chronologica,
722 1763 934 1818 saculo
966 1780 1045 1831 IX,
1079 1780 1211 1835 pag.
1237 1764 1380 1831 598;
1408 1765 1665 1819 Jacobus
1707 1762 1935 1819 Gretse-

272 1868 369 1906 rus
403 1853 479 1906 De
503 1853 847 1922 imaginibus
879 1869 1047 1907 manu
1081 1869 1188 1907 non
1216 1853 1382 1922 [actis
1414 1869 1462 1907 c.
1500 1854 1587 1921 10,
1612 1859 1668 1908 et
1690 1852 1809 1918 alii,
1836 1853 1936 1908 Ba-

274 1940 514 1995 ronium
551 1941 743 1997 secuti
775 1947 932 1996 sunt.

341 2029 497 2084 XIII.
524 2030 630 2084 llic
654 2029 910 2085 historice
943 2029 1348 2085 ecclesiastica:
1381 2030 1604 2099 hostes,
1639 2034 1695 2085 et
1714 2030 1934 2086 Simeo-

279 2118 369 2173 nis
401 2118 819 2190 Metaphrastc:
852 2120 1118 2175 acerrimi
1136 2120 1461 2175 defensoris
1474 2124 1933 2191 oppugnatores,

280 2214 585 2262 tantorum
615 2208 874 2263 virorum
901 2210 1070 2279 lapsu
1104 2209 1472 2280 triumphare
1495 2208 1605 2263 sibi
1638 2209 1932 2264 videnlur.

274 2296 383 2352 Sed
417 2296 587 2351 nulla
640 2298 699 2351 id
755 2297 1007 2353 evidenti
1066 2298 1290 2353 ratione
1342 2303 1653 2365 conantur,
1718 2298 1776 2352 ni
1836 2314 1930 2352 me

280 2403 406 2442 mea
441 2386 596 2441 fallit
657 2386 878 2458 opinio.
934 2386 1103 2442 Pselli
1164 2392 1429 2459 tempora
1487 2386 1774 2441 Baronius
1814 2404 1931 2442 non

278 2475 578 2541 distinxit;
616 2480 673 2531 at
707 2493 963 2547 quonam
1017 2475 1129 2547 ipsi
1160 2477 1333 2531 modo
1367 2476 1784 2548 distinguunt?
1815 2476 1931 2547 Ipsi

278 2563 631 2636 Panegyrim
663 2563 826 2618 illam
861 2564 917 2618 in
966 2564 1420 2635 Metaphrastem
1454 2563 1679 2618 iuniori
1727 2562 1937 2634 Psello,

281 2654 377 2706 sed
430 2669 695 2724 quonam
721 2660 1069 2721 argumento
1090 2652 1462 2723 adjudicant?
1482 2653 1726 2707 Prorsus
1751 2651 1935 2707 nullo.

286 2744 602 2797 Auctorem
653 2741 817 2797 illius
873 2741 1152 2797 orationis
1213 2740 1462 2796 Psellum
1500 2740 1745 2796 alterum
1788 2758 1938 2811 esse,

287 2847 398 2885 non
428 2831 646 2886 Leonis
678 2830 1019 2903 Philosophi
1055 2830 1405 2903 magistrum
1445 2847 1750 2902 nunquam
1784 2831 1939 2886 evin-

285 2925 431 2974 cent.
468 2919 725 2991 Scripsit
748 2920 845 2975 ille
878 2919 1149 2991 plurima,
1184 2925 1250 2974 ut
1272 2919 1565 2974 versimile
1598 2924 1722 2988 est;
1757 2936 1939 2990 quare

288 3025 397 3063 non
432 3014 490 3063 et
519 3008 675 3064 hanc
697 3008 1019 3063 orationem
1044 3008 1297 3063 scribere
1317 3008 1532 3079 potuit?
1546 3012 1608 3062 Et
1629 3008 1939 3080 scripsisse

286 3104 644 3169 argumunto
666 3096 777 3152 hoc
808 3099 878 3152 ad
914 3097 1281 3170 probandum
1318 3098 1681 3165 firmissimo,
1736 3097 1795 3152 ni
1846 3114 1940 3153 me

284 3187 515 3243 codices
536 3186 928 3257 manuscripti
954 3186 1185 3255 fallunt,
1207 3188 1265 3243 ni
1298 3187 1431 3257 ipsi,
1457 3186 1552 3259 qui
1575 3187 1936 3243 contrarium

1964 1896 2011 1959 B

2046 608 2185 663 satis
2234 609 2569 677 evidenter,
2621 609 2830 677 Νικήτα
2885 607 3188 684 φιλοσόφου
3241 614 3338 663 τοῦ
3398 613 3691 689 Παφλαγο-

2044 696 2160 758 νίας
2217 698 2332 768 [10]
2382 696 2673 771 Ἐρμηνεία
2722 696 2798 757 εἰς
2846 697 2911 751 τὰ
2970 692 3072 768 ἔπη
3124 702 3222 752 τοῦ
3273 698 3566 775 Θεολόγου.
3610 709 3694 773 Et,

2045 785 2258 855 Νικήτα
2286 790 2383 840 τοῦ
2408 786 2497 839 καὶ
2532 783 2735 855 Δαυὶδ’,
2770 786 3057 861 Ἐξήγησις
3092 786 3167 849 εἷς
3196 788 3265 841 τὰ
3310 788 3467 846 αὐτά.
3500 794 3700 849 Niceta:

2049 876 2366 946 Philosophi
2400 876 2791 946 Paphlagonia
2834 878 3117 947 Expositio
3153 880 3213 931 in
3243 878 3511 933 Carmina
3543 881 3702 936 Theo-

2048 965 2180 1034 logi,
2225 970 2279 1019 ct
2327 966 2550 1032 Nicelw,
2608 967 2705 1035 qui
2746 968 2796 1019 et
2849 966 3047 1033 David,
3079 968 3358 1038 expositio
3389 970 3446 1024 in
3479 970 3690 1025 eadem.

2046 1053 2246 1123 Neque
2297 1054 2368 1108 ab
2431 1053 2522 1108 his
2575 1053 2788 1108 diversi
2840 1060 2980 1108 sunt
3023 1055 3253 1111 codices
3301 1073 3444 1112 mss.
3496 1060 3695 1130 Augu-

2047 1142 2222 1207 stani;
2257 1144 2685 1213 confirmatque
2716 1143 2895 1198 editio
2929 1146 3149 1199 Veneta
3198 1146 3308 1200 sub
3340 1160 3495 1202 anno
3527 1148 3694 1203 1563.

2048 1231 2117 1285 Ut
2150 1231 2283 1285 hinc
2316 1230 2513 1285 videas
2549 1248 2665 1285 una
2696 1235 2781 1285 tot
2840 1234 3371 1302 manuscriptorum
3423 1236 3691 1291 codicum

2047 1319 2499 1390 conspiratione,
2559 1337 2674 1374 non
2725 1319 2901 1375 unius
2951 1322 3352 1393 exscriptoris:
3383 1324 3695 1381 oscitantia

2046 1408 2744 1480 illarumexpositionum
2777 1409 3180 1465 immutatum‘
3217 1413 3312 1467 sed
3350 1414 3693 1469 continuata

2047 1498 2196 1552 serie
2258 1496 2527 1567 pluribus
2571 1499 3042 1568 comprobatum,
3084 1505 3378 1556 auctorem
3431 1502 3692 1557 Nicetam

2047 1585 2249 1652 fuisse,
2285 1587 2383 1656 qui
2427 1591 2481 1640 et
2520 1585 2696 1640 David
2723 1591 2780 1641 et
2805 1586 3096 1659 Paphalgo
3128 1587 3691 1661 Philosophusdice-

2045 1675 2239 1729 batur.
2274 1675 2485 1730 Serron
2519 1673 2717 1745 itaque
2760 1674 2991 1730 Nicetas
3023 1682 3079 1730 et
3127 1677 3303 1732 David
3339 1680 3689 1735 auctoritate

2049 1765 2253 1818 horum
2290 1764 2554 1819 codicum
2590 1780 2744 1819 unus
2776 1770 2867 1819 est
2897 1770 2953 1820 et
2978 1765 3130 1820 idem
3185 1772 3408 1823 auctor.
3446 1767 3519 1823 Ea
3552 1786 3691 1840 prae,

2047 1869 2311 1924 sequere,
2344 1853 2420 1907 mi
2446 1852 2772 1908 Gaﬂ'arelle.
2798 1854 3050 1917 Nicetas,
3076 1860 3281 1925 praeter
3303 1857 3695 1927 expositiones

2045 1944 2103 1997 in
2136 1943 2397 2013 Gregorii
2431 1942 2744 2007 orationes,
2778 1948 2833 1997 et
2864 1942 2978 1997 alia
3009 1944 3228 2015 ingenii
3278 1947 3368 1999 sui
3421 1947 3477 1999 in
3532 1948 3694 2002 omni

2044 2048 2255 2103 genere
2288 2031 2717 2097 doctrinarum,
2751 2032 2981 2085 erudita
3013 2049 3154 2088 sane
3182 2039 3236 2088 et
3266 2034 3439 2089 docta
3487 2052 3693 2092 monu-

2044 2125 2262 2188 menta,
2300 2120 2356 2174 in
2390 2118 2502 2174 divi
2538 2120 2703 2174 Luca)
2761 2120 3160 2190 Evangelium,
3211 2126 3472 2192 quatuor
3528 2123 3695 2180 libris

2044 2208 2407 2271 distinctam,
2462 2207 2608 2263 satis
2656 2208 2891 2263 uberem
2935 2214 2991 2263 et
3020 2208 3380 2265 luculentam
3413 2216 3693 2269 Catenam

2042 2315 2109 2352 ex
2142 2298 2412 2369 pluribus
2446 2297 2713 2351 Patribus
2746 2302 2803 2351 et
2844 2297 3229 2368 scriptoribus
3281 2300 3693 2359 ecclesiasticis

2040 2390 2282 2442 venuste
2316 2386 2630 2440 admodum
2664 2386 3064 2454 concinnavit;
3100 2387 3254 2442 inter
3309 2405 3407 2443 eos
3437 2407 3550 2444 non
3602 2393 3691 2446 in-

2054 2476 2173 2531 timi
2208 2479 2348 2531 sunt
2393 2475 2627 2530 Simeon
2676 2475 3061 2546 Metaphrates
3106 2481 3164 2531 et
3214 2478 3457 2533 Psellus.
3501 2480 3693 2537 Fateri

2051 2581 2366 2637 possumus
2396 2580 2550 2632 ergo,
2595 2564 2851 2620 Psellum
2884 2565 3062 2631 hunc,
3098 2566 3199 2636 qui
3250 2569 3359 2623 sub
3409 2574 3694 2624 Constan-

2048 2656 2170 2708 tino
2203 2652 2362 2707 Duca
2396 2652 2613 2719 floruit,
2648 2655 2814 2707 esse?
2850 2659 3069 2725 Apage.
3122 2655 3286 2710 Merae
3329 2673 3515 2725 nugae.
3551 2662 3697 2713 Ante

2047 2742 2259 2798 Niceta
2292 2746 2561 2813 tempora
2594 2741 2812 2796 obiisse
2871 2758 3004 2797 eum
3064 2752 3216 2798 certo
3265 2750 3515 2809 constat,
3549 2746 3694 2803 Eum

2049 2833 2119 2887 de
2142 2848 2287 2886 novo
2320 2834 2453 2902 post
2474 2829 2737 2885 Nicetam
2769 2830 3044 2887 revixisse
3078 2832 3323 2903 probent
3348 2833 3481 2904 ipsi,
3514 2834 3561 2891 si
3597 2853 3693 2908 po-

2048 2926 2269 2977 terunt.

2117 3010 2269 3064 XIV.
2305 3012 2728 3080 Argumentum
2764 3008 2870 3063 hoc
2894 3025 3035 3064 sane
3056 3010 3280 3078 efﬁcax,
3306 3011 3450 3066 mihi
3472 3012 3531 3067 in
3554 3030 3694 3086 prie-

2048 3098 2255 3164 sentia,
2298 3104 2361 3151 ut
2392 3113 2589 3152 verum
2648 3096 2852 3165 fateor,
2912 3113 3025 3151 non
3074 3098 3380 3154 satisfacit.
3423 3100 3538 3155 Nec
3582 3102 3695 3158 fide

2051 3188 2584 3257 manuscriptorum
2636 3188 2929 3257 codicum,
2982 3205 3130 3259 quos
3177 3207 3357 3261 supra
3404 3192 3693 3260 recensui,

281 3281 581 3344 astruunt,
634 3275 858 3347 lapides
904 3282 1069 3347 sunt,
1113 3277 1552 3332 demonstrabo.
1598 3277 1934 3331 Concedunt
1966 3262 2008 3329 C
2047 3278 2308 3333 Nicetam
2341 3277 2621 3332 Davidem
2654 3277 2925 3332 eumdem
2958 3294 3085 3332 esse
3134 3295 3267 3333 cum
3316 3279 3519 3335 Niceta
3556 3281 3693 3335 Ser-

280 3369 334 3418 et
365 3365 692 3419 concedere
747 3365 964 3420 debent
1020 3364 1301 3420 orationis
1364 3369 1665 3435 parentem
1718 3381 1938 3435 cogno-

288 3457 490 3507 mento
542 3451 803 3508 Psellum
856 3452 1060 3521 fuisse,
1113 3453 1438 3525 vixisseque
1496 3469 1609 3508 non
1668 3454 1763 3507 diu
1809 3457 1941 3525 post

286 3541 702 3613 Metaphrastze
747 3546 1032 3614 tempora.
1067 3543 1147 3597 Eu
1194 3542 1356 3597 illius
1394 3542 1569 3598 verba
1600 3539 1941 3613 (Ιι);Ἕδειξε

284 3631 389 3703 γᾶρ
446 3632 548 3682 κάν
600 3633 681 3699 τῷ
736 3627 880 3683 τέλει
936 3629 1129 3691 ὁποῖος
1179 3628 1325 3700 αὐτῷ
1371 3630 1399 3682 ὁ
1444 3626 1937 3701 διεσπουδασμένος

287 3718 405 3791 βίος
467 3716 763 3791 ἐτύγχανεν
822 3714 919 3773 ὤν.
978 3719 1056 3774 Οὐ
1104 3719 1204 3795 γὰρ
1254 3717 1434 3793 ὥσπερ
1482 3724 1807 3790 τετιμῆσθαι
1848 3716 1940 3772 αὖ·

282 3808 373 3860 τὸν
434 3808 487 3860 οἱ
549 3805 947 3882 συνεωρακότες
1007 3808 1185 3883 φασὶν,
1250 3804 1375 3861 οὐδὲ
1434 3804 1753 3883 διῃρῆσθαι,
1816 3806 1942 3861 ἀλλ’

287 3892 462 3950 ἐδόκει
543 3894 726 3969 ὥσπερ
803 3896 951 3957 τινὸς
1030 3894 1233 3967 δέσμης
1289 3895 1791 3973 ἐλενδοιροῦμενος,
1850 3897 1938 3950 καὶ

288 3985 546 4060 ιῦμαρῶς
605 3985 741 4058 πρὸς
779 3982 906 4046 τοὺς
937 3982 1164 4059 ἄγοντας
1211 3983 1477 4060 ἀγγὲλους
1532 3983 1941 4057 ἀνατεινόμενος

284 4074 541 4147 νεύματι.
606 4078 663 4129 Id
723 4080 813 4130 est
846 4092 859 4130 :
896 4076 1029 4130 Nam
1059 4076 1143 4131 vel
1174 4078 1233 4130 in
1282 4076 1391 4146 ﬁne
1436 4075 1691 4142 ostendit,
1728 4076 1946 4146 qualem

285 4169 465 4220 vitum
495 4166 705 4236 egerat.
739 4164 854 4221 Non
900 4166 1049 4220 enim
1105 4180 1232 4219 eum
1271 4166 1440 4220 veluti
1490 4165 1818 4232 abscissum,
1848 4169 1945 4219 aut

284 4257 534 4317 divisum
560 4255 739 4325 fuisse
767 4254 961 4309 dicunt
992 4254 1163 4325 ii,qui
1194 4253 1453 4309 viderunt
1486 4272 1498 4310 :
1524 4255 1626 4310 sed
1658 4254 1946 4310 videbatur

284 4345 467 4402 veluti
496 4361 535 4399 a
565 4349 801 4414 quodam
850 4343 1073 4399 vinculo
1120 4343 1369 4413 liberari,
1420 4347 1471 4399 et
1513 4343 1694 4399 hilari
1722 4352 1863 4398 nutu
1889 4359 1943 4399 se

282 4438 579 4496 extendere
607 4432 678 4488 ad
708 4432 959 4487 ducentes
1007 4432 1241 4502 angelos.
1279 4432 1480 4503 Neque
1532 4448 1742 4503 negare
1776 4437 1941 4503 pote-

284 4532 445 4593 runt,
474 4524 744 4580 Nicetam
773 4520 895 4592 qui,
926 4524 981 4574 et
1010 4520 1186 4575 David
1232 4521 1559 4587 dicebatur,
1612 4520 1939 4591 Paphalgo-

2050 3384 2206 3433 rone,
2239 3367 2466 3422 Catenae
2490 3366 2545 3419 in
2572 3366 2782 3420 Lucam
2811 3365 3189 3436 compilatore
3212 3369 3522 3439 probatum
3546 3370 3691 3424 satis

2050 3462 2224 3528 puto:
2260 3454 2501 3527 longum
2563 3454 2717 3508 enim
2777 3454 3058 3526 temporis
3116 3454 3487 3512 intervallum
3536 3458 3692 3512 inter

2051 3551 2367 3615 utrumque
2418 3542 2822 3598 intercessisse
2872 3543 3170 3598 existimo.
3248 3544 3391 3599 Nam
3456 3545 3687 3601 Nicetas

2049 3637 2278 3699 Serron,
2298 3632 2579 3687 diaconus
2613 3632 2865 3703 primum
2900 3631 3122 3703 Magnae
3152 3633 3441 3698 Ecclesiae,
3474 3640 3531 3689 et
3562 3653 3690 3689 ma-

2051 3724 2250 3796 gister,
2302 3738 2404 3776 seu
2435 3722 2655 3778 doctor.
2715 3719 2942 3775 Catena:
2978 3721 3035 3774 in
3070 3721 3312 3787 Lucam,
3356 3724 3692 3780 Mattheum

2051 3817 2107 3867 et
2130 3810 2274 3866 alios
2305 3814 2526 3879 auctor,
2556 3814 2611 3863 et
2643 3808 3043 3863 Heracleensis
3082 3815 3282 3881 postea
3302 3812 3696 3883 archiepisco-

2054 3917 2185 3972 pus,
2220 3900 2427 3954 iisdem
2462 3914 2596 3952 cum
2638 3897 3036 3970 Thephylacto
3089 3898 3529 3971 archiepiscopo
3569 3902 3698 3957 Bul-

2052 3989 2224 4062 gariae
2281 3988 2648 4059 temporibus
2702 3987 2919 4049 ﬂoruit,
2952 3988 3022 4041 ad
3058 4004 3229 4058 quem
3255 4006 3469 4044 nonam
3505 3990 3697 4046 Theo-

2053 4077 2310 4149 phylacti
2342 4075 2648 4147 epistolam
2684 4076 2837 4129 inter
2858 4074 3178 4146 impressas
3208 4093 3241 4131 a
3262 4077 3537 4149 Meursio,
3561 4078 3697 4151 legi.

2051 4167 2158 4221 Sed
2191 4167 2262 4220 de
2294 4163 2384 4219 his
2418 4163 2567 4219 alius
2601 4162 2709 4218 erit
2738 4163 3073 4234 inquirendi
3106 4163 3288 4220 locus.

2121 4255 2238 4309 XV.
2265 4254 2424 4317 Quod
2460 4252 2509 4308 si
2538 4257 2879 4307 novatorum
2931 4252 3213 4309 doctrinis
3263 4254 3537 4312 insistere
3582 4256 3700 4311 vel-

2052 4343 2187 4410 lem,
2231 4342 2656 4413 Metaphrastes
2686 4341 2745 4395 in
2779 4340 2985 4396 ultima
3031 4341 3373 4399 Christianae
3426 4344 3697 4401 Ecclesize

2050 4430 2401 4504 antiquitate
2433 4430 2579 4501 ipsis
2606 4430 2781 4484 etiam
2814 4431 3212 4502 apostolorum
3248 4431 3555 4504 discipulis
3574 4431 3700 4507 σύγ-

2050 4538 2248 4595 χρονος
2285 4519 2414 4589 fuit,
2437 4524 2668 4574 tantum
2691 4519 2857 4574 abest
2881 4520 3407 4576 utrecentissimus
3438 4521 3533 4577 sit.
3588 4523 3695 4579 No-

282 4635 419 4673 nem
454 4614 590 4669 divo
646 4609 867 4683 Ignatio
912 4608 1579 4681 Constantinopolitano,
1631 4608 1939 4680 aqualem,
1973 4629 2017 4694 Ι)
2049 4611 2159 4664 dus
2190 4625 2359 4679 quem
2394 4607 2611 4677 nescio,
2641 4624 2713 4662 an
2749 4623 3005 4677 unquam
3033 4608 3696 4678 expedientadversarii.

282 4708 497 4762 iisdem
533 4716 668 4757 cum
701 4698 950 4754 senioris
982 4698 1285 4753 Michaelis
1338 4698 1509 4754 Pselli
1552 4699 1940 4769 temporibus,

278 4794 521 4866 scriptis
554 4789 732 4846 editis
764 4787 1235 4859 celeberrimum,
1279 4789 1517 4845 vixisse.
1554 4790 1683 4860 Ipse
1716 4789 1821 4843 hoc
1869 4788 1941 4842 de

278 4903 365 4951 se,
385 4883 447 4937 in
482 4878 775 4953 principio
798 4877 941 4930 Vitae
970 4876 1176 4947 Ignatii
1201 4894 1233 4931 a
1262 4893 1323 4932 se
1356 4876 1938 4948 conscriptamtradit.

278 4974 550 5029 Nicetam
583 4968 742 5022 hunc
762 4965 1033 5019 eumdem
1066 4982 1198 5019 cum
1225 4965 1427 5020 Niceta
1449 4966 1692 5021 Serrone
1718 4966 1942 5021 faciunt

278 5062 551 5135 plerique
581 5056 816 5112 codices
847 5054 1131 5109 Vaticani.
1181 5054 1612 5126 Expositionem
1645 5053 1938 5126 siquidem

277 5152 339 5206 in
373 5147 655 5204 Carmina
685 5143 945 5215 Gregorii
999 5142 1369 5209 Nazianzeni,
1424 5144 1708 5215 ejusdem,
1754 5143 1853 5214 qui
1885 5147 1942 5198 et

282 5240 343 5294 in
373 5236 491 5294 alia
514 5232 778 5305 Gregorii
802 5235 1237 5287 commentatus
1277 5236 1366 5287 est
1413 5231 1647 5301 Nicetas,
1672 5230 1940 5287 Serronis

278 5326 535 5392 scilicet,
568 5323 723 5395 quod
766 5326 824 5376 et
852 5319 1093 5392 plurimi
1126 5320 1356 5377 codices
1390 5320 1775 5393 manuscripti
1807 5335 1941 5376 con-

2052 4697 2366 4762 Gesnerus,
2388 4701 2445 4751 et
2474 4696 2600 4765 ejus
2624 4695 2983 4766 Epitomator
3029 4697 3427 4769 suspicantur,
3483 4699 3696 4771 Hippo-

2050 4785 2168 4858 lytu
2181 4803 2234 4840 m
2247 4785 2525 4840 Thebano
2538 4784 2702 4851 m,Ch
2713 4784 2892 4838 ronici
2908 4783 3299 4841 Ecclesiastici
3326 4786 3697 4859 scriptorem,

2051 4875 2219 4943 cujus
2246 4874 2642 4945 fragmentum
2686 4871 2956 4927 Canisius
3006 4874 3064 4926 in
3111 4875 3382 4947 Antiquil.
3416 4880 3559 4930 tom.
3597 4877 3694 4945 ΙΙΙ,

2056 4962 2225 5019 nobis
2257 4967 2449 5017 Greece
2470 4967 2526 5016 ct
2576 4961 2775 5015 Latine
2837 4960 3119 5029 exhibuit,
3155 4962 3321 5018 illum
3355 4981 3504 5035 esse,
3528 4967 3699 5036 cujus

2051 5052 2441 5123 Hieronymus
2474 5048 2743 5104 meminit
2777 5049 2833 5102 in
2865 5048 3013 5104 libro
3060 5052 3134 5106 De
3180 5053 3316 5107 viris
3364 5054 3694 5125 illustri/ius,

2051 5142 2428 5197 Portuensem
2466 5140 2773 5200 duntaxat,
2811 5154 2916 5193 nec
2948 5140 3305 5212 incongrue;
3342 5158 3476 5197 cum
3508 5148 3563 5197 et
3594 5143 3696 5199 Ni-

2053 5229 2341 5300 cephorus
2393 5225 2665 5283 Callistus
2728 5227 2927 5282 Histor.
2978 5230 3185 5283 Eccles.
3245 5230 3344 5284 lib.
3405 5247 3467 5299 Ii,
3526 5247 3574 5285 c.
3638 5234 3693 5300 3,

2052 5318 2278 5391 Glycas,
2324 5317 2388 5389 (i)
2447 5320 2502 5371 et
2563 5315 2670 5387 [11]
2729 5314 3068 5372 Theodorus
3126 5317 3440 5376 Metochita
3476 5320 3535 5376 in
3584 5323 3695 5377 An-

1885 5454 2096 5512 NOTxE

353 5560 439 5633 (ἡ)
469 5558 636 5633 Apud
668 5555 950 5633 Allatium
990 5556 1060 5612 de
1104 5556 1479 5613 Simeonibus
1508 5574 1565 5629 p.
1594 5557 1721 5613 335.
1755 5557 1937 5622 Quem

272 5629 428 5691 vide
448 5629 623 5686 etiam
656 5647 712 5701 p.
734 5629 820 5701 A48
852 5642 978 5698 seq.

349 5704 421 5781 (i)
454 5697 849 5777 Glycaa'etiam
881 5697 1023 5755 sunt
1043 5714 1189 5772 quos
1210 5698 1323 5757 sub
1354 5697 1680 5757 Metochitae
1702 5699 1939 5759 nomine

2048 5554 2291 5614 annales
2322 5552 2617 5609 Meursius
2648 5551 2854 5627 edidit.
2895 5551 3241 5627 Hippolytus
3272 5571 3402 5613 vero
3428 5554 3694 5613 Chronici

2049 5633 2254 5699 auctor
2283 5627 2483 5683 ﬂoruit
2512 5623 2723 5681 saeculo
2753 5623 2850 5680 XI.
