4040 6196
389 369 502 431 48³7

1803 346 2082 407 LEONlS
2125 345 2433 406 ALLATII

3677 341 3798 404 488

385 500 630 563 nalibus,
655 512 745 561 ea,
770 508 901 565 quin
932 492 1071 546 sunt
1100 482 1392 558 Hippolyti
1439 479 1721 540 Thebani,
1772 478 2037 532 tribuant
2065 501 2119 566 Α
2149 477 2408 533 locutum
2443 475 2925 545 familiarissime,
2974 494 3216 550 suaeque
3261 477 3572 547 legationis
3611 476 3789 530 tinem

389 587 722 662 Hippolyto,
755 579 1061 638 Portuensi
1092 577 1388 648 episcopo,
1421 568 1901 662 substitu‘antque
1931 582 2034 662 pro

390 653 665 734 Thebano
691 678 1092 727 Portueusem.
1126 665 1333 722 Verum
1380 656 1721 714 Portuensis
1751 656 1860 710 sub
1910 653 2039 708 Ale-

389 767 613 823 xandro
645 763 1018 833 imperatore,
1051 770 1203 809 anno
1230 749 1451 807 scilicet
1480 745 1695 802 Christi
1724 746 1848 813 229,
1884 759 2037 798 mar-

392 857 610 928 tyrium
629 832 843 924 passus
872 851 979 902 est.
1001 844 1250 911 Estergo
1271 838 1698 909 Metaphrastes
1716 832 2036 905 antiquior,

396 921 528 1000 cium
549 921 957 1011 Me‘taphrastze
985 928 1345 986 Simeonisin
1365 925 1648 981 Chronico
1672 922 1890 977 mentio
1914 921 2036 989 ﬁat,

394 1038 451 1088 et
473 1008 808 1103 suspicione
829 1025 1092 1096 ipsorum
1110 1035 1226 1074 una
1250 1032 1381 1071 cum
1404 1012 1713 1085 discipulis
1746 1008 2038 1082 apostolo-

395 1136 526 1175 rum
560 1100 773 1173 floruit.
815 1112 1020 1166 Plures
1046 1110 1170 1180 jam
1222 1104 1312 1161 hic
1353 1101 1780 1173 Metaphrastas
1835 1100 2037 1170 partu-

393 1209 563 1274 rient,
597 1203 857 1261 omnium
892 1206 1085 1255 tamen
1119 1192 1589 1251 recentissimum
1618 1188 1782 1243 Vitas
1806 1196 2035 1243 sancto-

387 1313 518 1351 rum
551 1292 861 1364 scripsisse
893 1290 1107 1343 dicent.
1143 1289 1320 1355 Nugae
1352 1287 1409 1336 et
1439 1277 1690 1335 somnia.

456 1385 597 1439 XVI.
631 1380 1053 1451 Metaphrastes
1080 1375 1312 1428 Simeon
1360 1370 1571 1424 unicus
1615 1371 1762 1431 esto,
1819 1364 2033 1419 Theba-

384 1490 494 1529 nus
526 1490 559 1528 a
591 1468 923 1532 Portuensi,
957 1464 1041 1521 uti
1092 1468 1182 1519 est
1214 1459 1561 1532 Hippolytus
1611 1456 1879 1510 diversus
1912 1452 2033 1509 exi-

383 1564 673 1627 stimetur;
719 1563 775 1612 et
810 1573 915 1611 nos
963 1566 1247 1623 perquam
1279 1549 1531 1604 obscura
1580 1545 1741 1599 illius
1772 1548 2037 1613 tempora

385 1656 442 1705 et
470 1649 600 1703 vitae
632 1646 971 1701 institutum
1006 1640 1241 1695 aliunde
1273 1653 1450 1708 quam
1484 1652 1516 1689 a
1546 1639 1805 1704 tempore
1838 1629 2034 1696 Pselli,

385 1742 464 1807 et,
489 1737 537 1792 si
572 1735 694 1791 fieri
728 1738 940 1806 potest,
974 1732 1045 1785 ab
1077 1728 1278 1784 eodem
1315 1725 1491 1781 etiam
1522 1720 1912 1792 Metaphraste
1945 1719 2032 1773 in-

386 1826 940 1899 quiramus.Auctor
959 1819 1104 1873 Vitas
1146 1820 1361 1872 sanctae
1397 1811 1743 1868 Theoctistie
1796 1808 2030 1875 Lesbiaa,

2146 566 2532 632 fortunatum,
2566 566 2638 621 ob
2669 582 2916 637 eamque
2946 583 3193 622 munera
3225 568 3298 622 ab
3330 566 3681 637 imperatore
3712 582 3797 619 rc-

2145 656 2451 726 portanda,
2482 655 2866 727 praesagiente
2896 656 3092 713 divino
3140 655 3241 712 illo
3289 672 3449 721 sene,
3499 655 3740 710 audisse
3774 670 3789 707 :

2146 748 2281 815 post
2327 744 2657 799 absolutam
2720 744 3171 817 navigationem,
3205 746 3511 801 scribendo
3547 760 3635 813 ea,
3669 760 3798 814 qua

2146 832 2371 888 viderat
2399 838 2457 888 et
2513 834 2800 900 audierat,
2859 841 3146 907 praecepta
3201 835 3364 891 senis
3415 834 3796 905 adimplesse.

2148 920 2257 975 Illa
2285 937 2416 989 ergo
2477 925 2821 993 tempestate
2878 924 3128 991 vivebat,
3184 940 3316 980 cum
3364 923 3581 978 Arabes
3640 921 3800 993 ngel

2147 1010 2400 1079 insulas,
2433 1016 2490 1066 et
2536 1026 2667 1066 oras
2717 1011 2948 1068 Graecisa
3007 1014 3333 1069 maritimas
3408 1030 3522 1068 non
3579 1011 3800 1067 infelici

2148 1103 2378 1166 eventu,
2415 1100 2629 1155 misera
2657 1106 2854 1156 tamen
2884 1104 3114 1158 Graeciaa
3147 1102 3479 1159 calamitate
3519 1118 3587 1157 ac
3632 1100 3799 1155 clade

2149 1187 2503 1243 afﬂixerunt.
2538 1189 2649 1244 Sed
2684 1195 2826 1245 tunc
2878 1190 3279 1262 potissimum,
3312 1207 3446 1245 cum
3487 1190 3546 1244 in
3582 1190 3798 1244 Arabas

2149 1275 2339 1331 classe
2371 1294 2438 1333 ac
2474 1279 2622 1333 ferro
2670 1277 2988 1347 Himerius,
3023 1279 3151 1352 ipse
3198 1280 3371 1335 verbo
3418 1295 3483 1333 ac
3532 1278 3795 1333 muneri-

2148 1365 2259 1421 bus
2285 1368 2705 1437 expugnandos
2738 1368 3009 1434 mittitur,
3043 1374 3183 1424 tunc
3222 1386 3354 1424 cum
3405 1368 3670 1423 nondum
3722 1366 3795 1421 ad

2147 1455 2527 1526 scriptionem
2578 1457 2841 1513 animum
2894 1458 3229 1529 adjecisset.
3264 1458 3374 1513 Sed
3408 1458 3521 1513 ista
3551 1471 3797 1511 evenere

2144 1545 2513 1616 temporibus
2563 1545 2775 1601 Leonis
2835 1547 3153 1619 Sapientis,
3201 1546 3403 1602 Basilii
3462 1543 3798 1601 Macedonis

2144 1632 2271 1698 ﬁlii,
2331 1633 2378 1686 si
2438 1633 2718 1700 Cedreno,
2793 1634 3182 1707 Curopalatae,
3246 1635 3482 1691 Zonaras
3544 1632 3797 1704 aliisque

2142 1721 2439 1777 historicis
2495 1724 2711 1779 Graecis
2765 1724 2909 1780 ﬁdes
2969 1724 3241 1780 habenda
3290 1732 3399 1779 est.
3452 1724 3602 1795 Ergo
3655 1726 3798 1776 tunc

2146 1811 2380 1867 Simeon
2404 1813 2513 1868 iste
2544 1813 3264 1885 Metaphrastes,Vitarum
3294 1812 3796 1885 scriptor,ﬂoruit,

383 1877 821 1987 Ιῖἱρροωειέιόθι
854 1909 1045 1971 surio.
1099 1908 1166 1979 (j)
1200 1905 1446 1975 aliisque
1484 1901 1611 1956 sine
1641 1899 1761 1954 11118
1798 1897 2035 1953 hiﬁsitﬂ-
2069 1877 2113 1939 Β
2146 1902 2491 1956 muneribus
2520 1918 2585 1956 ac
2616 1877 3006 1974 dignitatibus
3032 1909 3257 1958 auctus.
3293 1903 3360 1957 Et
3399 1877 3444 1957 si
3477 1901 3617 1973 quid
3659 1916 3794 1956 con-

384 2006 563 2067 tione,
596 2002 864 2074 quamvis
897 1998 1092 2053 nescio
1124 1994 1266 2066 quid
1297 1994 1366 2047 ad
1391 1994 1679 2047 incertum
1732 1992 2028 2043 auctorem

383 2090 771 2157 transmittat,
804 2086 1231 2158 Metapbrastes
1279 2081 1374 2136 hic
1423 2084 1535 2136 est.
1577 2076 2029 2148 Comprobatur-

392 2199 505 2253 que
534 2179 863 2237 certissimo
912 2175 1102 2248 ipsius
1158 2170 1330 2228 Pselli
1388 2166 1747 2225 testimonio.
1804 2162 2030 2219 Psellus

396 2287 672 2341 namque,
698 2270 837 2323 dum
870 2266 929 2320 in
956 2263 1410 2334 Metaphrastem
1453 2274 1693 2324 canone,
1735 2269 2029 2309 commen-

384 2359 635 2415 tationes
655 2358 1049 2429 Metaphraste
1089 2350 1373 2416 insinuat,
1408 2346 1612 2402 scribit
1643 2345 1809 2400 illum
1842 2341 2030 2396 consi-

383 2449 461 2504 lio
494 2453 669 2521 atque
703 2446 925 2501 monitu
956 2442 1109 2497 Parii
1150 2440 1509 2496 anachoreta:
1541 2450 1759 2490 munus
1790 2448 2026 2504 aggres-

383 2554 519 2594 sum
549 2519 867 2600 scribendi,
902 2533 1155 2604 primum
1198 2528 1460 2584 omnium
1494 2522 1851 2595 colloquium
1887 2519 2027 2573 illud

380 2625 869 2698 composuisse,et
890 2618 1239 2677 Theoctistaa
1264 2615 1507 2684 virginis
1538 2613 1716 2667 vitam
1751 2609 2030 2682 graphice

382 2694 701 2771 admodum
753 2711 1090 2773 celebrasse,
1125 2707 1243 2762 Ode
1272 2705 1325 2759 6.
1373 2703 1449 2758 Τὸ
1499 2697 1713 2776 πρῶτόν
1764 2718 1858 2751 σου
1899 2694 2028 2769 σύγ’

382 2822 615 2877 γραμμαί
667 2800 725 2854 ἐκ
782 2797 1049 2871 Ηρονοίας
1107 2794 1291 2862 Θείκῆς
1328 2836 1342 2862 ,
1396 2792 1485 2845 καὶ
1556 2787 1779 2861 ὁμιλίας
1842 2786 2030 2860 γέγονα

380 2895 477 2945 τοῦ
523 2892 672 2965 ἱεροῦ
720 2884 1023 2963 πρεσϐύτου
1053 2884 1142 2939 καὶ
1180 2884 1468 2956 μοναστοῦ,
1502 2876 1727 2951 Συμεὼν
1763 2876 2026 2943 θεσπέσιε,

385 2980 443 3034 ’ὸν
478 2978 529 3034 ὲν
560 2963 726 3053 Πάρῳ
778 2980 845 3050 τῇ
889 2978 1040 3047 νήσῳ
1067 2973 1427 3046 τεθεώρηκας.
1462 2967 1767 3053 ΕιηἈξίως
1798 2963 2028 3037 istim,-

382 3090 476 3132 σας
513 3074 612 3137 τῆς
664 3060 895 3126 Λεσϐίοις
956 3064 1020 3118 τὰ
1080 3061 1309 3134 Λαμπρὰ
1363 3058 1452 3113 καὶ
1512 3049 1628 3120 Beia
1678 3054 2029 3130 ἀγωνίσματα

381 3158 704 3226 Θιογτίστης
736 3162 835 3224 τῆς
865 3151 1035 3216 ὄντως
1056 3150 1367 3227 ἀγγελικὸν,
1397 3150 1592 3221 μικροὖ
1616 3148 1705 3199 καὶ
1738 3144 2025 3215 ἀσώματον

2133 1991 2365 2061 jectura
2420 1991 2696 2059 augurari
2728 1990 2882 2059 licet,
2919 1992 3155 2047 Simeon
3186 1992 3283 2046 ille
3314 2008 3348 2046 a
3379 1990 3619 2046 secretis
3668 1990 3782 2044 sub

2143 2079 2251 2133 hoc
2285 2079 2600 2150 Leone,qui
2619 2096 2827 2135 aurum
2843 2098 2875 2134 a
2890 2079 3293 2153 RhodOphyllo
3308 2077 3573 2135 relictum
3607 2079 3786 2133 Leoni

2136 2167 2430 2239 Tripolitaa
2461 2168 2664 2224 infami
2693 2176 2958 2241 apostate
2988 2169 3297 2236 obtulerat,
3334 2174 3397 2223 ut
3424 2185 3559 2223 eum
3589 2168 3665 2222 ab
3688 2183 3786 2223 ex-

2138 2258 2287 2312 cidio
2314 2258 2822 2313 'l‘hessalonicensi
2846 2264 3149 2328 averteret,
3168 2258 3417 2329 ideoque
3438 2257 3509 2311 ab
3538 2256 3793 2327 impera-

2136 2351 2259 2402 tore
2292 2348 2593 2418 patriciiet
2613 2348 2908 2403 secretarii
2938 2348 3196 2419 primarii
3232 2346 3622 2419 dignitatibus
3643 2361 3788 2401 con-

2137 2437 2461 2501 decoratas,
2493 2436 2691 2492 nullus
2706 2436 2855 2492 alius
2877 2442 3169 2509 est,quam
3196 2436 3553 2493 Simeoniste
3587 2440 3791 2490 noster

2138 2524 2577 2594 Metaphrastes,
2633 2526 2733 2597 qui
2785 2526 3113 2598 Logothetae
3147 2527 3383 2582 nomine
3413 2543 3446 2581 a
3475 2523 3687 2590 Psello,
3727 2528 3792 2579 ut

2140 2614 2404 2669 dicemus
2437 2614 2703 2685 inferius,
2737 2622 2793 2670 et
2822 2616 2895 2670 ab
2926 2615 3058 2671 aliis
3083 2616 3420 2685 insignitur.

2211 2703 2387 2757 XVII.
2450 2704 2877 2775 Metaphrastes
2907 2720 3044 2776 ergo
3109 2705 3342 2760 Simeon
3403 2704 3787 2776 scriptionem

2138 2808 2380 2849 exorsus
2411 2797 2499 2847 est
2532 2794 2640 2848 sub
2663 2794 2870 2863 Leone,
2893 2800 2950 2849 et
2971 2794 3081 2849 sub
3109 2793 3491 2850 Constantino
3527 2792 3789 2864 Porphy-

2139 2885 2475 2952 rogenneta,
2503 2881 2709 2938 Leonis
2741 2881 2880 2951 filio,
2926 2888 2984 2937 et
3032 2888 3241 2954 nepote
3280 2883 3561 2949 Romano,
3609 2886 3789 2937 aetate

2138 2970 2315 3026 etiam
2346 2970 2471 3041 ipse
2503 2972 2862 3042 provectiore
2892 2970 3149 3026 assiduis
3182 2970 3479 3025 laboribus
3511 2969 3785 3025 absolve-

2138 3060 2269 3125 bat;
2305 3064 2366 3114 ut
2393 3076 2461 3113 ex
2504 3059 2665 3113 illius
2696 3059 2955 3115 oratione
2997 3061 3068 3115 de
3114 3059 3511 3130 exportatione
3564 3075 3784 3113 manus

2139 3149 2351 3203 dextrae
2408 3148 2651 3203 Joannis
2684 3148 2950 3219 Baptistae
2999 3148 3152 3219 apud
3222 3148 3649 3220 Lippomanum
3728 3153 3788 3201 et

376 3244 675 3315 τελεσάσης
718 3243 1006 3318 πανσὸφως
1056 3242 1118 3297 τὸ
1171 3236 1498 3309 πολίτευμα.
1559 3238 1611 3291 Id
1665 3240 1795 3290 est:
1832 3236 2023 3288 Prima

2146 3237 2375 3291 Surium
2403 3236 2481 3307 (Ii)
2514 3236 2706 3309 colligi
2751 3238 2980 3307 poterit.
3034 3237 3119 3291 Ait
3169 3236 3327 3292 enim
3378 3254 3443 3291 ea
3471 3240 3639 3291 aetate
3674 3236 3791 3291 sub

375 3346 473 3393 tua
501 3336 891 3392 commulatio
911 3351 985 3388 ea:
1020 3332 1215 3388 divina
1264 3327 1622 3386 Providentia
1669 3329 1717 3379 et
1759 3324 2024 3392 colloquio

375 3429 527 3495 facta
571 3430 643 3481 est
676 3426 829 3480 sacri
874 3424 1024 3478 senis
1080 3425 1133 3476 et
1188 3417 1559 3479 anachoretae,
1592 3413 1817 3468 Simeon
1842 3410 2023 3464 admi-

380 3516 596 3579 rabilis,
630 3530 789 3585 quem
825 3514 884 3567 in
943 3512 1086 3565 Paro
1130 3508 1317 3563 insula
1365 3503 1727 3574 conspexisti.
1780 3499 1870 3567 Et,
1922 3504 2024 3553 Pro

379 3603 659 3672 dignitate
710 3601 923 3657 laudati
982 3598 1186 3654 Lesbia?
1220 3595 1462 3650 illustria
1507 3595 1558 3645 et
1607 3590 1796 3644 divina
1839 3596 2023 3642 certa-

382 3696 557 3757 mina,
594 3707 715 3746 vere
747 3691 1089 3750 Theoctislae,
1121 3703 1153 3738 a
1187 3686 1295 3739 Deo
1332 3682 1645 3752 fabricam,
1694 3692 1820 3749 qua
1857 3692 2024 3746 ange—

382 3782 548 3835 licam
577 3788 627 3834 et
657 3783 869 3834 tantum
898 3793 1008 3832 non
1056 3776 1437 3840 incorporeum
1483 3769 1719 3823 absolvit
1752 3768 2027 3836 sapienter

380 3872 515 3925 vita:
544 3869 838 3922 rationem.
876 3866 935 3919 In
969 3864 1077 3918 hac
1110 3867 1308 3916 autem
1358 3858 1697 3930 scriptione,
1743 3863 1801 3911 et
1849 3853 2024 3910 collo-

377 3958 584 4028 quium
641 3955 798 4010 senis
850 3955 907 4007 in
962 3953 1123 4020 Paro,
1175 3955 1229 4004 et
1289 3949 1760 4007 adhortamenta,
1803 3949 1861 3999 et
1907 3944 2027 3997 vita

373 4045 737 4101 Theoctistes
772 4059 873 4115 pro
897 4040 1136 4096 humani
1164 4037 1381 4108 ingenii
1412 4036 1694 4090 tenuitate
1725 4048 2024 4105 exponun-

375 4141 489 4190 tur.
530 4137 575 4189 A
605 4134 831 4187 ratione
863 4145 1000 4202 ergo
1028 4129 1255 4183 alienus
1287 4130 1462 4192 esset,
1500 4124 1838 4196 quicunque
1881 4119 2024 4175 scri-

379 4229 546 4296 ptum
578 4222 686 4277 hoc
720 4219 1128 4291 Metaphrastte
1160 4231 1287 4271 esse
1313 4215 1634 4285 genuinum
1691 4212 2025 4282 denegaret.

382 4317 454 4366 At
478 4312 537 4365 in
569 4311 678 4366 hoc
706 4310 832 4365 vitai
864 4307 1202 4363 institutum
1236 4304 1524 4375 ejusdem,
1556 4305 1614 4356 et
1664 4299 1850 4355 aetatis
1888 4304 2031 4353 tem-

383 4419 524 4473 pora
546 4400 717 4473 plane
752 4403 808 4454 et
837 4399 963 4453 sine
1014 4396 1154 4451 ullis
1209 4392 1559 4464 ambagibus
1604 4394 2027 4461 proponuntur.

382 4494 615 4544 Frustra
648 4488 848 4559 itaque
877 4503 946 4543 ex
996 4486 1127 4549 alio,
1165 4500 1269 4538 nec
1322 4482 1395 4537 ab
1456 4482 1579 4552 ipso
1639 4479 1931 4544 Simeone,
1964 4477 2033 4531 de

392 4578 684 4646 Simeone,
705 4574 1112 4631 testimonium
1137 4570 1491 4641 quaerimius.
1519 4569 1824 4624 Discamus
1845 4583 1976 4621 vero
1999 4584 2032 4619 a

382 4668 674 4736 Simeone,
708 4682 842 4721 eum
871 4681 986 4719 non
1038 4680 1069 4718 a
1117 4660 1383 4717 ducenda
1414 4675 1592 4713 uxore
1623 4655 2026 4720 abhorruisse,

385 4758 483 4812 sed
519 4773 587 4811 ex
620 4755 723 4811 illa
765 4755 979 4810 liberos
1010 4751 1184 4808 etiam
1232 4764 1590 4822 procreasse,
1642 4745 2031 4815 civilibusque

389 4845 734 4902 muneribus
768 4845 1057 4907 functum,
1103 4844 1244 4894 tunc
1282 4839 1521 4892 demum
1569 4852 1701 4889 cum
1754 4832 2027 4898 llimerio,

390 4934 792 4989 ducendarum
827 4931 1126 5003 copiarum
1154 4923 1793 4999 peritissimo,legatum
1821 4921 1933 4991 [12]
1956 4922 2027 4975 ad

389 5023 633 5091 Arabas,
668 5020 769 5092 qui
827 5021 1053 5075 Cretam
1116 5018 1471 5079 invaserant,
1508 5011 1754 5065 missum
1802 5012 2027 5065 fuisse:

386 5117 627 5177 et,cum
672 5127 789 5165 non
842 5108 1045 5163 liceret
1098 5122 1201 5175 per
1258 5106 1461 5158 ventos
1512 5100 1784 5165 ulterius,
1817 5100 2029 5153 Parum

384 5200 790 5270 adnavigasse,
823 5201 880 5251 et
922 5211 1057 5251 cum
1107 5209 1245 5247 sene
1281 5191 1379 5245 illo
1422 5188 1775 5245 anachoreta
1816 5203 2030 5258 cogno-

387 5291 563 5358 mine,
595 5305 629 5343 a
674 5304 788 5359 quo
846 5291 904 5340 et
961 5300 1054 5339 res
1108 5286 1303 5353 gestas
1357 5278 1691 5333 Theoctites
1741 5293 1809 5331 ea
1831 5275 2029 5331 condi-

388 5378 566 5447 tione,
598 5380 664 5433 ut
683 5374 882 5433 omnia
912 5370 1148 5443 scriptis
1182 5369 1509 5437 mandaret,
1539 5370 1896 5438 perceperat,
1917 5365 2032 5422 col-

2133 3325 2509 3381 Constantino
2543 3331 2599 3380 et
2631 3326 2891 3381 Romano
2925 3326 3384 3398 imperatoribus
3415 3344 3447 3380 a
3475 3325 3620 3379 Jobo
3652 3324 3790 3379 dia-

2131 3431 2275 3469 cono
2311 3431 2548 3469 manum
2582 3414 2890 3469 Antiochia
2914 3415 3252 3486 Byzantium
3286 3414 3539 3469 delatam
3574 3413 3785 3469 fuisse.

2134 3505 2195 3559 Id
2231 3510 2421 3559 autem
2456 3504 2566 3558 sub
2600 3504 2770 3559 dictis
2803 3504 3255 3573 imperatoribus
3285 3503 3547 3559 evenisse
3570 3502 3786 3557 confir-

2135 3597 2301 3647 mant
2339 3593 2635 3647 Cedrenus
2693 3596 2750 3647 et
2801 3594 3053 3648 Zonaras
3110 3592 3170 3646 in
3224 3592 3611 3647 Constantino
3663 3590 3794 3646 Por-

2142 3681 2601 3753 phyrogenneta.

2206 3769 2403 3825 XVIII.
2439 3773 2603 3824 Errat
2640 3786 2776 3841 ergo
2810 3769 3101 3825 Gerardus
3134 3770 3399 3839 Vossius,
3430 3773 3486 3825 et
3517 3767 3636 3835 alii,
3674 3768 3787 3838 qui

2135 3864 2345 3933 putant
2389 3860 2717 3915 Simeonem
2758 3859 3212 3932 Mctapbrastem
3244 3860 3354 3914 sub
3395 3857 3785 3914 Constantino

2136 3952 2312 4016 Duca,
2331 3946 2416 4003 vel
2440 3947 2646 4003 saltem
2665 3949 2819 4003 circa
2840 3965 2908 4004 ea
2922 3954 3184 4019 tempora
3197 3947 3466 4003 floruisse
3487 3962 3499 4001 :
3524 3962 3794 4001 errasse-

2136 4052 2249 4107 que
2282 4036 2594 4091 Baronium
2629 4041 2685 4092 et
2714 4036 3163 4101 Bellarminum,
3214 4052 3349 4091 cum
3407 4035 3672 4096 Simeon,
3733 4040 3799 4089 ut

2136 4127 2383 4179 Vossius
2418 4126 2539 4196 ipse
2572 4130 2755 4196 putat,
2787 4126 3055 4181 ducentis
3089 4125 3259 4181 annis
3292 4123 3578 4196 posterior
3628 4121 3795 4177 vixe-

2140 4214 2235 4278 rit,
2263 4230 2440 4284 quam
2475 4212 2557 4267 illi
2585 4213 3018 4268 existimarunt.

2212 4302 2352 4357 XIX.
2387 4304 2681 4367 Quantum
2715 4308 2991 4373 prazterea
3023 4301 3360 4357 immaniter
3388 4299 3797 4355 hallucinatus

2143 4391 2218 4447 sit
2251 4391 2669 4462 Hospinianus,
2704 4392 2843 4446 dum
2878 4392 3307 4463 Metaphrastas
3338 4398 3390 4445 et
3438 4387 3665 4445 Psellos
3690 4405 3798 4460 pro

2144 4479 2449 4545 arbitratu,
2489 4486 2553 4534 ut
2584 4480 2664 4534 ita
2690 4480 2880 4536 dicam
2904 4480 3237 4551 discerpsit,
3258 4480 3372 4551 [t3]
3385 4479 3624 4534 abunde
3646 4479 3800 4533 satis

2148 4568 2404 4623 ostendit
2433 4569 2689 4624 Jacobus
2720 4570 3028 4625 Gretserus
3086 4571 3160 4624 De
3219 4568 3558 4639 imaginibus
3617 4583 3801 4621 manu

2138 4673 2246 4712 non
2275 4660 2456 4728 lactis,
2487 4675 2536 4713 c.
2590 4659 2673 4712 19.
2734 4659 3038 4715 Conferam
3090 4664 3146 4714 et
3202 4675 3273 4713 ex
3322 4674 3451 4713 meo
3484 4654 3799 4725 nonnulla,

2138 4751 2347 4818 praeter
2369 4747 2491 4816 jam
2527 4747 2705 4817 dicta,
2732 4748 2800 4803 ad
2839 4764 3093 4803 messem
3128 4752 3248 4802 tam
3283 4747 3617 4814 uberem,ut
3645 4745 3801 4799 veri-

2136 4839 2228 4890 tas
2282 4836 2499 4890 clarius
2551 4836 2867 4892 elucescat.
2917 4838 3046 4891 Fuit
3112 4835 3535 4905 Metaphrastes
3575 4850 3698 4888 non
3738 4833 3800 4904 (ι)

2138 4924 2388 4979 trivialis
2419 4924 2919 4997 ConstantinOpoli
2957 4924 3385 4995 ludimagister,
3437 4922 3537 4979 sed
3578 4937 3803 4992 genere

2140 5013 2335 5068 clarus
2367 5012 2582 5069 illustri
2616 5014 2840 5069 familia
2874 5019 3067 5077 natus,
3100 5013 3321 5068 divitiis
3355 5011 3693 5079 abundans,
3733 5010 3796 5065 in

2141 5101 2275 5157 aula
2304 5103 2683 5173 imperatoria
2714 5102 2982 5172 celebris,
3035 5120 3069 5158 a
3116 5102 3360 5158 secretis
3416 5106 3475 5156 et
3525 5099 3805 5155 consiliis

2142 5190 2392 5260 intimis,
2424 5196 2481 5245 et
2514 5196 2644 5263 post
2676 5197 2922 5248 mortem
2956 5191 3132 5247 etiam
3165 5190 3470 5247 miraculis
3521 5188 3805 5243 illustris.

2140 5278 2365 5333 Psellus
2416 5280 2473 5333 in
2525 5281 2797 5337 eumdem
2834 5298 2847 5336 :
2878 5279 2979 5336 Καὶ
3026 5278 3157 5353 τόγι
3204 5277 3671 5351 θαυμασιώτερον,
3719 5275 3807 5330 ὅτι

2141 5365 2447 5440 Μὶγὲνους
2505 5366 2561 5421 εὖ
2621 5365 2791 5443 ἔχων,
2848 5368 2939 5424 καὶ
2995 5368 3062 5423 τὰ
3117 5364 3519 5436 miscuithic:
3577 5361 3808 5429 οἴκοθεν

1982 5483 2192 5542 NOTAE

494 5591 522 5657 ἱ)
553 5589 635 5644 Ad
670 5589 736 5643 10
767 5584 1075 5657 Novembr.

494 5592 522 5657 ')
553 5592 635 5644 Ad
670 5592 736 5643 10
767 5592 1050 5641 Novembr

464 5592 542 5739 δι)
574 5660 658 5719 Ad
682 5660 752 5717 29
779 5655 1050 5731 Augusti.

2217 5582 2281 5655 (ι)
2312 5582 2521 5641 Confer
2558 5582 2836 5642 Allatium
2893 5583 2965 5640 de
3017 5582 3164 5640 Nilis
3193 5599 3252 5657 p.
3284 5583 3355 5638 29
3383 5581 3525 5639 edit.
3558 5588 3807 5639 nostra.
