4040 6196
221 347 338 408 489

1461 346 1833 408 DIATBIBA
1880 350 1984 410 DE
2027 351 2372 416 PSELLIS.

3525 365 3650 428 490

220 480 580 553 κεκτημένος,
634 480 791 554 βαθεῖ
833 500 893 534 τε
942 475 1167 551 πλούτῳ
1198 481 1411 552 κομῶν,
1442 478 1532 533 καὶ
1564 477 1646 542 οἷς
1690 476 1747 533 ἄν
1795 501 1878 543 τις

1995 484 2268 543 Simeone
2332 491 2684 564 conscriptis
2733 492 2963 566 aliquas
3033 513 3067 552 a
3119 495 3457 566 junioribus
3509 514 3640 555 esse

221 573 358 644 πρὸς
426 567 711 624 παίδευσιν
757 568 1137 639 ἀποκνήσειεν.
1189 569 1254 624 Et
1302 569 1444 639 quod
1487 574 1566 625 est
1629 569 1880 625 admira-

219 663 412 724 bilius,
444 664 496 715 et
527 663 751 730 propter
780 658 920 728 quod
951 659 1115 713 illum
1163 659 1441 728 quispiam
1489 660 1679 730 magis
1706 661 1884 729 fuerit

217 750 557 816 admiratus,
599 764 729 802 cum
779 755 912 802 esset
958 762 1156 817 genere
1202 747 1409 816 clarus,
1454 751 1506 802 et
1554 763 1624 802 ea:
1669 749 1884 804 illustri

219 837 455 909 familia
482 846 674 902 natus,
715 840 766 891 et
811 835 1120 890 abundaret
1168 834 1404 905 divitiis,
1448 845 1498 891 et
1547 838 1615 891 iis
1646 851 1770 908 qua:
1797 853 1882 892 se-

218 930 473 999 gniorem
503 927 783 997 eﬂecerint
812 941 1131 996 quempiam
1156 927 1230 980 ad
1259 925 1719 995 dtsciplinas,etc.
1737 926 1882 980 Hinc

219 1018 374 1072 idem
409 1014 642 1070 Pscllus
673 1014 940 1084 ejusdem
972 1011 1239 1068 Oflicium
1269 1013 1784 1084 composuit,quod
1809 1013 1880 1068 ab

219 1103 636 1161 ecclesiatticis
669 1105 726 1156 in
758 1103 886 1173 ejus
917 1100 1311 1166 solemnitate,
1346 1101 1519 1156 sucuti
1553 1101 1675 1154 fieri
1725 1106 1883 1156 amat

219 1197 275 1248 in
307 1193 448 1248 aliis
480 1193 740 1260 Sanctis,
772 1193 1204 1260 decantaretur,
1234 1191 1292 1246 in
1333 1205 1400 1245 eo
1439 1189 1561 1246 Oda
1591 1190 1624 1244 3
1655 1190 1881 1259 scribit,

218 1279 626 1356 Ἐνδιαπρέψας
677 1279 729 1333 ἐν
798 1280 998 1353 ἀρχαῖς
1043 1282 1164 1339 ταῖς
1214 1284 1313 1347 τῆς
1365 1277 1509 1333 κάτω
1567 1276 1882 1352 συγκλήτου

219 1372 292 1433 ὡς
346 1371 488 1443 ἀνὴρ
547 1367 907 1444 βουληφόρος
957 1367 1019 1422 τὸ
1059 1364 1368 1440 πολίτευμα
1419 1367 1480 1420 τὸ
1530 1367 1618 1421 σὸν
1669 1366 1881 1436 ἐκτήσω

217 1460 266 1515 ἐν
327 1460 613 1532 οὐρανοῖς,
665 1458 752 1512 καὶ
817 1459 917 1527 τήν
981 1454 1091 1511 ἄνω
1176 1454 1481 1532 σύγκλητον
1549 1454 1880 1527 ἐκόσμησας.

224 1554 358 1608 Cum
391 1552 611 1606 terreni
639 1553 863 1604 senatus
893 1547 1258 1616 dignitatibus
1300 1547 1690 1603 condecoratus
1735 1548 1880 1618 [uis-

219 1658 320 1706 ses,
352 1641 534 1696 veluti
565 1642 651 1695 vir
681 1639 1056 1703 consiliarius,
1107 1639 1240 1694 vitm
1285 1636 1557 1693 ducenda:
1606 1637 1883 1691 rationem

221 1735 276 1786 in
301 1730 460 1786 cretis
503 1730 816 1801 acquieras,
847 1732 901 1783 et
945 1743 1253 1798 supernum
1291 1730 1546 1782 senatum
1587 1727 1876 1782 decorasli.

219 1821 504 1914 Saepeque
537 1816 914 1914 Logothetam
941 1816 1233 1914 nominat.
1267 1815 1383 1914 (ide
1424 1815 1614 1914 prima
1648 1831 1661 1871 :
1698 1811 1877 1876 Μὲλος
1912 1850 1958 1914 Β

228 1929 317 1980 μοι
349 1905 626 1982 εὔρυθμον
670 1902 844 1972 δίδου,
879 1904 1021 1980 Λόγε
1070 1909 1227 1972 Θεοῦ,
1260 1903 1522 1982 εὐφημεῖν
1575 1905 1877 1980 ὁρμήσαντι

222 1998 312 2051 τὸν
366 1997 677 2073 Θερᾶποντα
730 1996 823 2049 τὸν
885 1995 976 2049 σὸν
1034 1999 1299 2067 Συμεῶνα
1343 1996 1434 2048 τὸν
1487 1995 1882 2072 Μεταφραστήν

222 2087 310 2140 τὸν
343 2085 549 2160 κυρίως
593 2082 894 2158 λογοθέτην
947 2081 1282 2159 ἀξιάγαστον.
1340 2086 1516 2141 Melas
1563 2087 1703 2140 mihi
1749 2101 1876 2141 con-

225 2181 452 2232 cinnum
490 2175 721 2231 Verbum
744 2176 859 2242 Dei,
891 2191 1013 2229 cum
1035 2175 1314 2230 celebrare
1333 2175 1637 2242 inceperim
1661 2191 1880 2229 servum

227 2271 382 2320 tuum
433 2265 700 2321 Simeona
760 2264 1198 2334 Metaphrastem,
1247 2266 1469 2335 proprie
1529 2265 1877 2332 Logolhetam

230 2355 640 2422 admirabilem,
686 2354 756 2409 Et
803 2353 945 2408 alibi
1003 2369 1017 2408 :
1065 2350 1490 2427 Εὖφημήσωμεν
1539 2353 1732 2414 πάντες
1780 2351 1874 2406 ἑπ-

226 2442 390 2514 αξίοις
479 2441 617 2513 ᾠαῖς
663 2441 753 2494 τὸν
838 2437 1001 2516 μέγαν
1060 2443 1192 2495 Θεοῦ
1251 2441 1550 2514 θεράποντα
1610 2444 1875 2512 Συμεῶνα

221 2532 307 2585 τὸν
347 2532 501 2606 ἅγιον
553 2529 880 2604 λογοοὲτην.
954 2531 1292 2587 Celebremus
1336 2548 1526 2588 omnes
1592 2531 1874 2602 condignis

224 2624 474 2677 cantibus
521 2637 791 2689 magnum
853 2621 950 2676 Dei
1011 2637 1232 2675 servum
1296 2619 1554 2676 Simeona
1622 2625 1874 2676 sanctum

228 2711 598 2782 Logothetam.
649 2710 782 2764 Fuit
845 2725 982 2781 ergo
1035 2709 1362 2779 Logothetas
1411 2709 1602 2765 ofﬁcio
1647 2711 1874 2783 conspi-

225 2817 387 2867 cuus,
420 2801 580 2872 quod
616 2799 899 2870 quidnam
928 2797 1122 2866 fuerit,
1155 2797 1424 2870 pluribus
1455 2797 1553 2852 alii
1587 2816 1874 2870 exponere

225 2896 410 2945 conati
446 2894 593 2944 sunt
626 2905 638 2941 :
673 2904 792 2954 eos,
826 2886 927 2958 qui
961 2885 1132 2958 plura
1180 2885 1492 2954 desiderat,
1540 2886 1736 2943 videre
1769 2905 1872 2960 po-

224 2978 374 3034 terit.
409 2977 572 3034 Satis
605 2977 751 3032 mihi
801 2976 911 3032 erit
951 2992 1052 3047 pro
1096 2975 1206 3030 hac
1250 2992 1311 3032 re
1357 2976 1709 3032 stabilienda
1755 2977 1873 3033 ele-

223 3066 557 3139 gantissimi
588 3066 753 3135 item,
789 3082 856 3120 ac
891 3065 1356 3136 prudentissimi,
1401 3065 1539 3122 licet
1584 3067 1874 3138 sequioris

224 3155 416 3212 saeculi
479 3154 811 3226 scriptoris,
843 3153 1087 3209 Joannis
1120 3153 1389 3210 Cinnami
1421 3155 1869 3225 testimonium;

1992 574 2251 644 adjectus
2284 577 2668 636 observarunt
2717 583 3025 655 Baronius,
3073 589 3129 640 et
3150 583 3563 655 Bellarminus,
3593 594 3652 643 et

1993 663 2113 731 alii,
2146 681 2279 720 cum
2307 667 2413 721 viri
2441 667 2527 722 illi
2561 675 2694 740 post
2723 672 3014 729 Simeonis
3058 677 3329 744 tempora
3377 674 3648 732 vixerint.

1991 754 2062 806 At
2091 769 2189 808 eas
2215 771 2248 809 a
2281 755 2488 823 Psello,
2521 761 2847 816 recentiore
2897 779 3130 834 nempe,
3179 779 3440 818 annexus
3471 763 3530 817 in
3562 764 3648 818 lu-

1991 857 2116 896 cem
2148 843 2416 916 vulgatas
2465 847 2742 918 opinatur
2788 852 3053 907 Andreas
3099 851 3398 919 Schottus,
3445 852 3650 923 praefa-

1990 928 2148 983 tione
2179 932 2247 985 ad
2284 932 2580 1002 lectorem,
2615 939 2671 990 in
2705 939 2943 994 Cantica
2983 941 3365 996 canticorum.
3397 941 3558 997 Unde
3590 942 3648 997 id

1991 1017 2264 1075 habuerit
2294 1022 2570 1080 Schottus
2607 1043 2719 1082 non
2752 1026 2961 1099 liquet,
2994 1029 3102 1085 etsi
3133 1046 3338 1084 verum
3371 1031 3450 1086 sit
3479 1030 3636 1086 Psal-

1990 1106 2135 1175 lum,
2169 1109 2288 1166 sive
2317 1112 2607 1170 Simeonis
2638 1116 3034 1186 aemulatione,
3090 1119 3209 1174 sive
3257 1118 3538 1191 religione
3587 1120 3648 1176 in

1991 1202 2247 1263 sanctos,
2283 1201 2586 1273 perplures
2616 1211 2954 1262 sanctorum
2988 1207 3153 1262 Vitas
3185 1224 3300 1263 non
3325 1207 3646 1280 ineleganti

1991 1284 2140 1356 stylo
2173 1290 2617 1347 accuratissime
2647 1293 3650 1366 descripsisse,utinam,puerilibus

1991 1377 2356 1445 argumentis
2389 1378 2754 1451 neglectis,in
2783 1383 2998 1454 quibus
3030 1400 3456 1454 nonnunquam
3486 1389 3648 1442 totus

1991 1478 2118 1519 esse
2149 1463 2398 1536 videtur,
2455 1469 2512 1522 in
2558 1469 2691 1525 istis
2741 1471 2912 1526 seriis
2961 1472 3395 1543 pcrtractandis
3429 1471 3647 1544 plures.

1992 1565 2167 1622 quam
2194 1552 2350 1622 fecit,
2385 1554 2560 1611 horas
2590 1555 3050 1629 insumpsissetl
3093 1557 3256 1614 Illius
3300 1559 3360 1612 in
3410 1564 3646 1614 sanctos

1991 1644 2237 1696 conatus
2270 1641 2329 1697 in
2373 1645 2648 1716 Catalogo
2694 1662 2938 1718 operum
2997 1647 3151 1702 infra
3191 1647 3645 1704 recensebimus.

1990 1746 2256 1802 Ill-VII.
2289 1748 2520 1826 Michael
2545 1752 2790 1820 Pscllus,
2822 1753 3108 1809 Michaelis
3139 1755 3295 1810 Duew
3326 1755 3462 1826 imp.
3491 1769 3646 1826 pra:-

2239 1830 2439 1892 ceptor,
2470 1823 2656 1878 clarus
2685 1827 2834 1880 circa
2863 1843 2957 1880 an.
3002 1857 3057 1865 —
3092 1827 3248 1880 1050.
3283 1823 3412 1880 Alii;

2062 1906 2204 1963 ΧΧΙ.
2254 1909 2484 1966 Tertius
2557 1912 2668 1968 fuit
2732 1912 2976 1968 Michael
3037 1913 3289 1980 Psellus,
3341 1913 3646 1969 Michaelis

1990 1999 2160 2050 Ducas
2191 2001 2639 2072 praeceptor,qui
2664 2004 2917 2057 maxime
2949 2003 3213 2057 omnium
3246 2003 3317 2058 de
3348 2001 3647 2074 republica
3705 2014 3708 2016 ‘

1988 2082 2274 2141 litteraria
2324 2089 2593 2154 meritus,
2643 2091 3026 2147 honorificam
3057 2093 3149 2146 sui
3192 2093 3347 2163 apud
3379 2098 3648 2164 posteros

1990 2174 2334 2230 memoriam
2382 2179 2763 2245 consecravit,
2799 2180 2878 2234 ita
2913 2184 2977 2234 ut
3023 2178 3280 2249 reliquos
3333 2179 3478 2235 alios
3510 2181 3638 2250 ejus

1987 2263 2364 2332 cognomines
2402 2265 2671 2322 acumine
2737 2267 2980 2339 ingenii,
3056 2268 3406 2323 eruditionis
3455 2269 3644 2339 cepia,

1985 2350 2379 2420 profunditate
2412 2354 2853 2420 scicntiarum,a
2867 2361 3311 2428 rgumentorum
3341 2356 3643 2423 varietate,

1987 2439 2365 2497 multitudine
2395 2443 2752 2515 scriptorum
2777 2450 2834 2500 et
2870 2443 3183 2516 splendore
3208 2444 3406 2517 gloria:
3437 2446 3643 2501 obrue-

1982 2529 2095 2595 rit;
2130 2548 2329 2602 quare,
2375 2533 2625 2588 aliorum
2689 2533 2998 2599 exstincta,
3047 2538 3123 2600 et,
3176 2538 3240 2588 ut
3285 2533 3368 2588 ita
3419 2533 3642 2604 dicam,

1983 2617 2290 2674 obliterata
2343 2621 2648 2688 memoria,
2698 2622 2823 2693 ipse
2873 2622 3034 2677 solus
3085 2638 3298 2677 nomen
3329 2621 3474 2677 illud
3506 2638 3628 2678 me-

1983 2707 2175 2762 ruisse
2207 2707 2451 2766 videtur.
2483 2709 2574 2763 Sic
2606 2715 2832 2780 poetam
2883 2716 2938 2764 et
2989 2714 3276 2766 oratorem
3313 2726 3448 2765 cum
3480 2709 3627 2765 dici-

1985 2813 2139 2865 mus,
2173 2797 2460 2854 Ilomerus
2491 2798 2662 2854 nobis
2694 2803 2867 2870 atque
2905 2799 3348 2868 Demosthenes,
3377 2799 3448 2854 de
3477 2802 3629 2853 Grai-

1983 2885 2066 2940 cis
2096 2885 2322 2956 loquor,
2355 2887 2556 2942 statim
2589 2904 2720 2943 sese
2749 2889 3020 2957 offerunt,
3080 2889 3416 2960 mentisque
3441 2888 3630 2944 oculis

1983 2981 2428 3045 repraesentant.

2054 3065 2221 3120 XXII.
2273 3065 2405 3120 Fuit
2454 3065 2641 3136 patria
2690 3065 3405 3138 Constantinopolitanae,
3439 3082 3468 3122 ο
3499 3083 3635 3122 con-

1985 3152 2183 3208 sulum
2213 3171 2277 3208 ac
2311 3155 2691 3225 patriciorum
2725 3157 3016 3225 prosapia,
3063 3155 3334 3226 quamvis
3367 3172 3482 3211 non
3515 3160 3638 3210 tam

219 3244 276 3300 in
309 3262 424 3316 quo
457 3219 764 3310 vertendo,
797 3219 1272 3315 illustrandoque
1320 3243 1422 3298 diu
1473 3261 1566 3299 me
1613 3219 1872 3310 exerceo,
1904 3219 1946 3286 (ἶ
1985 3241 2137 3297 felici
2170 3219 2565 3314 fortunaJpse
2597 3244 2654 3297 id
2690 3219 2774 3298 ait
2803 3243 2873 3298 de
2896 3219 2957 3298 se
2981 3219 3039 3298 in
3069 3219 3377 3315 Epitaphio
3403 3242 3639 3299 matris:

221 3334 315 3404 (In)
342 3348 637 3405 speroque
691 3331 951 3387 laborem
999 3331 1156 3386 hunc
1204 3347 1425 3399 meum,
1480 3338 1716 3404 propter
1745 3334 1871 3406 pul-

219 3423 579 3478 cherrimam
612 3419 1024 3486 historiam,ad
1054 3419 1213 3474 hunc
1239 3420 1390 3476 diem
1424 3436 1559 3476 cum
1590 3427 1877 3477 vetustate

217 3510 570 3573 luctantem,
627 3508 773 3564 meis
818 3507 1060 3580 vigiliis,
1109 3513 1165 3564 et
1208 3507 1530 3565 amicorum
1576 3527 1773 3582 opera,
1823 3516 1879 3567 et

219 3599 463 3672 scopulo
496 3599 559 3653 in
593 3595 975 3667 tranquillum
1010 3596 1254 3665 illatam,
1295 3596 1586 3654 historicas
1615 3599 1878 3655 veritatis

221 3687 508 3745 studiosis
541 3703 658 3742 non
691 3687 990 3758 ingratum
1021 3685 1307 3740 futurum.
1342 3686 1396 3742 Is
1427 3687 1624 3760 itaque
1674 3691 1874 3744 Hister.

220 3781 480 3834 Romana
504 3776 608 3832 lib.
645 3792 701 3831 1v
732 3776 800 3830 de
821 3775 995 3830 rebus
1028 3774 1211 3846 gestis
1259 3775 1548 3832 Manuelis
1576 3779 1876 3846 Comneni,

221 3869 291 3924 de
325 3866 624 3924 Richardo
654 3865 817 3920 Antri
849 3863 1088 3920 domino
1126 3864 1301 3920 verba
1331 3865 1570 3933 faciens,
1627 3867 1835 3922 scribit
1862 3884 1874 3922 :

218 3957 306 4016 Ὦς
365 3952 424 4009 ὂὶ
480 3958 591 4007 τῶν
653 3949 842 4006 πυλῶν
900 3949 1359 4026 ἀλογιστήσαντες
1417 3947 1755 4023 Γιϐενάτζιόν
1823 3975 1879 4007 τε

221 4045 351 4099 αὐτὸ
383 4040 657 4117 ὁμολογία
693 4038 872 4116 ἔσχεν,
905 4040 993 4095 καὶ
1034 4041 1156 4116 περί
1206 4045 1311 4096 τῶν
1363 4039 1575 4097 λοιπῶν
1626 4045 1878 4118 προσιόν-

219 4155 307 4196 τες
365 4131 713 4186 ἐσκὲπτοντο.
767 4129 984 4203 Κόμησί
1039 4151 1096 4184 τε
1147 4128 1364 4202 ἄλλοις,
1423 4130 1512 4185 καὶ
1567 4128 1632 4202 δὴ
1682 4134 1880 4205 καὶτῷ

223 4219 540 4292 Γυλιέλμου
596 4216 997 4294 Καντζηλαρίῳ
1048 4219 1436 4294 συγγεγονὼς,
1469 4220 1526 4274 ’ὀν
1588 4219 1882 4297 λογοθὲτην

222 4310 364 4365 εῗποι
397 4307 456 4362 ἄν
506 4329 590 4369 τις
641 4306 942 4376 ἑλληνίζων
993 4307 1151 4382 ἀνὴρ,
1197 4307 1282 4361 ἐπὶ
1327 4308 1522 4386 Τράνιν
1553 4307 1645 4364 σὺν
1693 4309 1881 4374 αὐτοῖς

218 4399 413 4470 ἦλθεν,
490 4398 567 4460 ὡς
648 4390 900 4451 αὐτοϐοεὶ
980 4398 1079 4466 τὴν
1164 4395 1325 4451 πόλιν
1410 4397 1877 4475 ἀναρπασόμενος.

219 4491 335 4563 [14]
373 4491 515 4543 Cum
548 4504 672 4544 vero
690 4493 870 4560 portae
912 4489 1070 4543 urbis
1098 4505 1298 4559 parum
1340 4497 1494 4544 caute
1538 4491 1877 4547 custodiren-

1982 3335 2071 3402 Τῷ
2100 3331 2276 3386 τοίνυν
2327 3331 2445 3405 ἐμῷ
2486 3331 2650 3407 πατρὶ
2699 3332 2759 3386 τὸ
2813 3331 2906 3405 μὶν
2955 3332 3156 3395 ἄνωθεν
3208 3331 3361 3405 γένος
3409 3330 3461 3392 ἐς
3501 3330 3636 3384 ὑπά-

1981 3441 2108 3484 τους
2163 3419 2364 3490 ἀνῆκτο
2421 3420 2510 3475 καὶ
2562 3421 2883 3494 πατρικίους
2921 3438 2933 3451 ⁸
2992 3421 3059 3474 τὰ
3117 3417 3172 3474 δὲ
3253 3420 3366 3474 κατ’
3435 3419 3637 3474 ἐκεῖνον

1982 3512 2280 3585 πράγματα
2312 3512 2423 3586 οὐχ
2448 3511 2594 3564 οὕτω
2641 3507 2827 3580 δεξιῶς
2875 3511 3045 3584 εἶχεν.
3100 3511 3284 3566 Patris
3328 3511 3502 3582 igitur
3528 3511 3639 3565 mei

1983 3617 2158 3674 genus
2185 3603 2476 3673 antiquum
2506 3601 2576 3656 ad
2606 3601 2853 3656 consules
2884 3609 2934 3655 et
2970 3601 3231 3670 patricios
3268 3599 3636 3671 referebatur,

1985 3707 2070 3745 res
2095 3706 2218 3746 vero
2251 3691 2423 3762 ipsius
2451 3706 2563 3745 non
2593 3692 2763 3745 nimis
2799 3706 3056 3762 prospere
3091 3704 3146 3744 se
3176 3688 3472 3744 habebant.
3502 3688 3639 3742 Post

1988 3780 2134 3834 duas
2183 3779 2444 3835 femellas
2495 3779 2664 3835 tertio
2715 3779 2842 3851 ipse
2910 3782 3101 3850 partu,
3159 3777 3364 3833 multis
3431 3775 3640 3832 matris

1987 3868 2282 3939 suspiriis,
2315 3873 2372 3923 et
2401 3868 2472 3924 ad
2524 3869 2710 3924 Deum
2759 3867 3030 3939 precibus
3077 3866 3301 3933 effusis,
3355 3865 3412 3920 in
3449 3853 3642 3920 lucem

1988 3957 2200 4013 editur.
2252 3956 2459 4012 Mirum
2506 3961 2619 4027 est,
2671 3957 2826 4028 quod
2873 3956 2931 4010 in
2981 3956 3110 4026 ejus
3158 3959 3291 4010 ortu
3344 3958 3640 4020 narratur,

1988 4046 2181 4102 nullas
2212 4063 2346 4101 cum
2378 4045 2664 4117 lacrymas
2690 4045 3241 4117 profudisse,nequc
3277 4059 3526 4114 usquam
3551 4059 3646 4114 po-

1990 4139 2116 4190 stea
2148 4136 2205 4190 in
2231 4133 2502 4190 maximis
2533 4134 2710 4188 etiam
2743 4131 3200 4188 necessitatibus
3232 4131 3515 4202 plorasse,
3541 4130 3642 4186 sed

1989 4224 2103 4296 [15]
2134 4241 2368 4295 semper
2409 4227 2579 4279 aetate
2628 4221 2730 4277 illa
2777 4221 2991 4277 tenella
3037 4221 3202 4276 laetos
3249 4237 3314 4276 ac
3365 4219 3644 4291 puniceos

1989 4315 2187 4369 oculos
2218 4312 2497 4368 habuisse
2529 4328 2542 4366 :
2579 4316 2809 4367 tantum
2846 4309 3129 4382 parentis,
3184 4307 3481 4380 nullisque
3513 4308 3643 4362 aliis

1988 4418 2166 4474 quam
2201 4401 2502 4469 maternis,
2524 4401 2592 4455 ad
2628 4418 2755 4472 quae
2789 4400 2874 4456 vel
2907 4417 3019 4455 usu
3061 4398 3148 4455 vel
3181 4398 3471 4456 sententia
3502 4400 3644 4452 tere-

1988 4493 2179 4560 batur,
2213 4491 2494 4546 uberibus
2526 4489 2808 4545 inhiasse.
2850 4488 3261 4561 Quinquennis
3305 4487 3646 4559 praeceptori

221 4584 336 4645 tur,
367 4578 727 4635 Iuvenalium
757 4579 935 4648 ipsum
967 4579 1024 4632 in
1071 4576 1314 4648 ejusdem
1361 4577 1519 4647 [idem
1566 4595 1622 4634 se
1663 4580 1877 4636 dedidit
1909 4584 1955 4646 D
1987 4581 2259 4650 traditur,
2294 4579 2559 4650 adeoque
2591 4580 2831 4634 robusta
2862 4577 3200 4633 studiorum
3236 4577 3467 4647 pondus
3491 4592 3650 4630 exce-

223 4671 364 4724 Hinc
393 4684 492 4739 pro
523 4667 857 4738 occupandis
886 4668 1099 4722 caeteris
1125 4683 1248 4722 cum
1285 4668 1578 4723 comitibus
1610 4670 1760 4736 aliis,
1791 4686 1889 4724 nec

223 4777 335 4815 non
366 4758 669 4816 Guilielmi
700 4758 1065 4823 Cancellario,
1111 4775 1272 4829 quem
1321 4758 1669 4830 Logothetam
1701 4761 1891 4818 Greca

221 4854 350 4921 quis
383 4850 579 4918 lingua
603 4849 955 4918 expresserit,
1003 4847 1302 4902 consilium
1342 4848 1541 4914 inibat,
1587 4853 1638 4903 et
1670 4850 1891 4904 Tranim

221 4954 401 5010 usque
431 4943 549 4992 tum
581 4936 700 4991 illis
729 4937 1006 5007 processit,
1038 4938 1200 5006 quasi
1228 4938 1408 5006 primo
1455 4939 1666 5008 impetu
1700 4939 1891 4994 Urbem

221 5028 552 5098 direpturus
580 5025 807 5094 fuisset.
843 5022 1033 5078 Alium
1067 5022 1247 5093 hujus
1277 5022 1433 5078 vocis
1465 5023 1890 5094 significatum,

222 5123 549 5186 antequam
578 5113 862 5184 majestas
885 5109 983 5166 illa
1014 5111 1245 5183 imperii
1267 5112 1440 5167 statis
1471 5117 1726 5168 veterum
1762 5113 1888 5168 ofﬁ-

221 5203 458 5259 ciorum
491 5202 697 5258 formis
727 5200 1041 5271 abrogatis,
1092 5200 1304 5255 exteris
1347 5201 1737 5257 Barbarorum
1767 5219 1892 5258 mo-

219 5294 420 5356 ribus,
455 5307 604 5347 nova
633 5289 834 5345 omnia
857 5290 1561 5361 approbando,cessissct,
1586 5289 1710 5364 lege
1736 5292 1891 5364 apud

219 5379 584 5452 Procopium
617 5379 678 5434 in
709 5380 958 5434 Historia
986 5380 1230 5434 Arcana.

292 5469 420 5526 XX.
469 5468 645 5538 Vitis,
716 5472 783 5524 ut
829 5466 942 5524 hoc
993 5466 1170 5523 etiam
1222 5466 1317 5523 hic
1367 5467 1557 5526 obiter
1599 5473 1818 5540 notem,
1861 5488 1896 5528 a

2000 4671 2104 4741 pit,
2140 4674 2205 4723 ut
2237 4667 2462 4723 ludicra
2493 4667 2714 4733 omnia,
2747 4671 2955 4740 printer
3000 4665 3329 4721 litterarum
3363 4664 3648 4732 studium,

2000 4775 2115 4830 quo
2179 4773 2554 4828 summopere
2620 4755 3044 4820 delectabatur,
3092 4755 3516 4809 sordescerent.
3570 4753 3648 4807 Er:

1999 4846 2162 4902 illius
2194 4846 2466 4901 affectum
2489 4846 2875 4916 ejusdemmet
2897 4842 3086 4899 verbis
3111 4859 3451 4914 expressum
3487 4860 3499 4897 :
3535 4840 3650 4896 Ἐν-

1998 4936 2177 4989 τεῦθεν
2232 4932 2324 4988 οὖν
2375 4935 2409 5002 ἡ
2469 4935 2646 5006 μήτηρ
2696 4932 2832 5007 πρὸς
2892 4931 2958 4984 τα
3006 4929 3234 5005 κρείττω
3283 4949 3655 5004 χειραγωγου-

2005 5026 2139 5097 μὲνη
2197 5023 2272 5086 εἴς
2329 5025 2582 5095 πέμπτον
2641 5019 2758 5082 ἔτος
2832 5019 3125 5075 τελέσαντα
3183 5015 3495 5090 διδασκάλῳ
3557 5017 3652 5096 ἐφ-

2005 5113 2201 5182 ίστησι.
2234 5113 2335 5170 Καὶ
2383 5113 2449 5182 ἦν
2489 5132 2582 5185 μοι
2629 5110 2691 5165 τὸ
2734 5111 2966 5183 μάθημα
3003 5109 3067 5162 οὐ
3123 5106 3289 5180 μόνον
3318 5107 3380 5162 τὸ
3413 5105 3653 5182 εὐχερὲς,

2001 5201 2146 5258 ἀλλά
2193 5203 2283 5256 καὶ
2342 5199 2446 5272 ἡδὺ
2492 5201 2599 5256 ἀντ’
2648 5199 2828 5269 ἄλλης
2877 5197 3025 5260 τινὸς
3074 5194 3317 5258 παιδιὰς.
3372 5197 3653 5270 ἸΙνιώμην

2002 5295 2156 5365 γοῦν,
2188 5290 2232 5344 εί
2264 5293 2329 5364 με
2362 5312 2455 5364 μοι
2484 5289 2573 5345 διὰ
2612 5291 2790 5360 πάσης
2839 5289 3050 5365 ἡμέρας
3081 5285 3262 5358 διδοίη
3296 5287 3364 5341 τὰ
3407 5283 3654 5342 παιδικά.

2003 5380 2108 5440 Καὶ
2185 5380 2252 5448 ἦν
2331 5400 2422 5452 μοι
2499 5377 2691 5434 παιδιᾶ
2753 5379 2847 5452 μὶν
2925 5380 2960 5448 ἡ
3021 5373 3231 5445 σπουδή
3313 5372 3370 5429 δὲ
3446 5372 3660 5442 παιδιὰ,

2007 5469 2116 5545 οὐχ
2147 5469 2221 5532 ὡς
2251 5472 2418 5524 ταῦτα
2467 5469 2740 5541 παίζοντι,
2793 5466 2970 5522 ἐκεῖνα
3020 5461 3078 5520 δὲ
3126 5461 3504 5534 σπουδάζοντι,
3552 5468 3658 5519 etc.

1814 5587 2051 5645 NOT/E.

300 5686 408 5760 (m)
439 5686 769 5744 Cinnamus
799 5684 993 5742 Allatii
1027 5699 1333 5757 nunquam
1362 5686 1599 5757 prodiit.
1632 5687 1882 5746 Exstant
1910 5687 2200 5746 editiones
2231 5686 2402 5743 Corn.
2436 5685 2610 5743 Tollii
2639 5691 2696 5743 et
2720 5684 2946 5756 Cangii.

563 5815 825 5875 ΡΑτιιοι.
874 5813 986 5874 Gn.
1037 5811 1274 5873 CXXII.

3262 5807 3337 5864 16
