4040 6196
368 375 479 433 49ι

1762 360 2045 421 LEONIS
2090 362 2404 423 ALLATII

3670 364 3796 424 492

369 506 432 561 Id
464 507 553 561 est
583 518 598 558 :
634 502 770 557 Hinc
814 499 999 571 igitur
1043 504 1221 553 mater
1238 495 1306 551 ad
1356 493 1597 550 meliora
1648 492 2022 549 manuducens
2052 497 2105 562 Α
2134 495 2382 550 animum
2416 501 2563 552 Deus
2591 497 2835 573 sospitet,
2876 495 2972 551 sed
3002 511 3198 551 amore
3244 496 3499 552 discendi
3521 496 3801 569 pleraque

369 596 564 666 quinto
600 591 785 647 aetatis
831 604 977 645 anno
1033 588 1297 655 magistro
1362 583 1730 640 commendat.
1785 585 1858 637 Et
1905 587 2023 637 erat

367 684 512 738 mihi
540 678 839 752 discipliua
885 692 993 733 non
1041 681 1259 731 tantum
1305 674 1509 745 facilis,
1559 673 1650 728 sed
1700 672 1876 727 dulcis
1901 687 2024 743 pra?

368 772 615 844 quolibet
646 771 761 824 alio
794 767 942 822 ludo.
977 768 1139 836 rEgre
1172 768 1356 835 itaque
1383 763 1648 832 ferebam,
1678 764 1729 817 si
1756 762 1899 817 mihi
1926 778 2024 832 per

373 866 545 917 totum
597 859 741 913 diem
788 856 1019 911 delicias
1071 870 1182 909 non
1231 860 1567 923 suggereret.
1619 852 1854 924 Eratque
1884 851 2027 905 mihi

370 958 541 1013 ludus
568 955 835 1019 studium,
887 950 1129 1005 studium
1176 950 1355 1017 ludus,
1405 966 1518 1003 non
1563 948 1703 1019 quod
1747 948 1846 1003 hoc
1876 949 2024 1003 ludi-

371 1047 491 1101 brio
533 1044 806 1107 haberem,
859 1040 953 1094 illi
999 1055 1127 1094 vero
1176 1038 1570 1093 incumberem.
1622 1036 1807 1090 {Etate
1846 1051 2022 1106 gran-

364 1136 547 1197 diore,
582 1133 725 1186 dum
767 1129 919 1183 inter
963 1132 1234 1198 parentes
1288 1144 1400 1181 non
1449 1124 1737 1193 convenit,
1785 1124 2019 1177 cuinam

367 1221 700 1277 studiorum
732 1218 930 1291 generi
962 1220 1118 1271 esset
1150 1214 1536 1283 addicendus,
1561 1212 1820 1267 Joannes
1851 1211 2025 1283 Chry-

361 1314 658 1365 sostomus
690 1313 746 1363 et
774 1305 1044 1378 apostoli,
1084 1305 1252 1359 matri
1286 1304 1344 1357 in
1377 1302 1627 1357 somniis
1658 1301 1791 1368 visi,
1823 1301 2020 1355 decer-

363 1405 535 1455 nunt.
574 1400 719 1453 [lino
743 1395 1194 1468 disciplinarum
1228 1409 1402 1465 quam
1452 1391 1819 1463 voluptatum
1852 1390 2021 1462 cupi-

360 1491 510 1559 dior,
545 1488 872 1561 asqualibus
907 1487 963 1540 in
998 1485 1192 1541 studio
1225 1483 1538 1555 superatis,
1577 1498 1692 1536 non
1724 1481 1898 1553 longo
1932 1482 2020 1536 in-

358 1578 606 1634 tervallo
638 1578 709 1633 ad
742 1591 1016 1647 suprema
1049 1589 1293 1645 quazque
1328 1572 1726 1627 doctrinarum
1761 1570 2021 1625 culmina

361 1667 611 1738 gradum
647 1666 803 1731 fecit,
851 1664 1185 1733 onibusque
1235 1661 1509 1715 innotuit.
1565 1659 1695 1714 Haec
1727 1659 1851 1730 ipse
1882 1675 2017 1730 pro-

362 1756 474 1811 lixe
510 1756 707 1822 nimis,
743 1752 1003 1808 oratione
1040 1752 1104 1805 In
1139 1755 1408 1815 matrem,
1442 1748 1838 1820 prosequitur,
1872 1753 1929 1802 et
1950 1764 2017 1802 ex

364 1866 431 1903 eo
482 1853 651 1903 Anna
699 1847 996 1901 Comnena
1045 1842 1347 1897 Alexiados
1411 1839 1511 1895 lib.
1564 1858 1620 1907 v,
1670 1838 2015 1894 brevissime

360 1933 757 2003 concinnavit,
798 1934 938 1987 dum
985 1932 1055 1985 de
1096 1930 1238 1985 Italo
1281 1930 1456 1984 verba
1489 1929 1700 1984 iaceret
1735 1946 1746 1983 :
1780 1925 1878 1979 Καὶ
1914 1928 2009 1982 Mt-

360 2022 513 2099 χαηλ
573 2020 755 2076 ἐκείνω
812 2025 889 2091 τῷ
941 2017 1148 2089 Ψελλῷ
1200 2017 1251 2071 ἐν
1304 2016 1511 2092 ὑστέρῳ
1559 2014 2008 2091 προσωμίλησεν,

361 2112 418 2171 ὃς
461 2111 548 2165 καὶ
594 2111 732 2164 πάνυ
782 2130 867 2163 τοι
906 2108 1053 2182 παρά
1102 2103 1450 2166 διδασκάλοις
1496 2109 1685 2179 σοφοῖς
1732 2102 2007 2176 ἐφοίτησε.

357 2209 458 2263 Διά
506 2208 717 2285 φύσεως
771 2204 828 2260 ὃὶ
878 2203 1180 2275 δεξιότητα,
1213 2204 1303 2257 καὶ
1350 2204 1476 2264 νοὸς
1509 2201 1791 2272 εὐθύτητα,
1822 2202 2007 2275 τυχὼν

364 2298 545 2370 μέντοι
590 2296 679 2350 καὶ
720 2299 853 2349 Θεοῦ
908 2294 1147 2368 ἀρωγοῧ.
1181 2293 1324 2367 Πρὸς
1369 2290 1585 2351 τούτοις
1635 2286 1725 2343 διὰ
1762 2291 1861 2356 τὴν
1888 2300 2006 2363 θερ-

362 2386 600 2459 μοτάτην
656 2384 860 2439 ἱκεσίαν
910 2389 1008 2453 τῆς
1070 2382 1277 2455 μητρὸς
1330 2380 1493 2434 αὐτοῦ
1556 2376 2010 2453 ἐπαγρυπνούσης

362 2480 579 2550 σύχνῶς
630 2479 711 2545 τῷ
758 2473 809 2528 ὲν
878 2477 956 2544 τῷ
1014 2475 1124 2542 ναῷ
1178 2467 1273 2524 τοῦ
1328 2468 1527 2544 Κυρίου
1581 2474 1680 2535 τῆς
1740 2467 2005 2521 Θεοτόκου

355 2569 534 2635 σεπτῷ
584 2563 949 2634 εἶκονίσματι,
993 2560 1083 2614 καὶ
1134 2561 1357 2634 θερμοῖς
1407 2563 1522 2619 τοῖς
1568 2554 1819 2631 δάκρυσιν
1873 2555 2003 2628 ὑπὲρ

350 2657 446 2706 τοῦ
473 2648 665 2711 παιδὸς
726 2647 893 2703 ἐκκαλ
930 2646 1291 2720 ουμὲνης,εἶς
1342 2646 1503 2720 ἄκρον
1562 2644 1749 2717 σοφίας
1792 2644 2003 2709 ἀπάσης

350 2739 664 2811 ἰληλακὼς,
706 2739 795 2792 καὶ
844 2737 911 2791 τὰ
960 2734 1245 2806 Ἑλλήνων
1287 2734 1375 2788 καὶ
1425 2730 1709 2788 Χαλδαίων
1764 2728 2001 2807 ἀκριϐω-

352 2828 599 2901 σπίμενος,
659 2829 848 2903 γέγονε
902 2831 1022 2886 τοῖς
1076 2824 1200 2878 τότε
1278 2824 1503 2898 χρόνοις
1558 2816 1890 2895 περιϐόητος
1948 2819 1998 2875 ἐν

349 2919 527 2994 copia.
563 2919 619 2973 Id
653 2924 742 2973 est
792 2935 804 2973 :
857 2918 1197 2985 Tandemque
1248 2915 1303 2967 in
1356 2913 1634 2967 Michaelis
1683 2914 2001 2967 Psellicon-

348 3008 690 3064 suetudinem
714 3008 883 3074 venit,
914 3005 1013 3076 qui
1038 3012 1426 3075 prwceptores,
1476 3003 1754 3072 sapientes
1785 3001 1999 3072 oppido,

351 3102 564 3165 nactus,
609 3100 824 3151 naturze
890 3094 1223 3149 dexteritate
1271 3100 1323 3146 et
1370 3089 1681 3146 intellectus
1725 3092 2001 3155 acumine,

350 3189 454 3242 Deo
484 3202 693 3257 quoque
723 3186 815 3239 illi
842 3184 1225 3254 coadjuvante,
1274 3180 1451 3235 adhuc
1497 3188 1549 3234 et
1596 3182 1794 3234 matris
1826 3181 2003 3234 inten-

346 3276 580 3330 sissimis
634 3273 907 3346 precibus,
968 3272 1169 3341 saepius
1231 3271 1290 3323 in
1334 3266 1536 3338 templo
1598 3269 1818 3321 Domini
1866 3272 2001 3322 ante
2034 3239 2076 3306 α

346 3366 606 3436 Deiparw
638 3361 1008 3418 venerandam
1042 3362 1347 3428 imaginem
1378 3358 1743 3427 invigilantis,
1776 3359 1997 3424 spissis-

345 3471 448 3525 que
469 3469 567 3524 pro
598 3454 714 3524 ﬁlio
746 3451 1003 3522 lacrymis
1032 3448 1335 3512 exorantis,
1369 3446 1440 3500 ad
1469 3447 1741 3500 universae
1778 3449 1999 3516 sapien-

344 3545 440 3599 tim
475 3544 694 3599 culmen
724 3540 995 3612 pervenit,
1044 3546 1097 3591 et
1150 3542 1464 3592 Graecorum
1510 3551 1574 3589 ac
1619 3534 2002 3591 Chaldaeorum

344 3631 576 3686 decretis
652 3628 1067 3684 accuratissime
1145 3624 1491 3697 conquisitis,
1552 3639 1617 3678 ea
1684 3628 2002 3694 tempestate

345 3721 558 3774 celebre
608 3717 906 3788 sapientia
954 3729 1150 3769 nomen
1218 3720 1539 3767 consecutus
1610 3721 1709 3766 est.
1788 3713 2002 3768 Subdit

349 3808 561 3862 deinde
608 3807 757 3861 inter
806 3804 1017 3858 Italum
1070 3806 1125 3855 et
1174 3800 1430 3856 Psellum
1480 3798 1729 3855 dissidia
1776 3806 1994 3857 exorta.

347 3904 649 3960 Medicina:
678 3917 909 3974 quoque
940 3915 1173 3971 operam
1199 3898 1382 3965 dedit,
1416 3902 1481 3952 ut
1506 3898 1630 3968 ipse
1663 3899 1731 3953 de
1763 3915 1823 3953 se
1854 3903 1998 3953 Ora-

348 3994 504 4049 tione
535 3993 593 4047 in
626 3993 894 4059 Matrem,
926 3988 1140 4060 szepius
1173 3988 1431 4052 laudata,
1466 3987 1740 4057 affirmat,
1768 3989 1906 4042 dum
1929 3990 1999 4043 de

346 4088 511 4155 patre
540 4080 891 4138 moribundo
924 4079 1210 4150 loquitur.
1241 4075 1330 4135 Ὡς
1380 4071 1437 4129 δὲ
1471 4074 1559 4128 καὶ
1609 4080 1725 4136 τοῖς
1770 4078 1882 4147 [16]
1911 4073 1997 4130 δα.

346 4169 568 4231 κτύλοις
645 4168 739 4230 τὰς
798 4174 897 4236 τῆς
974 4164 1235 4241 ἀρτηρίας
1288 4165 1527 4233 κινήσεις
1583 4162 1993 4239 ἐτεκμηράμην.

348 4257 742 4328 Ἐσπουδάζετο
818 4258 919 4331 γάρ
1002 4276 1095 4327 μοι
1179 4252 1440 4327 μακρόθεν
1516 4255 1550 4321 ἡ
1610 4254 1732 4326 περὶ
1800 4254 1995 4309 τούτου

342 4350 537 4423 τέχνη.
567 4351 627 4406 Ut
657 4364 787 4404 vero
830 4351 884 4402 et
931 4346 1130 4418 digitis
1179 4345 1407 4399 arteriae
1453 4346 1629 4397 motus
1668 4344 1996 4401 observavi:

338 4450 460 4519 jam
527 4448 675 4501 enim
760 4445 857 4499 diu
941 4442 1165 4514 aliquid
1243 4443 1302 4497 in
1365 4458 1490 4496 eam
1555 4450 1736 4497 artem
1801 4444 1995 4511 studii,

343 4546 393 4592 et
459 4551 643 4604 operae
724 4535 1095 4591 contuleram.
1179 4530 1453 4585 Studium
1537 4530 1594 4584 in
1681 4548 1990 4602 capessen-

2130 600 2200 639 επ
2246 585 2563 654 disciplinis
2606 586 2821 657 collegi.
2883 587 3125 657 Namque
3170 593 3376 641 natura
3420 590 3799 658 cujuscunque

2134 673 2314 729 studii
2358 676 2541 741 avida,
2612 692 2901 747 nunquam
2969 677 3221 731 scientiis
3283 678 3461 746 potuit
3504 679 3792 732 saturari.

2130 763 2459 834 Nullamque
2487 763 2685 820 vellem
2716 780 2849 832 esse,
2882 764 3024 835 quod
3071 766 3183 819 mei
3224 766 3487 819 notitiam
3535 768 3792 834 fugeret;

2132 868 2234 906 nec
2280 855 2570 909 molestum
2620 855 2762 909 mihi
2823 856 2989 925 foret,
3045 854 3215 908 etiam
3254 855 3306 907 si
3352 854 3450 908 sub
3501 862 3789 916 terranea,

2132 958 2427 997 noscerem.
2453 944 2633 1014 Neque
2662 948 2723 998 ut
2746 944 3007 1015 plurimi,
3042 945 3099 997 in
3122 943 3226 998 hoc
3252 946 3472 998 tantum
3502 945 3789 1013 incumbe,

2133 1031 2276 1085 illud
2306 1048 2437 1087 vero
2485 1036 2723 1104 neglige,
2773 1032 2863 1088 sed
2910 1038 2959 1088 et
3001 1049 3296 1105 pravorum
3337 1035 3526 1101 etiam,
3578 1042 3628 1089 et
3659 1034 3792 1089 abo-

2132 1121 2525 1177 minandorum
2570 1123 2713 1176 mihi
2755 1123 3031 1177 notitiam
3076 1137 3351 1193 comparo,
3402 1126 3465 1176 ut
3510 1121 3635 1177 inde
3684 1123 3789 1177 hu-

2134 1210 2304 1279 beam,
2341 1212 2481 1281 quod
2512 1228 2576 1266 ea
2606 1212 3007 1283 usurpantibus
3036 1226 3322 1283 opponam.
3350 1210 3524 1266 Plura
3550 1212 3621 1265 de
3653 1210 3787 1275 hoc.

2134 1298 2284 1355 Orat.
2319 1301 2386 1354 de
2414 1310 2612 1371 matre,
2648 1301 2705 1354 in
2753 1317 2868 1371 qua
2916 1299 3155 1373 singula
3200 1316 3448 1372 quasque
3492 1301 3563 1355 ad
3615 1300 3785 1355 fasti-

2130 1388 2292 1442 dium
2324 1406 2510 1460 usque
2541 1394 2867 1445 enumerat.
2894 1389 2973 1444 Ea
3004 1388 3201 1459 lector,
3253 1406 3326 1446 ne
3373 1390 3497 1460 ipse
3544 1388 3786 1445 fastidio

2131 1477 2263 1547 sim,
2291 1478 2508 1534 videat.

2196 1601 2399 1657 XXIII.
2434 1605 2664 1658 Interea
2695 1601 2838 1657 satis
2872 1601 3060 1657 aetatis
3092 1618 3158 1656 ac
3201 1600 3524 1672 prudentiae
3555 1600 3785 1657 habens

2126 1690 2184 1744 in
2236 1691 2369 1746 aula
2420 1691 2876 1763 imperatoribus
2920 1690 3195 1760 innotuit,
3247 1689 3346 1761 qui
3395 1689 3454 1744 in
3505 1690 3786 1746 maximis

2126 1781 2376 1851 negotiis
2409 1783 2727 1852 prolicuam
2758 1780 2919 1836 illius
2950 1796 3188 1851 operam
3220 1778 3438 1851 experti
3462 1779 3781 1834 sunt.Nam

2044 1883 2091 1947 Β
2126 1868 2368 1924 Michael
2400 1870 2768 1925 Stratioticus
2799 1869 2950 1925 inter
2980 1868 3226 1924 selectos
3248 1886 3313 1924 ex
3344 1868 3612 1940 patribus
3643 1884 3780 1923 con-

2123 1958 2359 2030 scriptis
2392 1960 2567 2024 viros,
2600 1975 2740 2029 quos
2770 1962 3062 2014 Comneno
3093 1958 3312 2013 Isaacio
3344 1958 3416 2012 ad
3446 1955 3696 2013 rebelles
3720 1957 3780 2011 in

2119 2046 2490 2102 concordiam
2524 2047 2867 2117 redigendos
2898 2047 3081 2112 misit,
3116 2045 3369 2101 Psellum
3404 2061 3639 2116 quoque
3668 2062 3771 2099 no-

2119 2141 2307 2190 strum
2341 2135 2573 2207 legavit,
2607 2152 2720 2191 non
2744 2135 3171 2190 contemnendo
3193 2134 3379 2204 elogio
3412 2133 3776 2189 celebratum

2120 2240 2152 2277 a
2201 2216 2424 2279 Zonara
2471 2230 2627 2279 tomo
2679 2223 2750 2279 ΙΙΙ
2804 2242 2817 2279 :
2868 2220 3200 2276 Στέλλονται
3268 2221 3440 2275 τοίνυν
3488 2222 3627 2295 πρὸς
3675 2221 3769 2276 τὸν

2120 2311 2406 2383 Κομνηνὸν
2463 2306 2883 2385 πρεσϐεύσοντες
2942 2308 3131 2385 ἄνδρες
3184 2314 3290 2364 τῶν
3351 2309 3609 2385 ἐκκρίτων
3670 2317 3775 2379 τῆς

2119 2398 2433 2474 συγκλήτου
2486 2399 2715 2475 βουλῆς·
2777 2401 2828 2454 οἱ
2884 2396 2930 2453 δ’
2986 2402 3120 2469 ἦσαν
3182 2400 3209 2454 6
3268 2396 3533 2475 πρόεδρος
3592 2401 3718 2455 Κων
3756 2433 3778 2442 -

2117 2494 2394 2551 παντῖνος
2451 2491 2478 2543 6
2538 2486 2871 2565 Λειχούδης,
2935 2490 2961 2544 6
3020 2486 3285 2563 πρόεδρος
3338 2488 3483 2543 Λέων
3534 2486 3778 2544 ὁἈλω-

2114 2578 2237 2645 πὸς,
2298 2579 2387 2632 καὶ
2449 2578 2685 2653 Μιχαὴλ
2744 2579 2771 2632 6
2806 2578 3117 2656 σοφώτατος
3172 2577 3393 2639 Ψελλὸς
3440 2581 3547 2632 τῶν
3601 2576 3767 2654 φιλο-

2114 2666 2293 2743 σόφων
2345 2667 2417 2720 ὣν
2466 2665 2686 2728 ὕπατος.
2739 2670 3031 2740 Legantur
3099 2670 3272 2739 igitur
3313 2668 3382 2723 ad
3434 2668 3775 2724 Comnenum

2112 2759 2304 2813 selecti
2367 2759 2480 2813 viri
2524 2775 2597 2813 ex
2650 2759 2901 2829 patribus
2967 2760 3314 2827 conscriptis,
3375 2756 3775 2813 Constantinus

2112 2846 2374 2902 Lichudes
2428 2864 2648 2918 praeses,
2719 2848 2821 2902 Leo
2887 2848 3090 2918 Alopus
3150 2863 3350 2918 praeses
3417 2850 3469 2901 el
3537 2847 3774 2903 Michael

2112 2936 2346 3003 Psellus,
2378 2937 2824 3006 sapientissimus
2850 2936 3110 3007 princeps
3142 2945 3270 2990 tunc
3296 2935 3769 3006 philos0phorum.

2113 3028 2181 3081 Et
2222 3028 2516 3081 Cedrenus
2560 3027 2618 3080 in
2668 3027 2919 3098 Synopsi
2954 3044 2966 3082 :
3002 3026 3148 3078 Ἐκεῖ
3179 3022 3235 3078 δὲ
3290 3025 3437 3095 αύτῷ
3482 3023 3771 3099 γενομὲνῳ

2113 3114 2369 3190 φθάνουσι
2415 3114 2504 3168 καὶ
2556 3109 2876 3190 πρεσϐευταὶ
2933 3112 3201 3188 βασιλέως
3234 3115 3262 3168 6
3293 3110 3558 3187 πρόεδρος
3610 3118 3767 3167 Κωνο

2116 3209 2389 3263 σταντῖνος
2421 3204 2448 3257 6
2502 3200 2832 3277 Λειχούδης,
2882 3199 3165 3278 Θεόδωρος
3210 3204 3237 3256 ὁ
3290 3199 3564 3273 Ἀλωπὸς,
3610 3208 3767 3256 Κων-

2116 3296 2392 3355 παντῖνος
2444 3291 2471 3344 6
2504 3290 2745 3359 Ψελλὸς,
2780 3292 2807 3345 6
2837 3295 2943 3344 τῶν
2988 3290 3304 3368 φιλοσόφων
3338 3290 3557 3353 ὕπατος.
3599 3290 3769 3344 Οὗτοι

2108 3382 2209 3454 γὰρ
2260 3381 2310 3434 οἱ
2356 3385 2503 3453 τρεῖς
2554 3375 2741 3454 ἄνδρες
2789 3378 2875 3434 ἐπὶ
2928 3378 3133 3457 σοφίᾳ,
3181 3379 3274 3433 καὶ
3322 3377 3487 3455 λόγου
3537 3375 3769 3451 δυνάμει

2108 3473 2214 3522 τῶν
2248 3468 2382 3523 κατά
2410 3469 2508 3536 την
2550 3469 2761 3543 ἡμέραν
2796 3469 3089 3542 ἀνθρώπων
3139 3466 3407 3546 διαφέρειν
3453 3466 3767 3536 δοκοῦντες,

2109 3557 2198 3611 καὶ
2250 3556 2585 3632 ἀσυγκρίτως
2639 3557 2666 3610 6
2721 3555 2944 3619 Ψελλὸς
2998 3554 3318 3632 ἰξιλὲγησαν
3366 3556 3442 3611 εἰς
3507 3558 3568 3611 τὸ
3627 3577 3765 3631 πρε-

2110 3638 2350 3711 σϐεῦσαι,
2402 3643 2490 3697 καὶ
2536 3640 2937 3719 προσεδόκησεν
2972 3646 2999 3699 ὁ
3043 3643 3300 3720 βασιλεὺς
3351 3643 3563 3719 μεγάλα
3592 3666 3763 3700 κατα⁹

2109 3733 2407 3808 πράξασθαι
2487 3730 2576 3787 διὰ
2648 3740 2747 3802 τῆς
2829 3732 3044 3788 ἐκείνων
3111 3736 3224 3808 [17]
3301 3734 3613 3807 εὐστομίας,
3674 3735 3775 3789 καὶ

2107 3823 2353 3897 χάριτος.
2396 3828 2421 3879 1
2430 3824 2482 3878 bi
2509 3826 2565 3880 ei
2590 3828 2946 3879 occurrerunt
2976 3824 3147 3896 legati
3188 3828 3535 3897 imperatoris
3555 3840 3774 3896 praeses

2110 3912 2503 3967 Constantinus
2572 3913 2855 3981 Lichudes,
2905 3928 3114 3984 pra’ses
3186 3913 3486 3969 Theodorus
3530 3915 3772 3987 AIOpus,

2108 4000 2505 4055 Constantinus
2536 4002 2769 4067 Psellus,
2784 4002 3239 4073 philosophorum
3266 4004 3771 4075 princeps.Etenim

2106 4090 2166 4143 hi
2194 4098 2299 4145 tres
2328 4092 2442 4145 viri
2468 4093 2771 4161 supienlia,
2804 4099 2855 4146 et
2882 4091 3169 4161 facundia,
3229 4094 3473 4146 omnium
3504 4094 3602 4163 qui
3629 4102 3779 4150 tunc

2105 4180 2377 4245 vivebant,
2408 4180 2584 4250 primi
2610 4179 2864 4249 habtti,et
2897 4180 3118 4250 quidem
3146 4190 3303 4236 extra
3331 4184 3773 4253 comparationis

2105 4272 2306 4323 sortem
2336 4269 2567 4334 Psellus,
2599 4268 2676 4323 ad
2718 4285 2848 4323 eam
2901 4267 3230 4340 legationem
3274 4274 3498 4341 fuerant
3523 4270 3725 4328 delecti
3753 4294 3776 4341 ,-

2106 4358 2251 4429 quod
2280 4360 2583 4428 imperator
2611 4372 2801 4412 eorum
2830 4358 3149 4429 eloquentia
3179 4363 3231 4413 et
3279 4360 3463 4428 gratia
3492 4376 3547 4415 se
3574 4362 3774 4417 maxi-

2106 4464 2197 4500 ma
2222 4454 2644 4501 consecuturum
2674 4444 3063 4517 sperabat.Ubi
3095 4446 3471 4519 exscriptoris
3504 4448 3769 4519 incuria,

2108 4549 2210 4603 pro
2243 4532 2543 4601 Michacle,
2577 4533 2995 4588 Constantinus
3027 4533 3283 4605 irrepsit.
3318 4538 3384 4588 Et
3416 4534 3473 4590 in
3506 4552 3571 4591 eo
3599 4536 3772 4593 falsas

342 4624 432 4681 dis
460 4624 811 4696 disciplinis,
843 4626 899 4678 et
948 4620 1226 4677 omnibus
1271 4619 1650 4674 addiscendis
1682 4622 1893 4675 ardens
1926 4639 1991 4676 ac
2023 4610 2068 4673 D
2102 4620 2410 4692 legationis
2444 4627 2755 4677 accusatur
2786 4622 2857 4676 ab
2890 4623 3089 4677 eodem
3116 4623 3364 4678 inferius
3400 4641 3413 4679 :
3448 4624 3666 4697 Λέγεται
3704 4622 3773 4680 δὶ

344 4715 629 4786 pertinax,
658 4714 784 4785 ipse
824 4710 1019 4767 libello
1065 4714 1142 4765 De
1188 4707 1621 4763 admirabilibus
1670 4709 1997 4765 lectionibus

344 4804 401 4858 in
452 4804 567 4858 ﬁne
617 4801 890 4874 explicat.
949 4797 1096 4871 Ἐγὼ
1139 4792 1194 4849 δὲ
1226 4795 1286 4849 ού
1340 4795 1463 4870 περὶ
1515 4793 1768 4869 ἐργασίας
1818 4792 1989 4868 ἕνεκα,

343 4893 408 4959 νὴ
440 4892 541 4959 την
574 4890 718 4964 ἱεράν
764 4910 857 4941 σου
900 4887 1109 4960 ψυχὴν,
1153 4882 1297 4937 ἀλλά
1335 4883 1695 4961 φιλομαθείας
1721 4885 1787 4939 τά
1816 4882 1989 4940 πλείω

342 4984 448 5033 τῶν
511 4977 846 5051 μαθημάτων
902 4974 1290 5045 συνελεξάμην.
1352 4974 1599 5046 Ἐγένετο
1656 4972 1754 5048 γάρ
1808 4996 1901 5046 μοι
1953 4978 1986 5044 ἡ

345 5066 503 5140 φύσις
550 5068 838 5140 ἀκόρεστος
884 5064 1020 5139 πρὸς
1074 5063 1252 5116 ὁτιοῦν
1302 5057 1643 5132 σπούδασμα,
1694 5063 1781 5115 καὶ
1834 5060 1985 5117 οὐδὲν

343 5155 402 5209 ἀν
467 5177 532 5228 με
582 5154 890 5231 βουλοίμην
940 5148 1237 5206 διαλαθεῖν.
1282 5147 1441 5202 Ἀλλ’
1496 5149 1757 5224 ἀγαπῴην
1806 5149 1887 5223 ἂν,
1940 5153 1984 5206 εἰ

338 5244 428 5298 καὶ
479 5246 545 5299 τὰ
590 5246 763 5319 νέρθεν
814 5239 1011 5310 εἰδείην
1074 5245 1173 5307 τῆς
1221 5244 1341 5311 γῆς.
1394 5239 1488 5292 Καὶ
1545 5238 1649 5314 οὐχ
1704 5239 1883 5313 ὥσπερ
1934 5243 1985 5295 οἱ

336 5332 542 5387 πολλοὶ
592 5332 714 5407 περὶ
763 5336 924 5385 τοῦτο
978 5329 1070 5401 μὶν
1124 5323 1449 5394 ἐσπούδακα,
1496 5326 1667 5381 ἐκεῖνο
1721 5324 1778 5381 δὲ
1832 5328 1982 5384 ἀπω-

338 5423 536 5494 σάμην,
590 5420 734 5476 ἀλλά
790 5420 880 5474 καὶ
930 5422 1037 5472 τῶν
1104 5413 1346 5492 φαύλων,
1417 5414 1449 5483 ἦ
1512 5413 1696 5478 ἄλλως
1756 5416 1985 5491 ἀποτρο-

335 5510 510 5564 παίων
568 5510 853 5584 ἐπιγνῶναι
906 5506 998 5567 τάς
1051 5500 1315 5577 μεθόδους
1375 5501 1701 5573 ἐσπούδακα,
1741 5503 1815 5559 ἵν’
1867 5506 1980 5583 ἔχω

334 5598 567 5653 ἐντεῦθεν
604 5595 902 5671 ἀντιλέγειν
952 5600 1067 5657 τοῖς
1115 5590 1427 5667 χρωμένοις
1479 5591 1679 5655 αὐτοῖς.
1729 5598 1788 5652 Id
1834 5605 1922 5654 est,
1963 5618 1975 5655 :

333 5692 461 5761 Ego
510 5705 659 5757 vero,
710 5704 819 5743 non
861 5686 1195 5743 curiositatis
1237 5699 1391 5754 ergo,
1425 5685 1505 5741 ita
1552 5702 1771 5741 sacrum
1822 5697 1977 5745 tuum

2104 4709 2186 4762 δτι
2243 4708 2332 4762 καὶ
2393 4709 2443 4761 οἱ
2498 4703 2821 4783 πρεσϐευταὶ
2880 4704 3454 4784 παραπρεσϐεύσαντες
3504 4710 3642 4766 ἄλλο
3696 4734 3768 4768 τε

2102 4795 2288 4857 ἄλλως
2343 4793 2516 4872 λάθρα
2568 4802 2647 4869 τῷ
2701 4798 3030 4871 Κεκαυμένῳ
3062 4798 3378 4871 προσιόντες
3411 4799 3765 4875 παρεκάλουν

2102 4880 2320 4959 ἔχεσθαι
2351 4892 2450 4955 τῆς
2483 4883 2801 4958 ἐνστάσεως,
2832 4886 2921 4940 καὶ
2966 4884 3232 4959 μηδόλως
3283 4886 3544 4944 ἐνδοῦναι.
3576 4893 3770 4944 Τοῦτο

2100 4970 2157 5029 δὲ
2187 4973 2381 5035 αὐτοὺς
2431 4981 2679 5044 ποιῆσαι,
2728 4975 2817 5028 καὶ
2868 4976 2918 5028 οἱ
2968 4973 3153 5037 καλῶς
3208 4974 3412 5038 εἷ’δότες
3443 4974 3773 5054 ἐπληροιρό-

2098 5082 2224 5137 ρουν
2259 5060 2445 5139 ἄνδρες
2484 5062 2590 5138 οὐχ
2638 5064 2809 5119 οἷοίτε
2852 5060 3162 5138 ψεύδεσθαι,
3192 5065 3281 5118 καὶ
3335 5064 3413 5127 εἰς
3461 5064 3617 5119 αὑτὸν
3653 5067 3761 5121 τὸν

2098 5152 2379 5224 Κομνηνὸν
2450 5152 2928 5229 πληροφοροῦντες
2984 5152 3295 5226 ἐνωμότως,
3357 5154 3429 5215 ὡς
3486 5155 3621 5208 ἅπαν
3684 5156 3758 5211 τὸ

2096 5240 2321 5295 ἀστυκὸν
2356 5238 2569 5310 πλῆθος
2596 5245 2903 5318 περικακῶς
2935 5241 3011 5303 εἷς
3062 5241 3220 5296 αὐτὸν
3252 5240 3388 5317 ἔχει.
3438 5241 3533 5296 Καῖ
3578 5243 3650 5303 ὡς
3705 5246 3765 5299 εἲ

2099 5331 2262 5402 μόνον
2326 5330 2523 5405 ἐγγίσει
2580 5335 2649 5404 τῇ
2707 5329 2891 5402 πόλει,
2947 5331 3038 5385 τὸν
3092 5330 3318 5406 γέροντα
3368 5330 3761 5403 ἐξωϐἤσαντες,

2095 5420 2210 5490 μετ’
2240 5416 2538 5490 ἐπινιγίων,
2570 5420 2657 5473 καὶ
2692 5419 2876 5493 ὕμνων
2910 5420 3067 5474 αὐτὸν
3100 5417 3504 5495 προσδέξονται.
3527 5425 3763 5495 Acpro-

2089 5509 2266 5564 ditum
2295 5513 2373 5565 est
2404 5512 2705 5578 memoria},
2741 5513 2887 5583 ipsos
2918 5512 3085 5566 etiam
3118 5511 3330 5581 legatos
3353 5514 3761 5583 pravaricatos

2088 5600 2283 5669 fuisse,
2310 5607 2362 5653 et
2392 5600 2555 5654 modo
2586 5599 2751 5666 hunc,
2782 5599 2939 5656 modo
2960 5600 3122 5654 illum
3143 5599 3378 5655 diversis
3409 5601 3759 5673 temporibus

2091 5689 2423 5745 Cecaumeno
2472 5692 2729 5761 suasisse,
2777 5698 2838 5746 ut
2889 5692 3223 5762 oppugnaret
3270 5692 3481 5747 acriter
3532 5691 3761 5749 oblatas
