4040 6196
247 338 372 399 493

1515 335 1890 398 DlATRlBA
1931 336 2034 397 DE
2078 337 2425 400 PSELLIS.

3547 342 3667 402 494

250 472 616 538 conditiones,
646 487 825 543 neque
862 469 1169 542 quidquam
1212 469 1542 526 concederet.
1586 471 1652 526 Et
1689 468 1908 542 quidem
1936 470 1986 537 Α
2018 471 2377 541 complexus,
2410 469 2534 526 loco
2567 470 2624 526 in
2655 470 2754 526 illo
2817 470 3112 526 uberrimo
3157 488 3224 527 ac
3278 473 3665 543 feracissimo,

255 569 353 618 hoc
383 577 472 617 eos
502 563 677 632 egisse
705 577 808 632 pro
836 564 983 615 certo
1009 560 1301 632 perhibent
1330 561 1392 625 ii,
1427 561 1623 631 quibus
1664 561 1774 614 ista
1813 574 1912 629 op-

256 652 389 705 time
414 653 549 704 sunt
583 652 734 718 nota,
766 657 818 703 et
846 664 880 701 a
907 647 1183 703 mendacii
1211 648 1523 718 suspicione
1546 655 1673 702 sunt
1703 648 1914 701 immu-

252 755 369 807 nes,
399 740 670 810 aiuatque
698 753 810 804 eos,
843 738 1167 808 interposito
1188 737 1585 808 jurejurando,
1607 737 1915 807 afﬁrmasse

257 833 559 894 Comneno,
591 827 856 881 ardenter
883 842 1007 880 eum
1030 826 1097 880 ab
1126 826 1342 881 urbana
1372 826 1734 880 multitudine
1771 821 1911 879 dili-

252 920 331 989 gi;
374 933 462 984 ac,
485 918 535 971 si
561 924 777 971 tantum
815 916 1131 970 accessisset
1160 915 1230 969 ad
1261 914 1474 981 urbem,
1501 917 1620 986 fore
1651 917 1707 968 ut
1740 914 1916 983 ipsam

253 1025 340 1072 ea,
399 1021 532 1062 sene
573 1005 892 1072 exturbato,
951 1020 1075 1060 cum
1113 1004 1508 1073 gratulatoriis
1550 1005 1822 1073 victoriae,
1860 1005 1915 1056 et

257 1097 486 1166 imperii
511 1095 858 1149 caminibus
877 1094 1140 1164 excipiat.

326 1184 518 1240 XXIV.
544 1183 807 1238 Isaacius
830 1183 1182 1250 Comnenus,
1208 1197 1345 1238 cum
1369 1179 1710 1237 Michaelcm
1738 1182 1916 1236 Ceru-

255 1273 496 1336 larium.
536 1271 932 1344 patriarcham
983 1270 1694 1343 Constantinopolitanum
1746 1271 1917 1326 abdi-

253 1379 386 1418 care
420 1363 729 1425 niteretur,
763 1359 1043 1426 aliorum,
1086 1365 1143 1414 et
1178 1358 1358 1414 Psseli
1386 1359 1675 1431 praecipue
1720 1376 1916 1430 opera.

264 1451 389 1524 qui,
450 1451 511 1505 in
563 1466 699 1504 eum
751 1448 1023 1505 Oratione
1081 1449 1434 1520 conscripta,
1497 1436 1820 1504 multorum
1853 1465 1918 1502 ac

255 1540 557 1596 variorum
591 1537 918 1593 facinorum
971 1552 1135 1592 reum
1188 1537 1339 1603 fecit,
1389 1554 1536 1593 usus
1592 1541 1683 1592 est
1737 1538 1919 1592 Zona-

258 1647 356 1685 ras
407 1627 624 1684 ibidem
659 1643 672 1682 :
707 1627 838 1681 Εἶτα
894 1626 981 1679 καὶ
1044 1623 1350 1702 καθαιρέσει
1403 1619 1697 1680 ὑποϐαλεῖν
1758 1624 1916 1679 αὐτὸν

260 1715 349 1772 διὰ
381 1713 668 1794 φροντίδος
721 1714 942 1783 ἐτίθετο,
993 1715 1082 1768 καὶ
1113 1735 1220 1768 τισι
1257 1715 1363 1769 τῶν
1397 1713 1697 1790 ἀρχιερέων
1733 1734 1921 1788 συνερ-

260 1812 384 1880 γοῖς
414 1806 552 1878 πρὸς
597 1808 758 1858 τοῦτο
802 1801 1093 1878 ἐκέχρητο,
1144 1802 1233 1858 καὶ
1279 1808 1361 1876 τῷ
1410 1801 1616 1875 Ψελλῷ
1664 1803 1922 1876 αἱτιαμά-
1951 1842 1997 1907 Β

503 1890 561 1907 ,κ
589 1897 614 1907 -
807 1893 822 1907 .
887 1889 972 1907 ης
1072 1891 1086 1907 .
1538 1897 1561 1907 ..
1639 1891 1660 1906 η
1733 1890 1746 1905 ς
1879 1896 1904 1906 -

259 1916 369 1949 των
424 1890 682 1964 πολλῶν,
731 1893 823 1946 καὶ
877 1889 1198 1947 ἀλλοκότων
1259 1897 1580 1967 συναγωγεῖ,
1639 1891 1673 1946 ἃ
1730 1890 1781 1946 ἐν
1839 1896 1920 1964 τῷ

257 1985 382 2037 κατ’
419 1982 628 2037 ἐκείνου
689 1979 844 2054 λόγῳ
893 1979 1215 2055 συνήθροισέ
1261 2001 1342 2049 τε,
1389 1980 1480 2035 καὶ
1529 1983 1919 2056 συνεγράῴατο,

264 2070 438 2142 δηλοῖ
459 2092 520 2126 τε
552 2068 642 2125 διά
671 2091 835 2125 τινων
876 2075 956 2142 τῷ
1000 2066 1154 2145 ἀνδρὶ
1188 2069 1511 2124 ἀπείπασθαι
1558 2070 1657 2138 τήν
1686 2091 1921 2143 πυιμαν-

259 2163 448 2230 τικῆν,
475 2159 554 2214 ’ἶν’
601 2159 738 2214 ἑκὼν
789 2157 940 2214 δοκεῖ
981 2161 1381 2234 παραιτεῖσθαι,
1431 2159 1504 2220 ὡς
1538 2159 1583 2213 εἰ
1619 2161 1694 2232 μή
1735 2164 1919 2227 τοῦτο,

260 2251 351 2304 καὶ
437 2250 584 2304 ἄκων
661 2248 834 2318 αὐτὴν
919 2248 1361 2322 ἀφαιρεθήσεται,
1423 2247 1500 2310 εἷς
1583 2248 1744 2320 μέσον
1803 2248 1919 2302 κατ’

261 2340 433 2394 αὐτοῦ
464 2336 867 2411 προτιθεμένων
904 2337 1258 2411 αἰτιαμάτων.
1284 2338 1488 2395 Deinde
1506 2339 1579 2393 de
1609 2338 1922 2407 abrogando

265 2431 362 2486 illi
385 2429 777 2500 patriarchatu
807 2429 1090 2501 cogitans,
1131 2444 1292 2501 opere
1321 2427 1681 2500 quorumdam
1711 2429 1924 2498 episco-

259 2535 464 2590 porum
495 2519 697 2581 utitur,
728 2519 779 2571 et
810 2516 1000 2581 Pselli,
1025 2518 1313 2572 variarum
1340 2521 1391 2572 et
1421 2515 1803 2572 absurdarum
1819 2515 1922 2569 cri-

266 2608 651 2661 minationum
680 2605 1097 2674 coacervatoris,
1139 2622 1272 2678 quas
1317 2608 1377 2661 in
1419 2605 1680 2662 Oratione
1731 2611 1925 2660 contra

267 2695 441 2751 illum
488 2697 696 2766 scripta
741 2695 1063 2763 congressit,
1089 2700 1142 2750 et
1187 2711 1284 2766 per
1314 2695 1577 2766 quosdam
1607 2696 1726 2749 viro
1756 2695 1927 2764 signi-

266 2786 399 2856 ficat
430 2793 484 2839 ut
510 2782 744 2839 simulet
769 2800 828 2839 se
857 2784 1002 2839 ultro
1038 2784 1366 2855 pontiﬁcatu
1385 2783 1569 2839 cedere
1599 2799 1757 2854 quem
1785 2783 1923 2837 alio-

269 2877 405 2946 quin
443 2876 651 2928 invitus
681 2889 809 2928 cum
834 2874 1059 2944 publica
1082 2875 1321 2944 infamia
1350 2875 1422 2928 sit
1452 2874 1783 2928 amissurus.

344 2963 460 3034 [18]
493 2962 674 3017 XXV.
710 2961 953 3034 Diogeni
987 2962 1321 3034 imperatori
1368 2963 1658 3028 infensus,
1703 2960 1928 3033 primus

270 3053 400 3120 ipse
432 3052 589 3106 inter
619 3055 1005 3117 senatores,et
1030 3051 1292 3106 Joannes
1313 3051 1586 3119 (Ξέρξεω-,ει
1607 3049 1927 3116 ﬁlii,Eudo-

273 3141 424 3196 ciam
445 3139 881 3212 imperatricem
906 3140 964 3193 in
991 3139 1696 3206 monasteriumtrudunt;
1721 3139 1929 3193 Micha-

2026 560 2366 630 frugiferam
2399 560 2530 627 sibi,
2565 565 2622 614 et
2677 559 2808 616 aliis
2841 559 3204 627 diligentiam
3239 567 3540 632 expertus,
3585 582 3676 620 ex-

2025 649 2200 704 traxit
2225 647 2513 704 malorum
2538 647 2764 704 radices
2789 667 2804 716 ;
2827 649 2897 704 de
2921 653 3128 704 natura
3150 653 3208 704 et
3230 650 3404 706 rebus
3427 653 3673 709 occultis

2026 737 2246 808 optime
2278 737 2568 809 planeque
2620 737 2920 806 disseruit,
2971 739 3127 808 quod
3170 755 3372 793 verum
3410 746 3467 794 et
3517 742 3672 812 quod

2027 827 2242 882 falsum
2277 832 2365 882 est
2395 826 2451 880 in
2485 826 2766 893 oratione,
2801 827 3052 898 aperuit,
3085 827 3459 899 summisque
3489 829 3674 901 impe-

2027 917 2322 971 ratoribus
2351 916 2459 970 fuit
2487 921 2545 970 et
2574 916 2804 970 vivendi
2839 920 3182 988 praeceptor,
3216 920 3273 971 et
3317 917 3568 973 dicendi.
3596 920 3678 973 Ad

2028 1005 2256 1060 labores
2286 1005 2556 1076 impiger,
2591 1005 2690 1060 diu
2727 1011 3020 1076 noctuque
3049 1005 3391 1076 autaliquid
3421 1009 3676 1062 conscri-

2017 1095 2245 1161 bendo,
2279 1101 2379 1148 aut
2417 1094 2683 1166 legendo,
2706 1099 2941 1164 tempus
2969 1093 3310 1150 insumebat
3343 1113 3355 1150 :
3391 1112 3494 1150 nec
3525 1096 3677 1152 vires

2029 1188 2479 1251 consenuerant,
2514 1200 2616 1239 nec
2647 1184 2935 1238 defecerat
2965 1183 3219 1239 animus.
3255 1184 3322 1238 Et
3353 1201 3484 1239 cum
3543 1202 3675 1240 mu-

2028 1290 2141 1328 nus
2195 1273 2486 1344 optimum
2545 1271 3210 1342 fructuosissimumque
3266 1274 3421 1344 quod
3484 1275 3678 1344 possit

2029 1362 2219 1416 alierri
2244 1361 2631 1433 principibus,
2659 1361 2801 1416 illud
2818 1378 2948 1417 esse
2968 1361 3409 1430 exsitimaret,si
3429 1363 3680 1418 docean-

2027 1457 2126 1507 tur
2155 1456 2331 1522 atque
2361 1451 2724 1518 erudiantur,
2750 1467 2985 1505 summa
3015 1467 3122 1521 ope
3155 1452 3540 1518 nitebatur,ut
3564 1452 3675 1506 Mi-

2030 1541 2288 1596 chaelem
2339 1540 2554 1596 Ducam
2609 1541 2925 1596 instrueret
2956 1540 3244 1611 bonisque
3297 1541 3558 1596 moribus
3587 1543 3678 1595 in-

2032 1630 2328 1685 formaret.
2380 1631 2502 1696 Quo
2551 1631 2684 1700 quis
2736 1634 2929 1700 potest
2975 1629 3033 1683 in
3082 1629 3200 1682 vita
3248 1628 3531 1700 humana,
3591 1629 3678 1684 vol

2030 1719 2362 1773 desiderare
2396 1718 2628 1784 melius,
2661 1717 2748 1773 vel
2800 1723 3001 1787 optare
3050 1717 3460 1787 praestantius?
3511 1717 3679 1773 Coer-

2030 1807 2212 1863 cenda
2242 1813 2332 1863 est
2365 1807 2696 1878 principum
2721 1805 2924 1871 libido,
2966 1806 3466 1878 refrenandusque
3497 1807 3676 1875 furor,

2029 1913 2217 1968 neque
2247 1896 2362 1951 alia
2383 1897 2475 1950 via
2497 1896 2553 1950 id
2583 1895 3388 1967 consequipossumusquam
3414 1897 3682 1951 doctrina

2029 1990 2085 2040 et
2115 1985 2462 2040 eruditione.
2492 1984 2759 2039 Hominis
2790 1985 2969 2038 decus
2994 1988 3084 2038 est
3105 1983 3429 2055 ingenium,
3454 1984 3679 2055 ingenii

2028 2075 2227 2130 lumen
2260 2073 2615 2144 eloquentia,
2658 2072 3003 2143 eloquentiae
3035 2073 3254 2128 candor
3285 2072 3680 2144 philosophia,

2030 2162 2415 2235 philosophias
2477 2161 2688 2216 rectrix
2737 2177 2802 2216 ac
2854 2162 3136 2233 magistra
3166 2162 3378 2232 pietas,
3411 2178 3535 2232 qua:
3567 2161 3684 2217 nisi

2032 2257 2450 2325 praeceptorum
2485 2251 2725 2324 monitis
2758 2250 3056 2319 fulciatur,
3107 2250 3167 2305 in
3219 2250 3562 2322 ignorantiae
3592 2256 3676 2306 te-

2033 2343 2246 2398 nebras
2277 2341 2570 2412 prolapsa,
2604 2340 2838 2394 ruinam
2871 2340 3028 2394 facit.

2102 2430 2337 2486 XXVII.
2369 2429 2495 2484 Non
2546 2428 2734 2500 potuit
2776 2433 2972 2483 tamen
3022 2429 3276 2500 effugere
3323 2428 3681 2484 calumniam

2032 2525 2263 2575 Zonaras
2295 2517 2395 2572 lib.
2436 2534 2518 2572 ιιι.
2553 2517 2754 2572 Annal.
2790 2533 2803 2571 :
2839 2515 2936 2569 Καὶ
2982 2515 3046 2586 ἤν
3078 2519 3185 2569 τῶν
3228 2515 3525 2590 ἀνθρώπων
3562 2515 3683 2569 σ·3ν-

2031 2627 2266 2682 τριμμα,
2301 2604 2388 2660 καὶ
2439 2603 2804 2680 ταλαιπωρία,
2840 2606 2948 2678 [19]
3004 2604 3093 2658 καὶ
3129 2606 3155 2658 6
3196 2603 3403 2659 τούτων
3440 2604 3684 2679 ἐπιστρε-

2034 2697 2270 2775 φόμενος
2343 2691 2606 2766 οὐδαμοῦ.
2661 2695 2718 2746 Ὁ
2772 2694 2875 2767 γὰρ
2940 2690 3197 2768 βασιλεὺς
3258 2689 3682 2768 παιδαριῴδεσιν

2036 2783 2304 2859 ἐσχόλαζε
2357 2782 2576 2853 πράξεσι
2637 2785 2732 2836 τοῦ
2792 2780 2997 2836 ὑπάτου
3057 2786 3164 2836 τῶν
3225 2780 3539 2859 φιλοσόφων
3591 2780 3681 2835 καὶ

2040 2873 2340 2950 ὑπερτίμου
2390 2869 2618 2947 Μιχαὴλ
2666 2875 2762 2925 τοῦ
2814 2869 3059 2942 ινελλοῦ,
3121 2869 3309 2948 λόγοις
3365 2876 3444 2943 τῷ
3503 2868 3680 2926 δοκεῖν

2036 2964 2194 3018 αὐτὸν
2246 2956 2660 3034 ἐμϐιϐάζοντος,
2711 2959 2800 3014 καὶ
2847 2957 3217 3031 διδάσκοντος,
3276 2964 3364 3014 νῦν
3430 2961 3522 3032 μὲν
3580 2961 3680 3028 τήν

2035 3051 2421 3128 γραμματικὴν
2454 3049 2671 3124 τέχνην,
2711 3048 2798 3103 καὶ
2853 3049 3040 3123 μέτρα,
3072 3048 3160 3103 καὶ
3217 3046 3555 3117 διαλέκτους,
3596 3053 3685 3101 νῦν

2039 3140 2084 3195 δ’
2117 3140 2203 3194 ἵνα
2231 3139 2368 3194 κατᾶ
2398 3137 2632 3214 ῥήτορας
2659 3135 2994 3211 διαλέγοιτο,
3027 3142 3119 3191 νῦν
3153 3135 3199 3192 δ’
3229 3138 3492 3211 ἱστορίαις
3523 3136 3681 3191 αὐτὸν

269 3231 422 3285 clem
479 3228 702 3284 Ducam
727 3229 1144 3299 imperatorem
1179 3228 1568 3296 denuntiant;
1604 3227 1920 3300 Diogenem

2045 3228 2476 3306 προσεοίζοντος.
2535 3225 2772 3283 ”Αλλοτε
2831 3225 2886 3281 δὲ
2944 3223 3258 3304 φιλοσόφων
3317 3228 3685 3302 θεωρημάτων

263 3321 396 3390 jam
423 3321 811 3373 revertentem
845 3316 1092 3388 imperio
1123 3317 1660 3384 abdicant,auctore
1681 3321 1738 3372 et
1768 3316 1929 3387 adju-

269 3414 397 3462 tore
426 3404 810 3462 consiliorum
845 3406 1048 3460 eodem
1084 3404 1640 3472 Psello.Zonaras,in
1667 3405 1929 3460 Romano

271 3496 536 3567 Diogene
572 3511 584 3548 :
618 3493 681 3548 Ὀ
738 3496 868 3567 γοῦν
933 3498 1136 3567 Καῖσαρ
1187 3491 1443 3562 Ἰωάννης
1500 3491 1589 3546 καὶ
1622 3493 1673 3546 οἱ
1727 3491 1930 3546 ἐκείνου

273 3583 386 3638 υἱοὶ
419 3582 527 3650 ἀεὶ,
562 3581 638 3642 ὡς
690 3579 922 3656 ε’ἷρζται,
973 3580 1314 3656 έγκοτοῦντες
1364 3585 1442 3652 τῷ
1493 3583 1726 3657 Διογένει
1767 3581 1932 3656 ἀρπάο

276 3679 431 3743 ζουσι
464 3672 556 3726 τὸν
589 3671 803 3746 καιρὸν,
835 3671 925 3726 καὶ
948 3665 1390 3746 προσλαϐόμενοι
1416 3675 1524 3724 τῶν
1552 3677 1651 3740 τῆς
1685 3668 1931 3744 συγκλή-

270 3783 372 3818 του
433 3760 627 3828 ένίους,
689 3759 807 3815 ὅσοι
865 3759 1225 3837 ὡμοφρόνουν
1285 3760 1573 3827 αὑτοῖς,ὧν
1630 3757 1852 3834 ἐξῆρχεν
1903 3761 1930 3813 6

277 3851 582 3927 ὁπέρτιμος
653 3847 898 3918 Ψελλὸς,
954 3849 1143 3911 ύσνους
1191 3847 1279 3903 καὶ
1345 3849 1505 3910 αὐτὸς
1554 3853 1634 3921 τῷ
1691 3847 1929 3923 Διογένει

275 3940 594 4015 τυγχάνων,
648 3939 750 4006 τήν
810 3936 1136 3994 Βασίλισσαν
1199 3933 1468 3993 Εὐδνκίαν
1524 3936 1601 3998 εἰς
1652 3938 1749 4006 τὴν
1805 3937 1932 4009 παρ’

276 4029 450 4098 αὐτῆς
484 4026 816 4101 δομηθεῖσαν
873 4027 1045 4100 μονὴν
1073 4027 1208 4081 κατα
1257 4027 1328 4080 ὧν
1360 4027 1451 4080 τὸν
1499 4025 1550 4080 ἐν
1582 4030 1650 4099 τῇ
1686 4031 1931 4101 Προπον-

276 4116 665 4193 τίδιπορθμὸν
717 4115 1146 4192 περιορίζουσιν,
1197 4117 1288 4171 τὸν
1343 4113 1400 4170 δὲ
1443 4115 1676 4190 Μιχαὴλ
1727 4115 1934 4185 ἀνακη-

275 4207 564 4283 ρύττουσιν
616 4204 1012 4282 αὐτοκράτορα,
1053 4213 1162 4274 etc,
1204 4208 1440 4263 Joannes
1498 4209 1672 4278 igitur
1730 4205 1929 4276 Cai'sar,

271 4302 503 4370 eiusque
529 4299 661 4368 ﬁlii,
698 4299 932 4368 Diogeni
959 4312 1194 4365 semper,
1228 4296 1532 4352 ut‘dictum
1585 4305 1684 4362 est,
1717 4298 1932 4367 infesti,

270 4392 510 4460 arrepta
538 4389 838 4456 occasione,
868 4385 1199 4460 quibusdam
1227 4388 1398 4442 etiam
1426 4401 1498 4441 ex
1525 4390 1717 4441 senatu
1743 4388 1834 4440 sui
1849 4387 1936 4456 fa-

268 4481 508 4544 cinoris,
538 4494 774 4549 quorum
809 4477 1023 4533 Psellus
1053 4478 1139 4530 vir
1180 4477 1639 4530 honoratissimus
1673 4477 1934 4546 princeps

2038 3320 2332 3394 ἀκροᾶσθαι
2391 3317 2909 3391 παρασκευάζοντος.
2971 3316 3032 3372 Ὀ
3091 3315 3147 3369 δὲ
3202 3315 3338 3390 πρὸς
3391 3313 3542 3369 οὐδὲν
3591 3315 3684 3368 ἐπ-

2041 3407 2243 3487 εφύκει.
2296 3406 2520 3467 Τούτοις
2575 3406 2666 3459 οὖν
2715 3406 2742 3460 6
2790 3403 3074 3477 Ῥωμαίων
3125 3404 3473 3479 αὐτοκράτωρ
3521 3425 3688 3479 προσ·

2039 3497 2306 3567 τετηκὼς,
2368 3495 2454 3570 ὑφ’
2498 3490 2679 3568 ἕτερον
2740 3494 2827 3546 καὶ
2889 3497 3077 3547 τοῦτον
3129 3490 3220 3546 ἕνα
3260 3492 3351 3546 τὸν
3412 3496 3518 3545 τῶν
3570 3512 3688 3546 και-

2040 3591 2144 3641 νῶν
2197 3579 2519 3659 κυϐέρνησιν
2570 3581 2885 3652 ἐποιήσατο,
2926 3581 3015 3636 καὶ
3064 3581 3234 3653 νόμος
3264 3580 3330 3650 ἧν
3382 3580 3443 3634 τὸ
3472 3583 3551 3651 τῷ
3580 3587 3686 3635 Λο-

2041 3675 2236 3750 γοθέτῃ
2269 3671 2485 3728 δοκοῧν.
2548 3675 2802 3728 llomines
2859 3673 3261 3742 atterebantur,
3311 3679 3363 3727 et
3419 3673 3686 3726 arumnis

2039 3766 2470 3838 premebantur:
2488 3766 2537 3818 et
2567 3778 2726 3818 nemo
2755 3765 2894 3832 erat,
2921 3764 3014 3816 cui
3041 3763 3144 3817 illa
3169 3778 3316 3817 curm
3344 3760 3687 3816 essent.Nam

2041 3857 2349 3923 imperator
2399 3849 2715 3923 puerilibus
2764 3850 2924 3905 rebus
2980 3859 3288 3922 occupatus,
3337 3867 3370 3904 a
3439 3849 3689 3922 principe

2041 3941 2511 4015 philosophorum,
2545 3944 2595 3996 et
2633 3941 3059 3996 honoratissimo
3104 3939 3378 3995 Michaete
3410 3939 3587 3994 Psello
3618 3938 3687 3993 ad

2043 4034 2360 4088 litterarum
2390 4029 2576 4086 studia
2604 4029 2800 4084 deduci
2830 4029 3151 4090 videbatur;
3185 4046 3248 4084 ac
3287 4029 3447 4084 modo
3475 4031 3534 4082 in
3565 4034 3688 4082 arte

2040 4110 2406 4193 grammatica
2438 4119 2702 4184 versibus,
2738 4118 2797 4171 in
2845 4117 3169 4186 linguarum
3200 4118 3530 4189 diﬂcrentiis
3558 4133 3685 4171 eru-

2042 4211 2312 4275 diebatur,
2342 4208 2497 4263 modo
2527 4206 3026 4262 declamationibus
3057 4208 3367 4276 rethoricis,
3409 4206 3568 4261 modo
3597 4205 3687 4259 hi-

2043 4301 2226 4355 storiis
2282 4297 2627 4368 assueﬁebat,
2677 4295 2833 4351 modo
2889 4297 2962 4351 ad
2991 4296 3274 4351 audienda
3302 4295 3688 4368 philosophica

2040 4396 2313 4462 praecepta
2344 4387 2667 4459 parabatur,
2700 4388 2952 4457 quamvis
2989 4385 3060 4440 ad
3089 4387 3200 4440 haec
3229 4387 3416 4441 omnia
3448 4387 3686 4456 ineptus.

2047 4476 2379 4548 llujusmodi
2434 4477 2610 4546 igitur
2661 4475 2862 4530 studiis
2941 4476 3305 4530 Romanorum
3387 4477 3694 4544 imperator

271 4573 425 4636 erat,
454 4572 507 4622 et
530 4569 646 4636 ipse
677 4566 936 4635 Diogenis
955 4565 1235 4635 inimicus,
1262 4564 1550 4632 adhibitis,
1585 4565 1938 4636 imperatrice
1973 4584 2016 4647 ι)
2046 4567 2274 4635 afﬁxus,
2336 4580 2518 4619 rerum
2568 4562 3110 4618 administrationem
3165 4562 3346 4631 alteri,
3394 4563 3548 4632 eique
3594 4561 3696 4614 uni

273 4658 534 4715 Eudocia
565 4659 622 4711 in
653 4656 1007 4721 monasterio,
1041 4654 1183 4726 quod
1204 4656 1332 4725 ipsa
1360 4655 1514 4708 circa
1540 4655 1753 4725 fretum
1792 4655 1936 4709 Pro-

269 4747 524 4819 pontidis
551 4749 858 4813 struxerat,
889 4744 1156 4813 relegata,
1188 4741 1512 4798 Miehaelem
1555 4743 1939 4813 imperatorem

272 4836 555 4907 appellat.

360 4923 554 4979 XXVI.
588 4923 643 4978 A
673 4938 855 4994 puero
888 4922 1086 4993 itaque
1114 4919 1436 4976 liberaliter
1465 4920 1773 4988 educatus,
1819 4919 1940 4973 ani-

273 5031 390 5070 mo
435 5014 593 5068 circa
641 5017 797 5068 artes
847 5011 1266 5083 doctrinasque
1317 5010 1626 5082 gestiente,
1687 5010 1936 5077 fructus,

269 5119 440 5176 quos
469 5102 543 5156 ab
591 5101 678 5157 eis
737 5100 1063 5173 expetebat,
1114 5099 1426 5172 decerpsit,
1477 5116 1592 5154 non
1624 5099 1828 5154 breves
1860 5103 1940 5153 at-

271 5207 404 5264 que
432 5191 710 5255 incertos,
741 5190 843 5246 sed
887 5189 1096 5245 uberes
1118 5193 1178 5244 et
1215 5187 1614 5260 tempestivos.
1653 5185 1938 5259 Eloquen-

270 5283 432 5337 tiam
466 5280 650 5348 enim,
683 5278 980 5334 horridam
1016 5283 1158 5333 tunc
1204 5283 1262 5333 et
1305 5277 1612 5343 incultam,
1664 5274 1938 5344 excoluit,

269 5386 395 5427 nec
425 5369 500 5424 ad
536 5368 849 5440 perniciem
883 5373 940 5423 et
968 5371 1192 5439 pestem
1241 5365 1547 5435 convertit,
1579 5365 1680 5421 sed
1735 5365 1805 5420 ad
1847 5381 1940 5420 sa-

265 5461 499 5517 lutem.
549 5458 808 5512 Tandem
855 5455 1310 5529 philosophandi
1371 5455 1656 5512 rationem
1705 5471 1940 5510 omnem

356 5603 443 5682 (ῃ)
475 5601 605 5682 lion
636 5599 1352 5682 adeo_rsprehenden_du_m
1374 5604 1606 5682 Z_onara3
1623 5597 1938 5682 judicium,

272 5677 334 5732 si
365 5669 712 5730 studiorum
771 5669 994 5728 deliciis
1051 5673 1132 5729 ita
1187 5671 1301 5728 fuit
1355 5673 1598 5729 edoctus
1637 5669 1942 5741 indulgere

2044 4655 2339 4721 commisit,
2381 4660 2442 4709 ut
2495 4654 2626 4724 legis
2655 4651 3041 4706 auctoritatem
3071 4650 3313 4715 haberet,
3346 4649 3485 4719 quod
3526 4650 3692 4718 Logo-

2045 4745 2211 4800 theta
2243 4746 2421 4799 visum
2449 4748 2611 4797 esset.
2647 4742 2714 4795 Et
2742 4739 2990 4795 inferius
3025 4758 3037 4795 :
3074 4740 3317 4808 Μήτινος
3342 4734 3399 4791 δὲ
3427 4756 3693 4810 προνοου-

2050 4832 2214 4904 μένου
2243 4835 2350 4885 τῶν
2395 4832 2550 4902 κοινῇ
2598 4826 3007 4904 συμφερόντων,
3060 4828 3086 4880 6
3135 4828 3234 4902 γάρ
3289 4823 3540 4900 βασιλεὺς
3570 4823 3693 4899 περὶ

2049 4918 2246 4993 λόγους
2295 4916 2607 4992 ἠσχόλητο,
2651 4917 2744 4970 καὶ
2793 4910 3026 4987 ἱάμϐους
3077 4913 3372 4977 συντιθέναι
3425 4913 3561 4987 πρὸς
3599 4916 3694 4967 τοῦ

2050 5006 2274 5063 Ψελλοῦ
2322 5003 2651 5074 ἐδιδάπετο,
2706 5002 2943 5059 σιτοδεία
2987 5004 3113 5066 τοὺς
3160 5003 3210 5058 ἐν
3258 5002 3417 5058 πόλει
3468 5001 3693 5071 ἐπίεζεν.

2048 5101 2274 5155 Nenime
2301 5105 2486 5152 autem
2519 5098 2719 5153 bonum
2747 5097 3032 5168 publicum
3062 5100 3312 5165 curante,
3353 5112 3484 5151 nam
3523 5094 3694 5167 impe-

2048 5198 2204 5244 rator
2252 5189 2459 5244 studiis
2494 5203 2715 5253 vacans,
2750 5187 2958 5243 iambos
2986 5187 3226 5242 scribere
3256 5203 3290 5241 a
3329 5186 3505 5242 Psello
3543 5185 3696 5241 doce-

2051 5279 2232 5348 l‘atur,
2265 5277 2507 5334 urbanos
2531 5291 2763 5332 annona
2816 5277 3055 5347 penuria
3089 5291 3341 5348 premere
3385 5275 3563 5346 ca’pit.
3617 5275 3701 5329 Ita

2050 5367 2132 5423 nil
2164 5372 2282 5422 tam
2315 5370 2585 5422 sanctum
2609 5366 2688 5437 (η)
2712 5369 2820 5432 est,
2846 5366 3000 5435 quod
3024 5364 3565 5420 calumniatentare
3583 5378 3700 5417 non

2051 5458 2284 5523 audeat,
2330 5461 2386 5512 et
2435 5456 2590 5527 quod
2624 5454 2795 5510 laude
2827 5453 3072 5526 dignum
3105 5460 3213 5520 est,
3263 5472 3330 5510 cx
3361 5452 3702 5526 improviso,

2047 5599 2352 5742 B25822;
2381 5601 2448 5653 ut
2474 5597 2589 5651 illis
2621 5595 2886 5652 intentus
2918 5595 3144 5668 imperii
3179 5611 3376 5651 curam
3429 5593 3560 5648 allis
3616 5605 3706 5644 re-
