  <div class='ocr_page' id='page_1' title='image "/cluster/home/n/w/nwhite01/storage/ocr_20150623/122/hvd.32044073502460/259.png"; bbox 0 0 4040 6196; ppageno 0'>
   <div class='ocr_carea' id='block_1_1' title="bbox 367 347 487 407">
    <p class='ocr_par' dir='ltr' id='par_1_1' title="bbox 367 347 487 407">
     <span class='ocr_line' id='line_1_1' title="bbox 367 347 487 407; baseline 0.008 -1"><span class='ocrx_word' id='word_1_1' title='bbox 367 347 487 407; x_wconf 71' lang='grc'>495</span> 
     </span>
    </p>
   </div>
   <div class='ocr_carea' id='block_1_2' title="bbox 1755 341 2395 403">
    <p class='ocr_par' dir='ltr' id='par_1_2' title="bbox 1755 341 2395 403">
     <span class='ocr_line' id='line_1_2' title="bbox 1755 341 2395 403; baseline -0.002 -1"><span class='ocrx_word' id='word_1_2' title='bbox 1755 341 1955 403; x_wconf 84' lang='lat' dir='ltr'><strong>LEON</strong></span> <span class='ocrx_word' id='word_1_3' title='bbox 1964 341 2033 401; x_wconf 86' lang='lat' dir='ltr'><strong>IS</strong></span> <span class='ocrx_word' id='word_1_4' title='bbox 2083 342 2395 403; x_wconf 79' lang='lat' dir='ltr'><strong>ALLATII</strong></span> 
     </span>
    </p>
   </div>
   <div class='ocr_carea' id='block_1_3' title="bbox 3662 342 3784 403">
    <p class='ocr_par' dir='ltr' id='par_1_3' title="bbox 3662 342 3784 403">
     <span class='ocr_line' id='line_1_3' title="bbox 3662 342 3784 403; baseline -0.016 0"><span class='ocrx_word' id='word_1_5' title='bbox 3662 342 3784 403; x_wconf 70' lang='lat'>496</span> 
     </span>
    </p>
   </div>
   <div class='ocr_carea' id='block_1_4' title="bbox 367 472 3784 549">
    <p class='ocr_par' dir='ltr' id='par_1_4' title="bbox 367 472 3784 549">
     <span class='ocr_line' id='line_1_4' title="bbox 367 472 3784 549; baseline -0.001 -16"><span class='ocrx_word' id='word_1_6' title='bbox 367 476 895 549; x_wconf 82' lang='lat' dir='ltr'>fraudulenterque</span> <span class='ocrx_word' id='word_1_7' title='bbox 951 476 1219 549; x_wconf 79' lang='lat' dir='ltr'>irrepens</span> <span class='ocrx_word' id='word_1_8' title='bbox 1264 476 1461 533; x_wconf 87' lang='lat' dir='ltr'>nescio</span> <span class='ocrx_word' id='word_1_9' title='bbox 1510 474 1646 545; x_wconf 90' lang='lat' dir='ltr'>quis</span> <span class='ocrx_word' id='word_1_10' title='bbox 1703 472 2021 529; x_wconf 79' lang='lat' dir='ltr'>criminose</span> <span class='ocrx_word' id='word_1_11' title='bbox 2051 476 2105 540; x_wconf 86' lang='grc' dir='ltr'><strong>Α</strong></span> <span class='ocrx_word' id='word_1_12' title='bbox 2133 488 2198 527; x_wconf 92' lang='lat' dir='ltr'>co</span> <span class='ocrx_word' id='word_1_13' title='bbox 2232 489 2245 527; x_wconf 90' lang='lat'>:</span> <span class='ocrx_word' id='word_1_14' title='bbox 2279 478 2336 529; x_wconf 90' lang='lat' dir='ltr'>et</span> <span class='ocrx_word' id='word_1_15' title='bbox 2362 474 2619 529; x_wconf 89' lang='lat' dir='ltr'>Zonoras</span> <span class='ocrx_word' id='word_1_16' title='bbox 2647 472 2794 529; x_wconf 86' lang='lat' dir='ltr'>locis</span> <span class='ocrx_word' id='word_1_17' title='bbox 2824 490 3007 544; x_wconf 84' lang='lat' dir='ltr'>supra</span> <span class='ocrx_word' id='word_1_18' title='bbox 3041 472 3336 540; x_wconf 82' lang='lat' dir='ltr'>adductis,</span> <span class='ocrx_word' id='word_1_19' title='bbox 3370 477 3426 528; x_wconf 90' lang='lat' dir='ltr'>et</span> <span class='ocrx_word' id='word_1_20' title='bbox 3453 473 3515 529; x_wconf 88' lang='lat' dir='ltr'>in</span> <span class='ocrx_word' id='word_1_21' title='bbox 3560 473 3784 530; x_wconf 86' lang='lat' dir='ltr'>Isaacio</span> 
     </span>
    </p>
   </div>
   <div class='ocr_carea' id='block_1_5' title="bbox 369 561 2014 623">
    <p class='ocr_par' dir='ltr' id='par_1_5' title="bbox 369 561 2014 623">
     <span class='ocr_line' id='line_1_5' title="bbox 369 561 2014 623; baseline -0.004 -1"><span class='ocrx_word' id='word_1_22' title='bbox 369 567 673 623; x_wconf 80' lang='lat' dir='ltr'>dilacerat.</span> <span class='ocrx_word' id='word_1_23' title='bbox 708 566 773 622; x_wconf 87' lang='lat' dir='ltr'>Et</span> <span class='ocrx_word' id='word_1_24' title='bbox 805 568 1107 622; x_wconf 86' lang='lat' dir='ltr'>hominum</span> <span class='ocrx_word' id='word_1_25' title='bbox 1142 567 1316 621; x_wconf 89' lang='lat' dir='ltr'>turba</span> <span class='ocrx_word' id='word_1_26' title='bbox 1366 582 1515 621; x_wconf 64' lang='lat' dir='ltr'>caeca</span> <span class='ocrx_word' id='word_1_27' title='bbox 1561 563 1743 619; x_wconf 87' lang='lat' dir='ltr'>veluti</span> <span class='ocrx_word' id='word_1_28' title='bbox 1777 561 2014 617; x_wconf 88' lang='lat' dir='ltr'>oraculo</span> 
     </span>
    </p>
   </div>
   <div class='ocr_carea' id='block_1_6' title="bbox 371 651 2016 727">
    <p class='ocr_par' dir='ltr' id='par_1_6' title="bbox 371 651 2016 727">
     <span class='ocr_line' id='line_1_6' title="bbox 371 651 2016 727; baseline -0.004 -16"><span class='ocrx_word' id='word_1_29' title='bbox 371 655 623 727; x_wconf 82' lang='lat' dir='ltr'>plaudit,</span> <span class='ocrx_word' id='word_1_30' title='bbox 658 656 873 711; x_wconf 90' lang='lat' dir='ltr'>misera</span> <span class='ocrx_word' id='word_1_31' title='bbox 905 672 1067 723; x_wconf 86' lang='lat' dir='ltr'>sane,</span> <span class='ocrx_word' id='word_1_32' title='bbox 1102 657 1369 725; x_wconf 87' lang='lat' dir='ltr'>duraque</span> <span class='ocrx_word' id='word_1_33' title='bbox 1417 651 2016 725; x_wconf 78' lang='lat' dir='ltr'>prudentissimorum</span> 
     </span>
    </p>
   </div>
   <div class='ocr_carea' id='block_1_7' title="bbox 371 741 2019 813">
    <p class='ocr_par' dir='ltr' id='par_1_7' title="bbox 371 741 2019 813">
     <span class='ocr_line' id='line_1_7' title="bbox 371 741 2019 813; baseline -0.003 -14"><span class='ocrx_word' id='word_1_34' title='bbox 371 744 677 799; x_wconf 87' lang='lat' dir='ltr'>hominum</span> <span class='ocrx_word' id='word_1_35' title='bbox 712 745 1061 799; x_wconf 89' lang='lat' dir='ltr'>conditione.</span> <span class='ocrx_word' id='word_1_36' title='bbox 1094 744 1213 798; x_wconf 86' lang='lat' dir='ltr'>Sub</span> <span class='ocrx_word' id='word_1_37' title='bbox 1237 742 1368 798; x_wconf 90' lang='lat' dir='ltr'>aliis</span> <span class='ocrx_word' id='word_1_38' title='bbox 1400 743 1541 798; x_wconf 83' lang='lat' dir='ltr'>item</span> <span class='ocrx_word' id='word_1_39' title='bbox 1564 741 2019 813; x_wconf 81' lang='lat' dir='ltr'>imperatoribus</span> 
     </span>
    </p>
   </div>
   <div class='ocr_carea' id='block_1_8' title="bbox 376 829 2020 904">
    <p class='ocr_par' dir='ltr' id='par_1_8' title="bbox 376 829 2020 904">
     <span class='ocr_line' id='line_1_8' title="bbox 376 829 2020 904; baseline -0.004 -15"><span class='ocrx_word' id='word_1_40' title='bbox 376 834 706 889; x_wconf 65' lang='lat' dir='ltr'>Graecorum</span> <span class='ocrx_word' id='word_1_41' title='bbox 748 833 991 904; x_wconf 91' lang='lat' dir='ltr'>imperio</span> <span class='ocrx_word' id='word_1_42' title='bbox 1016 834 1143 903; x_wconf 82' lang='lat' dir='ltr'>jam</span> <span class='ocrx_word' id='word_1_43' title='bbox 1178 839 1537 899; x_wconf 90' lang='lat' dir='ltr'>senescente,</span> <span class='ocrx_word' id='word_1_44' title='bbox 1579 829 1767 885; x_wconf 90' lang='lat' dir='ltr'>doctri</span> <span class='ocrx_word' id='word_1_45' title='bbox 1808 829 2020 899; x_wconf 89' lang='lat' dir='ltr'>nisque</span> 
     </span>
    </p>
   </div>
   <div class='ocr_carea' id='block_1_9' title="bbox 377 918 2019 989">
    <p class='ocr_par' dir='ltr' id='par_1_9' title="bbox 377 918 2019 989">
     <span class='ocr_line' id='line_1_9' title="bbox 377 918 2019 989; baseline -0.003 -12"><span class='ocrx_word' id='word_1_46' title='bbox 377 922 653 977; x_wconf 89' lang='lat' dir='ltr'>omnibus</span> <span class='ocrx_word' id='word_1_47' title='bbox 684 922 742 976; x_wconf 87' lang='lat' dir='ltr'>in</span> <span class='ocrx_word' id='word_1_48' title='bbox 774 920 1101 976; x_wconf 83' lang='lat' dir='ltr'>barbariem</span> <span class='ocrx_word' id='word_1_49' title='bbox 1133 921 1531 984; x_wconf 83' lang='lat' dir='ltr'>commutatis,</span> <span class='ocrx_word' id='word_1_50' title='bbox 1564 936 1720 988; x_wconf 90' lang='lat' dir='ltr'>cum,</span> <span class='ocrx_word' id='word_1_51' title='bbox 1756 918 2019 989; x_wconf 85' lang='lat' dir='ltr'>prohdo-</span> 
     </span>
    </p>
   </div>
   <div class='ocr_carea' id='block_1_10' title="bbox 380 1004 2022 1081">
    <p class='ocr_par' dir='ltr' id='par_1_10' title="bbox 380 1004 2022 1081">
     <span class='ocr_line' id='line_1_10' title="bbox 380 1004 2022 1081; baseline -0.002 -16"><span class='ocrx_word' id='word_1_52' title='bbox 380 1009 494 1065; x_wconf 85' lang='lat' dir='ltr'>lor!</span> <span class='ocrx_word' id='word_1_53' title='bbox 525 1009 733 1065; x_wconf 82' lang='lat' dir='ltr'>inertia</span> <span class='ocrx_word' id='word_1_54' title='bbox 764 1026 865 1080; x_wconf 90' lang='lat' dir='ltr'>pro</span> <span class='ocrx_word' id='word_1_55' title='bbox 897 1009 1188 1081; x_wconf 80' lang='lat' dir='ltr'>sapientia</span> <span class='ocrx_word' id='word_1_56' title='bbox 1218 1014 1343 1064; x_wconf 90' lang='lat' dir='ltr'>erat</span> <span class='ocrx_word' id='word_1_57' title='bbox 1362 1009 1541 1064; x_wconf 87' lang='lat' dir='ltr'>vitam</span> <span class='ocrx_word' id='word_1_58' title='bbox 1572 1009 1698 1080; x_wconf 88' lang='lat' dir='ltr'>ipse</span> <span class='ocrx_word' id='word_1_59' title='bbox 1726 1007 1878 1061; x_wconf 81' lang='lat' dir='ltr'>fama</span> <span class='ocrx_word' id='word_1_60' title='bbox 1901 1004 2022 1061; x_wconf 89' lang='lat' dir='ltr'>cla-</span> 
     </span>
    </p>
   </div>
   <div class='ocr_carea' id='block_1_11' title="bbox 380 1095 2026 1169">
    <p class='ocr_par' dir='ltr' id='par_1_11' title="bbox 380 1095 2026 1169">
     <span class='ocr_line' id='line_1_11' title="bbox 380 1095 2026 1169; baseline -0.002 -17"><span class='ocrx_word' id='word_1_61' title='bbox 380 1098 654 1154; x_wconf 88' lang='lat' dir='ltr'>rissimus</span> <span class='ocrx_word' id='word_1_62' title='bbox 710 1099 1017 1167; x_wconf 74' lang='lat' dir='ltr'>transegit,</span> <span class='ocrx_word' id='word_1_63' title='bbox 1070 1098 1375 1169; x_wconf 87' lang='lat' dir='ltr'>jucundus</span> <span class='ocrx_word' id='word_1_64' title='bbox 1436 1096 1663 1165; x_wconf 88' lang='lat' dir='ltr'>amicis,</span> <span class='ocrx_word' id='word_1_65' title='bbox 1714 1095 2026 1168; x_wconf 83' lang='lat' dir='ltr'>egentibus</span> 
     </span>
    </p>
   </div>
   <div class='ocr_carea' id='block_1_12' title="bbox 384 1186 1420 1258">
    <p class='ocr_par' dir='ltr' id='par_1_12' title="bbox 384 1186 1420 1258">
     <span class='ocr_line' id='line_1_12' title="bbox 384 1186 1420 1258; baseline -0.001 -16"><span class='ocrx_word' id='word_1_66' title='bbox 384 1186 565 1253; x_wconf 87' lang='lat' dir='ltr'>utilis,</span> <span class='ocrx_word' id='word_1_67' title='bbox 599 1187 877 1243; x_wconf 89' lang='lat' dir='ltr'>omnibus</span> <span class='ocrx_word' id='word_1_68' title='bbox 908 1187 1159 1258; x_wconf 89' lang='lat' dir='ltr'>denique</span> <span class='ocrx_word' id='word_1_69' title='bbox 1184 1187 1420 1242; x_wconf 89' lang='lat' dir='ltr'>cbarus.</span> 
     </span>
    </p>
   </div>
   <div class='ocr_carea' id='block_1_13' title="bbox 452 1272 2027 1340">
    <p class='ocr_par' dir='ltr' id='par_1_13' title="bbox 452 1272 2027 1340">
     <span class='ocr_line' id='line_1_13' title="bbox 452 1272 2027 1340; baseline -0.003 -11"><span class='ocrx_word' id='word_1_70' title='bbox 452 1275 704 1331; x_wconf 86' lang='lat' dir='ltr'><strong>XXVIII.</strong></span> <span class='ocrx_word' id='word_1_71' title='bbox 726 1275 889 1331; x_wconf 89' lang='lat' dir='ltr'>Illius</span> <span class='ocrx_word' id='word_1_72' title='bbox 906 1280 1126 1330; x_wconf 89' lang='lat' dir='ltr'>tamem</span> <span class='ocrx_word' id='word_1_73' title='bbox 1150 1274 1286 1329; x_wconf 83' lang='lat' dir='ltr'>fidei</span> <span class='ocrx_word' id='word_1_74' title='bbox 1310 1290 1571 1340; x_wconf 86' lang='lat' dir='ltr'>causam,</span> <span class='ocrx_word' id='word_1_75' title='bbox 1596 1272 2027 1328; x_wconf 85' lang='lat' dir='ltr'>defensionem-</span> 
     </span>
    </p>
   </div>
   <div class='ocr_carea' id='block_1_14' title="bbox 379 1359 2030 1436">
    <p class='ocr_par' dir='ltr' id='par_1_14' title="bbox 379 1359 2030 1436">
     <span class='ocr_line' id='line_1_14' title="bbox 379 1359 2030 1436; baseline -0.004 -16"><span class='ocrx_word' id='word_1_76' title='bbox 379 1381 494 1436; x_wconf 92' lang='lat' dir='ltr'>que</span> <span class='ocrx_word' id='word_1_77' title='bbox 526 1380 639 1419; x_wconf 90' lang='lat' dir='ltr'>non</span> <span class='ocrx_word' id='word_1_78' title='bbox 666 1363 1051 1435; x_wconf 87' lang='lat' dir='ltr'>susceperim,</span> <span class='ocrx_word' id='word_1_79' title='bbox 1069 1363 1141 1432; x_wconf 91' lang='lat' dir='ltr'>si,</span> <span class='ocrx_word' id='word_1_80' title='bbox 1176 1380 1302 1434; x_wconf 69' lang='lat' dir='ltr'>qua:</span> <span class='ocrx_word' id='word_1_81' title='bbox 1327 1364 1396 1418; x_wconf 90' lang='lat' dir='ltr'>de</span> <span class='ocrx_word' id='word_1_82' title='bbox 1419 1378 1483 1417; x_wconf 91' lang='lat' dir='ltr'>eo</span> <span class='ocrx_word' id='word_1_83' title='bbox 1500 1361 1793 1432; x_wconf 88' lang='lat' dir='ltr'>Josepbus</span> <span class='ocrx_word' id='word_1_84' title='bbox 1816 1359 2030 1415; x_wconf 80' lang='lat' dir='ltr'>Metho-</span> 
     </span>
    </p>
   </div>
   <div class='ocr_carea' id='block_1_15' title="bbox 378 1450 2029 1524">
    <p class='ocr_par' dir='ltr' id='par_1_15' title="bbox 378 1450 2029 1524">
     <span class='ocr_line' id='line_1_15' title="bbox 378 1450 2029 1524; baseline -0.003 -17"><span class='ocrx_word' id='word_1_85' title='bbox 378 1453 579 1509; x_wconf 87' lang='lat' dir='ltr'>ncnsis</span> <span class='ocrx_word' id='word_1_86' title='bbox 605 1453 917 1524; x_wconf 90' lang='lat' dir='ltr'>episcopus</span> <span class='ocrx_word' id='word_1_87' title='bbox 940 1451 1210 1523; x_wconf 85' lang='lat' dir='ltr'>apologia</span> <span class='ocrx_word' id='word_1_88' title='bbox 1228 1451 1697 1507; x_wconf 85' lang='lat' dir='ltr'>contraMarcum</span> <span class='ocrx_word' id='word_1_89' title='bbox 1718 1450 2029 1521; x_wconf 85' lang='lat' dir='ltr'>Ephesium</span> 
     </span>
    </p>
   </div>
   <div class='ocr_carea' id='block_1_16' title="bbox 376 1538 1999 1611">
    <p class='ocr_par' dir='ltr' id='par_1_16' title="bbox 376 1538 1999 1611">
     <span class='ocr_line' id='line_1_16' title="bbox 376 1538 1999 1611; baseline -0.003 -15"><span class='ocrx_word' id='word_1_90' title='bbox 376 1542 575 1611; x_wconf 85' lang='lat' dir='ltr'>tradit,</span> <span class='ocrx_word' id='word_1_91' title='bbox 606 1558 739 1596; x_wconf 86' lang='lat' dir='ltr'>vera</span> <span class='ocrx_word' id='word_1_92' title='bbox 770 1546 930 1597; x_wconf 87' lang='lat' dir='ltr'>sunt.</span> <span class='ocrx_word' id='word_1_93' title='bbox 966 1540 1137 1595; x_wconf 88' lang='lat' dir='ltr'>Illum</span> <span class='ocrx_word' id='word_1_94' title='bbox 1169 1540 1323 1595; x_wconf 89' lang='lat' dir='ltr'>enim</span> <span class='ocrx_word' id='word_1_95' title='bbox 1356 1543 1708 1594; x_wconf 88' lang='lat' dir='ltr'>annumerat</span> <span class='ocrx_word' id='word_1_96' title='bbox 1738 1538 1999 1593; x_wconf 89' lang='lat' dir='ltr'>schisma</span> 
     </span>
    </p>
   </div>
   <div class='ocr_carea' id='block_1_17' title="bbox 380 1626 2028 1698">
    <p class='ocr_par' dir='ltr' id='par_1_17' title="bbox 380 1626 2028 1698">
     <span class='ocr_line' id='line_1_17' title="bbox 380 1626 2028 1698; baseline -0.004 -13"><span class='ocrx_word' id='word_1_97' title='bbox 380 1631 511 1685; x_wconf 89' lang='lat' dir='ltr'>ticis</span> <span class='ocrx_word' id='word_1_98' title='bbox 534 1630 760 1698; x_wconf 89' lang='lat' dir='ltr'>Photio,</span> <span class='ocrx_word' id='word_1_99' title='bbox 782 1629 1086 1695; x_wconf 70' lang='lat' dir='ltr'>Cabasilce,</span> <span class='ocrx_word' id='word_1_100' title='bbox 1110 1628 1382 1696; x_wconf 73' lang='lat' dir='ltr'>Palamae,</span> <span class='ocrx_word' id='word_1_101' title='bbox 1408 1632 1730 1693; x_wconf 85' lang='lat' dir='ltr'>Camatero,</span> <span class='ocrx_word' id='word_1_102' title='bbox 1756 1626 2028 1693; x_wconf 86' lang='lat' dir='ltr'>Phurnio,</span> 
     </span>
    </p>
   </div>
   <div class='ocr_carea' id='block_1_18' title="bbox 381 1716 2027 1789">
    <p class='ocr_par' dir='ltr' id='par_1_18' title="bbox 381 1716 2027 1789">
     <span class='ocr_line' id='line_1_18' title="bbox 381 1716 2027 1789; baseline -0.003 -16"><span class='ocrx_word' id='word_1_103' title='bbox 381 1718 827 1784; x_wconf 77' lang='lat' dir='ltr'>Moschumbari,</span> <span class='ocrx_word' id='word_1_104' title='bbox 849 1716 1409 1789; x_wconf 71' lang='lat' dir='ltr'>Bulgarize,Nicolao</span> <span class='ocrx_word' id='word_1_105' title='bbox 1433 1716 1822 1785; x_wconf 83' lang='lat' dir='ltr'>Methonensi,</span> <span class='ocrx_word' id='word_1_106' title='bbox 1847 1722 1902 1770; x_wconf 91' lang='lat' dir='ltr'>et</span> <span class='ocrx_word' id='word_1_107' title='bbox 1925 1719 2027 1768; x_wconf 88' lang='lat' dir='ltr'>Pa-</span> 
     </span>
    </p>
   </div>
   <div class='ocr_carea' id='block_1_19' title="bbox 2124 558 3782 636">
    <p class='ocr_par' dir='ltr' id='par_1_19' title="bbox 2124 558 3782 636">
     <span class='ocr_line' id='line_1_19' title="bbox 2124 558 3782 636; baseline -0.001 -20"><span class='ocrx_word' id='word_1_108' title='bbox 2124 561 2443 628; x_wconf 88' lang='lat' dir='ltr'>Comneno,</span> <span class='ocrx_word' id='word_1_109' title='bbox 2499 558 2682 622; x_wconf 80' lang='grc' dir='ltr'>ΙΙολὺς</span> <span class='ocrx_word' id='word_1_110' title='bbox 2714 560 2812 628; x_wconf 78' lang='grc' dir='ltr'>τήν</span> <span class='ocrx_word' id='word_1_111' title='bbox 2873 561 3120 636; x_wconf 82' lang='grc' dir='ltr'>γλῶτταν</span> <span class='ocrx_word' id='word_1_112' title='bbox 3178 560 3206 613; x_wconf 84' lang='grc' dir='ltr'>ὁ</span> <span class='ocrx_word' id='word_1_113' title='bbox 3264 560 3577 636; x_wconf 77' lang='grc' dir='ltr'>σοφώτατος</span> <span class='ocrx_word' id='word_1_114' title='bbox 3629 560 3782 615; x_wconf 83' lang='grc' dir='ltr'>Ψελ-</span> 
     </span>
    </p>
   </div>
   <div class='ocr_carea' id='block_1_20' title="bbox 2126 647 3785 723">
    <p class='ocr_par' dir='ltr' id='par_1_20' title="bbox 2126 647 3785 723">
     <span class='ocr_line' id='line_1_20' title="bbox 2126 647 3785 723; baseline 0.002 -20"><span class='ocrx_word' id='word_1_115' title='bbox 2126 647 2245 709; x_wconf 86' lang='grc' dir='ltr'>λός.</span> <span class='ocrx_word' id='word_1_116' title='bbox 2279 651 2407 705; x_wconf 86' lang='lat' dir='ltr'>Vim</span> <span class='ocrx_word' id='word_1_117' title='bbox 2444 651 2720 707; x_wconf 86' lang='lat' dir='ltr'>dictionis</span> <span class='ocrx_word' id='word_1_118' title='bbox 2752 667 2885 706; x_wconf 90' lang='lat' dir='ltr'>cum</span> <span class='ocrx_word' id='word_1_119' title='bbox 2906 668 3019 705; x_wconf 91' lang='lat' dir='ltr'>non</span> <span class='ocrx_word' id='word_1_120' title='bbox 3051 650 3436 706; x_wconf 85' lang='lat' dir='ltr'>intellexisset</span> <span class='ocrx_word' id='word_1_121' title='bbox 3469 652 3785 723; x_wconf 87' lang='lat' dir='ltr'>interpres,</span> 
     </span>
    </p>
   </div>
   <div class='ocr_carea' id='block_1_21' title="bbox 2126 735 3788 813">
    <p class='ocr_par' dir='ltr' id='par_1_21' title="bbox 2126 735 3788 813">
     <span class='ocr_line' id='line_1_21' title="bbox 2126 735 3788 813; baseline 0.003 -23"><span class='ocrx_word' id='word_1_122' title='bbox 2126 735 2300 791; x_wconf 52' lang='lat' dir='ltr'>notis,</span> <span class='ocrx_word' id='word_1_123' title='bbox 2351 739 2449 805; x_wconf 78' lang='grc' dir='ltr'>τὴν</span> <span class='ocrx_word' id='word_1_124' title='bbox 2488 736 2759 813; x_wconf 80' lang='grc' dir='ltr'>γλῶτταν,</span> <span class='ocrx_word' id='word_1_125' title='bbox 2818 740 3101 795; x_wconf 80' lang='lat' dir='ltr'>verbosum</span> <span class='ocrx_word' id='word_1_126' title='bbox 3150 739 3423 794; x_wconf 84' lang='lat' dir='ltr'>reddidit.</span> <span class='ocrx_word' id='word_1_127' title='bbox 3456 742 3653 811; x_wconf 84' lang='lat' dir='ltr'>Apage</span> <span class='ocrx_word' id='word_1_128' title='bbox 3694 756 3788 795; x_wconf 84' lang='lat' dir='ltr'>sa-</span> 
     </span>
    </p>
   </div>
   <div class='ocr_carea' id='block_1_22' title="bbox 2128 828 3787 899">
    <p class='ocr_par' dir='ltr' id='par_1_22' title="bbox 2128 828 3787 899">
     <span class='ocr_line' id='line_1_22' title="bbox 2128 828 3787 899; baseline 0.001 -17"><span class='ocrx_word' id='word_1_129' title='bbox 2128 828 2561 899; x_wconf 86' lang='lat' dir='ltr'>pientissimum</span> <span class='ocrx_word' id='word_1_130' title='bbox 2594 829 2799 893; x_wconf 84' lang='lat' dir='ltr'>istum,</span> <span class='ocrx_word' id='word_1_131' title='bbox 2832 829 2881 883; x_wconf 91' lang='lat' dir='ltr'>si</span> <span class='ocrx_word' id='word_1_132' title='bbox 2942 829 3241 883; x_wconf 85' lang='lat' dir='ltr'>verbosus</span> <span class='ocrx_word' id='word_1_133' title='bbox 3273 832 3382 891; x_wconf 87' lang='lat' dir='ltr'>est,</span> <span class='ocrx_word' id='word_1_134' title='bbox 3441 829 3622 883; x_wconf 69' lang='lat' dir='ltr'>Graaci</span> <span class='ocrx_word' id='word_1_135' title='bbox 3649 846 3787 884; x_wconf 87' lang='lat' dir='ltr'>cum</span> 
     </span>
    </p>
   </div>
   <div class='ocr_carea' id='block_1_23' title="bbox 2131 916 3785 989">
    <p class='ocr_par' dir='ltr' id='par_1_23' title="bbox 2131 916 3785 989">
     <span class='ocr_line' id='line_1_23' title="bbox 2131 916 3785 989; baseline 0 -17"><span class='ocrx_word' id='word_1_136' title='bbox 2131 917 2547 973; x_wconf 84' lang='lat' dir='ltr'>admirandum</span> <span class='ocrx_word' id='word_1_137' title='bbox 2578 918 2857 989; x_wconf 86' lang='lat' dir='ltr'>aliquem,</span> <span class='ocrx_word' id='word_1_138' title='bbox 2883 934 2989 972; x_wconf 91' lang='lat' dir='ltr'>nec</span> <span class='ocrx_word' id='word_1_139' title='bbox 3019 934 3154 971; x_wconf 91' lang='lat' dir='ltr'>cum</span> <span class='ocrx_word' id='word_1_140' title='bbox 3179 916 3523 989; x_wconf 83' lang='lat' dir='ltr'>vulgaribus</span> <span class='ocrx_word' id='word_1_141' title='bbox 3546 934 3785 987; x_wconf 86' lang='lat' dir='ltr'>compa-</span> 
     </span>
    </p>
   </div>
   <div class='ocr_carea' id='block_1_24' title="bbox 2132 1002 3787 1076">
    <p class='ocr_par' dir='ltr' id='par_1_24' title="bbox 2132 1002 3787 1076">
     <span class='ocr_line' id='line_1_24' title="bbox 2132 1002 3787 1076; baseline 0.001 -16"><span class='ocrx_word' id='word_1_142' title='bbox 2132 1006 2380 1061; x_wconf 87' lang='lat' dir='ltr'>randum</span> <span class='ocrx_word' id='word_1_143' title='bbox 2412 1007 2691 1076; x_wconf 88' lang='lat' dir='ltr'>inuuunt,</span> <span class='ocrx_word' id='word_1_144' title='bbox 2723 1006 2974 1062; x_wconf 89' lang='lat' dir='ltr'>dictione</span> <span class='ocrx_word' id='word_1_145' title='bbox 3003 1005 3100 1061; x_wconf 90' lang='lat' dir='ltr'>illa</span> <span class='ocrx_word' id='word_1_146' title='bbox 3121 1002 3295 1066; x_wconf 84' lang='grc' dir='ltr'>πολὺς</span> <span class='ocrx_word' id='word_1_147' title='bbox 3337 1011 3606 1062; x_wconf 89' lang='lat' dir='ltr'>utuntur.</span> <span class='ocrx_word' id='word_1_148' title='bbox 3644 1007 3787 1061; x_wconf 87' lang='lat' dir='ltr'>Hinc</span> 
     </span>
    </p>
   </div>
   <div class='ocr_carea' id='block_1_25' title="bbox 2136 1095 3786 1167">
    <p class='ocr_par' dir='ltr' id='par_1_25' title="bbox 2136 1095 3786 1167">
     <span class='ocr_line' id='line_1_25' title="bbox 2136 1095 3786 1167; baseline 0.001 -19"><span class='ocrx_word' id='word_1_149' title='bbox 2136 1095 2442 1166; x_wconf 86' lang='lat' dir='ltr'>aptissime</span> <span class='ocrx_word' id='word_1_150' title='bbox 2462 1096 2706 1165; x_wconf 86' lang='lat' dir='ltr'>diceres,</span> <span class='ocrx_word' id='word_1_151' title='bbox 2726 1101 2783 1151; x_wconf 88' lang='lat' dir='ltr'>et</span> <span class='ocrx_word' id='word_1_152' title='bbox 2800 1097 2870 1151; x_wconf 89' lang='lat' dir='ltr'>ad</span> <span class='ocrx_word' id='word_1_153' title='bbox 2898 1096 3096 1150; x_wconf 66' lang='lat' dir='ltr'>Atticis</span> <span class='ocrx_word' id='word_1_154' title='bbox 3118 1095 3464 1167; x_wconf 78' lang='lat' dir='ltr'>eloquentiae</span> <span class='ocrx_word' id='word_1_155' title='bbox 3493 1112 3786 1163; x_wconf 87' lang='lat' dir='ltr'>normam,</span> 
     </span>
    </p>
   </div>
   <div class='ocr_carea' id='block_1_26' title="bbox 2136 1181 3788 1259">
    <p class='ocr_par' dir='ltr' id='par_1_26' title="bbox 2136 1181 3788 1259">
     <span class='ocr_line' id='line_1_26' title="bbox 2136 1181 3788 1259; baseline 0 -20"><span class='ocrx_word' id='word_1_156' title='bbox 2136 1181 2319 1244; x_wconf 84' lang='grc' dir='ltr'>Πολὺς</span> <span class='ocrx_word' id='word_1_157' title='bbox 2348 1183 2415 1237; x_wconf 71' lang='grc' dir='ltr'>τὰ</span> <span class='ocrx_word' id='word_1_158' title='bbox 2447 1189 2560 1246; x_wconf 81' lang='grc' dir='ltr'>θεῖα</span> <span class='ocrx_word' id='word_1_159' title='bbox 2580 1184 2900 1259; x_wconf 77' lang='grc' dir='ltr'>Γρηγὸριος,</span> <span class='ocrx_word' id='word_1_160' title='bbox 2920 1186 3126 1240; x_wconf 75' lang='lat' dir='ltr'>eximie</span> <span class='ocrx_word' id='word_1_161' title='bbox 3153 1195 3370 1240; x_wconf 87' lang='lat' dir='ltr'>sanctus</span> <span class='ocrx_word' id='word_1_162' title='bbox 3392 1185 3465 1256; x_wconf 89' lang='grc' dir='ltr'>(ο)</span> <span class='ocrx_word' id='word_1_163' title='bbox 3498 1184 3788 1254; x_wconf 89' lang='lat' dir='ltr'>Gregorius</span> 
     </span>
    </p>
   </div>
   <div class='ocr_carea' id='block_1_27' title="bbox 2142 1270 3786 1348">
    <p class='ocr_par' dir='ltr' id='par_1_27' title="bbox 2142 1270 3786 1348">
     <span class='ocr_line' id='line_1_27' title="bbox 2142 1270 3786 1348; baseline 0.001 -20"><span class='ocrx_word' id='word_1_164' title='bbox 2142 1270 2319 1334; x_wconf 73' lang='grc' dir='ltr'>Ηολὺς</span> <span class='ocrx_word' id='word_1_165' title='bbox 2348 1273 2449 1340; x_wconf 77' lang='grc' dir='ltr'>τήν</span> <span class='ocrx_word' id='word_1_166' title='bbox 2481 1271 2625 1327; x_wconf 81' lang='grc' dir='ltr'>θείαν</span> <span class='ocrx_word' id='word_1_167' title='bbox 2660 1274 2876 1348; x_wconf 74' lang='grc' dir='ltr'>Γραφῆν</span> <span class='ocrx_word' id='word_1_168' title='bbox 2930 1272 3176 1329; x_wconf 80' lang='lat' dir='ltr'>Michael</span> <span class='ocrx_word' id='word_1_169' title='bbox 3217 1272 3564 1339; x_wconf 88' lang='lat' dir='ltr'>Ghislerius,</span> <span class='ocrx_word' id='word_1_170' title='bbox 3610 1274 3786 1329; x_wconf 85' lang='lat' dir='ltr'>Disci-</span> 
     </span>
    </p>
   </div>
   <div class='ocr_carea' id='block_1_28' title="bbox 2132 1363 3789 1434">
    <p class='ocr_par' dir='ltr' id='par_1_28' title="bbox 2132 1363 3789 1434">
     <span class='ocr_line' id='line_1_28' title="bbox 2132 1363 3789 1434; baseline 0.001 -17"><span class='ocrx_word' id='word_1_171' title='bbox 2132 1364 2293 1434; x_wconf 88' lang='lat' dir='ltr'>plina</span> <span class='ocrx_word' id='word_1_172' title='bbox 2322 1379 2511 1417; x_wconf 87' lang='lat' dir='ltr'>rerum</span> <span class='ocrx_word' id='word_1_173' title='bbox 2540 1365 2862 1418; x_wconf 87' lang='lat' dir='ltr'>divinarum</span> <span class='ocrx_word' id='word_1_174' title='bbox 2882 1363 3380 1430; x_wconf 80' lang='lat' dir='ltr'>eruditissimus,et</span> <span class='ocrx_word' id='word_1_175' title='bbox 3402 1363 3789 1432; x_wconf 85' lang='lat' dir='ltr'>ingenio,pru-</span> 
     </span>
    </p>
   </div>
   <div class='ocr_carea' id='block_1_29' title="bbox 2136 1451 3786 1523">
    <p class='ocr_par' dir='ltr' id='par_1_29' title="bbox 2136 1451 3786 1523">
     <span class='ocr_line' id='line_1_29' title="bbox 2136 1451 3786 1523; baseline 0.001 -17"><span class='ocrx_word' id='word_1_176' title='bbox 2136 1452 2428 1522; x_wconf 87' lang='lat' dir='ltr'>dentiaque</span> <span class='ocrx_word' id='word_1_177' title='bbox 2458 1454 2519 1507; x_wconf 87' lang='lat' dir='ltr'>in</span> <span class='ocrx_word' id='word_1_178' title='bbox 2545 1454 2726 1507; x_wconf 90' lang='lat' dir='ltr'>sacris</span> <span class='ocrx_word' id='word_1_179' title='bbox 2756 1453 2979 1507; x_wconf 75' lang='lat' dir='ltr'>Litteris</span> <span class='ocrx_word' id='word_1_180' title='bbox 2998 1451 3333 1523; x_wconf 74' lang='lat' dir='ltr'>exponendis</span> <span class='ocrx_word' id='word_1_181' title='bbox 3378 1453 3786 1508; x_wconf 83' lang='lat' dir='ltr'>accutissimus.</span> 
     </span>
    </p>
   </div>
   <div class='ocr_carea' id='block_1_30' title="bbox 2138 1537 3794 1616">
    <p class='ocr_par' dir='ltr' id='par_1_30' title="bbox 2138 1537 3794 1616">
     <span class='ocr_line' id='line_1_30' title="bbox 2138 1537 3794 1616; baseline 0.002 -23"><span class='ocrx_word' id='word_1_182' title='bbox 2138 1537 2315 1599; x_wconf 97' lang='grc' dir='ltr'>Πολὺς</span> <span class='ocrx_word' id='word_1_183' title='bbox 2344 1539 2445 1607; x_wconf 76' lang='grc' dir='ltr'>τήν</span> <span class='ocrx_word' id='word_1_184' title='bbox 2490 1537 2814 1616; x_wconf 73' lang='grc' dir='ltr'>φιλοσοφίαν</span> <span class='ocrx_word' id='word_1_185' title='bbox 2863 1540 3177 1595; x_wconf 83' lang='lat' dir='ltr'>Fortunius</span> <span class='ocrx_word' id='word_1_186' title='bbox 3230 1539 3479 1596; x_wconf 88' lang='lat' dir='ltr'>Licetus.</span> <span class='ocrx_word' id='word_1_187' title='bbox 3517 1541 3660 1605; x_wconf 87' lang='lat' dir='ltr'>Illis,</span> <span class='ocrx_word' id='word_1_188' title='bbox 3693 1544 3794 1612; x_wconf 85' lang='lat' dir='ltr'>qui</span> 
     </span>
    </p>
   </div>
   <div class='ocr_carea' id='block_1_31' title="bbox 2138 1629 3792 1700">
    <p class='ocr_par' dir='ltr' id='par_1_31' title="bbox 2138 1629 3792 1700">
     <span class='ocr_line' id='line_1_31' title="bbox 2138 1629 3792 1700; baseline -0.001 -16"><span class='ocrx_word' id='word_1_189' title='bbox 2138 1630 2208 1684; x_wconf 79' lang='lat' dir='ltr'>ad</span> <span class='ocrx_word' id='word_1_190' title='bbox 2263 1629 2670 1700; x_wconf 77' lang='lat' dir='ltr'>philosophiam</span> <span class='ocrx_word' id='word_1_191' title='bbox 2724 1634 3001 1700; x_wconf 77' lang='lat' dir='ltr'>spectant,</span> <span class='ocrx_word' id='word_1_192' title='bbox 3054 1645 3222 1700; x_wconf 85' lang='lat' dir='ltr'>quam</span> <span class='ocrx_word' id='word_1_193' title='bbox 3268 1630 3511 1684; x_wconf 77' lang='lat' dir='ltr'>maxime</span> <span class='ocrx_word' id='word_1_194' title='bbox 3538 1634 3740 1696; x_wconf 84' lang='lat' dir='ltr'>potens</span> <span class='ocrx_word' id='word_1_195' title='bbox 3772 1648 3792 1683; x_wconf 92' lang='lat'><strong><em>:</em></strong></span> 
     </span>
    </p>
   </div>
   <div class='ocr_carea' id='block_1_32' title="bbox 2135 1717 3789 1791">
    <p class='ocr_par' dir='ltr' id='par_1_32' title="bbox 2135 1717 3789 1791">
     <span class='ocr_line' id='line_1_32' title="bbox 2135 1717 3789 1791; baseline 0.002 -19"><span class='ocrx_word' id='word_1_196' title='bbox 2135 1721 2300 1789; x_wconf 83' lang='lat' dir='ltr'>pauci</span> <span class='ocrx_word' id='word_1_197' title='bbox 2324 1724 2385 1772; x_wconf 90' lang='lat' dir='ltr'>ut</span> <span class='ocrx_word' id='word_1_198' title='bbox 2404 1721 2517 1774; x_wconf 85' lang='lat' dir='ltr'>sint</span> <span class='ocrx_word' id='word_1_199' title='bbox 2537 1720 2635 1790; x_wconf 88' lang='lat' dir='ltr'>qui</span> <span class='ocrx_word' id='word_1_200' title='bbox 2672 1720 2837 1774; x_wconf 88' lang='lat' dir='ltr'>tantis</span> <span class='ocrx_word' id='word_1_201' title='bbox 2868 1717 2981 1791; x_wconf 85' lang='grc'>[21]</span> <span class='ocrx_word' id='word_1_202' title='bbox 3005 1719 3372 1789; x_wconf 60' lang='lat' dir='ltr'>philosophia?</span> <span class='ocrx_word' id='word_1_203' title='bbox 3398 1718 3612 1773; x_wconf 87' lang='lat' dir='ltr'>dotibus</span> <span class='ocrx_word' id='word_1_204' title='bbox 3639 1733 3789 1790; x_wconf 70' lang='lat' dir='ltr'>prae-</span> 
     </span>
    </p>
   </div>
   <div class='ocr_carea' id='block_1_33' title="bbox 381 1804 2034 1902">
    <p class='ocr_par' dir='ltr' id='par_1_33' title="bbox 381 1805 2028 1879">
     <span class='ocr_line' id='line_1_33' title="bbox 381 1805 2028 1879; baseline -0.004 -14"><span class='ocrx_word' id='word_1_205' title='bbox 381 1814 604 1875; x_wconf 89' lang='lat' dir='ltr'>nareto,</span> <span class='ocrx_word' id='word_1_206' title='bbox 639 1808 738 1879; x_wconf 90' lang='lat' dir='ltr'>qui</span> <span class='ocrx_word' id='word_1_207' title='bbox 762 1807 912 1863; x_wconf 89' lang='lat' dir='ltr'>dicto</span> <span class='ocrx_word' id='word_1_208' title='bbox 945 1812 1002 1862; x_wconf 93' lang='lat' dir='ltr'>et</span> <span class='ocrx_word' id='word_1_209' title='bbox 1023 1808 1239 1877; x_wconf 90' lang='lat' dir='ltr'>scripto</span> <span class='ocrx_word' id='word_1_210' title='bbox 1262 1806 1498 1861; x_wconf 86' lang='lat' dir='ltr'>Lainam</span> <span class='ocrx_word' id='word_1_211' title='bbox 1524 1805 1843 1861; x_wconf 85' lang='lat' dir='ltr'>Ecclesiam</span> <span class='ocrx_word' id='word_1_212' title='bbox 1874 1805 2028 1859; x_wconf 92' lang='lat' dir='ltr'>inse-</span> 
     </span>
    </p>
   </div>
   <div class='ocr_carea' id='block_1_34' title="bbox 2146 1804 3793 1902">
    <p class='ocr_par' dir='ltr' id='par_1_34' title="bbox 2146 1804 3793 1879">
     <span class='ocr_line' id='line_1_34' title="bbox 2146 1804 3793 1879; baseline 0.001 -18"><span class='ocrx_word' id='word_1_213' title='bbox 2146 1807 2246 1863; x_wconf 73' lang='lat' dir='ltr'>diti</span> <span class='ocrx_word' id='word_1_214' title='bbox 2268 1809 2398 1862; x_wconf 88' lang='lat' dir='ltr'>sint.</span> <span class='ocrx_word' id='word_1_215' title='bbox 2435 1804 2613 1867; x_wconf 77' lang='grc' dir='ltr'>Πολὺς</span> <span class='ocrx_word' id='word_1_216' title='bbox 2644 1806 2709 1860; x_wconf 75' lang='grc' dir='ltr'>τὰ</span> <span class='ocrx_word' id='word_1_217' title='bbox 2738 1805 3096 1879; x_wconf 78' lang='grc' dir='ltr'>μαθηματικὰ</span> <span class='ocrx_word' id='word_1_218' title='bbox 3114 1807 3318 1862; x_wconf 74' lang='lat' dir='ltr'>Petrus</span> <span class='ocrx_word' id='word_1_219' title='bbox 3342 1807 3706 1875; x_wconf 87' lang='lat' dir='ltr'>Gassendus,</span> <span class='ocrx_word' id='word_1_220' title='bbox 3732 1809 3793 1862; x_wconf 81' lang='lat' dir='ltr'>in</span> 
     </span>
    </p>
   </div>
   <div class='ocr_carea' id='block_1_35' title="bbox 383 1890 2031 1970">
    <p class='ocr_par' dir='ltr' id='par_1_35' title="bbox 383 1890 2031 1970">
     <span class='ocr_line' id='line_1_35' title="bbox 383 1890 2031 1970; baseline -0.005 -17"><span class='ocrx_word' id='word_1_221' title='bbox 383 1896 519 1953; x_wconf 90' lang='lat' dir='ltr'>ctati</span> <span class='ocrx_word' id='word_1_222' title='bbox 554 1903 710 1952; x_wconf 89' lang='lat' dir='ltr'>sunt.</span> <span class='ocrx_word' id='word_1_223' title='bbox 750 1894 843 1950; x_wconf 78' lang='grc' dir='ltr'>Καὶ</span> <span class='ocrx_word' id='word_1_224' title='bbox 874 1894 936 1948; x_wconf 75' lang='grc' dir='ltr'>σὺ</span> <span class='ocrx_word' id='word_1_225' title='bbox 974 1896 1066 1967; x_wconf 77' lang='grc' dir='ltr'>μὲν</span> <span class='ocrx_word' id='word_1_226' title='bbox 1098 1895 1395 1970; x_wconf 64' lang='grc' dir='ltr'>συνήφθης,</span> <span class='ocrx_word' id='word_1_227' title='bbox 1429 1894 1503 1954; x_wconf 84' lang='grc' dir='ltr'>ὡς</span> <span class='ocrx_word' id='word_1_228' title='bbox 1535 1894 1666 1968; x_wconf 74' lang='grc' dir='ltr'>φὴς,</span> <span class='ocrx_word' id='word_1_229' title='bbox 1697 1897 1813 1953; x_wconf 87' lang='grc' dir='ltr'>τοῖς</span> <span class='ocrx_word' id='word_1_230' title='bbox 1858 1890 2031 1965; x_wconf 80' lang='grc' dir='ltr'>ἁγίοις</span> 
     </span>
    </p>
   </div>
   <div class='ocr_carea' id='block_1_36' title="bbox 384 1979 2032 2057">
    <p class='ocr_par' dir='ltr' id='par_1_36' title="bbox 384 1979 2032 2057">
     <span class='ocr_line' id='line_1_36' title="bbox 384 1979 2032 2057; baseline -0.002 -20"><span class='ocrx_word' id='word_1_231' title='bbox 384 2004 479 2037; x_wconf 78' lang='grc' dir='ltr'>σου</span> <span class='ocrx_word' id='word_1_232' title='bbox 536 1984 828 2057; x_wconf 72' lang='grc' dir='ltr'>Ιίατράσιν,</span> <span class='ocrx_word' id='word_1_233' title='bbox 886 1983 975 2037; x_wconf 72' lang='grc' dir='ltr'>καὶ</span> <span class='ocrx_word' id='word_1_234' title='bbox 1043 1979 1392 2043; x_wconf 69' lang='grc' dir='ltr'>διδασκάλοις</span> <span class='ocrx_word' id='word_1_235' title='bbox 1452 1980 1653 2053; x_wconf 82' lang='grc' dir='ltr'>Φωτίῳ</span> <span class='ocrx_word' id='word_1_236' title='bbox 1703 1985 1782 2053; x_wconf 78' lang='grc' dir='ltr'><strong>τῷ</strong></span> <span class='ocrx_word' id='word_1_237' title='bbox 1829 1981 2032 2055; x_wconf 76' lang='grc' dir='ltr'>πρώτῳ</span> 
     </span>
    </p>
   </div>
   <div class='ocr_carea' id='block_1_37' title="bbox 385 2068 2033 2147">
    <p class='ocr_par' dir='ltr' id='par_1_37' title="bbox 385 2068 2033 2147">
     <span class='ocr_line' id='line_1_37' title="bbox 385 2068 2033 2147; baseline -0.002 -22"><span class='ocrx_word' id='word_1_238' title='bbox 385 2076 754 2147; x_wconf 77' lang='grc' dir='ltr'>σχισμοιτικῷ,</span> <span class='ocrx_word' id='word_1_239' title='bbox 793 2070 1005 2145; x_wconf 73' lang='grc' dir='ltr'>μᾶλλον</span> <span class='ocrx_word' id='word_1_240' title='bbox 1032 2068 1088 2125; x_wconf 78' lang='grc' dir='ltr'>δὲ</span> <span class='ocrx_word' id='word_1_241' title='bbox 1118 2070 1422 2145; x_wconf 77' lang='grc' dir='ltr'>αὐτουργῷ,</span> <span class='ocrx_word' id='word_1_242' title='bbox 1448 2073 1560 2143; x_wconf 78' lang='lat'>[‘20]</span> <span class='ocrx_word' id='word_1_243' title='bbox 1590 2070 1679 2124; x_wconf 80' lang='grc' dir='ltr'>καὶ</span> <span class='ocrx_word' id='word_1_244' title='bbox 1712 2068 2033 2145; x_wconf 79' lang='grc' dir='ltr'>δημιουργῷ</span> 
     </span>
    </p>
   </div>
   <div class='ocr_carea' id='block_1_38' title="bbox 380 2153 2032 2235">
    <p class='ocr_par' dir='ltr' id='par_1_38' title="bbox 380 2153 2032 2235">
     <span class='ocr_line' id='line_1_38' title="bbox 380 2153 2032 2235; baseline -0.002 -20"><span class='ocrx_word' id='word_1_245' title='bbox 380 2165 477 2215; x_wconf 72' lang='grc' dir='ltr'>τοῦ</span> <span class='ocrx_word' id='word_1_246' title='bbox 510 2158 837 2235; x_wconf 71' lang='grc' dir='ltr'>σχίσματῠς,</span> <span class='ocrx_word' id='word_1_247' title='bbox 871 2159 961 2213; x_wconf 74' lang='grc' dir='ltr'>καὶ</span> <span class='ocrx_word' id='word_1_248' title='bbox 1010 2166 1110 2228; x_wconf 79' lang='grc' dir='ltr'>τῆς</span> <span class='ocrx_word' id='word_1_249' title='bbox 1142 2156 1474 2230; x_wconf 76' lang='grc' dir='ltr'>διαιρέσεως,</span> <span class='ocrx_word' id='word_1_250' title='bbox 1510 2153 1813 2229; x_wconf 75' lang='grc' dir='ltr'>Καϐασίλᾳ,</span> <span class='ocrx_word' id='word_1_251' title='bbox 1848 2158 2032 2214; x_wconf 74' lang='grc' dir='ltr'>Παλα-</span> 
     </span>
    </p>
   </div>
   <div class='ocr_carea' id='block_1_39' title="bbox 387 2246 2033 2323">
    <p class='ocr_par' dir='ltr' id='par_1_39' title="bbox 387 2246 2033 2323">
     <span class='ocr_line' id='line_1_39' title="bbox 387 2246 2033 2323; baseline -0.002 -20"><span class='ocrx_word' id='word_1_252' title='bbox 387 2254 480 2322; x_wconf 80' lang='grc' dir='ltr'>μᾷ,</span> <span class='ocrx_word' id='word_1_253' title='bbox 565 2253 923 2323; x_wconf 72' lang='grc' dir='ltr'>Καματηρῷ,</span> <span class='ocrx_word' id='word_1_254' title='bbox 985 2252 1252 2322; x_wconf 74' lang='grc' dir='ltr'>Φουρνῇ,</span> <span class='ocrx_word' id='word_1_255' title='bbox 1314 2246 1543 2320; x_wconf 78' lang='grc' dir='ltr'>Ψελλῷ,</span> <span class='ocrx_word' id='word_1_256' title='bbox 1604 2247 1980 2321; x_wconf 57' lang='grc' dir='ltr'>ὒίοσχοὶμπαρι</span> <span class='ocrx_word' id='word_1_257' title='bbox 2018 2290 2033 2316; x_wconf 87' lang='lat'>,</span> 
     </span>
    </p>
   </div>
   <div class='ocr_carea' id='block_1_40' title="bbox 382 2334 2034 2413">
    <p class='ocr_par' dir='ltr' id='par_1_40' title="bbox 382 2334 2034 2413">
     <span class='ocr_line' id='line_1_40' title="bbox 382 2334 2034 2413; baseline -0.003 -21"><span class='ocrx_word' id='word_1_258' title='bbox 382 2336 706 2413; x_wconf 79' lang='grc' dir='ltr'>Βουλγοιρίᾳ,</span> <span class='ocrx_word' id='word_1_259' title='bbox 757 2334 1022 2409; x_wconf 81' lang='grc' dir='ltr'>Νικολάῳ</span> <span class='ocrx_word' id='word_1_260' title='bbox 1079 2339 1362 2408; x_wconf 80' lang='grc' dir='ltr'>Μεθώνης,</span> <span class='ocrx_word' id='word_1_261' title='bbox 1416 2337 1726 2412; x_wconf 74' lang='grc' dir='ltr'>Ποινοιρέτῳ,</span> <span class='ocrx_word' id='word_1_262' title='bbox 1777 2337 1865 2390; x_wconf 78' lang='grc' dir='ltr'>καὶ</span> <span class='ocrx_word' id='word_1_263' title='bbox 1919 2340 2034 2396; x_wconf 87' lang='grc' dir='ltr'>τοῖς</span> 
     </span>
    </p>
   </div>
   <div class='ocr_carea' id='block_1_41' title="bbox 384 2420 2035 2501">
    <p class='ocr_par' dir='ltr' id='par_1_41' title="bbox 384 2420 2035 2501">
     <span class='ocr_line' id='line_1_41' title="bbox 384 2420 2035 2501; baseline 0 -20"><span class='ocrx_word' id='word_1_264' title='bbox 384 2424 603 2489; x_wconf 81' lang='grc' dir='ltr'>λοιποῖς</span> <span class='ocrx_word' id='word_1_265' title='bbox 651 2431 766 2487; x_wconf 83' lang='grc' dir='ltr'>τοῖς</span> <span class='ocrx_word' id='word_1_266' title='bbox 822 2426 956 2499; x_wconf 77' lang='grc' dir='ltr'>μετὰ</span> <span class='ocrx_word' id='word_1_267' title='bbox 1005 2426 1067 2480; x_wconf 79' lang='grc' dir='ltr'>τὸ</span> <span class='ocrx_word' id='word_1_268' title='bbox 1119 2426 1351 2501; x_wconf 75' lang='grc' dir='ltr'>σχίσμα,</span> <span class='ocrx_word' id='word_1_269' title='bbox 1401 2425 1490 2479; x_wconf 81' lang='grc' dir='ltr'>καὶ</span> <span class='ocrx_word' id='word_1_270' title='bbox 1527 2427 1626 2493; x_wconf 74' lang='grc' dir='ltr'>τὴν</span> <span class='ocrx_word' id='word_1_271' title='bbox 1678 2423 1896 2494; x_wconf 71' lang='grc' dir='ltr'>πολλὴν</span> <span class='ocrx_word' id='word_1_272' title='bbox 1926 2420 2035 2498; x_wconf 77' lang='grc' dir='ltr'>ἔριν</span> 
     </span>
    </p>
   </div>
   <div class='ocr_carea' id='block_1_42' title="bbox 382 2513 2039 2587">
    <p class='ocr_par' dir='ltr' id='par_1_42' title="bbox 382 2513 2039 2587">
     <span class='ocr_line' id='line_1_42' title="bbox 382 2513 2039 2587; baseline -0.001 -16"><span class='ocrx_word' id='word_1_273' title='bbox 382 2517 518 2571; x_wconf 81' lang='grc' dir='ltr'>κατά</span> <span class='ocrx_word' id='word_1_274' title='bbox 593 2522 695 2585; x_wconf 78' lang='grc' dir='ltr'>τῆς</span> <span class='ocrx_word' id='word_1_275' title='bbox 742 2516 1059 2587; x_wconf 70' lang='grc' dir='ltr'>Ῥωμαῖκῆς</span> <span class='ocrx_word' id='word_1_276' title='bbox 1136 2513 1469 2585; x_wconf 83' lang='grc' dir='ltr'>Ἑκκλησίας</span> <span class='ocrx_word' id='word_1_277' title='bbox 1566 2514 1799 2569; x_wconf 73' lang='grc' dir='ltr'>εἰποῦσι.</span> <span class='ocrx_word' id='word_1_278' title='bbox 1858 2516 1921 2570; x_wconf 83' lang='lat' dir='ltr'>Et</span> <span class='ocrx_word' id='word_1_279' title='bbox 1979 2523 2039 2569; x_wconf 86' lang='lat' dir='ltr'>tu</span> 
     </span>
    </p>
   </div>
   <div class='ocr_carea' id='block_1_43' title="bbox 384 2605 2035 2677">
    <p class='ocr_par' dir='ltr' id='par_1_43' title="bbox 384 2605 2035 2677">
     <span class='ocr_line' id='line_1_43' title="bbox 384 2605 2035 2677; baseline -0.002 -16"><span class='ocrx_word' id='word_1_280' title='bbox 384 2607 624 2677; x_wconf 84' lang='lat' dir='ltr'>quidem,</span> <span class='ocrx_word' id='word_1_281' title='bbox 664 2609 723 2659; x_wconf 87' lang='lat' dir='ltr'>ut</span> <span class='ocrx_word' id='word_1_282' title='bbox 774 2607 880 2673; x_wconf 83' lang='lat' dir='ltr'>ais,</span> <span class='ocrx_word' id='word_1_283' title='bbox 914 2607 1120 2660; x_wconf 90' lang='lat' dir='ltr'>sanctis</span> <span class='ocrx_word' id='word_1_284' title='bbox 1168 2607 1280 2659; x_wconf 87' lang='lat' dir='ltr'>luis</span> <span class='ocrx_word' id='word_1_285' title='bbox 1328 2605 1591 2659; x_wconf 83' lang='lat' dir='ltr'>Patribus</span> <span class='ocrx_word' id='word_1_286' title='bbox 1627 2621 1692 2659; x_wconf 87' lang='lat' dir='ltr'>ac</span> <span class='ocrx_word' id='word_1_287' title='bbox 1719 2605 2035 2659; x_wconf 86' lang='lat' dir='ltr'>doctoribus</span> 
     </span>
    </p>
   </div>
   <div class='ocr_carea' id='block_1_44' title="bbox 390 2693 2035 2766">
    <p class='ocr_par' dir='ltr' id='par_1_44' title="bbox 390 2693 2035 2766">
     <span class='ocr_line' id='line_1_44' title="bbox 390 2693 2035 2766; baseline -0.001 -17"><span class='ocrx_word' id='word_1_288' title='bbox 390 2701 439 2750; x_wconf 87' lang='lat' dir='ltr'>te</span> <span class='ocrx_word' id='word_1_289' title='bbox 465 2695 796 2766; x_wconf 69' lang='lat' dir='ltr'>adjunxisti,</span> <span class='ocrx_word' id='word_1_290' title='bbox 849 2693 1038 2749; x_wconf 88' lang='lat' dir='ltr'>Photio</span> <span class='ocrx_word' id='word_1_291' title='bbox 1076 2694 1556 2749; x_wconf 82' lang='lat' dir='ltr'>schismaticorum</span> <span class='ocrx_word' id='word_1_292' title='bbox 1606 2696 1876 2765; x_wconf 83' lang='lat' dir='ltr'>principi,</span> <span class='ocrx_word' id='word_1_293' title='bbox 1928 2695 2035 2748; x_wconf 89' lang='lat' dir='ltr'>imo</span> 
     </span>
    </p>
   </div>
   <div class='ocr_carea' id='block_1_45' title="bbox 388 2781 2037 2853">
    <p class='ocr_par' dir='ltr' id='par_1_45' title="bbox 388 2781 2037 2853">
     <span class='ocr_line' id='line_1_45' title="bbox 388 2781 2037 2853; baseline -0.001 -14"><span class='ocrx_word' id='word_1_294' title='bbox 388 2799 515 2839; x_wconf 84' lang='lat' dir='ltr'>vero</span> <span class='ocrx_word' id='word_1_295' title='bbox 544 2784 776 2848; x_wconf 86' lang='lat' dir='ltr'>auctori,</span> <span class='ocrx_word' id='word_1_296' title='bbox 808 2790 861 2838; x_wconf 85' lang='lat' dir='ltr'>et</span> <span class='ocrx_word' id='word_1_297' title='bbox 892 2783 1080 2853; x_wconf 80' lang='lat' dir='ltr'>opiﬁci</span> <span class='ocrx_word' id='word_1_298' title='bbox 1102 2783 1441 2853; x_wconf 84' lang='lat' dir='ltr'>schismatis,</span> <span class='ocrx_word' id='word_1_299' title='bbox 1474 2792 1524 2838; x_wconf 88' lang='lat' dir='ltr'>et</span> <span class='ocrx_word' id='word_1_300' title='bbox 1556 2782 1778 2837; x_wconf 83' lang='lat' dir='ltr'>dissidii</span> <span class='ocrx_word' id='word_1_301' title='bbox 1812 2799 1824 2836; x_wconf 90' lang='lat'>:</span> <span class='ocrx_word' id='word_1_302' title='bbox 1863 2781 2037 2837; x_wconf 87' lang='lat' dir='ltr'>Caba-</span> 
     </span>
    </p>
   </div>
   <div class='ocr_carea' id='block_1_46' title="bbox 388 2871 2037 2943">
    <p class='ocr_par' dir='ltr' id='par_1_46' title="bbox 388 2871 2037 2943">
     <span class='ocr_line' id='line_1_46' title="bbox 388 2871 2037 2943; baseline -0.004 -14"><span class='ocrx_word' id='word_1_303' title='bbox 388 2874 531 2943; x_wconf 69' lang='lat' dir='ltr'>silae,</span> <span class='ocrx_word' id='word_1_304' title='bbox 567 2872 877 2942; x_wconf 83' lang='lat' dir='ltr'>Camatero,</span> <span class='ocrx_word' id='word_1_305' title='bbox 910 2871 1182 2937; x_wconf 86' lang='lat' dir='ltr'>Phurnio,</span> <span class='ocrx_word' id='word_1_306' title='bbox 1214 2872 1407 2938; x_wconf 86' lang='lat' dir='ltr'>Psello,</span> <span class='ocrx_word' id='word_1_307' title='bbox 1449 2871 1868 2935; x_wconf 81' lang='lat' dir='ltr'>Moschambari,</span> <span class='ocrx_word' id='word_1_308' title='bbox 1904 2871 2037 2925; x_wconf 85' lang='lat' dir='ltr'>Bul-</span> 
     </span>
    </p>
   </div>
   <div class='ocr_carea' id='block_1_47' title="bbox 387 2961 2040 3034">
    <p class='ocr_par' dir='ltr' id='par_1_47' title="bbox 387 2961 2040 3034">
     <span class='ocr_line' id='line_1_47' title="bbox 387 2961 2040 3034; baseline -0.002 -17"><span class='ocrx_word' id='word_1_309' title='bbox 387 2966 578 3034; x_wconf 58' lang='lat' dir='ltr'>garia,</span> <span class='ocrx_word' id='word_1_310' title='bbox 610 2962 831 3017; x_wconf 86' lang='lat' dir='ltr'>Nicolao</span> <span class='ocrx_word' id='word_1_311' title='bbox 863 2962 1226 3031; x_wconf 83' lang='lat' dir='ltr'>Methonensi,</span> <span class='ocrx_word' id='word_1_312' title='bbox 1261 2962 1549 3027; x_wconf 82' lang='lat' dir='ltr'>Panareto,</span> <span class='ocrx_word' id='word_1_313' title='bbox 1584 2964 1635 3015; x_wconf 85' lang='lat' dir='ltr'>et</span> <span class='ocrx_word' id='word_1_314' title='bbox 1682 2961 1898 3016; x_wconf 55' lang='lat' dir='ltr'>cmteris</span> <span class='ocrx_word' id='word_1_315' title='bbox 1942 2962 2040 3031; x_wconf 85' lang='lat' dir='ltr'>qui</span> 
     </span>
    </p>
   </div>
   <div class='ocr_carea' id='block_1_48' title="bbox 389 3051 2038 3124">
    <p class='ocr_par' dir='ltr' id='par_1_48' title="bbox 389 3051 2038 3124">
     <span class='ocr_line' id='line_1_48' title="bbox 389 3051 2038 3124; baseline -0.002 -17"><span class='ocrx_word' id='word_1_316' title='bbox 389 3062 510 3124; x_wconf 88' lang='lat' dir='ltr'>post</span> <span class='ocrx_word' id='word_1_317' title='bbox 537 3054 797 3120; x_wconf 86' lang='lat' dir='ltr'>schisma,</span> <span class='ocrx_word' id='word_1_318' title='bbox 828 3059 878 3107; x_wconf 91' lang='lat' dir='ltr'>et</span> <span class='ocrx_word' id='word_1_319' title='bbox 910 3051 1143 3105; x_wconf 87' lang='lat' dir='ltr'>multam</span> <span class='ocrx_word' id='word_1_320' title='bbox 1193 3052 1597 3106; x_wconf 79' lang='lat' dir='ltr'>contentionem</span> <span class='ocrx_word' id='word_1_321' title='bbox 1628 3051 1687 3104; x_wconf 88' lang='lat' dir='ltr'>in</span> <span class='ocrx_word' id='word_1_322' title='bbox 1737 3051 2038 3105; x_wconf 81' lang='lat' dir='ltr'>Romanam</span> 
     </span>
    </p>
   </div>
   <div class='ocr_carea' id='block_1_49' title="bbox 386 3137 2035 3205">
    <p class='ocr_par' dir='ltr' id='par_1_49' title="bbox 386 3137 2035 3205">
     <span class='ocr_line' id='line_1_49' title="bbox 386 3137 2035 3205; baseline -0.002 -8"><span class='ocrx_word' id='word_1_323' title='bbox 386 3143 591 3197; x_wconf 84' lang='lat' dir='ltr'>invecti</span> <span class='ocrx_word' id='word_1_324' title='bbox 610 3149 739 3196; x_wconf 85' lang='lat' dir='ltr'>sunt</span> <span class='ocrx_word' id='word_1_325' title='bbox 760 3141 1076 3195; x_wconf 84' lang='lat' dir='ltr'>Ecclesiam.</span> <span class='ocrx_word' id='word_1_326' title='bbox 1111 3140 1262 3195; x_wconf 86' lang='lat' dir='ltr'>Sane</span> <span class='ocrx_word' id='word_1_327' title='bbox 1286 3139 1494 3203; x_wconf 89' lang='lat' dir='ltr'>Pbotii,</span> <span class='ocrx_word' id='word_1_328' title='bbox 1528 3137 1833 3205; x_wconf 66' lang='lat' dir='ltr'>Cabasilaa,</span> <span class='ocrx_word' id='word_1_329' title='bbox 1866 3138 2035 3193; x_wconf 87' lang='lat' dir='ltr'>Pala-</span> 
     </span>
    </p>
   </div>
   <div class='ocr_carea' id='block_1_50' title="bbox 387 3227 2035 3299">
    <p class='ocr_par' dir='ltr' id='par_1_50' title="bbox 387 3227 2035 3299">
     <span class='ocr_line' id='line_1_50' title="bbox 387 3227 2035 3299; baseline -0.003 -13"><span class='ocrx_word' id='word_1_330' title='bbox 387 3249 517 3297; x_wconf 69' lang='lat' dir='ltr'>mae,</span> <span class='ocrx_word' id='word_1_331' title='bbox 543 3229 762 3286; x_wconf 80' lang='lat' dir='ltr'>Nicolai</span> <span class='ocrx_word' id='word_1_332' title='bbox 790 3229 1204 3293; x_wconf 84' lang='lat' dir='ltr'>Methonensis,</span> <span class='ocrx_word' id='word_1_333' title='bbox 1228 3230 1595 3299; x_wconf 87' lang='lat' dir='ltr'>aliorumque</span> <span class='ocrx_word' id='word_1_334' title='bbox 1618 3228 1675 3281; x_wconf 89' lang='lat' dir='ltr'>in</span> <span class='ocrx_word' id='word_1_335' title='bbox 1718 3227 2035 3282; x_wconf 85' lang='lat' dir='ltr'>Ecclesiam</span> 
     </span>
    </p>
   </div>
   <div class='ocr_carea' id='block_1_51' title="bbox 387 3316 2037 3388">
    <p class='ocr_par' dir='ltr' id='par_1_51' title="bbox 387 3316 2037 3388">
     <span class='ocr_line' id='line_1_51' title="bbox 387 3316 2037 3388; baseline -0.004 -12"><span class='ocrx_word' id='word_1_336' title='bbox 387 3322 651 3376; x_wconf 85' lang='lat' dir='ltr'>Latinam</span> <span class='ocrx_word' id='word_1_337' title='bbox 685 3319 1209 3374; x_wconf 87' lang='lat' dir='ltr'>commentationes</span> <span class='ocrx_word' id='word_1_338' title='bbox 1252 3318 1684 3388; x_wconf 81' lang='lat' dir='ltr'>nugacissimas</span> <span class='ocrx_word' id='word_1_339' title='bbox 1733 3333 1849 3371; x_wconf 91' lang='lat' dir='ltr'>non</span> <span class='ocrx_word' id='word_1_340' title='bbox 1910 3316 2037 3371; x_wconf 89' lang='lat' dir='ltr'>sine</span> 
     </span>
    </p>
   </div>
   <div class='ocr_carea' id='block_1_52' title="bbox 388 3405 2037 3478">
    <p class='ocr_par' dir='ltr' id='par_1_52' title="bbox 388 3405 2037 3478">
     <span class='ocr_line' id='line_1_52' title="bbox 388 3405 2037 3478; baseline -0.003 -14"><span class='ocrx_word' id='word_1_341' title='bbox 388 3410 560 3464; x_wconf 82' lang='lat' dir='ltr'>taedio</span> <span class='ocrx_word' id='word_1_342' title='bbox 593 3424 658 3464; x_wconf 86' lang='lat' dir='ltr'>ac</span> <span class='ocrx_word' id='word_1_343' title='bbox 690 3408 995 3463; x_wconf 79' lang='lat' dir='ltr'>stomacho</span> <span class='ocrx_word' id='word_1_344' title='bbox 1028 3406 1161 3478; x_wconf 83' lang='lat' dir='ltr'>legi.</span> <span class='ocrx_word' id='word_1_345' title='bbox 1196 3406 1371 3461; x_wconf 87' lang='lat' dir='ltr'>Pselli</span> <span class='ocrx_word' id='word_1_346' title='bbox 1394 3405 1650 3461; x_wconf 89' lang='lat' dir='ltr'>similem</span> <span class='ocrx_word' id='word_1_347' title='bbox 1688 3405 2037 3476; x_wconf 84' lang='lat' dir='ltr'>disputatio-</span> 
     </span>
    </p>
   </div>
   <div class='ocr_carea' id='block_1_53' title="bbox 388 3492 2040 3559">
    <p class='ocr_par' dir='ltr' id='par_1_53' title="bbox 388 3492 2040 3559">
     <span class='ocr_line' id='line_1_53' title="bbox 388 3492 2040 3559; baseline -0.003 -6"><span class='ocrx_word' id='word_1_348' title='bbox 388 3515 524 3553; x_wconf 89' lang='lat' dir='ltr'>nem</span> <span class='ocrx_word' id='word_1_349' title='bbox 558 3498 628 3552; x_wconf 87' lang='lat' dir='ltr'>ad</span> <span class='ocrx_word' id='word_1_350' title='bbox 663 3497 821 3551; x_wconf 88' lang='lat' dir='ltr'>hunc</span> <span class='ocrx_word' id='word_1_351' title='bbox 853 3496 1007 3551; x_wconf 81' lang='lat' dir='ltr'>diem</span> <span class='ocrx_word' id='word_1_352' title='bbox 1043 3512 1157 3550; x_wconf 89' lang='lat' dir='ltr'>non</span> <span class='ocrx_word' id='word_1_353' title='bbox 1190 3494 1425 3559; x_wconf 73' lang='lat' dir='ltr'>offendi,</span> <span class='ocrx_word' id='word_1_354' title='bbox 1452 3499 1509 3549; x_wconf 89' lang='lat' dir='ltr'>et</span> <span class='ocrx_word' id='word_1_355' title='bbox 1540 3495 1785 3549; x_wconf 84' lang='lat' dir='ltr'>fortasse</span> <span class='ocrx_word' id='word_1_356' title='bbox 1816 3510 1921 3548; x_wconf 87' lang='lat' dir='ltr'>nec</span> <span class='ocrx_word' id='word_1_357' title='bbox 1945 3492 2040 3548; x_wconf 90' lang='lat' dir='ltr'>ille</span> 
     </span>
    </p>
   </div>
   <div class='ocr_carea' id='block_1_54' title="bbox 391 3582 2044 3656">
    <p class='ocr_par' dir='ltr' id='par_1_54' title="bbox 391 3582 2044 3656">
     <span class='ocr_line' id='line_1_54' title="bbox 391 3582 2044 3656; baseline -0.003 -15"><span class='ocrx_word' id='word_1_358' title='bbox 391 3585 763 3656; x_wconf 88' lang='lat' dir='ltr'>conscripsit.</span> <span class='ocrx_word' id='word_1_359' title='bbox 796 3584 1214 3639; x_wconf 85' lang='lat' dir='ltr'>Verumtamen</span> <span class='ocrx_word' id='word_1_360' title='bbox 1270 3588 1360 3637; x_wconf 81' lang='lat' dir='ltr'>est</span> <span class='ocrx_word' id='word_1_361' title='bbox 1404 3582 1461 3637; x_wconf 89' lang='lat' dir='ltr'>in</span> <span class='ocrx_word' id='word_1_362' title='bbox 1520 3583 1874 3652; x_wconf 73' lang='lat' dir='ltr'>Expositione</span> <span class='ocrx_word' id='word_1_363' title='bbox 1910 3582 2044 3653; x_wconf 81' lang='lat' dir='ltr'>ﬁdei</span> 
     </span>
    </p>
   </div>
   <div class='ocr_carea' id='block_1_55' title="bbox 397 3670 2041 3741">
    <p class='ocr_par' dir='ltr' id='par_1_55' title="bbox 397 3670 2041 3741">
     <span class='ocr_line' id='line_1_55' title="bbox 397 3670 2041 3741; baseline -0.002 -12"><span class='ocrx_word' id='word_1_364' title='bbox 397 3675 467 3729; x_wconf 87' lang='lat' dir='ltr'>ad</span> <span class='ocrx_word' id='word_1_365' title='bbox 493 3672 836 3728; x_wconf 85' lang='lat' dir='ltr'>Michaelem</span> <span class='ocrx_word' id='word_1_366' title='bbox 860 3671 1103 3739; x_wconf 89' lang='lat' dir='ltr'>Ducam,</span> <span class='ocrx_word' id='word_1_367' title='bbox 1128 3672 1266 3725; x_wconf 92' lang='lat' dir='ltr'>dum</span> <span class='ocrx_word' id='word_1_368' title='bbox 1291 3670 1360 3724; x_wconf 92' lang='lat' dir='ltr'>de</span> <span class='ocrx_word' id='word_1_369' title='bbox 1394 3670 1765 3741; x_wconf 89' lang='lat' dir='ltr'>processione</span> <span class='ocrx_word' id='word_1_370' title='bbox 1787 3670 2041 3741; x_wconf 90' lang='lat' dir='ltr'>Spiritus</span> 
     </span>
    </p>
   </div>
   <div class='ocr_carea' id='block_1_56' title="bbox 400 3758 2042 3827">
    <p class='ocr_par' dir='ltr' id='par_1_56' title="bbox 400 3758 2042 3827">
     <span class='ocr_line' id='line_1_56' title="bbox 400 3758 2042 3827; baseline -0.002 -9"><span class='ocrx_word' id='word_1_371' title='bbox 400 3761 584 3818; x_wconf 86' lang='lat' dir='ltr'>sancti</span> <span class='ocrx_word' id='word_1_372' title='bbox 616 3761 793 3815; x_wconf 88' lang='lat' dir='ltr'>verba</span> <span class='ocrx_word' id='word_1_373' title='bbox 827 3760 983 3827; x_wconf 76' lang='lat' dir='ltr'>facit,</span> <span class='ocrx_word' id='word_1_374' title='bbox 1042 3775 1174 3815; x_wconf 90' lang='lat' dir='ltr'>eum</span> <span class='ocrx_word' id='word_1_375' title='bbox 1234 3759 1531 3813; x_wconf 74' lang='lat' dir='ltr'>affirmare</span> <span class='ocrx_word' id='word_1_376' title='bbox 1576 3774 1642 3813; x_wconf 90' lang='lat' dir='ltr'>ex</span> <span class='ocrx_word' id='word_1_377' title='bbox 1692 3758 1816 3813; x_wconf 91' lang='lat' dir='ltr'>solo</span> <span class='ocrx_word' id='word_1_378' title='bbox 1877 3759 2042 3814; x_wconf 89' lang='lat' dir='ltr'>Patre</span> 
     </span>
    </p>
   </div>
   <div class='ocr_carea' id='block_1_57' title="bbox 398 3846 2041 3924">
    <p class='ocr_par' dir='ltr' id='par_1_57' title="bbox 398 3846 2041 3924">
     <span class='ocr_line' id='line_1_57' title="bbox 398 3846 2041 3924; baseline -0.002 -18"><span class='ocrx_word' id='word_1_379' title='bbox 398 3850 731 3924; x_wconf 88' lang='lat' dir='ltr'>procedere,</span> <span class='ocrx_word' id='word_1_380' title='bbox 759 3864 874 3920; x_wconf 93' lang='lat' dir='ltr'>quo</span> <span class='ocrx_word' id='word_1_381' title='bbox 905 3847 991 3903; x_wconf 90' lang='lat' dir='ltr'>vel</span> <span class='ocrx_word' id='word_1_382' title='bbox 1025 3847 1146 3903; x_wconf 92' lang='lat' dir='ltr'>solo</span> <span class='ocrx_word' id='word_1_383' title='bbox 1178 3848 1417 3903; x_wconf 87' lang='lat' dir='ltr'>nomine</span> <span class='ocrx_word' id='word_1_384' title='bbox 1450 3846 1608 3902; x_wconf 90' lang='lat' dir='ltr'>illius</span> <span class='ocrx_word' id='word_1_385' title='bbox 1648 3848 1708 3903; x_wconf 88' lang='lat' dir='ltr'>in</span> <span class='ocrx_word' id='word_1_386' title='bbox 1756 3848 2041 3903; x_wconf 89' lang='lat' dir='ltr'>recentio-</span> 
     </span>
    </p>
   </div>
   <div class='ocr_carea' id='block_1_58' title="bbox 396 3936 2045 4009">
    <p class='ocr_par' dir='ltr' id='par_1_58' title="bbox 396 3936 2045 4009">
     <span class='ocr_line' id='line_1_58' title="bbox 396 3936 2045 4009; baseline -0.001 -14"><span class='ocrx_word' id='word_1_387' title='bbox 396 3956 526 3995; x_wconf 91' lang='lat' dir='ltr'>rum</span> <span class='ocrx_word' id='word_1_388' title='bbox 559 3938 889 3994; x_wconf 66' lang='lat' dir='ltr'>Grzecorum</span> <span class='ocrx_word' id='word_1_389' title='bbox 922 3936 1151 4008; x_wconf 89' lang='lat' dir='ltr'>placitis</span> <span class='ocrx_word' id='word_1_390' title='bbox 1185 3938 1608 4009; x_wconf 84' lang='lat' dir='ltr'>propugnantis</span> <span class='ocrx_word' id='word_1_391' title='bbox 1642 3936 2045 4007; x_wconf 87' lang='lat' dir='ltr'>pertinacia,et</span> 
     </span>
    </p>
   </div>
   <div class='ocr_carea' id='block_1_59' title="bbox 391 4029 2042 4101">
    <p class='ocr_par' dir='ltr' id='par_1_59' title="bbox 391 4029 2042 4101">
     <span class='ocr_line' id='line_1_59' title="bbox 391 4029 2042 4101; baseline 0 -16"><span class='ocrx_word' id='word_1_392' title='bbox 391 4032 463 4085; x_wconf 89' lang='lat' dir='ltr'>ad</span> <span class='ocrx_word' id='word_1_393' title='bbox 498 4030 888 4101; x_wconf 89' lang='lat' dir='ltr'>pervicaciora</span> <span class='ocrx_word' id='word_1_394' title='bbox 944 4045 1190 4100; x_wconf 62' lang='lat' dir='ltr'>quisque</span> <span class='ocrx_word' id='word_1_395' title='bbox 1248 4029 1608 4096; x_wconf 87' lang='lat' dir='ltr'>audendum,</span> <span class='ocrx_word' id='word_1_396' title='bbox 1642 4029 1689 4085; x_wconf 91' lang='lat' dir='ltr'>si</span> <span class='ocrx_word' id='word_1_397' title='bbox 1722 4030 1951 4085; x_wconf 89' lang='lat' dir='ltr'>occasio</span> <span class='ocrx_word' id='word_1_398' title='bbox 1980 4045 2042 4085; x_wconf 91' lang='lat' dir='ltr'>se</span> 
     </span>
    </p>
   </div>
   <div class='ocr_carea' id='block_1_60' title="bbox 388 4117 1279 4183">
    <p class='ocr_par' dir='ltr' id='par_1_60' title="bbox 388 4117 1279 4183">
     <span class='ocr_line' id='line_1_60' title="bbox 388 4117 1279 4183; baseline -0.002 -9"><span class='ocrx_word' id='word_1_399' title='bbox 388 4119 644 4183; x_wconf 88' lang='lat' dir='ltr'>tulisset,</span> <span class='ocrx_word' id='word_1_400' title='bbox 677 4118 914 4173; x_wconf 89' lang='lat' dir='ltr'>animus</span> <span class='ocrx_word' id='word_1_401' title='bbox 946 4117 1279 4173; x_wconf 90' lang='lat' dir='ltr'>innotescit.</span> 
     </span>
    </p>
   </div>
   <div class='ocr_carea' id='block_1_61' title="bbox 465 4207 2044 4276">
    <p class='ocr_par' dir='ltr' id='par_1_61' title="bbox 465 4207 2044 4276">
     <span class='ocr_line' id='line_1_61' title="bbox 465 4207 2044 4276; baseline 0 -13"><span class='ocrx_word' id='word_1_402' title='bbox 465 4207 667 4264; x_wconf 83' lang='lat' dir='ltr'>XXIX.</span> <span class='ocrx_word' id='word_1_403' title='bbox 700 4207 961 4262; x_wconf 84' lang='lat' dir='ltr'>Tandem</span> <span class='ocrx_word' id='word_1_404' title='bbox 987 4207 1106 4276; x_wconf 84' lang='lat' dir='ltr'>jam</span> <span class='ocrx_word' id='word_1_405' title='bbox 1135 4223 1310 4262; x_wconf 85' lang='lat' dir='ltr'>senex</span> <span class='ocrx_word' id='word_1_406' title='bbox 1357 4210 1723 4262; x_wconf 86' lang='lat' dir='ltr'>exauctorato</span> <span class='ocrx_word' id='word_1_407' title='bbox 1769 4207 2044 4263; x_wconf 84' lang='lat' dir='ltr'>Michaele</span> 
     </span>
    </p>
   </div>
   <div class='ocr_carea' id='block_1_62' title="bbox 398 4295 2044 4368">
    <p class='ocr_par' dir='ltr' id='par_1_62' title="bbox 398 4295 2044 4368">
     <span class='ocr_line' id='line_1_62' title="bbox 398 4295 2044 4368; baseline 0.001 -17"><span class='ocrx_word' id='word_1_408' title='bbox 398 4303 574 4363; x_wconf 88' lang='lat' dir='ltr'>Dnca,</span> <span class='ocrx_word' id='word_1_409' title='bbox 607 4296 731 4368; x_wconf 91' lang='lat' dir='ltr'>ipse</span> <span class='ocrx_word' id='word_1_410' title='bbox 759 4312 992 4368; x_wconf 88' lang='lat' dir='ltr'>quoque</span> <span class='ocrx_word' id='word_1_411' title='bbox 1024 4313 1057 4350; x_wconf 88' lang='lat' dir='ltr'>a</span> <span class='ocrx_word' id='word_1_412' title='bbox 1089 4296 1395 4351; x_wconf 79' lang='lat' dir='ltr'>Botaniata</span> <span class='ocrx_word' id='word_1_413' title='bbox 1426 4295 1753 4366; x_wconf 89' lang='lat' dir='ltr'>Nicephoro</span> <span class='ocrx_word' id='word_1_414' title='bbox 1784 4296 2044 4368; x_wconf 82' lang='lat' dir='ltr'>dignita-</span> 
     </span>
    </p>
   </div>
   <div class='ocr_carea' id='block_1_63' title="bbox 389 4383 2046 4455">
    <p class='ocr_par' dir='ltr' id='par_1_63' title="bbox 389 4383 2046 4455">
     <span class='ocr_line' id='line_1_63' title="bbox 389 4383 2046 4455; baseline 0.001 -16"><span class='ocrx_word' id='word_1_415' title='bbox 389 4386 554 4440; x_wconf 89' lang='lat' dir='ltr'>tibus</span> <span class='ocrx_word' id='word_1_416' title='bbox 584 4384 890 4455; x_wconf 86' lang='lat' dir='ltr'>spoliatus,</span> <span class='ocrx_word' id='word_1_417' title='bbox 916 4383 1273 4438; x_wconf 87' lang='lat' dir='ltr'>monachum</span> <span class='ocrx_word' id='word_1_418' title='bbox 1306 4384 1577 4454; x_wconf 86' lang='lat' dir='ltr'>induens,</span> <span class='ocrx_word' id='word_1_419' title='bbox 1603 4383 1794 4438; x_wconf 90' lang='lat' dir='ltr'>solum</span> <span class='ocrx_word' id='word_1_420' title='bbox 1824 4389 2046 4441; x_wconf 87' lang='lat' dir='ltr'>vertere</span> 
     </span>
    </p>
   </div>
   <div class='ocr_carea' id='block_1_64' title="bbox 395 4472 2043 4543">
    <p class='ocr_par' dir='ltr' id='par_1_64' title="bbox 395 4472 2043 4543">
     <span class='ocr_line' id='line_1_64' title="bbox 395 4472 2043 4543; baseline 0.001 -15"><span class='ocrx_word' id='word_1_421' title='bbox 395 4478 632 4529; x_wconf 89' lang='lat' dir='ltr'>coactus</span> <span class='ocrx_word' id='word_1_422' title='bbox 660 4478 788 4541; x_wconf 87' lang='lat' dir='ltr'>est;</span> <span class='ocrx_word' id='word_1_423' title='bbox 824 4489 928 4528; x_wconf 90' lang='lat' dir='ltr'>nec</span> <span class='ocrx_word' id='word_1_424' title='bbox 961 4473 1145 4527; x_wconf 89' lang='lat' dir='ltr'>multo</span> <span class='ocrx_word' id='word_1_425' title='bbox 1169 4476 1319 4543; x_wconf 88' lang='lat' dir='ltr'>post,</span> <span class='ocrx_word' id='word_1_426' title='bbox 1352 4472 1471 4528; x_wconf 88' lang='lat' dir='ltr'>sive</span> <span class='ocrx_word' id='word_1_427' title='bbox 1501 4472 1689 4542; x_wconf 91' lang='lat' dir='ltr'>senio,</span> <span class='ocrx_word' id='word_1_428' title='bbox 1715 4473 1836 4528; x_wconf 87' lang='lat' dir='ltr'>sive</span> <span class='ocrx_word' id='word_1_429' title='bbox 1865 4474 2043 4529; x_wconf 86' lang='lat' dir='ltr'>etiam</span> 
     </span>
    </p>
   </div>
   <div class='ocr_carea' id='block_1_65' title="bbox 2145 1896 3793 1969">
    <p class='ocr_par' dir='ltr' id='par_1_65' title="bbox 2145 1896 3793 1969">
     <span class='ocr_line' id='line_1_65' title="bbox 2145 1896 3793 1969; baseline 0.001 -20"><span class='ocrx_word' id='word_1_430' title='bbox 2145 1896 2307 1952; x_wconf 82' lang='lat' dir='ltr'>rebus</span> <span class='ocrx_word' id='word_1_431' title='bbox 2335 1896 2742 1953; x_wconf 86' lang='lat' dir='ltr'>mathematicis</span> <span class='ocrx_word' id='word_1_432' title='bbox 2782 1898 3089 1951; x_wconf 84' lang='lat' dir='ltr'>tractandis</span> <span class='ocrx_word' id='word_1_433' title='bbox 3118 1898 3459 1967; x_wconf 80' lang='lat' dir='ltr'>ingeniosus,</span> <span class='ocrx_word' id='word_1_434' title='bbox 3491 1912 3793 1969; x_wconf 84' lang='lat' dir='ltr'>eorumque</span> 
     </span>
    </p>
   </div>
   <div class='ocr_carea' id='block_1_66' title="bbox 2143 1982 3799 2054">
    <p class='ocr_par' dir='ltr' id='par_1_66' title="bbox 2143 1982 3799 2054">
     <span class='ocr_line' id='line_1_66' title="bbox 2143 1982 3799 2054; baseline -0.001 -16"><span class='ocrx_word' id='word_1_435' title='bbox 2143 1985 2569 2054; x_wconf 76' lang='lat' dir='ltr'>difﬁcultatibus</span> <span class='ocrx_word' id='word_1_436' title='bbox 2625 1984 2925 2041; x_wconf 83' lang='lat' dir='ltr'>enodandis</span> <span class='ocrx_word' id='word_1_437' title='bbox 2977 1987 3428 2041; x_wconf 88' lang='lat' dir='ltr'>consultissimus.</span> <span class='ocrx_word' id='word_1_438' title='bbox 3491 1982 3676 2047; x_wconf 87' lang='grc' dir='ltr'>Πολὺς</span> <span class='ocrx_word' id='word_1_439' title='bbox 3731 1983 3799 2038; x_wconf 70' lang='grc' dir='ltr'>τὰ</span> 
     </span>
    </p>
   </div>
   <div class='ocr_carea' id='block_1_67' title="bbox 2145 2072 3802 2147">
    <p class='ocr_par' dir='ltr' id='par_1_67' title="bbox 2145 2072 3802 2147">
     <span class='ocr_line' id='line_1_67' title="bbox 2145 2072 3802 2147; baseline 0.001 -21"><span class='ocrx_word' id='word_1_440' title='bbox 2145 2072 2360 2147; x_wconf 78' lang='grc' dir='ltr'>ἰατρικὰ</span> <span class='ocrx_word' id='word_1_441' title='bbox 2407 2073 2636 2130; x_wconf 89' lang='lat' dir='ltr'>Gabriel</span> <span class='ocrx_word' id='word_1_442' title='bbox 2691 2074 3004 2140; x_wconf 72' lang='lat' dir='ltr'>Naudaeus,</span> <span class='ocrx_word' id='word_1_443' title='bbox 3068 2075 3225 2130; x_wconf 85' lang='lat' dir='ltr'>rebus</span> <span class='ocrx_word' id='word_1_444' title='bbox 3280 2074 3506 2128; x_wconf 86' lang='lat' dir='ltr'>medicis</span> <span class='ocrx_word' id='word_1_445' title='bbox 3555 2074 3802 2127; x_wconf 85' lang='lat' dir='ltr'>nimium</span> 
     </span>
    </p>
   </div>
   <div class='ocr_carea' id='block_1_68' title="bbox 2143 2161 3803 2236">
    <p class='ocr_par' dir='ltr' id='par_1_68' title="bbox 2143 2161 3803 2236">
     <span class='ocr_line' id='line_1_68' title="bbox 2143 2161 3803 2236; baseline 0.001 -20"><span class='ocrx_word' id='word_1_446' title='bbox 2143 2165 2375 2236; x_wconf 85' lang='lat' dir='ltr'>pollens,</span> <span class='ocrx_word' id='word_1_447' title='bbox 2401 2161 2645 2217; x_wconf 87' lang='lat' dir='ltr'>multum</span> <span class='ocrx_word' id='word_1_448' title='bbox 2675 2167 2943 2229; x_wconf 86' lang='lat' dir='ltr'>versatus,</span> <span class='ocrx_word' id='word_1_449' title='bbox 2966 2180 3137 2232; x_wconf 87' lang='lat' dir='ltr'>supra</span> <span class='ocrx_word' id='word_1_450' title='bbox 3164 2163 3606 2235; x_wconf 83' lang='lat' dir='ltr'>plerosquealios</span> <span class='ocrx_word' id='word_1_451' title='bbox 3636 2179 3803 2218; x_wconf 73' lang='lat' dir='ltr'>exer-</span> 
     </span>
    </p>
   </div>
   <div class='ocr_carea' id='block_1_69' title="bbox 2143 2253 3792 2319">
    <p class='ocr_par' dir='ltr' id='par_1_69' title="bbox 2143 2253 3792 2319">
     <span class='ocr_line' id='line_1_69' title="bbox 2143 2253 3792 2319; baseline -0.001 -12"><span class='ocrx_word' id='word_1_452' title='bbox 2143 2256 2363 2317; x_wconf 87' lang='lat' dir='ltr'>citatus,</span> <span class='ocrx_word' id='word_1_453' title='bbox 2396 2254 2572 2306; x_wconf 88' lang='lat' dir='ltr'>nimio</span> <span class='ocrx_word' id='word_1_454' title='bbox 2604 2253 2716 2319; x_wconf 80' lang='lat' dir='ltr'>iam</span> <span class='ocrx_word' id='word_1_455' title='bbox 2739 2253 2976 2306; x_wconf 88' lang='lat' dir='ltr'>imbutus</span> <span class='ocrx_word' id='word_1_456' title='bbox 2998 2269 3102 2307; x_wconf 87' lang='lat' dir='ltr'>usu</span> <span class='ocrx_word' id='word_1_457' title='bbox 3142 2253 3446 2307; x_wconf 85' lang='lat' dir='ltr'>liberaliter</span> <span class='ocrx_word' id='word_1_458' title='bbox 3475 2254 3792 2307; x_wconf 84' lang='lat' dir='ltr'>institutus.</span> 
     </span>
    </p>
   </div>
   <div class='ocr_carea' id='block_1_70' title="bbox 2146 2337 3809 2408">
    <p class='ocr_par' dir='ltr' id='par_1_70' title="bbox 2146 2337 3809 2408">
     <span class='ocr_line' id='line_1_70' title="bbox 2146 2337 3809 2408; baseline 0.001 -15"><span class='ocrx_word' id='word_1_459' title='bbox 2146 2339 2326 2400; x_wconf 84' lang='grc' dir='ltr'>Πολὺς</span> <span class='ocrx_word' id='word_1_460' title='bbox 2381 2340 2479 2408; x_wconf 75' lang='grc' dir='ltr'>τὴν</span> <span class='ocrx_word' id='word_1_461' title='bbox 2530 2337 2775 2393; x_wconf 79' lang='grc' dir='ltr'>παιδείαν</span> <span class='ocrx_word' id='word_1_462' title='bbox 2842 2340 3117 2397; x_wconf 86' lang='lat' dir='ltr'>Nicolaus</span> <span class='ocrx_word' id='word_1_463' title='bbox 3182 2340 3460 2396; x_wconf 87' lang='lat' dir='ltr'>Villanus.</span> <span class='ocrx_word' id='word_1_464' title='bbox 3516 2342 3809 2396; x_wconf 61' lang='lat' dir='ltr'>Prwclara</span> 
     </span>
    </p>
   </div>
   <div class='ocr_carea' id='block_1_71' title="bbox 2144 2427 3807 2499">
    <p class='ocr_par' dir='ltr' id='par_1_71' title="bbox 2144 2427 3807 2499">
     <span class='ocr_line' id='line_1_71' title="bbox 2144 2427 3807 2499; baseline -0.002 -14"><span class='ocrx_word' id='word_1_465' title='bbox 2144 2431 2461 2485; x_wconf 84' lang='lat' dir='ltr'>eruditione</span> <span class='ocrx_word' id='word_1_466' title='bbox 2488 2432 2652 2499; x_wconf 88' lang='lat' dir='ltr'>atque</span> <span class='ocrx_word' id='word_1_467' title='bbox 2673 2427 2925 2485; x_wconf 87' lang='lat' dir='ltr'>doctrina</span> <span class='ocrx_word' id='word_1_468' title='bbox 2946 2432 3176 2483; x_wconf 84' lang='lat' dir='ltr'>ornatas</span> <span class='ocrx_word' id='word_1_469' title='bbox 3209 2444 3223 2482; x_wconf 87' lang='lat'><strong>:</strong></span> <span class='ocrx_word' id='word_1_470' title='bbox 3257 2428 3569 2483; x_wconf 87' lang='lat' dir='ltr'>eruditione</span> <span class='ocrx_word' id='word_1_471' title='bbox 3594 2432 3646 2483; x_wconf 86' lang='lat' dir='ltr'>et</span> <span class='ocrx_word' id='word_1_472' title='bbox 3696 2429 3807 2497; x_wconf 88' lang='lat' dir='ltr'>ﬂo-</span> 
     </span>
    </p>
   </div>
   <div class='ocr_carea' id='block_1_72' title="bbox 2145 2517 3806 2588">
    <p class='ocr_par' dir='ltr' id='par_1_72' title="bbox 2145 2517 3806 2588">
     <span class='ocr_line' id='line_1_72' title="bbox 2145 2517 3806 2588; baseline -0.001 -16"><span class='ocrx_word' id='word_1_473' title='bbox 2145 2518 2394 2574; x_wconf 85' lang='lat' dir='ltr'>rentibus</span> <span class='ocrx_word' id='word_1_474' title='bbox 2413 2517 2615 2573; x_wconf 81' lang='lat' dir='ltr'>studzis</span> <span class='ocrx_word' id='word_1_475' title='bbox 2637 2533 2922 2588; x_wconf 87' lang='lat' dir='ltr'>nunquam</span> <span class='ocrx_word' id='word_1_476' title='bbox 2936 2532 3042 2572; x_wconf 89' lang='lat' dir='ltr'>non</span> <span class='ocrx_word' id='word_1_477' title='bbox 3056 2518 3191 2571; x_wconf 84' lang='lat' dir='ltr'>satis</span> <span class='ocrx_word' id='word_1_478' title='bbox 3209 2518 3529 2581; x_wconf 87' lang='lat' dir='ltr'>instructus,</span> <span class='ocrx_word' id='word_1_479' title='bbox 3544 2533 3708 2587; x_wconf 84' lang='lat' dir='ltr'>magn</span> <span class='ocrx_word' id='word_1_480' title='bbox 3719 2532 3806 2570; x_wconf 85' lang='lat' dir='ltr'>us.</span> 
     </span>
    </p>
   </div>
   <div class='ocr_carea' id='block_1_73' title="bbox 2148 2604 3806 2677">
    <p class='ocr_par' dir='ltr' id='par_1_73' title="bbox 2148 2604 3806 2677">
     <span class='ocr_line' id='line_1_73' title="bbox 2148 2604 3806 2677; baseline -0.001 -15"><span class='ocrx_word' id='word_1_481' title='bbox 2148 2606 2329 2667; x_wconf 86' lang='grc' dir='ltr'>Ηολὺς</span> <span class='ocrx_word' id='word_1_482' title='bbox 2350 2606 2446 2674; x_wconf 72' lang='grc' dir='ltr'>τὴν</span> <span class='ocrx_word' id='word_1_483' title='bbox 2489 2604 2824 2677; x_wconf 78' lang='grc' dir='ltr'>ἐπιστήμην.</span> <span class='ocrx_word' id='word_1_484' title='bbox 2850 2607 3105 2662; x_wconf 83' lang='lat' dir='ltr'>Renatus</span> <span class='ocrx_word' id='word_1_485' title='bbox 3127 2606 3382 2672; x_wconf 83' lang='lat' dir='ltr'>Moreau,</span> <span class='ocrx_word' id='word_1_486' title='bbox 3413 2607 3471 2660; x_wconf 76' lang='lat' dir='ltr'>in.</span> <span class='ocrx_word' id='word_1_487' title='bbox 3501 2607 3806 2674; x_wconf 80' lang='lat' dir='ltr'>perfectis-</span> 
     </span>
    </p>
   </div>
   <div class='ocr_carea' id='block_1_74' title="bbox 2147 2694 3802 2767">
    <p class='ocr_par' dir='ltr' id='par_1_74' title="bbox 2147 2694 3802 2767">
     <span class='ocr_line' id='line_1_74' title="bbox 2147 2694 3802 2767; baseline -0.002 -14"><span class='ocrx_word' id='word_1_488' title='bbox 2147 2700 2293 2753; x_wconf 87' lang='lat' dir='ltr'>sima</span> <span class='ocrx_word' id='word_1_489' title='bbox 2323 2696 2620 2767; x_wconf 87' lang='lat' dir='ltr'>disciplina</span> <span class='ocrx_word' id='word_1_490' title='bbox 2635 2696 3082 2767; x_wconf 88' lang='lat' dir='ltr'>probatissimus,</span> <span class='ocrx_word' id='word_1_491' title='bbox 3119 2699 3169 2750; x_wconf 89' lang='lat' dir='ltr'>et</span> <span class='ocrx_word' id='word_1_492' title='bbox 3210 2694 3528 2750; x_wconf 84' lang='lat' dir='ltr'>incredibili</span> <span class='ocrx_word' id='word_1_493' title='bbox 3556 2695 3802 2766; x_wconf 83' lang='lat' dir='ltr'>quadam</span> 
     </span>
    </p>
   </div>
   <div class='ocr_carea' id='block_1_75' title="bbox 2148 2784 3813 2856">
    <p class='ocr_par' dir='ltr' id='par_1_75' title="bbox 2148 2784 3813 2856">
     <span class='ocr_line' id='line_1_75' title="bbox 2148 2784 3813 2856; baseline -0.002 -14"><span class='ocrx_word' id='word_1_494' title='bbox 2148 2788 2365 2856; x_wconf 83' lang='lat' dir='ltr'>ingenii</span> <span class='ocrx_word' id='word_1_495' title='bbox 2416 2784 2798 2856; x_wconf 87' lang='lat' dir='ltr'>magnitudine</span> <span class='ocrx_word' id='word_1_496' title='bbox 2842 2784 2911 2839; x_wconf 90' lang='lat' dir='ltr'>ad</span> <span class='ocrx_word' id='word_1_497' title='bbox 2943 2801 3293 2856; x_wconf 85' lang='lat' dir='ltr'>quascunque</span> <span class='ocrx_word' id='word_1_498' title='bbox 3350 2784 3675 2856; x_wconf 82' lang='lat' dir='ltr'>disciplinas</span> <span class='ocrx_word' id='word_1_499' title='bbox 3726 2788 3813 2841; x_wconf 87' lang='lat' dir='ltr'>in-</span> 
     </span>
    </p>
   </div>
   <div class='ocr_carea' id='block_1_76' title="bbox 2147 2870 3809 2945">
    <p class='ocr_par' dir='ltr' id='par_1_76' title="bbox 2147 2870 3809 2945">
     <span class='ocr_line' id='line_1_76' title="bbox 2147 2870 3809 2945; baseline -0.001 -14"><span class='ocrx_word' id='word_1_500' title='bbox 2147 2878 2545 2931; x_wconf 84' lang='lat' dir='ltr'>sruclissimus.</span> <span class='ocrx_word' id='word_1_501' title='bbox 2576 2870 2758 2933; x_wconf 80' lang='grc' dir='ltr'>ΙΙολύς</span> <span class='ocrx_word' id='word_1_502' title='bbox 2798 2874 2895 2941; x_wconf 75' lang='grc' dir='ltr'>τὴν</span> <span class='ocrx_word' id='word_1_503' title='bbox 2947 2870 3186 2945; x_wconf 73' lang='grc' dir='ltr'>ἱστορίαν</span> <span class='ocrx_word' id='word_1_504' title='bbox 3218 2872 3470 2928; x_wconf 87' lang='lat' dir='ltr'>Jacobus</span> <span class='ocrx_word' id='word_1_505' title='bbox 3493 2872 3809 2945; x_wconf 88' lang='lat' dir='ltr'>Philippus</span> 
     </span>
    </p>
   </div>
   <div class='ocr_carea' id='block_1_77' title="bbox 2148 2961 3814 3031">
    <p class='ocr_par' dir='ltr' id='par_1_77' title="bbox 2148 2961 3814 3031">
     <span class='ocr_line' id='line_1_77' title="bbox 2148 2961 3814 3031; baseline -0.002 -12"><span class='ocrx_word' id='word_1_506' title='bbox 2148 2964 2564 3031; x_wconf 88' lang='lat' dir='ltr'>Thomasinus,</span> <span class='ocrx_word' id='word_1_507' title='bbox 2597 2962 2673 3017; x_wconf 84' lang='lat' dir='ltr'>ad</span> <span class='ocrx_word' id='word_1_508' title='bbox 2702 2961 3020 3018; x_wconf 82' lang='lat' dir='ltr'>scribendas</span> <span class='ocrx_word' id='word_1_509' title='bbox 3073 2962 3342 3017; x_wconf 84' lang='lat' dir='ltr'>historias</span> <span class='ocrx_word' id='word_1_510' title='bbox 3383 2964 3632 3017; x_wconf 77' lang='lat' dir='ltr'>maxime</span> <span class='ocrx_word' id='word_1_511' title='bbox 3678 2964 3814 3017; x_wconf 87' lang='lat' dir='ltr'>illu-</span> 
     </span>
    </p>
   </div>
   <div class='ocr_carea' id='block_1_78' title="bbox 2148 3050 3813 3122">
    <p class='ocr_par' dir='ltr' id='par_1_78' title="bbox 2148 3050 3813 3122">
     <span class='ocr_line' id='line_1_78' title="bbox 2148 3050 3813 3122; baseline -0.001 -15"><span class='ocrx_word' id='word_1_512' title='bbox 2148 3055 2279 3109; x_wconf 84' lang='lat' dir='ltr'>stris</span> <span class='ocrx_word' id='word_1_513' title='bbox 2313 3069 2326 3108; x_wconf 90' lang='lat'>:</span> <span class='ocrx_word' id='word_1_514' title='bbox 2354 3055 2416 3106; x_wconf 88' lang='lat' dir='ltr'>in</span> <span class='ocrx_word' id='word_1_515' title='bbox 2448 3051 2794 3107; x_wconf 86' lang='lat' dir='ltr'>illustranda</span> <span class='ocrx_word' id='word_1_516' title='bbox 2822 3054 3166 3122; x_wconf 87' lang='lat' dir='ltr'>antiquitate</span> <span class='ocrx_word' id='word_1_517' title='bbox 3203 3050 3381 3107; x_wconf 84' lang='lat' dir='ltr'>sedulo</span> <span class='ocrx_word' id='word_1_518' title='bbox 3402 3051 3586 3107; x_wconf 87' lang='lat' dir='ltr'>studio</span> <span class='ocrx_word' id='word_1_519' title='bbox 3605 3054 3813 3122; x_wconf 87' lang='lat' dir='ltr'>appri-</span> 
     </span>
    </p>
   </div>
   <div class='ocr_carea' id='block_1_79' title="bbox 2149 3138 3814 3210">
    <p class='ocr_par' dir='ltr' id='par_1_79' title="bbox 2149 3138 3814 3210">
     <span class='ocr_line' id='line_1_79' title="bbox 2149 3138 3814 3210; baseline -0.001 -13"><span class='ocrx_word' id='word_1_520' title='bbox 2149 3159 2233 3197; x_wconf 89' lang='lat' dir='ltr'>me</span> <span class='ocrx_word' id='word_1_521' title='bbox 2264 3143 2473 3205; x_wconf 87' lang='lat' dir='ltr'>clarus,</span> <span class='ocrx_word' id='word_1_522' title='bbox 2505 3142 2829 3210; x_wconf 85' lang='lat' dir='ltr'>singularis.</span> <span class='ocrx_word' id='word_1_523' title='bbox 2862 3138 3042 3200; x_wconf 80' lang='grc' dir='ltr'>Πολὺς</span> <span class='ocrx_word' id='word_1_524' title='bbox 3062 3138 3152 3193; x_wconf 85' lang='grc' dir='ltr'>τὸν</span> <span class='ocrx_word' id='word_1_525' title='bbox 3176 3143 3301 3192; x_wconf 75' lang='grc' dir='ltr'>νοῦν</span> <span class='ocrx_word' id='word_1_526' title='bbox 3326 3140 3584 3195; x_wconf 87' lang='lat' dir='ltr'>Joannes</span> <span class='ocrx_word' id='word_1_527' title='bbox 3616 3140 3814 3196; x_wconf 87' lang='lat' dir='ltr'>Bour-</span> 
     </span>
    </p>
   </div>
   <div class='ocr_carea' id='block_1_80' title="bbox 2152 3230 3813 3301">
    <p class='ocr_par' dir='ltr' id='par_1_80' title="bbox 2152 3230 3813 3301">
     <span class='ocr_line' id='line_1_80' title="bbox 2152 3230 3813 3301; baseline -0.001 -14"><span class='ocrx_word' id='word_1_528' title='bbox 2152 3232 2426 3287; x_wconf 88' lang='lat' dir='ltr'>delotius.</span> <span class='ocrx_word' id='word_1_529' title='bbox 2464 3231 2629 3286; x_wconf 83' lang='lat' dir='ltr'>Plena</span> <span class='ocrx_word' id='word_1_530' title='bbox 2657 3234 2880 3301; x_wconf 85' lang='lat' dir='ltr'>pectore</span> <span class='ocrx_word' id='word_1_531' title='bbox 2903 3232 3128 3301; x_wconf 85' lang='lat' dir='ltr'>sapiens</span> <span class='ocrx_word' id='word_1_532' title='bbox 3157 3248 3176 3284; x_wconf 88' lang='lat'><em>:</em></span> <span class='ocrx_word' id='word_1_533' title='bbox 3207 3230 3484 3301; x_wconf 87' lang='lat' dir='ltr'>sapientia</span> <span class='ocrx_word' id='word_1_534' title='bbox 3513 3232 3813 3286; x_wconf 83' lang='lat' dir='ltr'>munitam</span> 
     </span>
    </p>
   </div>
   <div class='ocr_carea' id='block_1_81' title="bbox 2147 3319 3813 3390">
    <p class='ocr_par' dir='ltr' id='par_1_81' title="bbox 2147 3319 3813 3390">
     <span class='ocr_line' id='line_1_81' title="bbox 2147 3319 3813 3390; baseline -0.001 -15"><span class='ocrx_word' id='word_1_535' title='bbox 2147 3325 2385 3375; x_wconf 88' lang='lat' dir='ltr'>mentem</span> <span class='ocrx_word' id='word_1_536' title='bbox 2405 3319 2623 3388; x_wconf 86' lang='lat' dir='ltr'>egregie</span> <span class='ocrx_word' id='word_1_537' title='bbox 2643 3334 2868 3387; x_wconf 79' lang='lat' dir='ltr'>gerens;</span> <span class='ocrx_word' id='word_1_538' title='bbox 2903 3320 3245 3374; x_wconf 85' lang='lat' dir='ltr'>considerate</span> <span class='ocrx_word' id='word_1_539' title='bbox 3273 3320 3461 3373; x_wconf 87' lang='lat' dir='ltr'>omnia</span> <span class='ocrx_word' id='word_1_540' title='bbox 3490 3319 3813 3390; x_wconf 82' lang='lat' dir='ltr'>perﬁciens.</span> 
     </span>
    </p>
   </div>
   <div class='ocr_carea' id='block_1_82' title="bbox 2150 3406 3817 3478">
    <p class='ocr_par' dir='ltr' id='par_1_82' title="bbox 2150 3406 3817 3478">
     <span class='ocr_line' id='line_1_82' title="bbox 2150 3406 3817 3478; baseline 0.001 -16"><span class='ocrx_word' id='word_1_541' title='bbox 2150 3406 2333 3469; x_wconf 82' lang='grc' dir='ltr'>Πολὺς</span> <span class='ocrx_word' id='word_1_542' title='bbox 2379 3408 2477 3475; x_wconf 79' lang='grc' dir='ltr'>τήν</span> <span class='ocrx_word' id='word_1_543' title='bbox 2529 3406 2750 3476; x_wconf 76' lang='grc' dir='ltr'>ποίησιν</span> <span class='ocrx_word' id='word_1_544' title='bbox 2800 3408 3057 3464; x_wconf 88' lang='lat' dir='ltr'>Joannes</span> <span class='ocrx_word' id='word_1_545' title='bbox 3124 3407 3408 3477; x_wconf 80' lang='lat' dir='ltr'>Rhodius,</span> <span class='ocrx_word' id='word_1_546' title='bbox 3460 3408 3517 3462; x_wconf 89' lang='lat' dir='ltr'>in</span> <span class='ocrx_word' id='word_1_547' title='bbox 3573 3410 3817 3478; x_wconf 85' lang='lat' dir='ltr'>poeticis</span> 
     </span>
    </p>
   </div>
   <div class='ocr_carea' id='block_1_83' title="bbox 2148 3496 3817 3568">
    <p class='ocr_par' dir='ltr' id='par_1_83' title="bbox 2148 3496 3817 3568">
     <span class='ocr_line' id='line_1_83' title="bbox 2148 3496 3817 3568; baseline 0.001 -17"><span class='ocrx_word' id='word_1_548' title='bbox 2148 3499 2353 3553; x_wconf 85' lang='lat' dir='ltr'>studiis</span> <span class='ocrx_word' id='word_1_549' title='bbox 2380 3498 2615 3567; x_wconf 84' lang='lat' dir='ltr'>miriﬁce</span> <span class='ocrx_word' id='word_1_550' title='bbox 2655 3502 2923 3559; x_wconf 85' lang='lat' dir='ltr'>versatus;</span> <span class='ocrx_word' id='word_1_551' title='bbox 2953 3497 3278 3552; x_wconf 88' lang='lat' dir='ltr'>admirabili</span> <span class='ocrx_word' id='word_1_552' title='bbox 3312 3497 3545 3568; x_wconf 88' lang='lat' dir='ltr'>quodam</span> <span class='ocrx_word' id='word_1_553' title='bbox 3577 3496 3646 3550; x_wconf 89' lang='lat' dir='ltr'>ad</span> <span class='ocrx_word' id='word_1_554' title='bbox 3674 3513 3817 3568; x_wconf 87' lang='lat' dir='ltr'>poe-</span> 
     </span>
    </p>
   </div>
   <div class='ocr_carea' id='block_1_84' title="bbox 2148 3586 3820 3657">
    <p class='ocr_par' dir='ltr' id='par_1_84' title="bbox 2148 3586 3820 3657">
     <span class='ocr_line' id='line_1_84' title="bbox 2148 3586 3820 3657; baseline 0 -16"><span class='ocrx_word' id='word_1_555' title='bbox 2148 3589 2255 3642; x_wconf 89' lang='lat' dir='ltr'>sim</span> <span class='ocrx_word' id='word_1_556' title='bbox 2282 3586 2461 3642; x_wconf 85' lang='lat' dir='ltr'>studio</span> <span class='ocrx_word' id='word_1_557' title='bbox 2508 3587 2839 3655; x_wconf 82' lang='lat' dir='ltr'>concitatus,</span> <span class='ocrx_word' id='word_1_558' title='bbox 2875 3587 3331 3657; x_wconf 60' lang='lat' dir='ltr'>prxstantissime</span> <span class='ocrx_word' id='word_1_559' title='bbox 3378 3602 3503 3640; x_wconf 78' lang='lat' dir='ltr'>cum</span> <span class='ocrx_word' id='word_1_560' title='bbox 3548 3587 3820 3641; x_wconf 82' lang='lat' dir='ltr'>omnibus</span> 
     </span>
    </p>
   </div>
   <div class='ocr_carea' id='block_1_85' title="bbox 2151 3671 3815 3748">
    <p class='ocr_par' dir='ltr' id='par_1_85' title="bbox 2151 3671 3815 3748">
     <span class='ocr_line' id='line_1_85' title="bbox 2151 3671 3815 3748; baseline -0.004 -17"><span class='ocrx_word' id='word_1_561' title='bbox 2151 3678 2311 3731; x_wconf 79' lang='lat' dir='ltr'>Musis</span> <span class='ocrx_word' id='word_1_562' title='bbox 2340 3675 2619 3731; x_wconf 85' lang='lat' dir='ltr'>rationem</span> <span class='ocrx_word' id='word_1_563' title='bbox 2669 3675 2878 3730; x_wconf 84' lang='lat' dir='ltr'>habuit.</span> <span class='ocrx_word' id='word_1_564' title='bbox 2914 3671 3095 3737; x_wconf 82' lang='grc' dir='ltr'>Πολὺς</span> <span class='ocrx_word' id='word_1_565' title='bbox 3149 3674 3249 3741; x_wconf 70' lang='grc' dir='ltr'>τὴν</span> <span class='ocrx_word' id='word_1_566' title='bbox 3300 3671 3517 3748; x_wconf 73' lang='grc' dir='ltr'>ἀρετήν,</span> <span class='ocrx_word' id='word_1_567' title='bbox 3560 3672 3650 3726; x_wconf 80' lang='grc' dir='ltr'>καὶ</span> <span class='ocrx_word' id='word_1_568' title='bbox 3702 3674 3815 3741; x_wconf 72' lang='grc' dir='ltr'>τὴν</span> 
     </span>
    </p>
   </div>
   <div class='ocr_carea' id='block_1_86' title="bbox 2152 3763 3821 3838">
    <p class='ocr_par' dir='ltr' id='par_1_86' title="bbox 2152 3763 3821 3838">
     <span class='ocr_line' id='line_1_86' title="bbox 2152 3763 3821 3838; baseline 0.001 -21"><span class='ocrx_word' id='word_1_569' title='bbox 2152 3764 2437 3838; x_wconf 77' lang='grc' dir='ltr'>φρόνησιν.</span> <span class='ocrx_word' id='word_1_570' title='bbox 2473 3763 2809 3820; x_wconf 88' lang='lat' dir='ltr'>Dominicus</span> <span class='ocrx_word' id='word_1_571' title='bbox 2843 3764 3119 3832; x_wconf 89' lang='lat' dir='ltr'>Molinus,</span> <span class='ocrx_word' id='word_1_572' title='bbox 3150 3765 3355 3819; x_wconf 82' lang='lat' dir='ltr'>virtute</span> <span class='ocrx_word' id='word_1_573' title='bbox 3385 3766 3501 3835; x_wconf 87' lang='lat' dir='ltr'>ipsa</span> <span class='ocrx_word' id='word_1_574' title='bbox 3531 3763 3821 3820; x_wconf 78' lang='lat' dir='ltr'>excellen-</span> 
     </span>
    </p>
   </div>
   <div class='ocr_carea' id='block_1_87' title="bbox 2151 3851 3822 3908">
    <p class='ocr_par' dir='ltr' id='par_1_87' title="bbox 2151 3851 3822 3908">
     <span class='ocr_line' id='line_1_87' title="bbox 2151 3851 3822 3908; baseline 0 0"><span class='ocrx_word' id='word_1_575' title='bbox 2151 3855 2395 3908; x_wconf 86' lang='lat' dir='ltr'>tissimus</span> <span class='ocrx_word' id='word_1_576' title='bbox 2442 3855 2525 3907; x_wconf 83' lang='lat' dir='ltr'>An</span> <span class='ocrx_word' id='word_1_577' title='bbox 2578 3869 2691 3908; x_wconf 93' lang='lat' dir='ltr'>non</span> <span class='ocrx_word' id='word_1_578' title='bbox 2720 3852 3165 3907; x_wconf 88' lang='lat' dir='ltr'>Ciceronianum</span> <span class='ocrx_word' id='word_1_579' title='bbox 3199 3852 3346 3906; x_wconf 81' lang='lat' dir='ltr'>illud</span> <span class='ocrx_word' id='word_1_580' title='bbox 3398 3851 3612 3907; x_wconf 80' lang='lat' dir='ltr'>infert?</span> <span class='ocrx_word' id='word_1_581' title='bbox 3662 3853 3822 3908; x_wconf 88' lang='lat' dir='ltr'>Talis</span> 
     </span>
    </p>
   </div>
   <div class='ocr_carea' id='block_1_88' title="bbox 2152 3941 3821 4012">
    <p class='ocr_par' dir='ltr' id='par_1_88' title="bbox 2152 3941 3821 4012">
     <span class='ocr_line' id='line_1_88' title="bbox 2152 3941 3821 4012; baseline 0 -15"><span class='ocrx_word' id='word_1_582' title='bbox 2152 3951 2229 3998; x_wconf 88' lang='lat' dir='ltr'>est</span> <span class='ocrx_word' id='word_1_583' title='bbox 2262 3944 2364 4009; x_wconf 86' lang='lat' dir='ltr'>vir,</span> <span class='ocrx_word' id='word_1_584' title='bbox 2398 3951 2457 3997; x_wconf 85' lang='lat' dir='ltr'>ut</span> <span class='ocrx_word' id='word_1_585' title='bbox 2486 3943 2644 3997; x_wconf 88' lang='lat' dir='ltr'>nulla</span> <span class='ocrx_word' id='word_1_586' title='bbox 2676 3957 2764 3997; x_wconf 87' lang='lat' dir='ltr'>res</span> <span class='ocrx_word' id='word_1_587' title='bbox 2793 3946 2946 3997; x_wconf 86' lang='lat' dir='ltr'>tanta</span> <span class='ocrx_word' id='word_1_588' title='bbox 2973 3943 3069 4012; x_wconf 88' lang='lat' dir='ltr'>sit,</span> <span class='ocrx_word' id='word_1_589' title='bbox 3096 3958 3167 3997; x_wconf 89' lang='lat' dir='ltr'>ac</span> <span class='ocrx_word' id='word_1_590' title='bbox 3194 3947 3309 3996; x_wconf 86' lang='lat' dir='ltr'>tam</span> <span class='ocrx_word' id='word_1_591' title='bbox 3337 3941 3606 4011; x_wconf 76' lang='lat' dir='ltr'>difﬁcilis,</span> <span class='ocrx_word' id='word_1_592' title='bbox 3640 3958 3821 4012; x_wconf 86' lang='lat' dir='ltr'>quam</span> 
     </span>
    </p>
   </div>
   <div class='ocr_carea' id='block_1_89' title="bbox 2152 4031 3823 4102">
    <p class='ocr_par' dir='ltr' id='par_1_89' title="bbox 2152 4031 3823 4102">
     <span class='ocr_line' id='line_1_89' title="bbox 2152 4031 3823 4102; baseline -0.001 -16"><span class='ocrx_word' id='word_1_593' title='bbox 2152 4032 2248 4086; x_wconf 86' lang='lat' dir='ltr'>ille</span> <span class='ocrx_word' id='word_1_594' title='bbox 2281 4047 2391 4087; x_wconf 87' lang='lat' dir='ltr'>non</span> <span class='ocrx_word' id='word_1_595' title='bbox 2446 4040 2495 4087; x_wconf 86' lang='lat' dir='ltr'>et</span> <span class='ocrx_word' id='word_1_596' title='bbox 2545 4031 2776 4086; x_wconf 88' lang='lat' dir='ltr'>consilio</span> <span class='ocrx_word' id='word_1_597' title='bbox 2821 4047 3025 4102; x_wconf 88' lang='lat' dir='ltr'>regere,</span> <span class='ocrx_word' id='word_1_598' title='bbox 3075 4035 3129 4085; x_wconf 86' lang='lat' dir='ltr'>et</span> <span class='ocrx_word' id='word_1_599' title='bbox 3182 4031 3504 4101; x_wconf 85' lang='lat' dir='ltr'>integritate</span> <span class='ocrx_word' id='word_1_600' title='bbox 3550 4032 3729 4099; x_wconf 87' lang='lat' dir='ltr'>tueri,</span> <span class='ocrx_word' id='word_1_601' title='bbox 3764 4035 3823 4085; x_wconf 83' lang='lat' dir='ltr'>et</span> 
     </span>
    </p>
   </div>
   <div class='ocr_carea' id='block_1_90' title="bbox 2153 4118 3816 4191">
    <p class='ocr_par' dir='ltr' id='par_1_90' title="bbox 2153 4118 3816 4191">
     <span class='ocr_line' id='line_1_90' title="bbox 2153 4118 3816 4191; baseline 0 -16"><span class='ocrx_word' id='word_1_602' title='bbox 2153 4124 2352 4177; x_wconf 85' lang='lat' dir='ltr'>virtute</span> <span class='ocrx_word' id='word_1_603' title='bbox 2379 4121 2645 4190; x_wconf 66' lang='lat' dir='ltr'>conﬁcere</span> <span class='ocrx_word' id='word_1_604' title='bbox 2682 4124 2898 4191; x_wconf 83' lang='lat' dir='ltr'>possit:</span> <span class='ocrx_word' id='word_1_605' title='bbox 2931 4125 2987 4175; x_wconf 91' lang='lat' dir='ltr'>et</span> <span class='ocrx_word' id='word_1_606' title='bbox 3035 4119 3252 4176; x_wconf 89' lang='lat' dir='ltr'>similia</span> <span class='ocrx_word' id='word_1_607' title='bbox 3276 4158 3287 4171; x_wconf 93' lang='lat'>.</span> <span class='ocrx_word' id='word_1_608' title='bbox 3310 4118 3400 4173; x_wconf 91' lang='lat' dir='ltr'>Sic</span> <span class='ocrx_word' id='word_1_609' title='bbox 3449 4118 3680 4174; x_wconf 87' lang='lat' dir='ltr'>Psellus</span> <span class='ocrx_word' id='word_1_610' title='bbox 3713 4120 3816 4175; x_wconf 74' lang='lat' dir='ltr'>di~</span> 
     </span>
    </p>
   </div>
   <div class='ocr_carea' id='block_1_91' title="bbox 2153 4205 3824 4282">
    <p class='ocr_par' dir='ltr' id='par_1_91' title="bbox 2153 4205 3824 4282">
     <span class='ocr_line' id='line_1_91' title="bbox 2153 4205 3824 4282; baseline 0 -17"><span class='ocrx_word' id='word_1_611' title='bbox 2153 4216 2283 4266; x_wconf 91' lang='lat' dir='ltr'>ctus</span> <span class='ocrx_word' id='word_1_612' title='bbox 2310 4214 2418 4279; x_wconf 89' lang='lat' dir='ltr'>est,</span> <span class='ocrx_word' id='word_1_613' title='bbox 2451 4205 2626 4270; x_wconf 86' lang='grc' dir='ltr'>πολὺς</span> <span class='ocrx_word' id='word_1_614' title='bbox 2657 4210 2758 4277; x_wconf 70' lang='grc' dir='ltr'>τὴν</span> <span class='ocrx_word' id='word_1_615' title='bbox 2785 4206 3055 4282; x_wconf 80' lang='grc' dir='ltr'>γλῶτταν,</span> <span class='ocrx_word' id='word_1_616' title='bbox 3092 4209 3261 4281; x_wconf 89' lang='lat' dir='ltr'>quasi</span> <span class='ocrx_word' id='word_1_617' title='bbox 3293 4208 3521 4263; x_wconf 88' lang='lat' dir='ltr'>diceres</span> <span class='ocrx_word' id='word_1_618' title='bbox 3553 4224 3824 4279; x_wconf 84' lang='lat' dir='ltr'>magnus,</span> 
     </span>
    </p>
   </div>
   <div class='ocr_carea' id='block_1_92' title="bbox 2152 4298 3813 4370">
    <p class='ocr_par' dir='ltr' id='par_1_92' title="bbox 2152 4298 3813 4370">
     <span class='ocr_line' id='line_1_92' title="bbox 2152 4298 3813 4370; baseline -0.001 -17"><span class='ocrx_word' id='word_1_619' title='bbox 2152 4300 2385 4366; x_wconf 89' lang='lat' dir='ltr'>multus,</span> <span class='ocrx_word' id='word_1_620' title='bbox 2438 4298 2807 4355; x_wconf 86' lang='lat' dir='ltr'>admirandus</span> <span class='ocrx_word' id='word_1_621' title='bbox 2863 4298 3098 4370; x_wconf 90' lang='lat' dir='ltr'>eloquio,</span> <span class='ocrx_word' id='word_1_622' title='bbox 3131 4298 3441 4368; x_wconf 86' lang='lat' dir='ltr'>eloquentia</span> <span class='ocrx_word' id='word_1_623' title='bbox 3498 4298 3813 4366; x_wconf 84' lang='lat' dir='ltr'>singulari.</span> 
     </span>
    </p>
   </div>
   <div class='ocr_carea' id='block_1_93' title="bbox 2157 4387 3825 4462">
    <p class='ocr_par' dir='ltr' id='par_1_93' title="bbox 2157 4387 3825 4462">
     <span class='ocr_line' id='line_1_93' title="bbox 2157 4387 3825 4462; baseline 0.001 -22"><span class='ocrx_word' id='word_1_624' title='bbox 2157 4388 2481 4462; x_wconf 72' lang='grc' dir='ltr'>Σοφώτοιτος</span> <span class='ocrx_word' id='word_1_625' title='bbox 2516 4388 2692 4444; x_wconf 84' lang='lat' dir='ltr'>etiam</span> <span class='ocrx_word' id='word_1_626' title='bbox 2725 4387 2947 4459; x_wconf 88' lang='lat' dir='ltr'>passim</span> <span class='ocrx_word' id='word_1_627' title='bbox 2982 4388 3166 4453; x_wconf 88' lang='lat' dir='ltr'>audit,</span> <span class='ocrx_word' id='word_1_628' title='bbox 3198 4387 3660 4457; x_wconf 75' lang='lat' dir='ltr'>sapientissimus,</span> <span class='ocrx_word' id='word_1_629' title='bbox 3690 4392 3757 4442; x_wconf 85' lang='lat' dir='ltr'>et</span> <span class='ocrx_word' id='word_1_630' title='bbox 3788 4404 3825 4442; x_wconf 81' lang='lat' dir='ltr'>a</span> 
     </span>
    </p>
   </div>
   <div class='ocr_carea' id='block_1_94' title="bbox 2156 4474 3825 4550">
    <p class='ocr_par' dir='ltr' id='par_1_94' title="bbox 2156 4474 3825 4550">
     <span class='ocr_line' id='line_1_94' title="bbox 2156 4474 3825 4550; baseline -0.002 -17"><span class='ocrx_word' id='word_1_631' title='bbox 2156 4477 2331 4550; x_wconf 85' lang='lat' dir='ltr'>Glyca</span> <span class='ocrx_word' id='word_1_632' title='bbox 2364 4479 2421 4533; x_wconf 93' lang='lat' dir='ltr'>in</span> <span class='ocrx_word' id='word_1_633' title='bbox 2455 4476 2803 4543; x_wconf 85' lang='lat' dir='ltr'>Annalibus,</span> <span class='ocrx_word' id='word_1_634' title='bbox 2837 4480 2895 4530; x_wconf 90' lang='lat' dir='ltr'>et</span> <span class='ocrx_word' id='word_1_635' title='bbox 2918 4493 2951 4531; x_wconf 89' lang='lat' dir='ltr'>a</span> <span class='ocrx_word' id='word_1_636' title='bbox 2981 4475 3294 4531; x_wconf 88' lang='lat' dir='ltr'>Metocbita</span> <span class='ocrx_word' id='word_1_637' title='bbox 3324 4476 3382 4529; x_wconf 89' lang='lat' dir='ltr'>in</span> <span class='ocrx_word' id='word_1_638' title='bbox 3424 4474 3707 4530; x_wconf 84' lang='lat' dir='ltr'>Historia.</span> <span class='ocrx_word' id='word_1_639' title='bbox 3748 4476 3825 4531; x_wconf 88' lang='lat' dir='ltr'>Et</span> 
     </span>
    </p>
   </div>
   <div class='ocr_carea' id='block_1_95' title="bbox 395 4550 3911 4635">
    <p class='ocr_par' dir='ltr' id='par_1_95' title="bbox 395 4550 3911 4635">
     <span class='ocr_line' id='line_1_95' title="bbox 395 4550 3911 4635; baseline 0.001 -18"><span class='ocrx_word' id='word_1_640' title='bbox 395 4578 639 4618; x_wconf 76' lang='lat' dir='ltr'>mmrore</span> <span class='ocrx_word' id='word_1_641' title='bbox 670 4561 845 4617; x_wconf 91' lang='lat' dir='ltr'>vitam</span> <span class='ocrx_word' id='word_1_642' title='bbox 880 4564 1111 4633; x_wconf 87' lang='lat' dir='ltr'>posuit:</span> <span class='ocrx_word' id='word_1_643' title='bbox 1139 4560 1314 4631; x_wconf 89' lang='lat' dir='ltr'>idque</span> <span class='ocrx_word' id='word_1_644' title='bbox 1336 4561 1580 4632; x_wconf 89' lang='lat' dir='ltr'>conjicio</span> <span class='ocrx_word' id='word_1_645' title='bbox 1612 4578 1679 4615; x_wconf 86' lang='lat' dir='ltr'>ex</span> <span class='ocrx_word' id='word_1_646' title='bbox 1710 4562 2037 4617; x_wconf 85' lang='lat' dir='ltr'>verbisAn-</span> <span class='ocrx_word' id='word_1_647' title='bbox 2069 4563 2116 4627; x_wconf 91' lang='lat' dir='ltr'><strong>D</strong></span> <span class='ocrx_word' id='word_1_648' title='bbox 2149 4566 2308 4621; x_wconf 90' lang='lat' dir='ltr'>illius</span> <span class='ocrx_word' id='word_1_649' title='bbox 2366 4564 2698 4633; x_wconf 86' lang='lat' dir='ltr'>sententiis,</span> <span class='ocrx_word' id='word_1_650' title='bbox 2750 4564 2850 4635; x_wconf 90' lang='lat' dir='ltr'>qui</span> <span class='ocrx_word' id='word_1_651' title='bbox 2897 4580 3031 4619; x_wconf 91' lang='lat' dir='ltr'>eum</span> <span class='ocrx_word' id='word_1_652' title='bbox 3065 4564 3247 4619; x_wconf 89' lang='lat' dir='ltr'>secuti</span> <span class='ocrx_word' id='word_1_653' title='bbox 3294 4566 3453 4629; x_wconf 86' lang='lat' dir='ltr'>sunt,</span> <span class='ocrx_word' id='word_1_654' title='bbox 3485 4564 3824 4634; x_wconf 77' lang='lat' dir='ltr'>scriptores</span> <span class='ocrx_word' id='word_1_655' title='bbox 3896 4550 3911 4560; x_wconf 65' lang='grc'><em>’</em></span> 
     </span>
    </p>
   </div>
   <div class='ocr_carea' id='block_1_96' title="bbox 394 4650 2039 4721">
    <p class='ocr_par' dir='ltr' id='par_1_96' title="bbox 394 4650 2039 4721">
     <span class='ocr_line' id='line_1_96' title="bbox 394 4650 2039 4721; baseline -0.003 -15"><span class='ocrx_word' id='word_1_656' title='bbox 394 4669 478 4706; x_wconf 67' lang='lat' dir='ltr'>nae</span> <span class='ocrx_word' id='word_1_657' title='bbox 511 4650 816 4706; x_wconf 69' lang='lat' dir='ltr'>Commenta</span> <span class='ocrx_word' id='word_1_658' title='bbox 840 4653 977 4705; x_wconf 79' lang='lat' dir='ltr'>Hist.</span> <span class='ocrx_word' id='word_1_659' title='bbox 1012 4651 1107 4705; x_wconf 89' lang='lat' dir='ltr'>lib.</span> <span class='ocrx_word' id='word_1_660' title='bbox 1151 4666 1202 4704; x_wconf 93' lang='lat' dir='ltr'>v.</span> <span class='ocrx_word' id='word_1_661' title='bbox 1239 4650 1350 4704; x_wconf 90' lang='lat' dir='ltr'>Sed</span> <span class='ocrx_word' id='word_1_662' title='bbox 1397 4650 1470 4704; x_wconf 92' lang='lat' dir='ltr'>iis</span> <span class='ocrx_word' id='word_1_663' title='bbox 1502 4651 1793 4721; x_wconf 66' lang='lat' dir='ltr'>praecipue</span> <span class='ocrx_word' id='word_1_664' title='bbox 1827 4668 1839 4705; x_wconf 92' lang='lat'><strong>:</strong></span> <span class='ocrx_word' id='word_1_665' title='bbox 1872 4650 2039 4704; x_wconf 74' lang='lat' dir='ltr'>&quot;EvOa</span> 
     </span>
    </p>
   </div>
   <div class='ocr_carea' id='block_1_97' title="bbox 393 4735 2042 4813">
    <p class='ocr_par' dir='ltr' id='par_1_97' title="bbox 393 4735 2042 4813">
     <span class='ocr_line' id='line_1_97' title="bbox 393 4735 2042 4813; baseline -0.001 -21"><span class='ocrx_word' id='word_1_666' title='bbox 393 4738 483 4792; x_wconf 74' lang='grc' dir='ltr'>καὶ</span> <span class='ocrx_word' id='word_1_667' title='bbox 548 4743 645 4792; x_wconf 75' lang='grc' dir='ltr'>τοῦ</span> <span class='ocrx_word' id='word_1_668' title='bbox 703 4736 933 4793; x_wconf 78' lang='grc' dir='ltr'>Ψελλοῦ</span> <span class='ocrx_word' id='word_1_669' title='bbox 983 4738 1479 4813; x_wconf 68' lang='grc' dir='ltr'>μεταχωρήσαντος</span> <span class='ocrx_word' id='word_1_670' title='bbox 1530 4735 1851 4804; x_wconf 45' lang='lat' dir='ltr'>Batavi-603‘;</span> <span class='ocrx_word' id='word_1_671' title='bbox 1909 4738 2042 4809; x_wconf 71' lang='grc' dir='ltr'>μετὰ</span> 
     </span>
    </p>
   </div>
   <div class='ocr_carea' id='block_1_98' title="bbox 393 4822 2044 4903">
    <p class='ocr_par' dir='ltr' id='par_1_98' title="bbox 393 4822 2044 4903">
     <span class='ocr_line' id='line_1_98' title="bbox 393 4822 2044 4903; baseline -0.004 -21"><span class='ocrx_word' id='word_1_672' title='bbox 393 4828 492 4896; x_wconf 78' lang='grc' dir='ltr'>τήν</span> <span class='ocrx_word' id='word_1_673' title='bbox 539 4822 858 4901; x_wconf 72' lang='grc' dir='ltr'>ἁπόκροισιν,</span> <span class='ocrx_word' id='word_1_674' title='bbox 904 4827 1054 4900; x_wconf 84' lang='lat' dir='ltr'>(lego</span> <span class='ocrx_word' id='word_1_675' title='bbox 1116 4825 1461 4899; x_wconf 75' lang='grc' dir='ltr'>ἀπόκοιρσιν,)</span> <span class='ocrx_word' id='word_1_676' title='bbox 1511 4824 1671 4884; x_wconf 76' lang='grc' dir='ltr'>αὐτὸς</span> <span class='ocrx_word' id='word_1_677' title='bbox 1722 4823 2044 4903; x_wconf 72' lang='grc' dir='ltr'>φιλοσοφίας</span> 
     </span>
    </p>
   </div>
   <div class='ocr_carea' id='block_1_99' title="bbox 396 4912 2045 4989">
    <p class='ocr_par' dir='ltr' id='par_1_99' title="bbox 396 4912 2045 4989">
     <span class='ocr_line' id='line_1_99' title="bbox 396 4912 2045 4989; baseline 0.001 -20"><span class='ocrx_word' id='word_1_678' title='bbox 396 4917 608 4985; x_wconf 75' lang='grc' dir='ltr'>ἀπάσης</span> <span class='ocrx_word' id='word_1_679' title='bbox 636 4915 855 4989; x_wconf 77' lang='grc' dir='ltr'>πρόεστι</span> <span class='ocrx_word' id='word_1_680' title='bbox 894 4912 1239 4975; x_wconf 76' lang='grc' dir='ltr'>διδάσκαλος.</span> <span class='ocrx_word' id='word_1_681' title='bbox 1276 4916 1377 4971; x_wconf 81' lang='lat' dir='ltr'>Ubi</span> <span class='ocrx_word' id='word_1_682' title='bbox 1404 4924 1455 4970; x_wconf 83' lang='lat' dir='ltr'>et</span> <span class='ocrx_word' id='word_1_683' title='bbox 1478 4916 1653 4970; x_wconf 82' lang='lat' dir='ltr'>Psello</span> <span class='ocrx_word' id='word_1_684' title='bbox 1675 4920 1791 4985; x_wconf 88' lang='lat' dir='ltr'>post</span> <span class='ocrx_word' id='word_1_685' title='bbox 1826 4932 2045 4971; x_wconf 86' lang='lat' dir='ltr'>comam</span> 
     </span>
    </p>
   </div>
   <div class='ocr_carea' id='block_1_100' title="bbox 394 5003 2046 5076">
    <p class='ocr_par' dir='ltr' id='par_1_100' title="bbox 394 5003 2046 5076">
     <span class='ocr_line' id='line_1_100' title="bbox 394 5003 2046 5076; baseline 0 -16"><span class='ocrx_word' id='word_1_686' title='bbox 394 5008 677 5062; x_wconf 85' lang='lat' dir='ltr'>detonsam</span> <span class='ocrx_word' id='word_1_687' title='bbox 707 5008 746 5060; x_wconf 86' lang='grc' dir='ltr'><em>Β</em></span> <span class='ocrx_word' id='word_1_688' title='bbox 752 5006 980 5076; x_wconf 65' lang='lat' dir='ltr'>ysantio</span> <span class='ocrx_word' id='word_1_689' title='bbox 1010 5004 1429 5075; x_wconf 81' lang='lat' dir='ltr'>secedente,ipse</span> <span class='ocrx_word' id='word_1_690' title='bbox 1447 5005 1523 5058; x_wconf 90' lang='lat' dir='ltr'>Ila</span> <span class='ocrx_word' id='word_1_691' title='bbox 1536 5003 1621 5058; x_wconf 82' lang='lat' dir='ltr'>tus</span> <span class='ocrx_word' id='word_1_692' title='bbox 1638 5006 1913 5061; x_wconf 74' lang='lat' dir='ltr'>universae</span> <span class='ocrx_word' id='word_1_693' title='bbox 1924 5008 2046 5075; x_wconf 81' lang='lat' dir='ltr'>phi-</span> 
     </span>
    </p>
   </div>
   <div class='ocr_carea' id='block_1_101' title="bbox 392 5098 1329 5168">
    <p class='ocr_par' dir='ltr' id='par_1_101' title="bbox 392 5098 1329 5168">
     <span class='ocr_line' id='line_1_101' title="bbox 392 5098 1329 5168; baseline -0.003 -17"><span class='ocrx_word' id='word_1_694' title='bbox 392 5098 656 5168; x_wconf 75' lang='lat' dir='ltr'>losophiae</span> <span class='ocrx_word' id='word_1_695' title='bbox 684 5098 955 5166; x_wconf 84' lang='lat' dir='ltr'>magister</span> <span class='ocrx_word' id='word_1_696' title='bbox 982 5100 1198 5150; x_wconf 83' lang='lat' dir='ltr'>creatus</span> <span class='ocrx_word' id='word_1_697' title='bbox 1229 5101 1329 5149; x_wconf 87' lang='lat' dir='ltr'>est.</span> 
     </span>
    </p>
   </div>
   <div class='ocr_carea' id='block_1_102' title="bbox 463 5182 2042 5255">
    <p class='ocr_par' dir='ltr' id='par_1_102' title="bbox 463 5182 2042 5255">
     <span class='ocr_line' id='line_1_102' title="bbox 463 5182 2042 5255; baseline -0.003 -13"><span class='ocrx_word' id='word_1_698' title='bbox 463 5189 649 5241; x_wconf 79' lang='lat' dir='ltr'>XXX.</span> <span class='ocrx_word' id='word_1_699' title='bbox 684 5183 973 5255; x_wconf 89' lang='lat' dir='ltr'>Quidquid</span> <span class='ocrx_word' id='word_1_700' title='bbox 1022 5187 1217 5238; x_wconf 90' lang='lat' dir='ltr'>tamen</span> <span class='ocrx_word' id='word_1_701' title='bbox 1250 5183 1346 5248; x_wconf 86' lang='lat' dir='ltr'>sit,</span> <span class='ocrx_word' id='word_1_702' title='bbox 1378 5182 1651 5236; x_wconf 87' lang='lat' dir='ltr'>maximis</span> <span class='ocrx_word' id='word_1_703' title='bbox 1684 5198 1816 5236; x_wconf 89' lang='lat' dir='ltr'>eum</span> <span class='ocrx_word' id='word_1_704' title='bbox 1850 5182 2042 5238; x_wconf 88' lang='lat' dir='ltr'>laudi-</span> 
     </span>
    </p>
   </div>
   <div class='ocr_carea' id='block_1_103' title="bbox 395 5271 2043 5341">
    <p class='ocr_par' dir='ltr' id='par_1_103' title="bbox 395 5271 2043 5341">
     <span class='ocr_line' id='line_1_103' title="bbox 395 5271 2043 5341; baseline -0.001 -9"><span class='ocrx_word' id='word_1_705' title='bbox 395 5277 508 5331; x_wconf 90' lang='lat' dir='ltr'>bus</span> <span class='ocrx_word' id='word_1_706' title='bbox 534 5276 1127 5341; x_wconf 72' lang='lat' dir='ltr'>exornarunt,pra:ter</span> <span class='ocrx_word' id='word_1_707' title='bbox 1145 5276 1373 5325; x_wconf 89' lang='lat' dir='ltr'>Annam</span> <span class='ocrx_word' id='word_1_708' title='bbox 1401 5271 2043 5336; x_wconf 86' lang='lat' dir='ltr'>Comnenam,Joannes</span> 
     </span>
    </p>
   </div>
   <div class='ocr_carea' id='block_1_104' title="bbox 391 5358 2041 5437">
    <p class='ocr_par' dir='ltr' id='par_1_104' title="bbox 391 5358 2041 5437">
     <span class='ocr_line' id='line_1_104' title="bbox 391 5358 2041 5437; baseline -0.004 -17"><span class='ocrx_word' id='word_1_709' title='bbox 391 5365 659 5437; x_wconf 81' lang='lat' dir='ltr'>Scylitza,</span> <span class='ocrx_word' id='word_1_710' title='bbox 684 5366 741 5417; x_wconf 87' lang='lat' dir='ltr'>et</span> <span class='ocrx_word' id='word_1_711' title='bbox 770 5361 1067 5416; x_wconf 88' lang='lat' dir='ltr'>Cedrenus</span> <span class='ocrx_word' id='word_1_712' title='bbox 1100 5360 1157 5413; x_wconf 93' lang='lat' dir='ltr'>in</span> <span class='ocrx_word' id='word_1_713' title='bbox 1192 5360 1471 5430; x_wconf 87' lang='lat' dir='ltr'>prooemio</span> <span class='ocrx_word' id='word_1_714' title='bbox 1501 5358 1790 5425; x_wconf 70' lang='lat' dir='ltr'>Historiae,</span> <span class='ocrx_word' id='word_1_715' title='bbox 1824 5358 2041 5431; x_wconf 73' lang='grc' dir='ltr'>ὑπέρτι-</span> 
     </span>
    </p>
   </div>
   <div class='ocr_carea' id='block_1_105' title="bbox 395 5447 2040 5524">
    <p class='ocr_par' dir='ltr' id='par_1_105' title="bbox 395 5447 2040 5524">
     <span class='ocr_line' id='line_1_105' title="bbox 395 5447 2040 5524; baseline 0.001 -20"><span class='ocrx_word' id='word_1_716' title='bbox 395 5472 501 5524; x_wconf 83' lang='grc' dir='ltr'>μος</span> <span class='ocrx_word' id='word_1_717' title='bbox 535 5448 779 5517; x_wconf 84' lang='grc' dir='ltr'>Ψελλός,</span> <span class='ocrx_word' id='word_1_718' title='bbox 816 5448 1279 5504; x_wconf 85' lang='lat' dir='ltr'>honoratissimus</span> <span class='ocrx_word' id='word_1_719' title='bbox 1312 5448 1543 5517; x_wconf 85' lang='lat' dir='ltr'>Psellus,</span> <span class='ocrx_word' id='word_1_720' title='bbox 1577 5450 1634 5502; x_wconf 82' lang='lat' dir='ltr'>et</span> <span class='ocrx_word' id='word_1_721' title='bbox 1663 5447 1722 5502; x_wconf 90' lang='lat' dir='ltr'>in</span> <span class='ocrx_word' id='word_1_722' title='bbox 1753 5450 2040 5506; x_wconf 89' lang='lat' dir='ltr'>Stratioti-</span> 
     </span>
    </p>
   </div>
   <div class='ocr_carea' id='block_1_106' title="bbox 2154 4650 3821 4723">
    <p class='ocr_par' dir='ltr' id='par_1_106' title="bbox 2154 4650 3821 4723">
     <span class='ocr_line' id='line_1_106' title="bbox 2154 4650 3821 4723; baseline -0.002 -13"><span class='ocrx_word' id='word_1_723' title='bbox 2154 4672 2259 4711; x_wconf 86' lang='lat' dir='ltr'>sua</span> <span class='ocrx_word' id='word_1_724' title='bbox 2289 4656 2423 4710; x_wconf 93' lang='lat' dir='ltr'>Com</span> <span class='ocrx_word' id='word_1_725' title='bbox 2437 4652 2720 4709; x_wconf 86' lang='lat' dir='ltr'>mentaria</span> <span class='ocrx_word' id='word_1_726' title='bbox 2743 4668 2858 4707; x_wconf 89' lang='lat' dir='ltr'>non</span> <span class='ocrx_word' id='word_1_727' title='bbox 2882 4652 3078 4707; x_wconf 91' lang='lat' dir='ltr'>minus</span> <span class='ocrx_word' id='word_1_728' title='bbox 3102 4668 3276 4723; x_wconf 83' lang='lat' dir='ltr'>quam</span> <span class='ocrx_word' id='word_1_729' title='bbox 3302 4650 3547 4706; x_wconf 89' lang='lat' dir='ltr'>aliorum</span> <span class='ocrx_word' id='word_1_730' title='bbox 3564 4654 3821 4707; x_wconf 84' lang='lat' dir='ltr'>Patrum</span> 
     </span>
    </p>
   </div>
   <div class='ocr_carea' id='block_1_107' title="bbox 2152 4740 3825 4812">
    <p class='ocr_par' dir='ltr' id='par_1_107' title="bbox 2152 4740 3825 4812">
     <span class='ocr_line' id='line_1_107' title="bbox 2152 4740 3825 4812; baseline -0.001 -13"><span class='ocrx_word' id='word_1_731' title='bbox 2152 4742 2915 4799; x_wconf 85' lang='lat' dir='ltr'>testimoniisillustrarunt.</span> <span class='ocrx_word' id='word_1_732' title='bbox 2969 4743 3127 4796; x_wconf 88' lang='lat' dir='ltr'>Inter</span> <span class='ocrx_word' id='word_1_733' title='bbox 3157 4740 3303 4796; x_wconf 87' lang='lat' dir='ltr'>alios</span> <span class='ocrx_word' id='word_1_734' title='bbox 3353 4740 3631 4812; x_wconf 75' lang='lat' dir='ltr'>praecipui</span> <span class='ocrx_word' id='word_1_735' title='bbox 3663 4747 3825 4797; x_wconf 84' lang='lat' dir='ltr'>sunt</span> 
     </span>
    </p>
   </div>
   <div class='ocr_carea' id='block_1_108' title="bbox 2150 4828 3823 4897">
    <p class='ocr_par' dir='ltr' id='par_1_108' title="bbox 2150 4828 3823 4897">
     <span class='ocr_line' id='line_1_108' title="bbox 2150 4828 3823 4897; baseline -0.001 -10"><span class='ocrx_word' id='word_1_736' title='bbox 2150 4832 2349 4887; x_wconf 88' lang='lat' dir='ltr'>Niceta</span> <span class='ocrx_word' id='word_1_737' title='bbox 2377 4836 2608 4897; x_wconf 91' lang='lat' dir='ltr'>Serron,</span> <span class='ocrx_word' id='word_1_738' title='bbox 2637 4835 2850 4886; x_wconf 86' lang='lat' dir='ltr'>Catena</span> <span class='ocrx_word' id='word_1_739' title='bbox 2876 4829 3317 4886; x_wconf 87' lang='lat' dir='ltr'>absolutissima</span> <span class='ocrx_word' id='word_1_740' title='bbox 3347 4830 3402 4883; x_wconf 89' lang='lat' dir='ltr'>in</span> <span class='ocrx_word' id='word_1_741' title='bbox 3422 4828 3823 4897; x_wconf 72' lang='lat' dir='ltr'>Evangelium</span> 
     </span>
    </p>
   </div>
   <div class='ocr_carea' id='block_1_109' title="bbox 2156 4916 3828 4991">
    <p class='ocr_par' dir='ltr' id='par_1_109' title="bbox 2156 4916 3828 4991">
     <span class='ocr_line' id='line_1_109' title="bbox 2156 4916 3828 4991; baseline -0.001 -16"><span class='ocrx_word' id='word_1_742' title='bbox 2156 4922 2315 4976; x_wconf 71' lang='lat' dir='ltr'>Luca:</span> <span class='ocrx_word' id='word_1_743' title='bbox 2344 4938 2357 4989; x_wconf 91' lang='lat'><strong>;</strong></span> <span class='ocrx_word' id='word_1_744' title='bbox 2391 4921 2677 4975; x_wconf 84' lang='lat' dir='ltr'>Macarius</span> <span class='ocrx_word' id='word_1_745' title='bbox 2708 4919 3210 4991; x_wconf 83' lang='lat' dir='ltr'>Chrysocepbalus</span> <span class='ocrx_word' id='word_1_746' title='bbox 3257 4922 3318 4972; x_wconf 91' lang='lat' dir='ltr'>in</span> <span class='ocrx_word' id='word_1_747' title='bbox 3351 4918 3561 4989; x_wconf 86' lang='lat' dir='ltr'>Magno</span> <span class='ocrx_word' id='word_1_748' title='bbox 3594 4916 3828 4990; x_wconf 78' lang='lat' dir='ltr'>Alphe-</span> 
     </span>
    </p>
   </div>
   <div class='ocr_carea' id='block_1_110' title="bbox 2154 5006 3833 5078">
    <p class='ocr_par' dir='ltr' id='par_1_110' title="bbox 2154 5006 3833 5078">
     <span class='ocr_line' id='line_1_110' title="bbox 2154 5006 3833 5078; baseline -0.001 -14"><span class='ocrx_word' id='word_1_749' title='bbox 2154 5010 2307 5078; x_wconf 91' lang='lat' dir='ltr'>beto,</span> <span class='ocrx_word' id='word_1_750' title='bbox 2334 5009 2433 5064; x_wconf 90' lang='lat' dir='ltr'>ubi</span> <span class='ocrx_word' id='word_1_751' title='bbox 2465 5026 2535 5064; x_wconf 87' lang='lat' dir='ltr'>ex</span> <span class='ocrx_word' id='word_1_752' title='bbox 2565 5009 2927 5063; x_wconf 86' lang='lat' dir='ltr'>diversorum</span> <span class='ocrx_word' id='word_1_753' title='bbox 2962 5012 3200 5063; x_wconf 87' lang='lat' dir='ltr'>Patrum</span> <span class='ocrx_word' id='word_1_754' title='bbox 3262 5006 3437 5062; x_wconf 90' lang='lat' dir='ltr'>dictis</span> <span class='ocrx_word' id='word_1_755' title='bbox 3494 5006 3833 5077; x_wconf 83' lang='lat' dir='ltr'>Evangelia</span> 
     </span>
    </p>
   </div>
   <div class='ocr_carea' id='block_1_111' title="bbox 2154 5094 3834 5170">
    <p class='ocr_par' dir='ltr' id='par_1_111' title="bbox 2154 5094 3834 5170">
     <span class='ocr_line' id='line_1_111' title="bbox 2154 5094 3834 5170; baseline -0.001 -17"><span class='ocrx_word' id='word_1_756' title='bbox 2154 5097 2581 5170; x_wconf 82' lang='lat' dir='ltr'>perfectissime</span> <span class='ocrx_word' id='word_1_757' title='bbox 2632 5098 3083 5168; x_wconf 88' lang='lat' dir='ltr'>interpretatur;</span> <span class='ocrx_word' id='word_1_758' title='bbox 3117 5100 3175 5150; x_wconf 91' lang='lat' dir='ltr'>et</span> <span class='ocrx_word' id='word_1_759' title='bbox 3200 5095 3461 5150; x_wconf 83' lang='lat' dir='ltr'>Joannes</span> <span class='ocrx_word' id='word_1_760' title='bbox 3511 5094 3834 5151; x_wconf 80' lang='lat' dir='ltr'>Diaconos</span> 
     </span>
    </p>
   </div>
   <div class='ocr_carea' id='block_1_112' title="bbox 2152 5180 3837 5258">
    <p class='ocr_par' dir='ltr' id='par_1_112' title="bbox 2152 5180 3837 5258">
     <span class='ocr_line' id='line_1_112' title="bbox 2152 5180 3837 5258; baseline 0.003 -17"><span class='ocrx_word' id='word_1_761' title='bbox 2152 5191 2370 5258; x_wconf 65' lang='lat' dir='ltr'>Magnae</span> <span class='ocrx_word' id='word_1_762' title='bbox 2424 5184 2690 5241; x_wconf 58' lang='lat' dir='ltr'>Ecclesiae</span> <span class='ocrx_word' id='word_1_763' title='bbox 2749 5186 2942 5240; x_wconf 87' lang='lat' dir='ltr'>Tract.</span> <span class='ocrx_word' id='word_1_764' title='bbox 2976 5181 3076 5246; x_wconf 85' lang='grc' dir='ltr'>Τίς</span> <span class='ocrx_word' id='word_1_765' title='bbox 3131 5184 3158 5236; x_wconf 88' lang='grc' dir='ltr'>ὁ</span> <span class='ocrx_word' id='word_1_766' title='bbox 3218 5183 3412 5257; x_wconf 68' lang='grc' dir='ltr'>σωρὸς</span> <span class='ocrx_word' id='word_1_767' title='bbox 3440 5186 3521 5253; x_wconf 77' lang='grc' dir='ltr'>τῷ</span> <span class='ocrx_word' id='word_1_768' title='bbox 3551 5180 3671 5253; x_wconf 81' lang='grc' dir='ltr'>9εῷ</span> <span class='ocrx_word' id='word_1_769' title='bbox 3721 5187 3837 5252; x_wconf 68' lang='grc' dir='ltr'>τῆς</span> 
     </span>
    </p>
   </div>
   <div class='ocr_carea' id='block_1_113' title="bbox 2152 5268 3833 5350">
    <p class='ocr_par' dir='ltr' id='par_1_113' title="bbox 2152 5268 3833 5350">
     <span class='ocr_line' id='line_1_113' title="bbox 2152 5268 3833 5350; baseline -0.002 -21"><span class='ocrx_word' id='word_1_770' title='bbox 2152 5276 2379 5350; x_wconf 76' lang='grc' dir='ltr'>πρώτης</span> <span class='ocrx_word' id='word_1_771' title='bbox 2429 5278 2525 5327; x_wconf 77' lang='grc' dir='ltr'>τοῦ</span> <span class='ocrx_word' id='word_1_772' title='bbox 2575 5272 2862 5349; x_wconf 76' lang='grc' dir='ltr'>ἀνθρώπου</span> <span class='ocrx_word' id='word_1_773' title='bbox 2910 5271 3186 5340; x_wconf 77' lang='grc' dir='ltr'>πλάσεως,</span> <span class='ocrx_word' id='word_1_774' title='bbox 3248 5271 3338 5326; x_wconf 70' lang='grc' dir='ltr'>καὶ</span> <span class='ocrx_word' id='word_1_775' title='bbox 3396 5275 3497 5336; x_wconf 78' lang='grc' dir='ltr'>τῆς</span> <span class='ocrx_word' id='word_1_776' title='bbox 3558 5268 3833 5348; x_wconf 65' lang='grc' dir='ltr'>δευτέρας</span> 
     </span>
    </p>
   </div>
   <div class='ocr_carea' id='block_1_114' title="bbox 2152 5361 2941 5425">
    <p class='ocr_par' dir='ltr' id='par_1_114' title="bbox 2152 5361 2941 5425">
     <span class='ocr_line' id='line_1_114' title="bbox 2152 5361 2941 5425; baseline -0.001 -6"><span class='ocrx_word' id='word_1_777' title='bbox 2152 5364 2505 5425; x_wconf 66' lang='grc' dir='ltr'>ἀναπλάσεως</span> <span class='ocrx_word' id='word_1_778' title='bbox 2538 5361 2629 5418; x_wconf 77' lang='grc' dir='ltr'>διὰ</span> <span class='ocrx_word' id='word_1_779' title='bbox 2655 5367 2753 5417; x_wconf 75' lang='grc' dir='ltr'>τοῦ</span> <span class='ocrx_word' id='word_1_780' title='bbox 2785 5366 2941 5418; x_wconf 77' lang='grc' dir='ltr'>Θεοῦ.</span> 
     </span>
    </p>
   </div>
   <div class='ocr_carea' id='block_1_115' title="bbox 2221 5450 3828 5521">
    <p class='ocr_par' dir='ltr' id='par_1_115' title="bbox 2221 5450 3828 5521">
     <span class='ocr_line' id='line_1_115' title="bbox 2221 5450 3828 5521; baseline 0 -12"><span class='ocrx_word' id='word_1_781' title='bbox 2221 5454 2417 5510; x_wconf 86' lang='lat' dir='ltr'><strong>XXXI.</strong></span> <span class='ocrx_word' id='word_1_782' title='bbox 2471 5453 2621 5510; x_wconf 90' lang='lat' dir='ltr'>Illud</span> <span class='ocrx_word' id='word_1_783' title='bbox 2679 5453 2914 5510; x_wconf 90' lang='lat' dir='ltr'>interim</span> <span class='ocrx_word' id='word_1_784' title='bbox 2974 5451 3441 5509; x_wconf 82' lang='lat' dir='ltr'>animadvertere</span> <span class='ocrx_word' id='word_1_785' title='bbox 3493 5450 3828 5521; x_wconf 86' lang='lat' dir='ltr'>debemus,</span> 
     </span>
    </p>
   </div>
   <div class='ocr_carea' id='block_1_116' title="bbox 1973 5577 2209 5637">
    <p class='ocr_par' dir='ltr' id='par_1_116' title="bbox 1973 5577 2209 5637">
     <span class='ocr_line' id='line_1_116' title="bbox 1973 5577 2209 5637; baseline 0.013 -3"><span class='ocrx_word' id='word_1_786' title='bbox 1973 5581 2022 5634; x_wconf 88' lang='grc' dir='ltr'><strong>Ν</strong></span> <span class='ocrx_word' id='word_1_787' title='bbox 2028 5577 2209 5637; x_wconf 72' lang='grc' dir='ltr'>ΟΤίΕ.</span> 
     </span>
    </p>
   </div>
   <div class='ocr_carea' id='block_1_117' title="bbox 463 5661 1866 5739">
    <p class='ocr_par' dir='ltr' id='par_1_117' title="bbox 463 5661 1866 5739">
     <span class='ocr_line' id='line_1_117' title="bbox 463 5661 1866 5739; baseline 0 -18"><span class='ocrx_word' id='word_1_788' title='bbox 463 5664 538 5739; x_wconf 88' lang='grc' dir='ltr'>(ο)</span> <span class='ocrx_word' id='word_1_789' title='bbox 569 5661 767 5722; x_wconf 84' lang='lat' dir='ltr'>Malim</span> <span class='ocrx_word' id='word_1_790' title='bbox 798 5678 985 5721; x_wconf 86' lang='lat' dir='ltr'>rerum</span> <span class='ocrx_word' id='word_1_791' title='bbox 1013 5662 1336 5720; x_wconf 86' lang='lat' dir='ltr'>divinarum</span> <span class='ocrx_word' id='word_1_792' title='bbox 1363 5662 1608 5735; x_wconf 89' lang='lat' dir='ltr'>apprime</span> <span class='ocrx_word' id='word_1_793' title='bbox 1634 5665 1866 5736; x_wconf 85' lang='lat' dir='ltr'>peritus.</span> 
     </span>
    </p>
   </div>
  </div>
