4040 6196
342 44 351 53 .

74 43 347 120 ἳ⁴

336 66 347 81 .;

310 116 325 123 ιφ

271 312 389 370 497

1530 310 1900 372 DIA'I‘BIBA
1946 309 2048 370 DE
2095 308 2438 369 PSELLIS.

3574 312 3694 371 498

266 442 599 497 Gesnerum
630 441 691 495 in
725 440 1086 498 Bibliotheca
1137 442 1383 499 ridicule
1430 444 1577 500 satis
1635 442 1921 515 argutari,

2039 442 2367 526 Iﬁ‘vaunﬁ
2399 441 2495 526 τοῦ
2526 434 2756 511 Μιχαὴλ
2781 436 3069 526 ζεύγνυταξ
3087 437 3257 526 Χνόμῳ
3286 436 3487 526 veitice,

264 531 541 585 eumdem
574 546 703 585 esse
736 530 1076 587 Michaelem
1122 532 1464 603 Ephesium,
1496 538 1551 587 et
1584 531 1922 587 Michaelem

265 617 546 673 Psellum.
586 619 715 674 Mihi
745 620 963 689 quidem
992 622 1291 691 aliquando
1344 622 1661 692 conjectura
1690 622 1927 676 occurrit

262 707 515 763 eumdem
560 708 923 763 existimandi
986 709 1312 765 Michaelem
1382 712 1694 781 Ephesium,
1754 718 1804 764 et
1834 708 1926 762 illi-

261 798 513 852 chaelem
548 798 819 853 Psellum.
857 799 994 852 Nam
1020 803 1230 869 praeter
1268 816 1555 855 commune
1582 815 1922 871 przenomen,

263 894 564 956 utrumque
601 890 809 941 constat
855 889 1217 943 recentiorem
1265 889 1456 956 fuisse,
1506 888 1924 953 Christianum,

263 979 724 1048 Peripateticum,
771 979 1082 1034 Aristotelis
1124 979 1561 1050 paraphrastem.
1614 978 1780 1034 Multi
1825 977 1924 1033 alii

260 1068 532 1134 ejusdem
584 1067 967 1138 prenominis
1040 1069 1418 1137 reeentiores,
1484 1068 1822 1132 Christiani,
1871 1071 1927 1121 et

261 1155 663 1227 Peripatetici,
694 1156 1026 1212 Aristotelis
1076 1157 1498 1229 paraphrasim,
1551 1174 1696 1212 nova
1748 1157 1925 1212 haece

260 1245 725 1315 argumentandi
761 1246 985 1301 ratione
1031 1246 1203 1301 Pselli
1233 1251 1427 1315 erunt,
1460 1247 1675 1318 inepte.
1708 1245 1922 1299 Verum

262 1338 353 1387 est
384 1338 714 1404 utrumque
763 1334 1144 1390 recentiorem
1194 1352 1343 1401 esse,
1392 1335 1816 1398 Christianum,
1850 1350 1921 1388 an

259 1439 423 1493 teque
472 1423 871 1494 Peripatetici,
924 1424 1213 1492 dubium;
1256 1426 1368 1496 [22]
1414 1429 1635 1481 certum
1684 1424 1923 1479 omnino

258 1511 685 1583 paraphrastes
718 1530 832 1567 non
863 1530 991 1570 esse
1025 1532 1037 1569 :
1071 1515 1129 1569 ni
1163 1514 1404 1583 scholia,
1438 1521 1491 1571 et
1533 1514 1924 1585 expositiones

256 1605 452 1655 textus
486 1602 893 1669 brevissimae,
939 1620 1056 1658 una
1107 1621 1240 1659 cum
1292 1604 1643 1675 Paraphrasi
1679 1604 1923 1658 confun-

258 1691 395 1745 dere
428 1690 702 1746 velimus.
755 1692 1141 1747 Conferantur
1171 1692 1481 1765 utriusque
1532 1694 1591 1748 in
1641 1693 1925 1747 Aristotc-

259 1778 374 1833 lem
408 1782 967 1848 commentationes,
1001 1782 1275 1853 quamvis
1308 1782 1600 1837 sententia
1630 1780 1686 1835 in
1721 1780 1925 1835 multis

259 1870 641 1936 conveniant,
672 1870 729 1925 in
760 1871 955 1939 modo,
999 1888 1066 1926 ac
1111 1872 1387 1927 methodo
1438 1871 1761 1943 exponendi
1797 1872 1926 1924 Ari-

259 1960 531 2013 stotelem
566 1958 737 2030 longe
768 1959 982 2015 diversi
1015 1960 1411 2017 sunt.Psellus
1433 1961 1710 2015 continua
1732 1964 1924 2014 textus

261 2047 619 2119 paraphrasi
652 2049 1007 2104 sententiam
1058 2051 1267 2121 aperit,
1320 2049 1606 2121 Ephesius
1661 2066 1773 2104 non
1809 2047 1923 2121 nisi

259 2136 703 2191 difﬁcilioribus
757 2154 995 2209 operam
1040 2120 1177 2205 dat,
1227 2120 1405 2208 clara,
1454 2142 1786 2209 apertaque,
1837 2120 1920 2192 uti

254 2224 471 2296 cuique
502 2224 700 2293 obvia,
736 2225 999 2298 negligit.

320 2312 558 2368 XXXII.
597 2319 670 2367 At
718 2314 993 2385 quisnam
1039 2314 1113 2371 sit
1156 2314 1268 2371 iste
1323 2315 1616 2387 Ephesius
1647 2315 1915 2383 Michael,

254 2401 351 2472 qui
381 2402 440 2455 in
474 2402 787 2457 enodando
817 2403 1128 2458 Aristotele
1174 2409 1478 2477 tantopere
1509 2404 1685 2459 etiam
1717 2403 1914 2460 elucu-

248 2490 629 2546 brationibus
659 2492 857 2558 editis,
891 2491 1210 2559 insudavit,
1245 2493 1532 2564 quasiere
1578 2493 1769 2547 multi.
1802 2494 1911 2548 Sed

247 2579 466 2633 frustra
495 2596 740 2650 operam
774 2581 1189 2636 contriverunt.
1226 2581 1330 2636 Ubi
1358 2582 1586 2637 nullum
1623 2583 1704 2636 rei
1736 2582 1914 2637 vesti-

244 2668 408 2737 ginm
442 2674 710 2740 apparet,
746 2670 793 2725 si
829 2672 1088 2725 venatori
1122 2687 1213 2726 res
1244 2688 1357 2726 non
1392 2670 1910 2735 succedit,laudem

246 2756 343 2811 ille
370 2774 477 2828 pro
509 2762 751 2823 conatu,
809 2775 945 2823 non,
1004 2760 1158 2829 quod
1209 2776 1326 2814 non
1367 2759 1673 2827 invenerit,
1716 2777 1910 2832 repre-

248 2845 598 2901 hensionem
634 2851 1248 2918 promeretur.Verum
1281 2849 1419 2903 dum
1454 2865 1559 2920 ego
1590 2850 1764 2903 etiam
1789 2866 1910 2903 om-

251 2935 345 2990 nia
380 2937 734 3007 pervcstigo,
768 2936 817 2992 si
869 2937 1008 3007 quid
1058 2938 1453 2993 subodoratus
1500 2955 1655 3005 sum,
1689 2938 1745 2992 in
1782 2954 1908 2994 me-

251 3025 414 3080 dium
447 3026 713 3094 afferam,
748 3026 931 3081 donec
965 3026 1204 3083 meliora
1226 3028 1296 3081 ab
1320 3026 1453 3083 aliis
1483 3030 1903 3099 producantur.

245 3117 564 3186 Sensuum,
615 3131 682 3169 ac
743 3116 1183 3171 enarrationum
1227 3115 1553 3171 similitudo
1601 3116 1711 3172 hos
1756 3117 1904 3173 duos

2043 508 2538 586 Kaifra'QrarTépcov
2569 508 2829 586 τῇοφερᾷ,
2863 508 3183 586 τέέμπελλος
3213 508 3493 580 νεαζούσην.

2036 584 2205 638 Αὐτὸν
2242 581 2298 636 δὲ
2334 581 2720 656 βαρυνόμενον,
2745 581 2841 636 ’καὶ
2873 581 3380 656 δυσανασχετοῦντα

2035 658 2147 723 Τῆς
2188 653 2448 729 Ἐφεσίων
2474 653 2689 715 πόλεως
2720 653 2954 727 ποιμένα
2985 653 3310 707 manerem.

2034 766 2399 819 Antecesseris
2462 764 2738 818 Michaelis
2816 764 3100 835 conjugem
3162 762 3271 816 sibi
3332 762 3687 819 matrimonio

2035 854 2279 923 copulat,
2310 869 2476 908 senex
2504 854 2799 907 mulierem
2829 860 3075 907 teneram
3098 854 3147 905 et
3178 850 3687 921 deilicatam,capu-

2039 943 2194 1007 laris,
2227 945 2277 996 et
2320 944 2511 1012 [uneri
2558 942 2871 996 destinatus
2918 948 3183 1008 vegetam,
3232 942 3392 1009 atque
3433 941 3686 1006 iuvenem

2039 1031 2314 1101 Quemque
2360 1037 2559 1085 sortem
2600 1048 2757 1085 suam
2806 1045 2975 1101 aegre,
3028 1029 3352 1099 molesteque
3398 1031 3686 1098 ferentem,

2034 1136 2097 1173 ac
2126 1119 2524 1189 deplorantem,
2557 1119 2844 1190 Ephesium
2872 1119 3027 1172 urbis
3066 1121 3337 1187 pastorem
3388 1119 3689 1188 imperator

2033 1211 2333 1262 constituit.
2368 1208 2435 1262 Et
2468 1208 2731 1278 Ephraem
2769 1208 2824 1260 in
2858 1206 3140 1261 Chronico
3174 1223 3186 1260 :

2249 1323 2309 1378 Ὀ
2343 1322 2574 1423 Μῐξχαήλ
2608 1318 2663 1375 δὲ
2689 1319 2896 1413 vivere:
2927 1319 3302 1423 pelapqdpoc,

2128 1412 2131 1423 .
2172 1416 2200 1423 _
2254 1394 2377 1423 2......
2424 1394 2555 1423 .'......-
2610 1394 2694 1423 ..-ἶ
2731 1411 2996 1423 ..Αο...Αλλ-
3024 1393 3120 1423 ’h‘...
3159 1412 3250 1423 ολ..

2123 1390 2216 1450 ἓῖτῖ
2252 1390 2577 1469 ἀρχιοίῖτης,
2610 1390 2712 1447 καῖ
2730 1390 2996 1466 πρόεδρος
3024 1390 3273 1465 Ἐφέσου.

2035 1512 2276 1569 Michael
2316 1528 2446 1567 vero
2494 1514 2682 1584 nigris
2726 1512 3062 1566 vestimentis
3108 1510 3337 1564 indutus
3378 1508 3686 1578 sacri/icio—

2035 1618 2159 1656 rum
2210 1603 2485 1673 princeps,
2551 1601 2865 1671 praesulque
2912 1598 3120 1669 Ephesi
3186 1598 3265 1667 ﬁt.
3313 1598 3375 1651 In
3428 1614 3494 1652 eo
3544 1597 3681 1664 otio,

2035 1691 2083 1746 si
2114 1707 2347 1763 gregem
2380 1690 2591 1746 Christi
2626 1705 2862 1761 pascere
2892 1688 3077 1743 otium
3121 1694 3227 1753 est,
3281 1685 3467 1741 multa
3496 1686 3552 1741 in
3581 1703 3681 1740 va-

1958 1818 2003 1882 B
2035 1781 2153 1835 rias
2184 1779 2550 1852 disciplinas,
2585 1796 2689 1833 nec
2720 1778 2949 1846 dubito,
2998 1775 3370 1847 conscripsit,
3420 1792 3546 1846 quae
3578 1792 3681 1829 no-

2037 1870 2194 1924 mine
2244 1868 2541 1925 Michaelis
2605 1866 2859 1939 Ephesii,
2932 1865 3146 1937 quietis
3200 1864 3391 1936 potius
3453 1880 3679 1929 amans,

2035 1974 2258 2014 memor
2288 1958 2618 2021 turbarum,
2647 1974 2761 2011 non
2796 1955 3189 2027 imperatoris,
3212 1953 3475 2024 exemplo
3501 1953 3681 2008 etiam

2032 2048 2281 2102 aliorum
2314 2049 2762 2117 imperatorum,
2802 2044 3004 2113 voluit,
3039 2050 3101 2099 ut
3144 2043 3485 2100 hominibus
3516 2042 3683 2097 inno-

2029 2141 2338 2191 tescerent.
2402 2136 2525 2190 Non
2592 2134 2829 2207 placet?
2876 2134 3101 2188 dictum
3174 2134 3463 2188 indictum
3532 2136 3680 2187 esto.

2030 2226 2297 2281 Ἐπανίτω
2328 2226 2465 2300 πρός
2508 2246 2574 2296 με
2620 2225 2709 2278 τὸν
2761 2223 2984 2278 τεκόντα
3012 2224 3073 2277 τὸ
3115 2222 3432 2294 ἀποκύημα.
3483 2222 3684 2279 Redeat

2025 2318 2103 2372 ad
2132 2333 2215 2372 me
2243 2321 2521 2371 auctorem
2549 2320 2713 2385 [cetus
2735 2313 2824 2368 hic
2850 2330 3019 2369 meus.

2096 2407 2338 2462 XXXIII.
2373 2405 2475 2461 Hic
2506 2421 2644 2475 ergo
2685 2402 2933 2470 Psellus,
2968 2406 3033 2456 ut
3079 2401 3348 2457 doctrina
3397 2404 3679 2470 praestan-

2023 2496 2318 2558 tissimus,
2346 2495 2427 2549 ita
2459 2492 2720 2549 omnium
2753 2488 3260 2567 πολυγραφώτατος
3305 2488 3434 2543 fuit.
3472 2488 3677 2543 Ausim

2023 2586 2214 2640 dicere
2249 2585 2569 2639 neminem.
2602 2600 2689 2650 ea,
2722 2581 2808 2637 vel
2846 2582 3241 2651 subsequente
3269 2583 3452 2643 aetate,
3484 2577 3677 2633 Graece

2020 2674 2108 2729 vel
2143 2673 2431 2729 invenisse
2474 2671 2690 2734 acrius,
2733 2670 2821 2725 vel
2872 2670 3177 2724 ordinasse
3227 2667 3443 2738 aptius,
3475 2666 3562 2720 vel
3594 2665 3677 2720 lo-

2020 2769 2225 2818 cutum
2258 2758 2746 2833 eloquentius,vel
2770 2758 3119 2830 profundius
3150 2773 3242 2812 res
3266 2760 3673 2827 pertractasse.

2017 2851 2191 2907 Nulla
2225 2852 2336 2906 fuit
2365 2849 2631 2918 scientia,
2685 2865 2861 2918 quam
2914 2847 3038 2918 ipse
3068 2847 3155 2901 vel
3199 2845 3354 2900 notis
3397 2861 3513 2899 non
3544 2843 3673 2898 illu-

2017 2942 2307 3009 straverit,
2339 2939 2425 2994 vel
2459 2938 2804 3009 compendio
2836 2954 2950 2991 non
2972 2934 3306 3003 tentaverit,
3327 2932 3416 2989 vel
3446 2935 3671 3004 optima

2016 3030 2295 3085 methodo
2328 3046 2443 3084 non
2476 3026 2813 3098 expedierit.
2848 3026 3082 3089 Eorum,
3112 3040 3240 3095 quae
3271 3022 3673 3094 scripsitque-

2016 3136 2129 3190 que
2157 3118 2227 3173 ad
2261 3118 2526 3173 notitiam
2578 3131 2765 3169 meam
2815 3129 3145 3184 pervenere,
3191 3112 3459 3183 quaedam
3515 3110 3675 3165 edita

242 3209 514 3259 auctores
547 3221 733 3259 unum
758 3205 830 3259 ab
859 3204 970 3260 alio
1002 3206 1268 3276 adjutum
1296 3206 1477 3262 fuisse
1501 3206 1905 3276 satisindicat,
1938 3188 1981 3255 (ἶ
2019 3188 2178 3272 sunt,
2208 3205 2475 3277 quaedam
2521 3204 2714 3259 adhuc
2766 3202 2991 3257 inedita
3024 3218 3037 3256 :
3072 3202 3143 3257 de
3194 3199 3365 3256 editis
3414 3199 3671 3270 primum

243 3292 335 3348 vel
370 3298 695 3364 utrumque
741 3294 813 3348 ab
863 3294 999 3363 alio,
1033 3299 1089 3349 et
1136 3312 1205 3350 ex
1255 3312 1371 3351 uno
1422 3297 1577 3351 fonte
1610 3296 1917 3369 utriusque

250 3384 641 3435 monumenta
666 3381 962 3436 corrivari.
996 3382 1260 3452 Cumque
1308 3400 1340 3437 a
1388 3399 1504 3454 quo
1552 3382 1778 3439 Psellus
1809 3402 1919 3440 sua

249 3469 523 3525 hauserit
556 3485 671 3524 non
705 3469 977 3536 habeam,
1020 3471 1221 3542 utique
1270 3471 1591 3543 Ephesium
1623 3488 1692 3527 ex
1722 3473 1917 3538 Pselli,

250 3559 367 3614 sive
400 3574 525 3624 ore,
564 3557 682 3612 sive
731 3560 1156 3629 monumentis,
1205 3561 1481 3631 quamuis
1532 3562 1920 3619 verosimilius

252 3663 321 3701 ex
372 3663 497 3715 ore,
552 3663 661 3701 sua
708 3647 1012 3715 habuisse,
1084 3665 1331 3720 esseque
1398 3649 1740 3705 Michaelem
1802 3652 1917 3705 Du-

252 3752 383 3789 cam
419 3735 878 3806 Parapinaceum
931 3737 1176 3802 dictum,
1230 3737 1402 3792 Pselli
1458 3738 1836 3810 discipulum,
1870 3741 1919 3795 si

255 3825 600 3894 conjectura
630 3824 852 3895 aliquid
887 3825 1070 3891 valeo,
1103 3827 1395 3882 existimo.
1431 3827 1534 3881 Hic
1568 3828 1747 3896 enim,
1780 3829 1917 3883 dum

258 3927 559 3966 summam
620 3912 853 3985 imperii
899 3920 1141 3982 teneret,
1190 3932 1224 3970 a
1292 3915 1481 3971 Psello
1526 3917 1787 3985 edoctus,
1821 3917 1920 3973 illo

259 4000 505 4066 amisso,
540 4001 598 4055 in
633 4002 922 4072 Ephesum
973 4003 1220 4075 delatus,
1272 4004 1433 4060 illius
1481 4004 1747 4061 Ecclesiae
1779 4007 1925 4061 anti-

252 4093 377 4143 stes
403 4094 803 4146 consecratur.
845 4096 1100 4148 Zonaras
1132 4093 1191 4148 in
1240 4094 1562 4149 Botaniata.
1614 4094 1675 4149 Ὀ
1710 4094 1804 4166 μὲν
1835 4115 1921 4149 τοι

257 4170 718 4250 προϐασιλευκὼς
768 4178 1025 4253 Μιχαὴλ,
1075 4181 1152 4242 ὡς
1203 4180 1435 4252 ε’ἷρηται,
1467 4182 1567 4249 τὴν
1613 4182 1781 4257 τρίχα
1822 4205 1922 4237 κα-

268 4265 401 4341 ρεῖς,
473 4265 563 4319 καὶ
623 4269 794 4344 ψήφῳ
874 4266 1132 4343 πνοόικῇ
1210 4270 1641 4345 Μητροπολίτης
1697 4273 1923 4345 Ἐφέσου

263 4353 717 4428 κεχειροτόνητο,
774 4356 865 4409 καὶ
934 4358 1069 4428 ἅπαξ
1124 4362 1389 4435 φοιτήσας
1445 4359 1554 4414 ἐκεῖ
1609 4360 1921 4431 ἐπανῆλθε,

254 4441 351 4495 καὶ
403 4441 456 4496 ἦν
492 4447 564 4516 τῇ
607 4447 705 4498 τοῦ
755 4446 1023 4515 Μανουήλ
1080 4451 1221 4521 μονῇ
1266 4447 1504 4503 ἐποιεῖτο
1548 4456 1646 4518 τῆν
1692 4448 1920 4508 δίαιταν.

256 4624 407 4675 ctum
476 4626 575 4687 est,
642 4626 868 4679 concilii
948 4626 1236 4697 quragiis
1310 4627 1511 4698 Ephesi
1583 4629 1922 4700 Metropolim

259 4715 502 4770 creatur.
536 4712 601 4765 Et
630 4728 759 4767 cum
788 4715 954 4769 semel
984 4731 1044 4771 eo
1090 4717 1349 4785 venisset,
1394 4733 1660 4783 reversus,
1705 4720 1766 4772 in.
1798 4723 1925 4774 Μα-

261 4800 447 4854 nuelis
476 4804 823 4856 monasterio
851 4805 1023 4858 vitam
1049 4806 1178 4876 egit.
1225 4804 1651 4861 Constantinus
1694 4807 1921 4863 Manas-

265 4902 412 4941 885:

2026 3311 2354 3353 sermonem
2387 3294 2719 3349 instituam.
2752 3291 2922 3346 Edita
2952 3294 3090 3345 sunt
3124 3307 3138 3344 :

2096 3382 2335 3439 XXXIV.
2372 3382 2540 3438 Pselli
2572 3383 2645 3437 De
2688 3382 2862 3436 victus
2911 3381 3145 3445 ratione,
3195 3378 3370 3446 deque
3396 3375 3683 3446 facultati-

2029 3475 2144 3541 bus,
2176 3480 2226 3529 et
2270 3474 2417 3527 succi
2466 3472 2755 3543 qualitate,
2808 3468 3228 3529 elementorum,
3280 3466 3413 3519 libri
3459 3462 3565 3519 duo
3610 3462 3681 3517 ad

2027 3565 2478 3621 Constantinum
2529 3562 2606 3633 (p)
2660 3562 3097 3633 imperatorem,
3167 3556 3391 3623 Latine,
3441 3554 3686 3625 Georgio

2026 3654 2191 3709 Valla
2236 3654 2575 3723 interprete,
2621 3668 2737 3705 una
2787 3666 2921 3704 cum
2982 3647 3189 3702 Rhazze
3236 3645 3309 3699 de
3354 3641 3688 3714 pestilentia

2026 3742 2195 3810 libro,
2231 3746 2288 3795 et
2330 3740 2575 3795 Joannis
2628 3738 2890 3792 Manardi
2943 3731 3333 3791 Ferrariensis
3383 3731 3441 3786 in
3490 3732 3683 3785 Artem

2030 3830 2231 3886 Galeni
2266 3828 2649 3899 expositione.
2704 3825 2963 3893 Basileac,
3014 3822 3170 3895 apud
3222 3821 3511 3875 Andream
3544 3819 3684 3873 Cra-

2028 3920 2330 3985 tandrum,
2355 3933 2510 3971 anno
2543 3915 2702 3977 1529,
2736 3914 2793 3967 in
2826 3916 2879 3968 8.

2099 4009 2338 4063 XXXV.
2375 4006 2648 4075 Ejusdem
2680 4003 2889 4057 iambos
2922 4002 2979 4054 in
3008 4001 3144 4055 vitia
3168 4006 3221 4053 et
3249 3996 3682 4061 virtutes.Item,

2030 4098 2312 4179 ﬁtnagogas
2344 4098 2401 4149 in
2432 4092 2759 4161 Tantalum,
2792 4090 3140 4161 Allegoriam
3160 4089 3223 4142 de
3244 4086 3505 4158 Sphinge,
3539 4085 3688 4139 Ana-

2030 4177 2224 4257 gogam
2256 4185 2315 4239 in
2349 4183 2716 4253 Circem,quse
2749 4180 2961 4235 volebat
2994 4178 3237 4249 Ulyssem
3262 4177 3687 4243 transformare.

2033 4273 2316 4330 Arsenius
2347 4270 2758 4326 Monembasiaa
2784 4266 3096 4337 episcopus
3128 4264 3322 4318 Romae
3355 4262 3431 4333 (q)
3463 4260 3690 4332 primus

2032 4362 2318 4433 vulgarat.
2370 4359 2587 4414 Deinde
2661 4355 2933 4428 pluribus
2976 4352 3120 4408 locis
3181 4350 3472 4416 restituta,
3520 4353 3696 4418 atque

2030 4451 2442 4521 interpolata,a
2475 4447 2736 4503 Conrado
2768 4440 3291 4508 Gesnero,Basilere
3323 4437 3696 4493 ediditJoan-

140 4584 151 4591 .
256 4533 492 4587 Hichael
527 4550 675 4599 vero,
700 4535 923 4605 pridem
970 4540 1287 4607 imperator,
1323 4547 1479 4593 tonsa
1522 4555 1710 4605 coma,
1741 4544 1801 4594 ut
1830 4542 1916 4595 di-
1954 4554 1996 4619 ι)
2028 4558 2132 4596 nes
2164 4537 2454 4609 Oporinus
2485 4535 2557 4606 (r)
2590 4550 2744 4588 anno
2779 4531 3004 4596 1544,ἱ[ι
3037 4532 3091 4598 8,
3118 4545 3235 4583 una
3265 4543 3398 4582 cum
3433 4524 3691 4580 Heracli-

2034 4630 2125 4684 dis
2148 4626 2371 4682 Pontici
2398 4622 2706 4694 Allegoriis
2728 4622 2786 4675 in
2811 4619 3046 4675 Homeri
3080 4616 3309 4672 fabulas
3333 4616 3403 4672 de
3428 4614 3541 4686 [24]
3560 4611 3677 4665 diis

2035 4719 2105 4773 de
2135 4717 2351 4787 quibus
2381 4714 2512 4768 vide
2546 4711 2698 4766 intra
2732 4710 2789 4764 in
2820 4709 3044 4765 Joanne
3080 4706 3267 4762 Psello
3298 4704 3327 4777 §
3358 4705 3445 4771 49,
3477 4704 3568 4769 56,
3599 4702 3689 4754 80.

2034 4806 2232 4861 Obiter
2260 4807 2316 4858 et
2348 4803 2440 4857 hic
2472 4798 3065 4855 animadvertendum
3116 4800 3227 4860 est,
3276 4792 3540 4848 carmina
3570 4790 3695 4854 illa,

2037 4911 2163 4966 quas
2195 4890 2505 4949 Federicus
2552 4886 2831 4944 Morellus
2878 4884 3119 4940 Lutetiaa
3169 4899 3323 4939 anno
3356 4881 3513 4945 1608,
3545 4878 3603 4933 in
3636 4879 3694 4945 8,

1870 4994 2103 5052 ΝΟΤᾸΞ.

339 5074 416 5145 (p)
450 5078 667 5130 Ducam
704 5077 793 5133 vel
826 5079 1302 5146 Monomachum,
1338 5084 1399 5135 ut
1430 5080 1679 5139 Allatius
1710 5083 1934 5139 notavit

259 5162 450 5226 supra
682 5165 811 5226 non
892 5150 1525 5226 Porphyrogennetam,
1594 5161 1657 5209 ut
1726 5154 1929 5226 Gyral-

261 5218 382 5299 dus
410 5234 479 5299 Ρ..
664 5221 735 5275 de
768 5222 978 5277 Poetis.
1005 5218 1385 5299 _Prodierunt
1426 5218 1602 5299 etiam
1656 5226 1713 5281 hi
1748 5218 1929 5299 libelli

262 5290 339 5368 de
373 5290 528 5368 victu
566 5290 972 5368 humanquna
1010 5294 1307 5368 cumuliis
1349 5296 1642 5351 variorum
1694 5298 1933 5368 scriptis

265 5361 346 5441 ab
379 5359 591 5441 eodem
619 5364 683 5417 G.
716 5364 884 5441 Valla
912 5366 1095 5441 versis
1129 5366 1337 5441 Venet._
1365 5368 1531 5441 1498,
1559 5369 1680 5435 fol.,
1716 5375 1777 5423 ut
1808 5359 1930 5423 edi-

260 5431 464 5503 tiones
494 5430 696 5503 Colon.
734 5437 891 5491 1526.
925 5438 978 5503 8,
1003 5442 1060 5492 et
1111 5437 1283 5493 Basil.
1316 5438 1454 5492 4457
1491 5430 1549 5493 in
1597 5443 1630 5493 8
1662 5430 1931 5496 omittam

264 5502 336 5557 In
370 5501 591 5580 libellis
621 5506 751 5580 istis
787 5501 1156 5580 imperatoris
1195 5510 1386 5580 jussu
1414 5510 1671 5565 collectis
1704 5512 1931 5567 nullum

267 5574 623 5662 scriptorem
666 5574 1127 5662 laudat'Psellus
1162 5574 1475 5662 praeter'.p.
1524 5583 1579 5647 8,
1626 5582 1931 5662 Galenum.

272 5646 355 5701 De
385 5646 595 5703 eodem
625 5655 980 5721 argumento
1014 5651 1115 5707 sed
1148 5646 1321 5723 plane
1379 5646 1647 5710 diversus
1678 5654 1825 5711 liber
1854 5655 1936 5709 Si-

2042 5080 2271 5136 meonis
2317 5077 2478 5134 Sethi
2525 5079 2715 5132 exstat
2763 5076 2836 5130 ad
2888 5070 3231 5128 Michaelem
3285 5074 3502 5124 Ducam
3551 5066 3696 5136 imp.

2042 5152 2135 5208 cui
2169 5150 2335 5205 valde
2368 5150 2561 5204 simile
2591 5148 2879 5215 scriptum
2907 5144 3068 5201 aliud
3099 5142 3287 5199 Psello
3317 5142 3605 5197 tributum
3627 5142 3701 5193 de

2042 5241 2155 5296 quo
2187 5222 2436 5296 Allatius
2460 5222 2613 5296 infra
2640 5222 2667 5287 §
2695 5220 2785 5296 5t.

2116 5295 2187 5365 (q)
2233 5295 2426 5349 Graece
2474 5293 2530 5365 ln
2580 5284 2759 5355 8,'ad
2829 5286 3047 5343 calcem
3098 5284 3700 5357 Apophthegmatum,

2042 5364 2219 5421 Leoni
2253 5368 2307 5419 X
2336 5364 2773 5433 inscriptorum.

2118 5439 2187 5509 (r)
2219 5439 2410 5491 Graece
2441 5422 2698 5509 tantum,
2731 5430 3070 5509 non-Crines
3100 5432 3156 5483 et
3188 5427 3409 5509 Latine,
3431 5431 3495 5479 ut
3524 5442 3555 5478 a
3579 5422 3696 5509 cla-

2044 5495 2278 5565 rissimo
2308 5514 2486 5563 Caveo
2519 5507 2576 5560 in
2628 5507 2760 5559 Hist.
2812 5502 3095 5557 litterario
3139 5502 3487 5568 scriptorum
3501 5495 3687 5568 eccles.

2047 5581 2366 5649 proditum,
2399 5580 2536 5634 licet
2565 5574 2840 5649 Heracliti
2869 5571 3177 5643 Allegoriis
3223 5566 3427 5625 Latina
3454 5566 3687 5620 illarum

2048 5648 2291 5708 Gesneri
2324 5649 2511 5706 versio
2542 5648 2875 5720 subjuncta.
