4040 6196
317 340 438 399 499

1709 330 1991 391 LEONIS
2039 331 2355 391 ALLA'I'lI

3614 329 3740 393 500

322 492 443 531 una
472 490 605 529 cum
636 472 922 529 Theodori
968 472 1267 528 Prodromi
1316 470 1729 526 dissertatione
1777 468 1847 522 de
1878 468 1975 522 Sa-
2005 467 2056 533 Α
2088 483 2242 521 anno
2272 468 2429 536 1557,
2461 467 2753 523 edendum
2786 465 3026 534 curavit,
3061 470 3358 539 postrema
3386 466 3516 537 ejus
3546 470 3739 538 parte,

320 565 542 638 pientia
572 563 766 618 Graece
796 562 981 617 edidit
1035 579 1162 617 esse
1194 566 1484 632 excerpta,
1520 556 1821 613 nonnullis
1845 561 1971 610 tan-

323 661 449 709 tum
497 653 690 708 verbis
742 652 1096 720 immutatis,
1146 668 1215 705 ex
1261 650 1353 704 his
1406 647 1577 703 Pselli
1633 646 1865 702 lambis.
1902 650 1977 700 Ea

326 742 435 797 sub
486 738 806 807 ’Δνωνύμου
854 741 1087 795 nomine
1141 732 1394 808 ’ἰάμϐους
1443 732 1805 805 ἡθοποιϊκοὺς
1856 734 1975 789 M0-

326 830 506 887 rellus
545 832 902 902 vulgaverat.
954 828 1110 883 Nihil
1166 828 1381 883 minus.
1435 825 1716 881 Phronesi
1748 829 1976 879 tantum

327 925 589 992 excepta,
644 919 869 989 reliqua
916 922 1057 972 sunt
1106 917 1177 971 de
1223 916 1615 987 philosophia,
1668 914 1978 980 rhetorica,

325 1014 382 1064 et
410 1008 813 1081 grammatica,
848 1025 995 1080 quae,
1030 1011 1317 1077 quantum
1362 1009 1627 1077 spectent
1661 1004 1728 1058 ad
1764 1018 1977 1071 mores,

320 1099 589 1169 judicent
619 1096 737 1151 alii.

395 1186 646 1242 XXXVI.
684 1186 958 1256 Ejusdem
1015 1184 1414 1252 Puraphrarin
1465 1186 1525 1238 in
1573 1182 1878 1238 Aristotelis
1910 1180 1978 1235 Ii-

330 1279 491 1330 brum
557 1272 685 1346 Περὶ
755 1270 1066 1347 ἑρμηνείας,
1138 1275 1210 1327 De
1277 1275 1742 1343 intei'prelrtione,
1797 1270 1982 1325 edidit

330 1365 520 1419 Graece
553 1364 753 1430 Aldus,
788 1362 1070 1428 Venetiis,
1106 1379 1238 1417 cum
1289 1361 1616 1429 Ammonio,
1648 1366 1704 1415 et
1737 1360 1969 1430 Magen-

326 1453 450 1509 tino
483 1453 642 1518 1503,
675 1453 735 1508 in
768 1450 888 1518 fol.;
924 1452 1191 1506 eamdem
1245 1451 1529 1505 latinitate
1582 1450 1855 1503 donatam
1892 1447 1980 1517 (ε),

329 1559 463 1598 cum
513 1542 777 1613 ejusdem
828 1539 999 1595 Pselli
1051 1539 1395 1611 compendio
1446 1542 1506 1594 in
1549 1540 1789 1609 quinque
1830 1552 1981 1591 voce:

331 1633 651 1703 Porphyrii,
702 1640 753 1686 et
804 1631 1111 1684 Aristotelis
1151 1629 1581 1699 praedicomenta
1617 1628 1855 1683 Basileae
1888 1643 1982 1681 ex-

331 1720 495 1775 cudit
526 1721 809 1775 Robertus
840 1718 1074 1773 Winter
1117 1719 1274 1787 1542,
1305 1718 1357 1771 8.
1394 1718 1528 1781 Quae
1583 1717 1790 1771 ultima
1822 1715 1984 1787 prius

2084 571 2211 625 quae
2243 562 2331 611 est
2363 557 2433 610 de
2464 555 2801 627 astrologia,
2844 557 3086 622 omissa,
3130 561 3255 610 tum
3292 554 3447 626 quod
3480 554 3743 624 antiquis

2084 645 2201 699 illis
2232 650 2424 714 egeret
2453 644 2785 701 Graecorum
2812 644 3307 713 tabulis,quarum
3333 643 3589 699 rationes
3613 643 3744 698 suis

2087 734 2450 805 temporibus
2482 751 2596 788 non
2630 734 2773 789 satis
2801 734 3223 805 congruebant,
3248 736 3375 787 tum
3408 733 3559 803 quod
3586 737 3746 786 esset

2088 825 2369 879 mendosa
2401 830 2605 896 praeter
2650 824 2821 889 alias,
2879 828 2936 877 et
2967 839 3034 878 ex
3064 839 3130 878 ea
3180 839 3241 878 se
3291 822 3445 877 haud
3480 822 3646 887 dum,
3676 826 3747 875 ut

2089 914 2213 984 ipse
2263 916 2556 984 praefatur,
2625 930 2693 968 ex
2751 912 3040 969 sententia
3108 912 3397 981 explicare
3462 910 3743 983 potuerit,

2089 1004 2259 1074 cujus
2304 1002 2427 1058 loco
2493 1002 2677 1059 Procli
2741 1003 3031 1074 sphaeram
3101 1001 3434 1056 substituit.
3508 1000 3743 1055 Editum

2089 1091 2198 1147 hoc
2248 1093 2400 1147 idem
2468 1091 2626 1163 Opus
2678 1108 2746 1147 ex
2810 1090 3003 1147 Vineti
3059 1090 3541 1162 interpretatione
3592 1090 3745 1144 Tur-

2091 1182 2228 1236 noni
2297 1182 2452 1253 apud
2525 1181 2836 1235 Claudium
2906 1179 3275 1246 Michaelem,
3347 1195 3503 1235 anno
3582 1179 3741 1233 1592.

2092 1271 2226 1325 Post
2254 1270 2464 1325 Vinetu
2477 1287 2529 1325 m
2552 1270 2852 1342 Xylander
2873 1286 3043 1324 suam
3070 1268 3617 1340 interpretationem
3654 1284 3754 1340 ag-

2090 1376 2330 1431 gressus
2362 1365 2469 1415 est.

2164 1457 2478 1513 XXXVIII.
2592 1456 2868 1528 Ejusdem
2972 1459 3233 1511 tractans
3320 1452 3448 1529 Περὶ
3534 1472 3750 1528 χρυσοο

2092 1544 2302 1615 ποιίας,
2334 1547 2406 1601 De
2435 1548 2571 1601 auri
2616 1545 2950 1616 conﬁciendi
2994 1546 3230 1612 ratione,
3280 1545 3352 1599 ad
3408 1544 3751 1599 Michaelem

2093 1636 2455 1691 Cerularium
2521 1635 2916 1707 patriarcham
3002 1632 3721 1705 Constantinopolitanum
3737 1677 3751 1702 ,

2094 1724 2393 1779 Dominico
2424 1722 2763 1778 Pizimentio
2797 1722 3110 1778 Vibonensi
3140 1723 3749 1792 interprete,unacum

332 1826 484 1864 anno
520 1809 657 1863 ’1540
688 1808 881 1863 Graece
933 1808 1172 1862 Parisiis
1207 1807 1363 1863 edita
1415 1808 1671 1875 luerunt,
1705 1824 1820 1860 una
1850 1821 1982 1859 cum
2018 1826 2064 1891 B
2096 1813 2424 1868 Democrito
2450 1812 2743 1879 Abderita,
2777 1811 3037 1883 Synesio.
3072 1810 3307 1882 Pelagio
3360 1816 3417 1865 et
3447 1810 3753 1882 Stephano

330 1899 592 1967 ejusdem
642 1897 1055 1952 Introductione
1102 1898 1163 1950 in
1211 1913 1311 1951 sea:
1361 1896 1735 1967 PhilosOphiw
1776 1894 1982 1950 modos,

329 1994 386 2043 et
415 2004 566 2042 anno
601 1986 758 2055 1541,
788 1987 873 2043 12.
908 1985 1125 2040 Ibidem
1162 2002 1262 2057 per
1281 1984 1564 2039 Jacobum
1598 1985 1984 2039 Foscarenum

328 2074 632 2132 Michaelis
664 2074 849 2129 filium
880 2074 1169 2128 latinitate
1217 2074 1453 2128 donata.
1506 2078 1566 2127 In
1621 2072 1735 2127 alio
1789 2071 1986 2126 codice

334 2163 738 2234 manuscripto
773 2161 1154 2233 Paraphrasis
1185 2160 1394 2216 titulus
1442 2162 1523 2217 ita
1572 2160 1842 2227 habetur,
1879 2164 1986 2212 Ua-

334 2252 592 2329 ράφρασις
634 2253 730 2303 τοῦ
774 2250 905 2325 Περί
951 2248 1260 2324 ἑρμηνείας,
1297 2248 1404 2302 ἀπὸ
1455 2254 1641 2326 φωνῆς
1673 2250 1767 2300 τοῦ
1798 2246 1987 2321 κυρίου

336 2339 650 2415 Βεστάρχου
689 2338 778 2392 καὶ
836 2336 1038 2392 ὑπάτου
1084 2342 1191 2391 τῶν
1244 2336 1562 2414 φιλοσόφων
1606 2340 1702 2391 τοῦ
1736 2334 1984 2392 Ψελλοῖλ

335 2430 705 2502 Paraphrasis
764 2431 821 2483 in
874 2430 1077 2484 librum
1126 2429 1199 2484 De
1250 2430 1734 2499 interpretatione,
1797 2443 1866 2482 ea:
1892 2442 1990 2483 ore

334 2520 553 2575 domini
574 2517 879 2573 Restare/ue
909 2528 963 2572 et
996 2518 1269 2588 ννίηείριέ
1316 2516 1763 2587 philosophorum
1797 2516 1985 2571 Pselli.

343 2608 486 2664 llinc
531 2606 726 2661 virum
778 2605 1204 2660 Vestarchatus
1258 2606 1431 2659 etiam
1476 2604 1781 2675 dignitate,
1833 2605 1988 2659 unde

337 2702 539 2769 postea
565 2694 908 2751 Vestarches
965 2692 1346 2748 nobilissimae
1399 2692 1630 2747 familiae
1672 2710 1883 2748 nomen
1906 2694 1986 2747 ir-

336 2786 540 2858 repsit,
574 2784 925 2855 insignitum
959 2782 1141 2837 fuisse
1171 2781 1527 2852 colligimus.

404 2881 680 2938 XXXVII.
718 2880 990 2950 Ejusdem
1050 2878 1215 2945 liber,
1251 2880 1310 2950 (ι)
1353 2880 1423 2934 de
1463 2886 1716 2951 quatuor
1765 2880 1991 2937 mathe-

339 2972 571 3027 maticis
602 2969 883 3033 scientiis,
927 2968 1314 3034 arithmetica,
1370 2969 1618 3038 musica,
1650 2970 1990 3041 geometria,

339 3061 534 3116 Graece
564 3063 621 3114 et
651 3058 856 3113 Latine
887 3057 1080 3112 editus
1114 3074 1247 3113 cum
1282 3057 1412 3112 aliis
1445 3060 1804 3129 auctoribus,
1838 3059 1989 3114 Wit-

341 3151 650 3221 temberga
704 3147 866 3216 1560,
917 3162 1021 3201 nec
1091 3162 1207 3201 non
1256 3146 1497 3203 Basileae
1549 3164 1652 3219 per
1700 3148 1987 3203 Joannem

338 3239 661 3310 Oporinum
696 3224 940 3306 1556,’8,
974 3234 1284 3291 Guilielmo
1317 3235 1618 3307 Xylandro
1652 3240 1988 3310 Augustano

340 3328 680 3398 interprete,
724 3341 858 3380 cum
912 3325 1211 3379 nonnullis
1267 3325 1530 3394 ejusdem
1581 3325 1860 3397 Xylandri
1894 3343 1992 3380 an-

344 3415 744 3472 notationibus
776 3415 835 3468 in
864 3413 1152 3468 eumdem.
1181 3412 1404 3475 Quibus
1436 3414 1677 3468 accessit
1708 3414 1990 3486 Xylandri

349 3506 419 3561 de
456 3502 848 3576 philosophia,
884 3506 940 3556 et
988 3502 1115 3572 ejus
1170 3501 1434 3573 partibus
1468 3519 1725 3566 carmen,
1756 3508 1811 3557 et
1843 3521 1988 3559 non-

346 3593 511 3651 nulla
553 3592 667 3649 alia
714 3591 978 3647 carmina
1030 3591 1243 3645 diversi
1293 3592 1643 3661 argumenti.
1696 3592 1853 3664 Opus
1884 3593 1991 3648 hoc

345 3683 575 3755 primus
606 3682 799 3737 Romae
832 3679 1026 3734 Graece
1058 3679 1518 3750 imprimendum
1570 3681 1791 3735 curavit
1820 3685 1991 3739 Arse-

347 3772 481 3827 nius
506 3769 920 3825 Monembasize
948 3767 1281 3839 episcopus,
1306 3770 1366 3821 in
1399 3786 1514 3840 qua
1562 3770 1819 3826 editione
1846 3771 1991 3826 scri-

342 3864 560 3932 pserat,
628 3859 915 3913 incertum
978 3872 1127 3926 esse,
1197 3856 1368 3911 Pselli
1432 3874 1503 3913 ne
1570 3876 1643 3914 an
1695 3860 1991 3932 Euthymii

343 3949 653 4019 cujusdam
686 3948 797 4018 [25]
829 3964 976 4017 opus
1026 3951 1201 4015 esset,
1251 3945 1544 4018 plerisque
1592 3953 1787 4004 tamen
1820 3950 1993 4005 Pselli

341 4037 546 4092 videri.
596 4034 693 4088 Καὶ
758 4038 928 4089 ταῦτα
992 4038 1069 4104 τῷ
1128 4032 1329 4102 ταύτης
1380 4035 1564 4109 πατρὶ,
1612 4034 1717 4091 ci’tt
1771 4035 1990 4098 Ψελλὸς

342 4126 432 4193 ἦν,
462 4124 537 4185 ὡς
569 4128 685 4185 τοῖς
712 4121 932 4177 πλείοσι
966 4120 1135 4193 δοκεῖ,
1160 4121 1237 4177 ε’ίτ
1270 4123 1579 4197 Ἐὐθύμιος,
1603 4125 1991 4200 χαριζόμενος,

343 4214 674 4287 Impressus
760 4229 992 4284 quoque
1098 4217 1186 4268 est
1288 4214 1367 4285 (ιι)
1480 4216 1720 4271 Parisiis
1802 4217 1995 4273 Graece

343 4321 495 4359 anno
547 4303 708 4368 1545,
792 4303 879 4369 12,
946 4319 1049 4374 per
1110 4302 1389 4358 Iacobum
1461 4304 1816 4376 Bogardum.
1867 4307 1993 4361 Non

342 4391 526 4448 multo
593 4396 725 4463 post
790 4390 946 4445 Elias
1014 4390 1276 4458 Vinetus,
1344 4393 1498 4463 quod
1592 4394 1792 4449 nullus
1859 4401 1994 4451 ante

342 4498 502 4552 sum,
531 4497 683 4537 anno
720 4481 875 4547 1553,
910 4479 1137 4552 primus
1172 4480 1442 4537 Latinum
1476 4482 1993 4556 fecit,Parisiisque

2094 1902 2505 1968 Alexandrino,
2551 1903 2621 1957 de
2671 1918 2884 1973 magna
2930 1906 2987 1956 et
3034 1917 3201 1955 sacra
3250 1905 3396 1966 arte,
3440 1900 3633 1955 editus
3667 1906 3760 1955 est

2098 1989 2314 2046 Patavii
2376 1992 2529 2063 apud
2573 1991 2872 2046 Simonem
2926 1990 3321 2061 Galignanum
3371 1989 3531 2059 1572,
3588 1989 3649 2044 in
3700 1992 3756 2045 8.

2096 2080 2245 2135 Dicti
2280 2084 2543 2134 auctores
2567 2096 2698 2135 cum
2733 2078 3029 2150 plerisque
3059 2078 3194 2133 aliis
3242 2079 3313 2133 de
3361 2079 3565 2133 eadem
3597 2082 3747 2148 arte,

2095 2170 2249 2224 inter
2278 2186 2422 2239 quos
2456 2169 2731 2241 ρι’ωοίρυί
2764 2178 2937 2223 erunt
2970 2168 3261 2233 Zosimus,
3294 2167 3756 2240 Olympiodorus

2098 2258 2507 2313 Christianus:
2553 2263 2609 2313 et
2656 2257 2917 2313 carmine
2967 2256 3333 2327 Heliodorus,
3384 2256 3764 2320 Hierotheus.

2095 2348 2555 2419 Theophrastus,
2587 2346 2928 2411 Archelaus,
2960 2351 3017 2402 et
3047 2345 3144 2401 alii
3177 2363 3290 2401 non
3324 2346 3757 2401 contemnendi

2100 2437 2303 2508 lingua
2354 2436 2579 2503 Latina,
2649 2436 2841 2491 Graece
2893 2441 2949 2491 et
3008 2435 3208 2492 Latine
3257 2452 3440 2490 unum
3485 2442 3761 2491 nostrum

2102 2526 2393 2582 variorum
2444 2526 2825 2596 antiquorum
2893 2523 3186 2592 volumen,
3245 2541 3377 2579 cum
3429 2525 3649 2579 nostris
3684 2526 3763 2579 de

2098 2617 2301 2671 eadem
2335 2631 2393 2670 re
2427 2613 2779 2683 tractatulis,
2801 2613 2859 2668 ni
2894 2614 3038 2669 meis
3071 2612 3288 2668 studiis
3319 2628 3553 2683 semper
3575 2612 3763 2668 Musae

2101 2705 2353 2760 adversa:
2386 2705 2621 2769 fuerint,
2667 2703 2947 2775 chymiczs
2996 2701 3139 2758 artis
3189 2701 3401 2757 deditis
3444 2718 3559 2757 non
3592 2701 3760 2773 inju-

2102 2794 2387 2864 cundum,
2433 2793 2792 2849 conflabunt.
2844 2792 3443 2847 Animadvertendum
3484 2791 3689 2857 etiam,
3727 2808 3763 2847 ιι

2103 2882 2440 2938 Pizimentio
2471 2881 2625 2936 male
2675 2879 2982 2953 epistolam
3037 2878 3207 2935 Pselli
3257 2880 3328 2935 ad
3376 2879 3757 2951 Xiphilinum

2100 2971 2402 3037 directam,
2435 2971 2508 3042 (v)
2540 2969 2639 3041 qui
2671 2970 2926 3025 Joannes
2957 2969 3283 3035 dicebatur,
3330 2984 3445 3024 non
3480 2967 3753 3033 Michael,

2102 3060 2214 3116 nisi
2257 3060 2502 3115 velimus
2553 3059 2744 3114 dicere
2807 3056 3061 3113 Psellum
3112 3057 3387 3112 eumdem
3436 3061 3759 3111 tractatum

2103 3154 2327 3204 mutato
2361 3148 2482 3204 solo
2518 3148 2756 3203 nomine
2787 3147 2995 3203 amicis
3028 3146 3297 3218 pluribus
3330 3146 3761 3213 divenditasse,

2100 3238 2254 3309 quod
2289 3236 2421 3293 aliis
2450 3238 2627 3292 etiam
2662 3235 2920 3292 solemne
2947 3235 3077 3291 fuit.
3129 3240 3195 3290 Et
3244 3250 3316 3290 ne
3364 3234 3510 3291 alios
3546 3251 3761 3291 recen-

2100 3326 2303 3397 sendo,
2352 3330 2588 3397 tempus
2636 3330 2957 3393 conteram,
3017 3325 3162 3380 satis
3218 3323 3360 3379 mihi
3410 3323 3519 3379 erit
3565 3340 3757 3378 unum

2100 3417 2213 3488 [26]
2246 3420 2473 3471 tantum
2496 3416 2555 3470 in
2589 3414 2850 3470 medium
2882 3414 3268 3484 alferre,quod
3297 3413 3368 3469 ob
3402 3413 3761 3485 dignitatem

2101 3506 2380 3574 auctoris,
2432 3505 2648 3559 mirum
2711 3501 3007 3559 nonnullis
3054 3502 3365 3557 videbitur.
3419 3502 3559 3566 Quis
3588 3502 3757 3557 enim

2100 3596 2297 3651 credet
2344 3595 2679 3664 Isocratem,
2730 3597 3028 3648 oratorum
3108 3591 3252 3647 illud
3317 3608 3382 3646 ac
3444 3590 3757 3647 rhetorum

2101 3701 2342 3752 numen,
2378 3682 2544 3755 quasi
2579 3698 2771 3738 rerum
2806 3680 3168 3753 argumentis
3215 3681 3588 3745 destitutum,
3620 3680 3759 3736 ino-

2104 3774 2317 3846 piaque
2394 3771 2536 3827 artis
2603 3771 2745 3826 adeo
2822 3770 3050 3839 rudem,
3128 3786 3301 3824 unam
3364 3770 3763 3841 eamdemque

2103 3861 2447 3933 orationem,
2481 3861 2609 3931 ejus
2642 3859 2878 3914 nomine
2908 3857 3098 3913 solum
3129 3857 3548 3928 immutato,ad
3571 3874 3760 3929 quem

2101 3951 2410 4017 direxerat,
2443 3948 2767 4021 paucisque
2797 3946 2949 4010 aliis,
2976 3945 3265 4017 pluribus,
3300 3962 3430 4001 raro
3460 3947 3763 4018 exemplo.

2103 4038 2497 4111 inscripsisse,
2532 4038 2686 4108 quod
2736 4036 2869 4091 licet
2918 4034 3133 4089 sileant
3182 4034 3312 4089 libri
3359 4035 3657 4090 rhetorum
3696 4038 3763 4091 in

2103 4129 2259 4183 hunc
2292 4129 2447 4182 diem
2489 4125 2651 4193 editi,
2704 4125 2849 4179 forte
2898 4124 3047 4179 tanti
3098 4124 3364 4194 magistri
3408 4125 3764 4193 reverentia,

2104 4233 2219 4272 non
2252 4216 2433 4270 tacuit
2464 4218 2658 4269 tamen
2688 4216 2891 4267 auctor
2939 4210 3023 4265 illi
3071 4209 3375 4284 σύγχρονος
3414 4211 3663 4284 epistola
3684 4215 3765 4269 ad

2104 4305 2439 4377 Philippum
2461 4319 2675 4374 regem.
2714 4302 2926 4357 Locum
2961 4317 3027 4355 eo
3075 4300 3355 4355 libentius
3403 4300 3497 4356 hic
3526 4302 3768 4358 ascribo

2107 4395 2244 4467 quia
2292 4392 2728 4465 pulcherrimus
2777 4396 2884 4455 est,
2930 4394 2987 4444 et
3026 4406 3216 4459 rarus,
3267 4390 3347 4459 (ξε)
3392 4395 3449 4446 et
3495 4408 3525 4445 a
3567 4390 3763 4459 nullo,

2106 4483 2261 4556 quod
2292 4483 2497 4552 sciam,
2530 4482 2892 4535 observatus.
2924 4475 3167 4550 Ὁμοίως
3218 4474 3275 4531 δὲ
3320 4477 3409 4532 καὶ
3438 4478 3769 4554 Ἰσοκράτης

1935 4584 2174 4640 ΝΟΤᾸΕ.

414 4668 744 4739 (ε)ΑΙιθ.ῐὶηᾳ
794 4667 982 4723 versio
1029 4667 1458 4739 paraphraseos
1511 4671 1685 4726 Pselli
1760 4670 1818 4726 in
1890 4671 1992 4728 lib.

343 4736 476 4813 napi
505 4736 829 4813 ἄρμηνεξχς,
863 4736 1471 4813 studioquorumdam
1507 4744 1834 4797 amicorum
1867 4744 1990 4799 Nic.

345 4811 734 4868 hlartimhosii
768 4812 983 4882 prodiit
1016 4812 1193 4884 Paris.
1230 4812 1388 4876 1339,
1424 4814 1479 4884 74.
1515 4814 1815 4869 Editiones
1848 4832 1994 4884 quo-

341 4901 458 4955 que
486 4884 975 4955 Venetam1541.
1006 4882 1125 4955 Afol.
1178 4887 1234 4936 et
1281 4883 1678 4940 Basileensem
1726 4903 1778 4940 a.
1832 4882 1992 4942 1542.

344 4952 629 5010 memorat
660 4954 948 5009 Labbeus.
1004 4952 1202 5008 Exstat
1230 4960 1288 5009 et
1336 4955 1504 5010 Pselli
1552 4957 1903 5012 introductio
1934 4959 1993 5013 in

344 5043 445 5081 sex
497 5025 901 5100 philosophica
930 5026 1135 5100 modos
1184 5030 1241 5100 et
1288 5028 1699 5098 compendium
1733 5029 1995 5100 quinque

342 5094 549 5152 vocum
604 5094 901 5170 Porphyrii
955 5101 1016 5170 et_
1060 5098 1144 5170 de
1177 5096 1379 5170 decem
1421 5094 1767 5169 categoriis;
1798 5094 1991 5170 Venet,

345 5170 505 5233 1532,
529 5185 661 5222 cum
695 5167 958 5222 versione
988 5167 1189 5222 Jacobi
1221 5170 1545 5226 Foscareni.

415 5242 477 5310 (t)
511 5241 676 5295 Hunc
726 5239 943 5292 librum
1007 5238 1088 5307 (in
1140 5254 1253 5307 quo
1307 5240 1491 5295 multa
1521 5257 1552 5295 e
1579 5241 1811 5295 Theone
1844 5241 1989 5296 deli-

344 5312 503 5380 bata)
538 5311 759 5366 Psellus
792 5313 1042 5381 testatur
1079 5325 1177 5381 Aser
1208 5309 1516 5381 scripsisse
1564 5329 1716 5367 anno
1762 5316 1991 5369 Grazco-

342 5378 664 5449 rum’6516,
700 5381 757 5435 h.
791 5397 842 5436 e.
874 5378 1093 5435 Christi
1122 5380 1280 5434 1008.

417 5456 497 5520 (ιι)
541 5453 805 5508 Venetiis
852 5466 1105 5523 quoque,
1138 5452 1504 5523 anno1532,
1552 5455 1605 5521 8,
1654 5469 1780 5523 quis
1812 5454 1988 5510 editio

349 5525 545 5580 Graeca
576 5523 825 5581 occurrit
858 5521 1052 5577 Romae
1094 5521 1150 5574 in
1204 5522 1344 5577 bibl.
1394 5521 1728 5581 Barberina.
1784 5526 1988 5583 Latina

346 5611 481 5667 vero
532 5596 814 5667 Xylandri
858 5593 1274 5667 interpretatio
1324 5611 1554 5667 recusa
1624 5598 1798 5667 Lugd.
1860 5603 1984 5654 Bat.

342 5666 506 5737 1647,
538 5663 602 5723 in
629 5669 683 5723 8.
717 5664 1000 5722 Libellum
1030 5663 1197 5721 Pselli
1226 5665 1297 5722 de
1322 5664 1642 5739 Musica,ex
1664 5663 1768 5727 hoc
1787 5669 1986 5727 Tetra-

2105 4669 2267 4725 biblo
2300 4674 2643 4740 Lampertus
2675 4666 2933 4740 Alardus
2956 4684 3089 4723 cum
3124 4667 3304 4723 latina
3334 4686 3440 4724 sua
3471 4667 3769 4739 interpre-

2105 4742 2327 4813 tatione
2360 4739 2632 4813 subjecit
2700 4739 2849 4794 libro
2908 4756 3018 4795 suo
3080 4740 3149 4794 de
3196 4744 3454 4796 veterum
3502 4740 3763 4813 Musica,

2106 4812 2500 4884 Schleusinga:
2536 4813 2657 4877 136,
2685 4813 2771 4865 12.

2176 4886 2250 4955 (υ)
2285 4881 2471 4938 Etiam
2525 4885 2581 4938 in
2629 4884 2820 4955 Graeco
2857 4881 3069 4955 codice
3112 4881 3285 4955 regio,
3346 4882 3533 4955 Paris.
3579 4883 3768 4955 cujus

2106 4951 2511 5026 aphgraphum
2544 4954 2823 5026 beneficio
2854 4951 3099 5026 illustris
3124 4951 3232 5008 viri
3262 4953 3425 5008 Pauli
3448 4954 3765 5026 Vindingii

2106 5023 2398 5109 possideo,
2450 5023 3221 5109 nomep‘ijhilini‘e‘xstat
3248 5042 3260 5080 :
3292 5027 3395 5109 Τρῦ
3448 5023 3764 5109 pinnirapi-{ou

2104 5092 2190 5150 icui
2218 5096 2490 5173 πᾳνσόφου
2540 5092 3075 5173 Ψε).λοῦ“ἐπιστ9λὴ
3126 5095 3261 5169 πρὸς
3310 5094 3400 5173 rev
3443 5092 3760 5170 civim-carm:

2101 5164 2476 5244 natpzaipyj,v_
2519 5164 2819 5244 Ξιφιλῖνρν
2868 5165 3015 5244 ’ξτειῇΔ
3060 5164 3456 5244 χρήσοποιίας.
3693 5172 3761 5226 in

2102 5188 2353 5242 πατριαρ*
2381 5190 2445 5239 ην
2519 5185 2819 5244 ειφιΛῑνον
2868 5186 2934 5219 πε
2978 5187 2989 5218 ι
3074 5185 3456 5240 χρυσοποιῑας.
3544 5185 3621 5224 At
3693 5188 3761 5226 ιῑι

2102 5244 2299 5297 codice
2330 5190 2773 5296 6indobonensi
2823 5240 2893 5292 ad
2939 5185 3281 5294 iﬁchaelem
3344 5239 3762 5309 (Cerularium)

2102 5315 2396 5383 dirigitur,
2446 5314 2541 5387 ἰςρῦ
2590 5309 2906 5387 λυγωτᾲςου
2969 5310 3057 5387 xui
3116 5310 3397 5387 πανσόφου
3443 5311 3761 5387 {inscriptae

2100 5378 2266 5459 κυρεΞῦ
2286 5380 2529 5459 Μιχαὴλ
2559 5386 2655 5459 τοῦ
2673 5378 3061 5459 ’Ψᾲελλοῦ-ςπερὶ
3101 5378 3463 5457 χρυσοτὲοιίας
3487 5378 3626 5458 πρὸς
3647 5378 3758 5439 ’τὸν

2098 5451 2446 5531 πέτριάρχῆν
2473 5451 2989 5531 4κυύριονᾼΜιχαήλ.

2172 5525 2248 5591 (ai)
2284 5525 2657 5601 In"epistolis
2704 5525 3133 5582 Socraticorum
3185 5526 3257 5580 ab
3306 5525 3520 5582 Allatio
3570 5526 3758 5601 editis

2095 5616 2154 5672 p.
2184 5602 2274 5656 66.
