4040 6196
234 314 346 373 501

1501 315 1875 376 DIATRIBA
1918 312 2021 373 DE
2064 313 2408 375 PSELLIS.

3538 315 3657 376 502

234 440 425 511 ἐπειδή
486 445 606 505 νέος
666 445 760 516 μὶν
824 442 897 498 ὥν
946 443 1025 508 εἷς
1070 444 1161 500 τὸν
1215 443 1392 519 δῆμον
1446 447 1581 518 μετά
1625 446 1887 517 Τιμοθέου

2012 448 2336 517 operatione
2396 447 2711 504 daemonum
2777 446 2926 502 liber
2989 449 3019 500 é
3088 447 3282 501 Graeco
3362 448 3425 502 in
3500 447 3658 502 Lati-

232 533 352 595 καθ³
418 533 574 604 ὑμῶν
646 531 871 587 ὲπιστολ
884 533 939 595 ἃς

232 714 337 763 τῶν
447 710 575 781 ὑμῖν
684 711 1044 786 ὑπαρχόντων
1130 712 1347 786 ἀγαθῶν
1438 710 1841 787 παραλέλοιπεν
1882 754 1892 765 .

230 796 552 853 Απέσταλκε
584 796 641 853 δὲ
684 819 771 853 σοι
823 799 1017 873 Λόγον,
1052 800 1111 854 ’ὀν
1154 802 1215 854 τὸ
1267 801 1361 873 μὶν
1393 806 1609 872 πρῶτον
1662 797 1893 876 ἔγραψεν

227 884 569 961 Ἀγησιλάῳ,
635 888 803 963 μιχρά
859 885 1205 950 διασκευάσας
1263 889 1482 961 ὕστερον
1539 889 1740 944 ἐπώλει
1816 893 1894 960 τῷ

231 971 486 1038 Σικελῖας
542 976 793 1051 τυράννῳ
853 977 1133 1050 Διονυσίῳ.
1194 980 1268 1036 Τὸ
1328 976 1385 1033 δὲ
1437 978 1617 1052 τρίτον
1663 981 1731 1033 τὰ
1792 979 1889 1051 μὶν

227 1064 463 1141 ἀφελὼν,
496 1066 564 1119 τὰ
606 1064 663 1120 δὲ
709 1067 965 1139 προσθεὶς
1009 1066 1365 1139 ἐμνήστευσεν
1422 1064 1764 1142 Ἀλεξάνδρῳ
1812 1071 1891 1139 τῷ

226 1152 506 1226 Θετταλῷ,
536 1155 600 1208 τὸ
633 1151 689 1208 δέ
716 1153 1030 1209 τελευταῖον
1062 1160 1152 1209 νῦν
1194 1156 1333 1230 πρὸς
1384 1157 1441 1210 σὶ
1480 1156 1765 1232 γλίσχρως
1796 1156 1891 1209 αὐ-

224 1242 313 1298 τὸν
383 1244 766 1313 ἀπηκόντισεν.
834 1248 898 1301 Id
962 1252 1052 1302 est
1103 1264 1116 1301 :
1175 1247 1452 1303 Similiter
1515 1253 1567 1303 et
1630 1250 1892 1303 Isocrates

215 1334 446 1403 juvenis
479 1335 679 1401 adhuc,
710 1352 823 1389 una
872 1352 995 1390 cum
1052 1336 1347 1403 Timotheo,
1397 1346 1591 1392 contra
1630 1352 1720 1392 vos
1770 1338 1889 1406 epi-

224 1422 403 1479 stolas
428 1426 660 1495 probris
686 1425 879 1496 plenas
909 1424 979 1479 ad
1001 1426 1269 1497 populum
1308 1426 1695 1493 scriptitabat;
1744 1442 1892 1480 nunc

222 1528 413 1582 senex,
447 1516 568 1569 sive
597 1515 803 1581 volens,
835 1516 954 1570 sive
985 1515 1289 1571 invidentia
1331 1517 1593 1583 percitus,
1646 1532 1731 1569 res
1777 1531 1888 1569 ves-

224 1608 341 1657 tras
377 1620 545 1674 quam
574 1605 867 1675 plurimas,
918 1621 1115 1675 easque
1161 1606 1327 1661 bonas
1374 1606 1600 1659 silentio
1647 1609 1889 1673 praeter-

222 1693 308 1746 iit.
346 1692 604 1764 Misitque
631 1693 702 1747 ad
730 1696 785 1747 te
814 1702 1144 1765 orationem,
1196 1711 1361 1764 quam
1400 1696 1652 1765 primum
1698 1694 1886 1762 Agesi-

225 1780 315 1836 lao
384 1782 773 1852 inscripserat,
839 1786 893 1838 et
954 1786 1149 1854 paucis
1230 1785 1538 1839 immutatis
1621 1784 1886 1853 Dionysio
1918 1811 1964 1875 Β

221 1870 435 1925 Siciliae
466 1875 713 1941 tyranno
746 1872 995 1928 venalem
1048 1872 1330 1937 exhibuit,
1385 1875 1633 1942 tertium,
1692 1872 1887 1927 multis

220 1958 431 2013 additis
499 1960 800 2031 multisque
874 1960 1157 2028 detractis,
1244 1962 1561 2017 Alexandro
1639 1962 1885 2016 Thessalo

221 2048 532 2119 despondit,
582 2067 730 2104 nunc
773 2049 997 2105 tandem
1043 2051 1114 2105 ad
1163 2056 1215 2107 te
1263 2052 1641 2121 illiberaliter,
1690 2060 1750 2106 ut
1804 2054 1885 2105 ita

220 2136 403 2193 dicam
429 2138 748 2208 ejaculavit.
786 2139 1297 2210 Elegantissimam
1326 2141 1495 2211 hanc,
1522 2145 1579 2196 et
1627 2140 1883 2211 reliquas

221 2226 477 2281 Socratis
510 2233 567 2281 et
597 2226 846 2282 aliorum
876 2227 1301 2283 Socraticorum
1334 2228 1613 2300 epistolas
1645 2228 1883 2283 Latinas

215 2318 340 2387 jam
375 2324 552 2373 antea
582 2336 618 2373 a
646 2335 739 2374 me
770 2319 971 2385 factas,
1018 2319 1381 2391 antiquitatis
1431 2319 1883 2392 vestigatoribus

224 2424 402 2478 quam
437 2407 704 2479 primum
738 2408 1211 2464 communicabo.
1245 2410 1352 2463 Sed
1388 2410 1459 2464 ad
1509 2426 1650 2464 rem.
1708 2409 1883 2464 Lilius

223 2496 516 2568 Gyraldus
546 2496 903 2570 Dialogismo
932 2499 966 2551 8
998 2497 1487 2563 narrat,libellum
1521 2498 1877 2569 bunc,quem

221 2590 390 2640 vocat
420 2584 754 2648 aureolum,
788 2586 939 2641 inter
966 2591 1328 2658 pervetuslos
1379 2586 1606 2642 codices
1656 2589 1883 2643 Graecos

224 2677 550 2742 repertum,
582 2687 877 2744 manuque
911 2689 1019 2728 sua
1069 2673 1426 2746 exscriptum
1476 2674 1610 2730 Pico
1663 2674 1882 2729 Miran-

222 2761 373 2816 dulaa
424 2779 488 2817 se
540 2761 876 2829 tradidisse,
936 2778 1371 2834 exornasseque
1428 2762 1537 2818 hoc
1593 2763 1882 2835 epigram-

226 2854 381 2904 mate
420 2867 433 2905 :

225 3027 285 3081 Si
317 3026 468 3080 velut
499 3024 790 3081 ίΕεοηίᾱεε
817 3026 1115 3096 Nepheleia
1149 3025 1361 3083 vellera
1390 3028 1615 3098 quaeris,

294 3102 416 3155 Non
445 3114 550 3168 per
580 3098 834 3169 Cyaneas
865 3099 973 3152 illa
1002 3099 1231 3168 petenda
1261 3103 1463 3169 petras.

224 3173 288 3225 Si
314 3186 439 3237 quae
472 3167 753 3223 Tantaleis
786 3167 1071 3224 latuerunt
1100 3167 1306 3225 a’dibus
1337 3172 1504 3241 Atrei,

291 3242 412 3295 Non
442 3256 510 3295 ea
546 3242 802 3295 Tantalea
828 3242 1028 3310 fraude
1053 3243 1315 3312 paranda
1344 3242 1469 3296 tibi.

225 3314 589 3381 Hesperidum
611 3314 665 3365 si
695 3312 849 3366 mala
878 3315 1032 3380 cupis
1058 3319 1275 3367 servata
1305 3314 1567 3382 Dracone,

292 3385 416 3439 Non
444 3400 579 3453 opus
609 3384 891 3450 Herculeo,
926 3386 1052 3439 Pice
1084 3386 1265 3440 labore
1295 3386 1415 3440 tibi.

222 3455 283 3510 Si
307 3456 593 3525 quidquid
623 3456 801 3525 nigris
832 3458 965 3510 auri
993 3454 1248 3525 defertur
1271 3457 1336 3510 ab
1369 3455 1546 3524 Indis,

296 3531 415 3582 Non
449 3533 530 3581 est
560 3543 685 3580 cum
715 3528 963 3581 trucibus
991 3544 1175 3597 pugna
1201 3531 1391 3593 futura
1416 3529 1574 3597 feris.

226 3598 335 3668 :27]
375 3598 436 3652 Si
463 3598 732 3668 quidquid
764 3601 938 3668 Lydis
968 3598 1053 3651 vel
1084 3601 1252 3653 lberis
1282 3600 1524 3653 volvitur
1553 3600 1739 3666 undis,

294 3672 413 3724 Non
444 3672 551 3724 tibi
577 3686 673 3738 per
701 3679 890 3739 gentes
922 3674 1080 3739 longa
1111 3671 1335 3725 terenda
1364 3674 1459 3725 via
1491 3679 1587 3725 est.

224 3742 427 3798 Omnes
458 3756 575 3796 ecce
606 3741 711 3795 tibi
740 3744 947 3813 ignotos
970 3758 1298 3811 quacunque
1324 3743 1619 3813 parandos,

301 3814 623 3883 Thesauros,
652 3829 823 3883 parvo
853 3812 1034 3868 codice
1064 3814 1289 3869 Psetlus
1320 3815 1500 3869 habet.

296 4010 447 4065 Hinc
478 4010 755 4081 frequens
787 4008 947 4065 illius
979 4010 1293 4077 mentio,et
1324 4011 1613 4066 dictorum
1643 4027 1883 4066 examen

226 4100 379 4169 apud
451 4099 737 4154 Joannem
801 4100 1172 4154 Franciscum
1234 4100 1431 4155 Picum
1489 4100 1546 4154 in
1600 4100 1768 4155 libris
1816 4101 1887 4155 de

222 4192 402 4257 Auro,
459 4190 561 4244 sed
622 4187 913 4259 praecipue
970 4205 1097 4259 cap.
1130 4189 1183 4257 _2
1238 4188 1339 4244 lib.
1399 4207 1461 4256 ιι,
1510 4191 1889 4245 Democritica’

222 4285 376 4331 sectae
444 4280 493 4331 et
563 4277 895 4333 Abderiticae
960 4278 1106 4331 inter
1179 4278 1500 4333 Aristotelis
1566 4280 1889 4349 interpretes

224 4365 465 4420 Michael
495 4366 715 4421 Psellus
746 4382 854 4421 non
886 4367 1064 4420 solum
1096 4368 1365 4432 meminit,
1407 4368 1506 4422 sed
1551 4384 1584 4421 a
1633 4383 1689 4422 se
1738 4383 1885 4421 reve-

224 4456 347 4509 lata
396 4456 592 4509 scribit
638 4456 759 4525 ejus
809 4470 1045 4509 arcana.
1102 4456 1206 4509 Hic
1252 4457 1403 4510 enim
1431 4460 1547 4527 post
1578 4456 1884 4522 Rhetorica,

1020 534 1252 609 αἰσχρὰς
1328 530 1580 610 ἔγραφεν,
1657 534 1772 589 νυνὶ
1843 531 1887 588 δί

2009 552 2152 590 num
2184 538 2264 607 (ῃ)
2297 552 2614 591 conversus
2647 540 2736 591 est
2789 553 2821 591 a
2865 536 3033 590 Petro
3082 535 3317 590 Morello
3366 536 3435 606 (π.)
3481 536 3658 591 Turo-

234 615 547 692 πρεσϐύτης
604 617 700 687 ὤν,
760 623 945 697 ὥσπερ
1007 623 1167 692 ἑκὼν,
1213 626 1247 692 ἢ
1306 630 1517 701 φθονῶν
1563 625 1630 678 τὰ
1668 624 1897 679 πλεῖστά

2008 625 2198 690 nensi,
2234 625 2548 697 aditusque
2583 626 2786 681 Latine
2817 640 2949 680 cum
2986 625 3324 679 Prael‘atione
3368 624 3653 679 Francisci

2008 716 2373 771 Feuardentii
2425 718 2666 772 Parisiis
2718 718 2872 787 apud
2929 716 3284 772 Gulielmum
3334 716 3655 770 Cbaudiere

2004 805 2165 872 4577,
2198 806 2251 874 8,
2285 811 2337 860 et
2372 823 2525 861 anno
2560 808 2716 860 1615.
2753 806 2992 861 Lutetiae
3025 806 3384 861 Parisiorum
3418 803 3572 858 notis
3623 821 3657 857 a

2003 911 2066 949 se
2099 894 2458 949 illustratum
2509 896 2737 965 primus
2786 895 2979 950 Graece
3030 898 3118 965 (ex
3166 896 3396 949 duobus
3446 910 3660 948 manu-

2002 983 2238 1053 scriptis
2273 1001 2378 1038 suo
2410 990 2465 1039 et
2498 984 2741 1054 Morelli)
2772 982 3657 1050 ediditGilbcrtusGaulminus,

2003 1088 2135 1125 cum
2172 1072 2651 1142 interpretatione
2688 1073 2892 1128 Latina
2923 1074 3190 1143 ejusdem
3226 1070 3661 1127 Morelli.Plura

2000 1159 2139 1215 item
2200 1178 2269 1215 ex
2327 1164 2528 1217 eodem
2592 1162 2829 1234 Dialogo
2888 1169 3176 1231 excerpta,
3241 1161 3441 1216 Latina
3506 1161 3658 1215 facta

1998 1249 2211 1304 Joanni
2246 1251 2476 1315 Medici,
2498 1268 2615 1305 una
2645 1269 2776 1306 cum
2811 1251 2940 1306 aliis
2972 1268 3039 1305 ex
3070 1249 3653 1318 Jamblicho,Proclo,

2000 1338 2342 1411 Porphyrio,
2378 1340 2676 1395 Marsilius
2736 1340 2969 1395 Ficinus
3019 1345 3478 1410 nuncupaverat.
3512 1340 3652 1393 Ges-

1999 1444 2175 1483 nerus
2210 1429 2498 1499 scriptum
2533 1430 2790 1499 reliquit,
2827 1430 3079 1484 Psellum
3114 1430 3262 1483 duos
3310 1429 3378 1481 de
3429 1433 3653 1483 Daemo-

1999 1517 2175 1571 nibus
2238 1516 2419 1573 libros
2488 1519 2818 1588 scripsisse,
2882 1535 3029 1588 quos
3090 1517 3304 1589 Diegus
3355 1517 3652 1572 Hurtadus

1997 1607 2250 1662 Venetiis
2310 1608 2672 1678 possidebat,
2725 1609 3043 1678 excusique
3109 1613 3272 1661 erant
3343 1609 3541 1660 Latine
3592 1606 3652 1660 in

1996 1696 2229 1749 officina
2259 1696 2408 1749 Aldi.
2451 1697 2524 1750 De
2577 1695 2838 1751 Hurtado
2889 1695 3037 1750 nihil
3088 1696 3238 1749 dico.
3288 1696 3368 1750 De
3420 1693 3654 1749 ofﬁcina

1997 1784 2128 1837 Aldi
2159 1784 2370 1840 falsum
2400 1790 2489 1840 est
2520 1784 2598 1839 ibi
2633 1784 2739 1840 hos
2770 1786 2917 1841 duos
2948 1784 3127 1839 libros
3158 1784 3228 1839 de
3278 1784 3645 1838 damonibus

1996 1890 2125 1929 esse
2172 1873 2515 1945 impressos,
2551 1891 2679 1929 cum
2723 1875 2781 1929 in
2836 1874 2934 1929 illa
2981 1874 3233 1929 editione
3282 1872 3429 1927 nihil
3484 1872 3641 1927 aliud

1996 1964 2388 2031 contineatur,
2483 1979 2659 2033 quam
2759 1968 3029 2034 excerpta
3123 1962 3225 2017 illa
3318 1962 3642 2025 Ficiniana,

1994 2052 2211 2122 saepius
2260 2052 2337 2121 (a)
2370 2052 2575 2107 multis
2607 2053 2665 2106 in
2697 2052 2847 2107 locis
2873 2053 3052 2118 edita,
3077 2052 3280 2107 eodem
3313 2050 3538 2115 ordine,
3572 2066 3639 2105 ac

1994 2141 2396 2195 distinctione.
2430 2141 2781 2197 Gaulminus
2811 2142 3100 2212 conjectat
3131 2157 3199 2196 ex
3228 2140 3421 2195 verbis
3451 2139 3639 2211 ipsius

1993 2229 2167 2284 Pselli
2198 2230 2257 2283 in
2289 2230 2403 2285 line
2433 2230 2652 2301 dialogi
2700 2232 2771 2286 de
2820 2230 3209 2299 demonibus,
3259 2229 3441 2284 libros
3488 2229 3638 2283 duos

1992 2320 2320 2389 scripsisse.
2382 2320 2537 2390 quod
2600 2318 2847 2375 latuisse
2907 2320 3252 2390 interpretes
3310 2317 3637 2386 Moralium,

1992 2415 2048 2463 et
2072 2409 2355 2473 Ficinum,
2387 2409 2515 2463 ideo
2538 2408 2791 2463 maxime
2812 2412 2963 2479 quod
2988 2409 3047 2462 in
3072 2407 3359 2479 execr-ptis
3390 2422 3420 2460 θ
3453 2406 3639 2462 Psello

1994 2515 2119 2570 qum
2154 2514 2306 2553 «cum
2368 2497 2654 2569 excerptis
2718 2497 2934 2569 pariter
2988 2498 3101 2567 [‘28]
3157 2513 3225 2551 ex
3286 2493 3637 2561 Jamblicbo,

1990 2586 2214 2654 Proclo,
2270 2592 2328 2641 et
2377 2586 2692 2658 Porphyrio
2758 2587 2917 2641 edita
2972 2592 3131 2651 sunt,
3185 2584 3382 2655 aliqua
3434 2582 3641 2639 ultimo

1993 2677 2182 2747 capite
2211 2676 2437 2743 afferat,
2473 2692 2601 2747 qua:
2632 2676 2947 2748 desumpta
2994 2692 3063 2731 ex
3111 2674 3368 2730 secundo
3418 2672 3539 2738 illo,
3592 2673 3642 2727 si

1992 2767 2129 2837 quis
2158 2770 2266 2835 est,
2300 2765 2449 2820 libro
2481 2765 2664 2820 videri
2696 2770 2964 2837 possunt.
3006 2764 3241 2835 Optima
3284 2763 3641 2832 conjectura,

1991 2860 2049 2909 et
2094 2854 2326 2910 veritati
2377 2855 2785 2921 consentiens;
2838 2872 2965 2926 qua:
3014 2854 3171 2909 enim
3228 2854 3286 2907 in
3338 2868 3404 2907 eo
3456 2850 3643 2922 capite

1992 2944 2389 3007 continentur.
2446 2961 2604 3007 cum,
2664 2949 2727 2998 ut
2788 2944 3169 2998 manifestum
3243 2941 3458 3013 legenti
3513 2956 3643 2995 esse

1992 3037 2205 3103 potest,
2230 3031 2288 3086 in
2323 3032 2431 3087 hoc
2458 3032 2696 3104 Dialogo
2731 3049 2845 3087 non
2878 3032 3226 3099 habeantur,
3247 3047 3315 3087 ex
3350 3030 3462 3086 alio
3494 3029 3643 3084 libro

1992 3123 2306 3192 desumpta
2340 3136 2467 3175 esse
2499 3137 2731 3176 necesse
2762 3126 2868 3176 est.
2902 3121 3048 3176 Sunt
3078 3124 3293 3189 autem,
3321 3136 3391 3174 ne
3418 3118 3643 3173 diutius

1993 3215 2048 3265 te
2079 3210 2393 3276 detineam,
2428 3209 2630 3274 lector,
2663 3228 2730 3265 ex
2760 3214 3014 3265 tractatu
3047 3211 3311 3279 ejusdem
3364 3206 3534 3262 Pselli
3582 3206 3641 3259 in

1990 3300 2143 3355 hanc
2209 3300 2477 3355 eamdem
2545 3316 2666 3354 rem
2735 3300 2840 3354 sub
2906 3299 3016 3355 hoc
3075 3297 3266 3366 titulo,
3325 3295 3463 3352 Τίνα
3520 3293 3643 3367 περὶ

1990 3384 2263 3459 δαιμόνων
2295 3384 2603 3456 δοξάζουσιν
2636 3384 2928 3455 ’Έλληνεςσ
2964 3388 3231 3455 Quaenam
3259 3387 3369 3441 sint
3413 3384 3479 3439 de
3526 3384 3643 3440 dw-

1991 3479 2243 3533 monibus
2273 3480 2555 3547 Opiniones
2590 3477 3111 3546 Graecorum-cujus
3143 3473 3502 3546 principium
3532 3472 3647 3527 tale

1992 3577 2100 3636 est,
2157 3566 2218 3622 Ὀ
2286 3565 2379 3637 μὶν
2441 3564 2709 3640 ἡμέτερος
2765 3563 2927 3639 λόγος
2989 3562 3328 3635 προαιρέσεις
3384 3560 3473 3615 καὶ
3534 3566 3648 3621 τοῖς

1993 3653 2253 3728 ἀγγέλοις
2299 3651 2507 3715 διδούς.
2558 3656 2665 3719 Qui
2727 3672 2798 3711 an
2860 3672 3013 3709 unus
3068 3655 3145 3709 sit
3195 3671 3327 3709 cum
3386 3652 3646 3708 secundo

1994 3745 2354 3800 Hurtadiano
2385 3762 2499 3800 non
2534 3746 2726 3799 ausim
2760 3744 3054 3799 afﬁrmare
3088 3761 3100 3799 :
3134 3748 3190 3799 et
3222 3742 3543 3814 praesertim
3586 3740 3644 3795 in

1994 3834 2103 3890 hoc
2131 3836 2432 3906 scriptore,
2470 3834 2565 3889 cui
2616 3850 2731 3889 non
2786 3833 3022 3888 defuere
3069 3833 3222 3887 vires
3271 3829 3642 3903 eloquentiae,

1997 3940 2101 3979 nec
2133 3928 2613 3995 argumentorum
2648 3923 3057 3994 copia,quibus
3088 3923 3347 3978 eamdem
3382 3936 3501 3975 rem
3529 3936 3646 3976 non

1996 4013 2199 4079 semel,
2234 4015 2332 4069 sed
2368 4012 2589 4085 pluries
2639 4016 3053 4083 pertractaret;
3103 4016 3167 4065 ut
3208 4010 3402 4066 videre
3448 4014 3539 4064 est
3585 4010 3645 4063 in

1998 4101 2130 4157 aliis
2162 4102 2232 4156 ab
2265 4118 2329 4156 eo
2362 4101 2730 4171 conscriptis.
2768 4101 2938 4155 Porro
2971 4099 3078 4154 hos
3110 4100 3258 4155 duos
3304 4101 3376 4154 de
3424 4103 3644 4153 Daemo-

1998 4190 2172 4244 nibus
2224 4189 2404 4245 libros
2452 4188 2551 4243 alii
2605 4189 2875 4244 tribuunt
2938 4188 3201 4243 Michaeli
3262 4188 3530 4259 Ephesio,
3583 4191 3648 4241 ut

1998 4278 2201 4333 scribit
2235 4278 2584 4333 Possevinus
2617 4278 2675 4331 in
2708 4280 3245 4349 Apparatu.Eorum
3279 4276 3336 4329 in
3373 4276 3645 4330 Latinum

1996 4366 2184 4420 versio
2215 4366 2419 4421 incerti
2468 4366 2681 4437 legitur
2732 4369 2787 4421 in
2844 4367 2981 4421 Cod.
3034 4366 3193 4433 3122,
3247 4364 3647 4433 manuscripto

2000 4456 2319 4511 Vaticano:
2372 4460 2429 4509 et
2476 4457 2546 4509 de
2600 4455 2972 4510 [)azmonibus
3020 4458 3292 4525 excerpta
3341 4469 3410 4508 ex
3463 4452 3645 4508 Psello

229 4544 521 4611 Historica,
556 4545 798 4613 Poetica,
831 4543 1242 4611 Mathematica,
1274 4547 1493 4617 scripsit
1519 4550 1570 4600 et
1601 4546 1881 4616 Chymica,
1915 4547 1961 4611 Ι)
1994 4561 2096 4614 per
2144 4544 2431 4599 Joannem
2482 4544 2766 4599 Jacobum
2816 4543 3219 4597 Bartholotum
3269 4547 3644 4596 Parmensem

224 4648 323 4687 nec
378 4649 491 4688 non
548 4641 603 4688 et
660 4632 886 4702 Medica,
942 4647 1066 4705 quae
1131 4636 1493 4690 Constantino
1559 4636 1887 4706 imperatori

222 4719 457 4777 dicavit.

288 4810 540 4867 XXXIX.
601 4812 881 4883 Ejusdem
953 4808 1083 4884 Περί
1168 4807 1430 4885 ἐνεργείας
1491 4807 1765 4884 δαιμόνων
1828 4814 1895 4869 de

1998 4634 2327 4705 physicum,
2393 4632 2590 4689 codice
2660 4633 2821 4687 5376.
2894 4632 3037 4688 Vide
3103 4649 3229 4703 quae
3298 4648 3405 4686 nos
3465 4631 3642 4687 etiam

1999 4740 2176 4795 supra
2200 4722 2275 4793 (b)
2306 4722 2582 4777 diximus.

2075 4812 2178 4867 XL.
2213 4812 2491 4882 Ejusdem
2524 4813 2585 4867 In
2615 4811 2864 4870 Oracula
2912 4809 3208 4867 Chaldaica
3253 4811 3523 4882 expositio
3572 4809 3642 4881 (c)

1830 4909 2044 4966 ΝΟΤᾹΞ

294 5000 374 5068 ty)
410 4998 475 5052 In
505 4995 672 5069 Bibit
705 4996 928 5069 Gallica
975 4996 1331 5069 Crucimanii
1382 5015 1438 5069 p.
1491 4998 1613 5052 405.
1666 4998 1887 5055 Gallica

227 5067 407 5123 etiam
442 5070 629 5124 versio
660 5067 838 5138 hujus
868 5067 1001 5122 libri
1034 5084 1067 5122 a
1102 5068 1338 5124 Morello
1383 5067 1546 5123 edita
1596 5086 1886 5125 memora-

223 5145 345 5204 tur,
380 5140 589 5203 Paris,
643 5141 799 5209 apud
852 5138 1004 5193 Guil.
1058 5138 1403 5206 Chaudiere,
1458 5142 1616 5202 1575.
1670 5142 1887 5197 additis

226 5212 523 5277 capitibus
554 5212 644 5275 33,
677 5218 734 5265 et
762 5212 852 5276 36,
885 5209 1017 5264 libri
1051 5212 1242 5280 quarti
1276 5213 1484 5266 Nicetis
1518 5213 1589 5266 de
1632 5212 1888 5268 Colossis

225 5283 393 5338 Asia.
436 5284 665 5338 Librum
700 5281 874 5337 Pselli
906 5282 1130 5352 accepit
1163 5284 1437 5338 lllorellus
1466 5300 1497 5338 e
1528 5284 1888 5339 Bibliotheca

222 5352 428 5409 Jacobi
464 5355 521 5410 S.
554 5352 873 5415 Andreani,
903 5354 1171 5408 canonici
1204 5356 1262 5409 S.
1300 5355 1497 5409 Mariae
1530 5358 1712 5410 Paris.

292 5428 370 5493 (a)
404 5425 627 5481 Morelli
683 5426 871 5480 versio
922 5424 1107 5478 latina
1154 5431 1346 5480 exstat
1396 5426 1571 5480 etiam
1620 5426 1677 5480 in
1737 5425 1884 5479 Bibl.

228 5500 473 5551 Patrum
504 5498 642 5552 edit.
681 5496 861 5562 Lugd.
896 5496 962 5550 T.
1014 5513 1173 5550 xvm.
1224 5514 1279 5567 p.
1329 5497 1452 5551 569.
1501 5499 1645 5551 Hinc
1697 5498 1888 5552 Graece

228 5575 283 5622 et
320 5568 525 5623 Latine
559 5585 689 5623 cum
722 5567 1017 5622 Gaulmini
1054 5567 1207 5621 notis
1242 5569 1397 5622 hunc
1428 5568 1643 5623 librum
1692 5570 1887 5623 minus

228 5642 541 5695 emendate
572 5640 767 5695 recudi
801 5639 1027 5694 curavit
1082 5639 1139 5693 Β.
1196 5641 1336 5695 Dan.
1382 5638 1885 5707 Hasenmullerus,

232 5710 419 5767 liilon.
458 5713 617 5778 1688,
650 5711 736 5765 12.
773 5710 913 5765 Vide
942 5713 999 5765 et
1026 5708 1077 5765 si
1110 5708 1301 5782 placet
1328 5712 1658 5767 Cardanum
1691 5728 1741 5767 c.
1793 5712 1881 5765 93.

1993 5002 2074 5053 De
2106 5012 2300 5079 rerum
2352 4997 2652 5079 varietate,
2705 4997 2767 5052 Τ.
2821 4996 2917 5060 ΙΙΙ,
2969 5012 3102 5123 op)?
3157 5013 3213 5068 p.
3263 4995 3368 5050 319
3415 5013 3506 5068 sq.
3550 5000 3641 5053 J0.

1994 5069 2279 5123 Clericum
2333 5069 2479 5123 Blbl.
2530 5068 2851 5123 Universal.
2902 5068 2971 5123 T.
3090 5071 3156 5123 V.
3208 5086 3261 5123 ι).
3307 5068 3427 5123 118.
3462 5084 3550 5123 sa.
3586 5074 3641 5123 et

1994 5069 2279 5140 Clericum
2333 5069 2479 5124 Bibl.
2530 5068 2851 5124 Universal.
2902 5068 2971 5124 T.
3031 5068 3156 5133 XV,
3197 5068 3427 5140 Vp._lt8,
3462 5084 3550 5139 sq.
3586 5074 3644 5125 et

1993 5139 2331 5212 Vignolium
2386 5141 2709 5195 Marvillnm
2767 5157 2812 5193 s.
2866 5155 2929 5212 1_1,
2984 5138 3230 5212 miscelll
3282 5138 3529 5212 litterar;
3585 5158 3644 5212 p.

1994 5206 2119 5285 303.
2151 5280 2161 5285 Δ
2190 5210 2427 5285 Dialogi
2460 5213 2692 5285 titulus
2732 5206 3044 5285 ,Τιμόθεος
3186 5210 3309 5283 περὶ
3376 5206 3645 5285 ἐνεργείας

1998 5278 2295 5353 δαιμόνων.
2360 5278 2509 5337 Vide
2587 5278 2847 5338 Fulvium
2918 5282 3191 5355 Ursinum
3256 5278 3321 5339 in
3386 5278 3642 5355 Ly'rioor.

1998 5355 2343 5425 fragmentis
2377 5372 2430 5427 ρ.
2470 5357 2588 5409 179.
2624 5362 2680 5409 et
2707 5356 2974 5427 Lambec.
3007 5354 3108 5410 lib.
3143 5372 3332 5427 vn,7p.
3375 5354 3491 5413 I38.

2068 5427 2144 5500 (a)
2174 5428 2382 5500 Confer
2408 5426 2511 5500 lib.
2548 5429 2597 5482 1.
2633 5426 2776 5481 Bibl.
2812 5429 3040 5487 Grecae.
3074 5443 3124 5482 ο.
3156 5428 3209 5495 7,
3244 5426 3354 5500 ξι.

2069 5499 2143 5564 (b)
2176 5498 2364 5568 Supra
2392 5497 2421 5565 §
2447 5498 2501 5551 9.

2069 5569 2143 5638 (c)
2178 5567 2525 5624 Inacribilur
2554 5570 2729 5639 etiam
2762 5567 2821 5622 in
2855 5569 3053 5639 codice
3084 5584 3257 5639 quem
3289 5569 3641 5639 babeoimsq

1995 5642 2099 5690 Τοῦ
2175 5640 2493 5714 σοφωτάτου
2567 5638 2790 5695 Ψελλοὖ
2866 5637 3120 5711 ἐξήγησιξ
3192 5638 3269 5698 εἷς
3347 5640 3410 5691 τὰ
3481 5638 3639 5711 λόγια

1998 5711 2374 5785 Ζωροάστρου.
