4040 6196
363 335 482 395 503

1749 318 2034 382 LEONIS
2080 317 2394 378 ALLATII

3652 322 3777 382 504

366 469 539 540 cujus
588 465 960 539 potissimam
1009 465 1230 536 partem
1282 459 1647 532 Nicephorus
1702 459 2010 528 Gregoras,
2040 452 2093 519 Α
2125 450 2271 519 tadi,
2297 449 2506 540 Caesari
2538 450 2608 540 ad
2640 449 2892 540 Venetos
2922 449 3205 540 Cratoris,
3258 452 3435 509 refert
3478 457 3777 512 Gesnerus

366 557 493 613 suis
520 556 580 610 in
613 554 843 627 Synesii
874 552 1138 608 libellum
1172 552 1243 605 de
1276 547 1593 605 Insomniis
1641 545 2010 600 Commenta-

366 647 494 711 riis,
525 646 877 701 verbotenus
909 643 1085 697 tacito
1121 639 1289 695 Pselli
1321 638 1579 703 nomine,
1614 632 2006 703 transcripsit.

367 740 485 789 Nec
516 750 632 788 non
664 734 952 804 ejusdem,
990 731 1177 785 Brevis
1222 728 1538 796 dogmatum
1586 723 2010 781 Chaldaicorum

366 824 687 889 declaratio,
722 822 799 893 (ά)
831 822 1023 876 Graece
1063 824 1118 873 et
1165 817 1365 871 Latine
1416 815 1671 886 primum
1722 813 1879 866 edita
1923 814 2012 865 est

371 929 404 967 a
469 912 773 967 Francisco
838 908 1084 964 Patricio
1152 906 1210 959 in
1278 904 1436 958 Nova
1503 900 1877 971 Philosophia
1942 900 2012 953 de

366 1000 663 1055 Universis
712 1000 783 1069 (e)
831 997 888 1051 in
950 1001 1237 1060 Zorastre,
1289 992 1626 1063 imperfecte
1685 994 1904 1053 tamen,
1956 991 2015 1041 et

366 1090 628 1152 confuse,
690 1103 820 1142 cum
884 1090 1204 1154 utrumque
1262 1079 1750 1137 commentarium
1810 1078 2013 1131 eadem

366 1178 656 1233 sententia
687 1174 1020 1240 concludat,
1054 1174 1138 1227 sic
1166 1172 1323 1226 enim
1358 1169 1580 1225 claudit
1629 1184 1642 1222 :
1692 1164 1905 1219 Τούτων
1958 1161 2016 1217 δὶ

360 1268 468 1318 τῶν
540 1260 826 1338 δογμάτων
891 1261 959 1315 τὰ
1034 1258 1232 1326 πλείω,
1292 1258 1382 1311 καὶ
1458 1254 1865 1330 Ἀριστοτέλης,
1924 1250 2015 1306 καί

365 1352 593 1407 Πλάτων
646 1350 919 1421 ἐδέξαντο,
967 1351 1018 1403 οἱ
1080 1347 1139 1402 δὲ
1196 1348 1317 1423 περὶ
1352 1345 1652 1415 Πλιυτῖνον,
1684 1342 1773 1397 καὶ
1805 1341 2017 1418 Πορφύ-

367 1450 515 1517 ριον,“
576 1441 666 1495 καὶ
749 1435 1096 1513 Ἰοὶμὸλιχον³
1172 1438 1261 1491 καὶ
1343 1433 1589 1509 Πρόκλον
1676 1439 1805 1487 πᾶσι
1885 1452 2015 1486 κατ-

365 1530 753 1601 ηκολούθησαν
788 1574 803 1598 ,
858 1527 946 1582 καὶ
1019 1528 1094 1587 ὡς
1173 1526 1317 1589 θείας
1374 1525 1553 1601 φωνὰς
1612 1519 2016 1596 ἀσυλλογίστως

361 1624 532 1673 ταῦτα
562 1616 825 1687 ἐδέξαντο.
859 1619 1065 1672 Horum
1096 1624 1282 1671 autem
1311 1615 1630 1685 dogmatum
1674 1612 1919 1682 plurima
1965 1618 2017 1665 et

370 1709 683 1764 Aristoteles
730 1716 782 1763 et
828 1708 990 1762 Plato
1038 1710 1409 1775 susceperunt.
1468 1704 1716 1757 Plotinus
1770 1717 1915 1766 vero,
1965 1704 2018 1753 et

370 1797 737 1868 Porphyrius,
771 1798 822 1851 et
866 1794 1235 1861 Jamblichus,
1288 1807 1338 1847 et
1392 1792 1621 1846 Proclus
1667 1791 1856 1845 omnia
1900 1804 2028 1858 sunt
2058 1807 2105 1871 Β

363 1887 555 1956 seculi,
612 1891 664 1941 et
718 1890 982 1955 tanquam
1027 1884 1253 1938 divinas
1303 1897 1454 1937 voces
1514 1896 1578 1935 ea
1642 1884 2011 1948 susceperunt.

367 1974 662 2030 Patricius
695 1975 753 2028 in
786 1973 1038 2029 Psellum
1064 1972 1139 2027 ita
1176 1969 1591 2027 animadvertit
1622 1986 1633 2023 :
1668 1968 1889 2022 Similia
1932 1966 2020 2020 his

367 2064 583 2118 Psellus
614 2066 804 2130 postea
832 2060 1087 2123 tradidit,
1136 2060 1352 2113 utinam
1399 2059 1567 2112 sicuti
1602 2057 1897 2128 prolixius,
1941 2058 2019 2110 ita

368 2158 421 2206 et
450 2150 807 2222 diligentius,
858 2149 951 2204 sed
998 2150 1404 2220 qualiacunque
1448 2146 1583 2209 sint,
1632 2162 1739 2200 non
1789 2146 2020 2199 inutilia

372 2241 596 2311 cognitu
622 2240 858 2309 fuerint.
887 2238 1085 2308 Neque
1118 2238 1210 2291 hic
1241 2235 1470 2291 silentio
1504 2236 1615 2306 [29]
1666 2240 2019 2305 praetereun-

372 2331 513 2383 dum
545 2333 655 2391 est,
687 2327 941 2399 primam
972 2326 1413 2397 Expositionem
1447 2324 1505 2377 in
1537 2322 1848 2378 Chaldaica
1877 2323 2021 2377 Ora-

372 2418 506 2473 cula
536 2418 607 2473 ab
658 2416 789 2471 aliis
840 2418 1039 2470 Proclo
1089 2415 1263 2486 Lydio
1312 2414 1380 2483 (Γ)
1443 2412 1680 2477 ascribi,
1730 2412 1813 2466 sic
1863 2412 2021 2466 enim

373 2508 691 2562 adnotatur
756 2506 829 2560 ab
900 2504 1060 2559 illius
1128 2503 1483 2572 exscriptore
1541 2501 1600 2555 in
1659 2499 1853 2555 codice
1917 2501 2023 2555 572

371 2596 674 2659 Vaticano,
709 2589 997 2665 Ἀλλαχοῦ
1028 2588 1206 2662 εὖρον,
1239 2587 1493 2662 Πρόκλου
1542 2584 1743 2641 Λυδίου
1794 2587 2021 2641 Ὑποτύ-

372 2682 759 2743 πωσις.ΑΙιῡὶ
785 2682 994 2748 inveni,
1036 2681 1223 2734 Procli
1272 2680 1434 2750 Lydii
1483 2680 1856 2750 Hypotyposis.
1907 2677 2022 2732 Nec

373 2773 578 2828 dubito
610 2771 899 2837 Proclum,
933 2771 1109 2825 rebus
1141 2770 1300 2824 hisce
1332 2769 1822 2838 addictissimum,
1855 2766 2022 2823 libel-

370 2862 495 2915 lum
555 2862 626 2916 de
683 2860 793 2914 hac
851 2860 1055 2914 eadem
1108 2875 1167 2913 re
1218 2857 1662 2928 conscripsisse.
1721 2858 1831 2913 Sed
1904 2856 2024 2913 sive

374 2949 560 3005 Procli
595 2950 715 3005 sive
748 2947 920 3003 Pselli
952 2946 1143 3018 opella
1190 2946 1481 3017 ejusmodi
1531 2947 1626 3015 sit,
1678 2946 1824 3001 nulli
1871 2946 2021 3001 bono

374 3038 552 3093 fuerit
582 3038 639 3092 id
673 3054 865 3093 nosse.
900 3037 1175 3090 Eamdem
1210 3052 1338 3091 esse
1385 3035 1654 3090 existimo
1704 3036 1763 3091 in
1813 3036 2021 3091 biblio-

370 3126 542 3182 theca
576 3127 807 3197 [reginas
865 3122 1085 3191 Galliae,
1150 3141 1277 3195 qua)
1327 3124 1489 3193 prius
1541 3125 1729 3179 fuerat
1775 3124 2021 3180 Joannis

377 3215 667 3283 Lascaris,
737 3220 940 3286 postea
1010 3214 1155 3268 Petri
1226 3214 1502 3282 Sirozzaa;
1573 3214 1760 3284 primo
1825 3219 2019 3269 autem

377 3304 695 3361 cardinalis
730 3302 1045 3375 Rudolphi,
1076 3307 1140 3357 ut
1172 3302 1377 3357 scribit
1408 3302 1701 3357 Draudius
1732 3303 1789 3356 in
1823 3303 2030 3359 Biblio-

376 3394 545 3449 theca
574 3392 842 3448 classica.
878 3392 993 3446 Nec
1019 3392 1133 3446 alia
1162 3392 1391 3447 videtur
1421 3408 1547 3462 quae
1579 3392 1637 3445 in
1670 3391 2029 3448 Bibliotheca

374 3479 610 3535 Antonii
639 3478 954 3551 Augustini
986 3479 1313 3533 habebatur
1340 3479 1468 3533 cod.
1497 3480 1626 3543 219,
1654 3481 1824 3534 Pselli
1845 3482 2026 3545 expli-

377 3572 525 3625 catio
557 3568 887 3636 dogmatum
915 3567 1062 3637 apud
1109 3568 1382 3638 Assyrios.
1437 3566 1779 3623 Absolutius
1826 3574 2029 3638 postea

382 3674 513 3713 cum
543 3644 844 3727 Sibyllinis
895 3655 1183 3720 Oraculis,
1234 3655 1481 3725 aliisque
1531 3656 1769 3711 Parisiis
1814 3658 2030 3728 prodiit

378 3743 573 3799 studio
603 3743 852 3797 Joannis
885 3741 1147 3812 Obsopaei
1178 3741 1255 3812 (g)
1291 3742 1445 3796 1599.
1481 3743 1540 3797 in
1567 3745 1618 3797 8.
1674 3745 2025 3799 Eorumdem

378 3830 824 3902 opusculorum,
854 3829 1084 3885 diversa
1113 3831 1185 3885 ab
1218 3831 1393 3896 edita,
1430 3831 1486 3885 in
1518 3832 1786 3886 Latinum
1838 3835 2025 3889 versio

373 3920 628 3975 habetur
659 3917 1062 3989 manuscripts
1092 3918 1218 3974 cod.
1252 3919 1411 3973 3122.
1446 3919 1738 3985 Vaticano,
1791 3923 2023 3977 Incerti.

447 4007 585 4063 XLI.
636 4007 920 4076 Ejusdem
974 4007 1411 4065 Commentarios
1458 4008 1535 4079 (h)
1584 4010 1645 4063 in
1691 4019 1810 4066 octo
1859 4012 2026 4066 libros

374 4096 685 4152 Aristotelis
712 4096 780 4151 de
812 4095 1047 4166 Physica
1089 4098 1512 4167 auscultatione,
1546 4103 1632 4165 {ex
1662 4099 2025 4170 ;interpreta-

372 4186 532 4241 tione
559 4186 786 4241 Joannis
844 4186 1110 4255 Baptistae
1160 4184 1414 4251 Camotii,
1462 4186 1744 4242 cardinali
1794 4190 2023 4243 Herculi

373 4276 655 4345 Gonzagm
717 4278 1111 4341 consecratos,
1158 4274 1344 4328 edidit
1397 4272 1658 4331 Venetiis
1717 4277 2026 4333 Federicus

373 4363 736 4418 Turrisanus
766 4362 973 4417 Latine
1013 4361 1174 4426 1554,
1224 4362 1281 4416 in
1336 4360 1492 4415 folio.
1545 4366 1653 4417 Eos
1699 4366 2026 4420 manuscri-

372 4454 508 4522 ptos
555 4451 750 4507 Graece
804 4450 1069 4506 extitisse
1117 4450 1177 4504 in
1232 4449 1589 4506 bibliotheca
1636 4451 1836 4509 Didaci
1885 4455 2025 4510 Ilur-

2117 539 2176 594 in
2237 537 2519 594 Michaele
2567 538 2776 607 Psello,
2829 542 2886 593 et
2934 539 3283 596 Possevinus
3336 542 3395 597 in
3448 547 3773 616 Apparatu.

2119 631 2180 683 In
2217 628 2361 683 alios
2393 628 2563 683 etiam
2616 626 2940 683 Aristotelis
2991 630 3171 684 libros
3222 631 3531 703 scripsisse
3582 636 3774 688 mani-

2119 719 2331 771 festum
2362 722 2549 772 estex
2580 716 2814 783 iisdem,
2850 717 2949 787 qui
2980 716 3219 773 Viennae
3270 720 3538 775 scribunt
3588 722 3776 778 fuisse

2119 805 2383 875 ejusdem
2417 807 2701 875 Epitomen
2729 807 3090 876 philosophia:
3115 809 3476 866 Aristotelicx
3505 811 3571 866 de
3609 828 3773 881 gene-

2121 897 2351 962 ratione,
2384 899 2435 949 et
2463 897 2833 965 corruptione,
2863 905 2913 951 et
2939 896 3006 951 de
3035 902 3305 953 meteoris.
3358 902 3492 954 Item
3542 902 3775 973 Exposi-

2121 983 2323 1037 tionem
2370 987 2429 1037 in
2477 984 2852 1054 mctaphysica
2899 986 3225 1041 Aristotelis.
3278 989 3581 1060 Latentque
3625 992 3776 1057 eius-

2122 1071 2262 1140 dem,
2312 1072 2514 1126 scribit
2558 1073 2821 1128 Andreas
2878 1073 3148 1129 Schottus
3206 1076 3433 1131 Prtefat.
3486 1078 3543 1132 in
3601 1078 3772 1134 Cant.

2124 1160 2357 1226 cantic.,
2387 1161 2568 1216 Pselli
2590 1163 2837 1231 plurima
2867 1162 2924 1216 in
2957 1163 3203 1229 eiusdem
3230 1166 3546 1221 Aristotelis
3578 1168 3778 1239 Physi-

2123 1265 2263 1315 cam,
2297 1252 2643 1321 primamque
2671 1252 3096 1323 philosophiam,
3145 1256 3206 1308 in
3256 1255 3494 1312 Caesaris
3544 1258 3780 1328 Augusti

2132 1339 2346 1393 Viennae
2378 1340 2723 1395 bibliotheca.

2196 1426 2360 1482 XLII.
2423 1430 2694 1497 Ejusdem
2759 1428 2905 1485 liber
2971 1429 3102 1503 Περὶ
3170 1427 3449 1504 δυνάμεων
3514 1440 3612 1502 τῆς
3676 1437 3777 1506 ψυ-

2126 1517 2258 1588 χῆς,
2290 1519 2362 1573 de
2392 1519 2763 1573 Facultatibus
2794 1522 3023 1590 animae,
3056 1521 3229 1591 cujus
3259 1522 3403 1577 illud
3437 1528 3525 1578 est
3555 1524 3778 1595 princi-

2128 1604 2288 1676 pium
2345 1622 2358 1660 :
2410 1607 2533 1660 ’Ὀτι
2583 1610 2690 1659 τῶν
2744 1609 2997 1680 ψυχικῶν
3047 1605 3330 1681 δυνάμεων
3381 1612 3434 1664 αἱ
3495 1612 3589 1683 μὲν
3641 1612 3781 1665 εἰσιν

2127 1689 2344 1766 ἄλογοι,
2414 1697 2524 1750 sub
2592 1700 2865 1769 anonymi
2935 1699 3193 1765 nomine,
3252 1706 3308 1755 et
3376 1701 3545 1756 titulo
3615 1701 3779 1770 Δόξαι

2136 1781 2260 1856 περὶ
2291 1784 2495 1856 ψυχῆς.
2525 1785 2598 1838 De
2647 1787 2837 1839 anima
2883 1787 3120 1842 celebres
3165 1790 3476 1858 opiniones,
3524 1792 3691 1862 quasi
3746 1808 3782 1845 a

2134 1873 2283 1926 libro
2331 1872 2592 1943 longiore
2640 1878 2694 1928 et
2744 1876 2999 1945 perfecto
3050 1873 3332 1949 Ἐκλογαὶ,
3378 1878 3465 1931 καὶ
3517 1884 3777 1952 Χρηστο-

2132 1961 2346 2031 μαθεῖαι
2380 1962 2490 2031 [30]
2525 1963 2719 2016 editus
2749 1969 2838 2017 est
2865 1967 3057 2020 Graece
3090 1970 3146 2020 et
3197 1967 3422 2033 Latine,
3469 1985 3502 2022 a
3546 1969 3779 2024 Joanne

2128 2051 2338 2105 Tarino
2373 2052 2685 2123 Andegavo
2716 2068 2941 2121 versus,
2975 2070 3107 2108 cum
3140 2056 3406 2125 Origenis
3440 2057 3780 2124 Philocalia;

2128 2139 2413 2193 Zacharias
2468 2138 2832 2209 Scholastici,
2908 2142 3165 2214 episc0pi
3240 2144 3639 2217 Mitylenensis
3708 2147 3783 2200 de

2131 2228 2335 2282 mundi
2367 2227 2642 2298 Opificio;
2677 2233 2732 2283 et
2762 2231 3059 2285 Anastasii
3091 2231 3346 2299 Sinaite,
3396 2234 3466 2288 de
3518 2236 3787 2291 hominis

2131 2319 2201 2371 ad
2237 2317 2552 2387 imaginem
2582 2317 2682 2372 Dei
2715 2323 2772 2372 et
2819 2318 3261 2376 similitudinem
3312 2324 3625 2389 creatione,
3678 2325 3791 2379 Lu-

2130 2412 2230 2460 tet.
2283 2407 2491 2473 Paris,
2546 2424 2638 2478 ap.
2690 2407 3102 2464 Sebastianum
3157 2411 3461 2484 Cramoisy
3514 2414 3669 2479 1624,
3722 2414 3782 2469 4.

2134 2496 2306 2551 Illum
2336 2497 2548 2552 vetusti
2582 2498 2811 2553 codices
2855 2499 3016 2556 MSS.
3067 2500 3255 2556 Psello
3303 2502 3625 2567 vindicant,
3678 2519 3794 2558 nec

2132 2604 2164 2641 a
2212 2585 2380 2641 Pselli
2438 2587 2723 2642 orationis
2768 2592 3066 2643 structura
3116 2589 3287 2662 longe
3340 2592 3527 2647 abest.
3578 2593 3668 2662 Et,
3721 2594 3789 2647 ni

2132 2674 2320 2744 fallor,
2354 2675 2529 2745 [idem
2579 2676 2706 2746 ipse
2753 2680 2863 2743 est,
2914 2694 3087 2749 quem
3137 2678 3327 2735 Psello
3379 2681 3668 2748 tribuunt,
3720 2682 3793 2737 de

2130 2766 2315 2819 animo
2343 2764 2638 2819 secundum
2684 2767 2902 2821 variam
2944 2766 3400 2839 philosophorum
3446 2772 3789 2841 Opinionem.

2132 2852 2192 2906 in
2226 2854 2561 2924 Augustana
2591 2852 2965 2921 bibliotheca,
2997 2855 3055 2909 in
3086 2858 3339 2912 armario
3369 2857 3439 2913 II.
3468 2859 3643 2913 Index
3676 2860 3792 2912 Au-

2132 2947 2422 3011 gustanus
2458 2959 2469 2996 :
2500 2947 2557 2996 et
2598 2942 2656 2995 in
2709 2941 3063 2999 bibliotheca
3112 2944 3480 3016 imperatoris
3526 2946 3786 3013 Viennae,

2129 3030 2434 3101 Spachius.
2490 3030 2605 3085 Nec
2662 3029 2814 3085 alius
2872 3032 3067 3087 forsan
3127 3038 3236 3097 est,
3297 3035 3399 3105 qui
3459 3035 3518 3089 in
3577 3034 3792 3089 biblio-

2132 3119 2303 3173 theca
2369 3119 2522 3191 regis
2598 3118 2916 3187 Gallorum,
2981 3122 3154 3177 Pselli
3217 3124 3293 3178 de
3356 3128 3564 3194 anima,
3633 3123 3790 3196 legi-

2137 3212 2252 3263 tur.

2209 3297 2397 3353 XLIII.
2426 3297 2703 3368 Ejusdem
2737 3299 3151 3356 Annotationes
3181 3300 3239 3355 in
3273 3301 3499 3374 aliquot
3521 3303 3794 3374 Gregorii

2136 3388 2478 3443 Nazianzeni
2512 3388 2658 3453 loca,
2693 3405 2824 3444 cum
2878 3389 3009 3444 Elite
3058 3391 3349 3447 Cretensis
3393 3392 3679 3465 episcopi,
3732 3398 3795 3449 et

2137 3477 2606 3541 aliorum,studio
2636 3482 2693 3533 et
2720 3495 2896 3550 opera
2924 3478 3126 3534 Jacobi
3158 3480 3313 3535 Billii
3348 3482 3570 3537 Latina:
3619 3484 3792 3538 facta:

2137 3572 2355 3636 saeptus
2386 3568 2554 3622 editae
2587 3571 2751 3636 sunt,
2781 3582 2918 3623 eum
2950 3567 3213 3641 Gregorii
3245 3570 3590 3626 Nazianzeni
3643 3588 3791 3644 ope-

2136 3654 2323 3710 ribus.

2204 3743 2394 3799 XLIV.
2423 3745 2694 3814 Ejusdem
2728 3746 2913 3800 oratio
2946 3746 3305 3819 Panegyrica
3338 3747 3396 3803 in
3446 3749 3792 3806 Simeonem

2136 3833 2588 3903 Metapbrastem
2622 3835 2778 3889 edita
2806 3835 2867 3905 (i)
2900 3835 3101 3890 Latine
3132 3854 3165 3890 a
3194 3837 3363 3891 Surio
3411 3837 3503 3893 die
3550 3838 3621 3892 27
3651 3839 3795 3906 ὲΝο-

2134 3922 2405 3977 vembris.
2442 3925 2639 3977 Exstat
2678 3927 2871 3978 Graece
2924 3925 3330 3996 manuscripta
3380 3926 3435 3981 in
3489 3929 3619 3983 cod.
3677 3929 3794 3984 Va-

2134 4010 2327 4065 ticano
2376 4012 2499 4075 568,
2554 4027 2679 4082 quae
2748 4011 2976 4083 incipit,
3024 4011 3127 4067 Τὸν
3201 4010 3364 4087 μέγαν
3418 4011 3469 4068 ἐν
3521 4014 3625 4088 βίῳ
3696 4016 3798 4069 καὶ

2136 4095 2292 4169 λάλῳ
2328 4097 2568 4170 Συμεὼν,
2605 4097 2839 4153 ἐπαινεῖν
2870 4099 3259 4173 προελόμενοι,
3296 4120 3428 4159 cum
3462 4103 3593 4159 aliis
3625 4106 3799 4176 ejus-

2136 4189 2268 4243 dem
2303 4186 2475 4243 Pselli
2508 4188 2568 4242 in
2599 4189 2871 4243 eumdem
2906 4206 3032 4261 quas
3065 4206 3184 4245 non
3238 4191 3422 4248 multo
3475 4194 3630 4248 infra
3682 4196 3804 4250 ad-

2136 4276 2495 4331 notabimus.
3782 4322 3785 4325 .

2205 4365 2363 4421 XLV.
2396 4366 2672 4435 Ejusdem
2721 4366 2984 4422 carmina
3033 4369 3098 4440 (i)
3150 4368 3209 4423 in
3252 4370 3494 4427 Cantica
3541 4374 3806 4430 cantico-

2136 4472 2262 4510 rum
2294 4456 2710 4526 interpretatus
2743 4460 2833 4512 est
2878 4458 3222 4514 Franciscus
3266 4460 3444 4515 Zinus
3487 4459 3804 4520 Veronen-

1976 4555 2188 4612 ΝΟΤΛΞ

444 4634 795 4731 (ξζᾜκθεξις
853 4630 1238 4719 διεφαλαιώδης
1298 4634 1388 4687 καὶ
1439 4633 1708 4710 σύντομος
1746 4642 1852 4693 τῶν
1884 4642 2021 4716 παρὰ

2139 4642 2473 4731 Simoneum
2524 4643 2785 4731 scriptis,
2829 4663 2893 4731 Ε.
2943 4647 3159 4731 2g1-23.
3190 4648 3653 4731 nyxdipionuelc
3705 4654 3808 4731 1:?”

385 4702 678 4766 Χαλδαίοις
711 4702 1016 4778 δογμάτων.

470 4779 521 4848 e)
556 4777 830 4834 Ferrariee
864 4780 1019 4833 1591.
1055 4777 1257 4833 Venet.
1289 4778 1448 4848 1593,
1484 4780 1581 4834 fol.

469 4851 516 4920 f)
552 4850 784 4921 Lycium
817 4867 938 4921 non
969 4850 1207 4920 Lydium
1244 4849 1424 4905 fuisse
1474 4851 1733 4907 Proclum
1784 4858 2035 4910 testatur

382 4920 447 4992 in
477 4920 605 4992 ejus
634 4921 766 4975 Vita
799 4920 1084 4983 Marinus,
1119 4921 1219 4989 qui
1251 4923 1705 4979 commentarios
1738 4927 1925 4980 Procli
1976 4928 2033 4982 in

386 4990 551 5065 λόγια
583 4996 866 5047 memorat
896 5008 946 5046 ο.
998 4992 1085 5044 26.
1139 4994 1643 5056 Quemadmodum
1693 5000 1749 5050 et
1798 4998 2030 5052 Simeon

388 5064 660 5121 Magister
688 5064 758 5118 de
788 5062 1195 5117 alimentorum
1229 5063 1606 5120 facultatibus
1640 5083 1692 5121 ο.
1729 5067 1847 5121 141.
1884 5068 2030 5121 Edit.

1681 5108 1692 5120 .
1729 5069 1847 5121 141.
1884 5069 2032 5123 Edit.

393 5083 660 5135 magister
688 5083 758 5118 oe
788 5083 1195 5117 aiimeniorum
1229 5083 1606 5120 iacuitatinus
1640 5083 1692 5135 p.
1729 5083 1847 5121 141.
1884 5083 2032 5123 non.

393 5134 627 5208 Martini
662 5133 945 5208 Bogdani,
977 5143 1099 5189 tum
1132 5135 1371 5191 Proetus
1402 5137 1527 5207 ipse
1559 5155 1612 5208 p.
1644 5136 1768 5193 359.
1801 5139 1861 5192 In
1897 5140 2036 5194 Poli-

393 5207 533 5261 tiam
565 5205 840 5262 Platonis.

459 5276 537 5349 (9)
566 5277 753 5349 Etiam
784 5276 923 5349 4589
953 5278 1011 5329 et
1046 5275 1199 5349 1601,
1234 5276 1414 5349 Paris.
1441 5278 1497 5331 in
1530 5279 1581 5349 8.
1613 5277 1681 5331 Et
1712 5280 1780 5333 ad
1815 5279 2031 5335 calcem

382 5346 659 5402 editionis
690 5346 1064 5403 oraculorum
1098 5347 1512 5418 Sibyllinorum
1550 5348 1858 5405 luculentas
1897 5369 2031 5407 cum

380 5420 544 5475 notis
576 5420 817 5474 Servatii
852 5417 1071 5484 Gallaai,
1100 5420 1397 5473 Amsterd.
1433 5420 1589 5485 1689,
1622 5421 1678 5475 4.

451 5490 531 5560 (li)
562 5490 804 5546 Videtur
842 5490 949 5545 hos
1000 5489 1309 5560 scripsisse
1358 5490 1415 5544 in
1448 5492 1694 5560 gratiam
1732 5492 2031 5550 Michaelis

383 5559 580 5634 Ducas,
620 5578 793 5632 quem
829 5559 1251 5634 discipulorum
1282 5559 1569 5634 optimum
1601 5565 1877 5634 appellat.

445 5633 509 5705 (i)
552 5632 748 5690 Grszce
794 5638 851 5689 et
900 5632 1099 5687 Latine
1144 5632 1407 5704 vulgavit
1452 5632 1706 5691 Allatius
1755 5637 1906 5692 libro
1958 5638 2031 5693 de

388 5062 758 5135 Magisteride
788 5062 1195 5135 alimentorum
1229 5063 1606 5120 facultatibus

2143 4713 2530 4792 aiesacppo'tatnv
2584 4713 2777 4789 κύριον
2826 4713 3107 4787 Συμεῶνα,
3150 4725 3207 4775 et
3361 4713 3626 4777 236%“.
3690 4727 3807 4781 Of-

2148 4785 2342 4861 ticium
2392 4785 2451 4837 in
2486 4785 3099 4861 commemorationem
3135 4785 3398 4861 ejus-dem
3433 4795 3738 4852 Simeonis
3771 4815 3808 4852 ιι

2145 4855 2334 4927 Psello
2366 4859 2781 4927 compositum.
2815 4858 3139 4923 Ἀκολουθία
3161 4855 3490 4926 ’συντεθεῖσα
3540 4865 3644 4919 ὑπὸ
3700 4872 3808 4921 τοῦ

2146 4923 2564 4999 Ψελλοῖκᾙυῦο
2585 4930 2883 4999 juniorem
2916 4932 3173 4988 Psellum
3206 4923 3499 4991 auctorem
3532 4955 3668 4994 esse
3693 4940 3810 4995 Pa-

2146 4998 2401 5078 negyrici
2434 4999 2489 5052 in
2524 4998 2857 5078 Simeonem
2890 5005 3345 5078 Metapbrasten,
3400 5009 3608 5078 probat
3668 5014 3813 5065 Bol-

2145 5068 2564 5150 landiismpreel‘.
2612 5074 2693 5150 ad
2732 5077 2961 5150 tom._I.
2994 5068 3253 5150 sanctor.
3286 5068 3574 5144 Januarii,
3609 5098 3673 5150 p.
3715 5085 3811 5138 17.

2146 5140 2259 5218 lﬁec
2290 5141 2578 5218 diffitetur
2607 5144 2858 5201 Allatius
2887 5146 3013 5218 ipse
3044 5148 3149 5203 hoc
3177 5150 3299 5205 loco
3330 5158 3387 5205 et
3417 5140 3679 5208 diatriba
3735 5157 3812 5209 de

2146 5212 2543 5279 Siineonibus,
2579 5232 2629 5284 p.
2665 5217 2755 5271 68.

2212 5284 2290 5354 (j)
2321 5284 2619 5358 Ἐρμηνεία
2650 5287 2750 5341 illa
2782 5287 2836 5341 in
2871 5288 3177 5343 Canticum
3209 5291 3569 5347 canticorum
3610 5295 3813 5350 versi-

2144 5353 2279 5430 bus
2304 5353 2523 5427 scripta
2572 5363 2660 5412 est
2691 5358 2961 5430 politicis.
3022 5361 3221 5415 Latina
3259 5364 3447 5418 versio
3479 5366 3713 5420 Schotti
3750 5376 3813 5422 et

2141 5426 2265 5507 Zini
2295 5426 2549 5507 occurrit
2577 5426 2750 5507 etiam
2787 5432 2855 5507 in‘
2887 5430 3038 5486 Bibl.
3088 5434 3338 5502 Patrum,
3390 5435 3573 5491 Paris.
3624 5437 3810 5507 4654,

2140 5504 2281 5552 tom.
2315 5516 2415 5554 xm
2441 5505 2497 5553 et
2528 5501 2668 5555 edit.
2702 5503 2881 5571 Lugd.
2918 5508 3057 5557 tom.
3081 5520 3242 5559 xvm.
3277 5501 3466 5562 Griece
3497 5514 3557 5561 et
3593 5501 3811 5565 Latine

2139 5574 2325 5624 exstat
2358 5572 2413 5625 in
2446 5572 2708 5648 auctario
2744 5576 3043 5641 Ducamno,
3078 5576 3259 5629 Paris.
3299 5578 3458 5633 1621.
3488 5579 3681 5635 Temo
3741 5599 3805 5648 ii,

2140 5658 2258 5695 una
2287 5659 2420 5697 cum
2452 5642 2634 5700 altero
2665 5648 3088 5703 commentario
3135 5649 3194 5702 in
3226 5648 3382 5704 idem
3420 5651 3736 5710 canticum
3774 5642 3810 5709 ὁ
