  <div class='ocr_page' id='page_1' title='image "/cluster/home/n/w/nwhite01/storage/ocr_20150623/122/hvd.32044073502460/264.png"; bbox 0 0 4040 6196; ppageno 0'>
   <div class='ocr_carea' id='block_1_1' title="bbox 271 338 380 399">
    <p class='ocr_par' dir='ltr' id='par_1_1' title="bbox 271 338 380 399">
     <span class='ocr_line' id='line_1_1' title="bbox 271 338 380 399; baseline -0.037 0"><span class='ocrx_word' id='word_1_1' title='bbox 271 338 380 399; x_wconf 77' lang='grc'>505</span> 
     </span>
    </p>
   </div>
   <div class='ocr_carea' id='block_1_2' title="bbox 1506 334 2403 399">
    <p class='ocr_par' dir='ltr' id='par_1_2' title="bbox 1506 334 2403 399">
     <span class='ocr_line' id='line_1_2' title="bbox 1506 334 2403 399; baseline -0.001 -4"><span class='ocrx_word' id='word_1_2' title='bbox 1506 334 1877 396; x_wconf 73' lang='lat' dir='ltr'>DIATRIBA</span> <span class='ocrx_word' id='word_1_3' title='bbox 1920 336 2019 396; x_wconf 86' lang='lat' dir='ltr'>DE</span> <span class='ocrx_word' id='word_1_4' title='bbox 2064 336 2403 399; x_wconf 85' lang='lat' dir='ltr'>PSELLIS.</span> 
     </span>
    </p>
   </div>
   <div class='ocr_carea' id='block_1_3' title="bbox 3545 325 3665 388">
    <p class='ocr_par' dir='ltr' id='par_1_3' title="bbox 3545 325 3665 388">
     <span class='ocr_line' id='line_1_3' title="bbox 3545 325 3665 388; baseline 0.017 -2"><span class='ocrx_word' id='word_1_5' title='bbox 3545 325 3665 388; x_wconf 82' lang='lat'>506</span> 
     </span>
    </p>
   </div>
   <div class='ocr_carea' id='block_1_4' title="bbox 273 458 3662 539">
    <p class='ocr_par' dir='ltr' id='par_1_4' title="bbox 273 458 3662 539">
     <span class='ocr_line' id='line_1_4' title="bbox 273 458 3662 539; baseline -0.004 -12"><span class='ocrx_word' id='word_1_6' title='bbox 273 473 347 527; x_wconf 82' lang='lat' dir='ltr'>sis</span> <span class='ocrx_word' id='word_1_7' title='bbox 378 487 390 523; x_wconf 90' lang='lat'>:</span> <span class='ocrx_word' id='word_1_8' title='bbox 425 484 629 523; x_wconf 84' lang='lat' dir='ltr'>excusa</span> <span class='ocrx_word' id='word_1_9' title='bbox 679 480 821 524; x_wconf 89' lang='lat' dir='ltr'>sunt</span> <span class='ocrx_word' id='word_1_10' title='bbox 873 484 1007 524; x_wconf 90' lang='lat' dir='ltr'>cum</span> <span class='ocrx_word' id='word_1_11' title='bbox 1060 467 1437 535; x_wconf 71' lang='lat' dir='ltr'>Theodoreti,</span> <span class='ocrx_word' id='word_1_12' title='bbox 1484 469 1739 536; x_wconf 81' lang='lat' dir='ltr'>Maximi,</span> <span class='ocrx_word' id='word_1_13' title='bbox 1793 467 1907 525; x_wconf 85' lang='lat' dir='ltr'>Nili</span> <span class='ocrx_word' id='word_1_14' title='bbox 1939 478 1987 538; x_wconf 76' lang='grc' dir='ltr'><strong>Α</strong></span> <span class='ocrx_word' id='word_1_15' title='bbox 2021 468 2188 536; x_wconf 88' lang='lat' dir='ltr'>mihi,</span> <span class='ocrx_word' id='word_1_16' title='bbox 2242 470 2550 539; x_wconf 88' lang='lat' dir='ltr'>utriusque</span> <span class='ocrx_word' id='word_1_17' title='bbox 2599 465 3021 533; x_wconf 87' lang='lat' dir='ltr'>amicissimus,</span> <span class='ocrx_word' id='word_1_18' title='bbox 3052 462 3307 518; x_wconf 88' lang='lat' dir='ltr'>Jacobus</span> <span class='ocrx_word' id='word_1_19' title='bbox 3352 458 3662 531; x_wconf 79' lang='lat' dir='ltr'>Philippus</span> 
     </span>
    </p>
   </div>
   <div class='ocr_carea' id='block_1_5' title="bbox 273 557 1908 631">
    <p class='ocr_par' dir='ltr' id='par_1_5' title="bbox 273 557 1908 631">
     <span class='ocr_line' id='line_1_5' title="bbox 273 557 1908 631; baseline -0.002 -15"><span class='ocrx_word' id='word_1_20' title='bbox 273 558 744 631; x_wconf 85' lang='lat' dir='ltr'>explicationibus</span> <span class='ocrx_word' id='word_1_21' title='bbox 768 564 936 615; x_wconf 86' lang='lat' dir='ltr'>Rom.</span> <span class='ocrx_word' id='word_1_22' title='bbox 966 559 1124 623; x_wconf 83' lang='lat'><strong>1563,</strong></span> <span class='ocrx_word' id='word_1_23' title='bbox 1151 557 1608 629; x_wconf 81' lang='lat' dir='ltr'>Iol.,separatim</span> <span class='ocrx_word' id='word_1_24' title='bbox 1628 557 1908 625; x_wconf 87' lang='lat' dir='ltr'>Venetiis,</span> 
     </span>
    </p>
   </div>
   <div class='ocr_carea' id='block_1_6' title="bbox 274 646 1909 721">
    <p class='ocr_par' dir='ltr' id='par_1_6' title="bbox 274 646 1909 721">
     <span class='ocr_line' id='line_1_6' title="bbox 274 646 1909 721; baseline -0.001 -18"><span class='ocrx_word' id='word_1_25' title='bbox 274 650 414 721; x_wconf 85' lang='lat' dir='ltr'>apud</span> <span class='ocrx_word' id='word_1_26' title='bbox 470 648 885 719; x_wconf 75' lang='lat' dir='ltr'>Hieronymum</span> <span class='ocrx_word' id='word_1_27' title='bbox 941 647 1165 702; x_wconf 89' lang='lat' dir='ltr'>Polum.</span> <span class='ocrx_word' id='word_1_28' title='bbox 1212 648 1371 713; x_wconf 84' lang='lat'><strong>1573,</strong></span> <span class='ocrx_word' id='word_1_29' title='bbox 1408 648 1462 702; x_wconf 92' lang='lat' dir='ltr'>in</span> <span class='ocrx_word' id='word_1_30' title='bbox 1498 649 1555 708; x_wconf 66' lang='lat'>4;</span> <span class='ocrx_word' id='word_1_31' title='bbox 1589 652 1648 703; x_wconf 88' lang='lat' dir='ltr'>et</span> <span class='ocrx_word' id='word_1_32' title='bbox 1695 646 1909 718; x_wconf 73' lang='lat' dir='ltr'>sazpius</span> 
     </span>
    </p>
   </div>
   <div class='ocr_carea' id='block_1_7' title="bbox 2020 548 3659 628">
    <p class='ocr_par' dir='ltr' id='par_1_7' title="bbox 2020 548 3659 628">
     <span class='ocr_line' id='line_1_7' title="bbox 2020 548 3659 628; baseline -0.005 -16"><span class='ocrx_word' id='word_1_33' title='bbox 2020 558 2376 615; x_wconf 88' lang='lat' dir='ltr'>&#39;l‘homasius</span> <span class='ocrx_word' id='word_1_34' title='bbox 2429 557 2802 628; x_wconf 82' lang='lat' dir='ltr'>signiﬁcavit.</span> <span class='ocrx_word' id='word_1_35' title='bbox 2828 552 3030 609; x_wconf 88' lang='lat' dir='ltr'>Libelli</span> <span class='ocrx_word' id='word_1_36' title='bbox 3072 552 3209 607; x_wconf 91' lang='lat' dir='ltr'>item</span> <span class='ocrx_word' id='word_1_37' title='bbox 3255 548 3523 604; x_wconf 75' lang='lat' dir='ltr'>meminit</span> <span class='ocrx_word' id='word_1_38' title='bbox 3551 549 3659 604; x_wconf 83' lang='lat' dir='ltr'>Ca-</span> 
     </span>
    </p>
   </div>
   <div class='ocr_carea' id='block_1_8' title="bbox 2019 636 3659 717">
    <p class='ocr_par' dir='ltr' id='par_1_8' title="bbox 2019 636 3659 717">
     <span class='ocr_line' id='line_1_8' title="bbox 2019 636 3659 717; baseline -0.005 -17"><span class='ocrx_word' id='word_1_39' title='bbox 2019 651 2320 703; x_wconf 88' lang='lat' dir='ltr'>saubonus</span> <span class='ocrx_word' id='word_1_40' title='bbox 2365 649 2422 702; x_wconf 90' lang='lat' dir='ltr'>in</span> <span class='ocrx_word' id='word_1_41' title='bbox 2454 645 2581 700; x_wconf 56' lang='lat' dir='ltr'>[Elii</span> <span class='ocrx_word' id='word_1_42' title='bbox 2617 644 2911 717; x_wconf 89' lang='lat' dir='ltr'>Spartiani</span> <span class='ocrx_word' id='word_1_43' title='bbox 2951 640 3268 696; x_wconf 88' lang='lat' dir='ltr'>Antonium</span> <span class='ocrx_word' id='word_1_44' title='bbox 3300 636 3659 693; x_wconf 86' lang='lat' dir='ltr'>Caracallam</span> 
     </span>
    </p>
   </div>
   <div class='ocr_carea' id='block_1_9' title="bbox 274 726 3662 809">
    <p class='ocr_par' dir='ltr' id='par_1_9' title="bbox 274 726 3662 809">
     <span class='ocr_line' id='line_1_9' title="bbox 274 726 3662 809; baseline -0.004 -17"><span class='ocrx_word' id='word_1_45' title='bbox 274 754 396 793; x_wconf 90' lang='lat' dir='ltr'>cum</span> <span class='ocrx_word' id='word_1_46' title='bbox 420 736 777 792; x_wconf 78' lang='lat' dir='ltr'>Theodoreti</span> <span class='ocrx_word' id='word_1_47' title='bbox 810 737 1386 809; x_wconf 84' lang='lat' dir='ltr'>operibus.Tandem</span> <span class='ocrx_word' id='word_1_48' title='bbox 1423 736 1909 806; x_wconf 72' lang='lat' dir='ltr'>Antuerpiazcum</span> <span class='ocrx_word' id='word_1_49' title='bbox 2018 736 2192 791; x_wconf 91' lang='lat' dir='ltr'>notis.</span> <span class='ocrx_word' id='word_1_50' title='bbox 2230 738 2295 791; x_wconf 84' lang='lat' dir='ltr'>Et</span> <span class='ocrx_word' id='word_1_51' title='bbox 2342 737 2551 791; x_wconf 78' lang='lat' dir='ltr'>Justus</span> <span class='ocrx_word' id='word_1_52' title='bbox 2604 735 2883 803; x_wconf 79' lang='lat' dir='ltr'>Ricquius</span> <span class='ocrx_word' id='word_1_53' title='bbox 2923 732 3023 801; x_wconf 85' lang='lat' dir='ltr'>(m)</span> <span class='ocrx_word' id='word_1_54' title='bbox 3078 730 3135 783; x_wconf 88' lang='lat' dir='ltr'>in</span> <span class='ocrx_word' id='word_1_55' title='bbox 3186 726 3360 799; x_wconf 83' lang='lat' dir='ltr'>epist.</span> <span class='ocrx_word' id='word_1_56' title='bbox 3392 726 3662 781; x_wconf 89' lang='lat' dir='ltr'>Centuria</span> 
     </span>
    </p>
   </div>
   <div class='ocr_carea' id='block_1_10' title="bbox 275 824 1906 896">
    <p class='ocr_par' dir='ltr' id='par_1_10' title="bbox 275 824 1906 896">
     <span class='ocr_line' id='line_1_10' title="bbox 275 824 1906 896; baseline -0.002 -15"><span class='ocrx_word' id='word_1_57' title='bbox 275 831 473 881; x_wconf 81' lang='lat' dir='ltr'>Catena</span> <span class='ocrx_word' id='word_1_58' title='bbox 508 826 763 889; x_wconf 85' lang='lat' dir='ltr'>Patrum,</span> <span class='ocrx_word' id='word_1_59' title='bbox 798 833 855 881; x_wconf 90' lang='lat' dir='ltr'>et</span> <span class='ocrx_word' id='word_1_60' title='bbox 885 824 1329 896; x_wconf 87' lang='lat' dir='ltr'>Thaumaturgo</span> <span class='ocrx_word' id='word_1_61' title='bbox 1373 825 1432 878; x_wconf 90' lang='lat' dir='ltr'>in</span> <span class='ocrx_word' id='word_1_62' title='bbox 1475 824 1906 889; x_wconf 82' lang='lat' dir='ltr'>Ecclesiastem,</span> 
     </span>
    </p>
   </div>
   <div class='ocr_carea' id='block_1_11' title="bbox 272 912 1907 986">
    <p class='ocr_par' dir='ltr' id='par_1_11' title="bbox 272 912 1907 986">
     <span class='ocr_line' id='line_1_11' title="bbox 272 912 1907 986; baseline -0.002 -17"><span class='ocrx_word' id='word_1_63' title='bbox 272 934 301 969; x_wconf 87' lang='lat' dir='ltr'>a</span> <span class='ocrx_word' id='word_1_64' title='bbox 332 915 560 970; x_wconf 91' lang='lat' dir='ltr'>Peltano</span> <span class='ocrx_word' id='word_1_65' title='bbox 607 916 761 986; x_wconf 88' lang='lat' dir='ltr'>apud</span> <span class='ocrx_word' id='word_1_66' title='bbox 796 914 1116 986; x_wconf 74' lang='lat' dir='ltr'>Gasparem</span> <span class='ocrx_word' id='word_1_67' title='bbox 1160 914 1445 969; x_wconf 83' lang='lat' dir='ltr'>Bellerum</span> <span class='ocrx_word' id='word_1_68' title='bbox 1482 914 1636 981; x_wconf 87' lang='grc'>1615,</span> <span class='ocrx_word' id='word_1_69' title='bbox 1668 912 1726 966; x_wconf 91' lang='lat' dir='ltr'>in</span> <span class='ocrx_word' id='word_1_70' title='bbox 1757 913 1810 967; x_wconf 92' lang='lat'>8.</span> <span class='ocrx_word' id='word_1_71' title='bbox 1844 915 1907 966; x_wconf 92' lang='lat' dir='ltr'><strong>In</strong></span> 
     </span>
    </p>
   </div>
   <div class='ocr_carea' id='block_1_12' title="bbox 272 1002 1904 1076">
    <p class='ocr_par' dir='ltr' id='par_1_12' title="bbox 272 1002 1904 1076">
     <span class='ocr_line' id='line_1_12' title="bbox 272 1002 1904 1076; baseline -0.002 -18"><span class='ocrx_word' id='word_1_72' title='bbox 272 1006 368 1058; x_wconf 85' lang='lat' dir='ltr'>hac</span> <span class='ocrx_word' id='word_1_73' title='bbox 396 1004 649 1059; x_wconf 80' lang='lat' dir='ltr'>editione</span> <span class='ocrx_word' id='word_1_74' title='bbox 700 1004 959 1076; x_wconf 87' lang='lat' dir='ltr'>primum</span> <span class='ocrx_word' id='word_1_75' title='bbox 995 1009 1171 1074; x_wconf 91' lang='lat' dir='ltr'>caput</span> <span class='ocrx_word' id='word_1_76' title='bbox 1204 1003 1407 1057; x_wconf 80' lang='lat' dir='ltr'>Latine</span> <span class='ocrx_word' id='word_1_77' title='bbox 1455 1002 1740 1057; x_wconf 80' lang='lat' dir='ltr'>convertit</span> <span class='ocrx_word' id='word_1_78' title='bbox 1782 1004 1904 1055; x_wconf 85' lang='lat' dir='ltr'>An-</span> 
     </span>
    </p>
   </div>
   <div class='ocr_carea' id='block_1_13' title="bbox 268 1091 1905 1162">
    <p class='ocr_par' dir='ltr' id='par_1_13' title="bbox 268 1091 1905 1162">
     <span class='ocr_line' id='line_1_13' title="bbox 268 1091 1905 1162; baseline -0.001 -15"><span class='ocrx_word' id='word_1_79' title='bbox 268 1095 423 1149; x_wconf 87' lang='lat' dir='ltr'>dreas</span> <span class='ocrx_word' id='word_1_80' title='bbox 473 1094 770 1162; x_wconf 86' lang='lat' dir='ltr'>Schottus,</span> <span class='ocrx_word' id='word_1_81' title='bbox 807 1111 840 1147; x_wconf 90' lang='lat' dir='ltr'>a</span> <span class='ocrx_word' id='word_1_82' title='bbox 871 1094 1127 1148; x_wconf 85' lang='lat' dir='ltr'>secundo</span> <span class='ocrx_word' id='word_1_83' title='bbox 1159 1092 1281 1147; x_wconf 87' lang='lat' dir='ltr'>Zini</span> <span class='ocrx_word' id='word_1_84' title='bbox 1317 1094 1506 1147; x_wconf 85' lang='lat' dir='ltr'>utitur</span> <span class='ocrx_word' id='word_1_85' title='bbox 1554 1091 1905 1161; x_wconf 86' lang='lat' dir='ltr'>interpreta-</span> 
     </span>
    </p>
   </div>
   <div class='ocr_carea' id='block_1_14' title="bbox 267 1180 1901 1253">
    <p class='ocr_par' dir='ltr' id='par_1_14' title="bbox 267 1180 1901 1253">
     <span class='ocr_line' id='line_1_14' title="bbox 267 1180 1901 1253; baseline -0.002 -16"><span class='ocrx_word' id='word_1_86' title='bbox 267 1183 432 1237; x_wconf 88' lang='lat' dir='ltr'>tione.</span> <span class='ocrx_word' id='word_1_87' title='bbox 459 1182 818 1253; x_wconf 89' lang='lat' dir='ltr'>Opusculum</span> <span class='ocrx_word' id='word_1_88' title='bbox 850 1181 1190 1236; x_wconf 83' lang='lat' dir='ltr'>inscribitur</span> <span class='ocrx_word' id='word_1_89' title='bbox 1211 1181 1536 1253; x_wconf 88' lang='lat' dir='ltr'>Nicephoro</span> <span class='ocrx_word' id='word_1_90' title='bbox 1562 1180 1901 1249; x_wconf 73' lang='lat' dir='ltr'>Botaniatze,</span> 
     </span>
    </p>
   </div>
   <div class='ocr_carea' id='block_1_15' title="bbox 264 1265 1900 1341">
    <p class='ocr_par' dir='ltr' id='par_1_15' title="bbox 264 1265 1900 1341">
     <span class='ocr_line' id='line_1_15' title="bbox 264 1265 1900 1341; baseline -0.005 -16"><span class='ocrx_word' id='word_1_91' title='bbox 264 1270 897 1341; x_wconf 83' lang='lat' dir='ltr'>Constantinopolitano</span> <span class='ocrx_word' id='word_1_92' title='bbox 930 1269 1288 1339; x_wconf 83' lang='lat' dir='ltr'>imperatori,</span> <span class='ocrx_word' id='word_1_93' title='bbox 1322 1285 1497 1339; x_wconf 88' lang='lat' dir='ltr'>quem</span> <span class='ocrx_word' id='word_1_94' title='bbox 1539 1265 1900 1341; x_wconf 60' lang='grc' dir='ltr'>στεφηφὸρον,</span> 
     </span>
    </p>
   </div>
   <div class='ocr_carea' id='block_1_16' title="bbox 262 1354 1898 1427">
    <p class='ocr_par' dir='ltr' id='par_1_16' title="bbox 262 1354 1898 1427">
     <span class='ocr_line' id='line_1_16' title="bbox 262 1354 1898 1427; baseline -0.002 -15"><span class='ocrx_word' id='word_1_95' title='bbox 262 1360 311 1412; x_wconf 89' lang='lat' dir='ltr'>id</span> <span class='ocrx_word' id='word_1_96' title='bbox 359 1364 444 1414; x_wconf 89' lang='lat' dir='ltr'>est</span> <span class='ocrx_word' id='word_1_97' title='bbox 497 1376 755 1414; x_wconf 79' lang='lat' dir='ltr'>coronam</span> <span class='ocrx_word' id='word_1_98' title='bbox 810 1362 1140 1427; x_wconf 72' lang='lat' dir='ltr'>gestantem,</span> <span class='ocrx_word' id='word_1_99' title='bbox 1183 1358 1595 1427; x_wconf 78' lang='lat' dir='ltr'>imperatorem</span> <span class='ocrx_word' id='word_1_100' title='bbox 1657 1354 1898 1419; x_wconf 87' lang='lat' dir='ltr'>scilicet,</span> 
     </span>
    </p>
   </div>
   <div class='ocr_carea' id='block_1_17' title="bbox 261 1443 1899 1519">
    <p class='ocr_par' dir='ltr' id='par_1_17' title="bbox 261 1443 1899 1519">
     <span class='ocr_line' id='line_1_17' title="bbox 261 1443 1899 1519; baseline -0.004 -16"><span class='ocrx_word' id='word_1_101' title='bbox 261 1447 522 1519; x_wconf 82' lang='lat' dir='ltr'>appellat,</span> <span class='ocrx_word' id='word_1_102' title='bbox 546 1453 611 1502; x_wconf 92' lang='lat' dir='ltr'>ut</span> <span class='ocrx_word' id='word_1_103' title='bbox 634 1453 693 1503; x_wconf 91' lang='lat' dir='ltr'>et</span> <span class='ocrx_word' id='word_1_104' title='bbox 713 1447 861 1503; x_wconf 88' lang='lat' dir='ltr'>alios</span> <span class='ocrx_word' id='word_1_105' title='bbox 893 1447 1277 1517; x_wconf 82' lang='lat' dir='ltr'>imperatores</span> <span class='ocrx_word' id='word_1_106' title='bbox 1300 1445 1414 1516; x_wconf 87' lang='lat'><strong>[31]</strong></span> <span class='ocrx_word' id='word_1_107' title='bbox 1444 1445 1574 1499; x_wconf 87' lang='lat' dir='ltr'>aliis</span> <span class='ocrx_word' id='word_1_108' title='bbox 1598 1443 1899 1515; x_wconf 81' lang='lat' dir='ltr'>opusculis</span> 
     </span>
    </p>
   </div>
   <div class='ocr_carea' id='block_1_18' title="bbox 260 1532 1900 1607">
    <p class='ocr_par' dir='ltr' id='par_1_18' title="bbox 260 1532 1900 1607">
     <span class='ocr_line' id='line_1_18' title="bbox 260 1532 1900 1607; baseline -0.003 -17"><span class='ocrx_word' id='word_1_109' title='bbox 260 1536 597 1607; x_wconf 87' lang='lat' dir='ltr'>compellare</span> <span class='ocrx_word' id='word_1_110' title='bbox 628 1536 953 1603; x_wconf 86' lang='lat' dir='ltr'>consuevit,</span> <span class='ocrx_word' id='word_1_111' title='bbox 986 1534 1274 1606; x_wconf 89' lang='lat' dir='ltr'>quidquid</span> <span class='ocrx_word' id='word_1_112' title='bbox 1325 1534 1422 1587; x_wconf 87' lang='lat' dir='ltr'>alii</span> <span class='ocrx_word' id='word_1_113' title='bbox 1473 1534 1787 1587; x_wconf 85' lang='lat' dir='ltr'>somnient.</span> <span class='ocrx_word' id='word_1_114' title='bbox 1822 1532 1900 1585; x_wconf 88' lang='lat' dir='ltr'>Ea</span> 
     </span>
    </p>
   </div>
   <div class='ocr_carea' id='block_1_19' title="bbox 261 1622 1899 1696">
    <p class='ocr_par' dir='ltr' id='par_1_19' title="bbox 261 1622 1899 1696">
     <span class='ocr_line' id='line_1_19' title="bbox 261 1622 1899 1696; baseline -0.002 -17"><span class='ocrx_word' id='word_1_115' title='bbox 261 1626 472 1696; x_wconf 89' lang='lat' dir='ltr'>primus</span> <span class='ocrx_word' id='word_1_116' title='bbox 504 1642 534 1679; x_wconf 92' lang='lat' dir='ltr'>e</span> <span class='ocrx_word' id='word_1_117' title='bbox 566 1625 825 1680; x_wconf 88' lang='lat' dir='ltr'>tenebris</span> <span class='ocrx_word' id='word_1_118' title='bbox 855 1630 1022 1679; x_wconf 90' lang='lat' dir='ltr'>eruta</span> <span class='ocrx_word' id='word_1_119' title='bbox 1060 1624 1255 1679; x_wconf 62' lang='lat' dir='ltr'>Greece</span> <span class='ocrx_word' id='word_1_120' title='bbox 1296 1622 1612 1693; x_wconf 86' lang='lat' dir='ltr'>publicavit</span> <span class='ocrx_word' id='word_1_121' title='bbox 1641 1622 1899 1677; x_wconf 83' lang='lat' dir='ltr'>Joannes</span> 
     </span>
    </p>
   </div>
   <div class='ocr_carea' id='block_1_20' title="bbox 258 1710 1896 1785">
    <p class='ocr_par' dir='ltr' id='par_1_20' title="bbox 258 1710 1896 1785">
     <span class='ocr_line' id='line_1_20' title="bbox 258 1710 1896 1785; baseline -0.002 -18"><span class='ocrx_word' id='word_1_122' title='bbox 258 1715 552 1782; x_wconf 69' lang='lat' dir='ltr'>Meursius,</span> <span class='ocrx_word' id='word_1_123' title='bbox 587 1730 719 1768; x_wconf 90' lang='lat' dir='ltr'>cum</span> <span class='ocrx_word' id='word_1_124' title='bbox 756 1712 1144 1785; x_wconf 83' lang='lat' dir='ltr'>Polychronii,</span> <span class='ocrx_word' id='word_1_125' title='bbox 1176 1712 1433 1781; x_wconf 84' lang='lat' dir='ltr'>Eusebii,</span> <span class='ocrx_word' id='word_1_126' title='bbox 1468 1716 1525 1766; x_wconf 91' lang='lat' dir='ltr'>et</span> <span class='ocrx_word' id='word_1_127' title='bbox 1554 1712 1804 1766; x_wconf 88' lang='lat' dir='ltr'>aliorum</span> <span class='ocrx_word' id='word_1_128' title='bbox 1838 1710 1896 1764; x_wconf 93' lang='lat' dir='ltr'>in</span> 
     </span>
    </p>
   </div>
   <div class='ocr_carea' id='block_1_21' title="bbox 261 1800 1976 1906">
    <p class='ocr_par' dir='ltr' id='par_1_21' title="bbox 261 1800 1976 1906">
     <span class='ocr_line' id='line_1_21' title="bbox 261 1800 1976 1906; baseline -0.003 -48"><span class='ocrx_word' id='word_1_129' title='bbox 261 1804 446 1858; x_wconf 86' lang='lat' dir='ltr'>eadem</span> <span class='ocrx_word' id='word_1_130' title='bbox 480 1803 719 1858; x_wconf 83' lang='lat' dir='ltr'>Cantica</span> <span class='ocrx_word' id='word_1_131' title='bbox 751 1802 1235 1874; x_wconf 82' lang='lat' dir='ltr'>expositionibus,</span> <span class='ocrx_word' id='word_1_132' title='bbox 1270 1801 1451 1872; x_wconf 84' lang='lat' dir='ltr'>Lugd.</span> <span class='ocrx_word' id='word_1_133' title='bbox 1488 1804 1611 1854; x_wconf 76' lang='lat' dir='ltr'>But.</span> <span class='ocrx_word' id='word_1_134' title='bbox 1648 1800 1805 1869; x_wconf 84' lang='grc'>1617,</span> <span class='ocrx_word' id='word_1_135' title='bbox 1836 1800 1888 1854; x_wconf 80' lang='grc'>4.</span> <span class='ocrx_word' id='word_1_136' title='bbox 1928 1842 1976 1906; x_wconf 79' lang='grc' dir='ltr'><strong>Β</strong></span> 
     </span>
    </p>
   </div>
   <div class='ocr_carea' id='block_1_22' title="bbox 263 1889 1896 1961">
    <p class='ocr_par' dir='ltr' id='par_1_22' title="bbox 263 1889 1896 1961">
     <span class='ocr_line' id='line_1_22' title="bbox 263 1889 1896 1961; baseline -0.003 -14"><span class='ocrx_word' id='word_1_137' title='bbox 263 1892 533 1947; x_wconf 78' lang='lat' dir='ltr'>Martinus</span> <span class='ocrx_word' id='word_1_138' title='bbox 585 1892 811 1947; x_wconf 88' lang='lat' dir='ltr'>Deltius</span> <span class='ocrx_word' id='word_1_139' title='bbox 862 1893 1085 1961; x_wconf 81' lang='lat' dir='ltr'>lsagoge</span> <span class='ocrx_word' id='word_1_140' title='bbox 1132 1893 1187 1945; x_wconf 87' lang='lat' dir='ltr'>in</span> <span class='ocrx_word' id='word_1_141' title='bbox 1246 1890 1401 1944; x_wconf 85' lang='lat' dir='ltr'>Cant.</span> <span class='ocrx_word' id='word_1_142' title='bbox 1446 1891 1644 1943; x_wconf 76' lang='lat' dir='ltr'>cantio.</span> <span class='ocrx_word' id='word_1_143' title='bbox 1680 1906 1807 1959; x_wconf 90' lang='lat' dir='ltr'>cap.</span> <span class='ocrx_word' id='word_1_144' title='bbox 1840 1889 1896 1955; x_wconf 86' lang='lat'>5,</span> 
     </span>
    </p>
   </div>
   <div class='ocr_carea' id='block_1_23' title="bbox 262 1978 1896 2049">
    <p class='ocr_par' dir='ltr' id='par_1_23' title="bbox 262 1978 1896 2049">
     <span class='ocr_line' id='line_1_23' title="bbox 262 1978 1896 2049; baseline -0.002 -15"><span class='ocrx_word' id='word_1_145' title='bbox 262 1982 419 2035; x_wconf 82' lang='lat' dir='ltr'>refert</span> <span class='ocrx_word' id='word_1_146' title='bbox 450 1980 704 2036; x_wconf 85' lang='lat' dir='ltr'>Psellum</span> <span class='ocrx_word' id='word_1_147' title='bbox 756 1981 1003 2035; x_wconf 87' lang='lat' dir='ltr'>deficere</span> <span class='ocrx_word' id='word_1_148' title='bbox 1054 1980 1113 2034; x_wconf 90' lang='lat' dir='ltr'>in</span> <span class='ocrx_word' id='word_1_149' title='bbox 1166 1979 1265 2033; x_wconf 88' lang='lat' dir='ltr'>illa</span> <span class='ocrx_word' id='word_1_150' title='bbox 1311 1978 1693 2049; x_wconf 85' lang='lat' dir='ltr'>expositione,</span> <span class='ocrx_word' id='word_1_151' title='bbox 1724 1978 1896 2047; x_wconf 84' lang='lat' dir='ltr'>cujus</span> 
     </span>
    </p>
   </div>
   <div class='ocr_carea' id='block_1_24' title="bbox 258 2067 1898 2142">
    <p class='ocr_par' dir='ltr' id='par_1_24' title="bbox 258 2067 1898 2142">
     <span class='ocr_line' id='line_1_24' title="bbox 258 2067 1898 2142; baseline -0.003 -17"><span class='ocrx_word' id='word_1_152' title='bbox 258 2076 355 2139; x_wconf 87' lang='lat' dir='ltr'>est,</span> <span class='ocrx_word' id='word_1_153' title='bbox 403 2076 465 2124; x_wconf 91' lang='lat' dir='ltr'>ut</span> <span class='ocrx_word' id='word_1_154' title='bbox 514 2071 642 2142; x_wconf 90' lang='lat' dir='ltr'>ipse</span> <span class='ocrx_word' id='word_1_155' title='bbox 690 2070 796 2134; x_wconf 87' lang='lat' dir='ltr'>ait,</span> <span class='ocrx_word' id='word_1_156' title='bbox 848 2068 1026 2125; x_wconf 89' lang='lat' dir='ltr'>nimis</span> <span class='ocrx_word' id='word_1_157' title='bbox 1075 2068 1347 2124; x_wconf 90' lang='lat' dir='ltr'>concisus</span> <span class='ocrx_word' id='word_1_158' title='bbox 1394 2067 1763 2123; x_wconf 89' lang='lat' dir='ltr'>abbreviator</span> <span class='ocrx_word' id='word_1_159' title='bbox 1794 2083 1806 2121; x_wconf 93' lang='lat'>:</span> <span class='ocrx_word' id='word_1_160' title='bbox 1842 2071 1898 2121; x_wconf 91' lang='lat' dir='ltr'>et</span> 
     </span>
    </p>
   </div>
   <div class='ocr_carea' id='block_1_25' title="bbox 258 2156 1893 2229">
    <p class='ocr_par' dir='ltr' id='par_1_25' title="bbox 258 2156 1893 2229">
     <span class='ocr_line' id='line_1_25' title="bbox 258 2156 1893 2229; baseline -0.002 -16"><span class='ocrx_word' id='word_1_161' title='bbox 258 2160 559 2213; x_wconf 88' lang='lat' dir='ltr'>oscitanter</span> <span class='ocrx_word' id='word_1_162' title='bbox 587 2159 767 2213; x_wconf 85' lang='lat' dir='ltr'>nimis</span> <span class='ocrx_word' id='word_1_163' title='bbox 808 2158 1120 2229; x_wconf 90' lang='lat' dir='ltr'>decipitur,</span> <span class='ocrx_word' id='word_1_164' title='bbox 1155 2159 1295 2213; x_wconf 86' lang='lat' dir='ltr'>dum</span> <span class='ocrx_word' id='word_1_165' title='bbox 1327 2157 1409 2210; x_wconf 88' lang='lat' dir='ltr'>ait</span> <span class='ocrx_word' id='word_1_166' title='bbox 1439 2156 1694 2211; x_wconf 87' lang='lat' dir='ltr'>Psellum</span> <span class='ocrx_word' id='word_1_167' title='bbox 1727 2156 1893 2211; x_wconf 87' lang='lat' dir='ltr'>citari</span> 
     </span>
    </p>
   </div>
   <div class='ocr_carea' id='block_1_26' title="bbox 257 2245 1897 2319">
    <p class='ocr_par' dir='ltr' id='par_1_26' title="bbox 257 2245 1897 2319">
     <span class='ocr_line' id='line_1_26' title="bbox 257 2245 1897 2319; baseline -0.001 -18"><span class='ocrx_word' id='word_1_168' title='bbox 257 2265 287 2301; x_wconf 86' lang='lat' dir='ltr'>a</span> <span class='ocrx_word' id='word_1_169' title='bbox 311 2249 687 2315; x_wconf 88' lang='lat' dir='ltr'>Theodoreto,</span> <span class='ocrx_word' id='word_1_170' title='bbox 720 2248 791 2302; x_wconf 88' lang='lat' dir='ltr'>ab</span> <span class='ocrx_word' id='word_1_171' title='bbox 842 2246 1260 2319; x_wconf 85' lang='lat' dir='ltr'>antiquissimo</span> <span class='ocrx_word' id='word_1_172' title='bbox 1314 2245 1806 2311; x_wconf 85' lang='lat' dir='ltr'>recentissimum,</span> <span class='ocrx_word' id='word_1_173' title='bbox 1840 2250 1897 2300; x_wconf 88' lang='lat' dir='ltr'>et</span> 
     </span>
    </p>
   </div>
   <div class='ocr_carea' id='block_1_27' title="bbox 260 2335 1895 2408">
    <p class='ocr_par' dir='ltr' id='par_1_27' title="bbox 260 2335 1895 2408">
     <span class='ocr_line' id='line_1_27' title="bbox 260 2335 1895 2408; baseline -0.001 -17"><span class='ocrx_word' id='word_1_174' title='bbox 260 2338 348 2407; x_wconf 89' lang='lat' dir='ltr'>qui</span> <span class='ocrx_word' id='word_1_175' title='bbox 380 2337 611 2392; x_wconf 90' lang='lat' dir='ltr'>nonnisi</span> <span class='ocrx_word' id='word_1_176' title='bbox 653 2342 784 2408; x_wconf 88' lang='lat' dir='ltr'>post</span> <span class='ocrx_word' id='word_1_177' title='bbox 835 2336 1205 2407; x_wconf 88' lang='lat' dir='ltr'>octingentos</span> <span class='ocrx_word' id='word_1_178' title='bbox 1239 2336 1356 2390; x_wconf 79' lang='lat' dir='ltr'>fere</span> <span class='ocrx_word' id='word_1_179' title='bbox 1405 2351 1589 2390; x_wconf 89' lang='lat' dir='ltr'>annos</span> <span class='ocrx_word' id='word_1_180' title='bbox 1640 2335 1895 2405; x_wconf 89' lang='lat' dir='ltr'>scripse-</span> 
     </span>
    </p>
   </div>
   <div class='ocr_carea' id='block_1_28' title="bbox 261 2424 1891 2481">
    <p class='ocr_par' dir='ltr' id='par_1_28' title="bbox 261 2424 1891 2481">
     <span class='ocr_line' id='line_1_28' title="bbox 261 2424 1891 2481; baseline 0 -2"><span class='ocrx_word' id='word_1_181' title='bbox 261 2432 356 2479; x_wconf 89' lang='lat' dir='ltr'>rat.</span> <span class='ocrx_word' id='word_1_182' title='bbox 388 2427 857 2481; x_wconf 89' lang='lat' dir='ltr'>Commentarius</span> <span class='ocrx_word' id='word_1_183' title='bbox 907 2425 1044 2480; x_wconf 88' lang='lat' dir='ltr'>item</span> <span class='ocrx_word' id='word_1_184' title='bbox 1077 2425 1135 2478; x_wconf 91' lang='lat' dir='ltr'>in</span> <span class='ocrx_word' id='word_1_185' title='bbox 1165 2424 1402 2479; x_wconf 84' lang='lat' dir='ltr'>Cantisa</span> <span class='ocrx_word' id='word_1_186' title='bbox 1452 2442 1521 2478; x_wconf 79' lang='lat' dir='ltr'>ex</span> <span class='ocrx_word' id='word_1_187' title='bbox 1566 2425 1757 2478; x_wconf 86' lang='lat' dir='ltr'>tribus</span> <span class='ocrx_word' id='word_1_188' title='bbox 1791 2424 1891 2479; x_wconf 86' lang='lat' dir='ltr'>Pa-</span> 
     </span>
    </p>
   </div>
   <div class='ocr_carea' id='block_1_29' title="bbox 260 2512 1889 2584">
    <p class='ocr_par' dir='ltr' id='par_1_29' title="bbox 260 2512 1889 2584">
     <span class='ocr_line' id='line_1_29' title="bbox 260 2512 1889 2584; baseline -0.001 -16"><span class='ocrx_word' id='word_1_189' title='bbox 260 2515 447 2583; x_wconf 90' lang='lat' dir='ltr'>tribus,</span> <span class='ocrx_word' id='word_1_190' title='bbox 482 2517 556 2570; x_wconf 90' lang='lat' dir='ltr'>ab</span> <span class='ocrx_word' id='word_1_191' title='bbox 607 2516 808 2571; x_wconf 90' lang='lat' dir='ltr'>eodem</span> <span class='ocrx_word' id='word_1_192' title='bbox 861 2514 1068 2584; x_wconf 87' lang='lat' dir='ltr'>Psello,</span> <span class='ocrx_word' id='word_1_193' title='bbox 1102 2513 1151 2568; x_wconf 87' lang='lat' dir='ltr'>si</span> <span class='ocrx_word' id='word_1_194' title='bbox 1194 2513 1367 2567; x_wconf 86' lang='lat' dir='ltr'>index</span> <span class='ocrx_word' id='word_1_195' title='bbox 1416 2512 1728 2567; x_wconf 87' lang='lat' dir='ltr'>Bavaricus</span> <span class='ocrx_word' id='word_1_196' title='bbox 1760 2514 1889 2567; x_wconf 92' lang='lat' dir='ltr'>cod.</span> 
     </span>
    </p>
   </div>
   <div class='ocr_carea' id='block_1_30' title="bbox 257 2601 1893 2674">
    <p class='ocr_par' dir='ltr' id='par_1_30' title="bbox 257 2601 1893 2674">
     <span class='ocr_line' id='line_1_30' title="bbox 257 2601 1893 2674; baseline 0.001 -18"><span class='ocrx_word' id='word_1_197' title='bbox 257 2604 335 2668; x_wconf 82' lang='lat'>99,</span> <span class='ocrx_word' id='word_1_198' title='bbox 368 2604 557 2659; x_wconf 86' lang='lat' dir='ltr'>fraudi</span> <span class='ocrx_word' id='word_1_199' title='bbox 591 2621 704 2659; x_wconf 92' lang='lat' dir='ltr'>non</span> <span class='ocrx_word' id='word_1_200' title='bbox 746 2609 860 2674; x_wconf 88' lang='lat' dir='ltr'>est,</span> <span class='ocrx_word' id='word_1_201' title='bbox 893 2602 1108 2674; x_wconf 65' lang='lat' dir='ltr'>saepius</span> <span class='ocrx_word' id='word_1_202' title='bbox 1140 2619 1273 2657; x_wconf 91' lang='lat' dir='ltr'>cum</span> <span class='ocrx_word' id='word_1_203' title='bbox 1305 2601 1665 2657; x_wconf 89' lang='lat' dir='ltr'>Theodoreto</span> <span class='ocrx_word' id='word_1_204' title='bbox 1699 2602 1893 2657; x_wconf 88' lang='lat' dir='ltr'>Latine</span> 
     </span>
    </p>
   </div>
   <div class='ocr_carea' id='block_1_31' title="bbox 262 2690 1889 2758">
    <p class='ocr_par' dir='ltr' id='par_1_31' title="bbox 262 2690 1889 2758">
     <span class='ocr_line' id='line_1_31' title="bbox 262 2690 1889 2758; baseline -0.001 -13"><span class='ocrx_word' id='word_1_205' title='bbox 262 2692 458 2758; x_wconf 85' lang='lat' dir='ltr'>editus,</span> <span class='ocrx_word' id='word_1_206' title='bbox 492 2692 772 2748; x_wconf 83' lang='lat' dir='ltr'>collectus</span> <span class='ocrx_word' id='word_1_207' title='bbox 804 2698 912 2747; x_wconf 90' lang='lat' dir='ltr'>est.</span> <span class='ocrx_word' id='word_1_208' title='bbox 939 2691 1017 2746; x_wconf 87' lang='lat' dir='ltr'>En</span> <span class='ocrx_word' id='word_1_209' title='bbox 1048 2692 1225 2745; x_wconf 75' lang='lat' dir='ltr'>Verba</span> <span class='ocrx_word' id='word_1_210' title='bbox 1256 2690 1502 2746; x_wconf 89' lang='lat' dir='ltr'>indicis:</span> <span class='ocrx_word' id='word_1_211' title='bbox 1540 2692 1692 2758; x_wconf 84' lang='lat' dir='ltr'>item,</span> <span class='ocrx_word' id='word_1_212' title='bbox 1722 2690 1889 2745; x_wconf 82' lang='lat' dir='ltr'>Com-</span> 
     </span>
    </p>
   </div>
   <div class='ocr_carea' id='block_1_32' title="bbox 258 2779 1885 2851">
    <p class='ocr_par' dir='ltr' id='par_1_32' title="bbox 258 2779 1885 2851">
     <span class='ocr_line' id='line_1_32' title="bbox 258 2779 1885 2851; baseline 0.001 -18"><span class='ocrx_word' id='word_1_213' title='bbox 258 2782 562 2836; x_wconf 80' lang='lat' dir='ltr'>mentarius</span> <span class='ocrx_word' id='word_1_214' title='bbox 600 2800 668 2837; x_wconf 70' lang='lat' dir='ltr'>ex</span> <span class='ocrx_word' id='word_1_215' title='bbox 698 2782 874 2836; x_wconf 83' lang='lat' dir='ltr'>tribus</span> <span class='ocrx_word' id='word_1_216' title='bbox 896 2782 1153 2835; x_wconf 83' lang='lat' dir='ltr'>Patribus</span> <span class='ocrx_word' id='word_1_217' title='bbox 1177 2779 1437 2850; x_wconf 78' lang='lat' dir='ltr'>Gregorio</span> <span class='ocrx_word' id='word_1_218' title='bbox 1473 2780 1735 2851; x_wconf 78' lang='lat' dir='ltr'>Ngsseno,</span> <span class='ocrx_word' id='word_1_219' title='bbox 1761 2779 1885 2835; x_wconf 71' lang='lat' dir='ltr'>Nilo</span> 
     </span>
    </p>
   </div>
   <div class='ocr_carea' id='block_1_33' title="bbox 261 2870 1121 2935">
    <p class='ocr_par' dir='ltr' id='par_1_33' title="bbox 261 2870 1121 2935">
     <span class='ocr_line' id='line_1_33' title="bbox 261 2870 1121 2935; baseline 0 -12"><span class='ocrx_word' id='word_1_220' title='bbox 261 2880 306 2923; x_wconf 83' lang='lat' dir='ltr'>et</span> <span class='ocrx_word' id='word_1_221' title='bbox 330 2870 585 2935; x_wconf 69' lang='lat' dir='ltr'>Maximo,</span> <span class='ocrx_word' id='word_1_222' title='bbox 616 2872 895 2926; x_wconf 76' lang='lat' dir='ltr'>collectore</span> <span class='ocrx_word' id='word_1_223' title='bbox 924 2871 1121 2925; x_wconf 82' lang='lat' dir='ltr'>Psello.</span> 
     </span>
    </p>
   </div>
   <div class='ocr_carea' id='block_1_34' title="bbox 318 2954 1887 3027">
    <p class='ocr_par' dir='ltr' id='par_1_34' title="bbox 318 2954 1887 3027">
     <span class='ocr_line' id='line_1_34' title="bbox 318 2954 1887 3027; baseline 0.001 -19"><span class='ocrx_word' id='word_1_224' title='bbox 318 2955 525 3011; x_wconf 80' lang='lat' dir='ltr'>XLVII.</span> <span class='ocrx_word' id='word_1_225' title='bbox 560 2957 839 3027; x_wconf 85' lang='lat' dir='ltr'>Ejusdem</span> <span class='ocrx_word' id='word_1_226' title='bbox 880 2958 949 3011; x_wconf 88' lang='lat' dir='ltr'>ad</span> <span class='ocrx_word' id='word_1_227' title='bbox 991 2954 1336 3011; x_wconf 85' lang='lat' dir='ltr'>Michaelem</span> <span class='ocrx_word' id='word_1_228' title='bbox 1370 2955 1445 3027; x_wconf 80' lang='lat' dir='ltr'>(k)</span> <span class='ocrx_word' id='word_1_229' title='bbox 1478 2955 1887 3027; x_wconf 86' lang='lat' dir='ltr'>imperatorem</span> 
     </span>
    </p>
   </div>
   <div class='ocr_carea' id='block_1_35' title="bbox 256 3044 1888 3117">
    <p class='ocr_par' dir='ltr' id='par_1_35' title="bbox 256 3044 1888 3117">
     <span class='ocr_line' id='line_1_35' title="bbox 256 3044 1888 3117; baseline 0.001 -20"><span class='ocrx_word' id='word_1_230' title='bbox 256 3045 428 3115; x_wconf 85' lang='lat' dir='ltr'>capita</span> <span class='ocrx_word' id='word_1_231' title='bbox 459 3047 727 3117; x_wconf 67' lang='lat' dir='ltr'>quaedam</span> <span class='ocrx_word' id='word_1_232' title='bbox 762 3044 1107 3115; x_wconf 87' lang='lat' dir='ltr'>theologica,</span> <span class='ocrx_word' id='word_1_233' title='bbox 1137 3048 1206 3101; x_wconf 85' lang='lat' dir='ltr'>de</span> <span class='ocrx_word' id='word_1_234' title='bbox 1246 3046 1537 3110; x_wconf 77' lang='lat' dir='ltr'>Trinitate,</span> <span class='ocrx_word' id='word_1_235' title='bbox 1568 3048 1621 3099; x_wconf 83' lang='lat' dir='ltr'>et</span> <span class='ocrx_word' id='word_1_236' title='bbox 1645 3060 1888 3115; x_wconf 79' lang='lat' dir='ltr'>persona</span> 
     </span>
    </p>
   </div>
   <div class='ocr_carea' id='block_1_36' title="bbox 258 3133 1885 3206">
    <p class='ocr_par' dir='ltr' id='par_1_36' title="bbox 258 3133 1885 3206">
     <span class='ocr_line' id='line_1_36' title="bbox 258 3133 1885 3206; baseline 0.002 -20"><span class='ocrx_word' id='word_1_237' title='bbox 258 3134 472 3200; x_wconf 80' lang='lat' dir='ltr'>Christi,</span> <span class='ocrx_word' id='word_1_238' title='bbox 496 3135 692 3189; x_wconf 66' lang='lat' dir='ltr'>Grece</span> <span class='ocrx_word' id='word_1_239' title='bbox 722 3140 779 3189; x_wconf 85' lang='lat' dir='ltr'>et</span> <span class='ocrx_word' id='word_1_240' title='bbox 811 3133 1029 3200; x_wconf 83' lang='lat' dir='ltr'>Latine,</span> <span class='ocrx_word' id='word_1_241' title='bbox 1062 3150 1195 3188; x_wconf 88' lang='lat' dir='ltr'>cum</span> <span class='ocrx_word' id='word_1_242' title='bbox 1228 3134 1383 3189; x_wconf 86' lang='lat' dir='ltr'>notis</span> <span class='ocrx_word' id='word_1_243' title='bbox 1412 3134 1651 3189; x_wconf 81' lang='lat' dir='ltr'>Joannis</span> <span class='ocrx_word' id='word_1_244' title='bbox 1684 3134 1885 3206; x_wconf 83' lang='lat' dir='ltr'>Wege-</span> 
     </span>
    </p>
   </div>
   <div class='ocr_carea' id='block_1_37' title="bbox 2018 814 3737 897">
    <p class='ocr_par' dir='ltr' id='par_1_37' title="bbox 2018 814 3737 897">
     <span class='ocr_line' id='line_1_37' title="bbox 2018 814 3737 897; baseline -0.006 -19"><span class='ocrx_word' id='word_1_245' title='bbox 2018 842 2181 879; x_wconf 87' lang='lat' dir='ltr'>nova.</span> <span class='ocrx_word' id='word_1_246' title='bbox 2226 826 2510 897; x_wconf 77' lang='lat' dir='ltr'>epist.2t).</span> <span class='ocrx_word' id='word_1_247' title='bbox 2538 828 2599 879; x_wconf 89' lang='lat' dir='ltr'><strong>In</strong></span> <span class='ocrx_word' id='word_1_248' title='bbox 2632 823 2901 893; x_wconf 84' lang='lat' dir='ltr'>Saregica</span> <span class='ocrx_word' id='word_1_249' title='bbox 2946 818 3300 874; x_wconf 83' lang='lat' dir='ltr'>bibliotheca</span> <span class='ocrx_word' id='word_1_250' title='bbox 3347 816 3499 869; x_wconf 87' lang='lat' dir='ltr'>inter</span> <span class='ocrx_word' id='word_1_251' title='bbox 3547 814 3660 868; x_wconf 88' lang='lat' dir='ltr'>alia</span> <span class='ocrx_word' id='word_1_252' title='bbox 3732 884 3737 889; x_wconf 10' lang='grc' dir='ltr'><strong>ἢ</strong></span> 
     </span>
    </p>
   </div>
   <div class='ocr_carea' id='block_1_38' title="bbox 2014 905 3487 985">
    <p class='ocr_par' dir='ltr' id='par_1_38' title="bbox 2014 905 3487 985">
     <span class='ocr_line' id='line_1_38' title="bbox 2014 905 3487 985; baseline -0.008 -16"><span class='ocrx_word' id='word_1_253' title='bbox 2014 916 2297 985; x_wconf 89' lang='lat' dir='ltr'>opuscula</span> <span class='ocrx_word' id='word_1_254' title='bbox 2329 914 2732 985; x_wconf 87' lang='lat' dir='ltr'>manuscripta</span> <span class='ocrx_word' id='word_1_255' title='bbox 2760 910 2925 965; x_wconf 91' lang='lat' dir='ltr'>illum</span> <span class='ocrx_word' id='word_1_256' title='bbox 2958 926 3020 965; x_wconf 89' lang='lat' dir='ltr'>se</span> <span class='ocrx_word' id='word_1_257' title='bbox 3054 907 3266 963; x_wconf 84' lang='lat' dir='ltr'>vidisse</span> <span class='ocrx_word' id='word_1_258' title='bbox 3294 905 3487 959; x_wconf 81' lang='lat' dir='ltr'>refert.</span> 
     </span>
    </p>
   </div>
   <div class='ocr_carea' id='block_1_39' title="bbox 2083 994 3656 1074">
    <p class='ocr_par' dir='ltr' id='par_1_39' title="bbox 2083 994 3656 1074">
     <span class='ocr_line' id='line_1_39' title="bbox 2083 994 3656 1074; baseline -0.008 -16"><span class='ocrx_word' id='word_1_259' title='bbox 2083 1003 2327 1059; x_wconf 77' lang='lat' dir='ltr'><strong>XLVIII.</strong></span> <span class='ocrx_word' id='word_1_260' title='bbox 2362 1004 2639 1074; x_wconf 83' lang='lat' dir='ltr'>Ejusdem</span> <span class='ocrx_word' id='word_1_261' title='bbox 2686 1001 2943 1072; x_wconf 81' lang='lat' dir='ltr'>Synopsz&#39;s</span> <span class='ocrx_word' id='word_1_262' title='bbox 2974 1002 3158 1067; x_wconf 83' lang='lat' dir='ltr'>legum</span> <span class='ocrx_word' id='word_1_263' title='bbox 3206 994 3472 1050; x_wconf 82' lang='lat' dir='ltr'>versibus</span> <span class='ocrx_word' id='word_1_264' title='bbox 3504 994 3656 1047; x_wconf 80' lang='lat' dir='ltr'>iam-</span> 
     </span>
    </p>
   </div>
   <div class='ocr_carea' id='block_1_40' title="bbox 2012 1083 3655 1163">
    <p class='ocr_par' dir='ltr' id='par_1_40' title="bbox 2012 1083 3655 1163">
     <span class='ocr_line' id='line_1_40' title="bbox 2012 1083 3655 1163; baseline -0.005 -18"><span class='ocrx_word' id='word_1_265' title='bbox 2012 1092 2182 1162; x_wconf 85' lang='lat' dir='ltr'>bicis,</span> <span class='ocrx_word' id='word_1_266' title='bbox 2214 1097 2270 1149; x_wconf 90' lang='lat' dir='ltr'>et</span> <span class='ocrx_word' id='word_1_267' title='bbox 2302 1092 2556 1163; x_wconf 88' lang='lat' dir='ltr'>politicis</span> <span class='ocrx_word' id='word_1_268' title='bbox 2586 1092 2741 1147; x_wconf 88' lang='lat' dir='ltr'>edita</span> <span class='ocrx_word' id='word_1_269' title='bbox 2771 1095 2859 1145; x_wconf 86' lang='lat' dir='ltr'>est</span> <span class='ocrx_word' id='word_1_270' title='bbox 2887 1093 3101 1155; x_wconf 63' lang='lat' dir='ltr'>Graece,</span> <span class='ocrx_word' id='word_1_271' title='bbox 3135 1086 3340 1140; x_wconf 89' lang='lat' dir='ltr'>Latina</span> <span class='ocrx_word' id='word_1_272' title='bbox 3370 1083 3655 1153; x_wconf 87' lang='lat' dir='ltr'>interpre-</span> 
     </span>
    </p>
   </div>
   <div class='ocr_carea' id='block_1_41' title="bbox 2011 1173 3652 1250">
    <p class='ocr_par' dir='ltr' id='par_1_41' title="bbox 2011 1173 3652 1250">
     <span class='ocr_line' id='line_1_41' title="bbox 2011 1173 3652 1250; baseline -0.007 -14"><span class='ocrx_word' id='word_1_273' title='bbox 2011 1181 2251 1247; x_wconf 85' lang='lat' dir='ltr'>tatione,</span> <span class='ocrx_word' id='word_1_274' title='bbox 2284 1186 2341 1237; x_wconf 91' lang='lat' dir='ltr'>et</span> <span class='ocrx_word' id='word_1_275' title='bbox 2378 1181 2531 1237; x_wconf 89' lang='lat' dir='ltr'>notis</span> <span class='ocrx_word' id='word_1_276' title='bbox 2576 1180 2891 1248; x_wconf 88' lang='lat' dir='ltr'>illustrata,</span> <span class='ocrx_word' id='word_1_277' title='bbox 2923 1194 3098 1250; x_wconf 87' lang='lat' dir='ltr'>opera</span> <span class='ocrx_word' id='word_1_278' title='bbox 3145 1180 3200 1229; x_wconf 92' lang='lat' dir='ltr'>et</span> <span class='ocrx_word' id='word_1_279' title='bbox 3246 1173 3445 1228; x_wconf 72' lang='lat' dir='ltr'>studio</span> <span class='ocrx_word' id='word_1_280' title='bbox 3475 1176 3652 1225; x_wconf 85' lang='lat' dir='ltr'>Fran-</span> 
     </span>
    </p>
   </div>
   <div class='ocr_carea' id='block_1_42' title="bbox 2010 1260 3654 1342">
    <p class='ocr_par' dir='ltr' id='par_1_42' title="bbox 2010 1260 3654 1342">
     <span class='ocr_line' id='line_1_42' title="bbox 2010 1260 3654 1342; baseline -0.007 -17"><span class='ocrx_word' id='word_1_281' title='bbox 2010 1270 2144 1325; x_wconf 84' lang='lat' dir='ltr'>cisci</span> <span class='ocrx_word' id='word_1_282' title='bbox 2184 1272 2453 1342; x_wconf 89' lang='lat' dir='ltr'>Bosqueti</span> <span class='ocrx_word' id='word_1_283' title='bbox 2484 1268 2902 1333; x_wconf 80' lang='lat' dir='ltr'>Narbonensis,</span> <span class='ocrx_word' id='word_1_284' title='bbox 2936 1284 3003 1323; x_wconf 83' lang='lat' dir='ltr'>ex</span> <span class='ocrx_word' id='word_1_285' title='bbox 3045 1262 3399 1320; x_wconf 86' lang='lat' dir='ltr'>bibliotheca</span> <span class='ocrx_word' id='word_1_286' title='bbox 3427 1260 3654 1315; x_wconf 87' lang='lat' dir='ltr'>archie-</span> 
     </span>
    </p>
   </div>
   <div class='ocr_carea' id='block_1_43' title="bbox 2010 1350 3650 1431">
    <p class='ocr_par' dir='ltr' id='par_1_43' title="bbox 2010 1350 3650 1431">
     <span class='ocr_line' id='line_1_43' title="bbox 2010 1350 3650 1431; baseline -0.005 -17"><span class='ocrx_word' id='word_1_287' title='bbox 2010 1359 2230 1431; x_wconf 89' lang='lat' dir='ltr'>piscopi</span> <span class='ocrx_word' id='word_1_288' title='bbox 2264 1360 2561 1426; x_wconf 88' lang='lat' dir='ltr'>Tolosani,</span> <span class='ocrx_word' id='word_1_289' title='bbox 2586 1358 2826 1413; x_wconf 87' lang='lat' dir='ltr'>Parisiis</span> <span class='ocrx_word' id='word_1_290' title='bbox 2856 1356 3009 1428; x_wconf 87' lang='lat' dir='ltr'>apud</span> <span class='ocrx_word' id='word_1_291' title='bbox 3040 1354 3322 1409; x_wconf 85' lang='lat' dir='ltr'>Joannem</span> <span class='ocrx_word' id='word_1_292' title='bbox 3355 1350 3650 1405; x_wconf 85' lang='lat' dir='ltr'>Camusat.</span> 
     </span>
    </p>
   </div>
   <div class='ocr_carea' id='block_1_44' title="bbox 2012 1437 3650 1518">
    <p class='ocr_par' dir='ltr' id='par_1_44' title="bbox 2012 1437 3650 1518">
     <span class='ocr_line' id='line_1_44' title="bbox 2012 1437 3650 1518; baseline -0.007 -16"><span class='ocrx_word' id='word_1_293' title='bbox 2012 1449 2169 1516; x_wconf 75' lang='lat'>162.2,</span> <span class='ocrx_word' id='word_1_294' title='bbox 2201 1451 2253 1505; x_wconf 87' lang='lat'>8.</span> <span class='ocrx_word' id='word_1_295' title='bbox 2289 1450 2343 1503; x_wconf 91' lang='lat' dir='ltr'>in</span> <span class='ocrx_word' id='word_1_296' title='bbox 2397 1448 2697 1503; x_wconf 89' lang='lat' dir='ltr'>nonnullis</span> <span class='ocrx_word' id='word_1_297' title='bbox 2743 1447 2859 1518; x_wconf 82' lang='lat'>[32]</span> <span class='ocrx_word' id='word_1_298' title='bbox 2908 1445 3208 1500; x_wconf 88' lang='lat' dir='ltr'>codicibus</span> <span class='ocrx_word' id='word_1_299' title='bbox 3258 1439 3540 1511; x_wconf 88' lang='lat' dir='ltr'>inscripta</span> <span class='ocrx_word' id='word_1_300' title='bbox 3570 1437 3650 1509; x_wconf 85' lang='grc' dir='ltr'>(η)</span> 
     </span>
    </p>
   </div>
   <div class='ocr_carea' id='block_1_45' title="bbox 2009 1528 3651 1610">
    <p class='ocr_par' dir='ltr' id='par_1_45' title="bbox 2009 1528 3651 1610">
     <span class='ocr_line' id='line_1_45' title="bbox 2009 1528 3651 1610; baseline -0.005 -20"><span class='ocrx_word' id='word_1_301' title='bbox 2009 1538 2347 1610; x_wconf 87' lang='lat' dir='ltr'>imperatori</span> <span class='ocrx_word' id='word_1_302' title='bbox 2380 1537 2645 1593; x_wconf 86' lang='lat' dir='ltr'>Michaeli</span> <span class='ocrx_word' id='word_1_303' title='bbox 2686 1542 2869 1591; x_wconf 56' lang='lat' dir='ltr'>Ducas.</span> <span class='ocrx_word' id='word_1_304' title='bbox 2908 1535 3069 1588; x_wconf 84' lang='lat' dir='ltr'>Alius</span> <span class='ocrx_word' id='word_1_305' title='bbox 3099 1532 3277 1587; x_wconf 83' lang='lat' dir='ltr'>codex</span> <span class='ocrx_word' id='word_1_306' title='bbox 3308 1528 3651 1595; x_wconf 80' lang='lat' dir='ltr'>Vaticanus,</span> 
     </span>
    </p>
   </div>
   <div class='ocr_carea' id='block_1_46' title="bbox 2010 1617 3650 1697">
    <p class='ocr_par' dir='ltr' id='par_1_46' title="bbox 2010 1617 3650 1697">
     <span class='ocr_line' id='line_1_46' title="bbox 2010 1617 3650 1697; baseline -0.009 -17"><span class='ocrx_word' id='word_1_307' title='bbox 2010 1632 2073 1680; x_wconf 91' lang='lat' dir='ltr'>ut</span> <span class='ocrx_word' id='word_1_308' title='bbox 2129 1632 2292 1681; x_wconf 90' lang='lat' dir='ltr'>notat</span> <span class='ocrx_word' id='word_1_309' title='bbox 2347 1626 2501 1681; x_wconf 86' lang='lat' dir='ltr'>idem</span> <span class='ocrx_word' id='word_1_310' title='bbox 2562 1626 2915 1697; x_wconf 85' lang='lat' dir='ltr'>Bosquetus,</span> <span class='ocrx_word' id='word_1_311' title='bbox 2946 1623 3151 1687; x_wconf 90' lang='lat' dir='ltr'>habet,</span> <span class='ocrx_word' id='word_1_312' title='bbox 3211 1619 3495 1683; x_wconf 84' lang='lat' dir='ltr'>Alexium,</span> <span class='ocrx_word' id='word_1_313' title='bbox 3554 1617 3650 1667; x_wconf 55' lang='lat'>196</span> 
     </span>
    </p>
   </div>
   <div class='ocr_carea' id='block_1_47' title="bbox 2006 1700 3650 1791">
    <p class='ocr_par' dir='ltr' id='par_1_47' title="bbox 2006 1700 3650 1791">
     <span class='ocr_line' id='line_1_47' title="bbox 2006 1700 3650 1791; baseline -0.007 -24"><span class='ocrx_word' id='word_1_314' title='bbox 2006 1716 2322 1791; x_wconf 72' lang='grc' dir='ltr'>σοφωτάτου</span> <span class='ocrx_word' id='word_1_315' title='bbox 2350 1712 2573 1769; x_wconf 80' lang='grc' dir='ltr'>Ψελλοῦ</span> <span class='ocrx_word' id='word_1_316' title='bbox 2604 1712 2681 1777; x_wconf 71' lang='grc' dir='ltr'>εἷς</span> <span class='ocrx_word' id='word_1_317' title='bbox 2708 1710 2835 1773; x_wconf 76' lang='grc' dir='ltr'>τοὺς</span> <span class='ocrx_word' id='word_1_318' title='bbox 2864 1712 3067 1783; x_wconf 83' lang='grc' dir='ltr'>νόμους</span> <span class='ocrx_word' id='word_1_319' title='bbox 3100 1708 3234 1783; x_wconf 76' lang='grc' dir='ltr'>πρὸς</span> <span class='ocrx_word' id='word_1_320' title='bbox 3277 1706 3367 1760; x_wconf 83' lang='grc' dir='ltr'>τὸν</span> <span class='ocrx_word' id='word_1_321' title='bbox 3414 1700 3650 1760; x_wconf 75' lang='grc' dir='ltr'>Βασιλέα</span> 
     </span>
    </p>
   </div>
   <div class='ocr_carea' id='block_1_48' title="bbox 2008 1794 3651 1877">
    <p class='ocr_par' dir='ltr' id='par_1_48' title="bbox 2008 1794 3651 1877">
     <span class='ocr_line' id='line_1_48' title="bbox 2008 1794 3651 1877; baseline -0.007 -19"><span class='ocrx_word' id='word_1_322' title='bbox 2008 1804 2173 1877; x_wconf 70' lang='grc' dir='ltr'>Κ·3ριν</span> <span class='ocrx_word' id='word_1_323' title='bbox 2208 1802 2471 1872; x_wconf 75' lang='grc' dir='ltr'>Ἀ)ἑξιον.</span> <span class='ocrx_word' id='word_1_324' title='bbox 2534 1805 2600 1859; x_wconf 84' lang='grc' dir='ltr'>Ε1</span> <span class='ocrx_word' id='word_1_325' title='bbox 2657 1807 2826 1859; x_wconf 90' lang='lat' dir='ltr'>vetus</span> <span class='ocrx_word' id='word_1_326' title='bbox 2867 1798 3186 1864; x_wconf 91' lang='lat' dir='ltr'>Sirmondi,</span> <span class='ocrx_word' id='word_1_327' title='bbox 3235 1794 3651 1866; x_wconf 85' lang='lat' dir='ltr'>Nicephorum,</span> 
     </span>
    </p>
   </div>
   <div class='ocr_carea' id='block_1_49' title="bbox 2006 1881 3653 1967">
    <p class='ocr_par' dir='ltr' id='par_1_49' title="bbox 2006 1881 3653 1967">
     <span class='ocr_line' id='line_1_49' title="bbox 2006 1881 3653 1967; baseline -0.008 -21"><span class='ocrx_word' id='word_1_328' title='bbox 2006 1892 2186 1967; x_wconf 85' lang='grc' dir='ltr'>Ἀρχή</span> <span class='ocrx_word' id='word_1_329' title='bbox 2243 1890 2334 1945; x_wconf 79' lang='grc' dir='ltr'>σὺν</span> <span class='ocrx_word' id='word_1_330' title='bbox 2386 1896 2501 1961; x_wconf 86' lang='grc' dir='ltr'>Θεῴ</span> <span class='ocrx_word' id='word_1_331' title='bbox 2548 1895 2655 1945; x_wconf 78' lang='grc' dir='ltr'>τῶν</span> <span class='ocrx_word' id='word_1_332' title='bbox 2703 1888 3007 1945; x_wconf 73' lang='grc' dir='ltr'>πολιτικῶν</span> <span class='ocrx_word' id='word_1_333' title='bbox 3069 1886 3272 1960; x_wconf 70' lang='grc' dir='ltr'>στίχων</span> <span class='ocrx_word' id='word_1_334' title='bbox 3328 1886 3425 1937; x_wconf 71' lang='grc' dir='ltr'>τοῦ</span> <span class='ocrx_word' id='word_1_335' title='bbox 3479 1881 3653 1952; x_wconf 76' lang='grc' dir='ltr'>νόμου</span> 
     </span>
    </p>
   </div>
   <div class='ocr_carea' id='block_1_50' title="bbox 2006 1968 3652 2055">
    <p class='ocr_par' dir='ltr' id='par_1_50' title="bbox 2006 1968 3652 2055">
     <span class='ocr_line' id='line_1_50' title="bbox 2006 1968 3652 2055; baseline -0.009 -20"><span class='ocrx_word' id='word_1_336' title='bbox 2006 1981 2325 2035; x_wconf 69' lang='grc' dir='ltr'>ἐκτεθέντων</span> <span class='ocrx_word' id='word_1_337' title='bbox 2381 1982 2526 2055; x_wconf 81' lang='grc' dir='ltr'>παρά</span> <span class='ocrx_word' id='word_1_338' title='bbox 2580 1984 2677 2034; x_wconf 72' lang='grc' dir='ltr'>τοῦ</span> <span class='ocrx_word' id='word_1_339' title='bbox 2735 1979 2933 2052; x_wconf 72' lang='grc' dir='ltr'>Κυρίου</span> <span class='ocrx_word' id='word_1_340' title='bbox 2989 1973 3221 2051; x_wconf 69' lang='grc' dir='ltr'>Μιχαὴλ</span> <span class='ocrx_word' id='word_1_341' title='bbox 3267 1976 3364 2027; x_wconf 78' lang='grc' dir='ltr'>τοῦ</span> <span class='ocrx_word' id='word_1_342' title='bbox 3406 1968 3652 2040; x_wconf 72' lang='grc' dir='ltr'>Ψελλοῦ,</span> 
     </span>
    </p>
   </div>
   <div class='ocr_carea' id='block_1_51' title="bbox 2004 2059 3649 2146">
    <p class='ocr_par' dir='ltr' id='par_1_51' title="bbox 2004 2059 3649 2146">
     <span class='ocr_line' id='line_1_51' title="bbox 2004 2059 3649 2146; baseline -0.005 -22"><span class='ocrx_word' id='word_1_343' title='bbox 2004 2070 2140 2143; x_wconf 83' lang='grc' dir='ltr'>πρὸς</span> <span class='ocrx_word' id='word_1_344' title='bbox 2203 2071 2293 2124; x_wconf 85' lang='grc' dir='ltr'>τὸν</span> <span class='ocrx_word' id='word_1_345' title='bbox 2358 2068 2873 2146; x_wconf 74' lang='grc' dir='ltr'>Πορφυρογέννητον</span> <span class='ocrx_word' id='word_1_346' title='bbox 2927 2065 3120 2141; x_wconf 72' lang='grc' dir='ltr'>Κύριον</span> <span class='ocrx_word' id='word_1_347' title='bbox 3175 2060 3507 2139; x_wconf 75' lang='grc' dir='ltr'>Νικηφόρον.</span> <span class='ocrx_word' id='word_1_348' title='bbox 3556 2059 3649 2126; x_wconf 76' lang='grc' dir='ltr'>Μὴ</span> 
     </span>
    </p>
   </div>
   <div class='ocr_carea' id='block_1_52' title="bbox 2008 2147 3649 2235">
    <p class='ocr_par' dir='ltr' id='par_1_52' title="bbox 2008 2147 3649 2235">
     <span class='ocr_line' id='line_1_52' title="bbox 2008 2147 3649 2235; baseline -0.007 -21"><span class='ocrx_word' id='word_1_349' title='bbox 2008 2158 2344 2234; x_wconf 83' lang='grc' dir='ltr'>βδυλόμενον</span> <span class='ocrx_word' id='word_1_350' title='bbox 2395 2161 2683 2235; x_wconf 70' lang='grc' dir='ltr'>προσέχειν</span> <span class='ocrx_word' id='word_1_351' title='bbox 2727 2164 2844 2220; x_wconf 85' lang='grc' dir='ltr'>τοῖς</span> <span class='ocrx_word' id='word_1_352' title='bbox 2898 2156 3071 2229; x_wconf 81' lang='grc' dir='ltr'>νόμου</span> <span class='ocrx_word' id='word_1_353' title='bbox 3123 2155 3403 2226; x_wconf 69' lang='grc' dir='ltr'>μαθήμασι</span> <span class='ocrx_word' id='word_1_354' title='bbox 3454 2147 3541 2204; x_wconf 74' lang='grc' dir='ltr'>διὰ</span> <span class='ocrx_word' id='word_1_355' title='bbox 3587 2149 3649 2203; x_wconf 86' lang='grc' dir='ltr'>τὸ</span> 
     </span>
    </p>
   </div>
   <div class='ocr_carea' id='block_1_53' title="bbox 2003 2242 3650 2324">
    <p class='ocr_par' dir='ltr' id='par_1_53' title="bbox 2003 2242 3650 2324">
     <span class='ocr_line' id='line_1_53' title="bbox 2003 2242 3650 2324; baseline -0.005 -21"><span class='ocrx_word' id='word_1_356' title='bbox 2003 2250 2239 2324; x_wconf 80' lang='grc' dir='ltr'>κεχηνὸς</span> <span class='ocrx_word' id='word_1_357' title='bbox 2266 2249 2460 2303; x_wconf 69' lang='grc' dir='ltr'>τούτου</span> <span class='ocrx_word' id='word_1_358' title='bbox 2500 2247 2754 2323; x_wconf 70' lang='grc' dir='ltr'>πέλαγος.</span> <span class='ocrx_word' id='word_1_359' title='bbox 2796 2248 3049 2309; x_wconf 80' lang='lat' dir='ltr'>Titulus,</span> <span class='ocrx_word' id='word_1_360' title='bbox 3079 2244 3169 2300; x_wconf 88' lang='lat' dir='ltr'>vel</span> <span class='ocrx_word' id='word_1_361' title='bbox 3211 2242 3650 2314; x_wconf 84' lang='lat' dir='ltr'>Porphyrogen-</span> 
     </span>
    </p>
   </div>
   <div class='ocr_carea' id='block_1_54' title="bbox 2006 2330 3645 2411">
    <p class='ocr_par' dir='ltr' id='par_1_54' title="bbox 2006 2330 3645 2411">
     <span class='ocr_line' id='line_1_54' title="bbox 2006 2330 3645 2411; baseline -0.008 -17"><span class='ocrx_word' id='word_1_362' title='bbox 2006 2348 2150 2395; x_wconf 69' lang='lat' dir='ltr'>netia</span> <span class='ocrx_word' id='word_1_363' title='bbox 2207 2338 2589 2411; x_wconf 88' lang='lat' dir='ltr'>cognomine,</span> <span class='ocrx_word' id='word_1_364' title='bbox 2642 2336 2967 2408; x_wconf 84' lang='lat' dir='ltr'>Nicephoro</span> <span class='ocrx_word' id='word_1_365' title='bbox 3024 2335 3344 2389; x_wconf 75' lang='lat' dir='ltr'>Botaniatae</span> <span class='ocrx_word' id='word_1_366' title='bbox 3402 2330 3645 2397; x_wconf 83' lang='lat' dir='ltr'>adnexo,</span> 
     </span>
    </p>
   </div>
   <div class='ocr_carea' id='block_1_55' title="bbox 2003 2420 3648 2501">
    <p class='ocr_par' dir='ltr' id='par_1_55' title="bbox 2003 2420 3648 2501">
     <span class='ocr_line' id='line_1_55' title="bbox 2003 2420 3648 2501; baseline -0.009 -17"><span class='ocrx_word' id='word_1_367' title='bbox 2003 2434 2315 2501; x_wconf 87' lang='lat' dir='ltr'>suspectus</span> <span class='ocrx_word' id='word_1_368' title='bbox 2345 2433 2452 2483; x_wconf 88' lang='lat' dir='ltr'>est.</span> <span class='ocrx_word' id='word_1_369' title='bbox 2483 2427 2607 2482; x_wconf 83' lang='lat' dir='ltr'>Non</span> <span class='ocrx_word' id='word_1_370' title='bbox 2639 2427 2841 2481; x_wconf 90' lang='lat' dir='ltr'>dubito</span> <span class='ocrx_word' id='word_1_371' title='bbox 2886 2431 3080 2480; x_wconf 88' lang='lat' dir='ltr'>tamen</span> <span class='ocrx_word' id='word_1_372' title='bbox 3131 2420 3420 2486; x_wconf 88' lang='lat' dir='ltr'>libellum,</span> <span class='ocrx_word' id='word_1_373' title='bbox 3450 2433 3648 2473; x_wconf 88' lang='lat' dir='ltr'>rerum</span> 
     </span>
    </p>
   </div>
   <div class='ocr_carea' id='block_1_56' title="bbox 2001 2511 3652 2588">
    <p class='ocr_par' dir='ltr' id='par_1_56' title="bbox 2001 2511 3652 2588">
     <span class='ocr_line' id='line_1_56' title="bbox 2001 2511 3652 2588; baseline -0.009 -15"><span class='ocrx_word' id='word_1_374' title='bbox 2001 2535 2292 2573; x_wconf 90' lang='lat' dir='ltr'>summam</span> <span class='ocrx_word' id='word_1_375' title='bbox 2319 2516 2661 2588; x_wconf 85' lang='lat' dir='ltr'>gerentibus</span> <span class='ocrx_word' id='word_1_376' title='bbox 2688 2515 2830 2570; x_wconf 89' lang='lat' dir='ltr'>adeo</span> <span class='ocrx_word' id='word_1_377' title='bbox 2863 2511 3285 2579; x_wconf 89' lang='lat' dir='ltr'>necessarium,</span> <span class='ocrx_word' id='word_1_378' title='bbox 3310 2524 3413 2581; x_wconf 88' lang='lat' dir='ltr'>pro</span> <span class='ocrx_word' id='word_1_379' title='bbox 3443 2522 3652 2578; x_wconf 89' lang='lat' dir='ltr'>oppor-</span> 
     </span>
    </p>
   </div>
   <div class='ocr_carea' id='block_1_57' title="bbox 2001 2596 3648 2674">
    <p class='ocr_par' dir='ltr' id='par_1_57' title="bbox 2001 2596 3648 2674">
     <span class='ocr_line' id='line_1_57' title="bbox 2001 2596 3648 2674; baseline -0.007 -13"><span class='ocrx_word' id='word_1_380' title='bbox 2001 2608 2251 2661; x_wconf 88' lang='lat' dir='ltr'>tunitate</span> <span class='ocrx_word' id='word_1_381' title='bbox 2308 2606 2553 2660; x_wconf 88' lang='lat' dir='ltr'>diversis</span> <span class='ocrx_word' id='word_1_382' title='bbox 2610 2602 3063 2674; x_wconf 85' lang='lat' dir='ltr'>imperatoribus</span> <span class='ocrx_word' id='word_1_383' title='bbox 3119 2596 3519 2668; x_wconf 88' lang='lat' dir='ltr'>inscripsisse,</span> <span class='ocrx_word' id='word_1_384' title='bbox 3583 2598 3648 2649; x_wconf 89' lang='lat' dir='ltr'>ut</span> 
     </span>
    </p>
   </div>
   <div class='ocr_carea' id='block_1_58' title="bbox 2000 2684 3643 2767">
    <p class='ocr_par' dir='ltr' id='par_1_58' title="bbox 2000 2684 3643 2767">
     <span class='ocr_line' id='line_1_58' title="bbox 2000 2684 3643 2767; baseline -0.008 -17"><span class='ocrx_word' id='word_1_385' title='bbox 2000 2696 2326 2767; x_wconf 70' lang='lat' dir='ltr'>prmcipuas</span> <span class='ocrx_word' id='word_1_386' title='bbox 2354 2694 2516 2750; x_wconf 89' lang='lat' dir='ltr'>Juris</span> <span class='ocrx_word' id='word_1_387' title='bbox 2558 2692 2809 2764; x_wconf 89' lang='lat' dir='ltr'>regulas,</span> <span class='ocrx_word' id='word_1_388' title='bbox 2836 2708 2905 2747; x_wconf 86' lang='lat' dir='ltr'>ex</span> <span class='ocrx_word' id='word_1_389' title='bbox 2945 2689 3089 2762; x_wconf 87' lang='lat' dir='ltr'>ipsis</span> <span class='ocrx_word' id='word_1_390' title='bbox 3117 2688 3275 2743; x_wconf 85' lang='lat' dir='ltr'>Juris</span> <span class='ocrx_word' id='word_1_391' title='bbox 3305 2684 3486 2741; x_wconf 90' lang='lat' dir='ltr'>totius</span> <span class='ocrx_word' id='word_1_392' title='bbox 3516 2684 3643 2738; x_wconf 78' lang='lat' dir='ltr'>fon-</span> 
     </span>
    </p>
   </div>
   <div class='ocr_carea' id='block_1_59' title="bbox 1997 2772 3643 2855">
    <p class='ocr_par' dir='ltr' id='par_1_59' title="bbox 1997 2772 3643 2855">
     <span class='ocr_line' id='line_1_59' title="bbox 1997 2772 3643 2855; baseline -0.009 -15"><span class='ocrx_word' id='word_1_393' title='bbox 1997 2786 2157 2841; x_wconf 85' lang='lat' dir='ltr'>tibus</span> <span class='ocrx_word' id='word_1_394' title='bbox 2187 2784 2533 2855; x_wconf 89' lang='lat' dir='ltr'>eompendio</span> <span class='ocrx_word' id='word_1_395' title='bbox 2565 2785 2969 2853; x_wconf 86' lang='lat' dir='ltr'>pertractatas,</span> <span class='ocrx_word' id='word_1_396' title='bbox 2992 2784 3048 2833; x_wconf 89' lang='lat' dir='ltr'>et</span> <span class='ocrx_word' id='word_1_397' title='bbox 3068 2776 3325 2832; x_wconf 88' lang='lat' dir='ltr'>carmine</span> <span class='ocrx_word' id='word_1_398' title='bbox 3357 2774 3525 2846; x_wconf 88' lang='lat' dir='ltr'>quasi</span> <span class='ocrx_word' id='word_1_399' title='bbox 3558 2772 3643 2827; x_wconf 88' lang='lat' dir='ltr'>1e-</span> 
     </span>
    </p>
   </div>
   <div class='ocr_carea' id='block_1_60' title="bbox 1999 2861 3644 2940">
    <p class='ocr_par' dir='ltr' id='par_1_60' title="bbox 1999 2861 3644 2940">
     <span class='ocr_line' id='line_1_60' title="bbox 1999 2861 3644 2940; baseline -0.008 -11"><span class='ocrx_word' id='word_1_400' title='bbox 1999 2874 2231 2929; x_wconf 90' lang='lat' dir='ltr'>nocinio</span> <span class='ocrx_word' id='word_1_401' title='bbox 2257 2871 2569 2936; x_wconf 83' lang='lat' dir='ltr'>emollitae,</span> <span class='ocrx_word' id='word_1_402' title='bbox 2593 2871 2814 2940; x_wconf 90' lang='lat' dir='ltr'>absque</span> <span class='ocrx_word' id='word_1_403' title='bbox 2841 2867 3125 2939; x_wconf 89' lang='lat' dir='ltr'>longioris</span> <span class='ocrx_word' id='word_1_404' title='bbox 3152 2863 3420 2921; x_wconf 84' lang='lat' dir='ltr'>lectionis</span> <span class='ocrx_word' id='word_1_405' title='bbox 3446 2861 3644 2931; x_wconf 60' lang='lat' dir='ltr'>taedio,</span> 
     </span>
    </p>
   </div>
   <div class='ocr_carea' id='block_1_61' title="bbox 1997 2952 3640 3031">
    <p class='ocr_par' dir='ltr' id='par_1_61' title="bbox 1997 2952 3640 3031">
     <span class='ocr_line' id='line_1_61' title="bbox 1997 2952 3640 3031; baseline -0.008 -14"><span class='ocrx_word' id='word_1_406' title='bbox 1997 2963 2046 3017; x_wconf 87' lang='lat' dir='ltr'>si</span> <span class='ocrx_word' id='word_1_407' title='bbox 2100 2962 2331 3028; x_wconf 88' lang='lat' dir='ltr'>liberet;</span> <span class='ocrx_word' id='word_1_408' title='bbox 2365 2964 2798 3031; x_wconf 87' lang='lat' dir='ltr'>percurrerent;</span> <span class='ocrx_word' id='word_1_409' title='bbox 2847 2962 2911 3012; x_wconf 90' lang='lat' dir='ltr'>ut</span> <span class='ocrx_word' id='word_1_410' title='bbox 2958 2958 3028 3011; x_wconf 93' lang='lat' dir='ltr'>de</span> <span class='ocrx_word' id='word_1_411' title='bbox 3074 2955 3340 3025; x_wconf 81' lang='lat' dir='ltr'>eiusdem</span> <span class='ocrx_word' id='word_1_412' title='bbox 3390 2952 3640 3020; x_wconf 84' lang='lat' dir='ltr'>Chryso-</span> 
     </span>
    </p>
   </div>
   <div class='ocr_carea' id='block_1_62' title="bbox 1998 3040 3640 3123">
    <p class='ocr_par' dir='ltr' id='par_1_62' title="bbox 1998 3040 3640 3123">
     <span class='ocr_line' id='line_1_62' title="bbox 1998 3040 3640 3123; baseline -0.006 -18"><span class='ocrx_word' id='word_1_413' title='bbox 1998 3052 2146 3123; x_wconf 81' lang='lat' dir='ltr'>pmia</span> <span class='ocrx_word' id='word_1_414' title='bbox 2175 3067 2353 3121; x_wconf 90' lang='lat' dir='ltr'>supra</span> <span class='ocrx_word' id='word_1_415' title='bbox 2385 3048 2661 3103; x_wconf 84' lang='lat' dir='ltr'>diximus.</span> <span class='ocrx_word' id='word_1_416' title='bbox 2696 3048 2775 3101; x_wconf 88' lang='lat' dir='ltr'>Ex</span> <span class='ocrx_word' id='word_1_417' title='bbox 2813 3046 2905 3101; x_wconf 89' lang='lat' dir='ltr'>his</span> <span class='ocrx_word' id='word_1_418' title='bbox 2939 3043 3220 3101; x_wconf 89' lang='lat' dir='ltr'>nonnulla</span> <span class='ocrx_word' id='word_1_419' title='bbox 3250 3043 3359 3098; x_wconf 91' lang='lat' dir='ltr'>sub</span> <span class='ocrx_word' id='word_1_420' title='bbox 3390 3040 3640 3097; x_wconf 82' lang='lat' dir='ltr'>scholic-</span> 
     </span>
    </p>
   </div>
   <div class='ocr_carea' id='block_1_63' title="bbox 1998 3129 3641 3207">
    <p class='ocr_par' dir='ltr' id='par_1_63' title="bbox 1998 3129 3641 3207">
     <span class='ocr_line' id='line_1_63' title="bbox 1998 3129 3641 3207; baseline -0.007 -13"><span class='ocrx_word' id='word_1_421' title='bbox 1998 3157 2127 3194; x_wconf 90' lang='lat' dir='ltr'>rum</span> <span class='ocrx_word' id='word_1_422' title='bbox 2163 3139 2396 3193; x_wconf 90' lang='lat' dir='ltr'>nomine</span> <span class='ocrx_word' id='word_1_423' title='bbox 2427 3137 2664 3207; x_wconf 88' lang='lat' dir='ltr'>vulgata</span> <span class='ocrx_word' id='word_1_424' title='bbox 2686 3135 2824 3191; x_wconf 89' lang='lat' dir='ltr'>olim</span> <span class='ocrx_word' id='word_1_425' title='bbox 2857 3135 3019 3189; x_wconf 82' lang='lat' dir='ltr'>fuere</span> <span class='ocrx_word' id='word_1_426' title='bbox 3048 3151 3081 3188; x_wconf 90' lang='lat' dir='ltr'>a</span> <span class='ocrx_word' id='word_1_427' title='bbox 3115 3130 3454 3187; x_wconf 89' lang='lat' dir='ltr'>Leunclavio</span> <span class='ocrx_word' id='word_1_428' title='bbox 3482 3129 3641 3184; x_wconf 87' lang='lat' dir='ltr'>Juris</span> 
     </span>
    </p>
   </div>
   <div class='ocr_carea' id='block_1_64' title="bbox 251 3200 1886 3295">
    <p class='ocr_par' dir='ltr' id='par_1_64' title="bbox 251 3200 1885 3295">
     <span class='ocr_line' id='line_1_64' title="bbox 251 3200 1885 3295; baseline 0.001 -20"><span class='ocrx_word' id='word_1_429' title='bbox 251 3221 362 3276; x_wconf 90' lang='lat' dir='ltr'>lini.</span> <span class='ocrx_word' id='word_1_430' title='bbox 419 3225 701 3295; x_wconf 69' lang='lat' dir='ltr'>Augusta:</span> <span class='ocrx_word' id='word_1_431' title='bbox 748 3223 976 3279; x_wconf 87' lang='lat' dir='ltr'>Vindel.</span> <span class='ocrx_word' id='word_1_432' title='bbox 1028 3224 1183 3295; x_wconf 89' lang='lat' dir='ltr'>apud</span> <span class='ocrx_word' id='word_1_433' title='bbox 1242 3223 1557 3295; x_wconf 89' lang='lat' dir='ltr'>Georgium</span> <span class='ocrx_word' id='word_1_434' title='bbox 1588 3200 1885 3293; x_wconf 43' lang='lat' dir='ltr'>Viller,&#39;et</span> 
     </span>
    </p>
   </div>
   <div class='ocr_carea' id='block_1_65' title="bbox 2002 3200 3641 3295">
    <p class='ocr_par' dir='ltr' id='par_1_65' title="bbox 2002 3200 3641 3295">
     <span class='ocr_line' id='line_1_65' title="bbox 2002 3200 3641 3295; baseline -0.008 -11"><span class='ocrx_word' id='word_1_435' title='bbox 2002 3227 2467 3285; x_wconf 76' lang='lat' dir='ltr'>Graeco-Romani</span> <span class='ocrx_word' id='word_1_436' title='bbox 2492 3200 2647 3281; x_wconf 63' lang='lat' dir='ltr'>tdmo</span> <span class='ocrx_word' id='word_1_437' title='bbox 2669 3241 2730 3279; x_wconf 88' lang='lat' dir='ltr'><strong>II.</strong></span> <span class='ocrx_word' id='word_1_438' title='bbox 2756 3225 2820 3278; x_wconf 90' lang='lat' dir='ltr'><strong>In</strong></span> <span class='ocrx_word' id='word_1_439' title='bbox 2849 3222 3096 3295; x_wconf 85' lang='lat' dir='ltr'>Synopsi</span> <span class='ocrx_word' id='word_1_440' title='bbox 3121 3221 3318 3293; x_wconf 85' lang='lat' dir='ltr'>legum</span> <span class='ocrx_word' id='word_1_441' title='bbox 3343 3217 3641 3273; x_wconf 82' lang='lat' dir='ltr'>Michaelis</span> 
     </span>
    </p>
   </div>
   <div class='ocr_carea' id='block_1_66' title="bbox 255 3311 1294 3385">
    <p class='ocr_par' dir='ltr' id='par_1_66' title="bbox 255 3311 1294 3385">
     <span class='ocr_line' id='line_1_66' title="bbox 255 3311 1294 3385; baseline 0.002 -20"><span class='ocrx_word' id='word_1_442' title='bbox 255 3311 651 3367; x_wconf 86' lang='lat' dir='ltr'>Sebastianum</span> <span class='ocrx_word' id='word_1_443' title='bbox 684 3311 922 3385; x_wconf 86' lang='lat' dir='ltr'>Mylium</span> <span class='ocrx_word' id='word_1_444' title='bbox 958 3312 1113 3379; x_wconf 87' lang='grc'>1608,</span> <span class='ocrx_word' id='word_1_445' title='bbox 1150 3313 1209 3367; x_wconf 91' lang='lat' dir='ltr'>in</span> <span class='ocrx_word' id='word_1_446' title='bbox 1238 3312 1294 3367; x_wconf 91' lang='lat'>8.</span> 
     </span>
    </p>
   </div>
   <div class='ocr_carea' id='block_1_67' title="bbox 311 3400 1882 3473">
    <p class='ocr_par' dir='ltr' id='par_1_67' title="bbox 311 3400 1882 3473">
     <span class='ocr_line' id='line_1_67' title="bbox 311 3400 1882 3473; baseline 0.001 -18"><span class='ocrx_word' id='word_1_447' title='bbox 311 3401 527 3457; x_wconf 72' lang='lat' dir='ltr'><strong>XLVII.</strong></span> <span class='ocrx_word' id='word_1_448' title='bbox 564 3402 840 3472; x_wconf 83' lang='lat' dir='ltr'>Ejusdem</span> <span class='ocrx_word' id='word_1_449' title='bbox 864 3400 1154 3470; x_wconf 90' lang='lat' dir='ltr'>libellum,</span> <span class='ocrx_word' id='word_1_450' title='bbox 1177 3401 1242 3456; x_wconf 86' lang='lat' dir='ltr'>de</span> <span class='ocrx_word' id='word_1_451' title='bbox 1272 3400 1540 3473; x_wconf 84' lang='lat' dir='ltr'>Lapidum</span> <span class='ocrx_word' id='word_1_452' title='bbox 1564 3403 1882 3470; x_wconf 74' lang='lat' dir='ltr'>virtutibus,</span> 
     </span>
    </p>
   </div>
   <div class='ocr_carea' id='block_1_68' title="bbox 250 3490 1884 3563">
    <p class='ocr_par' dir='ltr' id='par_1_68' title="bbox 250 3490 1884 3563">
     <span class='ocr_line' id='line_1_68' title="bbox 250 3490 1884 3563; baseline 0.004 -22"><span class='ocrx_word' id='word_1_453' title='bbox 250 3490 542 3561; x_wconf 87' lang='lat' dir='ltr'>Philippus</span> <span class='ocrx_word' id='word_1_454' title='bbox 573 3490 829 3545; x_wconf 86' lang='lat' dir='ltr'>Jacobus</span> <span class='ocrx_word' id='word_1_455' title='bbox 878 3491 1218 3546; x_wconf 83' lang='lat' dir='ltr'>Maussacus</span> <span class='ocrx_word' id='word_1_456' title='bbox 1253 3492 1311 3561; x_wconf 86' lang='grc' dir='ltr'>(ι)</span> <span class='ocrx_word' id='word_1_457' title='bbox 1353 3490 1578 3562; x_wconf 90' lang='lat' dir='ltr'>primus</span> <span class='ocrx_word' id='word_1_458' title='bbox 1606 3490 1884 3563; x_wconf 86' lang='lat' dir='ltr'>vulgavit,</span> 
     </span>
    </p>
   </div>
   <div class='ocr_carea' id='block_1_69' title="bbox 250 3576 1886 3649">
    <p class='ocr_par' dir='ltr' id='par_1_69' title="bbox 250 3576 1886 3649">
     <span class='ocr_line' id='line_1_69' title="bbox 250 3576 1886 3649; baseline 0.003 -18"><span class='ocrx_word' id='word_1_459' title='bbox 250 3576 437 3634; x_wconf 88' lang='lat' dir='ltr'>Latine</span> <span class='ocrx_word' id='word_1_460' title='bbox 496 3580 692 3649; x_wconf 86' lang='lat' dir='ltr'>vertit,</span> <span class='ocrx_word' id='word_1_461' title='bbox 742 3585 800 3635; x_wconf 92' lang='lat' dir='ltr'>et</span> <span class='ocrx_word' id='word_1_462' title='bbox 856 3580 1217 3647; x_wconf 82' lang='lat' dir='ltr'>emendavit;</span> <span class='ocrx_word' id='word_1_463' title='bbox 1274 3580 1468 3635; x_wconf 86' lang='lat' dir='ltr'>editus</span> <span class='ocrx_word' id='word_1_464' title='bbox 1526 3586 1617 3635; x_wconf 88' lang='lat' dir='ltr'>est</span> <span class='ocrx_word' id='word_1_465' title='bbox 1662 3580 1886 3636; x_wconf 73' lang='lat' dir='ltr'>Tolosze</span> 
     </span>
    </p>
   </div>
   <div class='ocr_carea' id='block_1_70' title="bbox 249 3667 1883 3736">
    <p class='ocr_par' dir='ltr' id='par_1_70' title="bbox 249 3667 1883 3736">
     <span class='ocr_line' id='line_1_70' title="bbox 249 3667 1883 3736; baseline 0.002 -15"><span class='ocrx_word' id='word_1_466' title='bbox 249 3667 422 3732; x_wconf 72' lang='lat' dir='ltr'>Graece</span> <span class='ocrx_word' id='word_1_467' title='bbox 476 3674 531 3723; x_wconf 86' lang='lat' dir='ltr'>et</span> <span class='ocrx_word' id='word_1_468' title='bbox 586 3669 789 3723; x_wconf 89' lang='lat' dir='ltr'>Latine</span> <span class='ocrx_word' id='word_1_469' title='bbox 843 3685 996 3723; x_wconf 89' lang='lat' dir='ltr'>anno</span> <span class='ocrx_word' id='word_1_470' title='bbox 1046 3670 1205 3736; x_wconf 82' lang='grc'>1615,</span> <span class='ocrx_word' id='word_1_471' title='bbox 1250 3669 1301 3723; x_wconf 89' lang='grc'>8.</span> <span class='ocrx_word' id='word_1_472' title='bbox 1348 3668 1559 3723; x_wconf 90' lang='lat' dir='ltr'>Verum</span> <span class='ocrx_word' id='word_1_473' title='bbox 1616 3668 1883 3725; x_wconf 90' lang='lat' dir='ltr'>libellum</span> 
     </span>
    </p>
   </div>
   <div class='ocr_carea' id='block_1_71' title="bbox 248 3754 1882 3814">
    <p class='ocr_par' dir='ltr' id='par_1_71' title="bbox 248 3754 1882 3814">
     <span class='ocr_line' id='line_1_71' title="bbox 248 3754 1882 3814; baseline 0.003 -5"><span class='ocrx_word' id='word_1_474' title='bbox 248 3754 385 3810; x_wconf 88' lang='lat' dir='ltr'>hunc</span> <span class='ocrx_word' id='word_1_475' title='bbox 416 3763 554 3812; x_wconf 88' lang='lat' dir='ltr'>ante</span> <span class='ocrx_word' id='word_1_476' title='bbox 605 3758 979 3813; x_wconf 85' lang='lat' dir='ltr'>Maussacum</span> <span class='ocrx_word' id='word_1_477' title='bbox 1024 3757 1229 3812; x_wconf 89' lang='lat' dir='ltr'>Latine</span> <span class='ocrx_word' id='word_1_478' title='bbox 1260 3762 1315 3812; x_wconf 91' lang='lat' dir='ltr'>et</span> <span class='ocrx_word' id='word_1_479' title='bbox 1344 3756 1541 3813; x_wconf 91' lang='lat' dir='ltr'>ltalice</span> <span class='ocrx_word' id='word_1_480' title='bbox 1588 3759 1882 3814; x_wconf 91' lang='lat' dir='ltr'>redditum</span> 
     </span>
    </p>
   </div>
   <div class='ocr_carea' id='block_1_72' title="bbox 247 3845 1883 3919">
    <p class='ocr_par' dir='ltr' id='par_1_72' title="bbox 247 3845 1883 3919">
     <span class='ocr_line' id='line_1_72' title="bbox 247 3845 1883 3919; baseline 0.004 -23"><span class='ocrx_word' id='word_1_481' title='bbox 247 3845 310 3898; x_wconf 87' lang='lat' dir='ltr'>ab</span> <span class='ocrx_word' id='word_1_482' title='bbox 332 3845 583 3900; x_wconf 76' lang='lat' dir='ltr'>Adriano</span> <span class='ocrx_word' id='word_1_483' title='bbox 602 3845 857 3916; x_wconf 75' lang='lat' dir='ltr'>Spigelio</span> <span class='ocrx_word' id='word_1_484' title='bbox 884 3845 1239 3917; x_wconf 88' lang='lat' dir='ltr'>philosopho</span> <span class='ocrx_word' id='word_1_485' title='bbox 1271 3851 1327 3900; x_wconf 89' lang='lat' dir='ltr'>et</span> <span class='ocrx_word' id='word_1_486' title='bbox 1359 3845 1606 3915; x_wconf 90' lang='lat' dir='ltr'>medico,</span> <span class='ocrx_word' id='word_1_487' title='bbox 1631 3852 1685 3901; x_wconf 90' lang='lat' dir='ltr'>et</span> <span class='ocrx_word' id='word_1_488' title='bbox 1712 3847 1883 3919; x_wconf 83' lang='lat' dir='ltr'>Gym-</span> 
     </span>
    </p>
   </div>
   <div class='ocr_carea' id='block_1_73' title="bbox 247 3932 1881 4005">
    <p class='ocr_par' dir='ltr' id='par_1_73' title="bbox 247 3932 1881 4005">
     <span class='ocr_line' id='line_1_73' title="bbox 247 3932 1881 4005; baseline 0.004 -20"><span class='ocrx_word' id='word_1_489' title='bbox 247 3932 378 3986; x_wconf 88' lang='lat' dir='ltr'>nasii</span> <span class='ocrx_word' id='word_1_490' title='bbox 402 3934 660 3988; x_wconf 85' lang='lat' dir='ltr'>Patavini</span> <span class='ocrx_word' id='word_1_491' title='bbox 693 3935 1045 4003; x_wconf 88' lang='lat' dir='ltr'>anatomico,</span> <span class='ocrx_word' id='word_1_492' title='bbox 1069 3935 1226 4005; x_wconf 91' lang='lat' dir='ltr'>apud</span> <span class='ocrx_word' id='word_1_493' title='bbox 1255 3934 1574 3990; x_wconf 88' lang='lat' dir='ltr'>Liberalem</span> <span class='ocrx_word' id='word_1_494' title='bbox 1596 3941 1881 4004; x_wconf 84' lang='lat' dir='ltr'>Cremam,</span> 
     </span>
    </p>
   </div>
   <div class='ocr_carea' id='block_1_74' title="bbox 247 4021 1883 4094">
    <p class='ocr_par' dir='ltr' id='par_1_74' title="bbox 247 4021 1883 4094">
     <span class='ocr_line' id='line_1_74' title="bbox 247 4021 1883 4094; baseline 0.003 -19"><span class='ocrx_word' id='word_1_495' title='bbox 247 4021 648 4094; x_wconf 85' lang='lat' dir='ltr'>philosophum</span> <span class='ocrx_word' id='word_1_496' title='bbox 683 4040 750 4077; x_wconf 93' lang='lat' dir='ltr'>ac</span> <span class='ocrx_word' id='word_1_497' title='bbox 792 4023 1081 4078; x_wconf 88' lang='lat' dir='ltr'>medicum</span> <span class='ocrx_word' id='word_1_498' title='bbox 1116 4023 1487 4078; x_wconf 88' lang='lat' dir='ltr'>Tarvisinum</span> <span class='ocrx_word' id='word_1_499' title='bbox 1520 4026 1883 4094; x_wconf 62' lang='lat' dir='ltr'>praetentis-</span> 
     </span>
    </p>
   </div>
   <div class='ocr_carea' id='block_1_75' title="bbox 247 4110 1883 4185">
    <p class='ocr_par' dir='ltr' id='par_1_75' title="bbox 247 4110 1883 4185">
     <span class='ocr_line' id='line_1_75' title="bbox 247 4110 1883 4185; baseline 0.006 -23"><span class='ocrx_word' id='word_1_500' title='bbox 247 4110 448 4165; x_wconf 86' lang='lat' dir='ltr'>simum</span> <span class='ocrx_word' id='word_1_501' title='bbox 508 4112 842 4167; x_wconf 88' lang='lat' dir='ltr'>conservari</span> <span class='ocrx_word' id='word_1_502' title='bbox 902 4113 973 4167; x_wconf 92' lang='lat' dir='ltr'>ad</span> <span class='ocrx_word' id='word_1_503' title='bbox 1026 4111 1184 4167; x_wconf 90' lang='lat' dir='ltr'>hunc</span> <span class='ocrx_word' id='word_1_504' title='bbox 1233 4112 1410 4181; x_wconf 91' lang='lat' dir='ltr'>diem,</span> <span class='ocrx_word' id='word_1_505' title='bbox 1470 4113 1722 4185; x_wconf 83' lang='lat' dir='ltr'>epistola</span> <span class='ocrx_word' id='word_1_506' title='bbox 1772 4131 1883 4171; x_wconf 90' lang='lat' dir='ltr'>sua</span> 
     </span>
    </p>
   </div>
   <div class='ocr_carea' id='block_1_76' title="bbox 1995 3307 3639 3387">
    <p class='ocr_par' dir='ltr' id='par_1_76' title="bbox 1995 3307 3639 3387">
     <span class='ocr_line' id='line_1_76' title="bbox 1995 3307 3639 3387; baseline -0.008 -16"><span class='ocrx_word' id='word_1_507' title='bbox 1995 3316 2299 3383; x_wconf 69' lang='lat' dir='ltr'>Attaliotaa,</span> <span class='ocrx_word' id='word_1_508' title='bbox 2342 3316 2434 3371; x_wconf 89' lang='lat' dir='ltr'>tit.</span> <span class='ocrx_word' id='word_1_509' title='bbox 2472 3314 2793 3387; x_wconf 64' lang='lat' dir='ltr'>praesertim</span> <span class='ocrx_word' id='word_1_510' title='bbox 2830 3314 2916 3376; x_wconf 89' lang='grc'>16,</span> <span class='ocrx_word' id='word_1_511' title='bbox 2946 3313 3036 3379; x_wconf 88' lang='grc'>25,</span> <span class='ocrx_word' id='word_1_512' title='bbox 3069 3313 3159 3375; x_wconf 88' lang='grc'>28,</span> <span class='ocrx_word' id='word_1_513' title='bbox 3188 3310 3277 3376; x_wconf 84' lang='grc'>32,</span> <span class='ocrx_word' id='word_1_514' title='bbox 3310 3309 3401 3376; x_wconf 88' lang='grc'>37,</span> <span class='ocrx_word' id='word_1_515' title='bbox 3425 3307 3514 3372; x_wconf 85' lang='grc'>40,</span> <span class='ocrx_word' id='word_1_516' title='bbox 3550 3307 3639 3375; x_wconf 82' lang='grc'>42,</span> 
     </span>
    </p>
   </div>
   <div class='ocr_carea' id='block_1_77' title="bbox 1996 3400 3639 3476">
    <p class='ocr_par' dir='ltr' id='par_1_77' title="bbox 1996 3400 3639 3476">
     <span class='ocr_line' id='line_1_77' title="bbox 1996 3400 3639 3476; baseline -0.007 -16"><span class='ocrx_word' id='word_1_517' title='bbox 1996 3407 2083 3476; x_wconf 81' lang='grc'>48,</span> <span class='ocrx_word' id='word_1_518' title='bbox 2110 3407 2200 3463; x_wconf 92' lang='lat'>83.</span> <span class='ocrx_word' id='word_1_519' title='bbox 2249 3406 2378 3475; x_wconf 89' lang='lat' dir='ltr'>Qui,</span> <span class='ocrx_word' id='word_1_520' title='bbox 2427 3422 2559 3460; x_wconf 91' lang='lat' dir='ltr'>cum</span> <span class='ocrx_word' id='word_1_521' title='bbox 2613 3421 2728 3458; x_wconf 92' lang='lat' dir='ltr'>non</span> <span class='ocrx_word' id='word_1_522' title='bbox 2770 3400 3279 3457; x_wconf 88' lang='lat' dir='ltr'>animadvertisset</span> <span class='ocrx_word' id='word_1_523' title='bbox 3327 3412 3639 3451; x_wconf 89' lang='lat' dir='ltr'>numerum</span> 
     </span>
    </p>
   </div>
   <div class='ocr_carea' id='block_1_78' title="bbox 1996 3482 3643 3563">
    <p class='ocr_par' dir='ltr' id='par_1_78' title="bbox 1996 3482 3643 3563">
     <span class='ocr_line' id='line_1_78' title="bbox 1996 3482 3643 3563; baseline -0.008 -14"><span class='ocrx_word' id='word_1_524' title='bbox 1996 3494 2347 3563; x_wconf 89' lang='lat' dir='ltr'>carminum,</span> <span class='ocrx_word' id='word_1_525' title='bbox 2396 3498 2681 3563; x_wconf 87' lang='lat' dir='ltr'>tanquam</span> <span class='ocrx_word' id='word_1_526' title='bbox 2728 3490 2981 3546; x_wconf 90' lang='lat' dir='ltr'>solutam</span> <span class='ocrx_word' id='word_1_527' title='bbox 3035 3488 3358 3543; x_wconf 88' lang='lat' dir='ltr'>orationem</span> <span class='ocrx_word' id='word_1_528' title='bbox 3409 3482 3643 3540; x_wconf 85' lang='lat' dir='ltr'>excudit</span> 
     </span>
    </p>
   </div>
   <div class='ocr_carea' id='block_1_79' title="bbox 1994 3582 3437 3651">
    <p class='ocr_par' dir='ltr' id='par_1_79' title="bbox 1994 3582 3437 3651">
     <span class='ocr_line' id='line_1_79' title="bbox 1994 3582 3437 3651; baseline -0.004 -13"><span class='ocrx_word' id='word_1_529' title='bbox 1994 3582 2355 3638; x_wconf 89' lang='lat' dir='ltr'>indistincte.</span> <span class='ocrx_word' id='word_1_530' title='bbox 3434 3648 3437 3651; x_wconf 93' lang='lat'><em>_</em></span> 
     </span>
    </p>
   </div>
   <div class='ocr_carea' id='block_1_80' title="bbox 2064 3662 3642 3741">
    <p class='ocr_par' dir='ltr' id='par_1_80' title="bbox 2064 3662 3642 3741">
     <span class='ocr_line' id='line_1_80' title="bbox 2064 3662 3642 3741; baseline -0.006 -14"><span class='ocrx_word' id='word_1_531' title='bbox 2064 3670 2268 3727; x_wconf 82' lang='lat' dir='ltr'>XLIX.</span> <span class='ocrx_word' id='word_1_532' title='bbox 2301 3671 2577 3741; x_wconf 86' lang='lat' dir='ltr'>Ejusdem</span> <span class='ocrx_word' id='word_1_533' title='bbox 2625 3670 2695 3724; x_wconf 85' lang='lat' dir='ltr'>ad</span> <span class='ocrx_word' id='word_1_534' title='bbox 2740 3668 3011 3725; x_wconf 88' lang='lat' dir='ltr'>eumdem</span> <span class='ocrx_word' id='word_1_535' title='bbox 3046 3667 3119 3737; x_wconf 87' lang='grc' dir='ltr'>(ο)</span> <span class='ocrx_word' id='word_1_536' title='bbox 3151 3662 3494 3721; x_wconf 85' lang='lat' dir='ltr'>Michaelem</span> <span class='ocrx_word' id='word_1_537' title='bbox 3528 3662 3642 3718; x_wconf 84' lang='lat' dir='ltr'>Du-</span> 
     </span>
    </p>
   </div>
   <div class='ocr_carea' id='block_1_81' title="bbox 1996 3751 3641 3830">
    <p class='ocr_par' dir='ltr' id='par_1_81' title="bbox 1996 3751 3641 3830">
     <span class='ocr_line' id='line_1_81' title="bbox 1996 3751 3641 3830; baseline -0.007 -14"><span class='ocrx_word' id='word_1_538' title='bbox 1996 3777 2124 3816; x_wconf 88' lang='lat' dir='ltr'>cam</span> <span class='ocrx_word' id='word_1_539' title='bbox 2168 3760 2429 3815; x_wconf 88' lang='lat' dir='ltr'>carmina</span> <span class='ocrx_word' id='word_1_540' title='bbox 2486 3758 2739 3830; x_wconf 90' lang='lat' dir='ltr'>politica,</span> <span class='ocrx_word' id='word_1_541' title='bbox 2793 3758 2866 3812; x_wconf 86' lang='lat' dir='ltr'>De</span> <span class='ocrx_word' id='word_1_542' title='bbox 2916 3758 3184 3827; x_wconf 83' lang='lat' dir='ltr'>dogmate,</span> <span class='ocrx_word' id='word_1_543' title='bbox 3233 3757 3425 3808; x_wconf 66' lang='lat' dir='ltr'>Grmce</span> <span class='ocrx_word' id='word_1_544' title='bbox 3484 3751 3641 3805; x_wconf 90' lang='lat' dir='ltr'>idem</span> 
     </span>
    </p>
   </div>
   <div class='ocr_carea' id='block_1_82' title="bbox 1994 3840 3642 3920">
    <p class='ocr_par' dir='ltr' id='par_1_82' title="bbox 1994 3840 3642 3920">
     <span class='ocr_line' id='line_1_82' title="bbox 1994 3840 3642 3920; baseline -0.008 -13"><span class='ocrx_word' id='word_1_545' title='bbox 1994 3853 2317 3919; x_wconf 85' lang='lat' dir='ltr'>Bosquetus</span> <span class='ocrx_word' id='word_1_546' title='bbox 2348 3864 2478 3903; x_wconf 88' lang='lat' dir='ltr'>eum</span> <span class='ocrx_word' id='word_1_547' title='bbox 2523 3847 2765 3920; x_wconf 86' lang='lat' dir='ltr'>Synopsi</span> <span class='ocrx_word' id='word_1_548' title='bbox 2814 3844 3011 3917; x_wconf 88' lang='lat' dir='ltr'>legum</span> <span class='ocrx_word' id='word_1_549' title='bbox 3065 3844 3157 3899; x_wconf 85' lang='lat' dir='ltr'>edi</span> <span class='ocrx_word' id='word_1_550' title='bbox 3207 3842 3453 3906; x_wconf 89' lang='lat' dir='ltr'>curavit,</span> <span class='ocrx_word' id='word_1_551' title='bbox 3485 3840 3642 3896; x_wconf 84' lang='lat' dir='ltr'>aJa-</span> 
     </span>
    </p>
   </div>
   <div class='ocr_carea' id='block_1_83' title="bbox 1994 3930 3644 4008">
    <p class='ocr_par' dir='ltr' id='par_1_83' title="bbox 1994 3930 3644 4008">
     <span class='ocr_line' id='line_1_83' title="bbox 1994 3930 3644 4008; baseline -0.006 -15"><span class='ocrx_word' id='word_1_552' title='bbox 1994 3939 2136 3993; x_wconf 91' lang='lat' dir='ltr'>cobo</span> <span class='ocrx_word' id='word_1_553' title='bbox 2195 3937 2507 3993; x_wconf 89' lang='lat' dir='ltr'>Sirmondo</span> <span class='ocrx_word' id='word_1_554' title='bbox 2566 3940 2822 4008; x_wconf 88' lang='lat' dir='ltr'>accepta,</span> <span class='ocrx_word' id='word_1_555' title='bbox 2858 3936 3013 3990; x_wconf 90' lang='lat' dir='ltr'>unde</span> <span class='ocrx_word' id='word_1_556' title='bbox 3060 3933 3297 4005; x_wconf 87' lang='lat' dir='ltr'>legitur,</span> <span class='ocrx_word' id='word_1_557' title='bbox 3328 3930 3392 3985; x_wconf 86' lang='lat' dir='ltr'>de</span> <span class='ocrx_word' id='word_1_558' title='bbox 3437 3939 3644 4001; x_wconf 80' lang='lat' dir='ltr'>septem</span> 
     </span>
    </p>
   </div>
   <div class='ocr_carea' id='block_1_84' title="bbox 1993 4018 3643 4097">
    <p class='ocr_par' dir='ltr' id='par_1_84' title="bbox 1993 4018 3643 4097">
     <span class='ocr_line' id='line_1_84' title="bbox 1993 4018 3643 4097; baseline -0.006 -15"><span class='ocrx_word' id='word_1_559' title='bbox 1993 4027 2167 4082; x_wconf 80' lang='lat' dir='ltr'>sacris</span> <span class='ocrx_word' id='word_1_560' title='bbox 2222 4026 2454 4097; x_wconf 85' lang='lat' dir='ltr'>Synodis</span> <span class='ocrx_word' id='word_1_561' title='bbox 2508 4026 2855 4079; x_wconf 78' lang='lat' dir='ltr'>wcumenicis</span> <span class='ocrx_word' id='word_1_562' title='bbox 2909 4024 3239 4091; x_wconf 88' lang='lat' dir='ltr'>Tractatus,</span> <span class='ocrx_word' id='word_1_563' title='bbox 3297 4024 3394 4091; x_wconf 86' lang='lat' dir='ltr'>(p)</span> <span class='ocrx_word' id='word_1_564' title='bbox 3447 4018 3643 4074; x_wconf 89' lang='lat' dir='ltr'>editus</span> 
     </span>
    </p>
   </div>
   <div class='ocr_carea' id='block_1_85' title="bbox 1995 4108 3641 4183">
    <p class='ocr_par' dir='ltr' id='par_1_85' title="bbox 1995 4108 3641 4183">
     <span class='ocr_line' id='line_1_85' title="bbox 1995 4108 3641 4183; baseline -0.007 -12"><span class='ocrx_word' id='word_1_565' title='bbox 1995 4116 2197 4171; x_wconf 90' lang='lat' dir='ltr'>Latine</span> <span class='ocrx_word' id='word_1_566' title='bbox 2246 4120 2388 4170; x_wconf 87' lang='lat' dir='ltr'>tom.</span> <span class='ocrx_word' id='word_1_567' title='bbox 2419 4130 2482 4169; x_wconf 82' lang='grc' dir='ltr'>ιιι</span> <span class='ocrx_word' id='word_1_568' title='bbox 2514 4113 2930 4180; x_wconf 86' lang='lat' dir='ltr'>Conciliorum,</span> <span class='ocrx_word' id='word_1_569' title='bbox 2964 4116 3128 4183; x_wconf 89' lang='lat' dir='ltr'>parte</span> <span class='ocrx_word' id='word_1_570' title='bbox 3178 4109 3389 4182; x_wconf 89' lang='lat' dir='ltr'>prima,</span> <span class='ocrx_word' id='word_1_571' title='bbox 3424 4125 3480 4180; x_wconf 94' lang='lat' dir='ltr'>p.</span> <span class='ocrx_word' id='word_1_572' title='bbox 3514 4108 3641 4174; x_wconf 81' lang='grc'>400,</span> 
     </span>
    </p>
   </div>
   <div class='ocr_carea' id='block_1_86' title="bbox 1819 4222 2059 4279">
    <p class='ocr_par' dir='ltr' id='par_1_86' title="bbox 1819 4222 2059 4279">
     <span class='ocr_line' id='line_1_86' title="bbox 1819 4222 2059 4279; baseline -0.008 0"><span class='ocrx_word' id='word_1_573' title='bbox 1819 4222 2059 4279; x_wconf 67' lang='lat' dir='ltr'>NOTAE.</span> 
     </span>
    </p>
   </div>
   <div class='ocr_carea' id='block_1_87' title="bbox 244 4311 1882 4438">
    <p class='ocr_par' dir='ltr' id='par_1_87' title="bbox 244 4311 1882 4438">
     <span class='ocr_line' id='line_1_87' title="bbox 244 4311 1882 4438; baseline 0.005 -72"><span class='ocrx_word' id='word_1_574' title='bbox 244 4311 502 4382; x_wconf 79' lang='lat' dir='ltr'>Gregorio</span> <span class='ocrx_word' id='word_1_575' title='bbox 533 4314 819 4438; x_wconf 39' lang='lat' dir='ltr'>Nﬁsseno,</span> <span class='ocrx_word' id='word_1_576' title='bbox 845 4315 903 4370; x_wconf 92' lang='lat' dir='ltr'>S.</span> <span class='ocrx_word' id='word_1_577' title='bbox 927 4314 1055 4370; x_wconf 87' lang='lat' dir='ltr'>Nilo</span> <span class='ocrx_word' id='word_1_578' title='bbox 1085 4323 1142 4370; x_wconf 90' lang='lat' dir='ltr'>et</span> <span class='ocrx_word' id='word_1_579' title='bbox 1164 4316 1441 4384; x_wconf 84' lang='lat' dir='ltr'>Maximo,</span> <span class='ocrx_word' id='word_1_580' title='bbox 1464 4332 1567 4387; x_wconf 87' lang='lat' dir='ltr'>per</span> <span class='ocrx_word' id='word_1_581' title='bbox 1589 4320 1882 4389; x_wconf 87' lang='lat' dir='ltr'>eumdem,</span> 
     </span>
     <span class='ocr_line' id='line_1_88' title="bbox 244 4385 1137 4438; baseline 0.003 -3"><span class='ocrx_word' id='word_1_582' title='bbox 244 4391 299 4436; x_wconf 91' lang='lat' dir='ltr'>ut</span> <span class='ocrx_word' id='word_1_583' title='bbox 328 4385 549 4438; x_wconf 84' lang='lat' dir='ltr'>volunt.</span> <span class='ocrx_word' id='word_1_584' title='bbox 628 4388 839 4438; x_wconf 83' lang='lat' dir='ltr'>sellum</span> <span class='ocrx_word' id='word_1_585' title='bbox 873 4387 1137 4438; x_wconf 87' lang='lat' dir='ltr'>collecto.</span> 
     </span>
    </p>
   </div>
   <div class='ocr_carea' id='block_1_88' title="bbox 243 4385 1137 4453">
    <p class='ocr_par' dir='ltr' id='par_1_88' title="bbox 243 4385 1137 4453">
     <span class='ocr_line' id='line_1_89' title="bbox 243 4385 1137 4453; baseline 0.007 -18"><span class='ocrx_word' id='word_1_586' title='bbox 243 4391 299 4436; x_wconf 91' lang='lat' dir='ltr'>ut</span> <span class='ocrx_word' id='word_1_587' title='bbox 328 4385 549 4453; x_wconf 86' lang='lat' dir='ltr'>volunt,</span> <span class='ocrx_word' id='word_1_588' title='bbox 582 4385 839 4441; x_wconf 86' lang='lat' dir='ltr'>Psellum</span> <span class='ocrx_word' id='word_1_589' title='bbox 873 4387 1137 4443; x_wconf 90' lang='lat' dir='ltr'>collecto.</span> 
     </span>
    </p>
   </div>
   <div class='ocr_carea' id='block_1_89' title="bbox 308 4456 1883 4533">
    <p class='ocr_par' dir='ltr' id='par_1_89' title="bbox 308 4456 1883 4533">
     <span class='ocr_line' id='line_1_90' title="bbox 308 4456 1883 4533; baseline 0.006 -25"><span class='ocrx_word' id='word_1_590' title='bbox 308 4456 377 4525; x_wconf 64' lang='lat' dir='ltr'>(ts)</span> <span class='ocrx_word' id='word_1_591' title='bbox 409 4456 470 4510; x_wconf 90' lang='lat' dir='ltr'><strong>In</strong></span> <span class='ocrx_word' id='word_1_592' title='bbox 506 4458 783 4533; x_wconf 78' lang='lat' dir='ltr'>Catalogo</span> <span class='ocrx_word' id='word_1_593' title='bbox 816 4458 964 4533; x_wconf 58' lang='lat' dir='ltr'>ljibl.</span> <span class='ocrx_word' id='word_1_594' title='bbox 1000 4459 1329 4533; x_wconf 67' lang='lat' dir='ltr'>Barherinze</span> <span class='ocrx_word' id='word_1_595' title='bbox 1363 4467 1500 4515; x_wconf 91' lang='lat' dir='ltr'>tom.</span> <span class='ocrx_word' id='word_1_596' title='bbox 1524 4478 1585 4525; x_wconf 87' lang='lat' dir='ltr'><strong>II,</strong></span> <span class='ocrx_word' id='word_1_597' title='bbox 1611 4478 1742 4533; x_wconf 89' lang='lat' dir='ltr'>pag.</span> <span class='ocrx_word' id='word_1_598' title='bbox 1774 4462 1883 4517; x_wconf 82' lang='grc'>253</span> 
     </span>
    </p>
   </div>
   <div class='ocr_carea' id='block_1_90' title="bbox 243 4530 1872 4604">
    <p class='ocr_par' dir='ltr' id='par_1_90' title="bbox 243 4530 1872 4604">
     <span class='ocr_line' id='line_1_91' title="bbox 243 4530 1872 4604; baseline 0.005 -25"><span class='ocrx_word' id='word_1_599' title='bbox 243 4540 553 4604; x_wconf 82' lang='lat' dir='ltr'>perperam,</span> <span class='ocrx_word' id='word_1_600' title='bbox 585 4530 657 4604; x_wconf 84' lang='lat' dir='ltr'>ad</span> <span class='ocrx_word' id='word_1_601' title='bbox 705 4530 780 4604; x_wconf 74' lang='grc' dir='ltr'>Μ.</span> <span class='ocrx_word' id='word_1_602' title='bbox 814 4530 1202 4604; x_wconf 85' lang='lat' dir='ltr'>Comnennm.</span> <span class='ocrx_word' id='word_1_603' title='bbox 1238 4531 1365 4604; x_wconf 69' lang='lat' dir='ltr'>Haec</span> <span class='ocrx_word' id='word_1_604' title='bbox 1415 4530 1872 4604; x_wconf 38' lang='lat' dir='ltr'>capita—Theolo-</span> 
     </span>
    </p>
   </div>
   <div class='ocr_carea' id='block_1_91' title="bbox 241 4600 1878 4679">
    <p class='ocr_par' dir='ltr' id='par_1_91' title="bbox 241 4600 1878 4679">
     <span class='ocr_line' id='line_1_92' title="bbox 241 4600 1878 4679; baseline 0.009 -32"><span class='ocrx_word' id='word_1_605' title='bbox 241 4600 705 4679; x_wconf 71' lang='lat' dir='ltr'>gicaintegriora</span> <span class='ocrx_word' id='word_1_606' title='bbox 734 4601 917 4656; x_wconf 82' lang='lat' dir='ltr'>lector</span> <span class='ocrx_word' id='word_1_607' title='bbox 946 4603 1015 4656; x_wconf 89' lang='lat' dir='ltr'>ad</span> <span class='ocrx_word' id='word_1_608' title='bbox 1050 4602 1265 4657; x_wconf 87' lang='lat' dir='ltr'>calcem</span> <span class='ocrx_word' id='word_1_609' title='bbox 1297 4600 1692 4673; x_wconf 54' lang='lat' dir='ltr'>hujus&#39;libelli</span> <span class='ocrx_word' id='word_1_610' title='bbox 1726 4604 1878 4661; x_wconf 81' lang='lat' dir='ltr'>Alla-</span> 
     </span>
    </p>
   </div>
   <div class='ocr_carea' id='block_1_92' title="bbox 242 4672 676 4740">
    <p class='ocr_par' dir='ltr' id='par_1_92' title="bbox 242 4672 676 4740">
     <span class='ocr_line' id='line_1_93' title="bbox 242 4672 676 4740; baseline 0.016 -21"><span class='ocrx_word' id='word_1_611' title='bbox 242 4672 310 4720; x_wconf 87' lang='lat' dir='ltr'>tia</span> <span class='ocrx_word' id='word_1_612' title='bbox 322 4672 371 4722; x_wconf 91' lang='lat' dir='ltr'>ni</span> <span class='ocrx_word' id='word_1_613' title='bbox 404 4672 676 4740; x_wconf 90' lang='lat' dir='ltr'>reperiet.</span> 
     </span>
    </p>
   </div>
   <div class='ocr_carea' id='block_1_93' title="bbox 242 4740 1874 4819">
    <p class='ocr_par' dir='ltr' id='par_1_93' title="bbox 242 4740 1874 4819">
     <span class='ocr_line' id='line_1_94' title="bbox 242 4740 1874 4819; baseline 0.005 -24"><span class='ocrx_word' id='word_1_614' title='bbox 242 4809 252 4819; x_wconf 41' lang='lat'><em>.</em></span> <span class='ocrx_word' id='word_1_615' title='bbox 302 4740 360 4817; x_wconf 72' lang='lat' dir='ltr'>(t)</span> <span class='ocrx_word' id='word_1_616' title='bbox 388 4742 704 4819; x_wconf 68' lang='lat' dir='ltr'>Plutarcho</span> <span class='ocrx_word' id='word_1_617' title='bbox 736 4744 807 4798; x_wconf 91' lang='lat' dir='ltr'>de</span> <span class='ocrx_word' id='word_1_618' title='bbox 839 4743 1206 4819; x_wconf 81' lang='lat' dir='ltr'>ﬂuminibus,</span> <span class='ocrx_word' id='word_1_619' title='bbox 1232 4744 1403 4819; x_wconf 82' lang='lat' dir='ltr'>Pselli</span> <span class='ocrx_word' id='word_1_620' title='bbox 1436 4745 1700 4801; x_wconf 89' lang='lat' dir='ltr'>libellum</span> <span class='ocrx_word' id='word_1_621' title='bbox 1735 4748 1874 4802; x_wconf 91' lang='lat' dir='ltr'>sub-</span> 
     </span>
    </p>
   </div>
   <div class='ocr_carea' id='block_1_94' title="bbox 231 4813 1876 4890">
    <p class='ocr_par' dir='ltr' id='par_1_94' title="bbox 231 4813 1876 4890">
     <span class='ocr_line' id='line_1_95' title="bbox 231 4813 1876 4890; baseline 0.007 -28"><span class='ocrx_word' id='word_1_622' title='bbox 231 4813 755 4890; x_wconf 57' lang='lat' dir='ltr'>jecitluaussaeus,</span> <span class='ocrx_word' id='word_1_623' title='bbox 782 4821 1044 4890; x_wconf 77' lang='lat' dir='ltr'>testatus</span> <span class='ocrx_word' id='word_1_624' title='bbox 1065 4815 1227 4890; x_wconf 83' lang='lat' dir='ltr'>illum</span> <span class='ocrx_word' id='word_1_625' title='bbox 1258 4833 1317 4890; x_wconf 85' lang='lat' dir='ltr'>se</span> <span class='ocrx_word' id='word_1_626' title='bbox 1340 4818 1508 4872; x_wconf 89' lang='lat' dir='ltr'>edere</span> <span class='ocrx_word' id='word_1_627' title='bbox 1539 4834 1606 4872; x_wconf 88' lang='lat' dir='ltr'>ex</span> <span class='ocrx_word' id='word_1_628' title='bbox 1638 4836 1876 4890; x_wconf 57' lang='lat' dir='ltr'>apogrtb</span> 
     </span>
    </p>
   </div>
   <div class='ocr_carea' id='block_1_95' title="bbox 238 4881 1874 4961">
    <p class='ocr_par' dir='ltr' id='par_1_95' title="bbox 238 4881 1874 4961">
     <span class='ocr_line' id='line_1_96' title="bbox 238 4881 1874 4961; baseline 0.006 -25"><span class='ocrx_word' id='word_1_629' title='bbox 238 4881 338 4961; x_wconf 75' lang='lat' dir='ltr'>pho</span> <span class='ocrx_word' id='word_1_630' title='bbox 364 4883 564 4941; x_wconf 84' lang='lat' dir='ltr'>Jacobi</span> <span class='ocrx_word' id='word_1_631' title='bbox 606 4881 924 4953; x_wconf 84' lang='lat' dir='ltr'>Sirmondi,</span> <span class='ocrx_word' id='word_1_632' title='bbox 958 4888 1126 4958; x_wconf 90' lang='lat' dir='ltr'>epist.</span> <span class='ocrx_word' id='word_1_633' title='bbox 1164 4888 1524 4943; x_wconf 82' lang='lat' dir='ltr'>dedicatoria</span> <span class='ocrx_word' id='word_1_634' title='bbox 1571 4890 1641 4943; x_wconf 86' lang='lat' dir='ltr'>ad</span> <span class='ocrx_word' id='word_1_635' title='bbox 1676 4881 1874 4945; x_wconf 51' lang='lat' dir='ltr'>&#39;Gaul-</span> 
     </span>
    </p>
   </div>
   <div class='ocr_carea' id='block_1_96' title="bbox 236 4969 467 5009">
    <p class='ocr_par' dir='ltr' id='par_1_96' title="bbox 236 4969 467 5009">
     <span class='ocr_line' id='line_1_97' title="bbox 236 4969 467 5009; baseline 0 -3"><span class='ocrx_word' id='word_1_636' title='bbox 236 4969 467 5009; x_wconf 77' lang='lat' dir='ltr'>mIDUlD.</span> 
     </span>
    </p>
   </div>
   <div class='ocr_carea' id='block_1_97' title="bbox 297 5025 1871 5098">
    <p class='ocr_par' dir='ltr' id='par_1_97' title="bbox 297 5025 1871 5098">
     <span class='ocr_line' id='line_1_98' title="bbox 297 5025 1871 5098; baseline 0.006 -20"><span class='ocrx_word' id='word_1_637' title='bbox 297 5025 388 5091; x_wconf 73' lang='lat' dir='ltr'>(in)</span> <span class='ocrx_word' id='word_1_638' title='bbox 416 5028 626 5082; x_wconf 87' lang='lat' dir='ltr'>Justus</span> <span class='ocrx_word' id='word_1_639' title='bbox 676 5028 975 5098; x_wconf 79' lang='lat' dir='ltr'>Rycquius</span> <span class='ocrx_word' id='word_1_640' title='bbox 1021 5028 1273 5098; x_wconf 82' lang='lat' dir='ltr'>epistola</span> <span class='ocrx_word' id='word_1_641' title='bbox 1324 5031 1395 5085; x_wconf 91' lang='lat' dir='ltr'>ad</span> <span class='ocrx_word' id='word_1_642' title='bbox 1448 5030 1523 5084; x_wconf 88' lang='lat' dir='ltr'>M.</span> <span class='ocrx_word' id='word_1_643' title='bbox 1566 5029 1871 5087; x_wconf 84' lang='lat' dir='ltr'>Velserum</span> 
     </span>
    </p>
   </div>
   <div class='ocr_carea' id='block_1_98' title="bbox 232 5094 1872 5173">
    <p class='ocr_par' dir='ltr' id='par_1_98' title="bbox 232 5094 1872 5173">
     <span class='ocr_line' id='line_1_99' title="bbox 232 5094 1872 5173; baseline 0.007 -26"><span class='ocrx_word' id='word_1_644' title='bbox 232 5094 354 5150; x_wconf 84' lang='lat' dir='ltr'>data</span> <span class='ocrx_word' id='word_1_645' title='bbox 383 5101 573 5153; x_wconf 66' lang='lat' dir='ltr'>Romae</span> <span class='ocrx_word' id='word_1_646' title='bbox 608 5094 765 5153; x_wconf 83' lang='grc'>1610.</span> <span class='ocrx_word' id='word_1_647' title='bbox 799 5094 931 5173; x_wconf 73' lang='lat' dir='ltr'>Mihi</span> <span class='ocrx_word' id='word_1_648' title='bbox 978 5094 1376 5156; x_wconf 63' lang='lat' dir='ltr'>Bililiothecam</span> <span class='ocrx_word' id='word_1_649' title='bbox 1426 5118 1603 5171; x_wconf 83' lang='lat' dir='ltr'>nuper</span> <span class='ocrx_word' id='word_1_650' title='bbox 1650 5102 1872 5173; x_wconf 74' lang='grc' dir='ltr'>δανερί-</span> 
     </span>
    </p>
   </div>
   <div class='ocr_carea' id='block_1_99' title="bbox 233 5171 1868 5243">
    <p class='ocr_par' dir='ltr' id='par_1_99' title="bbox 233 5171 1868 5243">
     <span class='ocr_line' id='line_1_100' title="bbox 233 5171 1868 5243; baseline 0.008 -26"><span class='ocrx_word' id='word_1_651' title='bbox 233 5181 340 5220; x_wconf 86' lang='lat' dir='ltr'>cam</span> <span class='ocrx_word' id='word_1_652' title='bbox 365 5173 669 5224; x_wconf 74' lang='lat' dir='ltr'>excutzenti</span> <span class='ocrx_word' id='word_1_653' title='bbox 697 5171 967 5243; x_wconf 80' lang='lat' dir='ltr'>opuscula</span> <span class='ocrx_word' id='word_1_654' title='bbox 995 5173 1247 5243; x_wconf 53' lang='lat' dir='ltr'>quedam</span> <span class='ocrx_word' id='word_1_655' title='bbox 1267 5177 1457 5228; x_wconf 79' lang='lat' dir='ltr'>Graeca</span> <span class='ocrx_word' id='word_1_656' title='bbox 1487 5174 1704 5227; x_wconf 81' lang='lat' dir='ltr'>calamo</span> <span class='ocrx_word' id='word_1_657' title='bbox 1736 5171 1868 5229; x_wconf 65' lang='lat' dir='ltr'>enia-</span> 
     </span>
    </p>
   </div>
   <div class='ocr_carea' id='block_1_100' title="bbox 232 5242 1871 5300">
    <p class='ocr_par' dir='ltr' id='par_1_100' title="bbox 232 5242 1871 5300">
     <span class='ocr_line' id='line_1_101' title="bbox 232 5242 1871 5300; baseline 0.007 -12"><span class='ocrx_word' id='word_1_658' title='bbox 232 5244 343 5293; x_wconf 85' lang='lat' dir='ltr'>rata</span> <span class='ocrx_word' id='word_1_659' title='bbox 382 5244 437 5293; x_wconf 88' lang='lat' dir='ltr'>in</span> <span class='ocrx_word' id='word_1_660' title='bbox 469 5258 667 5295; x_wconf 85' lang='lat' dir='ltr'>manus</span> <span class='ocrx_word' id='word_1_661' title='bbox 717 5242 997 5297; x_wconf 65' lang='lat' dir='ltr'>uenerunt.</span> <span class='ocrx_word' id='word_1_662' title='bbox 1034 5242 1268 5297; x_wconf 84' lang='lat' dir='ltr'>Maximi</span> <span class='ocrx_word' id='word_1_663' title='bbox 1323 5243 1595 5298; x_wconf 62' lang='lat' dir='ltr'>Planuda!</span> <span class='ocrx_word' id='word_1_664' title='bbox 1644 5250 1700 5298; x_wconf 89' lang='lat' dir='ltr'>et</span> <span class='ocrx_word' id='word_1_665' title='bbox 1752 5246 1871 5300; x_wconf 88' lang='lat' dir='ltr'>cla-</span> 
     </span>
    </p>
   </div>
   <div class='ocr_carea' id='block_1_101' title="bbox 237 5312 1872 5382">
    <p class='ocr_par' dir='ltr' id='par_1_101' title="bbox 237 5312 1872 5382">
     <span class='ocr_line' id='line_1_102' title="bbox 237 5312 1872 5382; baseline 0.004 -18"><span class='ocrx_word' id='word_1_666' title='bbox 237 5324 419 5382; x_wconf 73' lang='lat' dir='ltr'>rorum</span> <span class='ocrx_word' id='word_1_667' title='bbox 462 5312 687 5382; x_wconf 86' lang='lat' dir='ltr'>aliquot</span> <span class='ocrx_word' id='word_1_668' title='bbox 734 5314 989 5368; x_wconf 88' lang='lat' dir='ltr'>virorum</span> <span class='ocrx_word' id='word_1_669' title='bbox 1038 5313 1300 5379; x_wconf 63' lang='lat' dir='ltr'><strong>PPISIOIEB</strong></span> <span class='ocrx_word' id='word_1_670' title='bbox 1351 5323 1606 5369; x_wconf 89' lang='lat' dir='ltr'>centum.</span> <span class='ocrx_word' id='word_1_671' title='bbox 1645 5316 1872 5373; x_wconf 75' lang='lat' dir='ltr'>I&#39;sellus</span> 
     </span>
    </p>
   </div>
   <div class='ocr_carea' id='block_1_102' title="bbox 234 5380 1871 5458">
    <p class='ocr_par' dir='ltr' id='par_1_102' title="bbox 234 5380 1871 5458">
     <span class='ocr_line' id='line_1_103' title="bbox 234 5380 1871 5458; baseline 0.007 -26"><span class='ocrx_word' id='word_1_672' title='bbox 234 5380 701 5458; x_wconf 25' lang='lat' dir='ltr'>degemma’rum</span> <span class='ocrx_word' id='word_1_673' title='bbox 738 5386 1091 5458; x_wconf 71' lang='lat' dir='ltr'>virtutibus,</span> <span class='ocrx_word' id='word_1_674' title='bbox 1127 5387 1337 5458; x_wconf 85' lang='lat' dir='ltr'>Incerti</span> <span class='ocrx_word' id='word_1_675' title='bbox 1386 5388 1690 5455; x_wconf 84' lang='lat' dir='ltr'>cujusdam</span> <span class='ocrx_word' id='word_1_676' title='bbox 1717 5388 1871 5458; x_wconf 86' lang='lat' dir='ltr'>(Em-</span> 
     </span>
    </p>
   </div>
   <div class='ocr_carea' id='block_1_103' title="bbox 234 5455 1869 5525">
    <p class='ocr_par' dir='ltr' id='par_1_103' title="bbox 234 5455 1869 5525">
     <span class='ocr_line' id='line_1_104' title="bbox 234 5455 1869 5525; baseline 0.006 -20"><span class='ocrx_word' id='word_1_677' title='bbox 234 5455 430 5521; x_wconf 71' lang='lat' dir='ltr'>pedocli</span> <span class='ocrx_word' id='word_1_678' title='bbox 458 5458 615 5525; x_wconf 82' lang='lat' dir='ltr'>vulgo</span> <span class='ocrx_word' id='word_1_679' title='bbox 646 5456 997 5523; x_wconf 80' lang='lat' dir='ltr'>tribuuntur)</span> <span class='ocrx_word' id='word_1_680' title='bbox 1024 5472 1226 5511; x_wconf 88' lang='lat' dir='ltr'>versus</span> <span class='ocrx_word' id='word_1_681' title='bbox 1259 5457 1491 5513; x_wconf 89' lang='lat' dir='ltr'>iambici</span> <span class='ocrx_word' id='word_1_682' title='bbox 1520 5460 1591 5513; x_wconf 91' lang='lat' dir='ltr'>de</span> <span class='ocrx_word' id='word_1_683' title='bbox 1621 5455 1869 5515; x_wconf 84' lang='lat' dir='ltr'>ﬁxarum</span> 
     </span>
    </p>
   </div>
   <div class='ocr_carea' id='block_1_104' title="bbox 240 5524 1866 5599">
    <p class='ocr_par' dir='ltr' id='par_1_104' title="bbox 240 5524 1866 5599">
     <span class='ocr_line' id='line_1_105' title="bbox 240 5524 1866 5599; baseline 0.006 -24"><span class='ocrx_word' id='word_1_684' title='bbox 240 5524 527 5599; x_wconf 57' lang='lat' dir='ltr'>stellarum</span> <span class='ocrx_word' id='word_1_685' title='bbox 556 5524 819 5599; x_wconf 66' lang='lat' dir='ltr'>sphaera.</span> <span class='ocrx_word' id='word_1_686' title='bbox 857 5545 887 5583; x_wconf 87' lang='lat' dir='ltr'>a</span> <span class='ocrx_word' id='word_1_687' title='bbox 918 5527 1207 5583; x_wconf 90' lang='lat' dir='ltr'>Demetrio</span> <span class='ocrx_word' id='word_1_688' title='bbox 1240 5529 1518 5584; x_wconf 90' lang='lat' dir='ltr'>Triclinio</span> <span class='ocrx_word' id='word_1_689' title='bbox 1549 5531 1866 5586; x_wconf 86' lang='lat' dir='ltr'>emendati.</span> 
     </span>
    </p>
   </div>
   <div class='ocr_carea' id='block_1_105' title="bbox 241 5593 1866 5679">
    <p class='ocr_par' dir='ltr' id='par_1_105' title="bbox 241 5593 1866 5679">
     <span class='ocr_line' id='line_1_106' title="bbox 241 5593 1866 5679; baseline 0.004 -29"><span class='ocrx_word' id='word_1_690' title='bbox 241 5593 545 5679; x_wconf 30' lang='lat' dir='ltr'>Pareczbolaz</span> <span class='ocrx_word' id='word_1_691' title='bbox 576 5593 843 5679; x_wconf 69' lang='lat' dir='ltr'>quaedam</span> <span class='ocrx_word' id='word_1_692' title='bbox 876 5615 1074 5679; x_wconf 76' lang='lat' dir='ltr'>eorum</span> <span class='ocrx_word' id='word_1_693' title='bbox 1101 5601 1316 5679; x_wconf 58' lang='lat' dir='ltr'>quasjn</span> <span class='ocrx_word' id='word_1_694' title='bbox 1350 5600 1578 5679; x_wconf 73' lang='lat' dir='ltr'>excusis</span> <span class='ocrx_word' id='word_1_695' title='bbox 1604 5603 1866 5679; x_wconf 77' lang='lat' dir='ltr'>Athenaai</span> 
     </span>
    </p>
   </div>
   <div class='ocr_carea' id='block_1_106' title="bbox 238 5668 1867 5731">
    <p class='ocr_par' dir='ltr' id='par_1_106' title="bbox 238 5668 1867 5731">
     <span class='ocr_line' id='line_1_107' title="bbox 238 5668 1867 5731; baseline 0.006 -10"><span class='ocrx_word' id='word_1_696' title='bbox 238 5668 527 5726; x_wconf 83' lang='lat' dir='ltr'>codicibus</span> <span class='ocrx_word' id='word_1_697' title='bbox 574 5668 1006 5728; x_wconf 80' lang='lat' dir='ltr'>desiderantur.</span> <span class='ocrx_word' id='word_1_698' title='bbox 1039 5668 1252 5727; x_wconf 85' lang='lat' dir='ltr'>Incerti</span> <span class='ocrx_word' id='word_1_699' title='bbox 1291 5673 1351 5727; x_wconf 88' lang='lat' dir='ltr'>in</span> <span class='ocrx_word' id='word_1_700' title='bbox 1381 5672 1598 5730; x_wconf 86' lang='lat' dir='ltr'>librum</span> <span class='ocrx_word' id='word_1_701' title='bbox 1644 5673 1867 5731; x_wconf 84' lang='lat' dir='ltr'>Aristo-</span> 
     </span>
    </p>
   </div>
   <div class='ocr_carea' id='block_1_107' title="bbox 1994 4313 3643 4375">
    <p class='ocr_par' dir='ltr' id='par_1_107' title="bbox 1994 4313 3643 4375">
     <span class='ocr_line' id='line_1_108' title="bbox 1994 4313 3643 4375; baseline -0.005 0"><span class='ocrx_word' id='word_1_702' title='bbox 1994 4320 2126 4375; x_wconf 87' lang='lat' dir='ltr'>telis</span> <span class='ocrx_word' id='word_1_703' title='bbox 2184 4320 2254 4374; x_wconf 91' lang='lat' dir='ltr'>de</span> <span class='ocrx_word' id='word_1_704' title='bbox 2311 4317 2603 4374; x_wconf 88' lang='lat' dir='ltr'>coloribus</span> <span class='ocrx_word' id='word_1_705' title='bbox 2661 4317 3142 4373; x_wconf 88' lang='lat' dir='ltr'>commentarius.</span> <span class='ocrx_word' id='word_1_706' title='bbox 3184 4314 3438 4370; x_wconf 89' lang='lat' dir='ltr'>Caniclei</span> <span class='ocrx_word' id='word_1_707' title='bbox 3493 4313 3643 4368; x_wconf 91' lang='lat' dir='ltr'>liber</span> 
     </span>
    </p>
   </div>
   <div class='ocr_carea' id='block_1_108' title="bbox 1992 4386 3645 4461">
    <p class='ocr_par' dir='ltr' id='par_1_108' title="bbox 1992 4386 3645 4461">
     <span class='ocr_line' id='line_1_109' title="bbox 1992 4386 3645 4461; baseline -0.004 -14"><span class='ocrx_word' id='word_1_708' title='bbox 1992 4399 2194 4447; x_wconf 89' lang='lat' dir='ltr'>contra</span> <span class='ocrx_word' id='word_1_709' title='bbox 2247 4391 2563 4457; x_wconf 90' lang='lat' dir='ltr'>Plotinum,</span> <span class='ocrx_word' id='word_1_710' title='bbox 2616 4391 2743 4461; x_wconf 87' lang='lat' dir='ltr'>ejus</span> <span class='ocrx_word' id='word_1_711' title='bbox 2779 4390 2947 4461; x_wconf 56' lang='lat' dir='ltr'>forte</span> <span class='ocrx_word' id='word_1_712' title='bbox 3000 4390 3171 4459; x_wconf 86' lang='lat' dir='ltr'>cujus</span> <span class='ocrx_word' id='word_1_713' title='bbox 3228 4388 3513 4461; x_wconf 79' lang='lat' dir='ltr'>scriptum</span> <span class='ocrx_word' id='word_1_714' title='bbox 3574 4386 3645 4461; x_wconf 86' lang='lat' dir='ltr'>de</span> 
     </span>
    </p>
   </div>
   <div class='ocr_carea' id='block_1_109' title="bbox 1992 4456 3642 4527">
    <p class='ocr_par' dir='ltr' id='par_1_109' title="bbox 1992 4456 3642 4527">
     <span class='ocr_line' id='line_1_110' title="bbox 1992 4456 3642 4527; baseline -0.004 -9"><span class='ocrx_word' id='word_1_715' title='bbox 1992 4464 2434 4518; x_wconf 89' lang='lat' dir='ltr'>immortalitate</span> <span class='ocrx_word' id='word_1_716' title='bbox 2487 4456 2719 4527; x_wconf 64' lang='lat' dir='ltr'>animai,</span> <span class='ocrx_word' id='word_1_717' title='bbox 2768 4456 3387 4513; x_wconf 23' lang='lat' dir='ltr'>dvéxamov&#39;Cardani’s</span> <span class='ocrx_word' id='word_1_718' title='bbox 3437 4457 3537 4512; x_wconf 90' lang='lat' dir='ltr'>lib.</span> <span class='ocrx_word' id='word_1_719' title='bbox 3571 4458 3642 4511; x_wconf 88' lang='lat' dir='ltr'>de</span> 
     </span>
    </p>
   </div>
   <div class='ocr_carea' id='block_1_110' title="bbox 1993 4528 3642 4611">
    <p class='ocr_par' dir='ltr' id='par_1_110' title="bbox 1993 4528 3642 4611">
     <span class='ocr_line' id='line_1_111' title="bbox 1993 4528 3642 4611; baseline -0.005 -21"><span class='ocrx_word' id='word_1_720' title='bbox 1993 4552 2211 4611; x_wconf 42' lang='lat' dir='ltr'>rerum“</span> <span class='ocrx_word' id='word_1_721' title='bbox 2245 4534 2525 4611; x_wconf 77' lang='lat' dir='ltr'>varietate</span> <span class='ocrx_word' id='word_1_722' title='bbox 2586 4533 2803 4611; x_wconf 63' lang='lat' dir='ltr'>laudat.</span> <span class='ocrx_word' id='word_1_723' title='bbox 2853 4531 3113 4611; x_wconf 79' lang='lat' dir='ltr'>Sallustii</span> <span class='ocrx_word' id='word_1_724' title='bbox 3169 4528 3642 4611; x_wconf 47' lang='lat' dir='ltr'>philospphiinin</span> 
     </span>
    </p>
   </div>
   <div class='ocr_carea' id='block_1_111' title="bbox 1910 4592 3640 4675">
    <p class='ocr_par' dir='ltr' id='par_1_111' title="bbox 1910 4592 3640 4675">
     <span class='ocr_line' id='line_1_112' title="bbox 1910 4592 3640 4675; baseline -0.002 -19"><span class='ocrx_word' id='word_1_725' title='bbox 1910 4592 1958 4656; x_wconf 88' lang='lat' dir='ltr'><strong>D</strong></span> <span class='ocrx_word' id='word_1_726' title='bbox 1995 4605 2261 4661; x_wconf 84' lang='lat' dir='ltr'>Heracliti</span> <span class='ocrx_word' id='word_1_727' title='bbox 2316 4605 2678 4675; x_wconf 87' lang='lat' dir='ltr'>problemata</span> <span class='ocrx_word' id='word_1_728' title='bbox 2727 4604 3034 4659; x_wconf 87' lang='lat' dir='ltr'>Homerica</span> <span class='ocrx_word' id='word_1_729' title='bbox 3085 4592 3499 4675; x_wconf 66' lang='lat' dir='ltr'>summarium.</span> <span class='ocrx_word' id='word_1_730' title='bbox 3536 4599 3640 4653; x_wconf 86' lang='lat' dir='ltr'>Ex-</span> 
     </span>
    </p>
   </div>
   <div class='ocr_carea' id='block_1_112' title="bbox 1988 4672 3641 4749">
    <p class='ocr_par' dir='ltr' id='par_1_112' title="bbox 1988 4672 3641 4749">
     <span class='ocr_line' id='line_1_113' title="bbox 1988 4672 3641 4749; baseline -0.005 -17"><span class='ocrx_word' id='word_1_731' title='bbox 1988 4684 2185 4749; x_wconf 89' lang='lat' dir='ltr'>cerpta</span> <span class='ocrx_word' id='word_1_732' title='bbox 2216 4694 2283 4731; x_wconf 90' lang='lat' dir='ltr'>ex</span> <span class='ocrx_word' id='word_1_733' title='bbox 2314 4672 2559 4732; x_wconf 83' lang='lat' dir='ltr'>Gemisti</span> <span class='ocrx_word' id='word_1_734' title='bbox 2610 4676 2907 4749; x_wconf 85' lang='lat' dir='ltr'>Pletbonis</span> <span class='ocrx_word' id='word_1_735' title='bbox 2957 4675 3250 4749; x_wconf 81' lang='lat' dir='ltr'>Monodia,</span> <span class='ocrx_word' id='word_1_736' title='bbox 3284 4672 3641 4749; x_wconf 86' lang='lat' dir='ltr'>de__immor-</span> 
     </span>
    </p>
   </div>
   <div class='ocr_carea' id='block_1_113' title="bbox 1991 4744 3642 4815">
    <p class='ocr_par' dir='ltr' id='par_1_113' title="bbox 1991 4744 3642 4815">
     <span class='ocr_line' id='line_1_114' title="bbox 1991 4744 3642 4815; baseline -0.004 -12"><span class='ocrx_word' id='word_1_737' title='bbox 1991 4744 2214 4804; x_wconf 21' lang='lat' dir='ltr'>tiali&#39;tate</span> <span class='ocrx_word' id='word_1_738' title='bbox 2237 4750 2444 4803; x_wconf 68' lang='lat' dir='ltr'>animae</span> <span class='ocrx_word' id='word_1_739' title='bbox 2486 4749 2762 4815; x_wconf 83' lang='lat' dir='ltr'>Ejusdem</span> <span class='ocrx_word' id='word_1_740' title='bbox 2797 4746 3058 4801; x_wconf 88' lang='lat' dir='ltr'>defensio</span> <span class='ocrx_word' id='word_1_741' title='bbox 3089 4744 3415 4800; x_wconf 86' lang='lat' dir='ltr'>Aristotelis</span> <span class='ocrx_word' id='word_1_742' title='bbox 3437 4748 3642 4815; x_wconf 84' lang='lat' dir='ltr'>contra</span> 
     </span>
    </p>
   </div>
   <div class='ocr_carea' id='block_1_114' title="bbox 1989 4814 3642 4888">
    <p class='ocr_par' dir='ltr' id='par_1_114' title="bbox 1989 4814 3642 4888">
     <span class='ocr_line' id='line_1_115' title="bbox 1989 4814 3642 4888; baseline -0.004 -14"><span class='ocrx_word' id='word_1_743' title='bbox 1989 4821 2369 4875; x_wconf 88' lang='lat' dir='ltr'>scholarium.</span> <span class='ocrx_word' id='word_1_744' title='bbox 2405 4814 2704 4874; x_wconf 87' lang='lat' dir='ltr'>Michaelis</span> <span class='ocrx_word' id='word_1_745' title='bbox 2748 4818 3041 4888; x_wconf 69' lang='lat' dir='ltr'>Apostolai</span> <span class='ocrx_word' id='word_1_746' title='bbox 3094 4833 3195 4888; x_wconf 90' lang='lat' dir='ltr'>pro</span> <span class='ocrx_word' id='word_1_747' title='bbox 3244 4815 3523 4870; x_wconf 91' lang='lat' dir='ltr'>Pletbone</span> <span class='ocrx_word' id='word_1_748' title='bbox 3573 4814 3642 4869; x_wconf 91' lang='lat' dir='ltr'>li-</span> 
     </span>
    </p>
   </div>
   <div class='ocr_carea' id='block_1_115' title="bbox 1989 4889 3638 4962">
    <p class='ocr_par' dir='ltr' id='par_1_115' title="bbox 1989 4889 3638 4962">
     <span class='ocr_line' id='line_1_116' title="bbox 1989 4889 3638 4962; baseline -0.004 -16"><span class='ocrx_word' id='word_1_749' title='bbox 1989 4893 2109 4957; x_wconf 85' lang='lat' dir='ltr'>ber,</span> <span class='ocrx_word' id='word_1_750' title='bbox 2144 4908 2323 4962; x_wconf 90' lang='lat' dir='ltr'>super</span> <span class='ocrx_word' id='word_1_751' title='bbox 2371 4890 2704 4962; x_wconf 87' lang='lat' dir='ltr'>substantia</span> <span class='ocrx_word' id='word_1_752' title='bbox 2752 4889 3143 4962; x_wconf 80' lang='lat' dir='ltr'>Aristotelica,</span> <span class='ocrx_word' id='word_1_753' title='bbox 3178 4891 3638 4962; x_wconf 62' lang='lat' dir='ltr'>contragazam,</span> 
     </span>
    </p>
   </div>
   <div class='ocr_carea' id='block_1_116' title="bbox 1988 4958 3640 5030">
    <p class='ocr_par' dir='ltr' id='par_1_116' title="bbox 1988 4958 3640 5030">
     <span class='ocr_line' id='line_1_117' title="bbox 1988 4958 3640 5030; baseline -0.004 -12"><span class='ocrx_word' id='word_1_754' title='bbox 1988 4958 2262 5018; x_wconf 82' lang='lat' dir='ltr'>Demetrii</span> <span class='ocrx_word' id='word_1_755' title='bbox 2294 4961 2557 5016; x_wconf 89' lang='lat' dir='ltr'>Triclinii</span> <span class='ocrx_word' id='word_1_756' title='bbox 2602 4962 2671 5015; x_wconf 89' lang='lat' dir='ltr'>de</span> <span class='ocrx_word' id='word_1_757' title='bbox 2722 4962 2927 5015; x_wconf 91' lang='lat' dir='ltr'>metris</span> <span class='ocrx_word' id='word_1_758' title='bbox 2976 4959 3226 5030; x_wconf 90' lang='lat' dir='ltr'>pouticis</span> <span class='ocrx_word' id='word_1_759' title='bbox 3276 4958 3479 5013; x_wconf 88' lang='lat' dir='ltr'>libelli.</span> <span class='ocrx_word' id='word_1_760' title='bbox 3515 4960 3640 5012; x_wconf 80' lang='lat' dir='ltr'>Dis-</span> 
     </span>
    </p>
   </div>
   <div class='ocr_carea' id='block_1_117' title="bbox 1983 5030 3634 5104">
    <p class='ocr_par' dir='ltr' id='par_1_117' title="bbox 1983 5030 3634 5104">
     <span class='ocr_line' id='line_1_118' title="bbox 1983 5030 3634 5104; baseline -0.003 -16"><span class='ocrx_word' id='word_1_761' title='bbox 1983 5036 2119 5104; x_wconf 80' lang='lat' dir='ltr'>pice,</span> <span class='ocrx_word' id='word_1_762' title='bbox 2153 5049 2351 5104; x_wconf 70' lang='lat' dir='ltr'>quaso,</span> <span class='ocrx_word' id='word_1_763' title='bbox 2385 5052 2455 5087; x_wconf 80' lang='lat' dir='ltr'>an</span> <span class='ocrx_word' id='word_1_764' title='bbox 2487 5031 2694 5103; x_wconf 80' lang='lat' dir='ltr'>aliquid</span> <span class='ocrx_word' id='word_1_765' title='bbox 2736 5035 2810 5087; x_wconf 82' lang='lat' dir='ltr'>sit</span> <span class='ocrx_word' id='word_1_766' title='bbox 2849 5033 3010 5087; x_wconf 82' lang='lat' dir='ltr'>cedro</span> <span class='ocrx_word' id='word_1_767' title='bbox 3040 5042 3091 5087; x_wconf 86' lang='lat' dir='ltr'>et</span> <span class='ocrx_word' id='word_1_768' title='bbox 3133 5031 3351 5102; x_wconf 79' lang='lat' dir='ltr'>pumice</span> <span class='ocrx_word' id='word_1_769' title='bbox 3380 5030 3634 5084; x_wconf 73' lang='lat' dir='ltr'>(ii/mum.</span> 
     </span>
    </p>
   </div>
   <div class='ocr_carea' id='block_1_118' title="bbox 1986 5105 3637 5249">
    <p class='ocr_par' dir='ltr' id='par_1_118' title="bbox 1986 5105 3637 5249">
     <span class='ocr_line' id='line_1_119' title="bbox 1986 5105 3637 5249; baseline -0.003 -18"><span class='ocrx_word' id='word_1_770' title='bbox 1986 5105 2263 5249; x_wconf 45' lang='lat' dir='ltr'>H?:)llllfa</span> <span class='ocrx_word' id='word_1_771' title='bbox 2317 5174 2624 5249; x_wconf 77' lang='lat' dir='ltr'>etiamin</span> <span class='ocrx_word' id='word_1_772' title='bbox 2675 5174 2884 5249; x_wconf 77' lang='lat' dir='ltr'>Codice</span> <span class='ocrx_word' id='word_1_773' title='bbox 2940 5171 3407 5249; x_wconf 72' lang='lat' dir='ltr'>Vindobonensi,</span> <span class='ocrx_word' id='word_1_774' title='bbox 3465 5172 3637 5249; x_wconf 76' lang='lat' dir='ltr'>cujus</span> 
     </span>
    </p>
   </div>
   <div class='ocr_carea' id='block_1_119' title="bbox 1984 5244 3636 5315">
    <p class='ocr_par' dir='ltr' id='par_1_119' title="bbox 1984 5244 3636 5315">
     <span class='ocr_line' id='line_1_120' title="bbox 1984 5244 3636 5315; baseline -0.004 -12"><span class='ocrx_word' id='word_1_775' title='bbox 1984 5244 2306 5303; x_wconf 82' lang='lat' dir='ltr'>meminere</span> <span class='ocrx_word' id='word_1_776' title='bbox 2361 5247 2706 5301; x_wconf 86' lang='lat' dir='ltr'>Lambecius</span> <span class='ocrx_word' id='word_1_777' title='bbox 2736 5252 2793 5301; x_wconf 91' lang='lat' dir='ltr'>et</span> <span class='ocrx_word' id='word_1_778' title='bbox 2822 5244 3125 5301; x_wconf 79' lang='lat' dir='ltr'>Nesselius</span> <span class='ocrx_word' id='word_1_779' title='bbox 3176 5252 3323 5315; x_wconf 90' lang='lat' dir='ltr'>part.</span> <span class='ocrx_word' id='word_1_780' title='bbox 3359 5261 3421 5309; x_wconf 83' lang='lat' dir='ltr'><strong>II,</strong></span> <span class='ocrx_word' id='word_1_781' title='bbox 3455 5260 3511 5314; x_wconf 91' lang='lat' dir='ltr'>p.</span> <span class='ocrx_word' id='word_1_782' title='bbox 3545 5246 3636 5308; x_wconf 87' lang='grc'>28,</span> 
     </span>
    </p>
   </div>
   <div class='ocr_carea' id='block_1_120' title="bbox 1982 5316 3635 5389">
    <p class='ocr_par' dir='ltr' id='par_1_120' title="bbox 1982 5316 3635 5389">
     <span class='ocr_line' id='line_1_121' title="bbox 1982 5316 3635 5389; baseline -0.004 -15"><span class='ocrx_word' id='word_1_783' title='bbox 1982 5328 2039 5374; x_wconf 87' lang='grc'>81</span> <span class='ocrx_word' id='word_1_784' title='bbox 2088 5321 2144 5374; x_wconf 92' lang='lat' dir='ltr'>in</span> <span class='ocrx_word' id='word_1_785' title='bbox 2189 5319 2300 5375; x_wconf 89' lang='lat' dir='ltr'>alio</span> <span class='ocrx_word' id='word_1_786' title='bbox 2349 5320 2547 5373; x_wconf 91' lang='lat' dir='ltr'>codice</span> <span class='ocrx_word' id='word_1_787' title='bbox 2578 5335 2608 5373; x_wconf 91' lang='lat' dir='ltr'>e</span> <span class='ocrx_word' id='word_1_788' title='bbox 2640 5334 2755 5389; x_wconf 89' lang='lat' dir='ltr'>quo</span> <span class='ocrx_word' id='word_1_789' title='bbox 2805 5322 2940 5371; x_wconf 90' lang='lat' dir='ltr'>ante</span> <span class='ocrx_word' id='word_1_790' title='bbox 2976 5316 3285 5389; x_wconf 80' lang='lat' dir='ltr'>Bosqueti</span> <span class='ocrx_word' id='word_1_791' title='bbox 3318 5316 3635 5389; x_wconf 77' lang='lat' dir='ltr'>editionem</span> 
     </span>
    </p>
   </div>
   <div class='ocr_carea' id='block_1_121' title="bbox 1982 5385 3634 5460">
    <p class='ocr_par' dir='ltr' id='par_1_121' title="bbox 1982 5385 3634 5460">
     <span class='ocr_line' id='line_1_122' title="bbox 1982 5385 3634 5460; baseline -0.002 -17"><span class='ocrx_word' id='word_1_792' title='bbox 1982 5408 2184 5447; x_wconf 84' lang='lat' dir='ltr'>versus</span> <span class='ocrx_word' id='word_1_793' title='bbox 2234 5390 2551 5446; x_wconf 90' lang='lat' dir='ltr'>nonnullos</span> <span class='ocrx_word' id='word_1_794' title='bbox 2603 5385 2875 5460; x_wconf 77' lang='lat' dir='ltr'>produxit</span> <span class='ocrx_word' id='word_1_795' title='bbox 2920 5385 3169 5443; x_wconf 82' lang='lat' dir='ltr'>Allatius</span> <span class='ocrx_word' id='word_1_796' title='bbox 3221 5388 3293 5443; x_wconf 88' lang='lat' dir='ltr'>ad</span> <span class='ocrx_word' id='word_1_797' title='bbox 3344 5385 3634 5442; x_wconf 88' lang='lat' dir='ltr'>Eustathii</span> 
     </span>
    </p>
   </div>
   <div class='ocr_carea' id='block_1_122' title="bbox 1981 5463 2625 5518">
    <p class='ocr_par' dir='ltr' id='par_1_122' title="bbox 1981 5463 2625 5518">
     <span class='ocr_line' id='line_1_123' title="bbox 1981 5463 2625 5518; baseline -0.005 0"><span class='ocrx_word' id='word_1_798' title='bbox 1981 5463 2377 5518; x_wconf 82' lang='lat' dir='ltr'>Hexaemeron</span> <span class='ocrx_word' id='word_1_799' title='bbox 2412 5480 2467 5518; x_wconf 91' lang='grc'>0.</span> <span class='ocrx_word' id='word_1_800' title='bbox 2500 5463 2625 5516; x_wconf 88' lang='grc'>280.</span> 
     </span>
    </p>
   </div>
   <div class='ocr_carea' id='block_1_123' title="bbox 2055 5480 3634 5603">
    <p class='ocr_par' dir='ltr' id='par_1_123' title="bbox 2055 5480 3634 5603">
     <span class='ocr_line' id='line_1_124' title="bbox 2055 5480 2625 5518; baseline 0 -2"><span class='ocrx_word' id='word_1_801' title='bbox 2055 5480 2377 5518; x_wconf 68' lang='lat' dir='ltr'>:xaemeron</span> <span class='ocrx_word' id='word_1_802' title='bbox 2456 5480 2625 5517; x_wconf 70' lang='lat' dir='ltr'>.zeu.</span> 
     </span>
     <span class='ocr_line' id='line_1_125' title="bbox 2055 5480 3634 5603; baseline -0.004 -14"><span class='ocrx_word' id='word_1_803' title='bbox 2055 5535 2123 5603; x_wconf 92' lang='lat'>(0)</span> <span class='ocrx_word' id='word_1_804' title='bbox 2159 5540 2217 5587; x_wconf 90' lang='lat' dir='ltr'><strong>In</strong></span> <span class='ocrx_word' id='word_1_805' title='bbox 2257 5551 2364 5589; x_wconf 90' lang='lat' dir='ltr'>ms.</span> <span class='ocrx_word' id='word_1_806' title='bbox 2398 5480 2682 5595; x_wconf 51' lang='grc' dir='ltr'>ἄρδει-80.</span> <span class='ocrx_word' id='word_1_807' title='bbox 2732 5532 2803 5586; x_wconf 90' lang='lat' dir='ltr'>ad</span> <span class='ocrx_word' id='word_1_808' title='bbox 2833 5530 3287 5587; x_wconf 84' lang='lat' dir='ltr'>Constantinum</span> <span class='ocrx_word' id='word_1_809' title='bbox 3338 5528 3634 5584; x_wconf 64' lang='grc'>111000018-</span> 
     </span>
    </p>
   </div>
   <div class='ocr_carea' id='block_1_124' title="bbox 1980 5604 3057 5673">
    <p class='ocr_par' dir='ltr' id='par_1_124' title="bbox 1980 5604 3057 5673">
     <span class='ocr_line' id='line_1_126' title="bbox 1980 5604 3057 5673; baseline -0.002 -13"><span class='ocrx_word' id='word_1_810' title='bbox 1980 5606 2179 5660; x_wconf 91' lang='lat' dir='ltr'>chum.</span> <span class='ocrx_word' id='word_1_811' title='bbox 2215 5605 2361 5660; x_wconf 91' lang='lat' dir='ltr'>Vide</span> <span class='ocrx_word' id='word_1_812' title='bbox 2393 5605 2707 5660; x_wconf 87' lang='lat' dir='ltr'>Lambech.</span> <span class='ocrx_word' id='word_1_813' title='bbox 2731 5620 2807 5669; x_wconf 79' lang='lat' dir='ltr'>v1,</span> <span class='ocrx_word' id='word_1_814' title='bbox 2843 5620 2899 5673; x_wconf 92' lang='lat' dir='ltr'>p.</span> <span class='ocrx_word' id='word_1_815' title='bbox 2935 5604 3057 5658; x_wconf 91' lang='lat'>163.</span> 
     </span>
    </p>
   </div>
   <div class='ocr_carea' id='block_1_125' title="bbox 2050 5671 3414 5749">
    <p class='ocr_par' dir='ltr' id='par_1_125' title="bbox 2050 5671 3414 5749">
     <span class='ocr_line' id='line_1_127' title="bbox 2050 5671 3414 5749; baseline -0.007 -13"><span class='ocrx_word' id='word_1_816' title='bbox 2050 5680 2138 5749; x_wconf 80' lang='grc' dir='ltr'>(ρ)</span> <span class='ocrx_word' id='word_1_817' title='bbox 2169 5678 2351 5733; x_wconf 85' lang='lat' dir='ltr'>Totus</span> <span class='ocrx_word' id='word_1_818' title='bbox 2381 5675 2708 5734; x_wconf 80' lang='lat' dir='ltr'>absolvitur</span> <span class='ocrx_word' id='word_1_819' title='bbox 2732 5671 3001 5731; x_wconf 77' lang='lat' dir='ltr'>versibus</span> <span class='ocrx_word' id='word_1_820' title='bbox 3039 5671 3295 5748; x_wconf 83' lang='lat' dir='ltr'>politicia</span> <span class='ocrx_word' id='word_1_821' title='bbox 3322 5671 3414 5727; x_wconf 87' lang='lat'>71.</span> 
     </span>
    </p>
   </div>
  </div>
