4040 6196
203 329 313 389 509

1456 327 1831 389 ΠΙΑἸἮΙΒΑ
1876 328 1977 389 DE
2025 327 2363 391 PSELLIS.

3498 336 3621 398 510

268 461 415 516 LIII.
471 466 538 517 Et
579 461 697 519 haec
748 463 918 520 Pselli
970 479 1145 536 opera
1188 462 1268 534 (ιι)
1315 461 1473 518 edita
1529 466 1669 517 sunt
1725 478 1853 533 qus:
1883 463 1933 528 Α
2043 462 2151 518 LV.
2188 464 2524 531 Quaestiones
2554 462 2877 533 theologica
2899 480 3023 519 cum
3055 468 3619 541 responsionibus,ad

200 551 341 607 mihi
373 552 572 607 videre
622 554 889 625 contigit.
926 559 1011 609 An
1062 552 1176 608 alia
1228 552 1367 608 item
1428 552 1548 607 sint
1596 552 1858 607 nondum

202 640 352 695 novi.
391 640 543 695 Illud
577 642 753 707 scias,
789 643 992 712 lector,
1023 641 1167 696 alias
1215 641 1352 696 item
1386 656 1515 696 esse
1547 638 1862 695 nonnullo-

198 745 322 785 rum
354 747 424 785 ex
470 729 635 785 hisce
684 731 963 803 Operibus
995 731 1305 795 editiones,
1338 747 1486 801 quas
1536 730 1728 785 libens
1760 746 1857 785 vo-

200 818 447 890 lensque
478 820 673 875 omisi.
708 821 864 875 Satis
911 821 987 875 sit
1034 820 1461 892 prmcipuarum
1513 820 1857 874 commemi-

200 910 374 963 nisse.
410 907 652 965 Utinam
705 914 761 964 et
810 909 946 979 alia,
992 926 1121 981 quae
1164 910 1290 979 jam
1340 909 1544 972 latent,
1592 910 1856 963 eamdem

199 1014 327 1051 cum
357 996 499 1052 istis
531 998 827 1053 fortunam
862 997 1291 1071 experirentur!
1317 998 1427 1053 Sed
1458 997 1695 1069 quando
1728 1012 1856 1068 pes-

197 1086 483 1141 simorum
543 1086 853 1142 hominum
913 1086 1174 1157 nequitia
1232 1086 1289 1141 id
1351 1086 1473 1141 ficri
1530 1085 1754 1157 nequit,
1785 1101 1855 1139 en

192 1176 530 1246 aliquorum
593 1177 784 1231 adhuc
834 1176 1189 1231 ineditorum
1241 1174 1572 1247 catalogum
1624 1174 1718 1229 hic
1767 1179 1851 1228 at-

194 1270 406 1334 texam,
462 1281 720 1335 quorum
778 1264 921 1319 mihi
974 1264 1258 1319 memoria
1306 1264 1590 1335 suppetit,
1636 1266 1694 1317 et
1739 1278 1854 1333 quo

196 1353 482 1407 dicuntur
528 1369 659 1409 esse
710 1353 767 1408 in
821 1352 949 1408 loco
998 1352 1280 1425 aperiam,
1313 1358 1398 1419 ut,
1434 1353 1483 1408 si
1531 1353 1701 1407 detur
1745 1350 1853 1405 ali-

195 1443 431 1513 quando
468 1442 740 1513 facultas,
764 1443 871 1498 tibi
903 1443 1096 1514 possis
1128 1447 1322 1498 tantos
1353 1442 1659 1498 thesauros
1690 1457 1843 1495 com.

194 1548 419 1602 parare.
454 1532 855 1603 Laudaboque
883 1537 1173 1601 auctores,
1207 1535 1272 1585 ut
1300 1531 1457 1586 unde
1487 1531 1543 1585 id
1577 1530 1849 1594 habeam,

197 1621 297 1675 tibi
329 1626 705 1692 compertum
738 1620 835 1685 sit,
858 1625 913 1675 et
944 1621 991 1675 si
1016 1637 1147 1691 qua:
1171 1623 1333 1675 fraus
1357 1619 1849 1691 deprehendetur,

196 1709 411 1764 habeas
443 1717 507 1764 tu
529 1709 731 1775 etiam,
754 1708 812 1763 in
844 1725 994 1781 quas
1015 1708 1236 1763 crimen
1271 1708 1508 1764 referas.
1534 1708 1613 1764 De
1636 1707 1851 1779 quibus

1972 551 2314 607 Michaelem
2374 551 2620 618 Ducam,
2670 554 2889 623 quibus
2947 557 3005 608 et
3064 555 3135 609 ad
3197 555 3617 628 physiologiam

1972 641 2327 711 pertinentia
2357 641 2750 707 continentur,
2786 640 2910 711 fol.,
2943 642 3000 696 in
3038 642 3392 700 bibliotheca
3420 647 3620 716 Augu-

1971 734 2164 795 stana,
2197 730 2252 784 in
2286 730 2539 786 armario
2570 730 2665 785 Vl.
2702 732 2877 785 Index
2907 733 3291 801 Augustanus
3327 751 3437 789 ms-
3470 734 3624 790 intra

1971 819 2147 874 etiam
2180 819 2334 874 idem
2368 820 2537 874 index
2570 819 2691 875 haec
2733 821 2908 875 habet
2942 838 2955 876 :
2991 823 3165 877 Pselli
3192 822 3262 877 ad
3293 825 3623 879 Michaelem

1972 909 2323 965 Commenum
2355 912 2507 965 varia
2555 913 2735 981 capita
2766 912 3067 983 theologica
3098 931 3116 967 :
3151 910 3279 985 Περὶ
3330 908 3621 966 ἒνῦποστά-

1967 1014 2088 1069 του,
2120 1006 2188 1055 de
2214 1001 2425 1065 anima,
2458 1006 2524 1055 de
2554 1000 2878 1066 virtutibus,
2903 1011 2955 1055 et
2978 1002 3211 1073 physica
3240 1002 3310 1056 de
3336 1004 3625 1069 sensibus,-

1969 1088 2034 1143 de
2078 1088 2466 1144 similitudine.
2518 1098 2570 1145 et
2613 1090 3081 1145 dissimilitudine
3141 1090 3446 1146 liberorum
3492 1108 3619 1146 cum

1962 1178 2322 1248 parentibus;
2367 1178 2432 1232 de
2483 1179 2807 1249 embryone;
2854 1179 2920 1234 de
2973 1181 3231 1241 somniis;
3280 1179 3344 1234 de
3394 1181 3619 1235 circulis

1965 1265 2308 1329 cwleslibus;
2334 1268 2402 1322 de
2431 1270 2718 1329 meleoris;
2748 1267 2813 1323 de
2842 1268 2995 1325 luam
3024 1269 3250 1336 eclipsi:
3280 1268 3345 1323 de
3370 1268 3500 1324 solis
3521 1284 3621 1323 ca-

1967 1356 2117 1417 lore;
2147 1355 2211 1411 de
2252 1356 2453 1423 stellis;
2486 1356 2552 1411 de
2581 1358 2888 1419 Dioscuris;
2936 1355 3001 1412 de
3052 1360 3263 1429 pluvia,
3314 1358 3614 1428 grandine,

1962 1447 2107 1510 nive,
2155 1447 2382 1516 pruina,
2433 1461 2587 1512 rore;
2618 1447 2687 1500 de
2733 1446 2991 1518 typhone,
3026 1451 3078 1501 et
3126 1448 3390 1517 ecnephia
3418 1446 3615 1517 ventis,

1959 1534 2026 1589 de
2052 1532 2329 1603 fulmine;
2359 1534 2424 1588 de
2449 1534 2697 1604 partibus
2743 1534 2968 1597 mundi;
3018 1534 3082 1589 de
3128 1538 3295 1591 terrm
3339 1535 3615 1594 motibus;

1959 1624 2027 1677 de
2054 1623 2493 1694 tempestatibus;
2527 1625 2594 1678 de
2641 1623 2919 1678 salsedine
2960 1626 3169 1685 maris;
3199 1623 3264 1679 de
3309 1624 3616 1690 imbribus;

1962 1712 2029 1767 de
2072 1714 2429 1781 ﬂuminibus;
2463 1712 2530 1767 de
2578 1713 2867 1767 stellarum
2916 1713 3065 1780 luce;
3114 1713 3255 1785 quid
3300 1715 3618 1781 necessitas,

196 1804 461 1853 exactum
527 1798 638 1853 tibi
689 1798 1008 1868 judicium,
1058 1802 1398 1869 certamque
1459 1798 1851 1853 narrationem
1884 1802 2305 1884 Bcontingens,
2365 1810 2597 1871 tempus,
2658 1804 2933 1868 materia,
2988 1804 3194 1872 forma,
3245 1801 3621 1857 elementum?

198 1903 309 1942 non
341 1886 652 1958 promitto,
683 1903 817 1942 cum
857 1903 925 1942 ea
969 1904 1083 1959 pris
1116 1887 1395 1942 manibus
1449 1904 1563 1942 non
1616 1886 1850 1941 fuerint.

198 1973 339 2028 Illud
371 1978 604 2029 certum
637 1978 743 2040 est,
778 1990 847 2028 ex
887 1973 980 2029 his
1035 1973 1320 2029 nonnulla
1369 1989 1499 2030 esse
1552 1974 1664 2043 bis,
1695 1978 1855 2029 terve

198 2062 460 2133 repetita,
495 2063 767 2133 quaedam
800 2063 977 2118 etiam
1023 2062 1178 2135 typis
1212 2080 1446 2119 excusa.
1480 2063 1625 2129 Quia
1657 2068 1853 2118 tamen

196 2168 259 2205 ex
286 2151 412 2207 sola
446 2152 608 2206 tituli
644 2152 878 2221 notitia,
908 2168 1095 2223 eaque
1135 2152 1317 2217 varia,
1351 2156 1422 2207 de
1452 2157 1572 2208 toto
1604 2157 1855 2208 tractatu

200 2258 309 2296 non
351 2257 678 2312 possumus
727 2241 1078 2296 sententiam
1116 2242 1283 2309 ferre,
1316 2246 1373 2296 et
1419 2258 1603 2296 unum
1637 2241 1709 2296 ab
1742 2241 1856 2296 alio

201 2329 582 2401 distinguere,
606 2330 1107 2401 quemadmodum
1140 2329 1200 2384 in
1234 2329 1369 2385 aliis
1394 2329 1751 2399 invenimus,
1775 2329 1859 2385 ita

205 2419 303 2474 tibi
331 2419 570 2489 damus,
604 2435 732 2490 quas
778 2423 933 2474 certo
965 2419 1123 2474 edita
1161 2423 1300 2475 sunt
1330 2417 1571 2474 omnino
1620 2422 1857 2491 praeter-

210 2514 433 2573 euntes,
466 2507 545 2563 sit
575 2524 714 2580 ergo
748 2525 762 2563 :

277 2596 413 2653 LIV.
459 2596 638 2652 Pselli
698 2596 847 2652 liber
893 2600 1095 2653 Contra
1148 2598 1505 2663 Eunomium,
1555 2600 1749 2652 Romae
1798 2596 1858 2651 in

212 2686 487 2742 Vaticana
521 2690 791 2741 servatur
825 2704 838 2741 :
872 2686 1169 2742 Gesnerus
1218 2686 1277 2741 in
1327 2686 1707 2753 Bibliotheca,
1741 2685 1860 2741 Gil-

214 2776 407 2829 bertus
439 2774 800 2830 Gaulminus
839 2775 995 2829 notis
1040 2775 1097 2828 in
1128 2776 1402 2830 eumdem
1435 2773 1566 2848 Περὶ
1597 2772 1864 2847 ἕνεργιίας

215 2862 517 2931 Δαιμόνων,
550 2870 610 2918 et
660 2863 1003 2918 Franciscus
1054 2864 1478 2919 Feuardentius
1527 2864 1865 2935 prmfatione

218 2953 271 3006 iu
305 2952 451 3009 Petri
498 2951 721 3007 Morelli
776 2953 1317 3025 interpretationem
1369 2954 1635 3025 ejusdem
1684 2951 1866 3008 libelli

219 3049 294 3097 De
324 3042 691 3098 daemonibus.

274 3132 489 3187 Scholia
517 3131 763 3199 eiusdem
786 3133 845 3187 in
869 3131 1069 3187 dictum
1093 3131 1365 3203 quoddam
1388 3132 1609 3201 Basilii,
1636 3132 1861 3201 Romae;

218 3223 512 3277 Gesnerus
544 3220 788 3276 ibidem.

276 3311 527 3382 Epitome
576 3310 851 3365 librorum
900 3311 1096 3381 Moysis
1126 3311 1186 3365 in
1218 3310 1249 3364 4
1278 3313 1382 3366 Ms.
1416 3309 1475 3364 in
1508 3309 1869 3365 bibliotheca

214 3400 590 3470 imperatoris
623 3399 852 3454 Viennae
887 3415 900 3456 :
934 3400 1246 3456 Gesnerus.

277 3490 533 3561 Dioptra,
576 3489 633 3543 id
685 3492 776 3545 est
826 3490 1216 3561 Perspectiva,
1264 3488 1570 3546 continens
1619 3494 1872 3561 quatuor

213 3594 519 3633 sermones
554 3578 614 3632 in
638 3577 856 3649 quibus
887 3579 1122 3633 animus
1142 3582 1199 3632 et
1228 3595 1438 3650 corpus
1461 3578 1785 3650 disputant,
1808 3578 1867 3633 in

210 3667 576 3722 bibliotheca
633 3670 976 3733 Augustana
1031 3684 1045 3722 :
1100 3667 1392 3723 Gesnerus
1434 3668 1546 3739 [36]
1592 3672 1648 3722 et
1696 3667 1869 3721 index

212 3762 606 3828 Augustanus
643 3772 655 3810 :
692 3757 839 3811 Plut.
871 3757 925 3818 6,
948 3773 1112 3811 num.
1148 3757 1235 3810 12.
1272 3757 1397 3811 Ilaec
1436 3773 1509 3812 an
1554 3757 1757 3812 eadem
1793 3756 1871 3810 sit

214 3861 346 3898 cum
382 3843 642 3915 Philippi
682 3843 929 3899 solitarii
979 3846 1236 3917 Dioptra,
1262 3846 1387 3914 jam
1437 3846 1596 3901 edita
1644 3845 1868 3912 Latine,

215 3950 328 3987 non
364 3949 610 4003 possum
636 3931 919 3997 divinare,
945 3939 1000 3989 et
1029 3934 1173 3988 forte
1206 3932 1421 3989 Indicis
1453 3936 1675 4003 auctor,
1700 3932 1872 3988 Pselli

216 4022 513 4092 pretantis
565 4025 635 4090 (v)
695 4021 934 4077 nomine
997 4022 1313 4093 deceptus,
1372 4027 1558 4077 totum
1617 4023 1872 4093 Dioptrm

214 4128 383 4181 opus,
429 4128 461 4165 a
502 4127 635 4166 vero
688 4110 974 4182 scriptore
1023 4111 1287 4183 Philippo
1341 4111 1631 4177 avulsum,
1678 4111 1870 4167 Psello

216 4200 625 4268 imprudenter
657 4198 837 4254 nimis
866 4200 1194 4272 supposuit.
1232 4200 1483 4273 Philippi
1519 4209 1710 4256 tamen
1743 4217 1872 4256 esse

212 4294 480 4360 apparet,
518 4305 651 4343 cum
705 4304 860 4355 eam,
892 4305 960 4344 ex
999 4288 1355 4345 bibliotheca
1407 4294 1743 4361 Augustana
1772 4291 1872 4345 de-

215 4384 574 4449 promptam,
623 4394 757 4432 cum
804 4377 1096 4448 Cabasila,
1129 4376 1453 4445 Philotheo,
1485 4379 1709 4434 Joanne
1738 4380 1872 4435 Car-

214 4468 438 4537 pathio,
470 4474 526 4522 et
555 4466 732 4539 Glyca
776 4466 1043 4522 Latinam
1076 4466 1403 4537 vulgaverit
1440 4468 1690 4523 Jacobus
1722 4467 1875 4523 Pon~

1965 1889 2106 1957 Quid
2150 1891 2580 1961 encyclopedia?
2627 1890 2693 1944 de
2745 1890 3057 1945 litterarum
3104 1890 3503 1957 inventoribus;
3554 1888 3620 1944 de

1961 1978 2358 2045 Amazonibus;
2387 1980 2454 2034 de
2474 1979 2795 2034 nominibus
2824 1995 3218 2035 mensurarum
3245 2005 3259 2047 ;
3290 1980 3354 2035 de
3381 1979 3621 2035 circulo-

1964 2084 2091 2122 rum
2122 2069 2333 2135 initiis;
2362 2083 2489 2139 qum
2524 2068 2762 2123 habeant
2799 2070 3014 2135 caelum,
3051 2086 3227 2135 mare,
3257 2071 3367 2130 sol;
3394 2068 3459 2124 de
3488 2077 3618 2124 ortu

1964 2157 2097 2212 solis
2125 2158 2356 2228 triplici,
2390 2157 2563 2229 deque
2590 2160 2717 2228 igne
2743 2158 2957 2212 ctelitus
2986 2158 3055 2213 ad
3082 2157 3407 2230 philosophi
3432 2173 3621 2230 preces

1966 2246 2220 2317 delapso;
2251 2245 2317 2300 de
2363 2248 2616 2311 Potidea,
2657 2245 2923 2306 Arcadia;
2976 2263 3041 2301 ac
3084 2247 3388 2315 Aristotele,
3424 2246 3620 2301 Clean-

1966 2339 2075 2403 the,
2121 2336 2483 2403 Anaxagora;
2513 2336 2578 2390 de
2619 2335 2843 2400 Eubaea,
2878 2334 3093 2390 Sicilia.
3128 2334 3423 2391 Gesnerus
3457 2336 3617 2405 item,

1967 2424 2209 2494 ejusdem
2238 2424 2303 2480 de
2329 2423 2443 2495 ﬁde
2487 2424 2558 2479 ad
2604 2424 2918 2480 Michaelem
2965 2425 3200 2489 Ducam,
3221 2426 3423 2496 juncta
3470 2425 3618 2495 ejus-

1969 2515 2098 2570 dem
2129 2514 2372 2585 Epitome
2416 2513 2789 2585 philosophiae
2830 2514 3219 2579 Aristotelicar,
3250 2513 3307 2568 id
3354 2518 3431 2569 est
3475 2513 3620 2585 phy-

1967 2606 2119 2670 sicae,
2168 2604 2234 2658 de
2296 2604 2651 2675 generatione
2704 2606 2755 2657 et
2811 2604 3181 2674 corruptione,
3231 2604 3298 2658 de
3343 2604 3622 2671 meleoris,

1969 2708 2097 2748 cum
2141 2693 2515 2763 supplemento
2545 2692 2802 2761 Gregorii
2846 2692 3063 2747 Nicaeni
3110 2692 3179 2745 ad
3226 2693 3450 2746 Petrum
3498 2694 3621 2760 fra-

1970 2785 2111 2836 trem
2144 2782 2203 2835 in
2236 2782 2289 2851 li,
2319 2797 2421 2835 ms.
2454 2781 2777 2837 bibliotheca
2810 2784 2944 2853 imp.
2983 2782 3221 2837 Viennae.
3255 2781 3416 2835 Idem
3450 2779 3627 2835 habet

1973 2870 2151 2927 Israel
2183 2871 2467 2943 Spachius
2505 2871 2563 2926 in
2596 2872 3043 2928 Nomenclatore
3090 2871 3441 2942 scriptorum
3492 2869 3620 2941 phi-

1975 2959 2411 3032 losophicorum
2470 2965 2527 3015 et
2584 2959 3091 3033 philologicorum.
3126 2960 3268 3015 Item
3319 2959 3513 3014 Roma
3564 2960 3621 3014 in

1976 3048 2330 3103 bibliotheca
2369 3048 2951 3104 Sancto-Silvestrina
2999 3049 3056 3103 in
3110 3052 3305 3103 monte
3338 3047 3623 3113 Quirinali

1977 3142 2067 3192 est
2094 3138 2355 3207 ejusdem
2399 3136 2492 3191 hic
2539 3136 2686 3191 liber
2735 3154 2845 3192 ms.
2879 3137 3096 3204 Graece,
3129 3153 3303 3209 quem
3339 3153 3444 3208 ego
3475 3135 3623 3203 vidi;

1980 3225 2188 3281 titulus
2239 3229 2363 3280 erat
2398 3241 2410 3278 :
2454 3220 2681 3277 Ψελλοῦ
2711 3226 2845 3299 πρὸς
2892 3224 2983 3278 τὸν
3039 3222 3266 3299 βασιλέα
3301 3222 3487 3297 κύριον
3523 3228 3625 3275 Μι-

1979 3312 2131 3389 χαὴλ
2170 3312 2260 3368 τὸν
2313 3318 2517 3367 Δοῦχαν
2550 3315 2652 3386 (at).
2685 3316 2857 3370 Pselli
2897 3314 2969 3370 ad
3015 3317 3397 3386 imperatorem
3444 3314 3626 3368 domi-

1980 3422 2112 3459 num
2149 3404 2468 3459 Michaelem
2513 3405 2749 3466 Ducam;
2778 3403 2967 3475 capita
3012 3407 3194 3458 erant.
3230 3402 3293 3457 α’.
3325 3397 3628 3475 Ὀμολογία

1976 3498 2079 3560 τῆς
2136 3490 2387 3553 πίστιως.
2452 3491 2519 3565 β’.
2574 3491 2703 3566 Περὶ
2766 3490 3049 3563 ὀνομάτων
3105 3494 3267 3544 τινῶν
3312 3486 3624 3564 λεγομὲνων

1979 3574 2030 3629 ἐν
2087 3578 2168 3647 τῷ
2216 3579 2324 3629 τῶν
2385 3575 2719 3650 Χριστιανῶν
2768 3571 3023 3647 δόγματι.
3053 3579 3119 3649 γ’.
3153 3570 3281 3647 Περὶ
3333 3571 3622 3625 ἐνυποστά-

1977 3685 2107 3719 των.
2166 3661 2233 3720 δ.
2280 3662 2408 3738 Περὶ
2466 3664 2822 3737 Ὀμοουσίου.
2878 3664 2941 3721 ε’.
2990 3662 3124 3736 Περὶ
3169 3660 3620 3733 Ὀμοϋποστάτου

1980 3754 2038 3817 ς’.
2091 3753 2219 3827 Περὶ
2265 3750 2562 3814 οὐσιώδους
2610 3751 2874 3817 ἑνώσεως,
2927 3750 3018 3805 καὶ
3068 3748 3349 3828 διαφορᾶς.
3386 3750 3447 3817 ζ’.
3494 3746 3629 3822 Περὶ

1981 3842 2343 3910 bucera-ciui;
2394 3842 2655 3910 ὲνώσεως,
2713 3840 2801 3896 καὶ
2854 3838 3137 3918 διαφορᾶς.
3190 3840 3260 3909 η’.
3308 3836 3441 3913 Περὶ
3498 3857 3631 3912 σχε-

1976 3937 2133 3999 τικῆς
2167 3931 2432 3993 ὲνώσεως.
2467 3933 2530 3995 θ’.
2566 3930 2695 4005 Περὶ
2748 3936 2847 4000 τῆς
2896 3929 3051 4005 ἁγίας
3098 3925 3349 4000 Τριάδος.
3405 3928 3435 3979 ι’
3499 3924 3634 3998 Περὶ

1981 4022 2093 4093 [37]
2142 4021 2350 4094 τρόπου
2406 4022 2503 4087 τῆς
2562 4017 2905 4081 ἀντιδόσεως.
2970 4026 3054 4074 ια’.
3117 4019 3245 4093 Περὶ
3301 4016 3444 4081 θείας
3497 4014 3634 4069 ἰνώ-

1981 4130 2116 4170 σεως
2152 4110 2243 4177 ιβ’.
2287 4108 2417 4182 Περὶ
2466 4108 2693 4185 φύσεως.
2733 4113 2754 4165 1
2812 4111 3090 4178 Professio
3138 4108 3286 4178 ﬁdei.
3319 4108 3377 4163 2.
3411 4107 3485 4161 De
3514 4106 3639 4176 qui-

1981 4198 2209 4254 busdam
2237 4200 2564 4255 nominibus
2594 4198 2654 4253 in
2681 4198 3132 4256 Christianorum
3182 4198 3440 4266 dogmate
3468 4209 3636 4249 usur-

1977 4289 2142 4359 palis.
2202 4288 2254 4342 3.
2316 4288 2388 4342 De
2442 4290 2514 4358 (ῃ)
2573 4287 3007 4359 enypostasibus.
3068 4286 3120 4339 4.
3181 4286 3256 4340 De
3320 4283 3629 4339 Homousio.

1980 4379 2034 4432 5.
2069 4378 2141 4432 De
2196 4378 2675 4449 Ilomohyposlato.
2726 4378 2780 4433 6.
2836 4380 2912 4433 De
2966 4374 3251 4431 essentiali
3305 4375 3527 4439 unione,
3580 4373 3636 4424 et

1982 4466 2317 4538 differentia.
2351 4467 2407 4521 7.
2439 4467 2513 4521 De
2560 4466 2909 4539 hypostatica
2956 4467 3180 4530 unione,
3213 4472 3265 4520 et
3295 4461 3633 4534 diﬂerentia.

215 4562 391 4610 tanus
445 4554 814 4627 Ingolstadii,
848 4571 917 4611 ex
946 4554 1329 4627 typographis
1361 4555 1562 4611 Adami
1612 4556 1874 4629 Sertorii,
1908 4552 1955 4618 D
1985 4558 2038 4611 8.
2075 4560 2159 4611 De
2196 4556 2432 4611 relativo
2479 4557 2702 4612 unione.
2734 4555 2786 4609 9.
2822 4556 2897 4610 De
2942 4562 3137 4610 sancta
3188 4552 3403 4608 Triade.
3441 4550 3523 4605 10.
3558 4549 3638 4603 De

216 4645 374 4711 1604,
407 4644 467 4699 in
496 4645 546 4699 4.

1976 4645 2131 4702 modo
2165 4645 2238 4717 (κ)
2271 4644 2681 4701 retributionis.
2719 4645 2805 4699 11.
2838 4645 2911 4699 De
2955 4643 3145 4699 divina
3190 4643 3417 4712 unione,
3450 4640 3532 4694 12.
3565 4639 3642 4694 De

1811 4772 2044 4829 NOT/E.

286 4870 358 4931 (α)
387 4867 549 4921 Adde
599 4866 694 4921 bis
735 4867 807 4921 ab
856 4866 1065 4923 Allatio
1097 4867 1404 4923 recensitis
1438 4869 1488 4923 1.
1522 4865 1756 4931 Σύνοῲιν
1798 4866 1874 4930 εἷς

207 4936 763 5013 τήξο-’ῨΛρεςι-ῖοτᾶλρβς
814 4940 1060 5013 Λογικήν
1093 4955 1272 5010 quam
1324 4940 1517 4996 Graece
1554 4946 1620 5013 et
1672 4936 1875 4996 Latine

207 5011 398 5094 edidit
456 5011 607 5094 tilias
648 5011 1309 5094 .Ehin‘gerusmugustte
1357 5012 1589 5067 Vindel.
1625 5013 1785 5080 1597,
1818 5016 1872 5094 8,

207 5085 531 5156 observans
568 5082 717 5156 Petri
767 5082 1010 5156 Hispani
1047 5082 1432 5152 summulam,
1467 5100 1680 5156 magna
1714 5089 1875 5156 parte

206 5172 280 5209 ex
312 5153 421 5207 hoc
459 5153 628 5227 Pselli
669 5152 952 5225 opusculo
1000 5156 1241 5227 petitam
1292 5172 1441 5210 esse.
1473 5152 1871 5227 2.)'Mov£p8lav

203 5227 265 5280 io
302 5226 595 5296 templum
645 5224 873 5297 sophiae
905 5224 1063 5297 Cpol.
1096 5233 1263 5297 terras
1316 5231 1477 5281 motu
1507 5224 1869 5297 quassatam,

204 5314 389 5368 quam
422 5298 608 5370 edidit
646 5296 897 5352 Allatius
928 5296 1093 5370 potis
1125 5297 1196 5351 ad
1228 5296 1543 5369 Georgium
1576 5299 1873 5370 Acropoli-

205 5378 357 5431 tam,
393 5385 448 5437 p.
502 5369 602 5422 281
658 5385 780 5439 seq.
815 5372 893 5434 3.)
926 5368 1103 5422 Breve
1152 5368 1405 5439 carmen,
1438 5368 1751 5425 iambicuni
1812 5372 1871 5425 in

207 5439 643 5508 depositionem
675 5438 764 5494 Jo.
790 5438 1215 5566 Chrasostomi,
1239 5440 1539 5511 vulgatum
1575 5441 1769 5497 Graece
1800 5442 1872 5497 ab

212 5512 427 5565 Allatio
469 5511 526 5564 in
577 5512 864 5566 cxcerntis
944 5527 1143 5565 raacor.
1176 5512 1577 5566 sonbistarum
1628 5529 1695 5566 ac
1744 5514 1872 5566 rhe-

212 5512 427 5565 Allatio
469 5511 526 5564 in
577 5512 864 5583 excerptis
894 5511 1143 5583 Graecor.
1176 5512 1577 5583 sophistarum
1628 5529 1695 5567 ac
1744 5514 1874 5569 rhe-

206 5590 437 5647 torum,
491 5599 546 5651 p.
600 5582 722 5637 400.
781 5582 947 5638 Rom.
983 5582 1142 5650 16/18,
1174 5582 1428 5640 8.'Idem
1482 5602 1551 5640 ex
1601 5583 1873 5641 Oratione

206 5656 441 5712 inedita
485 5654 555 5709 ad
597 5653 1055 5711 Constantinum
1098 5654 1550 5712 Monomachum
1599 5656 1873 5728 producit

1988 4867 2292 4936 nonnulla,
2328 4886 2383 4941 p.
2422 4869 2542 4937 102,
2581 4870 2654 4925 De
2700 4868 3071 4923 recentiorum
3125 4870 3445 4923 Graecorum
3500 4868 3636 4920 tem-

2024 4943 2114 4996 lis.

1981 4959 2131 5084 “165)
2162 5011 2352 5066 Etiam
2402 5011 2513 5067 hoc
2561 5011 2757 5082 ipsum
2796 5026 2864 5065 ex
2911 5013 3242 5084 temporum
3302 5005 3630 5084 rationenin

1985 5076 2230 5139 dubium
2265 5096 2449 5149 vocat,
2484 5076 2671 5154 neque
2702 5076 3053 5154 persuadere
3077 5080 3194 5154 sibi
3223 5083 3433 5154 potest
3478 5076 3632 5154 Alia:

1985 5158 2125 5226 tius,
2180 5155 2355 5209 Mich.
2409 5149 2661 5209 Psellum
2702 5149 2778 5208 'in
2834 5153 3087 5226 Philippi
3138 5149 3635 5226 qui'_l_\._C._t_105

1985 5221 2221 5298 scripsit
2283 5226 2578 5295 Dioptram
2638 5226 2949 5298 prtsfatum
2992 5221 3209 5279 luisse.
3261 5223 3407 5278 Vide
3456 5221 3630 5287 infra,

1984 5315 2111 5370 cap.
2147 5299 2509 5370 antepenuit.

2054 5364 2134 5439 (at)
2168 5364 2601 5440 Hoc—scriptum
2635 5367 2817 5424 habes
2847 5367 3000 5423 infra
3029 5366 3099 5423 ad
3133 5364 3349 5421 calcem
3384 5381 3607 5437 praesen

1982 5442 2060 5496 tis
2092 5439 2376 5494 diatribaa.

2052 5513 2132 5590 (ῃ)
2160 5512 2318 5590 Lege
2350 5528 2363 5566 :
2396 5512 2752 5590 enypostatis.
2814 5582 2827 5590 _
3027 5581 3041 5590 _
3394 5580 3404 5590 O
3479 5578 3509 5590 __
3591 5575 3603 5590 ο

2051 5578 2131 5652 (Ξ.)
2160 5578 2517 5638 νθιῖιεηόυῐῐὶ
2576 5588 2747 5639 erat:
2794 5582 2859 5638 de
2913 5581 3073 5637 modo
3123 5578 3628 5637 communicationis

2002 5654 2325 5710 diomatum.

1980 5656 2325 5712 idiomatum.
