4040 6196
384 300 498 362 511

1768 302 2047 365 LEONIS
2094 304 2136 362 Α
2153 301 2405 364 LLATII

3672 295 3793 355 512

386 442 609 491 natura.
643 436 777 501 Qua
808 433 1007 490 omnia
1042 452 1118 491 an
1153 452 1338 492 unum
1371 454 1516 507 opus
1548 437 1687 508 sint,
1720 436 1808 492 vel
1846 436 2038 491 diver-
2068 436 2123 503 Α
2225 436 2503 507 Expositio
2562 436 2622 489 in
2680 430 3049 504 Metaphysiea
3105 429 3437 495 Aristotelis,
3488 427 3547 484 in
3608 428 3797 493 Italia,

388 543 474 594 sa,
518 524 897 595 judicabunt,
948 524 1045 595 qui
1100 525 1310 597 legent.
1364 526 1481 598 Ego
1531 526 1799 581 existimo
1850 540 2035 581 unum

389 632 538 682 esse,
568 619 821 670 attamen
858 614 916 668 in
940 631 1055 670 uno
1078 615 1273 670 codice
1296 615 1695 671 abundantius
1718 612 2032 681 contineri;

389 720 457 758 ex
489 702 764 759 omnibus
795 708 989 758 tamen
1028 722 1210 759 unum
1259 722 1428 775 posse
1468 705 1675 761 conﬁci
1714 707 2035 774 perlectum

390 797 447 848 et
469 793 741 847 omnibus
770 794 1037 864 partibus
1060 793 1420 849 absolutum.
1446 794 1583 857 Qua
1609 794 1899 865 provincia
1924 809 2036 847 non

391 887 548 937 esset
575 881 814 937 omnino
845 881 1091 939 eruditis
1122 882 1264 938 viris
1307 884 1756 939 contemnenda.
1789 880 2038 938 Consule

393 970 591 1039 etiam,
616 988 744 1043 qua
789 988 895 1026 nos
924 972 993 1025 de
1026 970 1133 1026 hoc
1178 972 1584 1044 eodem§opere
1616 972 1859 1027 inferius
1882 971 2036 1025 dice-

394 1076 526 1115 mus
552 1077 564 1114 :
589 1060 775 1115 obiter
806 1065 1000 1115 tamen
1043 1059 1137 1116 hic
1169 1061 1631 1117 animadvertam
1672 1061 1913 1117 titulum
1945 1076 2038 1116 se-

392 1149 570 1205 cundi
599 1149 924 1221 Augustani
958 1167 1068 1205 non
1104 1167 1302 1205 carere
1332 1156 1469 1205 nota
1498 1148 1907 1221 falsitatis,qui
1932 1166 2037 1204 no-

391 1238 483 1293 bis
537 1254 639 1309 pro
696 1238 974 1294 Michaele
1031 1239 1212 1308 Duca,
1259 1240 1598 1296 Michaelem
1656 1244 2038 1296 Commenum

391 1327 673 1393 obtrudit,
699 1328 867 1399 cujus
901 1331 1243 1384 auctoritate
1275 1331 1554 1402 deceptus
1585 1328 1949 1402 Wagelinus
1980 1330 2040 1383 in

390 1432 498 1471 sua
527 1415 779 1471 editione
810 1416 1071 1484 retinuit,
1098 1422 1155 1473 et
1186 1418 1241 1472 in
1278 1418 1451 1486 notis,
1478 1418 1843 1475 Constantini
1872 1417 2041 1473 Duca

394 1503 583 1560 filium
616 1505 957 1561 Michaelem
986 1506 1136 1562 inter
1157 1511 1507 1574 Comnenos,
1528 1509 1675 1564 mira
1694 1505 2047 1579 ἀνιστορησίᾳ

391 1593 567 1649 refert
596 1611 728 1650 cum
761 1596 999 1650 omnino
1031 1600 1187 1651 esset
1218 1598 1644 1665 immutandus,
1675 1596 2048 1653 reclamanti-

390 1682 502 1737 bus
542 1683 766 1738 cateris
799 1684 1121 1752 codicibus,
1158 1684 1257 1756 qui
1286 1702 1493 1742 omnes
1527 1703 1643 1741 uno
1675 1703 1771 1741 ore
1800 1686 2050 1741 Michae.

2146 523 2462 580 Gesnerus.

2219 615 2665 670 Commentarius
2698 615 2756 668 in
2801 612 3116 668 Aristotelis
3144 611 3331 680 verba,
3366 616 3475 666 Ars
3497 610 3711 666 artium
3743 614 3801 666 et

2143 703 2389 759 scientia
2420 703 2825 769 scientiarum,
2859 707 2934 767 et,
2969 701 3240 770 Quomodo
3280 701 3471 754 omnia
3501 717 3533 754 a
3559 700 3801 771 philoso-

2141 793 2278 865 phia
2301 792 2661 862 dependeant,
2696 792 2753 846 in
2788 790 2980 858 Italia,
3014 790 3326 846 Gesnerus.

2215 883 2279 937 In
2321 883 2760 953 Psychogoniam
2807 881 3084 950 Platonis,
3124 879 3184 934 in
3232 877 3417 947 Italia,
3449 878 3750 934 Gesnerus
3785 895 3797 933 :

2147 969 2205 1026 in
2236 969 2589 1026 bibliolheca
2628 971 2965 1036 Augustana
3008 968 3110 1025 fol.
3142 968 3201 1023 in
3251 968 3503 1023 armario
3535 984 3593 1032 ν,
3625 967 3802 1022 index

2146 1064 2530 1131 Augustanus
2561 1076 2671 1115 ms.
2696 1060 2754 1114 in
2780 1058 3133 1115 bibliotheca
3163 1057 3372 1129 imper.
3395 1057 3627 1113 Vienna
3660 1056 3798 1123 inut,

2148 1148 2327 1205 Israel
2359 1149 2667 1220 Spachius.

2218 1240 2588 1310 Expositione
2617 1240 2793 1295 varia
2834 1239 2894 1293 in
2924 1238 3105 1293 varios
3144 1237 3390 1294 Platonis
3421 1234 3584 1305 locos,
3618 1232 3677 1288 in
3714 1233 3800 1287 bi-

2148 1328 2442 1384 bliotheca
2471 1328 2747 1384 Bavarica
2785 1329 2912 1384 cod.
2949 1328 3071 1382 165.
3109 1327 3287 1382 Index
3316 1324 3652 1380 Bavaricus.

2224 1416 2556 1471 Συνοπτικὸν
2582 1418 2861 1491 σύνταγμα
2879 1422 2979 1484 τῆς
3000 1413 3347 1492 φιλοσοφίας,
3366 1415 3424 1469 in
3448 1411 3806 1470 bibliotheca

2148 1508 2394 1564 Joannis
2422 1508 2719 1577 Sambuci,
2753 1508 3061 1563 Gesnerus.

2228 1600 2406 1653 Varia
2429 1597 2825 1669 philosophica,
2858 1596 3053 1652 Roma
3077 1595 3135 1650 in
3159 1593 3454 1651 Vaticana.
3480 1593 3801 1649 Gesnerus.

2157 1688 2412 1759 Physica,
2456 1690 2847 1754 astronomiae,
2894 1688 3125 1755 musica,
3169 1685 3536 1747 arithmetica,
3580 1698 3804 1752 geome-

390 1769 505 1878 lem
538 1771 760 1878 Ducam
804 1777 1161 1878 proponunt,
1197 1775 1289 1828 cui
1321 1776 1513 1845 capita
1538 1775 1638 1830 illa
1666 1776 2043 1847 nuncupavit.
2075 1815 2123 1878 Β
2159 1779 2316 1842 trica,
2348 1777 2549 1846 junctis
2595 1775 2947 1848 opinionibus
2991 1774 3058 1830 de
3104 1776 3314 1840 anima,
3348 1772 3490 1842 in-li,
3524 1769 3798 1826 biblioth.

389 1860 778 1931 Marquardus
808 1860 1093 1917 Freherus
1117 1861 1170 1915 in
1199 1863 1562 1931 Chronologia
1584 1865 1809 1923 imuerii
1830 1865 2042 1919 utrius-

390 1964 493 2019 que
524 1966 542 2002 .·
578 1950 672 2004 Ad
712 1950 1029 2006 Michaclem
1064 1956 1271 2007 Ducam
1299 1955 1523 2024 scripsit
1550 1952 1783 2009 Michael
1828 1953 2046 2009 Psellus

389 2052 454 2091 ea
482 2042 647 2093 aetate
672 2040 728 2092 in
758 2040 892 2110 jure
943 2049 993 2095 et
1045 2042 1390 2113 philosOphia
1436 2043 1829 2098 scientissimus
1860 2052 1911 2097 ct
1942 2062 2042 2095 πο-

394 2121 839 2202 λυγραφώτατος,
890 2132 1187 2201 Synapsim
1240 2132 1419 2202 legum
1467 2132 1717 2188 versibus
1761 2132 2044 2203 politicis;

389 2219 572 2270 exstat
615 2233 720 2270 ms.
765 2217 822 2271 in
876 2217 1208 2275 bibliotheca
1253 2222 1513 2277 Palatina
1563 2225 1615 2277 et
1664 2221 2044 2277 Constantino-

387 2306 661 2374 politano.
696 2307 971 2377 Ejusdem
1019 2308 1190 2364 Pselli
1217 2310 1285 2364 ad
1317 2310 1460 2366 hunc
1493 2312 1694 2365 Ducam
1743 2325 2045 2381 responsio-

388 2409 483 2447 nes
533 2393 603 2448 acl
652 2393 896 2450 diversas
950 2400 1276 2467 quastiones
1328 2399 1655 2471 theologicas
1701 2408 1751 2455 et
1798 2400 2047 2455 doctrina

390 2482 725 2552 omni/“aria,
781 2484 881 2539 194
936 2488 1210 2557 capitibus
1257 2489 1665 2559 comprehensae
1724 2492 1779 2543 in
1844 2489 2045 2544 biblio-

392 2572 542 2626 theca
591 2573 881 2629 Palatina.
916 2577 1154 2632 Codices
1203 2577 1283 2647 hi,
1318 2578 1473 2633 sicut
1521 2583 1576 2632 et
1623 2578 1833 2649 reliqui
1864 2577 2044 2632 Craci

394 2664 451 2714 et
482 2660 668 2715 Latini
701 2666 1091 2735 manuscripti
1126 2666 1620 2722 decantatissimae
1650 2666 1811 2722 illius
1841 2666 2049 2721 biblio-

399 2748 603 2816 theca,
640 2752 785 2807 meis
827 2751 1129 2808 laboribus
1161 2755 1258 2825 (a),
1291 2755 1506 2826 vigiliis
1555 2756 1788 2827 integri,
1821 2755 2043 2810 incolu-

396 2853 638 2909 mesque
670 2841 727 2895 in
761 2840 1043 2898 Vaticana
1076 2850 1472 2898 asservantur.
1507 2845 1666 2908 Quod
1700 2850 1853 2900 certe
1884 2843 2045 2900 omni

406 2927 799 2983 admiratione
850 2930 1092 3002 dignum
1139 2936 1249 3000 est,
1296 2934 1513 3004 Deique
1562 2933 1782 2989 summi
1836 2949 2046 2988 muner

395 3016 832 3081 ascribendum,
860 3017 917 3071 in
954 3023 1071 3073 tam
1098 3024 1260 3075 vasto
1292 3020 1519 3088 itinere,
1546 3020 1867 3077 savissimo
1900 3026 2043 3075 tem-

392 3120 553 3175 pore,
587 3108 937 3176 tempestate
985 3107 1250 3175 hiberna,
1302 3126 1368 3164 ac
1421 3108 1639 3180 pluvia,
1673 3126 1866 3164 rerum
1915 3125 2042 3164 om-

392 3193 557 3248 nium
604 3195 867 3265 penuria,
903 3212 1004 3267 per
1059 3197 1273 3268 oppida
1329 3214 1395 3251 ac
1443 3198 1698 3255 ditiones
1759 3198 2052 3272 hostium,
2083 3187 2128 3255 C

391 3285 624 3336 tantum
658 3281 943 3339 librorum
968 3302 1279 3341 numerum
1306 3292 1531 3342 sartum
1556 3293 1771 3342 tectum
1802 3288 2052 3342 Romam

391 3369 798 3443 imperiatum,
834 3374 914 3429 ita
964 3379 1132 3431 utne
1175 3375 1456 3432 schedula
1504 3376 1741 3447 quidem
1794 3376 2051 3448 perierit.

393 3457 503 3515 Sed
539 3461 608 3514 ad
643 3461 835 3517 Psellu
850 3480 927 3518 m.

466 3547 606 3603 LVI.
641 3552 939 3622 ()puscula
970 3554 1236 3623 quadam
1284 3557 1343 3612 In
1381 3558 1700 3611 Passionem
1726 3561 1779 3613 et
1808 3556 2057 3629 sepultu-

396 3655 524 3693 rum
556 3640 794 3703 Christi;
829 3643 1068 3698 Libellus
1104 3647 1286 3700 dictus
1316 3647 1717 3708 Antichristus;
1748 3648 1823 3703 De
1872 3654 2057 3703 Para-

394 3728 546 3793 diso;
578 3730 640 3782 In
673 3729 926 3786 Natalem
958 3732 1189 3802 Christi,
1215 3733 1363 3789 in-4.
1390 3734 1661 3791 biblioth.
1686 3735 2059 3807 imperatoris

400 3817 660 3882 Vienna,
691 3820 1006 3890 Gesnerus,
1042 3823 1415 3880 Possevinus.

472 3908 585 3978 [38]
623 3906 714 3969 Εἷς
743 3911 843 3979 τήν
876 3909 1176 3984 σταύρωσιν
1221 3916 1316 3965 τοῦ
1367 3912 1584 3988 Κυρίου.
1617 3920 1683 3973 1η
1727 3917 2059 3987 cruci/ixio-

400 4012 529 4051 nem
577 3999 816 4066 Domini,
851 3999 911 4055 in
965 4001 1324 4058 bibliotheca
1380 4004 1699 4060 cardinalis
1741 4006 2036 4061 Columna

401 4086 711 4143 Gretserus
756 4091 909 4145 notis
968 4090 1028 4145 in
1078 4092 1403 4148 orationem
1454 4094 1690 4150 Macarii
1744 4065 2062 4167 Cbrysoce1

401 4174 563 4245 phali
620 4178 692 4232 de
747 4178 1099 4235 exaltatione
1157 4186 1370 4237 sancta
1421 4182 1625 4239 Crucis
1683 4188 1826 4239 tom.
1870 4186 1941 4250 ll,
1989 4185 2060 4239 de

402 4267 601 4321 Cruce.
636 4266 762 4322 Non
813 4272 1062 4337 constat,
1108 4287 1179 4325 an
1232 4271 1303 4326 de
1350 4270 1460 4327 hac
1508 4272 1798 4344 intelligat
1848 4272 2058 4345 ampli-

404 4354 609 4411 ﬁcator
664 4355 1033 4414 Gesneriana
1090 4358 1476 4428 bibliotheca,
1538 4360 1757 4433 Georgii
1809 4364 2056 4418 Nicome-

404 4442 517 4500 diae
573 4444 970 4516 archiepiscopi
1018 4448 1093 4502 De
1153 4448 1357 4516 Cruee,
1418 4468 1583 4522 quam
1637 4452 1778 4521 [also
1835 4452 2057 4523 quidam

405 4534 591 4628 {sella
638 4537 940 4606 ascripsere
988 4535 1171 4594 Graec
1212 4555 1314 4594 ms.
1351 4542 1410 4595 in
1460 4540 1512 4608 4,
1544 4541 1803 4596 Biblioth.
1858 4543 2049 4613 imper.
2084 4564 2132 4628 Β

414 4624 651 4679 Vienna.

478 4713 903 4785 Compendiosa
935 4715 1217 4786 expositio
1264 4716 1320 4771 in
1373 4717 1703 4775 Aristotelis
1751 4718 1934 4775 libros
1981 4722 2055 4776 De

405 4803 655 4857 naturali
684 4804 1107 4872 auscultatione,
1140 4809 1328 4860 exstat
1366 4806 1423 4860 in
1468 4806 1821 4864 bibliotheca
1850 4809 2052 4865 Didaci

409 4890 671 4946 ﬂurtadi.
712 4895 1027 4948 Gesnerus.
1079 4892 1141 4948 In
1196 4893 1554 4951 bibliotheca
1602 4897 1879 4953 Bavarica
1925 4898 2055 4954 cod.

412 4978 531 5034 145.
574 4979 753 5036 Index
804 4982 1137 5049 Bavaricns,
1169 4988 1229 5039 et
1274 4982 1334 5039 in
1386 4983 1740 5041 bibliotheca
1783 4987 2056 5058 imperat.

408 5068 667 5136 Vienna,
701 5070 877 5126 Israel
909 5071 1217 5142 Spachius.

479 5158 742 5231 Synopsis
789 5161 1006 5231 Logica
1051 5162 1381 5231 Aristotelis,
1422 5160 1564 5227 in-h,
1596 5162 1654 5217 in
1706 5162 2061 5218 bibliotheca

410 5249 775 5320 Augustana,
806 5248 865 5303 in
898 5250 1151 5305 armario
1184 5266 1347 5305 num.
1372 5250 1425 5304 5.
1452 5249 1630 5305 Index
1658 5252 2059 5322 Augustanus.

2152 1868 2424 1938 imperat.
2458 1866 2710 1921 Vienna.
2747 1865 3064 1921 Gesnerus.

2225 1958 2698 2027 lnterpretationes
2726 1955 3022 2010 dubiorum
3041 1953 3408 2015 naturalium,
3432 1949 3799 2006 bibliotheca

2154 2045 2421 2115 imperat.
2475 2044 2729 2111 Vienna,
2778 2043 2926 2109 in-é,
2977 2042 3289 2106 Gesnerus,
3323 2045 3379 2094 et
3430 2037 3605 2093 Israel
3652 2038 3803 2109 Spa-

2155 2132 2324 2187 chius
2358 2151 2370 2189 :
2404 2133 2616 2189 Salutio
2649 2133 2814 2187 unius
2861 2136 3028 2203 atque
3075 2130 3315 2185 alterius
3360 2128 3677 2199 quastionis
3710 2142 3807 2180 as-

2155 2224 2452 2292 trologicae,
2504 2221 2776 2278 hiblioth.
2825 2223 3189 2293 Augustana,
3238 2218 3386 2286 in-li,
3419 2217 3478 2271 in
3527 2216 3811 2283 armario,

2156 2312 2332 2367 index
2360 2314 2745 2383 Augustanus
2777 2328 2884 2366 ms.

2228 2403 2395 2457 LVII.
2448 2404 2605 2457 Inter
2661 2400 2844 2456 libros
2901 2417 3051 2472 quos
3108 2398 3476 2454 bibliotheca
3527 2394 3822 2467 Lugduno

2156 2492 2380 2546 Batava
2410 2490 2704 2561 Josephus
2733 2488 2989 2561 Scaliger
3020 2487 3253 2559 legavit,
3276 2488 3334 2541 in
3367 2486 3559 2541 indice
3590 2486 3825 2538 Graeco-

2157 2597 2287 2635 rum
2322 2578 2864 2650 manuscriptorum
2911 2576 3107 2633 in-l'ol.
3142 2576 3355 2648 legitur
3397 2590 3530 2629 cum
3568 2571 3826 2628 Heronis

2156 2668 2531 2741 geometrica,
2564 2666 2736 2723 Pselli
2772 2667 3039 2738 quadam
3072 2664 3444 2738 astrologica.
3472 2666 3550 2718 An
3582 2662 3820 2731 eadem,

2154 2758 2242 2813 vel
2275 2757 2512 2813 diversa
2561 2774 2693 2812 cum
2746 2755 3172 2828 superioribus,
3207 2772 3321 2810 non
3370 2768 3689 2824 possumus
3723 2751 3825 2805 di-

2153 2848 2375 2902 vinare.
2409 2849 2493 2901 An
2530 2846 2707 2901 etiam
2740 2845 2841 2899 illa
2878 2849 3040 2914 sunt,
3069 2861 3194 2915 qua
3242 2840 3351 2898 sub
3384 2843 3481 2897 illo
3515 2840 3712 2897 libello
3748 2841 3826 2895 de

2155 2942 2406 3008 quatuor
2437 2935 2700 2991 scientiis
2749 2934 3183 2990 mathematicis
3230 2929 3647 2989 continentur?
3698 2929 3825 2985 Sed

2154 3025 2454 3095 suspendo
2490 3023 2813 3094 judicium.

2226 3113 2512 3184 Expositio
2581 3113 2988 3168 mathematice:
3044 3112 3103 3167 in
3163 3112 3361 3169 Timeo
3421 3110 3692 3170 Platonis.
3760 3108 3829 3164 de

2164 3208 2372 3263 anima:
2400 3206 2773 3274 generatione,
2806 3206 2923 3259 sive
2952 3205 3211 3271 essentia,
3245 3202 3302 3257 in
3335 3200 3431 3257 to].
3465 3199 3832 3256 bibliotheca

2166 3298 2535 3367 Augustana,
2587 3295 2765 3349 Index
2821 3296 3064 3365 August.
3119 3310 3231 3349 ms.
3279 3294 3366 3347 An
3423 3291 3624 3347 eadem
3682 3305 3830 3345 cum

2164 3383 2567 3456 Psychogonia
2592 3383 2618 3437 ‘t

2237 3473 2353 3544 [39]
2388 3473 2531 3543 Opus
2563 3472 2803 3527 Graecum
2841 3487 2911 3526 ea:
2940 3471 3099 3526 libris
3149 3469 3596 3533 medicinalibus,
3628 3467 3835 3523 ordine

2165 3560 2472 3633 alphabeti,
2508 3562 2707 3616 Roma
2749 3560 2806 3614 in
2842 3560 3143 3615 Vaticana.
3176 3558 3490 3626 Gesnerus,
3524 3556 3834 3610 Paschalis

2167 3650 2390 3714 Gallus,
2420 3656 2477 3705 et
2502 3651 2763 3706 Joannes
2794 3649 3079 3721 Georgius
3108 3647 3471 3703 Schenckius
3512 3645 3574 3701 in
3609 3644 3832 3701 biblio-

2167 3740 2337 3796 theca
2367 3740 2612 3795 Medica.

2239 3830 2438 3897 Ecloga
2470 3829 2623 3884 utilis
2667 3844 2736 3883 ex
2784 3828 2925 3884 libro
2950 3827 3376 3883 Parallelorum.
3412 3825 3656 3880 Ibidem.
3690 3828 3835 3879 Ges-

2170 3935 2345 3975 nerus
2377 3922 2434 3973 et
2460 3917 2767 3990 Spachius.

2240 4009 2502 4063 Encomia
2531 4007 2765 4063 diversa.
2798 4006 3045 4073 Ibidem,
3078 4005 3389 4061 Gesnerus.

2240 4096 2512 4162 Monodia,
2541 4100 2753 4162 Roma,
2781 4094 2841 4149 in
2870 4094 3152 4150 Vaticana
3182 4094 3497 4150 Gesnerus.

2242 4187 2551 4257 Explicatio
2595 4186 2655 4240 in
2706 4184 2914 4239 librum
2963 4182 3323 4250 Dioscoridis,
3358 4182 3418 4236 in
3471 4179 3841 4237 bibliotheca

2170 4274 2455 4331 Manuelis
2512 4273 2823 4345 Eugenici,
2883 4278 2941 4328 et
2996 4272 3243 4328 Joannis
3298 4270 3475 4326 Suzii.
3535 4271 3841 4326 Antonius

2166 4364 2483 4420 Verderius
2522 4363 2582 4418 in
2630 4361 3074 4433 Supplemento,
3107 4366 3166 4418 et
3213 4360 3576 4415 Schenckius
3626 4360 3689 4415 in
3748 4360 3839 4414 bi-

2166 4453 2464 4509 bliotheca
2492 4452 2735 4508 Medica.

2234 4544 2582 4613 zEnigmata,
2615 4540 2673 4594 in
2719 4539 2991 4595 hiblioth.
3025 4537 3323 4603 Bavarica,
3357 4536 3482 4593 cod.
3514 4538 3605 4592 38.

2237 4631 2419 4686 LVIII.
2454 4630 2749 4685 Meursius
2802 4630 3174 4684 Historiarum
3224 4643 3357 4698 opus
3389 4626 3643 4682 Psellum
3680 4626 3837 4681 scri-

2165 4720 2349 4792 psisse
2400 4722 2690 4787 autumat,
2720 4716 2984 4789 illudque
3034 4715 3262 4772 laudari
3314 4732 3347 4771 a
3395 4714 3618 4769 Zonara
3646 4720 3693 4769 t.
3735 4715 3835 4770 Ill.

2167 4810 2227 4865 In
2263 4808 2482 4864 Isaacio
2513 4807 2833 4871 Comneno,
2865 4811 2922 4861 et
2952 4806 3012 4861 in
3056 4806 3321 4860 Romano
3374 4802 3645 4875 Diogene,
3684 4804 3838 4860 item

2166 4916 2200 4954 a
2229 4897 2533 4954 Theodoro
2566 4895 2885 4951 Metochita
2925 4897 3141 4951 Ilistor.
3171 4910 3344 4949 sacra:
3373 4891 3413 4947 l.
3450 4910 3512 4948 ιι.
3543 4892 3839 4959 Cedreno,

2166 4987 2394 5042 Joanne
2414 4985 2771 5056 Curopalata
2794 4984 2853 5039 in
2882 4984 3152 5040 Historia
3174 5000 3294 5039 sua
3325 4982 3516 5051 initio,
3545 4981 3846 5037 Michaele

2168 5074 2343 5148 Glyca
2373 5074 2431 5128 in
2463 5072 2791 5129 Annalibus
2825 5072 3002 5128 semel
3029 5076 3205 5145 atque
3236 5073 3468 5128 iterum.
3494 5073 3629 5125 Erat
3650 5070 3844 5126 etiam

2171 5163 2229 5218 in
2265 5163 2528 5235 catalogo
2571 5161 2829 5218 exhibito
2880 5178 2913 5215 a
2962 5160 3371 5233 grammatico,
3402 5158 3560 5231 apud
3596 5159 3850 5214 Antoni-

2174 5268 2314 5306 num
2349 5252 2690 5308 Verderium
2722 5250 2781 5305 in
2820 5249 3253 5322 supplemento.

1994 5393 2230 5450 NOTzE.

484 5492 559 5562 (α)
592 5491 670 5547 De
723 5492 1005 5547 Palatinis
1055 5490 1357 5547 codicibus
1409 5491 1867 5616 qpospontiﬁci
1920 5492 2062 5548 Gre-

493 5565 576 5616 rio
625 5564 718 5616 XV
767 5565 1008 5616 donavit
1051 5564 1372 5616 imnerator
1474 5562 1834 5616 erdmandus
1883 5565 1953 5616 II.
2003 5565 2062 5616 in

413 5565 576 5634 gorio
625 5564 718 5620 XV
767 5565 1008 5621 donavit
1051 5564 1372 5634 imperator
1404 5562 1834 5634 _Fe_rdin_andus
1883 5565 1953 5629 II,
2003 5565 2063 5619 in

411 5630 755 5691 Vaticanam
787 5635 930 5691 bibl.
962 5638 1026 5690 A.
1061 5630 1203 5690 1623
1238 5630 1560 5700 translatis,
1594 5631 1880 5706 gloriatur
1905 5633 2063 5692 Alla-

2173 5492 2296 5547 tius
2327 5492 2570 5563 passim,
2603 5493 2689 5547 uti
2740 5493 2809 5547 ad
2861 5488 3236 5563 Eustathium
3285 5486 3723 5563 Antiochenum
3778 5488 3841 5563 in

2218 5560 2342 5618 reet.
2369 5569 2426 5617 et
2456 5564 2515 5618 in
2541 5565 2700 5635 notis
2731 5582 2787 5635 ρ.
2823 5564 2945 5635 ibi,
2997 5567 3175 5633 atque
3204 5560 3845 5635 in_a_nimadvereioni-

2218 5651 2285 5693 us
2316 5634 2389 5691 ad
2420 5630 2815 5708 Antiquitates
2845 5630 3144 5702 Etruscas,
3176 5648 3234 5705 p.
3263 5630 3357 5689 58.
