4040 6196
272 364 415 425 513

1547 358 1923 424 ΒΙΑἸἮΙΒΑ
1964 360 2069 422 DE
2111 359 2455 422 PSELLIS.

3587 364 3705 421 514

370 498 721 554 Gaulmiuus
757 499 828 555 de
876 496 1049 555 Pselli
1100 498 1336 571 scriptis
1383 499 1507 553 haec
1557 497 1779 553 habet:
1815 494 1949 551 Alia
1978 496 2033 563 Α
2064 493 2477 566 unusquisque
2534 493 2705 549 debet
2739 510 2751 549 :
2783 494 2937 566 quod
3000 492 3050 547 si
3112 493 3420 564 nescirem,
3467 494 3525 551 in
3585 496 3710 552 sola

272 588 465 643 illius
494 591 553 643 in
592 590 745 660 regia
792 590 1008 660 pariter
1056 597 1107 644 et
1158 589 1427 644 Vaticana
1470 592 1693 643 exstare
1745 595 1955 642 certum

276 683 419 738 est;
478 681 540 732 ut
586 676 921 752 ψ’)χογονὶαν
966 679 1236 745 Platonis,
1301 675 1571 748 ἐπιτομὴν
1621 682 1720 744 τῆς
1782 674 1955 747 ἰατρι-

278 768 429 833 κῆς,
459 769 759 824 Comment.
794 770 856 821 in
886 767 1204 823 Aristotelis
1237 766 1587 838 Categorias,
1638 766 1951 837 Metaphys.

284 856 404 910 lib.
456 854 578 928 περί
632 855 944 927 ἑρμηνείας,
998 856 1298 927 Porphyrii
1345 858 1588 927 quinque
1618 870 1787 921 voces,
1828 869 1955 908 con-

284 956 394 999 tra
426 948 755 1000 Eunomium
812 946 1018 1000 librum
1071 962 1269 1014 unum,
1300 945 1365 1001 de
1396 945 1606 1015 legibus
1645 943 1796 1006 duos,
1834 961 1962 1014 μον-

2064 584 2420 655 optimorum
2453 583 2775 655 sriptorum
2804 582 3116 639 lectionem
3148 582 3547 638 coliocandam
3580 601 3712 641 esse

2064 672 2465 729 existimarem
2500 689 2513 727 ε
2547 678 2604 727 et
2635 674 2693 727 in
2730 672 2844 727 illis
2878 672 3299 727 conservandis
3360 678 3713 743 occupatum

2067 778 2365 818 summam
2398 763 2668 816 ducerem
2720 762 3080 817 felicitatem.
3120 762 3179 816 In
3214 761 3433 832 quibus
3479 778 3715 816 omnem

2068 853 2330 905 nostram
2390 848 2757 915 diligentiam
2826 848 3371 920 indulgeutiamque
3447 850 3717 904 consumi

2064 937 2570 1009 jucundissimum
2622 955 2687 993 ac
2758 938 3179 1008 dignissimum
3224 944 3316 993 est
3372 937 3517 993 Mihi
3576 955 3718 993 sane

287 1032 501 1105 ῳδίιν,
561 1033 803 1108 ἐγκώμια
858 1037 1090 1090 diversa.
1151 1035 1430 1105 Epistolas
1500 1036 1633 1089 item
1688 1034 1960 1102 elegantes
2067 1027 2267 1082 lumen
2319 1026 2481 1097 solis,
2542 1028 2687 1095 dies,
2747 1028 2981 1097 vitaque
3038 1028 3168 1099 ipsa
3197 1031 3369 1081 erunt
3404 1027 3635 1099 ingrata
3664 1033 3721 1084 et

285 1127 507 1181 laudat
540 1128 598 1181 in
624 1126 825 1197 adagio
858 1120 1067 1178 ἄκαπνα
1115 1122 1260 1178 Θύειν
1305 1124 1661 1180 Casaubonus
1692 1124 1753 1178 in
1796 1122 1961 1177 Athe-

286 1232 522 1269 navum.

378 1304 521 1359 LIX.
558 1304 723 1359 Plura
754 1304 930 1360 etiam
963 1308 1269 1360 enumerat
1309 1302 1598 1358 Antonius
1645 1300 1962 1356 Verderius

290 1394 361 1447 in
404 1394 825 1465 Supplemeuto
859 1393 1220 1449 bibliothecae
1240 1393 1721 1461 Gesnerianae,ex
1752 1390 1963 1445 biblio-

284 1484 506 1539 thecis
562 1482 1253 1555 Constantinopolitanis.
1285 1481 1431 1537 Nam
1484 1481 1635 1535 inter
1664 1478 1779 1534 alia
1808 1478 1959 1551 apud

287 1573 565 1627 Joanem
597 1573 834 1628 Suzium
865 1576 1052 1638 erant,
1084 1571 1385 1626 Michaelis
1426 1568 1599 1625 Pselli
1647 1567 1966 1638 Explicatio

287 1666 364 1715 in
403 1662 737 1729 psalterium
769 1661 1007 1716 Davidis.
1060 1665 1128 1716 In
1161 1659 1479 1731 Gregorium
1527 1658 1964 1714 Nazianzenum.

287 1755 365 1805 In
411 1750 671 1821 catalago
702 1768 735 1805 a
764 1750 1149 1822 grammatico
1199 1748 1479 1815 exhibito,
1512 1748 1835 1803 Medicinale
1864 1747 1969 1801 Mi-

288 1840 522 1895 chaelis
553 1839 738 1893 Pselli.
775 1839 937 1893 Liber
988 1839 1413 1909 philosOphicus.
1464 1839 1527 1892 In
1579 1837 1968 1908 philosOphica
2000 1866 2045 1932 Β

285 1930 643 1985 Aristotelis.
693 1930 1155 1984 Astronomicum.
1196 1928 1505 1998 Explicatio
1557 1928 1614 1981 in
1673 1928 1969 1997 mysticam

282 2018 741 2090 philosophiam.
772 2019 833 2073 In
862 2019 1101 2091 quinque
1150 2033 1306 2071 voces
1350 2016 1675 2087 Porphyrii.
1726 2017 1785 2070 In
1816 2018 1966 2086 topo-

286 2108 589 2178 graphica
616 2108 925 2172 Strabonis,
957 2116 1008 2163 et
1038 2107 1343 2163 Ptolemazi.
1386 2108 1448 2161 In
1481 2107 1856 2160 arithmetica.
1906 2104 1968 2158 In

293 2197 522 2251 Caleni
550 2196 970 2266 explicationem
1027 2198 1082 2250 in
1114 2201 1351 2265 quatuor
1404 2193 1576 2248 libros
1621 2194 1969 2249 resolutionis

292 2288 682 2357 Hippocratis.
732 2286 1035 2340 Menandri
1066 2283 1339 2339 Comoedia?
1395 2284 1570 2348 XXIII,
1631 2300 1662 2337 ο
1709 2282 1966 2337 Thesau-

295 2374 461 2429 ros!
520 2374 805 2443 explicatae
858 2390 896 2428 a
936 2373 1197 2428 Michaele
1255 2374 1451 2428 Psetto.
1505 2374 1566 2426 In
1618 2371 1971 2427 bibliotheca

297 2463 506 2533 Regis
584 2462 1058 2517 Chritianissimi.
1120 2467 1185 2517 In
1254 2461 1518 2516 Elenchos
1573 2462 1967 2532 sophistarum.

295 2552 546 2608 Scholia
578 2554 628 2605 in
661 2553 1025 2622 deﬁnitiones.
1062 2552 1133 2607 De
1159 2556 1311 2605 motu
1340 2552 1620 2620 temporis.
1654 2551 1730 2605 De
1765 2552 1971 2605 circulo

292 2642 464 2696 solis
492 2650 543 2695 et
576 2642 738 2697 tunae.
782 2641 853 2694 De
892 2643 1208 2694 inventione
1255 2639 1367 2693 diei
1417 2640 1713 2693 Paschalis.
1748 2643 1826 2694 De
1866 2656 1970 2693 an-

292 2731 469 2799 gelis
496 2732 545 2784 et
576 2728 932 2785 daemonibus.
978 2730 1049 2783 De
1078 2730 1236 2783 novis
1266 2728 1579 2783 morborum
1632 2728 1971 2798 appellatio-

292 2820 512 2873 nibus.
549 2823 623 2873 De
650 2821 791 2872 notis
819 2819 1139 2889 spirituum.
1177 2819 1247 2872 De
1288 2818 1557 2871 divisione
1606 2817 1969 2871 animalium.

293 2910 375 2964 In
414 2906 813 2960 Salutationem
868 2904 1206 2974 angelicam.
1244 2907 1305 2960 In
1338 2906 1576 2975 Physica
1619 2905 1924 2959 Aristotelis
1954 2922 1973 2958 :

298 2999 544 3068 praeter
572 2994 681 3048 alia
701 2993 1160 3065 multa,quorum
1194 3010 1376 3066 supra
1406 2992 1975 3048 meminimus.lnt‘ra

299 3099 567 3157 quoque
598 3082 879 3138 nonnulla
912 3082 1025 3137 alia
1075 3082 1532 3137 recensebimus.
1568 3081 1634 3135 Et
1662 3081 1719 3135 in
1768 3080 1972 3136 biblio-

304 3174 506 3227 theca
565 3172 802 3225 Ausonii
859 3172 1215 3243 Augustini,
1278 3170 1449 3225 Pselli
1522 3170 1971 3240 Apopthegmata,

306 3260 470 3316 cod.
536 3260 661 3313 227.
734 3260 1041 3330 Βεριὶεαίἰο
1128 3260 1513 3314 mathematica
1588 3259 1975 3328 speculationis

296 3356 373 3407 in
415 3351 675 3404 Platonis
697 3350 809 3420 [40]
833 3350 1110 3403 Timaeum.
1134 3349 1398 3403 Absoluta
1421 3350 1701 3402 enarratio
1732 3347 1797 3402 de
1826 3348 1979 3403 Lem-

298 3444 497 3495 male.
520 3440 823 3508 Explicatio
843 3438 907 3491 de
936 3438 1235 3492 Platonica
1255 3438 1608 3505 aurigatione
1637 3438 1976 3501 animorum,

296 3535 361 3586 et
399 3528 473 3583 dc
507 3529 709 3583 militia
736 3528 984 3593 deorum,
1029 3528 1088 3582 in
1119 3527 1436 3583 Pha'drum.
1488 3528 1801 3598 Explicatio
1851 3526 1982 3581 nodi

296 3617 602 3687 difﬁcilis,
626 3632 728 3688 quo
746 3625 903 3687 pacto
933 3632 1006 3671 ex
1034 3618 1278 3687 quinque
1305 3616 1589 3686 secuplum
1614 3624 1715 3681 est,
1746 3620 1802 3670 et
1841 3614 1982 3687 quod

302 3711 487 3761 circa
514 3707 748 3777 quinque
774 3705 985 3775 ﬁguras
1014 3705 1129 3759 alia
1160 3706 1341 3773 figura
1372 3721 1480 3759 non
1525 3708 1806 3760 statuatur
1850 3720 1981 3760 con-

300 3805 491 3852 tenta
519 3796 617 3849 snb
644 3795 1060 3865 aequitateribus
1089 3798 1139 3849 et
1168 3794 1510 3865 rectangulis
1539 3797 1686 3849 inter
1713 3809 1773 3849 se
1795 3808 1983 3866 acqua-

303 3886 507 3950 libus,
538 3886 658 3938 cod.
695 3885 816 3939 191.

400 3974 533 4027 LX.
593 3972 717 4027 llaec
771 3979 932 4039 sunt,
975 3972 1173 4040 lector,
1212 3972 1381 4028 Pselli
1415 3977 1820 4040 monumenta,
1853 3988 1980 4043 quae

310 4064 645 4125 hactenus,
705 4067 767 4115 ut
818 4061 962 4115 mihi
1006 4062 1256 4129 videtur,
1309 4061 1368 4115 in
1426 4060 1557 4116 istis
1608 4060 1982 4115 bibliothecis

315 4150 600 4223 reposita
626 4150 827 4216 latent,
859 4167 987 4219 quae
1015 4166 1128 4205 non
1163 4149 1357 4205 solum
1406 4150 1624 4215 videre,
1657 4150 1757 4205 sed
1807 4149 1985 4205 etiam

314 4256 528 4312 queas
560 4245 622 4294 ut
670 4240 751 4293 ita
800 4240 991 4295 dicam
1052 4255 1340 4309 usurpare
1376 4255 1388 4293 :
1424 4238 1744 4310 usurpabis
1801 4238 1982 4303 enim,

312 4333 489 4385 dum
541 4328 897 4397 conferendi,
954 4328 1402 4399 interpretandi,
1458 4328 1786 4399 edendique
1816 4327 1985 4398 scpia

314 4420 505 4485 data,
539 4416 660 4486 ipse
687 4422 913 4471 tantum
967 4417 1315 4488 scriptorem
1350 4416 1611 4470 studium
1646 4422 1705 4471 et
1753 4422 1985 4488 tempus

315 4508 627 4563 insumes.
661 4504 974 4577 Scriptioni
1013 4522 1150 4560 mea:
1184 4506 1356 4559 ﬁdem
1399 4504 1491 4559 hic
1522 4506 1820 4575 imponere
1855 4522 1981 4578 per-

2071 1132 2288 1182 amara,
2325 1115 2396 1180 si,
2421 1113 2771 1187 qumlsgam,
2799 1132 2913 1170 non
2953 1114 3235 1170 habeam:
3264 1116 3311 1171 si
3338 1126 3721 1173 monumenta

2072 1204 2534 1260 clarissimorum
2594 1204 2859 1258 vivorum
2908 1204 3266 1273 defecerint;
3318 1222 3435 1277 prae
3480 1204 3721 1261 illorum

2073 1310 2331 1365 namque
2356 1294 2660 1365 dignitate,
2684 1298 2739 1348 et
2762 1294 3067 1360 suavitate,
3100 1293 3338 1361 divitias,
3370 1293 3719 1365 voluptates,

2073 1389 2129 1439 et
2179 1383 2464 1455 quidquid
2524 1383 2677 1453 apud
2737 1382 3004 1438 homines
3063 1384 3121 1438 iu
3182 1383 3367 1455 pretio
3426 1388 3534 1451 est,
3594 1401 3718 1439 sor-

2075 1474 2177 1528 des
2209 1476 2349 1527 suut
2396 1476 2453 1525 et
2498 1487 2685 1542 uuga.
2742 1470 2857 1526 Hac
2916 1474 3111 1542 itaque
3167 1472 3316 1542 sitis,
3390 1472 3510 1527 sive
3561 1473 3724 1527 furor

2077 1560 2267 1632 (liceat
2297 1561 2569 1632 propensi
2602 1561 2671 1614 ad
2707 1560 2929 1615 litteras
2949 1560 3133 1615 animi
3156 1561 3560 1631 cupiditatem,
3594 1577 3721 1632 quas

2077 1650 2303 1705 nesciat
2333 1650 2594 1718 modum,
2630 1649 2708 1703 ita
2742 1649 3056 1720 appellare)
3106 1651 3248 1705 dum
3299 1650 3445 1704 mihi
3485 1650 3721 1705 assidue

2078 1755 2257 1793 novos
2290 1743 2558 1793 auctores
2593 1739 2983 1809 investigandi
3010 1739 3273 1793 studium
3296 1738 3533 1810 ingerit,
3566 1755 3721 1794 sem-

2078 1844 2182 1900 per
2214 1844 2429 1883 novum
2461 1828 2601 1898 quid
2654 1827 2887 1899 ingenio
2935 1828 3137 1898 objicit
3169 1844 3181 1881 :
3218 1829 3372 1899 quod
3408 1832 3720 1899 postquam

2079 1916 2278 1983 didici,
2329 1933 2513 1987 angor
2534 1921 2589 1971 et
2618 1915 2804 1981 doleo,
2832 1932 2922 1971 me
2952 1916 3074 1985 illo,
3109 1921 3272 1971 tanto
3304 1922 3562 1988 tempore
3597 1917 3719 1971 Iru-

2077 2010 2330 2060 stratum
2356 2005 2551 2059 fuisse.
2586 2006 2725 2058 llinc
2758 2004 2942 2076 magis
2971 2021 3036 2059 ac
3078 2004 3266 2076 magis
3290 2004 3559 2077 impellor
3583 2022 3721 2061 con-

2078 2093 2444 2149 citatioribus
2483 2092 2762 2147 stimulis.
2795 2092 2950 2147 Dabo
2990 2093 3170 2166 igitur
3202 2093 3330 2159 tibi,
3364 2094 3564 2161 lector,
3598 2093 3723 2149 sine

2078 2184 2201 2238 futo
2250 2188 2306 2237 et
2352 2181 2595 2237 fallaciis
2621 2199 2930 2236 numerum
2976 2182 3263 2237 librorum
3289 2183 3721 2254 manuscripto-

2080 2286 2209 2325 rum
2242 2268 2439 2336 Pselli,
2475 2269 2573 2339 qui
2599 2270 2724 2338 jam
2757 2268 2939 2324 latent
2970 2270 3028 2324 in
3062 2269 3453 2341 bibliothecis,
3506 2288 3611 2327 nec
3636 2271 3724 2326 lu-

2079 2375 2204 2415 cem
2237 2358 2524 2427 videruut,
2557 2363 2613 2412 et
2638 2374 2840 2412 eorum
2866 2358 3041 2413 simul
3075 2360 3384 2431 principia,
3419 2365 3483 2415 ut
3527 2378 3723 2415 rerum

2080 2449 2287 2503 harum
2318 2448 2424 2502 tibi
2456 2447 2727 2502 notitiam
2762 2448 2973 2503 habeas
3002 2448 3429 2505 dilucidiorem.
3452 2450 3535 2505 Ad
3570 2450 3723 2505 Rho-

2081 2538 2223 2592 dum
2255 2537 2445 2608 ipsam
2476 2540 2532 2591 et
2562 2535 2801 2592 saltum.

2155 2635 2282 2690 LXI.
2318 2635 2439 2689 Visi
2473 2636 2674 2706 igitur,
2708 2641 2810 2689 aut
2839 2634 2972 2690 lecti
3004 2635 3174 2691 Pselli
3205 2653 3237 2691 a
3262 2651 3353 2691 me
3382 2636 3517 2692 libri
3548 2641 3725 2693 sunt:

2083 2722 2278 2798 Στίχοι
2356 2720 2655 2791 πολιτικόῖ,
2712 2722 2835 2797 περὶ
2910 2728 3295 2798 γραμματικῆς
3369 2726 3503 2799 πρὸς
3575 2724 3727 2797 κύριν

2084 2816 2475 2866 Κωνσταντῖνον
2536 2812 2628 2865 τὸν
2684 2813 3042 2888 Μονομάχον.
3106 2819 3179 2869 De
3240 2817 3609 2885 grammatica
3663 2814 3733 2869 ad

2082 2905 2498 2961 Constantinum
2555 2903 2997 2970 Monomachum,
3059 2905 3312 2959 carmina
3376 2905 3617 2975 politica.
3670 2905 3731 2959 P.

2084 2991 2316 3049 Μελὲτω
2349 3011 2432 3044 σοι
2464 2997 2875 3065 γραμματικῆς,
2908 2990 2996 3045 καὶ
3027 2998 3126 3061 τῆς
3159 2990 3546 3070 ὀρθογραφίας.

2151 3082 2269 3153 [41]
2302 3079 2443 3153 Πρὸς
2488 3080 2579 3133 τὸν
2632 3078 2813 3151 αὐτὸν,
2840 3081 2963 3153 περὶ
3013 3080 3422 3156 Ἀντιστοίχων.
3464 3084 3541 3137 Ad
3579 3099 3733 3138 eum-

2086 3171 2231 3239 dem,
2287 3171 2353 3225 de
2408 3170 2785 3226 ΑηίἰδιαῖοΙιίδ.
2842 3170 2900 3225 Ρ.
2953 3169 3182 3245 ἄγγαρος
3234 3170 3339 3245 γὰρ
3398 3171 3426 3224 ὁ
3483 3168 3734 3245 ἄγγελος,

2088 3258 2289 3333 ἀγῆλαι
2320 3258 2382 3313 τὸ
2411 3258 2688 3330 σεμνύναι.
2722 3259 2852 3315 Haec
2884 3260 2999 3315 duo
3030 3278 3063 3315 a
3106 3259 3398 3331 plerisque
3444 3261 3503 3314 in
3552 3276 3735 3315 unum

2088 3350 2266 3404 veluti
2298 3366 2509 3420 corpus
2560 3349 2766 3419 digeri,
2800 3352 2857 3403 et
2886 3349 2995 3403 sub
3036 3351 3451 3418 grammatices
3503 3350 3738 3405 nomine

2089 3438 2339 3503 laudari,
2376 3437 2537 3502 novi;
2590 3437 2771 3491 codex
2823 3442 3017 3492 tamen
3051 3436 3463 3492 Vallicellanus
3514 3437 3574 3493 in
3624 3436 3740 3492 duo

2090 3526 2317 3592 dividit,
2343 3524 2599 3581 secundo
2624 3524 2904 3596 primum,
2929 3524 3062 3581 aliis
3084 3525 3261 3580 etiam
3285 3524 3534 3581 aliorum
3567 3527 3743 3581 inter-

2087 3616 2278 3686 jectis,
2312 3614 2500 3685 primo
2533 3614 2859 3668 secundum
2901 3615 3167 3669 tribuens
3215 3614 3440 3681 locum;
3474 3620 3529 3670 et
3562 3631 3741 3685 argu-

2092 3709 2353 3759 mentum
2404 3702 2713 3774 utriusque
2745 3703 3035 3758 diversam
3067 3703 3243 3758 etiam
3294 3703 3481 3775 poscit
3524 3708 3736 3759 tracta-

2091 3793 2335 3848 tionem.
2369 3796 2481 3846 Nec
2512 3792 2571 3846 in
2624 3809 2805 3846 unum
2842 3792 3236 3865 grammaticis
3268 3792 3502 3864 regulas,
3530 3798 3587 3848 et
3617 3793 3739 3847 dic-

2091 3882 2319 3937 tionum
2352 3880 2769 3952 expositiones,
2803 3880 2915 3935 nisi
2948 3881 3272 3935 confundas
3303 3881 3522 3948 omnia,
3550 3880 3742 3937 coale-

2094 3975 2286 4026 scunt.
2324 3970 2585 4025 Meminit
2630 3969 3015 4025 Casaubonus
3061 3970 3120 4024 in
3154 3969 3494 4026 Athenaeum
3547 3970 3648 4025 lib.
3681 3988 3745 4036 ιι,

2092 4076 2142 4113 c.
2173 4060 2263 4113 ‘36.
2298 4057 2517 4113 Psellus
2563 4062 2620 4113 in
2670 4060 2914 4113 versibus
2941 4059 3204 4130 politicis,
3235 4060 3431 4131 quibus
3470 4060 3748 4116 obscurio-

2092 4164 2177 4203 res
2208 4163 2358 4203 voces
2398 4149 2673 4218 exposuit.
2704 4153 3016 4202 Auctorem
3050 4146 3259 4203 horum
3312 4164 3439 4203 esse
3486 4148 3746 4204 Psellum

2093 4236 2439 4292 Michaelem
2510 4235 2711 4291 nullus
2778 4237 3004 4292 dubito.
3067 4237 3354 4291 Meursius
3409 4238 3485 4307 (b)
3547 4242 3746 4293 tamen

2092 4328 2402 4391 Joannem,
2435 4325 2529 4380 cui
2561 4325 2631 4380 de
2676 4324 2997 4381 virtutibus
3046 4342 3112 4381 ac
3160 4325 3317 4381 vitiis
3368 4325 3595 4382 iambos
3640 4327 3748 4381 tri-

2095 4415 2242 4484 buit,
2294 4414 2502 4470 horum
2560 4418 2858 4469 auctorem
2918 4414 3209 4482 insinuat;
3261 4432 3393 4470 cum
3454 4415 3751 4472 existimet

2094 4505 2378 4560 Joannem
2427 4520 2555 4559 esse
2595 4520 2769 4574 quem
2823 4503 2880 4557 in
2932 4503 3208 4576 ἡγήτορες
3266 4504 3470 4559 laudat
3516 4505 3747 4572 Suidas,

319 4600 743 4667 Opportunum
799 4594 1145 4661 videbatur;
1208 4593 1388 4649 habes
1447 4594 1622 4661 enim,
1684 4594 1741 4647 ni
1803 4594 1972 4650 fallor

2104 4593 2255 4667 Λέγει
2288 4589 2344 4646 δὲ
2376 4590 2465 4646 καὶ
2500 4592 2526 4645 ὁ
2560 4589 2801 4657 Ψελλὸς,
2854 4590 3122 4664 ἡγητοοῖα
3174 4588 3380 4665 πέφυκε
3428 4596 3534 4645 τῶν
3575 4590 3750 4647 σύκων

325 4688 610 4739 exactam
626 4683 799 4737 Pselli
833 4683 1187 4752 scriptorum
1219 4682 1748 4749 enumerationem;
1775 4688 1990 4752 tamen,

2100 4683 2135 4749 ἡ
2170 4678 2411 4750 mlier}.
2447 4682 2731 4736 Eumdem
2782 4680 3043 4736 Psellum
3094 4681 3310 4753 saepius
3342 4699 3375 4737 a
3403 4683 3583 4737 Suida
3622 4681 3748 4737 lau-

333 4789 413 4828 ne
471 4770 893 4841 rempublicam
939 4770 1286 4825 litterariam
1343 4770 1611 4825 fraudare
1669 4771 1887 4839 videar,
1923 4772 1979 4827 de

2101 4771 2306 4825 datum
2366 4770 2582 4837 inveni,
2642 4770 2699 4823 in
2761 4768 3011 4844 Δὲρτρον.
3074 4768 3325 4844 Δὲρτρον,
3386 4773 3479 4823 τοῦ
3538 4768 3753 4844 ὲντὲρου

332 4878 464 4931 qua
499 4860 640 4913 bene
674 4860 878 4914 mereri
912 4876 1147 4930 semper
1176 4858 1464 4914 sollicitus
1496 4875 1728 4925 sum,cn
1756 4862 1991 4915 tertium

334 4950 438 5004 hic
468 4948 753 5003 ascribam
778 4948 1108 5018 catalogum
1130 4947 1409 5002 librorum
1442 4948 1631 5013 Pselli,
1654 4965 1824 5019 quos,
1851 4950 1993 5004 dum

336 5054 583 5108 semper
603 5036 824 5108 aliquid
856 5036 985 5091 novi
1018 5034 1226 5091 avidus
1248 5040 1437 5107 capto,
1466 5036 1606 5090 mihi
1634 5036 1844 5106 legisse
1862 5053 1994 5092 con-

336 5126 504 5198 tigit.
570 5126 781 5181 Mirum
827 5126 983 5180 enim
1016 5129 1125 5195 est,
1187 5124 1515 5178 utanimus
1573 5125 1643 5178 ad
1679 5140 1768 5179 res
1820 5142 1997 5181 novas

338 5230 585 5284 semper
614 5213 848 5285 gestiat,
909 5212 1092 5267 nullis
1142 5211 1467 5277 laboribus,
1502 5211 1682 5268 nullis
1723 5230 1995 5268 succum-

340 5305 498 5359 bens
563 5301 805 5374 vigiliis.
838 5302 967 5355 Scio
1029 5299 1203 5356 aliam
1261 5299 1604 5355 hominibus
1662 5301 1998 5357 beatitatem

335 5394 637 5465 paratam,
698 5391 769 5445 ad
830 5406 1011 5462 quam
1065 5388 1207 5445 totis
1262 5388 1571 5445 conatibus
1649 5390 2000 5447 contendere

2100 4858 2162 4911 τὸ
2196 4856 2390 4911 λεπτὸν
2440 4856 2583 4931 λέγει
2635 4858 2662 4910 ὁ
2703 4857 3088 4932 Ἱπποκράτης.
3141 4858 3285 4928 Φησὶ
3316 4857 3404 4912 καὶ
3447 4860 3473 4912 ὁ
3508 4856 3756 4929 Ψελλὸς,

2100 4950 2197 5000 τοῦ
2248 4943 2304 4999 δὲ
2354 4944 2565 5021 ὲντὲρου
2614 4946 2675 5000 τὸ
2731 4944 2924 5000 λεπτὸν
2977 4948 3335 5020 κατονομάζει
3396 4945 3638 5023 δέρτρον.
3691 4951 3760 5005 Et

2104 5034 2352 5107 Γηώρας,
2386 5035 2608 5109 Ιήώρας
2659 5036 2687 5089 ὁ
2742 5034 3057 5110 ἀλλότριος,
3109 5040 3206 5091 τοῦ
3234 5035 3483 5105 ιῐπιλλοῦ,
3530 5037 3757 5109 Γηώρας

2106 5124 2133 5177 ὁ
2172 5122 2489 5197 ἀλλότριος,
2524 5124 2613 5177 καὶ
2646 5120 2845 5197 γὲρδης
2879 5125 2906 5178 ὁ
2941 5124 3198 5201 ὑφάντης.
3227 5129 3359 5193 Qua:
3406 5144 3535 5183 cum
3571 5129 3627 5183 in
3664 5128 3758 5183 his

2107 5214 2178 5268 de
2210 5213 2616 5284 grammatica,
2643 5220 2699 5268 et
2719 5214 3086 5271 antistmchis
3117 5217 3407 5288 legantur,
3434 5233 3546 5272 non
3575 5217 3756 5273 alium

2108 5302 2337 5367 horum,
2368 5319 2545 5373 quam
2593 5302 2877 5359 Joannem
2930 5310 3231 5361 auctorem
3268 5306 3557 5363 Meursius
3588 5307 3760 5364 nobis

2113 5391 2383 5447 iutrudit.

1946 5543 2178 5601 ΝΟΤᾸΞ.

409 5678 497 5754 (b)
529 5676 828 5737 Meursius
858 5678 930 5735 ad
963 5677 1218 5737 Psellum
1248 5677 1307 5735 in
1339 5678 1644 5737 Canticum
1676 5678 1979 5751 canticor.,
2010 5695 2069 5753 p.
2104 5680 2227 5737 177.
