4040 6196
385 330 507 390 515

1768 325 2052 389 LEONIS
2095 327 2408 389 ALLATII

3666 324 3790 384 516

457 460 525 519 Τί
572 460 684 516 ἐστὶ
740 457 1223 538 Βαόουτζικάριος.
1266 462 1406 532 Quid
1460 461 1533 517 sit
1588 461 2027 517 Babulzicarius.

2142 459 2485 516 ostendendi
2533 458 2756 531 ingenii
2812 475 3010 525 causa,
3057 461 3114 514 et
3143 456 3490 529 eloquentiae
3521 455 3791 526 divitias,

383 551 444 607 Ρ.
478 551 538 607 Ὁ
571 551 754 623 μέντοι
784 544 1243 625 Βαϐουτζικάριος
1274 550 1347 620 ἐξ.

456 640 584 714 Περὶ
617 645 718 708 τῆς
751 638 1004 710 Γιλλοῦς,
1035 642 1105 696 de
1147 640 1298 696 Gillo
1332 640 1391 694 P.
1426 643 1483 693 Ἠ
1534 634 1591 693 δὶ
1640 635 1824 693 Γιλλὼ
1868 641 2030 692 τοῦτο

386 725 453 798 δὴ
483 728 546 783 τὸ
577 729 832 803 ἀρχαῖον.
868 728 990 785 Καί.

457 817 625 872 Πόθεν
656 818 717 871 τὸ
759 817 855 871 τοῦ
896 823 1101 889 Κερατᾶ
1150 813 1345 889 ὄνομα.
1382 818 1530 875 Unde
1575 834 1770 873 nomen
1804 817 2034 874 Cornuti

387 911 657 980 originem
726 908 1005 964 habuerit.
1066 908 1126 963 P.
1184 906 1469 981 Τέτριπται
1528 905 1578 960 ἓν
1633 905 1884 976 συνηθείᾳ
1934 910 2031 961 τοῦ

391 996 512 1071 βίου
540 996 602 1049 τὸ
633 999 727 1048 τοῦ
754 1000 961 1069 Κερατᾶ
990 991 1184 1067 ὄνομα.

458 1083 524 1141 Τί
575 1084 828 1155 σημαίνει
876 1085 937 1138 τὸ
988 1082 1259 1159 Καίσαρος
1307 1080 1500 1156 ὄνομα.
1535 1085 1681 1150 Quid
1734 1085 1847 1140 sibi
1898 1084 2034 1140 velit

386 1174 630 1229 Caesaris
662 1190 897 1229 nomen.
933 1175 993 1229 P.
1024 1173 1094 1227 Τὸ
1123 1177 1220 1227 τοῦ
1253 1173 1516 1246 Καίσαρος
1550 1169 1745 1245 ὄνομα.

458 1261 553 1323 Εἷς
600 1261 683 1329 τὸ,
716 1258 769 1315 εἷ’
813 1283 864 1316 τι
916 1258 1161 1336 ἔφθασεν.
1206 1266 1265 1319 In
1314 1264 1476 1332 illud,
1507 1266 1556 1319 si
1606 1263 1736 1334 quid
1791 1263 2029 1318 advenit.

382 1355 447 1408 P.
481 1349 712 1427 Ἕφθασὲ
741 1371 824 1413 τις
859 1350 1048 1425 εἷπὼν,
1083 1349 1165 1406 ὅτι
1198 1348 1445 1428 ἔφθασεν.

457 1440 744 1516 Ἐξήγησις
806 1439 882 1502 εἷς
938 1440 1021 1513 τὸ,
1087 1441 1247 1517 Λίγξε
1310 1440 1450 1516 βιὸς,
1509 1441 1672 1516 νευρή
1728 1437 1784 1495 Si
1838 1440 2032 1515 μεγάλ’

376 1526 558 1602 ἴαχεν.
609 1532 673 1586 In
722 1531 887 1596 illud,
928 1530 1127 1586 Stridit
1174 1548 1357 1597 arcus,
1401 1548 1598 1587 nervus
1644 1539 1832 1587 autem
1876 1531 2035 1586 valde

381 1621 589 1674 sonuit.
642 1619 877 1675 Homeri
930 1620 1093 1676 Iliad.
1143 1617 1210 1686 δ’,
1254 1638 1305 1675 ν.
1342 1622 1463 1676 125.
1498 1621 1555 1676 P.
1589 1620 1743 1675 Ἐστι
1779 1618 1872 1692 μὲν
1918 1616 2032 1673 οὐδ’

382 1706 513 1782 ὅπερ
546 1707 779 1782 εἷρήκειν
814 1707 968 1772 εὐθὺς
1001 1707 1312 1783 ἐρωτηθείς.

2139 557 2197 605 et
2225 551 2366 619 vim,
2397 567 2524 621 quas
2559 565 2650 605 res
2689 554 2865 621 auget
2916 549 3231 610 laudando,
3284 547 3792 619 vituperandoque

2141 656 2349 694 rursus
2381 639 2628 711 afﬂigit:
2653 643 2709 695 et
2756 638 2911 710 quod
2937 636 3317 708 spectabilius
3336 640 3445 704 est,
3477 652 3652 708 parva
3688 652 3792 706 pro

2141 728 2375 800 magnis
2404 728 2709 799 approbat,
2754 728 3014 797 itemque
3047 742 3262 798 magna
3290 729 3583 791 attenuat,
3615 730 3674 779 et
3717 725 3790 778 ad

2142 816 2389 872 minima
2418 818 2674 872 deducit.
2731 815 2916 871 Licuit
2974 832 3227 886 semper,
3293 819 3350 869 et
3404 814 3691 885 antiquis,
3736 820 3796 867 et

2141 907 2473 962 subsecutis
2530 906 2804 976 deinceps
2874 906 3241 976 temporibus
3299 902 3792 974 eloquentissimo

2142 997 2373 1068 cuique,
2401 1002 2458 1052 et
2490 1012 2646 1052 nunc
2677 995 2833 1050 licet.
2858 996 3216 1066 Argumenta
3246 993 3487 1058 similia,
3537 992 3793 1046 infames

2143 1091 2442 1160 materias,
2480 1089 2561 1145 vel
2591 1088 2984 1162 inopinabiles
3015 1085 3792 1158 nuncupabant.Flagitiosa

2142 1180 2434 1251 siquidem
2490 1179 2539 1234 si
2587 1177 3096 1244 commendarent,
3156 1174 3287 1245 ἄοξα
3334 1172 3421 1227 καὶ
3456 1170 3678 1226 ἄτοπα·
3731 1172 3785 1227 si

2142 1274 2347 1340 praeter
2378 1268 2685 1323 hominum
2718 1266 3077 1336 opinionem,
3108 1258 3386 1337 παράδοξα
3416 1262 3654 1334 aggredi
3690 1262 3783 1316 di-

2142 1359 2444 1413 cebantur.
2476 1357 2774 1411 Ranarum
2810 1370 3063 1426 pugnam
3100 1354 3423 1420 Homerus;
3462 1368 3667 1407 unuse
3700 1368 3791 1406 sa-

2142 1446 2439 1518 pientibus
2489 1445 2719 1501 Graeciaa
2769 1443 3025 1500 Pittacus
3076 1441 3292 1498 molam
3344 1440 3652 1496 laudavit:
3690 1439 3792 1503 Dio

2141 1542 2448 1591 Prusszeus
2479 1535 2775 1590 exornavit
2814 1533 3161 1604 psittacum,
3207 1530 3536 1602 Polycrates
3564 1546 3792 1595 mures,

2141 1624 2463 1681 teredinem
2493 1622 2842 1687 Clitarchus,
2877 1638 3144 1677 muscam
3179 1620 3493 1682 Lucianus.
3549 1618 3789 1673 Themi-

2140 1730 2247 1768 son
2307 1711 2729 1784 plantaginem,
2782 1711 2997 1766 Marcio
3064 1709 3410 1778 raphanum,
3465 1706 3791 1763 Erasistra-

453 1796 548 1859 Εἷς
578 1797 676 1865 τὴν
710 1796 762 1851 ὲν
797 1797 1136 1869 Νικομηδείᾳ
1185 1797 1489 1872 λεγομὲνην
1539 1798 1733 1868 ἀκοήν.
1770 1803 1833 1854 In
1867 1801 2027 1854 intel-

2141 1807 2237 1857 tus
2272 1801 2704 1874 lysimachiam,
2736 1800 3137 1871 Phythagoras
3169 1796 3401 1862 bulbos,
3435 1795 3662 1851 Diocles
3695 1813 3788 1851 ra-

383 1888 671 1943 lectlonem
699 1889 780 1943 sic
807 1888 1033 1955 dictum,
1064 1904 1190 1960 quae
1222 1889 1556 1945 Nicomedia
1583 1897 1683 1944 est.
1720 1893 1776 1944 Ρ.
1810 1888 2027 1960 Θαυμά-

386 1979 562 2042 ζουσιν
598 1974 649 2028 οἱ
680 1971 884 2029 πολλοὶ
916 1974 966 2027 ἐν
1002 1972 1345 2047 Νιιιομηδείᾳ
1375 1977 1591 2049 ἠχεῖον.

450 2063 549 2126 Τίς
597 2065 631 2132 ἡ
685 2059 951 2138 διάκρισις
1003 2067 1110 2117 τῶν
1159 2063 1624 2139 συγγραμμάτων,
1675 2064 1749 2116 ὧν
1803 2066 1882 2133 τῷ
1934 2062 2027 2135 μὲν

381 2153 416 2222 ἡ
450 2150 774 2223 Χαρίκλεια,
824 2157 903 2224 τῷ
951 2149 1008 2206 δὲ
1046 2154 1081 2221 ἡ
1132 2153 1416 2223 Λευκίππη
1478 2151 1730 2216 ὑπόθεσις
1774 2152 2031 2221 καθεστή-

381 2262 560 2297 κατον.
595 2245 853 2312 Quanam
894 2246 967 2298 sit
1015 2244 1375 2315 scriptionum
1421 2242 1760 2315 diﬂerentia,
1794 2259 2031 2314 quarum

381 2333 552 2388 alteri
593 2333 899 2400 Chariclea,
955 2334 1122 2388 atteri
1170 2334 1441 2404 Lencz’ppe
1490 2337 1824 2405 argumento
1879 2340 2030 2387 sunt.

384 2426 441 2477 P.
477 2418 734 2481 Πολλοὺς
763 2418 881 2475 οἶδα
908 2420 997 2475 καὶ
1027 2426 1133 2475 τῶν
1170 2418 1320 2496 ἄγανο

456 2510 617 2566 LXII.
654 2508 781 2583 Περί
812 2507 1128 2585 παραδόξων
1162 2510 1542 2582 ἀκουσμάτων.
1577 2513 1653 2566 De
1680 2512 2031 2567 mirabilibus

382 2601 780 2656 auditionibus.
841 2600 972 2672 [42]
1030 2604 1089 2655 Ρ.
1140 2596 1291 2669 Μηδὲ
1342 2603 1538 2653 καινῶν
1594 2598 2027 2672 ἀναγνωσμάτων

385 2684 520 2756 εἶής.
562 2686 848 2742 Libellum
880 2688 1323 2743 Schediasmate
1353 2688 1424 2759 (ε)
1457 2687 1903 2744 illustravimus.

456 2776 762 2851 Ἐγκώμιον
814 2774 888 2837 εἷς
936 2775 1065 2837 τοὺς
1113 2774 1351 2851 κόρῥεις.
1380 2779 1527 2831 Laus
1570 2778 1826 2833 cimicum
1873 2778 1931 2834 Ρ.
1965 2777 2031 2834 Οἱ

385 2863 442 2920 δὲ
471 2861 678 2919 πολλοὶ
706 2864 833 2926 τοὺς
867 2863 1096 2939 Κὸῥρεις
1129 2864 1462 2933 κακίζουσιν.

452 2956 757 3027 Ἐγκώμιον
789 2952 863 3015 εἷς
901 2954 998 3021 τήν
1047 2958 1259 3030 φθεῖρα.
1293 2956 1439 3010 Laus
1485 2954 1741 3026 pediculi.
1779 2955 1839 3010 Ρ.
1877 2952 2031 3009 Ἀλλ’

386 3043 414 3097 ὁ
446 3043 597 3121 φθεὶρ
628 3040 758 3105 ἴσως
784 3046 853 3115 τῇ
884 3041 1091 3116 ψύλλῃ.
1532 3076 1541 3084 -

455 3131 761 3207 Ἑγκώμιον
812 3130 890 3195 εἷς
933 3132 1031 3200 τήν
1080 3129 1293 3203 ψύλλαν
1344 3134 1485 3188 Laus
1529 3132 1756 3204 pulicis.
1803 3134 1861 3188 P.
1924 3132 2030 3188 Τὸν

2141 1907 2297 1963 pam,
2357 1890 2609 1944 Phanias
2666 1889 2937 1955 urticam,
2969 1892 3105 1942 Cato
3156 1886 3505 1954 brassicam,
3537 1890 3790 1940 mortem

2137 1979 2504 2045 Alcidamas,
2562 1978 2984 2048 Aristophanes
3044 1979 3491 2048 paupertatem,
3562 1974 3789 2028 febrem

2138 2074 2490 2140 quartanam
2548 2068 2935 2130 Phavorinus,
2996 2065 3280 2137 Synesius
3338 2063 3788 2134 cavitium,[&3]

2140 2159 2238 2213 alii
2270 2157 2475 2226 salem,
2506 2157 2661 2229 quod
2705 2156 2853 2211 ridet
2877 2155 3037 2210 Plato
3073 2156 3129 2209 in
3161 2154 3455 2220 Convivia,
3480 2152 3577 2207 alii
3612 2152 3797 2207 vomi-

2140 2256 2288 2313 tum,
2321 2246 2490 2312 ollas,
2551 2247 2793 2313 insecta,
2824 2249 2881 2299 et
2938 2261 3063 2315 quae
3116 2249 3258 2298 sunt
3305 2242 3483 2313 hujus
3534 2241 3797 2313 generis,

2141 2354 2267 2408 qua
2300 2335 2649 2391 Plutarchus
2678 2339 2736 2390 et
2768 2335 3077 2401 Isocrates,
3122 2338 3179 2387 et
3209 2336 3409 2388 nostra
3443 2336 3794 2402 tempestate

2140 2425 2236 2481 alii
2262 2424 2572 2497 magnifica
2601 2440 2669 2479 ac
2697 2423 2916 2478 diserta
2945 2422 3207 2478 oratione
3255 2420 3531 2476 laudibus
3583 2436 3793 2491 prose-

2139 2515 2257 2569 cuti
2291 2518 2466 2581 sunt;
2529 2513 2622 2567 hic
2675 2512 2918 2584 quidam
2969 2527 3167 2579 ovum,
3197 2509 3294 2565 ille
3345 2510 3603 2575 asinum,
3638 2508 3796 2564 alius

2140 2604 2509 2670 ebrietatem,
2539 2602 2692 2657 alius
2721 2600 3059 2666 stultitiam,
3113 2598 3265 2654 alius
3298 2599 3699 2663 mendacium,
3733 2604 3794 2652 et

2141 2692 2281 2763 quid
2330 2692 2489 2748 non?
2528 2708 2654 2762 quae
2713 2691 2772 2745 in
2835 2705 3017 2744 unum
3075 2688 3348 2744 volumen
3406 2687 3517 2742 sub
3578 2687 3794 2742 theatri

2136 2779 2463 2836 .loco-Serii
2488 2779 2723 2833 nomine
2746 2776 3042 2849 congessit
3071 2777 3296 2847 Gaspar
3326 2776 3651 2840 Dornanus,
3708 2776 3791 2845 (ά)

2142 2876 2198 2924 et
2227 2867 2545 2941 publicavit
2597 2883 2711 2924 non
2753 2867 2879 2922 sine
2909 2865 3262 2939 Appendice.
3296 2870 3362 2919 Et
3409 2865 3565 2936 quod
3596 2865 3790 2933 magis

2142 2959 2375 3023 mirere,
2410 2957 2848 3027 Wittembergm
2878 2956 3067 3010 Bruno
3099 2954 3338 3026 quidam
3370 2953 3632 3008 Nolanus
3672 2954 3795 3007 im-

2144 3049 2234 3119 pie
2286 3045 2640 3118 praeconium
2691 3043 2909 3099 diaboli
2958 3043 3235 3099 recitasse
3278 3043 3518 3112 dicitur;
3569 3047 3627 3097 et
3656 3042 3797 3112 qui-

2141 3138 2276 3191 dam
2312 3136 2488 3203 alius,
2539 3149 2711 3204 quem
2760 3133 3066 3189 nominare
3116 3132 3514 3202 praetermitto,
3565 3130 3797 3186 lictoris

384 3219 630 3274 Ku'wmmi
714 3241 871 3296 φασιν
954 3220 1027 3281 ὡς
1093 3217 1410 3296 Ἐλέφαντα,
1477 3221 1564 3275 καὶ
1630 3218 1724 3275 ’ίνα
1786 3242 1847 3295 γε
1910 3221 2027 3275 καθ’

2144 3224 2357 3296 publici
2391 3241 2404 3279 :
2439 3201 2640 3279 verum
2674 3240 2776 3294 pro
2808 3227 2976 3277 tanto
3007 3222 3065 3275 in
3112 3201 3458 3276 Acherontis
3486 3220 3797 3275 ministros

382 3307 529 3365 ὁδόν.
565 3310 753 3382 Hujus
799 3309 1068 3366 meminit
1112 3310 1370 3365 Joannes
1415 3311 1652 3367 Tzetzes
1698 3311 1927 3366 chitz'ad.
1960 3312 2028 3380 ll,

380 3403 583 3457 Histor.
618 3400 740 3456 185.

473 3503 704 3580 Μιχαὴλ
741 3504 893 3580 μὶνρ
928 3502 1147 3580 Ψελλὸς
1177 3501 1391 3580 ψᾷλλας
1422 3503 1769 3580 ἐγκωμιάζει.

383 3575 711 3651 Ἥμῶἷπρὸ
745 3575 959 3651 χρόνων
993 3575 1474 3649 ἑκατὸνάκμάζων
1507 3575 1670 3648 ἐντῷ
1704 3577 1827 3651 βίῳ.

522 3667 755 3721 Michael
780 3667 1002 3736 quidem
1033 3666 1248 3722 Psellus
1277 3667 1492 3733 pulice:
1521 3667 1731 3735 laudat,

523 3738 695 3792 Annis
722 3743 851 3792 ante
879 3753 975 3792 nos
1002 3742 1221 3792 centum
1247 3738 1449 3806 ﬂorens
1480 3754 1538 3791 ιη
1568 3740 1694 3792 vita.

450 3842 598 3916 Ηρὸς
626 3841 717 3896 τὸν
753 3842 1001 3913 μαθητὴν
1048 3842 1213 3895 αὑτοῦ
1259 3839 1509 3916 Σὲργιον,
1545 3841 1766 3897 εἰπόντα
1817 3844 2030 3915 μήποτε

384 3928 656 4006 δηχθῆναι
708 3930 810 3984 ὑπὸ
849 3927 1088 4003 imm.
1140 3933 1200 3987 In
1242 3930 1579 4003 discipulum
1624 3935 1903 4003 Sergium,
1934 3936 2032 4004 pui

376 4020 616 4086 dixerat,
656 4036 951 4091 nunquam
999 4036 1058 4075 se
1104 4036 1347 4075 morsum
1400 4037 1434 4075 a
1474 4022 1681 4092 pulice.
1718 4022 1777 4077 P.
1813 4019 1911 4074 Καὶ
1956 4021 2028 4083 ὡς

381 4107 605 4177 ἀληθῶς
634 4104 863 4181 ἄπορον,
891 4106 935 4161 εἷ
967 4108 1208 4164 πάντων.

453 4196 595 4269 Πρὸς
638 4196 728 4251 τὸν
779 4195 947 4251 αὐτοῦ
990 4200 1200 4254 Παπᾶν.
1233 4196 1312 4252 Ad
1357 4214 1522 4253 suum
1568 4200 1797 4272 Papam.
1831 4204 1892 4255 P.
1928 4199 2028 4256 Καὶ

384 4286 629 4347 ποταπὸς
661 4291 848 4347 Ηαπᾶς
877 4286 905 4339 ὁ
937 4290 1150 4347 Ila-tris.

450 4375 761 4450 Ἐγκώμιον
813 4373 887 4436 sic
934 4374 1027 4429 τὸν
1074 4374 1240 4430 οἶνον.
1283 4379 1428 4433 Laus
1478 4377 1621 4433 vini.
1664 4378 1725 4432 P.
1761 4375 1860 4431 οὐκ
1908 4374 2031 4432 οἴδα

382 4461 610 4538 πότερον
646 4463 719 4525 ὡς
754 4460 1075 4535 ἀνθοσμίαν.

2139 3313 2445 3377 beneficio,
2498 3311 2706 3383 reliqui
2762 3311 2938 3366 Italisa
2997 3309 3249 3376 lictores,
3285 3324 3357 3364 ne
3407 3308 3619 3380 ingrati
3663 3325 3800 3364 esse

2138 3402 2494 3468 viderentur,
2526 3401 2683 3456 datis
2731 3400 2803 3455 ad
2856 3399 3218 3455 laudatorem
3275 3397 3509 3464 litteris,
3542 3397 3799 3467 gratiam

2139 3492 2354 3547 referre
2384 3490 2575 3546 conati
2617 3494 2782 3559 sunt,
2821 3489 3014 3544 ofﬁcia
3044 3505 3153 3543 sua
3182 3486 3447 3560 polliciti,
3476 3504 3610 3542 cum
3644 3491 3799 3541 tem-

2140 3597 2251 3652 pus
2300 3579 2572 3645 adfuerit,
2616 3579 2783 3647 bene,
2806 3582 2864 3633 et
2883 3577 3138 3648 benigne
3159 3592 3290 3632 sese
3311 3574 3393 3630 illi
3429 3575 3795 3647 praetituros.

2139 3670 2264 3725 Non
2299 3669 2517 3724 mirum
2575 3668 2767 3738 itaque
2808 3666 2858 3721 si
2910 3665 3136 3721 Psellus
3188 3666 3364 3720 etiam
3427 3668 3648 3732 noster,
3698 3664 3801 3719 sui

2136 3758 2470 3830 experiendi
2502 3759 2710 3829 gratia,
2748 3756 2805 3810 in
2839 3753 3372 3826 contemptissimis
3401 3753 3532 3809 istis
3571 3752 3797 3823 stylum

2139 3847 2414 3903 exercuit.
2446 3845 2685 3901 Memini
2719 3860 2812 3900 me
2849 3846 2977 3900 fuse
3007 3844 3325 3899 admodum
3370 3843 3426 3897 in
3467 3841 3800 3898 Rhetoricis

2140 3936 2466 4001 dubitasse,
2524 3933 2904 3989 dilﬁciliusne
2961 3932 3039 3988 sit
3094 3933 3342 4003 ideoque
3390 3931 3798 4003 praestantius,

2140 4031 2197 4082 et
2249 4022 2661 4080 admirabilius
2723 4039 2816 4077 res
2876 4022 3040 4084 viles.
3102 4021 3404 4087 minimas,
3459 4019 3548 4075 vel
3610 4021 3802 4076 etiam

2141 4114 2327 4170 malas
2358 4112 2605 4168 dicendo
2634 4126 2937 4178 exornare,
2973 4127 3043 4165 an
3080 4102 3205 4181 quae
3234 4108 3325 4164 his
3358 4107 3676 4176 contraria,
3733 4114 3805 4164 ut

2142 4204 2437 4272 virtutem,
2488 4201 2861 4272 sapientiam,
2915 4205 2973 4255 et
3031 4199 3183 4255 viros
3215 4199 3310 4254 his
3358 4198 3504 4270 ipsis
3534 4197 3803 4254 celebres

2139 4300 2196 4349 et
2228 4292 2505 4348 illustres.
2540 4291 2728 4358 Nunc,
2787 4294 2851 4344 ut
2905 4288 3205 4357 lectorem,
3240 4288 3489 4344 lectione
3546 4303 3801 4358 operum

2141 4380 2312 4437 Pselli
2344 4381 2663 4447 defessum,
2689 4377 3086 4444 sublevemus,
3123 4393 3309 4449 pauca
3336 4393 3406 4431 ex
3438 4374 3646 4431 multis
3679 4375 3804 4431 illis

2140 4470 2502 4525 adducemus
2532 4486 2632 4541 pro
2668 4474 2915 4539 utraque
2948 4471 3111 4539 parte
3129 4465 3450 4537 exingenio
3472 4464 3803 4523 afferenda.

455 4552 596 4625 Πρὸς
634 4572 751 4606 τινα
782 4550 1047 4622 Κάπηλον
1086 4549 1462 4627 μεγάλαυχον,
1506 4553 1594 4607 καὶ
1627 4551 2027 4633 φιλοσοφοῦντα

2141 4560 2422 4615 Isocrates
2444 4557 2665 4613 similes
2686 4563 2932 4612 conatus
2954 4556 3337 4611 verbisetiam
3362 4552 3800 4623 acerbissimis,

382 4636 617 4697 διάκενα.
641 4643 704 4697 In
735 4640 1043 4703 Cauponem
1068 4642 1364 4712 quemdam
1392 4643 1713 4713 superbum,
1739 4654 1793 4700 et
1818 4647 2034 4714 frustra

377 4730 868 4803 philosophantem.
904 4730 965 4786 P.
1021 4726 1199 4784 Ἀλλὰ
1254 4727 1415 4792 ποίας
1465 4734 1631 4785 ταῦτα
1684 4730 2029 4810 φιλοσοφίας,

387 4817 691 4892 λογιώτατι
720 4814 940 4878 ἀδελφὲ.

456 4903 549 4968 Ei:
593 4926 715 4960 τινα
764 4904 1052 4975 Κάπηλον,
1088 4904 1378 4979 γενόμενον
1407 4905 1654 4979 νομικόν.
1708 4910 1765 4963 In
1818 4909 2036 4982 Caupo-

382 5013 509 5052 nem
557 4997 701 5068 teges
744 5000 1197 5067 pertractantem.
1233 4998 1292 5053 P.
1332 4994 1462 5052 Εἶτα
1493 4994 1538 5049 εἰ
1572 4994 1627 5049 σὲ
1667 5016 1752 5058 τις
1802 4994 2035 5068 δικάζειν

387 5083 870 5159 ἐπιτετραμμένον.

459 5173 652 5231 LXIII.
689 5171 1011 5231 Levissima
1060 5173 1174 5230 ista
1223 5178 1383 5242 sunt,
1417 5177 1475 5230 ct
1522 5174 1721 5230 minus
1762 5175 1951 5246 seria;
1982 5182 2041 5234 at

2144 4648 2413 4720 pluribus
2443 4645 2501 4701 in
2538 4646 2681 4701 locis
2710 4646 3069 4712 insectatur;
3112 4643 3275 4698 Plato
3306 4643 3532 4697 deridet
3553 4642 3610 4697 in
3645 4642 3806 4697 Con-

2146 4736 2337 4805 vivio;
2392 4733 2674 4808 Synesius
2730 4734 2785 4788 in
2847 4732 3128 4805 Epistolis
3198 4732 3527 4803 improbat;
3604 4747 3807 4803 eoque

2148 4825 2457 4898 praecipue,
2491 4824 2541 4880 si
2583 4840 2712 4895 qua:
2756 4823 2895 4879 totis
2944 4822 3169 4878 viribus
3219 4824 3657 4887 consectamur,
3694 4820 3808 4875 im-

2148 4915 2329 4986 proha
2387 4912 2705 4969 decacitate
2765 4912 3211 4981 vituperantur;
3247 4914 3313 4963 ut
3371 4909 3442 4963 de
3494 4908 3809 4963 Carneade

2146 5003 2514 5074 vituperante
2534 5001 2831 5072 justitiam
2862 4999 3138 5055 traditur.
3169 4998 3331 5053 Adde
3363 5013 3377 5052 :
3421 4995 3576 5051 sicut
3621 4993 3811 5068 longe

2150 5089 2541 5163 praestabilius
2599 5093 2756 5145 esset
2810 5088 2881 5144 de
2936 5089 3116 5144 rebus
3174 5087 3422 5142 utilibus
3471 5084 3812 5141 mediocres

2149 5181 2457 5253 opiniones
2488 5178 2724 5248 habere,
2759 5193 2937 5249 quam
2994 5189 3562 5249 supervacanearum
3594 5173 3812 5245 exqui-

1965 5321 2199 5381 NOTZE.

460 5437 531 5507 (c)
554 5436 761 5507 Neque
784 5433 1016 5507 libellus
1060 5433 1256 5502 Pselli,
1292 5448 1479 5504 neque
1523 5432 1716 5490 Allatii
1759 5436 2024 5495 schedia-

388 5505 519 5563 sma
548 5505 831 5561 hoc’vidit
858 5505 1069 5560 lucem.

460 5578 537 5649 (ά)
567 5577 836 5649 Hanovia:
896 5576 1052 5649 1619,
1104 5575 1203 5649 fol.
1232 5573 1612 5649 pornaviano
1640 5581 1796 5647 operi
1837 5582 2034 5643 licebit

390 5647 605 5705 addere
625 5647 1107 5706 dissertationum
1148 5647 1505 5704 ludicrarum
1538 5652 1595 5703 et
1644 5656 2033 5717 ammniorum

2135 5440 2450 5512 scriptores
2481 5438 2852 5512 variosuLug.
2886 5438 3013 5493 Bat.
3050 5437 3210 5512 164i,
3243 5436 3332 5512 12,
3364 5438 3423 5490 et
3442 5431 3808 5512 admiranda

2142 5506 3123 5640 :gggmigdmirabilium'cncomia.
3157 5506 3498 5579 Noviomagi
3528 5510 3806 5560 Batavor.

2288 5626 2303 5655 ,
2341 5620 2425 5639 δυο
