4040 6196
207 323 312 383 517

1442 313 1812 378 DIATRIBA
1854 314 1956 376 DE
1998 314 2344 378 PSELLIS.

3477 325 3599 388 518

206 464 365 518 sitam
402 458 822 533 cognitionem;
858 458 915 512 et
961 453 1267 528 paululum
1298 453 1553 510 eminere
1605 451 1665 507 in
1714 467 1843 507 ma-
1871 453 1927 520 Α
1955 451 2315 524 apicularum
2344 468 2506 526 opera
2544 461 2837 527 stupemus,
2871 471 3035 529 quam
3074 457 3346 515 immensa
3372 475 3605 533 corpora

208 552 346 623 guis,
378 566 551 623 quam
600 547 661 603 in
710 545 926 619 parvis,
963 545 1284 617 praesrtim
1333 543 1602 615 iiis,qum
1650 542 1831 597 vitam

208 640 337 695 nihil
378 642 602 709 juvant,
634 634 947 702 excellere;
988 634 1069 689 ita
1100 638 1157 689 et
1188 633 1245 689 in
1296 633 1543 689 dicendo
1574 630 1834 704 pbiloso-

206 730 488 801 phandum
521 732 627 782 est.
661 726 730 780 Et
770 724 905 796 quis
938 724 1123 779 nescit
1168 722 1514 796 gravitatem
1569 719 1834 777 scurrili-

207 820 317 883 tati,
349 834 437 873 res
479 816 661 872 serias
710 814 869 869 ludis
917 818 974 869 et
1017 812 1165 884 jocis
1212 828 1338 867 esse
1385 810 1837 867 laboriosiores?

206 914 363 985 idque
410 930 478 968 ex
525 928 592 967 eo
643 910 1013 983 intelligitur,
1058 916 1123 965 ut.
1168 909 1397 964 dicebat
1447 911 1732 965 Isocrates
1776 907 1835 961 in

208 1003 412 1058 llelenre
460 1000 822 1066 laudatione,
856 1000 1009 1071 quod
1043 998 1341 1053 neminem
1392 1013 1652 1068 unquam
1706 995 1834 1051 illo-

208 1108 321 1146 rum
369 1090 544 1146 verba
594 1088 1091 1153 defecerint,cum
1124 1087 1184 1141 bi
1228 1085 1485 1141 universi
1529 1087 1701 1157 longe
1749 1089 1839 1139 te-

207 1181 365 1235 nuius
395 1180 666 1247 dixerint,
696 1195 870 1248 quam
895 1175 1227 1248 argumenti
1262 1175 1605 1247 magnitudo
1636 1179 1837 1246 postu-

204 1268 296 1338 lat,
326 1271 464 1325 adeo
508 1269 579 1323 de
631 1268 808 1323 rebus
838 1266 1151 1321 luculentis
1194 1265 1431 1320 difﬁcile
1479 1269 1567 1319 est
1615 1263 1837 1334 aliquid

206 1360 390 1413 atl‘erre
420 1358 479 1412 in
515 1357 802 1421 medium,
830 1356 987 1427 quod
1037 1371 1208 1410 nemo
1240 1360 1374 1411 ante
1405 1352 1735 1425 usurparit;
1769 1352 1841 1407 de

205 1448 359 1502 rebus
388 1453 587 1502 autem
614 1445 967 1517 contemptis
998 1449 1054 1500 et
1084 1442 1746 1514 bumillibus,quidquid
1780 1442 1837 1495 in

204 1545 429 1600 buccam
459 1545 709 1611 venerit,
743 1560 915 1599 omne
946 1544 1059 1615 [44]
1090 1544 1393 1615 prOprium
1434 1541 1629 1608 fuerit,
1663 1540 1838 1596 Vide-

203 1640 286 1687 tur
313 1640 505 1689 tamen
540 1634 731 1705 magis
781 1634 1080 1704 egregium
1134 1632 1391 1703 primum
1428 1648 1440 1686 :
1476 1630 1649 1701 primi
1679 1630 1835 1685 enim

206 1722 534 1794 eloquentiae
573 1722 864 1792 magistri,
898 1723 995 1792 qui
1047 1720 1155 1776 sibi
1205 1721 1439 1775 laudem
1473 1735 1836 1791 comparare,

1952 542 2323 599 balaenarum.

2017 631 2217 686 LXIV.
2250 632 2360 687 Sed
2410 632 2479 687 de
2538 633 2733 705 parvis
2791 649 2979 706 pauca
3022 632 3145 691 haec
3193 635 3373 691 etiam
3431 638 3602 711 satis_

1942 720 2160 776 Caetera
2190 720 2363 777 Pselli
2395 738 2842 793 persequamur.

2018 804 2111 869 Ei’c
2158 809 2246 862 τὸν
2287 807 2450 862 αὐτοῦ
2498 802 2718 884 ἔγγονον
2772 805 2850 864 ἔτι
2897 811 3088 880 νήπιον
3141 808 3284 869 ὄντα.
3319 816 3380 871 1η
3436 832 3598 871 suum

1943 901 2185 967 nepotem
2237 899 2422 954 adhuc
2478 899 2769 971 infantem.
2807 901 2864 957 P.
2916 900 3029 954 Οὐκ
3078 898 3285 975 ὅψομαί
3334 923 3391 957 σε
3440 900 3596 976 ἴσως,

1947 984 2204 1061 φίλτατόν
2241 1007 2335 1057 μοι
2365 985 2718 1065 βρεφύλλιον.

2020 1076 2132 1147 [45]
2191 1075 2502 1149 Ἑγκώμιον
2560 1076 2637 1137 εἰς
2693 1076 2813 1131 τινὰ
2874 1076 3146 1137 Νικόλαον
3202 1081 3467 1155 μοναχὸν,
3512 1102 3602 1155 γε·

1948 1162 2177 1235 νόμενον
2264 1164 2677 1238 καθηγούμενον
2752 1172 2854 1234 τῆς
2930 1165 2981 1221 ἐν
3056 1165 3327 1241 Ὀλύμπῳ
3407 1177 3600 1242 μονῆς.

1952 1254 2103 1309 Laus
2158 1254 2443 1324 cuiusdam
2500 1254 2763 1311 monachi
2817 1257 3053 1324 Nicolai,
3102 1260 3203 1329 qui
3261 1260 3319 1313 in
3378 1258 3607 1331 Olympi

1951 1345 2283 1398 monasterio
2336 1358 2536 1415 pra’ses
2590 1345 2798 1414 fuerat.
2831 1345 2893 1401 P.
2935 1343 3295 1419 Ὑψηλότεροι
3357 1346 3451 1419 μὶν
3503 1353 3605 1416 τῆς

1950 1452 2056 1485 απο
2087 1452 2193 1485 των
2206 1474 2219 1488 ο

2022 1521 2331 1594 Ἐγκώμιον
2392 1519 2468 1583 εἷς
2522 1519 2612 1575 τόν
2669 1522 2906 1597 μοναχὸν
2965 1522 3223 1593 Ἰωάννην
3279 1524 3370 1577 τὸν
3429 1530 3600 1600 Κρου-

1948 1607 2181 1664 στουλᾶν
2229 1610 2318 1663 τὸν
2379 1609 2674 1683 ἀναγνόντα
2727 1609 2780 1665 ἓν
2833 1614 2901 1684 τῇ
2954 1610 3116 1686 Ἀγίᾳ
3156 1616 3333 1686 Σορῷ.
3366 1616 3604 1671 Joannis

1952 1699 2227 1757 Crustula:
2277 1701 2531 1755 monachi
2589 1703 2732 1767 laus,
2792 1703 2893 1771 qui
2950 1703 3010 1755 in
3066 1701 3121 1757 S.
3172 1703 3318 1759 Urna
3375 1703 3603 1775 legerat.

208 1818 255 1866 et
280 1828 474 1867 omnes
511 1812 569 1865 iu
602 1811 692 1866 sui
723 1810 1179 1865 admirationem
1207 1808 1437 1865 trahere
1468 1810 1842 1895 studuerunt1

1988 1798 2016 1845 ’.
2045 1786 2112 1845 Τί
2136 1792 2320 1857 τοῦτο,
2349 1786 2503 1850 εὐθὺς
2536 1788 2639 1863 γὰρ
2672 1788 2746 1850 εἷς
2781 1784 3042 1843 δεδωκότα
3075 1809 3141 1861 με
3169 1790 3259 1845 τὸν
3292 1790 3440 1847 ναόν.

2030 1878 2089 1895 ν..
2412 1876 2806 1895 της...
2984 1880 3324 1895 .......,.

207 1909 405 1964 similia
432 1914 787 1982 argumenta
828 1914 1213 1980 usurparunt,
1242 1909 1547 1973 Homerus,
1580 1905 1845 1977 Gorgias,

208 1998 562 2070 Protagoras,
594 1998 813 2069 aliique
863 2014 977 2052 non
1028 1998 1219 2069 pauci,
1256 2002 1313 2052 et
1346 2000 1478 2068 post
1507 1995 1614 2050 bos
1664 1995 1845 2051 multo

214 2086 407 2155 plures.
441 2092 637 2158 Atque
684 2087 793 2142 bas
843 2086 1122 2141 materias
1171 2090 1395 2141 veteres
1444 2084 1630 2139 adorti
1681 2088 1842 2151 sunt,

209 2200 307 2238 non
358 2186 637 2257 sopbistas
686 2183 903 2249 solum,
953 2185 1053 2239 sed
1110 2183 1442 2256 philosophi
1493 2199 1745 2254 quoque,
1780 2186 1847 2236 ut

207 2273 387 2342 probat
420 2282 487 2327 Α.
527 2272 749 2328 Gellius
784 2272 885 2326 lib.
919 2289 1056 2339 xvn,
1082 2288 1131 2327 c.
1161 2275 1246 2340 12,
1271 2276 1329 2327 et
1362 2270 1753 2325 Philostratus
1784 2271 1841 2325 iu

211 2360 325 2415 Vitis
360 2364 751 2432 sophistarum.
774 2360 888 2416 Nec
938 2362 1253 2416 dicendum
1307 2365 1416 2427 est,
1448 2365 1535 2414 tot
1580 2359 1844 2415 eruditos

210 2449 449 2506 homines
487 2451 552 2505 in
585 2450 693 2505 bac
734 2467 795 2506 re
843 2449 1027 2505 luisse
1078 2450 1352 2521 deceptos
1388 2466 1400 2503 :
1436 2464 1637 2503 eorum
1686 2448 1840 2519 apud

210 2555 385 2594 omnes
415 2540 727 2594 aestimatio
758 2538 1079 2611 singularis
1114 2538 1168 2592 id
1204 2542 1397 2609 negat.
1430 2538 1517 2602 Et,
1542 2536 1684 2591 dum
1719 2552 1841 2591 ma-

206 2628 341 2682 teriae
369 2628 719 2684 difﬁcultate
755 2629 945 2700 magis
984 2633 1325 2683 exercentur
1357 2626 1617 2699 ingenia,
1651 2626 1842 2698 magis

209 2717 360 2771 etiam
391 2716 590 2772 lucent
623 2734 636 2772 :
672 2717 887 2773 etenim
941 2717 1039 2772 ubi
1093 2716 1287 2772 deﬁcit
1317 2715 1561 2771 materia
1608 2720 1844 2787 propter

211 2804 652 2876 improbitatem,
683 2811 785 2861 aut
834 2805 1205 2875 tenuitatem,
1236 2804 1317 2859 ibi
1366 2804 1712 2876 eloquentiae
1753 2804 1841 2858 luo

213 2894 353 2949 mina
378 2901 431 2951 et
458 2896 618 2951 vires
650 2895 839 2967 magis
879 2894 1123 2950 infensas
1154 2893 1588 2950 vehementiora
1618 2893 1844 2965 spicula

213 2990 261 3046 in
289 2993 646 3048 audientium
695 2993 922 3047 animos
970 2995 1379 3062 contorquent,
1414 2991 1626 3062 suique
1674 2991 1841 3061 copia

212 3081 262 3135 in
291 3082 533 3137 maxima
581 3082 781 3154 inepia
825 3081 1101 3150 ingerunt
1149 3080 1621 3136 admirationem.
1656 3080 1841 3152 Magis

213 3171 347 3224 enim
392 3171 680 3226 facundiae
726 3185 867 3242 opes
924 3172 983 3225 iu
1034 3171 1209 3225 rebus
1270 3170 1444 3224 laude
1502 3168 1839 3225 carentibus
1872 3193 1915 3261 ρ

213 3272 579 3322 ostentantur.
635 3268 777 3321 Hinc
826 3266 1102 3322 omnibus
1154 3266 1386 3337 sibique
1435 3266 1532 3321 isti
1593 3266 1840 3338 scripto-

213 3370 290 3409 res
349 3357 733 3424 persuadent,
811 3354 899 3415 Ὠς
966 3353 1017 3408 εἴ
1078 3354 1203 3428 περὶ
1266 3358 1522 3428 πονηρῶν
1590 3352 1840 3428 πραγμά-

210 3462 300 3495 των
370 3441 561 3519 ἔχουσί
636 3465 691 3498 τι
777 3442 997 3518 λέγειν,
1088 3442 1213 3519 περὶ
1295 3448 1405 3497 τῶν
1491 3441 1674 3498 καλῶν
1750 3443 1841 3496 καὶ

215 3531 400 3605 ἀγαθῶν
468 3531 671 3610 ῥᾳδίως
736 3532 1124 3604 εὐπορήσωσι.
1193 3536 1293 3605 Se,
1361 3551 1485 3590 cum
1550 3536 1615 3589 de
1680 3534 1843 3589 rebus

212 3622 324 3679 adeo
385 3626 711 3697 improbatis
783 3625 944 3679 verba
1010 3629 1335 3695 suppetant,
1414 3624 1484 3679 ad
1547 3641 1631 3679 res
1694 3639 1843 3694 pra:-

215 3714 371 3767 claras
414 3714 775 3785 exponendas
822 3712 1113 3769 luculenta
1151 3716 1402 3769 oratione
1452 3713 1618 3783 facile
1664 3714 1843 3767 abun-

216 3809 433 3867 doturos.
494 3812 612 3867 Nec
672 3811 825 3867 male
879 3810 1157 3866 Sidonius
1215 3811 1575 3883 Apollinaris
1630 3828 1643 3867 :
1704 3816 1846 3866 Nam

214 3901 361 3953 moris
420 3910 497 3955 est
561 3900 942 3971 eloquentibus
1011 3902 1151 3955 viris
1231 3902 1585 3970 ingeniorum
1661 3899 1844 3971 [acul-

217 3990 362 4042 totem
406 3991 750 4059 negotiorum
810 3990 1043 4056 probare
1099 3989 1569 4059 difﬁcultatibus:
1627 3992 1677 4043 et
1729 3988 1848 4043 illic

216 4077 393 4146 stylum
445 4080 714 4149 peritum,
770 4079 933 4149 quasi
990 4079 1279 4149 quemdam
1335 4077 1563 4147 fecundi
1612 4080 1849 4149 pectoris

216 4180 464 4220 vomerem
500 4168 692 4236 ﬁgere,
727 4167 823 4221 ubi
868 4167 1123 4221 materiae
1168 4166 1383 4221 sterilis
1434 4170 1845 4236 argumentum,

218 4261 347 4315 velut
371 4264 540 4318 arida
560 4264 783 4333 cespitis
812 4264 996 4318 macri
1013 4263 1174 4332 gleba
1194 4263 1439 4333 jejunat.
1466 4262 1581 4317 Nec
1606 4262 1846 4317 minute

218 4348 444 4405 bestiola
479 4352 676 4407 minus
733 4352 1078 4407 necessarias
1120 4351 1557 4407 existimantur.
1590 4351 1735 4405 Nam
1769 4368 1847 4407 ea:

219 4453 423 4509 quoque
481 4442 541 4495 iu
595 4458 703 4495 suo
751 4457 963 4511 genere
1013 4441 1269 4511 pulchra:
1321 4444 1487 4506 sunt,
1518 4445 1575 4494 et
1624 4440 1847 4511 aliquid

220 4525 418 4583 decoris
456 4528 826 4584 universitati
876 4546 1098 4594 rerum,
1134 4534 1418 4599 tauquam
1473 4529 1530 4582 in
1580 4545 1844 4584 commu-

222 4630 333 4671 nem
362 4618 806 4689 rempublicam,
831 4635 933 4689 pro
961 4634 1069 4672 sua
1100 4619 1386 4689 portione,
1413 4618 1749 4688 conferunt;
1784 4622 1847 4673 ut

224 4712 401 4771 prater
426 4708 576 4763 alios
624 4708 1037 4761 adimadvertit
1065 4707 1402 4761 Aristoteles
1436 4724 1452 4760 ι
1483 4707 1557 4762 De
1585 4708 1843 4777 partibus

222 4795 435 4856 animal;
466 4812 593 4866 cap.
626 4797 680 4849 5.
715 4795 957 4850 Diviuus
986 4794 1201 4866 quippe
1232 4794 1453 4849 Artifex
1483 4796 1564 4849 ita
1597 4811 1849 4867 magnus

223 4882 371 4937 estin
403 4885 636 4955 magnis
682 4884 878 4949 rebus,
915 4888 977 4937 ut
1010 4884 1201 4938 minor
1231 4900 1345 4938 non
1398 4884 1475 4937 sit
1523 4884 1580 4938 in
1634 4886 1847 4956 parvis.

220 4981 480 5053 Recteque
539 5001 571 5039 a
628 4983 817 5038 Plinio
878 4983 979 5038 lib.
1032 5000 1072 5037 Ir
1119 4984 1308 5038 Natur.
1365 4984 1565 5037 Hister.
1618 4998 1742 5054 cap.
1788 4984 1843 5036 2.

222 5070 474 5137 scriptum
507 5078 598 5128 est
630 5089 643 5127 :
676 5076 742 5128 In
776 5074 1000 5142 magnis
1043 5072 1381 5143 corporibus,
1414 5081 1511 5126 aut
1556 5080 1699 5127 certe
1728 5090 1847 5126 ma-

214 5156 421 5225 joribus,
450 5162 673 5230 facilem
720 5160 1012 5231 ofﬁcinam
1056 5163 1278 5232 seqnaci
1324 5163 1557 5215 materia
1596 5176 1710 5216 esse
1739 5178 1757 5214 :
1789 5162 1849 5215 in

218 5250 398 5316 parvis,
427 5255 590 5321 atque
627 5266 729 5305 sua
760 5251 1008 5306 exilitate
1037 5250 1229 5319 nullis,
1263 5248 1501 5304 multam
1551 5251 1847 5319 rationem,

222 5342 521 5401 immensam
558 5349 689 5414 vim,
726 5346 1173 5403 inextricabilem
1216 5348 1645 5417 perfectionem;
1676 5350 1726 5401 et
1757 5362 1845 5401 re-

224 5447 327 5485 rum
352 5444 607 5491 naturam
634 5452 922 5507 nunquam
960 5438 1162 5505 magis,
1194 5452 1361 5506 quam
1389 5437 1449 5491 in
1480 5436 1730 5490 minimis
1763 5440 1846 5490 to-

226 5521 319 5574 tam
344 5537 467 5578 esse.
494 5524 687 5595 quue
720 5530 943 5597 spectat
972 5524 1118 5579 illud
1151 5524 1217 5579 D.
1246 5524 1561 5595 Augustini
1594 5524 1696 5578 lib.
1730 5539 1846 5578 xxu

228 5608 283 5661 de
309 5610 460 5666 Civil.
497 5615 622 5677 Dei,
646 5630 770 5685 cap.
801 5615 871 5669 24
898 5630 911 5668 :
940 5618 1021 5670 Ea
1044 5615 1171 5685 plus
1203 5613 1404 5669 habent
1434 5613 1846 5681 admirationis,

230 5711 325 5765 qua
356 5700 520 5756 molis
574 5702 892 5759 minimum.
942 5702 1078 5759 Plus
1118 5703 1269 5758 enim
1313 5703 1750 5774 formicularum
1799 5704 1852 5758 et

2030 1878 2287 1939 Ἐπαινος
2342 1881 2439 1931 τοῦ
2490 1876 2723 1947 Ἰταλοῦ,
2779 1880 2924 1936 Laus
2976 1880 3107 1935 Itali
3160 1884 3223 1936 P.
3270 1880 3357 1943 Ὠς
3418 1880 3475 1936 εὗ
3527 1885 3606 1954 τῷ

1956 1964 2171 2038 Ἰταλῷ.
2206 1966 2267 2021 Εἰ
2301 1962 2357 2021 δὲ
2391 1964 2672 2041 βούλοιτο.

2026 2056 2165 2129 Πρὸς
2220 2055 2347 2117 τοὺς
2402 2054 2663 2127 μαθητὰς,
2712 2056 2831 2131 περὶ
2889 2058 2988 2120 τῆς
3050 2055 3217 2127 αὐτῆς
3276 2059 3605 2123 ὑποθέσεως.

1952 2145 2032 2201 Ad
2058 2145 2378 2216 discipulos,
2410 2146 2474 2200 de
2520 2145 2709 2201 codem
2756 2150 3100 2217 argumento.
3134 2148 3195 2203 P.
3232 2144 3425 2209 Οὐδεὶς
3475 2150 3606 2225 παρ’

1951 2234 2085 2305 ἡμῖν
2120 2228 2232 2287 οὔτ’
2258 2231 2567 2307 αἰχμητὴς,
2602 2229 2713 2287 οὔτ’
2747 2234 3091 2304 ἀκοντιστής.

2022 2321 2164 2395 Πρὸς
2194 2320 2321 2383 τοὺς
2359 2320 2739 2396 βασκαίνοντας
2782 2321 2949 2394 αὐτῷ,
2984 2324 3184 2381 Contra
3213 2327 3303 2381 sui
3327 2327 3606 2384 obtrecta-

1949 2419 2095 2469 tores
2127 2413 2183 2467 P.
2218 2412 2402 2483 Ὑμεῖς
2445 2412 2539 2483 μὶν
2573 2410 2770 2481 οὕτως,
2803 2409 2946 2488 λέγω
2979 2410 3035 2468 δὲ
3065 2412 3211 2478 τούς.

2025 2501 2165 2573 Πρὸς
2206 2498 2334 2561 τοὺς
2381 2498 2596 2562 αὐτούς.
2647 2502 2709 2556 In
2754 2502 2997 2561 eosdem.
3053 2503 3112 2559 Ρ.
3148 2499 3273 2559 Οὕο’
3329 2504 3453 2573 ὑμῖν
3506 2505 3601 2579 βα-

1951 2587 2171 2651 σκανίας
2202 2586 2643 2663 περιλελείψεται
2677 2588 2927 2666 ἀφορμή.

2023 2676 2171 2735 Κατά
2216 2698 2359 2740 τινος
2419 2674 2848 2751 λοιδορήσαντος
2897 2677 3057 2734 αὐτὸν
3109 2680 3346 2756 ἀφανῶς.
3399 2683 3602 2739 Contra

1951 2768 2259 2839 quemdam,
2292 2770 2391 2839 qui
2442 2768 2530 2823 illi
2576 2766 2898 2824 clanculum
2942 2770 3328 2827 maledixerat.
3362 2776 3425 2830 P.
3459 2771 3601 2844 Πρὸς

1948 2857 2047 2923 τήν
2077 2852 2354 2927 λοιδορίαν
2389 2856 2416 2910 ὁ
2450 2854 2639 2930 λόγος.

2024 2945 2164 3021 Πρὸς
2192 2944 2318 3005 τοὺς
2362 2944 2605 3017 μαθητὰς
2661 2942 3087 3023 ἀπολειφθέντας
3136 2954 3237 3017 τῆς
3286 2945 3600 3022 ἑρμηνείας.

1947 3038 2045 3088 τοῦ
2077 3033 2203 3108 Περὶ
2238 3032 2544 3107 ἑρμηνείας.
2577 3035 2656 3090 Ad
2685 3035 3002 3107 discipulos,
3034 3038 3132 3109 qui
3160 3039 3607 3110 interpretationi

1952 3124 2083 3179 libri
2109 3124 2418 3179 Aristotelis
2462 3124 2527 3179 de
2572 3125 3032 3197 lnterprctatione
3058 3142 3170 3182 non
3201 3128 3600 3200 interfuerunt.

1955 3218 2012 3268 P.
2047 3210 2189 3283 Πρὸς
2210 3209 2336 3273 τοὺς
2370 3211 2798 3287 ἀπολειφθέντας
2827 3213 2855 3267 ὁ
2881 3210 3069 3289 λόγος.
3408 3280 3414 3285 _

2024 3304 2154 3357 ’Ότε
2208 3295 2499 3373 ἐϐράδυναν
2561 3301 2611 3354 οἱ
2659 3301 2892 3373 μαθηταὶ
2946 3301 3109 3357 αὐτοῦ
3156 3306 3223 3375 τῇ
3255 3309 3356 3372 τῆς
3388 3301 3603 3378 σχολῆς

1954 3388 2273 3464 ξυνελεύσει.
2311 3393 2451 3447 Cum
2492 3391 2755 3463 discipuli
2802 3392 2961 3447 tarde
2992 3392 3062 3448 ad
3091 3398 3416 3450 conventum
3444 3394 3607 3451 scho-

1956 3482 2215 3537 lasticum
2248 3482 2657 3552 processissent.
2692 3480 2752 3536 P.
2788 3476 2956 3535 Οὐδὲν
3008 3480 3189 3535 καινὸν
3240 3487 3449 3537 ποιεῖτε
3496 3482 3607 3538 cits

1956 3566 2236 3628 δοκοῦντες
2271 3568 2397 3639 ὑμῖν
2432 3566 2748 3645 φιλόσοφοι.

2028 3657 2185 3714 LXV.
2248 3654 2506 3728 Μονῳδια
2563 3656 2650 3711 ἐπὶ
2709 3658 2972 3731 Ῥωμανῷ
3018 3655 3494 3734 Ῥαιφερενδαρίῳ,
3546 3662 3607 3716 in

1956 3750 2267 3803 Romanum
2345 3748 2832 3819 Re/erendarium,
2902 3748 3171 3805 Monodia.
3243 3750 3299 3806 P.
3356 3746 3609 3811 Πολλοὺς

1957 3834 2062 3911 ἐγὼ
2091 3839 2198 3889 τῶν
2232 3832 2407 3911 φίλων
2444 3835 2789 3905 τεθνηκότας.
2946 3839 2956 3846 ’

2026 3920 2287 3996 Μονῳδία
2320 3922 2394 3986 εἷς
2443 3924 2534 3979 τὸν
2582 3922 2847 4001 πρόεδρον
2884 3924 3036 3999 κύριν
3088 3926 3319 4002 Μιχαὴλ
3349 3927 3440 3981 τὸν
3487 3927 3609 3982 Ῥα-

1958 4009 2143 4083 δηνόν,
2179 4016 2239 4070 in
2266 4016 2581 4070 aniistitem
2623 4014 2905 4070 dominum
2950 4015 3277 4073 Michaelem
3309 4016 3608 4088 Radenum,

1957 4102 2226 4171 Monodia,
2260 4106 2323 4157 P.
2357 4107 2488 4165 Τοῖς
2517 4102 2609 4173 μὶν
2640 4100 2837 4164 ἄλλοις
2868 4108 2967 4175 τῷ.

2029 4187 2285 4263 Μονῳδία
2334 4189 2409 4252 εἴς
2466 4191 2563 4258 τήν
2623 4194 2719 4244 τοῦ
2774 4191 3100 4266 ἀκτουαρίου
3147 4191 3398 4246 Ἰωάννου
3451 4190 3611 4247 ἀδελ-

1959 4281 2088 4357 φήν,
2132 4282 2193 4335 in
2240 4281 2479 4336 actuarii
2524 4282 2754 4337 Joannis
2798 4297 3060 4351 sororem,
3109 4281 3378 4338 Monodia.
3432 4286 3495 4338 P.
3547 4286 3612 4335 Ὠ

1959 4368 2118 4431 ποίας
2148 4369 2176 4422 ὁ
2209 4368 2429 4441 Δαίμων
2460 4369 2710 4445 ἀφορμὰς
2744 4366 2943 4445 λόγων.

2032 4454 2289 4529 Μονῳδία
2338 4456 2413 4521 εἷς
2484 4458 2740 4528 Ἰωάννην
2810 4459 2905 4512 τὸν
2983 4457 3270 4529 Πατρίκιον
3332 4457 3609 4531 ὁμιλητὴν

1882 4570 1932 4632 D
1961 4547 2127 4601 αὐτοῦ
2160 4542 2308 4614 ὄντα,
2340 4549 2400 4602 in
2440 4549 2706 4603 Joannem
2750 4548 3067 4604 Patricium
3097 4548 3457 4622 discipulum,
3494 4554 3613 4606 Mo-

1960 4637 2148 4693 nodia.
2186 4636 2246 4691 P.
2282 4636 2471 4713 Κωφὸν
2504 4638 2641 4708 ἡμῖν
2671 4636 2734 4690 τὸ
2765 4635 3146 4712 ἀκροατήριον.

2031 4724 2251 4797 Ἰωάννῃ
2315 4723 2559 4798 Βούρτζῃ
2638 4726 2949 4801 Βεστάρχῃ,
3021 4724 3449 4797 τελευτήσαντος
3514 4731 3613 4782 τοῦ

1960 4808 2196 4889 ἀδελφοῦ
2255 4810 2439 4881 αὐτοῦ,
2491 4814 2561 4869 ad
2604 4818 2883 4871 Joannem
2936 4820 3190 4871 Burtzem
3240 4820 3614 4889 Bestarcliam,

1957 4904 2022 4959 0b
2052 4904 2257 4959 obitum
2291 4903 2447 4957 illius
2474 4906 2692 4974 fratris.
2730 4904 2787 4959 P.
2816 4902 2925 4957 Οὐκ
2956 4901 3076 4959 οἶδα
3104 4903 3223 4959 τίνα
3254 4927 3361 4962 σοι.

2032 4991 2347 5068 Ἐπιτάφιος
2410 4990 2486 5055 εἴς
2528 5013 2652 5047 τινα
2705 4990 2865 5070 φίλον
2923 4994 3111 5064 αὐτοῦ,
3169 4994 3259 5049 καὶ
3316 5007 3613 5069 συμμαθη-

1957 5081 2080 5150 τήν,
2115 5082 2175 5136 in
2208 5081 2503 5153 quemdam
2540 5084 2781 5137 amicum
2830 5086 2881 5138 et
2929 5084 3391 5157 condiscipulum,
3425 5085 3617 5143 Oratio

1957 5172 2229 5241 funebris.
2261 5171 2320 5225 P.
2357 5169 2495 5244 Ἐγὼ
2530 5171 2625 5241 μὲν
2656 5168 2815 5243 ᾤμην
2850 5172 3164 5247 ἀνακωχήν.

2032 5254 2349 5334 Ἐπιτάφιος
2384 5257 2458 5319 εἷς
2505 5259 2604 5326 τήν
2656 5261 2918 5333 Θυγατέρα
2968 5260 3273 5331 Στυλιανὴν
3314 5263 3420 5338 πρὸ
3472 5262 3619 5340 ὥρας

1958 5350 2056 5400 τοῦ
2106 5347 2288 5421 γάμου
2331 5344 2748 5417 τελευτήσασαν,
2790 5353 2847 5405 in
2896 5352 3073 5421 ﬁliam
3114 5352 3461 5425 Stylianam,
3493 5370 3621 5427 qua

1960 5440 2090 5492 ante
2134 5437 2458 5508 nuptiarum
2509 5448 2721 5509 tempus
2770 5443 3004 5495 mortem
3050 5441 3206 5498 obiit.
3252 5443 3313 5498 P.
3346 5441 3621 5516 Θυγατέρα

1957 5527 2037 5595 τῷ
2068 5521 2217 5598 λόγῳ
2236 5529 2435 5597 τιμῶν.

2034 5615 2161 5686 [46]
2194 5614 2510 5690 Ἐπιτάοξιος
2567 5614 2643 5676 εἷς
2686 5616 2784 5684 τήν
2841 5616 3033 5670 ἒᾶυτοῦ
3091 5618 3321 5692 μητέρα,
3378 5623 3437 5677 in
3492 5634 3609 5674 ma-

1956 5707 2115 5775 trem,
2147 5704 2337 5761 Oratio
2374 5705 2644 5776 funebris.
2679 5706 2740 5761 P.
2777 5704 2855 5761 Τὸ
2886 5703 3181 5781 ἆγκώμιον,
3213 5704 3340 5762 ἀλλ’
3375 5706 3477 5779 οὐχ
3513 5705 3610 5766 ὡς.
