4008 6206
210 343 320 402 521

1469 340 1841 403 DlATllIBA
1884 340 1987 402 DE
2033 340 2374 401 PSELLIS.

3504 347 3628 408 522

209 497 312 529 νων
349 472 650 545 πολλάκις,
714 475 828 530 εἶτα
860 471 1044 544 δήκαὶ
1081 476 1368 547 θαυμάζων
1423 473 1554 538 ἴσως
1601 482 1702 544 τῆς
1761 476 1837 550 χά

1979 491 2142 546 quam
2174 475 2418 532 dilucida
2449 475 2716 533 doctrinm
2745 477 2904 545 libri,
2937 477 3003 532 de
3043 479 3518 551 lnterpretatione.
3561 483 3625 541 P.

213 586 380 640 ριτος,
439 560 544 619 οῗέι
591 565 866 634 τοιαύτας,
916 584 984 635 με
1031 565 1118 618 καὶ
1179 562 1330 626 αὖθις
1388 565 1669 620 ἀποτεκεέν
1698 561 1858 618 δύνα-

210 665 346 717 σθαι.
411 653 516 708 Atii
564 657 728 708 τοῦτο
777 654 840 706 σὺ
907 653 1001 725 μὲν
1059 651 1182 723 ἐρᾷς
1253 657 1360 707 τῶν
1423 652 1570 726 ἐμῶν
1625 651 1856 710 ὠδίνων.

207 744 342 818 Έγὼ
379 739 438 798 δέ
469 763 554 797 σοι
589 742 818 819 ἐκφῆναι
844 742 937 796 τὸν
967 741 1129 796 τόκον
1164 741 1226 797 οὐ
1275 741 1572 817 βούλομαι.
1633 745 1694 798 Id
1727 749 1814 800 est
1841 762 1854 800 :

200 835 365 889 Multo
415 833 620 888 abhinc
663 837 905 904 tempore
952 834 1246 904 sapientis?
1292 836 1566 905 specimen
1593 835 1854 901 amabile,

197 923 450 996 pulchras
477 922 737 994 epistolas
764 922 953 994 genui,
983 939 1120 994 quas
1148 923 1266 994 ipse
1293 939 1421 978 cum
1447 925 1648 994 saepius
1699 940 1853 980 acce-

195 1015 383 1086 pisses,
411 1015 564 1081 forte
589 1028 782 1068 earum
810 1013 1022 1082 gratias
1047 1012 1378 1082 admiratus,
1410 1013 1623 1068 similes
1650 1029 1754 1081 me,
1803 1021 1857 1068 et

196 1119 414 1156 rursum
441 1101 604 1156 edere
645 1116 801 1172 posse
851 1101 1168 1157 existimas.
1211 1105 1512 1170 Propterea
1541 1110 1599 1157 tu
1634 1101 1856 1173 quidem

193 1194 331 1262 fetus
361 1207 516 1247 meos
565 1195 796 1262 exoptas
816 1208 837 1253 ;
877 1206 970 1262 ego
1018 1207 1147 1246 vero
1175 1191 1285 1246 tibi
1309 1197 1535 1262 partum
1561 1191 1854 1247 excludere

198 1297 388 1336 renuo.

252 1369 448 1426 LXIX.
508 1367 680 1443 Λόγος
729 1365 1070 1444 σχεδιασθεὶς
1123 1367 1259 1442 πρὸς
1310 1366 1480 1430 Πόθον
1536 1366 1852 1444 Βεστάρχην

191 1457 492 1528 ἀξιώσαντα
575 1455 765 1513 τοῦτον
851 1458 1055 1533 γράψαι
1125 1458 1248 1532 περὶ
1336 1461 1434 1512 τοῦ
1521 1456 1851 1532 θεολογικοῦ

192 1553 562 1622 χαρακτῆρος.
609 1549 796 1605 Oratio
837 1565 911 1603 ea:
951 1553 1190 1618 tempore
1239 1549 1314 1602 ait
1352 1547 1588 1604 Pathum
1633 1549 1846 1603 Vestar-

191 1639 368 1704 chum,
429 1639 534 1710 qui
589 1639 831 1695 Psellum
857 1640 1100 1706 rogarat,
1131 1644 1192 1692 ut
1221 1636 1286 1693 de
1325 1637 1628 1706 theologico
1647 1637 1847 1694 chara-

190 1736 327 1782 clere
354 1729 648 1784 scriberet.
680 1727 741 1782 Ρ.
787 1726 880 1794 Μὴ
923 1722 1228 1798 θαυμᾶσῃς,
1287 1719 1424 1779 Πόθε
1477 1745 1572 1798 μοι
1619 1723 1848 1803 φίλτατε

1985 558 2353 636 Διαλαμϐάνιι
2385 565 2504 640 περὶ
2534 565 2876 637 Προτάσεων.

2038 651 2132 713 Εἰς
2178 653 2240 707 τὸ
2291 653 2415 729 περὶ
2477 652 2805 728 Ἑρμηνείας
2851 651 3062 716 ἔνδοσις
3124 653 3404 728 ἐπίτομος.
3465 660 3626 718 Libri

1966 741 2031 798 de
2060 745 2537 815 Interpretatione,
2568 746 2948 814 compendiosa
2977 749 3262 818 evpositio.
3295 747 3353 802 P.
3387 745 3469 803 Τὰ
3499 744 3613 819 εἷ’δη

1963 834 2062 884 τοῦ
2096 828 2266 906 λόγου
2298 833 2455 886 πέντε
2477 831 2569 886 τὸν
2603 831 2855 907 ἀριθμόν.

2037 917 2262 975 Ψελλοῦ
2317 921 2405 975 καὶ
2465 919 2650 976 ἄλλων
2701 921 2938 996 ΣχόΛια,
2995 921 3084 976 καὶ
3137 925 3614 997 Ἀποσημειώσεις

1965 1007 2042 1071 εἰς
2069 1007 2132 1062 τὸ
2160 1014 2376 1084 πρῶτον
2407 1014 2515 1063 τῶν
2562 1008 2840 1084 προτέρων
2903 1008 3272 1066 Ἀναλυτικῶν
3322 1017 3420 1067 τοῦ
3461 1015 3611 1090 Ἀρι-

1963 1095 2273 1161 στοτέλους.
2325 1099 2508 1155 Pselli
2547 1105 2599 1155 et
2626 1101 2868 1156 aliorum
2897 1101 3115 1158 Scholia
3143 1110 3194 1158 et
3222 1105 3614 1161 Annotationes

1970 1189 2028 1242 in
2055 1191 2299 1260 primum
2327 1191 2576 1260 priorum
2603 1190 3018 1262 Analyticorum
3048 1191 3380 1248 Aristotelis.
3420 1198 3476 1249 P.
3510 1194 3610 1247 Καὶ

1962 1275 2024 1329 τὸ
2056 1273 2279 1331 δέκατον
2306 1271 2525 1352 πρόὸλη
2538 1297 2632 1348 μα.

2032 1364 2316 1441 Ἐξήγησις
2373 1365 2449 1426 είς
2506 1367 2567 1420 τὸ
2618 1370 2835 1441 πρῶτον
2867 1366 2957 1422 καὶ
3016 1365 3264 1442 δεύτερον
3323 1373 3430 1424 τῶν
3469 1391 3605 1446 προ-

1956 1453 2125 1528 τέρων
2203 1452 2575 1509 Ἀναλυτικῶν
2630 1453 2727 1509 τοῦ
2786 1455 3234 1530 Ἀριστοτέλους.
3300 1463 3606 1532 Expositio,

1956 1545 2018 1599 in
2052 1546 2299 1615 primum
2329 1550 2382 1600 et
2409 1545 2704 1600 secundum
2733 1548 2995 1614 prim-um
3031 1548 3447 1619 Anatyticorum
3475 1551 3607 1604 Ari-

1955 1634 2188 1691 stotelis.
2224 1641 2282 1691 P.
2317 1635 2401 1688 Ἐν
2433 1639 2514 1706 τῷ
2542 1635 2746 1710 πρώτῳ
2777 1633 2970 1691 εἰπεῖν.

2024 1723 2312 1798 Ἐξήγησις
2338 1723 2414 1785 είς
2442 1724 2505 1778 τὸ
2537 1728 2753 1798 πρῶτον
2789 1727 2896 1778 τῶν
2946 1723 3180 1799 ὑστέρων
3212 1723 3600 1784 ’Δναλυτικων.

192 1814 237 1870 εἴ
255 1819 392 1871 τῶν.
431 1821 568 1872 Due
613 1817 686 1872 de
735 1816 843 1871 hac
890 1815 1138 1871 materia
1167 1815 1240 1871 ad
1268 1815 1514 1871 Polhum
1547 1815 1843 1872 orationes
1877 1850 1922 1914 Β
1957 1814 2236 1914 Expositio
2266 1816 2326 1868 in
2355 1815 2604 1914 primum
2630 1817 3004 1914 posteriorum
3036 1816 3477 1914 analyticorum.
3537 1817 3599 1875 P.

193 1905 617 1961 indicanturiu
650 1905 993 1961 Bibliotheca
1043 1905 1282 1960 Antonii
1342 1905 1660 1976 Augustini
1710 1905 1840 1961 cod.

196 1995 306 2051 191.
342 2002 434 2050 An
471 1996 595 2052 haec
629 2013 748 2051 una
775 1995 834 2050 in
863 1995 1011 2050 duas
1027 1993 1216 2050 divisa
1246 1995 1362 2063 sit;
1395 1993 1482 2050 vel
1511 2011 1641 2050 vere
1672 1995 1843 2050 binas

193 2083 515 2156 scripserit,
549 2084 692 2139 mihi
728 2101 842 2140 non
864 2082 1068 2154 liquet.

256 2181 641 2252 Paraphrasis
669 2183 731 2236 in
763 2183 982 2237 Homeri
1010 2180 1212 2247 Iliada,
1234 2180 1414 2237 soluto
1437 2182 1493 2253 (g
1519 2181 1575 2253 h)
1596 2196 1842 2237 sermone

191 2274 243 2328 Ρ.
277 2271 390 2338 Τῆν
440 2269 563 2324 εἰπὲ
623 2269 808 2342 μηνὶν,
851 2269 895 2322 ὧ
953 2269 1070 2339 θεὰ,
1124 2272 1221 2323 τοῦ
1279 2269 1399 2323 υἱοῦ
1445 2272 1542 2339 τοῦ
1590 2267 1839 2338 Πηλέως.

189 2361 266 2416 Its
291 2366 523 2431 tamen,
556 2365 623 2415 ut
652 2358 872 2432 singuli
904 2375 1106 2416 versus
1137 2360 1384 2415 seorsim
1421 2359 1632 2414 redditi
1695 2359 1838 2415 sint.

192 2451 317 2506 Eam
355 2450 642 2506 habuisse
673 2449 849 2505 etiam
881 2449 1168 2506 Joannem
1192 2448 1515 2521 Oporinum
1550 2448 1841 2504 Basilcen-

190 2556 326 2606 sem,
366 2539 552 2594 tradit
578 2543 892 2594 GesneruS'

250 2628 534 2702 Εξήγησις
591 2625 667 2688 εἶς
695 2625 792 2688 τὰς
834 2627 872 2680 ε’
901 2625 1081 2703 φωνὰς
1108 2629 1206 2679 τοῦ
1255 2624 1591 2704 Πορφυρίου.
1655 2631 1832 2698 Expo-

185 2720 307 2773 sitio
340 2720 406 2772 in
437 2720 686 2790 quinque
714 2732 866 2773 voces
900 2717 1201 2789 Porphyrii
1242 2717 1302 2771 P.
1337 2715 1490 2770 Διατί
1538 2711 1838 2790 ἀπροσδιο-

186 2804 404 2876 ρίστως.

249 2895 536 2968 Εξήγησις
566 2891 642 2954 εἷς
677 2892 774 2954 τὰς
836 2891 1178 2967 Κατηγορίας
1243 2896 1340 2948 τοῦ
1395 2890 1837 2967 Ἀριστοτέλους.

179 2983 460 3056 Expositio
487 2989 548 3038 in
575 2984 1026 3041 Prgdicamenta
1056 2985 1385 3042 Aristotelis.
1428 2985 1489 3039 P.
1522 2987 1637 3037 Τῶν
1697 3002 1840 3056 πρα-

180 3071 432 3145 γμᾶτων,
463 3072 535 3126 τὰ
567 3072 662 3143 μὲν
694 3075 966 3126 κοινωνεῖ.

245 3159 584 3215 Διδασκαλία
655 3159 923 3232 σῦντομος
996 3158 1084 3214 καὶ
1164 3156 1463 3237 σαφεστάτη
1541 3162 1664 3236 περί
1723 3165 1832 3216 τῶν

177 3244 301 3304 δέκα
385 3253 749 3324 Κατηγοριῶν
779 3295 794 3320 ,
868 3249 955 3303 καὶ
1029 3252 1138 3303 τῶν
1194 3247 1532 3324 Προτέσεων,
1571 3251 1660 3304 καὶ
1725 3256 1831 3305 τῶν

174 3338 610 3414 Συλλογισμῶν,
661 3339 786 3414 περὶ
834 3339 908 3391 ὧν
939 3357 1024 3399 τις
1074 3334 1466 3412 προδιδαχθεὶς
1531 3336 1608 3402 εἷς
1661 3344 1832 3394 πᾶσαν

175 3429 267 3497 μὲν
325 3429 420 3483 καὶ
483 3425 665 3497 ἄλλην
717 3427 1027 3499 ἐπιστήμην
1089 3425 1178 3480 καὶ
1236 3425 1437 3502 τέχνην
1471 3472 1484 3498 ,
1549 3426 1832 3502 ἐξαιρέτως

169 3515 226 3571 δὲ
283 3517 368 3579 εἷς
415 3519 525 3587 τήν
601 3516 859 3592 ῥητορίαν
939 3518 1050 3590 [49]
1130 3513 1366 3577 εὐκλεῶς
1418 3514 1831 3591 ἐμπορεύσεται,

168 3609 438 3663 Doctrina
488 3607 869 3679 compendiosa
897 3649 911 3674 ,
965 3615 1016 3661 et
1063 3623 1228 3677 quam
1277 3609 1528 3662 maxime
1563 3607 1832 3674 dilucida,

163 3696 228 3751 de
255 3699 458 3753 decem
516 3695 986 3760 Praedicamentis,
1034 3696 1512 3765 Propositionibus
1555 3705 1610 3750 et
1648 3695 1834 3768 Syllo-

165 3788 396 3856 gismis,
431 3801 674 3856 quorum
718 3785 940 3851 notitia,
992 3786 1150 3854 prius
1207 3783 1414 3852 habita,
1449 3786 1508 3839 in
1539 3785 1835 3854 quamlibet

161 3877 472 3930 scientiam
516 3879 566 3930 et
595 3885 790 3940 artem,
825 3873 916 3929 sed
947 3873 1231 3928 rhetorum
1260 3873 1629 3944 potissimum,
1678 3875 1836 3944 facili

163 3965 394 4031 negotio
425 3964 632 4034 cuique
679 3961 864 4016 aditus
915 3961 1143 4032 patebit.
1179 3965 1237 4014 P.
1298 3956 1520 4029 Ἐπειδή
1552 3980 1690 4013 τισιν
1734 3960 1837 4014 οὐκ

162 4046 274 4104 οἶδ’
302 4050 432 4114 ὅθεν
470 4048 643 4103 εἰπεῖν
673 4049 772 4116 τήν
803 4051 906 4114 τῆς
934 4045 1300 4120 διαλεκτικῆς.

235 4147 335 4208 Εἲς
423 4147 532 4213 τήν
600 4145 912 4222 Πορφυρίου
985 4143 1332 4220 Εἲσαγωγήν,
1413 4146 1503 4200 καί
1561 4166 1678 4200 τινα
1725 4151 1836 4201 τῶν

159 4234 602 4309 Ἀριστοτέλους
651 4236 1040 4310 Κατηγοριῶν.
1074 4237 1134 4291 1η
1183 4235 1647 4291 lntroductionem
1703 4238 1838 4292 Por-

153 4327 382 4396 phyrii,
416 4333 475 4381 et
513 4325 951 4382 Praedicamenta
984 4325 1315 4380 Azistotelis.
1365 4324 1427 4379 P.
1493 4321 1700 4378 Πολλοῖ
1745 4324 1838 4396 μὲν

158 4413 493 4488 πολλαχῶς
521 4417 628 4467 τῶν
661 4411 929 4488 ἀρχαίων.

221 4505 538 4577 Ἑξήγησις
616 4502 693 4562 εἷς
779 4501 838 4554 τὸ
931 4500 1056 4575 περὶ
1130 4499 1459 4575 Ἐρμηνείας
1540 4501 1840 4575 Ἀριστοτέ-

1954 1902 2171 1962 Σκοπός
2205 1901 2347 1956 ἐστιν
2382 1901 2609 1957 ἐνταῦθα
2638 1907 2717 1974 τῷ
2747 1902 3140 1978 Ἀριστοτέλει.

2023 1997 2412 2075 Προλεγόμενα
2462 2001 2536 2062 εἷς
2567 2000 2693 2064 τοὺς
2742 2000 3088 2078 σοφιστικοὺς
3144 2000 3445 2078 Ἐλέγχους
3505 2007 3601 2058 τοῦ

1949 2087 2363 2161 Ἀριστοτέλους
2391 2134 2404 2146 .
2463 2093 2526 2146 1η
2578 2091 2894 2161 sophisticos
2960 2093 3236 2149 Elenchos
3291 2095 3604 2150 Aristotelis

1950 2179 2372 2249 Prologomena.
2423 2180 2548 2234 "Ott
2605 2178 2699 2252 μὲν
2733 2179 2759 2232 6
2819 2179 2943 2253 περὶ
2998 2178 3355 2249 Ἀποδείξεως
3413 2179 3599 2257 λόγος.

1953 2266 2014 2321 1n
2047 2266 2161 2322 alio
2191 2283 2324 2322 vero
2356 2267 2672 2340 exemplari
2703 2268 2818 2324 ista
2863 2269 3130 2325 Michaeli
3189 2269 3442 2341 Ephesio
3496 2272 3600 2327 tri-

1949 2355 2235 2411 buuntur.

2025 2445 2175 2500 LXX.
2225 2442 2359 2500 Τίνα
2415 2443 2538 2518 περὶ
2599 2443 2871 2518 δαιμόνων
2937 2443 3252 2516 δοξάζουσιν
3306 2446 3595 2519 Ἓλληνες.

1950 2534 2087 2601 Qua!
2132 2534 2196 2588 de
2246 2536 2593 2591 Damonibus
2647 2537 2826 2592 Graeci
2879 2539 3195 2608 opinentur.
3257 2539 3318 2594 P.
3372 2539 3435 2594 Ὁ
3497 2539 3595 2611 μὲν

1948 2623 2217 2693 ἡμέτερος
2300 2621 2468 2697 λόγος
2545 2625 2885 2699 προαιρέσεις
2968 2625 3059 2679 καὶ
3137 2631 3256 2687 τοῖς
3341 2625 3596 2701 ἀγγέλοις

1949 2707 2156 2772 διδούς.
2215 2713 2283 2767 Et
2339 2713 2494 2768 hunc
2529 2720 2666 2784 puto
2723 2731 2854 2770 esse
2893 2715 3142 2771 alterum
3173 2717 3238 2788 (i)
3270 2717 3488 2773 librum
3521 2718 3593 2772 de

1949 2800 2346 2867 Daemonibus,
2379 2819 2447 2857 ex
2495 2819 2610 2874 quo
2658 2803 2955 2859 Marsilius
2988 2804 3276 2877 excerpsit
3327 2822 3412 2873 ea,
3465 2823 3592 2879 quae

1949 2889 2227 2961 leguntur
2275 2890 2480 2946 ultimo
2533 2893 2725 2964 capite
2754 2893 2906 2964 apud
2941 2893 3163 2965 ipsum,
3192 2911 3374 2966 eoque
3405 2895 3593 2968 magis

1949 2979 2132 3034 ducor
2178 2980 2236 3034 in
2290 2979 2440 3035 hanc
2489 2981 2863 3048 sententiam,
2917 2984 3069 3054 quod
3123 2983 3184 3039 in
3226 3001 3350 3040 meo
3397 2985 3594 3041 codice

1949 3068 2151 3122 statim
2186 3073 2315 3138 post
2350 3069 2502 3123 hunc
2531 3073 2866 3126 Tractatum
2898 3071 3170 3142 sequitur
3203 3072 3476 3144 Dialogus
3524 3075 3596 3128 de

1951 3157 2335 3227 dis-monibus,
2369 3157 2424 3211 in
2461 3173 2578 3228 quo
2624 3157 3109 3230 interloquuntur
3154 3161 3506 3217 Timotheus
3538 3167 3595 3218 et

1953 3246 2168 3309 Thrax,
2227 3246 2298 3300 de
2356 3262 2471 3317 quo
2529 3247 2802 3319 superius
2858 3249 2914 3302 in
2976 3248 3141 3304 libris
3189 3249 3362 3305 editis
3421 3250 3594 3306 Pselli

1944 3335 2194 3404 egimus.

2015 3420 2107 3483 Εἷς
2135 3422 2235 3491 τήν
2285 3421 2635 3496 Ψυχογονίαν
2693 3427 2791 3477 τοῦ
2841 3421 3157 3486 Πλάτωνος.
3195 3427 3267 3482 De
3294 3428 3467 3482 animi
3493 3443 3590 3496 ge-

1941 3515 2236 3568 neratione
2265 3513 2410 3583 apud
2440 3514 2746 3569 Platonem.
2782 3514 2840 3568 P.
2863 3513 2932 3567 T6
2968 3514 3061 3586 μὲν
3096 3512 3391 3588 λεγόμενον
3422 3513 3584 3584 ἐστιν,

1943 3599 2024 3654 δτι
2056 3599 2116 3654 οὐ
2152 3598 2345 3672 μάτην.

2013 3691 2124 3762 [50]
2158 3690 2340 3746 Locus
2370 3706 2439 3746 ex
2470 3691 2754 3764 Physicis,
2783 3693 2854 3748 de
2912 3693 3112 3749 anima
3167 3697 3224 3749 et
3279 3698 3472 3750 mente
3521 3695 3584 3750 P.

1942 3781 2088 3840 Νοῦς
2118 3776 2257 3830 ἐστιν
2288 3775 2396 3848 ἕξις
2428 3781 2631 3854 ψυχῆς.

2018 3865 2148 3941 Περὶ
2196 3869 2401 3941 ψυχῆς.
2469 3871 2643 3925 Varia
2697 3873 3031 3942 quaestiones
3084 3872 3157 3928 de
3218 3873 3407 3928 anima
3443 3914 3456 3926 .
3533 3879 3593 3929 P.

1941 3955 2126 4030 Νοερὰ
2169 3956 2264 4028 μὶν
2297 3955 2388 4010 οὖν
2418 3958 2452 4026 ἡ
2485 3958 2664 4032 ψυχὴ,
2696 3954 2905 4032 νοερὸς.

2015 4053 2144 4128 Περὶ
2175 4058 2279 4108 τῶν
2310 4055 2465 4109 πέντε
2496 4052 2776 4127 δυνάμεων
2807 4064 2908 4125 τῆς
2956 4060 3163 4133 ψυχῆς.
3231 4064 3313 4114 De
3362 4062 3602 4132 quinque
3641 4091 3650 4098 -

1943 4146 2309 4216 facultatibus
2340 4149 2566 4205 animae.
2611 4149 2667 4204 Ρ.
2717 4151 2858 4208 Νοῦς
2889 4148 2984 4220 μέν
3017 4147 3158 4203 ἐστιν
3190 4149 3217 4203 6
3249 4150 3438 4213 Θεόθεν
3467 4149 3604 4205 κατὰ

1949 4231 2106 4310 φύσιν
2135 4233 2479 4307 κινούμενος.

2019 4323 2148 4398 Περί
2179 4326 2278 4391 τῆς
2327 4326 2519 4398 χώρας
2566 4331 2666 4394 τῆς
2703 4331 2826 4400 γῆς.
2878 4329 2952 4383 De
2999 4329 3109 4383 situ
3159 4337 3344 4396 terrm,
3395 4330 3598 4401 ﬁgura,

1947 4419 2000 4469 et
2031 4414 2431 4484 magnitudine.
2504 4416 2562 4470 P.
2624 4416 2685 4470 Ἣ
2744 4421 2814 4491 γῆ
2875 4416 2974 4483 τήν
3039 4417 3210 4488 μέσην
3240 4422 3338 4471 τοῦ
3397 4418 3597 4478 παντὸς

1951 4499 2121 4576 ἶλαχι
2165 4503 2372 4577 χώραν.
2424 4505 2546 4560 Non
2601 4522 2691 4560 me
2747 4505 2886 4561 latet
2921 4511 3136 4578 tamen,
3191 4507 3247 4561 in
3303 4508 3418 4564 alio
3478 4525 3600 4563 ma-

151 4613 287 4655 κους
350 4597 421 4650 In
454 4593 769 4648 Aristotelis
800 4592 1030 4656 librum,
1063 4591 1128 4646 de
1167 4591 1642 4663 lnterpretatione,
1676 4609 1834 4662 expo-
1876 4589 1919 4653 D
1951 4592 2256 4664 nuscripto
2311 4593 2663 4665 opusculum
2729 4594 2838 4650 hoc
2890 4595 3216 4668 Nicephoro
3263 4596 3602 4653 Blemmidas

149 4688 304 4742 sitio.
334 4685 405 4739 Ρ·
442 4683 511 4737 Ὁ
550 4679 752 4740 σκοπὸς
772 4683 868 4733 τοῦ
899 4679 1026 4754 περὶ
1060 4677 1390 4752 Ἑρμηνείας
1422 4678 1532 4734 ἐστὶ
1567 4676 1844 4735 διαλαϐεῖν

149 4772 272 4847 περῖ
308 4766 680 4845 Προτᾶσεων,
715 4769 948 4826 diversa
976 4770 1050 4826 ab
1099 4769 1283 4838 edita,
1338 4771 1842 4843 quemadmodum

147 4869 202 4916 et
232 4864 603 4934 sequentes.

217 4951 539 5023 Ἐξτςγησις
572 4945 650 5008 εἷς
680 4946 744 5000 τὸ
776 4947 899 5021 περὶ
933 4946 1260 5020 Ἐρμηνείας
1307 4945 1745 5023 Ἀριστοτέλους.
1779 4952 1838 5004 In

141 5039 492 5096 Aristotelis
551 5037 761 5092 librum
809 5036 874 5092 de
925 5038 1408 5109 Interpretatione,
1453 5039 1742 5109 expositio.
1779 5043 1833 5092 P.

138 5128 355 5181 Θὲσθαι
383 5127 486 5179 νῦν
518 5124 634 5179 ἀντὶ
663 5127 762 5178 τοῦ
795 5123 1099 5198 ὁρίσασθαι.

222 5216 483 5287 εἰῦνοψις
533 5213 624 5266 καὶ
683 5209 1018 5287 μετᾶφρασις
1075 5211 1378 5292 σαφεστᾶνη
1418 5219 1518 5283 τῆς
1593 5211 1841 5269 διδασκα-

135 5305 264 5367 λίας
299 5308 418 5358 τοῦ
475 5303 599 5375 περὶ
651 5301 1004 5374 Ἐρμηνείας·
1065 5304 1327 5377 Synopsis
1376 5312 1432 5360 et
1485 5305 1840 5377 Metaphrasis

1949 4682 2155 4738 tribui.

2019 4769 2157 4824 Πότε
2231 4769 2472 4826 ἐκλείπει
2551 4773 2578 4827 6
2659 4771 2848 4845 ἥλιος,
2924 4774 3010 4828 καὶ
3085 4772 3216 4828 πότε
3271 4775 3306 4843 ἡ
3366 4772 3598 4847 σελήνη,

1947 4860 2036 4913 καὶ
2100 4863 2215 4920 πῶς
2284 4860 2381 4928 τήν
2447 4859 2688 4935 ἔκλειψιν
2740 4861 3063 4939 ἀμφοτέρων
3120 4857 3406 4935 συμϐαίνει
3455 4863 3600 4939 γίνε-

1949 4959 2090 5011 σθαι.
2135 4951 2362 5018 Quando
2391 4951 2571 5021 deﬁcit
2605 4952 2707 5021 sol,
2740 4957 2794 5007 et
2819 4953 3043 5023 quando
3066 4952 3224 5021 luna,
3255 4957 3304 5009 et
3334 4954 3599 5025 quomodo

1948 5041 2231 5111 utriusque
2258 5039 2500 5112 defectus
2529 5043 2834 5112 contingat.
2869 5047 2922 5096 P.
2957 5039 3021 5097 Ei
3058 5041 3152 5113 μὶν
3184 5039 3312 5104 τοὺς
3361 5043 3598 5119 τρόπους

1947 5125 2150 5202 ἐρωτᾷς
2175 5131 2282 5180 τῶν
2315 5126 2630 5202 ἐκλείψεων.

2021 5215 2147 5291 Περὶ
2180 5215 2431 5282 Θυτικῆς.
2470 5221 2542 5274 De
2569 5221 2925 5291 sacriﬁcandi
2952 5222 3187 5278 ratione.
3237 5226 3300 5277 P.
3336 5221 3465 5294 Ηερὶ
3495 5227 3597 5291 τῆς

1947 5311 2182 5374 Θυτικῆς
2213 5303 2521 5379 ἐπιστήμης
2550 5307 2811 5378 ἠξίωσας.

1784 5510 1993 5568 ΝΟΤιἘ

207 5667 380 5742 (9-13)
425 5661 718 5718 Versibus
750 5659 1024 5734 politicis.

485 5791 749 5851 PATROL.
803 5789 912 5850 Gn.
964 5790 1203 5851 CXXII.

2014 5664 2080 5740 (i)
2113 5665 2253 5724 Vide
2281 5683 2483 5742 supra,
2515 5672 2543 5739 §
2572 5669 2662 5743 39,
2693 5686 2750 5743 p.
2781 5670 2871 5727 28.
