4040 6196
404 346 536 411 ’523

489 482 622 559 Περὶ
695 481 1057 559 χρυσοποιίας
1118 481 1252 557 πρὸς
1327 481 1421 536 τὸν

424 571 686 650 Μιχαήλ.
721 579 801 630 De
827 576 958 630 auri
1005 572 1344 645 conﬁciendi
1372 571 1609 631 ratione;
1641 568 1715 623 ad
1746 569 1816 621 D.
1849 563 2074 619 Michae~

429 667 538 722 lem
567 663 968 736 patriarcham.
1001 663 1063 717 P.
1116 662 1300 736 Ὁρᾷς,
1360 659 1388 713 6
1428 658 1560 731 ἐμὸς
1609 653 1896 724 δεσπότης,
1927 653 1957 707 ’ὁ
2009 671 2076 723 με

429 756 628 822 ποιεῖς,
678 753 714 821 ἡ
762 757 865 820 τῆς
904 749 1044 823 ἐμῆς
1094 751 1278 823 ψυχῆς
1302 746 1567 822 τυραννίς.
1622 747 1768 801 Vide
1806 760 1986 815 supra
2017 742 2073 796 in

434 841 631 911 editis,
658 842 688 914 §
716 842 805 896 38.

510 928 637 1004 Περὶ
670 931 968 1007 Σφυγμῶν.
1001 933 1079 985 De
1106 927 1390 983 Pulsibus.
1441 927 1502 982 P.
1534 924 1692 981 "wa
1741 919 1807 993 δή
1853 942 1938 976 σοι
1985 918 2078 975 καὶ

433 1020 494 1074 τὸ
525 1020 647 1094 περὶ
679 1021 976 1095 Σφυγμῶν.

507 1110 709 1177 Ἀποση
721 1105 943 1179 μείωσις
972 1105 1392 1180 Πυρεττώντων,
1423 1106 1561 1161 Nola
1583 1104 1656 1160 de
1681 1101 2074 1159 Febrientibus.

434 1202 491 1254 P.
524 1196 588 1250 Ei
617 1193 909 1265 κατεκλίθη
943 1196 971 1249 6
1004 1199 1176 1249 νοσῶν
1209 1193 1263 1249 ὲν
1293 1193 1465 1269 ἀρχῇ.

503 1286 691 1342 LXXI.
744 1283 1001 1350 Ἰατρικὸν
1060 1283 1197 1358 πρὸς
1247 1286 1647 1337 Κωνσταντῖνον
1711 1280 1805 1335 τὸν
1860 1284 2077 1352 Πορφυ-

430 1373 768 1449 ρογὲννητον.
829 1372 1253 1429 Medicinalead
1302 1374 1724 1429 Constantinum
1760 1369 2076 1440 Porphyro-

426 1469 740 1535 gennetam.
815 1462 875 1518 P.
935 1461 1045 1523 Τὰς
1118 1459 1551 1537 προσταχθείσας
1614 1457 1879 1531 ἐπιτομάς
1930 1456 2077 1528 παρὰ

423 1557 526 1620 τῆς
559 1557 657 1620 σῆς
690 1548 993 1621 θειότητος,
1026 1551 1335 1606 Tractatus
1370 1548 1633 1622 prommii
1667 1548 1812 1603 mihi
1845 1547 2074 1618 copiam

426 1641 584 1710 fecit,
616 1640 703 1695 vir
729 1637 1066 1713 τετράγωνος
1127 1638 1406 1695 Melcbior
1462 1637 1747 1703 Inchot‘er,
1810 1636 2078 1690 Messana

426 1728 641 1797 delati;
674 1728 1046 1800 ipsum,quia
1077 1728 1267 1782 adhuc
1300 1728 1585 1782 ineditum
1619 1729 1800 1796 est,ut
1833 1724 2072 1778 modum

1799 338 2086 400 LEONIS
2131 337 2446 402 ALLATll

1504 475 1850 554 πατριάρχην
1908 476 2061 546 κῦριν

2191 475 2396 531 mentis
2427 476 2736 550 celebrem,
2795 481 3059 554 artisque
3087 481 3362 538 exercitio
3417 482 3715 538 eruditum
3748 483 3822 538 in-

3715 351 3825 408 524

2184 561 2357 633 nuit),
2408 569 2722 623 tractatum
2754 567 2925 624 illum
2971 569 3345 643 conscripsit,
3383 571 3514 640 jam
3574 570 3821 627 Psellum

2190 648 2340 707 ultra
2385 660 2618 711 centum
2672 662 2732 712 et
2778 659 3172 730 quadraginta
3226 675 3414 715 annos
3468 658 3703 727 vixisse,
3761 661 3821 715 ad

2186 740 2343 798 hunc
2377 743 2525 799 diem
2560 745 3246 813 inauditum,dicendum
3276 752 3387 804 est.
3411 750 3599 813 Quare
3632 747 3718 804 vel
3742 748 3827 805 hic

2185 827 2411 885 Psellus
2442 830 2594 889 alius
2623 838 2714 890 est
2742 851 2773 889 a
2805 833 3105 891 Michaelis
3135 835 3304 891 Duces
3338 841 3715 909 praceptore,
3745 835 3822 892 vel

2186 917 2412 974 Psellus
2443 922 2682 978 omnino
2715 939 2832 978 non
2873 927 2983 979 est.

2259 1006 2467 1065 LXXII.
2529 1006 2859 1065 Διδασκαλίαι
2915 1007 3234 1081 παντοδαπή
3296 1014 3406 1085 (j),
3465 1011 3557 1067 καὶ
3617 1011 3819 1073 πάντως

2184 1093 2582 1170 ἀναγκαιοτάτη
2642 1099 2694 1154 ἐν
2754 1100 2940 1154 ἑκατὸν
2997 1097 3317 1170 ἐνενήκοντα
3362 1101 3499 1176 πρὸς
3550 1106 3668 1163 τοῖς
3714 1102 3827 1156 τὲσ-

2186 1203 2342 1258 σάρσι
2398 1185 2715 1263 κεφαλαίοις
2769 1186 3161 1262 θεωρουμένη,
3214 1191 3394 1264 χωρὶς
3448 1192 3555 1244 τῶν
3606 1186 3823 1265 σχεδια-

2187 1273 2418 1328 σθὲντων
2475 1274 2670 1351 ἐτέρων
2730 1273 3003 1354 διαφόρων
3054 1275 3233 1352 λόγων
3291 1277 3381 1331 καὶ
3436 1278 3640 1352 στίχων
3696 1280 3821 1351 πρὸς

2187 1358 2479 1440 διαφόρους
2558 1364 2863 1436 ὑποθέσεις,
2937 1363 3208 1428 ἐκτεθεῖσα
3272 1365 3410 1440 πρὸς
3465 1366 3559 1422 τὸν
3618 1362 3825 1422 εὐσεϐὲ-

2186 1471 2374 1504 στατον
2449 1451 2538 1506 καὶ
2600 1450 2852 1527 ἀοίδιμον
2925 1450 3154 1529 βασιλέα
3223 1453 3377 1530 κύριν
3446 1453 3683 1530 Μιχαὴλ
3740 1457 3829 1511 τὸν

2186 1543 2388 1594 Λοῦκαν
2446 1539 2817 1619 αὐτοκράτορα
2873 1543 3156 1620 γεγονότα.
3216 1546 3473 1601 Doctrina
3504 1548 3828 1618 omnifaria,

2182 1632 2233 1686 et
2262 1632 2484 1688 omnino
2513 1635 2826 1690 necessaria
2861 1637 3084 1691 centum
3111 1635 3421 1706 nonaginta
3449 1640 3688 1707 quatuor
3736 1653 3823 1692 ca-

2182 1721 2390 1792 pitibus
2436 1725 2847 1794 comprehensa,
2878 1728 3089 1794 praeter
3114 1724 3258 1779 alios
3291 1725 3479 1780 varios
3527 1724 3827 1794 discursus,

428 1819 599 1875 etiam
641 1816 946 1873 tractionis
975 1816 1215 1887 habeas,
1250 1815 1345 1871 hic
1404 1831 1694 1888 apponam
1719 1830 1731 1868 :
1766 1811 1876 1872 Τὰς
1903 1829 2072 1885 προσ·
2105 1837 2155 1903 Β
2185 1816 2237 1866 et
2264 1812 2518 1868 carmina
2545 1828 2615 1869 ea:
2640 1816 2881 1885 tempore
2916 1812 3132 1868 dictata
3160 1812 3232 1868 ad
3270 1824 3606 1884 argumenta
3630 1817 3832 1877 varia.-

426 1903 719 1981 ταχθείσας
791 1902 1063 1976 ἐπιτομὰς
1120 1904 1267 1978 παρὰ
1318 1905 1415 1973 τῆς
1476 1909 1576 1972 σῆς
1636 1900 1947 1971 θειότητος,
2021 1897 2080 1953 ἐκ

428 1997 566 2049 Θεοῦ
625 1992 1001 2068 αὐτοκράτωρ,
1062 1992 1187 2066 περὶ
1244 1997 1346 2060 τῆς
1400 1995 1509 2045 τῶν
1570 1990 1828 2066 ἰατρικῶν
1869 2000 2077 2063 θεωρη-

431 2084 613 2153 μάτων
694 2087 1016 2156 συναγωγῆς
1097 2075 1326 2135 ἔσπευσα
1400 2080 1537 2135 κατὰ
1594 2082 1655 2134 τὸ
1711 2077 1934 2134 δυνατὸν
1993 2074 2083 2131 διὰ

426 2169 721 2244 συντομίας
772 2170 913 2242 ὁμοῦ
960 2168 1050 2223 καὶ
1103 2168 1393 2239 σαφηνείας
1440 2173 1612 2223 πᾶσαν
1669 2169 1770 2237 τήν
1831 2168 2079 2241 ῗατρικὴν

424 2257 693 2328 ἐπελθεῖν,
748 2256 918 2331 μηδὲν
961 2258 1097 2313 κατὰ
1130 2256 1359 2331 δύναμιν
1403 2262 1512 2313 τῶν
1567 2257 1873 2332 ἀναγκαίων
1920 2258 2082 2333 ὑπερ-

420 2353 572 2422 ορᾷν,
630 2346 860 2403 ’ἑκαστον
923 2344 1208 2418 ἐκθέμενος
1268 2352 1376 2402 τῶν
1433 2347 1799 2420 παθημάτων,
1857 2350 2080 2421 πρῶτον

424 2436 518 2510 μὲν
575 2438 671 2498 τὰς
733 2436 905 2498 αἰτίας
962 2434 1319 2509 ὑπαγορεύων
1381 2442 1609 2513 σαφῶς,
1680 2434 1926 2510 δεύτερον
1986 2436 2081 2497 τάς

2188 1899 2257 1954 ad
2291 1902 2625 1977 piissimum
2674 1909 2726 1957 et
2786 1902 3055 1959 celebrem
3112 1903 3506 1974 imperatorem
3552 1902 3829 1959 dominum

2188 1988 2505 2046 Michaelem
2534 1991 2760 2046 Ducum.
2795 1995 2858 2046 P.
2892 1988 3138 2045 Πιστεύω
3191 1990 3267 2052 εἷς
3314 1986 3407 2044 ἕνα
3456 1990 3668 2066 Πατέρα
3724 1996 3832 2046 τῶν

2188 2077 2403 2132 πάντων
2436 2076 2639 2154 ἄρχήν.
2672 2080 2894 2153 Capito,
2928 2097 3055 2153 quae
3085 2080 3144 2136 in
3177 2097 3246 2136 ea
3276 2084 3674 2147 continentur,
3706 2086 3843 2137 sunt

2193 2168 2540 2240 sequentia:
2602 2168 2667 2226 α’.
2713 2168 2846 2240 Περὶ
2886 2167 3169 2241 ὀνομάτων
3216 2172 3380 2223 τινῶν
3426 2166 3737 2245 λεγομὲνων
3789 2168 3837 2223 ἐν

2190 2259 2269 2327 τῷ
2321 2259 2429 2311 τῶν
2485 2257 2819 2331 Χριστιανῶν
2867 2253 3124 2332 δόγματι.
3178 2256 3246 2331 β’.
3322 2258 3449 2333 Περὶ
3502 2257 3697 2321 οὐσίας
3751 2256 3836 2313 καὶ

2195 2344 2444 2422 φύσεωςο
2502 2347 2588 2422 γ’.
2665 2346 2795 2422 Περὶ
2836 2344 3253 2402 ἐνυποστάτων.
3313 2342 3374 2401 δ’.
3436 2347 3565 2422 Περὶ
3637 2348 3840 2420 ὁμοουο

2196 2433 2334 2488 σίου.
2395 2435 2452 2491 ε’.
2525 2434 2657 2511 Περὶ
2730 2436 3169 2507 ὁμοῦποστάτου.
3230 2437 3295 2499 ς’.
3356 2434 3485 2511 Περὶ
3536 2434 3839 2492 ἐνυποστά-

427 2527 761 2597 σημειώσεις
816 2523 885 2580 δι’
940 2525 1013 2578 ῶν
1077 2522 1280 2599 ῥᾳδίως
1324 2527 1757 2599 γνωσθήσονται,
1819 2526 1914 2588 εἷθ’
1965 2526 2089 2595 ἑξῆς
2197 2542 2372 2580 σεων.
2435 2525 2493 2593 ζ’.
2564 2525 2693 2599 Περὶ
2754 2519 3054 2585 ούσιώδους
3108 2522 3352 2587 ἑνώσεως
3404 2523 3494 2578 καὶ
3552 2521 3841 2602 διαφορᾶς.

427 2614 529 2681 τήν
583 2612 890 2689 θεραπείαν,
951 2610 1021 2666 δι’
1075 2614 1141 2680 ἣν
1197 2613 1373 2666 πάντα
1428 2613 1564 2667 κατὰ
1586 2612 1786 2687 τέχνην
1823 2611 2087 2687 θεραπεύο
2197 2613 2293 2682 η’.
2354 2613 2434 2676 θ’.
2506 2613 2638 2688 Περὶ
2708 2613 3077 2683 ὑποστατικῆς
3126 2610 3368 2676 ἐνώσεως
3410 2613 3501 2667 καὶ
3553 2610 3839 2692 διαφορᾶς.

438 2722 628 2773 σομεν,
689 2701 953 2776 πρότερον
1022 2701 1129 2755 ἀπὸ
1186 2699 1432 2774 κεφαλῆς
1489 2701 1821 2775 ἀρξάμενοι,
1884 2700 1973 2757 διὰ
2027 2702 2090 2756 τὸ
2203 2701 2254 2768 ι’,
2289 2707 2373 2757 ια’.
2407 2702 2536 2776 Περὶ
2566 2707 2666 2770 τῆς
2712 2701 2861 2778 ἁγίας
2918 2698 3170 2774 Τριάδος.
3206 2702 3293 2776 ιβ’·
3351 2699 3606 2776 Περίτοῦ
3637 2702 3845 2773 τρόπου

442 2788 614 2845 ἐκεῖσε
647 2786 920 2865 ἱδρύεσθαι
949 2789 1012 2843 τὸ
1057 2788 1201 2863 ἱερὸν
1242 2796 1343 2857 τῆς
1394 2787 1626 2863 λογικῆς
1679 2794 1884 2866 ψυχῆς.
1932 2794 2093 2850 Iussu
2199 2796 2298 2858 τῆς
2330 2787 2674 2853 ἀντιδόσεως.
2703 2798 2784 2866 ιγ’.
2842 2791 2973 2866 Περὶ
3001 2797 3102 2860 τῆς
3127 2789 3273 2854 θείας
3307 2789 3569 2853 ἐνώσεως.
3605 2788 3694 2848 ιδ’.
3720 2792 3845 2866 Περὶ

444 2885 538 2936 tuo
568 2879 729 2946 mihi,
763 2879 1112 2934 divinissime
1136 2882 1454 2951 imperator,
1476 2882 1801 2954 compendia
1831 2884 1899 2939 de
1930 2886 2076 2941 Medi

2202 2878 2410 2959 φύσεως
2442 2878 2700 2944 ἀπαθοῦς.
2736 2881 2815 2935 ιε’.
2870 2879 2961 2944 Τίς
3017 2880 3045 2934 ὁ
3086 2878 3235 2941 Θεός.
3292 2880 3376 2944 ις’.
3418 2879 3479 2936 Εἰ
3511 2878 3739 2954 ἄπειρον
3788 2879 3851 2934 τά

452 2969 732 3024 talionum
760 2967 1099 3025 medicorum
1145 2969 1467 3026 collectione
1493 2969 1851 3045 demandata,
1880 2990 1980 3046 pro
2008 2976 2076 3029 vi-

2204 2975 2359 3024 Θεῖον
2387 2971 2475 3025 καὶ
2508 2973 2625 3032 πῶς
2654 2970 2898 3044 ἄπειρον.
2931 2968 3012 3038 ιζ’.
3038 2972 3161 3030 Πῶς
3194 2965 3333 3023 οἶδεν
3365 2969 3395 3024 6
3424 2968 3554 3031 Θεὸς
3582 2968 3654 3023 τὰ
3689 2990 3851 3041 μετα-

454 3058 605 3113 rium
634 3073 877 3113 mearum
910 3058 1147 3127 modulo,
1177 3059 1552 3130 compendiose
1591 3069 1751 3133 atque
1794 3066 2074 3135 perspicue

2210 3056 2525 3133 βαλλόμενα
2572 3059 2886 3133 πράγματα.
2942 3060 3013 3128 ιη’
3056 3058 3189 3114 Ἀπὸ
3236 3056 3400 3112 ποίου
3443 3057 3669 3133 πρώτου
3705 3079 3854 3114 στοι-

447 3163 669 3203 omnem
711 3146 1000 3204 medicinae
1043 3149 1371 3218 facultatem
1399 3165 1743 3220 percurrens,
1773 3153 2076 3225 nullumqw

2207 3147 2361 3222 χείου
2391 3145 2593 3220 ἤρξατο
2621 3148 2714 3202 τὸν
2743 3147 2948 3219 κόσμον
2977 3151 3152 3201 ποιεῖν
3188 3146 3215 3201 6
3258 3142 3409 3208 Θεός.
3446 3148 3527 3203 ιθ’.
3563 3145 3741 3211 Πόθεν
3772 3143 3854 3201 ἔν·

448 3251 519 3291 αις
559 3237 886 3293 necessariis
926 3237 1229 3308 negligens,
1275 3238 1373 3294 sed
1419 3241 1705 3296 universos
1750 3243 1968 3297 morbos
1995 3257 2076 3297 ea:-

2204 3257 2352 3291 νοιαν
2406 3229 2568 3312 ἔσχον
2617 3240 2755 3291 Θεοῦ
2785 3238 2898 3309 [52]
2928 3231 3227 3310 ἅνθρωποι.
3260 3240 3326 3291 κ’.
3370 3235 3598 3310 Πότεροι
3628 3235 3860 3299 πλείους

438 3341 667 3396 ponens,
716 3327 998 3382 absolvere
1046 3329 1203 3382 nisus
1240 3344 1381 3383 sum.
1429 3331 1687 3384 Primum
1713 3332 1864 3385 enim
1892 3347 2093 3388 causas

438 3418 629 3485 aperte
639 3417 870 3471 enuntio
883 3434 908 3482 ;
924 3431 1085 3472 secun
1093 3417 1177 3485 do,
1183 3433 1285 3488 per
1304 3433 1440 3487 quas
1454 3433 1565 3473 non
1578 3418 1769 3488 (ti/ﬁcu
1778 3419 1882 3474 lter
1900 3419 2091 3491 digno-

400 3532 403 3539 ι
433 3506 677 3572 scentur,
706 3508 897 3566 notas;
928 3504 1150 3560 tandem
1179 3505 1386 3574 media,
1436 3522 1534 3578 per
1563 3522 1681 3577 qua
1730 3506 1842 3580 [51]
1903 3510 2090 3564 omnia

2202 3329 2255 3382 οἱ
2303 3326 2546 3403 ἄγγελοι,
2595 3326 2629 3396 ἢ
2663 3328 2714 3382 οἱ
2742 3327 3039 3403 ἄνθρωποι.
3071 3332 3169 3396 κα’,
3209 3326 3316 3402 κβ’,
3348 3328 3448 3403 κγ’,
3477 3324 3580 3396 κδ’,
3613 3328 3717 3399 κε’,
3750 3328 3855 3399 κς’,

2199 3418 2297 3488 κζ’,
2331 3424 2437 3489 κη’,
2466 3419 2562 3474 κθ’.
2592 3416 2722 3491 Περὶ
2752 3419 2867 3473 νοῦ.
2901 3416 2971 3484 Λ’,
3002 3413 3106 3483 λα’,
3138 3414 3250 3489 λβ’,
3279 3414 3383 3490 λγ’,
3435 3412 3538 3487 λδ’,
3589 3415 3693 3486 λε,
3749 3414 3856 3485 λς’,

2202 3503 2303 3574 λς,
2337 3504 2444 3576 λη’.
2476 3503 2579 3576 λοι
2619 3506 2691 3576 μ’,
2728 3510 2834 3577 μα’,
2870 3504 2984 3580 μβ’.
3020 3505 3125 3579 ei.
3164 3501 3269 3577 μδί
3303 3510 3402 3577 με’.
3437 3512 3545 3577 μέ.
3579 3511 3693 3577 με’·
3722 3507 3855 3580 Περὶ

430 3592 730 3663 artiﬁciose
769 3593 1116 3650 curabimus.
1155 3595 1322 3649 Prius
1369 3610 1402 3648 a
1450 3596 1650 3666 capite,
1708 3595 1851 3667 quod
1911 3597 1973 3650 in
2027 3612 2087 3652 eo

428 3696 586 3736 sacra
613 3698 745 3752 pars
773 3681 979 3736 animm
1010 3682 1303 3737 rationalis
1358 3682 1656 3751 inhaereat,
1707 3684 2082 3741 exordiamur.

435 3770 515 3823 Ex
572 3785 768 3841 ungue
816 3768 1066 3839 leonem,
1126 3778 1181 3826 et
1211 3787 1279 3826 ex
1308 3771 1417 3827 hoc
1468 3772 1627 3828 disce
1657 3781 1882 3830 caetera.
1916 3775 2086 3831 Liber

430 3863 628 3913 tamen
662 3859 1130 3914 contemnendus
1152 3876 1266 3915 non
1299 3865 1409 3931 est,
1441 3862 1544 3917 sed
1578 3879 1730 3934 saepe
1761 3880 1870 3918 sua
1898 3863 2083 3920 brevi-

435 3949 552 4001 tate
582 3944 970 4017 expeditus,et
1000 3949 1273 4005 remediis
1305 3966 1337 4006 a
1368 3950 1801 4022 probatissimis
1832 3952 2080 4025 scripto-

427 4032 604 4090 rebus
633 4034 873 4090 delectis
895 4036 1385 4109 transcriptisque
1415 4042 1474 4094 et
1506 4039 1770 4110 pepulari
1799 4039 2078 4113 loquendi

422 4124 617 4178 forma
647 4124 963 4195 proficuus.
1001 4125 1175 4181 Pselli
1225 4130 1421 4182 tamen
1465 4131 1765 4199 utcunque
1797 4147 1911 4186 non
1961 4137 2071 4188 est.

416 4211 615 4283 Neque
644 4212 801 4268 enim
834 4214 894 4268 in
927 4215 1174 4270 dicendo
1208 4215 1616 4285 acrimoniam,
1653 4234 1757 4274 nec
1788 4218 1847 4273 in
1881 4237 1941 4276 re
1971 4238 2067 4276 ex-

418 4301 706 4373 pedienda
754 4301 1054 4358 solertiam
1106 4303 1457 4360 Psellianam
1506 4323 1624 4378 pra).
1664 4323 1727 4362 se
1768 4308 1898 4363 fert.
1957 4311 2071 4367 Nec

413 4390 634 4462 patitur
695 4391 753 4446 id
814 4391 1156 4463 imperator,
1217 4392 1313 4447 cui
1369 4397 1654 4450 tractatus
1704 4396 2065 4454 inscribitur.

408 4476 539 4532 Sive
568 4477 724 4532 enim
771 4477 1237 4534 Constantinum
1297 4480 1912 4555 Porphyrogcnnetam
1946 4488 2065 4557 pri-

2183 4212 2433 4279 δύναμις.
2493 4215 2569 4277 νς’
2603 4256 2616 4270 .

2183 4237 2433 4288 ουναμις.
2493 4237 2556 4277 νς
2603 4256 2616 4270 .
2678 4237 2836 4267 ιιοιαι
2893 4237 2947 4266 αι
3002 4237 3100 4281 της
3151 4237 3338 4286 ψυχης
3398 4237 3691 4284 ουναμεις,
3755 4237 3847 4268 και

2182 4304 2339 4367 τίνες.
2392 4304 2492 4373 νζ’.
2552 4304 2620 4361 Τί
2681 4301 2790 4356 ἐστι
2851 4300 3028 4378 φύσις·
3078 4301 3183 4369 νῆ’.
3234 4300 3328 4362 Τίς
3361 4302 3396 4370 ἡ
3435 4298 3716 4375 διαίρεσις
3747 4307 3856 4357 τῶν

2176 4397 2369 4448 κοινῶν
2421 4392 2699 4468 ἐνεργειῶν
2728 4396 2826 4459 τῆς
2869 4392 3054 4464 ψυχῆς
3086 4388 3221 4461 πρὸς
3248 4391 3309 4444 τό
3345 4409 3529 4462 σωμα.
3563 4391 3679 4447 νϐ’.
3721 4392 3864 4445 Πότε

2176 4485 2211 4552 ἡ
2242 4484 2394 4558 ψυχὴ
2426 4486 2506 4554 τῷ
2536 4478 2817 4552 κυουμένῳ
2855 4476 3061 4531 ἑνοῦται
3095 4478 3330 4550 σώματι.
3376 4478 3434 4550 ξ’.
3496 4482 3628 4540 Πῶς
3697 4478 3860 4533 ἓνοῦσ

2196 3595 2404 3667 ψυχῆς.
2449 3595 2565 3667 μη’.
2606 3594 2668 3651 Εἰ
2694 3588 3034 3667 μεταϐάλλοι
3057 3593 3210 3669 ψυχὴ
3242 3592 3319 3657 εἷς
3347 3590 3604 3669 ἄγγελον.
3642 3596 3752 3650 Λθ’.
3791 3594 3852 3651 El

2194 3681 2433 3758 ἄναρχος
2490 3686 2524 3749 ἡ
2588 3685 2766 3758 ψυχή.
2824 3684 2887 3739 ν’.
2940 3676 3347 3758 Ἀκριϐἑστερον
3389 3681 3514 3757 περὶ
3576 3685 3851 3759 ψυχικῶν

2193 3767 2493 3844 δυνάμεων.
2542 3772 2637 3827 να’.
2684 3775 2806 3835 Πῶς
2862 3772 2890 3826 6
2949 3770 3175 3827 Πλάτων
3218 3772 3474 3847 γεννητὴν
3531 3772 3684 3846 όμοῦ
3748 3775 3852 3842 τήν

2190 3862 2372 3936 ψυχὴν
2420 3858 2510 3915 καὶ
2566 3859 2825 3914 ἀθάνατον
2885 3858 3256 3936 ἀποφαίνεται.
3312 3862 3413 3936 νβ’.
3477 3863 3580 3925 Τίς
3613 3864 3653 3933 ἡ
3696 3862 3855 3920 Πλα-

2185 3950 2387 4019 τωνική
2418 3946 2745 4024 ψυχογονία.
2794 3948 2894 4022 νγ’.
2929 3945 3079 4002 Διατί
3129 3949 3164 4017 ἡ
3213 3950 3366 4022 ψυχὴ
3402 3949 3541 4021 μέση
3585 3955 3710 4005 τῶν
3747 3972 3847 4025 με-

2187 4041 2382 4111 ριστῶν
2432 4035 2521 4091 καί
2562 4033 2866 4111 ἀμερίστων
2923 4032 3157 4108 λέγεται.
3211 4032 3308 4090 νδ’.
3368 4034 3529 4090 Ποίαν
3554 4038 3757 4113 ψυχὴν
3830 4037 3857 4092 6

2186 4123 2416 4182 Πλάτων
2468 4124 2518 4178 ἐν
2562 4124 2778 4198 Τιμαίῳ
2818 4127 3015 4198 γεννᾷ.
3070 4124 3179 4179 γε’.
3241 4120 3339 4184 Τίς
3391 4124 3422 4192 ἡ
3480 4129 3581 4191 τῆς
3652 4128 3851 4200 ψυχῆς

2677 4217 2836 4267 Ποῖαι
2893 4212 2947 4266 αἱ
3002 4217 3100 4281 τῆς
3151 4218 3338 4286 ψυχῆς
3398 4208 3691 4284 δυνάμεις,
3755 4214 3847 4268 καὶ

410 4581 596 4632 mum,
653 4565 773 4621 sive
822 4569 1172 4638 secundum,
1228 4568 1331 4640 qui
1382 4586 1515 4625 cum
1549 4571 1763 4628 Basilio
1821 4574 2067 4647 imperio

2191 4594 2261 4627 :1:
2289 4576 2366 4643 .ςῴ
2396 4571 2608 4644 σώματι
2650 4570 2684 4637 ἡ
2733 4568 2909 4642 ψυχή.
2944 4566 3038 4635 ξεί.
3074 4565 3207 4639 Περὶ
3238 4569 3337 4639 τῇς
3367 4563 3578 4640 ἀλόγου
3612 4569 3843 4643 ψυχῆς,

408 4655 658 4725 ριιωΐιιίι,
693 4654 1011 4727 intelligas,
1046 4655 1277 4712 Psellus
1308 4664 1514 4714 auctor
1542 4675 1671 4716 esse
1703 4679 1818 4718 non
1849 4666 2062 4735 potuit,

2302 4660 2390 4722 Τίς
2422 4661 2458 4729 ἡ
2505 4656 2797 4733 βούλησις,
2846 4654 2937 4709 καὶ
2978 4653 3058 4714 τίς
3119 4655 3147 4707 6
3199 4654 3493 4729 πρακτικὸς
3540 4653 3859 4730 λογισμός.

409 4761 581 4815 quem
618 4742 726 4800 sub
778 4743 1024 4815 imperio
1067 4745 1253 4801 Alexii
1284 4750 1582 4803 Commeni
1613 4750 1807 4807 vivum
1867 4755 2060 4811 adhuc

2191 4752 2260 4828 γ’.
2309 4749 2437 4823 Περὶ
2486 4744 2850 4823 προαιρέσεως
2894 4743 2986 4799 καὶ
3033 4750 3359 4820 προσοχῆς.
3429 4740 3520 4813 ξδ’.
3583 4746 3849 4820 Πότερον

406 4831 927 4905 deprehendimus,
980 4832 1096 4888 nisi
1146 4838 1287 4889 tunc
1320 4836 1605 4908 primum,
1635 4845 1693 4895 et
1722 4846 1950 4912 natum,
2002 4850 2059 4900 et

2191 4865 2200 4910 λ
2250 4840 2405 4914 ψυχή
2440 4837 2625 4893 λύεται
2675 4834 2780 4889 ἀπὸ
2802 4833 2898 4887 τοῦ
2930 4834 3204 4906 σώματος,
3237 4831 3272 4902 ἢ
3302 4831 3365 4886 τὸ
3396 4837 3557 4904 σῶμα
3586 4832 3713 4889 ἀπὸ
3736 4842 3843 4904 τῆς

402 4920 585 4978 libros
615 4926 1061 4993 componentem
1089 4922 1277 4980 dicere
1301 4924 1587 4997 velimus;
1623 4933 1681 4984 et
1709 4933 1849 4986 tunc
1879 4932 2053 4989 etiam

2191 4935 2375 5003 μυχῆς.
2438 4926 2538 4997 ξη’.
2596 4928 2718 4985 Πῶς
2753 4922 3032 4997 συνέχεται
3078 4925 3114 4992 ἠ
3165 4923 3321 4996 ψυχὴ
3381 4919 3432 4976 ἐν
3465 4925 3545 4993 τῷ
3576 4923 3844 4995 σώματι.

400 5011 575 5067 vitam
609 5012 737 5083 ejus
786 5011 943 5066 ultra
989 5013 1379 5070 centesimum
1435 5032 1657 5072 annum
1708 5021 2049 5090 productam

2192 5020 2258 5088 ς’,
2309 5019 2402 5088 EC,
2434 5017 2536 5088 ξη’,
2570 5016 2641 5088 ξθ⁹
2673 5020 2734 5082 o’,
2769 5018 2868 5081 σοι’,
2900 5012 3003 5087 οβ’,
3037 5012 3135 5088 ογ’,
3167 5008 3229 5065 οδ
3274 5011 3370 5079 οε’,
3419 5010 3518 5077 ος’,
3573 5014 3665 5081 οξ
3734 5022 3847 5083 σπη’,

397 5100 564 5156 fateri
607 5115 904 5172 cogemur.
958 5101 1121 5167 Quod
1171 5102 1218 5157 si
1274 5103 1517 5176 triginta
1548 5123 1736 5163 annos
1768 5113 1941 5164 natus
1992 5115 2050 5165 et

2194 5109 2259 5179 θ’,
2311 5108 2384 5173 π’,
2435 5112 2542 5162 πα¹,
2594 5104 2721 5178 Περὶ
2770 5102 2995 5177 ἀρετῶν.
3044 5101 3158 5175 πβ“.
3208 5100 3329 5156 Τίνι
3365 5096 3613 5177 διαφέρει
3677 5102 3839 5178 ἀρχὴ

396 5189 657 5261 amplius
716 5190 783 5244 ad
839 5189 1062 5256 minus,
1114 5194 1179 5246 ut
1226 5193 1550 5251 verisimile
1591 5200 1681 5251 est
1727 5198 2045 5268 (auctorem

2195 5197 2248 5254 αὶ
2280 5200 2548 5270 στοιχεῖα.
2578 5193 2689 5267 πγ“.
2724 5192 2855 5263 Περὶ
2884 5194 2990 5244 τῶν
3023 5188 3237 5265 ἀρχῶν,
3266 5187 3320 5243 τί
3348 5188 3472 5261 εἰσι,
3514 5185 3639 5247 τπδ’.
3699 5191 3843 5268 Περὶ

393 5280 577 5347 enim,
609 5277 852 5335 allatum
884 5277 1187 5336 exordium
1221 5285 1389 5339 aetate
1421 5288 1781 5355 provectum,
1824 5289 2043 5361 experi.

2191 5288 2321 5346 δεῶν
2355 5291 2453 5343 περ’.
2491 5282 2621 5357 Περὶ
2651 5275 2951 5355 δαιμόνων,
2984 5278 3071 5334 καὶ
3092 5278 3317 5353 ἡρώων.
3349 5278 3457 5341 πς’.
3494 5279 3639 5353 Περὶ
3676 5279 3862 5350 ὕλης.

2012 5463 2058 5519 Ν
2065 5464 2225 5522 ΟΤΛΕ

475 5590 541 5666 (j)
574 5588 767 5666 Hujus
789 5587 979 5666 prima
1027 5588 1259 5666 aliquot
1286 5593 1479 5666 capita
1527 5594 1723 5654 Graece
1760 5603 1817 5656 et
1852 5603 2052 5663 Latine

624 5592 767 5678 ejus,
789 5592 979 5678 prima
1027 5592 1261 5678 aliquot
1286 5593 1479 5678 capita
1527 5594 1723 5678 Graece
1760 5603 1817 5678 et
1852 5603 2052 5678 Latine
2161 5607 2449 5678 integram
2483 5596 2933 5678 communicabo
2962 5611 3095 5652 cum
3129 5593 3345 5652 lectore
3368 5592 3522 5649 infra
3543 5592 3631 5648 ad
3657 5592 3858 5671 hujus

401 5660 666 5732 vulgavit
693 5660 1076 5733 chgelinus,
1110 5660 1176 5721 lit
1207 5660 1428 5723 dictum
1461 5671 1550 5724 est
1579 5685 1758 5741 supra
1787 5675 1814 5737 ξ
1863 5676 1952 5745 46,
1997 5660 2054 5735 et

2162 5672 2442 5735 Distriba
2473 5672 2712 5730 calcem.
