4040 6196
396 406 515 469 527

1782 370 2067 435 LEONIS
2110 365 2421 428 ALLATII

3694 350 3817 409 528

316 522 319 525 3
396 541 652 598 tibilium
695 535 922 590 dicitur.
969 529 1061 583 54.
1113 525 1416 592 Quemnam
1458 515 1712 571 animum
1759 508 2046 598 Plato‘ge-
2076 505 2130 570 Α
2160 501 2293 598 loco.
2352 497 2473 553 155.
2533 495 2608 550 De
2674 496 2846 547 terra.
2892 487 3017 544 156.
3067 488 3150 543 An
3214 485 3451 542 mundus
3509 484 3812 540 animatus.

396 596 558 687 ne...
584 629 647 683 in
678 619 1001 681 Timo.55.
1023 615 1149 684 Quae
1180 612 1253 667 sit
1285 609 1496 664 animae
1516 600 1787 675 facultas.
1805 598 1893 652 56.
1912 596 2055 664 Qua-

501 683 614 774 sint
641 713 820 769 animi
849 704 1167 780 facultates,
1198 707 1249 756 et
1279 709 1422 768 quae.
1453 693 1545 748 57.
1581 691 1714 759 Quae
1741 689 1816 742 sit
1854 683 2054 739 divisio

393 804 775 863 communium
844 793 1225 869 Operationum
1294 782 1480 840 animi
1543 782 1621 835 ad
1686 790 1912 848 corpus.
1960 771 2050 826 59.

398 903 634 974 Quando
663 900 887 955 animus
914 885 1238 966 generando
1275 883 1472 938 unitur
1513 876 1758 948 corpori.
1787 873 1878 929 60.
1912 871 2054 940 Quo-

400 994 566 1051 modo
592 987 813 1060 corpbri
840 961 1063 1040 animus
1109 976 1369 1031 uniatur.
1400 970 1492 1024 61.
1527 969 1598 1023 De
1645 964 1839 1021 anima
1879 961 2055 1016 ratio-

521 1048 764 1151 experte.
795 1074 886 1129 62.
919 1071 1055 1140 Qua:
1097 1067 1170 1122 sit
1216 1061 1492 1123 voluntas,
1519 1057 1569 1111 et
1609 1068 1730 1126 quae
1777 1048 2058 1120 operativa

404 1138 687 1242 cogitatio.
717 1164 808 1220 63.
841 1161 915 1217 De
940 1138 1224 1213 electione
1269 1157 1323 1206 et
1361 1145 1682 1204 attentione.
1733 1141 1825 1195 64.
1869 1138 2060 1195 Utrum

406 1261 628 1316 animus
684 1271 719 1309 a
764 1262 1005 1322 corpore,
1065 1261 1140 1299 an
1184 1254 1380 1311 corpus
1423 1236 1495 1291 ab
1551 1233 1741 1288 animo
1791 1226 2059 1283 dissolva-

410 1358 524 1403 tur.
572 1346 662 1401 65.
714 1336 985 1411 Quomodo
1033 1333 1382 1391 contineatur
1428 1327 1649 1380 animus
1697 1323 1753 1374 in
1811 1330 2056 1387 corpore.

407 1438 502 1503 66,
546 1434 638 1501 67,
680 1403 772 1497 δέ,
820 1428 913 1494 69,
947 1426 1041 1495 7ο,
1079 1422 1172 1491 71,
1208 1419 1307 1485 72,
1345 1415 1439 1479 73,
1476 1413 1570 1479 74,
1601 1410 1692 1474 75,
1724 1407 1815 1473 76,
1847 1406 1939 1473 77,
1967 1403 2058 1473 78,

406 1494 501 1595 79,
530 1494 851 1591 80,781.-De
898 1510 1219 1578 virtutibus,
1251 1507 1341 1561 82.
1389 1507 1454 1558 In
1494 1516 1598 1573 quo
1645 1497 1868 1568 differat
1910 1494 2061 1559 prin-

407 1583 618 1685 cipium
666 1611 733 1666 ab
779 1603 1086 1664 elementis.
1120 1598 1209 1652 83.
1246 1599 1327 1650 De
1370 1589 1695 1665 principiis,
1744 1583 1877 1656 quid
1924 1585 2060 1649 sint,

406 1671 498 1760 8'2.
534 1707 610 1758 De
640 1699 803 1756 ideis.
832 1696 923 1750 85.
957 1693 1029 1748 De
1066 1684 1410 1746 dmonibus
1457 1683 1507 1736 et
1558 1675 1830 1733 heroibus.
1863 1671 1953 1728 86.
1986 1671 2063 1726 De

406 1793 664 1847 materia.
696 1786 787 1841 87.
820 1784 893 1839 De
928 1784 1129 1837 causis.
1180 1774 1270 1831 88.
1312 1772 1384 1827 De
1429 1768 1641 1838 ﬁguris.
1673 1764 1763 1818 89.
1796 1763 1870 1818 De
1915 1759 2061 1816 colo-

409 1881 583 1936 ribus.
613 1878 705 1932 90.
742 1879 823 1930 De
870 1870 1128 1926 mistione
1169 1871 1219 1920 et
1257 1859 1705 1932 temperamento.
1728 1852 1817 1906 91.
1849 1852 1925 1906 De
1966 1863 2060 1920 ge-
2092 1870 2139 1936 Β

410 1967 695 2025 neratione
741 1966 795 2019 et
842 1965 1209 2030 corruptwne.
1238 1951 1331 2005 92.
1362 1948 1437 2003 De
1476 1941 1817 2014 corporibus.
1853 1938 1943 1993 93.
1990 1937 2065 1993 De

415 2056 683 2114 minimis.
715 2053 807 2107 94.
845 2055 923 2107 De
967 2028 1298 2118 diﬂerentiis
1338 2035 1735 2107 cognitionum.
1780 2028 1870 2083 95.
1911 2030 2065 2096 Quo-

419 2146 576 2203 modo
639 2159 754 2198 non
818 2112 1055 2207 semper.
1081 2134 1249 2189 Deum
1309 2124 1730 2198 participamus,
1783 2133 1907 2171 cum
1954 2112 2066 2170 ille

414 2248 632 2299 semper
676 2203 950 2303 operetur.
979 2224 1071 2278 96.
1103 2224 1289 2291 Quare
1334 2213 1559 2270 omnino
1605 2208 1818 2264 malum
1847 2206 1939 2260 sit.
1969 2203 2061 2258 97.

414 2300 731 2389 Absolutius
778 2327 843 2383 de
882 2321 1059 2380 malo.
1088 2319 1182 2374 98.
1232 2315 1294 2371 Si
1340 2315 1424 2368 est
1470 2311 1533 2365 in
1575 2305 1793 2375 angelis
1839 2300 2065 2389 aliquod

412 2388 643 2477 malum.
694 2418 785 2473 99.
850 2414 910 2471 Si
971 2412 1034 2467 in
1099 2408 1214 2464 loco
1280 2405 1659 2471 incorporeum
1706 2395 1797 2447 sit.
1847 2391 1970 2446 100.
2004 2388 2065 2445 Si

408 2511 622 2568 malum
660 2505 921 2563 materia.
974 2500 1098 2555 101.
1149 2496 1224 2551 De
1270 2504 1461 2565 rerum
1503 2485 1579 2541 ad
1623 2484 1795 2538 Deum
1841 2493 2062 2534 conver-

405 2603 584 2657 sione.
636 2598 758 2652 102.
809 2595 883 2649 De
930 2598 1185 2660 tempore.
1240 2581 1362 2637 103.
1395 2579 1469 2633 De
1521 2581 1688 2628 motu.
1716 2570 1836 2624 104.
1873 2570 1947 2623 De
1974 2582 2064 2622 ne-

408 2690 681 2746 cessitate.
733 2684 857 2740 105.
911 2682 985 2736 De
1026 2679 1163 2749 fato.
1210 2672 1332 2727 103.
1389 2671 1467 2722 De
1535 2665 1760 2732 fortuna
1814 2662 1866 2713 et
1908 2672 2062 2712 casu.

417 2779 542 2834 107.
576 2782 658 2832 De
691 2772 898 2831 sacqu
944 2772 996 2825 et
1042 2774 1308 2835 tempore.
1363 2755 1485 2811 108.
1529 2754 1605 2807 De
1651 2751 1894 2824 quinque
1939 2763 2063 2801 sen-

410 2868 580 2923 sibus.
643 2863 766 2919 109.
820 2861 902 2916 An
958 2869 1149 2912 verum
1216 2850 1289 2904 sit
1351 2842 1651 2900 nonnullos
1704 2837 1984 2910 fascinari
2026 2851 2062 2890 a

412 2953 743 3012 videntibus.
794 2949 916 3004 110.
967 2938 1242 3014 Quomodo
1289 2935 1520 3006 eclipses
1566 2930 1719 3001 ﬁant.
1759 2926 1882 2981 111.
1917 2925 2059 2993 Quo-

414 3044 572 3100 modo
600 3055 785 3097 mares
809 3045 860 3094 et
886 3035 1107 3105 feminae
1153 3027 1511 3102 generentur.
1560 3020 1681 3074 112.
1718 3016 1896 3084 Quare
1942 3029 2066 3068 mu-

418 3135 524 3190 lier
550 3132 751 3205 saepius
778 3128 962 3183 virum
991 3123 1221 3193 experta
1248 3130 1358 3171 non
1405 3109 1661 3180 concipit.
1703 3106 1827 3161 113.
1873 3107 2067 3175 Quare

413 3195 637 3294 gemini.
653 3223 706 3277 et
734 3212 1025 3287 tergemini
1068 3212 1389 3265 nascuntur.
1426 3199 1545 3255 114.
1584 3195 1735 3254 Unde
1770 3199 2063 3266 parentum

410 3281 837 3369 iimililudines'
874 3311 927 3360 et
993 3293 1484 3356 dissimilitudines
1550 3287 1707 3357 ﬁant.
1784 3281 1906 3337 115.
1978 3281 2062 3336 An

410 3400 699 3474 embrgum
728 3392 941 3452 animal
967 3391 1062 3454 sit,
1090 3391 1144 3443 et
1172 3400 1278 3457 qua
1320 3380 1538 3435 ratione
1581 3374 1892 3429 nutriatur.
1939 3370 2060 3425 116.

411 3461 683 3562 Quoniodo
729 3484 946 3542 somnia
983 3481 1144 3552 ﬁunt.
1179 3474 1298 3529 117.
1331 3471 1404 3526 De
1444 3466 1700 3527 sanitate,
1752 3463 1804 3517 et
1848 3461 2060 3527 morbo,

408 3552 463 3637 ἷι
515 3577 808 3635 senectute.
860 3572 982 3626 118.
1034 3567 1217 3635 Quare
1265 3558 1358 3632 qui
1388 3556 1675 3629 jeiunant,
1723 3552 1928 3606 sitiunt
1970 3562 2064 3619 po-

410 3671 523 3726 tius
552 3681 728 3741 quam
764 3660 1039 3719 esuriant.
1067 3653 1189 3709 119.
1223 3651 1404 3719 Quare
1434 3646 1532 3718 qui
1576 3642 1851 3705 esuriunt,
1883 3638 1934 3693 si
1982 3636 2063 3691 bi-

415 3725 575 3826 bant;
606 3757 670 3810 at
698 3752 793 3824 qui
819 3749 1039 3815 sitiunt,
1070 3744 1120 3798 si
1155 3738 1469 3802 comedunt,
1499 3729 1905 3789 distenduntur.
1939 3725 2062 3779 120.

420 3855 502 3912 An
533 3856 606 3910 sit
632 3847 846 3921 aliquid
875 3852 1032 3902 extra
1078 3840 1294 3898 caelum.
1325 3835 1447 3891 121.
1484 3834 1554 3888 De
1590 3827 1830 3884 hominis
1880 3838 2063 3880 essen-

419 3946 528 4000 tia.
560 3942 684 3997 122.
715 3912 778 3996 In
806 3938 935 4011 quot
967 3932 1202 3989 circulos
1230 3926 1426 3984 caelum
1465 3918 1768 3977 dividatur.
1821 3912 1944 3967 123.
1991 3912 2066 3966 De

421 4037 723 4105 apparente
752 3999 977 4084 incocto
1023 4021 1158 4077 lacti
1202 4015 1376 4074 simili
1421 4009 1653 4074 circulo,
1697 4003 1929 4061 Galaxia
1976 3999 2068 4055 di-

582 4119 707 4175 124.
758 4118 832 4172 De
876 4107 1265 4185 apparentibus
1306 4105 1367 4161 in
1408 4100 1537 4157 caelo
1601 4092 1835 4151 diversis
1892 4088 2069 4162 igneis

420 4177 666 4283 spectris.
716 4206 839 4261 125.
1024 4192 1419 4271 apparentibus
1474 4192 1534 4244 in
1592 4183 1727 4240 caelo
1798 4177 2069 4235 coloribus

2163 588 2287 644 157.
2319 587 2401 642 An
2429 583 2669 640 mundus
2693 580 2878 654 factus
2905 579 2995 646 sit,
3026 580 3077 631 et
3107 574 3569 646 incorruptibilis.
3595 573 3814 629 158.An

2159 675 2399 731 mundus
2426 673 2730 728 nutriatur.
2763 667 2884 723 159.
2922 666 2994 721 De
3039 664 3238 721 ordine
3283 662 3501 719 mundi.
3546 662 3669 717 160.
3704 662 3822 730 Qua

2160 781 2322 822 causa
2371 762 2612 818 mundus
2654 759 2942 813 universus
2991 755 3295 809 inclinatus
3338 755 3431 806 sit.
3487 750 3612 806 161.
3644 749 3826 807 Unde-

2162 870 2296 909 nam
2340 852 2637 924 gentilium
2678 842 3237 903 demonstrationibus
3281 839 3479 895 mundi
3539 838 3668 910 ﬁnis
3717 838 3817 894 ha-

2167 943 2385 999 beatur.
2437 940 2562 996 162.
2613 938 2743 1007 Quae
2785 936 2989 990 dextra
3033 931 3255 997 mundi,
3303 938 3355 985 et
3400 944 3522 1002 quae
3567 929 3840 983 sinistra..

2166 1032 2291 1089 163.
2325 1032 2400 1085 De
2429 1026 2892 1085 transmutatione
2918 1029 3088 1079 terrae
3112 1022 3389 1092 partium.
3424 1018 3548 1073 164.
3580 1018 3653 1072 De
3708 1022 3817 1072 ter-

2166 1137 2244 1177 νει
2276 1121 2530 1176 motibus.
2558 1117 2679 1173 165.
2717 1116 2789 1169 De
2816 1127 3022 1180 magna
3060 1111 3270 1183 hyeme.
3308 1109 3430 1162 166.
3463 1108 3644 1176 Quare
3671 1121 3820 1179 aqua

2166 1212 2397 1265 marina
2425 1215 2503 1262 est
2528 1206 2694 1262 salsa.
2712 1203 2833 1258 167.
2856 1202 2974 1269 Qua
3001 1214 3166 1254 causa
3199 1199 3262 1252 in
3290 1198 3444 1251 mari
3470 1212 3618 1266 aqua
3645 1194 3826 1250 dulcis

2170 1301 2514 1354 inveniatur.
2561 1295 2684 1349 168.
2750 1292 2931 1360 Quare
2972 1306 3117 1361 aqua
3166 1287 3388 1341 marina
3436 1285 3666 1340 arbores
3718 1298 3832 1338 non

2168 1389 2403 1442 nutriat.
2436 1385 2562 1441 169.
2598 1383 2781 1451 Quare
2811 1382 2871 1435 in
2901 1394 3056 1433 mare
3102 1377 3216 1432 oleo
3254 1376 3445 1447 effuso,
3477 1389 3632 1429 mare
3675 1370 3832 1427 dilu-

2169 1476 2360 1533 cidum
2415 1474 2522 1544 ﬁat
2567 1476 2622 1526 et
2677 1471 2945 1541 quietum.
2996 1466 3122 1521 1'70.
3175 1464 3292 1533 Qua
3358 1480 3543 1529 causa,
3587 1477 3715 1517 cum
3771 1461 3834 1515 in

2169 1580 2323 1621 mare
2359 1563 2570 1634 fulmen
2611 1558 2894 1628 ceciderit,
2942 1556 3027 1612 sat
3075 1556 3338 1623 emergat.
3387 1552 3510 1609 171.
3552 1553 3627 1607 De
3671 1552 3833 1621 ﬂuxu

2168 1657 2222 1710 et
2271 1654 2496 1723 reﬂuxu
2547 1649 2804 1707 Euboico.
2856 1646 2978 1701 172.
3031 1648 3219 1716 Quare
3260 1643 3424 1714 aquis
3489 1640 3838 1713 pluvialibus

2169 1744 2354 1811 magis
2383 1757 2549 1812 quam
2576 1738 2930 1795 currentibus
2959 1736 3180 1790 arbores
3218 1742 3270 1788 et
3316 1732 3528 1788 semina
3574 1730 3837 1784 nutrian-

2173 1841 2290 1888 tur.
2327 1831 2447 1886 173.
2482 1829 2660 1897 Quare
2688 1843 2764 1882 επ
2793 1825 2954 1895 aquis
2980 1821 3346 1896 pluvialibus,
3377 1834 3505 1892 qua?
3530 1834 3657 1874 cum
3686 1817 3839 1873 toni-

2174 1928 2265 1977 tru
2314 1924 2367 1975 ct
2421 1918 2639 1992 fulgore
2701 1914 2980 1977 decidunt,
3048 1926 3229 1979 magis
3290 1910 3507 1965 semina
3558 1909 3836 1962 irrorant.

2172 2010 2296 2067 174.
2363 2009 2437 2069 De
2503 2004 2787 2062 nonnullis
2854 2000 3100 2058 lacubus.
3166 1999 3291 2054 175.
3350 2000 3424 2054 De
3475 1996 3827 2067 ﬂuminibus.

2170 2098 2296 2155 176.
2339 2098 2414 2153 De
2462 2095 2580 2152 Nili
2626 2096 2984 2149 incremento.
3021 2089 3143 2144 177.
3177 2088 3361 2157 Quare
3406 2089 3559 2140 inter
3592 2084 3834 2154 ﬂumina

2171 2188 2329 2244 Nilus
2359 2185 2506 2241 solus
2536 2185 2721 2240 ventos
2771 2197 2882 2236 non
2926 2180 3105 2250 efﬂat.
3141 2176 3264 2231 178.
3310 2176 3383 2230 De
3427 2174 3693 2229 maximis
3742 2186 3831 2228 re-

2171 2277 2318 2345 gnis.
2343 2274 2464 2330 179.
2499 2274 2573 2329 De
2610 2270 2950 2327 humoribus.
2986 2267 3089 2323 180
3143 2266 3324 2335 Quare
3347 2271 3590 2335 pastores
3638 2276 3843 2332 recen,

2169 2367 2316 2419 natis
2347 2362 2727 2418 animantibus
2768 2359 2852 2414 sal
2900 2358 3244 2428 inspergunt.
3272 2354 3397 2409 181.
3440 2352 3623 2420 Quare
3661 2350 3840 2421 poly-

2167 2469 2274 2525 pus
2321 2454 2558 2509 colorem
2600 2465 2885 2514 saxorum,
2929 2446 3129 2517 quibus
3165 2459 3279 2499 sese
3320 2441 3711 2514 applicaverzt,
3747 2442 3839 2493 in-

2171 2542 2328 2597 duat.
2398 2541 2519 2595 182.
2598 2540 2780 2608 Quare
2845 2537 3035 2607 palma
3088 2547 3237 2590 ursae
3301 2532 3372 2585 ad
3432 2529 3839 2586 comedendum

2171 2632 2504 2687 suavissima
2558 2633 2659 2684 est.
2722 2626 2846 2681 183.
2914 2629 3111 2696 Quare
3168 2622 3453 2677 Dorienses
3526 2626 3839 2689 precantur

2170 2723 2381 2776 malum
2409 2718 2705 2774 herbarum
2732 2718 3083 2788 proventum.
3117 2711 3238 2766 184.
3275 2710 3455 2778 Quare
3482 2723 3619 2762 ursa
3640 2712 3837 2776 capta,

2175 2818 2289 2865 rete
2334 2824 2445 2864 non
2499 2805 2753 2863 comedit.
2807 2805 2931 2858 185.
2981 2802 3165 2870 Quare
3207 2799 3373 2866 lotigo
3439 2798 3559 2852 visa
3622 2804 3838 2866 tempe-

2174 2901 2366 2954 statem
2423 2895 2717 2968 praesagit.
2770 2893 2894 2947 186.
2953 2891 3135 2954 Quare
3198 2887 3443 2942 triticum
3502 2887 3563 2940 in
3622 2884 3833 2952 lutosa,

2174 2987 2437 3043 hordeum
2499 2988 2562 3040 in
2616 2981 2781 3039 arida
2838 2985 2988 3036 terra
3054 2978 3413 3034 seminamus.
3472 2974 3588 3028 187.
3647 2974 3836 3041 Quare

2174 3078 2302 3131 vitis
2330 3077 2478 3140 vino,
2508 3082 2559 3129 et
2583 3073 2862 3143 praecipue
2883 3070 2933 3123 si
2960 3082 3079 3134 suo,
3115 3074 3459 3137 aspergatur,
3490 3063 3833 3117 exsiccatum

2177 3166 2298 3220 188.
2317 3166 2496 3232 Quare
2514 3175 2656 3218 rosa?
2671 3161 2845 3227 magis
2861 3158 3228 3228 efﬂorescunt,
3242 3155 3293 3207 si
3310 3154 3458 3207 male
3477 3152 3695 3205 olentia
3720 3166 3835 3205 una

2092 3236 2136 3303 Ο
2171 3270 2298 3310 cum
2323 3253 2456 3324 ipsis
2485 3250 2909 3306 inseminentur.
2945 3246 3066 3300 189.
3099 3244 3279 3312 Quare
3326 3255 3623 3313 porcorum
3667 3254 3837 3310 agre-

2167 3344 2340 3399 stium
2361 3342 2619 3413 lacrymse
2633 3338 3135 3406 dulces,cervorum
3155 3333 3324 3387 salsae
3342 3332 3487 3384 sunt.
3507 3328 3631 3383 190.
3649 3327 3840 3395 Quare

2171 3432 2361 3501 lapilli
2387 3429 2706 3501 plumbique
2737 3426 2960 3480 laminae
2988 3423 3206 3494 iniectae
3232 3418 3581 3490 frigidiorem
3622 3432 3837 3487 aquam

2170 3522 2443 3590 efﬁciunt.
2476 3517 2599 3573 191.
2633 3516 2813 3584 Quare
2854 3512 3038 3584 paleis
3079 3514 3132 3566 et
3178 3506 3522 3564 indumentis
3551 3505 3661 3560 nia:
3691 3521 3840 3560 con-

2170 3624 2441 3666 servatur.
2492 3605 2614 3661 192.
2652 3602 2792 3671 Quid
2830 3602 2902 3655 sit
2947 3599 3202 3654 bulimos.
3250 3596 3369 3650 193.
3417 3595 3596 3663 Quare
3631 3609 3838 3650 carnes

2174 3701 2236 3755 in
2286 3699 2394 3768 ﬁcu
2430 3707 2686 3766 appensa
2736 3690 3040 3746 teneriores
3090 3687 3250 3756 ﬁant.
3292 3689 3370 3739 Ex
3416 3683 3599 3750 hisce,
3634 3681 3834 3737 CLXII

2175 3787 2367 3858 capita
2395 3785 2451 3839 in
2480 3783 2744 3855 linguam
2765 3794 2932 3834 versa
2952 3776 3208 3833 Latinam
3228 3792 3262 3830 ιι
3283 3773 3480 3828 nescio
3498 3787 3617 3842 quo
3639 3776 3839 3827 osten-

2176 3876 2261 3931 dit
2277 3872 2421 3929 mihi
2444 3870 2711 3928 acerrimi
2736 3867 2954 3939 ingenti
2976 3864 3063 3921 vir
3080 3865 3167 3920 Jo.
3188 3862 3447 3919 Jacobus
3463 3859 3834 3916 Buccardus.

2247 3999 2359 4071 [56]
2395 3994 2634 4052 LXXIII.
2668 3987 2978 4050 Ἐπιλύσεις
3010 3987 3288 4071 σύντομιοιΔ
3302 3986 3541 4062 φυσικῶν
3569 3979 3830 4054 ζητημά-

2173 4068 2281 4142 των
2314 4068 2450 4161 τέρος
2481 4079 2718 4156 Μιχαὴλ
2746 4079 2836 4133 τὸν
2865 4080 3066 4133 Δοῦκαν
3109 4073 3161 4129 ἐν
3198 4068 3440 4149 βιϐλίοις
3488 4068 3632 4127 δυσί.
3666 4071 3838 4127 Solu-

2178 4180 2357 4233 tiones
2384 4171 2785 4246 compendiosa?
2828 4166 3172 4223 naturalium
3220 4165 3590 4236 quaestionum
3631 4160 3707 4215 ad
3737 4161 3839 4214 Mi-

420 4246 579 4283 oyvvu
598 4246 666 4265 ισο
720 4246 839 4261 two
893 4246 973 4258 νν
1025 4246 1182 4271 ..Ι-Γ..-
1204 4246 1283 4251 ν---
1300 4246 1309 4248 -
1328 4246 1333 4247 ,

417 4294 761 4368 sanguineis,
792 4297 843 4349 et
874 4285 1247 4361 voraginibus.
1283 4280 1409 4337 126.
1452 4278 1529 4333 De
1563 4270 1797 4330 essentia
1832 4268 1990 4331 solis,
2020 4273 2072 4322 et
2176 4265 2416 4322 chaclem
2450 4268 2659 4319 Ducam
2692 4259 2848 4314 libris
2877 4256 3106 4311 duobus.
3132 4257 3189 4305 P.
3221 4251 3283 4307 '0
3318 4250 3411 4323 μὲν
3442 4246 3837 4323 Πλούταρχος,

1575 4366 1582 4368 _
1668 4360 1706 4368 ..
1884 4358 1920 4368 ..
2056 4362 2067 4368 -
2231 4354 2242 4368 ρ
2510 4349 2524 4368 ε
2586 4359 2606 4368 -
2680 4348 2692 4368 ρ
2739 4365 2816 4368 ..Α
2881 4339 3100 4368 αμφπλτ
3180 4341 3382 4368 Πηηει..
3443 4339 3516 4368 ιιι.
3594 4339 3619 4368 1⁵
3702 4334 3837 4368 Il-..)

419 4358 547 4461 [55].
581 4403 650 4441 an
690 4358 874 4456 plures
920 4358 1080 4434 soles.
1115 4376 1236 4432 127.
1269 4372 1344 4427 De
1388 4360 1775 4434 magnitudine
1815 4358 1968 4421 solis,
2015 4362 2069 4411 et

414 4445 589 4541 ῑιιηὲ,
626 4445 891 4530 αιἰεννεε.
921 4469 1023 4524 128
1077 4470 1154 4522 De
1181 4459 1377 4532 eclipsi
1402 4454 1596 4512 solari.
1632 4449 1754 4505 129.
1775 4453 1853 4503 De
1878 4445 2071 4516 eelipsi

414 4539 625 4620 lunari.
658 4563 782 4619 130.
817 4560 896 4616 An
926 4558 1005 4613 sol
1034 4552 1250 4611 calidus
1298 4551 1392 4605 sit.
1444 4544 1566 4600 131.
1602 4542 1729 4609 Qum
1775 4539 1846 4593 sit
1882 4549 2065 4592 essen-

2183 4354 2402 4429 μὲγιστε
2437 4349 2526 4405 καὶ
2584 4348 2822 4411 θειότατε
2881 4339 3126 4419 βασιλεῦ.
3180 4341 3387 4414 Capita
3439 4339 3541 4394 lib.
3594 4339 3644 4394 Ι.
3702 4334 3839 4410 Περὶ

2176 4447 2273 4499 τοῦ
2305 4434 2623 4520 σφαιροειδῆ
2657 4435 2787 4490 εἶναι
2819 4433 2916 4501 τὴν
2968 4436 3092 4505 γῆν.
3125 4428 3257 4504 Περὶ
3312 4430 3411 4482 τοῦ
3460 4430 3672 4488 κεῖσθαι
3737 4425 3838 4479 a5-

2177 4532 2275 4600 τὴν
2337 4516 2387 4583 ἓν
2448 4529 2595 4602 μέσῳ
2648 4527 2745 4579 τοῦ
2806 4520 3025 4582 παντός.
3063 4519 3191 4594 Περῖ
3248 4516 3510 4591 μεγέθους
3538 4520 3642 4583 τῆς
3702 4520 3835 4588 γῆς.

410 4656 491 4710 lia
536 4653 845 4710 stellarum.
898 4648 1018 4702 132.
1062 4644 1134 4699 De
1182 4639 1470 4696 stellarum
1534 4603 1738 4687 latione
1793 4630 1844 4681 et
1891 4631 2058 4679 motu.

2171 4620 2479 4710 Ὀρέζοντος
2526 4613 2868 4690 καταγραφή.
2919 4612 3124 4710 Capito.
3199 4606 3464 4662 secundi.
3524 4603 3660 4678 Περὶ
3725 4606 3840 4656 τῶν

410 4743 533 4799 133.
566 4741 763 4813 Quales
802 4740 915 4794 sint
969 4733 1273 4791 stellarum
1313 4720 1792 4794 conﬁgurationes.
1825 4714 1948 4769 134.
1983 4713 2056 4768 De

405 4801 602 4889 ordine
625 4828 946 4887 stellarum.
980 4823 1103 4878 135.
1138 4816 1286 4878 Unde
1344 4815 1531 4870 lumen
1578 4808 1812 4864 habeant
1856 4801 2050 4859 stellae.

407 4931 530 4986 136.
576 4929 649 4985 De
694 4924 1097 4999 signiﬁcatione
1152 4916 1463 4979 stellarum,
1512 4911 1562 4965 et
1630 4900 1890 4979 quomodo
1956 4898 2055 4968 ﬁat

404 5018 579 5075 hiems
642 5021 693 5072 et
745 4994 943 5072 aestas.
1014 5010 1135 5065 137.
1194 5007 1473 5075 Quantum
1536 4999 1609 5053 sit
1682 4994 2056 5062 cuiuscunque

400 5109 645 5180 planetae
692 5105 960 5161 circuitus
1000 5105 1230 5170 tempus.
1283 5092 1403 5148 138.
1442 5090 1516 5145 De
1564 5084 1737 5142 stellis
1782 5077 2056 5135 Dioscuris

400 5171 756 5267 nuncupatis.
791 5191 911 5247 139.
949 5191 1019 5244 De
1046 5186 1267 5244 comete.
1303 5181 1425 5237 140.
1463 5181 1540 5232 De
1570 5172 1764 5234 imbre,
1795 5171 1848 5223 et
1885 5181 2054 5237 gran-

399 5284 549 5351 dine,
580 5286 727 5354 nive,
756 5283 962 5355 pruina
992 5287 1042 5333 et
1081 5290 1220 5330 rore.
1258 5271 1380 5325 141.
1420 5270 1501 5322 De
1548 5276 1679 5318 rore
1726 5271 1971 5323 rursum,
2001 5256 2055 5308 et

395 5342 628 5446 pruina.
856 5370 934 5425 De
980 5360 1300 5423 iride.113.
1350 5358 1421 5413 De
1468 5368 1620 5409 area.
1667 5348 1789 5402 144.
1960 5342 2054 5446 ba-

395 5430 557 5518 cutis.
605 5462 727 5517 145.
780 5462 855 5517 De
899 5453 1214 5530 parallelis.
1271 5446 1395 5502 146.
1445 5443 1519 5498 De
1566 5437 1766 5530 ventis.
1820 5431 1941 5488 147.
1980 5430 2055 5486 De

397 5552 652 5623 tgphone.
720 5550 845 5605 148.
899 5521 986 5602 ’Πε
1045 5537 1334 5610 ecnephia.
1388 5531 1510 5586 149.
1563 5528 1636 5582 De
1697 5521 2051 5596 fulminibus.

399 5609 522 5696 150.
573 5641 646 5695 De
692 5645 951 5711 prestere.
1001 5631 1127 5685 151.
1185 5620 1461 5693 Quomodo
1526 5614 1765 5672 mundus
1827 5609 2052 5671 coaluit,

396 5727 519 5785 152.
548 5728 632 5784 An
676 5699 854 5783 unum
895 5722 1238 5779 universum.
1292 5710 1415 5767 153.
1448 5709 1523 5764 De
1567 5719 1755 5762 vacuo.
1813 5700 1930 5756 154.
1983 5699 2056 5753 De

2168 4707 2362 4785 μεταξὺ
2417 4712 2518 4775 τῆς
2568 4710 2671 4780 γῆς
2725 4701 2816 4756 καὶ
2872 4702 2970 4752 τοῦ
3049 4694 3281 4770 οὐρανοῦ
3361 4690 3682 4768 στοιχείων,
3743 4691 3841 4744 καὶ

2160 4804 2268 4855 τῶν
2328 4795 2452 4870 περὶ
2526 4797 2695 4848 ταῦτα
2770 4792 2980 4852 παθῶν.
3041 4783 3172 4858 Περὶ
3248 4782 3431 4858 ἀέρος,
3485 4780 3573 4835 καὶ
3626 4779 3837 4856 πυρὸς,

2161 4887 2250 4942 καὶ
2295 4882 2625 4964 νεφῶνλγαὶ
2678 4880 2869 4945 ὑετῶν,
2908 4876 2996 4930 καὶ
3052 4874 3365 4948 ἀστραπῶν,
3412 4870 3502 4925 καὶ
3556 4870 3834 4944 βροντῶν.

2163 4976 2293 5050 Περὶ
2352 4976 2613 5046 σεισμῶν.
2664 4967 2794 5043 Περὶ
2874 4964 3134 5037 κομήτων
3193 4961 3456 5036 ἀστέρων.
3514 4958 3651 5031 Περὶ
3710 4955 3838 5011 ἀ·ιέ-

2167 5044 2305 5138 μῶν.
2358 5044 2484 5138 napi.
2535 5057 2733 5137 ἴριδος.
2770 5054 2900 5132 Περὶ
2952 5050 3091 5108 ἅλω.
3125 5050 3255 5138 Περὶ
3312 5050 3599 5124 σχήματος
3661 5044 3836 5120 οὐρα-

2161 5133 2277 5210 νοῦ.
2314 5133 2444 5225 Περῖ
2473 5133 2706 5223 κόσμου,
2738 5145 2782 5201 εἰ
2811 5139 3062 5217 ἔμψυχος
3117 5140 3145 5193 ὁ
3192 5137 3426 5211 κόσμος,
3456 5134 3544 5190 καὶ
3592 5133 3838 5209 προνοίᾳ

2164 5240 2557 5315 διοικούμενος,
2619 5235 2748 5313 Περὶ
2796 5234 2996 5303 τάξεως
3065 5226 3301 5298 κόσμου.
3364 5224 3489 5301 Περὶ
3564 5229 3669 5292 τῆς
3730 5226 3837 5276 τοῦ

2161 5310 2393 5405 κόσμοι),
2421 5310 2740 5405 ἐγκλίσεωξ.
2773 5320 2904 5398 Περὶ
2953 5322 3071 5386 τοῦ,
3107 5315 3153 5371 εἰ
3201 5310 3312 5370 ἔστι
3343 5315 3495 5370 κενὸν
3528 5311 3687 5374 {uti}:
3735 5315 3840 5366 τοῦ

2160 5400 2398 5494 κόσμου.
2434 5400 2498 5477 El
2548 5414 2844 5495 ἄφθαρτος,
2871 5412 2900 5467 ὁ
2942 5407 3171 5481 κόσμος.
3217 5403 3343 5459 Τίνα
3392 5400 3541 5474 δεξιὰ
3586 5401 3842 5495 κόσμου,

2161 5482 2427 5565 καὶιτίνα
2473 5507 2541 5562 τὶ
2590 5482 2869 5583 ἀριστερά.
2929 5496 3021 5561 Τίς
3076 5496 3112 5564 ἠ
3168 5497 3267 5547 τοῦ
3325 5491 3558 5565 οὖροινοῦ
3638 5482 3834 5547 obuia.

2161 5600 2295 5673 Περὶ
2347 5602 2454 5653 τῶν
2506 5596 2557 5650 ὲν
2603 5596 2815 5669 ουρανῷ
2845 5583 3159 5662 νοουμένων
3190 5579 3435 5641 κύκλων.
3474 5582 3604 5654 Περὶ
3638 5578 3845 5641 cinia;

2166 5668 2423 5765 aaiépwv.
2458 5685 2588 5764 Περὶ
2621 5668 2912 5761 σχήματος
2944 5673 3206 5752 ἀστέρων.
3240 5671 3375 5750 Περὶ
3413 5677 3513 5741 τῆς
3544 5672 3656 5725 τῶν
3680 5668 3844 5722 ἀστέ-
