3944 6210
158 335 271 394 529

1406 330 1779 395 ΒΙΑἸἮῘΒΑ
1828 332 1929 393 DE
1974 334 2318 395 PSELLIS.

3446 334 3565 393 530

160 485 261 539 ρων
322 470 529 542 φορᾶς.
604 466 773 529 Πόθεν
853 466 1177 541 φωτίζονται
1245 466 1301 519 οἱ
1379 466 1614 536 ἀστέρες.
1681 466 1803 525 Πῶς
1834 466 1983 538 Ατῃ
2014 462 2070 519 δὲ
2124 469 2221 520 τοῦ
2269 462 2619 539 Προδρόμου,
2668 465 2757 519 καὶ
2803 465 3049 536 καθεξῆς,
3089 459 3192 524 ἕως
3236 467 3343 517 τῶν
3404 464 3557 519 ἑπτά.

160 554 397 628 γίνονται
471 555 523 607 οἱ
580 555 835 630 τέσσαρες
886 555 1090 629 καιροί.
1150 554 1277 629 Περὶ
1333 555 1588 629 μεγέθους
1642 551 1810 622 ἡλίου

160 644 240 697 καὶ
302 641 560 712 σελήνης.
621 644 751 719 Περὶ
805 651 906 713 τῆς
966 649 1061 699 τοῦ
1107 644 1271 713 ἡλίου
1321 642 1636 717 ἐκλείψεως.
1680 643 1806 715 Περί

162 731 359 800 οὐσίας,
415 732 507 786 καὶ
564 738 860 807 φωτισμῶν
918 732 1172 804 σελήνης,
1204 733 1292 787 καὶ
1344 735 1647 807 σχήπατος.
1682 730 1809 804 Περὶ

162 819 454 893 ἐκλείψεως
485 820 745 891 σελήνης.
775 824 893 876 Ἔτι
922 822 1043 895 περὶ
1076 821 1371 894 ἐκλείψεως
1426 820 1683 890 σελήνης·
1719 819 1811 881 Εἷς

433 909 671 971 κύκλους
752 907 1037 983 διαιρεῖται
1099 912 1126 964 ὁ
1189 909 1451 983 οὐρανός.
1531 909 1662 980 Περὶ
1711 915 1809 977 τῆς

160 1004 255 1053 τῶν
321 1000 559 1074 ἀστέρων
639 1004 807 1076 φορᾶς
862 1002 952 1054 καὶ
1017 1001 1320 1069 κινήσεως.
1384 998 1549 1056 Πόθεν
1609 997 1669 1051 ἃν
1726 1019 1811 1061 τις

158 1088 304 1160 γνοίη
373 1088 730 1158 Ἑλληνικαῖς
778 1086 1077 1162 ἀποδείξεσι
1134 1090 1233 1158 τὴν
1285 1092 1383 1143 τοῦ
1438 1088 1648 1160 κόσμου
1679 1108 1805 1141 συν-

157 1174 386 1232 τέλειαν.
444 1181 669 1234 Terram
703 1196 819 1235 esse
847 1180 1201 1250 sphzericam,
1234 1182 1295 1233 in
1326 1181 1511 1234 medio
1557 1180 1809 1233 universi

155 1269 339 1321 sitam.
374 1269 450 1323 De
480 1276 642 1325 terra?
689 1270 1085 1339 magnitudine.
1139 1270 1449 1324 llorizontis
1494 1268 1801 1337 descriptio.

156 1358 217 1411 De
240 1358 535 1412 elementis
584 1360 729 1413 inter
774 1364 978 1413 terram
1030 1364 1080 1413 et
1117 1357 1337 1423 malum,
1369 1364 1420 1413 et
1450 1374 1639 1413 eorum
1667 1358 1803 1427 affe-

154 1445 337 1499 ctibus.
368 1446 447 1500 De
476 1464 620 1514 aere,
651 1458 703 1502 et
736 1451 882 1519 igne,
914 1456 964 1502 et
993 1446 1222 1518 pluviis,
1251 1452 1303 1501 et
1348 1447 1701 1516 fulminibus,
1753 1454 1803 1499 et

156 1537 432 1590 tonitruis.
474 1537 545 1590 De
573 1540 735 1591 terra
766 1538 1021 1591 motibus.
1072 1537 1146 1590 De
1190 1537 1430 1591 cometis.
1481 1536 1552 1589 De
1606 1535 1797 1589 ventis.

154 1624 213 1678 De
242 1624 416 1692 iride,
467 1626 542 1680 De
586 1642 745 1681 arcu.
792 1627 866 1681 De
922 1626 1091 1696 ﬁgura
1136 1626 1282 1679 casti.
1336 1626 1407 1679 De
1447 1623 1672 1679 mundo.
1717 1625 1801 1677 An

152 1714 382 1767 mundus
412 1716 718 1781 animetur,
748 1720 800 1769 et
830 1715 1177 1785 prouidentia
1202 1715 1567 1785 gubernetur.
1601 1714 1674 1768 De
1698 1729 1797 1768 or-

161 910 358 971 πόσους

1922 557 2101 623 Quare
2146 557 2331 627 angeli
2375 556 2553 626 atati,
2602 557 2888 622 coronati,
2956 555 3135 624 ﬁgura
3181 554 3446 617 humana,
3504 560 3557 608 et

1918 646 2191 715 sphaeram
2222 648 2279 700 in
2314 647 2571 700 manibus
2598 644 3364 716 gestantes,depingantur,et
3393 659 3563 713 quare

1919 750 2110 789 eorum
2140 736 2577 791 commemoratio
2605 735 2667 805 ﬁt
2711 735 2862 804 feria
2906 732 3145 788 secunda
3192 730 3560 795 hebdomadas,

1914 825 2060 894 feria
2116 840 2238 879 vero
2288 826 2458 879 tertia
2506 825 2898 889 Prxcursoris,
2948 827 3001 878 et
3050 823 3131 878 sic
3178 821 3431 892 deinceps
3467 838 3565 891 per

1916 916 2117 983 septem
2146 914 2282 968 dies.
2318 918 2375 967 P.
2414 911 2539 986 Περὶ
2591 911 2683 984 μὲν
2732 914 2829 965 τοῦ
2876 908 3379 987 ἀνθρωπομόρφους
3430 910 3561 963 εἶναι

1914 1000 2066 1061 τούς.

1988 1088 2082 1151 Εἰς
2111 1089 2172 1143 τὸ
2204 1088 2521 1164 θεολογικόν
2557 1088 2744 1165 ῥητὸν,
2783 1086 2924 1144 διατί
2959 1089 3126 1161 μονὰς
3152 1086 3241 1141 ἀπ’
3267 1087 3449 1163 ἀρχῆς
3482 1086 3559 1149 εἷς

1916 1174 2083 1233 δυάδα
2112 1184 2389 1247 κινηθεῖσα
2424 1179 2590 1253 μέχρι
2620 1176 2841 1253 τριάδος
2873 1175 3023 1247 ἔστη.
3072 1183 3140 1236 In
3186 1178 3556 1249 theologicum

1911 1268 2138 1337 dictum,
2188 1286 2357 1340 quare
2402 1272 2591 1325 unitas
2637 1286 2669 1324 a
2696 1270 2972 1341 principio
3006 1270 3061 1323 in
3096 1269 3380 1323 binarium
3409 1272 3555 1322 mota

1913 1359 1971 1411 in
2003 1362 2247 1414 ternario
2275 1358 2531 1415 consedit.
2565 1359 2625 1413 Ρ·
2661 1356 2775 1413 Οὐκ
2804 1355 3192 1431 ἀποκρύψομαι
3223 1356 3359 1430 πρὸς
3391 1354 3550 1427 ὑμᾶς,

1912 1445 1956 1498 ὧ
1987 1443 2261 1514 φίλτατοι.
2290 1448 2353 1502 In
2384 1447 2539 1503 idem
2566 1447 2786 1502 dictum
2818 1445 2932 1517 legi
2958 1452 3016 1501 et
3042 1445 3271 1517 Georgii
3297 1448 3551 1517 Acropo-

1909 1535 2025 1590 litm
2055 1536 2617 1609 interpretationem.

1980 1624 2145 1686 Λύσις
2182 1631 2284 1693 τῆς
2336 1628 2524 1688 κοινῆς
2564 1623 2795 1698 ἀπορίας
2844 1622 3093 1678 ἀπάντων
3143 1627 3250 1678 τῶν
3297 1621 3397 1693 ἔξω
3452 1625 3550 1676 τοῦ

1908 1714 2178 1787 ἡμετέρου
2210 1710 2483 1789 δόγματος
2530 1718 2636 1767 τῶν
2686 1716 3053 1788 Χριστιανῶν,
3102 1711 3169 1781 ἧν
3213 1709 3355 1767 οὕτω
3386 1731 3552 1785 προσ-

152 1804 270 1856 dine
300 1804 519 1858 mundi.
558 1804 632 1859 De
680 1805 1045 1859 inclinatione
1076 1804 1288 1859 mundi.
1320 1805 1398 1857 An
1434 1807 1592 1859 extra
1634 1819 1790 1858 mun-

1958 1802 2128 1876 έρουσι
2156 1801 2428 1877 λέγοντες.
2458 1802 2550 1862 Τίς
2580 1805 2645 1872 ἦν
2697 1801 2961 1878 ἀναγκαία
3005 1801 3169 1876 χρεία
3214 1803 3250 1870 ἡ
3300 1798 3550 1855 κατεπεί-

151 1891 271 1946 dum
306 1910 543 1947 vacuum
593 1897 682 1948 sit.
734 1895 817 1949 An
866 1894 1105 1949 mundus
1150 1893 1608 1964 incorruptibitis.
1665 1893 1798 1960 Quae

150 1981 333 2037 dextra
364 1984 591 2049 mundi,
625 2001 742 2055 quae
768 1988 819 2039 et
847 1986 1105 2039 sinistra.
1133 1985 1269 2052 Quae
1300 1984 1424 2038 σωίί
1452 1984 1798 2038 essenliu.0e

149 2071 397 2142 circulis,
448 2089 581 2144 quos
633 2075 692 2127 in
750 2074 889 2129 ccrlo
937 2076 1337 2145 imaginamur.
1392 2073 1465 2127 De
1509 2072 1797 2128 stellarum

148 2165 402 2219 essentia.
436 2164 510 2218 De
539 2163 829 2218 stellarum
858 2164 1057 2233 ﬁgura.
1111 2164 1182 2218 De
1230 2163 1523 2218 stellarum
1572 2162 1792 2217 latione.

154 2252 290 2307 Unde
318 2252 506 2308 stellae
539 2254 722 2307 lumen
752 2253 1007 2308 habeant.
1062 2252 1336 2321 Quomodo
1383 2252 1523 2321 ﬁant
1562 2254 1796 2322 quatuor

148 2347 505 2414 tempestates.
537 2343 606 2397 De
635 2344 1024 2414 magnitudine
1049 2344 1179 2397 solis
1208 2350 1258 2397 et
1293 2344 1469 2399 lunae.
1531 2338 1602 2397 De
1642 2342 1794 2413 defe-

150 2441 229 2486 ctu
274 2433 435 2486 satis.
485 2433 559 2486 De
605 2434 845 2487 essentia
893 2440 944 2487 ct
1004 2432 1505 2487 illuminationibus
1548 2433 1701 2487 tunae
1740 2442 1793 2486 et

151 2520 341 2591 ﬁgura.
401 2522 472 2575 De
517 2523 735 2591 defectu
784 2522 952 2577 lunae.
1018 2521 1211 2575 .4dhuc
1247 2520 1312 2575 de
1360 2521 1579 2591 delectu
1626 2522 1789 2575 lunae.

150 2610 202 2664 ιη
231 2616 362 2681 quot
395 2610 636 2665 circulos
666 2610 861 2664 caelum
901 2609 1199 2665 dividatur.
1254 2614 1333 2664 De
1360 2609 1661 2664 stellarum
1708 2612 1790 2665 Ia-

154 2701 289 2753 tione
313 2703 366 2754 et
398 2710 576 2755 motu.
619 2699 895 2768 Quomodo
926 2701 1049 2770 quis
1080 2715 1149 2754 ex
1176 2700 1422 2768 gentium
1450 2698 1790 2756 demonstra-

149 2790 387 2845 tionibus
417 2792 625 2844 muniti
650 2790 815 2859 ﬁnem
845 2789 1422 2860 cognoscet.Ejusdem
1457 2790 1788 2861 argumenti

149 2884 247 2943 est,
277 2885 335 2933 et
386 2879 545 2934 alius
591 2878 859 2948 ejusdem
900 2882 1203 2933 tractatus.
1265 2875 1518 2951 Ἀπορίαι
1572 2875 1789 2954 φυσικαί

145 2964 226 3017 καὶ
270 2964 519 3038 λογικαί.
573 2966 746 3021 Dubia
795 2967 1093 3021 naturalia
1152 2976 1203 3021 et
1252 2967 1452 3036 logica,
1486 2966 1586 3037 qui
1642 2966 1788 3023 inci-

147 3055 256 3125 pit:
290 3052 508 3108 Πολλοὶ
546 3053 640 3125 μὲν
672 3051 978 3129 πολλαχῶς
1006 3057 1111 3107 τῶν
1148 3052 1418 3128 ἀρχαίων,
1451 3060 1508 3111 et
1554 3055 1653 3111 alii
1678 3058 1788 3113 sub

143 3144 383 3200 diversis
435 3144 628 3199 titulis
677 3148 736 3199 et
768 3143 1092 3215 principiis,
1129 3144 1229 3216 qui
1260 3145 1462 3200 eadem
1491 3150 1552 3201 ut
1602 3146 1783 3216 pluri-

144 3250 296 3289 mum
332 3233 663 3289 continent.
732 3200 929 3305 l‘ieque
958 3200 1031 3289 sb
1080 3200 1190 3289 Ibis
1233 3234 1460 3290 diversa
1492 3200 1787 3305 videntur,
1818 3200 1860 3265 Ο

143 3339 263 3394 qua:
293 3324 409 3379 sub
429 3323 609 3378 variis
631 3322 823 3378 titulis
854 3322 911 3377 in
937 3323 1289 3379 bibliotheca
1310 3325 1465 3396 regis
1486 3325 1783 3380 Gallorum

140 3412 432 3483 leguntur.
495 3412 799 3468 Solutiones
828 3413 1194 3483 quaestionum
1217 3414 1287 3468 ad
1318 3415 1642 3470 Michactem
1676 3416 1786 3469 Du-

140 3517 272 3555 cam.
307 3503 565 3571 Epitome
604 3504 969 3573 quaestionum
1010 3502 1381 3573 physicarum.
1418 3503 1788 3571 Quaestionum

140 3594 316 3661 capita
345 3607 497 3646 εχει.
549 3592 886 3658 Quaestiones
932 3590 1256 3663 theologicae
1293 3596 1343 3647 et
1398 3593 1661 3665 physicm.
1712 3596 1787 3650 De

137 3679 238 3734 Deo
265 3679 337 3733 ad
369 3680 691 3735 Michaetem
718 3679 830 3751 [57]
862 3680 1092 3735 Ducam.
1154 3677 1378 3734 Ψελλοῦ
1419 3678 1783 3756 Φιλοσοφικά,

140 3782 202 3820 ex
234 3768 459 3839 quibus
491 3768 793 3837 omnibus,
828 3768 1089 3824 utetiam
1124 3774 1259 3825 ante
1290 3770 1567 3836 diximus,
1600 3788 1785 3827 unum

141 3856 476 3912 absolutum
514 3857 719 3912 conﬁci
752 3858 965 3929 poterit
995 3875 1165 3930 opus.

207 3989 442 4045 LXXIV.
474 3990 811 4066 Ἀντιγραφή
852 3990 1373 4064 προσερωτήσαντός
1421 4011 1568 4054 τινος
1619 4012 1784 4064 μονα-

140 4081 241 4149 χοῦ
270 4079 399 4151 περῖ
432 4078 668 4153 ὁρισμοῦ
696 4082 792 4131 τοῦ
825 4079 1077 4135 θανάτου,
1132 4081 1427 4151 Responsio
1467 4081 1538 4135 ad
1584 4098 1784 4136 mona-

136 4165 296 4221 chum
326 4168 619 4238 quemdam
648 4168 1135 4224 determinatione
1180 4170 1389 4224 mortis.
1440 4174 1495 4222 P.
1540 4166 1663 4243 Οὐχ
1710 4169 1786 4230 ὡς

137 4253 391 4327 ἠπόρητο
413 4256 474 4308 τὸ
510 4249 823 4328 προϐληθὲν
855 4256 1002 4329 παρὰ
1033 4259 1128 4309 σοῦ
1162 4257 1402 4328 ζήτημα.
1432 4258 1642 4313 Eadem
1678 4260 1787 4315 for—

138 4350 189 4399 te
224 4351 388 4410 sunt,
421 4362 547 4416 quae
580 4346 883 4415 ejusdem:
916 4347 990 4401 De
1021 4347 1254 4402 termino
1311 4348 1459 4412 vitae,
1512 4347 1788 4419 leguntur

137 4432 190 4487 in
224 4434 587 4489 bibliotheca
618 4434 773 4505 regis
794 4433 1117 4489 Gallorum.

1908 1912 2077 1964 γουσα
2127 1892 2226 1958 τήν
2274 1891 2587 1946 πανταιτίαν
2636 1890 2923 1964 οὐρανόθεν
2972 1887 3276 1957 κατελθεῖν,
3325 1889 3415 1943 καὶ
3473 1892 3551 1959 τῷ

1909 1979 2230 2055 ἀνθρωπείῳ
2275 1980 2412 2055 γένει
2467 1975 2867 2055 συγκαταϐῆναι
2898 2026 2911 2051 ,
2972 1978 3063 2034 καὶ
3106 1985 3406 2054 τεχθῆναι,
3459 1976 3551 2031 καὶ

1906 2068 2076 2124 πάντα
2120 2069 2185 2123 τὰ
2234 2069 2546 2143 ἀνθρώπινα
2593 2070 2739 2139 πάθη
2785 2069 3105 2142 ὑποστῆναι,
3156 2068 3247 2122 καὶ
3309 2086 3552 2140 σταυρω-

1907 2160 2091 2228 θῆναι,
2151 2158 2241 2213 καὶ
2296 2166 2564 2236 ταφῆναι,
2629 2159 2718 2213 καὶ
2792 2159 3117 2225 ἀναστῆναι;
3186 2158 3244 2210 Τί
3304 2156 3409 2231 γὰρ
3455 2155 3554 2209 οὐκ

1903 2246 2139 2318 ἠδύνατο
2196 2248 2415 2320 νεύματι
2492 2247 2639 2320 μόνῳ
2700 2252 2869 2301 σῶσαι
2923 2248 3013 2300 τὸν
3064 2246 3271 2299 ἅπαντα
3318 2244 3547 2316 κόσμον,

1903 2340 1989 2392 καὶ
2030 2339 2103 2411 μὴ
2127 2342 2405 2400 κενοῦσθαί
2434 2340 2532 2401 τῆς
2563 2334 2701 2397 ἰδίας
2734 2334 2914 2407 δόξης,
2952 2332 3091 2407 μηδὲ
3117 2336 3181 2389 τὸ
3210 2333 3505 2409 ἐλάχιστον
3530 2354 3544 2402 ;

1902 2431 2080 2485 Τοῦτο
2127 2427 2228 2503 γὰρ
2260 2428 2326 2496 ἦν
2356 2427 2446 2482 καὶ
2474 2430 2571 2480 τοῦ
2621 2426 2789 2499 ὕψους
2819 2431 2917 2494 τῆς
2948 2424 3210 2493 θεότητος
3236 2420 3405 2493 ἄξιον,
3451 2421 3542 2477 καὶ

1901 2519 2037 2590 ἡμῖν
2071 2522 2186 2577 τοῖς
2219 2516 2523 2588 ἀνθρώποις
2569 2512 3027 2589 λυσιτελέστερον.
3085 2514 3352 2571 Enodatio
3397 2529 3542 2569 com-

1902 2610 2087 2663 munis
2115 2608 2273 2662 dubii
2298 2608 2544 2661 omnium
2573 2614 2738 2661 extra
2768 2606 3215 2661 Christianorum
3252 2602 3414 2673 ﬁdem
3462 2604 3541 2657 vi-

1902 2698 2168 2765 ventium,
2217 2696 2368 2767 quod
2414 2697 2495 2751 sic
2535 2698 2885 2766 pr0ponunt:
2927 2698 3061 2764 Quae
3099 2702 3224 2749 erat
3252 2694 3544 2748 necessitas

1900 2789 2149 2842 omnium
2183 2802 2410 2841 causam
2429 2786 2778 2857 compellens,
2827 2787 2887 2839 ut
2916 2784 2982 2838 de
3011 2784 3144 2838 caelo
3174 2781 3540 2846 descenderet,

1898 2880 2119 2947 prapter
2169 2876 2472 2930 humanum
2526 2891 2696 2944 genus
2743 2890 2800 2930 se
2829 2874 3155 2942 demitteret,
3200 2875 3544 2939 nasceretur,

1897 2966 2221 3021 mortalium
2264 2966 2547 3036 passiones
2591 2964 2823 3033 subiret,
2871 2964 3304 3034 cruciﬁgeretur,
3343 2959 3547 3033 sepeli-

1899 3064 2076 3122 retur,
2112 3056 2468 3126 resurgeret?
2513 3054 2710 3109 Annon
2751 3062 2894 3107 nutu
2923 3051 3042 3108 solo
3079 3056 3291 3123 poterat
3317 3052 3545 3106 univer-

1898 3161 2019 3200 sum
2064 3145 2305 3213 salvare,
2354 3143 2557 3215 absque
2602 3159 2661 3199 eo
2691 3142 2832 3215 quod
2864 3144 3100 3215 prapria
3143 3141 3419 3211 dignitate
3464 3144 3549 3196 vet

1899 3238 2191 3290 minimum
2224 3238 2566 3290 exueretur.’
2594 3236 2700 3289 Hoc
2729 3234 2927 3305 quippe
2956 3237 3095 3301 erat,
3135 3242 3190 3287 ct
3219 3233 3373 3303 apice
3398 3233 3541 3287 divi-

1895 3326 2093 3380 nitatis
2122 3325 2371 3395 dignum,
2403 3323 2669 3395 nobisque
2700 3324 3023 3379 mortalibus
3073 3322 3185 3393 [58]
3228 3322 3404 3392 magis
3445 3336 3541 3375 ea:-

1893 3414 2134 3487 pediens.
2169 3417 2227 3467 Ρ.
2284 3410 2499 3481 Ταύτην
2530 3412 2631 3479 τήν
2681 3410 2905 3483 ἀπορίαν
2942 3409 3041 3464 οὐκ
3089 3408 3379 3484 Ἀγαρηνοὶ
3434 3406 3538 3480 μό-

1894 3523 2009 3573 νον,
2044 3499 2187 3556 ἀλλά
2212 3500 2299 3554 καὶ
2329 3498 2623 3569 Ἕλληνες.

1969 3592 2185 3648 LXXV.
2230 3590 2323 3651 Εἷς
2352 3590 2437 3661 τὸ,
2470 3590 2533 3645 Ἠ
2557 3587 2700 3657 καλή
2734 3590 2828 3643 τὸν
2856 3589 3079 3664 ὡραῖον,
3114 3589 3174 3644 1η
3206 3588 3373 3657 illud,
3404 3588 3538 3643 Put-

1894 3687 2025 3737 chra
2053 3681 2380 3755 formosum.
2417 3684 2473 3735 P.
2510 3678 2637 3733 Κατ’
2669 3674 2913 3749 ἔλλειψιν
2944 3680 3064 3745 1:06,
3097 3674 3385 3749 Ἀπέτεμε.

1970 3768 2059 3831 Εἷς
2088 3769 2150 3823 τὸ
2202 3767 2491 3842 λεγόμενον
2525 3765 2575 3821 ἐν
2608 3770 2676 3841 τῇ
2710 3767 2872 3841 ἑορτῇ
2904 3773 3005 3835 τῆς
3054 3762 3416 3838 Ἀναλήψεως
3444 3767 3539 3818 τοῦ

1896 3860 2151 3934 Χριστοῦ,
2200 3858 2456 3932 Σήμερον
2486 3856 2553 3910 τὰ
2582 3856 2707 3929 ἅγια
2756 3851 3088 3931 Κοῦνδουρα,
3139 3852 3229 3909 nni
3268 3852 3455 3929 αίίριον
3504 3854 3539 3921 ἡ

1896 3946 2219 4020 Ἀνάληψις.
2271 3949 2334 4002 1η
2383 3947 2545 4014 illud,
2606 3944 2748 4016 quod
2804 3946 2863 4000 in
2919 3946 3153 4001 solemni
3204 3944 3545 4000 Ascensionis

1898 4038 2104 4093 Christi
2159 4037 2251 4092 die
2299 4037 2526 4101 dicitur,
2578 4034 2737 4091 hodie
2780 4034 2979 4091 Sancta
3032 4034 3316 4102 Cundura,
3342 4041 3394 4090 et
3424 4049 3542 4089 cras

1894 4127 2173 4182 Ascensio.
2212 4129 2269 4178 P.
2304 4123 2420 4180 Οὐκ
2444 4122 2550 4177 ἀπὸ
2580 4128 2687 4177 τῶν
2719 4122 3067 4197 ὑψηκοτέρων
3103 4123 3291 4197 μόνον.

1967 4215 2031 4268 Τί
2058 4214 2143 4282 τὸ,
2176 4213 2299 4267 Κατ’
2328 4212 2529 4270 εἰκόνα.
2560 4213 2651 4268 καὶ
2679 4213 2731 4268 τί
2769 4214 2831 4267 τὸ
2881 4214 3009 4270 Καθ’
3053 4211 3341 4286 ὁμοίωσιν.
3400 4212 3545 4283 Quid

1895 4307 1968 4360 sit
2024 4303 2326 4360 secundum
2378 4306 2694 4375 imaginem,
2753 4314 2803 4361 et
2851 4304 2984 4377 quid
3010 4304 3308 4362 secundum
3336 4303 3541 4359 simili-

1897 4393 2164 4450 tudinem.
2199 4393 2259 4447 Ρ.
2294 4391 2576 4447 Ἀπάντων
2607 4397 2714 4447 τῶν
2748 4393 3053 4467 γινομένων
3092 4394 3279 4464 μόνος.

1966 4487 2020 4534 '0
2068 4482 2277 4556 Πατὴρ.
2328 4481 2514 4543 οὐσίας
2558 4481 2591 4551 ἢ
2644 4482 2907 4556 ἐνεργείας
2939 4478 3133 4555 ὄνομα,
3166 4485 3333 4539 Pater
3360 4499 3537 4540 essen-

205 4549 359 4603 Διατί
422 4555 526 4617 τῆς
573 4548 981 4620 κοσμοκτησίας
1030 4549 1166 4603 κατά
1214 4549 1304 4602 τὸν
1348 4550 1585 4623 Μάρτιον
1639 4558 1784 4622 μῆνα

1958 4587 2085 4641 επεν,
2116 4588 2188 4627 an
2210 4548 2455 4627 actionis
2483 4548 2684 4628 nomen
2714 4548 2835 4628 sit?
2864 4577 2923 4627 P.
2983 4548 3130 4645 Πρὸς
3172 4568 3357 4647 ’ἕτερον
3387 4569 3536 4633 αὖθις

134 4638 226 4704 τὴν
275 4638 462 4710 ἀρχὴν
515 4636 796 4711 εἰληφὼς,
847 4638 874 4691 ὁ
923 4637 1122 4711 χρόνος
1183 4636 1273 4691 ἀπ’
1313 4640 1491 4713 ἀρχῆς
1548 4644 1644 4694 τοῦ
1694 4647 1788 4695 Σε-

136 4721 445 4801 πτεμϐρίου
499 4726 675 4797 μηνὸς
725 4725 1057 4801 ἀπάρχεσθαι
1109 4724 1347 4802 λέγεται.
1395 4730 1641 4797 Quarum
1693 4748 1788 4785 ra-

136 4819 286 4871 tione
316 4819 474 4873 orbis
503 4816 769 4883 conditus,
817 4834 936 4871 cum
981 4833 1161 4872 mense
1206 4818 1403 4873 Martio
1448 4821 1791 4891 principium

138 4906 417 4973 habuerit,
449 4908 519 4961 ab
550 4908 714 4961 initio
746 4908 949 4960 mensis
981 4906 1316 4977 Septembris
1366 4912 1577 4979 tempus
1623 4925 1791 4964 exor-

138 4994 249 5049 diri
297 4995 545 5050 dicatur.
613 4998 668 5049 P.
722 4993 819 5047 Διά
871 4992 936 5047 τὸ
979 4991 1263 5057 καλεῖσθαι
1322 4994 1522 5068 χρόνος
1580 4996 1608 5048 ὁ
1661 4996 1795 5072 χρό-

140 5104 247 5145 νος.

206 5198 343 5273 Περὶ
378 5203 476 5253 τοῦ
508 5197 905 5271 ἀποπομπαίου
934 5202 1111 5273 κριοῦ.
1162 5202 1235 5256 De
1282 5202 1432 5257 hirco
1479 5204 1791 5259 emissario.

138 5296 197 5343 Α.
236 5290 563 5363 Ἐρώτησας
614 5286 819 5358 πηνίκα
845 5292 941 5342 τοῦ
973 5285 1124 5349 ἔτους
1157 5288 1184 5342 ὁ
1218 5288 1524 5365 ἀρχιερεύς.

206 5402 341 5477 Περέ
380 5406 502 5468 τοῦ,
547 5398 690 5456 διατί
743 5404 795 5456 υἱ
871 5400 1093 5477 ἄγγελοι
1144 5406 1435 5478 πτερωτοὶ,
1485 5406 1571 5459 καὶ
1606 5404 1796 5479 ἐστεμ-

144 5492 324 5563 μένοι,
378 5490 470 5544 καὶ
528 5490 993 5566 ἀνθρωπόμορφοι
1028 5534 1043 5557 ,
1120 5492 1209 5546 καὶ
1288 5500 1514 5570 σφαῖραν
1570 5494 1619 5548 ἐν
1680 5502 1798 5557 ταῖς

144 5582 299 5657 χερσὶ
374 5581 653 5657 ςρέροντες.
705 5580 807 5636 Καὶ
865 5577 936 5634 δι’
994 5582 1058 5649 ἣν
1118 5580 1294 5635 αἰτίαν
1349 5584 1572 5654 μνήμην
1620 5583 1795 5637 αὐτῶν

144 5669 461 5742 ποιούμεθα
488 5672 558 5742 τῇ
590 5666 812 5743 δευτέρᾳ
837 5675 938 5739 τῆς
969 5664 1275 5743 ἱϐδομάδος
1323 5670 1521 5746 ἡμέρα,
1578 5676 1647 5745 τῇ
1687 5672 1801 5747 τρί-

1896 4654 2221 4736 πρόϐλημα.

1968 4749 2265 4823 Ἑρμηνεία
2294 4747 2368 4809 εἷς
2396 4748 2459 4802 τὸ
2482 4747 2642 4821 Κύριε
2672 4750 2851 4819 Ἰησοῦ
2882 4750 3098 4826 Χριστὲ,
3130 4751 3158 4804 ὁ
3196 4752 3325 4813 Θεὸς
3355 4752 3537 4823 ἡμῶν,

1900 4836 2126 4903 ἐλέησον
2174 4840 2340 4909 ἡμᾶς.
2396 4838 2592 4910 Ἀμήν.
2642 4842 2920 4913 Expositio
2973 4843 3031 4896 in
3080 4841 3246 4897 illud.
3298 4842 3541 4897 Domine

1900 4928 2040 4985 Jesu
2072 4927 2317 4994 Christe,
2355 4931 2504 4983 Deus
2536 4934 2752 4999 noster,
2779 4930 3055 4986 miserere
3084 4930 3289 4987 nostri.
3321 4933 3533 4987 Amen.

1905 5022 1960 5072 P.
1995 5015 2202 5077 Παντὸς
2234 5012 2586 5091 δογματικοῢ.

1975 5102 2103 5179 Περὶ
2132 5109 2233 5171 τῆς
2266 5102 2570 5166 συντελείας
2598 5109 2695 5160 τοῦ
2721 5105 2941 5168 αἰῶνος.
2988 5113 3069 5164 De
3098 5109 3207 5179 ﬁne
3235 5109 3449 5166 swcuti.
3484 5114 3543 5165 Ρ.

1903 5190 2075 5265 Εὗρον
2104 5190 2154 5244 ἐν
2185 5194 2253 5264 τῇ
2286 5192 2581 5266 Ἐρμηνείᾳ
2608 5200 2708 5263 τῆς
2739 5194 3190 5271 ’Λποκαλύψεως.

2048 5310 2111 5385 in
2134 5309 2251 5385 loca
2279 5309 2610 5385 di/ﬁciliora
2642 5314 2867 5379 Basilii,
2899 5316 3192 5385 expositio.

2047 5383 2108 5436 In
2142 5382 2257 5436 loca
2288 5382 2608 5453 difﬁciliora
2632 5382 2980 5441 Nazzanz-eni
3006 5388 3300 5458 expositio.

1980 5494 2075 5557 Εἰς
2101 5495 2197 5556 τὰς
2234 5493 2535 5574 ἐπιγραφὰς
2574 5501 2681 5569 τῷν
2720 5497 2994 5571 Ψαλμῶν,
3046 5502 3109 5556 In
3164 5504 3548 5575 inscriptiones

1912 5587 2267 5641 Psalmorum.
2305 5587 2367 5641 P.
2398 5588 2519 5642 Τῶν
2553 5586 2604 5642 ἐν
2638 5594 2757 5650 τοῖς
2792 5588 3069 5663 Ψαλμοῖς.

1980 5674 2076 5735 Εἷς
2130 5674 2225 5735 τὰς
2283 5673 2579 5754 ἐπιγραφὰς
2633 5682 2741 5731 τῶν
2800 5677 3093 5752 Ψαλμῶν,
3157 5677 3245 5732 καὶ
3302 5679 3363 5732 τὸ
3420 5677 3544 5731 Διά-
