4040 6196
244 307 364 367 533

1507 317 1882 384 DIATBIBA
1935 315 2040 376 DE
2084 320 2425 386 PSELLIS.

3561 344 3680 406 534

242 443 688 499 accommodare
755 444 962 516 voluit,
1021 451 1290 523 contigit.
1357 454 1497 509 Mihi
1564 459 1718 510 certe
1791 446 2324 512 nonATheodoz-us
2371 473 2493 526 rex,
2542 460 2615 514 iis
2657 463 2908 531 cognitis,
2959 466 3020 518 in
3086 466 3362 524 Orientem
3417 477 3676 543 protinus

241 527 473 583 videtur
514 531 760 588 Michael
812 535 1060 604 Psellus,
1110 541 1210 611 qui
1262 543 1372 598 sub
1420 542 1802 599 Monomacho
1852 545 1910 597 et

237 614 418 672 Ducis
448 618 666 687 ﬂoruit,
701 639 768 677 eo
802 641 989 696 usque
1019 628 1200 684 vitam
1244 633 1622 703 protraxisse,
1657 637 1720 688 ut
1777 637 1908 704 post

238 704 493 778 Philippi
526 709 778 778 obitum,
813 714 885 768 de
915 731 1031 786 quo
1065 735 1179 772 non
1220 724 1452 777 tantum
1506 727 1649 777 tunc
1704 739 1906 777 recens

235 796 524 881 exstincto
549 798 905 870 loquitur,in
934 805 1199 875 ejusdem
1230 809 1547 881 Dioptram,
1568 811 1701 867 licet
1724 813 1902 867 etiam

241 879 693 956 μακροϐιώτατον
741 891 1077 963 fecerimus,
1133 899 1360 967 przefari
1437 901 1711 972 potuerit.
1765 901 1902 955 Phi-

231 970 434 1043 lippus
459 976 616 1032 enim
651 995 804 1035 anno
842 983 976 1036 1105
1024 985 1340 1058 scribebat,
1373 970 1453 1044 ut
1489 989 1615 1060 ipse
1665 990 1901 1044 fatetur.

235 1080 375 1138 Ἰδοὺ
409 1088 516 1150 γὰρ
549 1088 656 1145 ἀπὸ
684 1095 782 1145 τοῦ
816 1098 1053 1150 Χριστοῦ
1084 1093 1132 1150 ἅτ

253 1116 375 1138 ιυυδ
453 1116 516 1179 αξ)
549 1116 656 1145 απο
684 1116 782 1145 του
817 1116 1053 1167 Αριστου
1084 1117 1132 1150 a‘

232 1116 603 1250 Πεπλπξεωται
635 1162 702 1216 τὰ
732 1163 919 1256 χίλια,
954 1169 1092 1256 app:
1121 1116 1158 1224 ἓ

233 1231 326 1256 ιε’-ἒ
359 1251 517 1256 --.λ--
557 1235 637 1256 ,μ’
679 1255 687 1256 ,

233 1231 328 1314 lini
359 1231 520 1314 ξέντε
553 1233 639 1286 ἐπὶ
671 1231 1003 1312 τοῗςτοιςλίε,
1028 1235 1134 1302 ἕως
1169 1243 1255 1296 καὶ
1291 1242 1386 1297 τοῦ
1425 1249 1535 1313 νῦν,
1571 1231 1689 1314 ἐτη,

230 1301 327 1355 Ἀν
363 1299 412 1355 δ’
446 1303 688 1378 ἆριθμῇς
745 1307 800 1362 ἐκ
853 1299 952 1377 τῆξ
983 1299 1182 1390 ’ταφῆς
1239 1321 1341 1384 τῆς
1390 1299 1610 1386 τούτου,
1654 1299 1753 1369 ’καὶ
1803 1317 1898 1368 τοῦ

231 1446 271 1460 ,τ
357 1442 372 1460 ,
497 1445 509 1460 .
683 1448 716 1460 ,λ
825 1447 915 1460 .,,-
1022 1455 1032 1460 -
1244 1453 1300 1460 --
1667 1388 1897 1460 [πάθονς

1690 1408 1897 1449 παυους

1203 1122 1215 1153 ι
1247 1096 1312 1168 δὴ
1345 1102 1436 1154 καὶ
1466 1108 1567 1171 τῆς
1608 1098 1767 1174 δεῦρο

1161 1173 1184 1223 ὲ
1225 1175 1313 1262 καὶ
1355 1173 1542 1260 ἕκατον
1574 1193 1656 1262 ΚΞ,

357 1442 509 1475 (ψη-Ι
539 1469 597 1475 μ-
630 1448 791 1475 -_!|_-_
825 1447 940 1475 ερελ
1020 1455 1032 1474 ρ
1244 1453 1300 1475 δι

230 1445 509 1521 Πεςδύκασί
539 1469 600 1524 γε
630 1448 793 1524 χίλια
823 1447 1208 1525 ἑϐδομήκοντα
1239 1453 1324 1513 δύ.

301 1571 448 1626 Ecce
502 1576 653 1629 enim
700 1593 734 1630 a
792 1577 1004 1635 Christo
1051 1597 1220 1653 usque
1269 1584 1326 1638 in
1371 1589 1704 1655 prmsentem
1750 1585 1897 1640 diem

225 1663 487 1729 completi
526 1669 655 1720 sunt
702 1667 868 1724 mille
903 1674 955 1725 et
1004 1677 1246 1744 centum,
1285 1683 1338 1730 et
1385 1677 1610 1748 insuper
1656 1679 1735 1732 ad
1779 1677 1897 1733 hwc

228 1757 480 1820 tempora
513 1756 655 1809 anni
705 1759 964 1830 quinque.
999 1761 1061 1816 Si
1087 1779 1208 1818 vero
1235 1769 1519 1836 computus
1547 1783 1579 1820 a
1607 1768 1893 1837 sepultura

226 1846 277 1891 et
309 1843 574 1910 passione
603 1844 781 1916 illius,
810 1857 944 1903 sunt
974 1850 1128 1905 mitte
1174 1855 1523 1923 septuaginta
1557 1854 1687 1912 duo.
1719 1858 1887 1910 Anno

232 1927 505 1985 videlicet
537 1933 603 1985 16
633 1932 837 2003 Alexii,
876 1942 940 1992 ut
966 1937 1120 1995 idem
1155 1940 1235 1996 ait
1263 1943 1531 2012 inferius,

224 2041 400 2122 Ῥειᾳῦ
424 2040 887 2122 ςτξᾳὲτηᾼγίνονται
918 2051 1022 2106 ἀπὸ
1052 2055 1288 2122 Χριστοῦ
1317 2057 1379 2111 τὸ
1409 2057 1582 2122 πάθος

241 2063 400 2169 uina
431 2065 491 2097 τε
520 2066 612 2117 ετη
645 2063 887 2122 γίνονται
918 2063 1022 2106 ἀπὸ
1052 2063 1095 2109 Χ
1140 2063 1288 2110 ιστοῦ
1317 2063 1379 2111 τὸ
1409 2063 1582 2122 πάθος

222 2113 287 2203 Et
337 2115 391 2168 i1
423 2111 945 2203 ἑϐδομήκονταλκαί
978 2122 1074 2203 δύο
1101 2073 1159 2181 ἓξ.
1189 2128 1323 2203 προς
1354 2130 1593 2203 τούτοις,

222 2187 334 2241 Τοῦ
367 2187 638 2253 "Avarici
673 2187 956 2250 ἑκκαίδεκα
986 2187 1240 2270 Ἀλεξίου⁸
1263 2200 1486 2276 ἀρτίως.

286 2313 474 2369 Simul
505 2320 647 2372 anni
691 2321 833 2390 ﬁunt
863 2340 894 2376 a
927 2324 1136 2380 Christi
1179 2330 1428 2398 passione
1458 2329 1611 2383 mille
1657 2338 1878 2400 septua-

215 2405 374 2469 ginta
428 2405 562 2472 duo,
613 2410 965 2479 imperatoris
1021 2415 1208 2470 Atexii
1262 2417 1541 2471 sexdecim
1604 2420 1875 2490 completi.

213 2490 326 2545 Nec
375 2494 576 2563 potuit
631 2496 730 2551 illo
787 2500 990 2556 eodem
1050 2519 1203 2558 anno
1262 2504 1569 2577 Philippus
1624 2506 1878 2578 ingentis

217 2581 398 2635 studii
448 2599 516 2637 ac
574 2582 791 2642 laboris
840 2605 987 2659 opus
1034 2590 1373 2649 absolvisse.
1423 2597 1495 2649 At
1540 2595 1874 2666 absolverit,

216 2669 505 2726 statimne
564 2674 633 2727 ad
694 2692 909 2733 manus
975 2680 1240 2735 omnium
1315 2684 1498 2754 potuit
1574 2687 1877 2756 pervenire

220 2757 617 2831 adornarique
678 2765 1017 2834 praefatione
1082 2768 1255 2824 etiam
1335 2771 1556 2827 Pselli?
1612 2775 1772 2838 Quod
1826 2774 1875 2828 si

223 2854 529 2904 momento
588 2852 788 2907 eodem
842 2856 1060 2910 factum
1121 2857 1175 2911 id
1222 2875 1351 2914 esse
1423 2860 1874 2931 at'lirmabimus,

217 2933 452 2993 Psellus
482 2946 637 2996 certe
669 2941 802 3013 plus
845 2946 1019 3002 annis
1054 2952 1289 3003 centum
1340 2956 1513 3006 natus
1560 2953 1872 3022 scribebat,

213 3030 266 3078 et
313 3027 705 3086 verisimilius
760 3039 848 3087 est
886 3034 1066 3090 alium
1100 3038 1172 3092 ab
1205 3037 1311 3093 hoc
1341 3039 1529 3094 Psello
1563 3042 1764 3097 fuisse.
1796 3047 1874 3098 De

214 3116 368 3170 notis
399 3115 526 3173 sive
557 3119 820 3189 scboliis,
856 3140 982 3194 qua:
1037 3142 1105 3179 ex
1155 3126 1344 3182 Psello
1393 3129 1450 3183 in
1504 3129 1736 3201 [)ioptra
1784 3130 1872 3187 in-

214 3211 520 3274 serunt-ur,
555 3225 670 3263 non
721 3211 834 3282 [62]
872 3190 1113 3281 .morer;
1165 3215 1252 3270 vel
1303 3217 1458 3272 enim
1511 3236 1541 3272 a
1598 3190 1871 3290 praefante
1903 3190 1944 3256 Ο

212 3292 428 3360 Psello,
493 3311 564 3349 ex
622 3298 939 3370 antiquiori
989 3301 1200 3371 Psello,
1243 3309 1309 3358 ut
1373 3305 1569 3361 afﬁnis
1625 3307 1874 3378 gloriam

212 3390 614 3454 propagaret;
648 3386 736 3440 vel
795 3404 828 3442 a
877 3390 1192 3456 scribente,
1234 3392 1319 3448 vel
1380 3393 1604 3466 legente
1651 3397 1878 3453 adnexa

214 3475 398 3536 sunt;
434 3471 498 3525 ni
527 3475 1127 3550 eumdemmet,cujus
1159 3479 1259 3535 illa
1289 3483 1735 3552 przefatiuucula
1763 3492 1875 3558 est,

212 3561 562 3616 eorumdem
613 3563 959 3622 scholiorum
1006 3573 1308 3625 auctorem
1367 3589 1682 3644 agnoscere
1737 3577 1876 3631 veli-

210 3663 368 3703 mus.
402 3649 557 3705 Illud
595 3652 768 3707 etiam
797 3655 940 3709 mihi
975 3673 1078 3712 nec
1109 3658 1256 3713 satis
1299 3658 1562 3732 planum,
1599 3679 1704 3719 nec
1752 3681 1875 3720 cer-

211 3741 334 3792 tum
369 3743 482 3808 est,
515 3757 736 3796 annum
770 3745 927 3813 1105,
953 3761 1084 3800 cum
1120 3746 1361 3819 Dioptra
1391 3752 1758 3807 scribebatur
1778 3771 1875 3809 an-

212 3843 354 3881 num
385 3828 579 3884 Alexii
612 3837 838 3888 sextum
872 3834 1165 3890 decimum
1197 3837 1398 3908 fuisse,
1433 3857 1590 3906 cum,
1623 3841 1672 3897 si
1720 3849 1876 3900 recte

214 3931 511 3971 annorum
567 3920 747 3975 series
803 3929 1198 3994 computetur,
1246 3926 1422 3982 fuerit
1468 3945 1660 3985 annus
1716 3931 1876 3987 illius

211 4002 442 4074 imperii
474 4007 581 4072 2'5;
617 4024 810 4064 rerum
842 4011 1000 4066 enim
1035 4013 1260 4084 potitur
1308 4033 1460 4072 anno
1504 4019 1657 4072 1081.
1694 4019 1876 4091 quue

212 4107 318 4162 pro
351 4095 651 4150 tractatuli
684 4096 930 4168 hujusce
959 4101 1236 4158 brevitate
1287 4104 1554 4160 innuisse
1603 4113 1696 4162 sat
1742 4109 1871 4165 fuit.

285 4181 522 4237 LXXIX.
577 4184 895 4257 Meursius,
947 4190 1102 4245 notis
1147 4191 1207 4246 in
1269 4193 1530 4250 carmina
1587 4195 1762 4252 Pselli
1814 4199 1873 4252 in

210 4271 456 4327 Cantica
514 4273 881 4331 canticorum
943 4283 1107 4334 notat
1176 4285 1310 4351 post
1379 4282 1534 4338 hunc
1595 4285 1872 4355 Psellum,

209 4356 390 4413 alium
473 4362 652 4416 etiam
730 4363 912 4420 fuisse
996 4367 1347 4425 Michaelum
1425 4371 1732 4444 Psellum,
1786 4375 1870 4430 vi-

213 4463 340 4502 rum
422 4449 762 4518 militarem,
828 4455 939 4509 sub
1027 4457 1332 4514 Theodoro
1405 4461 1654 4531 Lascari,
1702 4467 1872 4535 cujus

2017 542 2197 598 redire
2257 549 2522 614 maturat,
2593 549 2820 607 Lascare
2883 555 3061 623 patris
3129 542 3428 626 avunculo,
3475 568 3530 616 et
3577 565 3677 620 Μί-

2016 630 2202 686 chaele
2234 635 2411 690 Psetlo
2440 653 2566 692 cum
2595 642 2814 710 exiguis
2844 645 3034 713 copiis,
3076 647 3262 716 utpote
3308 651 3584 721 trecentis,
3616 656 3676 710 in

2019 721 2325 778 Occidentis
2376 728 2701 795 praesidium
2777 730 2998 787 relictis
3059 734 3338 807 Perilapo,
3391 743 3442 793 et
3494 742 3674 797 vicino

2015 812 2221 866 tractui
2253 812 2528 872 Theodoro
2569 817 2907 890 Catampaci,
2942 837 3100 892 quem
3156 825 3341 880 Tutum
3390 827 3549 884 Autae
3592 845 3676 885 co—

2013 903 2434 974 gnominabant,
2483 907 2840 964 Constantino
2893 910 3161 969 Chabara:
3203 914 3403 970 Albani
3439 921 3673 989 prae/“ec-

2013 993 2200 1043 turam
2229 991 2580 1050 demandavit
2602 1015 2626 1061 ;
2653 998 2796 1053 mihi
2834 1003 3019 1055 autem
3051 1017 3371 1073 supremum
3402 1007 3460 1059 in
3492 1022 3678 1062 omnes

2011 1077 2308 1149 imperium
2337 1083 2586 1140 tradidit.

2079 1260 2211 1326 Sed,
2238 1264 2302 1314 ut
2327 1276 2528 1317 verum
2564 1263 2764 1332 fatear,
2783 1267 3056 1322 mendum
3093 1268 3151 1323 in
3182 1269 3290 1325 hcc
3321 1269 3446 1326 loco
3469 1271 3666 1329 inesse

2009 1347 2533 1418 suspicabar.Cum
2561 1352 2717 1408 enim
2752 1355 3114 1427 reliquorum
3139 1359 3426 1429 omnium,
3445 1362 3661 1432 quibus

2006 1437 2322 1494 exercitum
2385 1441 2841 1500 demandavcrat
2905 1444 3246 1518 imperator,
3306 1451 3547 1505 nomina
3603 1457 3662 1507 et

2007 1527 2361 1597 cognomina
2416 1534 2810 1600 apponantur,
2873 1532 3140 1589 Lascaris
3181 1534 3373 1590 solum
3419 1552 3656 1608 nomen,

2005 1630 2121 1669 non
2155 1631 2224 1670 ex
2255 1633 2416 1672 more
2464 1635 2590 1686 suo,
2626 1618 2881 1676 tacuisse
2922 1621 3211 1678 videbam.
3245 1623 3486 1692 Deinde,
3518 1643 3650 1681 cum

2003 1701 2137 1773 alia,
2186 1722 2289 1760 nec
2339 1706 2588 1762 minoris
2645 1710 3149 1779 considerationis,
3187 1713 3363 1767 unius
3419 1718 3649 1768 tantum

1922 1819 1968 1883 Β
2001 1807 2152 1847 curae
2185 1793 2620 1864 demandasset,
2654 1797 2817 1853 nulla
2846 1798 3153 1856 videbatur
3201 1801 3346 1857 ratio
3395 1801 3545 1856 duos
3587 1803 3644 1858 in

1998 1880 2242 1938 minimo
2301 1888 2530 1956 negotio
2589 1887 2937 1958 praefecisse,
2991 1894 3048 1944 et
3120 1888 3436 1946 ridiculum
3504 1907 3644 1947 sane

1993 1975 2102 2040 est,
2140 1975 2256 2026 tam
2305 1974 2546 2045 exiguas
2598 1976 2819 2048 copias,
2868 1981 3159 2034 trecentos
3206 1977 3448 2049 scilicet,
3500 1979 3640 2036 viris

1994 2059 2224 2116 duobus
2255 2064 2716 2120 commendasse.
2752 2067 2874 2122 lmo
2905 2066 3018 2122 alia
3065 2067 3328 2137 ejusdem
3360 2068 3640 2135 auctoris,

1991 2149 2063 2203 de
2092 2150 2293 2205 eodem
2327 2158 2676 2222 argumento
2708 2155 2908 2222 editio,
2935 2157 3198 2211 Lascaris
3225 2173 3438 2212 nomen
3469 2157 3643 2214 nobis

1989 2235 2216 2308 inserit,
2239 2256 2341 2294 nec
2375 2240 2631 2297 Pseltum
2665 2243 3232 2314 comminiscitur;et
3261 2261 3394 2300 cum
3425 2245 3641 2316 saepius

1990 2325 2048 2380 in
2108 2327 2190 2381 rei
2246 2332 2418 2394 gestae
2472 2331 2805 2386 narratione
2866 2331 3071 2387 horum
3113 2332 3379 2388 omnium
3433 2333 3639 2388 notitia

1987 2419 2044 2470 et
2074 2418 2444 2487 cognomina,
2481 2420 2552 2473 ad
2602 2419 2904 2475 fastidium
2956 2438 3163 2492 usque,
3198 2425 3440 2494 repetat,
3477 2422 3636 2477 Psel-

1987 2502 2111 2560 lum
2168 2506 2350 2561 istum
2410 2525 2710 2578 nunquam
2790 2509 3074 2565 nominat.
3131 2511 3288 2567 Duas
3342 2512 3634 2582 siquidem

1985 2594 2250 2664 ejusdem
2303 2596 2559 2652 historiae
2600 2593 2860 2664 ἐκδόσεις,
2913 2600 3219 2667 editiones,
3262 2601 3634 2672 conscripsit,

1985 2685 2252 2752 alteram,
2304 2703 2479 2756 quam
2528 2687 2866 2744 Theodorus
2921 2694 3120 2746 Dousa
3167 2689 3361 2745 Graece
3422 2695 3479 2744 et
3533 2691 3636 2746 La-

1985 2772 2105 2828 tine
2182 2773 2520 2844 publicavit,
2597 2777 2852 2847 brevem,
2920 2780 3236 2846 concisam,
3299 2796 3412 2834 non
3502 2796 3633 2833 nar-

1983 2867 2232 2930 rantem,
2292 2864 2393 2918 sed
2463 2869 2690 2920 tantum
2759 2866 2942 2938 digito
3000 2884 3122 2924 rem
3180 2873 3633 2940 monstrantem,

1987 2951 2139 3022 [63]
2219 2952 2465 3023 ideoque
2555 2955 3016 3026 percbscuram,
3080 2961 3138 3012 et
3221 2958 3631 3026 decurtatam,

1983 3057 2160 3111 quam
2195 3040 2243 3096 si
2274 3041 2513 3096 alterius
2546 3045 2958 3112 compendium
2993 3044 3227 3112 dixeris,
3261 3063 3376 3102 non
3407 3047 3635 3102 errabis

1985 3145 2018 3182 a
2048 3145 2256 3198 secpo:
2289 3129 2531 3185 alteram
2579 3132 2876 3202 dilfusam,
2911 3150 3025 3188 non
3076 3137 3367 3206 prazcipua
3416 3135 3632 3206 solum,

1985 3219 2085 3273 sed
2135 3218 2378 3274 minima
2421 3236 2686 3291 quaeque,
2739 3223 2990 3277 oratorio
3050 3225 3402 3295 quandoque
3450 3241 3632 3287 more,

1985 3312 2393 3378 exponentem,
2445 3313 2502 3363 et
2547 3309 2717 3380 quasi
2784 3311 3232 3380 commentario,
3285 3313 3537 3366 obscura
3581 3318 3636 3366 ct

1985 3398 2169 3452 ardua
2199 3396 2618 3452 illustrantem.
2651 3399 2976 3470 Hanc,qua:
3013 3400 3265 3455 Psellum
3298 3417 3413 3456 non
3438 3401 3634 3470 habet,

1985 3487 2078 3541 cui
2128 3486 2485 3541 elucidandaa
2525 3487 2841 3544 nonnullas
2884 3488 3059 3544 horas
3093 3489 3377 3561 impendi,
3407 3489 3635 3545 diutius

1985 3577 2139 3646 apud
2174 3576 2559 3640 me,maximo
2582 3576 2914 3646 reipublicae
2941 3576 3234 3634 litterariis
3265 3579 3500 3645 damno,
3520 3579 3635 3633 im-

1985 3663 2201 3719 morari
2249 3681 2365 3720 non
2417 3663 2626 3735 patiar,
2663 3666 2787 3732 sed,
2821 3682 2956 3720 cum
3015 3666 3273 3738 primum
3329 3685 3430 3738 per
3483 3667 3635 3723 vires

1985 3753 2200 3824 licebit,
2235 3753 2368 3809 usui
2425 3754 2658 3824 publico
2705 3756 3040 3810 excudetur.
3078 3755 3490 3812 Libentissime
3540 3756 3637 3811 hic

1985 3842 2148 3914 plura
2197 3844 2453 3898 auctoris
2503 3844 2876 3913 ascriberem,
2911 3850 2976 3900 ut
3023 3845 3160 3916 quid
3212 3846 3363 3900 inter
3417 3850 3636 3901 utram-

1984 3949 2097 4003 que
2141 3932 2453 3987 editicnem
2501 3934 2752 4000 intersit,
2785 3933 2938 3988 facta
2995 3933 3305 3990 collatione
3361 3950 3636 4006 agnosce:

1985 4039 2099 4087 res,
2133 4023 2234 4076 sed
2269 4022 2448 4077 nimis
2483 4022 2659 4094 longa
2689 4023 2951 4078 oratione
2991 4025 3390 4096 prosequitur,
3422 4031 3480 4080 et
3526 4025 3638 4080 iter

1984 4128 2158 4166 suum
2219 4111 2287 4165 ad
2351 4110 2669 4182 Prilapum,
2718 4111 2906 4183 spatio
2951 4112 3130 4167 trium
3183 4113 3476 4169 mensium
3512 4130 3636 4184 per-

1983 4207 2214 4268 actum;
2249 4205 2305 4253 et
2332 4200 2552 4270 Prilapi
2583 4201 3073 4272 expugnationem
3101 4222 3114 4270 ;
3151 4204 3387 4258 tandem
3437 4203 3634 4258 infeli-

1983 4305 2102 4343 eem
2133 4289 2313 4358 hujus
2343 4289 2729 4359 expeditionis
2762 4290 2933 4345 ﬁnem
2964 4307 2977 4357 ;
3008 4291 3078 4346 de
3117 4291 3334 4362 quibus
3366 4291 3426 4346 in
3459 4291 3634 4348 editis

1983 4394 2087 4432 nec
2145 4377 2385 4432 verbum
2434 4377 2671 4448 quidem
2729 4383 2837 4433 est.
2873 4383 3061 4434 Pauca
3107 4384 3302 4436 tamen
3354 4397 3454 4450 pro
3502 4381 3630 4450 jam

1981 4467 2235 4537 ascripto
2283 4465 2427 4531 loco,
2463 4466 2561 4536 (m)
2594 4465 2772 4521 veluti
2823 4467 2882 4522 in
2932 4472 3172 4538 gustum
3213 4470 3384 4525 dabo.
3416 4469 3477 4525 Ὀ
3533 4469 3626 4541 μὲν

217 4537 554 4593 meminerit
604 4540 886 4613 Georgius
936 4544 1286 4616 chothetes
1348 4549 1407 4604 in
1458 4550 1575 4606 illis
1630 4553 1867 4609 verbis:

1992 4552 2070 4609 >ὖν
2133 4550 2388 4624 βασιλεὺς
2449 4550 2751 4628 Θεόδωρος,
2813 4553 2926 4609 ἐπεὶ
2981 4560 3088 4610 τῶν
3142 4556 3513 4632 γεγενημένων
3575 4557 3626 4611 ἐν

211 4623 272 4678 Ὁ
333 4620 389 4678 δὲ
452 4623 712 4700 βασιλεὺς
773 4627 1076 4706 Θεόδωρος,
1127 4633 1242 4688 ἐπεὶ
1308 4635 1432 4709 περὶ
1487 4642 1593 4692 τῶν
1651 4660 1868 4715 γεγενη-

220 4713 394 4782 μένων
459 4712 713 4788 ἐπύθετο,
753 4713 976 4776 ἔσπευσε
1027 4721 1164 4798 πρὸς
1226 4725 1324 4794 τὴν
1376 4728 1485 4780 Ἕω
1534 4727 1867 4800 παλινοστῆ-

406 4804 420 4816 ν
465 4804 478 4820 ἱ
537 4804 550 4819 Ἷ
607 4805 646 4836 ﬂ\
740 4806 754 4824 ν
1122 4811 1133 4830 1
1258 4835 1270 4845 .
1330 4816 1343 4832 \
1402 4835 1430 4847 '
1469 4821 1491 4831 ε-
1686 4818 1699 4835 \

217 4821 322 4856 σαι.
377 4804 481 4858 hat
527 4826 680 4882 αιξιιις
737 4829 788 4862 εν
841 4810 1200 4886 Θεσσαλονικῃ
1260 4835 1345 4868 και
1413 4837 1517 4878 ιοις
1571 4838 1708 4872 κατα
1764 4827 1868 4873 Δυ-

215 4891 358 4961 σμήν
415 4894 634 4965 μέρεσιν
698 4895 772 4958 εἷς
833 4897 1055 4971 φύλαξιν
1114 4901 1205 4955 τὸν
1260 4903 1656 4980 πατρόπαππον
1725 4910 1866 4964 θεῖον

213 4978 377 5033 αὑτοῦ
439 4985 714 5058 Λάτκαριν
791 4987 881 5040 καὶ
965 4987 1198 5064 Μιχαὴλ
1269 4992 1361 5046 τὸν
1425 4991 1646 5050 Ψελλὸν
1739 4999 1872 5070 μετὰ

216 5074 412 5143 μικροῦ
476 5073 898 5147 στρατεύματος,
931 5076 1055 5131 ὅσον
1113 5077 1187 5140 εἷς
1235 5083 1582 5156 τριακοσίους
1633 5086 1873 5160 ἠριθμη-

213 5158 430 5228 μένοος,
487 5160 584 5216 τοῦ
659 5185 720 5218 τε
793 5163 1100 5240 ῘΙριλάπου,
1156 5170 1246 5223 καὶ
1320 5172 1388 5225 τὰ
1461 5174 1636 5247 πὲριξ,
1697 5176 1873 5250 ἀφῆκε

213 5245 494 5322 Θεόδωρον
553 5251 967 5328 Καλαμπσὶκην,
1022 5256 1078 5311 ’ὸν
1136 5259 1228 5312 καὶ
1287 5263 1467 5316 Τατᾶν
1526 5270 1625 5333 τῆς
1698 5265 1873 5336 αὐλῆς

213 5337 601 5410 κατωνὸμαζον
632 5360 644 5372 ⁸
682 5342 772 5396 τὸν
804 5340 859 5397 δὲ
901 5345 1301 5402 Κωνσταντῖνον
1345 5351 1435 5404 τὸν
1492 5348 1746 5428 Χαϐαρᾶν
1798 5354 1874 5417 εἷς

216 5424 510 5497 ἡγεμονίαν
541 5434 639 5484 τοῦ
670 5427 964 5502 Ἀλϐἀνου,
997 5433 1093 5507 ἐμὲ
1123 5432 1179 5489 δὲ
1222 5439 1436 5493 πάντων
1489 5441 1871 5516 προίστασθαι·

1975 4645 2044 4715 τῇ
2098 4647 2204 4696 τῶν
2253 4639 2699 4715 Μουσοολμάνων
2757 4642 2980 4698 ἐπύθετο
3043 4645 3220 4719 χώρᾳ,
3255 4645 3316 4700 οὐ
3348 4645 3470 4722 περὶ
3502 4646 3628 4700 τού-

1975 4755 2081 4789 των
2129 4731 2339 4806 μᾶλλον
2388 4726 2530 4808 ἔχων
2577 4730 2853 4809 φροντίδα,
2885 4733 2919 4801 ἢ
2970 4734 3093 4807 περὶ
3131 4736 3238 4788 τῶν
3272 4735 3456 4804 αὐτοῦ,
3493 4735 3626 4808 (xiv-

1980 4819 2140 4876 δυνον
2193 4822 2297 4896 γὰρ
2343 4819 2404 4874 οὐ
2459 4822 2648 4895 μικρὸν
2697 4816 3104 4895 ἐπισυμϐαίνειν
3147 4829 3265 4886 τοῖς
3295 4825 3627 4898 Ῥωμαϊκοῖς

1981 4910 2281 4964 ὑπετόπασε
2334 4909 2587 4983 χώροις),
2619 4906 2838 4965 ἔσπευσε
2895 4912 3030 4986 πρὸς
3094 4913 3341 4980 rip/"Em
3399 4913 3628 4969 παλινο-

1981 5005 2192 5067 στῆσαι.
2249 4998 2344 5051 Καὶ
2425 4995 2490 5067 δὴ
2576 5004 2746 5054 πᾶσαν
2826 5001 2924 5066 τήν
2980 5001 3292 5073 Ῥωμαϊκήν
3380 5005 3630 5077 στρατιὰν

1986 5089 2098 5161 μεθ’
2156 5087 2344 5140 ἑαυτοῦ
2401 5083 2880 5163 προσλαϐὼν,τῆς
2935 5089 3071 5163 πρὸς
3128 5092 3226 5160 τήν
3275 5095 3387 5148 "Eoo
3445 5092 3636 5171 φερού-

1982 5198 2081 5246 σης
2137 5174 2429 5253 ἐφήπτετο,
2481 5176 2869 5232 καταλελοίπει
2929 5176 2986 5234 δὲ
3039 5177 3091 5233 ἔν
3139 5201 3197 5234 τε
3247 5185 3315 5254 τῇ
3368 5183 3634 5239 Θεσσαλο-

1981 5265 2102 5339 νίκῃ
2131 5267 2219 5319 καὶ
2250 5271 2366 5328 τοῖς
2399 5268 2534 5321 κατὰ
2573 5271 2791 5340 Δυσμὴν
2851 5270 3088 5345 μέρεσιν,
3125 5271 3198 5332 ὡς
3255 5273 3392 5348 πρὸς
3454 5273 3630 5350 φύλα·

1984 5355 2059 5424 ξιν
2091 5352 2248 5418 δῆθεν
2275 5363 2375 5425 τῆς
2407 5359 2594 5433 χώρας
2649 5358 2739 5412 τὸν
2798 5359 2934 5434 πρὸς
2991 5359 3217 5414 πάππου
3273 5363 3414 5416 Θεῖον
3469 5363 3634 5417 αὐτοῦ

1981 5445 2072 5498 τὸν
2123 5445 2393 5521 Λάσκαριν
2453 5445 2707 5522 Μιχαὴλ,
2771 5448 2962 5523 μικρόν
3020 5470 3072 5504 τι
3140 5449 3228 5504 καὶ
3306 5450 3630 5507 εὐσύνοπτον

1799 5551 2033 5607 NOT/E.

288 5630 389 5702 (νη)
419 5631 624 5708 Georg.
655 5625 990 5711 Acropolita
1019 5655 1075 5711 p.
1107 5640 1176 5695 76
1209 5659 1329 5713 seq.
1362 5643 1582 5703 Allatii.
1617 5651 1800 5706 Paris.
1837 5651 1995 5718 1615,
2031 5650 2130 5706 fol.
