3944 6210
370 328 488 389 535

1334 323 1618 387 LEONIS
1664 316 1977 384 ALLATII
2026 310 2289 376 DIA'I‘R.
2335 312 2435 373 DE
2482 311 2829 383 PSELLIS.

3645 312 3739 374 536

370 460 430 515 ἐκ
477 460 852 538 Παφλαγόνων
911 458 1216 533 στράτευμα
1267 455 1487 520 ἐπιδοὺς
1545 457 1713 528 αὐτῷ,
1770 454 1875 509 κάκ
1929 450 2109 517 τοῦΑ
2140 439 2800 538 Ἀλξιυριόίνδδὶέῖοξϐάρον
2830 463 3158 538 fulcra???

374 551 665 617 Σκυθικοῦ,
716 548 843 602 ὅσον
907 546 981 610 είς
1034 546 1380 620 τριακοσίους
1446 545 1870 619 ἠριθμημένον·
1934 545 2028 595 τοῦ

376 637 433 694 δὶ
484 636 793 710 ΙΙριλάπου,
850 637 941 690 καὶ
998 642 1106 691 τῶν
1184 636 1308 711 περὶ
1382 634 1538 688 αὐτὸν
1593 630 2029 708 στρατευμάτων,

372 727 465 782 τὸν
508 728 566 781 ’ὸν
627 725 743 801 εἶχε
798 726 1126 799 Σκουτέριον
1172 722 1383 778 Ξυλέαν
1412 723 1826 795 ὠνομασμένον,
1858 740 2031 796 φερω-

376 817 562 889 νόμως
591 817 689 884 τὴν
722 815 943 885 κλῆσιν,
976 816 1039 883 νὴ
1082 821 1180 883 τῆν
1241 815 1420 885 θέμιν,
1449 809 1650 887 ἔχοντα
1684 831 1697 844 θ
1731 811 1806 873 εἴς
1841 806 1897 863 δὲ
1944 809 2035 862 τὸν

378 906 625 974 Βέλεσον,
676 912 765 958 καί
819 904 886 957 τὰ
937 904 1061 979 περὶ
1111 902 1269 956 αὐτὸν
1327 901 1420 956 τὸν
1478 898 1851 974 Καλαμπάκην
1912 897 2037 952 Θεό-

383 993 582 1070 δωρον,
615 995 672 1047 ὃν
731 991 821 1046 καὶ
891 994 1069 1048 Τατᾶν
1119 997 1219 1059 τῆς
1270 988 1444 1059 αὐλῆς
1475 988 1863 1062 κατωνόμαζον
1898 1005 1909 1018 ·
1943 985 2034 1039 τὸν

386 1081 443 1139 δὶ
500 1077 799 1156 Χαϐἀρωνα
855 1085 1258 1134 Κωνσταντῖνον
1314 1077 1388 1140 εἷς
1449 1077 1745 1153 ἡγεμονίαν
1792 1072 2037 1131 τοῦἈλ-

385 1168 550 1227 ϐἀνου
602 1171 949 1239 κατέστησεν.
1003 1169 1134 1242 Ἐμὲ
1201 1165 1260 1222 δὲ
1310 1166 1593 1241 πραίτωρα
1649 1165 2038 1241 χειροτονήσας

382 1261 597 1315 πάντων
658 1257 834 1313 αὐτῶν
894 1258 1098 1335 ἀφῆκεν
1163 1254 1545 1333 προίστασθαι.
1604 1259 1779 1313 Τοῦτο
1838 1251 1915 1324 δὲ,
1966 1252 2040 1314 ὡς

386 1352 565 1421 οἶμαι,
621 1347 942 1418 πεποίηκεν,
970 1345 1065 1401 τίνα
1121 1348 1189 1419 τῇ
1244 1344 1294 1415 ἐξ
1352 1345 1517 1399 αὐτοῦ
1569 1344 1875 1419 μακροτέρα
1904 1342 2038 1395 ἀπο-

384 1435 559 1510 δημίᾳ
589 1436 667 1499 εἷς
701 1436 879 1506 λήθην
936 1436 1009 1489 ὧν
1060 1433 1375 1497 ἐπεπόνθειν
1432 1434 1717 1508 γενοίμην.
1747 1429 1887 1489 Οὐδὶ
1939 1429 2039 1504 γὰρ

385 1525 492 1581 εἶδέ
551 1525 616 1598 μέ
673 1546 805 1580 ποτε
866 1526 1000 1597 μετά
1051 1524 1146 1586 τὰς
1199 1523 1423 1598 πληγὰς
1457 1522 1920 1598 ἑλευθεριάσαντα,
1950 1518 2039 1573 καὶ

388 1614 580 1690 λόγοις
635 1613 1070 1691 χαροπωτέροις,
1124 1614 1198 1676 ὠς
1256 1612 1485 1681 εἰώθειν,
1517 1613 1655 1687 πρὸς
1711 1610 1869 1665 αὐτὸν
1898 1610 2041 1685 χρή-

394 1716 603 1767 σασθαι.
661 1708 779 1759 Ἵνα
833 1708 960 1779 γοῦν
1026 1707 1095 1777 τῇ
1160 1702 1357 1778 χρονίᾳ
1412 1701 1579 1775 ταύτῃ
1631 1694 1883 1775 διατριϐῇ
1941 1705 2041 1767 τῆς

394 1796 580 1867 ψυχῆς
607 1795 641 1861 ἡ
675 1792 1062 1867 σκυθρωπά-της
1098 1789 1377 1861 διαλυθείη
1419 1812 1540 1864 μοι,
1571 1790 1820 1864 πέπραχε
1857 1791 2040 1842 τοῦτο.

399 1881 559 1955 Τάχα
590 1879 646 1935 δὲ
676 1881 764 1935 καὶ
811 1881 885 1944 ὡς
918 1879 1285 1956 δυσχεραίνων
1342 1881 1434 1948 ἦν,
1466 1880 1562 1948 τὴν
1598 1878 1879 1950 ξυναυλίαν
1942 1894 2050 1949 μου

417 1969 783 2046 βαρυνόμενος
816 1987 829 2000 ·
882 1971 1246 2045 προσέκρουον
1303 1969 1402 2045 γὰρ
1460 1968 1608 2041 αὐτῷ
1655 1966 1944 2034 πολλάκις,
1981 1958 2056 2044 ἐφ’

414 2061 497 2122 οἷς
552 2055 701 2131 ᾔδειν
764 2057 829 2112 οὐ
887 2059 1022 2113 κατὰ
1073 2059 1165 2113 τὸν
1200 2055 1403 2112 δίκαιον
1440 2057 1605 2131 λόγον
1643 2054 2056 2129 διαπράττεσθαι

414 2147 662 2211 θέλοντα.
694 2148 749 2200 Ὁ
813 2148 905 2220 μὲν
967 2146 1056 2201 οὖν
1122 2147 1375 2222 βασιλεὺς
1404 2148 1539 2221 πρὸς
1570 2148 1670 2215 τήν
1700 2148 1813 2203 Ἕω
1845 2144 2007 2217 ἀπῄει
2042 2161 2055 2175 ⁶

411 2236 521 2312 ἐγὼ
565 2233 622 2291 δὲ
658 2235 1032 2309 κατελείμμην
1090 2242 1207 2298 τοῖς
1259 2236 1310 2291 ἐν
1345 2239 1556 2308 Δυσμῇ,
1604 2243 1716 2293 etc.
1765 2239 2062 2308 Imperator

410 2330 595 2398 itaque
640 2328 944 2382 Theodorus
1000 2328 1065 2384 de
1105 2328 1264 2383 rebus
1293 2345 1325 2382 a
1355 2327 1717 2387 Musulmanis
1763 2328 1824 2380 in
1870 2339 2062 2379 eorum

409 2417 622 2472 ditione
663 2418 824 2488 gestis
876 2418 1076 2472 certior
1121 2420 1317 2485 factus,
1349 2417 1529 2483 magis
1576 2418 1693 2470 suis
1741 2431 1903 2486 quam
1942 2412 2063 2468 illis

410 2507 665 2560 animum
712 2504 1021 2570 advertens,
1055 2506 1249 2574 ingens
1293 2504 1421 2559 inde
1459 2505 1719 2559 Romanis
1746 2502 2065 2571 regionibus

412 2595 706 2649 imminere
759 2594 1070 2665 periculum
1114 2595 1427 2663 suspicatus
1474 2594 1531 2646 in
1583 2590 1862 2647 Orientem
1900 2607 2062 2661 quam

412 2683 700 2739 celerrime
733 2683 927 2754 pedem
978 2683 1195 2749 retulit,
1228 2698 1347 2736 cum
1398 2681 1671 2735 universis
1700 2682 2067 2735 Romanorum

415 2772 527 2843 [6h]
560 2773 729 2843 copiis
779 2772 892 2826 iter
938 2771 1007 2825 ad
1055 2786 1120 2826 ea
1171 2771 1287 2826 loca
1337 2772 1635 2839 ingressus.
1678 2770 2067 2825 Thessalonicae

412 2877 561 2927 vero,
592 2869 645 2916 et
700 2862 761 2915 in
813 2858 949 2915 aliis
1007 2858 1306 2914 Occidentis
1350 2860 1608 2930 partibus
1658 2860 1715 2913 in
1764 2858 2068 2913 custodiam

414 2950 689 3018 duntaxat
717 2950 1052 3004 avunculum
1082 2948 1400 3003 Michaelem
1420 2948 2069 3019 Lascarim,consignata

418 3037 527 3093 illa
572 3040 795 3109 exigua,
824 3053 922 3092 nec
971 3037 1167 3108 ampla
1213 3036 1649 3109 Paphlagonum
1690 3053 1880 3102 manu,
1913 3041 1969 3090 et
2000 3052 2070 3091 ex

412 3128 629 3199 Scythis
659 3143 767 3181 non
804 3127 949 3181 ultra
980 3128 1255 3196 trecentis,
1284 3127 1525 3196 reliquit.
1562 3127 1800 3198 Prilapi,
1834 3134 1884 3180 et
1928 3127 2064 3180 vici-

411 3233 611 3272 norum
643 3217 984 3272 exercituum
1018 3215 1347 3285 Scuterium,
1379 3216 1601 3287 Xyleam
1632 3214 2063 3285 dictum,digno,

412 3307 649 3378 aedepol,
682 3307 1044 3376 cognomine;
1074 3304 1297 3369 Belessi,
1332 3313 1643 3374 tractusque
1672 3306 1819 3359 circa
1866 3306 2068 3376 ipsum,

416 3394 795 3467 Calampacem
828 3394 1180 3460 Theodorum,
1225 3410 1384 3465 quem
1424 3397 1618 3448 Tatam
1654 3394 1810 3450 Aula:
1856 3410 2069 3449 nuncu-

407 3486 617 3557 pabant
639 3502 657 3543 :
692 3484 1109 3539 Constantinum
1139 3482 1519 3539 Chabaronem
1548 3483 1757 3538 Albano
1785 3484 2072 3554 praefecit:

412 3590 501 3629 me
541 3578 839 3645 praetorem
890 3582 1136 3627 creatum
1181 3571 1436 3625 omnibus
1482 3572 1629 3626 hisce
1672 3588 1907 3643 pra’csse
1938 3576 2071 3644 jus-

413 3663 489 3717 sit
536 3678 644 3717 non
703 3662 837 3731 alio,
874 3662 942 3715 ni
987 3660 1178 3731 fallor,
1209 3676 1384 3731 scopo,
1415 3677 1580 3731 quam
1630 3665 1688 3715 ut
1740 3662 1979 3731 longiori
2006 3662 2073 3716 ab

417 3766 477 3806 eo
551 3750 793 3805 discessu
874 3754 1288 3820 praeteritorum
1352 3750 1627 3805 malorum
1705 3750 2072 3806 obliciscerer.

417 3855 652 3910 namque
676 3844 797 3909 post
835 3839 1040 3910 plagas
1070 3846 1343 3908 acceptas,
1376 3854 1664 3910 nunquam
1710 3855 1799 3893 me
1847 3840 2076 3895 liberius

417 3927 623 3999 dicere,
656 3944 776 3998 quae
822 3930 1106 3994 sentirem,
1147 3943 1437 3998 nunquam
1488 3929 1661 3983 verbis
1718 3929 2077 3985 hilarioribus

415 4033 568 4073 more
616 4031 734 4071 meo
765 4018 851 4071 uti
898 4024 1277 4087 conspexerat.
1309 4018 1372 4073 Ut
1426 4031 1559 4086 ergo
1589 4017 1759 4089 longa
1791 4019 1893 4073 ista
1923 4034 2079 4074 mora

418 4121 701 4162 maerorem
748 4121 776 4161 e
824 4108 1040 4177 pectore
1098 4104 1398 4173 demerem,
1446 4106 1504 4160 id
1574 4116 1796 4177 egerat;
1844 4108 2079 4178 fortasse

415 4197 581 4252 etiam
608 4196 719 4251 mei
743 4194 1094 4251 contubernii
1121 4193 1263 4264 quod
1305 4194 1662 4264 fasdidiebat,
1702 4196 1888 4253 taedio.
1924 4195 2079 4267 Saepe

416 4286 567 4341 enim
613 4287 674 4339 in
724 4286 815 4350 iis,
848 4299 970 4355 quae
1016 4284 1114 4339 ille
1154 4288 1343 4338 contra
1374 4285 1461 4351 ius
1505 4288 1705 4355 fasque
1743 4287 2074 4354 intentabat,

418 4374 533 4446 ipse
561 4374 909 4429 adversabar.
940 4374 1255 4441 Imperator
1285 4376 1478 4443 itaque
1524 4376 1582 4428 in
1634 4375 1909 4429 Orientem
1946 4392 2076 4445 pro-

419 4466 575 4520 cessit
598 4481 616 4524 ;
658 4479 753 4534 ego
799 4464 859 4517 in
908 4461 1151 4518 occiduis
1191 4463 1447 4533 partibus
1486 4465 1748 4519 remansi.
1782 4464 2075 4536 Suspicio-

424 4571 558 4610 nem
591 4553 753 4608 auxit
780 4551 1151 4622 Ephrazmius
1194 4551 1252 4606 in
1286 4551 1587 4623 Chronico,
1622 4553 1745 4624 qui,
1779 4570 1911 4608 cum
1959 4571 2072 4609 non
2105 4552 2150 4616 D

423 4641 777 4699 sententiam
802 4645 1055 4706 tantum,
1073 4640 1171 4695 sed
1195 4641 1369 4696 verba
1392 4641 1564 4695 etiam
1588 4642 1929 4713 Acropolitaa
1953 4660 2071 4698 car-

425 4733 583 4787 mine
613 4729 1073 4802 exprimat,1icet
1106 4728 1251 4784 alios
1283 4730 1721 4785 accuratissime
1750 4738 2072 4800 enumeret,

424 4821 496 4876 de
529 4818 807 4875 Michaele
835 4818 944 4872 hoc
978 4817 1160 4873 Psello
1190 4818 1437 4873 verbum
1470 4819 1696 4875 nullum
1734 4821 1868 4875 facit
1902 4839 1915 4877 :

423 4956 577 5027 Πλὴν
611 4955 814 5019 διαθεὶς
843 4958 903 5032 ab
929 4956 996 5010 τὰ
1024 4958 1161 5032 κατὰ
1189 4958 1287 5032 τὴν
1319 4958 1580 5032 Ἑσπέραν
1612 4960 1796 5031 ’¹Αναξ,

423 5032 572 5104 Μετᾷ
602 5035 854 5104 στρατιᾶς
886 5027 1132 5104 ἐκτρέχει
1165 5030 1300 5102 πρὸς
1331 5027 1600 5104 τὴνίΈω,

422 5100 991 5175 Λιπὼνλστρατηγοὺς
1006 5100 1139 5175 κατά
1164 5100 1561 5175 Θεσσαλονίκην

420 5171 648 5250 Μιχαὴλ
682 5170 983 5250 Λασκάριον
1015 5170 1179 5250 ἄνδρα
1204 5172 1449 5250 γεννάαδα,

422 5244 597 5304 Ἐν’δὲ
626 5244 892 5318 Ηριλάπῲ
915 5244 1238 5318 Σκουτέριον
1258 5244 1503 5318 ΑΞυλέαν,

419 5316 769 5392 Ἐπωνυμίαν
789 5316 1001 5392 *ἀτρεκῆ
1032 5316 1196 5382 κεκτη
1208 5316 1385 5392 μένοντ

421 5393 508 5448 Ἐν
542 5389 586 5446 δ’
617 5387 681 5445 αὖ
714 5387 969 5461 Βελισσῷ
1000 5394 1114 5449 τοῖς
1144 5387 1460 5461 περικύκλῳ
1487 5387 1677 5449 τόποις

423 5462 650 5519 Φύλακα
671 5458 952 5536 Θεόδωρον
981 5461 1073 5516 τὸν
1107 5458 1523 5533 Κωλαμπάκην.

2140 518 2283 593 ῌρὸς
2296 514 2493 571 ’τοῖσδε
2506 514 2811 593 ,Γεώργίον
2830 514 3261 593 Ἀκροᾲπολίῖην,

2139 584 2419 664 ’Ἄρχοντα
2449 584 2661 643 πάντων
2675 584 2700 659 ,⁷
2715 587 2817 664 ⁸καὶ
2845 584 3113 664 πρόεδρον
3132 584 3402 664 -ᾅεικνόει,

2141 657 2378 736 Πρόσθεν
2406 664 2643 733 τιμήσας
2672 657 2743 731 τῇ
2772 657 3087 734 πραίτωρος
3121 657 3261 729 ἀξίᾳ.

2213 751 2589 807 Nihilominus
2643 750 2803 806 rebus
2859 748 3103 806 occiduis
3157 750 3291 803 bene
3344 748 3639 818 compositis
3664 749 3749 802 im-

2142 845 2365 913 perator
2407 856 2536 896 cum
2594 841 2843 895 exercitu
2876 841 2935 893 in
2968 839 3246 894 Orientem
3276 836 3543 905 convolat,
3570 835 3754 892 ducibus

2144 928 2352 985 relictis
2402 929 2791 984 Thessalonicae
2839 926 3097 983 Michaele
3137 926 3364 981 Lascari
3405 925 3521 980 viro
3550 933 3751 992 strenuo,

2145 1017 2363 1087 Prilapi
2392 1016 2643 1071 Scuterio
2672 1014 2864 1087 Xylea,
2890 1016 3212 1084 cognomine
3259 1029 3357 1069 suo
3399 1012 3637 1085 equidem
3667 1031 3756 1069 non

2146 1106 2459 1167 dissimili;
2490 1106 2717 1175 Belessi,
2749 1113 2799 1161 et
2843 1105 2976 1160 locis
3031 1105 3234 1159 vicinis
3281 1102 3502 1158 custode
3532 1102 3758 1159 Theodoro

2149 1194 2521 1267 Calampace;
2562 1195 2915 1267 Illyricorum
2970 1207 3102 1249 vero
3160 1192 3478 1248 Chabarone
3521 1191 3758 1264 praefecto.

2147 1286 2378 1353 Insuper
2407 1285 2767 1355 Acropolitem
2802 1282 3091 1352 Georgium
3114 1283 3367 1336 omnium
3396 1280 3762 1350 praesidemmc

2144 1375 2443 1445 primatem
2472 1375 2774 1443 constituit,
2789 1375 2949 1444 prius
2965 1372 3079 1444 [65]
3097 1372 3352 1443 praetoris
3381 1372 3637 1441 dignitate
3654 1373 3762 1425 insi-

2148 1463 2380 1534 gnitum.
2395 1462 2652 1517 Tandem
2664 1503 2678 1530 ,
2694 1466 2901 1533 praeter
2916 1477 3149 1517 omnem
3169 1459 3585 1531 suspicionem,
3601 1464 3765 1531 aperte

2150 1551 2322 1608 evicit
2352 1551 2547 1606 locum
2578 1550 2749 1606 illum
2784 1551 3166 1622 depravatum
3221 1566 3372 1615 esse,
3403 1553 3461 1604 et
3511 1563 3765 1617 mancum,

2152 1641 2331 1696 codex
2357 1639 3073 1712 perantiquusVaticanus
3087 1639 3171 1707 ,in
3191 1655 3305 1711 quo
3327 1637 3507 1694 editio
3526 1638 3772 1693 Dousiana

2154 1730 2489 1785 continetur
2517 1747 2530 1797 ;
2563 1729 2660 1800 qui
2697 1727 2954 1785 Psellum
2988 1728 3145 1783 hunc
3179 1744 3285 1784 nec
3315 1728 3386 1783 de
3411 1726 3637 1784 nomine
3663 1726 3769 1797 qui-

2080 1822 2127 1886 B
2159 1822 2290 1876 dem
2324 1821 2511 1875 novit.
2548 1821 2761 1875 Locum
2794 1820 2887 1875 hic
2915 1819 3264 1889 exscribam,
3296 1822 3360 1874 ut
3390 1821 3563 1874 antea
3587 1816 3771 1873 editum

2164 1910 2496 1981 aDousa(n)
2512 1908 2813 1979 mutilum,
2829 1913 2887 1965 et
2913 1908 3324 1981 hiulcum,ope
3344 1906 3773 1963 emendatissimi

2166 1999 2383 2055 codicis
2414 2000 2688 2069 integres,
2720 2014 2785 2053 ac
2842 1997 3111 2069 impleas.
3143 1997 3205 2053 Ὀ
3266 1992 3324 2049 δὲ
3380 1993 3629 2070 βασιλεὺς
3676 1995 3784 2046 Θεό-

2168 2084 2385 2162 δωρος,
2472 2085 2586 2141 ἐπεὶ
2689 2085 2814 2162 περὶ
2897 2090 3005 2139 τῶν
3092 2085 3473 2160 γεγενημένων
3575 2081 3782 2147 ὶπύθετο,

2168 2174 2391 2230 ἔσπευσε
2447 2177 2582 2243 πρὸς
2635 2176 2735 2243 τὴν
2780 2178 2894 2229 "Em
2952 2172 3504 2243 παλινοστῆσαι,καῖ
3561 2171 3699 2246 ἀφεὶς
3748 2168 3786 2223 ἐν

2167 2267 2236 2337 τῇ
2269 2263 2635 2339 Θεσσαλονίκῃ
2674 2264 2764 2318 καὶ
2794 2269 2913 2327 τοῖς
2944 2263 3080 2319 κατὰ
3110 2264 3330 2335 Δυσμὴν
3368 2263 3583 2335 μέρεσιν
3609 2260 3677 2321 εἷς
3712 2280 3790 2335 φυ-

2171 2350 2343 2420 λακὴν
2370 2354 2466 2407 τόν
2500 2353 2637 2427 πρὸς
2668 2352 2893 2407 πάππου
2924 2354 3068 2407 θεῖον
3100 2351 3265 2407 αὐτοῦ
3294 2352 3386 2406 τὸν
3417 2350 3679 2423 Λάσκαριν
3706 2349 3798 2405 Μι-

2173 2440 2326 2518 χαὴλ
2392 2444 2525 2514 μετὰ
2588 2446 2784 2518 μικροῦ
2843 2442 3244 2514 στρατεύματος
3298 2438 3424 2495 ὅσον
3490 2439 3564 2501 εἷς
3610 2456 3795 2512 τριακο-

2174 2532 2319 2593 σίους
2348 2530 2728 2607 ἠριθμημένον
2762 2549 2777 2563 ⁶
2807 2536 2904 2588 τοῦ
2946 2528 3004 2586 δὲ
3064 2528 3382 2605 Ηριλάπου,
3412 2530 3507 2584 καὶ
3546 2533 3645 2584 τῶν
3697 2524 3798 2597 περὶ

2173 2620 2332 2676 αὐτὸν
2362 2622 2799 2697 στρατευμάτων,
2826 2621 2917 2676 τὸν
2970 2619 3027 2675 ὃν
3081 2622 3197 2695 εἶχε
3253 2617 3579 2693 Σκουτέριον
3618 2614 3799 2671 Ξυλέαν

2175 2710 2563 2783 ὠνομασμένον
2594 2731 2606 2745 ·
2642 2710 2717 2773 είς
2780 2707 2838 2765 δὶ
2890 2709 2982 2765 τὸν
3032 2708 3318 2777 Βελεσσὸν,
3348 2707 3441 2763 καὶ
3491 2708 3558 2764 τὰ
3584 2705 3699 2781 περὶ
3726 2702 3805 2758 αὖ·

2173 2799 2284 2869 τὸν,
2314 2798 2691 2873 Καλαμπάκην
2727 2796 3005 2874 Θεόδωρον
3039 2798 3096 2852 ὃν
3142 2797 3232 2853 καὶ
3272 2801 3448 2856 Τατᾶν
3510 2803 3607 2864 τῆς
3658 2792 3805 2859 αὐλῆς

2174 2888 2556 2962 κατωνόμαζον
2592 2909 2605 2922 θ
2646 2890 2739 2944 τὸν
2800 2886 2857 2943 δὲ
2911 2883 3212 2962 Χαϐἀρωνα
3268 2891 3675 2943 Κωνσταντῖνον
3744 2880 3805 2940 εἷς

2175 2978 2473 3053 ἡγεμονίαν
2533 2982 2631 3033 τοῖ’)
2691 2972 2983 3043 Ἀλὸάνου,
3039 2974 3136 3049 ἐμὲ
3193 2973 3251 3031 δὲ
3307 2976 3529 3030 πάντων
3586 2969 3809 3048 προΐστα-

2177 3078 2319 3134 σθαι,
2351 3073 2460 3124 etc.
2493 3068 2626 3124 Haec
2682 3074 2881 3124 autem
2932 3084 3046 3123 non
3100 3067 3230 3123 ideo
3263 3083 3297 3122 a
3326 3082 3422 3121 me
3472 3066 3627 3120 dicta
3671 3065 3810 3126 sunt,

2095 3187 2138 3256 ο
2178 3163 2243 3211 ut
2260 3157 2525 3256 .Psellum
2559 3158 2738 3256 istpm
2770 3174 2837 3256 eo
2869 3160 3132 3256 tempore
3166 3155 3347 3210 fuisse
3380 3170 3622 3256 negem;
3654 3149 3813 3256 potuit

2178 3246 2328 3301 enim
2362 3262 2513 3311 esse,
2546 3251 2602 3300 et
2632 3247 2777 3301 forte
2811 3245 2957 3312 fuit;
2995 3245 3097 3299 sed
3132 3249 3198 3299 ut
3227 3244 3541 3299 ostendam
3569 3258 3636 3298 ex
3680 3240 3812 3294 hisce

2179 3334 2409 3404 Georgii
2438 3333 2633 3389 verbis
2666 3340 2822 3389 certo
2852 3333 2909 3387 id
2945 3332 3232 3387 afﬁrmari
3265 3348 3379 3387 non
3417 3347 3610 3403 posse.

2252 3422 2454 3479 LXXX.
2488 3423 2670 3478 Fuere
2701 3428 2757 3477 et
2786 3422 2887 3477 alii
2922 3419 3091 3476 Pselli
3124 3437 3137 3477 :
3166 3421 3318 3476 inter
3357 3435 3461 3475 eos
3516 3417 3814 3491 praecipuus

2179 3516 2437 3568 Joannes
2466 3511 2716 3567 Psellus.
2733 3511 3028 3566 Meursius
3046 3509 3224 3581 hujus
3249 3514 3416 3581 putat
3438 3525 3573 3564 esse
3594 3506 3817 3569 iambos,

2183 3618 2331 3673 quos
2355 3617 2487 3656 cum
2504 3599 2805 3656 Heraclide
2818 3600 3057 3655 Pontico
3078 3598 3336 3671 vulgavit
3361 3597 3509 3653 olim
3522 3601 3815 3657 Gesnerus;

2184 3706 2530 3762 errasseque
2554 3706 2711 3757 eum,
2728 3704 2857 3744 cum
2902 3687 3168 3743 Michaeli
3188 3686 3414 3743 tribuit.
3437 3687 3552 3743 Sed
3578 3679 3819 3742 Michaeli

2187 3779 2391 3834 tribuit
2443 3778 2619 3834 etiam
2682 3778 2938 3833 Andreas
3009 3776 3310 3845 Schottus,
3359 3776 3705 3831 Praat‘atione
3768 3769 3817 3823 in

2185 3868 2351 3924 (lant.
2385 3869 2598 3923 cantic.
2652 3868 2805 3923 Certe
2852 3866 3107 3921 iambicis
3157 3864 3223 3920 de
3267 3865 3572 3920 virtutibus
3618 3870 3667 3919 et
3694 3860 3823 3917 vitiis

2185 3972 2412 4027 gnomas
2458 3958 2790 4026 composuit,
2823 3970 2949 4026 qum
2992 3971 3114 4010 cum
3162 3952 3441 4010 Heraclidi
3498 3952 3714 4009 Pontici
3744 3948 3820 4003 al-

2188 4044 2408 4117 legoriis
2437 4045 2748 4101 Homericis
2778 4044 2936 4100 hodie
2966 4042 3247 4113 leguntur.
3280 4042 3407 4099 Non
3460 4057 3633 4115 asque
3679 4040 3823 4096 bene.

2259 4135 2532 4204 Ejusdem
2564 4133 2742 4189 etiam
2775 4132 2933 4189 edita
2961 4137 3100 4188 sunt
3130 4132 3415 4201 carmina,
3436 4129 3538 4192 Εἷς
3558 4128 3684 4189 τοὺς
3704 4129 3826 4201 τρεῖς

2184 4221 2468 4297 ἱεράρχας,
2531 4219 2835 4292 Βασίλειον,
2885 4220 3216 4296 Γρηγόριον,
3266 4220 3356 4273 καὶ
3418 4220 3684 4288 Ἰωάννην
3751 4215 3825 4267 τὸν

2183 4311 2593 4387 Χρυσόστομον,
2651 4313 2798 4367 Item
2856 4308 2949 4372 Εἷς
3003 4310 3098 4370 τὰς
3156 4308 3309 4383 ἁγίας
3366 4308 3509 4363 ἒπτᾶ
3569 4303 3824 4367 συνόδους,

2185 4419 2317 4458 cum
2371 4400 2657 4457 Theodori
2707 4400 3014 4456 Prodromi
3060 4399 3445 4467 carminibus,
3482 4404 3545 4455 et
3592 4394 3829 4454 Xantho-

2185 4491 2328 4562 puli.
2372 4489 2611 4545 Basilea:
2670 4490 2825 4561 apud
2877 4488 3177 4544 Bebelium
3232 4488 3394 4557 1536,
3435 4489 3598 4544 iri-8.
3641 4486 3829 4541 Verum

2184 4579 2560 4650 opusculum,
2610 4580 2681 4633 de
2749 4583 2971 4649 septem
3036 4576 3299 4649 synodis,
3350 4593 3485 4633 esse
3556 4572 3831 4631 Michaelis

2183 4667 2352 4723 Pselli
2385 4672 2555 4722 antea
2585 4666 2998 4720 indicavimus.

2255 4760 2397 4813 Item
2443 4754 2856 4811 Constantinus
2904 4752 3157 4821 Psellus,
3210 4754 3381 4823 cujus
3464 4756 3736 4810 Lexicum
3784 4750 3831 4805 in

2180 4845 2566 4916 evangelistas,
2617 4844 2737 4899 sive
2786 4843 3002 4899 brevem
3068 4844 3469 4914 expositionem
3531 4843 3835 4915 difﬁcilium

2183 4939 2243 4991 in
2274 4937 2343 4991 iis
2375 4936 2640 5003 locorum,
2672 4933 2755 4988 ait
2784 4938 3011 4988 exstare
3052 4948 3165 4987 ms.
3196 4936 3389 4987 Graece
3438 4932 3505 4987 in
3563 4931 3713 4989 Bibl.
3742 4931 3835 4985 im-

2182 5029 2368 5097 perat.
2401 5024 2639 5079 Vienna:
2673 5022 2732 5078 in
2766 5023 2819 5077 4.
2862 5021 3180 5092 Gesnerus,
3220 5026 3279 5078 et
3307 5023 3701 5080 Possevinus.
3724 5017 3838 5091 Legi

2183 5116 2360 5170 etiam
2394 5112 2606 5185 ipsius.

2254 5203 2499 5257 Ἔκθεσιν
2550 5199 2803 5267 πίστεως,
2866 5201 3281 5272 Expositionem
3320 5199 3534 5267 Fidei,
3590 5218 3721 5273 qua
3763 5198 3842 5253 in-

2183 5291 2347 5362 cipit,
2379 5290 2625 5345 Πιστεόω
2657 5289 2736 5351 εἷς
2776 5287 3010 5363 Πατέρα,
3040 5287 3131 5342 καὶ
3195 5288 3336 5361 ι’ἱὸν,
3365 5289 3459 5343 καὶ
3519 5294 3743 5361 Πνεῦμα
3788 5285 3841 5339 τὸ

2182 5381 2357 5456 ἅγιον,
2391 5399 2519 5454 quas
2553 5380 2727 5437 etiam
2762 5378 2821 5434 in
2855 5378 3213 5434 bibliotheca
3243 5379 3489 5435 Antonii
3543 5376 3843 5454 Augustini

2181 5470 2312 5526 cod.
2348 5470 2468 5538 166,
2504 5467 2906 5540 manuscripts
2935 5465 3283 5524 habebatur.

494 5658 576 5727 (η)
606 5657 668 5708 Ρ.
702 5653 771 5708 48
796 5651 938 5709 edit.
969 5650 1263 5709 Theodori
1293 5650 1520 5723 Dousas,
1553 5651 1736 5725 Lugd.
1770 5650 1893 5709 Bm.
1928 5564 2228 5726 “merge.
