4040 6196
786 620 2104 789 MICHAELIS
2290 625 3132 791 PSELLI

1315 957 1793 1072 OPERUM
1859 959 2153 1075 PARS
2220 962 2587 1072 PRIMA

1699 1202 2212 1259 COMPLECTENS

1102 1407 1608 1501 OPERA
1730 1408 2800 1506 THEOLOGICA.

579 1990 1520 2120 EPMHNEIA
1619 1990 2100 2120 ΚΑΤΑ

1745 1990 2100 2120 ΑΤΑ
2202 1990 3338 2121 ΠΑΡΑΦΡΑΣΙΝ

983 2302 1232 2399 ΤΟΥ
1309 2304 1895 2401 ΑΣΜΑΤΟΣ
1979 2304 2236 2401 ΤΩΝ
2318 2304 2927 2401 ΑΣΜΑΤΩΝ

244 2562 693 2618 ΣΓΛΑΕΓΟΥΣΑ
730 2561 878 2618 ΑΠΟ
917 2563 1007 2618 ΤΕ
1043 2562 1178 2621 ΤΟΝ
1222 2563 1333 2619 ΕΙΣ
1374 2564 1606 2620 ΤΟΥΤΟ
1647 2565 2047 2619 ΕΡΜΗΝΕΙΩΝ
2086 2567 2213 2619 ΤΟΥ
2269 2567 2471 2620 ΑΓΙΟΥ
2510 2564 2889 2620 ΓΡΙΙΓΟΓΙΟΥ
2928 2562 3242 2631 ΝΥΣΣΗΣ,
3287 2561 3415 2618 ΤΟΥ
3462 2564 3664 2619 ΑΓΙΟΥ

1339 2655 1614 2726 ΝΕΙΛΟΥ,
1657 2656 1775 2711 ΚΑΙ
1812 2656 1941 2711 ΤΟΥ
1978 2657 2177 2711 ΑΓΙΟΥ
2214 2657 2566 2713 ΜΑΞΙΜΟΥ.

248 3126 1346 3310 EXPOSITIO
1460 3143 2261 3311 CANTICI
2359 3141 3665 3309 CANTICORUM

1387 3467 1613 3576 PER
1682 3464 2513 3581 PABAPHRASIM

318 3720 689 3778 COLLECTA
727 3721 826 3776 EX
864 3720 1117 3777 SANCTI
1157 3720 1502 3777 GREGORII
1542 3722 1793 3778 NYSS/E
1833 3720 2253 3789 PONTIFICIS,
2293 3722 2379 3776 ET
2420 3719 2677 3776 SANCTI
2715 3719 2859 3776 NILI
2905 3718 2989 3775 ET
3030 3718 3284 3776 SANCTI
3319 3718 3595 3774 MAXIM!

1687 3811 2236 3869 COMMENTARIIS
2920 3811 2926 3817 ’
3032 3840 3035 3843 -

320 4237 535 4309 Ἐπειδὴ
596 4240 690 4295 καὶ
749 4242 847 4304 τὰς
900 4242 1235 4317 Παροιμίας,
1281 4242 1369 4297 καὶ
1425 4242 1515 4296 τὸν
1577 4240 1903 4313 Ἐκκλησια-

2092 4243 2333 4310 Qoniam
2366 4246 2425 4298 et
2453 4240 2762 4297 Proverbia
2794 4245 2849 4296 et
2880 4240 3269 4297 Ecclesiasten
3302 4240 3516 4296 cecinit.
3565 4241 3668 4297 Sa-

255 4328 382 4395 στὴν
431 4327 705 4402 Σολομῶν
758 4328 909 4404 ᾖσεν·
960 4329 1013 4384 ἐν
1064 4332 1158 4403 μὲν
1190 4336 1303 4393 ταῖς
1363 4332 1714 4408 Παροιμίαις,
1769 4332 1850 4386 ἀπε

2072 4350 2241 4398 ιωοῐι,
2273 4332 2330 4386 in
2367 4331 2693 4387 Proverbiis
2724 4331 2962 4402 quidem
2995 4330 3297 4385 deterrens
3332 4347 3366 4385 a
3395 4329 3555 4385 vitiis
3608 4335 3667 4385 et

250 4417 584 4492 τρεπόμενος
645 4419 741 4491 μὶν
799 4420 904 4474 ἀπὸ
952 4424 1048 4474 τοῦ
1095 4424 1302 4474 κακοῦ·
1349 4422 1791 4495 προτρεπόμενος

2068 4421 2371 4477 ivirtutes
2401 4420 2713 4476 cohortalis
2745 4424 2922 4490 atque
2954 4418 3252 4473 moraliter
3294 4418 3617 4473 instituens
3651 4434 3663 4474 :

254 4507 387 4579 πρὸς
416 4508 506 4561 τὸν
537 4506 766 4584 ἆγειθὸν,
812 4508 902 4562 καὶ
952 4506 1315 4584 παιδαγωγῶν
1366 4511 1591 4579 ἠθικῶς
1644 4510 1695 4566 ἐν
1726 4508 1782 4565 δὲ
1826 4532 1849 4565 τ

2067 4530 2076 4566 ι
2108 4510 2455 4567 Ecclesiaste
2487 4512 2681 4564 autem
2715 4507 3042 4575 declarans,
3069 4523 3263 4562 rerum
3285 4507 3662 4578 praesentium

254 4593 663 4669 Ἐκκλησιαστῇ
710 4594 1078 4652 ἀποδεικνύων
1110 4603 1218 4653 τῶν
1250 4599 1531 4673 παρόντων
1565 4601 1626 4653 τὸ
1656 4599 1849 4671 μάταια

2073 4601 2359 4669 Luitatem,
2384 4615 2603 4672 easque
2623 4596 3033 4670 despiciendas
3066 4596 3322 4651 suadens
3341 4612 3407 4651 ac
3438 4601 3668 4651 natura-

252 4684 341 4737 καὶ
396 4684 606 4740 τούτων
670 4686 873 4741 πείθων
941 4687 1294 4765 ὑπερφρονεῖν
1332 4730 1346 4755 ,
1422 4690 1512 4742 καὶ
1572 4686 1847 4742 ἑκπαιδεῦο

2070 4695 2151 4744 ter
2179 4690 2396 4745 docens
2427 4706 2496 4745 ex
2530 4689 2749 4761 quibus
2798 4686 3059 4743 charitas
3091 4686 3150 4740 in
3183 4686 3366 4741 Deum
3401 4686 3665 4756 proﬁcis-

256 4778 521 4849 φυσικῶς,
554 4773 607 4845 ἐξ
669 4775 742 4828 ὧν
792 4778 825 4844 ἡ
859 4776 995 4851 πρὸς
1037 4776 1166 4832 Θεὸν
1215 4777 1399 4850 ἀγάπη
1450 4775 1752 4855 ὑφίσταται*
1815 4779 1851 4830 ο’

2073 4783 2203 4846 itur,
2253 4796 2379 4850 quae
2430 4777 2710 4833 nimirum
2762 4777 2836 4831 ab
2878 4791 2945 4832 eo
2977 4775 3132 4847 quod
3166 4774 3385 4830 bonum
3417 4774 3668 4840 videtur,

249 4863 546 4917 κινούντων
578 4863 717 4937 πρὸς
745 4864 808 4919 τὸ
838 4860 1007 4927 ὅντως
1041 4866 1238 4940 ἀγαθὸν
1273 4865 1379 4921 ἀπὸ
1408 4870 1505 4921 τοῦ
1535 4867 1844 4940 νομιζομὲψ

2069 4868 2169 4922 iid
2202 4868 2357 4939 quod
2388 4884 2523 4923 vero
2566 4867 2786 4922 bonum
2820 4869 2929 4932 est,
2962 4865 3192 4921 animos
3226 4868 3459 4920 nostros
3516 4864 3664 4919 inci-

250 4950 342 5005 τὸν
372 4952 544 5015 πόθον
576 4955 764 5025 ἡμῶν,
792 4953 885 5008 καὶ
924 4954 990 5008 τὰ
1020 4953 1206 5009 λοιπά.

2014 4960 2100 5013 tet
2129 4964 2302 5028 atque
2333 4955 2681 5026 inﬂammet,
2713 4959 2770 5011 et
2799 4953 3046 5027 reliqua.
