3944 6210
360 330 478 389 539

1685 336 2110 397 MlCHAELlS
2157 335 2429 397 PSELLI
3645 330 3741 389 Ξ)ιο

1106 631 1801 760 ΕΤΕΡΑ
1975 633 3022 762 ΕΞΗΓΗΣΙΣ

1162 890 1358 982 ΕΙΣ
1420 889 1582 985 T0
1638 890 1981 985 ΑΣΜΑ
2039 890 2295 986 ΤΩΝ
2355 888 2961 985 ΑΣΜΑΤΩΝ

996 1088 1359 1141 ΕΞΗΓΗΘΕΝ
1429 1093 1612 1145 ΙΙΑΡΑ
1682 1093 1806 1141 ΤΟΥ
1874 1090 2157 1145 ΨΕΛΛΟΥ
2224 1095 2337 1143 AIA
2406 1089 2663 1144 ΣΤΙΧΩΝ
2733 1088 3136 1142 [ΙΟΛΙΤΙΚΩΝ.

1132 1427 1644 1549 ALIA
1813 1426 2990 1552 EXPOSITIO

1286 1661 1399 1743 IN
1457 1660 1588 1746 CA
1608 1659 2049 1750 NTICUM
2108 1659 2864 1747 CANTICORUM

1081 1837 1131 1895 A
1214 1837 1505 1899 PSELLO
1588 1839 1969 1902 VERSIBUS
2054 1839 2436 1901 ClVlLlBUS
2520 1836 3043 1900 EXPLICATUM.

440 2127 585 2181 Cum
631 2126 865 2182 animus
922 2132 1060 2183 tuus
1120 2130 1385 2185 discendi
1446 2132 1715 2203 cupidus,
1748 2149 1779 2189 o
1811 2132 2011 2187 diade-
2042 2134 2095 2199 Α

370 2220 523 2269 mate
582 2215 884 2284 redimite,
946 2234 1011 2273 eo
1072 2219 1360 2275 desiderio
1418 2225 1703 2288 teneatur,
1754 2221 2013 2277 cantico-

371 2319 502 2357 rum
560 2305 862 2360 Canticum
895 2323 1041 2361 nova
1072 2311 1128 2362 et
1157 2308 1319 2364 varia
1367 2308 1794 2381 explanationis
1836 2316 2014 2381 atque

368 2392 764 2464 intelligentia;
821 2396 1044 2451 ratione
1101 2398 1448 2466 declaretur,
1508 2416 1579 2454 en
1636 2399 1917 2456 voluntati
1949 2416 2013 2454 ac

368 2482 562 2537 studio
624 2489 723 2538 tuo
777 2485 1181 2557 obsequimur,
1242 2487 1597 2559 imperator;
1654 2494 1830 2561 atque
1898 2490 2013 2544 Do-

371 2570 512 2625 mini
565 2572 974 2629 universorum
1027 2575 1243 2631 auxilio
1294 2577 1444 2643 freti,
1498 2583 1679 2632 totam
1749 2578 2013 2633 Cantico-

367 2677 497 2715 rum
558 2661 979 2731 expositionem
1034 2665 1292 2736 simplici
1350 2676 1401 2721 et
1470 2666 1695 2738 vulgari
1754 2667 2015 2721 oratione

368 2748 775 2805 concinnatam
835 2752 1154 2809 aﬂerimus.
1208 2754 1693 2826 Sapientissimus
1744 2756 1839 2812 ille
1877 2774 2011 2827 pro-

370 2837 543 2906 pheta
598 2838 896 2909 Salomon,
958 2842 1197 2898 Davidis
1257 2843 1410 2899 ﬁlius
1477 2861 1544 2899 ex
1591 2862 1658 2900 ea
1718 2862 1843 2917 quae
1906 2845 2016 2899 fuit

370 2925 551 2994 Uria},
612 2928 724 2982 tria
783 2930 1047 3000 quaedam
1101 2932 1158 2985 in
1216 2932 1334 2987 vita
1391 2934 1693 2988 volumina
1753 2934 2012 2989 conscri—

370 3012 508 3083 psit.
557 3013 749 3069 Unum
802 3018 1119 3087 prudenter
1168 3021 1239 3074 ab
1283 3021 1558 3077 omnibus
1590 3024 2015 3078 Proverbiorum

378 3103 616 3157 nomine
678 3111 1071 3176 nuncupatur,
1134 3109 1284 3179 quod
1346 3125 1577 3166 morum
1623 3111 1881 3167 continet
1928 3112 2014 3167 di-

371 3188 703 3262 sciplinam,
737 3196 1242 3262 perturbationum
1299 3198 1477 3253 animi
1520 3199 2011 3269 emendationem,

372 3284 644 3351 recteque
700 3282 928 3337 vivendi
981 3284 1264 3340 rationem
1327 3304 1393 3342 ac
1442 3288 1640 3344 divina
1678 3295 2012 3361 praecepta:

369 3366 610 3425 alterum
683 3373 1031 3429 Ecclesiastes
1091 3376 1162 3430 ab
1242 3376 1579 3432 horninibus
1650 3379 2012 3451 appellatur,

372 3458 526 3527 quod
603 3461 730 3514 vitae
809 3461 1115 3533 praesentis
1190 3465 1378 3536 aperit
1451 3468 1763 3523 vanitatem

371 3548 565 3613 tium,
642 3550 914 3619 domine,
1011 3554 1164 3623 quod
1258 3554 1626 3612 continenter
1709 3558 2015 3630 sequitur,

372 3642 460 3691 est
519 3638 713 3708 ipsum
790 3641 1078 3696 Canticum
1149 3647 1513 3713 canticorum,
1568 3648 1721 3717 quod
1779 3649 2018 3719 quidem

373 3724 477 3779 tibi
510 3726 807 3797 eleganter
834 3730 1178 3797 admodum,
1209 3738 1265 3787 et
1314 3734 1427 3788 sub
1476 3735 1668 3805 specie
1715 3752 1782 3790 ac
1833 3737 2021 3808 ﬁgura

373 3814 631 3883 quadam
684 3818 1026 3887 nuptiarum
1077 3819 1257 3874 tradit
1304 3819 1575 3876 humanae
1623 3823 1835 3879 animae
1892 3843 2018 3893 per-

375 3901 717 3958 fectionem.
779 3905 1087 3977 Sapienter
1158 3908 1315 3962 enim
1376 3911 1646 3980 proponit
1723 3912 2016 3968 Christum

375 4006 701 4061 sponsum,
778 4012 1115 4066 sponsaque
1184 3996 1427 4063 itidem,
1501 4000 1760 4053 animam
1819 4002 2021 4071 sponsi

376 4094 574 4134 amore
604 4080 980 4153 languentem
1014 4088 1189 4154 atque
1222 4084 1665 4157 inﬂammatam,
1696 4092 1753 4143 et
1778 4089 1849 4143 ad
1883 4090 2021 4147 ilius

376 4168 597 4238 gratias
640 4175 697 4225 et
729 4187 967 4226 munera
996 4172 1274 4228 velociter
1304 4175 1722 4246 pervolantem.
1755 4178 2024 4235 Continet

379 4256 556 4313 etiam
615 4258 769 4314 dicta
814 4262 1081 4331 quaedam
1142 4262 1411 4317 Ecclesiae
1466 4266 1866 4338 congruentia.
1911 4269 2020 4324 Sed

369 4345 521 4415 jam,
580 4348 895 4418 adjuvante
951 4350 1066 4406 Deo
1111 4352 1285 4407 verba
1332 4351 1685 4425 incipiamus
1736 4356 2021 4428 interpre-

379 4434 511 4491 tari.

788 4637 870 4690 Ex
898 4636 1074 4691 tribus
1102 4637 1311 4691 sanctis
1340 4638 1616 4694 Patrz'bus.

451 4743 488 4796 A
513 4740 822 4797 Salomone
844 4742 1195 4813 inscriptum
1218 4748 1308 4799 est
1329 4744 1687 4800 canticorum
1727 4746 2025 4804 Canticum

2199 2127 2524 2204 Ἐπειδήπερ
2556 2130 2618 2185 τὸ
2648 2127 2953 2206 φιλομαθὲς
2976 2128 3036 2182 τὸ
3071 2128 3184 2199 σὸν,
3219 2126 3262 2180 ὧ
3294 2123 3626 2201 στεφηφόρε,

2122 2220 2552 2292 Ἐρμηνευθῆναι
2583 2218 2833 2295 γλίχεται
2863 2220 2961 2287 τὴν
2996 2218 3147 2287 ξένην
3179 2215 3267 2269 καὶ
3298 2212 3559 2283 ποικίλην

2123 2312 2234 2365 Τοῦ
2262 2313 2370 2363 τῶν
2404 2307 2659 2382 ᾀσμάτων
2693 2310 2971 2381 ’ᾼσματος
2998 2305 3261 2379 ἐξήγησιν
3293 2304 3381 2359 καὶ
3412 2307 3633 2378 γνῶσιν,

2125 2395 2266 2453 Ἰδού
2294 2419 2389 2451 σου
2418 2402 2499 2469 τῷ
2531 2397 2854 2470 θεσπίσματι
2886 2394 3213 2463 πεισθέντες,
3240 2392 3617 2467 αὐτοκράτωρ,

2125 2487 2226 2542 Καὶ
2278 2487 2373 2548 τὰς
2430 2484 2653 2549 ἐλπίδας
2714 2486 2927 2560 θέμενοι
2982 2488 3119 2559 πρὸς
3175 2484 3265 2537 τὸν
3323 2481 3599 2545 Δεσπότην
3632 2476 3780 2533 πάνο’

3544 2572 3692 2641 [τωη

2125 2661 2408 2735 Δηλοίῳες
2439 2665 2535 2733 τήν
2570 2664 2821 2739 ἐξήγησιν
2854 2663 3025 2717 πᾶσάν
3060 2682 3143 2716 σοι
3174 2665 3281 2715 τῶν
3313 2657 3625 2731 ’ᾼσμάτων,

2124 2753 2209 2807 Ἐν
2244 2752 2640 2828 ἁπλουστέραις
2667 2751 2867 2822 λέξεσιν
2902 2752 2987 2805 καὶ
3023 2750 3544 2823 κατημαξευμέναις.

2122 2841 2183 2896 Ὀ
2210 2841 2308 2915 γὰρ
2340 2844 2627 2919 προφήτης
2666 2840 2956 2913 Σολομῶν,
2992 2842 3019 2895 ὁ
3050 2860 3321 2916 πανσοφος
3352 2837 3585 2906 ἐκεῖνος,

2124 2930 2180 2995 ὀ
2211 2936 2338 2994 παῖς
2361 2950 2649 3005 τυγχάνων
2682 2934 2778 2984 τοῦ
2828 2924 3015 2997 Δαϐὶδ,
3047 2927 3174 2983 ἀλλ’
3232 2927 3292 2981 ἐκ
3346 2933 3447 2995 τῆς
3514 2929 3612 2979 τοῦ
3660 2924 3759 2981 0'5-

3537 3013 3696 3087 [ρίου,

2122 3115 2276 3184 Τρεῖς
2308 3106 2677 3183 συνεγράψατό
2707 3128 2853 3168 τινας
2884 3106 2935 3161 ἐν
2973 3106 3076 3182 βίῳ
3105 3104 3503 3180 πραγματείας·

2123 3200 2185 3255 ἸΙ
2222 3199 2317 3271 μὶν
2348 3195 2592 3252 καλεῖται
2623 3200 2898 3271 νουνεχῶς
2930 3202 3046 3257 τοῖς
3086 3200 3215 3249 πᾶσι
3240 3192 3563 3269 Παροιμίαι,

2124 3291 2368 3362 Ἕχουσα
2398 3284 2671 3339 παίδευσιν
2724 3287 2894 3353 ἡθῶν,
2926 3287 3110 3339 παθῶν
3145 3282 3568 3357 ἐπανορθώσεις,

2128 3378 2229 3433 Καὶ
2260 3380 2367 3429 τῶν
2400 3374 2679 3449 πρακτέων
2715 3378 2957 3447 συνεχῶς
2986 3374 3075 3427 καὶ
3108 3372 3253 3433 Θείας
3285 3372 3591 3439 ὑποθήκας.

1820 3484 1833 3524 :
1895 3473 2014 3524 ter-
2048 3502 2094 3567 B
2125 3466 2187 3522 Ἡ
2223 3462 2278 3520 δέ
2308 3485 2424 3526 πως
2459 3462 2892 3533 Ἐκκλησιαστὴς
2922 3459 3186 3532 κέκληται
3217 3466 3332 3521 τοῖς
3363 3459 3693 3533 ἀνθρώποις,

1865 3558 1895 3567 ..
2128 3556 2195 3567 ....
2300 3554 2309 3567 .
2501 3550 2524 3567 ε.
2558 3550 2613 3567 ιι,
2888 3552 2901 3567 ι
3004 3555 3031 3565 ..
3192 3550 3203 3567 ,
3370 3549 3422 3567 η.

2128 3556 2206 3611 Τὸ
2241 3554 2466 3626 μάταιον
2498 3550 2822 3607 διδάσκουσα
2850 3552 2909 3606 τὸ
2940 3555 3036 3605 τοῗι
3066 3550 3332 3625 παρόντος
3370 3549 3493 3624 βίου

2128 3645 2189 3699 Ἥ
2224 3640 2280 3697 δέ
2308 3664 2367 3718 γε
2393 3643 2548 3717 τρίτη
2584 3646 2825 3716 συνεχῶς
2856 3639 3061 3695 ἐκείνου
3092 3639 3440 3715 πραγματεία

2132 3732 2298 3803 (Αὕτη
2331 3730 2616 3806 τυγχάνει,
2650 3728 2907 3799 δέσποτα,
2936 3731 2997 3784 τὸ
3023 3735 3209 3801 ’ᾼσμα
3238 3732 3345 3782 τῶν
3380 3726 3676 3799 ᾀσμάτων),

2129 3821 2235 3877 Τὸν
2265 3820 2465 3894 τρόπον
2494 3817 2812 3895 καταγγελεῖ
2840 3841 2923 3872 σοι
2954 3815 3401 3892 ποικιλοτρόπως
3427 3814 3562 3889 ἄγαν

2131 3912 2245 3977 Τῆς
2274 3910 2607 3969 τελειώσεως
2638 3908 2803 3976 αὐτῆς
2844 3910 3035 3982 ψυχῶν
3064 3910 3171 3961 τῶν
3204 3905 3582 3979 ἀνθρωπίνων,

2129 3995 2288 4052 Ἀλλ’
2319 3997 2391 4058 ὡς
2420 3996 2471 4051 ἐν
2506 3996 2753 4071 σχήματί
2780 4018 2885 4050 τινι
2917 3990 3515 4070 σεμνονυμφοστολίας.

2132 4091 2326 4163 Σοφῶς
2350 4087 2449 4160 γὰρ
2480 4084 2767 4155 ὑποτίθησι
2800 4085 2888 4139 τὸν
2928 4085 3020 4157 μὲν
3055 4084 3285 4158 Χριστὸν
3317 4080 3577 4155 νυμφίον,

2130 4176 2366 4252 Νύμφην
2401 4172 2456 4229 δὲ
2488 4173 2650 4229 πάλιν
2682 4176 2779 4242 τὴν
2810 4175 2996 4249 ψυχὴν
3027 4172 3230 4247 ἐρῶσαν
3261 4176 3360 4226 τοῦ
3384 4168 3640 4245 νυμφίου,

2133 4263 2232 4320 Καὶ
2264 4262 2656 4336 πεπυρωμένην
2690 4258 2849 4338 ἔρωτι
2884 4260 3042 4331 δῆθεν
3071 4265 3150 4331 τῷ
3174 4265 3269 4315 τοῦ
3301 4259 3559 4333 νυμφίον,

2132 4352 2234 4411 Καὶ
2265 4354 2400 4427 πρὸς
2420 4351 2622 4407 ἐκείνου
2654 4354 2882 4427 χάριτας
2917 4351 3285 4422 ἀνιπταμένην
3316 4351 3483 4423 τάχα.

2132 4446 2290 4516 Ἔχει
2324 4439 2381 4496 δὲ
2412 4443 2630 4519 φράσεις
2648 4441 2736 4495 καί
2764 4462 2910 4503 τινας
2939 4440 3060 4514 περῖ
3092 4446 3191 4507 τῆς
3223 4437 3567 4507 Ἐκκλησίας.

2132 4529 2287 4588 Ἀλλ’
2316 4531 2679 4607 ἀπαρξώμεθα
2710 4528 2907 4584 λοιπὸν
2942 4528 3034 4583 σῦν
3065 4549 3125 4605 γε
3156 4532 3270 4599 Θεῷ
3293 4531 3374 4598 τῷ
3408 4527 3587 4601 Λόγῳ.

2490 4638 2580 4693 Ἐκ
2608 4642 2715 4692 τῶν
2747 4640 2910 4711 τριῶν
2943 4636 3109 4711 ἀγίων
3139 4635 3413 4707 Πατέρων.

2202 4746 2389 4818 ’ᾼσμα
2437 4743 2690 4817 ᾀσμάτων
2754 4748 2835 4815 τῷ
2902 4740 3197 4815 Σολομῶνι
3248 4738 3658 4815 ἀναγέγραπται,
3698 4733 3760 4787 τὸ

380 4830 439 4883 in
464 4846 579 4901 quo
598 4846 825 4901 sponsa:
844 4831 1110 4887 Ecclesia:
1128 4834 1185 4887 in
1209 4833 1500 4889 Christum
1526 4832 1713 4906 ipsius
1737 4853 2022 4907 sponsum
2052 4868 2094 4935 C
2135 4831 2338 4903 δηλοῦν
2385 4834 2444 4899 τὶ

2135 4831 2338 4903 δηλοῦν
2385 4834 2485 4901 τὴν
2531 4833 2665 4905 πρὸς
2711 4832 2802 4887 τὸν
2852 4830 3085 4908 νυμφίον
3130 4831 3361 4904 Χριστὸν
3415 4829 3620 4903 ἀγάπην
3661 4830 3759 4891 τῆς

2177 4922 2188 4935 1
2442 4921 2453 4935 ς
2534 4919 2557 4929 ε’
2603 4922 2656 4935 ι-ε
2734 4918 2753 4935 κ
2854 4920 2865 4935 Ι
3018 4919 3031 4935 ο
3130 4918 3143 4935 1
3271 4925 3297 4935 .-
3378 4914 3402 4935 ᾗ
3440 4918 3453 4932 \
3546 4922 3566 4931 ο
3658 4919 3723 4935 II;

382 4934 547 4973 amor
576 4920 923 4975 ostenditur.
957 4921 1101 4976 Nam
1145 4929 1277 4993 post
1324 4923 1767 4980 Proverbiorum
1801 4926 1873 4981 ad
1903 4928 2019 4982 vir-

381 5010 538 5062 tutes
583 5008 1068 5077 cohortationem,
1103 5017 1160 5066 et
1193 5011 1657 5067 dehortationem
1690 5031 1724 5069 a
1753 5015 1931 5082 vitiis,
1965 5020 2021 5071 et

378 5100 511 5166 post
533 5112 727 5152 rerum
761 5098 1158 5153 humanarum
1182 5106 1357 5170 atque
1398 5100 1731 5157 mortalium
1757 5108 2017 5159 contem-

378 5191 545 5255 ptum
602 5202 773 5257 quem
833 5188 905 5242 ab
963 5187 1305 5243 Ecclesiaste
1355 5187 1656 5257 didicerat,
1704 5192 1861 5247 canit
1910 5192 2019 5263 ipsi

376 5276 601 5343 Sponso
630 5274 861 5331 Christo
895 5278 1155 5348 paciﬁco,
1190 5278 1340 5347 quod
1374 5282 1429 5331 et
1460 5278 1800 5334 nobisaDeo
1832 5281 2019 5336 factus

380 5368 470 5417 est
490 5380 621 5435 pax,
646 5370 701 5418 et
724 5381 826 5435 per
847 5367 1107 5436 seipsum
1136 5382 1241 5420 nos
1269 5366 1423 5419 Patri
1467 5383 1573 5421 suo
1605 5369 2017 5425 reconciliavit.

380 5452 501 5515 Qua
534 5452 773 5521 quidem
806 5454 1089 5509 charitate
1123 5453 1382 5508 ﬁdelium
1426 5454 1736 5512 Ecclesiam
1767 5458 2017 5530 despon-

381 5539 469 5594 dit
492 5540 603 5593 sibi
636 5541 836 5597 divina
872 5543 1095 5599 ratione
1127 5558 1192 5598 ac
1231 5542 1356 5613 lege
1404 5542 1679 5614 spiritali,
1712 5551 1769 5601 et
1799 5547 2019 5604 revela-

383 5630 541 5682 tione
572 5630 986 5700 mysteriorum
1030 5648 1156 5703 quae
1207 5632 1277 5687 de
1308 5631 1437 5703 ipso
1474 5633 1686 5689 tradita
1720 5641 1857 5691 sunt
1887 5653 2019 5692 eru-

2132 4922 2350 4997 νύμφης
2398 4919 2560 4976 αὐτοῦ
2603 4918 2951 4989 Ἐκκλησίας·
3003 4919 3076 4981 ὡς
3128 4918 3187 4973 ἐκ
3231 4925 3330 4988 τῆς
3374 4914 3464 4972 διὰ
3504 4922 3606 4971 τῶν
3656 4919 3760 4967 Πα-

2131 5016 2361 5086 ροιμιῶν
2412 5017 2730 5086 προτροπῆς
2776 5010 2866 5064 καὶ
2916 5010 3255 5084 ἀποτροπῆς,
3288 5007 3378 5061 καὶ
3408 5014 3510 5076 τῆς
3540 5003 3623 5059 διὰ
3668 5003 3759 5053 τοῦ

2130 5100 2561 5170 Ἐκκλησιαστοῦ
2623 5104 2731 5154 τῶν
2791 5095 3134 5169 προσκαίρων
3196 5095 3581 5169 καταγνώσεως
3636 5088 3757 5161 ᾀδο-

2134 5190 2297 5263 μὲνης
2336 5188 2483 5261 αὐτῷ
2526 5187 2605 5261 τῷ
2652 5188 2870 5264 νυμφίῳ
2918 5188 3136 5281 Χριστῷ
3177 5190 3259 5257 τῷ
3307 5184 3604 5281 εἰρηνικῷζ

2127 5299 2185 5333 τε
2227 5280 2361 5351 ἡμῖν
2423 5278 2612 5352 εἰρήνη
2656 5277 2760 5331 ἀπὸ
2819 5279 2951 5331 Θεοῦ
3003 5274 3219 5350 γέγονεν
3258 5315 3271 5340 ,
3343 5272 3432 5327 καὶ
3495 5274 3637 5344 ἡμᾶς
3694 5272 3742 5319 δι

2130 5367 2321 5422 ἑαυτοῦ
2372 5364 2681 5437 κατήλλαξε
2732 5370 2812 5437 τῷ
2861 5362 2983 5436 ἰδίῳ
3012 5362 3205 5437 Ιιατρί.
3254 5363 3385 5419 Καθ’
3443 5362 3511 5429 ἢν
3566 5357 3761 5434 ἀγάπην

2128 5454 2387 5529 νυμφεύει
2447 5456 2619 5526 ἑαυτῷ
2647 5457 2745 5524 τήν
2779 5458 2884 5509 τῶν
2939 5456 3144 5506 πιστῶν
3204 5448 3551 5521 Ἐκκλησίαν,
3604 5463 3761 5521 μυστ·

2128 5548 2352 5621 αγωγῶν
2412 5544 2582 5613 αὐτὴν
2660 5542 2988 5618 θεολογικῶς
3062 5539 3220 5613 νόμῳ
3296 5541 3645 5634 πνευματικῷ

2128 5636 2195 5707 τῇ
2240 5631 2580 5706 ἀποκαλύψει
2613 5636 2718 5686 τῶν
2761 5630 2885 5707 περὶ
2916 5629 3084 5684 αὐτοῦ
3127 5626 3462 5703 μυστηρίων,
3519 5627 3583 5695 ἢν
3635 5626 3765 5696 πρὸ·
