4040 6196
165 334 360 410 ¹ιιιι

1299 331 1709 396 COMMENT.
1753 332 1834 395 IN
1880 334 2281 401 CANTICUM
2326 338 2638 403 CANTIC.

3539 339 3664 400 542

242 482 403 537 τερον
455 460 905 535 ἱνυμφοστολησε
961 458 1052 516 διὰ
1103 465 1211 516 τῶν
1271 467 1616 539 Παροιμιῶν,
1668 463 1757 519 καὶ
1801 467 1898 520 τοῦ

2022 467 2181 525 iiens
2201 468 2385 539 illam,
2409 487 2588 542 quam
2621 470 2787 542 prius
2816 486 2920 544 per
2950 469 3257 525 Proverbia
3284 473 3342 525 et
3368 469 3658 526 Ecclesia-

243 550 683 621 Ἑκκλησιαστοῦ
729 548 1160 625 παιδαγωγήσας
1208 549 1299 605 καὶ
1359 548 1713 615 ἐκπαιδεύσας
1777 554 1899 622 ἠθι-

241 645 353 702 κῶς
411 659 471 694 τε
518 639 610 693 καὶ
668 643 931 716 φυσικῶς.
988 641 1052 694 Ἢ
1110 640 1201 693 οὖν
1260 642 1768 714 προμνηστευθεῖσα
1822 646 1902 714 τῷ

247 733 467 803 Χριστῷ
518 727 840 799 Ἐκκλησία,
896 725 984 783 διά
1031 749 1091 783 τε
1140 733 1240 783 τοῦ
1292 734 1538 804 γραπτοῦ
1584 730 1760 803 νόμου
1811 729 1904 784 καὶ

240 822 337 873 τοῦ
367 821 622 896 φυσικοῦ,
679 817 756 870 ὧν
796 817 891 879 τὰς
950 813 1209 891 δυνάμεις
1262 817 1536 890 Σολομῶν
1586 815 1637 874 "sv
1678 840 1737 874 τε
1782 824 1903 881 ταῖς

244 906 581 981 Παροιμίαις
630 907 832 978 καὶτῷ
880 905 1288 981 Ἐκκλησιαστῇ
1338 909 1457 978 ᾖσε,
1495 908 1586 962 καὶ
1643 905 1733 963 διὰ
1796 912 1903 963 τῶν

242 996 295 1051 ἐν
343 997 496 1070 πασῃ
525 998 597 1069 τῇ
630 1001 669 1049 Γ
674 999 819 1071 ραφῇ
850 996 941 1050 καὶ
986 998 1053 1070 τῇ
1086 999 1261 1050 κτίσει
1312 991 1608 1069 συμϐόλων
1669 995 1908 1071 εἰσαγω-

236 1089 413 1161 γικῶς
467 1082 822 1148 παιδευθεῖσα
859 1084 988 1146 τοὺς
1039 1084 1166 1161 περὶ
1220 1085 1484 1161 προνοίας
1530 1085 1622 1140 καὶ
1672 1084 1900 1147 κτίσεως

238 1174 462 1251 λόγους·
496 1174 604 1229 κάκ
651 1173 862 1229 τούτων
913 1170 1235 1250 διδαχθεῖσα
1286 1175 1354 1229 τὰ
1402 1175 1540 1250 πρὸς
1586 1175 1759 1244 αὐτὴν
1806 1179 1905 1230 τοῦ

237 1263 475 1337 νυμφίου
523 1262 768 1339 φίλτρα,
824 1260 1081 1338 βούλεται
1138 1260 1340 1318 λοιπὸν
1396 1262 1727 1340 τελεώτερον
1781 1262 1909 1318 τού-

234 1373 364 1414 τους
394 1358 525 1429 παρ’
555 1351 722 1407 αὐτοῦ
768 1355 867 1406 τοῦ
919 1356 1057 1406 Θεοῦ
1097 1352 1281 1427 Λόγου
1310 1352 1456 1407 κατά
1498 1354 1598 1422 τήν
1652 1348 1907 1428 ἔνσαρκον

234 1441 441 1497 τούτου
518 1440 839 1514 οἰκονομίαν
912 1441 1071 1515 νόμῳ
1134 1446 1495 1515 πνευματικῷ
1553 1438 1904 1517 διδαχθῆναι,

235 1531 458 1604 ἀμέσως
497 1528 570 1585 δι’
625 1530 842 1605 ἀγάπης
901 1530 1053 1602 αὐτῷ
1132 1528 1496 1601 κολληθεῖσα,
1555 1531 1644 1586 καὶ
1696 1534 1912 1604 πνεῦμα

230 1616 284 1674 ἓν
337 1620 614 1697 γενομένη
648 1618 700 1673 ἐν
754 1623 837 1691 τῷ
880 1618 1069 1694 νύμφη
1127 1619 1292 1674 αὐτοῦ
1341 1620 1706 1695 χρηματίσαι.
1759 1618 1902 1694 Φέρε

230 1710 419 1765 τοίνυν
447 1708 532 1764 ἐπ’
564 1707 732 1779 αὐτὴν
785 1706 1032 1781 ἔλθωμεν
1077 1707 1278 1764 λοιπὸν
1324 1714 1434 1764 τῶν
1486 1708 1748 1786 ῥημάτων
1807 1711 1911 1779 τήν

236 1801 295 1876 ὶρ
304 1798 535 1872 μηνείαν
547 1843 563 1857 .

307 1904 621 1977 Φιλησάτω
656 1926 724 1980 με
751 1905 858 1961 ἀπὸ
889 1904 1212 1984 φιλημάτων
1247 1906 1518 1978 στόματος
1546 1906 1734 1961 αὐτοῦ.

823 1999 943 2050 Τῶν
974 1996 1022 2071 γ“
1058 1995 1332 2069 ΙΙατέρων.

309 2089 545 2162 Ἥγουν,
594 2083 774 2146 Αὒτὸς
823 2080 870 2139 δ’
916 2085 1107 2139 ἑαυτοῦ
1144 2085 1244 2153 τήν
1293 2085 1416 2161 περὶ
1469 2083 1604 2159 ἐμοῦ
1636 2083 1902 2158 ὑπεράγα-

242 2185 335 2238 θον
367 2174 539 2229 αὐτοῦ
575 2171 787 2250 βουλὴν
816 2170 1083 2246 διδαξάτω
1117 2194 1202 2247 με,
1237 2170 1428 2250 λόγοις
1466 2175 1555 2229 καί
1584 2174 1900 2249 τρόποιςδτὸ

240 2270 492 2318 συνοῖσον
525 2260 898 2319 ὑποδεικνύων
927 2283 1043 2337 μοι.

314 2354 545 2428 Ἀγαθοὶ
575 2353 773 2427 μαστοί
803 2374 900 2408 σου
931 2352 1062 2428 ὑπὲρ
1095 2351 1261 2421 οἶνον,
1291 2354 1379 2409 καὶ
1414 2352 1560 2426 ὀσμή
1587 2351 1770 2429 μύρων
1806 2373 1901 2407 σου

248 2444 377 2516 ὑπὲρ
409 2442 583 2497 πάντα
621 2443 691 2497 τὰ
719 2442 1005 2517 ἀρώματα.

825 2551 1005 2624 Τριῶν
1056 2548 1331 2628 [Ιατέρων.

318 2637 581 2703 Macrob;
623 2635 683 2693 δὲ
726 2638 894 2694 πάλιν
948 2637 1171 2694 ἔνταῦθα
1214 2638 1373 2695 καλεῖ
1424 2641 1488 2694 τό.
1557 2637 1751 2716 δοχεῖα
1804 2641 1901 2695 τοῦ

246 2727 550 2804 γάλακτος,
609 2727 639 2783 ὃ
697 2733 814 2793 τοῖς
860 2727 1102 2784 ἀτελέσιν
1162 2726 1240 2783 ἔτι
1297 2728 1387 2783 καὶ
1416 2728 1634 2799 νηπίοις
1663 2729 1900 2804 προσφε-

250 2838 362 2891 ρειν
417 2815 564 2872 οἶδεν
616 2818 646 2872 ὁ
707 2817 973 2892 μακάριος
1022 2816 1272 2881 Παῦλος.
1330 2815 1475 2872 Γάλα
1525 2818 1651 2895 γὰρ,
1712 2818 1898 2896 φησὶν,

252 2908 397 2979 ὑμᾶς
466 2905 727 2975 ἐπότισα,
787 2905 848 2961 οὐ
926 2907 1160 2982 βρῶμα*
1240 2903 1394 2961 οὔπω
1466 2908 1567 2982 γὰρ
1625 2904 1899 2963 ἐδύνασθε.

249 2995 325 3052 Οὐ
387 2993 482 3050 διὰ
545 2991 799 3049 τοῦτοδὲ
856 2993 1015 3067 μόνον
1064 2993 1287 3057 εἶ’κότως
1332 2999 1438 3049 τῶν
1488 3000 1700 3068 μαστῶν
1735 2994 1901 3068 ἐμνη-

252 3085 509 3158 μόνευσεν
582 3086 618 3154 ἡ
685 3083 915 3161 νύμφη’
977 3083 1103 3140 ἀλλ’
1172 3081 1362 3153 ἐπειδή
1435 3085 1524 3138 καὶ
1579 3088 1648 3159 τῇ
1706 3082 1904 3160 καρδίᾳ

1938 1843 1986 1908 Β

2012 562 2138 613 sten
2168 559 2471 616 moraliter
2519 569 2576 616 et
2622 559 2970 616 naturaliter
2998 563 3338 614 exornatam
3388 558 3655 614 institue-

2012 652 2124 702 rat.
2175 647 2434 704 Ecclesia
2480 649 2663 721 igitur
2709 647 2938 703 Christo
2989 648 3368 719 desponsata,
3400 633 3527 717 quae
3557 663 3661 717 per

2012 735 2200 808 legem
2231 742 2361 793 tum
2392 738 2672 810 scriptam
2698 742 2827 793 tum
2854 736 3479 807 naturalem,quarum
3510 736 3663 791 vires

2013 825 2075 879 in
2116 826 2444 883 Proverbiis
2483 833 2538 883 et
2580 826 2929 883 Ecclesiaste
2957 825 3233 883 Salomon
3269 829 3664 897 expresserat,

2016 930 2235 987 perque
2265 917 2450 972 totius
2488 918 2792 987 scripturae
2838 920 2894 971 et
2942 920 3224 971 creaturae
3276 919 3463 979 notas,
3495 912 3666 985 quasi

2015 1003 2284 1060 tirocinio
2327 1010 2385 1060 et
2424 1005 2777 1062 rudimentis
2807 1003 3144 1078 quibusdan
3176 1020 3245 1059 ea
3273 1002 3503 1068 didicit,
3534 1017 3661 1073 quae

2017 1094 2090 1148 ad
2123 1094 2547 1165 providentiam
2580 1100 2631 1150 et
2665 1094 3017 1150 creationem
3043 1092 3356 1165 pertinent,
3392 1096 3568 1162 atque
3596 1106 3665 1146 ex

2019 1182 2093 1239 iis
2122 1183 2525 1240 incredibilem
2554 1185 2756 1256 sponsi
2785 1199 2923 1256 erga
2952 1199 3015 1239 se
3046 1198 3307 1238 amorem
3339 1179 3660 1248 intellexit;

2017 1271 2145 1327 vult
2170 1273 2415 1345 insuper
2444 1274 2812 1347 utperfectus
2834 1273 2955 1328 hinc
2981 1273 3053 1328 ab
3077 1270 3527 1344 ipsoDeiVerbo
3548 1285 3653 1340 per

2019 1360 2198 1432 hujus
2229 1363 2286 1417 in
2321 1378 2493 1418 carne
2522 1361 3022 1435 dispensationem
3056 1359 3307 1432 spiritali
3334 1358 3465 1431 lege
3493 1358 3667 1413 doce-

2019 1454 2172 1514 atur,
2203 1450 2333 1507 sine
2355 1450 2473 1506 ullo
2506 1451 2696 1507 medio
2729 1467 2830 1523 per
2878 1450 3223 1506 charitatem
3254 1448 3369 1520 ipsi
3418 1446 3665 1518 conjun-

2018 1543 2129 1607 cta,
2163 1556 2439 1613 unusque
2470 1541 2623 1597 facta
2653 1540 2901 1612 spiritus
2932 1555 3034 1611 per
3062 1539 3194 1609 hoc,
3243 1536 3395 1610 quod
3448 1551 3667 1608 sponsa

2018 1628 2147 1698 ejus
2171 1632 2428 1684 vocetur.
2460 1631 2578 1703 Age
2607 1628 2791 1701 igitur
2819 1629 2891 1685 ad
2921 1628 3114 1701 ipsam
3144 1642 3317 1699 porro
3358 1624 3665 1681 veniamus

2018 1717 2330 1775 verborum
2358 1718 2926 1791 interpretationem.

2088 1915 2370 1972 Osculetur
2390 1932 2480 1972 me
2508 1916 2711 1973 osculi:
2739 1916 2856 1971 oris
2886 1915 2995 1971 sui.

2539 2006 2623 2061 Ea:
2648 2006 2822 2061 tribus
2850 2005 3135 2060 Patribus.

2084 2097 2199 2149 Hoc
2230 2097 2319 2150 est
2350 2109 2363 2149 :
2402 2095 2529 2166 Ipse
2560 2109 2665 2165 per
2696 2111 2757 2150 se
2787 2094 3076 2166 optimam
3094 2108 3267 2148 suam
3289 2107 3424 2162 erga
3455 2108 3547 2147 me
3568 2107 3663 2147 vo-

2013 2182 2299 2238 luntatem
2358 2183 2580 2252 doceat,
2640 2182 2972 2254 verbisque,
2997 2185 3053 2238 et
3100 2180 3455 2252 rationibus,
3524 2179 3663 2252 quid

2010 2273 2306 2344 expediat,
2336 2272 2631 2328 ostendat.

2082 2361 2304 2418 Meliora
2332 2367 2462 2416 sunt
2491 2360 2666 2416 ubera
2694 2367 2794 2415 tua
2823 2361 2978 2432 vino,
3007 2368 3060 2416 et
3086 2358 3218 2415 odor
3247 2358 3659 2428 unguentorum

2011 2456 2235 2508 tuorum
2264 2468 2433 2523 super
2459 2452 2649 2507 omnia
2677 2456 2959 2507 aromata.

2596 2558 2795 2615 Trium
2825 2561 3078 2613 Patrum.

2082 2649 2271 2706 Ubera
2294 2664 2527 2704 rursum
2553 2647 2646 2703 hic
2668 2650 2836 2703 vocat
2854 2645 3024 2703 lactis
3054 2643 3420 2718 receptacula
3452 2661 3465 2700 :
3500 2643 3658 2715 quod

2010 2737 2372 2811 imperfectis
2401 2734 2593 2791 adhuc
2614 2740 2671 2790 et
2702 2733 3023 2789 infantibus
3043 2733 3296 2805 praebere
3328 2731 3488 2787 novit
3515 2730 3657 2786 bea-

2009 2832 2107 2883 tus
2132 2826 2347 2882 Paulus
2375 2843 2388 2880 :
2424 2825 2529 2881 Lac
2560 2823 2725 2892 vobis,
2787 2822 3087 2895 inquiens,
3126 2831 3323 2895 potum
3367 2820 3511 2889 dedi,
3539 2835 3651 2874 non

2010 2917 2193 2972 cibum
2224 2933 2239 2970 :
2271 2914 2517 2970 nondum
2553 2915 2701 2970 enim
2747 2914 3079 2985 poteratis‘.
3138 2910 3339 2982 Neque
3367 2926 3500 2965 vero
3542 2909 3650 2964 hac

2013 3006 2205 3062 solum
2239 3005 2310 3059 de
2341 3021 2523 3059 causa
2555 3005 2802 3058 uberum
2836 3018 3054 3072 sponsa
3100 2999 3458 3056 mentionem
3500 2999 3657 3068 fecit,

2013 3096 2116 3151 sed
2174 3094 2349 3149 etiam
2415 3093 2553 3162 quia
2612 3091 2945 3163 propinqua
3001 3093 3138 3145 sunt
3188 3088 3373 3158 cordi,
3433 3087 3493 3142 in
3547 3104 3660 3159 quo

245 3173 673 3245 πλησιάζουσιν,
731 3173 784 3227 ἐν
911 3173 975 3228 τὸ
1032 3173 1366 3248 ἡγεμονικὸν
1424 3170 1657 3250 ἵδρυται,
1719 3174 1808 3252 ἀφ’
1839 3170 1901 3227 οὗ

410 3264 422 3279 1
687 3262 701 3279 Q
794 3268 822 3279 an
912 3258 936 3279 ἢ
970 3259 993 3279 α
1139 3263 1157 3279 κ
1182 3263 1193 3279 1
1513 3263 1525 3279 Ι
1633 3269 1664 3279 Λ
1803 3264 1852 3279 ου

2022 3183 2308 3256 praecipua
2340 3179 2551 3237 mentis
2592 3186 2683 3236 est
2729 3180 2919 3247 sedes,
2950 3178 3104 3233 unde
3152 3176 3428 3232 doctrinas
3472 3178 3664 3230 fontes

247 3264 584 3339 προχέονται
652 3262 708 3317 οἱ
755 3268 855 3333 τῆς
908 3258 1259 3326 διδασκαλίας
1307 3263 1525 3337 κρουνοί
1555 3306 1568 3319 .
1628 3264 1901 3336 Θαυμάζει

248 3352 433 3408 τοίνυν
487 3356 587 3408 τοῦ
643 3352 887 3429 νυμφίου
942 3351 1072 3414 τοὺς
1133 3352 1391 3426 μαστοὺς,
1447 3353 1522 3415 ὡς
1551 3357 1659 3407 τῶν
1688 3351 1904 3427 ἀγαθῶν

245 3442 636 3516 τυγχάνοντασ
664 3441 953 3516 κρουνοὺς,
1009 3442 1096 3496 καὶ
1166 3441 1495 3520 προσφόρως
1545 3441 1672 3504 τούς
1728 3463 1787 3496 τε
1814 3464 1909 3513 νη-

247 3532 409 3594 πίους
462 3529 543 3586 ἔτι
568 3529 704 3593 τούς
760 3550 820 3585 τε
872 3527 1116 3594 τελείους
1155 3527 1555 3608 διατρέφοντας·
1612 3530 1701 3586 καὶ
1760 3528 1905 3608 λέγει

247 3619 449 3684 αὐτοὺς
503 3618 738 3693 ἀγαθοὺς
812 3619 943 3693 ὑπὲρ
1003 3618 1190 3687 οἶνον,
1247 3619 1306 3682 ’ὀς
1365 3619 1635 3697 εὐφραίνει
1680 3616 1903 3693 καρδίαν

246 3709 570 3786 ἀνθρώπου,
619 3708 754 3764 κατᾶ
800 3709 898 3777 τήν
953 3708 1095 3772 θείαν
1146 3711 1405 3787 Γραφήν.
1459 3714 1743 3784 Τροπικῶς
1802 3709 1905 3785 γὰρ

246 3799 337 3853 τὸν
395 3799 549 3853 οἷδον
613 3796 943 3875 εὐφροσύνην
1004 3797 1306 3871 ὠνόμασεν,
1348 3795 1514 3868 δεῖξαι
1568 3796 1907 3874 βουλόμενος

250 3887 334 3942 ὅτι
388 3890 575 3957 πάσης
606 3886 746 3959 ὁμοῦ
802 3893 902 3955 τῆς
958 3885 1010 3941 ἐν
1060 3887 1368 3959 ἀνθρώποις
1422 3886 1757 3965 εὐφροσύνης
1792 3886 1906 3961 μεί-

251 3982 356 4047 ζων
389 3979 427 4047 ἡ
478 3977 626 4052 παρὰ
671 3980 779 4031 τῶν
832 3974 995 4031 αὐτοῦ
1035 3972 1252 4047 δωρεῶν
1285 3975 1603 4052 ἐγγινομένη
1656 3973 1909 4051 θυμηγδα

256 4072 375 4120 τοῖς
429 4059 731 4123 εὐσεϐὲσιν.
791 4064 857 4121 Εἴ
901 4062 959 4120 δὲ
990 4063 1179 4141 βούλει
1237 4065 1326 4121 καὶ
1388 4069 1662 4139 μυστικῶς
1716 4068 1907 4134 νοῆσαι

248 4161 349 4224 τῆς
406 4155 633 4232 νύμφης
691 4154 757 4208 τὶ
816 4153 1073 4228 ῥήματα,
1137 4154 1335 4224 νόησον
1391 4159 1520 4217 τοὺς
1581 4155 1711 4230 ὑπὲρ
1768 4155 1907 4209 οἶνον

255 4243 715 4316 θαυμαζομένους
766 4244 1027 4316 μαστοὺς,
1050 4243 1183 4305 τοὺς
1233 4243 1506 4320 ἀρῥήτους
1544 4248 1642 4299 τοῦ
1687 4245 1905 4298 θυσιασ-

248 4332 453 4406 τηρίου
501 4330 788 4403 κρουνοὺς,
839 4328 909 4385 δι’
970 4329 1043 4385 ὧν
1093 4332 1321 4395 ἅπαντες
1370 4333 1421 4387 οἱ
1475 4339 1578 4402 τῆς
1632 4327 1907 4395 εὒσεόείας

256 4420 577 4498 τρεφόμεθα
629 4420 892 4497 τρόφιμοι
928 4463 940 4477 .
1020 4420 1151 4477 Εἶτα
1212 4421 1313 4489 τήν
1368 4421 1543 4476 αἰτίαν
1602 4423 1750 4498 Λέγει
1810 4426 1907 4477 τοῦ

256 4508 487 4565 πολλοῦ
516 4508 709 4578 πόθου,
759 4510 980 4575 καὶτῆς
1027 4511 1166 4585 πρὸς
1197 4510 1357 4564 αὐτὸν
1391 4510 1606 4586 ἀγάπης
1656 4515 1767 4566 τῶν
1831 4512 1907 4583 μὴ

253 4602 605 4670 ἡττηθεισῶν
811 4601 919 4652 τῶν
992 4599 1341 4673 προσκαίρων
1410 4597 1596 4674 σχέσει
1670 4602 1905 4675 ψυχῶν,

250 4688 561 4763 φάσκουσα,
614 4685 699 4741 δτι
758 4686 985 4761 Ἀγαθοὶ
1041 4687 1232 4758 μαστοί
1278 4707 1373 4741 σου
1417 4688 1551 4763 ὑπὲρ
1596 4688 1762 4757 οἶνον,
1818 4688 1909 4743 καὶ

249 4776 401 4850 ὀσμή
441 4775 631 4850 μόρων
666 4795 764 4829 σου
795 4774 927 4849 ὑπὲρ
957 4775 1131 4830 πάντα
1156 4775 1224 4829 τὰ
1251 4774 1536 4851 ἀρώματα.

320 4865 512 4940 Εὗρον
564 4862 854 4927 ἐκκενωθὶν
905 4859 1080 4936 ὄνομα
1128 4882 1266 4918 σου’
1316 4861 1407 4919 διὰ
1461 4868 1624 4919 τοῦτο
1674 4863 1905 4928 νεάνιδες

246 4954 548 5030 ἠγάπησαν
582 4974 660 5010 σε.

324 5040 521 5101 Εῗτουν
575 5039 800 5116 Ἀγαθαί
836 5040 971 5095 είσιν
999 5043 1036 5111 ἡ
1069 5040 1226 5119 φύσις
1252 5043 1360 5096 τῶν
1401 5040 1546 5097 ὅλων
1579 5043 1667 5098 καὶ
1701 5044 1735 5112 ἡ
1769 5049 1906 5119 Γρα-

249 5135 350 5211 φή,
424 5125 843 5205 λαμϐανόμεναι
895 5131 968 5192 ὼς
1013 5137 1115 5200 τῆς
1164 5129 1420 5201 ἀληθείας
1480 5126 1753 5204 σύμϐολα,
1813 5132 1903 5188 καὶ

250 5223 342 5276 οἷα
377 5222 475 5294 μὶν
532 5219 696 5294 μαζοί
744 5239 839 5274 σου
869 5222 1214 5295 χορηγοῦσαι
1261 5221 1397 5292 ¹ἡμῖν
1462 5219 1644 5291 ἁπλῆν
1671 5222 1903 5299 τροφὴν,

247 5311 348 5379 τὴν
392 5317 495 5379 τῆς
542 5309 619 5371 εἰς
650 5309 709 5363 σὲ
755 5308 1012 5375 πίστεως,
1043 5310 1133 5362 οἷα
1164 5304 1221 5363 δέ
1247 5329 1337 5364 τισ
1380 5308 1526 5382 ὅσμὴ
1571 5310 1759 5384 μύρων
1806 5331 1902 5367 σου

250 5398 561 5472 μηνύουσαι
610 5399 678 5453 τα
724 5402 1102 5471 πνευματικῶς
1143 5399 1292 5469 ἡμᾶς
1340 5396 1703 5468 εὐωδιάζοντα
1761 5420 1900 5455 παν-

245 5490 427 5565 άγαθά
472 5510 569 5544 σου
624 5486 910 5561 θελήματα
937 5530 951 5556 ,
1018 5487 1134 5543 καθ’
1185 5484 1216 5541 ἃ
1259 5488 1327 5542 τὰ
1374 5487 1547 5543 πάντα
1594 5490 1897 5565 γεγόνασιν.

321 5672 342 5707 ί
380 5666 563 5724 lCor.
596 5682 687 5737 nx,
715 5665 772 5721 2.

2017 3275 2315 3328 emanant.
2347 3268 2562 3341 Sponsi
2595 3268 2777 3340 igitur
2805 3268 2990 3322 ubera
3019 3266 3104 3321 uti
3154 3265 3440 3320 bonorum
3472 3264 3668 3318 fontes

2017 3359 2363 3429 admiratur,
2418 3375 2488 3413 ex
2558 3356 2774 3428 quibus
2830 3355 3136 3411 commode
3210 3359 3338 3408 tum
3410 3352 3668 3408 infantes

2016 3449 2230 3516 adhuc,
2262 3454 2388 3503 tum
2418 3446 2596 3502 etiam
2629 3444 2872 3517 perfecti
2900 3443 3264 3499 nutriuntur.
3298 3443 3496 3513 anue
3519 3440 3662 3496 dicit

2017 3554 2146 3594 esse
2174 3537 2408 3593 meliora
2435 3537 2584 3601 vino,
2616 3534 2795 3605 quod,
2826 3532 3033 3588 divinae
3056 3532 3364 3603 Scriptura:
3396 3530 3666 3586 testimo-

2017 3628 2112 3683 nio
2143 3643 2243 3682 cor
2270 3625 2531 3682 hominis
2589 3622 2898 3679 exbilarat.
2942 3621 3211 3694 Figurate
3259 3620 3415 3675 enim
3460 3620 3666 3675 vinum

2013 3715 2274 3772 laetitiam
2308 3712 2639 3786 appellavit,
2673 3716 2739 3766 ut
2766 3711 2995 3770 cunctis
3027 3709 3305 3765 humanis
3351 3706 3667 3779 voluptati-

2014 3806 2127 3861 bus
2186 3809 2467 3876 praestare
2516 3800 2845 3857 declararet
2898 3799 3161 3856 lietitiam
3206 3798 3391 3868 illam,
3424 3813 3551 3869 qua;
3599 3814 3670 3852 ex

2014 3894 2205 3967 ipsius
2235 3892 2406 3949 donis
2435 3891 2508 3947 ad
2542 3891 2669 3963 pios
2720 3887 3131 3962 proﬁciscitur.
3176 3887 3340 3954 Quod
3388 3887 3440 3943 si
3487 3887 3670 3943 ubera

2018 3983 2264 4056 mystice
2322 3981 2499 4038 etiam
2556 3978 2644 4035 vis
2726 3977 3091 4047 intelligere,
3152 3994 3254 4050 per
3309 3976 3491 4032 ubera
3567 3974 3669 4030 illa

2016 4072 2364 4128 admiranda
2389 4076 2445 4127 et
2473 4069 2606 4126 vino
2638 4067 3071 4140 praestantiora,
3104 4066 3296 4139 cogita
3341 4064 3668 4121 ineﬂ‘abiles

2016 4160 2151 4217 illos
2180 4159 2383 4216 altaris
2418 4158 2632 4227 fontes,
2672 4161 2731 4212 et
2760 4156 2978 4226 quibus
3023 4171 3227 4229 omnes
3275 4170 3381 4209 nos
3429 4152 3667 4224 pietatis

2017 4247 2242 4303 alumni
2272 4247 2584 4303 nutrimur.
2647 4245 2797 4300 Tum
2855 4243 3116 4316 ingentis
3175 4240 3452 4297 desiderii
3484 4240 3576 4295 sui
3609 4242 3667 4294 et

2015 4336 2348 4393 dilectionis
2405 4351 2545 4406 erga
2592 4332 2792 4405 ipsum
2852 4332 3222 4398 animarum,
3283 4345 3410 4400 quia
3467 4344 3664 4383 rerum

2018 4426 2305 4482 ﬂiixarum
2364 4421 2671 4496 cupiditati
2723 4437 2839 4477 non
2898 4421 3357 4490 succubuerunt,
3426 4433 3667 4474 causam

2017 4514 2255 4587 exponit
2283 4514 2525 4569 dicens:
2560 4510 2846 4578 Quoniam
2888 4510 3066 4566 ubera
3121 4514 3223 4564 tua
3259 4508 3495 4564 meliora
3541 4515 3668 4563 sunt

2016 4606 2143 4660 vino
2174 4620 2194 4659 :
2226 4611 2281 4659 et
2339 4601 2470 4658 odor
2523 4609 2930 4672 unguentorum
2980 4607 3207 4655 tuorum
3258 4613 3426 4670 super
3468 4597 3665 4653 omnia

2018 4697 2289 4749 aromata.

2091 4873 2438 4942 Unguentum
2459 4870 2697 4942 eﬂ‘usum
2726 4883 2925 4925 nomen
2954 4874 3109 4923 tuum
3143 4883 3155 4922 :
3190 4866 3315 4922 ideo
3347 4865 3668 4922 adolescen-

2016 4961 2154 5018 tutm
2183 4962 2502 5016 dilexerunt
2528 4963 2601 5014 te.

2086 5050 2146 5105 Id
2175 5055 2265 5105 est
2297 5065 2311 5104 :
2343 5049 2513 5104 Bonae
2539 5051 2681 5103 sunt
2712 5049 2922 5102 natura
2950 5061 3148 5101 rerum
3181 5048 3239 5101 et
3267 5044 3581 5116 scriptura,
3613 5041 3668 5098 si

2014 5138 2250 5210 quidem
2302 5137 2670 5208 accipiantur
2716 5135 2895 5191 velati
2955 5136 3219 5191 veritatis
3269 5132 3557 5207 symbols,
3612 5137 3670 5188 et

2014 5244 2142 5298 qua:
2173 5226 2363 5281 instar
2394 5226 2643 5282 uberum
2676 5224 2913 5297 quidem
2942 5228 3263 5297 suggerant
3310 5222 3479 5278 nobis
3523 5220 3671 5277 sim-

2013 5315 2223 5387 plicem
2260 5314 2482 5380 cibum,
2532 5315 2661 5384 ejus
2712 5313 2981 5368 videlicet
3011 5330 3139 5385 qua:
3173 5313 3230 5368 in
3264 5317 3321 5369 te
3347 5316 3457 5378 est,
3490 5310 3667 5377 fidei;

2012 5410 2188 5478 atque
2208 5404 2396 5459 instar
2415 5402 2609 5458 odoris
2631 5402 2944 5472 cujusdam
2966 5408 3404 5472 unguentorum
3428 5406 3666 5456 tuorum

2012 5495 2261 5551 doceant
2284 5492 2543 5565 optimas
2565 5491 2900 5547 voluntates
2920 5493 3076 5560 tuas,
3114 5506 3243 5562 qua:
3266 5507 3372 5547 nos
3407 5490 3665 5560 fragran-
