4040 6196
335 310 454 371 643

332 445 423 497 tes
456 441 677 511 optimo
723 444 897 499 odore
947 444 1205 500 efﬁciant

342 531 633 586 universa.
663 532 720 585 Si
774 549 926 587 enim
971 534 1294 590 secundum
1339 551 1399 588 se
1433 534 1555 587 istas
1602 532 1982 603 accipiantur,

337 621 525 676 instar
556 622 792 692 quidem
826 622 941 677 vini
976 629 1227 679 mentem
1279 628 1549 678 amovent
1599 642 1630 677 a
1692 623 1801 677 tide
1840 621 1898 675 in
1930 626 1986 676 te

342 698 674 781 quasi'vero
705 719 970 767 aromata
995 714 1283 784 quaedam,
1318 730 1445 784 quas
1476 712 1747 766 videntur
1774 712 1987 765 habere

343 805 554 855 natura
585 818 689 856 sua
723 819 958 857 suavem
1010 803 1269 867 odorem,
1304 802 1372 857 ad
1424 818 1486 857 se
1528 802 1687 872 ipsas
1720 800 1985 867 trahunt,

341 906 459 960 quo
489 889 598 944 frui
634 889 812 946 libeat
842 892 1017 946 rebus
1045 891 1381 945 carnalibus
1413 895 1469 945 et
1520 890 1857 945 mundanis.
1893 889 1988 944 Sic

343 985 571 1046 natura,
606 978 873 1051 inquam,
905 984 961 1035 et
987 980 1299 1051 scriptura,
1332 980 1512 1035 veluti
1547 986 1984 1052 unguentorum

343 1068 506 1137 odor,
537 1071 670 1124 tuas
692 1068 995 1124 declarant
1031 1069 1384 1125 voluntates.
1422 1072 1563 1123 Nam
1601 1069 1831 1124 bonitas
1862 1072 1984 1131 tua,

344 1157 529 1212 instar
586 1157 870 1228 unguenti
927 1157 1119 1224 effusi,
1154 1159 1214 1213 in
1271 1175 1476 1214 omnes
1526 1163 1848 1226 creaturas,
1882 1172 1989 1227 per

344 1245 851 1317 participationem
878 1263 947 1303 ex
978 1249 1029 1302 vi
1064 1262 1269 1319 sparsa
1302 1248 1668 1303 demonstrat
1704 1241 1988 1303 terarum

338 1334 604 1390 omnium
636 1340 959 1404 auctorem,
992 1353 1060 1392 ex
1094 1337 1436 1393 nominibus
1468 1336 1737 1392 indicans
1761 1352 1827 1391 ea
1859 1352 1987 1407 qua

337 1424 741 1479 communicas
773 1427 1087 1495 universis,
1118 1426 1453 1496 cujusmodi
1487 1430 1649 1495 sunt,
1683 1442 1808 1495 ens,
1842 1424 1989 1494 vita,

336 1512 642 1584 sapientia,
664 1518 721 1569 et
743 1513 1135 1570 similia.Cum
1158 1514 1340 1586 igitur
1362 1518 1573 1570 natura
1594 1518 1651 1570 et
1673 1515 1987 1586 scriptura,

340 1601 389 1656 si
423 1601 532 1657 hoc
584 1604 755 1659 modo
797 1604 1179 1676 accipiantur,
1232 1605 1396 1659 bonas
1442 1604 1581 1672 sint,
1613 1604 1742 1660 ideo
1784 1602 1989 1659 animae

340 1691 541 1746 dolum
561 1697 616 1747 et
645 1693 932 1759 fraudem,
958 1710 1085 1765 qua:
1108 1710 1177 1748 ex
1200 1710 1394 1749 rerum
1419 1693 1743 1748 visibilium
1771 1691 1986 1763 specie,

346 1784 404 1834 et
433 1796 499 1835 ex
531 1779 731 1836 litterae
784 1799 925 1837 sono
980 1782 1265 1853 provenit,
1318 1782 1622 1848 evitantes,
1669 1780 1902 1836 diabolo
1933 1785 1991 1836 et

348 1870 893 1938 perturbationibus
912 1872 1230 1942 superatis,
1255 1888 1323 1927 ex
1354 1888 1470 1943 quo
1495 1876 1551 1927 et
1582 1870 1991 1926 adolescentu-

341 1957 412 2014 la
443 1965 581 2014 sunt
611 1959 1454 2032 appellatae,dilexeruntte.Te
1500 1964 1694 2015 autem
1749 1959 1993 2030 diligen-

350 2052 461 2114 tes,
493 2065 667 2119 quem
721 2066 789 2105 ex
823 2048 950 2121 lege
1000 2054 1126 2105 tum
1172 2049 1397 2122 scripta
1421 2054 1561 2105 tunc
1588 2048 1840 2105 naturali
1865 2064 1995 2103 esse

355 2153 643 2209 sponsum
678 2138 977 2195 Christum
1043 2139 1469 2205 intellexerant,
1501 2156 1531 2194 e
1560 2144 1803 2211 paterno
1862 2138 1997 2193 sinu

354 2228 657 2281 traxerunt
690 2229 764 2295 te,
816 2227 913 2298 qui
966 2231 1204 2299 propter
1244 2227 1376 2283 illos
1428 2226 1529 2300 qui
1580 2226 1828 2283 salutem
1859 2228 2000 2281 sunt

357 2314 647 2386 adepturi,
672 2314 729 2370 in
760 2332 932 2372 carne
954 2316 1187 2373 venisti.
1212 2316 1495 2389 Deinceps
1519 2317 1711 2389 inquit
1741 2334 1755 2372 :
1788 2318 1853 2371 In
1873 2315 1999 2372 odo-

354 2421 471 2458 rem
521 2410 929 2474 unguentorum
973 2410 1194 2462 tuorum
1244 2423 1549 2474 curremus,
1583 2406 1638 2461 id
1671 2411 1761 2461 est
1791 2421 1998 2477 seque-

359 2510 493 2547 mur
523 2498 598 2565 te,
641 2511 863 2550 morem
916 2499 1089 2567 atque
1138 2496 1475 2550 institutum
1526 2495 1848 2559 imitantes,
1882 2511 1997 2566 quo

359 2599 464 2638 nos
496 2583 566 2638 ad
600 2600 838 2639 sensum
870 2584 1104 2655 optimae
1136 2585 1456 2640 voluntatis
1494 2590 1607 2639 tua:
1649 2583 1997 2656 perduxisti,

358 2671 415 2726 id
448 2676 555 2737 est,
590 2675 655 2725 ut
684 2672 946 2726 animam
980 2689 1267 2744 ponamus
1303 2689 1404 2743 pro
1430 2672 1619 2728 salute
1652 2672 2000 2729 multorum.

360 2759 514 2831 quod
546 2759 811 2829 perfectas
844 2760 1147 2817 charitatis
1197 2761 1502 2831 indicium,
1558 2762 1757 2818 omnia
1805 2761 2004 2817 divina

363 2847 638 2903 mandata
667 2864 792 2904 com
803 2849 1030 2921 plectis.

436 2938 501 2992 Et
529 2937 681 3005 odor,
713 2938 925 3011 inquit,
959 2944 1087 2996 tuus
1110 2955 1275 3012 super
1304 2941 1491 2997 omnia
1518 2944 1788 2997 aromata.

950 3075 1135 3129 Trium
1165 3078 1424 3130 Patrum.

430 3180 640 3235 Anima
669 3196 732 3235 ex
767 3180 982 3236 Christi
1016 3180 1273 3235 Ecclesia
1321 3197 1423 3252 per
1459 3180 1636 3235 vitam
1689 3181 2002 3252 perfectam
2037 3182 2081 3249 α

359 3268 474 3339 ipsi
507 3270 885 3341 desponsata,
909 3274 965 3324 et
986 3270 1229 3325 docendi
1259 3286 1477 3325 munus
1507 3275 1797 3335 assecuta,
1826 3273 1998 3340 atque

360 3358 623 3429 ideojam
646 3359 853 3415 idonea
874 3375 1002 3431 qua:
1025 3360 1249 3415 animas
1271 3360 1730 3429 imperfectiores
1752 3360 1823 3413 ad
1867 3375 1998 3429 per.

362 3447 673 3503 fectionem
707 3449 981 3517 adducat,
1010 3449 1095 3503 sic
1136 3466 1234 3503 eas
1283 3448 1606 3519 alloquitur
1638 3474 1651 3505 :
1687 3449 2002 3504 Introduxit

362 3552 446 3592 me
475 3553 576 3592 rex
597 3539 656 3593 in
684 3539 998 3593 cubiculum
1026 3554 1208 3593 suum.
1244 3539 1360 3593 Sua
1392 3538 1672 3593 nimirum
1697 3537 1893 3593 divina
1915 3542 2002 3593 at-

360 3641 472 3696 que
504 3643 717 3681 arcana
748 3626 1023 3698 mysteria
1055 3627 1259 3681 retexit
1290 3626 1432 3681 mihi
1469 3645 1481 3682 :
1515 3627 1572 3682 id
1606 3628 1759 3699 quod
1791 3631 1849 3682 et
1881 3643 2003 3681 ma-

361 3729 477 3785 gno
510 3715 798 3786 contingit
834 3715 1025 3780 Paulo,
1060 3716 1157 3786 qui
1192 3731 1379 3787 usque
1411 3717 1481 3770 ad
1514 3718 1754 3771 tertium
1788 3715 1997 3770 coelum

365 3802 659 3868 sublatus,
692 3804 751 3857 id
804 3807 912 3870 est,
947 3803 1228 3860 moralem
1263 3808 1319 3860 et
1366 3804 1693 3860 naturalem
1745 3804 2003 3877 philoso-

366 3891 568 3963 phiam
602 3897 1072 3964 praetergressus,
1093 3893 1165 3947 ad
1207 3892 1558 3964 theologiam
1588 3911 1773 3967 usque
1805 3909 2004 3966 perve-

379 3980 490 4051 nit,
521 3984 578 4037 et
624 3981 843 4036 audivit
872 3997 1081 4037 arcana
1111 3982 1294 4049 verba,
1328 4000 1445 4054 qua
1474 4000 1583 4040 non
1618 3982 1764 4051 licet,
1797 3984 2011 4040 homini

369 4070 518 4142 loqui
531 4071 574 4127 ³.

958 4206 1145 4261 Trium
1173 4207 1423 4262 Patrum.

444 4312 880 4383 Respondentes
903 4312 1103 4385 igitur,
1129 4318 1192 4368 ut
1229 4314 1452 4370 dictum
1502 4319 1591 4370 est
1638 4314 1845 4370 animae
1883 4331 2010 4386 quze

373 4400 759 4471 ducebantur,
784 4418 1011 4474 sponsas
1045 4402 1304 4471 ducenti,
1346 4402 1653 4468 Quoniam,
1710 4403 2011 4474 inquiunt,

374 4494 442 4546 ut
472 4491 600 4561 ipsa
630 4489 742 4559 ais,
773 4488 1074 4546 inroduxit
1104 4496 1159 4547 te
1198 4509 1295 4547 rex
1325 4491 1383 4546 in
1416 4491 1752 4547 cubiculum
1785 4509 1958 4547 suum
1995 4508 2009 4547 :

1668 309 2094 373 MICHAELIS
2138 310 2411 372 PSELLI

1213 491 1227 515 ,
1283 461 1383 515 per
1431 460 1579 516 quas
1626 444 1975 498 exstiterunt

2113 444 2222 517 νπὲρ
2269 446 2365 497 τοῦ
2417 444 2535 507 καθ’
2588 444 2776 505 ἑαυτὰς
2829 436 3234 515 λαμϐάνεσθαι,
3284 440 3379 496 καὶ
3434 436 3587 509 δίκην
3646 440 3743 511 μὲν

3621 311 3739 369 544

2096 528 2248 585 οἷ’νου
2306 531 2509 602 ἐξιστᾷν
2562 539 2663 601 τῆς
2722 531 2798 593 είς
2830 533 2886 586 σὲ
2947 531 3197 593 πίστεως.
3248 534 3451 606 ’Ὠσπερ
3509 527 3566 584 δέ
3622 550 3745 584 τινα

2096 624 2359 698 ἀρώματα
2436 620 2697 678 δοκοῦντα
2758 622 2911 701 φύσει
2980 624 3042 678 τὸ
3118 619 3316 684 εὐῶδες
3388 620 3567 695 ἔχειν,
3614 620 3743 695 παρ’

2097 713 2306 773 ἑαυτοῖς
2344 714 2481 786 πρὸς
2540 710 2840 767 ἀπόλαυσιν
2900 717 3007 766 τῶν
3069 710 3124 766 ἐν
3185 711 3339 785 σαρκὶ
3397 711 3486 764 καὶ
3544 709 3743 781 κόσμῳ

2099 800 2423 878 ἐφὲλκεται’
2484 802 2655 858 οὕτως
2728 804 2761 871 ἡ
2841 803 3017 863 κτίσις
3087 801 3178 855 καὶ
3237 803 3271 869 ἡ
3328 802 3511 877 Γραφὴ
3572 799 3743 853 οἱονεὶ

2100 890 2284 966 μύρων
2346 891 2490 964 ὀσμή
2547 892 2613 945 τὰ
2671 892 2736 945 σα
2792 892 3058 964 μηνύουσι
3117 890 3426 962 θελήματα.
3490 894 3601 957 Τῆς
3641 889 3743 963 γὰρ

2099 979 2435 1057 ἀγαθότητός
2482 1001 2599 1047 σου,
2660 982 2749 1034 οἷα
2810 980 2984 1053 μύρου
3044 978 3432 1039 ἐκκενωθὲντος
3488 976 3746 1051 χεθείσης

2099 1068 2175 1131 είς
2233 1070 2405 1123 πάντα
2454 1068 2522 1122 τὰ
2560 1063 2685 1122 ὄντα
2731 1068 2867 1121 κατᾶ
2915 1064 3223 1140 μετάδοσιν,
3256 1065 3315 1120 ἐκ
3342 1065 3443 1133 τῆς
3478 1064 3745 1140 ἐνεργείας

2098 1157 2174 1219 ὡς
2226 1161 2333 1212 τῶν
2391 1156 2536 1211 ὅλων
2591 1153 2767 1217 αἶ’τιος
2817 1156 3143 1233 καταφάσκει
3199 1160 3317 1218 τοῖς
3366 1154 3595 1226 ὀνόμασι
3639 1157 3749 1208 τῶν

2103 1251 2375 1322 μετοχῶν·
2438 1247 2571 1318 ἅπερ
2624 1244 2727 1301 εῗσὶ
2753 1246 2814 1300 τὸ
2847 1244 2930 1313 ὅν,
2980 1248 3014 1314 ἡ
3073 1246 3207 1317 ζωὴ,
3262 1247 3296 1313 ἡ
3340 1243 3522 1321 σοφία,
3556 1242 3648 1297 καὶ
3679 1243 3747 1297 τὰ

2098 1336 2286 1409 ὅμοια.
2343 1338 2466 1394 Ὀτι
2520 1333 2567 1390 δ’
2624 1334 2766 1390 οὕτω
2824 1329 3301 1407 λαμϐανόμεναιὴ
3354 1333 3523 1394 κτίσις
3568 1332 3660 1387 καὶ
3710 1334 3745 1401 ἡ

2099 1426 2284 1501 Γραφή
2345 1424 2534 1499 ἀγαθαί
2593 1421 2865 1491 εἶσιν,διά
2892 1428 3053 1478 τοῦτο
3094 1423 3148 1477 αἱ
3205 1425 3305 1492 τὴν
3363 1421 3421 1477 ἐκ
3476 1428 3575 1490 τῆς
3634 1420 3750 1475 ἔπι-

2100 1514 2315 1591 φανείας
2364 1518 2469 1568 τῶν
2546 1514 2755 1589 ὁρατῶν
2824 1514 2913 1567 καὶ
2994 1516 3089 1567 τοῦ
3155 1510 3478 1588 γράμματος
3536 1508 3746 1578 ἀπάτην

2100 1606 2362 1681 φυγοῦσαι
2410 1602 2632 1678 ψυχαὶ,
2684 1603 2965 1665 κάντεῦθεν
3014 1601 3107 1655 τὸν
3154 1602 3395 1675 πονηρὸν
3456 1601 3749 1669 νικήσασαι

2100 1693 2192 1748 σῦν
2249 1698 2367 1756 τοῖς
2421 1693 2662 1747 πάθεσιν·
2725 1688 2809 1746 διὸ
2866 1690 2956 1746 καὶ
3009 1688 3244 1754 νεάνιδες
3317 1690 3609 1761 κέκληνται
3657 1687 3751 1741 καὶ

2024 1783 2383 1881 Βὴγάπησάν
2440 1802 2515 1849 σε,
2575 1780 2923 1855 ἀγαπήσασαι
2982 1778 3040 1835 δὲ
3071 1801 3127 1835 σε
3182 1781 3240 1834 ’ὸν
3295 1775 3353 1833 ἔκ
3405 1799 3462 1833 τε
3489 1783 3584 1834 τοῦ
3610 1797 3749 1852 γρα-

2100 1876 2235 1927 πτοῦ
2294 1871 2384 1926 καὶ
2458 1871 2554 1925 τοῦ
2612 1875 2838 1947 φυσικοῦ
2905 1868 3083 1943 νόμου
3142 1868 3456 1942 ἑμυήθησαν
3511 1868 3750 1944 νυμφίον

2101 1962 2378 2037 Χριστὸν,
2449 1958 2678 2014 ἔλκυσάν
2737 1980 2795 2014 σε
2847 1959 2907 2014 ἑκ
2967 1964 3075 2013 τῶν
3136 1962 3411 2033 πατρικῶν
3472 1956 3700 2012 κόλπων
3740 1998 3753 2023 ,

2105 2050 2194 2106 διὰ
2246 2050 2373 2112 τοὺς
2434 2047 2736 2122 μέλλοντας
2788 2054 2976 2124 τυχεῖν
3012 2047 3286 2122 σωτηρίας
3326 2045 3378 2102 ἐν
3426 2045 3582 2120 σαρκὶ
3620 2044 3757 2113 ἐλη-

2106 2140 2311 2197 λυθότα
2343 2180 2355 2194 .

2111 2230 2295 2304 μύρων
2329 2249 2425 2283 σου
2456 2225 2828 2302 δραμούμεθα.
2863 2228 3088 2302 ’Ἡγοτν.
3122 2222 3598 2297 Ἀκολουθήσομέν
3658 2243 3757 2276 σου

2105 2320 2195 2374 τὸν
2225 2317 2426 2393 τρόπον
2475 2318 2876 2390 μιμησάμεναι,
2917 2316 3033 2371 καθ’
3082 2315 3139 2370 ’ὀν
3192 2317 3340 2388 ἡμᾶς
3396 2313 3472 2376 είς
3504 2311 3757 2382 α’ίσθησιν

2106 2414 2213 2464 τῶν
2248 2407 2569 2480 παναγάθων
2600 2428 2696 2461 σου
2726 2405 3053 2478 θελημάτων
3085 2401 3301 2479 ἤγαγες·
3345 2403 3406 2464 ’ὸς
3456 2401 3566 2457 ἰστι
3615 2402 3759 2455 πᾶν-

2108 2519 2216 2558 τως
2247 2497 2308 2552 τὸ
2338 2498 2437 2565 τήν
2469 2496 2655 2570 ψυχὴν
2686 2494 2887 2549 τιθέναι
2917 2494 3047 2565 ὐπὶρ
3078 2500 3179 2561 τῆς
3218 2497 3325 2546 τῶν
3366 2488 3596 2545 πολλῶν
3644 2511 3759 2543 σω-

2108 2586 2323 2659 τηρίας,
2356 2585 2428 2646 ὡς
2460 2583 2775 2661 ἐκφαντικὸς
2804 2590 2905 2652 τῆς
2949 2581 3354 2657 περιληπτικῆς
3401 2583 3585 2633 πασῶν
3644 2582 3758 2632 τῶν

2110 2674 2266 2731 θείων
2301 2672 2536 2729 ἐντολῶν
2570 2671 2778 2735 τελείας
2809 2672 3043 2748 ἀγάπης.

2439 2138 2641 2194 Λοιπόν
2701 2156 2909 2216 φησιν’
2985 2137 3192 2195 Ὀπίσω
3268 2158 3361 2191 σου
3423 2134 3500 2197 εἷς
3570 2135 3754 2205 ὀσμὴν

2113 2944 2214 3001 Καὶ
2247 2942 2389 3017 ὀσμή
2426 2962 2521 2996 σου
2555 2940 2686 3016 ὑπὲρ
2719 2938 2887 2995 πάντα
2914 2941 2981 2994 τὰ
3008 2938 3291 3014 ἀρώματα.

2681 3076 2804 3131 Τῶν
2839 3081 2882 3147 γ’
2913 3074 3185 3149 Πατὲρων.

2191 3185 2391 3238 Λοιπὸν
2420 3184 2454 3251 ἡ
2485 3182 2543 3236 ἐκ
2570 3188 2669 3249 τῆς
2716 3184 2812 3234 τοῦ
2857 3182 3091 3256 Χριστοῦ
3133 3175 3461 3247 Ἐκκλησίας
3500 3172 3591 3229 διὰ
3639 3176 3768 3249 βίου

2104 3271 2316 3328 τελείου
2349 3272 2520 3326 αὐτοῦ
2546 3275 2910 3345 νυμφευθεῖσα
2957 3269 3133 3344 ψυχὴ,
3165 3266 3253 3322 καὶ
3291 3270 3387 3321 τοῦ
3437 3262 3767 3319 διδασκαλι-

2111 3367 2209 3417 κοῦ
2239 3364 2481 3436 τυχοῦσα
2512 3359 2842 3431 ἀξιώματος,
2888 3357 3169 3419 κάντεῦθεν
3224 3354 3429 3429 ἐνάγειν
3482 3350 3763 3425 δυναμένη

2107 3452 2245 3526 πρὸς
2286 3449 2606 3518 τελειότητα
2651 3448 2744 3508 τὰς
2792 3445 3138 3520 ἀτελεστὲρας
3184 3444 3386 3518 ψυχὰς,
3436 3443 3575 3517 πρὸς
3624 3439 3769 3495 ταύο

2108 3561 2203 3602 τας
2237 3538 2420 3617 φησίν·
2474 3534 2755 3612 Εῗσήγαγὲ
2809 3556 2876 3607 με
2920 3536 2947 3588 ὁ
2989 3533 3243 3610 βασιλεὺς
3290 3533 3364 3593 εἷς
3408 3532 3469 3585 τὸ
3528 3535 3764 3602 ταμεῖον

2112 3628 2295 3684 αὐτοῦ·
2329 3626 2453 3697 ἤτοι
2507 3623 2851 3697 Ἀπεκάλυψὲ
2905 3645 2998 3696 μοι
3049 3624 3117 3677 τὰ
3158 3625 3280 3696 περὶ
3319 3622 3509 3676 ἑαυτοῦ
3542 3618 3662 3683 θεῖά
3712 3640 3771 3673 τε

2111 3717 2200 3772 καὶ
2235 3717 2520 3791 ἀπόκρυφα
2555 3712 2989 3789 μυστήρια,ὅπερ
3019 3712 3107 3766 καὶ
3143 3711 3193 3766 ἐν
3215 3716 3294 3783 τῷ
3319 3709 3542 3785 μεγάλῳ
3572 3707 3773 3783 γέγονε

2115 3806 2317 3878 Παύλῳ
2362 3806 2491 3881 ἄχρι
2540 3804 2727 3879 τρίτου
2777 3802 3012 3877 οὐρανοῦ
3060 3800 3294 3877 ἀρθέντι,
3344 3796 3515 3873 ἤγουν
3560 3799 3665 3866 τήν
3714 3816 3776 3851 τε

2114 3897 2311 3966 ἠθικὴν
2360 3895 2450 3949 καὶ
2481 3894 2711 3972 φυσικὴν
2761 3889 3085 3969 φιλοσοφίαν
3134 3890 3447 3965 περάσαντι,
3495 3884 3586 3941 καὶ
3635 3882 3776 3959 ἄχρι

2114 3992 2215 4055 τῆς
2247 3982 2571 4057 θεολογικῆς
2602 3982 2881 4059 φθάσαντι,
2922 3980 3013 4035 καὶ
3072 3978 3359 4034 ἀκούσαντι
3406 3974 3617 4053 ἅῤῥητα
3670 3973 3777 4050 ῥή-

2125 4094 2284 4148 ματα,
2314 4072 2346 4127 ἃ
2377 4071 2477 4127 οὐκ
2504 4070 2617 4143 ἐξὸν
2652 4070 2919 4147 ἀνθρώπῳ
2951 4066 3214 4137 λαλῆσαι.

2684 4208 2801 4260 Τῶν
2833 4204 2882 4277 γ’
2916 4202 3191 4277 Πατὲρων,

2190 4314 2649 4388 Ἀποκρινόμεναι
2695 4309 2752 4365 δὲ
2806 4311 2995 4379 πάλιν,
3056 4309 3129 4370 ὡς
3190 4305 3424 4381 εἴρηται,
3466 4305 3520 4359 αἱ
3573 4304 3779 4378 ἀναγό-

2126 4426 2278 4479 μεναι
2324 4403 2497 4476 ψυχαὶ
2553 4402 2689 4475 πρὸς
2714 4401 2815 4468 τὴν
2847 4396 3133 4473 ἐνάγουσάν
3186 4414 3364 4472 φασινο
3414 4390 3672 4463 Ἐπειδὴ,
3707 4393 3787 4453 ὡς

2124 4494 2259 4560 αὐτή
2319 4488 2475 4567 ἔφης,
2528 4487 2783 4563 εἰσήγαγε
2841 4508 2898 4541 σε
2948 4489 2975 4541 ὁ
3032 4484 3285 4561 βασιλεὺς
3314 4483 3390 4545 εἷς
3434 4483 3495 4536 τὸ
3544 4487 3787 4553 ταμεῖον

372 4580 434 4635 1η
466 4553 571 4650 ᾳαο
594 4553 839 4634 thesauri
880 4582 1163 4651 sapientiae
1204 4589 1333 4635 sunt
1378 4580 1697 4647 absconditi,
1748 4587 1805 4636 et
1832 4581 2001 4651 hujus

2126 4553 2310 4649 αὐτοῦ,
2358 4553 2443 4633 λεν
2495 4579 2540 4651 ᾧ
2592 4553 3041 4653 οἱΙάίπόκρυφου
3088 4572 3353 4647 θησαυροὶ
3418 4577 3519 4639 τῆς
3587 4570 3795 4647 σοφίας

369 4668 603 4723 divitias
631 4670 891 4724 ostendit
933 4669 1065 4734 tibi,
1096 4670 1494 4725 exsuttabimus
1522 4674 1576 4724 et
1607 4671 1926 4727 iactabimur
1955 4672 2014 4725 in

374 4757 482 4813 te”.
516 4760 639 4822 Quo
670 4759 844 4813 modo
905 4757 1215 4827 diligemus
1275 4759 1454 4813 ubera
1511 4759 1648 4813 tua?
1704 4760 1892 4831 Super
1930 4758 2011 4813 vi-

372 4863 539 4912 num,
574 4846 632 4901 id
664 4851 772 4914 est,
807 4845 940 4917 plus
972 4863 1151 4918 quam
1200 4852 1472 4902 naturam
1520 4847 1638 4902 vini
1695 4865 1729 4904 a
1776 4849 2017 4904 veritate

374 4940 630 4992 mentem
660 4935 997 5004 avertentis,
1029 4934 1161 5008 plus
1220 4953 1395 5008 quam
1449 4953 1642 4992 rerum
1695 4936 2016 4993 visibilium

375 5023 794 5097 speciem,plus
816 5040 994 5095 quam
1016 5024 1161 5097 legis
1192 5024 1785 5098 litteramjdiligemus
1806 5043 1874 5081 ea
1890 5042 2016 5097 quas

378 5117 497 5170 ate
540 5113 599 5169 in
629 5112 891 5169 Ecclesia
935 5115 1252 5169 traduntur
1297 5114 1651 5184 rudimenta,
1686 5114 1922 5185 quibus,
1956 5117 2019 5169 ut

372 5201 521 5257 lacte
552 5200 896 5274 disciplinae,
924 5206 1090 5274 potas
1121 5202 1376 5258 infantes
1418 5203 1475 5257 in
1517 5202 1768 5270 Christo,
1803 5207 1859 5257 et
1906 5219 2013 5258 nu-

373 5289 482 5346 tris
512 5289 585 5345 ad
619 5289 913 5361 pietatem.
938 5291 1086 5357 Quid
1120 5290 1243 5346 ita?
1274 5290 1417 5356 Quia
1448 5291 1756 5358 rectitudo,
1786 5290 1886 5363 qui
1928 5296 2019 5347 est

374 5378 669 5447 Christus,
702 5379 905 5435 dilexit
934 5384 1010 5436 te.
1045 5380 1175 5452 Ipse
1218 5381 1397 5448 enim,
1432 5383 1497 5434 ut
1541 5384 1630 5435 est
1660 5379 1897 5449 veritas,
1932 5381 2016 5437 sic

376 5466 553 5524 etiam
610 5473 701 5525 est
756 5469 1065 5525 rectitude.
1129 5468 1385 5539 Diligens
1442 5472 1638 5525 autem
1677 5474 1755 5536 te,
1787 5472 2018 5541 aperuit

448 5653 471 5686 ³
502 5650 550 5707 ιι
582 5654 711 5719 Cor,
742 5666 844 5721 xu,
876 5650 930 5707 4.
1007 5649 1028 5685 ³
1057 5646 1279 5705 Coloss.
1314 5664 1376 5717 η,
1406 5648 1461 5705 3.

2126 4669 2249 4738 eici,
2295 4668 2385 4725 καὶ
2434 4668 2525 4723 τὸν
2570 4666 2771 4736 ταύτης
2824 4686 2907 4720 σοι
2958 4662 3200 4718 πλοῦτον
3251 4658 3562 4729 ὑπέδειξεν,
3612 4658 3795 4734 ἀγαλ-

2127 4759 2449 4831 λιασώμεθα
2505 4755 2595 4811 καὶ
2656 4755 3035 4833 εὐφρανθῶμεν
3094 4749 3145 4805 ἐν
3205 4751 3331 4807 σοί.
3398 4748 3514 4802 Τίνι
3588 4747 3795 4823 τρόπῳ

2125 4850 2476 4925 ἀγαπήσομεν
2527 4844 2762 4918 μαστούς
2809 4862 2942 4913 σου;
2992 4841 3148 4916 Ύπὶρ
3200 4841 3368 4906 οἶνον,
3418 4836 3592 4911 ἤγουν
3648 4836 3794 4911 ὑπὲρ

2124 4924 2226 5005 τὴν
2258 4934 2411 5004 δίκην
2456 4932 2627 5001 οἴνου,
2686 4938 2785 5001 τῆς
2838 4928 3099 5000 ἀληθείας
3154 4928 3245 4982 τὸν
3296 4931 3418 4981 νοῦν
3466 4924 3796 4995 ἇξιστῶσαν,

2128 5024 2439 5102 ἐπιφάνειάν
2507 5043 2566 5078 τε
2616 5023 2826 5096 ὁρατῶν
2876 5017 2966 5074 καὶ
3019 5019 3083 5073 τὸ
3132 5020 3230 5072 τοῦ
3288 5015 3459 5089 νόμου
3500 5013 3745 5089 γράμμα
3779 5061 3797 5085 ,

2129 5113 2485 5189 ἀγαπήσομεν
2518 5112 2585 5166 τὰ
2612 5110 2758 5187 παρὰ
2786 5113 2882 5163 σοῦ
2912 5107 2965 5162 ἐν
3008 5110 3077 5180 τῇ
3128 5102 3430 5174 Ἐκκλησία
3475 5102 3800 5175 τελούμενα

2130 5198 2421 5276 σύμϐολα.
2475 5202 2552 5256 Δι’
2610 5201 2685 5255 ὧν
2744 5199 2843 5267 τὴν
2891 5195 3252 5272 εἰσαγωγικὴν
3303 5190 3657 5248 διδασκαλίαν
3719 5194 3798 5254 ὡς

2123 5291 2264 5367 γάλα
2308 5290 2547 5360 ποτίζεις
2592 5288 2719 5351 τοὺς
2766 5286 2817 5343 ἐν
2859 5289 3075 5357 Χριστῷ
3119 5282 3372 5354 νηπίους,
3421 5282 3512 5336 καὶ
3567 5280 3801 5358 τρέφεις

2126 5383 2261 5456 πρὸς
2305 5374 2627 5445 θεοσέϐειαν.
2662 5378 2739 5433 Δι’
2768 5379 2829 5447 ἣν
2864 5376 3037 5431 αἰτίαν
3064 5394 3077 5446 ;
3108 5376 3233 5431 Ὅτι
3265 5372 3497 5441 εὐθύτης
3528 5371 3804 5445 ἠγάπησε

2127 5492 2204 5543 σε,
2250 5470 2373 5539 ἥτις
2420 5468 2527 5524 ἐστὶ
2580 5466 2835 5544 Χριστός·
2886 5464 3048 5527 αὐτὸς
3095 5463 3201 5539 γὰρ
3253 5459 3481 5531 εὐθύτης
3536 5458 3687 5514 ἐστὶν
3722 5460 3802 5514 ὡ-
