4040 6196
232 357 343 415 545

1274 351 1680 413 COMMENT.
1728 352 1805 412 IN
1852 352 2250 414 CANTICUM
2297 352 2608 412 CANTIC.

3524 359 3643 416 546

228 486 476 556 ἀλήθεια,
509 484 861 558 Ἀγαπήσασα
894 481 950 537 δέ
980 503 1038 537 σε
1085 483 1153 537 τὰ
1189 482 1386 551 ἑαυτῆς
1439 504 1522 536 σοι
1573 483 1885 556 ἀπεκάλυψε

1999 485 2107 540 tibi
2142 485 2420 557 mysteria
2457 501 2586 552 sua,
2621 485 2776 540 unde
2824 482 2950 539 sine
2979 500 3175 539 errore
3221 501 3329 540 nos
3372 487 3539 543 ducis
3569 489 3640 543 ad

234 577 522 649 μυστήρια.
557 573 853 635 Κάντεῦθεν
885 569 1142 632 ἀπλανῶς
1175 571 1382 646 ένάγεις
1413 573 1562 644 ἡμᾶς
1605 571 1739 646 πρὸς
1787 573 1884 641 τήν

232 664 507 735 ἀλήθειαν,
543 660 632 718 διὰ
659 667 765 716 τῶν
792 662 937 734 παρά
967 665 1064 715 σοῦ
1083 659 1433 732 τελουμένων
1464 660 1514 715 ἐν
1545 665 1614 734 τῇ
1647 659 1888 732 Ἐκκληο

231 755 309 823 σία
359 748 685 824 συμϐόλων.
717 751 808 805 Διὸ
851 748 917 820 δὴ
976 742 1144 804 ταῦτα
1194 751 1325 825 ὑπὲρ
1353 750 1421 805 τά
1449 749 1736 820 έξιστῶντα
1787 757 1886 819 τῆς

231 843 514 911 ἀληθείας,
545 842 608 896 τὸ
658 842 890 916 γράμμα
936 860 996 894 τε
1041 841 1130 894 καὶ
1175 839 1275 908 τὴν
1308 843 1414 892 τῶν
1448 840 1660 914 ὁρατῶν
1692 837 1888 916 έπιῳά-

229 953 388 999 νειαν,
421 932 703 1006 ἀγαπῆσαι
740 927 1180 1005 ὑπισχνούμεθα.

796 1061 911 1110 Τῶν
939 1057 986 1131 γ’
1027 1056 1302 1131 Ματέρων.

285 1177 353 1232 Ἡ
401 1175 593 1252 νύμφη
645 1172 736 1228 οὖν
785 1176 882 1227 τοῦ
955 1172 1184 1246 Χριστοῦ
1232 1169 1532 1241 Ἐκκλησία
1583 1167 1770 1240 ἐπειδὴ
1832 1168 1883 1240 ἐξ

225 1265 386 1320 ἐθνῶν
419 1265 510 1319 καὶ
564 1263 615 1335 ἐξ
648 1259 927 1318 Ἰουδαίων
974 1258 1376 1328 συνετέθη,καί
1435 1260 1485 1314 οἱ
1537 1260 1631 1332 μὲν
1691 1258 1742 1330 ἐξ
1801 1259 1883 1313 ἰθ-

222 1359 314 1408 νῶν
377 1351 666 1414 παντελῶς
723 1351 915 1424 πρώην
982 1350 1234 1423 ὑπῆρχον
1297 1347 1616 1426 ἀφώτιστοι,
1668 1349 1744 1410 ὡς
1804 1349 1882 1421 μὴ

222 1449 328 1504 ταῖς
392 1449 496 1510 τῆς
552 1439 815 1509 ἀληθείας
873 1436 1060 1512 αὐγαῖς
1113 1434 1203 1492 διὰ
1249 1436 1423 1510 νόμου
1464 1438 1554 1492 καὶ
1585 1441 1884 1515 προφητῶν

225 1529 683 1602 ἑλλαμπόμενοιο
720 1528 772 1581 οἱ
825 1524 882 1580 δὲ
938 1525 990 1596 ἐξ
1040 1524 1286 1601 Ἰσραὴλ,
1329 1526 1402 1588 ὡς
1452 1525 1619 1593 οὕτω,
1666 1524 1884 1588 ταύταις

225 1618 664 1693 ἒναυγαζόμενοι,
697 1614 759 1670 οὐ
790 1617 964 1685 πάντη
1020 1618 1115 1668 τοῦ
1159 1614 1333 1669 καλοῦ
1382 1615 1632 1689 ὑπῆρχον
1685 1615 1883 1687 ἀμέτο-

223 1724 332 1783 χοι⁸
368 1705 695 1785 ἀμφοτέρων
749 1703 947 1758 λοιπὸν
998 1703 1230 1757 τουτωνὶ
1272 1707 1380 1758 τῶν
1435 1700 1582 1757 λαῶν
1626 1708 1734 1758 τῶν
1793 1704 1884 1759 καὶ

222 1797 420 1866 ταύτης
479 1799 660 1871 μερῶν
713 1795 780 1848 τά
838 1813 972 1847 ποτε
1031 1790 1090 1846 ἐκ
1143 1792 1511 1867 προαιρέσεως
1570 1790 1684 1848 ἴδια
1741 1813 1884 1868 παρ-

1995 573 2304 629 veritatem
2352 573 2656 646 praeceptis
2705 572 2822 628 illis
2852 590 2979 644 quae
3028 574 3212 628 tradis
3263 574 3320 628 in
3368 575 3641 631 Ecclesia.

1998 663 2388 727 Quamobrem
2421 681 2490 718 ea
2520 679 2626 718 nos
2661 662 2850 734 magis
2881 678 3057 733 quam
3105 660 3385 729 litteram,
3420 679 3647 718 rerum-

1999 767 2112 823 que
2139 752 2460 807 visibilium
2496 751 2751 824 speciem
2781 768 2908 822 quas
2940 756 3186 807 avocant
3213 769 3247 806 a
3275 752 3537 822 veritate,
3562 752 3650 807 di-

1999 840 2175 911 ligere
2208 840 2571 913 proﬁtemur.

2586 1058 2771 1113 Trium
2810 1058 3061 1112 Patrum.

2068 1173 2355 1239 Quoniam
2386 1173 2568 1247 igitur
2604 1191 2824 1248 sponsa
2854 1174 3070 1231 Christi
3117 1173 3374 1230 Ecclesia
3403 1191 3472 1231 ex
3503 1191 3651 1247 gen-

1995 1261 2155 1318 tibus
2202 1268 2258 1318 et
2304 1263 2526 1319 Judzsis
2578 1265 2830 1320 conﬂata
2878 1271 2989 1331 est,
3042 1281 3108 1320 ac
3155 1269 3360 1336 gentes
3410 1265 3648 1337 quidem

1994 1353 2157 1423 prius
2187 1352 2425 1408 omnino
2457 1358 2623 1410 erant
2668 1354 2955 1422 obscurae,
2987 1353 3204 1426 quippe
3235 1371 3362 1425 quae
3392 1354 3650 1410 veritatis

1995 1441 2306 1514 splendore
2334 1458 2434 1513 per
2463 1442 2648 1514 legem
2693 1447 2750 1498 et
2791 1442 3106 1516 prophetas
3138 1460 3252 1499 non
3282 1447 3450 1499 erant
3479 1443 3647 1500 illus-

1995 1536 2156 1586 trataa
2192 1547 2204 1586 :
2234 1531 2423 1586 Judaei
2455 1547 2588 1588 vero
2633 1535 2834 1604 utpote
2865 1531 2958 1586 his
3001 1531 3346 1600 illuminati,
3378 1531 3533 1587 haud
3565 1532 3647 1588 ita

1994 1635 2238 1692 prorsus
2295 1625 2464 1676 erant
2518 1620 2982 1693 pulchritudinis
3036 1626 3304 1693 expertes
3359 1637 3372 1676 :
3433 1621 3647 1678 idcirco

1995 1709 2262 1779 proprias
2321 1709 2629 1781 utriusque
2688 1709 2886 1781 populi
2941 1715 3138 1780 partes
3199 1709 3454 1765 innuens
3503 1710 3586 1764 ait
3635 1725 3650 1766 :

1995 1800 2170 1866 Nigra
2213 1815 2334 1854 sum
2379 1805 2432 1854 et
2479 1800 2744 1871 formosa,
2791 1801 2930 1869 ﬁliae
2973 1797 3290 1854 Jerusalem
3318 1817 3335 1852 :
3369 1815 3436 1853 ao
3485 1799 3653 1871 nigra

225 1887 418 1957 ίστησι,
468 1884 559 1940 καί
607 1904 771 1960 φησιν
807 1900 820 1915 ·
866 1878 1115 1938 Μέλαινά
1166 1880 1279 1954 εἶμι
1342 1880 1429 1935 καὶ
1468 1879 1637 1949 καλὴ,
1674 1881 1885 1955 θυγατέ-

1999 1856 2235 1956 quidem
2284 1856 2516 1960 propter
2548 1856 2800 1961 papulos
2823 1905 2892 1944 ex
2923 1887 3199 1959 gentibus
3245 1856 3648 1959 congregatos,

223 1997 300 2051 ρες
347 1973 760 2050 Ἰερουσαλήμ·
795 1970 885 2026 καὶ
932 1969 1162 2042 μέλαινα
1227 1970 1322 2042 μὶν
1372 1966 1461 2024 διὰ
1507 1968 1634 2031 τοὺς
1693 1969 1744 2040 ἐξ
1799 1970 1884 2024 έθ-

224 2071 343 2135 νῶν,
380 2065 457 2126 ὡς
486 2059 771 2123 παντελῶς
805 2060 1168 2138 ἆφωτίστους,
1200 2058 1289 2114 καὶ
1339 2059 1400 2113 τὸ
1452 2065 1553 2128 τῆς
1613 2054 1885 2122 εὐσεϐείας

221 2154 407 2214 σκότος
438 2148 851 2225 περικειμένους
887 2168 896 2180 ·
931 2147 1076 2217 καλὴ
1128 2145 1185 2202 δὲ
1235 2145 1324 2202 διὰ
1371 2148 1498 2211 τοὺς
1549 2146 1600 2218 ἐξ
1632 2147 1880 2222 Ἰσραὴλ,

223 2245 287 2304 ὡς
318 2240 416 2296 διὰ
441 2241 620 2313 νόμου
670 2239 762 2294 καὶ
814 2241 1117 2315 προφητῶν
1162 2241 1242 2309 τῷ
1279 2244 1379 2306 τῆς
1410 2232 1711 2298 θεοσεϐείας
1745 2236 1884 2291 κάλ-

236 2333 309 2387 λει
368 2330 870 2405 προωραϊσθέντας.
931 2324 1093 2390 Αὖθις
1155 2323 1211 2381 δὲ
1267 2327 1342 2388 ὡς
1400 2326 1453 2382 έν
1484 2325 1884 2401 παραδείγματι

229 2422 316 2488 τὴν
373 2419 724 2491 μελανὸτητα
776 2413 1244 2492 παραδεικνύουσα
1290 2416 1380 2470 καὶ
1431 2417 1530 2485 τὴν
1584 2415 1881 2484 καλλονήν,

228 2509 435 2585 φάσκει,
468 2510 556 2568 Ὠς
608 2507 942 2578 σκηνώματα
990 2502 1196 2580 Κηδάρ,
1229 2504 1304 2568 ὡς
1351 2501 1520 2579 δέρεις
1581 2502 1880 2577 Σολομῶν.

226 2600 451 2671 Ἦγουν,
490 2594 720 2669 μέλαινα
773 2595 867 2668 μέν
922 2592 1038 2666 εἶμι
1089 2591 1177 2647 διὰ
1222 2592 1348 2655 τοὺς
1393 2592 1445 2664 ἐξ
1479 2598 1666 2664 εθνῶν,
1703 2594 1882 2667 ὥσπερ

228 2687 525 2760 οῗκητήρια
553 2684 779 2747 σκότους
813 2704 826 2719 ⁸
859 2683 1167 2754 σκοτασμὸς
1197 2683 1299 2756 γὰρ
1349 2683 1412 2736 τὸ
1475 2679 1661 2756 Κηδάρ
1711 2681 1884 2756 ἑρμη-

226 2776 428 2830 νεύεται
462 2794 476 2808 ’
509 2773 654 2841 καλὴ
689 2771 746 2828 δὲ
776 2770 867 2827 διὰ
894 2773 1021 2834 τοὺς
1053 2770 1102 2844 ἐξ
1137 2770 1384 2846 Ἰσραὴλ,
1414 2772 1657 2848 καθάπερ
1709 2772 1880 2842 σκηνή

232 2863 506 2938 ε’ρηνικοῦ
556 2861 845 2939 βασιλέως.
897 2857 1225 2935 Ἐπειδήπερ
1283 2861 1382 2928 τήν
1445 2861 1646 2930 σκηνην
1701 2861 1794 2932 μὲν
1846 2863 1881 2930 ἡ

235 2950 436 3029 δέρῥις,
466 2952 558 3007 τὸν
612 2949 671 3006 δὲ
719 2949 991 3026 εἰρηνικὸν
1043 2949 1072 3004 ὁ
1123 2946 1394 3021 Σολομὼν
1425 2953 1676 3023 παριστᾷ,
1712 2948 1882 3023 Εἴρη-

231 3045 374 3104 νικος
431 3039 488 3096 δὲ
537 3042 753 3101 πάντως
804 3039 945 3093 ἐστὶν
975 3040 1003 3093 ὁ
1039 3037 1342 3112 βασιλεύων
1387 3043 1495 3092 τῶν
1529 3036 1884 3112 Ἰσραηλιτῶν

223 3131 447 3204 νομικὸς
499 3129 590 3186 καὶ
649 3127 990 3204 προφητικὸς
1044 3126 1232 3202 λόγος,
1282 3125 1316 3195 ἢ
1379 3123 1466 3180 δια
1522 3127 1584 3181 τὸ
1641 3127 1884 3182 ἀπαιτεῖν

1994 1975 2096 2046 qui
2131 1975 2299 2047 plane
2329 1982 2496 2032 erant
2533 1978 2792 2046 obscuri,
2825 1983 3002 2049 atque
3048 1977 3366 2048 impietatis
3397 1977 3648 2034 tenebris

1993 2064 2338 2119 circumfusi
2377 2083 2390 2120 :
2424 2066 2668 2136 pulchra
2718 2072 2914 2121 autem
2946 2067 3017 2122 ob
3050 2081 3148 2121 eos
3199 2066 3298 2136 qui
3349 2081 3416 2121 ex
3469 2067 3642 2124 Israel

1994 2155 2340 2209 advenerant
2376 2171 2479 2225 per
2507 2153 2692 2225 legem
2725 2161 2782 2210 et
2822 2154 3136 2226 prophetas
3167 2155 3376 2209 divinae
3411 2155 3645 2226 pietatis

1994 2241 2435 2313 pulchritudine
2495 2242 2771 2298 decorati.
2823 2250 2904 2297 Ae
2951 2259 3192 2298 rursum
3250 2241 3640 2298 similitudine

1992 2331 2248 2400 quadam
2281 2331 2646 2403 nigredinem
2677 2329 2984 2387 declarans
3023 2336 3081 2386 et
3120 2331 3641 2403 pulchritudinem,

1991 2419 2180 2474 dicit:
2222 2419 2374 2475 Sicut
2423 2420 2782 2475 tabernacula
2835 2420 3028 2486 Cedar,
3078 2422 3219 2475 sicut
3265 2421 3434 2492 pelles
3483 2420 3639 2476 Sala-

1990 2510 2186 2564 monis.
2241 2509 2420 2581 Nigra
2477 2525 2628 2578 eum,
2679 2509 2942 2581 inquam,
3004 2514 3242 2581 pr0pter
3297 2508 3514 2565 electos
3572 2525 3641 2564 ex

1993 2599 2290 2669 gentibus,
2323 2602 2388 2652 ut
2424 2596 2759 2652 habitacula
2806 2598 3186 2652 tenebrarum
3222 2614 3235 2652 :
3277 2597 3627 2669 (obscurita-

1992 2692 2110 2742 tem
2161 2688 2316 2742 enim
2368 2686 2553 2742 Cedar
2601 2687 3062 2759 interpretamur
3095 2687 3145 2758 :)
3198 2685 3441 2758 pulchra
3485 2702 3644 2756 vero,

1995 2779 2232 2848 propter
2260 2793 2359 2832 eos
2400 2775 2502 2848 qui
2533 2781 2675 2831 sunt
2725 2793 2793 2831 ex
2843 2775 3046 2842 Israel,
3079 2775 3250 2846 quale
3298 2775 3644 2830 tabernacu-

1993 2865 2115 2920 lum
2151 2869 2239 2919 est
2283 2865 2507 2936 paciﬁci
2539 2865 2713 2937 regis.
2748 2864 2896 2920 Nam
2926 2863 3394 2928 tabernaculum,
3428 2863 3596 2935 pellis
3631 2881 3643 2919 :

1995 2953 2305 3025 paciﬁcum
2357 2970 2490 3009 vero
2540 2954 2833 3024 signiﬁcat
2870 2954 3166 3009 Salomon.
3201 2952 3486 3008 Paciﬁcus
3537 2969 3643 3007 au-

1991 3047 2111 3097 tem
2162 3042 2333 3114 plane
2379 3048 2470 3098 est
2522 3043 2668 3114 legis
2718 3047 2774 3098 et
2823 3041 3246 3114 prophetarum
3295 3057 3510 3110 sermo,
3545 3040 3648 3112 qui

1992 3131 2142 3203 regit
2184 3130 2508 3200 lsraelitas,
2540 3131 2678 3202 quia
2728 3130 2969 3201 requirit
3015 3131 3088 3186 ab
3134 3130 3220 3186 eis
3265 3129 3324 3184 in
3377 3133 3558 3185 Deum
3595 3133 3651 3184 et

221 3219 446 3280 τούτους
477 3220 579 3288 τὴν
615 3217 692 3278 εἷς
722 3218 811 3271 τὸν
864 3216 991 3271 Θεὸν
1051 3215 1140 3270 καὶ
1195 3215 1287 3270 τὸν
1345 3213 1583 3286 πλησίον
1643 3215 1878 3290 ἀγάπην.

1999 3220 2327 3291 proximum
2359 3219 2758 3274 dilectionem.
2792 3223 2968 3274 Porro
3001 3217 3145 3273 illud
3182 3235 3195 3274 :
3229 3219 3395 3276 Filiae
3421 3222 3650 3276 Jerusa-

225 3310 296 3364 Τὸ
344 3306 427 3378 δὲ,
460 3305 760 3382 Θυγατέρες
813 3306 1201 3378 Ἰερουσαλὴμ,
1246 3304 1290 3359 εἰ
1331 3305 1422 3359 καὶ
1474 3304 1580 3380 πρὸ
1627 3310 1737 3359 τῶν
1780 3326 1882 3359 πα-

231 3393 608 3471 ραδειγμάτων
640 3403 740 3465 τῆς
777 3394 1149 3468 μελανότητος
1194 3394 1285 3448 καὶ
1331 3401 1431 3463 τῆς
1480 3393 1759 3464 καλλονῆς
1814 3393 1890 3466 ἐξ·

233 3483 565 3556 εδόθη,ἀλλ’
596 3484 686 3539 οὗν
717 3479 1019 3557 ὑπέρϐατόν
1050 3483 1193 3538 ἐστιν
1215 3483 1289 3546 ὡς
1319 3484 1727 3558 συνηρτημένον
1756 3485 1891 3539 κατά

232 3574 327 3641 τὴν
359 3570 600 3645 ἔννοιαν,
631 3577 730 3644 τῷ,
762 3574 852 3642 Μὴ
890 3571 1131 3648 βλέψητέ
1167 3593 1254 3644 με,
1287 3571 1370 3626 ὅτι
1413 3572 1518 3646 ἐγώ
1568 3571 1682 3644 εἶμι
1730 3594 1891 3646 μεμε-

236 3660 556 3735 λανωμένη.
586 3662 728 3731 Φησὶ
761 3661 864 3736 γὰρ
893 3665 1059 3715 ταῦτα
1088 3661 1150 3715 τὸ
1205 3659 1260 3714 ἓν
1311 3659 1474 3735 μέρος
1521 3667 1621 3728 τῆς
1655 3660 1890 3732 Ἐκκλη-

237 3752 347 3812 eia;
393 3753 534 3824 πρὸς
584 3753 646 3805 τὸ
692 3747 893 3824 ἕτερον,
928 3751 980 3804 οἱ
1027 3748 1079 3820 ἐξ
1128 3744 1290 3812 ἔθνῶν
1325 3746 1538 3818 δηλαδὴ
1572 3751 1708 3824 πρὸς
1762 3751 1891 3815 τοὺς

235 3838 286 3910 ἐξ
343 3839 596 3913 Ἰσραήλ.
651 3840 946 3915 Θυγατέρες
996 3840 1099 3914 γάρ
1150 3837 1282 3893 εἰσιν
1331 3837 1698 3910 Ἰερουσαλὴμ
1737 3840 1788 3894 οἱ
1838 3839 1888 3910 ἐξ

232 3928 453 4002 Ἰσραὴλ
496 3929 900 3995 πιστεύσαντες,
935 3929 986 3982 οἳ
1013 3926 1140 3988 τοὺς
1173 3926 1223 3997 ἐξ
1255 3926 1420 3981 ἐθνῶν
1461 3925 1561 3981 οὐκ
1607 3925 1887 4002 ἐδέχοντο,

233 4017 362 4090 ὅπερ
415 4019 535 4072 κατ’
591 4018 769 4091 ἀρχὰς
826 4015 912 4070 ἐπὶ
971 4019 1087 4078 τοῖς
1166 4013 1495 4077 ἀποστόλοις
1579 4011 1891 4087 συμϐέϐηκε

234 4105 754 4178 σκανδαλιζομένοις
787 4105 861 4167 είς
913 4106 1114 4180 Πέτρον
1168 4105 1260 4159 τὸν
1309 4111 1624 4179 κορυφαῖον,
1661 4105 1743 4159 ὅτι
1799 4107 1890 4161 τὸν

230 4195 543 4270 Κορνήλιον
581 4192 794 4265 ἐδέξατο
823 4212 836 4226 ⁸
884 4194 1081 4270 μέχρις
1122 4192 1184 4248 ἃν
1219 4194 1367 4248 οὗτοι
1399 4195 1526 4266 παρ’
1568 4195 1732 4250 αὐτοῦ
1788 4197 1887 4265 τὴν

229 4283 580 4357 ἀποκάλυψιν
646 4290 747 4353 τῆς
826 4284 1020 4352 ὀθόνης
1095 4281 1374 4354 μαθόντες,
1433 4287 1529 4338 τοῦ
1589 4282 1890 4340 σκανδάλου

230 4371 658 4448 ἀπηλλάγησαν.
710 4377 1052 4447 Παρορᾶσθαι
1111 4372 1212 4448 γὰρ
1260 4371 1405 4448 παρὰ
1454 4377 1561 4427 τῶν
1618 4372 1889 4446 Ἰσραηλι-

226 4467 332 4516 τῶν
364 4466 402 4531 ri,
455 4462 506 4532 ἐξ
556 4461 724 4516 ἐθνῶν
779 4459 1078 4530 Ἐκκλησία
1133 4463 1232 4530 τήν
1290 4461 1483 4530 ἑαυτῆς
1547 4461 1892 4534 μελανότητα

231 4549 572 4625 βουλομένη,
607 4549 697 4604 καὶ
753 4550 828 4622 μή
881 4547 970 4603 διὰ
1024 4548 1225 4619 ταύτην
1275 4549 1364 4603 ἀπ’
1395 4549 1570 4604 αὐτῶν
1624 4547 1884 4624 διακρίνε-
1920 4580 1966 4645 D

227 4640 363 4706 σθαι,
398 4639 468 4692 τὰ
498 4637 760 4712 εἰρημένα
789 4637 923 4707 πρὸς
952 4635 1177 4698 τούτους
1209 4638 1396 4714 φησὶν,
1435 4638 1566 4708 μετὰ
1611 4636 1667 4693 δὲ
1721 4643 1890 4694 ταῦτα

224 4726 310 4779 καὶ
347 4729 453 4796 τήν
504 4725 682 4781 αἰτίαν
736 4724 921 4788 αὐτοῖς
971 4725 1270 4800 ἀπαγγελεῖ
1320 4722 1389 4779 δι’
1418 4727 1479 4795 ἣν
1529 4726 1886 4800 μεμελοὶνωτο

226 4813 486 4890 λέγουσα,
515 4818 634 4870 “Οτι
691 4809 1006 4888 Παρέὸλεψέ
1059 4834 1126 4886 με
1173 4815 1201 4868 ὁ
1245 4813 1408 4884 ἥλιος
1445 4835 1456 4848 ⁸
1490 4815 1680 4891 ἤγουν,
1723 4838 1888 4890 μεμε-

225 4902 522 4976 λανωμένη
566 4903 677 4976 ἐγώ
731 4901 870 4974 εἶμι,
901 4902 984 4957 ὅτι
1035 4897 1420 4976 παρεϐλέψατό
1470 4926 1536 4978 με
1585 4905 1612 4959 ὁ
1660 4913 1760 4975 τῆς
1804 4905 1889 4961 δι-

223 4993 522 5061 καιοσύνης
549 4990 774 5058 ’Ἡλιος,
806 4992 1001 5066 νέφους
1060 4989 1526 5066 περικαλύψαντός
1583 5014 1647 5066 με
1685 4993 1883 5066 ἀθείας,

223 5081 306 5132 καὶ
340 5086 466 5140 ταῖς
496 5086 596 5148 τῆς
629 5079 955 5153 θεογνωσίας
989 5079 1195 5134 ἀκτῖσιν
1231 5081 1332 5134 οὐκ
1373 5079 1625 5143 έάσαντός
1677 5103 1743 5153 με
1792 5104 1886 5137 κα-

221 5167 624 5241 ταλαμπεσθαι,
648 5168 891 5242 καθάπερ
918 5168 1073 5222 αὐτοὶ
1107 5167 1263 5241 νόμῳ
1293 5168 1381 5222 καὶ
1414 5171 1723 5247 προφήταις
1754 5173 1888 5246 πρὸς

219 5256 548 5332 θεογνωσίαν
581 5255 936 5331 παιδαγωγού
947 5277 1121 5329 μενοι.

693 5384 803 5436 Τοῦ
835 5379 1023 5457 ὑπερτί
1032 5403 1136 5454 μου
1170 5379 1415 5439 Ψελλοῦ.

295 5497 484 5566 Φησὶν
514 5499 548 5566 ἡ
582 5497 770 5574 νύμφη
803 5496 1069 5571 παρευθὺς
1110 5498 1246 5570 πρὸς
1274 5494 1400 5558 τοὺς
1435 5496 1705 5572 ἀγγέλους
1732 5499 1882 5576 τάδε,

224 5587 332 5649 Οὖς
368 5589 669 5662 θυγατέρας
702 5594 803 5655 τῆς
839 5587 980 5641 Σιὼν
1013 5587 1262 5642 ἐκάλεσεν
1288 5587 1314 5641 ὁ
1349 5584 1538 5661 λόγος.

225 5678 478 5733 Μέλαινᾶ
542 5677 660 5748 εἶ’μι
739 5677 829 5731 καὶ
907 5674 1073 5749 καλή,
1151 5675 1439 5752 θυγατέρες
1497 5678 1885 5759 Ἰερουσαλήμ,

1999 3309 2140 3371 lem;
2172 3308 2305 3364 licet
2334 3313 2469 3363 ante
2508 3307 2834 3379 nigredinis
2863 3314 2920 3363 et
2960 3305 3423 3378 pulchritudinis
3451 3322 3644 3362 exem-

1999 3397 2097 3468 pla
2144 3397 2365 3452 dictum
2416 3397 2514 3463 sit,
2562 3401 2761 3452 tamen
2816 3395 3137 3467 superlatio
3185 3402 3292 3463 est,
3347 3399 3406 3450 et
3452 3393 3644 3450 solum

1999 3487 2070 3542 ad
2103 3485 2202 3541 illa
2229 3485 2447 3541 verba:
2496 3486 2575 3541 Ne
2612 3486 2895 3556 aspicz'atis
2945 3501 3053 3551 me,
3085 3483 3233 3556 quod
3279 3486 3445 3553 nigra
3490 3485 3594 3538 sim
3626 3501 3645 3538 .·

1998 3576 2320 3631 secundum
2377 3573 2826 3645 intelligentiam
2882 3574 3273 3629 referendum.
3307 3575 3440 3628 Haec
3487 3571 3646 3627 enim

1997 3664 2171 3718 verba
2227 3679 2345 3718 una
2401 3663 2668 3718 Ecclesiae
2717 3679 2852 3734 pars
2901 3663 3044 3718 dicit
3096 3663 3167 3717 ad
3223 3660 3465 3718 alteram
3517 3676 3530 3716 :
3581 3677 3650 3716 ea

1999 3753 2278 3808 nimirum
2312 3769 2439 3824 quas
2485 3769 2554 3808 ex
2597 3751 2873 3822 gentibus
2913 3755 3164 3819 constat,
3197 3751 3269 3806 ad
3324 3749 3486 3806 illam
3519 3766 3647 3823 quae

1998 3858 2066 3898 ex
2126 3842 2322 3898 Israel.
2371 3841 2517 3898 Nam
2568 3840 2699 3896 ﬁliae
2747 3840 3075 3898 Jerusalem
3127 3839 3498 3911 accipiuntur
3546 3856 3649 3910 pro

1999 3931 2072 3986 iis
2104 3932 2203 4004 qui
2247 3949 2315 3986 ex
2365 3931 2539 3988 Israel
2572 3931 2969 3997 crediderunt,
3001 3930 3100 4002 qui
3150 3933 3353 4003 gentes
3385 3946 3501 3984 non
3542 3929 3649 3984 ad-

2001 4021 2312 4075 mittebant
2373 4036 2386 4075 :
2445 4022 2597 4091 quod
2660 4019 2894 4091 quidem
2968 4019 3137 4073 initio
3198 4017 3440 4088 contigit
3498 4017 3652 4072 inter

2000 4109 2316 4180 apostolos,
2351 4108 2450 4178 qui
2502 4109 2782 4164 adversus
2812 4109 3049 4164 Petrum
3100 4106 3425 4180 principem
3480 4123 3648 4162 scan-

1999 4198 2226 4253 dalizati
2279 4203 2438 4267 sunt,
2471 4199 2624 4268 quod
2658 4197 2992 4253 Cornelium
3041 4197 3422 4268 suscepisset,
3468 4196 3650 4251 donec

1999 4287 2070 4343 ab
2119 4286 2248 4358 ipso
2296 4287 2464 4342 Petro
2516 4286 2677 4342 lintei
2725 4286 3176 4341 declarationem
3230 4284 3650 4356 intelligentes,

2000 4393 2029 4431 a
2065 4375 2343 4432 seandalo
2393 4375 2765 4430 destiterunt.
2798 4375 3029 4447 Despioi
3080 4375 3236 4430 enim
3271 4389 3333 4429 se
3365 4374 3437 4429 ab
3468 4375 3650 4429 Israe-

1999 4464 2118 4520 litis
2166 4464 2408 4521 collecta
2439 4481 2504 4519 ex
2536 4464 2815 4536 gentibus
2865 4463 3121 4519 Ecclesia
3173 4469 3411 4535 propter
3457 4463 3654 4535 nigre-

2000 4555 2197 4610 dinem
2239 4552 2459 4619 volens,
2493 4558 2548 4608 et
2581 4569 2694 4609 non
2749 4554 2822 4608 ob
2870 4552 3052 4618 illam,
3088 4553 3159 4608 ab
3193 4553 3338 4624 ipsis
3369 4551 3650 4624 separari,

2000 4646 2071 4700 ad
2131 4643 2294 4713 illos,
2349 4659 2416 4698 ea
2473 4659 2597 4714 quae
2649 4642 2804 4698 dicta
2862 4651 3033 4712 sunt,
3089 4642 3372 4713 loquitur.
3435 4641 3655 4696 Deinde

1999 4749 2239 4788 causam
2299 4733 2534 4804 exponit
2595 4732 2972 4804 quamobrem
3027 4731 3276 4786 evaserit
3324 4731 3495 4802 nigra
3530 4746 3543 4784 :
3578 4732 3656 4785 Me

1997 4823 2097 4889 sol,
2158 4821 2455 4894 inquiens,
2513 4821 2774 4892 despexit.
2843 4820 3176 4892 Nigrefacta
3233 4836 3366 4874 sum
3425 4817 3655 4890 utique,

1999 4911 2278 4982 quoniam
2310 4910 2574 4982 despexit
2614 4927 2704 4966 me
2752 4909 2849 4965 Sol
2893 4910 3164 4980 justitim,
3214 4908 3536 4978 impietatis
3568 4912 3657 4962 te-

1999 4999 2198 5054 nebris
2249 5015 2341 5053 me
2388 4999 2858 5070 contegentibus,
2908 5003 2972 5053 ut
3027 4997 3238 5053 divinae
3298 4995 3656 5069 cognitionis

1998 5087 2181 5142 radiis
2215 5087 2561 5153 illustrarer,
2592 5087 3090 5158 quemadmodum
3127 5084 3403 5142 Israelita:
3438 5102 3538 5156 per
3571 5086 3655 5141 Ie-

1998 5191 2127 5248 gem
2162 5180 2218 5230 et
2249 5177 2582 5249 prophetas,
2617 5177 2685 5231 ad
2738 5175 2837 5231 Dei
2877 5175 3290 5248 cogitationem
3342 5179 3482 5231 sunt
3534 5177 3654 5232 ins-

1997 5266 2175 5324 tituti.

2567 5391 2782 5447 Prwcla
2792 5392 2844 5446 ri
2891 5391 3085 5448 Pselli.

2072 5508 2200 5563 Haec
2232 5507 2429 5563 statim
2465 5506 2536 5562 ad
2581 5506 2820 5580 angelos
2853 5523 3074 5579 sponsa
3105 5507 3393 5578 loquitur,
3425 5508 3522 5577 qui
3557 5522 3658 5577 per

1999 5596 2148 5652 ﬁlias
2201 5597 2338 5652 Sion
2391 5596 2803 5667 intelliguntur
2848 5613 2861 5652 :
2909 5599 3082 5666 Nigra
3129 5612 3250 5650 sum
3302 5604 3352 5651 et
3399 5595 3653 5666 pulchra,

1993 5687 2126 5760 ﬁliae
2152 5687 2481 5756 Jerusalem,
2513 5688 2657 5741 sicut
2688 5686 3048 5741 tabernacula
3082 5685 3277 5748 Cedar,
3303 5685 3448 5738 sica:
3478 5679 3654 5753 pelles
