4040 6196
378 347 495 405 547

1712 327 2139 391 MICHAELIS
2186 327 2455 388 PSELLI
2532 396 2535 401 ,

3667 330 3801 388 548

378 477 717 535 Salomonis.
740 476 843 532 His
874 474 1070 531 verbis
1095 470 1335 544 angelos
1359 482 1576 541 sponsa
1606 464 1863 537 primum
1893 460 2033 517 allo-

2153 459 2234 523 Ὡς
2263 457 2594 531 σκηνώματα
2625 454 2831 534 Κηδδιρ,
2865 457 2940 521 ὡς
2972 455 3183 535 δέρρεις
3215 457 3515 530 Σολομών.

378 568 599 640 quitur.
642 567 881 639 Oportet
926 565 1083 621 enim
1134 563 1263 635 ipsa
1307 558 1482 615 verba
1528 570 1761 628 sponsae
1814 567 2038 623 praepo-

382 670 540 725 nere,
573 661 632 713 et
662 656 1000 727 neutiquam
1034 652 1336 723 implicare
1361 646 1653 711 versibus,
1684 646 1742 697 et
1772 657 2040 698 commu-

380 751 532 802 tare.
581 746 793 802 Audite
841 760 1036 800 vocem
1089 756 1304 805 meam,
1353 735 1567 810 inquit,
1614 750 1646 790 ο
1698 731 1832 787 ﬁliae
1880 729 2040 784 illius

386 851 652 909 supernae
697 832 1027 891 Jerusalem
1079 829 1333 885 maxime
1377 822 1731 880 venerabilis
1766 837 1779 877 :
1821 819 2041 890 pariter

387 941 493 997 ego
545 940 687 980 sane
738 921 1006 994 pulchra,
1037 924 1096 975 et
1140 918 1310 990 nigra
1361 931 1516 970 sum.
1549 912 1727 984 Nigra
1773 909 2035 981 quidem,

390 1018 456 1069 ut
484 1013 668 1069 Cedar
694 1007 1167 1073 tabernaculum,
1194 1020 1507 1079 apparens,
1540 1015 1751 1072 nempe
1780 1015 1850 1054 ex
1877 1001 2036 1052 tran-

389 1101 720 1175 sgressione
760 1098 1030 1171 praecepti
1077 1095 1239 1151 illius
1286 1093 1481 1166 primi.
1514 1091 1698 1146 Cedar
1744 1087 1899 1144 enim
1932 1086 2036 1141 ob-

388 1207 601 1246 scurus
642 1189 1109 1258 tenebrosusque
1157 1183 1391 1240 dicitur.
1427 1180 1675 1238 Pulchra
1721 1191 1878 1232 nunc
1908 1191 2036 1229 rur-

389 1297 491 1335 sus
521 1278 738 1334 exsisto
783 1294 886 1349 per
928 1274 1333 1349 paenitentiam
1367 1288 1503 1328 cum
1533 1267 1764 1325 Christo
1806 1278 2038 1321 summe

386 1368 627 1440 paciﬁco
651 1366 1024 1422 mortiﬁcata.
1054 1363 1337 1419 Pacificus
1362 1361 1517 1416 enim
1543 1357 1797 1429 quisque
1828 1352 2036 1407 merito

388 1457 604 1512 dicitur
630 1455 923 1511 Salomon.
956 1455 1043 1509 Tu
1075 1469 1208 1508 vero
1245 1467 1316 1506 ne
1346 1448 1598 1513 mireris,
1632 1444 1783 1517 quod
1818 1457 2038 1513 sponsa

386 1545 606 1617 pariter
633 1561 697 1599 se
725 1547 783 1599 et
813 1545 1042 1615 nigram
1065 1546 1123 1597 et
1154 1539 1459 1611 pulchram
1493 1536 1812 1605 nuncupet.
1834 1528 2037 1587 Omnis

387 1635 543 1691 enim
597 1633 796 1688 anima
844 1648 972 1703 quae
1024 1630 1253 1703 prolicit
1300 1628 1361 1682 in
1408 1626 1644 1680 virtutis
1692 1620 1910 1687 studio,
1951 1617 2037 1673 sic

388 1725 460 1779 ad
491 1724 682 1779 lucem
716 1740 785 1778 ex
811 1722 1071 1777 tenebris
1119 1718 1509 1790 progreditur,
1542 1719 1606 1770 ut
1636 1731 1751 1769 non
1800 1713 2037 1781 repente

387 1817 509 1867 tota
555 1810 805 1868 illustris
860 1817 918 1866 et
976 1827 1123 1882 pura
1179 1809 1309 1875 fiat;
1367 1806 1467 1862 sed
1527 1821 1643 1876 quo
1683 1800 1928 1874 propius
1960 1797 2032 1853 ad

386 1902 661 1958 virtutem
718 1900 977 1966 accedit,
1027 1915 1093 1955 eo
1150 1897 1387 1968 longius
1445 1894 1681 1951 recedat
1728 1909 1762 1946 a
1813 1886 2037 1945 fraudis

388 1990 770 2054 obscuritate,
794 1993 971 2059 atque
1001 1987 1084 2042 ita
1113 1985 1478 2058 splendidior
1505 1987 1562 2038 et
1582 1980 1793 2037 clarior
1814 1977 2039 2034 evadat.

388 2078 610 2135 Deinde
643 2078 793 2134 ﬁlias
832 2078 992 2149 ipsas
1024 2093 1242 2149 sponsa
1273 2072 1593 2145 alloquitur
1626 2070 1693 2126 ad
1730 2069 1886 2124 hunc
1918 2080 2041 2120 mo-

385 2169 525 2223 dum
562 2184 576 2223 :
609 2166 797 2223 Nolite
838 2169 1082 2238 aspicere
1124 2181 1231 2231 me,
1262 2165 1403 2236 quod
1432 2178 1531 2233 ego
1576 2163 1686 2216 sim
1731 2157 2042 2233 denigrata,

383 2259 521 2328 quia
570 2257 818 2327 despexit
864 2272 951 2311 me
997 2255 1096 2310 sol.
1146 2254 1253 2322 Ne,
1284 2253 1500 2325 inquit,
1533 2245 1902 2311 existimetis,
1950 2261 2044 2300 me

385 2346 467 2401 ita
525 2346 748 2401 fuscam
803 2350 860 2401 et
912 2345 1224 2400 obscuram
1273 2346 1332 2397 et
1379 2341 1608 2412 nigram
1668 2336 1853 2392 fuisse
1910 2348 2041 2405 pro-

382 2440 662 2491 creatam.
692 2435 841 2490 Tota
882 2434 1036 2488 enim
1093 2431 1291 2486 lucida
1338 2447 1371 2484 a
1416 2432 1688 2483 Creatore
1738 2439 1868 2478 meo
1923 2422 2040 2476 for-

386 2531 544 2578 mala
600 2539 755 2577 sum.
813 2523 921 2576 Sed
981 2521 1197 2575 ardens
1256 2518 1368 2585 sol,
1409 2516 1803 2572 tentationum
1864 2514 2042 2564 aestus

386 2628 481 2666 me
533 2611 911 2666 vehementer
974 2608 1233 2664 excussit
1285 2623 1351 2662 ac
1409 2602 1756 2675 denigravit.
1829 2598 2044 2654 Deinde

385 2716 502 2771 quo
563 2700 735 2754 modo
794 2716 828 2754 a
879 2697 1126 2768 justitiaa
1187 2694 1317 2751 Sole
1367 2695 1642 2765 despecta
1692 2690 1805 2757 sit,
1857 2685 2042 2758 expli-

383 2792 495 2842 cat.

613 3329 749 3385 Filii
778 3329 990 3384 matri:
1018 3341 1167 3385 mea?
1192 3327 1583 3399 pugnaverunt
1612 3326 1672 3380 in
1701 3342 1809 3380 me.

448 3437 494 3492 A
524 3440 710 3492 matre
741 3434 941 3506 igitur,
978 3439 1042 3491 ut
1073 3450 1266 3490 rerum
1302 3436 1392 3490 est
1423 3432 1688 3489 omnium
1724 3448 1922 3500 causa,
1953 3450 2043 3489 sa-

380 3526 601 3599 pientia
631 3541 764 3579 cum
801 3524 1175 3591 defecissent,
1199 3539 1400 3579 eorum
1432 3538 1560 3593 qua:
1584 3525 1726 3576 sunt
1760 3522 2042 3617 rationes,

378 3617 449 3671 ad
483 3631 610 3671 eam
643 3630 734 3669 me
764 3631 880 3668 non
914 3614 1309 3668 reduxerunt:
1336 3610 1663 3666 visibilium
1695 3609 1851 3665 enim
1878 3609 2041 3683 aspel

377 3709 471 3758 ctu
505 3704 749 3774 decepta
779 3718 904 3757 sum
934 3717 947 3755 :
983 3701 1083 3756 sed
1124 3701 1266 3755 dum
1320 3698 1463 3754 mihi
1501 3698 1777 3754 videntur
1809 3704 2040 3756 contra-

376 3793 502 3858 riae,
527 3808 620 3846 me
651 3790 711 3845 in
744 3790 1052 3862 Opiniones
1105 3787 1573 3844 innumerabiles
1620 3787 2038 3845 distraxerunt.

377 3882 567 3952 Atque
610 3878 720 3933 hoc
770 3878 1009 3950 quidem
1065 3880 1236 3950 pacto
1292 3892 1378 3932 me
1433 3875 1703 3932 custodem
1751 3879 1812 3932 in
1864 3879 2042 3935 vineis

376 3971 805 4034 constituerunt,
836 3971 903 4023 ut
932 3967 991 4022 in
1023 3966 1171 4038 ipsis
1222 3970 1495 4038 perstans
1541 3965 1941 4037 opinionibus,
1968 3968 2039 4023 ab

377 4075 445 4114 ea
475 4064 533 4114 et
564 4075 597 4113 a
627 4057 870 4113 veritate
922 4056 1156 4127 penitus
1208 4054 1577 4111 dissiderem.
1627 4057 1761 4121 Quae
1801 4055 2039 4127 quidem

380 4146 524 4202 mihi
575 4152 879 4219 propterea
911 4146 1228 4218 contigere,
1262 4144 1399 4217 quia
1429 4147 1647 4200 vineam
1696 4162 1880 4200 meam
1928 4162 2039 4202 non

366 4237 660 4303 custodivi,
694 4235 793 4307 qui
828 4239 930 4291 est
982 4233 1082 4290 ille
1116 4234 1216 4306 qui
1248 4234 1396 4290 dixit
1429 4250 1441 4289 :
1475 4234 1591 4306 Ego
1637 4251 1756 4289 sum
1806 4236 1937 4290 vilis
1985 4250 2041 4306 ει

371 4341 462 4380 vos
500 4326 768 4397 palmites
791 4326 833 4390 ‘,
867 4323 1207 4396 unigenitus
1261 4323 1359 4379 Dei
1415 4322 1602 4378 Filius
1653 4326 1711 4378 et
1756 4323 2036 4394 Verbum,

370 4414 541 4498 cujus
584 4414 657 4468 ad
706 4413 1025 4485 imaginem
1080 4413 1231 4467 facta
1276 4416 1487 4468 natura
1545 4412 1829 4481 humana,
1858 4414 2038 4485 simul

366 4520 494 4575 quae
536 4503 595 4558 in
652 4502 930 4558 universo
990 4507 1130 4557 sunt
1185 4518 1389 4557 omnes
1439 4500 1698 4557 obtinuit
1758 4503 2035 4572 rationes,

2147 549 2305 612 Ταῦθ’
2335 547 2526 620 ὁμιλεῖ
2552 548 2614 602 τὸ
2644 549 2947 623 πρώτιστον
2978 549 3015 617 ἡ
3044 547 3230 626 νύμφη
3262 553 3377 611 τοῖς
3409 546 3691 622 ἀγγέλοις.

2150 637 2271 713 Χρή
2303 638 2408 713 γὰρ
2440 636 2573 691 αύτᾶ
2598 635 2665 693 τὰ
2696 636 2915 713 ῥήματα
2942 640 3044 703 τῆς
3074 625 3291 714 νύμφης
3320 625 3652 711 προτιθέναι,

2152 728 2246 784 Καὶ
2284 725 2555 801 μηδαμῶς
2588 726 2977 802 στιχοπλοκεῖν
3004 733 3171 784 ταῦτα
3201 729 3289 784 καὶ
3325 727 3742 803 μεταλλάττειν.

2147 816 2443 874 ’Δκούσατέ
2476 826 2581 890 μού
2609 825 2708 888 τῆς
2738 825 2943 896 φωνῆς,
2977 818 3162 896 φησὶν,
3195 820 3240 873 ὧ
3268 818 3548 896 θυγατέρες

2148 907 2264 975 Τῆς
2295 902 2406 960 ἅνω
2436 906 2747 982 Ἰερουσαλή
2759 929 2798 980 μ
2826 914 2927 977 τῆς
2970 902 3438 981 σεϐασμιωτάτης.

2146 994 2322 1067 Ὁμοῦ
2349 996 2450 1069 γὰρ
2481 992 2653 1070 ἔγωγε
2680 994 2824 1065 καλή
2857 995 2945 1051 καὶ
2972 994 3205 1071 μέλαινα
3232 998 3511 1074 τυγχάνω.

2148 1082 2392 1139 Μέλαινα
2434 1085 2528 1156 μὲν
2555 1087 2628 1147 ὡς
2657 1089 2754 1139 τοῦ
2786 1083 2973 1161 Κηόὰρ
3000 1087 3266 1159 σκήνωμα
3297 1091 3653 1163 προφανεῖσα,

2147 1173 2305 1245 Φημὶ
2335 1170 2383 1227 δ’
2410 1171 2471 1227 ἐκ
2499 1169 2854 1249 παραϐάσεως
2881 1180 2982 1243 τῆς
3010 1173 3235 1243 ἐντολῆς
3262 1177 3359 1240 τῆς
3390 1177 3617 1250 πρώτης

2147 1262 2228 1335 (Ὁ
2258 1260 2358 1337 γὰρ
2390 1261 2574 1334 Κηδὰρ
2608 1263 2636 1317 6
2670 1263 2895 1339 ζοφερὸς
2929 1262 3139 1339 λέγεται
3168 1264 3255 1318 καὶ
3298 1260 3603 1338 σκοτώδης)
3639 1284 3654 1297 ⁶

2146 1349 2302 1418 Καλῆ
2339 1346 2397 1404 δὲ
2425 1349 2590 1406 πάλιν
2617 1348 2827 1429 πέφυκα
2855 1352 2968 1407 νυνὶ
3009 1355 3079 1427 τῇ
3115 1352 3387 1426 μετανοίᾳ,

2147 1441 2586 1515 Συννεκρωθεῖσα
2615 1444 2840 1516 Χριστῷ
2870 1445 2948 1496 τῶ
2980 1441 3413 1517 εἷρηνικωτάτῳ,

2148 1527 2437 1602 Εἷρηνικὸς
2466 1529 2568 1604 γὰρ
2602 1530 2817 1605 Λέγεται
2847 1536 2952 1595 πᾶς
2983 1530 3250 1603 Σολομὼν
3284 1530 3464 1604 ἀξίως,

2149 1614 2224 1669 Σὺ
2255 1613 2311 1671 δὲ
2346 1613 2473 1688 μηδ’
2503 1615 2650 1679 ὅλως
2682 1616 2961 1693 ἐκπλαγῇς
2992 1620 3125 1694 ἅπερ
3157 1621 3192 1689 ἡ
3224 1617 3408 1697 νύμφη
3445 1618 3612 1696 λέγει,

2143 1705 2254 1773 Ὧς,
2290 1706 2374 1759 Ἐν
2405 1710 2585 1777 ταυτῷ
2611 1706 2701 1761 καὶ
2734 1705 2962 1780 μέλαινα
2990 1707 3081 1762 καὶ
3110 1707 3254 1778 καλή
3284 1708 3373 1763 νῦν
3402 1711 3688 1784 τυγχάνω.

2149 1799 2298 1848 Πᾶσα
2325 1795 2426 1869 γὰρ
2464 1793 2743 1868 μὲλλουσα
2771 1797 2924 1871 ψυχὴ
2957 1798 3095 1871 πρὸς
3124 1796 3315 1873 ἀρετὰς
3342 1796 3698 1871 προκόπτειν,

2339 1849 2350 1869 Ι
2399 1850 2407 1865 ¹
2464 1849 2602 1868 ὶ⁷⁷⁷⁷
2785 1849 3314 1873 Ι⁷Ν⁸⁷Ί⁷’⁷ήιί””τ
3351 1849 3698 1871 "r'V——VVV'_',

2069 1849 2115 1913 Β
2147 1883 2249 1938 Καὶ
2299 1884 2437 1959 πρὸς
2479 1884 2540 1939 τὸ
2584 1889 2698 1962 φῶς
2751 1885 3055 1963 ἀνάγεσθαι,
3085 1887 3171 1941 καὶ
3208 1885 3424 1964 φεύγειν
3455 1885 3514 1941 ἐκ
3539 1891 3639 1942 τοῦ
3674 1887 3807 1943 σκό-

3558 1978 3734 2050 [τους,

2151 2060 2227 2118 Ού
2254 2061 2519 2137 παρευθὺς
2548 2062 2833 2142 ὁλόφωτος
2863 2064 2951 2118 καὶ
2982 2064 3192 2140 καθαρὰ
3218 2063 3499 2140 τυγχάνει.

2151 2149 2309 2207 ’Δλλ’
2329 2151 2453 2207 ὅσον
2486 2154 2623 2225 πρὸς
2649 2156 2747 2224 τὴν
2780 2154 2974 2230 ἀρετήν
3000 2155 3297 2230 προκόπτει
3332 2156 3464 2230 μετά
3494 2155 3691 2225 πόνου,

2148 2244 2411 2295 Τοσοῦτον
2445 2241 2848 2299 ἀπαλλάττεται
2878 2247 2973 2298 τοῦ
3005 2244 3230 2307 σκότους
3259 2245 3491 2316 ἀπάτης,

2151 2331 2251 2384 Καὶ
2282 2328 2636 2408 λαμπροτέρα
2664 2331 2871 2408 γίνεται
2913 2332 3129 2398 πάντως
3156 2335 3244 2389 καὶ
3277 2331 3625 2411 φαιδροτέρα.

2150 2420 2281 2474 Εἶτά
2310 2441 2440 2498 φησι
2471 2420 2608 2494 πρὸς
2636 2423 2734 2483 τὰς
2764 2422 2930 2485 αύτάς
2963 2425 2997 2493 ἡ
3028 2423 3214 2502 νύμφη
3250 2420 3545 2499 θυγατέρας
3577 2442 3591 2457 ⁸

2148 2508 2238 2577 Μὴ
2276 2507 2505 2584 βλέψετέ
2539 2531 2627 2584 με,
2658 2510 2742 2565 ὅτι
2776 2511 2882 2585 ἐγώ
2916 2511 3029 2586 εἶμι
3056 2511 3522 2587 μεμαλανωμένη,

2148 2600 2273 2654 ’Ότι
2304 2594 2613 2673 παρέϐλεψέ
2647 2621 2713 2673 με
2739 2601 2766 2655 6
2797 2598 2982 2670 ἥλιος.

2148 2687 2238 2756 Μὴ
2269 2691 2399 2764 γοῦν
2430 2689 2712 2762 νομίσητε,
2746 2689 2934 2766 φησὶν,
2961 2688 3135 2755 οὕτως
3172 2689 3267 2764 ἐμὲ
3294 2689 3619 2762 πλασθῆναι,

2149 2777 2382 2853 Ζοφερὰν
2413 2776 2500 2832 καὶ
2533 2780 2816 2848 σκοτεινὴν
2849 2779 2941 2834 καὶ
2977 2779 3459 2853 μεμελανωμένην.

2148 2863 2459 2936 Ἐπλάσθην
2494 2867 2597 2941 γὰρ
2630 2867 2915 2945 ὁΛόφωτος
2945 2868 3091 2942 παρᾶ
3120 2873 3217 2923 τοῦ
3247 2867 3626 2945 πλαστουργοῦ
3672 2892 3813 2944 μου.

2149 2950 2306 3006 ἈλΛ³
2334 2954 2362 3008 ὁ
2394 2952 2693 3031 φλογώδης
2719 2955 2900 3029 ἥλιος,
2940 2962 3047 3011 τῶν
3076 2962 3391 3032 πειρασμῶν
3415 2961 3449 3028 ἡ
3495 2964 3659 3028 ζέσις,

2147 3046 2346 3104 Δεινῶς
2385 3064 2451 3115 με
2480 3039 2862 3119 παρεϐλέψατο
2891 3045 2982 3099 καὶ
3014 3045 3370 3119 μεμελάνωκέ
3399 3067 3484 3119 με.

2219 3130 2347 3186 Εἶτα
2375 3132 2465 3186 καὶ
2495 3134 2587 3188 τὸν
2618 3134 2820 3208 τρόπον
2852 3136 2973 3198 καθ’
3002 3135 3059 3189 ’ὸν
3091 3135 3373 3211 παροράθη
3412 3135 3516 3191 ὑπὸ
3542 3140 3641 3191 τοῦ
3699 3144 3812 3207 τῆς

2065 3211 2109 3278 C
2149 3216 2499 3292 δικαιοσύνης
2526 3221 2715 3279 Ἡλίου
2747 3222 2932 3301 φησίν.

2399 3328 2516 3382 Υἱοὶ
2551 3328 2757 3406 μητρός
2791 3351 2896 3403 μου
2923 3329 3263 3406 ἐμαχέσαντο
3296 3330 3347 3387 ἐν
3388 3329 3537 3405 ἐμοί.

2221 3436 2451 3509 ’¹Ηγουν,
2486 3436 2553 3493 Οἱ
2585 3437 2980 3514 ἀποταχθέντες
3023 3442 3092 3513 τῇ
3138 3440 3306 3513 μητρὶ
3358 3444 3465 3494 τῶν
3525 3437 3677 3495 ὅλων
3728 3441 3814 3504 ὡς

2148 3523 2295 3597 αἰτίᾳ
2347 3524 2534 3601 σοφίας
2586 3530 2695 3580 τῶν
2745 3524 2935 3595 ὄντων,
2969 3527 3031 3583 οὐ
3084 3529 3219 3603 πρὸς
3265 3528 3463 3600 ταύτην
3499 3549 3566 3600 με
3594 3529 3812 3605 ἀνήγα-

2147 3634 2261 3687 γον,
2291 3612 2506 3689 ἐπείπερ
2538 3616 2826 3687 ἠπαττςθην
2860 3613 2948 3672 διὰ
2987 3619 3086 3685 τῆς
3143 3615 3457 3693 ἐπιφανείας
3501 3622 3611 3673 τῶν
3669 3620 3811 3694 ὁρα-

2150 3707 2282 3774 τῶν,
2315 3700 2440 3759 ἀλλ’
2472 3702 2867 3781 ἐναντιοφανεῖς
2903 3726 2994 3778 μοι
3031 3703 3276 3777 δόξαντες
3319 3707 3395 3769 εἷς
3454 3707 3653 3780 μυρίας
3709 3706 3808 3764 δό-

2151 3791 2241 3862 ξας
2296 3791 2611 3866 κατέτεμον.
2671 3795 2988 3863 Κάντεῦθεν,
3043 3795 3262 3852 Ἔθεντό
3324 3816 3390 3870 με
3464 3794 3810 3874 φυλάχισσαν

2149 3880 2202 3936 έν
2291 3879 2578 3955 ἀμπελῶσι
2612 3902 2626 3916 ⁸
2691 3888 2810 3947 ταῖς
2885 3882 3197 3961 εἰρημέναις
3276 3882 3451 3955 δόξαις
3525 3884 3810 3959 ἐμμένειν,

2146 3969 2238 4024 καὶ
2287 3971 2423 4045 πρὸς
2468 3972 2662 4041 ἑαυτὴν
2714 3973 2801 4028 καὶ
2862 3974 2960 4042 τήν
3011 3973 3271 4044 ἀλήθειαν
3330 3969 3643 4046 ἀσύμϐατον
3710 3978 3810 4048 μὲ-

2145 4079 2252 4113 νειν
2309 4060 2822 4137 παρασκευάσαντες.
2880 4064 3062 4120 Ταῦτα
3118 4060 3174 4118 δέ
3226 4084 3320 4135 μοι
3378 4057 3806 4134 ἐπισυνέϐησαν,

2146 4144 2334 4217 ἐπειδὴ
2393 4148 2689 4222 ἀμπελῶνα
2755 4150 2884 4224 ἐμὸν
2971 4152 3071 4206 οὑκ
3142 4150 3396 4229 ἐφύλαξα,
3454 4150 3513 4214 ὅς
3565 4150 3711 4208 ἔστιν
3773 4154 3806 4207 ὀ

2147 4235 2405 4312 εἰρηκὼς,
2439 4237 2522 4292 ὅτι
2581 4240 2719 4314 Ἐγώ
2779 4240 2891 4313 εἶμι
2949 4242 2984 4310 ἡ
3043 4238 3310 4314 ἄμπελος,
3347 4241 3504 4314 ὑμεῖς
3545 4242 3618 4296 τὰ
3652 4239 3808 4312 κλή-

2149 4345 2312 4398 ματα,
2364 4327 2392 4381 ὁ
2455 4329 2757 4404 μονογενὴς
2812 4332 2909 4383 τοῦ
2966 4333 3100 4384 Θεοῦ
3156 4329 3280 4392 116:
3336 4329 3426 4385 καὶ
3483 4329 3689 4405 Λόγος,
3743 4332 3810 4386 οὗ

2143 4415 2259 4469 κατ’
2289 4413 2471 4469 εἰκόνα
2526 4418 2804 4472 κτισθεῖσα
2859 4420 2894 4487 ἡ
2953 4417 3264 4493 ἀνθρωπεία
3310 4417 3488 4496 φύσις,
3540 4416 3809 4481 ένοειδῶς

2141 4502 2270 4568 τοὺς
2325 4503 2512 4577 έν“τῷ
2568 4506 2727 4561 παντὶ
2801 4504 2931 4582 ἔσχε
2987 4506 3186 4582 λόγους
3250 4508 3325 4570 ὡς
3383 4508 3564 4583 μίγμα
3620 4507 3808 4579 πάσης

375 4593 592 4664 quippe
644 4593 850 4648 mistas
880 4592 940 4646 in
974 4608 1034 4647 se
1067 4592 1500 4663 quodammodo
1551 4597 1852 4647 creaturas
1893 4593 2029 4648 uni-

2153 4594 2380 4663 ιτῆσεως
2417 4610 2433 4629 ⁸
2462 4595 2537 4665 μὴ
2580 4597 2863 4669 τηρήσασα
2902 4592 2960 4650 δὲ
3002 4597 3090 4652 τὸν
3124 4593 3215 4651 ἕνα
3272 4594 3440 4672 λόγον
3491 4603 3593 4665 τῆς
3651 4593 3803 4659 ἲδὶας

370 4698 570 4737 versas
603 4681 867 4737 continet
904 4685 965 4735 et
1007 4679 1474 4751 comprehendit.
1507 4678 1655 4735 Vero
1687 4696 1820 4735 cum
1853 4698 2031 4737 unam

383 4770 629 4844 propriae
660 4776 881 4826 naturae
914 4769 1201 4825 rationem
1237 4786 1350 4825 non
1385 4773 1697 4841 servasset,
1719 4769 1818 4825 sed
1849 4769 1908 4825 in
1941 4788 2033 4827 va-

378 4860 495 4916 rias
549 4861 829 4916 distracta
859 4859 1188 4933 opiniones,
1222 4858 1361 4914 deos
1394 4857 1747 4930 multiplices
1793 4858 2030 4929 coleret,

376 4949 674 5022 propriam
698 4950 927 5004 vineam
962 4964 1077 5004 non
1105 4947 1439 5004 custodivit.
1464 4948 1663 5020 Neque
1684 4948 1840 5004 enim
1874 4953 2032 5005 recta

370 5054 475 5110 per
505 5039 795 5094 mundum
827 5037 1007 5094 veluti
1057 5052 1162 5110 per
1206 5036 1528 5110 imaginem
1560 5038 1631 5092 ad
1666 5038 1795 5108 ejus
1827 5038 2030 5093 arche-

370 5132 576 5202 typum
628 5128 929 5201 respexit:
962 5127 1073 5183 hoc
1122 5134 1208 5183 est
1252 5143 1320 5183 ex
1369 5127 1546 5183 rebus
1595 5127 1914 5199 procreatis
1955 5128 2025 5183 ad

375 5233 579 5274 earum
610 5215 913 5274 contendit
942 5220 1263 5272 auctorem.
1618 5232 1621 5237 '

612 5325 752 5381 Filii
780 5325 976 5380 matris
1005 5336 1145 5380 mea?
1168 5327 1558 5395 pugnaverunt
1588 5312 1785 5378 in‘me.

443 5431 534 5487 Me
567 5431 723 5487 enim
770 5433 1279 5503 oppugnaverunt,
1313 5426 1507 5499 inquit
1555 5443 1798 5499 sponsa,
1829 5446 1895 5485 ac
1924 5432 2024 5487 de-

372 5519 663 5576 fectricem
725 5519 1108 5576 reddiderunt
1155 5517 1450 5573 daemones
1504 5516 1849 5575 desertores.
1906 5521 2022 5578 Hos

446 5666 468 5700 ⁴
494 5664 660 5721 Joan.
693 5680 787 5731 xv,
825 5662 879 5717 4.

2143 4681 2374 4759 φύσεως,
2428 4681 2554 4738 ἀλλ’
2602 4683 2678 4746 εἷς
2738 4682 2953 4746 πολλὰς
3008 4682 3165 4756 δόξας
3221 4690 3658 4757 κατατμηθεῖσαι,
3709 4685 3806 4740 καὶ

2142 4770 2404 4843 πολυθεΐᾳ
2435 4769 2790 4841 δουλεύσασα,
2819 4774 2909 4829 τὸν
2960 4770 3098 4829 ἴδιον
3155 4772 3456 4847 ἀμπελῶνα
3516 4774 3621 4829 ούκ
3669 4773 3807 4850 ἐφύο

2143 4859 2297 4931 λαξεν
2333 4881 2345 4894 ·
2401 4858 2526 4916 οὐδὲ
2574 4861 2675 4937 γὰρ
2736 4860 2987 4927 ἷθυτενῶς
3044 4860 3133 4918 διὰ
3187 4868 3285 4918 τοῦ
3343 4863 3541 4925 παντὸς
3596 4863 3672 4926 ὡς
3730 4861 3805 4919 δι’

2139 4946 2346 5010 εἶκόνος
2404 4949 2546 5022 ἑώρα
2602 4949 2738 5025 πρὸς
2793 4949 3239 5026 τὸιᾶρχέτυπον,
3292 4948 3484 5025 ἤγουν,
3536 4947 3629 5006 διὰ
3682 4955 3797 5007 τῶν

2138 5033 2394 5090 αἰτιατῶν
2427 5035 2561 5112 πρὸς
2589 5057 2651 5091 το
2681 5032 2875 5094 αἷίτιον.

2391 5323 2510 5377 Υἱοί
2546 5322 2753 5399 μητρός
2783 5344 2887 5397 μου
2918 5321 3262 5397 ἰμαχέσαντο
3292 5320 3345 5377 ἐν
3375 5320 3527 5395 ἐμοί.

2207 5429 2339 5502 Ἑμέ
2384 5429 2488 5506 γὰρ
2537 5428 2902 5504 ἐπολέμησαν,
2936 5429 3099 5507 φησὶν
3147 5431 3182 5499 ἡ
3238 5428 3425 5507 νύμφη
3476 5427 3674 5501 πάλιν,
3702 5429 3793 5485 καὶ

2130 5512 2448 5594 παραϐάτην
2535 5517 2737 5590 ἔδειξαν
2828 5516 3079 5594 δαίμονες
3154 5516 3491 5575 ἀποστάται.
3550 5517 3792 5584 Τούτους
