4040 6196
259 317 392 378 549

1319 309 1728 370 COMMENT.
1774 305 1856 366 IN
1902 304 2302 369 CANTICUM
2346 302 2653 371 CANTIC.

3567 326 3690 392 550

257 448 368 522 γάρ
397 444 630 515 εἴρηκεν,
674 441 824 503 υἱοὺς
876 441 1084 516 μητρὸς
1132 438 1299 509 αὐτῆς
1339 441 1651 516 τυγχάνειν,
1713 437 1786 497 ὡς
1847 431 1912 502 δὴ

2031 435 2188 491 enim
2219 439 2434 494 matris
2464 457 2585 496 sua)
2617 441 2770 498 ﬁlios
2800 443 2964 512 dicit,
2997 445 3215 518 quippe
3251 451 3349 518 qui
3382 468 3514 510 cum
3549 458 3660 513 reli

255 535 350 590 καὶ
384 533 612 594 τούτους
647 531 707 586 έκ
737 535 868 586 Θεοῦ
910 529 1219 593 κτισθὲν-ξας
1272 528 1406 601 μετὰ
1454 529 1693 583 πάντων.
1746 523 1924 580 Ἐπεί-

258 645 362 696 περ
398 623 497 678 ὅσα
526 621 798 693 κτίσματα
839 620 1181 694 τυγχάνομεν
1233 616 1283 672 ἐν
1335 617 1462 692 βίῳ,
1512 614 1606 671 κᾶν
1668 610 1919 688 ἄγγελοι,

258 713 356 768 κᾶν
413 712 716 787 ἀνθρωττοι,
761 707 858 762 κᾶν
911 707 1182 780 δαίμονες,
1233 706 1330 760 κᾶν
1360 705 1529 774 λίθοι,
1589 705 1662 759 ὡς
1692 700 1917 778 ἀδελφοὶ

257 801 611 878 τδγχάνομεν
692 798 768 860 εἷς
843 797 1045 872 λόγους
1107 793 1553 871 πλαστουργίαςο
1617 793 1920 866 σύμπαντες

261 894 370 967 γάρ
425 888 778 960 ἐπλάσθημεν
837 885 896 941 ἐκ
952 889 1084 940 Θεοῦ
1139 885 1554 959 παντεργάτου·
1642 883 1772 938 Εἶτα
1829 880 1919 934 καὶ

262 980 415 1050 λέγει
465 979 600 1049 πρὸς
628 977 791 1038 αὐτάς
821 976 912 1030 τὸν
963 974 1165 1050 τρόπον
1215 979 1312 1029 τοῦ
1367 971 1644 1046 πολέμου.
1699 970 1920 1035 ’Ἐθεντά

267 1037 355 1142 με·
423 1038 758 1144 φυλάκισσαν
844 1061 897 1117 ἐν
982 1060 1316 1132 ἀμπελῶνι·
1405 1058 1706 1131 ἀμπελῶνα
1790 1055 1920 1128 έμὸν

261 1156 364 1211 οὐκ
416 1153 676 1231 ἐνρῦλαξα.
737 1152 822 1209 Ἐν
875 1147 1184 1226 παραδείσῳ
1214 1149 1338 1225 γάρ,
1388 1149 1545 1224 φησί,
1598 1145 1921 1214 πλασθεῖσα,

260 1245 355 1300 καὶ
388 1246 626 1310 τεθεῖσα,
659 1242 795 1297 ὥστε
827 1237 1117 1317 φυλάσσειν
1171 1237 1395 1306 ἐντολήν
1455 1241 1552 1292 τοῦ
1599 1238 1674 1309 μὴ
1735 1240 1919 1314 φαγεῖν

261 1334 532 1408 ἀκαίρως,
561 1333 653 1386 τὸν
687 1331 854 1402 νόμον
897 1329 996 1383 οὐκ
1044 1327 1302 1405 ἐφύλαξα,
1352 1327 1451 1396 τήν
1504 1324 1730 1393 ἐντολὴν
1782 1345 1919 1401 παρ-

263 1419 420 1493 έϐην.
479 1421 578 1477 Καὶ
629 1421 794 1475 ταότα
846 1419 941 1493 μὲν
996 1414 1238 1494 ὠδύρετο
1289 1416 1426 1492 πρὸς
1475 1415 1603 1478 τοὺς
1657 1412 1926 1491 ἀγγέλους

263 1511 458 1583 δῆθεν.

846 1629 958 1679 Τῶν
989 1626 1034 1699 γ’
1074 1624 1326 1699 Πατέρων
1338 1666 1350 1679 .

334 1753 546 1809 Λοιπὸν
601 1753 630 1806 6
698 1751 858 1814 αὐτὸς
915 1750 1043 1824 έμὸς
1093 1747 1358 1821 ἀμπελὼν
1422 1749 1482 1802 οὗ
1552 1767 1618 1819 με
1663 1745 1925 1821 πρότερον

2033 524 2168 595 quis
2227 527 2404 582 rebus
2453 545 2486 584 a
2541 529 2656 585 Deo
2701 532 2820 586 sint
2862 535 3173 603 procreati.
3206 537 3690 613 Quandoquidem

2035 629 2240 669 omnes
2283 632 2407 686 quas
2440 634 2650 674 sumus
2696 620 2752 674 in
2807 623 3052 692 mundo,
3084 630 3384 695 creatura,
3419 631 3541 688 sive
3585 651 3693 689 an-

2033 703 2177 773 geli,
2226 704 2348 758 sive
2408 705 2700 774 bomines,
2751 710 2870 765 sive
2918 711 3235 782 daemones,
3271 717 3391 772 sive
3440 718 3692 792 lapides,

2035 791 2258 848 ratione
2291 795 2604 852 creationis
2654 803 2933 870 tanquam
2967 801 3176 858 lratrcs
3207 821 3451 876 sumus;
3487 791 3692 868 omnes

2034 880 2186 935 enim
2220 898 2409 938 rerum
2443 885 2709 940 omnium
2743 886 2935 958 opifex
2967 893 3118 946 Deus
3145 892 3278 947 fecit
3318 899 3374 949 et
3404 898 3690 956 condidit.

2032 969 2256 1026 Deinde
2285 971 2422 1027 belli
2457 973 2744 1030 rationem
2791 977 3047 1033 declarat
3097 980 3185 1036 his
3220 983 3410 1040 verbis
3445 1002 3458 1040 :
3491 989 3695 1043 Posue-

2033 1063 2169 1113 runt
2225 1076 2312 1115 me
2367 1062 2642 1117 custodem
2698 1065 2758 1118 in
2809 1067 3034 1122 vineis:
3074 1072 3293 1125 vineam
3349 1091 3530 1129 meam
3583 1094 3693 1133 non

2031 1149 2334 1204 custodivi.
2369 1150 2433 1205 In
2478 1153 2751 1222 paradiso
2782 1153 2996 1226 inquit,
3030 1157 3279 1214 formata
3303 1165 3361 1216 et
3390 1163 3690 1237 collocata,

2034 1240 2100 1290 ut
2151 1238 2517 1294 observarem
2576 1243 2923 1300 mandatum
2985 1246 3152 1317 illud,
3205 1266 3276 1304 ne
3323 1254 3686 1310 comederem

2035 1325 2466 1400 intempestive,
2499 1329 2685 1403 legem
2739 1349 2852 1389 non
2900 1337 3210 1406 custodivi,
3243 1342 3524 1398 mandato
3573 1361 3686 1399 non

2034 1414 2452 1487 obtemperavi.
2482 1420 2551 1474 Et
2582 1419 2704 1477 haec
2735 1423 2976 1494 quidem
3009 1441 3142 1479 cum
3175 1429 3401 1500 angelis
3433 1431 3514 1487 ita
3545 1449 3688 1488 con-

2038 1504 2418 1574 querebatur.

2622 1625 2807 1681 Trium
2848 1629 3100 1684 Patrum.

2105 1745 2238 1800 Jam
2286 1746 2450 1802 vinea
2502 1765 2648 1820 mea,
2685 1768 2717 1804 a
2765 1768 2882 1822 qua
2931 1770 3022 1809 me
3070 1755 3332 1828 divulsit,
3386 1759 3694 1835 multiplex

334 1805 538 1809 ""“"
611 1805 621 1806 ί
708 1805 856 1814 ⁷⁷⁷⁷⁷*
946 1805 956 1824 ι
1031 1805 1043 1812 ν
1134 1805 1143 1821 ι
1552 1805 1562 1819 ι
1706 1805 1714 1821 ι
1832 1805 1841 1821 ι

267 1843 552 1912 διέστηκεν
586 1844 621 1912 ἡ
653 1841 922 1902 πολ-ὃθεος
953 1841 1159 1910 πλάνη,
1193 1839 1280 1893 καὶ
1316 1837 1390 1899 εἷς
1423 1838 1480 1892 ὃν
1513 1841 1599 1890 νῦν
1631 1835 1912 1913 ἐφυτεύθηι

2637 1805 2648 1820 ,
2780 1805 2798 1822 ι
2854 1805 2880 1807 η
3075 1805 3332 1828 _-._--.-,
3387 1805 3694 1835 .-......,......

2036 1833 2277 1889 deorum
2326 1836 2542 1904 cultus,
2576 1843 2633 1893 et
2682 1837 2740 1892 in
2773 1856 2890 1909 qua
2923 1859 3127 1900 rursus
3179 1845 3359 1903 insita
3407 1865 3537 1905 sum
3593 1868 3697 1923 per

389 1931 591 1987 πίστει.
644 1926 1000 2006 Ἀπάγγειλον
1049 1949 1183 2000 μοι,
1238 1927 1294 1981 ’ὀν
1355 1926 1636 2000 ἠγάπησεν
1686 1928 1720 1995 ἡ
1771 1925 1923 2000 ψυχὴ

274 2043 406 2094 μου,
466 2020 520 2074 έν
578 2023 656 2091 τῷ
707 2019 806 2088 τὴν
867 2016 1176 2094 ἐπιφάνειαν
1233 2019 1340 2070 τῶν
1373 2015 1643 2085 «inﬂigth
1695 2012 1926 2088 ὑπερκύ-

261 2115 391 2183 ψαι,
418 2111 507 2164 καὶ
541 2109 616 2171 εἷς
664 2107 792 2170 τοὺς
845 2106 1043 2182 λόγους
1084 2109 1191 2160 τῶν
1240 2108 1449 2174 νοητῶν
1491 2101 1822 2178 παρακῦψει,
1875 2100 1927 2156 ο⁹ί

259 2199 452 2260 καλῶς
512 2196 884 2270 θεωροῦμενοι
953 2194 1088 2270 πρὸς
1160 2195 1259 2262 τὴν
1339 2190 1598 2262 ἀλήθεια)
1681 2192 1922 2265 φέρουσι.

259 2292 370 2342 ποῦ
432 2286 746 2359 ποιμαίνεις
793 2285 1063 2362 έκτρέιρων
1125 2283 1240 2337 κατ’
1291 2282 1487 2357 ἀρετὴν
1533 2279 1623 2335 καὶ
1681 2279 1922 2348 ποτίζων

255 2377 399 2432 κατα
426 2381 628 2450 γνῶσιν
665 2373 809 2448 ὕδωρ
849 2378 950 2442 ζῶν
985 2373 1044 2428 ἐκ
1072 2379 1174 2442 τῆς
1206 2369 1430 2426 ἀεννάου
1475 2372 1652 2444 πηγῆς
1709 2369 1774 2423 τά
1833 2370 1924 2423 λο-

254 2465 386 2538 γικά
436 2459 721 2539 πρόϐατα·
771 2461 859 2517 καὶ
908 2462 1009 2538 γάρ
1061 2461 1129 2516 οὗ
1184 2461 1348 2532 μόνον
1379 2461 1414 2529 ἡ
1450 2458 1718 2532 ἄμπελος,
1774 2457 1921 2513 ἀλλά

253 2553 349 2607 καὶ
383 2554 413 2608 ὁ
472 2551 644 2613 καλὸς
676 2551 910 2624 ποιμὴν,
963 2551 1189 2614 ὁτιθεῖς
1231 2550 1331 2618 τήν
1384 2549 1568 2623 ψυχὴν
1621 2548 1752 2619 ὑπὲρ
1810 2551 1917 2601 τῶν

254 2638 581 2716 προϐάτων,
641 2639 800 2702 αὐτὸς
856 2641 949 2710 εἴ,
1003 2639 1182 2703 καθὼς
1246 2639 1296 2693 ἐν
1346 2636 1703 2712 Εὐαγγελίοις
1765 2635 1916 2712 ἔφης·

255 2733 348 2785 καὶ
382 2736 491 2785 ποῦ
521 2733 799 2798 ποιτάζεις
829 2729 880 2783 ἐν
933 2749 1066 2800 μεση
1081 2723 1270 2801 μϐρίᾳ,
1302 2732 1397 2782 τοῦ
1422 2727 1642 2782 πολλοῦ
1673 2728 1919 2799 καμάτου

258 2819 556 2875 ἀναπαύων
614 2818 666 2874 ἐν
735 2823 812 2889 τῷ
868 2817 1038 2889 ἀσκίῳ
1096 2817 1274 2887 πάσης
1325 2814 1553 2890 ψευδοῦς
1587 2816 1918 2888 ὑπολήψεως

259 2910 398 2985 φωτὶ
461 2915 564 2978 τῆς
621 2906 964 2980 ἐπιγνώσεώς
1021 2926 1163 2974 σου,
1237 2909 1335 2959 τοῦ
1409 2911 1510 2974 τῆς
1566 2901 1914 2974 δικαιοσύνης

252 2997 475 3065 Ἡλίου,
505 2996 635 3058 τοὺς
671 2995 1149 3064 ἀποπλανηθέντας
1195 2999 1294 3062 τῆς
1323 2990 1450 3047 ὁδοῦ
1488 3000 1586 3058 τῆς
1634 2990 1912 3064 ἀληθείας,

254 3088 347 3141 καὶ
410 3086 486 3149 εἲς
544 3083 829 3162 κρημνοὺς
879 3085 966 3138 καὶ
1031 3084 1294 3158 βάραθρα,
1349 3083 1444 3145 τὰς
1497 3081 1738 3145 ἐναντίας
1768 3082 1912 3159 φημῖ

2037 1923 2237 1992 ﬁdem,
2262 1927 2479 1980 Nuntia
2504 1927 2645 1982 mihi
2662 1945 2822 2000 quem
2849 1947 3034 1988 amere
3060 1936 3345 2006 complexa
3370 1946 3448 1994 est
3478 1943 3693 2009 anima,

2035 2028 2156 2067 mea
2187 2013 2326 2068 dum
2360 2031 2428 2069 ex
2459 2032 2654 2071 rerum
2688 2035 2814 2089 qua:
2847 2037 3024 2076 sensu
3059 2024 3484 2099 percipiuntur,
3518 2046 3694 2101 aspe-

2037 2107 2152 2173 ctu,
2177 2104 2246 2157 ad
2281 2120 2617 2176 earumqua:
2653 2113 2846 2163 mente
2875 2115 2932 2165 et
2962 2112 3316 2184 cogitatione
3344 2123 3499 2172 recte
3529 2135 3693 2174 com-

2038 2191 2339 2263 prehensae
2383 2195 2451 2248 ad
2485 2196 2786 2251 veritatem
2819 2199 3064 2267 ducunt,
3096 2201 3549 2275 intelligentiam
3584 2208 3692 2262 tol-

2034 2281 2206 2351 litur;
2253 2283 2352 2336 ubi
2403 2301 2610 2355 pascas
2661 2286 2890 2342 virtutis
2948 2289 3143 2344 cibum
3203 2293 3412 2349 ovibus
3467 2295 3691 2353 ratione

2033 2369 2292 2442 praeditis
2343 2389 2685 2445 suggerens,
2721 2380 2779 2431 et
2829 2394 2991 2448 aqua:
3031 2379 3172 2435 vivis.
3220 2386 3422 2452 potum
3472 2400 3540 2439 ex
3591 2403 3691 2457 pc-

2033 2459 2198 2514 renni
2243 2461 2402 2516 fonte
2438 2463 2724 2534 praebens.
2757 2469 2833 2519 Tu
2878 2465 3030 2520 enim
3067 2467 3587 2539 (quemadmodum
3619 2474 3680 2530 in

2031 2547 2358 2621 Evangeliis
2417 2551 2732 2624 proﬁteris)
2792 2571 2906 2609 non
2964 2555 3155 2612 solum
3212 2559 3349 2615 vitis
3405 2577 3499 2628 es,
3576 2565 3676 2618 sed

2028 2642 2206 2692 etiam
2242 2639 2429 2696 bonus
2461 2640 2558 2696 ille
2588 2643 2844 2713 pastor“,
2877 2644 2977 2714 qui
3024 2646 3193 2716 ponis
3225 2647 3482 2706 animam
3515 2655 3683 2707 tuam

2029 2742 2134 2796 pro
2186 2727 2390 2783 ovibus
2431 2729 2565 2785 tuis.
2601 2729 2848 2786 Ubinam
2885 2734 3077 2804 pascis
3135 2735 3193 2790 in
3243 2737 3509 2807 meridie,
3543 2740 3684 2794 dum

2030 2815 2190 2870 omni
2227 2816 2502 2873 falsitatis
2548 2821 2760 2874 umbra
2801 2821 3091 2891 discussa,
3127 2828 3188 2879 tu
3222 2825 3322 2896 qui
3353 2843 3414 2882 es
3438 2828 3685 2898 justitiaz

2030 2903 2148 2973 Sol,
2173 2922 2306 2960 oves
2328 2906 2398 2960 de
2423 2907 2685 2964 veritatis
2714 2909 2807 2965 via
2829 2910 3211 2981 declinantes,
3238 2915 3685 2989 praacipitesque

2026 2991 2086 3047 in
2118 2993 2462 3064 opinionum
2514 2997 2978 3068 perniciosarum
3031 3002 3376 3059 barathrum
3425 3011 3682 3076 ruentes,

2023 3083 2376 3152 cognitionis
2425 3088 2538 3140 tum
2567 3084 2698 3141 luce
2739 3088 3064 3158 perfundis,
3098 3095 3155 3145 et
3184 3107 3218 3145 a
3248 3092 3445 3148 labore
3494 3093 3677 3150 nimio

253 3173 439 3245 δόξας,
492 3175 908 3248 κατασυρέντας.
953 3175 1083 3229 Εἶτα
1124 3171 1356 3235 θέλουσα
1400 3173 1499 3240 τὴν
1551 3171 1724 3227 αἰτίαν
1778 3173 1908 3226 ἀνα·

2028 3171 2305 3226 recreas?
2358 3175 2526 3239 Tum,
2586 3179 2650 3228 ut
2704 3191 2940 3232 causam
2999 3178 3233 3246 doceat,
3289 3184 3673 3251 quamobrem

251 3261 494 3334 διδάξαι,
522 3260 594 3317 δι’
626 3265 687 3331 ἣν
723 3267 874 3332 ζητεῖ
909 3266 1095 3333 μαθεῖν
1125 3261 1218 3316 τὸν
1245 3261 1412 3316 τόπον
1444 3259 1494 3315 ἒν
1544 3261 1590 3333 ᾧ
1632 3261 1912 3334 ποιμαίνει

248 3374 310 3407 τε
339 3354 430 3406 καὶ
460 3352 727 3420 κοιτάζει,
761 3352 834 3412 ὡς
865 3347 1099 3424 εἷ’ρηται,
1133 3351 1160 3404 6
1190 3349 1358 3412 καλὸς
1392 3352 1623 3422 ποιμὴν,
1660 3351 1908 3428 φησί’Μή

253 3463 391 3496 ποτε
422 3441 666 3515 γένωμαι
700 3440 774 3501 ὡς
807 3434 1258 3514 περιϐαλλομένη
1295 3437 1376 3493 ἐπ’
1416 3438 1634 3515 ἀγέλαις
1684 3437 1908 3514 ἑταίρων

254 3552 375 3598 σου,
417 3529 607 3604 ἤγουν,
642 3530 870 3599 Μήποτε
901 3527 952 3582 ἐν
983 3532 1062 3599 τῷ
1100 3533 1199 3596 τῆς
1227 3534 1329 3596 σῆς
1359 3524 1709 3589 διδασκαλίας
1743 3527 1910 3601 ἀμοι-

255 3627 442 3696 ρῆσαι,
473 3618 721 3694 γένωμαι
756 3618 828 3679 ὡς
859 3615 1053 3691 ψεῦδος
1087 3613 1407 3689 ένδεδυμένη
1460 3616 1542 3670 ἐπ’
1593 3615 1910 3692 ἀλλοτρίαις

252 3712 350 3762 τοῦ
379 3712 478 3762 σοῦ
508 3707 771 3778 ποιμνίου
819 3706 1064 3782 ἀγέλαις,
1110 3712 1211 3775 τῆς
1265 3705 1480 3781 ἀγνοίας
1520 3712 1618 3775 τῆς
1651 3704 1910 3775 ἀληθείας

255 3795 701 3873 συναγελασάσης
737 3817 824 3869 με.

898 3921 1008 3977 Τοῦ
1040 3917 1285 3974 Ψ“ελλοῦ.

322 4040 384 4096 Ἠ
445 4038 637 4115 νύμφη
708 4040 857 4111 γοῦν,
908 4035 1232 4110 προκόψασα
1284 4036 1476 4110 μικρὸν
1527 4035 1576 4089 ἐν
1628 4056 1907 4108 μετανοιᾳ,

253 4133 421 4203 φωνεῖ
487 4125 724 4201 μεγάλα,
773 4126 862 4180 καὶ
915 4130 1064 4197 ζητεῖ
1125 4126 1216 4180 τὸν
1274 4125 1452 4199 Λόγον
1501 4125 1590 4179 καὶ
1646 4127 1904 4204 νυμφίον.

255 4217 396 4286 Φησῖ
443 4217 544 4291 γάρ
605 4213 752 4268 οὕτω
812 4215 950 4288 πρὸς
1008 4213 1192 4280 αὐτὸν,
1252 4212 1432 4286 ὥσπερ
1461 4214 1635 4288 ἐρῶσα
1690 4219 1904 4270 τοῦτονυ

250 4303 613 4380 Ἀπάγγειλόν
683 4324 777 4376 μοι
831 4303 888 4357 ὃν
944 4303 1227 4376 ἠγάπησεν
1287 4305 1321 4371 ἡ
1373 4305 1526 4377 ψυχή
1599 4325 1742 4376 μου,
1801 4309 1906 4360 ποῦ

251 4394 588 4464 ποιεααίνεις,
677 4396 782 4447 ποῦ
852 4392 1121 4460 κοιτάζεις
1178 4391 1229 4445 έν
1291 4387 1650 4467 μεσημϐρίας
1705 4395 1902 4463 (bno-iw

249 4485 342 4539 Ἐν
373 4485 524 4559 τάχει
583 4483 708 4556 Λέγε
772 4501 886 4554 μοι,
919 4485 1024 4534 ποῦ
1056 4480 1383 4553 ποιμαίνεις,
1416 4483 1520 4536 ποῦ
1550 4483 1842 4554 κοιτάζεις,
1875 4485 1902 4538 6

250 4572 426 4644 Λόγος
474 4574 535 4627 ὃν
582 4571 848 4645 ἠγάπησα
898 4573 1086 4644 ψυχῆς
1129 4569 1296 4638 αὐτῆς
1329 4569 1388 4624 ἐκ
1423 4571 1612 4644 μέσης.
1666 4573 1755 4628 Ἐν
1807 4593 1904 4645 με·

252 4656 496 4736 σημϐρίᾷ
556 4662 635 4734 μή
697 4680 831 4714 ποτε
886 4661 1177 4729 κοιτάζεις,
1230 4660 1546 4737 ὧνυμφίε;
1601 4660 1899 4735 Πέπεισμαι

248 4751 359 4824 γὰρ
393 4753 642 4823 καθαρῶς
695 4747 748 4803 ἐν
801 4743 1119 4824 μεσημϐρίᾳ
1183 4747 1378 4820 μένειν,
1442 4747 1610 4823 ἤγουν
1665 4749 1739 4812 εἰς
1788 4757 1902 4829 φῶς

249 4839 540 4911 ἀπρόσιτον
581 4835 712 4910 μηδ’
765 4836 911 4899 ὅλως
943 4837 1098 4891 σκιάν
1151 4834 1302 4912 ἔχον.
1349 4839 1517 4901 Ἔνθα
1560 4840 1628 4893 τὰ
1659 4836 1904 4914 πρόϐατα

245 4927 319 4980 τά
350 4928 411 4980 σὲ
438 4928 774 4999 ποιμαίνεις,
828 4929 962 4980 Θεοῦ
1011 4925 1172 5002 Λόγε,
1219 4925 1308 4981 καὶ
1358 4929 1710 4992 κατατάττεις
1766 4929 1903 4998 ἀλη-

247 5021 366 5080 θῶς
392 5017 523 5092 φωτὶ
557 5019 653 5070 τοῦ
704 5019 800 5069 σοῦ
831 5015 1132 5089 προσώπου
1173 5015 1232 5069 ἂν
1283 5015 1334 5069 έν
1389 5015 1576 5089 ἐκείνῳ
1629 5019 1901 5094 φθάσωσιν

241 5109 419 5158 ταῦτά
466 5125 550 5159 σοι
606 5108 991 5167 καθυπνοῦντι.
1040 5106 1173 5160 Εἶτα
1213 5105 1314 5174 τήν
1371 5104 1582 5176 πλάνην
1631 5109 1906 5183 τρέμουσα

240 5197 354 5257 τῆς
408 5195 538 5269 πρὸς
597 5192 802 5248 ἐκεῖνον
851 5187 1070 5265 τρίϐου,
1131 5195 1263 5270 φησί
1312 5195 1474 5249 τοῦτο
1533 5196 1670 5271 πρὸς
1720 5195 1902 5270 αὐτὸν,

243 5283 490 5337 τουτέστι
554 5282 647 5336 τὸν
697 5280 954 5357 νυμφίον·
1007 5283 1100 5352 Μή
1156 5303 1288 5338 ποτε
1335 5285 1578 5358 γένωμαι
1635 5285 1709 5347 ὡς
1751 5307 1902 5361 περι-

248 5369 583 5442 πλανωμένη
654 5369 741 5424 ἀπ’
816 5366 1039 5445 ἀγέλαις
1113 5371 1336 5446 ἑταίρων
1418 5394 1534 5429 σου.
1609 5376 1723 5444 Τὴν
1795 5379 1902 5430 τῶν

246 5452 539 5533 προϐάτων
570 5479 668 5512 σου
699 5459 895 5531 νομήν,
931 5458 1120 5535 φησὶν,
1147 5460 1478 5537 ἀπάγγειλον
1513 5483 1628 5536 μοι.
1681 5461 1906 5520 Δέδοικα

329 5636 356 5670 ⁸
383 5636 543 5694 Joan.
577 5655 657 5707 xx,
693 5637 779 5692 14.

1935 4529 1984 4594 D

2023 3263 2418 3330 percontetur,
2452 3279 2566 3334 quo
2605 3263 2665 3318 in
2718 3263 2842 3319 loco
2893 3271 3115 3336 pascat,
3148 3271 3205 3322 et
3236 3269 3428 3337 cubet,
3462 3275 3525 3324 ut
3555 3272 3675 3326 dic-

2024 3356 2147 3404 tum
2178 3355 2288 3418 est,
2323 3352 2512 3408 bonus
2558 3358 2760 3424 pastor
2792 3373 2805 3409 :
2839 3356 2916 3410 Ne
2959 3357 3200 3426 quando,
3236 3358 3448 3430 inquit,
3496 3362 3676 3418 vetuli

2020 3440 2393 3495 circumventa
2435 3441 2808 3512 deprchendar
2837 3445 2981 3500 inter
3009 3462 3199 3515 greges
3226 3447 3501 3503 sodalium
3540 3456 3672 3505 tuo-

2021 3544 2167 3598 rum,
2199 3528 2309 3584 hoc
2355 3535 2462 3586 est.
2498 3531 2578 3586 Ne
2627 3534 2863 3603 quando
2919 3535 3120 3606 procul
3172 3553 3205 3590 a
3256 3536 3521 3594 doctrina
3572 3546 3672 3595 tua

2021 3623 2264 3685 remota,
2299 3620 2622 3676 mendaciis
2670 3622 3122 3679 circumscribar
3164 3624 3316 3680 inter
3359 3642 3566 3699 greges
3600 3631 3670 3684 ab

2023 3706 2157 3762 ovili
2197 3709 2494 3778 sejunctos
2545 3715 2665 3779 tuo,
2699 3712 2963 3768 veritatis
3011 3713 3248 3769 inscitia
3279 3731 3372 3770 me
3421 3717 3491 3771 ad
3541 3717 3672 3774 illos

2021 3802 2397 3870 aggregante.

2741 3923 2939 3980 Pselli.

2091 4039 2318 4107 Sponsa
2355 4039 2555 4111 igitur,
2589 4056 2721 4094 cum
2774 4039 3017 4111 paulum
3049 4041 3108 4096 in
3142 4043 3488 4114 pcenifentia
3537 4061 3672 4116 pro-

2018 4143 2222 4198 gressa
2253 4127 2348 4195 sit,
2375 4145 2589 4199 magna
2620 4128 2898 4199 loquitur,
2923 4134 2977 4185 et
2999 4131 3258 4187 Verbum
3283 4151 3350 4187 ac
3374 4134 3670 4206 Sponsum

2018 4217 2244 4288 quaerit.
2277 4217 2371 4272 Sic
2421 4218 2579 4273 enim
2615 4217 2830 4290 ipsum,
2864 4223 3146 4290 tanquam
3179 4237 3376 4278 amore
3423 4223 3480 4279 in
3533 4241 3669 4280 eum

2016 4305 2274 4374 incitata,
2307 4307 2623 4378 compellat
2654 4324 2666 4360 :
2703 4308 2892 4363 Indica
2923 4309 3086 4374 mihi,
3117 4326 3279 4381 quem
3312 4311 3516 4368 dilexit
3545 4316 3668 4369 ani-

2015 4412 2105 4450 ma
2139 4412 2280 4464 mea,
2311 4396 2414 4450 ubi
2439 4413 2651 4466 pascas,
2682 4396 2778 4451 ubi
2819 4399 2979 4453 cubes
3009 4399 3070 4452 in
3107 4401 3358 4455 meridie.
3393 4403 3668 4457 Actutum

2015 4484 2128 4554 die,
2171 4483 2386 4555 inquit.
2423 4484 2587 4554 mihi,
2623 4485 2721 4540 ubi
2770 4486 2985 4557 pascis,
3019 4487 3118 4541 ubi
3153 4491 3355 4556 cubas,
3388 4489 3669 4559 Verbum,

2017 4573 2171 4644 quod
2227 4589 2294 4628 ex
2345 4573 2556 4628 intima
2603 4573 2801 4628 anima
2851 4575 3026 4630 dilexi
3073 4592 3220 4630 mea.
3256 4577 3556 4649 Numquid
3608 4580 3668 4633 in

2012 4661 2253 4718 meridie
2285 4662 2562 4736 quiescis,
2594 4679 2808 4733 sponse
2841 4663 2965 4718 mi?
2997 4665 3348 4720 Persuasum
3383 4668 3539 4722 enim
3567 4667 3670 4722 ha-

2012 4751 2142 4821 beo,
2173 4755 2227 4805 te
2260 4751 2485 4823 puriter
2523 4750 2847 4818 meridiari,
2879 4752 2936 4806 in
2987 4751 3116 4808 luce
3171 4753 3450 4810 nimirum
3501 4756 3662 4812 inac-

2013 4857 2198 4910 cessa,
2232 4841 2303 4894 ab
2343 4841 2501 4894 omni
2551 4857 2790 4910 prorsus
2841 4842 3050 4897 umbra
3097 4847 3344 4899 remota.
3379 4845 3485 4900 Ubi
3533 4863 3667 4902 oves

2011 4931 2146 4983 tuas
2177 4927 2388 4999 pascis,
2422 4928 2522 4983 Dei
2555 4929 2828 4998 Verbum,
2863 4947 2928 4985 ac
2970 4947 3101 4986 vere
3132 4931 3396 4988 illustres
3445 4934 3666 4991 lumine

2013 5034 2275 5090 personae
2306 5021 2439 5086 tuae,
2474 5017 2522 5072 si
2554 5017 2612 5072 in
2641 5017 2739 5074 illo
2771 5019 2842 5073 ad
2874 5024 2931 5074 te
2963 5019 3366 5091 quiescentem
3400 5040 3663 5080 accesse-

2014 5107 2152 5162 rint.
2188 5110 2394 5161 Postea
2423 5107 2958 5180 pertimescens,ne
2984 5111 3212 5166 aberret
3244 5129 3277 5168 a
3299 5113 3509 5169 semita
3540 5131 3666 5186 qua:

2015 5197 2086 5252 ad
2117 5211 2402 5268 sponsum
2435 5194 2617 5258 ducit,
2653 5195 2771 5252 haec
2814 5197 2952 5253 item
2987 5199 3058 5254 ad
3111 5198 3274 5254 illum
3307 5202 3484 5275 verba
3534 5221 3666 5275 pro-

2015 5285 2294 5341 nuntiat:
2338 5286 2414 5342 Ne
2443 5286 2659 5357 quando
2707 5286 2969 5342 oberrans
3018 5289 3077 5343 in
3124 5289 3397 5346 sodalium
3445 5299 3667 5349 tuorum

2013 5391 2200 5446 greges
2241 5378 2545 5443 incurram,
2580 5375 2774 5430 ovium
2811 5380 3046 5431 tuarum
3080 5395 3364 5449 pascuum
3398 5381 3665 5438 demons-

2016 5467 2106 5520 tra
2149 5464 2314 5521 mihi.
2349 5468 2564 5521 Vereor
2597 5463 2772 5536 enim,
2798 5481 2869 5520 ne
2902 5483 3111 5522 cursus
3165 5485 3360 5526 errore
3401 5475 3667 5544 provecta
