4042 6198
389 330 497 389 551

1725 318 2152 381 MICHAELIS
2196 317 2469 379 PSELL!

3671 321 3792 381 552

389 465 595 534 praeter
625 475 789 531 spem
820 457 880 513 in
903 473 1105 529 greges
1130 459 1188 511 et
1218 471 1435 528 pascua
1458 452 1700 508 forsitan
1729 451 2022 507 haedorum

2142 447 2243 523 γάρ
2307 449 2382 520 μὴ
2440 446 2708 519 πλανηθῷ
2761 445 3041 523 δραμοῦσα
3101 454 3226 523 παρ’
3280 446 3475 504 έλπίδα
3528 450 3665 525 πρὸς
3696 452 3794 514 τὰς

388 553 567 618 lerar;
602 556 779 620 alque
812 548 891 602 ita
921 546 1152 617 lengius
1182 543 1426 598 divellar
1464 542 1535 597 ab
1568 542 1775 597 ovibus
1806 540 1947 609 tuis,
1980 544 2038 595 et

389 640 662 695 sinistras
691 636 989 692 haedorum
1024 638 1219 706 partes
1250 632 1723 696 obtineam,cum
1756 634 2032 698 tanquam

384 726 631 784 humani
664 724 895 797 generis
932 724 1117 794 judex
1156 719 1398 776 sederis.
1433 719 1563 774 Haec
1594 718 1793 774 anima
1825 717 2038 789 pudica

385 822 441 873 et
469 816 696 872 Christo
727 814 1082 884 desponsata
1112 810 1184 864 ad
1212 809 1504 880 Sponsum
1537 807 1733 863 locuta
1754 810 1864 874 est,
1890 820 2038 860 com-

388 909 535 963 mori
566 903 830 959 celeriter
870 918 1003 956 cum
1046 899 1174 971 ipso
1205 897 1468 970 cupiens.
1502 897 1586 952 Tu
1639 900 1836 952 autem
1888 893 2033 949 mihi

386 1010 661 1067 sponsam
695 991 907 1063 cogita,
933 994 997 1044 ut
1027 989 1083 1043 in
1116 993 1487 1059 argumento,
1517 990 1738 1042 castam
1773 984 2033 1041 animam

382 1084 735 1150 illam,cum
788 1095 996 1149 magno
1039 1076 1215 1132 Paulo
1265 1077 1335 1131 ad
1387 1075 1623 1130 tertium
1674 1073 1908 1138 caelum,
1940 1090 2033 1127 ar-

382 1189 526 1228 cana
557 1171 780 1226 ratione
812 1167 1131 1233 sublatam,
1166 1182 1434 1238 supernae
1468 1164 1818 1230 Jerusalem,
1852 1162 1909 1218 id
1943 1168 2035 1219 est

381 1259 638 1331 angelos.
674 1258 787 1313 Sed
835 1256 1165 1325 videamus,
1198 1254 1340 1325 quid
1385 1253 1585 1308 dicant
1631 1251 1805 1307 etiam
1859 1251 2033 1305 amici

384 1347 610 1420 sponsi,
633 1363 781 1418 quos
811 1343 977 1398 initio
1000 1341 1257 1396 diximus
1283 1356 1412 1395 esse
1444 1339 1593 1394 filias
1618 1356 1631 1395 :
1655 1342 1712 1393 et
1742 1337 2033 1408 quomodo

385 1437 587 1509 sponsi
616 1435 807 1490 cubile
829 1434 1257 1488 demonstrent.
1291 1429 1390 1484 His
1422 1428 1576 1483 enim
1607 1426 1797 1482 verbis
1826 1442 2032 1499 puram

381 1527 667 1597 virginem
702 1523 1086 1593 alloquuntur
1117 1537 1131 1575 :

2147 534 2345 611 ἀγέλας
2396 537 2483 591 καὶ
2534 536 2707 609 νομὰς
2749 534 2876 599 ἴσως
2917 537 3011 599 τὰς
3052 542 3160 592 τῶν
3215 536 3411 614 ἐρίφων
3439 556 3451 570 ·
3510 538 3793 602 κάντεῦθεν

2147 623 2503 699 έλαθήσωμαι
2570 625 2776 701 μακρὰν
2831 630 2939 681 τῶν
3000 630 3107 681 σῶν
3166 621 3479 701 προϐάτων,
3531 626 3621 682 καὶ
3681 633 3794 683 τῶν

2147 712 2345 790 ἐρίφων
2377 712 2621 790 κερδανῶ
2649 714 2743 776 τὰς
2776 713 3091 787 εὐωνύμους
3129 716 3345 788 μοίρας,
3392 715 3514 772 ὅταν
3565 715 3796 792 καθίσῃς

2145 803 2219 863 ὡς
2270 805 2461 878 κριτής
2515 808 2612 859 τοῦ
2671 803 2861 879 γένους
2916 810 3023 859 τῶν
3083 804 3407 879 ἀνθρώπων.
3461 808 3642 863 Ταῦτα
3697 807 3796 879 μὲν

2144 891 2235 946 οὗν
2290 891 2573 967 ἐφθέγξατο
2633 892 2850 954 πάντως
2917 894 3053 969 πρὸς
3101 894 3191 948 τὸν
3223 894 3451 971 νυμφίον
3502 897 3537 964 ἡ
3589 898 3795 971 παρθε-

2142 978 2367 1035 νεύουσα
2412 982 2564 1058 ψυχῆ
2615 981 2706 1036 καὶ
2767 982 3316 1060 νυμφοστολισθεῖσα,
3347 983 3435 1038 καὶ
3470 983 3791 1059 βουλομένη

2142 1074 2222 1141 τῷ
2255 1075 2469 1146 Χριστῷ
2514 1072 2659 1147 τάχα
2708 1074 3163 1145 συννεκρωθῆναι.
3217 1073 3291 1127 Σὺ
3342 1070 3398 1128 δέ
3431 1094 3521 1146 μοι
3570 1073 3793 1151 νύμφην

2143 1159 2343 1229 νόησον
2369 1158 2549 1234 ὥσπερ
2582 1160 2633 1214 έν
2680 1161 2929 1223 ὑποθέσει
2966 1162 3067 1230 τήν
3101 1162 3529 1237 παρθενεύουσαν
3574 1166 3789 1239 ψυχὴν,

2141 1250 2240 1317 τὴν
2272 1253 2368 1304 τοῦ
2402 1248 2642 1324 μεγάλου
2696 1249 2917 1306 Παύλου
2946 1254 3042 1305 τοῦ
3081 1251 3215 1325 πρὸς
3263 1252 3391 1313 τοὺς
3439 1251 3657 1325 τρίτους
3703 1254 3791 1309 ούο

2145 1338 2333 1413 ρανοὺς
2375 1337 2630 1414 ἀρθέντος
2678 1339 3005 1416 ἀπορῥήτως
3059 1347 3161 1410 τῆς
3218 1338 3329 1395 ἅνω
3382 1340 3789 1415 Ἰερουσαλὴμ,

2141 1429 2384 1483 τουτέστι
2436 1428 2562 1489 τοὺς
2620 1426 2912 1505 ἀγγέλους.
2952 1426 3106 1486 Ἀλλ’
3156 1427 3357 1501 ἴδωμεν
3387 1431 3477 1484 καὶ
3518 1430 3571 1485 τί
3629 1453 3791 1508 φασιν

2144 1517 2196 1569 οἱ
2258 1515 2413 1593 φίλοι
2463 1517 2560 1571 τοῦ
2616 1515 2877 1595 νυμφίου,
2922 1517 3011 1572 καὶ
3055 1518 3172 1581 πῶς
3219 1515 3555 1573 διδάσκουσιν
3614 1521 3789 1589 αύτὴν

378 1617 479 1685 τὴν
511 1616 701 1683 κοίτην
733 1616 829 1666 τοῦ
860 1609 1117 1688 νυμφίου,
1153 1606 1245 1671 οὕς
1274 1608 1388 1661 κατ’
1417 1605 1593 1682 ἀρχάς
1626 1604 1920 1678 ε“ρήκαμεν
1949 1608 2044 1659 τοῦ
2076 1604 2256 1682 Λόγου
2288 1606 2603 1682 θυγατέρας.
2640 1607 2780 1662 Φασὶ
2808 1607 2908 1685 γάρ
2941 1606 3084 1663 οὕτω
3114 1609 3252 1685 πρὸς
3282 1608 3447 1678 αὐτὴν
3479 1612 3577 1680 τήν
3622 1623 3792 1676 καθα-

382 1704 476 1781 ρὰν
510 1701 794 1776 παρθένον.

452 1811 509 1866 Si
560 1814 781 1880 ignoras
828 1816 877 1862 te
919 1808 1122 1877 ipsam,
1172 1822 1205 1859 ο
1251 1803 1489 1876 pulchra
1546 1804 1692 1858 inter
1750 1802 2027 1872 mulieres,
2063 1819 2107 1885 Β

380 1900 639 1971 egredere
668 1907 725 1953 tu
758 1900 818 1952 in
848 1897 1093 1965 vestigiis
1121 1910 1348 1966 gregum
1380 1901 1620 1962 tuorum,
1645 1900 1699 1947 et
1723 1908 1885 1964 pasce
1912 1891 2027 1948 h2-

379 1990 477 2045 dos
508 1997 625 2043 tuos
658 1990 717 2042 in
749 1985 1133 2042 tabernaculis
1159 1993 1464 2056 pastorum.

450 2170 495 2223 Ο
538 2170 724 2236 casta,
775 2164 1074 2235 inquiunt,
1125 2161 1325 2217 anima
1372 2177 1439 2216 ac
1485 2160 1839 2229 veneranda,
1872 2159 1919 2214 si
1954 2159 2026 2214 ad

380 2257 574 2311 ovium
628 2270 831 2326 greges
891 2252 1057 2323 cupis
1112 2250 1433 2324 pervenire,
1484 2265 1660 2305 nosce
1710 2254 1764 2303 te
1812 2248 2024 2318 ipsam,

377 2345 571 2417 qualis
605 2344 755 2399 facta
802 2342 1061 2410 sis,cum
1114 2344 1289 2395 antea
1337 2338 1483 2393 nihil
1533 2338 1772 2394 omnino
1824 2337 2024 2404 fueris,

377 2435 672 2507 quomodo
720 2432 947 2487 Domini
1008 2429 1266 2501 imagine
1322 2429 1406 2483 sis
1454 2428 1745 2483 decorata.
1778 2426 2025 2482 Omnem

380 2523 585 2578 mundi
647 2522 908 2577 fraudem
959 2518 1208 2583 declina,
1244 2524 1301 2573 et
1349 2517 1594 2589 vestigia
1646 2532 1890 2588 gregum
1941 2513 2023 2570 sic

377 2611 635 2684 explora,
670 2615 732 2664 ut
781 2626 909 2681 quas
958 2608 1029 2663 ad
1063 2607 1214 2662 viam
1265 2606 1517 2677 amplam
1571 2605 1868 2676 latamque
1913 2605 2025 2658 du-

375 2705 536 2769 cunt,
584 2698 877 2770 despicias
935 2701 1109 2769 atque
1155 2695 1396 2751 oderis:
1443 2698 1581 2750 sunt
1627 2693 1781 2749 enim
1830 2694 2023 2749 haedo-

377 2806 530 2844 rum.
564 2789 698 2853 Quae
730 2804 862 2843 vero
908 2787 979 2841 ad
1030 2784 1237 2840 callem
1270 2788 1590 2855 angustum
1637 2788 1813 2855 atque
1853 2798 2022 2854 aspe-

378 2896 509 2935 rum
563 2878 836 2944 tendunt,
900 2874 1115 2946 diligas
1172 2877 1231 2928 et
1286 2871 1693 2943 complecteris
1757 2889 1770 2928 :
1825 2872 2022 2928 ovium

377 2968 533 3024 enim
586 2970 743 3023 sunt.
797 2964 1042 3021 Proinde
1090 2978 1247 3034 cave,
1287 2977 1358 3017 ne
1406 2962 1707 3017 haedorum
1760 2961 2023 3034 vestigiis

378 3055 690 3129 decipiare.

900 3162 983 3216 Ea:
1012 3159 1188 3216 tribus
1217 3159 1498 3215 Patribus.

448 3251 828 3323 Respondens
860 3250 1040 3322 igitur
1059 3250 1131 3305 ad
1154 3248 1307 3305 hanc
1327 3265 1394 3304 ex
1420 3247 1695 3321 gentibus
1716 3245 2020 3311 collectam

373 3340 691 3397 Ecclesiam
726 3340 931 3396 Pastor
969 3338 1181 3406 bonus,
1212 3346 1266 3393 et
1312 3341 1576 3409 Sponsus
1606 3335 1797 3407 ipsius
1830 3349 1845 3395 :
1878 3334 2022 3390 Sile

374 3432 577 3503 ipsam,
612 3428 826 3500 inquit,
859 3444 967 3484 non
1012 3428 1200 3483 nosti:
1229 3426 1279 3481 si
1331 3426 1564 3498 ignoras
1613 3429 1669 3480 te
1720 3423 1930 3495 ipsam,
1960 3422 2017 3477 in

373 3536 491 3590 qua
519 3536 621 3591 ego
654 3517 754 3590 qui
785 3515 1191 3573 circumscribi
1224 3531 1470 3587 nequeo,
1499 3514 1829 3585 descriptus
1859 3528 2017 3582 sum,

372 3613 429 3665 et
459 3609 612 3665 sicut
655 3607 714 3662 in
748 3605 1005 3679 imagine
1050 3604 1455 3676 archetypum,
1488 3619 1693 3659 cernor
1727 3619 1739 3656 :
1771 3605 1829 3657 et
1859 3619 1893 3656 a
1922 3618 2017 3655 ra-

373 3698 528 3753 tione
554 3696 775 3751 alienos
801 3711 1011 3751 sensus
1035 3698 1167 3749 tuos
1198 3692 1425 3765 corrigo
1451 3708 1463 3747 :
1487 3696 1544 3747 et
1564 3690 2019 3747 comminatione

371 3786 537 3858 quasi
569 3786 751 3857 virga,
778 3782 1205 3856 promissisque
1228 3786 1505 3852 tanquam
1541 3779 1740 3835 ﬁstula
1765 3780 1834 3835 ad
1858 3784 2019 3836 aster-

370 3892 475 3930 nas
504 3879 558 3930 te
581 3873 779 3930 caulas
803 3874 974 3942 duco,
1001 3872 1056 3926 in
1084 3869 1300 3943 quibus
1326 3870 1585 3925 secundo
1610 3869 1861 3925 adventu
1890 3884 2016 3925 meo

369 3968 423 4020 te
457 3963 666 4020 faciam
707 3961 1140 4033 conquiescere,
1172 3976 1305 4015 cum
1339 3963 1579 4032 propter
1623 3957 2018 4031 incorruptio-

370 4070 500 4108 nem
538 4057 711 4124 atque
742 4048 1244 4107 immortalitatem
1279 4047 1441 4104 nulla
1470 4052 1525 4104 te
1553 4048 1763 4103 umbra
1796 4052 2019 4119 pertur-

364 4142 671 4198 bationum
724 4139 1052 4212 occupabit.
1089 4139 1127 4195 0
1156 4139 1395 4210 pulchra
1443 4140 1589 4194 inter
1635 4138 1917 4205 mulieres,
1952 4153 2019 4193 ac

366 4231 634 4304 speciosa
679 4233 916 4304 propter
944 4228 1119 4283 ﬁdem
1151 4232 1209 4283 et
1238 4227 1585 4283 cbaritatem
1640 4242 1779 4299 erga
1810 4242 1924 4297 me,
1957 4227 2017 4281 in

363 4320 525 4375 omni
555 4325 727 4392 gente
759 4316 1121 4373 infidelitatis
1152 4316 1351 4373 morbo
1391 4315 1716 4383 laborante,
1740 4320 1795 4372 et
1825 4315 2019 4370 carnis

363 4408 764 4481 voluptatibus
804 4406 1085 4474 involuta,
1119 4407 1383 4476 egredere
1415 4412 1497 4460 tu.
1532 4406 1641 4473 Tu,
1675 4404 1938 4475 inquam,
1968 4421 2021 4477 si

366 4498 471 4554 tibi
498 4516 557 4554 es
589 4497 908 4570 incognita,
934 4496 982 4551 si
1011 4494 1360 4569 mysterium
1386 4498 1554 4550 tuum
1578 4493 1876 4550 intellectu
1907 4510 2023 4550 non

2209 1802 2331 1858 Ἐάν
2394 1805 2470 1875 μή
2541 1808 2686 1877 γνῶς
2750 1806 3016 1875 σεαυτὴν,
3088 1807 3123 1875 ἡ
3183 1804 3327 1875 καλή
3393 1806 3443 1862 ἐν
3516 1808 3785 1883 γυναιξίν,

2140 1890 2317 1964 ἔξελθε
2388 1891 2451 1946 τὺ
2527 1891 2578 1947 ἐν
2646 1894 2897 1969 πτέρναις
2970 1898 3079 1951 τῶν
3147 1896 3419 1969 ποιμνίων
3493 1919 3611 1969 σου,
3692 1900 3782 1954 καὶ

2136 1979 2400 2055 ποίμαινε
2469 1980 2596 2044 τοὺς
2668 1981 2887 2061 ἐρίφους
2962 2004 3058 2039 σου
3126 1983 3212 2038 ἐπὶ
3294 1987 3618 2061 σκηνώμασῖ
3671 1992 3783 2043 τῶν

2136 2090 2229 2125 ποι
2241 2072 2413 2143 μένων
2427 2114 2438 2125 .

2206 2161 2272 2214 Ὦ
2323 2159 2722 2235 παρθενεύουσα
2768 2162 2945 2237 ψυχὴ,
2978 2163 3127 2240 φασὶ,
3176 2161 3264 2217 καὶ
3308 2158 3597 2236 σεϐασμία,
3627 2164 3784 2242 εἴπερ

2136 2250 2320 2313 ποθεῖς
2388 2244 2711 2305 καταλαϐεῖν
2781 2248 2982 2325 ἀγέλας
3053 2256 3159 2307 τῶν
3234 2247 3547 2327 προϐάτων,
3607 2259 3785 2329 γνῶθι

2137 2338 2338 2407 σαυτὴν
2393 2338 2477 2400 τίς
2533 2338 2794 2413 πέφυκας,
2843 2341 2905 2395 τὸ
2963 2340 3087 2415 πρὶν
3150 2338 3262 2395 οὔδ’
3322 2340 3467 2405 ὅλως
3502 2341 3653 2413 οὖσα,
3688 2346 3783 2400 καὶ

2134 2430 2249 2488 πῶς
2305 2426 2463 2481 εἰκὼν
2516 2428 2803 2501 τετίμησαι
2858 2430 3147 2505 τυγχάνειν
3196 2434 3292 2485 τοῦ
3336 2431 3626 2501 Δεσπότου,
3687 2435 3784 2489 καὶ

2133 2513 2311 2584 πάσης
2371 2516 2792 2587 μετανάστευσον
2861 2519 2959 2586 τῆς
3034 2525 3307 2592 κοσμικῆς
3374 2519 3605 2591 ἀπάτης,
3683 2525 3782 2578 καὶ

2134 2600 2291 2679 δεῦρο
2321 2602 2755 2661 κατασκόπευσον
2790 2604 2916 2682 ἴχνη
2966 2606 3032 2661 τά
3060 2612 3165 2662 τῶν
3217 2610 3512 2682 ποιμένων,
3560 2612 3649 2667 καὶ
3712 2613 3783 2667 τά

2136 2693 2231 2765 μὶν
2261 2689 2388 2747 ὅντα
2417 2694 2553 2768 πρὸς
2586 2692 2708 2750 ὁδὸν
2746 2694 2991 2770 μεγάλην
3022 2696 3112 2751 καὶ
3144 2695 3779 2775 πλατεῖαν,βδελύχθητι

2130 2782 2219 2836 καὶ
2264 2784 2518 2855 μίσησον·
2552 2783 2654 2838 εἰσὶ
2685 2786 2784 2860 γάρ
2810 2790 2919 2840 τῶν
2953 2784 3174 2863 ἐρίφων·
3220 2788 3286 2840 τά
3317 2784 3373 2841 δὲ
3404 2788 3538 2862 πρὸς
3586 2786 3782 2862 τρίϐον

2130 2892 2351 2943 κειμενα
2383 2873 2568 2941 στενὴν
2599 2874 2689 2927 καὶ
2716 2872 3084 2947 τεθλιμμένην
3115 2875 3393 2951 ἀγάπησον
3432 2879 3519 2931 καὶ
3569 2878 3781 2952 κράτη-

2132 2978 2246 3014 σον·
2280 2960 2381 3015 εἶσὶ
2414 2963 2518 3037 γάρ
2543 2966 2650 3016 τῶν
2683 2959 2994 3035 προϐάτων.
3030 2963 3268 3040 χρόσεχε
3300 2965 3388 3019 οὗν
3436 2966 3513 3039 μὴ
3562 2980 3782 3039 πλανηι

2132 3051 2228 3120 θῇς
2260 3047 2311 3104 ἐν
2345 3051 2593 3127 πτέρναις
2619 3055 2727 3106 τῶν
2759 3050 2974 3129 ἐρίφων.

2697 3160 2819 3215 Τῶν
2850 3160 2897 3234 γ’
2926 3158 3173 3235 Πατέρων
3185 3202 3197 3216 .

2204 3244 2655 3321 ’Δποκρινόμενος
2714 3248 2804 3302 οὗν
2854 3248 2991 3323 πρὸς
3045 3249 3272 3318 ταύτην,
3329 3250 3429 3317 τήν
3492 3249 3542 3321 ἐξ
3602 3250 3779 3307 ἐθνῶν

2129 3330 2343 3403 δηλαδὴ
2404 3333 2757 3407 Ἐκκλησίαν,
2816 3336 2843 3391 ὁ
2901 3334 3066 3398 καλὸς
3120 3338 3329 3409 ποιμὴν
3390 3338 3479 3392 καὶ
3538 3341 3781 3418 νυμφίος

2129 3421 2336 3494 αὐτῆς,
2391 3423 2590 3500 φησίνσ
2653 3424 2717 3481 Εἴ
2779 3426 2853 3497 μὴ
2911 3422 3077 3499 ἔγνως
3136 3428 3401 3496 σεαυτήν·
3460 3448 3581 3497 τοι,
3643 3430 3776 3486 Ἐάν

2129 3511 2325 3587 ἀγνοῇς
2370 3514 2594 3582 σεαυτὴν
2662 3513 2712 3568 ἐν
2782 3513 2817 3588 ᾖ
2871 3513 3267 3591 ἀπερίγραπτος
3312 3519 3719 3595 περιγράφομαι
3756 3561 3772 3587 ,

2127 3601 2215 3655 καὶ
2277 3603 2489 3676 ὁρῶμαι
2513 3601 2588 3663 ὡς
2621 3601 2672 3657 έν
2708 3601 2869 3657 εἰκόνι
2920 3604 3249 3678 ἀρχέτυπον,
3296 3604 3381 3659 καὶ
3414 3605 3508 3667 τάς
3538 3604 3784 3681 ἀλόγους

2126 3690 2405 3761 αἰσθήσεις
2436 3689 2532 3745 σάυ
2565 3690 2835 3767 ῥυθμίςω,
2880 3691 2970 3746 καῖ
3022 3690 3110 3748 διά
3156 3714 3213 3749 τε
3258 3698 3364 3748 τῶν
3415 3694 3656 3750 ἀπειλῶν
3710 3698 3787 3758 ὡς

2126 3777 2217 3834 διὰ
2246 3775 2481 3857 ῥάϐδων,
2530 3780 2617 3835 καὶ
2667 3785 2769 3835 τῶν
2823 3780 3161 3857 ἐπαγγελιῶν
3209 3784 3281 3844 ὡς
3329 3783 3585 3859 σύριγγος
3633 3787 3774 3861 πρὸς

2124 3869 2221 3930 τάς
2264 3868 2517 3931 αἰωνίους
2570 3890 2626 3923 σε
2674 3870 2790 3946 ἄγω
2842 3869 3101 3945 μάνδρας·
3138 3871 3188 3926 ἐν
3242 3874 3326 3933 αἷς
3372 3892 3429 3926 σε
3481 3872 3778 3929 ἀναπαύσω

2127 3957 2178 4012 ἐν
2231 3961 2300 4031 τῇ
2355 3955 2575 4034 δευτέρᾳ
2627 3980 2730 4032 μου
2777 3961 3063 4034 «epeos-fg“
3114 3959 3238 4015 ὅταν
3288 3958 3405 4015 οὐδ’
3464 3961 3567 4016 ὑπό
3622 3984 3776 4026 τινος

2127 4046 2383 4117 συσκιάζη
2445 4047 2646 4112 πάθους
2704 4046 2793 4103 διά
2849 4050 2908 4103 τὸ
2961 4047 3231 4127 ἄφθαρτόν
3283 4071 3341 4105 τε
3392 4049 3480 4104 καὶ
3528 4051 3774 4127 ἀναμάρ-

2124 4157 2308 4207 τητον.
2357 4137 2420 4194 Ἡ
2467 4134 2612 4206 καλὴ
2668 4136 2718 4191 ἐν
2762 4137 3019 4214 γυναιξίν·
3075 4139 3137 4195 ἸΙ
3188 4138 3361 4214 ὡραία
3410 4137 3499 4194 διὰ
3538 4142 3641 4209 τὴν
3698 4141 3773 4199 εἷς

2131 4226 2196 4299 μὶ
2244 4225 2421 4280 πίστιν
2476 4247 2536 4281 τε
2582 4227 2671 4281 καὶ
2721 4227 2972 4303 ἀγάπην,
3023 4226 3075 4281 ὲν
3117 4228 3274 4281 παντὶ
3322 4224 3457 4292 ἔθνει
3518 4229 3772 4284 ἀπιστίαν

2126 4319 2373 4371 νοσοῦντι
2435 4316 2522 4370 καὶ
2589 4320 2705 4377 ταῖς
2772 4322 2872 4385 τῆς
2932 4316 3127 4391 σαρκὸς
3189 4314 3411 4385 ἡδοναῖς
3470 4316 3776 4388 ἐκθηλυνο-

2134 4404 2296 4477 μένῳ·
2354 4401 2536 4474 ἔξελθε
2584 4404 2682 4458 σύ·
2730 4402 2935 4481 ἤγουν,
2999 4403 3185 4474 ἐπειδὴ
3247 4404 3309 4459 σὺ
3362 4406 3437 4478 μὴ
3488 4403 3662 4481 ἔγνως
3714 4408 3777 4462 τὸ

2129 4494 2254 4568 περὶ
2312 4494 2368 4548 σὶ
2429 4497 2729 4568 μυστήριον
2788 4499 3026 4571 νοερῶς,
3097 4492 3274 4565 ἔξελθε
3326 4494 3431 4550 ἀπὸ
3479 4498 3579 4564 τῆς
3638 4497 3778 4551 κατὰ

363 4587 793 4661 complecteris,
826 4604 893 4642 ex
925 4590 1085 4658 parte
1119 4584 1330 4640 mentis
1366 4583 1640 4640 interiore
1671 4584 1739 4639 ad
1773 4600 2012 4641 sensum

2135 4587 2248 4637 ,οὖν
2284 4580 2569 4654 ἐνδότητος
2601 4584 2736 4658 πρὸς
2765 4585 2862 4653 τήν
2908 4583 3175 4654 αἴσθησιν,
3224 4582 3286 4637 σὺ
3335 4586 3369 4652 ἡ
3403 4580 3599 4658 λογική
3634 4587 3774 4639 πάνυ

363 4676 731 4750 progredere,
755 4681 842 4744 tu,
866 4693 991 4748 qua:
1015 4675 1239 4730 ratione
1262 4691 1501 4747 prorsus
1524 4690 1586 4730 es
1612 4678 1836 4730 ornata.
1862 4679 2007 4731 Nam

362 4767 411 4821 si
444 4766 545 4821 ubi
579 4782 684 4839 ego
730 4781 988 4839 pascam,
1022 4763 1261 4819 omnino
1294 4762 1379 4818 vis
1429 4763 1674 4833 discere,
1708 4778 1778 4818 ne
1812 4763 1869 4819 in
1900 4763 2010 4819 bac

361 4855 598 4928 quidem
645 4854 976 4928 egressione
1007 4856 1235 4925 oportet
1265 4856 1319 4907 te
1350 4868 1382 4907 a
1414 4851 1637 4908 ratione
1681 4852 1917 4924 penitus
1950 4853 2008 4908 in

361 4944 718 5000 contrarium
770 4942 1049 4999 converti.
1100 4940 1365 5012 Egredere
1413 4946 1610 4997 autem
1656 4942 1714 4996 in
1770 4943 2011 5012 vestigiis

356 5050 615 5107 gregum,
648 5049 857 5105 nempe
897 5033 956 5088 in
1001 5031 1365 5086 diversarum
1414 5034 1755 5086 naturarum
1792 5049 1850 5087 re
1881 5033 2010 5104 ipsa

360 5122 656 5194 expressis
687 5121 967 5193 vestigiis,
1002 5137 1101 5191 per
1144 5136 1272 5191 quas
1322 5118 1621 5192 sigillatim
1674 5120 2007 5192 indagando

359 5212 743 5283 progrediens
775 5212 922 5266 ratio
945 5208 1245 5265 deﬁnitur.
1266 5207 1482 5283 Greges
1504 5209 1787 5264 dicuntur
1811 5226 2003 5265 rerum

358 5304 581 5355 natura:
614 5301 894 5371 quoniam
927 5315 1128 5355 earum
1163 5296 1407 5369 singulas
1442 5298 1602 5352 facta)
1627 5302 1766 5353 sunt
1797 5298 2004 5369 dignas,

355 5404 505 5459 quas
533 5389 897 5459 providentia
946 5404 1049 5443 sua
1080 5391 1283 5441 auctor
1311 5386 1577 5441 omnium
1626 5385 1781 5441 Deus
1834 5397 2007 5458 quasi

353 5479 553 5546 pastor
586 5478 893 5548 gubernet,
926 5476 1262 5531 moderetur
1291 5489 1354 5528 ac
1391 5478 1570 5544 regat.
1613 5474 1675 5528 Et
1702 5490 1866 5544 pasce
1895 5476 2004 5531 hae-

352 5564 445 5620 dos
475 5574 594 5621 tuos
616 5584 634 5621 :
659 5566 925 5622 turbidos
957 5564 1181 5619 scilicet
1202 5560 1384 5617 animi
1417 5567 1634 5633 motus,
1656 5567 1719 5619 ut
1749 5564 2002 5621 sinistraa

351 5653 531 5726 partis
566 5655 883 5711 retinentes
919 5652 1133 5709 locum.
1168 5653 1227 5707 In
1258 5650 1635 5709 tabernaculis
1671 5662 1953 5725 pastorum
1982 5672 2004 5715 :

2118 4692 2249 4733 τως.
2285 4671 2346 4727 Εἰ
2376 4671 2475 4748 γὰρ
2533 4676 2639 4727 ποῦ
2697 4672 2976 4745 ποιμαίνω
3038 4670 3225 4748 βούλει
3256 4671 3403 4733 ὅλως
3433 4674 3649 4745 μαθεῖν,
3673 4674 3775 4728 ού-

2122 4758 2207 4816 δὶν
2238 4764 2306 4835 τῇ
2351 4758 2534 4832 τοιᾷδε
2566 4760 2825 4834 ἐξελεύσει
2860 4759 3000 4816 δεῖσε
3031 4760 3165 4837 πρὸς
3194 4760 3418 4835 ἀλογίαν
3469 4770 3773 4836 τραπῆναι.

2121 4847 2342 4921 Ἔξελθε
2393 4847 2448 4905 δὲ
2497 4849 2547 4905 ἐν
2595 4852 2849 4927 πτέρναις
2887 4855 2993 4905 τῶν
3028 4850 3326 4922 ποιμνίων,
3377 4847 3503 4919 ἤτοι
3542 4849 3598 4905 ἐν
3650 4857 3774 4914 ταῖς

2118 4940 2235 4993 κατ’
2295 4939 2555 5015 ἐνέργειαν
2615 4940 2799 5015 βάσεσι
2847 4944 2953 4994 τῶν
3011 4936 3286 5017 διαφόρων
3362 4938 3569 5017 φύσεων
3610 4960 3623 4973 ·
3700 4938 3773 4994 δι’

2121 5028 2193 5081 ὧν
2270 5028 2495 5099 ἑκάστην
2570 5028 2775 5083 τούτων
2850 5027 3148 5103 ἀνιχνεύων
3201 5028 3229 5081 ὁ
3288 5027 3453 5101 λόγος
3506 5028 3768 5103 ὁρίζεται.

2121 5117 2357 5190 Ποίμνια
2414 5115 2459 5173 δ’
2517 5119 2569 5172 αἱ
2626 5119 2731 5172 τῶν
2792 5115 2962 5172 ὄντων
3015 5115 3226 5193 εἷ’ρηται
3285 5115 3501 5194 φύσεις,
3562 5115 3653 5172 διά
3704 5120 3769 5174 τὸ

2118 5206 2392 5277 ἀξιοῦσθαι
2441 5207 2529 5262 καὶ
2576 5208 2643 5262 τά
2694 5208 2777 5285 ὑφ’
2827 5206 3057 5277 ἑκάστην
3116 5205 3325 5261 τούτων
3380 5205 3578 5282 μερικά
3634 5227 3772 5281 προ-

2116 5296 2289 5367 νοίας,
2339 5296 2415 5357 ὡς
2462 5297 2607 5370 παρὰ
2634 5295 2897 5369 ποιμένος
2935 5300 3032 5350 τοῦ
3080 5298 3188 5349 τῶν
3248 5292 3394 5349 ὅλων
3450 5300 3769 5371 προνοητοῦ

2114 5385 2203 5439 καὶ
2281 5390 2434 5440 Θεοῦ.
2510 5386 2608 5439 Καὶ
2674 5386 2932 5458 ποίμαινε
3004 5382 3132 5445 τοὺς
3206 5382 3426 5461 ὶρίφους
3496 5402 3623 5439 σου·
3697 5385 3767 5439 τὰ

2114 5476 2258 5543 πάθη
2310 5475 2545 5544 πάντως,
2594 5475 2670 5537 ὡς
2715 5481 2815 5544 τῆς
2847 5474 3127 5550 ἀριστερᾶς
3178 5472 3375 5546 μοίρας
3419 5474 3765 5549 ὑπάρχοντα.

2116 5563 2237 5619 Ἐπὶ
2311 5563 2656 5637 σκηνώμασιν
2728 5568 2834 5618 τῶν
2911 5562 3208 5636 ποιμνίων·
3285 5560 3373 5615 ἐπὶ
3446 5566 3565 5623 ταῖς
3628 5558 3765 5633 ἕξεσι

2114 5649 2329 5724 δηλαδὴ
2361 5657 2468 5708 τῶν
2502 5652 2732 5733 φύσεων·
2767 5653 2841 5708 ὡς
2871 5646 3288 5727 μεταϐάλλουσα
3336 5656 3762 5729 προαιρετικῶς,
