4042 6198
244 250 347 308 553

1277 245 1685 308 COMMENT.
1736 245 1812 305 ΙΝ
1858 247 2263 311 CANTlCUM
2311 248 2614 309 CANTIC.

3516 258 3633 317 554

242 379 327 445 τὴν
370 376 459 449 μὲν
518 374 691 429 αἰτίαν
743 372 958 429 πάντων
1017 377 1125 429 τῶν
1174 377 1354 428 κακῶν
1410 372 1701 449 ῥᾳθυμίαν,
1731 375 1866 450 πρὸς

2003 376 2259 450 ικθωρὶὶε
2284 378 2489 451 utique
2511 394 2707 435 rerum
2731 382 3323 454 naturalium,sponte
3344 386 3629 442 desidiam

238 466 325 535 τήν
354 465 468 530 καθ’
498 463 603 538 ἕξιν
664 464 901 539 φυσικὴν
943 461 1349 539 ἰνυπᾶρχουσαν
1393 466 1461 537 τῇ
1496 462 1747 538 μύρμηκι
1780 466 1871 518 καὶ

239 559 300 628 τῇ
344 553 571 629 μελίσσῃ
616 550 958 626 ἰπιμὲλειαν,
1003 551 1367 626 ὲτοιμάζουσα
1410 551 1499 607 καὶ
1557 552 1693 619 αὐτὴ
1738 552 1875 607 κατὰ

241 645 296 699 τὸ
342 644 509 719 παρὸν
552 645 655 712 τήν
729 647 841 698 τῶν
923 640 1241 715 μελλόντων
1304 639 1628 711 ἀπόλαυσιν,
1690 640 1870 718 ὥσπερ

238 734 463 789 κάκεῖναι
521 728 680 807 ἔαρος
733 731 849 807 ὥρᾳ
902 731 992 786 καὶ
1053 730 1242 807 θέρους
1287 732 1386 801 τήν
1441 734 1537 785 τοῦ
1592 735 1873 806 χειμῶνος

237 824 429 900 τροφὴν
483 819 594 896 (διὰ
643 820 744 897 γὰρ
803 829 902 891 τῆς
975 818 1294 893 ἐπιμελείας
1348 825 1610 895 τρυγᾶται
1664 819 1723 874 ἐκ
1776 824 1873 873 τοῦ

236 919 324 982 τῆς
374 915 557 987 ψυχῆς
616 915 911 986 τριμεροῦς
964 912 999 980 ἡ
1060 908 1395 980 δικαιοσύνη,
1434 908 1558 979 ἥτις
1589 908 1875 982 ἐτοιμασία

237 1010 323 1072 τῆς
374 1007 481 1056 τῶν
515 999 828 1073 μελλόντων
874 999 1012 1055 ἐστὶν
1059 997 1458 1072 ἀπολαύσεως),
1486 999 1585 1067 τήν
1619 996 1676 1052 δὲ
1706 998 1872 1076 ἀφρο-

241 1090 413 1162 σύνην,
471 1088 594 1160 ἥτις
653 1089 713 1145 ἐκ
766 1093 863 1144 τοῦ
918 1090 1055 1144 κατὰ
1103 1088 1260 1166 φύσιν
1310 1088 1447 1164 πρὸς
1487 1089 1549 1143 τὸ
1598 1088 1743 1160 ποιρά
1774 1086 1873 1165 φύ-

243 1202 333 1248 σιν,
364 1180 543 1256 τροπή
574 1186 676 1249 τῆς
725 1177 955 1254 λογικῆς
1009 1179 1244 1253 ὑπάρχει
1276 1174 1576 1251 δυνάμεῳς,
1609 1178 1745 1253 πρὸς
1773 1177 1871 1245 τὴν

238 1268 430 1341 ὁμοίως
459 1266 677 1322 ὲνοῦσαν
709 1272 790 1340 τῷ
834 1262 955 1344 ὄφει
1005 1262 1263 1344 φρόνησιν
1319 1264 1456 1336 ὅλην
1501 1266 1697 1336 ἑαυτὴν
1735 1285 1876 1341 προ-

240 1355 472 1426 διδοῦσα,
529 1356 661 1433 ὑπὲρ
702 1360 800 1413 τοῦ
866 1354 1099 1434 φυλάξαι
1142 1355 1233 1410 τὸν
1265 1354 1431 1430 λόγον
1472 1362 1571 1425 τῆς
1618 1354 1873 1426 πίστεως,

240 1445 408 1521 ὥσπερ
452 1446 707 1508 κάκεῖνος
764 1444 894 1501 ὅλον
949 1441 1282 1520 προδίδωσιν
1342 1445 1553 1514 ἑαυτὸν,
1605 1444 1735 1520 ὑπὲρ
1778 1446 1875 1499 τοῦ

242 1536 458 1611 φυλάξαι
489 1537 591 1604 τὴν
624 1536 816 1591 ἑαυτοῦ
844 1533 1087 1613 κεφαλήν
1124 1551 1136 1566 ⁸
1197 1535 1295 1603 τήν
1331 1530 1388 1588 δὶ
1422 1540 1607 1607 μῆνιν,
1639 1530 1760 1603 ἤτις
1777 1535 1877 1602 τῆς

239 1628 463 1699 θυμικῆς
526 1622 804 1698 δυνάμεώς
853 1624 992 1679 ἐστιν
1044 1622 1307 1697 ἐκτροπή,
1364 1623 1499 1699 πρὸς
1547 1624 1646 1692 τήν
1698 1620 1871 1676 ὡσαύ-

234 1736 335 1776 τως
385 1713 800 1790 ἐνυπάρχουσαν
870 1713 1233 1787 ἀκεραιότητα
1303 1714 1371 1785 τῇ
1428 1715 1732 1787 περιστεσᾷ,
1797 1711 1874 1783 μὴ

240 1803 568 1881 ἆφιπταμένη
619 1804 753 1859 κατά
803 1801 1039 1866 διάθεσιν
1081 1807 1189 1856 τῶν
1238 1800 1652 1874 πολεμούντων,
1699 1799 1879 1873 ὥσπερ

240 1890 301 1962 δή
332 1892 574 1963 κάκείνη,
625 1891 721 1947 κᾶν
776 1892 939 1967 μυρία
988 1886 1434 1960 ιπιϐουλεύηται.
1470 1888 1565 1944 κ’ἀν
1600 1889 1667 1943 τά
1696 1888 1883 1943 νοσσία

240 1984 400 2052 αὐτῆς
460 1981 790 2052 ἀπόλλυσιν,
858 1981 920 2037 ού
983 1981 1190 2055 μακράν
1238 1984 1347 2034 τῶν
1416 1974 1879 2033 ἐπιϐουλευόντων

238 2070 556 2149 ἀφίσταταιο
618 2072 706 2125 καὶ
762 2073 861 2140 τὴν
909 2070 1224 2139 ἀκολασίαν,
1280 2066 1403 2138 ἥτις
1467 2074 1566 2139 τῆς
1620 2066 1884 2140 ἐπιτυμη-

235 2168 385 2229 τικῆς
444 2157 727 2233 δυνάμεώς
804 2159 945 2214 ἐστιν
1018 2159 1281 2234 ἐκτροπὴ,
1334 2157 1469 2232 πρὸς
1524 2157 1621 2226 τὴν
1672 2155 1882 2229 ὁμοίως

236 2250 637 2325 ἐνυπάρχουσαν
827 2247 1047 2323 τρυγόνι
1114 2245 1469 2325 σωφροσύνην
1506 2264 1518 2277 ⁸
1588 2244 1882 2323 ἐγκρατῶς,

237 2336 357 2403 ἔνθα
386 2339 654 2413 ἄναγκαία
700 2336 864 2413 χρεία
912 2336 1235 2412 κατεπείγει,
1264 2334 1528 2412 χρωμένη
1560 2338 1628 2407 τῇ
1659 2332 1833 2408 ἡδονῇ
1868 2354 1881 2368 ·

238 2430 411 2503 ὥσπερ
472 2425 540 2496 δὴ
630 2426 853 2497 κάκείνη
942 2423 1030 2480 διὰ
1110 2425 1428 2502 γονοτοκίαν
1489 2428 1884 2499 μονοζυγοῢσα.

236 2514 387 2571 ’Δλλ’
441 2517 799 2588 ἀκουσώμετα
859 2513 1053 2570 λοιπὸν
1112 2514 1203 2569 καὶ
1251 2519 1347 2570 τοῦ
1401 2514 1574 2569 καλοῦ
1625 2511 1884 2590 νυμφίου.

234 2603 366 2677 Ἤδη
398 2605 503 2681 γάρ
536 2606 771 2682 πρώτως
798 2603 988 2678 ὁμιλεῖ
1016 2608 1084 2679 τῇ
1116 2603 1301 2682 νύμφῃ
1331 2602 1507 2680 λέγων
1548 2601 1678 2659 τάδε
1711 2622 1724 2635 °

302 2876 379 2938 Τῆ
420 2871 583 2945 ’ἱππῳ
645 2892 751 2946 μου
805 2892 857 2926 εν
912 2871 1115 2948 ἅρμασι
1175 2870 1379 2947 Φαραὼ
1428 2867 1694 2945 ὡμοίωσά
1749 2870 1884 2943 es");

234 2962 471 3035 πλησίον
508 2982 636 3033 μου.

941 3068 1185 3124 Ψελλοῦ.

302 3178 532 3235 Βλεπων
564 3176 731 3245 αὐτὴν
764 3172 1135 3254 σφαδάζουσαν
1168 3174 1219 3245 ἐξ
1251 3172 1653 3250 ἐρωτοληψίας,

240 3268 341 3325 Καὶ
373 3267 511 3342 πρὸς
571 3265 775 3320 ἐκεῖνον
831 3260 1163 3319 σπεύδουσαν
1217 3260 1445 3339 δραμεῖν
1504 3264 1594 3318 καὶ
1650 3282 1886 3318 καταπε-

1614 3356 1816 3429 [ρᾶσαι,

226 3446 411 3517 Ἵππῳ
432 3442 756 3519 παρείκασεν
789 3442 959 3510 αὐτὴν
986 3438 1565 3517 αἰθεροπτηνοδρόμῳ.

226 3532 418 3596 Οὕτως
462 3534 565 3609 γᾶρ
623 3531 871 3608 θραύσεις
915 3530 1045 3595 τοὺς
1100 3530 1366 3607 ἐχθροὺς,
1426 3530 1559 3607 φησὶ
1608 3530 1747 3604 πρὸς
1790 3530 1891 3599 τὴν

1508 3616 1794 3694 [παρθένον
1805 3662 1819 3687 ,

230 3718 439 3786 Ὠσπερ
473 3709 801 3784 κατεζΘραυσᾶ
828 3729 963 3764 ποτε
991 3707 1081 3764 καὶ
1107 3706 1459 3784 Φαραωνίτας

229 3804 289 3858 Ἦ
326 3798 563 3874 δύναμις
595 3806 697 3869 τῆς
719 3796 896 3853 ’ίππου
931 3818 1036 3871 μου
1063 3799 1161 3866 τῆς
1192 3797 1646 3872 ἀνατεταγμένης,

232 3890 500 3949 Τουτέστι
525 3897 629 3958 τῆς
657 3886 953 3965 ἀγγελικῆς
983 3886 1620 3963 ταγματοστραταρχίας.

233 3979 389 4041 Τίνος
421 3977 482 4034 δὲ
510 3978 697 4055 χάριν
732 3977 959 4053 ἐρωτᾷς,
983 3977 1081 4045 τήν
1112 3980 1220 4031 τῶν
1255 3974 1499 4052 ἀγγέλων
1532 3975 1678 4048 τάξιν

235 4076 423 4142 Ἵππῳ
445 4068 768 4143 παρείκασεν
803 4065 995 4127 ἁπλῶς
1027 4067 1054 4120 ὁ
1087 4065 1260 4141 Λόγος
1289 4065 1380 4119 καὶ
1402 4064 1637 4140 νυμφίος
1671 4084 1685 4135 ;

234 4165 355 4221 Πᾶς
384 4180 470 4220 τις
497 4157 729 4227 τοξότης
760 4153 1011 4227 πόλεμον
1045 4154 1325 4209 συνάπτων
1358 4153 1658 4227 ἀντιπάλῳ,

234 4250 411 4318 Τόξον
444 4241 717 4318 λαμϐάνει
760 4246 851 4300 καὶ
899 4245 1085 4319 νευράν
1133 4243 1223 4297 καὶ
1273 4240 1469 4319 κράνος
1520 4264 1578 4298 τε
1605 4242 1692 4297 καὶ
1721 4240 1851 4318 δόρυ
1886 4260 1897 4273 ⁸

238 4338 413 4404 Πεζὸς
446 4339 601 4407 πεζῷ
646 4335 748 4411 γάρ
793 4330 1051 4404 πολεμεῖ,
1106 4326 1415 4406 ῥαϐδοῦχος
1470 4351 1529 4385 τε
1583 4326 1902 4406 ῥαϐδούχῳ.

236 4425 396 4480 Ἐπεὶ
427 4428 556 4500 γοῦν
591 4425 626 4493 ἠ
660 4420 956 4496 παράταξις
980 4420 1107 4474 τότε
1125 4421 1233 4475 τῶν
1268 4419 1606 4495 Αἰγυπτίων,

236 4515 316 4572 Τὸ
352 4514 645 4588 κράτιστον
680 4510 938 4581 ἐκέκτητο
970 4515 1077 4579 τῆσ
1109 4507 1296 4584 μάχης
1322 4508 1387 4563 ix
1421 4513 1528 4563 τῶν
1556 4507 1764 4579 Ἵππων,

234 4602 458 4659 Τούτου
491 4599 560 4671 δὴ
597 4600 763 4675 χάριν
796 4597 1011 4673 εἴρηκεν
1049 4595 1218 4652 ἵππου
1250 4596 1301 4668 ἐξ
1324 4595 1448 4651 ’ίσου
1474 4597 1662 4673 λόγος,

239 4692 365 4760 Τήν
395 4690 719 4746 ἀντισεᾶσαν
746 4685 978 4759 δύναμιν
1009 4685 1329 4762 ἀγγελικὴν,
1360 4684 1606 4749 ἐκείνοις.

238 4780 359 4837 ἰνα
394 4781 467 4851 μὴ
503 4776 665 4851 δοξῃς
694 4774 752 4831 δὲ
773 4774 967 4831 λοιπὸν
1000 4769 1310 4848 ὑϐρίζεσθαι
1339 4775 1440 4844 τήν
1473 4775 1715 4854 νύμφην,

240 4866 644 4941 Ἑξισουμίνην
674 4864 930 4943 ιμφανῶς
957 4861 1118 4936 Ἱππῷ
1146 4863 1292 4939 παρὰ
1319 4868 1417 4920 τοῦ
1448 4862 1646 4941 λόγου,

241 4957 529 5013 Ἀκουσον
557 4955 612 5009 τί
638 4975 801 5031 φησιν
835 4952 958 5025 ἑξῆς
989 4953 1127 5028 πρὸς
1146 4952 1348 5025 ταύτην
1382 4954 1410 5010 ὁ
1438 4954 1669 5033 νυμφίος
1702 4975 1716 4989 ·

317 5044 389 5100 Τί
472 5043 833 5121 ὦραιώθησαν
941 5038 1185 5119 σιαγόνες
1291 5062 1386 5097 σου
1463 5043 1539 5107 ὡς
1613 5041 1911 5125 τρυγόνος;

236 5133 532 5210 τράχηλοί
563 5155 663 5188 σου
690 5134 766 5195 ὡς
799 5131 1060 5209 όρμίσκοι
1090 5150 1105 5201 ;

322 5223 434 5279 Καὶ
454 5222 614 5294 ’ίππῳ
645 5242 705 5276 σε
734 5220 1056 5296 παρείκασα,
1082 5219 1238 5298 φησὶ,
1283 5217 1700 5296 δρομικωτάτῳ.

243 5310 418 5368 Ἀλλ’
448 5312 647 5367 οὔκουν
680 5310 911 5386 χρῄζεις
937 5306 1201 5385 χαλινοὺς
1236 5308 1287 5364 ἐν
1322 5310 1530 5386 σιαγόνι
1562 5310 1757 5389 φέρείν.

246 5401 327 5457 Δί
364 5402 453 5457 σαὶ
482 5403 585 5477 γὰρ
619 5402 979 5476 ὡραιώθησαν
1014 5400 1217 5475 ἰξόχως
1250 5403 1510 5478 σιαγὸνες,

250 5491 379 5558 Τήν
415 5489 648 5570 ἔμφυτον
677 5491 752 5553 ὡς
786 5489 1016 5566 χαλινὸν
1049 5488 1277 5565 ἔχουσαι
1305 5492 1684 5566 σωφροσύνην,

250 5578 436 5654 Δίκην
467 5581 729 5659 τρυγόνος
760 5580 1066 5659 σώφρονος,
1096 5578 1355 5655 τρυγόνος
1388 5581 1585 5660 φιλερή
1598 5602 1722 5656 μου.

592 5714 860 5774 Ρλτιιοι..
908 5712 1022 5774 Gn.
1067 5710 1310 5773 CXXII.

1986 466 2275 522 malorum
2310 469 2577 524 omnium
2608 485 2875 537 causam,
2906 470 2964 526 in
2997 472 3387 544 diligentiam,
3421 492 3547 546 quae
3577 478 3630 530 vi

1983 554 2239 611 naturali
2270 556 2523 612 formicae
2573 562 2751 629 atque
2801 558 2894 629 api
2944 559 3136 616 inesse
3183 562 3461 629 cernitur,
3495 579 3633 618 con-

1981 651 2310 712 vertens,ac
2334 662 2548 716 parans
2570 646 2697 717 ipsa
2720 664 2953 720 quoque
2973 649 3031 704 in
3054 652 3327 721 prmsenti
3348 656 3629 722 tempore,

1983 733 2184 805 quoin
2218 735 2414 790 futuro
2473 735 2794 807 perfruaris
2829 753 2841 791 :
2876 739 3376 809 quemadmodum
3409 745 3466 793 et
3496 738 3628 807 illis,

1982 840 2114 878 vere
2136 828 2312 894 atque
2333 829 2532 879 aestate
2553 824 2747 879 cibum
2767 833 3197 897 comparantes,
3232 827 3407 881 hiemi
3428 844 3634 882 consu-

1981 908 2133 974 lunt,
2171 913 2298 984 (Per
2329 913 2693 983 diligentiam
2744 916 2899 969 enim
2933 916 3219 970 extribus
3251 917 3459 970 animas
3501 933 3633 987 paro

1984 1000 2405 1072 tibusjustitiaz
2438 1002 2754 1070 vindemia,
2779 1020 2903 1074 quae
2927 1010 3014 1058 est
3037 1022 3230 1059 rerum
3264 1005 3403 1060 olim
3437 1007 3633 1061 fruen-

1984 1090 2192 1144 darum
2234 1092 2613 1161 comparatio,
2646 1091 2981 1164 colligitur.)
3014 1095 3478 1164 Imprudentiam
3530 1111 3634 1150 au-

1983 1183 2125 1247 tem,
2154 1196 2279 1251 quae
2302 1186 2391 1235 est
2413 1180 2657 1235 rationis
2689 1187 2840 1237 recte
2872 1199 2941 1237 ex
2972 1188 3183 1238 natura
3212 1184 3541 1238 constitutae
3574 1184 3634 1239 in

1984 1271 2203 1323 statum
2228 1272 2449 1323 natura
2468 1274 2890 1341 repugnantem
2914 1272 3237 1336 aversio,ad
3263 1272 3635 1342 prudentiam

1984 1354 2245 1427 exemplo
2274 1358 2564 1427 serpentis
2588 1359 2668 1413 ita
2698 1359 3090 1431 redigens,ut,
3107 1359 3255 1415 sicut
3278 1360 3396 1431 ille,
3411 1377 3513 1431 pro
3537 1377 3636 1416 ca-

1986 1444 2123 1516 pitis
2155 1445 2514 1517 defensione,
2545 1451 2733 1503 totum
2765 1464 2979 1520 corpus
3009 1448 3214 1504 offerre
3243 1466 3357 1505 non
3385 1449 3633 1519 dubitat,

1987 1532 2070 1589 sic
2094 1537 2157 1589 tu
2190 1551 2294 1606 pro
2326 1535 2458 1590 ﬁdei
2491 1537 2929 1593 conservatione
2958 1543 3013 1594 te
3044 1537 3233 1610 ipsam
3266 1543 3449 1594 totam
3482 1538 3635 1610 peri-

1987 1621 2138 1679 culis
2169 1624 2446 1679 omnibus
2473 1625 2734 1695 obiicias.
2772 1626 3171 1695 Iracundiam,
3204 1627 3378 1691 iram,
3400 1644 3525 1699 quae
3549 1633 3639 1683 est

1988 1711 2171 1767 animi
2201 1714 2517 1769 commotio
2549 1714 2759 1770 rationi
2794 1716 3035 1772 minime
3066 1717 3501 1789 obtemperans,
3543 1732 3637 1771 co-

1991 1799 2202 1856 lumba
2242 1802 2503 1874 exemplo
2551 1820 2829 1860 revocans
2856 1805 2925 1860 ad
2959 1805 3419 1877 simplicitatem,
3449 1809 3514 1859 ut
3541 1820 3641 1861 eos

1992 1890 2093 1961 qui
2124 1896 2180 1946 te
2210 1891 2445 1963 injuriis
2503 1893 2768 1948 afficiunt
2797 1898 2973 1965 atque
3004 1901 3366 1967 oppugnant,
3400 1894 3643 1950 minime

1992 1980 2387 2051 persequaris,
2422 1983 2655 2052 quando
2686 1998 2758 2038 ne
2789 1983 3058 2038 columba
3109 1984 3349 2055 quidem
3408 1988 3644 2057 propter

1992 2068 2240 2125 insidias
2272 2076 2372 2125 aut
2394 2070 2687 2142 pullorum
2720 2089 2961 2128 suorum
2994 2073 3482 2143 direptionem,ab
3505 2072 3646 2128 insi-

1992 2157 2293 2215 diantibus
2324 2177 2390 2215 ac
2421 2160 2832 2232 diripientibus
2864 2162 3098 2217 recedit.
3123 2162 3644 2234 Intemperantiam

1994 2250 2268 2321 denique,
2302 2266 2427 2321 quae
2459 2255 2549 2306 est
2578 2251 2759 2306 animi
2809 2251 3105 2322 appetitus
3153 2252 3364 2307 rationi
3413 2256 3645 2306 contra-

1993 2339 2138 2406 rius,
2164 2338 2234 2392 ad
2258 2339 2707 2409 temperantiam
2731 2338 2810 2394 ita
2832 2340 3148 2395 traducens
3177 2340 3426 2395 turturis
3449 2340 3645 2394 imita-

1993 2428 2170 2494 tione,
2203 2430 2289 2493 ut,
2322 2442 2454 2481 cum
2504 2444 2652 2498 opus
2696 2433 2806 2494 est,
2836 2444 2869 2482 a
2893 2427 3069 2483 rebus
3118 2428 3317 2483 sensui
3362 2428 3647 2498 jucundis

1994 2516 2311 2583 abstineas,
2346 2516 2844 2586 quemadmodum
2878 2522 2935 2571 et
2967 2515 3086 2584 illa,
3123 2518 3340 2573 amisso
3373 2518 3644 2589 conjuge,

1992 2604 2170 2660 vidua
2200 2605 2378 2660 vitam
2408 2606 2702 2678 transigit.
2734 2610 2948 2661 Verum
2979 2610 3037 2661 et
3068 2622 3361 2678 sponsum
3385 2608 3511 2677 jam
3548 2623 3651 2662 au-

1995 2694 2251 2764 diamus,
2283 2711 2563 2766 sponsam
2610 2711 2767 2750 nunc
2816 2695 3075 2766 primum
3124 2695 3521 2768 alloquentem
3552 2695 3649 2750 his

1993 2784 2187 2839 verbis
2220 2801 2233 2839 :

2065 2873 2231 2944 Equae
2294 2887 2438 2930 meae
2485 2890 2545 2929 ιη
2590 2874 2845 2930 curribus
2884 2875 3192 2932 Pharaonis
3239 2876 3548 2933 assimilavi
3576 2880 3650 2945 te,

1994 2965 2307 3036 propinqua
2334 2980 2479 3020 mea.

2726 3074 2917 3129 Pselli.

2071 3179 2213 3235 Cum
2245 3194 2526 3249 sponsam
2558 3177 2775 3234 amoris
2806 3178 3047 3234 stimulo
3073 3178 3381 3250 percitam,
3404 3183 3462 3236 et
3493 3180 3565 3235 ad
3589 3193 3651 3236 se

1998 3282 2232 3323 currere
2260 3265 2634 3321 festinantem
2684 3270 2965 3333 cerneret,
2994 3282 3155 3337 equae
3189 3266 3447 3338 aeripedi
3479 3265 3647 3321 simi-

1999 3355 2115 3410 lem
2166 3354 2311 3409 dixit
2356 3369 2506 3410 esse.
2550 3353 2644 3409 Sic
2690 3354 2848 3409 enim
2880 3358 2966 3419 tu,
2998 3354 3181 3426 virgo,
3207 3354 3422 3425 inquit,
3447 3354 3649 3411 hostes

2000 3443 2362 3516 proﬂigabis,
2394 3448 2459 3498 ut
2504 3442 2643 3498 olim
2693 3444 2991 3515 equitatus
3038 3443 3151 3498 mei
3204 3443 3495 3512 instructi,
3538 3442 3648 3500 hoc

2002 3537 2112 3601 est,
2136 3531 2383 3604 angelici
2408 3533 2660 3605 agminis
2676 3532 2884 3599 virtus,
2908 3532 3230 3588 Pharaonis
3250 3533 3449 3604 copias
3478 3532 3648 3588 dissi-

2004 3620 2180 3694 pavit.
2213 3622 2374 3685 Quod
2408 3621 2457 3675 si
2488 3638 2716 3693 quzeras
2749 3638 2852 3677 cur
2882 3621 3169 3693 equitatui
3201 3638 3454 3693 sponsus
3476 3637 3649 3693 ange-

2003 3710 2193 3766 lorum
2219 3709 2484 3765 ordinem
2517 3715 2836 3781 comparet,
2862 3710 3049 3765 facilis
3070 3709 3180 3765 erit
3197 3709 3522 3780 responsio.
3546 3707 3661 3772 Qui

2008 3798 2226 3855 bellum
2258 3800 2429 3871 gerit,
2453 3798 2502 3854 si
2535 3816 2667 3854 cum
2701 3799 2999 3870 sagittario
3024 3799 3410 3871 pugnandum
3435 3803 3546 3864 est,
3567 3815 3659 3853 ar-

2009 3905 2143 3944 cum
2167 3893 2223 3944 et
2245 3889 2492 3959 sagittas
2524 3894 2690 3960 parat
2715 3906 2727 3943 :
2753 3887 2801 3943 si
2827 3889 3003 3960 pedes
3034 3905 3168 3943 eum
3197 3888 3412 3959 pedite,
3438 3888 3665 3959 galeam

2010 3984 2187 4050 atque
2220 3978 2450 4034 hastam
2483 3979 2704 4034 sumit:
2729 3995 2906 4049 eques
2938 3995 3070 4033 cum
3101 3978 3316 4049 equite,
3346 3978 3672 4048 imperator

2011 4082 2146 4121 cum
2180 4065 2531 4136 imperatore
2577 4066 2969 4138 congreditur.
3006 4066 3250 4132 Quando
3283 4065 3464 4136 igitur
3493 4064 3675 4119 robur

2013 4154 2302 4209 exercitus
2336 4153 2657 4209 Pharaonis
2686 4156 2745 4209 in
2778 4156 3043 4226 equitatu
3096 4154 3477 4226 potissimum
3532 4170 3675 4207 con-

2016 4243 2279 4308 sistebat,
2314 4243 2531 4299 idcirco
2572 4244 2860 4315 equitatui
2903 4244 3030 4314 ejus
3063 4259 3129 4299 ex
3160 4244 3400 4299 sdverso
3452 4243 3675 4298 instru-

2015 4338 2169 4387 ctam
2202 4334 2445 4403 opponit
2476 4334 2659 4388 aciem
2690 4332 3050 4404 angelorum.
3088 4334 3172 4387 Ac
3204 4348 3274 4387 ne
3308 4334 3451 4388 forte
3496 4349 3673 4403 spon-

2018 4437 2139 4475 sam
2173 4422 2324 4476 affici
2358 4428 2525 4492 putes
2548 4421 2922 4482 contumelia.
2947 4423 3101 4492 quod
3131 4422 3438 4493 perspicue
3461 4420 3676 4476 similis

1939 4503 1986 4567 D
2017 4526 2177 4580 equa;
2208 4509 2458 4582 dicatur,
2484 4511 2622 4567 audi
2652 4509 2793 4582 quid
2821 4511 2893 4565 ad
2924 4527 3051 4565 eam
3094 4510 3373 4582 deinceps
3416 4526 3672 4582 sponsus

2021 4598 2177 4654 dicat
2209 4616 2222 4655 :

2098 5044 2239 5114 Quid
2278 5043 2529 5115 pulchra?
2574 5046 2731 5113 facta
2775 5047 2905 5099 sunt
2948 5056 3106 5114 genae
3142 5046 3274 5113 tuae,
3306 5045 3361 5097 ut
3392 5045 3681 5099 turturis?

2024 5136 2230 5193 collum
2260 5142 2418 5188 tuum
2445 5136 2588 5188 sicut
2617 5131 2859 5188 monilia
2878 5136 2902 5185 γ

2025 5228 2168 5280 Cum
2228 5238 2378 5294 equo
2428 5227 2485 5277 te
2534 5221 2789 5276 similem
2838 5221 3082 5277 dixerim
3138 5220 3510 5278 velocissimo
3552 5247 3567 5290 ;
3627 5221 3688 5277 in

2027 5312 2266 5369 maxilla
2296 5321 2397 5366 tua
2420 5328 2533 5367 non
2557 5311 2788 5382 indiges
2812 5310 2973 5365 freno
3003 5328 3014 5365 :
3039 5327 3201 5382 genas
3228 5313 3384 5367 enim
3412 5317 3524 5367 tuae
3549 5316 3691 5366 sunt

2030 5401 2442 5468 ornatissima),
2475 5404 2532 5455 et
2582 5400 2725 5454 freni
2780 5399 2923 5464 loco,
2977 5400 3228 5454 naturali
3282 5401 3502 5472 pudore
3553 5403 3693 5455 sunt

2031 5490 2307 5564 praaditse,
2331 5493 2521 5545 instar
2542 5490 2764 5560 pudicae
2796 5490 3047 5543 turturis
3072 5514 3085 5555 ;
3110 5490 3380 5557 turturis,
3424 5491 3687 5556 inquam,

2033 5578 2706 5644 amantissolitudinem.
2730 5579 2955 5635 Collum
2989 5582 3160 5633 tuum
3193 5575 3555 5647 admirabile,
3581 5592 3682 5630 au-

3288 5707 3363 5764 18
