4042 6198
394 331 503 389 551

1731 320 2158 382 MICHAELIS
2201 319 2475 381 PSELLI

3675 324 3792 383 552

395 466 601 534 praeter
631 476 795 532 spem
826 458 886 514 in
909 474 1111 530 greges
1136 460 1194 512 et
1224 472 1440 529 pascua
1464 454 1705 510 forsitan
1735 452 2026 508 haedorum

2148 448 2248 525 γὰρ
2312 450 2387 522 μὴ
2445 448 2713 521 πλανηθῷ
2767 447 3047 525 δραμοῦσα
3106 456 3231 525 παρ’
3286 448 3481 506 ἐλπίδα
3535 452 3669 527 πρὸς
3700 454 3795 516 τάς

393 553 573 618 lerar;
607 557 784 620 alque
817 548 897 603 ita
927 546 1158 618 lengius
1188 544 1432 599 divellar
1469 543 1540 598 ab
1574 543 1781 598 ovibus
1811 541 1953 610 tuis,
1986 546 2044 596 et

395 640 667 696 sinistras
697 638 995 693 hardorum
1030 639 1224 707 partes
1255 633 1728 697 obtineam,cum
1762 635 2038 699 tanquam

391 727 637 784 humani
669 726 901 798 generis
938 725 1123 795 judex
1161 720 1403 777 sederis.
1438 720 1569 775 Haec
1600 720 1798 775 anima
1830 718 2043 790 pudica

391 822 446 874 et
475 816 701 873 Christo
732 815 1088 885 desponsata
1118 811 1189 865 ad
1218 810 1510 881 Sponsum
1542 809 1739 865 locuta
1760 811 1870 875 est,
1895 822 2044 862 com-

394 910 540 964 mori
572 904 835 960 celeriter
876 918 1009 957 cum
1051 900 1179 972 ipso
1211 899 1474 971 cupiens.
1508 898 1591 954 Tu
1645 902 1841 953 autem
1893 894 2038 951 mihi

392 1011 666 1068 sponsam
700 993 912 1065 cogita,
939 995 1003 1045 ut
1032 990 1089 1045 in
1121 994 1492 1061 argumento,
1522 992 1744 1043 castam
1778 986 2038 1041 animam

388 1085 577 1151 illam,
607 1097 741 1137 cum
793 1096 1002 1150 magno
1045 1077 1220 1133 Paulo
1270 1078 1340 1133 ad
1392 1077 1628 1131 tertium
1679 1074 1913 1139 ccelum,
1946 1092 2039 1128 ar-

388 1190 531 1229 cana
563 1172 785 1227 ratione
818 1168 1136 1234 sublatam,
1171 1183 1440 1238 superne:
1474 1165 1823 1231 Jerusalem,
1857 1164 1915 1219 id
1949 1169 2040 1220 est

386 1260 643 1331 angelos.
680 1259 792 1314 Sed
841 1257 1170 1325 videamus,
1203 1255 1345 1327 quid
1390 1254 1590 1309 dicunt
1636 1252 1811 1308 etiam
1865 1253 2038 1306 amici

389 1348 615 1421 sponsi,
638 1363 786 1419 quos
817 1344 983 1399 initio
1005 1342 1262 1397 diximus
1289 1357 1417 1396 esse
1450 1340 1598 1395 ﬁlias
1623 1357 1636 1396 :
1661 1343 1717 1394 et
1747 1338 2039 1409 quomodo

390 1438 592 1509 sponsi
621 1436 813 1491 cubile
834 1435 1262 1489 demonstrent.
1296 1430 1395 1485 His
1427 1430 1582 1484 enim
1613 1428 1803 1483 verbis
1831 1444 2038 1500 puram

386 1527 673 1598 virginem
708 1523 1091 1594 alloquuntur
1122 1538 1136 1576 :

2152 536 2351 612 ἀγέλας
2401 539 2489 592 καὶ
2540 538 2713 611 νομὰς
2754 536 2882 600 ἴσως
2922 539 3017 600 τὰς
3058 543 3165 594 τῶν
3221 538 3417 617 ἐρίφων
3444 559 3457 571 ·
3516 540 3795 605 κάντεῦθεν

2153 624 2508 701 ἐλαθήσωμαι
2576 627 2782 703 μακρὰν
2836 632 2945 682 τῶν
3006 632 3112 683 σῶν
3172 622 3485 703 προϐάτων,
3538 629 3628 684 καὶ
3686 635 3795 685 τῶν

2154 713 2351 792 ἐρίφων
2382 714 2626 791 κερδανῶ
2654 716 2749 778 τὰς
2782 715 3096 789 εὐωνύμους
3134 718 3351 790 μοίρας,
3398 717 3520 774 ὅταν
3572 717 3797 794 καθίσῃς

2152 804 2224 864 ὡς
2276 806 2467 879 κριτὴς
2520 810 2617 861 τοῦ
2676 804 2867 881 γένους
2922 811 3029 861 τῶν
3088 806 3412 882 ἀνθρώπων.
3467 810 3648 865 Ταῦτα
3701 810 3797 881 μὲν

2150 893 2241 947 οὗν
2296 892 2578 968 ἐφθέγξατο
2639 894 2855 956 πάντως
2922 896 3059 971 πρὸς
3107 896 3196 951 τὸν
3228 896 3457 973 νυμφίον
3507 899 3543 967 ἡ
3594 900 3796 973 παρθε-

2147 980 2373 1037 νεύουσα
2418 984 2570 1059 ψυχὴ
2620 982 2712 1037 καὶ
2773 984 3322 1062 νυμφοστολισθεῖσα,
3352 985 3441 1040 καὶ
3476 985 3792 1061 βουλομένη

2148 1075 2227 1143 τῷ
2260 1076 2475 1147 Χριστῷ
2518 1074 2665 1149 τάχα
2713 1075 3169 1146 συννεκρωθῆναι.
3222 1075 3297 1129 Σὺ
3348 1072 3405 1130 δέ
3437 1096 3527 1148 μοι
3576 1075 3794 1154 νύμφην

2148 1160 2348 1230 νόησον
2374 1160 2554 1235 ὥσπερ
2587 1162 2638 1216 έν
2685 1162 2934 1225 ὑποθέσει
2972 1164 3073 1232 τήν
3106 1164 3536 1239 παρθενεύουσαν
3580 1168 3790 1241 ψυχήν,

2147 1251 2245 1319 τὴν
2278 1254 2373 1305 τοῦ
2407 1250 2647 1325 μεγάλου
2702 1251 2922 1308 Παύλου
2952 1256 3048 1307 τοῦ
3086 1253 3220 1327 πρὸς
3268 1254 3397 1315 τοὺς
3446 1253 3662 1327 τρίτους
3707 1256 3793 1311 οὐ·

2151 1339 2338 1414 ρανοὺς
2380 1338 2635 1415 ἀρθέντος
2684 1340 3011 1418 ἀποῤῥήτως
3065 1349 3166 1411 τῆς
3224 1339 3334 1397 ἅνω
3387 1342 3791 1418 Ἰερουσαλὴμ,

2146 1430 2389 1483 τουτέστι
2442 1429 2568 1491 τοὺς
2625 1428 2917 1506 ἀγγέλους.
2958 1429 3111 1487 Ἀλλ’
3160 1429 3362 1503 ί¹δωμεν
3392 1433 3482 1487 καὶ
3523 1432 3576 1487 τί
3633 1456 3794 1510 φασιν

2149 1519 2201 1571 οἱ
2263 1516 2418 1595 φίλοι
2468 1518 2566 1572 τοῦ
2622 1517 2882 1596 νυμφίου,
2927 1519 3017 1573 καὶ
3060 1520 3177 1583 πῶς
3224 1517 3560 1575 διδάσκουσιν
3617 1524 3791 1591 αὐτήν

384 1618 484 1685 τήν
517 1616 707 1683 κοίτην
738 1616 835 1666 τοῦ
865 1610 1123 1689 νυμφίου,
1158 1608 1250 1672 οὕς
1278 1609 1393 1662 κατ’
1423 1606 1598 1683 ἀρχάς
1631 1605 1926 1680 ε’ρήκαμεν
1954 1610 2050 1661 τοῦ
2082 1606 2261 1683 Λόγου
2293 1608 2608 1683 θυγατέρας.
2645 1608 2785 1664 Φασὶ
2813 1609 2913 1687 γὰρ
2946 1608 3089 1665 οὕτω
3119 1610 3257 1687 πρὸς
3287 1610 3453 1680 αὐτὴν
3484 1614 3581 1682 τὴν
3626 1625 3794 1679 καθα-

387 1705 482 1781 ρὰν
516 1702 799 1777 παρθένον.

458 1812 515 1867 Sz
565 1814 787 1881 ignoras
834 1816 882 1863 te
924 1808 1127 1878 ipsam,
1177 1823 1210 1860 ο
1256 1804 1494 1878 pulchra
1551 1805 1697 1859 inter
1755 1803 2033 1873 mulieres,
2069 1820 2112 1886 Β

385 1900 645 1972 egredere
672 1908 731 1954 tu
763 1900 823 1953 in
854 1898 1099 1965 vestigiis
1126 1911 1353 1967 gregum
1384 1902 1625 1963 tuorum,
1650 1902 1704 1948 et
1728 1909 1890 1965 pasce
1918 1892 2032 1949 hx-

384 1991 482 2045 dos
513 1998 631 2044 tuos
663 1990 722 2043 in
754 1986 1139 2043 tabernaculis
1164 1994 1469 2057 pastorum.

455 2171 499 2223 O
543 2171 729 2237 casta,
780 2164 1079 2236 inquiunt,
1130 2162 1330 2218 anima
1377 2178 1443 2217 ac
1490 2161 1845 2229 veneranda,
1877 2160 1925 2215 si
1958 2160 2031 2215 ad

385 2257 579 2312 ovium
633 2272 836 2328 greges
896 2253 1062 2325 cupis
1117 2250 1438 2325 pervenire,
1489 2267 1666 2305 nosce
1714 2254 1769 2305 te
1817 2250 2029 2319 ipsam,

382 2346 576 2418 qualis
610 2346 759 2401 facta
807 2343 1067 2411 sis,cum
1119 2346 1294 2397 antea
1342 2338 1488 2394 nihil
1538 2338 1777 2395 omnino
1829 2338 2030 2406 fueris,

382 2436 677 2507 quomodo
725 2433 951 2488 Domini
1013 2430 1271 2503 imagine
1328 2430 1411 2485 sis
1459 2429 1750 2484 decorata.
1783 2427 2029 2483 Omnem

384 2524 591 2580 mundi
652 2523 913 2578 fraudem
964 2520 1213 2585 declina,
1250 2525 1306 2575 et
1354 2517 1599 2590 vestigia
1651 2532 1895 2589 gregum
1946 2514 2029 2571 sic

382 2612 640 2684 explora,
676 2616 738 2665 ut
786 2627 914 2681 quas
964 2610 1035 2664 ad
1069 2608 1219 2663 viam
1271 2606 1523 2678 amplam
1576 2606 1873 2677 latamque
1919 2606 2030 2659 du-

380 2706 541 2770 cunt,
589 2699 882 2770 despicias
940 2702 1115 2769 atque
1160 2696 1402 2752 oderis:
1448 2699 1585 2750 sunt
1633 2693 1786 2750 enim
1836 2694 2028 2750 haedo-

382 2806 535 2844 rum.
569 2789 704 2853 Quae
736 2803 867 2843 vero
913 2787 985 2841 ad
1036 2784 1243 2841 callem
1276 2788 1596 2856 angustum
1642 2788 1819 2856 atque
1858 2799 2027 2855 aspe-

383 2895 514 2934 rum
568 2878 841 2943 tendunt,
905 2874 1120 2946 diligas
1177 2878 1235 2929 et
1291 2872 1698 2944 complcctaris
1762 2890 1775 2929 :
1830 2873 2027 2929 ovium

382 2968 538 3023 enim
591 2970 749 3023 sunt.
801 2964 1047 3021 Proinde
1095 2979 1252 3034 cave,
1292 2978 1363 3018 ne
1410 2962 1712 3018 haedorum
1764 2962 2028 3035 vestigiis

383 3055 696 3128 decipiare.

905 3162 987 3216 Ex
1017 3159 1194 3215 tribus
1222 3159 1503 3215 Patribus.

453 3251 833 3323 Respondeas
864 3249 1045 3322 igitur
1064 3250 1136 3305 ad
1159 3248 1311 3305 hanc
1331 3265 1399 3305 ex
1424 3247 1699 3321 gentibus
1720 3246 2025 3311 collectam

378 3339 695 3396 Ecclesiam
730 3340 935 3395 Pastor
973 3338 1185 3406 bonus,
1216 3345 1270 3393 et
1316 3341 1580 3410 Sponsus
1611 3335 1801 3408 ipsius
1835 3350 1849 3395 :
1882 3334 2027 3391 Sile

378 3431 581 3502 ipsam,
616 3428 831 3500 inquit,
863 3443 972 3484 non
1016 3429 1204 3484 nosti:
1233 3427 1283 3482 si
1334 3427 1569 3499 ignoras
1617 3430 1673 3481 te
1724 3424 1933 3497 ipsam,
1964 3424 2021 3479 in

377 3535 494 3590 qua
523 3535 625 3590 ego
658 3517 759 3591 qui
789 3516 1196 3573 circumscribi
1226 3532 1474 3588 nequeo,
1503 3515 1833 3586 descriptus
1864 3529 2022 3583 sum,

377 3612 433 3664 et
463 3608 617 3665 sicut
659 3607 718 3662 in
753 3606 1009 3679 imagine
1053 3605 1458 3677 archetypum,
1492 3620 1697 3659 cernor
1731 3620 1743 3657 :
1775 3607 1833 3657 et
1864 3619 1897 3658 a
1926 3619 2021 3657 ra-

376 3698 532 3752 tione
559 3696 779 3752 alienos
806 3712 1015 3751 sensus
1039 3700 1171 3750 tuos
1201 3693 1429 3765 corrigo
1454 3709 1466 3748 :
1491 3698 1548 3748 et
1568 3691 2023 3747 comminatione

375 3786 543 3857 quasi
575 3786 755 3858 virga,
782 3782 1209 3856 promissisque
1232 3786 1510 3853 tanquam
1544 3779 1744 3837 ﬁstula
1770 3782 1839 3835 ad
1862 3785 2023 3837 aeter-

374 3891 480 3929 nas
507 3878 563 3929 te
586 3873 784 3930 caulas
807 3873 978 3942 duco,
1004 3872 1059 3926 in
1088 3869 1304 3943 quibus
1329 3872 1588 3926 secundo
1614 3870 1865 3926 adventu
1894 3886 2020 3926 meo

372 3967 427 4021 te
461 3963 671 4019 faciam
712 3961 1143 4033 conquiescere,
1176 3977 1309 4015 cum
1344 3963 1582 4032 propter
1626 3958 2022 4031 incorruptio-

374 4069 505 4108 nem
543 4056 715 4123 atque
746 4048 1248 4106 immortalilatem
1283 4048 1445 4104 nulla
1474 4053 1529 4104 te
1556 4048 1767 4103 umbra
1799 4052 2023 4121 pertur-

370 4141 675 4197 bationum
728 4139 1055 4213 occupabit.
1092 4138 1131 4195 0
1159 4139 1399 4210 pulchra
1447 4140 1593 4193 inter
1639 4139 1921 4207 mulieres,
1956 4155 2023 4194 ac

371 4230 638 4304 speciosa
684 4233 920 4303 propter
949 4228 1122 4283 ﬁdem
1155 4232 1212 4283 et
1242 4226 1588 4283 cbaritatem
1644 4243 1782 4299 erga
1814 4243 1928 4297 me,
1960 4229 2021 4283 in

368 4320 529 4375 omni
559 4325 731 4392 gente
763 4316 1124 4373 infidelitatis
1156 4316 1355 4373 morbo
1395 4315 1720 4384 laborante,
1744 4320 1799 4372 et
1828 4316 2023 4371 carnis

367 4408 768 4481 voluptatibus
809 4406 1089 4473 involuta,
1123 4407 1386 4475 egredere
1419 4412 1501 4460 tu.
1536 4406 1645 4474 Tu,
1680 4404 1941 4476 inquam,
1973 4422 2025 4478 si

369 4497 475 4553 tibi
501 4515 562 4553 es
593 4497 911 4570 incognita,
938 4495 986 4551 si
1014 4495 1363 4569 mysterium
1390 4499 1557 4550 tuum
1582 4494 1880 4551 intellectu
1912 4511 2026 4551 non

366 4586 796 4660 complecteris,
830 4603 897 4641 ex
928 4590 1088 4657 parte
1122 4584 1334 4639 mentis
1369 4584 1643 4641 interiore
1675 4585 1743 4639 ad
1777 4601 2015 4641 sensum

366 4677 734 4749 progredere,
758 4680 844 4744 tu,
869 4692 994 4748 quae
1018 4674 1242 4730 ratione
1266 4691 1505 4746 prorsus
1528 4691 1589 4730 es
1616 4679 1840 4731 ornata.
1866 4680 2011 4731 Nam

365 4766 414 4820 si
447 4765 548 4821 ubi
583 4782 688 4839 ego
734 4781 991 4838 pascam,
1024 4763 1265 4819 omnino
1297 4763 1383 4818 vis
1432 4763 1678 4835 discere,
1712 4779 1782 4819 ne
1816 4764 1873 4819 in
1904 4764 2014 4820 hac

364 4855 602 4927 quidem
648 4854 979 4928 egressione
1009 4856 1239 4925 oportet
1270 4856 1323 4907 te
1354 4868 1385 4908 a
1418 4852 1640 4909 ratione
1685 4853 1921 4924 penitus
1953 4853 2012 4909 in

364 4944 721 5000 contrarium
773 4942 1052 4999 converti.
1104 4941 1368 5013 Egredere
1417 4946 1614 4997 autem
1659 4942 1719 4997 in
1772 4944 2015 5012 vestigiis

359 5050 618 5106 gregum,
651 5049 859 5105 nempe
901 5033 959 5087 in
1004 5031 1368 5087 diversarum
1417 5035 1759 5087 naturarum
1794 5049 1854 5088 re
1884 5033 2014 5104 ipsa

364 5122 659 5193 expressis
690 5121 970 5193 vestigiis,
1005 5138 1103 5192 per
1147 5137 1274 5192 qua:
1326 5118 1625 5192 sigillatim
1678 5120 2010 5192 indagando

362 5211 745 5283 progrediens
777 5212 925 5267 ratio
948 5208 1248 5265 deﬁnitur.
1268 5208 1485 5283 Greges
1507 5209 1789 5264 dicuntur
1814 5226 2006 5265 rerum

360 5304 583 5355 natura:
617 5301 897 5371 quoniam
930 5315 1131 5355 earum
1166 5296 1409 5368 singula:
1445 5298 1605 5352 facta;
1630 5302 1769 5353 sunt
1800 5298 2007 5369 dignae,

358 5403 508 5458 quas
536 5388 901 5459 providentia
949 5404 1051 5442 sua
1083 5390 1286 5440 auctor
1314 5385 1579 5440 omnium
1629 5386 1784 5442 Deus
1836 5397 2010 5458 quasi

356 5478 556 5545 pastor
589 5478 896 5547 gubernet,
929 5475 1265 5531 moderetur
1293 5487 1357 5527 ac
1394 5478 1573 5543 regat.
1616 5474 1678 5528 Et
1705 5491 1869 5545 pasce
1897 5478 2007 5532 hae-

354 5563 448 5619 dos
478 5574 597 5621 tuos
619 5585 637 5621 .'
662 5566 927 5622 turbidos
959 5562 1183 5619 scilicet
1204 5559 1387 5616 animi
1420 5566 1636 5633 motus,
1659 5567 1722 5619 ut
1752 5564 2004 5623 sinistras

354 5653 534 5726 partis
569 5654 885 5711 retinentes
922 5653 1135 5709 locum.
1170 5652 1231 5708 In
1260 5650 1637 5709 tabernaculis
1674 5662 1957 5725 pastorum
1984 5672 2006 5715 .°

2215 1804 2337 1860 Ἐάν
2399 1806 2475 1877 μή
2547 1809 2691 1879 γνῶς
2754 1808 3021 1876 σεαυτὴν,
3094 1809 3129 1877 ἡ
3188 1805 3332 1877 καλῆ
3398 1808 3448 1864 ἐν
3522 1811 3788 1885 γυναιξέν,

2144 1892 2322 1966 ἔξελθε
2394 1892 2457 1948 τὺ
2532 1893 2583 1949 ἐν
2651 1895 2903 1971 πτέρναις
2976 1900 3085 1952 τῶν
3152 1898 3423 1971 ποιμνίων
3499 1921 3615 1971 σου,
3697 1902 3785 1956 καὶ

2141 1980 2405 2056 ποίμαινε
2474 1982 2602 2045 τοὺς
2673 1982 2892 2062 ἐρίφους
2967 2005 3063 2040 σου
3131 1984 3217 2040 ἐπὶ
3299 1989 3622 2063 σκηνώμασῖ
3678 1994 3786 2045 τῶν

2142 2092 2234 2126 ποι
2246 2073 2418 2144 μένων
2432 2115 2444 2126 .

2210 2162 2278 2215 Ὠ
2328 2160 2727 2237 παρθενεύουσα
2773 2164 2950 2238 ψυχὴ,
2983 2165 3131 2242 φασὶ,
3181 2163 3269 2219 καὶ
3313 2159 3601 2238 σεϐασμία,
3632 2166 3787 2244 εἴπερ

2141 2251 2325 2314 ποθεῖς
2393 2246 2716 2306 καταλαϐεῖν
2786 2249 2987 2327 ἀγέλας
3058 2257 3164 2308 τῶν
3239 2249 3553 2329 προϐάτων,
3612 2261 3789 2332 γνῶθι

2142 2340 2343 2409 σαυτὴν
2398 2339 2482 2401 τίς
2538 2340 2799 2415 πέφυκας,
2848 2342 2910 2396 τὸ
2968 2342 3092 2417 πρὶν
3155 2340 3268 2397 οὔδ’
3328 2342 3472 2407 ὅλως
3507 2343 3659 2415 οὖσα,
3694 2348 3787 2402 καὶ

2139 2431 2253 2489 πῶς
2310 2427 2468 2482 εἰκὼν
2521 2429 2808 2502 τετίμησαι
2863 2432 3153 2507 τυγχάνειν
3202 2436 3297 2487 τοῦ
3342 2433 3632 2503 Δεσπότου,
3693 2437 3788 2492 καὶ

2138 2515 2316 2585 πάσης
2376 2518 2797 2588 μετανάστευσον
2866 2521 2964 2588 τῆς
3040 2527 3312 2594 κοσμικῆς
3378 2521 3610 2594 ἀπάτης,
3689 2528 3785 2580 καὶ

2140 2601 2296 2680 δεῦρο
2325 2603 2761 2662 κατασκόπευσον
2796 2605 2921 2683 ἴχνη
2971 2608 3037 2664 τά
3064 2614 3171 2664 τῶν
3222 2612 3517 2684 ποιμένων,
3566 2614 3656 2669 καὶ
3717 2615 3787 2670 τὲ

2141 2694 2236 2766 μὶν
2266 2690 2393 2749 ὄντα
2422 2696 2558 2769 πρὸς
2590 2693 2713 2751 ὁδὸν
2751 2695 2995 2771 μεγάλην
3027 2698 3116 2753 καὶ
3149 2698 3784 2777 πλατεῖαν,βδελ·3χθητι

2136 2784 2225 2837 καὶ
2268 2785 2523 2857 μίσησον·
2558 2785 2659 2840 εἰσὶ
2690 2787 2789 2862 γὰρ
2815 2791 2924 2842 τῶν
2958 2786 3179 2865 ἐρίφων
3225 2790 3291 2842 τα
3322 2786 3378 2843 δὲ
3409 2791 3543 2864 πρὸς
3591 2788 3787 2865 τρίϐον

2136 2892 2357 2945 κειμενα
2388 2875 2573 2942 στενὴν
2604 2876 2693 2929 καὶ
2720 2874 3089 2949 τεθλιμμένην
3120 2877 3398 2952 ἀγάπησον
3437 2882 3523 2934 καὶ
3574 2881 3785 2955 κράτη-

2137 2979 2251 3015 σον·
2285 2961 2386 3017 εἶσὶ
2418 2964 2523 3038 γὰρ
2548 2967 2655 3017 τῶν
2688 2961 2999 3036 προϐάτων,
3035 2964 3273 3042 χρόσεχε
3305 2968 3393 3021 οῦν
3441 2969 3517 3041 μὴ
3568 2982 3786 3041 πλάνη-

2137 3052 2233 3121 θῇς
2264 3049 2315 3105 ἐν
2350 3053 2598 3128 πτέρναις
2624 3056 2732 3107 τῶν
2764 3052 2979 3132 ἐρίφων.

2702 3162 2824 3216 Τῶν
2854 3162 2902 3235 γ’
2930 3160 3178 3237 Πατέρων
3189 3204 3201 3217 .

2209 3246 2660 3322 ’Δποκρινόμενος
2719 3249 2809 3303 οῦν
2859 3250 2996 3325 πρὸς
3050 3250 3276 3320 ταύτην,
3334 3252 3433 3320 τήν
3496 3251 3547 3323 if
3606 3252 3783 3309 ἐθνῶν

2133 3330 2348 3405 δηλαδή
2409 3334 2761 3409 Ἐκκλησίαν,
2821 3338 2848 3392 ὁ
2906 3335 3071 3400 καλὸς
3124 3340 3334 3411 ποιμὴν
3394 3340 3485 3394 καὶ
3542 3343 3787 3420 νυμφίος

2134 3422 2341 3494 αὐτῆς,
2395 3424 2595 3502 φησίνο
2658 3425 2722 3482 Ei
2783 3428 2857 3499 μὴ
2916 3423 3081 3501 ἔγνως
3140 3430 3405 3498 σεαυτήν·
3465 3450 3586 3500 τοι,
3646 3432 3781 3488 Ἐὰν

2133 3512 2329 3588 ἀγνοῇς
2374 3516 2598 3584 σεαυτὴν
2666 3514 2717 3570 ἐν
2787 3515 2822 3589 ᾖ
2875 3515 3271 3592 ἀπερίγραπτος
3316 3521 3725 3596 περιγράφομαι
3762 3564 3777 3589 ,

2131 3602 2219 3656 καὶ
2281 3605 2494 3677 ὁρῶμαι
2518 3603 2592 3665 ὡς
2625 3603 2677 3658 ἐν
2712 3603 2874 3659 εἰκόνι
2925 3605 3252 3679 ἀρχέτυπον,
3300 3606 3385 3660 καὶ
3418 3606 3512 3669 τάς
3541 3607 3789 3684 ἀλόγους

2131 3691 2409 3761 αἰσθήσεις
2440 3690 2536 3746 σᾶυ
2570 3692 2839 3768 ῥυθμίςω,
2885 3693 2975 3748 καί
3026 3692 3115 3749 διά
3160 3716 3217 3750 τε
3261 3700 3368 3750 τῶν
3419 3696 3660 3752 ἀπειλῶν
3715 3700 3793 3760 ὡς

2131 3778 2221 3835 διὰ
2250 3775 2485 3857 ῥάϐδων,
2535 3782 2622 3836 καὶ
2671 3786 2774 3837 τῶν
2827 3782 3165 3859 ἐπαγγελιῶν
3214 3786 3286 3846 ὡς
3334 3785 3587 3861 σύριγγος
3635 3789 3780 3863 πρὸς

2128 3870 2226 3931 τὰς
2268 3869 2520 3933 αἰωνίους
2573 3891 2630 3925 σε
2679 3872 2795 3947 ἄγω
2846 3870 3105 3948 μάνδρας·
3142 3873 3192 3928 ἐν
3246 3876 3330 3935 αἷς
3375 3894 3432 3929 σε
3484 3874 3784 3930 ἀναπαύσω

2132 3958 2182 4013 ἐν
2235 3962 2304 4033 τῇ
2360 3957 2580 4036 δευτέρᾳ
2631 3982 2734 4034 μου
2782 3963 3066 4036 παρουσίᾳ·
3118 3961 3241 4016 ὅταν
3292 3960 3409 4017 οὐδ’
3468 3963 3570 4018 ὑπό
3624 3986 3781 4029 τινος

2131 4048 2387 4119 συσκιάζη
2449 4048 2650 4113 πάθους
2709 4047 2796 4104 διά
2852 4052 2913 4104 τὸ
2966 4049 3234 4128 ἅφθαρτόν
3287 4072 3345 4106 τε
3396 4051 3484 4106 καὶ
3531 4053 3780 4130 ἀναμάρ-

2128 4158 2312 4208 τητον.
2361 4138 2424 4195 Ἡ
2471 4136 2616 4208 καλὴ
2672 4138 2722 4193 ἐν
2766 4138 3023 4216 γυναιξίν·
3079 4141 3141 4196 ἸΙ
3192 4140 3364 4215 ὡραία
3413 4138 3502 4195 διὰ
3541 4144 3645 4211 τὴν
3702 4143 3779 4200 εἷς

2135 4228 2200 4300 μὶ
2247 4226 2425 4282 πίστιν
2480 4249 2539 4282 τε
2586 4229 2675 4282 καὶ
2725 4228 2975 4304 ἀγάπην,
3028 4227 3079 4283 ἐν
3121 4230 3277 4283 παντὶ
3326 4226 3461 4294 ἔθνει
3521 4230 3779 4287 ἀπιστίαν

2129 4320 2377 4371 νοσοῦντι
2439 4318 2526 4372 καὶ
2594 4322 2709 4379 ταῖς
2777 4324 2876 4387 τῆς
2935 4318 3131 4393 σαρκὸς
3192 4316 3414 4387 ἡδοναῖς
3474 4318 3782 4390 έκθηλυνο-

2138 4405 2300 4478 μένῳ“
2357 4402 2539 4476 ἔξελθε
2588 4406 2686 4460 σύ·
2734 4403 2940 4483 ἤγουν,
3002 4405 3187 4475 ἐπειδὴ
3251 4406 3313 4461 σὺ
3366 4408 3441 4480 μὴ
3492 4404 3665 4482 ἔγνως
3718 4410 3784 4464 τὸ

2132 4494 2257 4569 περὶ
2316 4494 2372 4549 σὶ
2432 4498 2733 4569 μυστήριον
2792 4502 3030 4573 νοερῶς,
3100 4494 3277 4567 ἔξελθε
3328 4496 3434 4551 ἀπὸ
3482 4499 3583 4565 τῆς
3641 4499 3785 4553 κατὰ

2049 4571 2095 4636 Ῑ)
2129 4588 2251 4638 νοῦν
2287 4581 2573 4655 ένδότητος
2605 4586 2741 4660 πρὸς
2769 4587 2866 4655 τήν
2892 4571 3178 4655 αἴσθησιν,
3228 4584 3289 4638 σὺ
3338 4588 3372 4653 ἡ
3405 4582 3603 4660 λογική
3638 4590 3781 4641 πίν-

2122 4694 2253 4734 τως.
2289 4672 2350 4727 El
2379 4673 2479 4749 γὰρ
2537 4678 2643 4729 ποῦ
2702 4674 2979 4747 ποιμαίνω
3041 4671 3227 4749 βούλει
3259 4673 3405 4735 ὅλως
3435 4676 3651 4746 μαθεῖν,
3678 4677 3782 4730 οὗ·

2125 4759 2211 4817 δὲν
2243 4765 2309 4835 τῇ
2355 4759 2539 4833 τοιᾷδε
2569 4761 2829 4835 ἐξελεύσει
2864 4761 3003 4818 δεῖσε
3034 4762 3167 4839 πρὸς
3198 4761 3421 4837 ἀλογίαν
3472 4772 3780 4837 τραπῆναι.

2124 4848 2346 4921 Ἔξελθε
2396 4848 2452 4906 δὲ
2501 4851 2551 4906 ἐν
2598 4854 2853 4928 πτέρναις
2891 4856 2997 4906 τῶν
3032 4852 3329 4924 ποιμνίων,
3378 4848 3506 4921 ἤτοι
3545 4851 3601 4907 ἐν
3652 4860 3781 4917 ταῖς

2121 4941 2238 4994 κατ’
2299 4940 2559 5016 ἐνέργειαν
2619 4942 2802 5017 βάσεσι
2850 4945 2956 4996 τῶν
3015 4938 3288 5018 διαφόρων
3364 4940 3574 5018 φύσεων
3614 4962 3627 4975 ”
3704 4941 3781 4997 δι’

2124 5029 2196 5082 ὧν
2274 5028 2498 5101 ἑκάστην
2573 5029 2778 5085 τούτων
2853 5029 3151 5104 ἀνιχνεύων
3203 5030 3230 5082 ὁ
3291 5028 3456 5103 λόγος
3509 5030 3775 5104 ὁρίζεται.

2124 5118 2361 5191 Ιίοίμνια
2418 5116 2463 5173 δ’
2520 5120 2573 5174 αἳ
2630 5121 2734 5174 τῶν
2796 5116 2965 5174 ὄντων
3018 5117 3229 5194 εἷ’ρηται
3287 5116 3503 5196 φύσεις,
3565 5116 3655 5173 διὰ
3710 5122 3776 5176 τὸ

2121 5207 2394 5279 ἀξιοῦσθαι
2443 5208 2532 5263 καὶ
2579 5210 2647 5263 τὰ
2698 5210 2781 5286 ὑφ’
2831 5207 3061 5279 ἑκάστην
3118 5207 3328 5262 τούτων
3383 5207 3581 5283 μερικά
3636 5229 3780 5283 προσ

2119 5297 2292 5368 νοίας,
2342 5298 2418 5359 ὡς
2465 5299 2609 5372 παρά
2638 5296 2900 5371 ποιμένος
2938 5301 3035 5352 τοῦ
3083 5300 3191 5351 τῶν
3250 5293 3397 5351 ὅλων
3452 5303 3776 5373 προνοητοῦ

2116 5386 2205 5440 καὶ
2284 5391 2437 5442 Θεοῦ.
2513 5388 2611 5441 Καὶ
2677 5388 2935 5459 ποίμαινε
3007 5385 3134 5447 τοὺς
3208 5384 3429 5463 ἆρίφους
3498 5404 3625 5441 σου·
3701 5387 3775 5441 τὰ

2116 5477 2261 5545 πάθη
2313 5476 2547 5545 πάντως,
2597 5476 2673 5538 ὡς
2718 5483 2818 5545 τῆς
2850 5475 3131 5551 ἀριστερᾶς
3181 5474 3377 5547 μοίρας
3423 5476 3773 5552 ὑπάρχοντα.

2118 5564 2239 5621 Ἐπὶ
2314 5564 2659 5638 σκηνώμασιν
2731 5570 2837 5620 τῶν
2913 5564 3211 5637 ποιμνίων·
3288 5561 3375 5617 ἐπὶ
3448 5568 3568 5626 ταῖς
3629 5560 3771 5635 ἕξεσι

2117 5650 2331 5725 δηλαδὴ
2364 5659 2471 5710 τῶν
2506 5653 2734 5735 φύσεωψ
2770 5655 2843 5709 ὡς
2875 5648 3292 5728 μεταϐάλλουσα
3339 5658 3768 5731 προαιρετικῶς,
