4042 6198
242 265 345 323 553

1276 261 1684 324 COMMENT.
1734 262 1812 322 1N
1856 264 2262 327 CANTICUM
2309 265 2613 327 CANTIC.

3515 276 3632 335 554

240 395 326 461 τήν
368 392 457 464 μὲν
517 389 689 445 αἰτίαν
742 388 956 445 πάντων
1016 393 1123 445 τῶν
1172 365 1351 445 κακῶν
1408 389 1700 466 ῥᾳθυμίαν,
1729 392 1865 467 πρὸς

2001 394 2257 467 ιχθωρὶίες
2282 396 2488 468 utique
2509 412 2704 452 rerum
2729 399 3322 472 naturalium,sponte
3343 403 3627 460 desidiam

237 481 324 550 τήν
353 481 465 545 καθ’
496 478 602 553 ἕξιν
663 480 899 555 φυσικὴν
942 477 1347 556 ἰνυπᾶρχουσαν
1391 483 1459 554 τῇ
1494 480 1745 555 μύρμηκι
1778 483 1870 535 καὶ

238 574 299 643 τῇ
343 568 570 644 μελίσσῃ
615 566 956 643 ἐπιμίλειαν,
1001 567 1365 642 ὲτοιμάζουσα
1408 568 1498 623 καὶ
1555 568 1692 637 αύτή
1736 568 1873 624 κατὰ

241 660 296 715 τὸ
342 660 506 733 παρὸν
551 661 654 729 τὴν
728 662 839 714 τῶν
922 656 1239 731 μελλόντων
1303 655 1627 728 ἀπόλαυσιν,
1688 656 1869 735 ὥσπερ

239 750 462 804 κάκεῖναι
520 744 679 824 ἔαρος
731 748 847 822 ὥρᾳ
902 748 991 803 καὶ
1052 746 1239 823 Θίρους
1286 749 1385 817 τήν
1439 751 1535 801 τοῦ
1590 752 1871 823 χειμῶνος

238 840 428 915 τροφὴν
482 836 594 911 (διὰ
641 837 743 914 γάρ
801 844 899 907 τῆς
975 835 1293 909 ἐπιμελείας
1347 842 1609 913 τρυγᾶται
1662 835 1721 891 ἐκ
1774 840 1871 890 τοῦ

236 935 325 998 τῆς
374 931 555 1004 ψυχῆς
614 931 909 1002 τριμεροῦς
963 928 997 997 ἡ
1059 924 1392 996 δικαιοσύνη,
1432 924 1556 995 ἥτις
1587 925 1873 999 ἐτοιμασία

235 1025 323 1087 τῆς
374 1022 479 1072 τῶν
513 1015 827 1089 μελλόντων
873 1015 1011 1071 ἐστὶν
1058 1014 1456 1089 ἀπολαύσεως),
1484 1016 1583 1084 τήν
1618 1012 1675 1069 δὲ
1704 1015 1871 1093 ἀφρο-

240 1106 412 1178 σύνην,
468 1105 593 1175 ⁴ἥτις
651 1105 711 1161 ἐκ
764 1110 862 1160 τοῦ
916 1105 1054 1160 κατὰ
1101 1104 1258 1182 φύσιν
1308 1105 1445 1180 πρὸς
1485 1106 1548 1159 τὸ
1595 1106 1741 1177 παρὰ
1772 1103 1872 1182 φύ-

241 1218 333 1264 σιν,
363 1196 541 1271 τροπή
573 1201 674 1265 τῆς
724 1194 954 1270 λογικῆς
1008 1195 1242 1269 ὑπάρχει
1275 1189 1574 1267 δυνάμεῳς,
1607 1194 1743 1269 πρὸς
1771 1194 1869 1261 τὴν

237 1284 430 1357 ὁμοίως
458 1282 676 1339 ἐνοῦσαν
708 1288 789 1356 τῷ
833 1279 953 1361 ὄφει
1003 1278 1261 1360 φρόνησιν
1317 1281 1454 1353 ὅλην
1499 1282 1695 1352 ἑαυτήν
1733 1302 1874 1358 προ-

240 1370 471 1442 διδοῦσα,
528 1373 659 1449 ὑπὶρ
700 1377 799 1428 τοῦ
864 1370 1097 1450 φυλάξαι
1140 1372 1230 1427 τὸν
1263 1370 1429 1447 λόγον
1470 1378 1569 1442 τῆς
1617 1370 1871 1441 πίστεως,

240 1461 407 1535 ὥσπερ
451 1462 705 1525 κάκεῖνος
761 1460 892 1517 ὅλον
946 1458 1279 1537 προδίδωσιν
1340 1461 1552 1531 ἑαυτὸν,
1603 1460 1733 1536 ὑπὲρ
1776 1463 1873 1515 τοῦ

242 1550 457 1627 φυλάξαι
488 1553 589 1620 τήν
622 1552 814 1606 ἑαυτοῦ
842 1549 1084 1628 κεφαλήν
1121 1568 1133 1583 ⁸
1194 1552 1292 1619 τὴν
1328 1547 1386 1605 δὶ
1420 1557 1606 1624 μῆνιν,
1638 1547 1758 1619 ἥτις
1775 1552 1874 1619 τῆς

238 1644 461 1715 θυμικῆς
523 1638 802 1713 δυνάμεώς
852 1639 990 1695 ἐστιν
1042 1638 1304 1712 ίκτροπὴ,
1362 1640 1497 1716 πρὸς
1545 1641 1644 1709 τήν
1697 1637 1869 1693 ὡσαύ-

1984 483 2273 539 malorum
2308 486 2575 541 omnium
2607 502 2872 554 causam,
2904 487 2962 543 in
2995 488 3385 562 diligentiam,
3420 509 3546 564 quis
3575 495 3629 547 vi

1982 571 2237 628 naturali
2268 573 2521 629 formica:
2571 580 2749 646 atque
2799 575 2892 647 api
2940 576 3134 633 inesse
3181 580 3459 646 cernitur,
3494 597 3631 636 con-

1980 667 2308 729 vertens,ac
2332 680 2546 733 parans
2568 663 2695 735 ipsa
2718 681 2951 737 quoque
2971 666 3029 720 in
3053 670 3325 737 praesenti
3347 673 3627 739 tempore,

1982 767 2097 821 quo
2124 750 2182 806 in
2216 752 2412 807 futuro
2472 753 2792 823 perfruaris
2826 770 2839 809 :
2874 756 3374 827 quemadmodum
3408 764 3465 811 et
3495 755 3626 824 illae,

1980 856 2112 895 vere
2134 846 2310 911 atque
2332 846 2530 896 aestate
2551 842 2745 896 cibum
2765 850 3195 915 comparantes,
3230 845 3406 899 hiemi
3426 862 3632 900 consu-

1980 925 2132 990 lunt,
2168 929 2297 1000 (Per
2327 930 2691 1001 diligentiam
2742 934 2897 987 enim
2931 950 2999 986 ex
3031 934 3218 988 tribus
3249 934 3457 988 animai
3500 950 3630 1005 par-

1981 1017 2403 1089 tibusjustitiae
2436 1019 2752 1087 vindemia,
2776 1037 2901 1091 quae
2925 1027 3012 1076 est
3035 1039 3228 1077 rerum
3262 1023 3402 1077 olim
3436 1024 3632 1079 fruen-

1982 1106 2190 1161 darum
2232 1109 2611 1178 comparatio,
2644 1109 2980 1182 colligitur.)
3013 1112 3476 1183 Imprudentiam
3528 1129 3632 1167 au-

1982 1200 2123 1263 tem,
2152 1213 2277 1267 quae
2301 1203 2389 1251 est
2412 1197 2655 1253 rationis
2687 1204 2838 1254 recte
2870 1216 2939 1254 ex
2970 1205 3181 1255 natura
3210 1202 3539 1256 constitutae
3572 1201 3633 1256 in

1982 1287 2201 1340 statum
2228 1289 2447 1340 natura:
2465 1292 2887 1359 repugnantem
2912 1289 3234 1354 aversio,ad
3261 1290 3634 1360 prudentiam

1981 1371 2242 1444 exemplo
2273 1375 2562 1444 serpentis
2586 1376 2666 1430 ita
2697 1377 3089 1448 redigens,ut,
3105 1377 3254 1433 sicut
3276 1378 3394 1449 ille,
3410 1395 3511 1449 pro
3536 1395 3634 1435 ca-

1983 1461 2121 1533 pitis
2153 1462 2513 1534 defensione,
2543 1467 2731 1520 totum
2763 1481 2977 1537 corpus
3007 1466 3213 1522 offerre
3242 1484 3355 1523 non
3383 1468 3632 1537 dubitat,

1985 1550 2068 1606 sic
2092 1554 2156 1607 tu
2187 1568 2293 1624 pro
2325 1552 2455 1607 ﬁdei
2488 1554 2927 1611 conservatione
2956 1560 3012 1611 te
3042 1555 3232 1627 ipsam
3264 1561 3447 1613 totam
3480 1557 3634 1628 peri-

1985 1638 2136 1696 culis
2167 1641 2443 1697 omnibus
2470 1642 2732 1712 objicias.
2770 1643 3170 1712 Iracundiam,
3203 1645 3376 1710 iram,
3398 1662 3523 1717 quae
3547 1651 3638 1701 est

234 1750 334 1792 τως
384 1728 797 1805 ἐνυπάρχουσαν
868 1728 1231 1802 ἀκεραιότητα
1301 1731 1369 1801 τῇ
1426 1732 1730 1804 περιστεσᾷ,
1796 1727 1872 1799 μὴ

246 1819 261 1837 9
491 1818 503 1837 Ι
729 1820 741 1837 \
804 1816 828 1837 θ
873 1820 917 1837 Ι-
1120 1823 1146 1833 α·
1312 1816 1332 1837 Ἰ
1468 1816 1481 1837 Ι
1710 1815 1735 1837 υ
1806 1835 1869 1837 ,,_

2001 1729 2168 1785 mimi
2198 1731 2514 1787 commotio
2547 1731 2758 1787 rationi
2793 1734 3033 1789 minime
3064 1735 3499 1807 obtemperans,
3541 1750 3636 1789 co-

238 1818 565 1896 ἀφιπταμένη
615 1820 751 1874 κατὰ
800 1816 1036 1881 διάθεσιν
1079 1823 1187 1872 τῶν
1236 1816 1651 1890 πολεμούντων,
1697 1815 1876 1889 ὥσπερ

238 1906 299 1978 δή
330 1907 571 1979 κάκείνη,
622 1906 719 1963 κᾶν
774 1908 937 1983 μυρία
986 1902 1432 1976 ἆπιϐουλεύηται.
1467 1905 1563 1960 κ’ὰν
1598 1905 1665 1960 τὰ
1695 1904 1881 1960 νοσσία

239 1999 397 2067 αὐτῆς
457 1996 787 2067 ἀπόλλυσιν,
856 1997 918 2052 ού
981 1997 1188 2071 μακράν
1236 2000 1345 2051 τῶν
1414 1990 1877 2051 ἐπιϐουλευόντων

237 2085 554 2165 ἀφίσταται·
616 2088 703 2141 καὶ
760 2088 859 2156 τὴν
907 2086 1222 2155 ἀκολασίαν,
1278 2082 1401 2154 ἥτις
1465 2092 1564 2155 τῆς
1618 2082 1882 2157 ἐπιτυμη-

234 2183 383 2245 τικῆς
441 2173 724 2249 δυνάμεώς
802 2175 942 2231 ἐστιν
1015 2175 1279 2251 ἐκτροπή,
1331 2174 1467 2248 πρὸς
1522 2174 1618 2242 τήν
1670 2172 1880 2245 ὁμοίως

234 2265 634 2341 ἐνυπάρχουσαν
692 2266 762 2337 τῇ
825 2264 1044 2339 τρυγόνι
1112 2262 1467 2341 σωφροσύνην
1504 2281 1516 2294 ·
1586 2261 1879 2339 ἐγκρατῶς,

235 2352 355 2419 ’ἔνθα
384 2355 651 2430 ἂναγκαία
698 2353 862 2430 χρεία
908 2352 1232 2428 κατεπείγει,
1262 2350 1526 2428 χρωμένη
1558 2354 1625 2424 τῇ
1657 2348 1830 2425 ἡδονῇ
1865 2371 1878 2384 ·

235 2445 409 2519 ὥσπερ
468 2442 539 2513 δή
627 2443 851 2514 κάκείνη
939 2439 1028 2497 διὰ
1108 2442 1427 2518 γονοτοκίαν
1487 2444 1881 2515 μονοζυγοῦσα.

232 2531 383 2587 Ἀλλ’
438 2533 796 2606 ἀκουσώμετα
856 2530 1050 2587 λοιπὸν
1110 2530 1200 2586 καὶ
1248 2536 1344 2586 τοῦ
1399 2530 1571 2586 καλοῦ
1622 2528 1882 2607 νυμφίου.

230 2619 363 2693 Ἤδη
395 2621 500 2697 γὰρ
534 2622 768 2699 πρώτως
795 2620 986 2693 ὁμιλεῖ
1013 2624 1081 2696 τῇ
1113 2619 1298 2698 νύμφῃ
1328 2619 1505 2697 λέγων
1546 2618 1675 2675 τάδε
1709 2639 1722 2652 ⁸

302 2892 377 2954 Τῆ
417 2886 581 2961 ’ίππῳ
642 2910 748 2963 μου
802 2908 853 2943 εν
908 2888 1111 2965 ἅρμασι
1172 2887 1377 2964 Φαραὼ
1426 2884 1692 2962 ὡμοίωσά
1746 2887 1881 2960 σε,ἠ

233 2977 468 3050 πλησίον
506 2998 634 3049 μου.

938 3085 1182 3140 Ψελλοῦ.

300 3193 529 3250 Βλέπων
562 3191 729 3260 αὐτὴν
761 3188 1132 3270 σφαδάζουσαν
1165 3190 1217 3261 ἐξ
1248 3189 1651 3267 ἰρωτοληψίας,

237 3284 339 3340 Καὶ
372 3282 508 3358 πρὸς
570 3280 772 3335 ἐκεῖνον
828 3277 1160 3335 σπεύδουσαν
1215 3277 1442 3356 δραμεῖν
1501 3281 1591 3335 καὶ
1647 3300 1883 3335 καταπε-

1611 3373 1813 3445 [ρᾰσαι,

225 3462 408 3533 Ἵππῳ
430 3457 753 3535 παρείκασεν
785 3458 956 3526 αὐτὴν
984 3453 1562 3533 αἱθεροπτηνοδρόμῳ.

225 3547 414 3611 Οὕτως
458 3549 562 3625 γὲιρ
621 3547 867 3624 θραύσεις
912 3546 1042 3610 τοὺς
1097 3545 1364 3623 ἐχθροὺς,
1423 3546 1556 3623 φησὶ
1606 3546 1744 3620 πρὸς
1787 3547 1888 3616 τήν

1506 3633 1791 3710 [παρθένον
1802 3678 1816 3704 ,

229 3734 436 3802 ’Ὠσπερ
468 3724 797 3799 κατίθραυσί
825 3744 960 3780 ποτε
988 3723 1077 3780 καὶ
1104 3722 1456 3800 Φαραωνίτας

228 3820 288 3873 Ἥ
324 3814 561 3889 δύναμις
592 3822 693 3884 τῆς
716 3812 893 3869 ’ίππου
927 3835 1032 3887 μου
1060 3815 1157 3883 τῆς
1189 3813 1643 3888 ἀνατεταγμὲνης,

231 3905 498 3964 Τουτὲστι
522 3912 627 3975 τῆς
654 3902 949 3981 ἀγγελικῆς
979 3902 1616 3979 ταγματοστραταρχίας.

233 3995 387 4057 Τίνος
419 3992 480 4050 δὲ
507 3993 694 4070 χάριν-
729 3993 956 4068 ἐρωτᾷς,
980 3993 1078 4061 τήν
1108 3997 1217 4047 τῶν
1252 3990 1496 4068 ἀγγέλων
1529 3991 1674 4065 τάξιν

234 4091 420 4157 Ἵππῳ
442 4084 765 4160 παρείκασεν
799 4081 992 4144 ἁπλῶς
1023 4082 1050 4136 ὁ
1082 4081 1257 4157 Λόγος
1286 4081 1376 4135 καὶ
1398 4081 1634 4156 νυμφίος
1668 4100 1682 4151 ;

236 4180 353 4236 Ili:
381 4195 467 4234 τις
494 4173 726 4243 τοξότης
757 4168 1006 4243 πόλεμον
1042 4169 1321 4225 συνάπτων
1355 4169 1655 4243 ἀντιπάλῳ,

233 4266 408 4333 Τόξον
440 4256 714 4335 λαμϐάνει
758 4261 847 4315 καὶ
895 4260 1082 4335 νευρὰν
1130 4259 1219 4313 καὶ
1270 4257 1466 4334 κράνος
1516 4280 1573 4314 τε
1601 4258 1689 4313 καὶ
1718 4256 1848 4334 δόρυ
1882 4276 1893 4289 ·

237 4353 410 4419 nae;
443 4354 597 4422 πεζῷ
643 4350 745 4425 γὰρ
790 4346 1046 4419 πολεμεῖ,
1102 4342 1412 4421 ῥαϐδοῦχος
1467 4367 1525 4401 τε
1579 4342 1897 4423 ῥαϐδούχῳ.

235 4440 393 4494 Ἐπεὶ
425 4444 553 4515 γοῦν
588 4440 623 4507 ἡ
656 4436 952 4511 παράταξις
977 4436 1102 4490 τότε
1120 4436 1229 4490 τῶν
1264 4435 1602 4510 Αἰγυπτίων,

236 4530 315 4587 Τὸ
348 4530 642 4603 κράτιστον
676 4526 934 4596 ἐκέκτητο
966 4531 1073 4595 τῆσ
1105 4523 1292 4600 μάχης
1318 4525 1383 4579 lx
1417 4529 1525 4579 τῶν
1552 4523 1760 4595 ἵππων,

234 4617 457 4675 Τούτου
489 4614 557 4686 δὴ
595 4615 759 4690 χάριν
793 4612 1007 4689 εἴρηκεν
1046 4611 1215 4668 ἵππου
1246 4611 1297 4683 ἐξ
1320 4611 1445 4667 ’ίσου
1470 4612 1659 4690 λόγος,

238 4708 362 4775 Τὴν
394 4706 715 4762 ἆντιστᾶσαν
742 4700 974 4775 δύναμιν
1005 4700 1325 4778 ἀγγελικὴν,
1356 4700 1602 4765 ἐκείνοις.

238 4796 357 4851 Ίνα
394 4796 465 4867 μή
500 4792 660 4867 δοξῃς
689 4789 748 4846 δὶ
769 4790 963 4847 λοιπὸν
997 4785 1307 4864 ὑϐρίζεσθαι
1336 4791 1436 4860 τήν
1469 4790 1711 4870 νύμφην,

240 4881 639 4955 Ἐξισουμὲνην
669 4880 925 4958 ὶμφανῶς
953 4877 1114 4951 ’ίππῷ
1143 4879 1288 4954 παρᾶ
1316 4884 1414 4935 τοῦ
1445 4878 1642 4957 λόγου,

241 4972 526 5028 Ἀκουσον
554 4970 607 5025 τί
633 4990 797 5047 φησιν
832 4969 954 5040 ἑξῆς
984 4969 1123 5043 πρὸς
1142 4968 1344 5040 ταύτην
1377 4970 1406 5026 ὁ
1434 4970 1664 5050 νυμφίος
1698 4992 1711 5005 ·

314 5060 386 5115 Τί
469 5058 829 5136 ὡραιώθησαν
936 5052 1181 5135 σιαγόνες
1287 5078 1382 5112 σου
1459 5059 1535 5122 ὠς
1610 5057 1907 5141 τρυγόνος;

237 5149 528 5226 τράχηλοί
558 5171 658 5204 σου
686 5149 762 5211 ὡς
796 5147 1055 5224 ὀρμίσκοι
1086 5167 1101 5216 ;

320 5238 432 5295 Καὶ
451 5237 609 5310 ἵππῳ
641 5258 700 5292 σε
729 5237 1051 5313 παρείκασα,
1078 5234 1233 5314 φησὶ,
1279 5233 1695 5313 δρομικωτάτῳ.

243 5326 415 5384 Ἀλλ’
444 5328 641 5383 οὔκουν
676 5325 906 5401 χρῄζεις
932 5322 1197 5401 χαλινοὺς
1231 5324 1282 5380 ἐν
1318 5326 1526 5402 σιαγόνι
1558 5326 1752 5405 φέρείν.

246 5416 325 5472 Δί
361 5417 450 5472 σαὶ
479 5419 580 5493 γάρ
614 5418 974 5493 ὡραιώθησαν
1008 5415 1213 5492 ὶξόχως
1246 5419 1506 5494 σιαγὸνες,

250 5507 376 5573 τὴν
413 5505 642 5585 ἔμφυτον
672 5506 748 5569 ὠς
782 5506 1012 5582 χαλινὸν
1044 5504 1272 5581 ἔχουσαι
1300 5507 1680 5583 σωφροσύνην,

250 5594 433 5669 Δίκην
463 5597 725 5674 τρυγόνος
756 5596 1060 5674 σώφρονος,
1092 5594 1351 5671 τρυγόνος
1384 5597 1581 5676 φιλερή
1594 5619 1717 5673 μου.

587 5729 857 5790 Puncta
904 5728 1018 5789 Gn.
1062 5726 1305 5789 CXXII.

1989 1816 2199 1873 lumbaa
2239 1819 2500 1891 exemplo
2550 1838 2827 1877 revocans
2854 1823 2924 1877 ad
2957 1822 3416 1895 simplicitatem,
3447 1828 3511 1878 ut
3539 1839 3639 1878 eos

1990 1907 2091 1978 qui
2122 1913 2177 1963 te
2208 1908 2443 1980 injuriis
2500 1910 2766 1966 afﬁciunt
2795 1916 2971 1983 atque
3002 1917 3365 1985 oppugnant,
3398 1912 3641 1968 minime

1990 1998 2385 2068 persequaris,
2419 2000 2653 2069 quando
2683 2016 2756 2055 ne
2787 2000 3056 2056 columba
3107 2002 3347 2072 quidem
3406 2006 3641 2073 propter

1990 2085 2238 2142 insidias
2269 2093 2369 2142 aut
2392 2087 2686 2159 pullorum
2718 2106 2959 2145 suorum
2992 2090 3481 2161 direptionem,ab
3504 2090 3644 2145 insi-

1990 2174 2291 2231 diantibus
2322 2194 2387 2232 ac
2419 2177 2830 2249 diripientibus
2861 2180 3096 2234 recedit.
3121 2180 3643 2252 lntemperantiam

1991 2268 2266 2338 denique,
2300 2284 2425 2338 quae
2457 2272 2547 2323 est
2576 2268 2758 2323 animi
2807 2269 3103 2340 appetitus
3151 2270 3362 2325 rationi
3411 2274 3643 2324 contra-

1990 2356 2135 2422 rius,
2162 2355 2232 2409 ad
2256 2356 2705 2427 temperantiam
2728 2356 2808 2412 ita
2830 2357 3146 2412 traducens
3176 2358 3423 2413 turturis
3447 2358 3643 2412 imita-

1991 2445 2168 2511 tione,
2201 2447 2286 2510 ut,
2320 2459 2452 2497 cum
2502 2461 2650 2515 opus
2694 2450 2804 2511 est,
2833 2462 2866 2499 a
2891 2444 3066 2500 rebus
3116 2446 3314 2501 sensui
3359 2446 3645 2516 jucundis

1992 2533 2309 2601 abstineas,
2345 2533 2842 2603 quemadmodum
2876 2539 2933 2588 et
2964 2532 3083 2601 illa,
3121 2535 3337 2590 amisso
3371 2536 3641 2606 conjuge,

1990 2621 2168 2677 vidua
2197 2622 2375 2677 vitam
2407 2623 2699 2695 transigit.
2731 2627 2946 2678 Verum
2976 2627 3033 2678 et
3065 2640 3357 2696 sponsum
3382 2625 3509 2695 jam
3545 2640 3648 2679 au-

1993 2711 2249 2781 diamus,
2281 2728 2561 2783 sponsam
2607 2728 2764 2767 nunc
2813 2712 3072 2784 primum
3121 2712 3518 2785 alloquentem
3550 2713 3646 2768 his

1991 2801 2185 2856 verbis
2217 2818 2230 2856 :

2064 2891 2229 2961 Equa:
2292 2905 2436 2947 mea?
2482 2908 2542 2946 ιη
2587 2891 2842 2947 curribus
2880 2893 3189 2950 Pharaonis
3236 2894 3545 2951 assimilan
3573 2897 3647 2963 te,

1992 2982 2304 3053 propinqua
2333 2997 2477 3038 mea.

2724 3091 2915 3146 Pselli.

2068 3196 2210 3252 Cum
2242 3211 2523 3266 sponsam
2555 3194 2772 3251 amoris
2804 3196 3044 3252 stimulo
3071 3196 3378 3267 percitam,
3401 3201 3459 3254 et
3490 3198 3561 3253 ad
3586 3211 3649 3255 se

1995 3298 2229 3340 currere
2257 3282 2631 3338 festinantem
2682 3286 2963 3350 cerneret,
2991 3299 3153 3354 equm
3185 3284 3443 3355 aeripedi
3476 3283 3644 3339 simi-

1996 3371 2112 3427 lem
2162 3370 2308 3426 dixit
2353 3386 2503 3427 esse.
2547 3371 2641 3427 Sic
2687 3372 2846 3426 enim
2878 3376 2963 3437 tu,
2996 3372 3178 3443 virgo,
3204 3370 3419 3443 inquit,
3444 3372 3646 3429 hostes

1997 3460 2359 3533 profligabis,
2391 3464 2457 3515 ut
2501 3459 2640 3515 olim
2690 3461 2989 3532 equitatus
3037 3461 3149 3516 mei
3201 3460 3492 3530 instructi,
3534 3460 3645 3517 hoc

1999 3554 2108 3618 est,
2132 3548 2380 3621 angelici
2404 3550 2658 3621 agminis
2673 3549 2882 3615 virtus,
2905 3549 3226 3605 Pharaonis
3246 3550 3446 3622 c0pias
3475 3550 3645 3606 dissi-

2001 3637 2176 3710 pavit.
2209 3638 2372 3702 Quod
2404 3638 2453 3692 si
2485 3655 2713 3709 quaeras
2745 3655 2850 3694 cur
2879 3639 3167 3710 equitatui
3197 3656 3451 3710 sponsus
3473 3655 3646 3712 ange-

2000 3726 2190 3782 lorum
2216 3727 2479 3783 ordinem
2514 3732 2833 3799 comparet,
2858 3727 3047 3783 facilis
3068 3726 3177 3782 erit
3194 3727 3519 3798 responsio.
3543 3726 3659 3790 Qui

2006 3815 2222 3871 bellum
2254 3817 2425 3888 gerit,
2449 3816 2498 3871 si
2531 3833 2664 3871 cum
2698 3816 2996 3887 sagittario
3022 3817 3407 3889 pugnandum
3432 3822 3543 3882 est,
3564 3833 3655 3871 ar-

2006 3922 2140 3961 cum
2164 3911 2220 3960 et
2241 3906 2488 3976 sagittas
2520 3912 2686 3977 parat
2711 3923 2723 3960 :
2750 3905 2799 3961 si
2824 3907 3000 3977 pedes
3032 3922 3165 3961 cum
3194 3906 3408 3977 pedite,
3435 3906 3661 3977 galeam

2006 4001 2184 4066 atque
2217 3994 2446 4051 hastam
2479 3996 2663 4051 sumit
2688 4014 2700 4051 :
2725 4012 2903 4066 eques
2936 4012 3067 4050 cum
3098 3996 3313 4066 equite,
3344 3996 3668 4065 imperator

2007 4098 2141 4137 cum
2176 4082 2527 4153 imperatore
2573 4083 2966 4155 congreditur.
3003 4085 3247 4150 Quando
3280 4083 3460 4153 igitur
3490 4082 3671 4137 robur

2009 4170 2298 4226 exercitus
2332 4170 2654 4226 Pharaonis
2681 4173 2741 4227 in
2774 4173 3040 4243 equitatu
3093 4172 3473 4243 potissimum
3528 4188 3672 4225 con-

2011 4259 2276 4325 sistebat,
2312 4260 2527 4316 idcirco
2568 4262 2856 4333 equitatui
2899 4262 3027 4331 ejus
3059 4277 3126 4317 ex
3157 4262 3396 4317 sdverso
3448 4261 3671 4315 instru-

2011 4354 2166 4404 ctam
2199 4351 2442 4419 opponit
2472 4351 2655 4406 aciem
2686 4350 3046 4421 angelorum.
3085 4352 3168 4404 Ac
3200 4367 3270 4405 ne
3305 4351 3447 4405 forte
3492 4366 3669 4421 spon-

2013 4454 2136 4491 sam
2170 4438 2321 4492 afﬁci
2354 4445 2521 4509 putes
2544 4439 2919 4500 contumelia.
2944 4440 3098 4509 quod
3126 4439 3434 4511 perspicue
3457 4438 3672 4494 similis

1934 4519 1981 4584 Ι)
2012 4542 2173 4597 equae
2205 4526 2454 4599 dicatur,
2480 4528 2618 4584 audi
2648 4528 2788 4599 quid
2817 4528 2889 4583 ad
2920 4544 3048 4583 eam
3091 4527 3369 4599 deinceps
3412 4544 3668 4600 sponsus

2016 4614 2173 4685 dicat
2205 4633 2219 4672 :

2095 5060 2235 5130 Quid
2274 5059 2525 5131 pulchra?
2569 5062 2726 5129 facta
2770 5063 2901 5115 sunt
2945 5074 3101 5131 gena
3138 5064 3271 5130 tuae,
3302 5062 3358 5115 ut
3388 5062 3626 5116 turturis
3652 5063 3677 5114 ἵ

2019 5152 2227 5209 collum
2256 5158 2414 5205 tuum
2440 5152 2584 5204 sicut
2612 5147 2855 5204 monilia
2874 5152 2898 5201 .9

2021 5243 2165 5295 Cum
2224 5255 2374 5310 equo
2422 5243 2480 5293 te
2528 5237 2784 5293 similem
2834 5238 3078 5293 dixerim
3134 5237 3505 5294 velocissimo
3548 5264 3563 5306 ;
3622 5238 3683 5294 in

2023 5328 2263 5385 maxilla
2292 5336 2394 5383 tua
2416 5344 2528 5383 non
2552 5327 2783 5398 indiges
2808 5327 2969 5382 freno
2999 5344 3011 5382 :
3036 5343 3197 5399 gena:
3224 5329 3380 5383 enim
3407 5333 3520 5384 tuae
3545 5333 3688 5382 sunt

2025 5417 2438 5485 ornatissimae,
2471 5421 2527 5471 et
2577 5417 2721 5472 freni
2775 5416 2919 5481 loco,
2973 5416 3223 5471 naturali
3277 5417 3498 5487 pudore
3549 5420 3689 5471 sunt

2027 5507 2303 5580 praeditas,
2328 5509 2517 5561 instar
2537 5507 2759 5577 pudicae
2792 5507 3043 5561 turturis
3068 5532 3081 5573 ;
3107 5506 3375 5573 turturis,
3418 5508 3683 5574 inquam,

2028 5595 2701 5662 amantis,solitudinem.
2725 5595 2951 5651 Collum
2985 5600 3155 5651 tuum
3188 5593 3551 5664 admirabile,
3576 5610 3678 5647 au-

3281 5724 3357 5782 18
