4042 6198
415 324 534 383 555

1796 311 2216 372 MICllAELlS
2260 312 2535 373 PSELLI

3709 314 3833 372 556

414 469 585 511 reum
616 454 855 525 gestans
879 448 1095 505 monile
1116 444 1581 502 Proverbiorum.
1601 443 1889 514 Torquem
1912 443 2070 498 enim

2199 443 2251 498 )l
2299 441 2577 518 τράχηλοί
2637 462 2731 495 σου
2787 440 3085 513 Θαυμαστοὶ
3130 440 3220 495 καὶ
3285 438 3831 513 κεκαλλωπισμένου

417 543 566 602 mihi
594 540 809 614 cogita,
836 537 1073 606 monile,
1106 536 1263 608 quod
1295 534 1436 591 dixi.

1016 734 1198 788 Trium
1232 732 1351 785 Pali
1366 747 1479 784 um.

491 827 635 883 Cum
669 824 847 894 igitur
878 837 1135 893 sponsus
1178 818 1495 874 Ecclesiam
1520 834 1587 873 ex
1608 818 1880 890 gentibus
1905 816 2074 873 colle-

423 920 577 971 ctam
621 914 681 967 in
731 928 847 983 qua
894 909 1101 982 pascit,
1136 906 1444 978 allegorice
1488 906 1976 963 demonstraverit
2006 922 2074 961 ex

424 1003 525 1059 illa
556 998 957 1071 responsione,
992 997 1051 1052 Si
1080 1012 1186 1051 non
1219 997 1369 1050 nosti
1397 1004 1447 1050 ιθ
1472 998 1670 1066 ipsam,
1716 1012 1872 1051 nunc
1916 996 2071 1050 idem

424 1091 683 1163 apertius
713 1087 953 1154 indicat,
988 1089 1187 1157 Equas’,
1220 1085 1520 1156 inquiens,
1562 1100 1699 1141 mea?
1729 1087 1790 1141 in
1820 1086 2075 1141 curribus

422 1178 731 1236 Pharaonis
777 1177 1089 1231 assimilan
1131 1184 1199 1242 te,
1240 1176 1552 1246 propinqua
1596 1191 1735 1229 mea.
1770 1174 1903 1237 Quae
1945 1174 2075 1245 qui—

423 1270 556 1324 dem
582 1267 760 1322 verba
790 1270 855 1321 ut
885 1266 1031 1319 (iant
1062 1265 1251 1335 magis
1283 1262 1609 1334 perspicua,
1636 1263 1719 1319 sic
1751 1263 2078 1319 ordinanda

424 1361 563 1412 sunt
597 1374 609 1412 :
645 1357 813 1425 Equa?
861 1369 1001 1410 mex
1051 1353 1366 1408 assimilavi
1395 1362 1467 1417 te,
1498 1354 1807 1424 propinqua
1835 1369 1983 1421 mea,
2018 1354 2079 1406 in

422 1446 680 1501 curribus
708 1445 1025 1499 Pharaonis
1054 1460 1073 1498 :
1109 1442 1215 1497 hoc
1240 1448 1328 1496 est
1351 1442 1631 1512 apostolis
1654 1442 1824 1509 meis,
1846 1441 1903 1495 in
1928 1458 2077 1512 quos

426 1535 693 1591 celeriter
718 1534 788 1589 ad
815 1530 1189 1603 Evangelium
1216 1529 1636 1601 divulgandum
1660 1536 1959 1585 currentes
1972 1547 2078 1602 ego

428 1622 854 1685 conscendens,
888 1636 1092 1675 omnes
1123 1619 1282 1673 orbis
1314 1623 1601 1673 terrarum
1634 1619 1916 1674 terminos
1947 1636 2078 1674 sum

430 1714 804 1783 pervagatus,
836 1714 891 1764 te
922 1708 1139 1763 virtute
1171 1706 1424 1762 similem
1455 1707 1595 1763 dixi.
1628 1707 1774 1772 Quia
1820 1706 1973 1762 sicut
2021 1707 2077 1761 in

2174 532 2273 586 Τὸν
2310 531 2544 605 χρύσεον
2583 528 2940 605 βαστάζοντες
2970 528 3157 585 κλοιὸν
3188 530 3291 600 τής
3323 527 3651 603 Παροιμίας.

2177 620 2469 695 Ὁρμίσκον
2492 620 2592 697 γὰρ
2628 641 2721 693 μοι
2748 621 2948 689 νόησον
2984 620 3041 673 ὃν
3076 613 3201 697 ἔφην
3234 617 3422 674 κλοιόν
3450 640 3529 695 γε.

2749 731 2864 781 Τῶν
2904 728 2951 803 γ’
2984 728 3261 801 Ηατὲρων.

2252 817 2312 873 Ὀ
2338 820 2466 891 γοῦν
2516 837 2750 893 νυμφιος
2804 823 2903 886 τῆς
2952 816 3003 887 ἐξ
3054 815 3217 870 ἐθνῶν
3281 814 3608 885 Ἐκκλησίας
3639 814 3838 884 arma-

2188 927 2350 979 μενος
2382 906 2569 980 ταύτῃ,
2622 908 2705 959 ὅτι
2756 904 2807 960 ἐν
2863 905 2998 979 αὐτῇ
3047 904 3351 978 ποιμαίνει,
3405 902 3493 959 διὰ
3548 909 3646 959 τοῦ
3697 904 3837 959 ἀπο-

2182 1001 2433 1069 κριθῆναι
2492 994 2658 1067 ταύτῃ
2712 995 2797 1065 τὸ,
2858 994 2919 1050 Εἰ
3011 996 3085 1067 μὴ
3141 988 3307 1066 ἔγνως
3365 996 3613 1063 σεαυτὴν,
3672 998 3761 1047 νῦν
3808 995 3837 1048 ’ὁ

2184 1082 2406 1157 ᾐνίξατο
2441 1080 2812 1137 ἀποδεικνύων
2852 1083 3031 1160 φησί·
3076 1086 3152 1157 Τῇ
3206 1083 3356 1155 ἶππῳ
3409 1104 3515 1154 μου
3559 1081 3610 1137 ἐν
3661 1080 3836 1157 ἅρμα-

2186 1194 2265 1227 σιν
2328 1173 2528 1248 Φαραὼ
2623 1172 2887 1244 ὡμοίωσά
2947 1194 3025 1244 σε,
3092 1174 3125 1242 ἡ
3185 1170 3419 1241 πλησίον
3489 1193 3613 1244 μου.
3657 1174 3841 1227 Ταῦτα

2186 1261 2244 1317 δὲ
2286 1260 2375 1316 ’ίνα
2432 1265 2575 1339 σαφῆ
2632 1263 2866 1336 γένοιτο,
2929 1260 3071 1315 οὕτω
3130 1260 3445 1315 συντακτὲον
3482 1279 3495 1292 ⁸
3556 1263 3633 1333 Τῇ
3682 1257 3838 1331 ’ίππῳ

2190 1374 2292 1424 μου
2373 1351 2621 1424 ὁμοίωσά
2704 1372 2780 1419 σε,
2970 1348 3205 1420 πλησίον
3294 1370 3419 1421 μου,
3515 1347 3567 1402 ἐν
3637 1348 3837 1423 ἅρμασι

2187 1440 2411 1516 Φαραὼ,
2462 1439 2627 1514 ἤγουν
2686 1445 2800 1500 τοῖς
2852 1438 3181 1500 ἀποστόλοις
3244 1460 3347 1511 μου
3402 1437 3483 1515 ἐφ’
3531 1437 3622 1501 οὓς
3652 1432 3842 1499 ἐπιϐὰς

2185 1532 2283 1598 τὴν
2340 1530 2598 1584 ἱππασίαν
2680 1528 3031 1601 ἆποιησάμεν,
3112 1527 3199 1583 ἐπὶ
3264 1529 3443 1583 πάντα
3497 1534 3597 1596 τῆς
3656 1526 3839 1581 οἴκου-

2194 1621 2359 1691 μὲνης
2407 1620 2474 1672 τὰ
2548 1618 2751 1693 πέρατα
2837 1618 3001 1687 ὀξέως
3085 1614 3391 1691 δραμόντας
3470 1617 3544 1677 είς
3594 1620 3657 1671 τὸ
3708 1615 3839 1689 ἐμὸν

2189 1710 2466 1783 κήρυγμα.
2526 1706 2761 1761 ἐοικυῖαν
2837 1708 2953 1760 κατ’
3024 1705 3217 1779 ἀρετήν
3286 1727 3345 1760 σε
3421 1703 3694 1775 ἇπὲδειξα.
3750 1706 3843 1758 Διὸ

432 1800 549 1855 illis
581 1815 815 1871 pascere
843 1798 1008 1852 visus
1039 1812 1195 1860 sum,
1219 1795 1300 1851 sic
1332 1802 1387 1851 et
1417 1796 1476 1851 in
1509 1801 1585 1865 te,
1620 1813 1749 1868 qua:
1798 1796 1940 1851 mihi
1981 1814 2083 1868 per

2199 1796 2370 1869 ὥσπερ
2430 1796 2481 1850 ἐν
2530 1794 2757 1858 ἐκείνοις
2816 1794 3121 1868 ποίμαίνων
3184 1793 3479 1869 δὲδειγμαι,
3524 1796 3613 1849 καὶ
3673 1794 3724 1848 ἐν
3760 1796 3837 1849 σοὶ

436 1890 612 1944 ﬁdem
661 1893 823 1943 tuam
854 1887 911 1941 in
946 1902 1059 1951 me,
1096 1884 1239 1939 mihi
1293 1886 1623 1957 pr0pinqua
1652 1902 1714 1940 es
1745 1890 1801 1940 et
1830 1886 2083 1941 necessi-

2199 1890 2257 1959 τῇ
2291 1882 2380 1939 διὰ
2408 1885 2505 1954 τήν
2540 1884 2615 1946 εἷς
2643 1884 2737 1957 ἐμὲ
2782 1885 2960 1939 πίστιν
3019 1884 3177 1959 ἐγγύς
3229 1905 3355 1957 μου.
3418 1886 3501 1939 Ἐν
3549 1890 3668 1945 τοῖς
3698 1904 3843 1958 χρη-

435 1978 642 2034 tudine
671 1977 1007 2047 conjuncta.
1042 1976 1105 2030 In
1133 1974 1389 2029 curribus
1433 1976 1761 2043 Pharaonis,
1796 1975 1852 2030 id
1884 1980 1993 2043 est,
2023 1975 2083 2030 in

438 2066 953 2139 gentibus,quibus
975 2064 1239 2120 insidens
1260 2064 1484 2119 Pharao
1506 2064 1898 2136 intelligibilis
1919 2065 2087 2120 vehe-

436 2158 630 2212 batur.
661 2156 861 2225 Equus
892 2153 1047 2208 enim
1077 2152 1285 2225 plurali
1320 2169 1564 2209 numero
1594 2154 1887 2225 signiﬁcat
1914 2170 2089 2225 eque-

437 2248 591 2300 stres
639 2243 852 2313 copias.
893 2245 1041 2296 Sunt
1079 2245 1276 2296 autem
1310 2242 1497 2295 sancti
1528 2240 1796 2313 apostoli,
1822 2243 1992 2312 juxta
2022 2240 2087 2295 il-

436 2333 539 2388 lud
574 2351 586 2388 ε
620 2331 918 2389 Ascendens
960 2346 1131 2401 super
1175 2346 1336 2402 equos
1382 2335 1525 2401 tuos,
1558 2335 1609 2385 et
1656 2330 1943 2401 quadrigae
1976 2340 2089 2386 tua?

436 2422 710 2477 saluatio“.
736 2420 958 2476 Currus
980 2423 1177 2474 autem
1202 2418 1431 2490 mystici
1451 2418 1771 2474 Pharaonis
1794 2424 1933 2475 sunt
1953 2436 2091 2491 gen-

438 2509 588 2566 tium
622 2514 829 2576 ccstus,
868 2508 939 2563 ab
972 2507 1415 2579 improbissima
1447 2507 1633 2575 ipsius
1662 2507 1959 2562 voluntate
1992 2508 2088 2561 de-

439 2599 780 2671 pendentes.
814 2596 1037 2661 Quibus
1067 2596 1125 2650 in
1158 2595 1402 2650 οωῐὶὺιιε
1433 2594 1691 2650 Ecclesia
1737 2595 2093 2666 praedicatio-

442 2703 577 2744 nem
609 2684 1007 2758 apostolorum
1052 2684 1319 2749 audiens,
1346 2688 1403 2738 et
1434 2685 1674 2739 credens
1706 2685 1765 2739 in
1796 2684 2089 2740 Christum

442 2774 543 2848 qui
566 2776 638 2829 ab
661 2773 806 2845 ipsis
829 2772 1278 2845 praedicabatur,
1304 2776 1480 2843 atque
1502 2772 1691 2843 ipsius
1723 2774 1926 2829 effecta
1957 2790 2092 2844 pro-

444 2864 666 2935 pinqua
698 2878 709 2917 :
746 2859 1220 2933 quandoquidem
1249 2860 1393 2915 ﬁdes
1416 2861 1791 2930 credentis,et
1813 2861 1969 2917 illius
1991 2862 2092 2934 qui

441 2951 717 3021 creditur,
745 2955 832 3006 est
853 2950 1194 3005 immediata
1226 2949 1561 3018 conjunctio
1589 2967 1600 3005 :
1628 2950 1909 3021 apostolis
1941 2951 2091 3007 assi-

444 3039 645 3096 milata
665 3043 754 3096 est
774 3040 846 3095 ab
872 3038 998 3109 ipso
1022 3037 1413 3106 Christo,cum
1448 3038 1609 3095 illius
1641 3040 1940 3096 mandatis
1956 3041 2092 3096 obe-

440 3129 612 3197 diret,
644 3133 702 3185 et
730 3128 1110 3200 apostolicam
1142 3126 1318 3184 vitam
1350 3127 1701 3184 imitaretur.

508 3309 640 3365 Jam
673 3324 790 3381 quo
821 3308 996 3363 modo
1043 3306 1235 3378 ipsam
1285 3304 1566 3377 apostolis
1614 3307 1978 3376 assimilarit,
2009 3308 2101 3363 vi-

440 3399 710 3454 deamus.
734 3396 896 3465 Quid,
924 3395 1139 3467 inquit,
1160 3395 1415 3467 pulchra?
1432 3396 1597 3467 factm
1618 3406 1747 3452 sunt
1776 3412 1933 3466 gena:
1962 3402 2097 3463 tuae,

434 3488 575 3543 sicut
606 3488 839 3543 turturis
860 3489 885 3539 .9
908 3485 1123 3540 Mirum
1154 3484 1213 3539 in
1248 3485 1489 3539 modum
1533 3486 1789 3557 profecto
1839 3486 2095 3557 pulchra:

443 3578 606 3632 facta
642 3582 779 3630 sunt
804 3589 965 3644 genie
998 3578 1132 3636 tuis,
1158 3588 1285 3642 quae
1319 3573 1389 3627 ad
1425 3572 1870 3629 similitudinem
1904 3581 2095 3629 turtu-

440 3665 521 3721 ris
568 3663 979 3719 verecundiam
1028 3667 1085 3717 et
1129 3661 1553 3716 continentiam
1602 3663 1993 3733 amplecteris,
2038 3668 2095 3719 et

440 3751 841 3824 apostolorum
873 3750 1357 3805 consuetudinem
1392 3749 1661 3816 imitaris,
1692 3768 1795 3806 nec
1824 3752 2091 3823 gentium

440 3860 622 3912 more,
656 3842 1042 3897 immoderato
1074 3857 1357 3912 genarum
1394 3846 1560 3896 motu
1593 3842 1774 3897 uteris
1807 3843 1859 3896 in
1894 3843 2092 3915 dispu-

434 3931 759 3988 tationibus
789 3936 845 3985 et
876 3930 1052 4001 nugis
1094 3935 1151 3984 et
1193 3929 1582 3997 orationibus,
1617 3948 1681 3985 ac
1711 3932 1999 3987 edacitate
2032 3934 2089 3988 in

434 4020 581 4075 cibis
613 4020 766 4074 unde
800 4018 1024 4089 reliqua
1054 4018 1251 4073 omnis
1282 4019 1546 4073 nascitur
1591 4019 2039 4091 intemperantia
2072 4039 2086 4078 :

436 4109 537 4164 sed
569 4108 859 4179 ejusmodi
893 4106 1086 4179 potius
1120 4106 1539 4179 moderatione,
1574 4114 1639 4163 ut
1664 4110 1898 4165 conciso
1928 4127 2089 4167 com-

434 4196 743 4268 positoque
776 4211 1045 4251 sermone
1081 4212 1571 4267 supervacaneam
1618 4196 1947 4253 Graecorum
1996 4216 2091 4255 sa-

436 4284 719 4356 pientiam
754 4285 962 4340 viceris
995 4300 1008 4338 :
1044 4284 1104 4338 in
1136 4284 1498 4339 orationibus
1530 4290 1723 4340 autem
1745 4302 1974 4356 regnum
1994 4289 2092 4346 Dei

436 4378 488 4430 et
516 4375 789 4441 justitiam
820 4389 937 4442 eius
976 4374 1386 4429 tantummodo
1436 4377 1724 4446 quimus":
1758 4375 1905 4431 cibis
1952 4393 2088 4433 vero

437 4479 555 4519 non
586 4462 894 4535 exquisitis
927 4468 983 4518 et
1005 4463 1289 4533 jucundis
1315 4464 1590 4534 vescaris,
1613 4466 1714 4520 sed
1744 4466 2089 4522 necessariis

2197 1974 2475 2047 ματίσασιν
2538 1972 2739 2049 ἅρμασι
2796 1979 2894 2028 τοῦ
2943 1978 3143 2044 νοητοῦ
3198 1973 3423 2041 Φαραὼ,
3485 1969 3714 2042 ἔθνεσιν,
3771 1974 3842 2033 ὡς

2193 2062 2413 2141 φέρουσι
2468 2067 2657 2118 τοῦτον
2719 2062 2770 2117 ἐν
2852 2064 3060 2124 ἑαυτοῖς
3122 2061 3520 2136 ἐποχούμενον.
3585 2062 3682 2118 Καὶ
3741 2061 3841 2136 γὰρ

2187 2150 2357 2213 ’ίππος
2391 2153 2484 2225 μὲν
2528 2149 2908 2222 πληθυντικῶς
2957 2150 3201 2207 καλεῖτοι
3242 2155 3275 2220 ἡ
3309 2152 3509 2219 ἱππικὴ
3568 2148 3799 2223 δῦναμις
3830 2168 3843 2180 ’

2195 2242 2317 2311 ἥτις
2375 2240 2515 2295 ἐστὶν
2556 2242 2606 2295 οἱ
2646 2243 2793 2315 ἅγιοι
2865 2241 3163 2295 ἀπόστολοι
3242 2242 3378 2295 κατὰ
3427 2240 3512 2312 τὸ,
3572 2234 3846 2314 Ἐπιῦήσῃ

2198 2331 2283 2386 ἐπὶ
2342 2330 2466 2393 τους
2526 2329 2731 2391 ἵππους
2818 2352 2931 2387 σου.
3022 2332 3117 2383 Καὶ
3176 2332 3210 2399 ἡ
3293 2330 3520 2384 ἱππασία
3598 2351 3696 2383 σου
3740 2351 3848 2382 σωο

2195 2420 2369 2496 τηρία,
2406 2424 2656 2493 ’Λρματα
2706 2418 2764 2474 δὲ
2804 2425 2905 2474 τοῦ
2961 2424 3162 2489 νοητοῦ
3213 2421 3415 2493 Φαραὼ
3442 2419 3509 2473 τὰ
3536 2423 3643 2473 τῶν
3685 2418 3855 2472 ἐθνῶν

2202 2511 2541 2581 συστήματα,
2602 2509 2675 2570 ὡς
2738 2508 3080 2583 ἐξηρτημένα
3142 2512 3238 2562 τοῦ
3296 2508 3676 2582 πονηροτάτου
3726 2509 3856 2581 βου-

2200 2598 2453 2670 λήματος
2485 2597 2669 2653 αὐτοῦ.
2723 2599 2807 2651 Ἐν
2851 2598 2928 2658 οἷς
2991 2598 3325 2669 συστήμασιν
3378 2599 3412 2664 ἡ
3439 2601 3533 2650 τοῦ
3564 2595 3857 2670 κηρύγμα-

2200 2708 2295 2749 τος
2362 2691 2469 2741 τῶν
2532 2685 2851 2741 ἀποστόλων
2905 2686 3174 2740 ἀκούσασα
3235 2683 3553 2755 Ἐκκλησία,
3604 2686 3700 2739 καὶ
3763 2706 3853 2738 πι-

2202 2776 2464 2830 στεύσασα
2505 2776 2581 2837 είς
2637 2777 2729 2829 τὸν
2778 2776 2863 2829 ὑπ’
2915 2775 3091 2829 αὐτῶν
3151 2774 3550 2849 κηρυττόμενον
3608 2774 3848 2847 Χριστὸν

2200 2865 2288 2918 καὶ
2341 2864 2535 2918 τούτου
2594 2862 2833 2934 πλησίον
2892 2864 3187 2938 γενομένη.
3245 2861 3635 2937 Ἐπειδήπερή
3674 2863 3857 2923 πίστις

2199 2956 2295 3007 τοῦ
2354 2953 2697 3014 πιστεῦοντος
2744 2952 2833 3007 καὶ
2881 2956 2976 3006 τοῦ
3026 2950 3415 3024 πιστευομένου
3457 2953 3656 3024 ἅμεσός
3716 2951 3859 3006 ἐστιν

2496 3045 2626 3103 Τοῖς
2712 3036 3042 3101 ἀποστόλοις
3117 3040 3402 3113 ὡμοίωται
3489 3042 3613 3115 παρ’
3688 3041 3859 3095 αὐτοῦ

2200 3133 2433 3205 Χριστοῦ
2486 3137 2762 3194 πεισθεῖσα
2841 3136 2958 3191 ταῖς
3042 3130 3205 3184 αὐτοῦ
3284 3128 3549 3195 ἐντολαῖς,
3611 3130 3709 3184 καὶ
3767 3130 3855 3184 τὸν

2201 3039 2409 3104 ἔνωσις.

2122 3199 2163 3265 C
2202 3217 2567 3273 ἀποστολικὸν
2604 3219 2721 3294 βίον
2760 3220 3141 3292 μιμησαμένη.

2282 3308 2486 3363 Λοιπὸν
2536 3310 2685 3370 ὅπως
2748 3308 3031 3381 ὠμοίωσεν
3100 3306 3267 3377 αὐτὴν
3323 3312 3439 3369 τοῖς
3496 3306 3855 3370 ἀποστόλοις,

2210 3397 2384 3471 φησί·
2440 3397 2499 3451 Τί
2557 3398 2915 3473 ὠραιώθησαν
2960 3397 3199 3472 σιαγόνες
3262 3418 3357 3451 σου
3412 3397 3488 3458 ὡς
3545 3397 3857 3471 τρυγόνοςς

2207 3488 2385 3553 Ἥτοι,
2445 3487 2772 3558 Θαυμασίῳς
2806 3487 2859 3539 αἱ
2918 3486 3155 3559 σιαγόνες
3192 3505 3288 3539 σου
3344 3485 3681 3559 ὡραῖσμὲναι
3732 3485 3862 3539 εἰσί-

2208 3578 2600 3647 μιμησαμὲνης
2658 3575 2755 3642 τὴν
2829 3572 2982 3646 δίκην
3046 3574 3305 3650 τρυγόνος
3364 3572 3751 3646 ἐνδειξαμένην
3809 3572 3861 3627 ἐν

2203 3662 2485 3739 ἐγκρατείᾳ
2540 3664 2602 3718 τὸ
2677 3668 2915 3740 σῶφρον,
2999 3668 3105 3717 τῶν
3181 3662 3500 3717 ἀποστόλων
3564 3661 3860 3738 ὁμήγυριν.

2200 3756 2357 3815 "Huc
2390 3753 2451 3807 οὐ
2504 3754 2637 3807 κατᾶ
2690 3755 2751 3807 τὰ
2808 3749 2933 3822 ἔθνη
2985 3750 3274 3824 ἀκολάστῳ
3333 3756 3399 3825 τῇ
3443 3756 3547 3805 τῶν
3595 3754 3859 3824 σιαγόνων

2199 3844 2409 3911 κινήσει
2471 3841 2766 3915 ἐχρήσατο,
2808 3842 2943 3916 πρός
2993 3862 3051 3895 τε
3106 3838 3434 3914 ἀδολεσχίας
3462 3840 3513 3894 ὲν
3563 3837 3859 3909 διαλέξεσι,

2198 3930 2286 3985 καὶ
2348 3930 2699 4004 βαττολογίας
2774 3930 2827 3984 ἐν
2886 3936 3217 4005 προσευχαῖς
3287 3930 3375 3984 καὶ
3436 3927 3750 4004 ἀδηφαγίας
3806 3930 3857 3983 ἐν

2204 4021 2504 4094 βρώμασιν,
2558 4019 2609 4090 ἐξ
2673 4023 2737 4088 ἧς
2794 4024 2887 4074 καῖ
2934 4020 2967 4089 ἡ
3027 4017 3195 4088 λοιπή
3257 4024 3398 4073 πᾶσα
3454 4016 3727 4073 ἀκολασία
3764 4019 3858 4095 ὑφ-

2202 4109 2408 4163 ίσταται
2443 4130 2454 4142 ·
2502 4106 2647 4164 ἀλλά
2702 4107 2916 4181 μᾶλλον
2968 4109 3207 4184 σώφρονι
3257 4112 3535 4176 τοσοῦτον,
3596 4108 3741 4162 ὥστε
3784 4112 3858 4177 τῷ

2199 4199 2619 4271 συντετμημὲνῳ
2682 4198 2774 4269 μὲν
2848 4197 2936 4250 καὶ
3027 4196 3486 4269 συντετελεσμὲνῳ
3546 4196 3706 4273 λόγῳ
3758 4198 3855 4265 τὴν

2198 4288 2642 4361 καταργουμένην
2689 4291 2796 4340 τῶν
2830 4284 3117 4356 Ἑλλήνων
3173 4294 3389 4356 νικῆσαι
3432 4285 3627 4363 σοφίαν
3666 4307 3679 4317 ·
3743 4294 3857 4347 ταῖς

2201 4373 2258 4430 δὲ
2314 4381 2648 4451 προσευχαῖς
2707 4376 2807 4444 τήν
2872 4374 3151 4450 βασιλείαν
3244 4378 3342 4430 τοῦ

2201 4462 2546 4534 δικαιοσύνην
2624 4464 2789 4519 αὑτοῦ
2869 4465 3033 4536 μόνον
3119 4470 3345 4535 ζητεῖνο

3411 4379 3544 4429 Θεοῦ
3604 4376 3697 4430 καὶ
3756 4376 3851 4443 τήν

3407 4464 3495 4518 καὶ
3569 4464 3858 4539 βρώμασιν

438 4556 710 4607 contenta
740 4551 844 4607 sis.
878 4553 959 4607 Ex
990 4569 1105 4623 quo
1138 4551 1223 4621 fit,
1256 4557 1320 4607 ut
1350 4554 1626 4608 omnibus
1660 4554 1717 4608 in
1750 4555 1923 4610 rebus
1950 4561 2086 4610 tem-

2200 4554 2260 4608 οὐ
2316 4560 2433 4608 τοῖς
2485 4561 2759 4627 περιττοῖς
2820 4553 2911 4607 καὶ
2978 4550 3135 4621 ἡδέσι
3206 4554 3465 4629 χρῆσθαι,
3527 4552 3681 4608 ἄλλα
3742 4559 3859 4613 τοῖς

438 4645 713 4713 peranter
748 4641 931 4707 vivas,
958 4658 1148 4713 neque
1177 4658 1309 4695 vero
1344 4641 1464 4697 hanc
1497 4644 1711 4697 referas
1739 4644 1810 4697 ad
1841 4642 2087 4715 gloriam

437 4735 495 4784 et
516 4729 967 4785 ostentationem
993 4746 1004 4783 :
1032 4728 1172 4800 quin
1197 4729 1395 4800 etiam,
1416 4732 1571 4802 quod
1596 4732 1664 4785 ad
1691 4733 2087 4789 fortitudinem

437 4823 494 4874 et
523 4819 863 4891 patientiam
898 4822 1143 4888 spectat,
1177 4823 1296 4873 tam
1322 4819 1435 4874 leni
1467 4820 1665 4875 animo
1696 4822 1845 4877 feras
1868 4822 1927 4876 in
1951 4824 2087 4878 dex-

436 4912 561 4963 tera
589 4925 735 4978 gena
764 4912 819 4962 te
851 4908 1126 4978 percuti“,
1162 4913 1223 4962 ut
1256 4909 1602 4979 percutienti
1634 4910 1809 4965 etiam
1842 4911 2086 4966 alteram

434 4998 721 5070 praebeas,
742 4998 813 5052 ad
836 4996 1046 5051 Christi
1072 4996 1459 5051 imitationem
1482 5015 1643 5069 aequo
1670 5000 1863 5054 animo
1886 5000 2087 5072 alapas

435 5085 806 5152 sustinentis,
852 5090 908 5141 et
958 5086 1303 5140 mandatum
1364 5086 1581 5141 servari
1632 5104 1803 5157 posse
1852 5104 1912 5143 re
1960 5089 2089 5159 ipsa

435 5175 905 5246 comprobantis;
933 5179 1108 5245 atque
1130 5174 1317 5228 instar
1346 5176 1593 5229 turturis
1615 5174 1865 5231 volucris
1886 5177 2087 5234 solita-

435 5263 554 5333 riae,
597 5264 923 5319 secedentis
955 5263 1013 5317 in
1047 5262 1447 5330 solitudinem,
1498 5263 1698 5335 ibique
1734 5265 2086 5335 jejunantis,

432 5348 608 5416 atque
648 5345 729 5400 ita
776 5344 1037 5401 docentis
1069 5343 1521 5399 ostentationem
1570 5351 1745 5417 atque
1794 5348 2087 5409 humanas

428 5431 635 5490 laudes
664 5448 791 5490 esse
822 5432 1153 5504 fugiendas.
1175 5433 1361 5503 Atque
1392 5432 1501 5488 hoc
1533 5435 1772 5505 quidem
1802 5444 1971 5510 pacto
1992 5443 2088 5499 de-

498 5626 520 5663 ⁶
549 5624 764 5682 Habac.
797 5642 884 5697 in,
913 5626 969 5683 8.
1051 5626 1255 5684 Matth.
1286 5643 1364 5697 v1,
1396 5626 1487 5684 33.
1524 5628 1544 5665 ⁸
1575 5629 1782 5695 Matth.
1815 5651 1870 5709 ν,
1899 5634 1989 5694 39.

2198 4643 2505 4718 ἀναγκαίοις
2550 4642 2870 4714 ἀρκεῖσθαι·
2956 4641 3054 4696 κ’ἀν
3138 4641 3375 4697 ἐντεῦθεν
3455 4641 3507 4696 ἐν
3568 4649 3709 4696 πᾶσι
3766 4647 3858 4716 ζῇν

2197 4729 2491 4806 ἐγκρατῶς,
2550 4733 2637 4785 καὶ
2698 4730 2838 4804 μηδὲ
2893 4732 3029 4805 πρὸς
3086 4728 3339 4803 ἐπίδειξιν
3397 4735 3564 4784 ταῦτα
3626 4738 3807 4787 ποιεῖν
3845 4752 3855 4762 ·

2200 4819 2411 4891 μᾶλλον
2445 4818 2502 4875 δὲ
2530 4820 2619 4874 καὶ
2650 4822 2712 4875 τὸ
2776 4818 3019 4896 ἀνδρεῖον
3069 4825 3325 4875 τοσοῦτον
3361 4817 3758 4890 ἐνδείκνυσθαι,
3788 4822 3860 4881 ὡς

2197 4908 2370 4971 οὕτως
2425 4908 2676 4971 ἐπιεικῶς
2734 4910 2909 4985 φέρειν
2956 4910 3018 4963 τὸ
3078 4907 3128 4963 ἐν
3179 4913 3247 4982 τῇ
3299 4906 3443 4981 δεξιᾷ
3500 4911 3712 4984 σιαγόνι
3766 4910 3859 4985 ῥα-

2195 5018 2394 5069 πισμα,
2428 4997 2565 5052 ὥστε
2612 4998 2855 5075 στρέφειν
2897 5003 2976 5071 τῷ
3027 4998 3304 5074 ῥαπίζοντι
3359 4998 3448 5052 καὶ
3478 5000 3578 5067 τὴν
3649 4998 3854 5068 ἄλλην,

2195 5086 2329 5140 κατά
2375 5085 2608 5160 μίμησιν
2687 5089 2921 5162 Χριστοῦ
2999 5088 3253 5161 φέροντος
3300 5086 3630 5158 ἀνεξικάκως
3695 5087 3859 5163 ῥαπί-

2197 5195 2393 5247 σματα,
2426 5178 2512 5229 καὶ
2562 5176 2623 5229 τὸ
2682 5172 2904 5229 δυνατοί
2957 5182 3056 5246 τῆς
3115 5174 3347 5245 ἰντολῆς
3392 5179 3459 5248 τῇ
3514 5177 3711 5248 πράξει
3778 5177 3860 5250 βε-

2196 5259 2495 5334 ϐαιοῦντος,
2547 5264 2635 5319 καὶ
2684 5266 2819 5320 κατᾶ
2864 5266 2926 5319 τὸ
2978 5263 3288 5342 φιλὲρημον
3337 5260 3519 5339 ὄρνεον
3576 5266 3684 5334 τήν
3730 5287 3859 5339 τρυ-

2195 5354 2327 5428 γόνα
2400 5354 2863 5430 ἀναχωρήσαντος
2966 5354 3043 5417 είς
3136 5355 3234 5422 τὴν
3324 5349 3554 5428 ἔρημον,
3640 5356 3860 5409 κάκεῖσε

2194 5442 2603 5516 νηστεύσαντος,
2650 5446 2740 5499 καὶ
2767 5442 2940 5509 οὕτως
2984 5440 3294 5517 διδάξαντος
3342 5444 3407 5499 τὸ
3459 5440 3859 5501 ἀνεπίδεικτον.
