4042 6198
198 337 321 395 55⁸7

1248 329 1655 391 COMMENT.
1707 328 1781 387 IN
1828 326 2229 387 CANTICUM
2278 323 2576 383 CANTlC.

3499 327 3619 389 558

199 469 300 521 Καὶ
334 464 480 521 οὕτω
513 466 608 539 μὶν
670 463 986 537 θαυμασίως
1042 462 1404 538 ὡραιώθησαν
1457 460 1704 536 σιαγόνες
1761 479 1857 513 σου

1981 475 2117 515 corsa
2150 460 2314 514 factae
2343 463 2482 514 sunt
2511 472 2671 529 gena:
2720 460 2832 511 tute
2881 458 3052 527 quasi
3102 459 3369 528 turturis,
3392 461 3528 516 dum
3563 468 3619 519 te

198 558 273 619 ὡς
348 555 647 632 τρυγόνος,
719 555 819 623 τὴν
880 551 1232 631 σωφροσύνην
1283 553 1401 607 κατ’
1458 549 1742 625 ἐπιθυμίαν
1804 548 1855 603 ἐν

1981 554 2022 604 η
2069 550 2127 605 in
2177 548 2520 605 oohibendis
2570 563 2671 618 per
2720 546 3141 603 abstinentiam
3192 550 3618 621 cupiditatibus

197 645 506 720 ἰγκρατείᾳ,
580 644 669 699 καὶ
740 644 840 713 τὴν
892 640 1139 719 ἀνδρείαν
1193 641 1330 696 κατὰ
1387 641 1556 714 θυμὸν
1609 638 1659 693 ἐν
1719 639 1856 692 ὑπο-

200 738 349 809 μονῇ
406 731 858 807 ἐπιδεικνυμένης
920 752 1038 789 σου.
1096 730 1339 804 Ὁμοίως
1398 726 1455 784 δὶ
1485 727 1701 789 τούτοις
1734 748 1855 781 συν-

198 824 464 895 ωραιώθη
542 819 827 899 τράχηλός
914 841 1008 875 σου
1095 821 1169 882 ὡς
1244 817 1546 895 ὀρμίσκοι’

198 908 464 985 σιδηροῦς
524 932 619 965 σου
680 909 1046 984 ὁτράχηΑος,
1081 908 1156 969 ὡς
1211 904 1301 961 διὰ
1329 908 1428 977 τὴν
1488 904 1854 981 ὑπερηφανίαν

197 998 584 1073 δύσκαμπτος·
645 996 793 1054 ἀλλᾶ
846 998 1153 1071 κέκαμπται
1215 994 1305 1051 διὰ
1362 993 1856 1072 μετριοφροσύνην,

197 1089 273 1153 ὡς
332 1088 591 1164 ὁρμίσκοι
650 1086 703 1142 οἳ
758 1084 1241 1157 κατεσκευασμένοι
1304 1084 1437 1139 εἲσὶν
1494 1082 1553 1138 ἐκ
1608 1085 1854 1158 χρυσοῦ·

197 1176 260 1233 οὗ
316 1179 385 1234 τὸ
442 1174 671 1251 δόκιμον
730 1176 820 1231 καὶ
874 1175 1109 1252 καθαρὸν
1145 1172 1324 1230 διὰτὸ
1383 1173 1739 1247 ἀνυπόκριτον
1777 1192 1862 1243 μι-

200 1266 387 1340 μεῖταί
417 1288 517 1322 σου
542 1267 607 1322 τὸ
635 1265 883 1321 ταπεινὸν
945 1264 1225 1343 φρόνημα.
1272 1263 1334 1320 Et
1391 1260 1449 1317 δὲ
1498 1260 1857 1336 ἀνυπόκριτον

191 1355 702 1433 ταπεινοφροσύνην
760 1357 791 1410 6
848 1354 1113 1429 ὁρμίσκος
1146 1351 1424 1426 σημαίνει,
1458 1351 1532 1413 ὡς
1566 1348 1797 1424 ε’ίρηται,
1831 1350 1859 1403 6

193 1449 291 1516 τῆς
352 1446 581 1523 νύμφης
614 1441 847 1520 Χριστοῦ
902 1440 1187 1519 τράχηλος
1213 1442 1287 1505 ὡς
1314 1439 1567 1516 ὁρμίσκοι
1601 1436 1858 1494 ἑπαινού-

198 1557 407 1609 μινος,
458 1535 549 1590 καὶ
608 1532 823 1604 πλῆθος
881 1531 1129 1610 ἐμφαίνει
1188 1532 1429 1607 ἀρετῶν,
1477 1528 1568 1584 καὶ
1622 1530 1723 1598 τὴν
1777 1526 1857 1605 ἐφ’

197 1625 399 1698 ἑκάστῃ
454 1620 952 1700 ταπεινοφροσύνην
990 1665 1003 1678 .
1070 1627 1156 1683 Ὠς
1231 1620 1337 1695 γὰρ
1397 1620 1425 1674 6
1484 1618 1750 1694 ὁρμίσκος
1801 1618 1854 1671 ἐν

199 1714 353 1789 ὀρθῷ
382 1717 463 1785 τῷ
494 1714 742 1788 σχήματι
774 1709 1124 1786 χαλκευθεὶς,
1174 1707 1395 1782 ὕστερον
1454 1708 1757 1780 κάμπτεται
1786 1708 1854 1779 τῇ

1964 645 2416 712 temperantem,
2441 642 2499 694 et
2528 638 2587 692 in
2614 638 2915 694 iracundia
2936 655 3039 710 per
3060 640 3401 710 patientiam
3426 646 3623 699 mode-

1967 729 2153 784 randa
2184 729 2394 785 fortem
2427 744 2493 784 ac
2528 732 2830 783 strenuam
2878 728 3121 800 praebes.
3157 730 3371 785 Collum
3418 731 3620 788 itidem

1633 817 1695 871 οὗ
1752 821 1856 891 γὰρ
1963 818 2261 890 pulchrum
2288 818 2559 874 effectum
2601 821 2710 883 est,
2741 818 2881 871 sicut
2928 819 3183 875 monilia.
3217 819 3417 891 Neque
3463 822 3620 877 enim

1968 908 2071 963 tibi
2106 909 2358 964 ferreum
2382 913 2471 964 est
2493 906 2728 976 collum,
2753 912 2816 961 ut
2837 912 3075 979 propter
3104 909 3443 980 superbiam
3469 911 3623 966 ﬂecti
3722 903 3726 906 ’

1970 1001 2254 1068 nequeat:
2286 998 2385 1053 sed
2419 1002 2655 1068 propter
2684 997 3023 1052 modestiam
3049 996 3215 1053 facile
3236 999 3381 1055 verti
3414 1002 3623 1072 possit,

1969 1091 2034 1141 ut
2064 1086 2308 1143 monilia
2337 1104 2405 1143 ex
2436 1104 2579 1143 auro
2628 1087 2925 1142 elaborata
2960 1104 2971 1143 :
3005 1090 3176 1159 cujus
3220 1090 3460 1161 quidem
3495 1091 3623 1147 auri

1970 1176 2321 1246 probitatem
2346 1194 2412 1232 ac
2442 1177 2758 1248 puritatem
2791 1177 3097 1233 humilitas
3117 1183 3221 1234 tua
3243 1180 3622 1252 simplicitate

1970 1282 2087 1321 non
2118 1264 2258 1321 ﬁcta
2288 1267 2574 1322 imitatur.
2598 1267 2759 1331 Quod
2794 1266 2840 1322 si
2876 1266 3120 1322 minime
3147 1268 3487 1326 simulatam
3519 1271 3625 1327 hu-

1970 1353 2279 1409 militatem
2314 1354 2530 1411 monile
2560 1355 2873 1427 signiﬁcat,
2908 1360 2974 1411 ut
3003 1355 3227 1413 dictum
3259 1362 3368 1429 est,
3391 1376 3622 1431 sponsae

1968 1441 2185 1498 Christi
2218 1442 2429 1499 collum
2457 1448 2740 1516 tanquam
2772 1445 3014 1500 monilia
3040 1449 3539 1515 commendatum,
3565 1454 3622 1505 et

1966 1531 2250 1588 virtutum
2299 1533 2523 1589 indicat
2570 1534 3035 1606 multitudinem,
3078 1539 3135 1590 et
3182 1535 3531 1608 implicitam
3565 1538 3624 1593 in

1967 1621 2218 1695 singulis
2260 1623 2579 1701 virtutibus
2644 1623 3059 1681 humilitatem.
3114 1628 3621 1691 Quemadmodum

1965 1710 2124 1766 enim
2152 1712 2365 1768 monile
2394 1716 2549 1767 recta
2572 1713 2760 1784 figura
2783 1712 2945 1785 prius
2970 1714 3041 1770 ab
3071 1712 3294 1770 artiﬁce
3316 1717 3622 1785 conflatur,

197 1802 365 1880 χρείᾳ
421 1798 1198 1901 συσχηματιζόμενος,οοῦτως
1231 1798 1259 1852 6
1288 1798 1388 1867 τὴν
1422 1797 1616 1901 ἀρετὴν
1647 1794 1858 1901 τίλὶιρς

1981 1802 2174 1858 ieinde
2206 1803 2265 1858 in
2296 1804 2582 1859 circulum
2615 1806 3063 1860 accommodate
3084 1806 3155 1861 ad
3185 1823 3358 1862 usum
3381 1807 3627 1863 circum-

195 1896 549 1949 ταπεινοῦται
607 1888 699 1945 διὰ
754 1883 1184 1965 συγκαταϐασιν,
1245 1886 1421 1962 ὀρθῶς
1478 1883 1551 1940 ὢν
1609 1886 1689 1957 τῷ
1756 1884 1860 1960 βίῳ

198 1983 287 2036 καὶ
345 1981 419 2046 τῆ
480 1979 914 2058 μετριοφροσύνῃ
968 1977 1391 2050 καμπτόμενος.
1451 1974 1752 2050 Τράχηλος
1808 1970 1867 2028 δὲ

194 2064 679 2145 περιϐεϐλημίνος
726 2070 825 2137 τὴν
900 2065 1444 2143 ταπεινοφροσύνηνξ,
1520 2065 1583 2118 τὸ
1640 2062 1864 2139 λογικόν

197 2159 308 2215 ἔστι
339 2165 441 2228 τῆς
470 2161 677 2233 ψυχῆς·
712 2156 743 2211 6'
789 2153 945 2227 δίκην
992 2152 1284 2231 τραχήλου
1343 2154 1703 2214 συνάπτοντος
1761 2153 1863 2221 τὴν

196 2247 445 2327 κεφαλὴν
505 2252 586 2320 τῷ
645 2246 828 2318 λοιπῷ
877 2246 1112 2318 σώματι,
1174 2245 1429 2299 συνάπτει
1484 2242 1577 2297 τὸν
1623 2245 1747 2296 νοῦν
1796 2244 1865 2315 τῇ

204 2338 477 2409 αἰσθήσει,
527 2336 657 2400 τοὺς
725 2336 820 2409 μὲν
865 2336 1002 2390 κατὰ.
1048 2338 1171 2389 νοῦν
1229 2332 1426 2409 λόγους
1474 2336 1584 2387 τῶν
1640 2332 1866 2413 ιῑιρετῶν⁹

209 2428 345 2483 κατὰ
372 2426 507 2490 τους
558 2425 768 2481 τούτῶν
806 2424 1045 2501 τρόπους
1078 2422 1307 2498 κατάγον
1362 2421 1499 2498 πρὸς
1529 2422 1630 2491 τὴν
1676 2418 1867 2490 αἴσθη-

205 2540 309 2585 σιν,
365 2516 501 2579 τοὺς
559 2512 617 2570 δὶ
668 2514 909 2591 τρόπους
940 2512 1104 2568 πάλιν
1152 2512 1333 2567 αὐτῶν
1364 2510 1499 2567 κατᾶ
1555 2508 1710 2581 τοὺςῖ
1734 2508 1869 2563 τού-

202 2627 308 2661 των
367 2604 570 2679 λόγους
628 2604 825 2679 ἀνάγον
884 2601 1022 2674 πρὸς
1078 2605 1223 2657 νοῦν.
1280 2601 1350 2657 ⁹¹Ο
1408 2599 1498 2653 καὶ
1563 2597 1867 2670 κάμπτεται

204 2694 294 2749 διὰ
320 2692 842 2770 ταπεινοφροσύνην,
876 2691 952 2765 μὴ
1004 2687 1094 2745 διὰ
1140 2691 1237 2759 τήν
1290 2687 1437 2759 ἀξίαν
1486 2686 1868 2761 ἐπαιρόμενον,

204 2782 351 2838 ἀλλὰ
379 2781 475 2838 διὰ
522 2783 614 2837 τὸν
674 2785 811 2856 χοῦν
844 2774 1304 2851 συστελλόμενον.
1363 2775 1470 2833 Καὶ
1514 2775 1657 2831 οὕτω
1687 2775 1788 2843 τήν
1815 2774 1867 2844 ἐξ

204 2872 372 2928 ἐθνῶν
443 2869 790 2941 Ἐκκλησίαν,
858 2872 927 2943 τῇ
1002 2867 1053 2939 ἐξ
1143 2865 1366 2943 Ἰσραὴλ
1421 2863 1711 2939 ;ὁμηγύρει
1758 2867 1867 2918 τῶν

209 2961 537 3018 ἀποστόλων
595 2959 855 3033 ὡμοίωσε
914 2955 1004 3012 διὰ
1056 2963 1159 3027 τῆς
1217 2957 1295 3018 εἱς
1358 2954 1520 3009 αὐτὸν
1575 2952 1865 3014 πίστεωςὸ

208 3053 447 3129 νυμφίος
494 3048 699 3119 ταύτης
757 3048 1028 3122 Χριστός·
1086 3047 1150 3101 τὸ
1224 3044 1481 3120 τριμερὶς
1530 3049 1631 3112 τῆς
1678 3045 1865 3117 ψυχῆς

1978 1890 2235 1947 ﬂectitur
2261 1909 2274 1947 :
2312 1892 2396 1947 sic
2427 1892 2603 1948 homo
2632 1893 2847 1949 virtute
2878 1894 3337 1965 perfectus,cum
3361 1897 3630 1954 absoluta

1974 1979 2104 2034 vita:
2146 1981 2545 2037 moderatione
2588 1985 2782 2038 rectus
2813 1982 2910 2046 sit,
2943 1983 3167 2040 caeteris
3215 1986 3628 2058 compatiendo

1976 2084 2080 2139 per
2108 2068 2501 2126 humilitatem
2536 2070 2787 2126 ﬂectitur
2825 2076 3001 2144 atque
3032 2073 3381 2130 demittitur.
3404 2078 3477 2131 At
3506 2076 3629 2132 col-

1977 2156 2100 2213 lum
2133 2158 2465 2215 humilitate
2487 2160 2942 2228 circumdatum,
2963 2166 3051 2217 est
3084 2162 3264 2217 animi
3297 2165 3444 2220 ratio
3477 2182 3627 2237 quos,

1978 2251 2040 2301 ut
2072 2247 2285 2303 collum
2319 2248 2541 2319 reliquo
2568 2250 2796 2319 corpori
2828 2259 3006 2321 caput
3034 2252 3357 2323 conjungit,
3392 2254 3475 2309 sic
3506 2255 3635 2325 ipsa

1979 2341 2238 2392 mentem
2262 2354 2393 2392 cum
2423 2338 2696 2394 sensibus
2722 2340 3016 2395 connectit
3042 2356 3055 2393 :
3080 2341 3221 2394 dum
3245 2356 3313 2395 ex
3346 2342 3625 2397 virtutum

1978 2424 2183 2481 habitu
2239 2430 2492 2482 mentem
2554 2443 2657 2499 per
2702 2427 2961 2483 actiones
3008 2427 3281 2485 sensibus
3331 2429 3632 2502 applicat:

1980 2530 2311 2585 sensusque
2343 2533 2579 2571 rursum
2599 2532 2667 2571 ex
2699 2518 2984 2572 virtutum
3006 2518 3346 2590 praescripto
3368 2521 3439 2575 ad
3474 2537 3636 2576 men-

1977 2608 2096 2659 tem
2130 2605 2378 2659 reducit.
2412 2605 2690 2661 Flectitur
2734 2605 2872 2661 item
2907 2622 3011 2677 per
3039 2605 3459 2676 humilitatem,
3493 2609 3636 2665 dum

1979 2709 2096 2749 non
2128 2709 2197 2748 ex
2227 2694 2461 2765 propria
2484 2694 2782 2750 extollitur
2802 2694 3090 2766 dignitate
3115 2712 3127 2751 :
3153 2696 3253 2751 sed
3278 2713 3347 2752 ex
3378 2697 3637 2769 pulveris

1978 2798 2042 2837 ac
2092 2782 2349 2838 materiae
2398 2782 2725 2854 abjectione
2771 2782 3121 2840 demittitur.
3155 2784 3259 2840 His
3310 2786 3639 2843 rationibus

1978 2870 2296 2927 Ecclesiam
2339 2886 2409 2926 ex
2459 2871 2736 2943 gentibus
2781 2880 3041 2928 coactam
3091 2889 3194 2945 per
3239 2875 3416 2931 ﬁdem
3466 2876 3526 2931 in
3577 2894 3639 2932 se

1975 2976 2234 3032 sponsus
2292 2960 2483 3030 ipsius
2529 2959 2829 3029 Christus,
2879 2961 3280 3031 apostolorum
3327 2965 3497 3020 caatui
3560 2982 3630 3021 ex

1974 3047 2155 3104 Israel
2205 3047 2555 3103 assimilavit
2600 3064 2614 3105 :
2666 3049 2958 3119 triplicem
3017 3050 3197 3106 animi
3251 3057 3479 3124 partem
3530 3070 3633 3125 per

204 3136 277 3195 δι’
335 3138 651 3215 ἐγκρατείας
703 3136 794 3192 καὶ
865 3136 1149 3209 ὑπομονῆς
1216 3134 1307 3189 καὶ
1363 3130 1863 3209 ταπεινοφροσύνης

1981 3137 2393 3193 continentiam
2411 3141 2469 3192 et
2498 3136 2840 3209 patientiam
2860 3142 2916 3194 et
2939 3138 3354 3209 humilitatem,
3380 3159 3449 3198 ex
3472 3148 3634 3199 statu

203 3229 269 3285 ἆκ
335 3212 446 3285 τοῦί
509 3227 658 3302 παρᾶ
734 3226 890 3302 φύσιν
965 3225 1102 3299 πρὸς
1173 3222 1237 3279 τὸ
1295 3222 1431 3278 κατᾶ
1486 3220 1642 3299 φύσιν
1702 3219 1865 3275 ἔπαν-

1981 3232 2201 3282 naturaa
2231 3226 2523 3282 contrario
2549 3228 2621 3282 ad
2652 3226 2922 3283 habitum
2957 3232 3179 3283 naturae
3211 3236 3633 3302 congruentem

200 3319 450 3395 αγαγὼν,
498 3316 591 3372 καὶ
646 3312 966 3385 ἀπαλλάξας
1024 3320 1126 3383 τῆς
1191 3308 1281 3368 διὰ
1338 3312 1438 3380 τὴν
1498 3308 1748 3365 ἀπιστίαν
1782 3329 1870 3383 με·

203 3407 533 3477 λανότητος.

780 3516 895 3565 Τῶν
938 3517 983 3587 γ’
1021 3508 1297 3586 Πατὲρων.

281 3606 349 3661 Οἱ
407 3601 469 3658 Si
523 3603 620 3657 τοῦ
675 3601 914 3679 νυμφίου
964 3598 1115 3679 φίλοι
1174 3600 1298 3673 (εἶεν
1361 3596 1418 3652 δὲ
1470 3596 1685 3660 πάντως
1718 3598 1869 3653 οὗτοι

209 3696 271 3749 oi.
329 3695 476 3770 ἅγιοι
532 3690 774 3767 ἄγγελοι,
834 3692 907 3752 ὡς
960 3691 1022 3745 τὸ
1078 3689 1242 3743 αὐτοῦ
1292 3691 1577 3750 ποιοῦντες
1615 3688 1874 3762 πανάγιον

211 3780 457 3855 θέλημα)
510 3782 579 3835 τὰ
633 3780 753 3851 ἑξῆς
810 3780 1196 3855 ὑπισχνοῦνται
1228 3781 1298 3850 τῇ
1325 3776 1538 3854 νύμφῃ,
1594 3773 1869 3851 λέγοντες⁶

206 3872 581 3944 Ὀμοιώματα
638 3868 870 3943 χρυσίου
926 3867 1248 3939 ποιήσωμέν
1309 3887 1393 3919 σοι
1457 3865 1590 3937 μετὰ
1644 3867 1873 3940 στιγμά-

208 3981 325 4015 των
382 3964 480 4014 τοῦ
537 3959 826 4035 ἀργυρίου,
880 3954 982 4017 ἕως
1041 3957 1102 4010 οὗ
1162 3958 1190 4011 6
1251 3953 1509 4030 βασιλεὺς
1565 3952 1616 4008 ἐν
1659 3953 1875 4009 ἀνακλί-

211 4069 299 4104 σει
352 4048 539 4105 αὐτοῖν.
604 4050 835 4123 Ἡγοῦν,
884 4042 1105 4113 Ἐπειδὴ
1162 4052 1264 4114 τῆς
1319 4041 1409 4097 διὰ
1436 4044 1534 4112 τὴν
1570 4040 1873 4097 εἷδωλολαυ

204 4137 388 4213 τρείαν
425 4138 801 4211 μελανότητος
835 4132 1192 4208 ἀπηλλάγης,
1236 4133 1325 4189 καὶ
1376 4137 1493 4195 τοῖς
1544 4129 1872 4195 ἀποστόλοις

206 4230 332 4281 κατ’
379 4227 574 4301 ἀρετὴν
613 4225 934 4298 ὡμοιώθης,
982 4223 1073 4278 καὶ
1100 4229 1203 4292 τῆς
1251 4220 1509 4291 ἀληθείας
1554 4221 1687 4275 κατᾶ
1730 4226 1874 4297 γνῶ-

211 4336 304 4369 σιν
338 4315 477 4388 ἆρᾷς,
508 4315 611 4383 τὴν
663 4314 757 4386 μὲν
802 4313 945 4367 θείαν
997 4310 1152 4391 φύσιν
1190 4308 1358 4379 αὐτὴν
1389 4310 1489 4379 τὴν
1541 4309 1876 4386 ἀσυγκρίτως

209 4404 397 4473 πάσης
462 4404 674 4481 φύσεως
748 4402 1152 4476 ὑπερίχουσαν,
1209 4399 1449 4475 καθάπερ
1504 4403 1611 4454 τῶν
1664 4398 1874 4454 λοιπῶν

215 4491 372 4547 ὀλων
444 4494 472 4547 6
556 4492 802 4569 χρυσὸς,
880 4489 1222 4568 παραστῆσαί
1293 4510 1382 4543 σοι
1450 4488 1511 4543 ού
1581 4486 1872 4561 δυνάμεθα·

1979 3315 2272 3388 redigens,
2296 3319 2352 3371 et
2382 3316 2747 3387 nigredinem
2778 3316 2969 3388 ipsius
2995 3316 3240 3374 abluens
3273 3324 3637 3377 contractam

1978 3421 2047 3462 ex
2074 3404 2441 3460 inﬁdelitate.

2565 3512 2755 3567 Trium
2796 3517 3025 3567 Patrum
3037 3554 3049 3567 .

2053 3601 2235 3656 Amici
2268 3604 2464 3656 autem
2489 3601 2690 3672 sponsi
2716 3600 2856 3669 (sint
2877 3604 3072 3656 autem
3102 3600 3162 3655 hi
3186 3602 3426 3658 omnino
3450 3602 3641 3658 sancti

1983 3690 2197 3763 angeli,
2231 3690 2448 3761 quippe
2480 3690 2581 3760 qui
2614 3689 3007 3745 sanctissima
3038 3689 3202 3746 illius
3234 3691 3646 3763 obtemperant

1981 3779 2291 3849 voluntati)
2321 3796 2388 3834 ea
2418 3795 2545 3850 quae
2588 3782 2931 3849 sequuntur,
2965 3796 3194 3849 sponsae
3238 3780 3594 3851 pollicentur
3631 3800 3644 3838 :

1981 3868 2397 3924 Similitudines
2454 3871 2589 3923 auri
2641 3868 2913 3940 faciemus
2982 3869 3087 3923 tibi
3154 3885 3279 3923 cum
3332 3869 3647 3925 distinctio-

1982 3960 2142 4013 nibus
2191 3960 2427 4029 argenti,
2460 3974 2732 4029 quousque
2780 3974 2878 4013 νεα]
2907 3959 2966 4011 in
2998 3958 3252 4012 accubitu
3296 3962 3469 4029 luerit
3524 3976 3643 4030 suo.

1984 4047 2161 4113 Quasi
2211 4047 2410 4101 dicant
2442 4064 2455 4101 :
2489 4047 2767 4117 quoniam
2801 4064 2834 4101 a
2872 4046 3178 4117 nigredine
3228 4063 3297 4101 ex
3350 4047 3642 4103 idolorum

1983 4135 2144 4192 cultu
2175 4140 2475 4191 contracta
2515 4135 2764 4191 liberata
2806 4150 2890 4203 es,
2923 4139 2980 4190 et
3011 4136 3294 4207 apostolis
3326 4154 3429 4209 per
3458 4138 3645 4192 virtu-

1981 4230 2099 4280 tem
2133 4224 2346 4281 similis
2395 4225 2642 4292 reddita,
2676 4229 2732 4279 et
2762 4226 3181 4296 cognoscendae
3211 4226 3473 4282 veritatis
3518 4232 3643 4283 stu-

1984 4313 2197 4369 diosa:
2246 4329 2352 4368 nos
2404 4317 2678 4367 naturam
2736 4312 2979 4383 quidem
3039 4312 3326 4383 divinam,
3376 4330 3524 4384 quae,
3580 4319 3648 4369 ut

1985 4418 2195 4458 aurum
2227 4401 2342 4457 alia
2367 4417 2501 4456 cum
2534 4401 2781 4456 materia
2814 4399 2998 4466 nulla,
3025 4400 3112 4456 sic
3144 4401 3274 4473 ipsa
3303 4402 3486 4458 nullis
3508 4419 3641 4459 cum

1985 4491 2119 4547 aliis
2149 4490 2378 4546 naturis
2409 4489 2734 4562 comparari
2771 4494 2985 4561 potest,
3016 4491 3247 4545 tradere
3271 4491 3515 4548 minime
3544 4510 3643 4547 va-

216 4581 442 4645 ἆθὲατος
497 4583 600 4656 γάρ
656 4581 767 4636 ἐστι
822 4585 953 4634 πᾶσι
1002 4580 1092 4635 καὶ
1123 4577 1530 4648 ἀιατάληπτος.
1563 4576 1866 4650 Είκάσματα

1982 4581 2175 4636 lemus
2210 4598 2223 4636 :
2256 4596 2389 4635 cum
2420 4596 2489 4634 ea
2538 4594 2643 4634 nec
2676 4578 2867 4634 oculis
2900 4579 3083 4647 cerni,
3118 4596 3223 4635 nec
3254 4584 3452 4635 mente
3482 4597 3647 4636 com-

214 4668 281 4725 δέ
314 4691 432 4725 τινα
484 4671 688 4740 ταύτης
747 4669 807 4725 ἐκ
854 4672 954 4743 τῆς
1008 4674 1114 4723 τῶν
1173 4664 1342 4722 ὄντων
1378 4666 1623 4742 θεωρίας,
1656 4663 1871 4737 δηλαδή

212 4760 357 4821 τους
386 4757 538 4829 δίκην
570 4760 885 4834 στιγμάτων
918 4758 1184 4834 ἀργυρίου
1232 4754 1524 4830 τηλαυγεῖς
1572 4757 1660 4810 καὶ
1707 4777 1875 4829 μεμε-

214 4848 509 4923 ρισμὲνους
540 4847 593 4903 ἐν
624 4852 704 4920 τῷ
736 4850 889 4902 παντὶ
926 4846 1148 4923 λόγους,
1198 4842 1553 4917 ὑποδείξομίν
1607 4865 1713 4912 σοι,
1769 4842 1873 4907 ἕως

214 4938 287 4992 οὗ
346 4937 374 4990 6
400 4941 505 4991 τῶν
535 4938 681 4992 ’ὀλῶν
714 4936 990 5007 Δεσπότης
1020 4935 1155 5003 αύτή
1200 4937 1235 5003 ἡ
1266 4932 1518 5004 ἀλήθεια,
1573 4932 1623 4988 ἐν
1680 4932 1877 4989 ἐπανα-

211 5026 418 5080 παύσει
476 5025 640 5081 αὐτοῦ
683 5027 753 5097 τῇ
806 5024 859 5079 ἐν
908 5024 1016 5095 σοὶ,
1067 5023 1268 5078 οίκεῖον
1318 5021 1692 5099 ἐκσφράγισμα
1724 5043 1878 5076 σεαυ-

210 5114 325 5181 τὴν
380 5110 651 5187 ἀποδείξῃ,
680 5113 969 5175 κάντεῦθεν
1020 5115 1165 5185 γνῷς
1215 5111 1408 5180 ἑαυτήν
1447 5110 1538 5183 μὶν
1572 5110 1751 5164 εἰκόνα
1781 5110 1879 5165 αύ-

210 5205 323 5256 τοῦ
359 5201 444 5255 καὶ
496 5204 781 5275 ὁμοίωμα,
832 5200 995 5256 αὐτὸν
1045 5196 1101 5255 δὲ
1146 5198 1196 5254 ἐν
1232 5199 1317 5254 σοὶ
1348 5199 1730 5272 ποιμαίνοντα,
1788 5200 1877 5254 καὶ

212 5288 412 5362 ὥσπερ
440 5311 539 5345 τινι
565 5288 822 5367 σφραγῖδι
862 5290 913 5344 ἰν
968 5293 1049 5361 τῷ
1108 5284 1233 5361 ἴδίῳ
1290 5285 1639 5361 ἐκτυπώματι
1694 5310 1878 5344 κοιτα-

213 5381 482 5453 ζόμσνον.

298 5663 379 5719 Οἱ
423 5664 602 5739 μίντοι
632 5661 789 5749 φίλοι
823 5571 1360 5745 βλίτῗθῖεὶὲυτούτων
1388 5661 1483 5727 τὰς
1512 5661 1753 5739 ὁμιλίας,

1982 4669 2266 4741 prehendi
2297 4672 2475 4740 queat
2509 4684 2523 4721 :
2559 4668 2877 4723 simulacra
2924 4672 3123 4723 tamen
3156 4668 3346 4740 ipsius
3376 4670 3645 4741 quaedam

1982 4774 2051 4813 ex
2081 4774 2275 4813 rerum
2310 4756 2676 4812 naturalium
2728 4760 2968 4828 aspectu
3016 4762 3075 4810 et
3124 4758 3645 4829 contemplatione,

1984 4851 2225 4919 argento
2267 4846 2436 4918 quasi
2486 4844 2766 4900 distincta
2811 4861 2877 4900 ac
2925 4845 3319 4902 vermiculata.
3360 4847 3645 4903 faciemus

1982 4936 2111 5003 tibi,
2136 4951 2339 4991 eorum
2364 4950 2494 5005 quae
2525 4933 2581 4988 in
2614 4934 2835 4989 mundo
2859 4939 3019 4997 sunt,
3046 4935 3304 4991 rationes
3340 4937 3649 4992 ostenden-

1984 5029 2095 5089 tes,
2129 5024 2324 5095 quoad
2377 5040 2573 5078 rerum
2622 5021 2888 5077 omnium
2936 5022 3241 5089 Dominus,
3266 5025 3363 5095 qui
3396 5030 3486 5081 est
3515 5026 3646 5097 ipsa

1987 5113 2224 5181 veritas,
2255 5113 2401 5169 inte
2430 5111 2604 5167 veluti
2652 5111 2709 5165 in
2741 5111 3018 5165 accubitu
3048 5117 3106 5167 et
3137 5115 3335 5182 requie
3366 5131 3473 5169 sua
3504 5131 3643 5170 con-

1988 5204 2319 5275 quiescens,
2348 5201 2641 5274 prOpriam
2675 5200 3130 5256 similitudinem
3164 5218 3333 5257 suam
3366 5208 3422 5259 te
3452 5204 3645 5276 ipsam

1988 5293 2281 5363 ostendat,
2312 5295 2378 5346 ut
2426 5294 2672 5347 tutemet
2719 5289 2910 5361 ipsius
2968 5289 3285 5362 imaginem
3337 5309 3647 5364 agnoscas,

1988 5398 2243 5453 eumque
2280 5382 2341 5436 in
2372 5386 2430 5437 te
2458 5383 2799 5452 pascentem
2849 5383 2907 5434 et
2954 5384 3239 5451 tanquam
3294 5381 3556 5455 sigillum
3589 5383 3649 5439 in

1986 5471 2220 5544 proprio
2253 5470 2422 5543 signo
2452 5484 2791 5542 expressum
2821 5469 3224 5528 recubantem.

2722 5576 2917 5631 Pselli.

2722 5593 2917 5632 nem.

2059 5666 2244 5724 Amici
2282 5665 2465 5739 igitur
2512 5664 2738 5739 sponsi,
2771 5680 2841 5722 ex
2869 5664 2943 5722 iis
2975 5682 3102 5739 quas
3132 5665 3289 5723 dicta
3318 5670 3484 5734 sunt,
3520 5669 3649 5725 tum
