4042 6198
519 358 636 417 559

1852 351 2273 415 MICHAELIS
2317 354 2586 415 PSELLI

3809 363 3931 424 560

515 481 812 561 ingentem
882 504 1108 560 sponsa
1176 506 1314 562 erga
1369 506 1651 562 sponsum
1721 487 1939 544 amoris
1996 486 2133 541 ﬂam

2284 484 2387 538 Καὶ
2420 485 2482 539 τὸ
2511 492 2613 555 τῆς
2643 486 2862 564 νύμφης
2894 487 3140 561 ζώπυρόν
3173 487 3317 544 πολὺ
3348 491 3483 564 πρὸς
3511 492 3601 546 τὸν
3634 494 3892 571 νυμφίον,

513 594 706 649 niam,
755 583 878 633 tum
931 596 1285 651 propensam
1336 579 1516 652 hujus
1567 596 1707 653 erga
1753 593 2029 651 sponsam
2076 592 2173 631 vo-

518 667 811 723 luntatem
873 670 1345 739 considerantes,
1404 675 1579 741 atque
1651 670 1787 724 inde
1853 669 1934 723 rei
1996 667 2170 722 tinem

511 757 963 829 prospicientes,
999 758 1149 830 quod
1199 760 1270 813 ad
1304 774 1431 814 eam
1473 759 1674 829 procul
1706 756 1884 812 dubio
1917 771 2171 827 sponsus

506 851 663 902 esset
708 847 1128 916 descensurus,
1163 862 1229 903 ac
1272 846 1431 919 regio
1481 863 1640 903 more
1670 847 1730 901 in
1762 845 1865 901 illa
1894 843 2170 915 conquie-

2284 572 2424 647 Πρὸς
2459 571 2534 642 δέ,
2566 576 2665 644 τήν
2700 571 3089 649 συγκατάϐασιν
3124 574 3326 633 ἐκείνου
3356 579 3490 655 πρὸς
3520 582 3618 650 τήν
3645 580 3891 658 νύμφην,

2281 661 2391 715 Κὰκ
2418 663 2626 717 τούτων
2654 662 3044 739 ἐπιγνώσαντες
3079 671 3175 721 τοῦ
3206 668 3523 744 πράγματος
3549 670 3610 725 τὸ
3637 670 3821 741 τέλος,

2278 752 2367 814 Ὠς
2402 753 2501 825 ἄρα
2530 748 2889 825 καταϐήσεται
2923 757 3059 831 πρὸς
3089 756 3289 827 ταύτην
3322 759 3350 813 ὁ
3380 760 3634 835 νυμφίος,

2280 840 2887 917 Ἐπανακλιθησόμενος
2922 844 3222 919 βασιλικῶς
3255 846 3306 901 έν
3337 847 3530 923 ταύτῃ,

508 941 703 1003 turbs,
736 952 1019 1008 sponsam
1059 937 1184 1007 jam
1218 936 1527 993 instruunt
1579 941 1758 1008 atque
1804 951 1947 991 auro
1996 949 2133 989 exor

2276 931 2387 999 Τὴν
2414 930 2632 1010 νύμφην
2664 931 3034 1009 εὐτρεπίζουσι
3068 931 3226 1004 δῆθεν
3258 943 3741 1013 καταχρυσοῦντες.

504 1029 668 1092 nant,
701 1029 758 1080 et
787 1041 923 1080 cum
977 1040 1079 1080 rex
1109 1024 1359 1081 voluerit
1408 1026 1705 1095 advenire,
1736 1042 1861 1082 eam
1894 1024 1965 1079 ad
2001 1022 2165 1095 quie-

500 1114 784 1169 scendum
846 1113 1219 1186 aptissimam
1282 1115 1552 1188 reperiat.
1623 1115 1824 1186 Itaque
1883 1113 1966 1168 sic
2022 1110 2164 1167 allo-

508 1204 731 1273 quntur
759 1219 772 1258 :

560 1326 973 1384 Similitudines
992 1330 1128 1385 auri
1153 1330 1424 1399 faciemus
1444 1330 1550 1384 tibi
1567 1344 1696 1385 cum
1715 1325 2161 1391 distinctionibus

490 1418 735 1486 argenti,
768 1432 1047 1488 quousque
1077 1434 1178 1474 rex
1205 1419 1276 1473 sit
1306 1417 1368 1473 in
1397 1417 1652 1472 accubitu
1679 1432 1798 1472 suo.

564 1595 830 1662 Quando,
868 1595 1167 1667 inquiunt,
1227 1596 1493 1650 futurum
1552 1598 1643 1649 est
1700 1596 1765 1648 ut
1823 1607 1917 1646 rex
1975 1588 2032 1643 in
2081 1592 2155 1657 te,

492 1701 618 1754 quae
653 1683 851 1755 ipsum
902 1686 1130 1755 puriter
1185 1702 1350 1739 amas
1399 1690 1456 1740 et
1509 1682 1743 1755 quaeris,
1796 1679 2154 1751 requiescat;

492 1788 622 1844 age,
656 1773 782 1827 sine
814 1778 869 1827 te
900 1789 934 1828 a
965 1772 1134 1829 nobis
1165 1772 1379 1829 instrui
1414 1778 1589 1843 atque
1620 1769 1905 1827 exornari.
1939 1768 2159 1832 Quam-

2276 1021 2394 1088 ”Iv',
2428 1018 2639 1075 ἐπειδὰν
2674 1022 2700 1076 ὁ
2736 1020 2989 1096 βασιλεὺς
3020 1020 3359 1098 ἐπιδημῆσαι
3393 1025 3544 1103 θέλῃ,

2276 1109 2496 1183 Εὑρήσῃ
2524 1110 2659 1185 πρὸς
2688 1110 2979 1166 ἀνάπαυσιν
3009 1111 3176 1183 αὐτὴν
3206 1113 3585 1188 ἑτοιμοτάτην.

2275 1199 2415 1252 Φασὶ
2445 1199 2546 1275 γὰρ
2577 1198 2720 1254 οὕτω
2752 1201 2889 1275 πρὸς
2918 1200 3084 1271 αὐτὴν
3117 1204 3168 1257 oi
3199 1202 3349 1281 φίλοι
3378 1210 3474 1261 τοῦ
3504 1208 3759 1286 νυμφίου·

2342 1324 2698 1397 Ὀμοιώματα
2727 1326 2958 1401 χρυσίου
2986 1329 3307 1401 ποιήσωμέν
3329 1350 3413 1385 σοι
3447 1332 3582 1403 μετὰ
3610 1335 3915 1407 στιγμάτων

2270 1416 2366 1466 τοῦ
2393 1413 2679 1489 ἀργυρίου,
2710 1411 2816 1477 ἕως
2856 1415 2917 1469 οὗ
2976 1416 3005 1469 6
3068 1414 3321 1491 βασιλεὺς
3379 1417 3431 1474 έν
3489 1418 3767 1478 ἀνακλίσει
3831 1424 3917 1479 αὖ·

2268 1521 2385 1557 του.

2270 1591 2441 1662 Ἐπεὶ,
2473 1591 2654 1666 φασὶν,
2684 1593 2710 1647 ὁ
2742 1591 2994 1668 βασιλεὺς
3027 1594 3383 1666 ἀνακλιθῆναι
3418 1596 3612 1671 μέλλει

2268 1681 2354 1736 Ἐν
2388 1682 2493 1749 σοὶ,
2524 1686 2591 1754 τῇ
2623 1687 2812 1737 τοῦτον
2846 1685 3092 1755 καθαρῶς
3122 1683 3355 1762 φιλούσῃ
3385 1689 3474 1741 καὶ
3508 1689 3774 1763 ζητούσῃ,

2269 1774 2434 1844 Δεῦρο
2463 1770 2654 1825 λοιπὸν
2685 1772 2774 1826 καὶ
2801 1774 2928 1848 παρ’
2959 1776 3117 1846 ἡμῶν
3141 1773 3325 1838 καλῶς
3355 1775 3769 1851 ἄτοιμασθεῖσα,

495 1862 582 1916 vis
613 1861 768 1916 enim
818 1879 934 1916 non
969 1868 1031 1917 ut
1063 1879 1299 1929 aurum,
1331 1879 1363 1917 ο
1395 1878 1632 1932 sponsa,
1666 1858 1987 1914 virtutibus
2036 1856 2133 1910 ful-

2266 1856 2371 1915 Κᾶν
2398 1860 2497 1935 γὰρ
2530 1860 2592 1914 οὑ
2626 1859 2865 1933 λάμπεις
2895 1862 2971 1924 ὡς
3019 1864 3220 1938 χρυσὸς
3249 1871 3369 1929 ταῖς
3410 1867 3625 1939 ἀρεταῖς
3654 1869 3844 1948 νύμφη

495 1967 655 2022 geas,
688 1951 789 2006 sed
841 1951 1033 2007 adhuc
1076 1956 1142 2006 ut
1189 1956 1500 2023 argentum
1534 1949 1846 2021 splendeas
1894 1964 2008 2017 praa
2061 1946 2152 2001 ni-

490 2042 847 2113 gredine;te
899 2043 970 2097 ad
1031 2043 1159 2098 auri
1217 2048 1413 2098 tamen
1471 2039 1923 2098 similitudinem
1980 2037 2150 2092 deco-

502 2132 785 2200 rabimus,
818 2131 1185 2203 similemque
1217 2132 1530 2188 reddemus
1556 2129 1869 2187 eheruhico
1901 2132 1958 2182 et
1988 2126 2152 2182 ﬂam-

502 2234 630 2275 meo
675 2236 740 2275 ac
785 2222 1116 2277 venerando
1165 2220 1332 2289 solio,
1367 2221 1427 2275 in
1476 2237 1591 2293 quo
1641 2235 1740 2274 rex
1787 2216 2151 2272 descendens

496 2325 560 2364 se
603 2308 843 2365 reclinet
872 2315 929 2365 et
959 2311 1313 2381 acquiescat.
1346 2309 1626 2381 Superior
1672 2307 1866 2362 omnis
1898 2321 2146 2376 appara-

490 2401 610 2465 tus,
661 2415 791 2454 meo
837 2399 1073 2471 quidem
1126 2400 1371 2472 judicio,
1427 2397 1759 2453 mirabilem
1808 2411 2038 2467 sponsis
2090 2397 2147 2448 et

492 2487 735 2558 virginis
790 2502 859 2543 ex
917 2494 1156 2560 argento
1217 2490 1274 2543 in
1333 2504 1543 2543 aurum
1606 2484 2015 2550 mutationem,
2074 2482 2147 2536 ab

491 2576 697 2631 amicis
728 2575 902 2630 Verbi
932 2582 988 2630 et
1019 2577 1223 2649 sponsi
1279 2580 1546 2631 accurate
1593 2571 2016 2643 conquisitam,
2087 2569 2145 2623 id

492 2668 601 2732 est,
643 2664 911 2719 decorem
961 2672 1015 2719 et
1062 2666 1313 2735 gratiam
1363 2681 1595 2736 sponsae
1646 2662 1717 2716 ab
1764 2659 1986 2732 angelis
2051 2657 2144 2714 Dei

490 2752 817 2808 adhibitam
861 2753 1173 2824 signiﬁcat.
1208 2753 1310 2808 Hic
1341 2753 1497 2808 enim
1538 2749 1769 2806 Domini
1818 2749 2143 2805 amicorum

489 2844 579 2895 est
628 2857 756 2897 mos
803 2846 977 2913 atque
1034 2842 1397 2911 institutum,
1432 2847 1496 2896 ut
1543 2857 1676 2895 cum
1725 2838 1985 2894 animam
2034 2836 2143 2891 ali-

490 2944 666 2999 quam
716 2930 1001 3001 virginem
1056 2931 1127 2986 ad
1178 2930 1478 2986 Christum
1539 2929 1804 2984 studiose
1861 2926 2143 2982 festinan-

491 3022 608 3073 tem
660 3020 814 3074 nacti
862 3022 1002 3089 sint,
1037 3021 1296 3091 undique
1325 3025 1607 3091 tanquam
1658 3016 1930 3074 custodes
1980 3014 2143 3069 illam

487 3106 855 3162 circumdent
900 3113 1076 3179 atque
1125 3109 1425 3177 adjuvant,
1455 3112 1512 3161 et
1550 3107 1622 3161 ad
1669 3110 1856 3160 rectas
1903 3108 1962 3158 et
2008 3118 2143 3156 cum

484 3194 697 3251 virtute
728 3198 1074 3266 conjunctae
1100 3195 1328 3251 vivendi
1363 3196 1614 3250 rationes
1644 3192 1911 3262 incitent,
1945 3190 2137 3262 quoad

482 3282 646 3339 illam
714 3285 963 3341 Domino
1031 3291 1228 3357 aptam
1303 3290 1642 3354 gratamque
1702 3282 1968 3337 reddant.
2024 3279 2135 3335 Sed

470 3372 598 3441 jam
648 3373 1086 3445 interpretando
1137 3374 1371 3445 longius
1421 3370 1885 3443 progrediamur,
1918 3372 1976 3422 et
2007 3384 2135 3437 qua)

475 3478 714 3532 sponsa,
749 3463 1071 3518 amicorum
1127 3463 1323 3518 studio
1370 3478 1436 3517 ac
1481 3460 1787 3532 diligentia
1834 3462 2131 3521 exornata,

474 3552 546 3605 ad
608 3552 829 3607 amicos
887 3553 1069 3623 ipsos,
1126 3552 1182 3605 id
1239 3555 1329 3607 est
1386 3549 1650 3621 angelos,
1700 3548 1876 3614 dicat,
1926 3545 2129 3600 audia-

473 3654 609 3695 mus
648 3656 662 3695 ἒ

816 3907 1037 3964 Νανάαε
1068 3921 1189 3962 mea
1219 3905 1366 3962 dedit
1395 3904 1616 3961 odorem
1644 3904 1783 3976 ejus.

538 4086 759 4143 Animae
793 4086 1028 4143 virtutis
1072 4086 1353 4142 studiosa:
1403 4083 1832 4157 progressionis
1864 4083 2121 4139 fructum

467 4176 772 4249 perspicis.
804 4178 948 4233 Cum
998 4175 1155 4232 enim
1204 4174 1263 4230 in
1314 4179 1473 4230 recta
1512 4173 1639 4229 vitae
1689 4174 1912 4229 ratione
1959 4172 2119 4244 virgo

461 4267 793 4338 profecerit,
826 4271 1000 4336 atque
1048 4265 1131 4320 ita
1161 4265 1233 4319 ad
1270 4263 1518 4320 Verbum
1551 4267 1609 4317 et
1638 4278 1920 4334 sponsum
1953 4265 2119 4332 opta-

462 4360 590 4409 tum
615 4355 1120 4426 appropinquarit,
1148 4352 1350 4424 sponsi
1371 4351 1869 4422 pulchritudinem
1894 4367 1955 4405 se
1976 4348 2119 4404 dicit

460 4446 790 4516 agnovisse,
812 4444 910 4499 sed
934 4460 1035 4514 per
1058 4459 1300 4498 sensum
1320 4441 1634 4513 quemdam
1654 4439 1844 4496 solum
1868 4456 1880 4494 :
1907 4454 2117 4510 nempe

458 4535 786 4589 odoratum.
817 4533 934 4587 Cur
984 4538 1205 4597 autem,
1254 4531 1473 4602 inquis,
1510 4530 1735 4585 nullum
1787 4529 1943 4584 aliud
2001 4545 2112 4583 un-

457 4630 767 4697 guentum,
788 4625 889 4680 sed
917 4624 1165 4679 nardum
1191 4624 1477 4678 duntaxat
1502 4622 1809 4676 Dominum
1834 4618 1916 4676 ait
1947 4619 2115 4675 redo-

454 4713 612 4770 lere?
644 4720 727 4768 An
759 4714 899 4785 quia
932 4714 1084 4767 inter
1117 4718 1420 4784 unguenta
1450 4711 1671 4765 nardus
1701 4709 1923 4765 obtinet
1955 4709 2110 4780 prin-

456 4803 758 4875 cipatum?
788 4810 874 4856 An
910 4804 1105 4873 potius
1137 4801 1394 4856 divinius
1425 4800 1649 4871 aliquid
1681 4798 1804 4853 vult
1830 4798 2110 4853 innuere?

454 4892 513 4947 Si
545 4893 677 4963 quis
709 4891 865 4947 enim
898 4892 1072 4947 homo
1118 4908 1185 4946 ex
1230 4889 1504 4961 praesenti
1552 4890 1689 4957 vita,
1720 4888 1857 4943 licet
1902 4904 2106 4943 omnes

451 4980 651 5035 labore
682 4986 739 5035 et
777 4980 1068 5035 industria
1098 4980 1407 5050 aequirens
1436 4978 1703 5045 virtutes,
1748 4982 1899 5032 recte
1930 4977 2102 5044 vivat,

452 5070 565 5125 nisi
588 5069 885 5125 Christum
910 5070 1106 5124 divino
1131 5068 1482 5140 baptismate
1504 5065 1881 5134 induerit,nil
1906 5080 2105 5119 revera

448 5159 575 5212 vitai
596 5164 822 5213 aeternae
846 5158 1005 5213 hisce
1028 5157 1345 5211 virtutibus
1368 5160 1783 5227 consequetur.
1808 5156 2100 5208 Arcanum

446 5246 553 5301 hoc
621 5248 774 5318 quod
832 5248 1029 5301 animo
1086 5245 1513 5316 complecteris,
1576 5240 2097 5313 unguentariorum

443 5335 707 5407 exemplo
750 5337 814 5390 ﬁt
859 5335 1257 5390 manifestum.
1290 5338 1429 5388 Cum
1463 5332 1619 5387 enim
1654 5331 1966 5386 nardinum
2002 5345 2098 5385 v0-

443 5424 574 5479 lunt
604 5426 911 5493 conficere,
945 5423 1079 5477 licet
1102 5422 1212 5477 alia
1244 5421 1434 5475 multa
1463 5421 1522 5475 in
1548 5436 1730 5474 unum
1762 5420 2098 5489 conjiciant,

444 5513 557 5568 nisi
590 5513 869 5582 nardum,
902 5528 1030 5584 quis
1064 5510 1300 5582 quidem
1353 5514 1442 5564 est
1492 5508 1690 5576 herba,
1724 5507 1903 5564 simul
1933 5507 2098 5563 adhi-

441 5602 698 5670 buerint,
722 5603 939 5656 frustra
961 5615 1200 5671 operam
1219 5602 1484 5653 sumunt.
1507 5598 1789 5653 Praeterea
1805 5596 2095 5663 Christus,

442 5690 545 5766 qui
574 5690 731 5747 idem
753 5693 811 5747 et
832 5705 1089 5764 sponsus
1110 5692 1220 5760 est,
1243 5687 1315 5745 ad
1339 5703 1566 5745 comam
1592 5687 1851 5745 Simonis
1879 5685 2096 5761 leprosi

2263 1949 2500 2020 (Ἀκμὴν
2532 1948 2635 2023 γὰρ
2668 1949 3114 2026 ἀργυρολαμπεῖς
3144 1953 3248 2008 ἀπὸ
3278 1961 3377 2024 τῆς
3403 1960 3809 2032 σκοτομήνης),

2261 2036 2414 2093 Ἀλλ’
2445 2036 2598 2109 ὅμως
2630 2042 3085 2114 χρυσαυγήσομεν
3118 2042 3205 2096 καὶ
3238 2045 3637 2118 παρεικάσομέν
3668 2068 3728 2102 σε

2260 2121 2579 2201 Χερυυϐικῷ
2606 2128 2694 2181 καὶ
2727 2126 2986 2205 φλογερῷ
3023 2130 3111 2184 καὶ
3144 2126 3422 2205 σεδασμίῳ
3451 2135 3651 2210 θρόνῳ.

2259 2216 2320 2271 Ὁ
2356 2213 2610 2289 βασιλεὺς
2639 2218 2740 2292 γὰρ
2771 2217 3047 2282 κατελθὼν
3076 2219 3494 2292 ἀνακλιθήσεταί
3517 2245 3625 2282 σοι.

2259 2306 2368 2372 Τὴν
2397 2305 2499 2379 γὰρ
2535 2305 2785 2379 ῥηθεῖσαν
2820 2308 3025 2362 ἅπασαν
3060 2306 3164 2363 ὧδε
3195 2307 3657 2388 δραματουργίαν.

2257 2394 2370 2461 Τὴν
2406 2395 2717 2465 θαυμαστὴν
2750 2392 3051 2451 ἀλλοίωσιν
3080 2404 3179 2466 τῆς
3209 2398 3422 2477 νύμφης
3454 2402 3543 2455 καὶ
3584 2404 3874 2480 παρθένου,

2256 2484 2363 2549 Τὴν
2397 2482 2447 2552 ἐξ
2480 2482 2719 2558 ἀργύρου
2750 2483 2886 2552 πρὸς
2919 2486 3120 2559 χρυσόν
3154 2508 3296 2561 φημι
3328 2492 3712 2567 γεγενημένην,

2257 2571 2410 2644 Ηαρὶ
2434 2576 2541 2625 τῶν
2572 2571 2744 2647 φίλων
2775 2570 2988 2643 δηλαδὴ
3023 2579 3117 2628 τοῦ
3150 2576 3326 2651 Λόγου
3357 2579 3447 2632 καὶ
3479 2581 3745 2657 νυμφίου,

2255 2660 2344 2723 Ὠς
2374 2660 2591 2734 ἀρωγήν
2621 2682 2712 2733 μοι
2744 2662 2961 2731 νόησον,
2995 2664 3084 2717 καὶ
3115 2665 3275 2739 χάριν
3310 2667 3443 2739 πρὸς
3470 2670 3569 2738 τήν
3597 2670 3845 2747 νύμφην,

2258 2750 2351 2805 Ἐκ
2380 2754 2487 2803 τῶν
2520 2747 2767 2824 ἀγγέλων
2797 2756 2893 2805 τοῦ
2925 2756 3057 2807 Θεοῦ
3089 2750 3335 2809 δοθεῖσαν
3367 2753 3613 2827 ἐπαξίως·

2253 2834 2422 2891 Τοῦτο
2454 2836 2556 2912 γὰρ
2590 2834 2708 2901 ἔθος
2738 2836 2939 2914 πέφυκε
2967 2845 3085 2901 τοῖς
3118 2840 3303 2917 φίλοις
3336 2846 3431 2896 τοῦ
3464 2846 3765 2917 Δεσπότου,

2254 2924 2320 2983 O'i
2352 2924 2563 2980 ἐπειδὰν
2598 2926 2874 3002 ἀθρήσωσι
2903 2930 3090 3003 ψυχήν
3116 2951 3233 2984 τινα
3253 2930 3539 3005 παρθένον,

2256 3016 2648 3090 Ἐπειγομὲνην
2686 3016 2821 3091 πρὸς
2855 3018 3083 3093 Χριστὸν
3116 3017 3299 3083 καλῶς
3333 3018 3689 3093 ἐπαναλύσαι,

2254 3104 2529 3161 Κυκλόθεν
2563 3100 3044 3179 παρεμϐάλλουσιν
3078 3108 3154 3169 ὡς
3185 3108 3421 3185 φύλακες
3452 3109 3688 3183 ὶκείνης.

2255 3194 2599 3269 Ἀρήγοντες,
2634 3193 2929 3269 ἐγείροντες
2962 3196 3097 3268 πρὸς
3127 3196 3405 3273 ἐναρέτους
3426 3200 3689 3275 τρόπους,

2252 3281 2463 3356 Μέχρις
2494 3280 2553 3336 ἂν
2589 3280 2827 3355 δείξωσιν
2863 3284 3029 3355 αὑτὴν
3063 3282 3234 3355 δεξιὰν
3261 3292 3341 3359 τῷ
3371 3289 3636 3365 Δεσπότῃ.

2243 3370 2399 3428 Ἀλλ’
2430 3368 2539 3441 ἤδη
2570 3375 3024 3447 προχωρησωμεν
3052 3378 3131 3446 τῷ
3162 3373 3309 3451 λόγῳ
3338 3380 3661 3452 περαιτέρω.

2243 3461 2349 3516 Καὶ
2383 3462 2735 3536 προκόψασαν
2766 3464 2950 3537 ψυχὴν
2979 3468 3096 3525 ταῖς
3129 3463 3314 3539 χάρισι
3345 3472 3451 3521 τῶν
3485 3467 3665 3544 φίλων

2242 3546 2498 3621 Ἰδωμεν,
2532 3549 2583 3604 τί
2616 3571 2777 3625 φησιν
2811 3550 2966 3614 εὸθὺς
2998 3551 3132 3622 αὕτη
3166 3553 3240 3616 ὡς
3272 3555 3407 3630 πρὸς
3436 3556 3561 3619 τοὺς
3595 3558 3818 3634 φίλους.

2242 3638 2384 3708 Φησὶ
2419 3635 2465 3692 δ’
2494 3638 2680 3700 αὑταῖς
2713 3644 2831 3701 ταῖς
2865 3639 3066 3711 λέξεσιν
3127 3640 3299 3704 οὕτως
3356 3644 3492 3718 πρὸς
3541 3644 3674 3708 τοὺς
3742 3648 3892 3725 ἀγγέ-

3712 3735 3883 3810 [λους·

2557 3905 2767 3985 Νάρδος
2802 3929 2906 3982 μου
2939 3907 3136 3966 ἔδωκεν
3163 3910 3339 3985 ὀσμὴν
3372 3914 3562 3973 αὑτοῦ.

2232 4086 2462 4150 Βλέπεις
2492 4086 2697 4161 καρπὸν
2723 4093 2822 4156 τῆς
2854 4095 3144 4162 προκοπῆς
3188 4093 3374 4165 ψυχῆς
3405 4098 3505 4161 τῆς
3538 4090 3814 4170 ἂαρέτοψ

2231 4172 2371 4231 Ἰδοὺ
2402 4175 2504 4248 γὰρ
2544 4177 2579 4244 ἡ
2613 4176 2934 4249 προκόψασα
2962 4178 3098 4252 πρὸς
3128 4178 3318 4250 ἀρετὰς
3344 4180 3632 4256 παρθένος,

2229 4265 2432 4337 ’Ὠσπερ
2463 4262 2555 4317 καί
2584 4264 2950 4340 προεγγίσασα
2978 4264 3056 4338 τῷ
3086 4266 3410 4340 ποθουμένῳ
3442 4272 3629 4344 Λόγῳ,

2228 4351 2624 4425 Ἐπεγνωκέναι
2663 4354 2758 4425 μὲν
2792 4352 2905 4428 ἐρεῖ
2928 4354 2990 4408 τὸ
3021 4353 3228 4417 κάλλος
3258 4360 3354 4410 τοῦ
3382 4358 3647 4434 νυμφίου,

2228 4438 2380 4509 Πλὴν
2414 4439 2483 4495 δι’
2512 4440 2813 4511 αἰσθήσεώς
2845 4464 2990 4505 τινος
3018 4443 3384 4521 άσφραντικῆς
3414 4448 3503 4500 καὶ
3538 4447 3741 4519 μόνης.

2224 4528 2385 4593 Τίνος
2416 4527 2472 4584 δὲ
2501 4532 2685 4605 χάριν,
2721 4530 2943 4604 ἐρωτᾷς,
2976 4532 3040 4587 οὑ
3073 4530 3222 4607 λέγει
3256 4535 3425 4607 μύρον
3467 4534 3635 4607 ἄλλο,

2148 4606 2195 4670 D
2226 4617 2398 4674 Ἀλλά
2425 4624 2522 4673 τοῦ
2551 4617 2749 4691 νάρδου
2783 4622 3054 4692 μέμνηται
3090 4606 3343 4698 μυρίζεινί
3361 4625 3453 4678 τὸν
3488 4626 3812 4697 Δεσπότηνι

2219 4706 2296 4763 Τὸ
2333 4708 2446 4779 μὲν,
2480 4706 2561 4761 ὅτι
2588 4709 2674 4761 καὶ
2709 4707 3011 4781 πρώτιστόν
3045 4710 3155 4765 έστι
3184 4716 3291 4766 τῶν
3325 4711 3513 4767 ἄλλων
3551 4724 3771 4790 μύρων·

2216 4796 2285 4849 Τὸ
2317 4793 2362 4849 δ’
2390 4796 2476 4863 αὗ,
2510 4796 2591 4850 ὅτι
2622 4797 2709 4851 καὶ
2742 4796 2973 4875 πέφυκεν
3006 4798 3265 4877 ἐμφάσεις
3296 4800 3425 4876 ἔχον
3456 4801 3626 4865 θείας·

2213 4885 2414 4960 Ὥσπερ
2437 4882 2491 4938 εἷ’
2513 4905 2593 4946 τις
2624 4883 2907 4959 ἅνθρωπος
2940 4885 2998 4941 ἐκ
3024 4892 3120 4942 τοῦ
3151 4888 3418 4964 παρόντος
3455 4892 3604 4967 βίου,

2214 4972 2317 5027 Κᾶν
2350 4973 2521 5034 πάσας
2552 4972 2726 5051 φέρων
2759 4980 3019 5047 κατορθοῖ
3045 4976 3140 5039 τὰς
3164 4975 3355 5051 ἀρετὰς
3389 4979 3677 5054 έμπόνως,

2212 5063 2315 5115 "Av
2350 5063 2424 5133 μή
2462 5063 2690 5134 Χριστὸν
2712 5060 2984 5118 ἐνδέδυται
3023 5065 3356 5139 βαπτίσματι
3384 5073 3465 5140 τῷ
3496 5070 3657 5143 θείῳ,

2212 5147 2378 5207 Οὑδὶν
2414 5151 2569 5212 οὗτος
2603 5150 2809 5221 ὀνίνησι
2840 5157 2960 5213 ταῖς
2993 5154 3208 5228 ἀρεταῖς
3239 5155 3487 5221 ἁπάσαιςο

2211 5242 2417 5295 Τοῦτον
2440 5241 2530 5293 τὸν
2558 5238 2759 5315 τρόπον
2790 5237 2878 5315 ἴδῃ
2911 5262 2991 5304 τις
3018 5240 3269 5317 ἀρῥήτως
3301 5242 3353 5299 ἐν
3384 5244 3605 5321 καρδίᾳ,

2210 5327 2359 5400 Παρά
2388 5349 2534 5390 τινος
2566 5333 2673 5383 τῶν
2711 5332 2967 5403 μυρεψῶν
2999 5335 3539 5404 κατασκευαζομένου

2208 5415 2273 5472 ()i
2295 5418 2393 5491 γὰρ
2432 5415 2759 5491 βουλόμενοί
2793 5439 2923 5473 ποτε
2952 5420 3338 5476 κατασκευάσαι
3361 5420 3576 5498 νάρδον,

2207 5501 2311 5557 Κᾶν
2343 5501 2460 5575 εἷ’δη
2499 5504 2747 5580 βάλλωσι
2774 5504 2960 5562 πολλά
2990 5509 3262 5585 μυρεψικᾶ
3292 5511 3429 5584 πρὸς
3459 5517 3648 5584 τοῦτο,

2205 5592 2270 5647 Ei
2305 5594 2380 5666 μὴ
2408 5595 2496 5649 καὶ
2528 5592 2723 5665 νάρδον
2765 5594 3067 5671 βάλλωσιν,
3108 5595 3231 5668 ἥτις
3256 5597 3367 5655 έστὶ
3402 5601 3636 5677 βοτάνη,

2203 5680 2299 5745 Εἲς
2337 5685 2511 5759 μάτην
2538 5686 2908 5758 πεπονήκασιν
2940 5682 3111 5752 ὄντως
3141 5687 3193 5743 οἱ
3223 5686 3603 5771 ναρδεργάται.
