4042 6198
185 390 296 452 561

1236 388 1651 451 COMMENT.
1698 392 1779 451 lN
1823 391 2223 456 CANTICUM
2269 394 2578 458 CANTIC.

3404 386 3407 387 ί
3497 403 3613 464 562

182 490 416 583 ΙἈλλως
446 542 506 576 τε
535 518 593 576 δὲ
620 520 710 576 καὶ
737 519 765 576 ὁ
788 518 1158 597 προσκληθεὶς
1182 520 1414 595 Χριστὸς
1436 522 1464 576 6
1486 520 1575 575 καὶ
1596 520 1844 600 νυμφίος1

1969 530 2230 593 vocatus,
2272 528 2380 583 hoc
2434 533 2648 586 unctus
2703 534 2792 586 est
2842 535 3142 603 unguento
3190 548 3224 587 a
3276 533 3620 605 peccatrice.

187 610 277 673 Ei;
311 609 529 666 δεῖπνον
557 610 809 685 Σίμωνος
838 609 1049 686 λεπροῦ
1080 609 1626 683 καταπεπονημένου,

184 704 356 756 Τοῦτο
384 700 449 755 τὸ
483 700 654 777 μύρον
684 699 939 771 ἤλειπται
970 700 1117 775 παρᾶ
1142 706 1244 770 τῆς
1277 697 1634 776 μοιχαλίδος.

184 792 242 849 Ὀ
273 788 443 867 λόγος
473 792 658 845 τοίνυν
694 792 964 863 μέμνηται
992 794 1091 845 τοῦ
1120 786 1321 865 νάρδου
1360 791 1778 866 προσηκόντως.

751 904 869 954 Τῶν
909 901 958 975 γ’
996 899 1271 973 Πατέρων.

256 992 537 1054 Ἐντεῦθεν
572 988 661 1045 οὗν
692 992 725 1060 ἡ
760 989 945 1067 νύμφη
977 994 1093 1050 τοῖς
1140 994 1247 1043 τῶν
1308 990 1509 1063 ἀρετῶν
1571 987 1853 1064 διαφόροις

187 1081 321 1134 κατᾶ
375 1081 571 1155 πρᾶξιν
631 1080 728 1151 μὶν
783 1080 1035 1151 τρόποις,
1062 1078 1198 1132 κατὰ
1256 1078 1487 1153 θεωρίαν
1550 1076 1605 1133 δὲ
1658 1078 1851 1154 λόγοις

183 1175 539 1243 καθαρθεῖσα,
601 1170 713 1223 εἶτα
783 1168 859 1229 είς
929 1166 1248 1236 τελειότητα
1322 1166 1653 1242 ἐναγομὲνη,
1714 1170 1851 1242 πρὸς

182 1256 307 1319 τοὺς
360 1259 428 1312 τὰ
487 1256 865 1333 προειρημένα
908 1256 1045 1329 πρὸς
1095 1255 1263 1325 αὐτὴν
1316 1258 1589 1332 φήσαντας
1652 1256 1853 1331 φίλους

182 1351 275 1401 τοῦ
326 1345 593 1425 νυμιρίοο,
632 1344 1040 1420 ἀποκρινομένη
1090 1344 1242 1422 φησί·
1289 1342 1507 1419 Νάρδος
1564 1367 1668 1419 μου
1720 1341 1853 1401 ἔδωη

183 1457 270 1491 κεν
330 1435 516 1507 ὀσμὴν
566 1434 751 1489 αὐτοῦ’
777 1431 970 1508 ἤγουν,
1012 1434 1078 1489 Ἡ
1134 1432 1194 1487 ἐκ
1240 1437 1348 1487 τῶν
1396 1430 1669 1511 διαφόρων
1720 1434 1855 1489 κατὰ

187 1524 384 1598 πρᾶξιν
442 1519 663 1597 τρόπων
709 1521 799 1576 καὶ
847 1521 981 1576 κατὰ
1026 1522 1255 1595 θεωρίαν
1309 1519 1510 1597 λόγων,
1553 1520 1710 1590 δίκην
1755 1530 1854 1594 τῆς

188 1615 249 1670 ἐκ
298 1612 582 1691 διαφόρων
656 1611 961 1686 ἀρωμάτων
1043 1612 1398 1686 συγκειμένης
1447 1609 1672 1685 νάρδου,
1724 1632 1854 1685 κρα-

187 1703 420 1773 τηθιῖσά
482 1722 576 1774 μοι
634 1698 945 1775 ἕμπρακτος
999 1704 1219 1775 γνῶσις,
1283 1702 1555 1776 παρέσχεν
1618 1698 1851 1779 ἔμφασιν

192 1793 385 1859 αὐτοῦ,
417 1790 517 1846 τοῦ
572 1790 689 1845 κατ’
744 1789 930 1845 οὐσίαν
978 1787 1276 1864 ἀπροσίτου
1331 1790 1585 1867 νυμφίου,
1650 1791 1710 1844 οὗ
1761 1790 1851 1845 τὸν

1961 616 2169 672 Merito
2190 616 2371 688 igitur
2400 618 2570 674 nardi
2604 619 2823 675 mentio
2856 621 3011 676 facta
3040 625 3151 676 est.

2551 908 2737 962 Trium
2773 909 3007 963 Patrum
3021 949 3033 961 .

2036 996 2265 1066 Sponsa
2286 996 2586 1068 deinceps,
2609 997 2788 1052 variis
2811 997 3094 1053 virtutum
3118 1013 3253 1053 cum
3286 998 3344 1052 in
3371 999 3621 1070 agendo,

1965 1088 2089 1139 tum
2121 1085 2179 1139 in
2214 1085 2667 1157 contemplando
2708 1086 2963 1157 expolita
2994 1087 3231 1142 dotibus
3263 1092 3437 1159 atque
3486 1088 3621 1144 illu-

1965 1179 2172 1244 strata,
2197 1178 2256 1229 et
2276 1175 2348 1229 ad
2376 1175 2791 1246 perfectionem
2816 1176 3220 1247 progrediens,
3235 1180 3291 1231 et
3311 1178 3382 1231 ad
3406 1194 3472 1231 ea
3494 1194 3621 1248 quae

1965 1264 2077 1318 sibi
2125 1264 2196 1318 ab
2248 1263 2454 1318 amicis
2507 1264 2710 1335 sponsi
2762 1264 2916 1319 dicta
2966 1265 3219 1331 fuerant,
3254 1267 3618 1337 respondet:

1963 1352 2200 1419 Nardus,
2228 1352 2522 1423 inquiens,
2547 1370 2666 1408 mea
2696 1353 2842 1409 dedit
2870 1355 3198 1409 suavitatem
3224 1355 3342 1423 eius
3370 1372 3393 1409 :
3422 1354 3481 1409 id
3510 1359 3619 1424 est,

1965 1442 2169 1497 efﬁcax
2197 1458 2264 1496 ex
2290 1442 2535 1497 diversis
2565 1442 2775 1514 agendi
2799 1443 3263 1514 speculandique
3294 1442 3623 1499 rationibus

1966 1531 2215 1602 cognitio
2246 1530 2600 1601 conquisita,
2635 1531 2822 1587 instar
2872 1532 3037 1586 nardi
3069 1550 3137 1587 ex
3166 1531 3341 1587 variis
3393 1549 3622 1588 aroma-

1965 1620 2127 1674 tibus
2159 1619 2408 1674 condita)
2444 1621 2694 1690 praebuit
2737 1622 3036 1691 specimen
3084 1623 3244 1692 ejus;
3278 1621 3480 1692 sponsi
3529 1622 3624 1675 ni-

1966 1707 2205 1773 mirum,
2240 1724 2342 1779 per
2374 1713 2647 1763 naturam
2683 1708 2993 1774 inaccessi,
3026 1710 3195 1780 cujus
3227 1726 3329 1780 ego
3362 1710 3620 1781 speciem

1966 1813 2031 1852 ac
2064 1802 2258 1853 notam
2284 1812 2441 1867 gero,
2469 1803 2532 1851 ut
2552 1797 2746 1869 imago
2779 1798 2968 1869 ipsius
2999 1815 3065 1853 ac
3096 1798 3445 1854 similitudo.
3474 1798 3620 1853 Cum

191 1887 523 1955 χαρακτῆρα
580 1878 747 1957 φέρω,
808 1878 884 1941 ὡς
949 1877 1105 1932 εἰκὼν
1171 1878 1335 1933 αύτοῦ
1406 1878 1493 1933 καὶ
1571 1878 1844 1953 ὁμοίωμα.

1966 1886 2121 1942 enim
2186 1885 2384 1941 mistio
2437 1888 2703 1957 quaedam
2738 1887 2810 1942 sit
2844 1904 3047 1943 eorum
3095 1904 3225 1959 quae
3282 1887 3344 1941 in
3399 1888 3620 1943 mundo

191 1970 390 2044 Ηίγμα
416 1970 522 2045 γὰρ
547 1968 682 2037 αὕτη
716 1972 825 2022 τῶν
860 1967 911 2021 ἂν
940 1971 1021 2039 τῷ
1067 1967 1227 2021 παντὶ
1283 1971 1534 2041 μετοχῶν
1588 1971 1685 2021 τοῦ
1738 1968 1852 2030 ἑνὸς

190 2064 302 2114 τῶν
357 2056 507 2113 ὅλων
550 2056 725 2112 αἰτίου
774 2055 1113 2131 ὑπάρχουσα·
1144 2055 1220 2118 ὡς
1262 2062 1448 2130 κρᾶμα
1503 2057 1639 2111 κατᾶ
1697 2056 1852 2133 φύσιν

194 2149 331 2202 οὖσα
356 2154 564 2217 νοητῆς
595 2145 686 2200 καὶ
735 2145 1003 2216 αἰσθητῆς
1045 2145 1289 2213 κτίσεως,
1322 2146 1410 2199 καὶ
1463 2145 1598 2199 κατᾶ
1625 2143 1851 2221 γνώμην

189 2236 319 2300 τοὺς
348 2235 403 2290 ἓν
444 2241 526 2307 τῷ
570 2235 731 2290 παντὶ
782 2232 984 2309 λόγους
1025 2235 1116 2288 καὶ
1162 2232 1400 2310 τρόπους
1452 2232 1503 2288 ἐν
1549 2235 1713 2307 ἑαυτῇ
1762 2255 1851 2289 κε-

193 2326 422 2401 ράσασα.
480 2324 770 2378 Κᾶντεῦθῑν
826 2321 1103 2378 ἀποδοῦσα
1156 2328 1238 2395 τῷ
1294 2323 1410 2377 κατ’
1462 2321 1644 2377 εῗκὸνα
1705 2321 1853 2399 λόγῳ

189 2414 282 2469 τὸν
330 2414 451 2468 καθ’
477 2412 741 2487 ὁμοίωσιν
790 2412 1017 2488 τρόπον,
1046 2410 1097 2466 ἐν
1151 2412 1315 2485 ἑαυτῇ
1365 2415 1556 2466 τοῦτον
1597 2409 1848 2481 δεικννῗῖι,

193 2504 269 2565 ὡς
301 2502 355 2558 ἓν
376 2502 546 2557 εἰκόνι
579 2502 907 2577 ἀρχέτυπον.
941 2501 1091 2558 Ἐπεὶ
1123 2498 1189 2570 δ’,
1212 2501 1289 2565 ὡς
1318 2500 1553 2577 εἶ’ρηκεν,
1574 2499 1626 2555 ἐν
1660 2500 1848 2571 αἰσθη-

196 2613 275 2646 σει
332 2591 550 2667 γέγονεν
606 2595 703 2645 τοῦ
777 2589 1038 2667 νυμφίου,
1094 2589 1147 2644 τί
1206 2589 1411 2663 ruﬁ-cn;
1472 2589 1642 2651 Οὗτός
1714 2588 1849 2662 ἐστι,

193 2682 384 2759 φησὶν,
461 2678 772 2753 ἀπόδεσμος
848 2685 1077 2748 στακτῆς
1151 2676 1441 2756 ἀδελφιδός
1515 2700 1617 2751 μου
1702 2677 1847 2750 ἐμοί.

194 2772 378 2837 Ἤτοι,
418 2772 633 2845 Συνοχή
666 2768 806 2823 ἐστιν
841 2767 965 2840 ἒμοὶ
991 2769 1080 2821 καὶ
1112 2770 1433 2844 συντήρησις
1462 2774 1562 2836 τῆς
1615 2765 1846 2840 μεταδο-

192 2867 351 2928 τικῆς
405 2858 663 2933 σταγόνος
710 2864 810 2926 τῆς
862 2856 1004 2921 θείας
1051 2856 1299 2932 χάριτος,
1332 2857 1360 2910 ὁ
1408 2856 1543 2910 κατὰ
1598 2856 1695 2924 τὴν
1751 2859 1848 2910 τοῦ

199 2946 516 3024 Συμμὰχου
556 2946 843 3022 ἑρμηνείαν
894 2945 1170 3022 ἀγαπητός
1221 2966 1347 3018 μου.
1382 2945 1633 3021 Ἐπείπιρ
1690 2944 1851 3009 αὐτὸς

194 3037 587 3109 πιστευόμενος
637 3036 704 3090 τὰ
749 3036 1089 3107 πνευματικά
1135 3040 1390 3105 συντηρεῖ
1433 3038 1501 3107 τῇ
1554 3032 1851 3106 Ἐκκλησία

197 3127 538 3202 χαρίσματα,
568 3126 657 3180 καὶ
688 3126 808 3195 ἱστᾷ
854 3125 978 3185 τοὺς
1026 3123 1249 3185 πιστοὺς
1307 3128 1404 3178 τοῦ
1451 3125 1527 3196 μὴ
1586 3123 1693 3177 ἀπὸ
1748 3131 1850 3191 τῆς

197 3215 456 3287 ἀληθείας
506 3213 815 3289 τρέπεσθαι.
848 3213 978 3269 Εἶτα
1019 3212 1155 3267 ὅπου
1213 3211 1263 3267 ἐν
1326 3211 1459 3287 αὐτῇ
1519 3209 1843 3287 περιπολεύ-

198 3327 287 3367 σας
340 3306 441 3374 τὴν
503 3304 758 3379 ἀτρεψίαν
816 3302 1015 3373 ταύτην
1073 3300 1378 3377 χαρίσεται,
1438 3304 1655 3379 φάσκεν
1717 3301 1847 3356 Ἀνὰ

202 3393 360 3467 μέσον
416 3399 525 3448 τῶν
589 3398 803 3465 μαστῶν
873 3413 977 3463 μου
1048 3391 1454 3462 αὐλισθήσεται.
1515 3390 1728 3445 Τούτων
1796 3388 1853 3445 δὲ

202 3484 356 3553 μέσον
417 3484 453 3551 ἡ
512 3478 707 3554 καρδία
751 3479 913 3547 ἐστὶν,
974 3477 1026 3549 ἒξ
1080 3481 1145 3549 ἧς
1200 3484 1277 3550 τῷ
1336 3479 1517 3550 λοιπῷ
1549 3480 1758 3551 σώματι
1788 3478 1852 3533 τὸ

203 3573 427 3640 ζωτικὸν
496 3567 797 3625 διαδίδοται
856 3573 1114 3642 πνεῦμα·
1171 3567 1291 3637 ἥτις
1370 3567 1693 3645 ὑπεμφαίνει
1756 3569 1849 3622 τὸν

201 3662 447 3736 ἡγεμόνα
493 3664 642 3715 νοῦνσ
677 3658 730 3714 ἄν
781 3660 826 3732 ᾧ
873 3656 1258 3733 περιπολιύσει
1307 3658 1334 3712 6
1383 3655 1607 3733 Κύριος,
1641 3656 1764 3712 ὅταν
1814 3660 1850 3729 ὴ

204 3749 383 3826 νύμφη
420 3745 587 3803 αύτοῦ
619 3745 709 3801 διὰ
730 3746 1051 3816 τελειότητα
1081 3746 1228 3817 αὐτῷ
1257 3743 1593 3817 κολληθεῖσα
1641 3751 1851 3819 πνεῦμα

204 3839 423 3912 γένηται
467 3833 522 3891 ’ἐν
550 3855 563 3868 ·
598 3835 995 3909 εἴσοικιζομένη
1050 3837 1149 3905 τὴν
1210 3832 1316 3906 ἕξιν
1376 3842 1476 3904 τῆς
1518 3836 1713 3911 ἀρετῆς
1761 3833 1852 3889 διὰ

204 3934 297 3997 τῆς
333 3931 429 3981 τοῦ
484 3926 752 4001 παναγίω
799 3924 1109 3998 Πνεύματος
1157 3923 1437 4001 ἐνεργείας.
1485 3926 1562 3979 Δι’
1593 3927 1660 3994 ἧς
1710 3927 1744 3994 ἡ
1796 3923 1846 3979 ἐν

204 4019 411 4089 Χριστῷ
462 4013 816 4089 κεκρυμμὲνη
880 4015 1017 4086 ζωή,
1050 4012 1126 4075 εἷς
1184 4025 1356 4075 πασας
1412 4012 1505 4075 τὰς
1534 4019 1634 4082 τῆς
1666 4016 1850 4089 ψυχῆς

206 4100 452 4175 δυνάμεις
481 4105 557 4165 ὡς
584 4102 787 4171 ταύτης
852 4100 991 4175 μέλη
1053 4099 1393 4170 διοδεύσασα,
1436 4102 1688 4177 ἀτρεψίαν
1749 4103 1848 4156 αύ-

204 4198 321 4255 ταῖς
375 4192 690 4265 ἐμποιήσει.
726 4190 828 4247 Καὶ
877 4191 1020 4245 οὕτω
1084 4190 1177 4263 μὶν
1212 4191 1239 4244 ὁ
1268 4191 1500 4268 νυμφίος
1540 4195 1607 4263 τῇ
1658 4190 1844 4266 νύμφῃ

205 4276 369 4337 ἔσεται
416 4286 521 4337 τῶν
569 4279 755 4336 καλῶν
808 4278 1055 4353 ἄτρεψία,
1106 4278 1228 4334 ὅταν
1284 4277 1467 4334 τελεία
1525 4277 1845 4356 ἀναδειχθῇ.

898 4384 1143 4442 Ψιλλοῢ.

274 4475 419 4533 Ἀλλ’
442 4476 805 4547 ἆκουσώμεθα
835 4473 1028 4529 λοιπὸν
1057 4475 1148 4527 καὶ
1176 4478 1285 4529 τῶν
1327 4475 1447 4547 ἑξῆς
1480 4473 1699 4549 λογίων.

205 4566 266 4620 Ἡ
296 4565 470 4643 νύμφη
498 4565 602 4641 γὰρ
633 4568 752 4625 ταῖς
784 4568 1091 4637 προκοπαῖς
1120 4563 1192 4624 ὡς
1225 4559 1410 4623 ἔνθους
1440 4568 1726 4636 γινομένη,

205 4655 318 4709 ’Ἔτι
348 4655 600 4731 συνείρειν
632 4653 812 4726 ἀγαπᾷ
841 4653 929 4706 τὸν
959 4650 1120 4729 λόγον
1146 4653 1281 4726 πρὸς
1312 4652 1439 4714 τοὺς
1474 4651 1685 4729 φίλους.

208 4744 343 4813 Φησὶ
412 4749 541 4820 γοῦν
612 4740 742 4798 τάδε
814 4743 951 4816 πρὸς
1028 4740 1222 4804 αὐτοὺς
1305 4742 1439 4814 μετά
1495 4743 1585 4796 τὸν
1645 4740 1845 4817 νάρδου

1563 4830 1770 4907 [λόγον’

273 4920 605 4994 Ἀπόδεσμος
688 4926 924 4989 στακτῆς
998 4920 1025 4973 6
1102 4917 1394 4997 ἆδελφιδός
1481 4942 1585 4994 μου
1678 4921 1842 4995 ἐμοὶ,

203 5009 301 5065 ἆνᾶ
358 5013 521 5083 μάσον
573 5014 684 5065 τῶν
742 5013 960 5081 μαστῶν
1022 5029 1126 5080 μου
1183 5008 1592 5080 αὐλισθήσεται.

271 5102 421 5163 Ἔθος
496 5098 663 5165 ἐστὶν,
723 5096 799 5158 ὡς
876 5095 1146 5172 λέγουσιν,
1207 5099 1394 5173 κόραις
1447 5105 1565 5161 ταῖς
1622 5098 1845 5177 φιλοκό-

1564 5191 1766 5262 [σμοιςν

205 5277 291 5344 Μὴ
323 5277 477 5350 μόνον
505 5272 699 5349 ἔξωθεν
734 5274 901 5335 αὐτὰς
934 5274 1142 5350 ἐξόχως
1170 5275 1564 5346 καλλωπίζειν,

198 5365 288 5426 Ὠς
316 5364 675 5441 ἑφελκύσωσιν
711 5362 889 5417 αὐτῶν
920 5364 1012 5417 τὸν
1042 5363 1269 5438 ἐραστὴν
1304 5364 1354 5419 ἐν
1383 5367 1565 5442 τάχει,

200 5451 373 5509 Ἀλλᾶ
398 5455 483 5509 καὶ
520 5451 736 5526 μᾶλλον
773 5448 968 5514 ἔσωθεν
994 5453 1171 5508 αὐτῶν
1197 5459 1303 5509 τῶν
1338 5455 1590 5527 ἱματίων,

206 5543 525 5604 Κατασκευᾶς
551 5542 794 5605 τιθιασιν
829 5541 935 5596 ἀπὸ
964 5546 1070 5595 τῶν
1103 5543 1438 5617 μυριπνόων.

278 5723 302 5759 ⁹
323 5722 537 5783 Coloss.
573 5739 663 5794 ιιι,
682 5721 737 5777 3.

1967 1992 2145 2031 unam
2194 1974 2355 2031 illam
2389 1991 2585 2031 rerum
2617 1976 2882 2031 omnium
2934 1993 3171 2032 causam
3218 1976 3618 2049 participant:

1964 2065 2183 2137 quippe
2223 2081 2350 2136 quae
2399 2081 2466 2119 ex
2522 2064 2881 2137 intelligibili
2930 2070 2987 2120 et
3035 2064 3299 2121 sensibili
3357 2071 3623 2121 creatura

1966 2152 2311 2208 naturaliter
2353 2157 2600 2223 constet,
2636 2154 2998 2225 scientiaque
3043 2154 3301 2210 rationes
3331 2170 3524 2209 rerum
3556 2168 3623 2209 ac

1965 2242 2172 2297 modos
2201 2242 2259 2296 id
2291 2259 2353 2298 se
2384 2242 2809 2314 complectatur
2845 2261 2857 2299 :
2892 2248 3200 2315 propterea
3247 2243 3509 2298 moribus
3540 2243 3625 2300 si-

1965 2332 2359 2386 militudinem
2394 2332 2674 2401 referens,
2699 2349 2833 2386 eum
2874 2332 2934 2386 in
2978 2348 3040 2387 se
3073 2337 3355 2402 tanquam
3388 2332 3442 2385 in
3480 2332 3622 2386 ima-

1962 2421 2096 2492 gine
2126 2418 2421 2490 exemplar
2451 2424 2839 2493 reprazsentat.
2878 2420 3120 2486 Verum,
3155 2420 3295 2490 quia
3327 2436 3531 2485 sensu,
3554 2423 3621 2474 ut

1962 2509 2129 2578 dixit,
2154 2525 2437 2580 sponsum
2470 2509 2725 2581 agnovit,
2760 2509 2900 2581 quid
2943 2509 3072 2580 ipso
3106 2525 3284 2564 sensu
3317 2509 3415 2577 sit,
3437 2507 3618 2579 expli-

1962 2602 2075 2668 cat,
2108 2598 2308 2653 dicens
2340 2614 2352 2651 :
2386 2598 2701 2653 Fasciculus
2738 2597 2993 2669 myrrhae
3036 2614 3204 2668 nepos
3254 2613 3406 2652 meus
3453 2598 3619 2653 mihi.

1960 2686 2154 2741 Nexus
2198 2691 2288 2742 est
2319 2692 2376 2741 et
2408 2686 2772 2741 conservatio
2816 2686 2990 2741 stilla:
3022 2686 3227 2740 divinis
3261 2686 3460 2758 gratiae
3492 2702 3617 2757 quas

1963 2775 2107 2830 mihi
2139 2776 2573 2831 communicata
2601 2779 2712 2845 est,
2740 2774 2987 2830 dilectus
3022 2792 3187 2830 meus
3218 2792 3231 2830 :
3268 2780 3332 2829 ut
3358 2779 3624 2847 Symma-

1960 2864 2109 2920 chus
2141 2865 2580 2935 interpretatur.
2614 2864 2723 2919 Per
2754 2864 2926 2920 ﬁdem
2973 2865 3128 2919 enim
3177 2868 3473 2933 acceptus,
3498 2864 3619 2936 spi-

1961 2952 2152 3007 ritalia
2190 2958 2388 3007 tuetur
2437 2958 2613 3023 atque
2665 2956 2973 3008 conservat
3022 2952 3291 3008 Ecclesiae
3349 2968 3616 3020 munera,

1961 3040 2280 3112 ﬁdelesque
2326 3042 2636 3095 conﬁrmat
2683 3048 2739 3095 et
2782 3042 3140 3107 corroborat,
3175 3058 3247 3096 ne
3296 3058 3328 3096 a
3381 3043 3622 3098 veritate

1959 3129 2311 3185 desciscant.
2354 3131 2525 3199 Tum,
2574 3130 2671 3185 ubi
2728 3146 2984 3200 sponsus
3044 3131 3099 3184 in
3161 3130 3291 3201 ipsa
3349 3147 3619 3199 manens,

1960 3219 2353 3274 constantiam
2389 3218 2533 3274 hanc
2567 3218 2871 3290 largiatur,
2905 3220 3161 3290 exponit,
3195 3221 3257 3274 In
3290 3220 3492 3285 medio,
3527 3220 3618 3276 in-

1961 3307 2190 3379 quiens,
2249 3308 2475 3363 uberum
2544 3324 2787 3362 meorum
2856 3308 3299 3362 commorabitur.
3363 3308 3616 3364 Uberum

1963 3396 2221 3453 medium
2255 3397 2479 3452 obtinet
2518 3413 2636 3466 cor,
2671 3397 2825 3451 unde
2855 3396 3049 3451 vitalis
3080 3398 3324 3468 spiritus
3368 3396 3428 3452 in
3482 3396 3617 3452 reli-

1962 3503 2143 3558 quum
2177 3503 2389 3558 corpus
2420 3486 2790 3541 diffunditur.
2824 3490 3205 3540 Praestantem
3240 3502 3373 3541 vero
3405 3485 3614 3541 animai

1961 3580 2183 3647 partem
2235 3580 2491 3631 mentem
2542 3574 2758 3643 innuit,
2784 3574 2841 3629 in
2875 3590 2992 3645 qua
3039 3575 3318 3630 Dominus
3365 3574 3611 3643 habitat,

1961 3681 2094 3720 cum
2128 3665 2256 3736 ejus
2297 3681 2517 3735 sponsa
2562 3663 2913 3736 perfectione
2965 3663 3077 3718 sibi
3130 3663 3426 3736 copulata,
3458 3681 3613 3719 unus

1959 3753 2202 3825 spiritus
2232 3754 2507 3822 efﬁcitur,
2533 3753 2768 3807 virtutis
2820 3753 3082 3807 habitum
3128 3753 3461 3824 adipiscens
3510 3768 3614 3823 per

1960 3842 2142 3897 sancti
2178 3841 2431 3912 Spiritus
2476 3841 2895 3914 operationem,
2932 3843 3084 3897 unde
3128 3844 3243 3896 vita
3291 3843 3350 3896 in
3395 3842 3612 3898 Christo

1959 3930 2325 3986 abscondita”
2370 3931 2428 3985 in
2472 3947 2678 3985 omnes
2729 3929 2936 3985 animaa
2986 3931 3298 4001 potentias,
3332 3936 3611 4000 tanquam

1957 4018 2016 4074 in
2050 4019 2229 4090 hujus
2262 4019 2543 4089 membra,
2578 4018 2851 4089 inﬂuens,
2879 4019 3151 4074 stabilem
3183 4018 3330 4090 ipsis
3363 4019 3610 4074 firmita-

1958 4112 2072 4163 tem
2107 4126 2172 4164 ac
2201 4108 2380 4164 robur
2410 4108 2677 4163 instillat.
2700 4111 2888 4179 Atque
2916 4108 2998 4163 ita
3024 4125 3279 4179 sponsus
3302 4108 3411 4164 erit
3439 4126 3614 4180 spon-

1959 4215 2054 4265 sa,
2090 4214 2223 4253 cum
2256 4198 2324 4251 ad
2361 4197 2774 4269 perfectionem
2806 4196 3049 4267 venerit,
3082 4198 3367 4253 virtutum
3400 4198 3611 4253 immo-

1957 4285 2070 4342 bile
2101 4287 2564 4342 firmamentum.

2686 4393 2876 4448 Psellt.

2026 4482 2133 4537 Sed
2162 4482 2283 4553 jam
2317 4486 2374 4535 et
2404 4496 2471 4536 ea
2502 4497 2628 4552 qua:
2654 4481 2866 4536 deinde
2899 4486 3249 4553 sequuntur,
3277 4482 3611 4538 audiamus.

1954 4576 2179 4643 Sponsa
2218 4570 2375 4625 enim
2428 4586 2738 4641 progressu
2791 4571 2958 4641 quasi
3013 4571 3215 4625 afflatu
3268 4571 3608 4626 institutum

1875 4642 2090 4716 Dcum
2149 4660 2354 4714 amicis
2412 4675 2740 4713 sermonem
2795 4660 3060 4714 studiose
3116 4660 3515 4732 persequitur,
3558 4663 3615 4716 et

1958 4755 2089 4822 post
2120 4750 2284 4803 nardi
2318 4748 2700 4818 mentionem,
2733 4748 2818 4803 sic
2850 4748 2928 4803 ait
2963 4764 2976 4802 :

2024 4928 2342 4983 Fasciculus
2370 4931 2572 4982 stactes
2601 4927 2755 4996 ﬁlius
2797 4927 3004 4981 sororis
3034 4942 3166 4982 mea
3215 4926 3375 4997 mihi,
3407 4929 3466 4982 ιή
3497 4944 3611 4985 mc-

1922 5004 1927 5011 ’
1952 5017 2044 5073 dio
2073 5017 2303 5072 uberum
2331 5032 2581 5072 meorum
2608 5016 3058 5071 commorabitur.

2028 5106 2388 5178 Elegantium
2439 5104 2729 5173 virginum
2789 5121 2917 5160 mos
2975 5109 3084 5171 est,
3118 5109 3185 5160 ut
3241 5122 3357 5161 non
3415 5106 3609 5163 solum

1954 5194 2220 5250 exteriori
2273 5199 2477 5249 ornatu
2529 5210 2591 5249 se
2639 5195 2933 5261 decorent,
2968 5211 3083 5265 quo
3137 5194 3401 5251 celeriter
3445 5212 3610 5251 ama-

1954 5288 2110 5339 tores
2141 5299 2275 5338 suos
2317 5281 2597 5348 alliciant,
2630 5298 2828 5337 verum
2881 5283 3057 5337 etiam
3109 5282 3313 5339 suavia
3342 5283 3398 5338 in
3432 5284 3609 5339 vesti-

1953 5372 2168 5428 mentis
2221 5377 2519 5443 unguenta
2567 5377 2793 5443 gerant.
2844 5371 3130 5435 Quoniam
3184 5373 3363 5444 igitur
3410 5373 3607 5428 Canti-

1952 5478 2152 5516 corum
2186 5460 2375 5516 verbis
2407 5461 2606 5515 anima
2632 5467 2696 5515 ut
2726 5459 2974 5531 pulchra
3004 5461 3163 5533 virgo
3186 5467 3274 5516 est
3305 5468 3605 5531 exornata,

1950 5555 2008 5606 et
2038 5550 2342 5606 hominum
2387 5566 2547 5606 more
2592 5550 2974 5621 sponsalibus
3000 5550 3210 5606 decora
3241 5550 3607 5607 vestimentis
