  <div class='ocr_page' id='page_1' title='image "/cluster/home/n/w/nwhite01/storage/ocr_20150623/122/hvd.32044073502460/295.png"; bbox 0 0 4042 6198; ppageno 0'>
   <div class='ocr_carea' id='block_1_1' title="bbox 386 352 504 411">
    <p class='ocr_par' dir='ltr' id='par_1_1' title="bbox 386 352 504 411">
     <span class='ocr_line' id='line_1_1' title="bbox 386 352 504 411; baseline -0.008 0"><span class='ocrx_word' id='word_1_1' title='bbox 386 352 504 411; x_wconf 82' lang='grc'>563</span> 
     </span>
    </p>
   </div>
   <div class='ocr_carea' id='block_1_2' title="bbox 1716 326 2463 410">
    <p class='ocr_par' dir='ltr' id='par_1_2' title="bbox 1716 326 2463 410">
     <span class='ocr_line' id='line_1_2' title="bbox 1716 326 2463 410; baseline -0.009 0"><span class='ocrx_word' id='word_1_2' title='bbox 1716 344 2146 410; x_wconf 82' lang='lat' dir='ltr'>MICHAELIS</span> <span class='ocrx_word' id='word_1_3' title='bbox 2192 326 2463 405; x_wconf 86' lang='lat' dir='ltr'>PSELLI</span> 
     </span>
    </p>
   </div>
   <div class='ocr_carea' id='block_1_3' title="bbox 3680 335 3792 397">
    <p class='ocr_par' dir='ltr' id='par_1_3' title="bbox 3680 335 3792 397">
     <span class='ocr_line' id='line_1_3' title="bbox 3680 335 3792 397; baseline -0.027 0"><span class='ocrx_word' id='word_1_4' title='bbox 3680 335 3792 397; x_wconf 62' lang='grc' dir='ltr'>σοι</span> 
     </span>
    </p>
   </div>
   <div class='ocr_carea' id='block_1_4' title="bbox 392 464 2062 552">
    <p class='ocr_par' dir='ltr' id='par_1_4' title="bbox 392 477 2044 552">
     <span class='ocr_line' id='line_1_4' title="bbox 392 477 2044 552; baseline -0.003 -16"><span class='ocrx_word' id='word_1_5' title='bbox 392 483 464 536; x_wconf 89' lang='lat' dir='ltr'>ad</span> <span class='ocrx_word' id='word_1_6' title='bbox 497 480 734 552; x_wconf 77' lang='lat' dir='ltr'>nuptias</span> <span class='ocrx_word' id='word_1_7' title='bbox 784 481 1039 536; x_wconf 86' lang='lat' dir='ltr'>adducta</span> <span class='ocrx_word' id='word_1_8' title='bbox 1071 523 1086 547; x_wconf 89' lang='lat'>,</span> <span class='ocrx_word' id='word_1_9' title='bbox 1118 486 1575 537; x_wconf 80' lang='lat' dir='ltr'>consentaneum</span> <span class='ocrx_word' id='word_1_10' title='bbox 1616 484 1705 536; x_wconf 91' lang='lat' dir='ltr'>est</span> <span class='ocrx_word' id='word_1_11' title='bbox 1756 483 1822 534; x_wconf 88' lang='lat' dir='ltr'>ut</span> <span class='ocrx_word' id='word_1_12' title='bbox 1868 477 2044 533; x_wconf 83' lang='lat' dir='ltr'>verba</span> 
     </span>
    </p>
   </div>
   <div class='ocr_carea' id='block_1_5' title="bbox 2192 464 3634 552">
    <p class='ocr_par' dir='ltr' id='par_1_5' title="bbox 2192 464 3634 549">
     <span class='ocr_line' id='line_1_5' title="bbox 2192 464 3634 549; baseline -0.006 -21"><span class='ocrx_word' id='word_1_13' title='bbox 2192 473 2307 529; x_wconf 77' lang='grc' dir='ltr'>Ξπεὶ</span> <span class='ocrx_word' id='word_1_14' title='bbox 2337 477 2464 549; x_wconf 88' lang='grc' dir='ltr'>γοῦν</span> <span class='ocrx_word' id='word_1_15' title='bbox 2495 471 2893 547; x_wconf 87' lang='grc' dir='ltr'>γεγυναίκισται</span> <span class='ocrx_word' id='word_1_16' title='bbox 2922 475 3002 543; x_wconf 76' lang='grc' dir='ltr'>τῷ</span> <span class='ocrx_word' id='word_1_17' title='bbox 3032 466 3184 544; x_wconf 88' lang='grc' dir='ltr'>λόγῳ</span> <span class='ocrx_word' id='word_1_18' title='bbox 3211 472 3319 524; x_wconf 90' lang='grc' dir='ltr'>τῶν</span> <span class='ocrx_word' id='word_1_19' title='bbox 3348 464 3634 540; x_wconf 65' lang='grc' dir='ltr'>’ᾼσμὲτων</span> 
     </span>
    </p>
   </div>
   <div class='ocr_carea' id='block_1_6' title="bbox 400 569 2044 642">
    <p class='ocr_par' dir='ltr' id='par_1_6' title="bbox 400 569 2044 642">
     <span class='ocr_line' id='line_1_6' title="bbox 400 569 2044 642; baseline -0.002 -18"><span class='ocrx_word' id='word_1_20' title='bbox 400 570 669 641; x_wconf 61' lang='lat' dir='ltr'>quaedam</span> <span class='ocrx_word' id='word_1_21' title='bbox 726 569 999 625; x_wconf 82' lang='lat' dir='ltr'>muliebri</span> <span class='ocrx_word' id='word_1_22' title='bbox 1032 570 1328 642; x_wconf 79' lang='lat' dir='ltr'>loquatur,</span> <span class='ocrx_word' id='word_1_23' title='bbox 1377 571 1508 626; x_wconf 90' lang='lat' dir='ltr'>licet</span> <span class='ocrx_word' id='word_1_24' title='bbox 1556 569 1809 627; x_wconf 88' lang='lat' dir='ltr'>interius</span> <span class='ocrx_word' id='word_1_25' title='bbox 1881 583 2044 623; x_wconf 87' lang='lat' dir='ltr'>arca-</span> 
     </span>
    </p>
   </div>
   <div class='ocr_carea' id='block_1_7' title="bbox 398 656 2043 731">
    <p class='ocr_par' dir='ltr' id='par_1_7' title="bbox 398 656 2043 731">
     <span class='ocr_line' id='line_1_7' title="bbox 398 656 2043 731; baseline -0.002 -18"><span class='ocrx_word' id='word_1_26' title='bbox 398 676 538 713; x_wconf 90' lang='lat' dir='ltr'>num</span> <span class='ocrx_word' id='word_1_27' title='bbox 572 676 811 714; x_wconf 82' lang='lat' dir='ltr'>sensum</span> <span class='ocrx_word' id='word_1_28' title='bbox 853 660 1210 715; x_wconf 82' lang='lat' dir='ltr'>contineant.</span> <span class='ocrx_word' id='word_1_29' title='bbox 1243 663 1451 731; x_wconf 78' lang='lat' dir='ltr'>Aperte</span> <span class='ocrx_word' id='word_1_30' title='bbox 1494 659 1675 731; x_wconf 80' lang='lat' dir='ltr'>igitur</span> <span class='ocrx_word' id='word_1_31' title='bbox 1701 656 1871 730; x_wconf 85' lang='lat' dir='ltr'>quasi</span> <span class='ocrx_word' id='word_1_32' title='bbox 1902 656 2043 711; x_wconf 90' lang='lat' dir='ltr'>deli-</span> 
     </span>
    </p>
   </div>
   <div class='ocr_carea' id='block_1_8' title="bbox 397 745 2046 819">
    <p class='ocr_par' dir='ltr' id='par_1_8' title="bbox 397 745 2046 819">
     <span class='ocr_line' id='line_1_8' title="bbox 397 745 2046 819; baseline -0.002 -17"><span class='ocrx_word' id='word_1_33' title='bbox 397 748 517 803; x_wconf 89' lang='lat' dir='ltr'>cias</span> <span class='ocrx_word' id='word_1_34' title='bbox 568 748 807 803; x_wconf 80' lang='lat' dir='ltr'>iaciens.</span> <span class='ocrx_word' id='word_1_35' title='bbox 840 748 1137 817; x_wconf 87' lang='lat' dir='ltr'>Quamvis,</span> <span class='ocrx_word' id='word_1_36' title='bbox 1187 748 1400 819; x_wconf 82' lang='lat' dir='ltr'>inquit,</span> <span class='ocrx_word' id='word_1_37' title='bbox 1454 747 1731 802; x_wconf 85' lang='lat' dir='ltr'>mulieres</span> <span class='ocrx_word' id='word_1_38' title='bbox 1780 745 2046 815; x_wconf 81' lang='lat' dir='ltr'>quaedam</span> 
     </span>
    </p>
   </div>
   <div class='ocr_carea' id='block_1_9' title="bbox 396 834 2046 910">
    <p class='ocr_par' dir='ltr' id='par_1_9' title="bbox 396 834 2046 910">
     <span class='ocr_line' id='line_1_9' title="bbox 396 834 2046 910; baseline -0.003 -17"><span class='ocrx_word' id='word_1_39' title='bbox 396 838 467 893; x_wconf 86' lang='lat' dir='ltr'>ad</span> <span class='ocrx_word' id='word_1_40' title='bbox 502 853 760 891; x_wconf 90' lang='lat' dir='ltr'>amorem</span> <span class='ocrx_word' id='word_1_41' title='bbox 809 839 1180 892; x_wconf 87' lang='lat' dir='ltr'>excitandum</span> <span class='ocrx_word' id='word_1_42' title='bbox 1216 838 1328 893; x_wconf 85' lang='lat' dir='ltr'>alia</span> <span class='ocrx_word' id='word_1_43' title='bbox 1371 842 1604 910; x_wconf 82' lang='lat' dir='ltr'>gestent</span> <span class='ocrx_word' id='word_1_44' title='bbox 1656 840 1958 907; x_wconf 87' lang='lat' dir='ltr'>unguenta</span> <span class='ocrx_word' id='word_1_45' title='bbox 1986 834 2046 888; x_wconf 92' lang='lat' dir='ltr'>in</span> 
     </span>
    </p>
   </div>
   <div class='ocr_carea' id='block_1_10' title="bbox 394 921 2048 998">
    <p class='ocr_par' dir='ltr' id='par_1_10' title="bbox 394 921 2048 998">
     <span class='ocr_line' id='line_1_10' title="bbox 394 921 2048 998; baseline -0.003 -19"><span class='ocrx_word' id='word_1_46' title='bbox 394 925 797 993; x_wconf 82' lang='lat' dir='ltr'>vestimentis;</span> <span class='ocrx_word' id='word_1_47' title='bbox 851 942 955 995; x_wconf 85' lang='lat' dir='ltr'>ego</span> <span class='ocrx_word' id='word_1_48' title='bbox 1018 931 1216 981; x_wconf 87' lang='lat' dir='ltr'>tamen</span> <span class='ocrx_word' id='word_1_49' title='bbox 1275 926 1537 998; x_wconf 81' lang='lat' dir='ltr'>cujusvis</span> <span class='ocrx_word' id='word_1_50' title='bbox 1592 921 2048 996; x_wconf 83' lang='lat' dir='ltr'>fragrantissimi</span> 
     </span>
    </p>
   </div>
   <div class='ocr_carea' id='block_1_11' title="bbox 397 1011 2045 1088">
    <p class='ocr_par' dir='ltr' id='par_1_11' title="bbox 397 1011 2045 1088">
     <span class='ocr_line' id='line_1_11' title="bbox 397 1011 2045 1088; baseline -0.003 -18"><span class='ocrx_word' id='word_1_51' title='bbox 397 1014 592 1070; x_wconf 89' lang='lat' dir='ltr'>odoris</span> <span class='ocrx_word' id='word_1_52' title='bbox 626 1014 748 1069; x_wconf 92' lang='lat' dir='ltr'>loco</span> <span class='ocrx_word' id='word_1_53' title='bbox 793 1015 1253 1084; x_wconf 89' lang='lat' dir='ltr'>pulcherrimum</span> <span class='ocrx_word' id='word_1_54' title='bbox 1306 1032 1616 1088; x_wconf 89' lang='lat' dir='ltr'>sponsum,</span> <span class='ocrx_word' id='word_1_55' title='bbox 1649 1014 1734 1069; x_wconf 89' lang='lat' dir='ltr'>uti</span> <span class='ocrx_word' id='word_1_56' title='bbox 1766 1011 2045 1068; x_wconf 74' lang='lat' dir='ltr'>suavnssi-</span> 
     </span>
    </p>
   </div>
   <div class='ocr_carea' id='block_1_12' title="bbox 398 1101 2043 1174">
    <p class='ocr_par' dir='ltr' id='par_1_12' title="bbox 398 1101 2043 1174">
     <span class='ocr_line' id='line_1_12' title="bbox 398 1101 2043 1174; baseline -0.002 -17"><span class='ocrx_word' id='word_1_57' title='bbox 398 1119 560 1158; x_wconf 91' lang='lat' dir='ltr'>mum</span> <span class='ocrx_word' id='word_1_58' title='bbox 609 1108 1045 1174; x_wconf 90' lang='lat' dir='ltr'>unguentorum</span> <span class='ocrx_word' id='word_1_59' title='bbox 1079 1104 1424 1160; x_wconf 81' lang='lat' dir='ltr'>fasciculum</span> <span class='ocrx_word' id='word_1_60' title='bbox 1457 1103 1604 1159; x_wconf 91' lang='lat' dir='ltr'>collo</span> <span class='ocrx_word' id='word_1_61' title='bbox 1653 1101 2043 1174; x_wconf 88' lang='lat' dir='ltr'>suspendens,</span> 
     </span>
    </p>
   </div>
   <div class='ocr_carea' id='block_1_13' title="bbox 399 1189 2045 1263">
    <p class='ocr_par' dir='ltr' id='par_1_13' title="bbox 399 1189 2045 1263">
     <span class='ocr_line' id='line_1_13' title="bbox 399 1189 2045 1263; baseline -0.002 -16"><span class='ocrx_word' id='word_1_62' title='bbox 399 1191 680 1247; x_wconf 81' lang='lat' dir='ltr'>retinebo.</span> <span class='ocrx_word' id='word_1_63' title='bbox 713 1191 812 1246; x_wconf 85' lang='lat' dir='ltr'>Vel</span> <span class='ocrx_word' id='word_1_64' title='bbox 847 1193 1041 1263; x_wconf 89' lang='lat' dir='ltr'>potius</span> <span class='ocrx_word' id='word_1_65' title='bbox 1089 1194 1197 1250; x_wconf 86' lang='lat' dir='ltr'>hoc</span> <span class='ocrx_word' id='word_1_66' title='bbox 1243 1194 1533 1263; x_wconf 78' lang='lat' dir='ltr'>significat</span> <span class='ocrx_word' id='word_1_67' title='bbox 1566 1211 1577 1248; x_wconf 90' lang='lat'><strong>:</strong></span> <span class='ocrx_word' id='word_1_68' title='bbox 1613 1192 1889 1259; x_wconf 84' lang='lat' dir='ltr'>Quamvis</span> <span class='ocrx_word' id='word_1_69' title='bbox 1921 1189 2045 1244; x_wconf 68' lang='lat' dir='ltr'>aliae</span> 
     </span>
    </p>
   </div>
   <div class='ocr_carea' id='block_1_14' title="bbox 399 1280 2046 1355">
    <p class='ocr_par' dir='ltr' id='par_1_14' title="bbox 399 1280 2046 1355">
     <span class='ocr_line' id='line_1_14' title="bbox 399 1280 2046 1355; baseline 0 -20"><span class='ocrx_word' id='word_1_70' title='bbox 399 1280 610 1335; x_wconf 67' lang='lat' dir='ltr'>animae</span> <span class='ocrx_word' id='word_1_71' title='bbox 643 1282 847 1336; x_wconf 89' lang='lat' dir='ltr'>mundi</span> <span class='ocrx_word' id='word_1_72' title='bbox 897 1282 1055 1338; x_wconf 93' lang='lat' dir='ltr'>curis</span> <span class='ocrx_word' id='word_1_73' title='bbox 1101 1288 1158 1339; x_wconf 88' lang='lat' dir='ltr'>et</span> <span class='ocrx_word' id='word_1_74' title='bbox 1206 1282 1451 1355; x_wconf 83' lang='lat' dir='ltr'>negotiis</span> <span class='ocrx_word' id='word_1_75' title='bbox 1482 1281 1891 1354; x_wconf 81' lang='lat' dir='ltr'>implicentur;</span> <span class='ocrx_word' id='word_1_76' title='bbox 1942 1296 2046 1351; x_wconf 90' lang='lat' dir='ltr'>ego</span> 
     </span>
    </p>
   </div>
   <div class='ocr_carea' id='block_1_15' title="bbox 401 1369 2048 1443">
    <p class='ocr_par' dir='ltr' id='par_1_15' title="bbox 401 1369 2048 1443">
     <span class='ocr_line' id='line_1_15' title="bbox 401 1369 2048 1443; baseline -0.001 -18"><span class='ocrx_word' id='word_1_77' title='bbox 401 1371 603 1442; x_wconf 88' lang='lat' dir='ltr'>sponsi</span> <span class='ocrx_word' id='word_1_78' title='bbox 634 1372 748 1427; x_wconf 90' lang='lat' dir='ltr'>mei</span> <span class='ocrx_word' id='word_1_79' title='bbox 780 1373 1109 1443; x_wconf 87' lang='lat' dir='ltr'>percipiens</span> <span class='ocrx_word' id='word_1_80' title='bbox 1142 1375 1521 1443; x_wconf 86' lang='lat' dir='ltr'>voluptatem,</span> <span class='ocrx_word' id='word_1_81' title='bbox 1553 1388 1686 1427; x_wconf 92' lang='lat' dir='ltr'>eum</span> <span class='ocrx_word' id='word_1_82' title='bbox 1718 1369 2048 1440; x_wconf 89' lang='lat' dir='ltr'>insculpam</span> 
     </span>
    </p>
   </div>
   <div class='ocr_carea' id='block_1_16' title="bbox 400 1458 2052 1519">
    <p class='ocr_par' dir='ltr' id='par_1_16' title="bbox 400 1458 2052 1519">
     <span class='ocr_line' id='line_1_16' title="bbox 400 1458 2052 1519; baseline -0.001 -6"><span class='ocrx_word' id='word_1_83' title='bbox 400 1458 462 1513; x_wconf 91' lang='lat' dir='ltr'>in</span> <span class='ocrx_word' id='word_1_84' title='bbox 488 1459 707 1515; x_wconf 87' lang='lat' dir='ltr'>tabulis</span> <span class='ocrx_word' id='word_1_85' title='bbox 736 1462 927 1517; x_wconf 89' lang='lat' dir='ltr'>cordis</span> <span class='ocrx_word' id='word_1_86' title='bbox 969 1461 1101 1519; x_wconf 86' lang='lat' dir='ltr'>mei.</span> <span class='ocrx_word' id='word_1_87' title='bbox 1136 1463 1393 1519; x_wconf 90' lang='lat' dir='ltr'>Uberum</span> <span class='ocrx_word' id='word_1_88' title='bbox 1426 1462 1583 1517; x_wconf 90' lang='lat' dir='ltr'>enim</span> <span class='ocrx_word' id='word_1_89' title='bbox 1628 1459 1889 1516; x_wconf 88' lang='lat' dir='ltr'>medium</span> <span class='ocrx_word' id='word_1_90' title='bbox 1921 1474 2052 1513; x_wconf 92' lang='lat' dir='ltr'>cor-</span> 
     </span>
    </p>
   </div>
   <div class='ocr_carea' id='block_1_17' title="bbox 404 1550 835 1606">
    <p class='ocr_par' dir='ltr' id='par_1_17' title="bbox 404 1550 835 1606">
     <span class='ocr_line' id='line_1_17' title="bbox 404 1550 835 1606; baseline 0.007 -3"><span class='ocrx_word' id='word_1_91' title='bbox 404 1550 494 1603; x_wconf 89' lang='lat' dir='ltr'>dis</span> <span class='ocrx_word' id='word_1_92' title='bbox 525 1554 616 1605; x_wconf 90' lang='lat' dir='ltr'>est</span> <span class='ocrx_word' id='word_1_93' title='bbox 645 1551 835 1606; x_wconf 89' lang='lat' dir='ltr'>sedes.</span> 
     </span>
    </p>
   </div>
   <div class='ocr_carea' id='block_1_18' title="bbox 1003 2169 1477 2224">
    <p class='ocr_par' dir='ltr' id='par_1_18' title="bbox 1003 2169 1477 2224">
     <span class='ocr_line' id='line_1_18' title="bbox 1003 2169 1477 2224; baseline -0.004 -1"><span class='ocrx_word' id='word_1_94' title='bbox 1003 2169 1187 2223; x_wconf 83' lang='lat' dir='ltr'>Trium</span> <span class='ocrx_word' id='word_1_95' title='bbox 1225 2170 1477 2224; x_wconf 82' lang='lat' dir='ltr'>Patrum.</span> 
     </span>
    </p>
   </div>
   <div class='ocr_carea' id='block_1_19' title="bbox 483 2253 2067 2326">
    <p class='ocr_par' dir='ltr' id='par_1_19' title="bbox 483 2253 2067 2326">
     <span class='ocr_line' id='line_1_19' title="bbox 483 2253 2067 2326; baseline 0.003 -20"><span class='ocrx_word' id='word_1_96' title='bbox 483 2254 676 2307; x_wconf 81' lang='lat' dir='ltr'>Botrus</span> <span class='ocrx_word' id='word_1_97' title='bbox 730 2253 898 2325; x_wconf 83' lang='lat' dir='ltr'>Cypri</span> <span class='ocrx_word' id='word_1_98' title='bbox 943 2256 1149 2311; x_wconf 75' lang='lat' dir='ltr'>sorori:</span> <span class='ocrx_word' id='word_1_99' title='bbox 1196 2270 1343 2312; x_wconf 49' lang='lat' dir='ltr'>mea</span> <span class='ocrx_word' id='word_1_100' title='bbox 1388 2255 1539 2326; x_wconf 75' lang='lat' dir='ltr'>ﬁlius</span> <span class='ocrx_word' id='word_1_101' title='bbox 1589 2255 1732 2310; x_wconf 81' lang='lat' dir='ltr'>mihi</span> <span class='ocrx_word' id='word_1_102' title='bbox 1777 2256 1839 2310; x_wconf 85' lang='lat' dir='ltr'>in</span> <span class='ocrx_word' id='word_1_103' title='bbox 1886 2257 2067 2311; x_wconf 73' lang='lat' dir='ltr'>vinei:</span> 
     </span>
    </p>
   </div>
   <div class='ocr_carea' id='block_1_20' title="bbox 417 2341 686 2412">
    <p class='ocr_par' dir='ltr' id='par_1_20' title="bbox 417 2341 686 2412">
     <span class='ocr_line' id='line_1_20' title="bbox 417 2341 686 2412; baseline 0.007 -18"><span class='ocrx_word' id='word_1_104' title='bbox 417 2341 686 2412; x_wconf 85' lang='lat' dir='ltr'>Engaddi.</span> 
     </span>
    </p>
   </div>
   <div class='ocr_carea' id='block_1_21' title="bbox 488 2432 2065 2505">
    <p class='ocr_par' dir='ltr' id='par_1_21' title="bbox 488 2432 2065 2505">
     <span class='ocr_line' id='line_1_21' title="bbox 488 2432 2065 2505; baseline 0.001 -19"><span class='ocrx_word' id='word_1_105' title='bbox 488 2432 688 2497; x_wconf 87' lang='lat' dir='ltr'>Qualis</span> <span class='ocrx_word' id='word_1_106' title='bbox 719 2436 808 2488; x_wconf 90' lang='lat' dir='ltr'>est</span> <span class='ocrx_word' id='word_1_107' title='bbox 839 2450 948 2489; x_wconf 88' lang='lat' dir='ltr'>uva</span> <span class='ocrx_word' id='word_1_108' title='bbox 996 2433 1189 2489; x_wconf 88' lang='lat' dir='ltr'>adhuc</span> <span class='ocrx_word' id='word_1_109' title='bbox 1228 2434 1464 2501; x_wconf 91' lang='lat' dir='ltr'>ﬂorens,</span> <span class='ocrx_word' id='word_1_110' title='bbox 1498 2451 1624 2505; x_wconf 73' lang='lat' dir='ltr'>quae</span> <span class='ocrx_word' id='word_1_111' title='bbox 1654 2434 1856 2490; x_wconf 88' lang='lat' dir='ltr'>vinum</span> <span class='ocrx_word' id='word_1_112' title='bbox 1906 2434 2065 2490; x_wconf 92' lang='lat' dir='ltr'>cordi</span> 
     </span>
    </p>
   </div>
   <div class='ocr_carea' id='block_1_22' title="bbox 416 2519 2069 2595">
    <p class='ocr_par' dir='ltr' id='par_1_22' title="bbox 416 2519 2069 2595">
     <span class='ocr_line' id='line_1_22' title="bbox 416 2519 2069 2595; baseline 0.001 -20"><span class='ocrx_word' id='word_1_113' title='bbox 416 2519 678 2577; x_wconf 74' lang='lat' dir='ltr'>laetitiam</span> <span class='ocrx_word' id='word_1_114' title='bbox 710 2522 958 2577; x_wconf 79' lang='lat' dir='ltr'>aﬂ‘erens</span> <span class='ocrx_word' id='word_1_115' title='bbox 990 2522 1299 2593; x_wconf 89' lang='lat' dir='ltr'>pollicetur</span> <span class='ocrx_word' id='word_1_116' title='bbox 1329 2541 1341 2579; x_wconf 91' lang='lat'><strong>:</strong></span> <span class='ocrx_word' id='word_1_117' title='bbox 1373 2523 1505 2578; x_wconf 88' lang='lat' dir='ltr'>talis</span> <span class='ocrx_word' id='word_1_118' title='bbox 1534 2528 1623 2578; x_wconf 90' lang='lat' dir='ltr'>est</span> <span class='ocrx_word' id='word_1_119' title='bbox 1655 2524 1799 2579; x_wconf 91' lang='lat' dir='ltr'>mihi</span> <span class='ocrx_word' id='word_1_120' title='bbox 1832 2527 2069 2595; x_wconf 89' lang='lat' dir='ltr'>propter</span> 
     </span>
    </p>
   </div>
   <div class='ocr_carea' id='block_1_23' title="bbox 418 2610 2068 2684">
    <p class='ocr_par' dir='ltr' id='par_1_23' title="bbox 418 2610 2068 2684">
     <span class='ocr_line' id='line_1_23' title="bbox 418 2610 2068 2684; baseline 0.002 -19"><span class='ocrx_word' id='word_1_121' title='bbox 418 2610 921 2681; x_wconf 78' lang='lat' dir='ltr'>imperfectionem</span> <span class='ocrx_word' id='word_1_122' title='bbox 955 2628 1146 2667; x_wconf 87' lang='lat' dir='ltr'>meam</span> <span class='ocrx_word' id='word_1_123' title='bbox 1176 2612 1426 2667; x_wconf 91' lang='lat' dir='ltr'>dilectus</span> <span class='ocrx_word' id='word_1_124' title='bbox 1453 2630 1620 2668; x_wconf 90' lang='lat' dir='ltr'>meus</span> <span class='ocrx_word' id='word_1_125' title='bbox 1642 2614 1700 2668; x_wconf 92' lang='lat' dir='ltr'>in</span> <span class='ocrx_word' id='word_1_126' title='bbox 1726 2613 1933 2684; x_wconf 90' lang='lat' dir='ltr'>vineis,</span> <span class='ocrx_word' id='word_1_127' title='bbox 1957 2613 2068 2669; x_wconf 90' lang='lat' dir='ltr'>hoc</span> 
     </span>
    </p>
   </div>
   <div class='ocr_carea' id='block_1_24' title="bbox 419 2698 2070 2773">
    <p class='ocr_par' dir='ltr' id='par_1_24' title="bbox 419 2698 2070 2773">
     <span class='ocr_line' id='line_1_24' title="bbox 419 2698 2070 2773; baseline 0.002 -19"><span class='ocrx_word' id='word_1_128' title='bbox 419 2700 595 2755; x_wconf 85' lang='lat' dir='ltr'>estin</span> <span class='ocrx_word' id='word_1_129' title='bbox 630 2698 808 2753; x_wconf 88' lang='lat' dir='ltr'>variis</span> <span class='ocrx_word' id='word_1_130' title='bbox 857 2716 1050 2754; x_wconf 87' lang='lat' dir='ltr'>rerum</span> <span class='ocrx_word' id='word_1_131' title='bbox 1103 2701 1351 2766; x_wconf 84' lang='lat' dir='ltr'>naturis,</span> <span class='ocrx_word' id='word_1_132' title='bbox 1386 2719 1511 2773; x_wconf 69' lang='lat' dir='ltr'>qua:</span> <span class='ocrx_word' id='word_1_133' title='bbox 1562 2703 1881 2773; x_wconf 64' lang='lat' dir='ltr'>perspicuas</span> <span class='ocrx_word' id='word_1_134' title='bbox 1930 2708 2070 2759; x_wconf 90' lang='lat' dir='ltr'>sunt</span> 
     </span>
    </p>
   </div>
   <div class='ocr_carea' id='block_1_25' title="bbox 421 2788 2068 2863">
    <p class='ocr_par' dir='ltr' id='par_1_25' title="bbox 421 2788 2068 2863">
     <span class='ocr_line' id='line_1_25' title="bbox 421 2788 2068 2863; baseline 0.002 -20"><span class='ocrx_word' id='word_1_135' title='bbox 421 2788 588 2844; x_wconf 91' lang='lat' dir='ltr'>oculo</span> <span class='ocrx_word' id='word_1_136' title='bbox 638 2788 980 2844; x_wconf 79' lang='lat' dir='ltr'>temtationis</span> <span class='ocrx_word' id='word_1_137' title='bbox 1012 2790 1091 2858; x_wconf 89' lang='lat' dir='ltr'>(id</span> <span class='ocrx_word' id='word_1_138' title='bbox 1125 2791 1279 2846; x_wconf 90' lang='lat' dir='ltr'>enim</span> <span class='ocrx_word' id='word_1_139' title='bbox 1318 2796 1407 2847; x_wconf 91' lang='lat' dir='ltr'>est</span> <span class='ocrx_word' id='word_1_140' title='bbox 1437 2792 1644 2863; x_wconf 89' lang='lat' dir='ltr'>Gaddi)</span> <span class='ocrx_word' id='word_1_141' title='bbox 1676 2792 1841 2847; x_wconf 92' lang='lat' dir='ltr'>oculo</span> <span class='ocrx_word' id='word_1_142' title='bbox 1892 2793 2068 2847; x_wconf 91' lang='lat' dir='ltr'>nimi-</span> 
     </span>
    </p>
   </div>
   <div class='ocr_carea' id='block_1_26' title="bbox 421 2877 2068 2937">
    <p class='ocr_par' dir='ltr' id='par_1_26' title="bbox 421 2877 2068 2937">
     <span class='ocr_line' id='line_1_26' title="bbox 421 2877 2068 2937; baseline 0.004 -6"><span class='ocrx_word' id='word_1_143' title='bbox 421 2893 553 2931; x_wconf 87' lang='lat' dir='ltr'>rum</span> <span class='ocrx_word' id='word_1_144' title='bbox 586 2877 828 2931; x_wconf 87' lang='lat' dir='ltr'>rationis</span> <span class='ocrx_word' id='word_1_145' title='bbox 873 2883 1117 2934; x_wconf 90' lang='lat' dir='ltr'>naturas</span> <span class='ocrx_word' id='word_1_146' title='bbox 1165 2896 1360 2934; x_wconf 91' lang='lat' dir='ltr'>rerum</span> <span class='ocrx_word' id='word_1_147' title='bbox 1404 2898 1470 2935; x_wconf 92' lang='lat' dir='ltr'>ac</span> <span class='ocrx_word' id='word_1_148' title='bbox 1516 2882 1820 2936; x_wconf 87' lang='lat' dir='ltr'>veritatem</span> <span class='ocrx_word' id='word_1_149' title='bbox 1852 2882 1908 2936; x_wconf 89' lang='lat' dir='ltr'>in</span> <span class='ocrx_word' id='word_1_150' title='bbox 1944 2899 2068 2937; x_wconf 87' lang='lat' dir='ltr'>0m-</span> 
     </span>
    </p>
   </div>
   <div class='ocr_carea' id='block_1_27' title="bbox 420 2964 2068 3041">
    <p class='ocr_par' dir='ltr' id='par_1_27' title="bbox 420 2964 2068 3041">
     <span class='ocr_line' id='line_1_27' title="bbox 420 2964 2068 3041; baseline 0.002 -21"><span class='ocrx_word' id='word_1_151' title='bbox 420 2965 597 3020; x_wconf 89' lang='lat' dir='ltr'>nibus</span> <span class='ocrx_word' id='word_1_152' title='bbox 646 2964 1021 3036; x_wconf 88' lang='lat' dir='ltr'>explorantis.</span> <span class='ocrx_word' id='word_1_153' title='bbox 1075 2968 1204 3022; x_wconf 66' lang='lat' dir='ltr'>Haac</span> <span class='ocrx_word' id='word_1_154' title='bbox 1254 2969 1410 3023; x_wconf 88' lang='lat' dir='ltr'>enim</span> <span class='ocrx_word' id='word_1_155' title='bbox 1458 2986 1556 3024; x_wconf 90' lang='lat' dir='ltr'>eas</span> <span class='ocrx_word' id='word_1_156' title='bbox 1606 2970 1893 3041; x_wconf 87' lang='lat' dir='ltr'>indagans</span> <span class='ocrx_word' id='word_1_157' title='bbox 1941 2974 2068 3024; x_wconf 77' lang='lat' dir='ltr'>tan-</span> 
     </span>
    </p>
   </div>
   <div class='ocr_carea' id='block_1_28' title="bbox 420 3054 2066 3131">
    <p class='ocr_par' dir='ltr' id='par_1_28' title="bbox 420 3054 2066 3131">
     <span class='ocr_line' id='line_1_28' title="bbox 420 3054 2066 3131; baseline 0.003 -22"><span class='ocrx_word' id='word_1_158' title='bbox 420 3072 598 3126; x_wconf 83' lang='lat' dir='ltr'>quam</span> <span class='ocrx_word' id='word_1_159' title='bbox 633 3054 933 3110; x_wconf 89' lang='lat' dir='ltr'>ﬂorentem</span> <span class='ocrx_word' id='word_1_160' title='bbox 974 3074 1169 3124; x_wconf 91' lang='lat' dir='ltr'>uvam,</span> <span class='ocrx_word' id='word_1_161' title='bbox 1200 3074 1269 3112; x_wconf 86' lang='lat' dir='ltr'>ex</span> <span class='ocrx_word' id='word_1_162' title='bbox 1306 3057 1451 3129; x_wconf 90' lang='lat' dir='ltr'>ipsis</span> <span class='ocrx_word' id='word_1_163' title='bbox 1482 3058 1700 3131; x_wconf 85' lang='lat' dir='ltr'>colligit</span> <span class='ocrx_word' id='word_1_164' title='bbox 1730 3060 2066 3128; x_wconf 87' lang='lat' dir='ltr'>veritatem;</span> 
     </span>
    </p>
   </div>
   <div class='ocr_carea' id='block_1_29' title="bbox 423 3142 2068 3220">
    <p class='ocr_par' dir='ltr' id='par_1_29' title="bbox 423 3142 2068 3220">
     <span class='ocr_line' id='line_1_29' title="bbox 423 3142 2068 3220; baseline 0.003 -22"><span class='ocrx_word' id='word_1_165' title='bbox 423 3162 549 3215; x_wconf 82' lang='lat' dir='ltr'>quae</span> <span class='ocrx_word' id='word_1_166' title='bbox 579 3142 758 3199; x_wconf 88' lang='lat' dir='ltr'>veluti</span> <span class='ocrx_word' id='word_1_167' title='bbox 807 3144 1006 3199; x_wconf 88' lang='lat' dir='ltr'>vinum</span> <span class='ocrx_word' id='word_1_168' title='bbox 1041 3147 1337 3216; x_wconf 89' lang='lat' dir='ltr'>quoddam</span> <span class='ocrx_word' id='word_1_169' title='bbox 1370 3165 1402 3202; x_wconf 87' lang='lat' dir='ltr'>a</span> <span class='ocrx_word' id='word_1_170' title='bbox 1434 3147 1638 3220; x_wconf 85' lang='lat' dir='ltr'>ﬁguris</span> <span class='ocrx_word' id='word_1_171' title='bbox 1692 3154 1945 3205; x_wconf 87' lang='lat' dir='ltr'>mentem</span> <span class='ocrx_word' id='word_1_172' title='bbox 1980 3148 2068 3203; x_wconf 92' lang='lat' dir='ltr'>di-</span> 
     </span>
    </p>
   </div>
   <div class='ocr_carea' id='block_1_30' title="bbox 2081 1851 2129 1917">
    <p class='ocr_par' dir='ltr' id='par_1_30' title="bbox 2081 1851 2129 1917">
     <span class='ocr_line' id='line_1_30' title="bbox 2081 1851 2129 1917; baseline 0 0"><span class='ocrx_word' id='word_1_173' title='bbox 2081 1851 2129 1917; x_wconf 91' lang='lat' dir='ltr'><strong>B</strong></span> 
     </span>
    </p>
   </div>
   <div class='ocr_carea' id='block_1_31' title="bbox 2155 555 3603 638">
    <p class='ocr_par' dir='ltr' id='par_1_31' title="bbox 2155 555 3603 638">
     <span class='ocr_line' id='line_1_31' title="bbox 2155 555 3603 638; baseline -0.007 -19"><span class='ocrx_word' id='word_1_174' title='bbox 2155 565 2218 621; x_wconf 75' lang='lat' dir='ltr'>&#39;H</span> <span class='ocrx_word' id='word_1_175' title='bbox 2247 561 2646 638; x_wconf 84' lang='grc' dir='ltr'>παρθενεύουσα</span> <span class='ocrx_word' id='word_1_176' title='bbox 2676 560 2829 636; x_wconf 74' lang='grc' dir='ltr'>ψυχὴ</span> <span class='ocrx_word' id='word_1_177' title='bbox 2862 559 2951 614; x_wconf 86' lang='grc' dir='ltr'>καὶ</span> <span class='ocrx_word' id='word_1_178' title='bbox 2984 560 3209 633; x_wconf 86' lang='grc' dir='ltr'>τρόποις</span> <span class='ocrx_word' id='word_1_179' title='bbox 3238 555 3603 635; x_wconf 77' lang='grc' dir='ltr'>ἀρρενόφρων,</span> 
     </span>
    </p>
   </div>
   <div class='ocr_carea' id='block_1_32' title="bbox 2156 645 3683 731">
    <p class='ocr_par' dir='ltr' id='par_1_32' title="bbox 2156 645 3683 731">
     <span class='ocr_line' id='line_1_32' title="bbox 2156 645 3683 731; baseline -0.007 -23"><span class='ocrx_word' id='word_1_180' title='bbox 2156 654 2257 708; x_wconf 80' lang='grc' dir='ltr'>Καὶ</span> <span class='ocrx_word' id='word_1_181' title='bbox 2283 657 2566 731; x_wconf 87' lang='grc' dir='ltr'>νυμφικῶς</span> <span class='ocrx_word' id='word_1_182' title='bbox 2590 650 2939 708; x_wconf 73' lang='grc' dir='ltr'>συνέσταλται</span> <span class='ocrx_word' id='word_1_183' title='bbox 2970 650 3106 725; x_wconf 88' lang='grc' dir='ltr'>πρὸς</span> <span class='ocrx_word' id='word_1_184' title='bbox 3135 648 3344 724; x_wconf 78' lang='grc' dir='ltr'>γάμους</span> <span class='ocrx_word' id='word_1_185' title='bbox 3371 645 3683 721; x_wconf 73' lang='grc' dir='ltr'>ἐπηγμὲνη,</span> 
     </span>
    </p>
   </div>
   <div class='ocr_carea' id='block_1_33' title="bbox 2158 736 3495 817">
    <p class='ocr_par' dir='ltr' id='par_1_33' title="bbox 2158 736 3495 817">
     <span class='ocr_line' id='line_1_33' title="bbox 2158 736 3495 817; baseline -0.007 -20"><span class='ocrx_word' id='word_1_186' title='bbox 2158 742 2368 817; x_wconf 82' lang='grc' dir='ltr'>Λόγους</span> <span class='ocrx_word' id='word_1_187' title='bbox 2400 742 2546 803; x_wconf 80' lang='grc' dir='ltr'>τινὰς</span> <span class='ocrx_word' id='word_1_188' title='bbox 2574 740 2824 816; x_wconf 84' lang='grc' dir='ltr'>γυναικὸς</span> <span class='ocrx_word' id='word_1_189' title='bbox 2858 739 3003 803; x_wconf 71' lang='grc' dir='ltr'>εἷκός</span> <span class='ocrx_word' id='word_1_190' title='bbox 3033 737 3141 794; x_wconf 65' lang='grc' dir='ltr'>ἔστι</span> <span class='ocrx_word' id='word_1_191' title='bbox 3172 738 3261 793; x_wconf 88' lang='grc' dir='ltr'>καὶ</span> <span class='ocrx_word' id='word_1_192' title='bbox 3294 736 3495 811; x_wconf 77' lang='grc' dir='ltr'>λέγειν,</span> 
     </span>
    </p>
   </div>
   <div class='ocr_carea' id='block_1_34' title="bbox 2160 824 3564 907">
    <p class='ocr_par' dir='ltr' id='par_1_34' title="bbox 2160 824 3564 907">
     <span class='ocr_line' id='line_1_34' title="bbox 2160 824 3564 907; baseline -0.006 -18"><span class='ocrx_word' id='word_1_193' title='bbox 2160 829 2266 889; x_wconf 67' lang='grc' dir='ltr'>Κᾶν</span> <span class='ocrx_word' id='word_1_194' title='bbox 2298 828 2529 907; x_wconf 60' lang='grc' dir='ltr'>ἴσχωσιν</span> <span class='ocrx_word' id='word_1_195' title='bbox 2558 829 2867 906; x_wconf 68' lang='grc' dir='ltr'>ἀπόρρητον</span> <span class='ocrx_word' id='word_1_196' title='bbox 2894 829 2983 883; x_wconf 83' lang='grc' dir='ltr'>τὸν</span> <span class='ocrx_word' id='word_1_197' title='bbox 3013 826 3277 903; x_wconf 86' lang='grc' dir='ltr'>λογισμὸν</span> <span class='ocrx_word' id='word_1_198' title='bbox 3311 824 3360 879; x_wconf 84' lang='grc' dir='ltr'>ἐν</span> <span class='ocrx_word' id='word_1_199' title='bbox 3394 825 3564 900; x_wconf 77' lang='grc' dir='ltr'>βάθει.</span> 
     </span>
    </p>
   </div>
   <div class='ocr_carea' id='block_1_35' title="bbox 2156 914 3591 996">
    <p class='ocr_par' dir='ltr' id='par_1_35' title="bbox 2156 914 3591 996">
     <span class='ocr_line' id='line_1_35' title="bbox 2156 914 3591 996; baseline -0.007 -21"><span class='ocrx_word' id='word_1_200' title='bbox 2156 926 2325 975; x_wconf 88' lang='grc' dir='ltr'>Τοῦτο</span> <span class='ocrx_word' id='word_1_201' title='bbox 2354 925 2484 996; x_wconf 88' lang='grc' dir='ltr'>γοῦν</span> <span class='ocrx_word' id='word_1_202' title='bbox 2520 918 2663 995; x_wconf 80' lang='grc' dir='ltr'>λέγει</span> <span class='ocrx_word' id='word_1_203' title='bbox 2694 922 2987 996; x_wconf 74' lang='grc' dir='ltr'>προφανῶς</span> <span class='ocrx_word' id='word_1_204' title='bbox 3015 916 3195 989; x_wconf 81' lang='grc' dir='ltr'>ὥσπερ</span> <span class='ocrx_word' id='word_1_205' title='bbox 3236 914 3591 986; x_wconf 76' lang='grc' dir='ltr'>ἀκκιζομὲνη,</span> 
     </span>
    </p>
   </div>
   <div class='ocr_carea' id='block_1_36' title="bbox 2150 1002 3484 1088">
    <p class='ocr_par' dir='ltr' id='par_1_36' title="bbox 2150 1002 3484 1088">
     <span class='ocr_line' id='line_1_36' title="bbox 2150 1002 3484 1088; baseline -0.006 -23"><span class='ocrx_word' id='word_1_206' title='bbox 2150 1012 2276 1068; x_wconf 89' lang='grc' dir='ltr'>Ὅτι</span> <span class='ocrx_word' id='word_1_207' title='bbox 2309 1010 2415 1064; x_wconf 77' lang='grc' dir='ltr'>Κᾶν</span> <span class='ocrx_word' id='word_1_208' title='bbox 2451 1008 2683 1088; x_wconf 81' lang='grc' dir='ltr'>φέρωσίν</span> <span class='ocrx_word' id='word_1_209' title='bbox 2715 1028 2857 1070; x_wconf 85' lang='grc' dir='ltr'>τινες</span> <span class='ocrx_word' id='word_1_210' title='bbox 2878 1012 3128 1082; x_wconf 81' lang='grc' dir='ltr'>γυναῖκες</span> <span class='ocrx_word' id='word_1_211' title='bbox 3162 1002 3307 1060; x_wconf 77' lang='grc' dir='ltr'>ἄλλα</span> <span class='ocrx_word' id='word_1_212' title='bbox 3342 1002 3484 1079; x_wconf 87' lang='grc' dir='ltr'>μύρα</span> 
     </span>
    </p>
   </div>
   <div class='ocr_carea' id='block_1_37' title="bbox 2154 1089 3461 1176">
    <p class='ocr_par' dir='ltr' id='par_1_37' title="bbox 2154 1089 3461 1176">
     <span class='ocr_line' id='line_1_37' title="bbox 2154 1089 3461 1176; baseline -0.008 -21"><span class='ocrx_word' id='word_1_213' title='bbox 2154 1100 2296 1176; x_wconf 88' lang='grc' dir='ltr'>Πρὸς</span> <span class='ocrx_word' id='word_1_214' title='bbox 2327 1098 2509 1173; x_wconf 82' lang='grc' dir='ltr'>ἔρωτα</span> <span class='ocrx_word' id='word_1_215' title='bbox 2530 1098 2857 1173; x_wconf 87' lang='grc' dir='ltr'>Θερμότερον</span> <span class='ocrx_word' id='word_1_216' title='bbox 2890 1089 3040 1150; x_wconf 71' lang='grc' dir='ltr'>ἔνδον</span> <span class='ocrx_word' id='word_1_217' title='bbox 3062 1099 3173 1149; x_wconf 85' lang='grc' dir='ltr'>τῶν</span> <span class='ocrx_word' id='word_1_218' title='bbox 3207 1091 3461 1166; x_wconf 79' lang='grc' dir='ltr'>ἱματίων,</span> 
     </span>
    </p>
   </div>
   <div class='ocr_carea' id='block_1_38' title="bbox 2152 1177 3572 1262">
    <p class='ocr_par' dir='ltr' id='par_1_38' title="bbox 2152 1177 3572 1262">
     <span class='ocr_line' id='line_1_38' title="bbox 2152 1177 3572 1262; baseline -0.009 -17"><span class='ocrx_word' id='word_1_219' title='bbox 2152 1183 2312 1245; x_wconf 82' lang='grc' dir='ltr'>Ἀλλ’</span> <span class='ocrx_word' id='word_1_220' title='bbox 2344 1184 2515 1262; x_wconf 78' lang='grc' dir='ltr'>ἔγωδε</span> <span class='ocrx_word' id='word_1_221' title='bbox 2554 1185 2897 1262; x_wconf 84' lang='grc' dir='ltr'>μυρίσματος</span> <span class='ocrx_word' id='word_1_222' title='bbox 2927 1183 3044 1238; x_wconf 81' lang='grc' dir='ltr'>ἀντὶ</span> <span class='ocrx_word' id='word_1_223' title='bbox 3085 1181 3284 1243; x_wconf 87' lang='grc' dir='ltr'>παντὸς</span> <span class='ocrx_word' id='word_1_224' title='bbox 3315 1177 3572 1248; x_wconf 82' lang='grc' dir='ltr'>εὐώδους,</span> 
     </span>
    </p>
   </div>
   <div class='ocr_carea' id='block_1_39' title="bbox 2157 1268 3617 1347">
    <p class='ocr_par' dir='ltr' id='par_1_39' title="bbox 2157 1268 3617 1347">
     <span class='ocr_line' id='line_1_39' title="bbox 2157 1268 3617 1347; baseline -0.008 -14"><span class='ocrx_word' id='word_1_225' title='bbox 2157 1279 2335 1334; x_wconf 80' lang='grc' dir='ltr'>Αὐτὸν</span> <span class='ocrx_word' id='word_1_226' title='bbox 2370 1276 2575 1332; x_wconf 85' lang='grc' dir='ltr'>ἐκεῖνον</span> <span class='ocrx_word' id='word_1_227' title='bbox 2605 1276 2879 1347; x_wconf 71' lang='grc' dir='ltr'>κτήσομαι</span> <span class='ocrx_word' id='word_1_228' title='bbox 2908 1274 2999 1328; x_wconf 88' lang='grc' dir='ltr'>τὸν</span> <span class='ocrx_word' id='word_1_229' title='bbox 3032 1268 3328 1326; x_wconf 84' lang='grc' dir='ltr'>κάλλιστον</span> <span class='ocrx_word' id='word_1_230' title='bbox 3361 1268 3617 1346; x_wconf 76' lang='grc' dir='ltr'>νυμφίον,</span> 
     </span>
    </p>
   </div>
   <div class='ocr_carea' id='block_1_40' title="bbox 2158 1357 3505 1442">
    <p class='ocr_par' dir='ltr' id='par_1_40' title="bbox 2158 1357 3505 1442">
     <span class='ocr_line' id='line_1_40' title="bbox 2158 1357 3505 1442; baseline -0.008 -20"><span class='ocrx_word' id='word_1_231' title='bbox 2158 1371 2360 1442; x_wconf 82' lang='grc' dir='ltr'>’Ώσπερ</span> <span class='ocrx_word' id='word_1_232' title='bbox 2386 1363 2699 1435; x_wconf 85' lang='grc' dir='ltr'>ἀπόδεσμόν</span> <span class='ocrx_word' id='word_1_233' title='bbox 2727 1384 2844 1419; x_wconf 89' lang='grc' dir='ltr'>τινα</span> <span class='ocrx_word' id='word_1_234' title='bbox 2879 1361 3063 1438; x_wconf 88' lang='grc' dir='ltr'>μύρων</span> <span class='ocrx_word' id='word_1_235' title='bbox 3099 1357 3505 1427; x_wconf 77' lang='grc' dir='ltr'>εὐωδεστάτων,</span> 
     </span>
    </p>
   </div>
   <div class='ocr_carea' id='block_1_41' title="bbox 2160 1447 3533 1531">
    <p class='ocr_par' dir='ltr' id='par_1_41' title="bbox 2160 1447 3533 1531">
     <span class='ocr_line' id='line_1_41' title="bbox 2160 1447 3533 1531; baseline -0.008 -20"><span class='ocrx_word' id='word_1_236' title='bbox 2160 1456 2357 1519; x_wconf 83' lang='grc' dir='ltr'>Καλῶς</span> <span class='ocrx_word' id='word_1_237' title='bbox 2384 1456 2780 1531; x_wconf 71' lang='grc' dir='ltr'>ἁπαιωρήσασα</span> <span class='ocrx_word' id='word_1_238' title='bbox 2809 1452 2931 1529; x_wconf 71' lang='grc' dir='ltr'>περὶ</span> <span class='ocrx_word' id='word_1_239' title='bbox 2962 1447 3053 1506; x_wconf 81' lang='grc' dir='ltr'>τὸν</span> <span class='ocrx_word' id='word_1_240' title='bbox 3084 1447 3371 1527; x_wconf 83' lang='grc' dir='ltr'>τράχηλόν</span> <span class='ocrx_word' id='word_1_241' title='bbox 3407 1468 3533 1521; x_wconf 90' lang='grc' dir='ltr'>μου,</span> 
     </span>
    </p>
   </div>
   <div class='ocr_carea' id='block_1_42' title="bbox 2162 1535 3601 1618">
    <p class='ocr_par' dir='ltr' id='par_1_42' title="bbox 2162 1535 3601 1618">
     <span class='ocr_line' id='line_1_42' title="bbox 2162 1535 3601 1618; baseline -0.006 -18"><span class='ocrx_word' id='word_1_242' title='bbox 2162 1545 2395 1605; x_wconf 79' lang='grc' dir='ltr'>Μᾶλλον</span> <span class='ocrx_word' id='word_1_243' title='bbox 2426 1543 2483 1600; x_wconf 72' lang='grc' dir='ltr'>δὲ</span> <span class='ocrx_word' id='word_1_244' title='bbox 2520 1548 2680 1599; x_wconf 83' lang='grc' dir='ltr'>τοῦτο</span> <span class='ocrx_word' id='word_1_245' title='bbox 2710 1546 2960 1618; x_wconf 81' lang='grc' dir='ltr'>καθαρῶς</span> <span class='ocrx_word' id='word_1_246' title='bbox 2992 1539 3287 1595; x_wconf 73' lang='grc' dir='ltr'>αἰνίσσεται</span> <span class='ocrx_word' id='word_1_247' title='bbox 3316 1541 3396 1608; x_wconf 79' lang='grc' dir='ltr'>τῷ</span> <span class='ocrx_word' id='word_1_248' title='bbox 3428 1535 3601 1611; x_wconf 85' lang='grc' dir='ltr'>λόγῳ,</span> 
     </span>
    </p>
   </div>
   <div class='ocr_carea' id='block_1_43' title="bbox 2168 1625 3625 1707">
    <p class='ocr_par' dir='ltr' id='par_1_43' title="bbox 2168 1625 3625 1707">
     <span class='ocr_line' id='line_1_43' title="bbox 2168 1625 3625 1707; baseline -0.007 -18"><span class='ocrx_word' id='word_1_249' title='bbox 2168 1638 2287 1689; x_wconf 90' lang='grc' dir='ltr'>Ὃτι</span> <span class='ocrx_word' id='word_1_250' title='bbox 2320 1633 2430 1691; x_wconf 80' lang='grc' dir='ltr'>Κᾶν</span> <span class='ocrx_word' id='word_1_251' title='bbox 2458 1630 2628 1690; x_wconf 76' lang='grc' dir='ltr'>ἄλλαι</span> <span class='ocrx_word' id='word_1_252' title='bbox 2650 1636 2758 1687; x_wconf 88' lang='grc' dir='ltr'>τῶν</span> <span class='ocrx_word' id='word_1_253' title='bbox 2790 1634 2984 1707; x_wconf 77' lang='grc' dir='ltr'>ψυχῶν</span> <span class='ocrx_word' id='word_1_254' title='bbox 3014 1633 3094 1702; x_wconf 81' lang='grc' dir='ltr'>τῷ</span> <span class='ocrx_word' id='word_1_255' title='bbox 3128 1627 3234 1704; x_wconf 87' lang='grc' dir='ltr'>βίῳ</span> <span class='ocrx_word' id='word_1_256' title='bbox 3264 1625 3625 1705; x_wconf 66' lang='grc' dir='ltr'>πεφυρμέναι,</span> 
     </span>
    </p>
   </div>
   <div class='ocr_carea' id='block_1_44' title="bbox 2173 1715 3818 1802">
    <p class='ocr_par' dir='ltr' id='par_1_44' title="bbox 2173 1715 3818 1802">
     <span class='ocr_line' id='line_1_44' title="bbox 2173 1715 3818 1802; baseline -0.008 -22"><span class='ocrx_word' id='word_1_257' title='bbox 2173 1720 2385 1787; x_wconf 80' lang='grc' dir='ltr'>Ἀλλας</span> <span class='ocrx_word' id='word_1_258' title='bbox 2458 1718 2749 1802; x_wconf 74' lang='grc' dir='ltr'>φροντίδας</span> <span class='ocrx_word' id='word_1_259' title='bbox 2832 1715 3035 1796; x_wconf 78' lang='grc' dir='ltr'>ἔχωσιν</span> <span class='ocrx_word' id='word_1_260' title='bbox 3118 1721 3225 1772; x_wconf 91' lang='grc' dir='ltr'>τῶν</span> <span class='ocrx_word' id='word_1_261' title='bbox 3293 1718 3573 1791; x_wconf 83' lang='grc' dir='ltr'>κοσμικῶν</span> <span class='ocrx_word' id='word_1_262' title='bbox 3614 1732 3818 1802; x_wconf 14' lang='grc' dir='ltr'>,πραγ-</span> 
     </span>
    </p>
   </div>
   <div class='ocr_carea' id='block_1_45' title="bbox 3526 1801 3757 1879">
    <p class='ocr_par' dir='ltr' id='par_1_45' title="bbox 3526 1801 3757 1879">
     <span class='ocr_line' id='line_1_45' title="bbox 3526 1801 3757 1879; baseline -0.009 -20"><span class='ocrx_word' id='word_1_263' title='bbox 3526 1806 3546 1878; x_wconf 94' lang='grc'>[</span> <span class='ocrx_word' id='word_1_264' title='bbox 3553 1801 3757 1879; x_wconf 80' lang='grc' dir='ltr'>μάτων,</span> 
     </span>
    </p>
   </div>
   <div class='ocr_carea' id='block_1_46' title="bbox 2182 1893 3757 1980">
    <p class='ocr_par' dir='ltr' id='par_1_46' title="bbox 2182 1893 3757 1980">
     <span class='ocr_line' id='line_1_46' title="bbox 2182 1893 3757 1980; baseline -0.009 -19"><span class='ocrx_word' id='word_1_265' title='bbox 2182 1904 2312 1980; x_wconf 84' lang='grc' dir='ltr'>Εγὼ</span> <span class='ocrx_word' id='word_1_266' title='bbox 2343 1901 2389 1958; x_wconf 83' lang='grc' dir='ltr'>δ’</span> <span class='ocrx_word' id='word_1_267' title='bbox 2416 1899 2592 1972; x_wconf 80' lang='grc' dir='ltr'>ἄλλην</span> <span class='ocrx_word' id='word_1_268' title='bbox 2625 1902 2725 1970; x_wconf 76' lang='grc' dir='ltr'>τὴν</span> <span class='ocrx_word' id='word_1_269' title='bbox 2751 1896 2956 1969; x_wconf 76' lang='grc' dir='ltr'>ἡδονὴν</span> <span class='ocrx_word' id='word_1_270' title='bbox 2985 1897 3186 1973; x_wconf 80' lang='grc' dir='ltr'>γνοῦσά</span> <span class='ocrx_word' id='word_1_271' title='bbox 3218 1917 3323 1969; x_wconf 91' lang='grc' dir='ltr'>μου</span> <span class='ocrx_word' id='word_1_272' title='bbox 3361 1898 3459 1950; x_wconf 91' lang='grc' dir='ltr'>τοῦ</span> <span class='ocrx_word' id='word_1_273' title='bbox 3499 1893 3757 1972; x_wconf 88' lang='grc' dir='ltr'>νυμφίου,</span> 
     </span>
    </p>
   </div>
   <div class='ocr_carea' id='block_1_47' title="bbox 2171 1980 3531 2068">
    <p class='ocr_par' dir='ltr' id='par_1_47' title="bbox 2171 1980 3531 2068">
     <span class='ocr_line' id='line_1_47' title="bbox 2171 1980 3531 2068; baseline -0.008 -20"><span class='ocrx_word' id='word_1_274' title='bbox 2171 1992 2343 2049; x_wconf 78' lang='grc' dir='ltr'>Αὐτὸν</span> <span class='ocrx_word' id='word_1_275' title='bbox 2377 1990 2599 2068; x_wconf 83' lang='grc' dir='ltr'>χαράξω</span> <span class='ocrx_word' id='word_1_276' title='bbox 2627 1995 2748 2051; x_wconf 82' lang='grc' dir='ltr'>ταῖς</span> <span class='ocrx_word' id='word_1_277' title='bbox 2779 1986 2943 2061; x_wconf 75' lang='grc' dir='ltr'>πλαξὶ</span> <span class='ocrx_word' id='word_1_278' title='bbox 2972 1993 3074 2056; x_wconf 81' lang='grc' dir='ltr'>τῆς</span> <span class='ocrx_word' id='word_1_279' title='bbox 3102 1984 3240 2059; x_wconf 69' lang='grc' dir='ltr'>ἐμῆς</span> <span class='ocrx_word' id='word_1_280' title='bbox 3270 1980 3495 2059; x_wconf 81' lang='grc' dir='ltr'>καρδίας</span> <span class='ocrx_word' id='word_1_281' title='bbox 3518 2000 3531 2012; x_wconf 79' lang='grc'><strong><em>⁸</em></strong></span> 
     </span>
    </p>
   </div>
   <div class='ocr_carea' id='block_1_48' title="bbox 2171 2070 3651 2156">
    <p class='ocr_par' dir='ltr' id='par_1_48' title="bbox 2171 2070 3651 2156">
     <span class='ocr_line' id='line_1_48' title="bbox 2171 2070 3651 2156; baseline -0.009 -17"><span class='ocrx_word' id='word_1_282' title='bbox 2171 2086 2406 2141; x_wconf 90' lang='grc' dir='ltr'>Μαστῶν</span> <span class='ocrx_word' id='word_1_283' title='bbox 2440 2080 2541 2156; x_wconf 78' lang='grc' dir='ltr'>γὰρ</span> <span class='ocrx_word' id='word_1_284' title='bbox 2579 2080 2741 2154; x_wconf 72' lang='grc' dir='ltr'>μέσον</span> <span class='ocrx_word' id='word_1_285' title='bbox 2774 2078 3004 2155; x_wconf 71' lang='grc' dir='ltr'>πέφυκεν</span> <span class='ocrx_word' id='word_1_286' title='bbox 3030 2077 3058 2130; x_wconf 88' lang='grc' dir='ltr'>ὁ</span> <span class='ocrx_word' id='word_1_287' title='bbox 3081 2074 3250 2137; x_wconf 84' lang='grc' dir='ltr'>τόπος</span> <span class='ocrx_word' id='word_1_288' title='bbox 3279 2080 3380 2144; x_wconf 80' lang='grc' dir='ltr'>τῆς</span> <span class='ocrx_word' id='word_1_289' title='bbox 3406 2070 3651 2149; x_wconf 80' lang='grc' dir='ltr'>καρδίας.</span> 
     </span>
    </p>
   </div>
   <div class='ocr_carea' id='block_1_49' title="bbox 2738 2165 3236 2240">
    <p class='ocr_par' dir='ltr' id='par_1_49' title="bbox 2738 2165 3236 2240">
     <span class='ocr_line' id='line_1_49' title="bbox 2738 2165 3236 2240; baseline -0.004 -17"><span class='ocrx_word' id='word_1_290' title='bbox 2738 2171 2856 2223; x_wconf 88' lang='grc' dir='ltr'>Τῶν</span> <span class='ocrx_word' id='word_1_291' title='bbox 2886 2173 2930 2240; x_wconf 89' lang='grc' dir='ltr'>γ’</span> <span class='ocrx_word' id='word_1_292' title='bbox 2959 2165 3236 2240; x_wconf 79' lang='grc' dir='ltr'>Πατὲρων.</span> 
     </span>
    </p>
   </div>
   <div class='ocr_carea' id='block_1_50' title="bbox 2246 2246 3822 2335">
    <p class='ocr_par' dir='ltr' id='par_1_50' title="bbox 2246 2246 3822 2335">
     <span class='ocr_line' id='line_1_50' title="bbox 2246 2246 3822 2335; baseline -0.009 -19"><span class='ocrx_word' id='word_1_293' title='bbox 2246 2262 2451 2335; x_wconf 88' lang='grc' dir='ltr'>Βότρυς</span> <span class='ocrx_word' id='word_1_294' title='bbox 2482 2260 2581 2326; x_wconf 73' lang='grc' dir='ltr'>τῆς</span> <span class='ocrx_word' id='word_1_295' title='bbox 2638 2257 2856 2331; x_wconf 80' lang='grc' dir='ltr'>Κύπρου</span> <span class='ocrx_word' id='word_1_296' title='bbox 2904 2251 3195 2329; x_wconf 85' lang='grc' dir='ltr'>ἆδελφιδός</span> <span class='ocrx_word' id='word_1_297' title='bbox 3255 2272 3359 2325; x_wconf 91' lang='grc' dir='ltr'>μου</span> <span class='ocrx_word' id='word_1_298' title='bbox 3417 2250 3542 2324; x_wconf 63' lang='grc' dir='ltr'>ἐμοὶ</span> <span class='ocrx_word' id='word_1_299' title='bbox 3602 2247 3655 2304; x_wconf 67' lang='grc' dir='ltr'>ἐν</span> <span class='ocrx_word' id='word_1_300' title='bbox 3716 2246 3822 2322; x_wconf 81' lang='grc' dir='ltr'>ἀμ-</span> 
     </span>
    </p>
   </div>
   <div class='ocr_carea' id='block_1_51' title="bbox 2173 2343 2721 2422">
    <p class='ocr_par' dir='ltr' id='par_1_51' title="bbox 2173 2343 2721 2422">
     <span class='ocr_line' id='line_1_51' title="bbox 2173 2343 2721 2422; baseline -0.009 -18"><span class='ocrx_word' id='word_1_301' title='bbox 2173 2348 2414 2404; x_wconf 82' lang='grc' dir='ltr'>πελῶσιν</span> <span class='ocrx_word' id='word_1_302' title='bbox 2442 2343 2721 2422; x_wconf 82' lang='grc' dir='ltr'>Ἐγγαδδί,</span> 
     </span>
    </p>
   </div>
   <div class='ocr_carea' id='block_1_52' title="bbox 2245 2422 3827 2506">
    <p class='ocr_par' dir='ltr' id='par_1_52' title="bbox 2245 2422 3827 2506">
     <span class='ocr_line' id='line_1_52' title="bbox 2245 2422 3827 2506; baseline -0.009 -14"><span class='ocrx_word' id='word_1_303' title='bbox 2245 2440 2425 2506; x_wconf 86' lang='grc' dir='ltr'>Ἤτοι,</span> <span class='ocrx_word' id='word_1_304' title='bbox 2460 2434 2616 2506; x_wconf 72' lang='grc' dir='ltr'>δίκην</span> <span class='ocrx_word' id='word_1_305' title='bbox 2660 2430 2940 2505; x_wconf 78' lang='grc' dir='ltr'>σταφυλῆς</span> <span class='ocrx_word' id='word_1_306' title='bbox 3001 2428 3078 2486; x_wconf 82' lang='grc' dir='ltr'>ἔτι</span> <span class='ocrx_word' id='word_1_307' title='bbox 3129 2428 3414 2500; x_wconf 80' lang='grc' dir='ltr'>ἀνθούσης,</span> <span class='ocrx_word' id='word_1_308' title='bbox 3461 2424 3553 2481; x_wconf 86' lang='grc' dir='ltr'>καί</span> <span class='ocrx_word' id='word_1_309' title='bbox 3599 2426 3694 2480; x_wconf 75' lang='grc' dir='ltr'>τὸν</span> <span class='ocrx_word' id='word_1_310' title='bbox 3741 2422 3827 2479; x_wconf 77' lang='grc' dir='ltr'>εὖ·</span> 
     </span>
    </p>
   </div>
   <div class='ocr_carea' id='block_1_53' title="bbox 2176 2513 3825 2604">
    <p class='ocr_par' dir='ltr' id='par_1_53' title="bbox 2176 2513 3825 2604">
     <span class='ocr_line' id='line_1_53' title="bbox 2176 2513 3825 2604; baseline -0.009 -22"><span class='ocrx_word' id='word_1_311' title='bbox 2176 2526 2464 2604; x_wconf 88' lang='grc' dir='ltr'>φραντικὸν</span> <span class='ocrx_word' id='word_1_312' title='bbox 2498 2531 2596 2594; x_wconf 80' lang='grc' dir='ltr'>τῆς</span> <span class='ocrx_word' id='word_1_313' title='bbox 2624 2520 2847 2599; x_wconf 76' lang='grc' dir='ltr'>καρδίας</span> <span class='ocrx_word' id='word_1_314' title='bbox 2880 2522 3023 2576; x_wconf 70' lang='grc' dir='ltr'>οἶνον</span> <span class='ocrx_word' id='word_1_315' title='bbox 3073 2514 3583 2604; x_wconf 59' lang='grc' dir='ltr'>ἐπαγγελλομέντις,</span> <span class='ocrx_word' id='word_1_316' title='bbox 3633 2514 3664 2569; x_wconf 81' lang='grc' dir='ltr'><strong>ὁ</strong></span> <span class='ocrx_word' id='word_1_317' title='bbox 3695 2513 3825 2604; x_wconf 63' lang='grc' dir='ltr'>ἀγαο</span> 
     </span>
    </p>
   </div>
   <div class='ocr_carea' id='block_1_54' title="bbox 2175 2602 3825 2687">
    <p class='ocr_par' dir='ltr' id='par_1_54' title="bbox 2175 2602 3825 2687">
     <span class='ocr_line' id='line_1_54' title="bbox 2175 2602 3825 2687; baseline -0.009 -17"><span class='ocrx_word' id='word_1_318' title='bbox 2175 2602 2346 2686; x_wconf 67' lang='grc' dir='ltr'>πῂτός</span> <span class='ocrx_word' id='word_1_319' title='bbox 2411 2635 2515 2687; x_wconf 87' lang='grc' dir='ltr'>μου</span> <span class='ocrx_word' id='word_1_320' title='bbox 2568 2608 2993 2685; x_wconf 87' lang='grc' dir='ltr'>καρποφορεῖταί</span> <span class='ocrx_word' id='word_1_321' title='bbox 3055 2628 3147 2680; x_wconf 90' lang='grc' dir='ltr'>μοι</span> <span class='ocrx_word' id='word_1_322' title='bbox 3208 2604 3295 2661; x_wconf 79' lang='grc' dir='ltr'>διὰ</span> <span class='ocrx_word' id='word_1_323' title='bbox 3348 2606 3448 2675; x_wconf 82' lang='grc' dir='ltr'>τήν</span> <span class='ocrx_word' id='word_1_324' title='bbox 3506 2603 3649 2675; x_wconf 72' lang='grc' dir='ltr'>ἐμὴν</span> <span class='ocrx_word' id='word_1_325' title='bbox 3708 2602 3825 2656; x_wconf 74' lang='grc' dir='ltr'>ἀτέ-</span> 
     </span>
    </p>
   </div>
   <div class='ocr_carea' id='block_1_55' title="bbox 2178 2687 3825 2773">
    <p class='ocr_par' dir='ltr' id='par_1_55' title="bbox 2178 2687 3825 2773">
     <span class='ocr_line' id='line_1_55' title="bbox 2178 2687 3825 2773; baseline -0.011 -12"><span class='ocrx_word' id='word_1_326' title='bbox 2178 2704 2349 2773; x_wconf 91' lang='grc' dir='ltr'>λειαν,</span> <span class='ocrx_word' id='word_1_327' title='bbox 2392 2705 2467 2764; x_wconf 87' lang='grc' dir='ltr'>ὡς</span> <span class='ocrx_word' id='word_1_328' title='bbox 2520 2701 2570 2756; x_wconf 80' lang='grc' dir='ltr'>ἐν</span> <span class='ocrx_word' id='word_1_329' title='bbox 2630 2698 2917 2773; x_wconf 84' lang='grc' dir='ltr'>ἀμπελῶσι</span> <span class='ocrx_word' id='word_1_330' title='bbox 2971 2702 3090 2759; x_wconf 85' lang='grc' dir='ltr'>ταῖς</span> <span class='ocrx_word' id='word_1_331' title='bbox 3149 2693 3433 2773; x_wconf 72' lang='grc' dir='ltr'>διαφόροις</span> <span class='ocrx_word' id='word_1_332' title='bbox 3488 2697 3596 2746; x_wconf 89' lang='grc' dir='ltr'>τῶν</span> <span class='ocrx_word' id='word_1_333' title='bbox 3658 2687 3825 2745; x_wconf 76' lang='grc' dir='ltr'>ὄντων</span> 
     </span>
    </p>
   </div>
   <div class='ocr_carea' id='block_1_56' title="bbox 2177 2782 3825 2872">
    <p class='ocr_par' dir='ltr' id='par_1_56' title="bbox 2177 2782 3825 2872">
     <span class='ocr_line' id='line_1_56' title="bbox 2177 2782 3825 2872; baseline -0.009 -25"><span class='ocrx_word' id='word_1_334' title='bbox 2177 2792 2416 2872; x_wconf 77' lang='grc' dir='ltr'>φύσεσιν,</span> <span class='ocrx_word' id='word_1_335' title='bbox 2449 2789 2666 2845; x_wconf 68' lang='grc' dir='ltr'>α’ίεῖσιν</span> <span class='ocrx_word' id='word_1_336' title='bbox 2718 2786 2965 2863; x_wconf 81' lang='grc' dir='ltr'>διοραταὶ</span> <span class='ocrx_word' id='word_1_337' title='bbox 3022 2790 3101 2859; x_wconf 77' lang='grc' dir='ltr'>τῷ</span> <span class='ocrx_word' id='word_1_338' title='bbox 3162 2782 3582 2872; x_wconf 43' lang='grc' dir='ltr'>ὀφθαλμῷ-τοῦ</span> <span class='ocrx_word' id='word_1_339' title='bbox 3638 2799 3825 2872; x_wconf 66' lang='grc' dir='ltr'>πειραέ</span> 
     </span>
    </p>
   </div>
   <div class='ocr_carea' id='block_1_57' title="bbox 2175 2867 3830 2958">
    <p class='ocr_par' dir='ltr' id='par_1_57' title="bbox 2175 2867 3830 2958">
     <span class='ocr_line' id='line_1_57' title="bbox 2175 2867 3830 2958; baseline -0.009 -22"><span class='ocrx_word' id='word_1_340' title='bbox 2175 2867 2388 2958; x_wconf 79' lang='grc' dir='ltr'>τηρίου.</span> <span class='ocrx_word' id='word_1_341' title='bbox 2442 2883 2609 2955; x_wconf 84' lang='grc' dir='ltr'>Ὅπερ</span> <span class='ocrx_word' id='word_1_342' title='bbox 2668 2876 3023 2953; x_wconf 72' lang='grc' dir='ltr'>ἑρμηνεύεται</span> <span class='ocrx_word' id='word_1_343' title='bbox 3077 2875 3139 2929; x_wconf 78' lang='grc' dir='ltr'>τὸ</span> <span class='ocrx_word' id='word_1_344' title='bbox 3188 2870 3386 2929; x_wconf 81' lang='grc' dir='ltr'>Γαδδί’</span> <span class='ocrx_word' id='word_1_345' title='bbox 3448 2867 3726 2958; x_wconf 25' lang='grc' dir='ltr'>δηλονότι,</span> 
     </span>
    </p>
   </div>
   <div class='ocr_carea' id='block_1_58' title="bbox 2179 2956 3828 3045">
    <p class='ocr_par' dir='ltr' id='par_1_58' title="bbox 2179 2956 3828 3045">
     <span class='ocr_line' id='line_1_58' title="bbox 2179 2956 3828 3045; baseline -0.01 -19"><span class='ocrx_word' id='word_1_346' title='bbox 2179 2956 2297 3045; x_wconf 71' lang='grc' dir='ltr'>ὄψει</span> <span class='ocrx_word' id='word_1_347' title='bbox 2354 2974 2452 3025; x_wconf 89' lang='grc' dir='ltr'>τοῦ</span> <span class='ocrx_word' id='word_1_348' title='bbox 2488 2968 2861 3045; x_wconf 80' lang='grc' dir='ltr'>βασανίζοντος</span> <span class='ocrx_word' id='word_1_349' title='bbox 2892 2966 2987 3027; x_wconf 82' lang='grc' dir='ltr'>τὰς</span> <span class='ocrx_word' id='word_1_350' title='bbox 3034 2964 3238 3041; x_wconf 88' lang='grc' dir='ltr'>φύσεις,</span> <span class='ocrx_word' id='word_1_351' title='bbox 3268 2961 3356 3017; x_wconf 84' lang='grc' dir='ltr'>καὶ</span> <span class='ocrx_word' id='word_1_352' title='bbox 3404 2961 3502 3028; x_wconf 66' lang='grc' dir='ltr'>τὴν</span> <span class='ocrx_word' id='word_1_353' title='bbox 3564 2957 3619 3013; x_wconf 80' lang='grc' dir='ltr'>ἐν</span> <span class='ocrx_word' id='word_1_354' title='bbox 3679 2956 3828 3045; x_wconf 75' lang='grc' dir='ltr'>ὅλοις</span> 
     </span>
    </p>
   </div>
   <div class='ocr_carea' id='block_1_59' title="bbox 2177 3042 3831 3133">
    <p class='ocr_par' dir='ltr' id='par_1_59' title="bbox 2177 3042 3831 3133">
     <span class='ocr_line' id='line_1_59' title="bbox 2177 3042 3831 3133; baseline -0.01 -18"><span class='ocrx_word' id='word_1_355' title='bbox 2177 3042 2438 3130; x_wconf 75' lang='grc' dir='ltr'>ἀλήθειαν</span> <span class='ocrx_word' id='word_1_356' title='bbox 2489 3042 2815 3133; x_wconf 58' lang='grc' dir='ltr'>ἓρευνῶντος</span> <span class='ocrx_word' id='word_1_357' title='bbox 2866 3053 3060 3129; x_wconf 88' lang='grc' dir='ltr'>λόγου.</span> <span class='ocrx_word' id='word_1_358' title='bbox 3094 3051 3283 3114; x_wconf 75' lang='grc' dir='ltr'>Οὕτως</span> <span class='ocrx_word' id='word_1_359' title='bbox 3330 3050 3433 3125; x_wconf 81' lang='grc' dir='ltr'>γὰρ</span> <span class='ocrx_word' id='word_1_360' title='bbox 3491 3046 3694 3108; x_wconf 86' lang='grc' dir='ltr'>ταύτας</span> <span class='ocrx_word' id='word_1_361' title='bbox 3746 3042 3831 3100; x_wconf 86' lang='grc' dir='ltr'>δι-</span> 
     </span>
    </p>
   </div>
   <div class='ocr_carea' id='block_1_60' title="bbox 2180 3133 3828 3225">
    <p class='ocr_par' dir='ltr' id='par_1_60' title="bbox 2180 3133 3828 3225">
     <span class='ocr_line' id='line_1_60' title="bbox 2180 3133 3828 3225; baseline -0.01 -21"><span class='ocrx_word' id='word_1_362' title='bbox 2180 3150 2542 3225; x_wconf 87' lang='grc' dir='ltr'>ερευνὼμενος</span> <span class='ocrx_word' id='word_1_363' title='bbox 2573 3147 2645 3209; x_wconf 85' lang='grc' dir='ltr'>ὡς</span> <span class='ocrx_word' id='word_1_364' title='bbox 2673 3146 2932 3199; x_wconf 76' lang='grc' dir='ltr'>ἀνθοῦντα</span> <span class='ocrx_word' id='word_1_365' title='bbox 2966 3141 3159 3219; x_wconf 87' lang='grc' dir='ltr'>βότρυν</span> <span class='ocrx_word' id='word_1_366' title='bbox 3217 3144 3333 3201; x_wconf 84' lang='grc' dir='ltr'>τοῖς</span> <span class='ocrx_word' id='word_1_367' title='bbox 3376 3137 3584 3193; x_wconf 84' lang='grc' dir='ltr'>τούτων</span> <span class='ocrx_word' id='word_1_368' title='bbox 3640 3133 3828 3225; x_wconf 77' lang='grc' dir='ltr'>λόγοις</span> 
     </span>
    </p>
   </div>
   <div class='ocr_carea' id='block_1_61' title="bbox 426 3222 2062 3315">
    <p class='ocr_par' dir='ltr' id='par_1_61' title="bbox 426 3233 2062 3309">
     <span class='ocr_line' id='line_1_61' title="bbox 426 3233 2062 3309; baseline 0.004 -22"><span class='ocrx_word' id='word_1_369' title='bbox 426 3234 702 3299; x_wconf 88' lang='lat' dir='ltr'>movebit,</span> <span class='ocrx_word' id='word_1_370' title='bbox 734 3249 868 3288; x_wconf 92' lang='lat' dir='ltr'>cum</span> <span class='ocrx_word' id='word_1_371' title='bbox 916 3233 1197 3304; x_wconf 86' lang='lat' dir='ltr'>diversas,</span> <span class='ocrx_word' id='word_1_372' title='bbox 1232 3253 1358 3307; x_wconf 69' lang='lat' dir='ltr'>quae</span> <span class='ocrx_word' id='word_1_373' title='bbox 1408 3238 1466 3291; x_wconf 91' lang='lat' dir='ltr'>in</span> <span class='ocrx_word' id='word_1_374' title='bbox 1519 3239 1738 3294; x_wconf 92' lang='lat' dir='ltr'>mundo</span> <span class='ocrx_word' id='word_1_375' title='bbox 1786 3243 1946 3309; x_wconf 90' lang='lat' dir='ltr'>sunt,</span> <span class='ocrx_word' id='word_1_376' title='bbox 1978 3256 2062 3294; x_wconf 86' lang='lat' dir='ltr'>ra-</span> 
     </span>
    </p>
   </div>
   <div class='ocr_carea' id='block_1_62' title="bbox 2192 3222 3832 3315">
    <p class='ocr_par' dir='ltr' id='par_1_62' title="bbox 2192 3222 3832 3315">
     <span class='ocr_line' id='line_1_62' title="bbox 2192 3222 3832 3315; baseline -0.01 -22"><span class='ocrx_word' id='word_1_377' title='bbox 2192 3222 2518 3315; x_wconf 68' lang='grc' dir='ltr'>ιαρποφορεῖ</span> <span class='ocrx_word' id='word_1_378' title='bbox 2560 3235 2662 3303; x_wconf 76' lang='grc' dir='ltr'>τὴν</span> <span class='ocrx_word' id='word_1_379' title='bbox 2716 3231 3001 3304; x_wconf 73' lang='grc' dir='ltr'>ἀλήθειαν,</span> <span class='ocrx_word' id='word_1_380' title='bbox 3031 3231 3153 3301; x_wconf 78' lang='grc' dir='ltr'>ἥτις</span> <span class='ocrx_word' id='word_1_381' title='bbox 3184 3230 3361 3302; x_wconf 83' lang='grc' dir='ltr'>ὥσπερ</span> <span class='ocrx_word' id='word_1_382' title='bbox 3409 3247 3492 3289; x_wconf 86' lang='grc' dir='ltr'>τις</span> <span class='ocrx_word' id='word_1_383' title='bbox 3536 3228 3689 3287; x_wconf 80' lang='grc' dir='ltr'>οἶνος</span> <span class='ocrx_word' id='word_1_384' title='bbox 3744 3222 3832 3315; x_wconf 75' lang='grc' dir='ltr'>τὸν</span> 
     </span>
    </p>
   </div>
   <div class='ocr_carea' id='block_1_63' title="bbox 423 3321 1643 3398">
    <p class='ocr_par' dir='ltr' id='par_1_63' title="bbox 423 3321 1643 3398">
     <span class='ocr_line' id='line_1_63' title="bbox 423 3321 1643 3398; baseline 0.002 -20"><span class='ocrx_word' id='word_1_385' title='bbox 423 3322 611 3378; x_wconf 85' lang='lat' dir='ltr'>tiones</span> <span class='ocrx_word' id='word_1_386' title='bbox 640 3321 701 3377; x_wconf 88' lang='lat' dir='ltr'>in</span> <span class='ocrx_word' id='word_1_387' title='bbox 734 3339 796 3378; x_wconf 91' lang='lat' dir='ltr'>se</span> <span class='ocrx_word' id='word_1_388' title='bbox 824 3322 953 3395; x_wconf 90' lang='lat' dir='ltr'>ipsa</span> <span class='ocrx_word' id='word_1_389' title='bbox 983 3330 1213 3380; x_wconf 87' lang='lat' dir='ltr'>coactas</span> <span class='ocrx_word' id='word_1_390' title='bbox 1244 3324 1643 3398; x_wconf 85' lang='lat' dir='ltr'>amplectetur.</span> 
     </span>
    </p>
   </div>
   <div class='ocr_carea' id='block_1_64' title="bbox 1159 3502 1348 3558">
    <p class='ocr_par' dir='ltr' id='par_1_64' title="bbox 1159 3502 1348 3558">
     <span class='ocr_line' id='line_1_64' title="bbox 1159 3502 1348 3558; baseline 0.005 -1"><span class='ocrx_word' id='word_1_391' title='bbox 1159 3502 1348 3558; x_wconf 78' lang='lat' dir='ltr'>Pselli.</span> 
     </span>
    </p>
   </div>
   <div class='ocr_carea' id='block_1_65' title="bbox 494 3591 2069 3666">
    <p class='ocr_par' dir='ltr' id='par_1_65' title="bbox 494 3591 2069 3666">
     <span class='ocr_line' id='line_1_65' title="bbox 494 3591 2069 3666; baseline 0.004 -24"><span class='ocrx_word' id='word_1_392' title='bbox 494 3592 573 3643; x_wconf 85' lang='lat' dir='ltr'>Ex</span> <span class='ocrx_word' id='word_1_393' title='bbox 604 3605 832 3660; x_wconf 68' lang='lat' dir='ltr'>sponsas</span> <span class='ocrx_word' id='word_1_394' title='bbox 861 3591 1053 3646; x_wconf 90' lang='lat' dir='ltr'>verbis</span> <span class='ocrx_word' id='word_1_395' title='bbox 1101 3593 1367 3664; x_wconf 57' lang='lat' dir='ltr'>quadam</span> <span class='ocrx_word' id='word_1_396' title='bbox 1419 3598 1755 3664; x_wconf 85' lang='lat' dir='ltr'>supersunt,</span> <span class='ocrx_word' id='word_1_397' title='bbox 1779 3611 1907 3665; x_wconf 68' lang='lat' dir='ltr'>quae</span> <span class='ocrx_word' id='word_1_398' title='bbox 1939 3594 2069 3666; x_wconf 90' lang='lat' dir='ltr'>qui-</span> 
     </span>
    </p>
   </div>
   <div class='ocr_carea' id='block_1_66' title="bbox 416 3678 2067 3753">
    <p class='ocr_par' dir='ltr' id='par_1_66' title="bbox 416 3678 2067 3753">
     <span class='ocr_line' id='line_1_66' title="bbox 416 3678 2067 3753; baseline 0.005 -23"><span class='ocrx_word' id='word_1_399' title='bbox 416 3678 547 3731; x_wconf 86' lang='lat' dir='ltr'>dem</span> <span class='ocrx_word' id='word_1_400' title='bbox 579 3695 735 3732; x_wconf 91' lang='lat' dir='ltr'>nune</span> <span class='ocrx_word' id='word_1_401' title='bbox 766 3695 870 3748; x_wconf 90' lang='lat' dir='ltr'>pro</span> <span class='ocrx_word' id='word_1_402' title='bbox 902 3679 1125 3734; x_wconf 90' lang='lat' dir='ltr'>viribus</span> <span class='ocrx_word' id='word_1_403' title='bbox 1168 3686 1309 3734; x_wconf 89' lang='lat' dir='ltr'>sunt</span> <span class='ocrx_word' id='word_1_404' title='bbox 1355 3681 1699 3753; x_wconf 86' lang='lat' dir='ltr'>explicanda</span> <span class='ocrx_word' id='word_1_405' title='bbox 1732 3700 1744 3738; x_wconf 95' lang='lat'><strong>:</strong></span> <span class='ocrx_word' id='word_1_406' title='bbox 1780 3684 1864 3739; x_wconf 90' lang='lat' dir='ltr'>sic</span> <span class='ocrx_word' id='word_1_407' title='bbox 1911 3684 2067 3739; x_wconf 88' lang='lat' dir='ltr'>enim</span> 
     </span>
    </p>
   </div>
   <div class='ocr_carea' id='block_1_67' title="bbox 419 3765 1245 3839">
    <p class='ocr_par' dir='ltr' id='par_1_67' title="bbox 419 3765 1245 3839">
     <span class='ocr_line' id='line_1_67' title="bbox 419 3765 1245 3839; baseline 0.006 -21"><span class='ocrx_word' id='word_1_408' title='bbox 419 3765 581 3836; x_wconf 91' lang='lat' dir='ltr'>ipsos</span> <span class='ocrx_word' id='word_1_409' title='bbox 613 3765 852 3838; x_wconf 87' lang='lat' dir='ltr'>angelos</span> <span class='ocrx_word' id='word_1_410' title='bbox 885 3767 1204 3839; x_wconf 87' lang='lat' dir='ltr'>alloquitur</span> <span class='ocrx_word' id='word_1_411' title='bbox 1234 3786 1245 3823; x_wconf 93' lang='lat'><strong>:</strong></span> 
     </span>
    </p>
   </div>
   <div class='ocr_carea' id='block_1_68' title="bbox 495 3889 2073 3965">
    <p class='ocr_par' dir='ltr' id='par_1_68' title="bbox 495 3889 2073 3965">
     <span class='ocr_line' id='line_1_68' title="bbox 495 3889 2073 3965; baseline 0.006 -23"><span class='ocrx_word' id='word_1_412' title='bbox 495 3889 691 3944; x_wconf 77' lang='lat' dir='ltr'>Botru:</span> <span class='ocrx_word' id='word_1_413' title='bbox 740 3889 908 3961; x_wconf 87' lang='lat' dir='ltr'>Cypri</span> <span class='ocrx_word' id='word_1_414' title='bbox 960 3893 1163 3946; x_wconf 83' lang='lat' dir='ltr'>sororis</span> <span class='ocrx_word' id='word_1_415' title='bbox 1209 3908 1350 3950; x_wconf 66' lang='lat' dir='ltr'>mea?</span> <span class='ocrx_word' id='word_1_416' title='bbox 1399 3894 1555 3965; x_wconf 76' lang='lat' dir='ltr'>ﬁlius</span> <span class='ocrx_word' id='word_1_417' title='bbox 1602 3896 1743 3950; x_wconf 84' lang='lat' dir='ltr'>mihi</span> <span class='ocrx_word' id='word_1_418' title='bbox 1790 3897 1853 3952; x_wconf 82' lang='lat' dir='ltr'>in</span> <span class='ocrx_word' id='word_1_419' title='bbox 1898 3895 2073 3952; x_wconf 75' lang='lat' dir='ltr'>vinei:</span> 
     </span>
    </p>
   </div>
   <div class='ocr_carea' id='block_1_69' title="bbox 421 3978 689 4048">
    <p class='ocr_par' dir='ltr' id='par_1_69' title="bbox 421 3978 689 4048">
     <span class='ocr_line' id='line_1_69' title="bbox 421 3978 689 4048; baseline 0 -16"><span class='ocrx_word' id='word_1_420' title='bbox 421 3978 671 4048; x_wconf 84' lang='lat' dir='ltr'>Engaddi</span> <span class='ocrx_word' id='word_1_421' title='bbox 679 4021 689 4032; x_wconf 93' lang='lat'>.</span> 
     </span>
    </p>
   </div>
   <div class='ocr_carea' id='block_1_70' title="bbox 494 4067 2069 4144">
    <p class='ocr_par' dir='ltr' id='par_1_70' title="bbox 494 4067 2069 4144">
     <span class='ocr_line' id='line_1_70' title="bbox 494 4067 2069 4144; baseline 0.006 -23"><span class='ocrx_word' id='word_1_422' title='bbox 494 4068 537 4121; x_wconf 91' lang='grc' dir='ltr'>Ο</span> <span class='ocrx_word' id='word_1_423' title='bbox 571 4067 905 4138; x_wconf 66' lang='lat' dir='ltr'>prmclaram</span> <span class='ocrx_word' id='word_1_424' title='bbox 942 4070 1367 4142; x_wconf 87' lang='lat' dir='ltr'>progressionis</span> <span class='ocrx_word' id='word_1_425' title='bbox 1393 4089 1618 4144; x_wconf 61' lang='lat' dir='ltr'>sponsa</span> <span class='ocrx_word' id='word_1_426' title='bbox 1651 4075 2069 4131; x_wconf 88' lang='lat' dir='ltr'>mutationeml</span> 
     </span>
    </p>
   </div>
   <div class='ocr_carea' id='block_1_71' title="bbox 424 4157 2073 4235">
    <p class='ocr_par' dir='ltr' id='par_1_71' title="bbox 424 4157 2073 4235">
     <span class='ocr_line' id='line_1_71' title="bbox 424 4157 2073 4235; baseline 0.005 -26"><span class='ocrx_word' id='word_1_427' title='bbox 424 4158 557 4220; x_wconf 81' lang='lat' dir='ltr'>Quae</span> <span class='ocrx_word' id='word_1_428' title='bbox 589 4157 744 4211; x_wconf 91' lang='lat' dir='ltr'>enim</span> <span class='ocrx_word' id='word_1_429' title='bbox 776 4159 1085 4229; x_wconf 89' lang='lat' dir='ltr'>perspicue</span> <span class='ocrx_word' id='word_1_430' title='bbox 1115 4159 1286 4231; x_wconf 91' lang='lat' dir='ltr'>paulo</span> <span class='ocrx_word' id='word_1_431' title='bbox 1317 4166 1449 4216; x_wconf 90' lang='lat' dir='ltr'>ante</span> <span class='ocrx_word' id='word_1_432' title='bbox 1479 4162 1692 4218; x_wconf 89' lang='lat' dir='ltr'>similis</span> <span class='ocrx_word' id='word_1_433' title='bbox 1722 4180 1888 4235; x_wconf 61' lang='lat' dir='ltr'>equis</span> <span class='ocrx_word' id='word_1_434' title='bbox 1918 4164 2073 4219; x_wconf 79' lang='lat' dir='ltr'>dicta</span> 
     </span>
    </p>
   </div>
   <div class='ocr_carea' id='block_1_72' title="bbox 425 4245 2069 4324">
    <p class='ocr_par' dir='ltr' id='par_1_72' title="bbox 425 4245 2069 4324">
     <span class='ocr_line' id='line_1_72' title="bbox 425 4245 2069 4324; baseline 0.005 -26"><span class='ocrx_word' id='word_1_435' title='bbox 425 4245 636 4311; x_wconf 83' lang='lat' dir='ltr'>fuerat,</span> <span class='ocrx_word' id='word_1_436' title='bbox 673 4263 827 4301; x_wconf 90' lang='lat' dir='ltr'>nunc</span> <span class='ocrx_word' id='word_1_437' title='bbox 857 4247 1179 4302; x_wconf 88' lang='lat' dir='ltr'>amicorum</span> <span class='ocrx_word' id='word_1_438' title='bbox 1210 4249 1491 4321; x_wconf 89' lang='lat' dir='ltr'>obsequio</span> <span class='ocrx_word' id='word_1_439' title='bbox 1532 4251 1705 4322; x_wconf 88' lang='lat' dir='ltr'>plane</span> <span class='ocrx_word' id='word_1_440' title='bbox 1738 4252 2069 4324; x_wconf 86' lang='lat' dir='ltr'>proficiens,</span> 
     </span>
    </p>
   </div>
   <div class='ocr_carea' id='block_1_73' title="bbox 424 4333 2071 4413">
    <p class='ocr_par' dir='ltr' id='par_1_73' title="bbox 424 4333 2071 4413">
     <span class='ocr_line' id='line_1_73' title="bbox 424 4333 2071 4413; baseline 0.007 -27"><span class='ocrx_word' id='word_1_441' title='bbox 424 4348 485 4387; x_wconf 91' lang='lat' dir='ltr'>se</span> <span class='ocrx_word' id='word_1_442' title='bbox 524 4333 713 4403; x_wconf 87' lang='lat' dir='ltr'>ipsam</span> <span class='ocrx_word' id='word_1_443' title='bbox 771 4339 838 4389; x_wconf 87' lang='lat' dir='ltr'>ut</span> <span class='ocrx_word' id='word_1_444' title='bbox 894 4336 1068 4391; x_wconf 87' lang='lat' dir='ltr'>vitem</span> <span class='ocrx_word' id='word_1_445' title='bbox 1132 4337 1491 4394; x_wconf 83' lang='lat' dir='ltr'>fructiferam</span> <span class='ocrx_word' id='word_1_446' title='bbox 1550 4342 1832 4413; x_wconf 88' lang='lat' dir='ltr'>agnoscit.</span> <span class='ocrx_word' id='word_1_447' title='bbox 1866 4340 2071 4397; x_wconf 88' lang='lat' dir='ltr'>Omnis</span> 
     </span>
    </p>
   </div>
   <div class='ocr_carea' id='block_1_74' title="bbox 425 4421 2074 4504">
    <p class='ocr_par' dir='ltr' id='par_1_74' title="bbox 425 4421 2074 4504">
     <span class='ocr_line' id='line_1_74' title="bbox 425 4421 2074 4504; baseline 0.008 -30"><span class='ocrx_word' id='word_1_448' title='bbox 425 4421 582 4476; x_wconf 90' lang='lat' dir='ltr'>enim</span> <span class='ocrx_word' id='word_1_449' title='bbox 616 4422 814 4477; x_wconf 89' lang='lat' dir='ltr'>anima</span> <span class='ocrx_word' id='word_1_450' title='bbox 843 4440 1011 4495; x_wconf 91' lang='lat' dir='ltr'>pura,</span> <span class='ocrx_word' id='word_1_451' title='bbox 1036 4425 1263 4481; x_wconf 88' lang='lat' dir='ltr'>Domini</span> <span class='ocrx_word' id='word_1_452' title='bbox 1286 4444 1571 4485; x_wconf 89' lang='lat' dir='ltr'>succensa</span> <span class='ocrx_word' id='word_1_453' title='bbox 1600 4431 1909 4502; x_wconf 88' lang='lat' dir='ltr'>desiderio,</span> <span class='ocrx_word' id='word_1_454' title='bbox 1941 4448 2074 4504; x_wconf 88' lang='lat' dir='ltr'>ope-</span> 
     </span>
    </p>
   </div>
   <div class='ocr_carea' id='block_1_75' title="bbox 424 4514 2069 4589">
    <p class='ocr_par' dir='ltr' id='par_1_75' title="bbox 424 4514 2069 4589">
     <span class='ocr_line' id='line_1_75' title="bbox 424 4514 2069 4589; baseline 0.007 -26"><span class='ocrx_word' id='word_1_455' title='bbox 424 4526 560 4564; x_wconf 89' lang='lat' dir='ltr'>rum</span> <span class='ocrx_word' id='word_1_456' title='bbox 603 4527 913 4582; x_wconf 86' lang='lat' dir='ltr'>progressu</span> <span class='ocrx_word' id='word_1_457' title='bbox 939 4514 1002 4568; x_wconf 80' lang='lat' dir='ltr'>fit</span> <span class='ocrx_word' id='word_1_458' title='bbox 1028 4515 1244 4571; x_wconf 87' lang='lat' dir='ltr'>omnia.</span> <span class='ocrx_word' id='word_1_459' title='bbox 1270 4516 1436 4573; x_wconf 90' lang='lat' dir='ltr'>Nunc</span> <span class='ocrx_word' id='word_1_460' title='bbox 1457 4518 1694 4589; x_wconf 89' lang='lat' dir='ltr'>quidem</span> <span class='ocrx_word' id='word_1_461' title='bbox 1729 4521 1899 4575; x_wconf 87' lang='lat' dir='ltr'>sedes</span> <span class='ocrx_word' id='word_1_462' title='bbox 1923 4520 2069 4575; x_wconf 79' lang='lat' dir='ltr'>Che-</span> 
     </span>
    </p>
   </div>
   <div class='ocr_carea' id='block_1_76' title="bbox 425 4594 2145 4677">
    <p class='ocr_par' dir='ltr' id='par_1_76' title="bbox 425 4594 2145 4677">
     <span class='ocr_line' id='line_1_76' title="bbox 425 4594 2145 4677; baseline 0.005 -26"><span class='ocrx_word' id='word_1_463' title='bbox 425 4598 648 4669; x_wconf 91' lang='lat' dir='ltr'>rubim,</span> <span class='ocrx_word' id='word_1_464' title='bbox 674 4616 830 4655; x_wconf 90' lang='lat' dir='ltr'>nunc</span> <span class='ocrx_word' id='word_1_465' title='bbox 861 4603 1025 4658; x_wconf 87' lang='lat' dir='ltr'>sedes</span> <span class='ocrx_word' id='word_1_466' title='bbox 1067 4604 1261 4677; x_wconf 84' lang='lat' dir='ltr'>Regis,</span> <span class='ocrx_word' id='word_1_467' title='bbox 1287 4623 1442 4661; x_wconf 89' lang='lat' dir='ltr'>nunc</span> <span class='ocrx_word' id='word_1_468' title='bbox 1472 4612 1670 4663; x_wconf 89' lang='lat' dir='ltr'>autem</span> <span class='ocrx_word' id='word_1_469' title='bbox 1700 4609 1836 4663; x_wconf 88' lang='lat' dir='ltr'>vitis</span> <span class='ocrx_word' id='word_1_470' title='bbox 1868 4609 2068 4664; x_wconf 84' lang='lat' dir='ltr'>fructi-</span> <span class='ocrx_word' id='word_1_471' title='bbox 2097 4594 2145 4659; x_wconf 90' lang='lat' dir='ltr'><strong>D</strong></span> 
     </span>
    </p>
   </div>
   <div class='ocr_carea' id='block_1_77' title="bbox 424 4687 2071 4769">
    <p class='ocr_par' dir='ltr' id='par_1_77' title="bbox 424 4687 2071 4769">
     <span class='ocr_line' id='line_1_77' title="bbox 424 4687 2071 4769; baseline 0.009 -29"><span class='ocrx_word' id='word_1_472' title='bbox 424 4687 546 4741; x_wconf 81' lang='lat' dir='ltr'>fera</span> <span class='ocrx_word' id='word_1_473' title='bbox 592 4688 650 4741; x_wconf 92' lang='lat' dir='ltr'>in</span> <span class='ocrx_word' id='word_1_474' title='bbox 701 4688 835 4744; x_wconf 87' lang='lat' dir='ltr'>aula</span> <span class='ocrx_word' id='word_1_475' title='bbox 876 4692 1125 4747; x_wconf 91' lang='lat' dir='ltr'>Domini.</span> <span class='ocrx_word' id='word_1_476' title='bbox 1155 4695 1313 4758; x_wconf 90' lang='lat' dir='ltr'>Quod</span> <span class='ocrx_word' id='word_1_477' title='bbox 1369 4694 1550 4765; x_wconf 88' lang='lat' dir='ltr'>igitur</span> <span class='ocrx_word' id='word_1_478' title='bbox 1600 4697 1825 4767; x_wconf 90' lang='lat' dir='ltr'>puriter</span> <span class='ocrx_word' id='word_1_479' title='bbox 1852 4714 2071 4769; x_wconf 85' lang='lat' dir='ltr'>sponsa</span> 
     </span>
    </p>
   </div>
   <div class='ocr_carea' id='block_1_78' title="bbox 422 4776 2067 4856">
    <p class='ocr_par' dir='ltr' id='par_1_78' title="bbox 422 4776 2067 4856">
     <span class='ocr_line' id='line_1_78' title="bbox 422 4776 2067 4856; baseline 0.008 -26"><span class='ocrx_word' id='word_1_480' title='bbox 422 4776 586 4844; x_wconf 87' lang='lat' dir='ltr'>dicit,</span> <span class='ocrx_word' id='word_1_481' title='bbox 619 4778 726 4833; x_wconf 90' lang='lat' dir='ltr'>hoc</span> <span class='ocrx_word' id='word_1_482' title='bbox 758 4782 846 4834; x_wconf 90' lang='lat' dir='ltr'>est</span> <span class='ocrx_word' id='word_1_483' title='bbox 877 4795 891 4834; x_wconf 90' lang='lat'><strong>:</strong></span> <span class='ocrx_word' id='word_1_484' title='bbox 924 4780 1016 4835; x_wconf 88' lang='lat' dir='ltr'>Sic</span> <span class='ocrx_word' id='word_1_485' title='bbox 1056 4783 1262 4852; x_wconf 80' lang='lat' dir='ltr'>agnovi</span> <span class='ocrx_word' id='word_1_486' title='bbox 1313 4785 1530 4840; x_wconf 89' lang='lat' dir='ltr'>sororis</span> <span class='ocrx_word' id='word_1_487' title='bbox 1579 4803 1717 4841; x_wconf 68' lang='lat' dir='ltr'>mea:</span> <span class='ocrx_word' id='word_1_488' title='bbox 1768 4787 1977 4856; x_wconf 77' lang='lat' dir='ltr'>lilium,</span> <span class='ocrx_word' id='word_1_489' title='bbox 2009 4787 2067 4843; x_wconf 94' lang='lat' dir='ltr'>id</span> 
     </span>
    </p>
   </div>
   <div class='ocr_carea' id='block_1_79' title="bbox 419 4870 2071 4944">
    <p class='ocr_par' dir='ltr' id='par_1_79' title="bbox 419 4870 2071 4944">
     <span class='ocr_line' id='line_1_79' title="bbox 419 4870 2071 4944; baseline 0.007 -24"><span class='ocrx_word' id='word_1_490' title='bbox 419 4870 509 4921; x_wconf 87' lang='lat' dir='ltr'>est</span> <span class='ocrx_word' id='word_1_491' title='bbox 555 4884 863 4938; x_wconf 89' lang='lat' dir='ltr'>sponsum,</span> <span class='ocrx_word' id='word_1_492' title='bbox 915 4870 1067 4924; x_wconf 87' lang='lat' dir='ltr'>sicut</span> <span class='ocrx_word' id='word_1_493' title='bbox 1116 4872 1372 4940; x_wconf 90' lang='lat' dir='ltr'>botrum,</span> <span class='ocrx_word' id='word_1_494' title='bbox 1403 4875 1503 4944; x_wconf 89' lang='lat' dir='ltr'>qui</span> <span class='ocrx_word' id='word_1_495' title='bbox 1553 4877 1723 4932; x_wconf 90' lang='lat' dir='ltr'>nobis</span> <span class='ocrx_word' id='word_1_496' title='bbox 1770 4877 2071 4933; x_wconf 83' lang='lat' dir='ltr'>distillavit</span> 
     </span>
    </p>
   </div>
   <div class='ocr_carea' id='block_1_80' title="bbox 424 4958 2067 5037">
    <p class='ocr_par' dir='ltr' id='par_1_80' title="bbox 424 4958 2067 5037">
     <span class='ocr_line' id='line_1_80' title="bbox 424 4958 2067 5037; baseline 0.009 -30"><span class='ocrx_word' id='word_1_497' title='bbox 424 4960 687 5010; x_wconf 86' lang='lat' dir='ltr'>mustum</span> <span class='ocrx_word' id='word_1_498' title='bbox 718 4958 1079 5015; x_wconf 79' lang='lat' dir='ltr'>aeternitatis.</span> <span class='ocrx_word' id='word_1_499' title='bbox 1105 4960 1267 5017; x_wconf 85' lang='lat' dir='ltr'>Haud</span> <span class='ocrx_word' id='word_1_500' title='bbox 1302 4963 1576 5018; x_wconf 89' lang='lat' dir='ltr'>omnibus</span> <span class='ocrx_word' id='word_1_501' title='bbox 1599 4966 1845 5021; x_wconf 90' lang='lat' dir='ltr'>virtutes</span> <span class='ocrx_word' id='word_1_502' title='bbox 1875 4983 2067 5037; x_wconf 87' lang='lat' dir='ltr'>capes-</span> 
     </span>
    </p>
   </div>
   <div class='ocr_carea' id='block_1_81' title="bbox 422 5044 2068 5125">
    <p class='ocr_par' dir='ltr' id='par_1_81' title="bbox 422 5044 2068 5125">
     <span class='ocr_line' id='line_1_81' title="bbox 422 5044 2068 5125; baseline 0.007 -28"><span class='ocrx_word' id='word_1_503' title='bbox 422 5044 694 5101; x_wconf 87' lang='lat' dir='ltr'>sentibus</span> <span class='ocrx_word' id='word_1_504' title='bbox 726 5048 1036 5104; x_wconf 88' lang='lat' dir='ltr'>animabus</span> <span class='ocrx_word' id='word_1_505' title='bbox 1066 5054 1157 5104; x_wconf 89' lang='lat' dir='ltr'>est</span> <span class='ocrx_word' id='word_1_506' title='bbox 1200 5055 1490 5121; x_wconf 89' lang='lat' dir='ltr'>maturus,</span> <span class='ocrx_word' id='word_1_507' title='bbox 1518 5055 1618 5108; x_wconf 91' lang='lat' dir='ltr'>sed</span> <span class='ocrx_word' id='word_1_508' title='bbox 1653 5071 1755 5125; x_wconf 91' lang='lat' dir='ltr'>pro</span> <span class='ocrx_word' id='word_1_509' title='bbox 1785 5055 2068 5109; x_wconf 89' lang='lat' dir='ltr'>virtutum</span> 
     </span>
    </p>
   </div>
   <div class='ocr_carea' id='block_1_82' title="bbox 423 5136 2070 5205">
    <p class='ocr_par' dir='ltr' id='par_1_82' title="bbox 423 5136 2070 5205">
     <span class='ocr_line' id='line_1_82' title="bbox 423 5136 2070 5205; baseline 0.007 -19"><span class='ocrx_word' id='word_1_510' title='bbox 423 5148 705 5189; x_wconf 90' lang='lat' dir='ltr'>mensura</span> <span class='ocrx_word' id='word_1_511' title='bbox 734 5136 1167 5205; x_wconf 72' lang='lat' dir='ltr'>jucunditatem</span> <span class='ocrx_word' id='word_1_512' title='bbox 1202 5156 1368 5195; x_wconf 88' lang='lat' dir='ltr'>suam</span> <span class='ocrx_word' id='word_1_513' title='bbox 1410 5142 1661 5198; x_wconf 90' lang='lat' dir='ltr'>subinde</span> <span class='ocrx_word' id='word_1_514' title='bbox 1691 5147 1898 5198; x_wconf 85' lang='lat' dir='ltr'>mutat.</span> <span class='ocrx_word' id='word_1_515' title='bbox 1931 5143 2070 5198; x_wconf 85' lang='lat' dir='ltr'>Aliis</span> 
     </span>
    </p>
   </div>
   <div class='ocr_carea' id='block_1_83' title="bbox 421 5223 2068 5299">
    <p class='ocr_par' dir='ltr' id='par_1_83' title="bbox 421 5223 2068 5299">
     <span class='ocr_line' id='line_1_83' title="bbox 421 5223 2068 5299; baseline 0.007 -24"><span class='ocrx_word' id='word_1_516' title='bbox 421 5238 677 5294; x_wconf 88' lang='lat' dir='ltr'>namque</span> <span class='ocrx_word' id='word_1_517' title='bbox 717 5223 901 5292; x_wconf 89' lang='lat' dir='ltr'>ﬂoret,</span> <span class='ocrx_word' id='word_1_518' title='bbox 935 5227 992 5281; x_wconf 91' lang='lat' dir='ltr'>in</span> <span class='ocrx_word' id='word_1_519' title='bbox 1022 5226 1152 5283; x_wconf 86' lang='lat' dir='ltr'>aliis</span> <span class='ocrx_word' id='word_1_520' title='bbox 1204 5228 1497 5299; x_wconf 82' lang='lat' dir='ltr'>nigrescit,</span> <span class='ocrx_word' id='word_1_521' title='bbox 1530 5231 1589 5284; x_wconf 93' lang='lat' dir='ltr'>in</span> <span class='ocrx_word' id='word_1_522' title='bbox 1620 5231 1753 5286; x_wconf 90' lang='lat' dir='ltr'>aliis</span> <span class='ocrx_word' id='word_1_523' title='bbox 1800 5236 2068 5286; x_wconf 84' lang='lat' dir='ltr'>maturus</span> 
     </span>
    </p>
   </div>
   <div class='ocr_carea' id='block_1_84' title="bbox 419 5311 2066 5391">
    <p class='ocr_par' dir='ltr' id='par_1_84' title="bbox 419 5311 2066 5391">
     <span class='ocr_line' id='line_1_84' title="bbox 419 5311 2066 5391; baseline 0.005 -26"><span class='ocrx_word' id='word_1_524' title='bbox 419 5317 529 5379; x_wconf 87' lang='lat' dir='ltr'>est,</span> <span class='ocrx_word' id='word_1_525' title='bbox 563 5311 621 5365; x_wconf 93' lang='lat' dir='ltr'>in</span> <span class='ocrx_word' id='word_1_526' title='bbox 652 5312 784 5367; x_wconf 88' lang='lat' dir='ltr'>aliis</span> <span class='ocrx_word' id='word_1_527' title='bbox 817 5314 986 5383; x_wconf 89' lang='lat' dir='ltr'>plane</span> <span class='ocrx_word' id='word_1_528' title='bbox 1016 5321 1215 5370; x_wconf 89' lang='lat' dir='ltr'>coctus</span> <span class='ocrx_word' id='word_1_529' title='bbox 1248 5333 1312 5370; x_wconf 90' lang='lat' dir='ltr'>ac</span> <span class='ocrx_word' id='word_1_530' title='bbox 1343 5316 1534 5371; x_wconf 89' lang='lat' dir='ltr'>dulcis</span> <span class='ocrx_word' id='word_1_531' title='bbox 1565 5322 1672 5371; x_wconf 90' lang='lat' dir='ltr'>est.</span> <span class='ocrx_word' id='word_1_532' title='bbox 1707 5319 1934 5389; x_wconf 87' lang='lat' dir='ltr'>Sponsa</span> <span class='ocrx_word' id='word_1_533' title='bbox 1960 5319 2066 5391; x_wconf 84' lang='lat' dir='ltr'>igi-</span> 
     </span>
    </p>
   </div>
   <div class='ocr_carea' id='block_1_85' title="bbox 418 5400 2068 5471">
    <p class='ocr_par' dir='ltr' id='par_1_85' title="bbox 418 5400 2068 5471">
     <span class='ocr_line' id='line_1_85' title="bbox 418 5400 2068 5471; baseline 0.007 -19"><span class='ocrx_word' id='word_1_534' title='bbox 418 5403 536 5464; x_wconf 90' lang='lat' dir='ltr'>tur,</span> <span class='ocrx_word' id='word_1_535' title='bbox 567 5400 707 5455; x_wconf 92' lang='lat' dir='ltr'>dum</span> <span class='ocrx_word' id='word_1_536' title='bbox 742 5402 1042 5457; x_wconf 89' lang='lat' dir='ltr'>ﬂorentem</span> <span class='ocrx_word' id='word_1_537' title='bbox 1088 5404 1321 5457; x_wconf 91' lang='lat' dir='ltr'>botrum</span> <span class='ocrx_word' id='word_1_538' title='bbox 1355 5420 1417 5458; x_wconf 90' lang='lat' dir='ltr'>se</span> <span class='ocrx_word' id='word_1_539' title='bbox 1444 5404 1591 5459; x_wconf 84' lang='lat' dir='ltr'>ferre</span> <span class='ocrx_word' id='word_1_540' title='bbox 1622 5405 1782 5471; x_wconf 89' lang='lat' dir='ltr'>dicit,</span> <span class='ocrx_word' id='word_1_541' title='bbox 1815 5408 2068 5463; x_wconf 88' lang='lat' dir='ltr'>ostendit</span> 
     </span>
    </p>
   </div>
   <div class='ocr_carea' id='block_1_86' title="bbox 418 5490 2065 5564">
    <p class='ocr_par' dir='ltr' id='par_1_86' title="bbox 418 5490 2065 5564">
     <span class='ocr_line' id='line_1_86' title="bbox 418 5490 2065 5564; baseline 0.006 -23"><span class='ocrx_word' id='word_1_542' title='bbox 418 5503 478 5541; x_wconf 85' lang='lat' dir='ltr'>se</span> <span class='ocrx_word' id='word_1_543' title='bbox 513 5490 774 5543; x_wconf 88' lang='lat' dir='ltr'>nondum</span> <span class='ocrx_word' id='word_1_544' title='bbox 804 5491 873 5543; x_wconf 91' lang='lat' dir='ltr'>ad</span> <span class='ocrx_word' id='word_1_545' title='bbox 922 5491 1333 5561; x_wconf 80' lang='lat' dir='ltr'>perfectionem</span> <span class='ocrx_word' id='word_1_546' title='bbox 1388 5493 1739 5564; x_wconf 88' lang='lat' dir='ltr'>pervenisse.</span> <span class='ocrx_word' id='word_1_547' title='bbox 1773 5500 1889 5550; x_wconf 83' lang='lat' dir='ltr'>Aut</span> <span class='ocrx_word' id='word_1_548' title='bbox 1936 5501 2065 5551; x_wconf 90' lang='lat' dir='ltr'>tan-</span> 
     </span>
    </p>
   </div>
   <div class='ocr_carea' id='block_1_87' title="bbox 420 5577 2064 5655">
    <p class='ocr_par' dir='ltr' id='par_1_87' title="bbox 420 5577 2064 5655">
     <span class='ocr_line' id='line_1_87' title="bbox 420 5577 2064 5655; baseline 0.007 -26"><span class='ocrx_word' id='word_1_549' title='bbox 420 5592 599 5644; x_wconf 84' lang='lat' dir='ltr'>quam</span> <span class='ocrx_word' id='word_1_550' title='bbox 662 5577 921 5633; x_wconf 87' lang='lat' dir='ltr'>ﬂorentis</span> <span class='ocrx_word' id='word_1_551' title='bbox 980 5579 1478 5649; x_wconf 85' lang='lat' dir='ltr'>pulchritudinem</span> <span class='ocrx_word' id='word_1_552' title='bbox 1532 5598 1908 5655; x_wconf 85' lang='lat' dir='ltr'>exaggerans,</span> <span class='ocrx_word' id='word_1_553' title='bbox 1963 5586 2064 5652; x_wconf 89' lang='lat' dir='ltr'>ita,</span> 
     </span>
    </p>
   </div>
   <div class='ocr_carea' id='block_1_88' title="bbox 418 5663 2067 5743">
    <p class='ocr_par' dir='ltr' id='par_1_88' title="bbox 418 5663 2067 5743">
     <span class='ocr_line' id='line_1_88' title="bbox 418 5663 2067 5743; baseline 0.008 -26"><span class='ocrx_word' id='word_1_554' title='bbox 418 5663 631 5735; x_wconf 78' lang='lat' dir='ltr'>inquit,</span> <span class='ocrx_word' id='word_1_555' title='bbox 664 5666 806 5720; x_wconf 87' lang='lat' dir='ltr'>mihi</span> <span class='ocrx_word' id='word_1_556' title='bbox 840 5667 1003 5723; x_wconf 87' lang='lat' dir='ltr'>ﬂoret</span> <span class='ocrx_word' id='word_1_557' title='bbox 1034 5669 1298 5726; x_wconf 88' lang='lat' dir='ltr'>Christus</span> <span class='ocrx_word' id='word_1_558' title='bbox 1330 5676 1386 5726; x_wconf 89' lang='lat' dir='ltr'>et</span> <span class='ocrx_word' id='word_1_559' title='bbox 1408 5688 1683 5743; x_wconf 89' lang='lat' dir='ltr'>sponsus,</span> <span class='ocrx_word' id='word_1_560' title='bbox 1709 5681 1771 5730; x_wconf 91' lang='lat' dir='ltr'>ut</span> <span class='ocrx_word' id='word_1_561' title='bbox 1798 5675 2067 5731; x_wconf 84' lang='lat' dir='ltr'>odoriferi</span> 
     </span>
    </p>
   </div>
   <div class='ocr_carea' id='block_1_89' title="bbox 2180 3312 3833 3395">
    <p class='ocr_par' dir='ltr' id='par_1_89' title="bbox 2180 3312 3833 3395">
     <span class='ocr_line' id='line_1_89' title="bbox 2180 3312 3833 3395; baseline -0.011 -13"><span class='ocrx_word' id='word_1_562' title='bbox 2180 3312 2305 3382; x_wconf 87' lang='grc' dir='ltr'>νοῦν</span> <span class='ocrx_word' id='word_1_563' title='bbox 2338 3312 2585 3395; x_wconf 76' lang='grc' dir='ltr'>ἐκστήσει</span> <span class='ocrx_word' id='word_1_564' title='bbox 2614 3328 2722 3378; x_wconf 89' lang='grc' dir='ltr'>τῶν</span> <span class='ocrx_word' id='word_1_565' title='bbox 2765 3321 2973 3390; x_wconf 84' lang='grc' dir='ltr'>τύπων,</span> <span class='ocrx_word' id='word_1_566' title='bbox 3007 3319 3239 3390; x_wconf 75' lang='grc' dir='ltr'>ὁπηνίκα</span> <span class='ocrx_word' id='word_1_567' title='bbox 3278 3316 3405 3378; x_wconf 78' lang='grc' dir='ltr'>τοὺς</span> <span class='ocrx_word' id='word_1_568' title='bbox 3452 3315 3504 3370; x_wconf 70' lang='grc' dir='ltr'>ἂν</span> <span class='ocrx_word' id='word_1_569' title='bbox 3546 3316 3632 3386; x_wconf 76' lang='grc' dir='ltr'>τῷ</span> <span class='ocrx_word' id='word_1_570' title='bbox 3675 3312 3833 3368; x_wconf 84' lang='grc' dir='ltr'>παντὶ</span> 
     </span>
    </p>
   </div>
   <div class='ocr_carea' id='block_1_90' title="bbox 2184 3400 3634 3494">
    <p class='ocr_par' dir='ltr' id='par_1_90' title="bbox 2184 3400 3634 3494">
     <span class='ocr_line' id='line_1_90' title="bbox 2184 3400 3634 3494; baseline -0.007 -24"><span class='ocrx_word' id='word_1_571' title='bbox 2184 3414 2472 3494; x_wconf 76' lang='grc' dir='ltr'>διαφόρους</span> <span class='ocrx_word' id='word_1_572' title='bbox 2503 3412 2704 3488; x_wconf 85' lang='grc' dir='ltr'>λόγους</span> <span class='ocrx_word' id='word_1_573' title='bbox 2735 3411 2861 3487; x_wconf 84' lang='grc' dir='ltr'>περὶ</span> <span class='ocrx_word' id='word_1_574' title='bbox 2890 3410 3083 3478; x_wconf 78' lang='grc' dir='ltr'>ὲαυτήν</span> <span class='ocrx_word' id='word_1_575' title='bbox 3112 3406 3331 3481; x_wconf 80' lang='grc' dir='ltr'>συνάψει</span> <span class='ocrx_word' id='word_1_576' title='bbox 3361 3400 3634 3465; x_wconf 68' lang='grc' dir='ltr'>ἑνοειδῶς.</span> 
     </span>
    </p>
   </div>
   <div class='ocr_carea' id='block_1_91' title="bbox 2881 3497 3128 3555">
    <p class='ocr_par' dir='ltr' id='par_1_91' title="bbox 2881 3497 3128 3555">
     <span class='ocr_line' id='line_1_91' title="bbox 2881 3497 3128 3555; baseline -0.012 0"><span class='ocrx_word' id='word_1_577' title='bbox 2881 3497 3128 3555; x_wconf 84' lang='grc' dir='ltr'>Ψελλοῦ.</span> 
     </span>
    </p>
   </div>
   <div class='ocr_carea' id='block_1_92' title="bbox 2251 3578 3832 3668">
    <p class='ocr_par' dir='ltr' id='par_1_92' title="bbox 2251 3578 3832 3668">
     <span class='ocr_line' id='line_1_92' title="bbox 2251 3578 3832 3668; baseline -0.011 -19"><span class='ocrx_word' id='word_1_578' title='bbox 2251 3593 2490 3668; x_wconf 81' lang='grc' dir='ltr'>Ἕχομέν</span> <span class='ocrx_word' id='word_1_579' title='bbox 2522 3593 2583 3667; x_wconf 66' lang='grc' dir='ltr'>γι</span> <span class='ocrx_word' id='word_1_580' title='bbox 2612 3612 2662 3646; x_wconf 94' lang='grc' dir='ltr'>τι</span> <span class='ocrx_word' id='word_1_581' title='bbox 2694 3588 2949 3663; x_wconf 77' lang='grc' dir='ltr'>λείψανον</span> <span class='ocrx_word' id='word_1_582' title='bbox 2972 3592 3078 3643; x_wconf 89' lang='grc' dir='ltr'>τῶν</span> <span class='ocrx_word' id='word_1_583' title='bbox 3112 3584 3171 3642; x_wconf 71' lang='grc' dir='ltr'>ἐκ</span> <span class='ocrx_word' id='word_1_584' title='bbox 3206 3587 3305 3653; x_wconf 71' lang='grc' dir='ltr'>τῆς</span> <span class='ocrx_word' id='word_1_585' title='bbox 3353 3581 3571 3660; x_wconf 80' lang='grc' dir='ltr'>νύμφης</span> <span class='ocrx_word' id='word_1_586' title='bbox 3623 3578 3832 3655; x_wconf 83' lang='grc' dir='ltr'>λόγων,</span> 
     </span>
    </p>
   </div>
   <div class='ocr_carea' id='block_1_93' title="bbox 2177 3670 3476 3757">
    <p class='ocr_par' dir='ltr' id='par_1_93' title="bbox 2177 3670 3476 3757">
     <span class='ocr_line' id='line_1_93' title="bbox 2177 3670 3476 3757; baseline -0.008 -19"><span class='ocrx_word' id='word_1_587' title='bbox 2177 3685 2346 3757; x_wconf 86' lang='grc' dir='ltr'>Ὅπερ</span> <span class='ocrx_word' id='word_1_588' title='bbox 2373 3683 2446 3744; x_wconf 83' lang='grc' dir='ltr'>ὡς</span> <span class='ocrx_word' id='word_1_589' title='bbox 2479 3675 2618 3735; x_wconf 73' lang='grc' dir='ltr'>ἔστιν</span> <span class='ocrx_word' id='word_1_590' title='bbox 2651 3678 2863 3757; x_wconf 69' lang='grc' dir='ltr'>ἐφικτὸν</span> <span class='ocrx_word' id='word_1_591' title='bbox 2894 3677 2956 3732; x_wconf 90' lang='grc' dir='ltr'>τὸ</span> <span class='ocrx_word' id='word_1_592' title='bbox 2983 3680 3073 3730; x_wconf 89' lang='grc' dir='ltr'>νῦν</span> <span class='ocrx_word' id='word_1_593' title='bbox 3102 3670 3476 3751; x_wconf 69' lang='grc' dir='ltr'>ἐρμηνευτὲον.</span> 
     </span>
    </p>
   </div>
   <div class='ocr_carea' id='block_1_94' title="bbox 2179 3753 3829 3847">
    <p class='ocr_par' dir='ltr' id='par_1_94' title="bbox 2179 3753 3829 3847">
     <span class='ocr_line' id='line_1_94' title="bbox 2179 3753 3829 3847; baseline -0.011 -21"><span class='ocrx_word' id='word_1_594' title='bbox 2179 3753 2335 3847; x_wconf 70' lang='grc' dir='ltr'>Λέγει</span> <span class='ocrx_word' id='word_1_595' title='bbox 2366 3772 2470 3846; x_wconf 76' lang='grc' dir='ltr'>γὰρ</span> <span class='ocrx_word' id='word_1_596' title='bbox 2502 3769 2644 3823; x_wconf 70' lang='grc' dir='ltr'>οὕτω</span> <span class='ocrx_word' id='word_1_597' title='bbox 2675 3753 2811 3837; x_wconf 79' lang='grc' dir='ltr'>πρὸς</span> <span class='ocrx_word' id='word_1_598' title='bbox 2843 3764 3037 3827; x_wconf 77' lang='grc' dir='ltr'>αὐτοὺς</span> <span class='ocrx_word' id='word_1_599' title='bbox 3068 3767 3103 3833; x_wconf 80' lang='grc' dir='ltr'>ἡ</span> <span class='ocrx_word' id='word_1_600' title='bbox 3135 3763 3319 3841; x_wconf 86' lang='grc' dir='ltr'>νύμφη</span> <span class='ocrx_word' id='word_1_601' title='bbox 3353 3759 3478 3823; x_wconf 75' lang='grc' dir='ltr'>τοὺς</span> <span class='ocrx_word' id='word_1_602' title='bbox 3520 3753 3796 3833; x_wconf 72' lang='grc' dir='ltr'>ἀγγὲλους</span> <span class='ocrx_word' id='word_1_603' title='bbox 3816 3774 3829 3787; x_wconf 90' lang='grc'><strong>·</strong></span> 
     </span>
    </p>
   </div>
   <div class='ocr_carea' id='block_1_95' title="bbox 2251 3880 3833 3971">
    <p class='ocr_par' dir='ltr' id='par_1_95' title="bbox 2251 3880 3833 3971">
     <span class='ocr_line' id='line_1_95' title="bbox 2251 3880 3833 3971; baseline -0.011 -20"><span class='ocrx_word' id='word_1_604' title='bbox 2251 3897 2454 3971; x_wconf 89' lang='grc' dir='ltr'>Βότρυς</span> <span class='ocrx_word' id='word_1_605' title='bbox 2508 3901 2606 3963; x_wconf 84' lang='grc' dir='ltr'>τῆς</span> <span class='ocrx_word' id='word_1_606' title='bbox 2670 3892 2887 3967; x_wconf 83' lang='grc' dir='ltr'>Κύπρου</span> <span class='ocrx_word' id='word_1_607' title='bbox 2934 3886 3225 3967; x_wconf 86' lang='grc' dir='ltr'>ἀδελφιδός</span> <span class='ocrx_word' id='word_1_608' title='bbox 3282 3907 3388 3960; x_wconf 84' lang='grc' dir='ltr'>μου</span> <span class='ocrx_word' id='word_1_609' title='bbox 3442 3882 3566 3956; x_wconf 72' lang='grc' dir='ltr'>ἐμοὶ</span> <span class='ocrx_word' id='word_1_610' title='bbox 3620 3881 3675 3937; x_wconf 79' lang='grc' dir='ltr'>ὲν</span> <span class='ocrx_word' id='word_1_611' title='bbox 3724 3880 3833 3953; x_wconf 84' lang='grc' dir='ltr'>ἀμ-</span> 
     </span>
    </p>
   </div>
   <div class='ocr_carea' id='block_1_96' title="bbox 2178 3979 2723 4057">
    <p class='ocr_par' dir='ltr' id='par_1_96' title="bbox 2178 3979 2723 4057">
     <span class='ocr_line' id='line_1_96' title="bbox 2178 3979 2723 4057; baseline -0.004 -18"><span class='ocrx_word' id='word_1_612' title='bbox 2178 3986 2417 4039; x_wconf 86' lang='grc' dir='ltr'>πελῶσιν</span> <span class='ocrx_word' id='word_1_613' title='bbox 2449 3979 2723 4057; x_wconf 77' lang='grc' dir='ltr'>Ἐγγαδδί.</span> 
     </span>
    </p>
   </div>
   <div class='ocr_carea' id='block_1_97' title="bbox 2249 4056 3834 4188">
    <p class='ocr_par' dir='ltr' id='par_1_97' title="bbox 2249 4056 3834 4188">
     <span class='ocr_line' id='line_1_97' title="bbox 2249 4056 3834 4188; baseline -0.012 -59"><span class='ocrx_word' id='word_1_614' title='bbox 2249 4075 2313 4127; x_wconf 82' lang='grc' dir='ltr'><em>Ὣ</em></span> <span class='ocrx_word' id='word_1_615' title='bbox 2340 4080 2441 4143; x_wconf 84' lang='grc' dir='ltr'>τῆς</span> <span class='ocrx_word' id='word_1_616' title='bbox 2472 4056 2683 4141; x_wconf 79' lang='grc' dir='ltr'>καλλῆς</span> <span class='ocrx_word' id='word_1_617' title='bbox 2711 4066 3021 4142; x_wconf 82' lang='grc' dir='ltr'>ἐναλλαγῆς</span> <span class='ocrx_word' id='word_1_618' title='bbox 3066 4072 3165 4135; x_wconf 82' lang='grc' dir='ltr'>τῆς</span> <span class='ocrx_word' id='word_1_619' title='bbox 3209 4068 3496 4140; x_wconf 77' lang='grc' dir='ltr'>προκοπῆς</span> <span class='ocrx_word' id='word_1_620' title='bbox 3542 4066 3647 4188; x_wconf 55' lang='grc' dir='ltr'>τῇς</span> <span class='ocrx_word' id='word_1_621' title='bbox 3700 4056 3834 4188; x_wconf 48' lang='grc' dir='ltr'>νύμ-</span> 
     </span>
    </p>
   </div>
   <div class='ocr_carea' id='block_1_98' title="bbox 3587 4151 3765 4226">
    <p class='ocr_par' dir='ltr' id='par_1_98' title="bbox 3587 4151 3765 4226">
     <span class='ocr_line' id='line_1_98' title="bbox 3587 4151 3765 4226; baseline 0.017 -4"><span class='ocrx_word' id='word_1_622' title='bbox 3587 4151 3765 4226; x_wconf 65' lang='grc' dir='ltr'>[φηςι</span> 
     </span>
    </p>
   </div>
   <div class='ocr_carea' id='block_1_99' title="bbox 2178 4238 3680 4325">
    <p class='ocr_par' dir='ltr' id='par_1_99' title="bbox 2178 4238 3680 4325">
     <span class='ocr_line' id='line_1_99' title="bbox 2178 4238 3680 4325; baseline -0.011 -19"><span class='ocrx_word' id='word_1_623' title='bbox 2178 4252 2239 4306; x_wconf 83' lang='grc' dir='ltr'>Ἡ</span> <span class='ocrx_word' id='word_1_624' title='bbox 2272 4249 2376 4325; x_wconf 85' lang='grc' dir='ltr'>πρὸ</span> <span class='ocrx_word' id='word_1_625' title='bbox 2407 4252 2605 4325; x_wconf 80' lang='grc' dir='ltr'>μικροῦ</span> <span class='ocrx_word' id='word_1_626' title='bbox 2634 4247 2735 4323; x_wconf 73' lang='grc' dir='ltr'>γὰρ</span> <span class='ocrx_word' id='word_1_627' title='bbox 2768 4246 3020 4322; x_wconf 80' lang='grc' dir='ltr'>ἐμφανῶς</span> <span class='ocrx_word' id='word_1_628' title='bbox 3046 4241 3205 4315; x_wconf 72' lang='grc' dir='ltr'>’ίππῳ</span> <span class='ocrx_word' id='word_1_629' title='bbox 3235 4238 3680 4325; x_wconf 79' lang='grc' dir='ltr'>παρεικασϐεἷσα,</span> 
     </span>
    </p>
   </div>
   <div class='ocr_carea' id='block_1_100' title="bbox 2179 4322 3736 4415">
    <p class='ocr_par' dir='ltr' id='par_1_100' title="bbox 2179 4322 3736 4415">
     <span class='ocr_line' id='line_1_100' title="bbox 2179 4322 3736 4415; baseline -0.01 -22"><span class='ocrx_word' id='word_1_630' title='bbox 2179 4322 2338 4415; x_wconf 83' lang='grc' dir='ltr'>Ἀρτι</span> <span class='ocrx_word' id='word_1_631' title='bbox 2374 4322 2991 4412; x_wconf 14' lang='grc' dir='ltr'>λαμπρῶςγπροκόψασα</span> <span class='ocrx_word' id='word_1_632' title='bbox 3016 4337 3135 4393; x_wconf 88' lang='grc' dir='ltr'>ταῖς</span> <span class='ocrx_word' id='word_1_633' title='bbox 3166 4330 3355 4406; x_wconf 85' lang='grc' dir='ltr'>χάρισι</span> <span class='ocrx_word' id='word_1_634' title='bbox 3385 4332 3491 4383; x_wconf 87' lang='grc' dir='ltr'>τῶν</span> <span class='ocrx_word' id='word_1_635' title='bbox 3524 4322 3736 4403; x_wconf 82' lang='grc' dir='ltr'>φίλων,</span> 
     </span>
    </p>
   </div>
   <div class='ocr_carea' id='block_1_101' title="bbox 2176 4419 3503 4505">
    <p class='ocr_par' dir='ltr' id='par_1_101' title="bbox 2176 4419 3503 4505">
     <span class='ocr_line' id='line_1_101' title="bbox 2176 4419 3503 4505; baseline -0.008 -22"><span class='ocrx_word' id='word_1_636' title='bbox 2176 4434 2261 4489; x_wconf 83' lang='grc' dir='ltr'>Ὡς</span> <span class='ocrx_word' id='word_1_637' title='bbox 2290 4428 2625 4505; x_wconf 84' lang='grc' dir='ltr'>βοτρυφὸρον</span> <span class='ocrx_word' id='word_1_638' title='bbox 2658 4422 2903 4497; x_wconf 80' lang='grc' dir='ltr'>ἄμπελον</span> <span class='ocrx_word' id='word_1_639' title='bbox 2935 4420 3100 4491; x_wconf 73' lang='grc' dir='ltr'>αὐτὴν</span> <span class='ocrx_word' id='word_1_640' title='bbox 3142 4419 3503 4495; x_wconf 74' lang='grc' dir='ltr'>ἐπιγινώσκει.</span> 
     </span>
    </p>
   </div>
   <div class='ocr_carea' id='block_1_102' title="bbox 2180 4507 3613 4593">
    <p class='ocr_par' dir='ltr' id='par_1_102' title="bbox 2180 4507 3613 4593">
     <span class='ocr_line' id='line_1_102' title="bbox 2180 4507 3613 4593; baseline -0.009 -21"><span class='ocrx_word' id='word_1_641' title='bbox 2180 4518 2349 4593; x_wconf 81' lang='grc' dir='ltr'>Ψυχή</span> <span class='ocrx_word' id='word_1_642' title='bbox 2378 4518 2477 4592; x_wconf 79' lang='grc' dir='ltr'>γὰρ</span> <span class='ocrx_word' id='word_1_643' title='bbox 2511 4521 2652 4570; x_wconf 77' lang='grc' dir='ltr'>πᾶσα</span> <span class='ocrx_word' id='word_1_644' title='bbox 2681 4513 2888 4585; x_wconf 76' lang='grc' dir='ltr'>καθαρὰ</span> <span class='ocrx_word' id='word_1_645' title='bbox 2917 4515 3159 4575; x_wconf 78' lang='grc' dir='ltr'>ποθοῦσα</span> <span class='ocrx_word' id='word_1_646' title='bbox 3186 4510 3277 4565; x_wconf 86' lang='grc' dir='ltr'>τὸν</span> <span class='ocrx_word' id='word_1_647' title='bbox 3314 4507 3613 4575; x_wconf 76' lang='grc' dir='ltr'>Δεσπότην,</span> 
     </span>
    </p>
   </div>
   <div class='ocr_carea' id='block_1_103' title="bbox 2180 4593 3571 4677">
    <p class='ocr_par' dir='ltr' id='par_1_103' title="bbox 2180 4593 3571 4677">
     <span class='ocr_line' id='line_1_103' title="bbox 2180 4593 3571 4677; baseline -0.004 -17"><span class='ocrx_word' id='word_1_648' title='bbox 2180 4608 2414 4661; x_wconf 80' lang='grc' dir='ltr'>Πάντοτε</span> <span class='ocrx_word' id='word_1_649' title='bbox 2442 4604 2616 4659; x_wconf 86' lang='grc' dir='ltr'>πάντα</span> <span class='ocrx_word' id='word_1_650' title='bbox 2642 4603 2847 4677; x_wconf 87' lang='grc' dir='ltr'>γίνεται</span> <span class='ocrx_word' id='word_1_651' title='bbox 2878 4604 2946 4673; x_wconf 72' lang='grc' dir='ltr'>τῇ</span> <span class='ocrx_word' id='word_1_652' title='bbox 2976 4602 3230 4676; x_wconf 79' lang='grc' dir='ltr'>προκοπῇ</span> <span class='ocrx_word' id='word_1_653' title='bbox 3260 4602 3367 4653; x_wconf 88' lang='grc' dir='ltr'>τῶν</span> <span class='ocrx_word' id='word_1_654' title='bbox 3405 4593 3571 4672; x_wconf 79' lang='grc' dir='ltr'>ἔργων</span> 
     </span>
    </p>
   </div>
   <div class='ocr_carea' id='block_1_104' title="bbox 2176 4682 3651 4770">
    <p class='ocr_par' dir='ltr' id='par_1_104' title="bbox 2176 4682 3651 4770">
     <span class='ocr_line' id='line_1_104' title="bbox 2176 4682 3651 4770; baseline -0.01 -19"><span class='ocrx_word' id='word_1_655' title='bbox 2176 4698 2286 4753; x_wconf 83' lang='grc' dir='ltr'>Νῦν</span> <span class='ocrx_word' id='word_1_656' title='bbox 2323 4696 2418 4768; x_wconf 72' lang='grc' dir='ltr'>μὶν</span> <span class='ocrx_word' id='word_1_657' title='bbox 2448 4694 2630 4770; x_wconf 89' lang='grc' dir='ltr'>θρόνοι</span> <span class='ocrx_word' id='word_1_658' title='bbox 2664 4686 2967 4766; x_wconf 77' lang='grc' dir='ltr'>Χερουϐὶμ,</span> <span class='ocrx_word' id='word_1_659' title='bbox 2998 4688 3087 4744; x_wconf 84' lang='grc' dir='ltr'>καὶ</span> <span class='ocrx_word' id='word_1_660' title='bbox 3120 4689 3307 4763; x_wconf 85' lang='grc' dir='ltr'>θρόνος</span> <span class='ocrx_word' id='word_1_661' title='bbox 3344 4682 3651 4749; x_wconf 70' lang='grc' dir='ltr'>Βασιλέως,</span> 
     </span>
    </p>
   </div>
   <div class='ocr_carea' id='block_1_105' title="bbox 2177 4771 3724 4856">
    <p class='ocr_par' dir='ltr' id='par_1_105' title="bbox 2177 4771 3724 4856">
     <span class='ocr_line' id='line_1_105' title="bbox 2177 4771 3724 4856; baseline -0.007 -18"><span class='ocrx_word' id='word_1_662' title='bbox 2177 4789 2281 4839; x_wconf 78' lang='grc' dir='ltr'>Νῦν</span> <span class='ocrx_word' id='word_1_663' title='bbox 2307 4782 2352 4838; x_wconf 86' lang='grc' dir='ltr'>δ’</span> <span class='ocrx_word' id='word_1_664' title='bbox 2384 4780 2630 4856; x_wconf 74' lang='grc' dir='ltr'>ἄμπελος</span> <span class='ocrx_word' id='word_1_665' title='bbox 2661 4781 3003 4854; x_wconf 81' lang='grc' dir='ltr'>κατάκαρπος</span> <span class='ocrx_word' id='word_1_666' title='bbox 3037 4778 3087 4832; x_wconf 74' lang='grc' dir='ltr'>ἐν</span> <span class='ocrx_word' id='word_1_667' title='bbox 3118 4782 3235 4837; x_wconf 79' lang='grc' dir='ltr'>ταῖς</span> <span class='ocrx_word' id='word_1_668' title='bbox 3267 4774 3463 4834; x_wconf 78' lang='grc' dir='ltr'>αὐλαῖς</span> <span class='ocrx_word' id='word_1_669' title='bbox 3491 4771 3724 4845; x_wconf 79' lang='grc' dir='ltr'>Κυρίου.</span> 
     </span>
    </p>
   </div>
   <div class='ocr_carea' id='block_1_106' title="bbox 2176 4860 3639 4948">
    <p class='ocr_par' dir='ltr' id='par_1_106' title="bbox 2176 4860 3639 4948">
     <span class='ocr_line' id='line_1_106' title="bbox 2176 4860 3639 4948; baseline -0.012 -18"><span class='ocrx_word' id='word_1_670' title='bbox 2176 4878 2348 4948; x_wconf 75' lang='grc' dir='ltr'>’Ὁπερ</span> <span class='ocrx_word' id='word_1_671' title='bbox 2376 4874 2467 4928; x_wconf 85' lang='grc' dir='ltr'>οῦν</span> <span class='ocrx_word' id='word_1_672' title='bbox 2497 4872 2641 4946; x_wconf 70' lang='grc' dir='ltr'>λέγει</span> <span class='ocrx_word' id='word_1_673' title='bbox 2672 4875 2922 4945; x_wconf 85' lang='grc' dir='ltr'>καθαρῶς</span> <span class='ocrx_word' id='word_1_674' title='bbox 2955 4872 2988 4938; x_wconf 75' lang='grc' dir='ltr'>ἡ</span> <span class='ocrx_word' id='word_1_675' title='bbox 3020 4868 3227 4944; x_wconf 84' lang='grc' dir='ltr'>νόμφη,</span> <span class='ocrx_word' id='word_1_676' title='bbox 3259 4869 3421 4919; x_wconf 88' lang='grc' dir='ltr'>τοῦτο</span> <span class='ocrx_word' id='word_1_677' title='bbox 3454 4860 3602 4948; x_wconf 68' lang='grc' dir='ltr'>λεγει</span> <span class='ocrx_word' id='word_1_678' title='bbox 3624 4879 3639 4894; x_wconf 89' lang='grc'><strong>·</strong></span> 
     </span>
    </p>
   </div>
   <div class='ocr_carea' id='block_1_107' title="bbox 2176 4947 3654 5037">
    <p class='ocr_par' dir='ltr' id='par_1_107' title="bbox 2176 4947 3654 5037">
     <span class='ocr_line' id='line_1_107' title="bbox 2176 4947 3654 5037; baseline -0.012 -20"><span class='ocrx_word' id='word_1_679' title='bbox 2176 4965 2263 5024; x_wconf 83' lang='grc' dir='ltr'>Ὣς</span> <span class='ocrx_word' id='word_1_680' title='bbox 2294 4947 2461 5037; x_wconf 78' lang='grc' dir='ltr'>ἔγνων</span> <span class='ocrx_word' id='word_1_681' title='bbox 2491 4961 2581 5016; x_wconf 84' lang='grc' dir='ltr'>τὸν</span> <span class='ocrx_word' id='word_1_682' title='bbox 2612 4956 2960 5036; x_wconf 84' lang='grc' dir='ltr'>ἀδελφιδοῦν,</span> <span class='ocrx_word' id='word_1_683' title='bbox 2987 4953 3229 5010; x_wconf 73' lang='grc' dir='ltr'>τουτέστι</span> <span class='ocrx_word' id='word_1_684' title='bbox 3269 4952 3359 5007; x_wconf 84' lang='grc' dir='ltr'>τὸν</span> <span class='ocrx_word' id='word_1_685' title='bbox 3390 4947 3654 5028; x_wconf 80' lang='grc' dir='ltr'>νυμφίον,</span> 
     </span>
    </p>
   </div>
   <div class='ocr_carea' id='block_1_108' title="bbox 2176 5041 3450 5121">
    <p class='ocr_par' dir='ltr' id='par_1_108' title="bbox 2176 5041 3450 5121">
     <span class='ocr_line' id='line_1_108' title="bbox 2176 5041 3450 5121; baseline -0.009 -15"><span class='ocrx_word' id='word_1_686' title='bbox 2176 5056 2358 5114; x_wconf 85' lang='grc' dir='ltr'>Ὅστις</span> <span class='ocrx_word' id='word_1_687' title='bbox 2388 5049 2674 5119; x_wconf 75' lang='grc' dir='ltr'>ἀπέσταξεν</span> <span class='ocrx_word' id='word_1_688' title='bbox 2700 5050 2833 5121; x_wconf 79' lang='grc' dir='ltr'>ἡμῖν</span> <span class='ocrx_word' id='word_1_689' title='bbox 2861 5044 3090 5120; x_wconf 88' lang='grc' dir='ltr'>γλεῦκος</span> <span class='ocrx_word' id='word_1_690' title='bbox 3122 5041 3411 5106; x_wconf 83' lang='grc' dir='ltr'>ἀθανασίας</span> <span class='ocrx_word' id='word_1_691' title='bbox 3439 5058 3450 5071; x_wconf 84' lang='lat'><strong><em>°</em></strong></span> 
     </span>
    </p>
   </div>
   <div class='ocr_carea' id='block_1_109' title="bbox 2176 5130 3612 5212">
    <p class='ocr_par' dir='ltr' id='par_1_109' title="bbox 2176 5130 3612 5212">
     <span class='ocr_line' id='line_1_109' title="bbox 2176 5130 3612 5212; baseline -0.013 -13"><span class='ocrx_word' id='word_1_692' title='bbox 2176 5142 2290 5199; x_wconf 78' lang='grc' dir='ltr'>Οὐκ</span> <span class='ocrx_word' id='word_1_693' title='bbox 2320 5141 2431 5197; x_wconf 80' lang='grc' dir='ltr'>ἔστι</span> <span class='ocrx_word' id='word_1_694' title='bbox 2462 5143 2657 5201; x_wconf 78' lang='grc' dir='ltr'>πάσαις</span> <span class='ocrx_word' id='word_1_695' title='bbox 2686 5138 2896 5212; x_wconf 82' lang='grc' dir='ltr'>ὥριμος</span> <span class='ocrx_word' id='word_1_696' title='bbox 2926 5139 3129 5210; x_wconf 82' lang='grc' dir='ltr'>ψυχαῖς</span> <span class='ocrx_word' id='word_1_697' title='bbox 3161 5139 3282 5197; x_wconf 84' lang='grc' dir='ltr'>ταῖς</span> <span class='ocrx_word' id='word_1_698' title='bbox 3319 5130 3612 5204; x_wconf 75' lang='grc' dir='ltr'>ὶναρέταις,</span> 
     </span>
    </p>
   </div>
   <div class='ocr_carea' id='block_1_110' title="bbox 2178 5213 3737 5302">
    <p class='ocr_par' dir='ltr' id='par_1_110' title="bbox 2178 5213 3737 5302">
     <span class='ocr_line' id='line_1_110' title="bbox 2178 5213 3737 5302; baseline -0.012 -17"><span class='ocrx_word' id='word_1_699' title='bbox 2178 5229 2337 5285; x_wconf 84' lang='grc' dir='ltr'>Ἀλλ’</span> <span class='ocrx_word' id='word_1_700' title='bbox 2368 5228 2682 5302; x_wconf 72' lang='grc' dir='ltr'>ἐξαλλάσσει</span> <span class='ocrx_word' id='word_1_701' title='bbox 2716 5228 2775 5280; x_wconf 86' lang='grc' dir='ltr'>τὸ</span> <span class='ocrx_word' id='word_1_702' title='bbox 2803 5224 3027 5299; x_wconf 88' lang='grc' dir='ltr'>τερπνὸν</span> <span class='ocrx_word' id='word_1_703' title='bbox 3061 5220 3203 5283; x_wconf 79' lang='grc' dir='ltr'>εἶδος</span> <span class='ocrx_word' id='word_1_704' title='bbox 3234 5220 3395 5275; x_wconf 76' lang='grc' dir='ltr'>αὐτοῦ</span> <span class='ocrx_word' id='word_1_705' title='bbox 3426 5213 3737 5284; x_wconf 61' lang='grc' dir='ltr'>πολλάκις,</span> 
     </span>
    </p>
   </div>
   <div class='ocr_carea' id='block_1_111' title="bbox 2175 5307 3534 5393">
    <p class='ocr_par' dir='ltr' id='par_1_111' title="bbox 2175 5307 3534 5393">
     <span class='ocr_line' id='line_1_111' title="bbox 2175 5307 3534 5393; baseline -0.007 -19"><span class='ocrx_word' id='word_1_706' title='bbox 2175 5320 2327 5374; x_wconf 75' lang='grc' dir='ltr'>Κατὰ</span> <span class='ocrx_word' id='word_1_707' title='bbox 2353 5320 2416 5373; x_wconf 88' lang='grc' dir='ltr'>τὸ</span> <span class='ocrx_word' id='word_1_708' title='bbox 2450 5319 2645 5393; x_wconf 70' lang='grc' dir='ltr'>μέτρον</span> <span class='ocrx_word' id='word_1_709' title='bbox 2679 5311 2894 5384; x_wconf 70' lang='grc' dir='ltr'>δηλαδὴ</span> <span class='ocrx_word' id='word_1_710' title='bbox 2921 5316 3022 5366; x_wconf 84' lang='grc' dir='ltr'>τῶν</span> <span class='ocrx_word' id='word_1_711' title='bbox 3050 5310 3254 5385; x_wconf 85' lang='grc' dir='ltr'>ἀρετῶν</span> <span class='ocrx_word' id='word_1_712' title='bbox 3288 5307 3534 5364; x_wconf 71' lang='grc' dir='ltr'>ἑκάστου.</span> 
     </span>
    </p>
   </div>
   <div class='ocr_carea' id='block_1_112' title="bbox 2177 5391 3841 5483">
    <p class='ocr_par' dir='ltr' id='par_1_112' title="bbox 2177 5391 3841 5483">
     <span class='ocr_line' id='line_1_112' title="bbox 2177 5391 3841 5483; baseline -0.008 -21"><span class='ocrx_word' id='word_1_713' title='bbox 2177 5409 2351 5463; x_wconf 84' lang='grc' dir='ltr'>Ἀνθεῖ</span> <span class='ocrx_word' id='word_1_714' title='bbox 2406 5409 2502 5483; x_wconf 79' lang='grc' dir='ltr'>γὰς</span> <span class='ocrx_word' id='word_1_715' title='bbox 2550 5391 2749 5467; x_wconf 69' lang='grc' dir='ltr'>ἄλλαις</span> <span class='ocrx_word' id='word_1_716' title='bbox 2820 5407 2927 5459; x_wconf 88' lang='grc' dir='ltr'>τῶν</span> <span class='ocrx_word' id='word_1_717' title='bbox 2989 5404 3206 5474; x_wconf 77' lang='grc' dir='ltr'>ψυχῶν,</span> <span class='ocrx_word' id='word_1_718' title='bbox 3261 5399 3311 5452; x_wconf 74' lang='grc' dir='ltr'>ἰν</span> <span class='ocrx_word' id='word_1_719' title='bbox 3368 5393 3565 5456; x_wconf 79' lang='grc' dir='ltr'>ἄλλαις</span> <span class='ocrx_word' id='word_1_720' title='bbox 3618 5391 3685 5449; x_wconf 78' lang='grc' dir='ltr'>δὶ</span> <span class='ocrx_word' id='word_1_721' title='bbox 3744 5416 3841 5449; x_wconf 86' lang='grc' dir='ltr'>κυ-</span> 
     </span>
    </p>
   </div>
   <div class='ocr_carea' id='block_1_113' title="bbox 3526 5482 3765 5557">
    <p class='ocr_par' dir='ltr' id='par_1_113' title="bbox 3526 5482 3765 5557">
     <span class='ocr_line' id='line_1_113' title="bbox 3526 5482 3765 5557; baseline -0.008 0"><span class='ocrx_word' id='word_1_722' title='bbox 3526 5482 3765 5557; x_wconf 62' lang='grc' dir='ltr'>μερίζει,</span> 
     </span>
    </p>
   </div>
   <div class='ocr_carea' id='block_1_114' title="bbox 2177 5572 3725 5657">
    <p class='ocr_par' dir='ltr' id='par_1_114' title="bbox 2177 5572 3725 5657">
     <span class='ocr_line' id='line_1_114' title="bbox 2177 5572 3725 5657; baseline -0.008 -14"><span class='ocrx_word' id='word_1_723' title='bbox 2177 5588 2263 5643; x_wconf 84' lang='grc' dir='ltr'>Ἐν</span> <span class='ocrx_word' id='word_1_724' title='bbox 2299 5585 2495 5648; x_wconf 79' lang='grc' dir='ltr'>ἄλλαις</span> <span class='ocrx_word' id='word_1_725' title='bbox 2526 5583 2569 5639; x_wconf 85' lang='grc' dir='ltr'>δ’</span> <span class='ocrx_word' id='word_1_726' title='bbox 2604 5580 2813 5657; x_wconf 82' lang='grc' dir='ltr'>ὥριμός</span> <span class='ocrx_word' id='word_1_727' title='bbox 2846 5578 3007 5646; x_wconf 79' lang='grc' dir='ltr'>ἐστιν,</span> <span class='ocrx_word' id='word_1_728' title='bbox 3042 5576 3093 5631; x_wconf 72' lang='grc' dir='ltr'>ἓν</span> <span class='ocrx_word' id='word_1_729' title='bbox 3125 5572 3320 5638; x_wconf 73' lang='grc' dir='ltr'>ἄλλαις</span> <span class='ocrx_word' id='word_1_730' title='bbox 3355 5573 3409 5630; x_wconf 73' lang='grc' dir='ltr'>δὲ</span> <span class='ocrx_word' id='word_1_731' title='bbox 3436 5575 3725 5648; x_wconf 80' lang='grc' dir='ltr'>περκάζει.</span> 
     </span>
    </p>
   </div>
   <div class='ocr_carea' id='block_1_115' title="bbox 2173 5663 3687 5753">
    <p class='ocr_par' dir='ltr' id='par_1_115' title="bbox 2173 5663 3687 5753">
     <span class='ocr_line' id='line_1_115' title="bbox 2173 5663 3687 5753; baseline -0.011 -21"><span class='ocrx_word' id='word_1_732' title='bbox 2173 5677 2239 5732; x_wconf 75' lang='grc' dir='ltr'><em>Ἠ</em></span> <span class='ocrx_word' id='word_1_733' title='bbox 2269 5674 2453 5753; x_wconf 88' lang='grc' dir='ltr'>νύμφη</span> <span class='ocrx_word' id='word_1_734' title='bbox 2486 5672 2663 5728; x_wconf 86' lang='grc' dir='ltr'>τοίνυν</span> <span class='ocrx_word' id='word_1_735' title='bbox 2697 5670 2930 5748; x_wconf 72' lang='grc' dir='ltr'>φέρουσα</span> <span class='ocrx_word' id='word_1_736' title='bbox 2960 5666 3288 5742; x_wconf 77' lang='grc' dir='ltr'>κυπρίζοντα</span> <span class='ocrx_word' id='word_1_737' title='bbox 3319 5665 3409 5721; x_wconf 85' lang='grc' dir='ltr'>τὸν</span> <span class='ocrx_word' id='word_1_738' title='bbox 3458 5663 3687 5738; x_wconf 83' lang='grc' dir='ltr'>βότρυν,</span> 
     </span>
    </p>
   </div>
  </div>
