4042 6198
207 393 320 453 565

209 521 477 577 Διίκνυσιν
508 521 591 578 δτι
622 523 910 599 προκοπὴν
946 523 1046 579 οὐκ
1075 521 1271 600 ἔφθασε
1300 525 1533 585 τελείαν.

210 612 320 667 Εἶθ’
348 609 532 685 ὥσπερ
567 611 942 684 ὑπαυξάνουσα
970 617 1066 668 τοῦ
1097 620 1409 689 κυπρισμοῦ
1438 617 1500 670 τὸ
1529 616 1755 684 κάλλος,

207 698 416 772 Οὕτως,
450 701 608 777 φησὶ,
641 700 890 776 κυπρίζει
925 723 1023 774 μοι
1055 703 1283 779 Χριστὸς
1316 705 1344 758 6
1369 705 1457 758 καὶ
1489 705 1742 783 νυμφίος,

206 792 406 864 Ὠσπερ
437 789 761 867 κυπρίζουσι
786 796 1032 866 τερπνῶς
1066 791 1118 848 ἐν
1149 797 1228 865 τῷ
1254 790 1414 848 Γαδδῖ
1441 795 1518 866 τῷ
1547 797 1702 868 τόπῳ

208 879 266 936 Οἱ
295 883 406 933 τῶν
441 878 706 952 ἀμπέλων
739 879 962 956 βότρυες
996 878 1215 944 εὐώδεις
1245 885 1542 961 πεφυκότες
1570 903 1582 915 ⁸

208 975 274 1036 Γῆ
308 970 442 1043 γὰρ,
475 969 550 1030 ὥς
578 989 729 1046 φασι,
752 974 850 1022 τοῦ
884 967 1045 1024 Γαδδὶ
1077 970 1500 1048 ἀμπελοτρόφος
1530 973 1683 1040 οὖσα,

208 1061 303 1121 Γῆν
339 1064 517 1112 πᾶσαν
551 1057 887 1134 ὑπερήλασεν
922 1059 995 1122 εἰς
1026 1060 1124 1128 τήν
1157 1056 1519 1137 ἠδυϐοτρύαν.

205 1153 305 1216 Τῆς
337 1152 474 1222 γοῦν
509 1149 677 1222 ἁγνῆς
705 1148 795 1201 καὶ
828 1150 1062 1222 καθαρᾶς
1092 1153 1278 1226 ψυχῆς
1312 1150 1572 1222 εἰπούσης
1604 1149 1752 1220 τάδε,

205 1237 259 1292 Ὀ
291 1235 467 1310 λόγος
504 1236 853 1311 ἀποκρίνεται
875 1235 1050 1311 λέγων
1083 1243 1252 1292 ταῦτα
1275 1258 1288 1270 ·

265 1321 414 1381 Ἰδοὺ
471 1326 523 1379 εἶ
577 1325 743 1394 καλή,
807 1328 841 1394 ἡ
899 1326 1136 1396 πλησίον
1201 1349 1326 1400 μου,
1384 1326 1506 1382 ἰδοὺ
1562 1328 1748 1400 καλή·
1811 1331 1862 1383 οἱ

207 1412 492 1486 ὀφθαλμοί
519 1436 636 1482 σου,
670 1415 998 1490 περιστεραί.

267 1505 480 1575 ’Ὠσπερ
515 1504 567 1556 οἱ
599 1506 1076 1578 χρυσογνώμονις,
1110 1504 1200 1567 οὕς
1231 1528 1354 1584 φασι
1387 1507 1755 1583 χρυσοχόους,

202 1596 283 1647 Ἀν
308 1593 405 1646 τὸν
440 1593 647 1668 χρυσὸν
691 1591 962 1662 θελήσωσι
991 1594 1084 1649 τὸν
1115 1590 1622 1668 κεκιϐδηλωμένον,

210 1681 606 1756 ,λαμπρότερον
640 1681 957 1756 ἐργάσασθαι
987 1683 1073 1736 καὶ
1106 1686 1335 1760 καθαρὸν
1370 1684 1600 1760 ἐξόχως,

205 1769 486 1832 Πολλάκις
524 1768 823 1844 βάλλουσιν
850 1771 1009 1826 αὐτὸν
1039 1771 1090 1826 ἐν
1117 1779 1235 1836 τοῖς
1266 1773 1663 1850 χωνευτηρίοις

201 1863 397 1914 Τοῦτον
428 1860 522 1914 τὸν
552 1860 754 1934 τρόπον
788 1857 1020 1915 δείκνυσι
1051 1863 1150 1931 τήν
1182 1862 1400 1942 νύμφην
1428 1869 1518 1917 νῦν
1553 1865 1580 1918 ὁ
1614 1861 1801 1940 λόγος,

201 1951 258 2004 ’0
279 1954 391 2003 τῶν
424 1952 625 2023 ψυχῶν
658 1952 992 2024 θεραπευτής
1021 1956 1127 2005 τῶν
1165 1952 1635 2026 μεμελανωμένων
1661 1973 1672 1986 ·

201 2041 379 2109 Ἵππῳ
398 2038 502 2112 γὰρ
531 2037 734 2108 ταύτην
768 2038 1032 2115 πρότερον
1063 2045 1140 2112 τῷ
1174 2039 1323 2117 λόγῳ
1353 2042 1702 2116 παρεικάσας,

202 2127 288 2181 Καὶ
327 2123 511 2196 δείξας
541 2125 619 2180 ἔτι
650 2135 910 2202 χαμερπῆ
941 2128 1227 2204 τυγχάνειν
1255 2131 1352 2198 τήν
1386 2132 1674 2206 παρθένον,

202 2217 338 2291 Πρὸς
375 2215 573 2289 ἀρετὴν
607 2215 824 2290 ἠρέθισε
851 2216 1050 2288 ταύτην
1083 2217 1452 2294 ὑψηλοτέραν.

196 2311 250 2361 Ἦ
280 2303 340 2359 Si
373 2305 698 2378 προκύψασα
728 2307 938 2380 τρανῶς
967 2312 1086 2368 ταῖς
1120 2306 1306 2383 χάρισι
1337 2314 1442 2364 τῶν
1477 2308 1676 2386 φίλων,

202 2396 410 2448 Γίνεται
445 2392 641 2466 θρόνος
671 2393 896 2465 πύρινος
925 2393 1022 2449 τοῦ
1053 2395 1267 2450 πάντων
1302 2398 1590 2458 Βασιλέως.

200 2479 274 2538 9Α“
338 2483 351 2501 9
377 2480 403 2502 7
550 2483 559 2498 σ
781 2482 791 2500 Ι
1061 2490 1084 2499 -ι
1154 2485 1168 2502 9
1309 2491 1329 2501 ε-
1411 2486 1425 2507 ’
1491 2486 1516 2504 υ

262 2480 330 2535 Λλ
377 2503 456 2536 ετι
489 2481 658 2535 παλιν
691 2483 962 2558 φθανουσα
991 2504 1112 2545 ταις
1144 2505 1358 2559 αρεταις
1382 2507 1458 2548 εις
1489 2489 1648 2560 υψος,

202 2571 295 2626 Καὶ
330 2569 504 2624 πάλιν
540 2571 942 2646 προσεγγίσασα
969 2578 1050 2645 τῷ
1079 2576 1297 2650 καθαρῷ
1327 2576 1566 2650 νυμφίῳ,

199 2664 476 2732 ιῖαμπρῷς
510 2659 908 2732 ἐγκωμιάζεται
939 2663 1026 2716 καὶ
1062 2665 1208 2738 παρὰ
1235 2668 1331 2718 τοῦ
1361 2665 1618 2742 νυμφίου.

200 2747 332 2805 Ἰδοὺ
361 2749 466 2822 γὰρ
500 2749 546 2802 εἴ
575 2748 743 2820 καλή²
777 2752 962 2827 φησὶν,
995 2753 1029 2820 ἡ
1063 2751 1298 2822 πλησίον
1333 2775 1459 2826 μου.

199 2838 253 2892 ,ιγ
383 2835 410 2853 ‘
551 2842 578 2872 τ
666 2839 718 2873 -‘
1157 2846 1179 2856 '
1311 2842 1320 2860 '

241 2859 318 2892 ,τα
380 2837 613 2899 διπλους
678 2859 759 2892 ..ον
811 2839 1028 2894 ἔπαινον
1085 2862 1182 2895 του
1260 2841 1500 2906 καλλους
1581 2843 1852 2922 ἐπιφέρων

1568 2931 1777 3005 [πάλιν,

198 3014 354 3085 Ἰδοὺ,
393 3017 550 3094 φήσί,
581 3014 727 3085 κοιλή
760 3017 1071 3093 τυγχάνεις,
1106 3019 1151 3073 ὦ
1182 3021 1432 3097 παρθένε.

197 3105 384 3178 Ἔχεις
417 3105 522 3180 γὰρ
551 3099 776 3177 ὄμματα
805 3107 1008 3176 τερπνά
1037 3113 1355 3182 περιστερᾶς
1385 3110 1675 3181 παρθένου,

193 3192 426 3248 Ὀπόταν
461 3213 558 3246 σου
586 3193 715 3254 τοὺς
762 3193 1082 3271 ὀφθαλμοὺς
1113 3195 1444 3270 ἀπέστρεψας
1482 3204 1582 3267 τῆς
1612 3195 1845 3269 πλάνης,

192 3280 286 3335 Καὶ
325 3281 466 3355 πρὸς
498 3280 598 3353 ἐμὲ
627 3281 721 3336 τὸν
748 3281 1127 3359 πλαστουργὸν
1155 3284 1246 3338 τὸν
1277 3286 1369 3340 σὸν
1403 3285 1740 3358 ένατενίζεις,

198 3375 521 3445 Ηεριστερᾶς
547 3367 606 3424 ὃὶ
640 3371 912 3443 μέμνηται
943 3370 1034 3426 νῦν
1071 3372 1389 3451 ὀφθαλμοὺς
1421 3376 1448 3430 6
1481 3375 1671 3450 λόγος,

191 3460 257 3512 Τὸ
286 3460 524 3533 καθαρὸν
553 3463 652 3514 τοῦ
686 3460 1007 3535 βλέμματος
1040 3464 1324 3536 σημαίνων
1355 3470 1454 3534 τῆς
1489 3466 1778 3539 παρθένου.

195 3548 293 3602 Καὶ
326 3549 433 3623 γὰρ
464 3553 726 3604 τοσοῦτον
758 3551 990 3626 καθαρὸν
1019 3547 1177 3627 ἔσχεν
1210 3551 1386 3622 ἐκείνη
1425 3551 1670 3628 βλέμμα,

193 3640 351 3692 Ὥστε
381 3635 600 3692 κατεῖδε
619 3640 870 3716 καθαρῶς
897 3640 988 3694 τὸν
1022 3641 1318 3697 κάλλιστον
1348 3643 1600 3722 νυμφίον.

758 3751 870 3799 Τῶν
911 3756 956 3822 γ’
997 3748 1272 3824 Ματέρων.

260 3834 425 3891 Οὕτω
472 3834 654 3889 τοίνυν
706 3836 806 3902 τὴν
859 3837 1078 3914 νύμφην
1139 3840 1167 3892 6
1225 3838 1458 3913 νυμφίος
1519 3840 1658 3914 ὁρῶν
1719 3838 1855 3892 κατὰ

197 3926 387 3997 πρᾶξιν
447 3925 542 3995 μὲν
601 3926 865 3999 καθαρὰν,
915 3929 1051 3980 κατὰ
1107 3927 1333 4002 θεωρίαν
1397 3924 1452 3982 δὲ
1504 3928 1852 4001 πεφωτισμέ-

191 4035 311 4081 νην,
346 4013 481 4090 φησί
511 4015 651 4086 πρὸς
681 4013 872 4084 αὐτήνο
906 4013 1044 4072 Ἰδοὺ
1077 4019 1126 4070 εἴ
1149 4015 1314 4086 καλὴ,
1349 4020 1383 4086 ἡ
1437 4016 1672 4086 πλησίον
1723 4038 1850 4090 μου,

197 4097 316 4155 ἰδοὺ
372 4102 419 4156 εἶ
479 4101 649 4172 καλή·
721 4103 997 4179 ὀφθαλμοί
1075 4127 1190 4174 σου,
1251 4105 1580 4180 περιστεραί.
1629 4108 1852 4180 Ἥγουν,

192 4188 338 4245 Ἰδοὺ
374 4193 644 4267 ὑπάργεις
677 4190 851 4266 ὡραία
881 4193 1017 4247 κατᾶ
1050 4195 1294 4269 μετοχὴν
1320 4202 1420 4263 τῆς
1462 4193 1600 4268 έμῆς
1651 4195 1852 4270 ὡραιό-

195 4300 382 4347 τητος,
417 4280 492 4341 ὡς
544 4281 606 4334 τὸ
654 4277 740 4334 διὰ
787 4281 888 4350 τήν
936 4283 1159 4356 πρώτην
1193 4283 1442 4338 ἀπιστίαν
1469 4285 1661 4359 αἶσχος
1719 4285 1852 4338 ἀπο-

197 4363 504 4441 ϐαλομὲνη,
565 4370 656 4422 καὶ
731 4368 981 4446 ἐγγίσασά
1061 4393 1153 4444 μοι
1217 4373 1332 4427 κατ’
1390 4373 1583 4447 ἀρετὴν
1655 4371 1708 4427 ἐν
1776 4379 1853 4444 τῷ

201 4460 541 4528 μιμήσασθαι
591 4458 722 4520 τοὺς
771 4459 937 4532 ἐμοὺς
1011 4461 1255 4534 μιμητὰς
1305 4461 1664 4523 ἀποστόλους.
1715 4459 1854 4519 Ἰδοὺ

198 4545 465 4621 ὑπάρχεις
524 4547 700 4621 ὡραία
762 4549 837 4608 ὡς
894 4549 1040 4622 παρᾶ
1092 4555 1200 4604 τῶν
1246 4549 1486 4626 ἀγγέλων
1525 4572 1628 4623 μου
1657 4552 1751 4612 τὰς
1799 4550 1849 4605 ἐν

195 4633 272 4705 τῷ
363 4636 520 4689 παντὶ
596 4632 915 4711 διδαχθεῖσα
991 4637 1249 4717 ἐμφάσεις

199 4725 526 4797 ὡραῖσθεῖσα
577 4725 668 4780 καὶ
725 4729 862 4781 κατὰ
934 4733 1157 4801 γνῶσιν,
1217 4727 1510 4804 ἐπειδήπερ
1568 4730 1619 4783 οἱ
1677 4729 1854 4805 νοεροὶ

199 4812 477 4889 ὀφθαλμοί
514 4835 614 4868 σου
645 4817 1026 4887 πνευματικοὶ,
1060 4817 1110 4871 έν
1143 4823 1223 4889 τῷ
1265 4821 1339 4890 μή
1387 4817 1685 4872 ἀπατᾶσθαι
1743 4824 1858 4878 τοῖς

205 4901 256 4954 ἐν
287 4903 567 4972 αἰσθήσεσι
619 4911 891 4978 τερπνοῖς,
929 4905 1058 4962 ἀλλ’
1088 4907 1161 4968 ὡς
1207 4907 1256 4961 ἐν
1313 4907 1594 4984 ἐσόπτροις
1644 4907 1859 4970 τούτοις

196 4991 264 5045 τὰ
292 4992 649 5068 κεκρυμμένα
681 4991 864 5069 διορᾷν
899 4995 1071 5066 νοητὰ
1098 4995 1304 5068 κάλλη.

764 5105 882 5156 Τῶν
920 5104 965 5177 γ’
1005 5104 1283 5174 Πατέρων.

273 5188 418 5261 Πρὸς
449 5192 618 5243 ταῦτα
649 5186 709 5244 δὶ
739 5193 774 5259 ἡ
806 5191 1018 5267 νύμφη,
1047 5189 1234 5260 ἐπειδή
1286 5192 1432 5268 παρά
1473 5197 1568 5247 τοῦ
1625 5192 1860 5268 νυμφίου

211 5277 630 5350 μεμαρτύρηται
695 5279 1091 5352 πνευματικοὺς
1154 5280 1298 5355 ἔχειν
1357 5281 1695 5359 ἀφθαλμοὺς,
1735 5282 1861 5336 κάν-

200 5366 385 5420 τεῦθεν
443 5368 520 5439 μή
581 5367 974 5440 ἀπατωμένους
1009 5389 1021 5401 ⁶
1087 5367 1234 5423 ἀλλά
1297 5371 1358 5424 τὸ
1415 5371 1616 5445 κυρίως
1670 5368 1861 5439 καλὸν,

201 5455 321 5507 ὅθεν
357 5457 391 5524 ἦ
432 5455 709 5526 ὡραιότης
759 5457 895 5532 αὐτῇ
946 5459 1132 5534 γέγονε
1182 5459 1317 5512 κατᾶ
1367 5461 1632 5534 μετοχὴν,
1664 5459 1861 5533 γνωρί-

196 5548 414 5612 ζοντας,
456 5543 582 5600 τάδε
629 5547 816 5623 φησίν·
874 5545 1015 5603 Ἰδοὺ
1060 5548 1104 5601 εἶ
1135 5549 1323 5609 καλὸς.
1375 5545 1701 5626 ἀδελφιδοῦς
1757 5570 1862 5620 μου

197 5629 487 5703 δηλονότι,
522 5636 596 5688 Συ
660 5636 827 5707 μόνος
877 5634 935 5689 ἂν
979 5632 1202 5696 δικαίως
1251 5634 1437 5712 λέγοιο
1482 5635 1647 5698 καλὸς
1675 5639 1700 5691 6
1733 5637 1861 5710 ἀγα-

201 5723 380 5790 πητός
436 5743 561 5793 μου,
597 5724 661 5778 οὗ
708 5727 843 5779 κατᾶ
907 5728 1150 5800 μετοχήν
1190 5723 1332 5780 καλὰ
1360 5727 1426 5780 τὰ
1473 5725 1614 5780 καλά
1645 5747 1656 5758 ·
1713 5726 1864 5800 καίγε

1252 395 1663 459 GOMMENT.
1710 397 1790 458 ΙΝ
1836 396 2237 461 CANTICUM
2282 402 2590 463 CANTIC.

3511 407 3631 467 566

1899 538 1942 599 Α
1978 530 2129 586 botri
2163 533 2414 603 jucunde
2448 534 2653 590 florent
2682 535 2738 590 in
2773 535 2957 592 Gaddi
2986 552 2998 592 :
3033 553 3159 608 quae
3191 537 3429 609 quidem
3471 538 3628 610 regio

1976 618 2191 676 vitibus
2240 623 2552 680 abundans
2581 641 2706 680 uvae
2739 624 3028 681 suavitate
3075 626 3298 681 caeteris
3352 626 3630 682 omnibus

1975 709 2291 767 antecellit.
2325 712 2454 768 Haec
2503 714 2701 768 anima
2752 718 2913 770 casta
2945 719 3001 770 et
3025 731 3172 786 pura
3196 731 3331 770 cum
3361 714 3629 783 dixisset,

1974 811 2225 866 sponsus
2257 801 2569 872 respondet
2599 801 2679 857 ita
2703 817 2982 873 sponsam
3014 801 3322 875 alloquens
3357 819 3371 858 :

2045 1329 2178 1382 Ecce
2202 1325 2434 1397 pulchra
2463 1342 2538 1392 cs,
2569 1328 2881 1399 propinqua
2927 1343 3075 1393 mea,
3109 1341 3233 1382 ecce
3256 1324 3488 1397 pulchra
3516 1341 3571 1381 es
3603 1343 3624 1379 :

1971 1418 2118 1474 oculi
2147 1418 2249 1481 tui,
2283 1416 2570 1472 columbae.

2043 1506 2546 1570 Quemadmodum
2580 1505 2680 1577 qui
2714 1521 2923 1560 aurum
2948 1508 3206 1560 tractant
3222 1508 3278 1559 et
3295 1504 3620 1572 elaborant,

1969 1612 2118 1666 quos
2149 1594 2419 1649 auriﬁces
2459 1593 2842 1666 appellamus,
2894 1594 2941 1649 si
2974 1611 3184 1648 aurum
3218 1592 3618 1648 adulteratam

1965 1685 2145 1740 velint
2174 1701 2517 1756 expurgare,
2548 1690 2605 1739 et
2636 1686 2840 1756 purius
2872 1691 3045 1756 atque
3075 1683 3444 1755 splendidius
3486 1684 3620 1738 red-

1967 1774 2122 1841 dere,
2161 1775 2375 1846 saepius
2407 1774 2551 1829 illud
2586 1775 2644 1828 in
2679 1776 2941 1830 fornaces
2973 1773 3296 1844 conjiciunt
3329 1789 3341 1827 :
3377 1773 3460 1828 sic
3492 1774 3617 1828 ani-

1968 1880 2094 1919 mas
2119 1880 2246 1936 quae
2271 1863 2633 1935 nigredinem
2659 1867 3268 1930 contraxerunt,curat
3285 1860 3618 1932 expolitque

1971 1958 2138 2008 Deus.
2165 1955 2310 2009 Cum
2333 1953 2489 2006 enim
2517 1951 2680 2025 prius
2702 1969 2981 2023 sponsam
3006 1969 3167 2024 equae
3191 1955 3618 2021 comparasset,

1963 2043 2431 2112 ostendissetque
2462 2059 2585 2096 eam
2619 2042 2811 2097 adhuc
2853 2042 3020 2097 humi
3072 2057 3292 2113 repere,
3323 2040 3610 2112 virginem

1963 2133 2034 2187 ad
2057 2131 2208 2186 hanc
2231 2131 2633 2186 sublimiorem
2663 2131 2934 2185 virtutem
2960 2130 3256 2186 incitavit:
3285 2129 3388 2184 illa
3416 2135 3611 2184 autem

1965 2220 2286 2277 amicorum
2332 2220 2542 2276 ofﬁciis
2572 2236 2702 2276 vere
2731 2219 3064 2291 proficiens,
3116 2219 3180 2273 ﬁt
3225 2218 3395 2289 ignea
3442 2217 3611 2272 sedes

1965 2309 2140 2381 Regis
2164 2309 2818 2365 universorum.Deinde
2839 2307 3156 2363 virtutibus
3177 2322 3412 2362 rursum
3435 2305 3614 2360 altius

1965 2403 2252 2469 provecta,
2284 2404 2459 2470 atque
2488 2399 2700 2454 iterum
2734 2398 2806 2452 ad
2840 2412 3052 2469 purum
3093 2411 3370 2467 sponsum
3399 2410 3614 2465 appros

1962 2487 2278 2558 pinquans,
2312 2489 2382 2542 ab
2412 2504 2478 2542 eo
2509 2486 2781 2559 praeclare
2811 2486 3257 2541 commendatur
3286 2486 3415 2538 Ecce
3441 2485 3610 2551 enim,

1959 2576 2175 2646 inquit,
2194 2577 2430 2649 pulchra
2451 2593 2526 2644 es,
2554 2579 2860 2648 propinqua
2885 2591 3005 2630 mea
3023 2591 3045 2636 ;
3067 2578 3124 2629 et
3154 2571 3612 2646 pulchritudinis

1961 2669 2195 2726 laudem
2255 2669 2647 2741 ingeminans,
2699 2684 2836 2737 ecce,
2896 2665 3109 2738 inquit,
3157 2664 3393 2737 pulchra
3444 2679 3520 2730 es,
3578 2679 3610 2717 ο

1959 2758 2142 2830 virgo.
2191 2759 2448 2814 Jucundi
2498 2759 2651 2813 enim
2702 2774 2762 2811 es
2807 2754 2994 2810 oculis
3042 2754 3285 2826 praedita
3326 2751 3610 2807 columba

1960 2848 2225 2919 virginis,
2261 2865 2394 2903 cum
2426 2847 2625 2903 oculos
2672 2851 2806 2900 tuos
2856 2845 2926 2900 ab
2979 2859 3173 2899 errore
3221 2841 3522 2906 averteris,
3553 2844 3612 2895 et

1960 2952 2057 2992 eos
2097 2937 2154 2991 in
2206 2955 2298 2993 me
2345 2938 2674 2992 Creatorem
2724 2939 2894 2989 tuum
2938 2932 3284 2988 intenderis.
3314 2929 3608 2985 Columbae

1960 3029 2156 3081 autem
2189 3027 2390 3082 oculos
2422 3028 2728 3091 memorat,
2753 3028 2818 3078 ut
2839 3039 3051 3093 purum
3076 3020 3318 3092 virginis
3341 3021 3608 3075 obtutum

1958 3115 2267 3185 signiﬁcet.
2299 3116 2438 3170 Tam
2472 3113 2724 3169 mundos
2751 3111 2908 3166 enim
2941 3111 3140 3165 oculos
3172 3111 3368 3176 habet,
3403 3112 3466 3162 ut
3494 3123 3610 3178 pu-

1956 3204 2097 3260 riter
2127 3203 2589 3278 pulcherrimum
2623 3217 2907 3272 sponsum
2940 3200 3208 3272 aspiciat.

2557 3747 2740 3800 Trium
2771 3748 3022 3800 Patrum.

2033 3841 2127 3897 Sic
2158 3838 2342 3911 igitur
2363 3851 2641 3906 sponsam
2665 3833 2914 3888 actionis
2937 3829 3190 3903 puritate
3211 3831 3610 3900 praestantem,

1961 3935 2019 3988 et
2049 3924 2560 3996 contemplationis
2591 3922 2720 3976 luce
2751 3920 3154 3992 splendentem
3187 3933 3440 3989 sponsus
3463 3915 3612 3987 aspi-

1960 4021 2122 4076 ciens
2168 4015 2487 4087 alloquitur
2516 4031 2534 4067 :
2561 4014 2690 4067 Ecce
2720 4010 2948 4082 pulchra
2976 4025 3051 4078 es,
3084 4009 3394 4079 propinqua
3437 4022 3561 4058 mea
3593 4021 3612 4058 :

1961 4127 2076 4167 cccc
2127 4106 2357 4179 pulchra
2403 4121 2458 4160 es
2487 4123 2503 4157 :
2536 4101 2691 4158 oculi
2738 4103 2840 4167 tui,
2892 4099 3178 4157 columbae.
3231 4099 3314 4152 En
3364 4096 3614 4151 formosa

1963 4198 2236 4264 exsistis;
2281 4195 2421 4266 quia
2466 4192 2757 4265 particeps
2805 4207 2866 4245 es
2914 4186 3374 4262 pulchritudinis
3423 4199 3612 4240 meae:

1962 4287 2242 4363 quoniam
2278 4283 2539 4357 pristim?
2571 4279 3000 4336 incredulitatis
3055 4276 3480 4348 turpitudinem
3513 4275 3614 4363 abf

1954 4362 2172 4450 jecisti,
2208 4382 2281 4442 et,
2311 4371 2643 4426 imitatores
2685 4385 2848 4424 meos
2877 4365 3175 4438 apostolos
3203 4363 3508 4431 imitando,
3543 4362 3613 4416 ad

1963 4483 2057 4521 me
2105 4480 2208 4536 per
2252 4462 2528 4516 virtutem
2583 4455 3089 4530 appropinquasti.
3128 4455 3270 4509 Ecce
3295 4453 3504 4508 decora
3533 4468 3618 4520 es,

1966 4555 2183 4626 quippe
2214 4568 2340 4624 quae
2372 4550 2444 4605 ab
2477 4547 2701 4619 angelis
2749 4546 2895 4601 meis
2944 4543 3167 4616 species
3209 4548 3343 4598 tuas
3392 4557 3516 4612 quae
3557 4541 3616 4595 in

1347 4661 1450 4711 μου
1484 4685 1498 4710 ,
1574 4641 1835 4694 κάντεῦθε·

1972 4643 2188 4698 mundo
2238 4644 2398 4705 sunt,
2432 4635 2715 4706 didicisti,
2748 4639 2922 4705 atque
2953 4632 3034 4687 ita
3065 4630 3394 4703 cognitione
3437 4629 3613 4684 etiam

1966 4737 2022 4787 et
2052 4729 2298 4787 scientia
2326 4745 2388 4784 es
2421 4729 2717 4783 exornata.
2757 4721 2970 4778 Mentis
2999 4721 3156 4776 enim
3191 4719 3345 4776 oculi
3374 4717 3460 4772 tui
3492 4717 3616 4788 spi-

1965 4820 2163 4875 ritales
2195 4820 2372 4873 rebus
2402 4815 2599 4871 sensui
2626 4812 2911 4884 jucundis
2952 4809 3194 4864 minime
3217 4807 3614 4879 decipiuntur,

1965 4911 2064 4964 sed
2091 4909 2149 4962 in
2172 4906 2244 4961 iis
2268 4911 2546 4974 tanquam
2579 4903 2635 4957 in
2663 4901 2900 4974 speculo
2933 4899 3261 4954 reconditas
3293 4895 3616 4969 pulchritu—

1966 4998 2132 5053 dines
2163 4993 2562 5065 intelligibiles
2593 4989 3086 5061 contemplantur.

2565 5099 2750 5154 Trium
2778 5103 3031 5152 Patrum.

2039 5193 2122 5247 Ad
2156 5192 2276 5246 haec
2307 5206 2545 5261 sponsa,
2571 5203 2707 5242 cum
2741 5183 3077 5241 testimonio
3101 5183 3302 5256 sponsi
3325 5179 3623 5253 spiritales

1974 5283 2180 5337 habeat
2211 5279 2411 5336 oculos
2440 5277 2540 5350 qui
2573 5276 2760 5348 decipi
2795 5278 3106 5346 nequeant,
3141 5273 3242 5327 sed
3295 5271 3447 5343 quod
3492 5285 3624 5325 vere

1971 5370 2283 5442 pulchrum
2317 5374 2427 5438 est,
2465 5367 2621 5422 unde
2650 5365 2779 5438 ipsa
2810 5379 3041 5436 quoque
3071 5362 3137 5416 ﬁt
3166 5359 3624 5433 pulchritudinis

1973 5460 2286 5532 particeps,
2341 5456 2754 5528 conspiciant:
2790 5451 3201 5523 Ecce;inquit,
3251 5465 3312 5505 es
3361 5448 3624 5520 pulcher,

1973 5565 2188 5620 sponse
2239 5548 2340 5602 mi.
2371 5551 2451 5601 Tu
2507 5544 2668 5601 solus
2709 5542 3000 5609 videlicet,
3043 5542 3178 5611 jure
3221 5538 3465 5611 pulcher
3510 5533 3624 5590 dici

1975 5643 2160 5708 potes,
2188 5635 2394 5691 dilecte
2423 5636 2526 5699 mi,
2580 5634 2747 5700 cujus
2782 5629 3172 5701 partipatione
3203 5627 3451 5699 pulchra
3483 5627 3620 5678 sunt

1975 5727 2237 5798 pulchra.
2273 5725 2539 5791 Pulcher,
2577 5724 2838 5793 inquam,
2869 5720 3169 5775 inaccessa
3217 5721 3442 5771 naturas
3491 5709 3620 5783 pul-
