4042 6198
381 411 501 471 567
1723 409 2147 473 MICHAELIS
2190 408 2465 470 PSELLI
3693 407 3807 469 568

387 542 749 599 chritudine.
783 543 875 599 Sic
907 544 1087 617 igitur
1123 544 1386 616 pulcher,
1415 545 1485 599 ad
1512 543 1730 599 lectum
1779 548 2042 599 nostrum
2077 581 2090 610 λ

2196 546 2363 617 »ραῖος
2393 546 2472 619 τῷ
2502 539 2784 617 ἀπροσίτῳ
2816 538 3009 597 κάλλει
3040 547 3141 610 τῆς
3193 539 3398 603 οὐσίας.
3429 540 3492 596 Ὀ
3534 543 3666 614 γοῦν
3719 538 3777 593 οὕ

390 635 731 703 umbrosus,
761 633 820 687 in
856 639 1065 689 natura
1094 638 1296 689 nostra
1328 633 1629 702 nimirum,
1660 635 1719 687 in
1752 641 1903 705 qua”
1927 638 2052 688 tan-

2196 651 2266 691 ως
2297 630 2502 705 ὡραῖος
2537 631 2672 705 πρὸς
2718 628 2912 701 κλίνην
2972 632 3133 703 ἡμῶν
3189 628 3429 701 σύσκιος,
3461 626 3585 698 ἤτοι
3641 628 3692 682 ὲν
3741 632 3806 701 τῇ

393 739 568 795 quam
624 723 679 776 in
734 722 883 778 lecto
937 724 1248 794 quiescens
1281 728 1340 777 tu
1376 722 1473 777 Dei
1502 728 1561 777 et
1592 722 1778 778 Patris
1808 722 2050 778 lucidis-

2207 722 2403 795 μετὲρᾳ
2450 719 2623 798 φύσει,
2685 718 2764 798 ἐφ’
2916 720 2992 781 ὡς
3050 717 3136 773 ἐπὶ
3184 717 3344 792 κλίνῃ
3372 716 3618 793 ἀναπαύῃ
3651 719 3688 787 ἡ
3716 721 3808 771 τοῦ

394 812 584 867 simus
617 816 674 867 et
705 811 828 867 sine
861 813 1070 867 umbra
1101 812 1323 878 radius,
1357 828 1461 883 per
1508 812 1779 867 umbram
1830 812 2054 883 aspice-

2196 813 2296 863 leoii
2325 810 2413 863 καὶ
2448 810 2657 881 Ηατρὸς
2687 806 3019 881 ὁλολαμπὴς
3064 807 3154 862 καὶ
3213 808 3397 869 ἄσκιος
3444 806 3615 873 ἀκτὶς,
3654 826 3810 860 σκιωο

396 900 501 970 ris,
552 906 835 971 tauquam
889 900 944 954 in
1002 901 1259 971 imagine
1307 899 1617 971 exemplar.
1667 900 1952 964 Quoniam
2001 904 2059 956 et

2200 903 2275 960 ῶς
2326 900 2425 974 ὁρᾷ
2457 899 2530 959 ὡς
2557 898 2607 951 ἰν
2639 897 2804 952 εἰκόνι
2839 898 3168 973 ἀρχέτυπον.
3200 897 3348 953 Ἐπεὶ
3410 893 3467 950 δὲ
3512 895 3601 951 καὶ
3657 893 3808 965 οῗκη-

403 990 616 1045 domus
646 995 747 1044 tua
778 1006 907 1056 nos,
938 989 1199 1045 Ecclesia
1231 990 1513 1045 nimirum
1539 1007 1666 1061 qua:
1692 991 1750 1044 in
1773 994 1828 1045 te
1850 991 2053 1058 credit,

404 1095 609 1134 sumus
656 1080 824 1147 Tigna
880 1082 1089 1141 nostra,
1140 1080 1294 1134 cedri
1336 1097 1355 1133 :
1400 1080 1509 1134 hoc
1559 1084 1666 1146 est,
1714 1079 1947 1151 pietatis
2003 1085 2061 1136 et

406 1166 703 1236 religionis
727 1168 1004 1239 dogmata
1030 1184 1155 1239 quae
1179 1172 1465 1239 tanquam
1485 1168 1650 1240 tigna
1672 1170 2061 1235 domum,boo

408 1259 517 1319 est,
561 1254 822 1309 ﬁdelium
877 1256 1195 1311 Ecclesium
1243 1259 1565 1327 continent,
1598 1262 1655 1313 et
1682 1258 1851 1329 quasi
1882 1258 2061 1323 cedri,

412 1344 635 1399 fortiter
664 1344 985 1399 constituta
1019 1345 1207 1401 solida
1236 1346 1293 1400 in
1325 1347 1619 1402 Christum
1655 1348 1767 1402 fide
1800 1348 2065 1402 innitun-

409 1436 543 1488 tur:
570 1449 763 1504 neque
811 1433 1133 1489 Ecclesiam
1175 1435 1430 1491 assiduis
1470 1436 1757 1492 hieresum
1792 1441 1849 1492 et
1874 1441 2065 1493 tenta-

411 1522 641 1577 tionum
697 1522 980 1589 motibus,
1013 1523 1191 1579 veluti
1248 1524 1423 1581 variis
1471 1526 1902 1583 vehementium
1954 1528 2064 1583 im-

416 1610 613 1665 brium
669 1616 847 1682 atque
901 1616 1207 1668 ventorum
1264 1615 1603 1672 incursibus
1667 1621 2067 1689 oppugnatam

417 1699 758 1754 labefactari
796 1717 861 1755 ac
896 1716 1061 1756 ruere
1108 1702 1437 1773 patiuntur.
1487 1708 1811 1777 Laquearz'a
1856 1710 2069 1778 nostra,

422 1790 686 1859 cupressi.
716 1790 1037 1861 Laquearia
1068 1791 1286 1846 variam
1318 1792 1458 1847 recti
1489 1793 1789 1850 continent
1817 1795 2072 1867 pulchri-

2164 986 2353 1062 τήριόν
2416 1008 2512 1041 σου
2567 989 2809 1059 ἡμεῖς,ἡ
2864 986 3191 1041 πιστεύσασα
3250 986 3324 1049 είς
3384 986 3440 1040 σὲ
3494 984 3808 1053 Ἐκκλησία,

2168 1075 2350 1149 ἐσμὶν,
2382 1077 2540 1131 Δοκοὶ
2593 1078 2753 1149 ἡμῶν
2813 1073 3219 1152 κὲδρονῆγουν,
3260 1076 3328 1129 τὰ
3384 1082 3484 1145 τῆς
3544 1068 3811 1135 εὐσεϐείας

2171 1163 2436 1243 δόγματα,
2470 1165 2500 1219 ἃ
2535 1163 2686 1236 δίκην
2732 1161 2908 1220 δοκῶν
2958 1169 3301 1241 συνεχουσῶν
3336 1163 3528 1235 οἰκίαν,
3558 1163 3661 1231 τήν
3710 1167 3812 1216 τῶν

2170 1260 2375 1310 πιστῶν
2439 1254 2764 1325 Ἐκκλησίαν
2817 1254 3158 1330 συνέχουσιν,
3207 1255 3293 1309 καὶ
3374 1253 3564 1328 οἷάπερ
3634 1249 3812 1327 κέδροι

2174 1342 2405 1416 ὶδραίως
2461 1342 2817 1419 ὶῤῥιζωμὲνοι
2870 1347 2939 1417 τῇ
3000 1343 3076 1404 εἷς
3128 1342 3363 1419 Χριστὸν
3393 1340 3586 1417 στερῥᾷ
3640 1340 3815 1395 πίστει

2173 1431 2526 1504 ἡδραίωνται·
2560 1432 2649 1487 καὶ
2707 1437 2823 1494 ταῖς
2877 1426 3357 1509 προσϐαλλούσαις
3395 1434 3464 1505 τῇ
3521 1428 3817 1500 Ἐκκλησία

2177 1520 2332 1590 δίκην
2393 1519 2639 1600 σφοδρῶν
2698 1522 2860 1577 ὑετῶν
2919 1520 3008 1577 καὶ
3064 1521 3277 1595 ἀνέμων
3334 1525 3556 1596 συχναῖς
3611 1518 3818 1595 ὶπαγω-

2174 1618 2296 1688 γαῖς
2366 1613 2475 1667 τῶν
2542 1609 2816 1690 διαφόρων
2894 1610 3148 1686 αίρέσεών
3214 1632 3274 1666 τε
3335 1608 3425 1665 καὶ
3482 1612 3818 1685 πειρασμῶν,

2179 1702 2279 1757 οὐκ
2355 1700 2482 1756 ἰῶσι
2563 1700 2766 1772 ταύτην
2840 1706 3181 1757 καταπεσεῖν.
3243 1700 3584 1773 Φατνώματα
3665 1700 3823 1772 ἡμῶν

2179 1791 2541 1862 κυπάρισσοι·
2576 1790 2905 1864 φατνώματα
2963 1787 3019 1844 δὲ
3076 1788 3177 1845 είσι
3235 1786 3693 1844 διαποικίλλουσά
3746 1808 3824 1850 τις

426 1876 714 1947 tudinem,
754 1894 883 1950 qum
934 1883 1164 1935 constat
1208 1896 1275 1935 ex
1322 1882 1607 1939 concinna
1652 1888 1710 1939 et
1757 1884 2075 1941 fabrefacta

2196 1880 2243 1936 τὸ
2268 1887 2367 1950 τῆς
2404 1878 2611 1957 ὀροφῆς
2638 1876 2849 1941 κάλλος
2880 1878 3199 1955 ἐναρμόνιος
3228 1879 3317 1934 καὶ
3338 1874 3823 1981 γλυφώδηςνπῆξις

430 1967 866 2038 contignatione
923 1968 1297 2037 tabularum;
1352 1987 1481 2041 quae
1527 1972 1761 2043 quidem
1796 1974 1846 2029 si
1874 1988 1941 2029 ex
1971 1990 2075 2030 cu-

429 2071 632 2127 presso
680 2056 953 2110 confcctaa
999 2057 1140 2127 sint,
1180 2062 1305 2112 tum
1337 2059 1483 2115 bene
1512 2059 1690 2127 olent,
1722 2066 1848 2116 tum
1879 2066 2078 2133 putre-

431 2144 628 2199 dinem
676 2160 791 2199 non
844 2145 1184 2201 admittunt.
1220 2146 1321 2202 His
1353 2148 1593 2204 virtutes
1644 2154 1785 2204 sunt
1830 2149 2077 2220 similes,

431 2232 650 2304 quibus
695 2233 1206 2305 perturbationum
1251 2240 1308 2291 et
1359 2236 1632 2293 vitiorum
1687 2238 2079 2312 corruptionis

429 2322 769 2393 expertibus
827 2327 1148 2378 exornatur
1204 2324 1459 2381 Ecclesia
1519 2342 1532 2381 :
1589 2343 1909 2400 earumque
1964 2328 2079 2383 fra-

426 2411 660 2483 grantia
687 2411 938 2483 spiritali
972 2421 1447 2487 consperguutur
1493 2418 1594 2488 qui
1642 2419 1844 2473 animae
1894 2434 2081 2474 sensu:

429 2500 629 2557 habent
657 2502 984 2558 exercitatos
1014 2503 1076 2557 ¹⁰.

1156 2612 1347 2667 Pselli.

500 2698 790 2770 Sponsam
828 2715 1014 2770 purus
1064 2715 1319 2771 sponsus
1366 2700 1628 2757 laudavit
1661 2720 1675 2759 :
1704 2719 1880 2775 quem
1925 2718 2082 2761 nunc

430 2786 692 2843 vicissim
726 2803 947 2858 sponsa
976 2792 1371 2861 commendat,

506 2879 654 2944 Ecce,
705 2877 1003 2948 inquiens,
1047 2879 1275 2949 pulcher
1312 2896 1385 2952 es,
1417 2897 1582 2951 nepa:
1628 2899 1818 2954 meus;
1849 2887 2082 2953 natura,

435 2967 703 3039 inquam,
753 2983 815 3022 es
869 2968 1157 3038 pulcher:
1193 2973 1332 3027 Ecce
1381 2970 1662 3043 formosus
1709 2989 1765 3029 es
1810 2990 1874 3030 ac
1919 2976 2089 3044 plane

436 3056 659 3112 decorus
692 3060 743 3111 et
771 3059 852 3128 tu,
883 3074 1080 3130 sponse
1110 3061 1210 3115 mi.

508 3147 588 3200 Ac
611 3147 1109 3217 quemadmodum
1132 3148 1367 3220 gemina
1385 3149 1484 3205 ille
1504 3150 1677 3207 laude
1698 3170 1976 3225 sponsam
2001 3172 2090 3209 ex-

436 3235 611 3291 tulit:
637 3235 721 3290 sic
748 3236 848 3291 illa
876 3237 1093 3309 duplici
1118 3239 1287 3293 laude
1309 3257 1591 3311 sponsum
1618 3242 1798 3297 eil'ert.
1822 3243 2085 3315 Pulcher,

436 3325 1246 3399 inquiens,es,spouse,atque
1265 3328 1866 3402 formosuchpotem
1890 3338 2084 3389 autem

437 3432 655 3487 sponsa
705 3416 1015 3471 Dominum
1076 3416 1350 3488 appellat,
1383 3436 1512 3474 eam
1566 3419 1819 3475 innuens
1868 3431 2090 3493 partem

439 3503 628 3575 ipsius
660 3520 764 3577 per
792 3522 969 3575 quam
1029 3506 1113 3560 illi
1159 3507 1490 3580 propinqua
1537 3514 1625 3565 est
1673 3527 1801 3581 qua;
1846 3512 2097 3584 pertinet

442 3594 511 3648 ad
548 3594 1006 3660 humanitatem,
1040 3612 1218 3662 quam
1263 3598 1497 3667 quidem
1530 3598 1683 3654 infra
1715 3600 1948 3671 planius
1995 3618 2096 3656 ex-

446 3682 685 3755 plicabit
719 3700 730 3738 :
765 3700 1049 3754 sponsum
1077 3685 1234 3740 enim
1264 3703 1483 3757 sponsa
1509 3687 1774 3744 vicissim
1824 3689 2096 3762 laudans,

447 3772 533 3827 sic
561 3772 631 3826 ad
663 3788 798 3827 eum
830 3773 1031 3827 statim
1064 3773 1206 3829 dicit
1237 3792 1249 3831 :
1283 3775 1366 3830 Ad
1400 3775 1615 3831 lectum
1651 3782 1920 3834 nostrum
1951 3796 2100 3851 um-

448 3860 681 3917 brosus.

525 4145 610 4200 Ad
642 4144 935 4213 inﬁmum,
999 4146 1206 4219 inquit,
1266 4148 1482 4204 lectum
1543 4154 1810 4207 nostrum
1870 4153 1955 4209 sic
2011 4171 2106 4210 ac-

453 4235 722 4304 cessisti,
792 4241 855 4291 ut
929 4237 1129 4292 dedita
1202 4254 1377 4309 opera
1424 4239 1749 4297 divinitatis
1821 4242 2106 4316 fulgorem

2186 1967 2434 2026 σανίδωψ
2486 1967 2643 2045 αἵπερ
2688 1969 2776 2023 ἐὰν
2814 1970 2943 2023 ὦσιν
2986 1967 3045 2023 ἐκ
3084 1966 3453 2041 κυπαρίσσων,
3482 1966 3545 2021 τὸ
3603 1962 3827 2021 εὔπνουν

2187 2056 2399 2133 ἔχουσι,
2432 2058 2518 2113 καὶ
2562 2056 2860 2129 σηπεδόνος
2909 2055 3101 2133 σχεδόν
3147 2055 3277 2112 εἷ’σιν
3322 2053 3710 2131 ἆπαράδεκτοι.
3741 2057 3828 2109 Ὧν

2188 2144 2342 2217 δίκην
2401 2148 2456 2201 αἱ
2514 2147 2698 2223 ἀρεταὶ
2746 2148 2847 2217 τὴν
2893 2145 3221 2217 Ἐκκλησίαν
3275 2143 3704 2221 καθωραίζουσι,
3746 2144 3833 2198 καὶ

2186 2243 2286 2306 τῆς
2370 2241 2478 2292 τῶι
2556 2237 2739 2291 παθῶν
2818 2234 3118 2307 σηπεδόνος
3208 2234 3339 2290 εῗσὶν
3426 2228 3831 2306 άπαράδεκτοι·

2187 2326 2279 2382 καὶ
2338 2325 2566 2382 εὐωδίαν
2616 2328 2985 2398 πνευματικὴν
3046 2324 3232 2401 ἀφιᾶἱσι
3286 2330 3402 2386 τοῖς
3454 2319 3837 2399 γεγυμνασμέ-⁹

2188 2435 2302 2477 νοις
2330 2414 2396 2471 ea
2419 2421 2521 2485 τῆς
2551 2418 2739 2491 ψυχῆς
2769 2414 3119 2489 αἰσθητήρια.

2884 2608 3130 2665 Ψελλοῦ.

2261 2702 2369 2770 Τὴν
2423 2698 2636 2777 νύμφην
2714 2697 3088 2759 ἐπαινέσαντος
3146 2694 3243 2753 τοῦ
3305 2697 3541 2767 καθαροῦ
3600 2691 3837 2770 νυμφίου

2194 2791 2671 2863 Ἀνταποκρίνεται
2705 2787 2898 2843 λοιπὸν
2927 2786 3148 2857 κάκείνη
3180 2786 3269 2840 τὸν
3302 2784 3553 2861 νυμφίον,

2267 2877 2407 2937 Ἰδοὺ
2466 2878 2634 2940 καλὸς
2678 2875 2769 2933 καί
2808 2898 2867 2953 γε
2898 2876 3099 2952 ὡραῖος
3157 2872 3447 2953 άδελφιδός
3499 2890 3642 2945 μου⁶
3698 2869 3841 2949 φημὶ

2196 2967 2254 3025 δὶ
2313 2968 2465 3043 φύσει
2516 2970 2737 3043 ὡραῖος.
2770 2965 2913 3024 Ἰδοὺ
2972 2962 3141 3028 καλὸς
3196 2966 3286 3019 καὶ
3338 2962 3400 3018 σὺ
3450 2962 3766 3037 τυγχάνεις,
3798 2959 3841 3013 ὧ

2195 3058 2415 3135 νυμφίε.

2267 3152 2472 3223 ’Ὥσπερ
2505 3144 2550 3201 δ’
2579 3146 2783 3209 ἐκεῖνος
2814 3142 2999 3218 εἴρηκε
3028 3139 3260 3205 διπλοῦς
3299 3138 3435 3213 αὐτῇ
3467 3137 3739 3210 ἐπαίνους,

2198 3236 2356 3295 Οὕτω
2387 3235 2614 3297 διπλοῦς
2644 3234 2951 3310 ἀντείρηκεν
2987 3232 3161 3303 ἰκείνη
3191 3230 3321 3293 τοὺς
3349 3228 3620 3296 ἐπαίνους,

2201 3328 2400 3394 Καλὸς,
2434 3325 2676 3393 εἰποῦσα,
2707 3323 2967 3402 πέφυκας,
3000 3323 3044 3376 ὦ
3074 3320 3291 3398 νυμφίε,
3318 3318 3408 3374 καὶ
3439 3319 3666 3390 ὡραῖος.

2197 3412 2551 3493 Ἀδελφιδοῦν
2580 3412 2625 3468 δ’
2658 3412 2939 3485 ὠνόμασεν
2972 3414 3006 3480 ἡ
3038 3410 3223 3488 νύμφη
3245 3408 3339 3463 τὸν
3370 3406 3670 3477 Δεσπότην,

2197 3505 2303 3573 Τήν
2363 3504 2468 3558 ὰπὸ
2522 3506 2623 3567 τῆς
2669 3500 2990 3576 σαρκώσεως
3040 3498 3204 3553 αὐτοῦ
3259 3497 3398 3573 πρὸς
3441 3494 3570 3557 τοὺς
3637 3493 3847 3570 ἀνθρώ-

3616 3585 3777 3658 [πους

2203 3681 2563 3756 Αίνιττομίνη
2596 3683 2890 3758 προφανῶς
2915 3677 3230 3755 συγγενικὴν
3266 3671 3460 3750 μερίδα
3482 3694 3496 3707 ο

2204 3780 2301 3829 *Ην
2339 3771 2577 3846 μάλιστα
2605 3768 2939 3845 πλατύτερον
2967 3766 3203 3829 κάτωθεν
3237 3761 3565 3840 διδαχθήσῃ.

2208 3860 2654 3920 Ἀντεπαινὲσασα
2723 3858 2812 3913 καί
2882 3858 2983 3933 γὰρ
3057 3856 3092 3925 ἠ
3168 3853 3355 3932 νύμφη
3428 3853 3522 3907 τὸν
3606 3850 3859 3927 νυμφίον,

2212 3953 2368 4029 φησὶ,
2400 3950 2489 4005 καὶ
2535 3952 2703 4003 ταῦτα
2749 3945 3020 4022 παρευθὺς
3067 3944 3202 4020 πρὸς
3253 3944 3347 3999 τὸν
3396 3942 3554 3997 αὐτὸν
3594 3938 3861 4020 νυμφίον·

2213 4042 2356 4117 Πρὸς
2379 4039 2573 4110 κλίνην
2606 4040 2764 4111 ἡμῶν
2794 4035 3030 4098 σύσκιος.

2286 4144 2505 4216 Ἧλθες,
2536 4143 2693 4224 φησὶ,
2733 4144 2871 4219 πρὸς
2927 4142 3028 4210 τὴν
3086 4142 3246 4213 ἡμῶν
3304 4138 3695 4208 ἀσθενεστάτην
3749 4134 3864 4191 κλί-

3658 4232 3801 4296 [νην.

455 4324 858 4380 obumbrares.
894 4325 1017 4384 Nisi
1049 4343 1179 4382 eam
1224 4332 1287 4383 tu
1332 4328 1406 4383 iis
1456 4330 1783 4387 rationibus
1829 4349 1955 4403 quae
2003 4332 2087 4388 tib

2218 4328 2333 4395 Τὴν
2368 4325 2645 4401 ἀστραπὴν
2668 4324 2767 4392 τὴν
2803 4322 2986 4389 θεϊκήν
3018 4319 3287 4394 ἐντέχνως
3315 4317 3630 4377 συσκιάσας.

456 4413 563 4469 soli
598 4414 843 4485 cognitas
874 4421 1032 4485 sunt,
1065 4417 1499 4485 abscondisses,
1550 4419 1744 4475 divino
1800 4421 2090 4493 splendori

2220 4415 2287 4471 Εἴ
2319 4417 2394 4489 μὴ
2424 4416 2525 4489 γὰρ
2556 4411 2790 4490 ἔκρυψας
2820 4411 2987 4479 αὐτὴν
3021 4412 3101 4471 οἷς
3134 4405 3284 4469 οίδας
3313 4408 3540 4482 τρόποις
3576 4404 3765 4478 μόνος,

458 4504 606 4558 forte
652 4505 986 4575 consumpti
1044 4521 1332 4561 essemus.
1385 4507 1545 4570 Quod
1603 4510 1839 4580 quidem
1896 4516 2110 4579 totum,

459 4592 646 4647 Verbo
696 4592 1059 4649 divinitatem
1109 4595 1354 4663 celante,
1390 4597 1604 4652 factum
1638 4602 1745 4653 est.
1778 4604 1919 4655 Cum
1954 4602 2111 4655 enim

2218 4505 2350 4580 Τάχ⁹
2378 4502 2436 4557 ἂν
2470 4501 2937 4573 κατηναλώθημεν
2970 4499 3021 4569 ἐξ
3052 4499 3331 4573 ἀστραπῆς
3351 4501 3451 4564 τῆς
3480 4494 3654 4557 θείας·

2222 4593 2386 4651 Ὀλον
2420 4590 2475 4647 δὲ
2496 4596 2656 4646 τοῦτο
2687 4589 2889 4666 πέφυκε
2914 4592 3011 4643 τοῦ
3042 4588 3217 4661 Λόγου
3247 4586 3309 4640 τὸ
3339 4583 3659 4659 κρυψίνουν.

462 4681 634 4736 amici
665 4681 766 4752 qui
798 4698 1075 4753 sponsam
1108 4683 1495 4756 deducebant,
1544 4691 1607 4741 ut
1645 4704 1825 4759 supra
1855 4688 2087 4745 declara

2224 4682 2373 4740 Ἐπεὶ
2402 4682 2503 4757 γὰρ
2530 4682 2581 4735 οἱ
2612 4677 2969 4758 νυμφαγωγοὶ
2998 4676 3086 4731 καὶ
3120 4673 3272 4755 φίλοι
3301 4678 3399 4729 τοῦ
3432 4674 3701 4750 νυμφίου,

462 4772 677 4838 vimus,
706 4786 773 4825 ex
803 4776 1076 4843 argentea
1122 4789 1360 4829 auream
1413 4776 1828 4848 reddidissent,
1879 4783 1935 4834 et
1981 4784 2113 4833 tau-

463 4875 643 4930 quam
668 4857 946 4916 lectulum
972 4862 1198 4933 regium
1232 4880 1491 4935 purpura
1516 4870 1786 4921 ornatum
1814 4867 2116 4924 instruxis-

465 4952 631 5016 sent;
667 4948 726 5002 in
758 4963 824 5004 en
858 4949 975 5003 Rex
1006 4952 1298 5007 accubuit.
1345 4953 1546 5025 Itaque
1596 4972 1814 5028 sponsa
1862 4956 2117 5011 admira-

462 5035 665 5091 bunda
714 5036 797 5091 sic
849 5053 982 5092 eum
1029 5038 1392 5111 alloquitur:
1426 5043 1511 5097 Ad
1558 5043 1774 5099 lectum
1824 5048 2116 5109 nostrum,

464 5125 803 5193 umbrosus,
837 5131 902 5181 ut
931 5127 1126 5195 libuit,
1153 5131 1470 5187 accessisti.
1514 5132 1747 5198 Verum,
1785 5148 1913 5203 quae
1952 5129 2120 5187 dein-

462 5229 598 5284 ceps
630 5214 689 5268 in
720 5214 973 5271 Cauticis
1014 5223 1361 5287 sequuntur,
1387 5220 1923 5293 audiamus.Pergit
1962 5220 2119 5276 enim

463 5302 651 5357 adhuc
684 5320 903 5375 sponsa
940 5322 1224 5377 sponsum
1276 5307 1517 5378 alloqui,
1568 5309 1773 5380 Tigna,
1822 5309 2117 5381 inquiens,

464 5397 687 5461 nostra,
735 5394 892 5448 cedri
930 5412 942 5449 :
979 5394 1301 5466 laquearia,
1352 5398 1638 5467 cupressi.
1682 5399 1923 5464 Quando
1967 5415 2121 5454 nunc

467 5480 537 5534 ad
573 5497 702 5549 nos,
736 5499 767 5536 ο
801 5498 1037 5554 sponse,
1070 5483 1304 5549 venisti,
1343 5483 1537 5539 nullos
1579 5486 1835 5558 amplius
1878 5488 2121 5543 horren-

471 5567 576 5623 dos
636 5570 878 5638 imbres,
935 5569 1129 5625 nullos
1186 5571 1532 5628 torrentium
1592 5573 1867 5647 impetus,
1929 5575 2124 5633 nullos

548 5748 593 5784 ¹⁰
620 5748 793 5805 Hebr.
825 5766 879 5820 v,
915 5750 1001 5805 14.

2224 4774 2310 4834 Ὠς
2342 4769 2542 4835 ἄνωθεν
2571 4770 2863 4844 εἰρήκαμεν
2893 4767 2985 4823 τὸν
3020 4764 3185 4840 λόγον
3218 4764 3342 4839 περὶ
3370 4762 3593 4831 τούτου,

2223 4860 2715 4936 ’Υπαργυρίζουσαν
2748 4857 2913 4925 αὐτὴν
2948 4854 3265 4931 ἐχρύσωσαν
3295 4858 3414 4916 τοῖς
3451 4852 3709 4924 τρόποις,

2228 4952 2325 5006 Καὶ
2356 4948 2549 5019 κλίνην
2584 4948 2974 5023 ἀπειργάσαντο
3009 4944 3300 5019 βασιλικὴν
3326 4938 3641 5017 πορφύραν·

2228 5037 2585 5103 Ἐπανεκλίθη
2611 5038 2897 5112 τοιγαροῦν
2933 5034 2960 5088 ὁ
2992 5030 3251 5093 Βασιλεὺς
3284 5030 3336 5086 ἂν
3365 5028 3563 5103 ταύτῃ.

2228 5129 2433 5184 Λοιπὸν
2465 5129 2499 5197 ἡ
2531 5126 2716 5202 νύμφη
2750 5125 2886 5199 πρὸς
2914 5122 3072 5177 αὐτὸν
3107 5114 3529 5193 ἐκθαμόουμᾶνη
3565 5116 3739 5193 λιγει·

2231 5218 2371 5294 Πρὸς
2401 5216 2596 5287 κλίνην
2627 5215 2793 5284 ἦλθες
2826 5212 3047 5273 σύσκιος
3077 5212 3215 5284 ἡμῖν
3248 5209 3323 5271 ὡς
3364 5202 3722 5278 ἠϐουλήθης.

2229 5306 2389 5362 Ἀλλ’
2420 5304 2778 5377 ἀκουσώμεθα
2808 5301 3003 5357 λοιπὸν
3032 5299 3121 5354 καὶ
3151 5303 3259 5353 τῶν
3293 5298 3415 5368 ἑξῆς
3448 5297 3762 5367 ’ᾼσμάτων.

2232 5396 2376 5466 Φησῖ
2407 5395 2509 5469 γάρ
2543 5393 2618 5449 ἔτι
2641 5394 2776 5465 πρὸς
2808 5391 2967 5446 αὐτὸν
2999 5392 3034 5459 ἡ
3067 5388 3252 5461 νύμφη
3284 5388 3373 5441 τὸν
3407 5384 3672 5460 νυμφίον’

2232 5486 2391 5539 Δοκοὶ
2419 5487 2578 5556 ἡμῶν
2611 5480 2817 5554 κέδροι,
2850 5480 3185 5559 φατνώματα
3212 5479 3374 5549 ἡμῶν
3401 5474 3746 5549 κυπάρισσοι.

2234 5573 2404 5640 Ἐπεὶ,
2440 5572 2625 5652 φησὶν,
2657 5568 2934 5642 ἐλήλυθας
2964 5572 3055 5621 νῦν
3080 5567 3215 5642 πρὸς
3246 5568 3417 5639 ἡμᾶς,
3448 5562 3670 5639 νυμφίε,
