3944 6210
179 392 290 455 569

180 522 364 579 Οὖκὲτι
399 518 757 595 δεδιστόμεθα
790 518 999 596 βροχάς
1027 540 1179 582 τινας
1208 515 1490 596 ραγδαίας,

183 610 321 671 Οὔτε
348 613 593 682 κινήσεις
623 615 886 685 ποταμῶν
917 615 1026 665 τῶν
1058 613 1316 686 πονηρῶν
1350 607 1655 684 ῥευμάτων,

182 701 339 758 Ἀλλ’
372 699 504 757 οὐδὲ
532 702 779 762 πνεύσεις
806 705 904 755 τοῦ
937 699 1109 776 βοῤῥᾶ
1135 698 1443 771 πνεύματος
1466 697 1726 754 ἰναντίου.

184 792 312 864 Ἐμὶ
339 791 444 867 γὰρ
468 788 533 860 ἥν
568 786 866 861 εὐδόκησας
897 788 1030 844 εἶναί
1062 810 1158 844 σου
1187 787 1487 857 κατοικίαν,

188 880 380 942 Καλῶς
412 877 848 952 ἰπῳκοδόμησας
880 878 933 934 ἐν
966 884 1193 952 σεαυτῷ,
1224 878 1443 955 νυμφίε,

183 972 245 1029 Ὀ
272 970 431 1034 λίθος
463 967 631 1033 ὅπως
663 971 692 1025 ὁ
720 971 950 1045 τερπνὸς
976 970 1064 1025 καὶ
1094 976 1195 1039 τῆς
1222 972 1366 1038 ζωῆς
1389 972 1423 1039 ἡ
1456 967 1645 1043 πάτρα.

182 1063 333 1115 Ὀθεν
365 1059 616 1133 δοκῶμεν
644 1059 773 1123 τοὺς
798 1057 992 1124 δοκοὺς
1018 1060 1179 1132 ἡμῶν
1210 1056 1491 1134 κεδρίνους
1521 1058 1678 1127 εἶναι,

186 1153 285 1208 Καὶ
315 1150 484 1206 πάλιν
514 1150 583 1204 τὰ
613 1148 945 1227 φατνώματα
976 1143 1207 1221 δένδρων
1242 1146 1301 1203 lx
1328 1145 1694 1222 κυπαρίσσων.

184 1240 332 1297 Ἐπεὶ
363 1244 495 1315 γοῦν
526 1238 924 1312 ἐμνημόνευσεν
950 1237 1135 1301 ἐνθάδε
1161 1238 1462 1304 κατοικίας,

187 1330 282 1385 Καὶ
315 1329 696 1406 φαηωμὰτων
724 1328 811 1382 καὶ
839 1324 1014 1382 δοκῶν
1044 1326 1143 1382 οὐκ
1175 1326 1317 1382 εἴασε
1349 1332 1655 1399 μνησθῆναι
1680 1343 1694 1357 ·

188 1418 259 1473 Σὺ
294 1415 354 1473 δέ
382 1438 479 1491 μοι
510 1417 579 1471 τὰ
598 1417 932 1495 φατνώματα
961 1415 1205 1479 καὶτοὺς
1236 1413 1430 1478 δοκοὺς
1461 1413 1695 1483 ἀκούων,

190 1508 282 1562 Καὶ
313 1506 514 1582 ἀρετὰς
547 1505 798 1576 ἰννόησον
828 1505 1115 1581 τυγχάνειν
1148 1509 1314 1560 ταῦτα
1335 1504 1507 1559 πάντα
1537 1521 1551 1536 ⁸

190 1598 275 1653 Ἐν
310 1598 397 1657 αἷς
430 1594 604 1650 ἇλθὼν
636 1593 914 1669 ἐστέγασεν
948 1594 1114 1665 αὐτὴν
1147 1595 1175 1649 ὁ
1207 1596 1351 1659 θεῖος
1380 1594 1573 1670 Λόγος,

193 1686 286 1739 Καὶ
322 1687 644 1759 πειρασμῶν
676 1681 987 1739 ἀνένδεκτον
1028 1684 1318 1758 εὶργάσατο
1346 1682 1591 1744 τελείως.

194 1771 459 1846 ’Λνὶμους
488 1771 669 1828 τοίνυν
697 1772 787 1827 γαὶ
822 1772 1030 1848 βροχὰς
1055 1769 1091 1841 ἤ
1114 1771 1399 1845 ποταμοὺς
1429 1770 1663 1839 ἀκούων,

198 1862 483 1935 Δαιμόνων
511 1866 681 1917 ταῦτα
708 1860 1045 1937 πειρασμοὺς
1071 1862 1304 1938 γίνωσκε
1332 1861 1645 1941 πεφυκέναι.

334 1978 486 2053 Ἐγὼ
512 1974 665 2039 ἄνθος
699 1980 797 2031 τοῦ
834 1973 1051 2033 πεδίου.
1083 1975 1265 2050 κρίνον
1306 1974 1697 2049 κοιλωμάτων.

768 2124 887 2176 Τῶν
924 2121 978 2195 γ⁹
1005 2118 1279 2195 Πατέρων.

263 2250 449 2316 Ἤτοι,
478 2245 623 2322 Ἐγὼ
653 2248 687 2315 ἡ
730 2244 781 2316 ἐξ
816 2243 1038 2321 Ἰσραὴλ
1086 2246 1174 2300 καὶ
1229 2244 1281 2316 ἐξ
1331 2244 1497 2311 ἐθνῶν
1524 2243 1848 2317 Ἐκκλησία,

199 2338 329 2392 κατὰ
362 2336 465 2409 μὶν
492 2335 620 2396 τοὺς
661 2334 710 2408 ἐξ
770 2331 1014 2409 Ἰσραὴλ,
1063 2333 1137 2395 ὠς
1182 2335 1338 2407 νὸμῳ
1393 2335 1483 2389 καὶ
1542 2337 1849 2413 προφήταις

201 2426 452 2487 ἀπιστίας
527 2425 618 2479 καὶ
709 2423 900 2487 κακίας
1000 2424 1493 2500 προκαθαρθιντας,
1568 2424 1851 2480 κάντεῦθεν

205 2514 360 2585 δίκην
418 2511 611 2569 πεδίου
674 2510 1199 2588 προομαλισθέντας,
1257 2513 1345 2569 καὶ
1399 2512 1499 2568 οὐκ
1557 2512 1643 2569 ἐπὶ
1708 2512 1853 2569 πολὺ

204 2610 297 2660 τοῦ
353 2603 535 2659 καλοῦ
586 2602 980 2675 ἀφεστηκότας.
1031 2601 1237 2672 ἤνθησα
1282 2605 1351 2676 τῇ
1395 2602 1585 2676 ἀρετῇ,
1628 2602 1719 2658 τὸν
1748 2602 1852 2675 δμ-

209 2690 334 2770 ερον
358 2696 680 2768 γνωστικῶς
738 2688 998 2764 δεξαμένη
1046 2692 1137 2746 τὸν
1196 2690 1516 2765 ἐπουράνιον
1554 2709 1566 2721 ·
1617 2692 1752 2746 κατὰ
1798 2688 1856 2746 δὶ

206 2784 330 2846 τοὺς
373 2782 431 2853 ὶξ
485 2780 675 2846 ἰθνῶν,
729 2780 802 2842 ὡς
854 2777 944 2835 διὰ
1011 2781 1108 2849 τὴν
1168 2781 1392 2856 πρώτην
1447 2780 1697 2835 ἀπιστίαν
1753 2786 1854 2850 τῆς

210 2879 443 2948 φυσικῆς
499 2868 847 2943 ὁμαλότητπ
895 2870 1271 2945 στερηθέντας,
1330 2870 1420 2924 καὶ
1484 2874 1565 2942 τῷ
1620 2874 1855 2945 χειμῶνι

205 2968 310 3019 τῶν
365 2962 555 3016 παθῶν
614 2960 1036 3022 κουανθιντας·
1110 2958 1298 3033 οἷάπερ
1366 2959 1547 3035 κρίνον
1606 2959 1712 3014 ἀπὸ
1758 2964 1857 3015 τοῦ

207 3052 402 3108 κοίλου
430 3050 568 3126 πρὸς
595 3049 659 3104 τὸ
712 3048 924 3121 ὑψηλὸν
976 3046 1305 3117 ἂναθάλλον,
1337 3049 1426 3104 καὶ
1476 3048 1556 3125 ἔφ’
1586 3050 1769 3104 ἱκανὸν
1801 3048 1861 3104 ἐκ

214 3149 310 3210 τῆς
360 3140 519 3215 ῥίζης
574 3135 957 3210 καλαμοειδῶς
1003 3138 1323 3214 ἁνατρὲχον,
1357 3138 1432 3199 ὡς
1474 3136 1534 3191 ἃν
1606 3139 1682 3209 μὴ
1728 3138 1859 3213 κρύ-

212 3251 401 3286 πτοιτο
450 3234 571 3290 τοῖς
612 3225 973 3300 κοιλώμασιν,
1006 3225 1151 3283 ἀλλὰ
1196 3228 1259 3282 τὸ
1304 3226 1511 3290 κάλλος
1562 3226 1758 3282 τούτου
1806 3226 1858 3282 ἐν

216 3320 478 3394 μετεώρῳ
528 3318 728 3391 ὁρῷτο,
778 3320 847 3390 τῇ
900 3315 978 3381 εἷς
1030 3317 1261 3392 Χριστὸν
1314 3316 1491 3372 πίστει
1538 3314 1862 3392 ἐῤῥίζωμαι,

214 3411 300 3463 καὶ
362 3406 454 3462 διὰ
506 3409 842 3482 καθάρσεως,
880 3412 982 3475 τῆς
1013 3410 1121 3461 τῶν
1150 3408 1335 3460 παθῶν
1368 3405 1717 3477 ὑπεξανέστην
1748 3426 1867 3481 συγ-

216 3497 452 3574 χύσεως,
482 3495 575 3550 καὶ
619 3494 706 3549 ἐπὶ
743 3498 823 3567 τῷ
870 3494 989 3568 ὕψει
1047 3500 1147 3563 τῆς
1189 3493 1484 3569 γνωςτικῆς
1530 3493 1757 3570 θεωρίας
1787 3497 1869 3565 τῷ

216 3586 412 3643 κάλλει
442 3589 546 3651 τῆς
574 3586 767 3659 ἀρετῆς
795 3584 1199 3660 καθωράϊσμαι.

913 3725 1161 3784 Ψελλοῢ.

290 3857 491 3929 Καιρὸς
524 3850 725 3909 λοιπὸν
753 3853 842 3908 καὶ
871 3857 981 3907 τῶν
1012 3853 1136 3923 ἒξῆς
1168 3853 1391 3907 ἀκοῦσαι
1421 3850 1625 3923 ταύτης
1660 3848 1869 3928 λόγων.

222 3945 367 4016 Φησὶ
397 3944 501 4021 γὰρ
536 3941 679 3997 οὕτω
707 3942 846 4019 πρὸς
877 3940 1037 3997 αὐτὸν
1069 3941 1249 4017 ὥσπερ
1282 3940 1685 4019 ἐγκαυχωμένη
1720 3961 1734 3974 ·

309 4143 452 4218 Ἐγὼ
482 4140 542 4196 δὲ
572 4136 732 4204 ἄνθος
762 4142 859 4195 τοῦ
887 4135 1097 4210 πεδίου,
1127 4138 1308 4214 κρίνον
1338 4142 1446 4193 τῶν
1479 4136 1776 4196 κοιλάδων.

290 4249 579 4324 Ὑπέρευγε
598 4255 699 4318 τῆς
731 4250 1017 4323 προκοπῆς
1046 4253 1146 4316 τῆς
1176 4247 1412 4321 καθαρᾶς
1443 4245 1707 4321 παρθὲνου
1733 4248 1745 4303 l

220 4338 363 4397 Ἰδοὺ
397 4340 522 4415 γὰρ.
558 4334 696 4414 ἔγνω
718 4336 911 4404 ἱαυτήν
940 4340 1038 4390 τοῦ
1068 4335 1378 4408 ξύμπαντος
1406 4333 1598 4391 πεδίου

232 4432 350 4498 Τῆς
383 4426 732 4503 ἀνθρωπίνης
762 4425 971 4504 φύσεως
1002 4422 1159 4486 ἄνθος
1190 4422 1607 4501 ἐκλελεγμένον,

222 4522 356 4573 Εἶτα
386 4518 476 4572 καὶ
508 4517 693 4592 κρίνον
716 4516 943 4584 καθεξῆς
974 4513 1033 4569 ἐκ
1058 4535 1165 4568 των
1197 4512 1471 4569 κοιλάδων
1504 4516 1644 4569 θεῖον
1680 4533 1693 4547 °

220 4607 446 4681 Πυρίζει
477 4605 580 4681 γὰρ
614 4604 689 4666 ὠς
724 4602 945 4673 ἀληθῶς
968 4607 1109 4657 πᾶσα
1134 4603 1289 4678 ψυχὴ
1318 4608 1433 4665 τοῖς
1456 4604 1706 4679 τρόποις,

216 4701 351 4756 Ταῖς
383 4695 603 4769 ἀρεταῖς
633 4692 909 4762 ἀνθήσασα
936 4691 1026 4746 καὶ
1055 4692 1502 4767 καθωραϊσθεῖσα.

219 4786 319 4842 Καὶ
354 4787 437 4857 μὴ
472 4784 766 4857 μερίμναις
794 4786 1084 4854 κοσμικαῖς
1110 4780 1255 4843 ὅλως
1288 4782 1663 4858 ἀποπνιγεῖσα.

223 4874 321 4931 Καὶ
360 4873 569 4948 μάρτυς
597 4870 795 4926 τούτου
826 4869 1029 4947 πέφυκε
1058 4870 1295 4946 Χριστὸς
1326 4871 1354 4925 ὁ
1383 4870 1473 4924 καὶ
1503 4869 1753 4948 νυμφίος,

222 4971 675 5041 Προσμαρτυρων
709 4960 783 5021 ὡς
813 4958 1036 5031 ἀληθῶς
1079 4963 1159 5032 τῷ
1190 4958 1337 5035 λόγώ
1365 4964 1445 5032 τῷ
1471 4966 1570 5029 τῆς
1598 4958 1840 5036 νύμφης.

224 5054 379 5125 Φησὶ
411 5052 513 5129 γὰρ
545 5050 691 5106 οὕτω
721 5049 856 5125 πρὸς
904 5047 1095 5121 αὐτὴν,
1128 5048 1203 5112 ὠς
1230 5049 1348 5103 καθ’
1365 5048 1553 5123 είρμὸν
1587 5049 1836 5123 εὑρήσεις
1862 5064 1876 5081 '

293 5180 391 5241 Ὠς
423 5176 605 5251 κρίνον
638 5174 693 5229 ἰν
728 5172 876 5247 μέσῳ
919 5177 1029 5228 τῶν
1077 5172 1342 5241 ἀκανθῶν,
1375 5169 1519 5228 οὕτω
1565 5174 1601 5243 ἡ
1650 5169 1879 5244 κλησίον

226 5290 337 5340 μου
370 5266 428 5321 ἐν
464 5266 614 5340 μὲσῳ
644 5268 754 5319 τῶν
780 5264 1109 5337 θυγατὲρων.

300 5386 540 5457 Ὀρθῶς,
574 5378 732 5458 φησὶ,
767 5376 1082 5448 λελάληκας
1109 5398 1233 5454 περι
1265 5385 1487 5450 σαυτῆς,
1514 5375 1559 5432 ὦ
1587 5378 1773 5456 νύμφη
1810 5400 1823 5413 ·

226 5471 436 5533 Οὕτως
464 5471 568 5546 γὰρ
604 5469 768 5542 μέσον
795 5472 903 5522 τῶν
934 5471 1128 5543 ψυχῶν
1157 5470 1266 5522 τῶν
1292 5465 1449 5536 δῆθεν
1468 5468 1794 5544 θυγατέρων,

226 5565 358 5621 Τῶν
386 5558 446 5614 ἐν
473 5558 760 5634 μερίμναις
786 5556 1016 5611 πάντοτε
1045 5557 1650 5631 συγκαταπνιγομένων,

231 5651 311 5706 Σῦ
345 5648 496 5722 μόνη
521 5652 616 5703 νῦν
646 5645 942 5717 ἐξήνθησας
971 5643 1150 5720 ὥσπερ
1181 5642 1456 5715 ἠδύπνουν
1484 5642 1643 5721 ῥόδον

231 5738 424 5800 Καλεῖ
452 5734 507 5794 δὶ
533 5736 737 5809 ταύτην
767 5732 1009 5806 ἀδελφὴν
1042 5734 1070 5790 ὁ
1099 5734 1277 5812 Λόγος
1303 5734 1393 5792 καὶ
1412 5734 1671 5811 νυμφίος,

1214 386 1619 451 COMMENT.
1667 385 1746 447 IN
1790 383 2201 447 GANTIGUM
2245 383 2555 446 CANTIG.

1874 1896 1924 1961 B

3470 370 3593 434 510

1858 516 2191 589 Afurentis
2246 516 2435 573 Boreae
2505 518 2679 573 ﬂatus
2747 510 3210 570 extimescimus.
3269 506 3361 563 Me
3430 505 3590 561 enim

1945 623 2123 679 quam
2155 606 2262 662 tibi
2308 604 2674 662 domicilium
2725 619 2856 659 esse
2907 598 3164 666 voluisti,
3211 594 3485 669 praeclare
3531 593 3593 649 in

1946 705 2020 764 te,
2053 712 2286 768 sponse,
2320 692 2717 763 exaedificasti,
2766 692 2867 764 qui
2918 706 3049 745 vere
3078 687 3229 761 lapis
3257 702 3321 742 es
3352 683 3598 756 pulcher

1944 791 2001 841 et
2031 787 2158 842 vitae
2187 791 2368 858 petra.
2402 785 2651 840 Ccdrina
2698 786 2838 838 sunt
2885 781 3050 851 tigna
3100 780 3324 842 nostra,
3357 787 3595 844 cupres-

1944 877 2075 931 sina
2129 875 2447 948 laquearia.
2504 874 2792 942 Quoniam
2857 871 2953 926 hic
3016 870 3229 924 domus
3282 869 3373 919 est
3444 863 3596 917 facta

1948 966 2187 1034 mentio,
2220 966 2291 1020 de
2334 964 2511 1036 tignis
2560 963 2735 1019 etiam
2786 966 2844 1016 et
2890 956 3266 1030 laquearibus
3310 950 3593 1024 loquitur.

1946 1056 2079 1120 Quae
2112 1055 2347 1127 quidem
2380 1054 2580 1110 omnia
2610 1058 2674 1108 tu
2705 1067 2809 1124 pro
2839 1047 3156 1105 virtutibus
3204 1042 3422 1115 accipe,
3464 1039 3595 1113 qui-

1947 1144 2059 1200 bus
2091 1161 2216 1200 eam
2268 1144 2526 1199 Verbum
2577 1142 2913 1203 adveniens,
2967 1138 3248 1192 adversus
3296 1136 3502 1188 ventos
3540 1131 3599 1184 et

1948 1234 2168 1289 imbres
2199 1238 2257 1289 et
2285 1233 2552 1299 ﬂumina,
2584 1231 2643 1286 id
2674 1234 2782 1298 est,
2815 1232 3018 1284 contra
3046 1224 3394 1281 lentationes
3436 1234 3595 1274 com-

1951 1323 2221 1379 munivit.

2236 1972 2353 2043 Ego
2377 1968 2477 2039 flos
2503 1963 2716 2035 campi,
2734 1961 2923 2017 lilium
2950 1952 3316 2015 convallium.

2557 2110 2743 2165 Trium
2770 2107 3017 2162 Patrum.

2026 2250 2146 2317 Ego
2176 2241 2412 2315 quidem
2443 2232 2702 2293 Ecclesia
2731 2246 2800 2287 ex
2830 2226 3112 2289 Israelitis
3142 2228 3200 2281 et
3227 2240 3297 2281 ex
3335 2220 3610 2294 gentibus

1958 2308 2351 2407 congregata;
2383 2331 2671 2401 quantum
2723 2320 2976 2393 pertinet
3017 2316 3087 2372 ad
3139 2311 3458 2378 Israelitas,
3506 2308 3610 2375 qui

1962 2402 2280 2500 perlegam
2328 2423 2387 2475 et
2435 2413 2751 2489 prophetas
2801 2409 2873 2465 ab
2921 2402 3335 2462 incredulitate
3383 2404 3441 2456 et
3488 2415 3611 2453 ma-

1962 2486 2089 2570 litia
2134 2486 2267 2567 ante
2315 2486 2568 2581 purgati,
2598 2506 2777 2572 atque
2828 2497 3016 2553 instar
3060 2491 3253 2564 campi
3300 2486 3610 2560 exequati,

1964 2602 2122 2659 haud
2155 2599 2233 2653 ita
2264 2577 2520 2652 multum
2552 2590 2626 2647 ab
2655 2589 2902 2644 honesto
2930 2582 3250 2644 distabant,
3275 2577 3472 2649 pluvia
3499 2591 3611 2630 cm-

1965 2692 2130 2748 lestis
2159 2683 2513 2760 cognitionis
2534 2678 2799 2751 irrigata,
2833 2671 3147 2729 virtutibus
3177 2666 3349 2723 ﬂorui
3379 2684 3392 2722 :
3426 2681 3614 2737 quan-

1964 2788 2091 2839 tum
2124 2754 2310 2834 autem
2343 2773 2553 2831 attinet
2578 2770 2649 2825 ad
2682 2769 2905 2841 gentes,
2937 2761 3034 2833 qui
3063 2774 3167 2832 per
3207 2754 3615 2812 infidelitatem

1966 2868 2219 2927 naturali
2277 2861 2608 2936 aequalitate
2654 2854 2885 2929 privati,
2930 2855 2989 2909 et
3042 2849 3321 2904 vitiorum
3380 2844 3617 2900 turbine

1967 2957 2229 3032 depressi
2276 2958 2443 3011 erant
2483 2947 2709 3005 :veluti
2760 2943 2954 3000 lilium
2985 2956 3053 2996 ex
3083 2939 3202 2994 imo
3252 2936 3314 2991 in
3363 2932 3619 2990 sublime

1968 3060 2350 3117 consurgens,
2382 3046 2441 3098 et
2470 3041 2541 3095 ab
2573 3036 2769 3092 radice
2816 3034 2887 3087 ad
2937 3030 3209 3086 idoneam
3261 3021 3618 3095 magnitudi-

1971 3154 2102 3195 nem
2136 3151 2239 3208 per
2285 3130 2579 3188 calamum
2624 3123 2968 3181 ascendens.
3004 3134 3077 3173 ne
3105 3115 3340 3170 vallium
3376 3110 3618 3185 profun-

1971 3200 2152 3283 ditate
2194 3218 2609 3283 abscondatur,
2642 3212 2743 3270 sed
2783 3208 3069 3266 excelsam
3121 3200 3617 3278 pulchritudinem

1975 3331 2144 3373 suam
2190 3310 2476 3384 preferat,
2509 3306 2623 3360 ﬁde
2666 3303 2728 3357 in
2785 3299 3082 3355 Christum
3126 3292 3365 3359 innitor,
3415 3294 3472 3345 et
3520 3302 3624 3359 per

1975 3402 2381 3479 purgationem
2412 3413 2481 3452 ex
2510 3390 2849 3451 confusione
2877 3387 3151 3442 vitiorum
3182 3378 3419 3443 emersi,
3444 3382 3622 3448 atque

1977 3470 2034 3550 in
2068 3470 2583 3561 contemplationis
2631 3478 2885 3551 fastigio,
2916 3475 3202 3531 virtutum
3250 3470 3456 3525 decore
3488 3480 3620 3521 sum

1975 3583 2274 3641 exornata.

2689 3710 2906 3785 ⁵Ρκὶὶἰ.

2050 3852 2310 3918 Tempus
2332 3847 2459 3918 jam
2490 3846 2598 3909 est,
2629 3843 2695 3897 ut
2741 3852 2870 3910 quas
2900 3833 3177 3903 deinceps
3208 3841 3428 3901 sponsa
3465 3822 3628 3889 dicit,

1978 3912 2454 3999 audiamus-Sic
2496 3931 2655 3990 enim
2705 3926 2847 3984 dicit
2891 3924 2965 3980 ad
3020 3936 3155 3978 eum
3210 3918 3371 3974 velut
3414 3912 3629 3987 gloria-

1981 4030 2228 4087 bunda:

2160 4137 2266 4207 Ego
2297 4140 2483 4189 autem
2506 4128 2605 4199 ﬂos
2630 4123 2852 4196 campi:
2876 4120 3065 4176 lilium
3091 4112 3449 4172 convallium.

2056 4243 2100 4299 Ο
2130 4239 2469 4314 praeclaram
2501 4249 2662 4306 puras
2697 4226 2953 4300 Virginis
2984 4214 3492 4297 progressionem!
3526 4213 3629 4268 Ec-

1985 4351 2049 4389 ce
2106 4330 2263 4387 enim
2322 4333 2379 4383 te
2438 4326 2627 4397 ipsam
2686 4335 2822 4374 cum
2874 4314 3154 4371 eximium
3220 4307 3400 4364 totius
3473 4318 3636 4359 cam-

1986 4422 2065 4495 pi,
2097 4425 2321 4476 natura:
2371 4416 2642 4471 humanae
2692 4409 2918 4474 ﬂorem,
2949 4408 3074 4459 tum
3109 4398 3372 4455 divinum
3401 4392 3632 4450 conval-

1985 4481 2129 4566 lium
2162 4508 2348 4563 lilium
2382 4499 2689 4576 agnovisti.
2724 4494 2929 4552 Omnis
2958 4490 3115 4547 enim
3147 4486 3404 4561 profecto
3437 4481 3635 4539 anima

1986 4600 2116 4655 vitae
2167 4568 2455 4670 probitate
2485 4608 2552 4647 ac
2597 4584 2915 4643 virtutibus
2960 4581 3173 4636 ﬂorens
3221 4580 3397 4646 atque
3442 4568 3633 4627 excel-

1910 4643 1957 4709 Β
1987 4643 2137 4756 illi;
2167 4643 3062 4742 lii-ec—I-Iiiiiidivsollicitudinibus
3089 4666 3207 4722 ullo
3239 4643 3411 4720 modo
3451 4660 3634 4716 sull‘o-

1990 4749 2139 4845 cata,
2172 4774 2410 4832 redolet.
2442 4769 2623 4841 Cujus
2665 4764 2901 4837 quidem
2946 4759 3029 4815 rei
3059 4755 3228 4813 testis
3254 4758 3343 4809 est
3369 4749 3636 4806 Christus

1990 4886 2057 4926 ac
2090 4881 2379 4940 sponsus;
2409 4860 2505 4933 qui
2557 4870 2785 4929 sponsae
2818 4863 3173 4915 sermonem,
3206 4849 3273 4901 ut
3310 4840 3515 4900 ordine
3544 4839 3638 4895 in-

1991 4958 2209 5026 venies,
2235 4956 2319 5010 ita
2347 4949 2655 5007 conﬁrmat
2686 4960 2701 5001 :

2064 5173 2218 5229 Sicut
2248 5170 2433 5225 lilium
2462 5167 2523 5221 in
2551 5161 2732 5219 medio
2760 5154 3163 5232 spiuarum,sic
3188 5150 3500 5224 propinqua
3519 5160 3642 5202 mea

1998 5266 2055 5319 in
2084 5260 2263 5318 medio
2292 5258 2562 5330 ﬁliarum.

2070 5380 2265 5445 Recte,
2297 5372 2513 5445 inquit,
2544 5370 2617 5425 de
2645 5372 2697 5423 te
2726 5366 2919 5422 locuta
2951 5378 3034 5431 es,
3070 5373 3306 5430 sponsa.
3340 5354 3435 5411 Sic
3484 5351 3642 5409 enim

1998 5471 2153 5525 inter
2181 5466 2431 5529 animas,
2464 5476 2591 5533 quae
2622 5470 2896 5513 curarum
2934 5455 2991 5508 et
3021 5445 3486 5506 sollicitudinum
3521 5440 3641 5513 spi-

2001 5559 2095 5614 nis
2143 5530 2526 5615 sufi‘ocantur,
2557 5552 2622 5602 ut
2650 5543 2937 5601 ndoril‘era
2987 5553 3122 5594 rosa
3168 5533 3434 5591 floruisti.
3484 5530 3643 5585 Hanc

2003 5652 2197 5705 autem
2230 5656 2489 5701 sororem
2513 5638 2768 5693 Verbum
2792 5649 2858 5688 ac
2889 5644 3142 5703 sponsus
3171 5618 3643 5694 vocat,quoniam

2006 5734 2211 5793 divine
2239 5730 2599 5802 obtemperat
2629 5720 2937 5782 voluntati.
2970 5718 3083 5775 Eos
3109 5714 3265 5774 enim
3297 5712 3357 5768 in
3384 5713 3643 5779 Evange-
