3944 6210
267 373 376 436 571

1552 480 1557 485 ἢ
1602 389 2035 456 MIGHAELIS
2081 395 2348 457 psam

3572 398 3695 459 διε

264 510 379 579 liis,
408 513 616 570 fratres
647 518 704 610 et
754 517 1117 593 propinquos
1146 528 1203 580 et
1232 526 1454 584 amicos
1497 528 1782 602 appellat,
1815 530 1918 602 qui

2074 541 2117 595 lc
2150 531 2576 610 ἐκπληρώσασαν
2608 532 2797 599 καλῶς
2826 535 2888 591 τὸ
2921 534 3139 609 θέλημα
3169 536 3233 593 τὸ
3262 543 3432 602 θεῖον.

270 601 452 657 Patris
482 603 573 659 sui
603 602 885 661 voluntati
920 617 1145 681 parent.

862 878 1046 934 Trium
1078 882 1329 939 Patrum.

336 980 536 1051 Itaque
578 998 833 1054 sponsus
864 983 987 1039 lilio
1040 1003 1317 1058 sponsam
1368 991 1625 1048 similem
1659 992 1821 1063 dicit,
1856 998 1923 1050 ut

273 1085 404 1139 quae
433 1069 561 1124 vita:
589 1071 778 1142 spinis
810 1089 923 1128 non
956 1076 1312 1135 suffocatur:

337 1158 489 1213 Sicut
520 1160 722 1229 lilium,
771 1161 985 1233 inquit,
1029 1166 1177 1221 inter
1220 1172 1431 1240 spinas,
1478 1174 1562 1226 ita
1608 1175 1925 1246 propinqua

266 1262 386 1303 mea
424 1250 576 1303 inter
616 1250 785 1319 ﬁlias.
820 1256 888 1306 Et
935 1253 1087 1310 hanc
1134 1259 1373 1328 quidem
1423 1261 1545 1316 lilio
1597 1267 1923 1336 comparat,

267 1337 543 1406 quoniam
593 1355 794 1395 eorum
848 1358 974 1411 quae
1026 1346 1098 1400 ad
1147 1347 1363 1404 victum
1416 1352 1729 1421 pertinent,
1766 1351 1928 1408 nulla

268 1427 552 1498 premitur
600 1429 1021 1502 sollicitudine,
1053 1437 1154 1490 sed
1205 1438 1379 1494 rebus
1412 1440 1597 1497 obviis
1639 1443 1927 1498 satisfecit

264 1518 525 1588 corporis
560 1520 917 1576 necessitati.
952 1523 1113 1586 Quod
1155 1526 1328 1581 etiam
1363 1527 1421 1583 in
1454 1532 1788 1603 Evangeliis
1820 1532 1927 1587 do-

262 1622 400 1662 cens
435 1624 448 1663 :
484 1612 567 1663 De
625 1612 967 1679 vestimento,
1028 1612 1234 1683 inquit,
1289 1618 1421 1687 quid
1476 1620 1704 1675 solliciti
1758 1606 1929 1677 estis-9

260 1696 602 1754 considerate
660 1699 783 1754 lilia
865 1704 1007 1772 agri,
1070 1720 1174 1774 quo
1227 1705 1388 1762 modo
1456 1718 1756 1772 crescunt;
1813 1727 1927 1767 non

265 1786 541 1854 laborant,
571 1803 747 1859 neque
775 1798 909 1845 nent
938 1793 1004 1844 υ.
1040 1791 1332 1861 Ostendit,
1364 1811 1463 1851 eos
1495 1797 1599 1868 qui
1631 1798 1927 1873 tranquil-

2034 628 2073 675 Ο
2096 620 2270 697 λέγων
2303 625 2407 698 γὰρ
2442 624 2602 687 αὐτός
2625 626 2765 680 ἐστιν
2798 623 2851 679 ἐν
2881 630 2998 687 τοῖς
3028 624 3410 701 Εὐαγγελίοις.

2035 710 2300 775 Ἐκείνους
2329 708 2472 787 ἔχειν
2506 710 2774 787 ἀδελφοὺς
2804 713 2893 768 καὶ
2925 720 3201 790 συγγενεῖς
3231 716 3320 770 καὶ
3357 716 3579 793 φίλους,

2032 798 2175 862 Τοὺς
2202 799 2501 876 πληρωτὰς
2529 807 2636 857 τῶν
2670 806 2949 877 Ιῐατρικῶν
2981 803 3186 858 ἐκείνου
3217 804 3628 880 κελευσμάτων.

2597 911 2718 966 Τῶν
2760 911 2806 985 γ’
2837 909 3112 985 Πατέρων,

2100 1000 2259 1061 ’Ὁθεν
2307 998 2334 1052 ὁ
2386 999 2623 1073 νυμφίος
2668 998 2838 1073 κρίνῳ
2885 1000 3230 1076 παρεικάζων
3287 1003 3387 1071 τήν
3445 1001 3694 1080 νύμφην,

2032 1090 2107 1151 ὡς
2136 1087 2211 1159 μὴ
2244 1088 2687 1164 συμπνιγομένην
2736 1093 2857 1152 ταῖς
2902 1093 2998 1144 τοῦ
3054 1089 3175 1164 βίου
3224 1091 3504 1162 ἀκάνθαις,
3531 1092 3693 1169 φησί.

2102 1177 2189 1237 Ὠς
2243 1176 2425 1250 κρίνον
2510 1177 2561 1231 ἐν
2653 1180 2801 1251 μέσῳ
2883 1183 2989 1232 τῶν
3077 1180 3342 1252 ἀκανθῶν,
3418 1181 3594 1241 οὕτως
3655 1182 3691 1247 ἡ

2032 1265 2267 1333 πλησιον
2332 1288 2436 1338 μου
2487 1266 2539 1321 ἐν
2601 1267 2751 1340 μέσῳ
2820 1272 2931 1322 τῶν
3006 1267 3332 1343 θυγατέρων.
3394 1271 3498 1324 Καὶ
3560 1269 3694 1324 ταύ-

2031 1376 2129 1423 την
2167 1356 2260 1427 μὲν
2294 1354 2463 1431 κρίνῳ
2496 1361 2821 1431 παρομοιοῖ,
2864 1354 2952 1410 διὰ
2992 1358 3052 1411 τὸ
3088 1355 3217 1429 μηδ’
3251 1358 3398 1421 ὅλως
3426 1360 3559 1413 ποτὶ
3586 1361 3691 1427 τὴν

2038 1444 2170 1519 ὑπὲρ
2226 1448 2334 1498 τῶν
2426 1446 2692 1518 βιωτικῶν
2768 1446 3039 1521 μόριμναν
3116 1443 3488 1522 ἀναδέχεσθαι,
3560 1447 3695 1502 ἀλλ’

2034 1532 2397 1610 ὀφροντίστως
2453 1540 2572 1596 τοῖς
2619 1538 3022 1610 παρατυχοῦσιν
3088 1532 3396 1609 ἐκπληροῦν
3438 1538 3538 1605 τήν
3590 1535 3693 1591 τοῦ

2036 1621 2290 1695 σώματος
2346 1623 2553 1698 χρείαν.
2612 1626 2783 1698 ’Όπερ
2858 1625 2949 1679 καὶ
3010 1624 3061 1678 ἐν
3121 1624 3481 1700 Εὐαγγελίοις
3534 1623 3694 1681 διδά-

2035 1732 2176 1766 σκων
2231 1710 2427 1783 λέγει·
2490 1712 2618 1785 Περὶ
2692 1710 2988 1787 ἐνδύματος
3063 1713 3116 1769 τί
3185 1721 3527 1789 μεριμνᾶτες
3596 1737 3696 1770 και

2032 1803 2297 1874 ταμάθετε
2352 1802 2419 1855 τὰ
2495 1801 2653 1876 κρίνα
2721 1806 2818 1856 τοῦ
2895 1802 3067 1876 ἀγροῦ
3140 1807 3257 1864 πῶς
3306 1802 3516 1873 αύξάνει
3549 1821 3562 1834 '
3626 1804 3691 1859 οὐ

262 1874 382 1931 lam
412 1882 464 1931 el
499 1876 787 1949 frugalem
822 1878 1052 1934 vivendi
1084 1882 1372 1939 rationem
1412 1891 1649 1959 propter
1679 1905 1922 1961 regnum

2074 1895 2199 1961 οπιᾷ
2228 1888 2356 1945 οὐδὲ
2398 1874 2549 1961 νήθει
2585 1909 2599 1924 ο
2642 1889 2874 1965 δεικνὺς,
3058 1893 3111 1945 οἱ
3154 1892 3253 1961 τὴν
3300 1891 3693 1968 ἀταλαίπωρον

265 1964 543 2020 cmlorum
594 1967 1087 2038 complectuntur,
1139 1970 1282 2029 liliis
1331 1991 1462 2032 esse
1504 1977 1754 2049 similes,
1798 1996 1922 2050 quas

266 2053 552 2109 naturalis
582 2054 780 2126 glorias
814 2058 1002 2113 nitore
1032 2059 1363 2119 Salomonis
1394 2082 1715 2137 purpuram
1748 2084 1921 2140 supe-

262 2148 412 2199 rant.
441 2144 683 2202 Animas
716 2163 850 2202 vero
883 2148 1076 2204 carnis
1110 2149 1509 2221 voluptatibus
1532 2156 1918 2225 effeminatus,

266 2249 333 2288 ac
363 2239 673 2305 propterea
702 2236 921 2315 diaboli
955 2237 1199 2305 tilias,ut
1228 2240 1287 2295 in
1320 2241 1653 2315 Evangeliis
1684 2264 1920 2303 rursum

262 2321 523 2378 declarat
569 2324 713 2391 (Vos,
747 2314 1039 2395 inquiens,
1071 2343 1142 2383 ex
1185 2334 1350 2398 patre
1396 2331 1617 2390 diabolo
1662 2338 1792 2391 estis
1834 2338 1920 2407 1³),

261 2410 452 2482 spinis
483 2411 798 2480 assimilat,
820 2414 961 2484 quia
991 2432 1227 2472 omnem
1260 2436 1456 2477 curam
1485 2426 1543 2478 et
1574 2422 1922 2480 sollicitudi-

264 2515 399 2555 nem
432 2499 489 2554 in
524 2516 622 2556 eas
654 2502 960 2557 conferunt
991 2520 1085 2560 res
1118 2523 1247 2577 qua
1298 2510 1369 2564 ad
1402 2510 1587 2565 vitam
1614 2512 1765 2568 hanc
1797 2531 1925 2585 spe-

264 2592 449 2658 ctant,
481 2593 546 2644 ut
587 2591 849 2661 undique
880 2592 1250 2665 voluptatum
1285 2599 1588 2655 materiam
1624 2619 1926 2673 aucupen-

270 2680 386 2731 tur.
418 2675 562 2731 Cum
594 2677 749 2732 enim
784 2695 1017 2735 omnem
1052 2697 1221 2737 suam
1269 2700 1456 2756 spem,
1489 2704 1601 2742 non
1635 2688 1694 2743 in
1724 2706 1791 2745 eo
1824 2692 1924 2759 qui

270 2764 561 2836 sapientia
592 2783 701 2821 sua
732 2771 944 2823 cuncta
977 2770 1320 2827 moderatur
1346 2778 1403 2829 et
1434 2775 1610 2832 rebus
1649 2779 1925 2836 omnibus

271 2852 549 2921 consulit,
582 2855 684 2910 sed
735 2856 793 2911 in
828 2872 888 2911 se
937 2857 1085 2928 ipsis
1132 2860 1306 2915 sitam
1356 2861 1630 2932 habeant,
1679 2869 1927 2924 terrenis

273 2942 775 3001 sollicitudinibus
793 2946 1290 3017 sutl‘ocantur,nec
1321 2954 1644 3024 perfectum
1670 2957 1926 3014 fructum

277 3034 493 3090 ferunt.

699 3127 884 3183 Trium
914 3134 1232 3187 sanctorum
1258 3135 1518 3191 Patrum.

342 3230 627 3295 Quoniam
651 3248 755 3303 per
777 3237 965 3289 totum
992 3235 1101 3291 hoc
1126 3237 1333 3294 drama
1359 3257 1615 3312 sponsus
1635 3248 1693 3299 et
1710 3261 1926 3317 sponsa

274 3318 498 3374 mutuis
554 3320 825 3377 cantibus
876 3339 938 3378 se
994 3324 1250 3382 vicissim
1312 3328 1627 3399 celebrant,
1670 3335 1925 3390 assiduis

272 3407 491 3464 amoris
514 3408 1045 3480 signiﬁcationibus
1074 3417 1473 3486 ostendentes,
1503 3419 1752 3477 alterum
1785 3423 1925 3479 alte-

272 3496 397 3553 rius
426 3498 629 3553 arders
659 3500 950 3557 desiderio
976 3518 989 3558 :
1020 3503 1100 3558 ita
1132 3521 1339 3564 rursus
1369 3525 1588 3579 sponsa
1639 3529 1923 3583 sponsum

275 3583 596 3655 alloquitur
628 3601 642 3642 :
676 3585 829 3642 Sicut
853 3605 1077 3659 pomum
1108 3593 1259 3648 inter
1289 3595 1443 3664 ligna
1470 3599 1641 3663 silvae,
1672 3601 1752 3655 sic
1765 3616 1929 3672 nepos

271 3686 423 3727 meus
452 3674 602 3728 inter
633 3673 794 3742 ﬁlios.
845 3678 1007 3732 Certe
1044 3680 1203 3734 sicut
1248 3698 1511 3753 pomum,
1560 3689 1687 3741 turn
1736 3688 1928 3759 specie

271 3762 633 3829 decora,tum
668 3764 843 3819 odore
874 3766 1194 3833 suavi,tum
1230 3775 1404 3842 gustu
1441 3773 1621 3842 dulci,
1655 3792 1720 3830 ac
1752 3793 1925 3847 prop-

270 3853 430 3903 terea
487 3849 830 3907 hominibus
891 3856 961 3909 ad
1024 3856 1319 3913 edendum
1379 3860 1529 3928 utili,
1563 3867 1653 3918 ter
1695 3869 1929 3921 arbores

273 3935 453 4007 hujus
482 3936 786 4008 qualitatis
824 3946 1091 4012 expertes
1123 3944 1373 4013 excellit,
1407 3948 1463 4001 in
1490 3947 1635 4004 silva
1668 3967 1792 4021 quae
1824 3967 1929 4006 ne-

273 4041 508 4080 morosa
531 4034 639 4095 est,
670 4032 726 4081 et
750 4029 1002 4085 fructum
1025 4031 1094 4085 ad
1139 4036 1493 4091 vescendum
1529 4055 1644 4093 non
1677 4039 1930 4095 homini-

274 4113 404 4181 bus,
440 4114 541 4169 sed
590 4114 796 4171 bestiis
828 4117 1105 4174 idoneum
1157 4125 1538 4194 suppeditat;
1566 4128 1652 4182 sic
1684 4128 1931 4185 dilectus

274 4216 441 4255 meus
474 4201 627 4256 inter
658 4201 965 4262 hominum
1002 4206 1154 4263 filios
1196 4216 1452 4281 praestat.
1487 4213 1933 4271 Pulchritudine

271 4289 429 4344 enim
449 4293 723 4361 speciosus
744 4296 821 4349 est
846 4296 990 4351 inter
1007 4297 1153 4367 ﬁlio:
1187 4298 1476 4356 hominum
1496 4303 1560 4371 η,
1594 4320 1710 4359 non
1737 4305 1930 4360 solum

272 4384 340 4435 ut
370 4381 467 4435 Dei
517 4380 698 4437 Filius
750 4384 1093 4456 unigenitus
1124 4392 1182 4443 et
1212 4389 1494 4457 Verbum,
1525 4409 1724 4449 verum
1758 4396 1931 4450 etiam

273 4473 339 4523 ut
369 4469 519 4524 inter
544 4470 812 4529 homines
843 4476 1007 4531 solus
1039 4476 1167 4532 sine
1211 4484 1468 4549 peccato.
1502 4481 1689 4538 Odore
1739 4490 1932 4540 autem

264 4559 531 4629 jucundo
560 4560 829 4633 fragrans
861 4571 1097 4636 propter
1131 4569 1424 4639 spiritalia
1455 4573 1775 4643 gratiarum
1806 4592 1934 4630 mu-

2030 1980 2120 2035 καὶ
2178 1978 2532 2056 αὐτοσχέδιον
2595 1978 2871 2057 διαγωγὴν
2953 1978 3043 2036 διὰ
3086 1982 3187 2049 τὴν
3249 1979 3530 2056 βασιλείαν
3577 1988 3693 2037 τῶν

2032 2068 2272 2141 οὐρανῶν
2315 2067 2593 2141 ἑλόμενοι,
2651 2069 3030 2145 παραπλήσιοί
3081 2070 3181 2124 εἶσι
3231 2068 3432 2145 κρίνεις
3460 2070 3698 2149 ἀμφιεν-

2029 2159 2281 2231 νυμένοις
2342 2159 2556 2219 ἀπόνως
2607 2158 2707 2227 τήν
2752 2164 2854 2227 τῆς
2906 2156 3238 2234 ἀλουργίδος
3259 2163 3355 2213 τοῦ
3393 2165 3699 2231 Σολομῶν-

2029 2268 2121 2309 τος
2191 2244 2530 2320 ἐνδοξοτέραν
2563 2256 2795 2324 φυσικήν
2847 2243 3001 2317 δόξαν
3037 2267 3050 2279 ·
3083 2247 3178 2309 τὰς
3221 2245 3277 2303 δὲ
3308 2247 3699 2321 ἐκθηλυνομέ-

2031 2357 2123 2398 νας
2183 2336 2362 2411 ψυχὰς
2412 2342 2532 2397 ταῖς
2580 2340 2861 2409 σαρκικαῖς
2930 2334 3175 2405 ἡδοναῖς,
3229 2337 3321 2391 καὶ
3378 2334 3468 2391 διὰ
3527 2341 3697 2392 τοῦτο

2034 2426 2329 2501 θυγατέρας
2360 2430 2457 2480 τοῦ
2488 2420 2751 2480 διαϐόλου
2803 2426 2895 2495 (ὡς
2924 2423 3091 2480 πάλιν
3145 2426 3309 2503 φησὶν
3342 2425 3393 2479 ἐν
3454 2424 3699 2501 Εὒαγγε-

2034 2514 2198 2583 λίοις,
2229 2513 2311 2569 ὅτι
2344 2516 2520 2586 Ὑμεῖς
2570 2513 2629 2569 ἐκ
2669 2519 2766 2569 τοῦ
2808 2515 3012 2589 πατρὸς
3060 2515 3211 2586 ὑμῶν
3261 2519 3359 2569 τοῦ
3416 2510 3695 2570 διαϐόλου

2033 2603 2193 2673 ἐστὲ),
2251 2603 2502 2666 ἀκάνθαις
2551 2604 2885 2679 παρεικάζει,
2947 2600 3035 2657 διὰ
3088 2604 3151 2658 τὸ
3200 2608 3369 2658 πᾶσαν
3426 2604 3527 2672 τήν
3583 2604 3685 2674 μέ-

2034 2714 2229 2767 ριμναν
2285 2692 2408 2766 περί
2459 2694 2526 2748 τὰ
2558 2692 2818 2769 ,βιωτικά
2872 2691 3269 2767 ἠσχοληκέναι,
3306 2690 3380 2746 ’ἶν’
3411 2692 3698 2767 εὐπορῶσι

2032 2789 2132 2851 τῆς
2162 2781 2302 2851 ὕλης
2329 2786 2436 2836 τῶν
2469 2779 2684 2850 ἡδονῶν
2722 2801 2733 2812 ·
2766 2781 2823 2835 αἳ
2852 2779 2981 2854 οὐχὶ
3017 2785 3094 2851 τῷ
3122 2785 3230 2835 τῶν
3263 2780 3408 2836 ὅλων
3437 2801 3698 2856 προνοη-

2033 2876 2102 2944 τῇ
2154 2873 2496 2926 πιστεύουσιν
2552 2871 2760 2936 ἑαυτὰς,
2817 2869 2964 2925 ἀλλά
3026 2871 3089 2924 τὸ
3143 2876 3247 2923 πᾶν
3304 2871 3517 2931 ὶαυταῖς
3552 2889 3565 2903 ο
3602 2871 3699 2924 καὶ

2037 2958 2124 3015 διὰ
2151 2965 2311 3015 τοῦτο
2339 2965 2459 3021 ταῖς
2502 2964 2612 3014 τῶν
2658 2958 3004 3035 προσκαίρων
3061 2959 3305 3035 φροντίσι
3349 2958 3700 3033 συμπνῖγον-

2034 3070 2143 3119 ται,
2174 3049 2263 3104 καὶ
2294 3048 2354 3104 οὐ
2380 3047 2816 3124 τελεσφοροῦσιν.

2501 3159 2619 3209 Σῶν
2654 3154 2820 3228 ἁγίων
2860 3156 2906 3229 γ’
2946 3153 3221 3231 Πατέρων.

2105 3244 2253 3299 Ἐπεὶ
2302 3242 2358 3299 δὲ
2407 3242 2495 3299 διὰ
2541 3244 2742 3307 παντὸς
2784 3248 2882 3298 τοῦ
2958 3242 3253 3318 δράματος,
3314 3243 3496 3318 ὥσπερ
3539 3242 3700 3297 ἐναν-

2034 3336 2378 3413 τιοφθόγγοις
2435 3331 2730 3407 μελῳδίαις
2790 3334 2817 3388 ὁ
2874 3334 3113 3409 νυμφίος
3170 3353 3228 3388 τε
3282 3332 3373 3387 καὶ
3429 3333 3693 3412 ήνύμφη

2035 3426 2468 3502 ἀντευφημοῦσιν
2539 3421 2847 3493 ἀλλήλους,
2928 3420 3326 3496 ἐνδεικνύμενοι
3385 3429 3507 3484 ταῖς
3565 3444 3697 3477 συν-

2035 3513 2181 3588 εχέσι
2228 3512 2660 3590 φιλοφροσύναις
2687 3512 2783 3567 τὸν
2813 3512 2951 3583 πρὸς
2993 3510 3282 3582 ἀλλήλους
3315 3512 3483 3576 πόθον
3512 3530 3526 3544 ⁸
3556 3510 3698 3567 τάδε

2033 3601 2201 3656 πάλιν
2259 3601 2666 3678 ἀντιφθέγγεται
2730 3601 2867 3675 πρὸς
2923 3600 3015 3655 τὸν
3072 3600 3303 3677 νυμφίον
3346 3602 3381 3669 ἠ
3438 3600 3635 3677 νύμφη
3675 3623 3690 3635 ·

2034 3693 2121 3752 Ὠς
2183 3690 2361 3764 μῆλον
2417 3689 2468 3744 ἐν
2557 3695 2672 3753 τοῖς
2759 3689 2941 3760 ξύλοις
3014 3695 3112 3744 τοῦ
3193 3688 3446 3765 δρυμοῦ,
3517 3686 3701 3751 οὕτως

2037 3778 2328 3857 ἀδελφιδὸς
2382 3801 2488 3851 μου
2538 3778 2632 3833 ἀνά
2697 3777 2856 3850 μέσον
2914 3782 3020 3833 τῶν
3080 3778 3232 3834 υῗῶν.
3291 3780 3473 3846 Ἠτοι,
3507 3783 3700 3842 Καθά-

2036 3890 2135 3945 περ
2181 3876 2360 3942 μῆλον
2422 3869 2520 3937 τὴν
2583 3869 2725 3942 ὥραν
2761 3868 2876 3945 ,μὲν
2916 3867 3199 3942 εὐπρεπὲς,
3259 3864 3456 3928 εὐῶδες
3502 3865 3561 3922 δὲ
3589 3869 3697 3936 τήν

2039 3959 2216 4032 ὀσμὴν
2275 3956 2363 4011 καὶ
2416 3959 2514 4025 τὴν
2573 3956 2754 4032 γεῦσιν
2811 3955 3007 4031 γλυκὺ,
3066 3956 3346 4019 κάντεῦθεν
3407 3959 3700 4030 χρήσιμον

2038 4049 2173 4123 πρὸς
2218 4044 2426 4115 ἐδωδὴν
2480 4045 2746 4120 λογικοῖς,
2795 4045 2846 4099 ἐν
2888 4051 3003 4107 τοῖς
3055 4045 3250 4099 τούτου
3310 4044 3708 4117 ἐστερημένοις

2040 4135 2222 4207 ξύλοις
2272 4139 2369 4189 τοῦ
2421 4132 2652 4208 δρυμοῦ,
2705 4136 2765 4197 ὃς
2822 4131 3040 4203 ὑλώδης
3088 4134 3147 4188 τέ
3195 4132 3304 4188 ἑστι
3350 4134 3440 4187 καὶ
3491 4136 3712 4207 καρπὸν

2040 4226 2186 4305 φέρει
2240 4224 2464 4301 ἀλόγοις
2511 4224 2648 4300 πρὸς
2700 4225 2900 4299 βρῶσιν
2947 4222 3038 4277 καί
3088 4223 3149 4277 οὗ
3200 4220 3447 4298 λογικοῖς
3503 4222 3712 4294 ἐπιτή-

2042 4311 2183 4369 δειον
2220 4332 2232 4345 ’
2295 4314 2467 4375 οῦοως
2500 4313 2527 4366 ὁ
2559 4311 2853 4387 ἀγαπητός
2888 4333 2991 4385 μου
3021 4310 3073 4365 ἐν
3102 4316 3221 4373 τοῖς
3264 4315 3372 4365 τῶν
3398 4311 3715 4385 ἀνθρώπων

2042 4405 2203 4465 υἱοῖς.
2238 4400 2444 4460 Κάλλει
2489 4402 2584 4475 μὶν
2626 4402 2725 4477 γὰρ
2771 4402 2972 4473 ὡραῖος
3020 4402 3166 4475 παρά
3211 4398 3338 4461 τοὺς
3386 4399 3542 4462 υἱοὺς
3591 4407 3717 4456 τῶν

2045 4493 2368 4567 ἀνθρώπων,
2426 4490 2487 4546 οὐ
2546 4492 2711 4564 μόνον
2762 4490 2834 4552 ὡς
2890 4493 3025 4545 Θεοῦ
3077 4491 3381 4564 μονογενὴς
3422 4489 3549 4551 Υἱὸς
3617 4492 3721 4544 καὶ

2044 4582 2240 4657 Λόγος,
2273 4579 2420 4637 ἀλλά
2446 4581 2536 4635 καὶ
2586 4582 2659 4642 ὡς
2708 4579 2758 4635 ἐν
2815 4579 3122 4654 ἀνθρώποις
3170 4578 3555 4654 ἀναμάρτητος
3605 4582 3721 4651 μό-

276 4665 417 4705 nera
447 4666 576 4721 quas
628 4652 685 4707 in
715 4670 777 4709 se
823 4656 1200 4714 credentibus
1246 4661 1581 4735 dilargitur,
1616 4681 1685 4720 ex
1715 4666 1924 4737 quibus

2074 4652 2154 4731 οςξ
2208 4667 2439 4738 Εὖώδης
2471 4666 2527 4723 δὲ
2555 4673 2673 4731 ταῖς
2706 4668 2842 4742 πρὸς
2868 4667 2997 4729 τοὺς
3031 4666 3108 4730 εἷς
3140 4666 3299 4721 αὐτὸν
3347 4666 3721 4729 πιστεύοντας

273 4757 517 4797 sensum
552 4742 741 4815 ipsius
774 4747 1159 4819 percipimus.
1180 4754 1365 4808 Gustu
1400 4770 1534 4810 vero
1566 4756 1765 4813 suavis
1796 4762 1886 4813 est
1916 4775 1929 4813 2

276 4829 512 4896 Gustata,
546 4832 728 4903 enim,
761 4834 1033 4906 inquit,et
1069 4840 1269 4908 videte,
1316 4845 1580 4913 quoniam
1624 4848 1811 4901 suavis
1857 4856 1937 4903 est

275 4920 535 4975 Dominus
568 4922 634 4975 ¹⁸.
670 4922 815 4977 Nam
867 4924 1059 4981 mellis
1120 4927 1365 4985 dulcedo
1415 4931 1535 4988 illis
1582 4934 1774 4989 solum
1833 4936 1934 5008 qui

272 5011 681 5074 gustaverunt,
710 5011 945 5081 cognita
970 5018 1077 5069 est.
1113 5017 1504 5079 Quamobrem
1537 5025 1595 5075 et
1625 5021 1933 5079 hominum

273 5094 441 5150 cibus
468 5100 579 5165 est,
600 5098 699 5168 qui
724 5098 906 5154 vitam
929 5101 1013 5157 eis
1035 5103 1243 5160 tribuit
1264 5107 1610 5178 spiritalem.
1644 5116 1716 5167 At
1746 5115 1936 5170 caeteri

279 5183 587 5240 hominum
639 5186 769 5259 ﬂlil,
802 5189 941 5260 quia
971 5209 1176 5250 omnes
1226 5204 1612 5267 peccaverunt
1653 5206 1710 5256 et
1740 5202 1937 5259 divina

277 5274 468 5343 gloria
516 5276 721 5346 privati
770 5285 933 5347 sunt,
966 5283 1036 5337 ad
1088 5284 1246 5341 silvaa
1286 5288 1733 5348 similitudinem
1764 5293 1937 5348 luxu-

277 5364 453 5430 fiant,
478 5369 535 5419 et
558 5364 836 5424 belluinis
856 5369 1255 5443 voluptatibus
1289 5378 1658 5436 nutriuntur.
1696 5382 1936 5447 Idcirco,

276 5453 337 5506 in
357 5452 577 5520 umbra,
609 5453 821 5525 inquit,
852 5460 970 5530 ejus
998 5464 1185 5533 cupivi
1214 5468 1261 5519 el
1291 5467 1667 5526 sedi.Umbra
1698 5471 1939 5527 omnino

273 5542 514 5614 Christi,
549 5548 641 5600 est
670 5546 1004 5606 Christiana
1034 5554 1460 5629 respublica,in
1496 5575 1613 5631 qua
1643 5561 1745 5632 qui
1782 5562 1939 5617 desi-

2047 4758 2361 4833 μεταδόσεσι
2391 4763 2500 4813 τῶν
2548 4758 2919 4833 χαρισμάτων
2980 4759 3077 4811 τοῦ
3134 4754 3474 4827 ΙΙνεύματος,
3520 4751 3593 4809 δι’
3641 4758 3723 4809 ὢν

2041 4848 2236 4902 τούτου
2295 4846 2345 4901 ἐν
2401 4846 2647 4916 αἶ’σθήσει
2682 4845 2965 4921 γινόμεθα.
2997 4845 3110 4913 Τήν
3142 4841 3199 4899 δὲ
3228 4848 3406 4919 γεῦσιν
3437 4842 3671 4919 γλυχύς
3709 4866 3722 4877 ν

2045 4936 2305 4993 Γεύσασθε
2334 4936 2456 5011 γὰρ,
2494 4936 2651 5010 φησὶ,
2683 4934 2775 4989 καὶ
2824 4931 2964 4989 ἴδετε
3011 4932 3095 4988 ὅτι
3135 4933 3380 5008 χρηστὸς
3412 4933 3439 4986 ὁ
3474 4934 3725 5004 Κύριος.

2043 5014 2266 5094 Ἐπειδή
2290 5022 2567 5101 γλυκύτης
2595 5023 2819 5098 μέλιτος
2843 5024 2906 5078 οὐ
2936 5027 3053 5084 τοῖς
3077 5022 3152 5095 μή
3164 5022 3543 5097 γευσαμένοις,
3562 5020 3731 5076 ἀλλὰ

2044 5122 2161 5178 τοῖς
2192 5115 2550 5190 γευσαμένοις
2579 5114 2817 5188 γνωστή.
2864 5114 3022 5176 Ὅθεν
3068 5109 3159 5165 καὶ
3201 5112 3375 5187 τροφή
3400 5108 3515 5163 ἐστι
3549 5107 3730 5184 λογι-

2046 5209 2191 5272 κῶν,
2208 5205 2352 5273 ζωὴν
2372 5203 2742 5277 πνευματικὴν
2767 5202 2982 5260 τούτοις
3003 5196 3204 5261 διδούς.
3226 5199 3293 5257 Ol
3312 5196 3369 5253 δὲ
3392 5196 3587 5253 λοιποὶ
3606 5204 3729 5253 τῶν

2049 5293 2346 5369 ἀνθρώπων
2387 5293 2521 5358 υἱοὶ,
2573 5288 2760 5359 ἐπειδὴ
2801 5290 2997 5350 πάντες
3037 5286 3285 5360 ἥμαρτον
3322 5288 3409 5342 καὶ
3436 5293 3544 5356 τῆς
3572 5288 3735 5350 θείας

2050 5379 2211 5453 δόξης
2236 5382 2567 5456 ἐστέρηνται,
2601 5378 2757 5450 δίκην
2804 5376 3015 5451 δρυμοῦ
3048 5378 3128 5447 ,τῇ
3155 5377 3335 5451 σχέσει
3365 5380 3479 5431 τῶν
3508 5377 3733 5447 παρόν-

2050 5493 2157 5525 των
2195 5471 2528 5543 ὑλομανοῦσι
2566 5489 2578 5502 ·
2610 5470 2698 5525 καὶ
2730 5466 2822 5523 διὰ
2849 5472 2959 5523 τῶν
2990 5468 3173 5521 παθῶν
3206 5469 3313 5520 τῶν
3338 5464 3560 5539 ἀλόγων
3585 5466 3731 5519 δαυ-

2046 5559 2172 5613 τοὺς
2198 5557 2563 5636 ἕκτρέφουσιν.
2616 5558 2708 5613 Διό
2753 5578 2937 5630 φησιν.
2984 5558 3069 5612 Ἐν
3124 5559 3192 5630 τῇ
3229 5559 3351 5624 σκιᾷ
3382 5553 3554 5609 αὐτοῦ
3586 5553 3730 5611 έπε-

344 5723 386 5757 “
418 5720 629 5779 Matth.
664 5740 740 5793 v1,
772 5728 861 5782 28.
943 5730 987 5765 ¹²
1016 5731 1179 5788 Joan.
1214 5751 1341 5804 vm,
1373 5737 1463 5792 44.
1544 5738 1588 5774 ³³
1617 5738 1769 5795 Psal.
1801 5756 1924 5795 XLIV

2118 5741 2163 5774 “
2194 5738 2346 5796 Psal.
2378 5756 2578 5807 χχχιιι,
2608 5740 2662 5796 9.
