4042 6198
298 362 419 423 575

1640 359 2063 424 MICHAELIS
2106 359 2382 423 PSELLI

3597 347 3725 411 576

301 498 492 554 cauda
546 514 883 570 pergamus.
945 500 1195 572 Sponsa,
1253 500 1324 555 de
1379 498 1569 555 Verbo
1621 498 1839 553 divino.
1891 498 1951 552 In

2087 491 2404 555 ’λυκύτατος
2436 490 2536 569 γὰρ
2568 489 2772 570 πέφυκε
2800 488 2889 546 καὶ
2926 487 3161 562 μάλιστα
3184 485 3321 563 πρὸς
3348 488 3552 561 γεῦσιν,

299 588 517 654 umbra,
568 586 782 658 inquit,
834 589 954 659 ejus
996 589 1299 644 desideravi
1342 593 1394 643 et
1440 588 1599 655 sedi,-
1645 591 1696 643 et
1737 589 1951 657 fructus

299 675 476 732 dulcis
503 678 715 747 gutturi
744 694 882 734 meo.
917 679 1126 749 Hujus,
1159 678 1371 749 inquit,
1404 676 1773 733 admirabilis
1803 676 1953 732 vita-

299 766 493 839 lisque
543 766 701 839 pomi
749 784 1151 839 saepenumero
1198 768 1468 823 umbram
1520 766 1780 839 aspicere
1824 782 1956 822 con-

302 855 518 928 cupivi,
570 873 704 912 cum
757 858 931 913 ardor
986 857 1383 913 tentationum
1439 872 1534 912 me
1584 857 1958 912 vehementer

304 948 589 999 exureret.
619 947 690 999 At
719 960 851 1000 ecce
900 944 956 999 in
991 961 1057 1000 ea
1096 946 1221 1015 jam
1274 945 1577 1000 conﬁdens
1610 943 1869 999 ohlector
1897 945 1956 997 et

302 1033 550 1104 gaudeo,
613 1038 790 1104 atque
849 1034 1115 1088 ardorem
1199 1033 1590 1089 tentationum
1651 1031 1880 1088 decline
1941 1048 1955 1087 :

308 1121 786 1193 quandoquidem
842 1138 931 1177 me
965 1122 1023 1177 in
1077 1122 1354 1178 omnibus
1386 1122 1682 1178 mandatis
1729 1120 1958 1175 Domini

308 1208 973 1275 meditantem,Verbum
1006 1227 1072 1265 ac
1094 1227 1349 1282 sponsus
1378 1228 1545 1267 meus
1576 1210 1960 1265 dulcissimus

309 1298 526 1355 divinis
558 1298 681 1355 suis
708 1299 1070 1356 obumbrans
1103 1300 1232 1365 alis,
1268 1299 1467 1371 procul
1521 1299 1730 1355 avertit
1773 1304 1959 1355 tenta-

307 1390 539 1447 tionum
572 1388 745 1445 faces.
802 1393 932 1445 Haec
987 1405 1119 1445 cum
1151 1388 1329 1444 veluti
1377 1389 1715 1445 laetabunda
1766 1392 1962 1460 protu-

306 1481 493 1547 lisset,
529 1478 600 1533 ad
620 1478 841 1536 amicos
864 1479 1065 1551 sponsi
1092 1478 1378 1535 convertit
1398 1494 1728 1535 sermonem
1761 1493 1957 1544 suum,

308 1568 698 1639 hortaturque
714 1567 942 1633 illos,ut
960 1569 1431 1641 progrediantur,
1463 1572 1521 1624 et
1544 1568 1615 1623 ad
1638 1567 1960 1622 formosum

307 1674 596 1730 sponsum
629 1661 959 1713 accurrant.
993 1658 1098 1713 Sed
1158 1658 1334 1712 verba
1390 1658 1579 1729 ipsius
1628 1655 1770 1712 mihi
1821 1657 1963 1711 sunt

309 1748 689 1820 expendenda
723 1764 736 1804 :

389 2540 720 2597 lntroducite
766 2556 854 2595 me
884 2542 945 2594 in
991 2541 1187 2596 cellam
1238 2542 1518 2596 vinariam
1553 2559 1571 2595 :
1601 2543 1858 2599 ordinate
1908 2545 1969 2599 in

315 2630 404 2668 me
431 2613 783 2667 eharitafem.
816 2612 1021 2667 Fulcite
1050 2629 1137 2667 me
1165 2615 1499 2684 unguentis:
1529 2616 1728 2685 stipate
1775 2632 1860 2671 me
1908 2618 1967 2671 in

315 2686 513 2757 pomis,
544 2686 805 2755 quoniam
833 2699 930 2755 ego
959 2700 1155 2739 antore
1183 2699 1304 2739 sum
1333 2685 1647 2741 vulnerata.

391 2860 499 2916 Siti
532 2875 763 2932 urgeor,
796 2859 1012 2931 inquit,
1044 2862 1115 2916 ad
1148 2878 1433 2933 sponsum
1488 2878 1707 2924 meum.
1740 2865 1810 2919 ad
1842 2864 1971 2921 vita

322 2950 554 3005 hotrum
588 2948 754 3003 illum
808 2953 1105 3005 maturum
1154 2956 1331 3022 atque
1379 2951 1662 3022 divinum,
1697 2969 1800 3024 per
1839 2970 1974 3009 cru-

322 3038 408 3095 cis
464 3042 718 3095 mortem
777 3038 1085 3095 dulcedine
1144 3040 1440 3096 ﬂuentem.
1474 3041 1865 3105 Quamobrem
1911 3042 1971 3097 in

322 3130 504 3200 hujus
561 3126 767 3183 cellam
827 3145 915 3183 me
973 3144 1207 3200 quoque
1260 3131 1630 3201 introducite,
1688 3136 1772 3201 ut,
1831 3147 1976 3204 pure

324 3220 526 3293 sponsi
573 3218 1072 3291 pulchritudinem
1125 3220 1727 3291 conspicata,amoris
1777 3222 1972 3294 ignem

321 3327 461 3383 erga
506 3308 675 3364 illum
724 3308 1069 3380 adaugeam.
1122 3308 1322 3364 Adhuc
1366 3315 1565 3365 autem
1597 3315 1654 3365 et
1701 3311 1968 3383 supplico

322 3402 388 3456 ut
419 3398 645 3469 majora
690 3413 1064 3469 consequar:
1099 3397 1227 3453 Haec
1270 3398 1429 3454 enim
1481 3398 1551 3455 ad
1607 3400 1846 3471 angelos
1892 3398 1975 3454 lo-

324 3487 528 3561 quitur
559 3504 573 3542 :

397 3735 605 3791 Fulcite
634 3749 720 3790 me
747 3735 1046 3804 unguentis
1076 3750 1089 3791 :
1121 3736 1318 3806 stipate
1350 3752 1435 3792 me
1459 3737 1517 3792 in
1548 3738 1744 3809 pomis.

402 3912 667 3980 Quando,
700 3911 910 3984 inquit,
944 3910 1145 3967 dilexit
1170 3929 1263 3969 me
1284 3914 1572 3987 abjeotam
1595 3916 1981 3972 admirandus

329 4002 428 4060 ille
440 4006 497 4059 et
508 4002 857 4057 metuendus
869 4004 1042 4073 atque
1055 4001 1474 4074 pulcherrimus
1488 4006 1837 4077 sponsus,ad
1854 4007 1982 4076 ejus

334 4108 429 4148 me
456 4090 926 4160 charitatem,vos
956 4091 1058 4162 qui
1088 4092 1261 4147 Verbi
1294 4096 1350 4148 et
1380 4093 1578 4165 sponsi
1612 4094 1783 4150 amici
1814 4094 1980 4160 estis,

332 4180 603 4235 incitata:
633 4179 733 4250 qui
749 4178 912 4250 prius
930 4179 1073 4235 mihi
1092 4180 1858 4247 adhibuistisaurum,nunc
1879 4200 1983 4238 au-

332 4273 450 4324 tem
473 4267 746 4324 adhibete
771 4274 1223 4342 unguenta,quaa
1245 4286 1478 4326 omnem
1493 4272 1983 4328 arceanttetorem

337 4357 578 4429 peccati,
604 4372 674 4412 ne
701 4356 957 4429 amplius
980 4358 1245 4414 aberrem
1269 4364 1373 4414 aut
1393 4376 1601 4415 rursus
1622 4376 1654 4415 e
1684 4360 1774 4415 via
1802 4360 1985 4416 decli-

334 4446 585 4502 nem.Tu
609 4462 742 4501 vero
761 4462 863 4517 per
883 4447 1205 4502 amicorum
1232 4454 1531 4519 unguenta
1550 4448 1797 4505 virtutes
1813 4450 1983 4505 intel-

334 4534 470 4607 lige.
504 4534 615 4590 Sed
648 4536 840 4607 pomis
893 4541 1173 4607 praeterea
1219 4536 1443 4609 ﬂagitat
1486 4542 1552 4593 ut
1599 4539 1983 4611 constipatur.

336 4624 573 4680 Amicos
601 4624 757 4680 enim
790 4623 1112 4696 alloquitur
1141 4624 1360 4691 anima,
1394 4628 1568 4683 modo
1591 4632 1655 4683 ut
1683 4645 1902 4700 sponsa
1931 4633 1989 4684 et
2017 4614 2064 4677 Β

334 4712 498 4785 virgo
546 4712 907 4785 nuptialibus
954 4714 1315 4770 vestimentis
1364 4722 1681 4773 exornata:
1717 4717 1889 4773 modo
1923 4721 1987 4772 ut

335 4800 524 4857 lectus
554 4819 695 4857 auro
718 4802 1043 4875 spendidus
1069 4828 1083 4870 ;
1109 4804 1281 4859 modo
1307 4804 1650 4861 utdivinum
1674 4806 1984 4863 solium.In

336 4907 454 4946 una
474 4890 629 4946 enim
653 4891 911 4962 profecto
932 4891 1252 4963 eademque
1274 4893 1471 4948 anima
1494 4894 1813 4965 purissima
1831 4895 1989 4950 Chri-

337 4982 469 5034 stus
493 4984 551 5035 et
579 4996 835 5052 sponsus
866 4995 1022 5036 nunc
1052 4978 1484 5052 quiescit,nunc
1514 4983 1798 5051 ambulat,
1816 4988 1986 5039 etse-

337 5068 438 5123 det
457 5068 1195 5140 saepissime.Qua3quidem
1218 5071 1418 5127 omnia
1437 5071 1655 5128 indicat
1674 5089 1984 5144 pomorum

337 5155 710 5227 constipatio.
744 5157 990 5212 Prorsus
1020 5161 1207 5212 autem
1239 5157 1448 5230 ﬂagrat
1478 5175 1696 5230 sponsa
1717 5176 1784 5215 ac
1816 5159 1989 5231 plane

339 5244 504 5299 ardet
534 5244 824 5301 desiderio
855 5245 1079 5317 sponsi,
1112 5247 1211 5318 qui
1246 5246 1461 5303 dicitur
1492 5264 1733 5319 pomum
1758 5265 1790 5303 e
1820 5248 1985 5320 silva,

338 5331 800 5403 eupitqueillum
842 5350 1070 5405 semper
1090 5334 1211 5389 haec
1251 5334 1363 5390 sibi
1385 5350 1515 5390 esse
1537 5336 1755 5401 omnia,
1790 5337 1986 5391 cibum

340 5422 719 5495 deliciasque,
743 5428 801 5479 et
819 5425 1178 5491 umbram,et
1209 5424 1607 5494 stipationem,
1631 5430 1691 5480 et
1718 5430 1935 5482 tectum
1971 5445 1985 5485 :

341 5514 840 5584 quemadmodum
867 5520 918 5569 et
942 5515 1072 5586 ipsa
1092 5530 1228 5586 erga
1248 5512 1415 5568 illum
1441 5512 1562 5568 haec
1583 5519 1672 5571 est
1694 5516 1985 5574 universa:

343 5616 561 5674 sponsa
610 5602 914 5669 nimirum,
947 5606 1005 5658 et
1047 5603 1237 5667 sedes,
1281 5605 1338 5657 et
1388 5601 1600 5667 cubile,
1652 5609 1709 5661 et
1755 5609 1985 5663 domus.

342 5695 488 5748 Tum
518 5689 770 5748 assidua:
803 5690 1178 5763 ﬂagitationis
1216 5708 1333 5749 suae
1365 5708 1602 5751 causam
1636 5696 1858 5769 angelis
1890 5712 1989 5754 ex-

2063 584 2151 645 Ὠς
2182 583 2283 651 τήν
2317 582 2459 652 ζωὴν
2489 582 2579 637 τὸν
2614 578 2855 650 ἄληκτον
2886 575 3069 640 διδοὺς
3098 582 3213 638 τοῖς
3238 574 3613 650 γευσαμένοιςο

2062 674 2125 729 Ὁ
2154 673 2376 747 τρώγων
2401 672 2527 746 γὰρ,
2560 671 2723 749 φησὶν
2766 667 2947 736 αὐτὸς,
2975 672 3134 740 σῶμα
3162 664 3370 737 τούμὸν
3402 662 3586 735 ἀξίως,

2065 762 2233 823 Αὐτὸς
2263 757 2515 837 κερδήσει
2541 762 2642 829 τὴν
2676 760 2820 828 ζωὴν
2850 758 2950 826 τὴν
2978 753 3149 817 ὅντως
3181 754 3431 811 αἰωνίαν.

2063 851 2320 927 Ἀρκοῦσι
2348 853 2513 905 ταῦτα
2531 849 2610 921 τῷ
2643 852 2831 919 σκοπῷ
2859 846 2947 901 καὶ
2982 843 3136 919 λόγῳ
3167 848 3247 916 τῷ
3273 847 3370 897 τοῦ
3404 841 3632 915 μέλους,

2063 940 2133 994 Τὸ
2156 943 2265 993 τῶν
2295 939 2581 1010 ’ᾼσμάτων
2615 934 2673 991 δὲ
2703 935 2897 991 λοιπὸν
2924 933 3115 995 καλῶς
3146 931 3529 1007 ἐρμηνευτὲον·

2067 1028 2241 1099 Φησὶν
2273 1030 2307 1096 ἡ
2340 1027 2526 1104 νύμφη
2558 1026 2782 1095 καθεξῆς
2812 1022 2936 1097 περὶ
2964 1028 3065 1077 τοῦ
3096 1022 3238 1077 θείου
3266 1021 3467 1095 Λόγουο

2068 1120 2153 1175 Ἐν
2186 1121 2254 1191 τῇ
2283 1121 2403 1186 σκιᾷ
2432 1115 2595 1170 αὐτοῦ
2624 1113 2943 1186 ἐπεθύμησα
2966 1114 3055 1166 καὶ
3084 1108 3322 1166 ἐκάθισα.

2070 1207 2169 1264 Καὶ
2200 1207 2228 1260 6
2258 1206 2464 1279 καρπὸς
2494 1204 2657 1259 αὐτοῦ
2686 1202 2887 1276 γλυκὺς
2917 1201 2970 1256 ἐν
3001 1204 3082 1273 τῷ
3111 1198 3343 1274 λάρυγγί
3379 1218 3507 1270 μου.

2064 1294 2267 1350 Τούτου
2298 1294 2428 1372 φησὶ
2458 1297 2554 1348 τοῦ
2594 1294 2906 1364 θαυμαστοῦ
2935 1288 3026 1345 καὶ
3060 1288 3351 1363 ζωηφόρου
3384 1284 3571 1359 μήλου

2071 1370 2350 1445 Πολλάκις
2380 1380 2696 1455 ἐπεθύμησά
2723 1400 2829 1434 που
2858 1379 2956 1446 τὴν
2988 1378 3139 1433 σκιὰν
3168 1370 3539 1451 προσϐλέψαι,

2067 1475 2233 1532 Ὅταν
2264 1475 2299 1543 ἡ
2333 1470 2469 1549 φλὸξ
2498 1475 2606 1525 τῶν
2634 1472 2953 1543 πειρασμῶν
2984 1464 3193 1545 σφόδρα
3221 1463 3512 1542 κατήφλεξὲ
3546 1484 3636 1538 με.

2071 1561 2227 1618 Ἀλλ’
2258 1559 2376 1617 ἰδοὺ
2408 1560 2499 1614 νῦν
2531 1559 2769 1627 ἐκάθισα,
2802 1555 2891 1613 καί
2921 1557 3215 1631 τέρπομαι,
3245 1555 3335 1609 καὶ
3365 1553 3543 1629 χαίρω

2071 1653 2174 1709 Καὶ
2201 1652 2292 1706 τὸν
2326 1650 2576 1729 φλογμὸν
2612 1647 2862 1726 ἐξὲφυγον
2895 1647 2987 1701 τὸν
3014 1651 3124 1701 τῶν
3158 1642 3543 1718 πειρατηρίων,

2071 1741 2173 1799 Καὶ
2212 1739 2421 1814 μελετῶ
2452 1738 2544 1800 τὰς
2576 1736 2797 1798 ἐντολὰς
2828 1736 3036 1798 ἁπάσας
3065 1738 3162 1789 τοῦ
3192 1733 3416 1809 Κυρίου,

2068 1829 2300 1888 Ὁπόταν
2334 1830 2363 1883 ὁ
2390 1826 2726 1903 γλυκύτατος
2755 1826 2783 1880 6
2818 1826 2992 1900 Λόγος
3021 1825 3114 1879 καὶ
3143 1822 3397 1900 νυμφίος,

2074 1917 2411 1993 Κατασκιάσῃ
2437 1917 2527 1972 καὶ
2557 1915 2723 1985 αὐτὴν
2755 1920 2873 1978 ταῖς
2900 1914 3121 1989 πτέρυξι
3148 1918 3267 1974 ταῖς
3300 1910 3490 1980 θείαις,

2073 2007 2428 2083 ’Δποτειχίσῃ
2467 2004 2524 2061 δὲ
2557 2004 2764 2081 μακρὰν
2795 2008 2893 2059 τοτὸ
2922 2007 3229 2080 πειρασμοῦ
3258 2003 3357 2071 τὴν
3389 1998 3589 2079 φλόγα.

2069 2102 2242 2153 Ταῦτα
2277 2097 2372 2171 μὶν
2400 2094 2575 2157 οὕτως
2604 2092 2815 2170 εἷ’ρηκιν
2844 2092 3025 2168 ὥσπερ
3050 2088 3471 2167 ἰγκαυχωμᾶνη.

2075 2184 2385 2263 Παρακαλεῖ
2418 2183 2475 2239 δὲ
2502 2184 2731 2254 καθεξῆς
2760 2182 2888 2243 τοὺς
2920 2180 3113 2257 φίλους
3135 2185 3231 2235 τοῦ
3252 2178 3511 2257 νυμφίου,

2074 2279 2192 2333 Ἒτι
2221 2274 2491 2349 προκόψαι
2518 2273 2608 2328 καὶ
2640 2270 2863 2344 δραμεῖν
2896 2270 3031 2341 πρὸς
3058 2270 3150 2326 τὸν
3181 2268 3347 2325 καλὸν
3377 2266 3639 2344 νυμφίον.

2077 2364 2223 2436 Φησὶ
2251 2364 2349 2440 γὰρ
2381 2362 2529 2418 οὓτω
2558 2362 2693 2439 πρὸς
2723 2359 2936 2422 αὐτούς.
2967 2358 3146 2416 Ἀλλά
3177 2379 3271 2431 μοι
3296 2356 3617 2427 σκοπητὲον’

2148 2540 2586 2630 ῌῖσαγάγετέημε
2609 2540 2709 2630 Ιεἷς
2762 2540 2915 2630 οἷκον
2950 2541 3046 2593 τοῦ
3077 2535 3469 2630 οῖνοὲ,’τάξξιτε
3494 2534 3574 2630 ἐπ’
3628 2531 3740 2630 ἐμὲ

2079 2604 2314 2689 ἀγάπην,
2346 2604 2627 2687 στηρίξατὲ
2670 2632 2736 2684 με
2768 2610 2819 2666 ὲν
2848 2609 3062 2684 μύροις,
3110 2604 3394 2665 στιϐάσατὲ
3427 2627 3493 2681 με
3524 2606 3576 2661 ιν
3613 2604 3737 2678 μή·

2082 2685 2227 2755 λοις,
2260 2684 2341 2741 ὅτι
2372 2685 2685 2759 τετρωμὲνη
2715 2682 2927 2759 ἀγάπης
2957 2682 3082 2757 ἆγώ.

2083 2863 2248 2935 Φησί·
2284 2862 2434 2937 Δίψῶ
2463 2863 2560 2931 τὴν
2593 2861 2880 2936 προκοπὴν
2910 2860 3009 2928 τὴν
3044 2859 3119 2921 ὡς
3152 2858 3288 2934 πρὸς
3332 2858 3423 2910 τὸν
3471 2854 3737 2931 νυμφίον,

2080 2954 2178 3007 Τὸν
2207 2952 2400 3027 βότρυν
2431 2950 2574 3027 λέγω
2603 2958 2701 3020 τῆς
2735 2956 2903 3019 ζωῆς,
2932 2950 3023 3004 τὸν
3056 2948 3335 3023 πὲπιιρον,
3366 2947 3455 3000 τὸν
3490 2946 3656 3012 θεῖον,

2083 3043 2190 3100 Τὸν
2222 3039 2452 3115 γλεῦκος
2486 3040 2853 3108 ἀποστάζοντα
2876 3041 2953 3109 τῷ
2984 3040 3254 3111 σταυρικῷ
3287 3039 3511 3106 θανάτῳ.

2087 3131 2183 3189 Καὶ
2212 3128 2387 3184 τοίνυν
2421 3129 2730 3204 εἷ’σαγάγετε
2757 3128 2897 3199 κάμὲ
2926 3127 3062 3199 πρὸς
3090 3126 3237 3180 οἶκον
3262 3124 3479 3189 τούτου,

2005 3242 2048 3308 C
2084 3222 2173 3284 Ὧς
2200 3220 2257 3274 ἂν
2292 3217 2481 3273 ἰδοῦσα
2510 3220 2757 3292 καθαρῶς
2790 3217 2851 3271 τὸ
2880 3214 3088 3277 κάλλος
3120 3218 3215 3308 τοῖ’)
3245 3214 3506 3308 νυμφίου,

2085 3310 2164 3366 Τὸ
2197 3310 2443 3382 ζώπυρον
2477 3306 2693 3377 αὑξήσω
2728 3326 2833 3379 μου
2856 3308 2955 3375 τῆς
2982 3304 3119 3380 πρὸς
3148 3303 3307 3358 αὐτὸν
3343 3302 3576 3376 ἀγάπης.

2080 3401 2201 3455 “En
2236 3396 2293 3452 δὲ
2322 3395 2486 3453 πάλιν
2516 3394 2750 3450 δυσωπῶ
2779 3399 2966 3470 τυχεῖν
2996 3398 3103 3448 τῶν
3141 3392 3492 3467 μειζοτὲρων.

2080 3484 2219 3542 Τάδε
2246 3487 2348 3563 γὰρ
2409 3485 2553 3562 λέγει
2610 3485 2747 3561 πρὸς
2805 3482 3022 3553 αὐτοὺς,
3078 3480 3323 3537 τουτέστι
3376 3479 3505 3541 τοὺς
3556 3474 3746 3639 ὅγγὲἷ

3602 3584 3718 3626 .ους

2160 3734 2454 3813 Στηρίεατᾶ
2514 3755 2581 3808 με
2633 3734 2686 3790 ἐν
2750 3732 2986 3807 μύροις,
3043 3725 3331 3787 στιϐάσατὲ
3390 3748 3457 3803 με
3514 3726 3567 3781 ἰν
3628 3726 3744 3798 μή·

2088 3828 2235 3889 λοις.

2088 3916 2262 3986 Ἐπεὶ,
2295 3913 2480 3991 φησὶν,
2513 3912 2794 3985 ἠγάπησεν
2828 3910 2927 3982 ὶμὶ
2954 3910 3053 3978 τὴν
3085 3904 3414 3978 ἀπωσμένην

2086 4006 2145 4062 Ὀ
2176 4004 2505 4074 θαυμαστὸς,
2539 4002 2567 4055 6
2599 3994 2851 4078 φοϐερὸς,
2884 3999 2912 4052 6
2939 3995 3236 4056 κάλλιστος
3266 3992 3526 4071 νυμφίος,

2092 4092 2384 4169 Στηρίξατὲ
2420 4110 2487 4163 με
2512 4090 2575 4143 τὸ
2606 4087 2799 4144 λοιπὸν
2835 4088 2988 4159 ὑμεῖς
3022 4087 3072 4140 οἱ
3102 4086 3297 4139 τούτου
3330 4080 3509 4160 φίλοι,

2093 4168 2235 4257 Πρὸς
2263 4182 2360 4250 τὴν
2394 4179 2604 4255 ἀγάπην
2637 4178 2735 4246 τήν
2771 4173 2933 4230 αὐτοῦ
2962 4179 3057 4229 τοῦ
3103 4172 3282 4247 Λόγου
3322 4172 3410 4226 καὶ
3456 4168 3729 4247 νυμφίου*

2091 4278 2294 4347 ’Ὠσπερ
2331 4292 2423 4345 μοι
2454 4269 2713 4344 πρότερον
2746 4268 2950 4343 χρυσὸν
2975 4262 3334 4324 ἀντιδιδόντες
3368 4262 3535 4336 μόρα,

2091 4364 2165 4416 Τὰ
2194 4359 2771 4433 πάσηςᾶποτρεπτικὰ
2802 4352 3082 4416 δυσώδους
3114 4352 3402 4427 ἁμαρτίας,

2092 4453 2183 4513 Ὦς
2212 4450 2270 4504 ἂν
2307 4447 2500 4521 μηκέτι
2534 4445 2801 4517 πλανηθῶ
2826 4444 2913 4500 καὶ
2944 4439 3291 4518 παρεκκλίνω
3321 4438 3511 4494 πάλιν.

2099 4539 2173 4594 Σὺ
2206 4536 2252 4593 δ’
2284 4537 2473 4613 ἀρετὰς
2503 4535 2759 4605 ἑννοήσον
2789 4535 2855 4587 τὰ
2886 4532 3030 4609 μύρα
3056 4531 3123 4585 τὰ
3144 4528 3250 4585 τῶν
3284 4527 3482 4613 φίλων.

2096 4626 2251 4686 Ἀλλ’
2281 4612 2359 4681 ὶτι
2390 4624 2556 4681 πάλιν
2590 4623 2815 4699 λιπαρεῖ
2842 4628 2958 4685 τοῖς
2983 4619 3184 4693 μήλοις
3218 4612 3599 4685 στιϐασθῆναι.

2094 4718 2234 4774 Ιιοτὶ
2266 4716 2361 4789 μὶν
2393 4716 2496 4790 γὰρ
2524 4711 2858 4790 προσομιλεῖ
2880 4715 2996 4771 τοῖς
3029 4707 3234 4787 φίλοις,
3268 4707 3448 4779 ὥσπερ
3483 4702 3703 4780 νύμφη,

2089 4809 2151 4864 Ἠ
2183 4803 2580 4880 παρθενεύουσα
2609 4803 2761 4877 ψυχὴ
2795 4799 2884 4855 καὶ
2917 4794 3468 4876 νυμφοστολουμὲνη.

2096 4896 2233 4951 ΙΙοτὶ
2264 4892 2309 4949 δ’
2342 4894 2416 4954 ὡς
2446 4891 2609 4961 κλίνη
2644 4889 2977 4965 χρυσαυγὴς,
3008 4887 3141 4943 ποτὶ
3170 4882 3218 4939 δ’
3248 4885 3324 4945 ὡς
3356 4884 3501 4943 θεῖος
3530 4882 3756 4956 θρόνος.

2095 4985 2195 5039 Καὶ
2229 4983 2332 5058 γὰρ
2367 4981 2440 5042 ὡς
2474 4976 2643 5036 ὅντως
2677 4977 2729 5033 ἂν
2766 4982 2865 5050 μιᾷ
2893 4979 3048 5052 ψυχῇ
3078 4971 3456 5047 καθαρωτάτη,

2094 5072 2228 5127 Νυνῖ
2259 5071 2355 5142 μὲν
2394 5067 2733 5123 ἀνακλίνεται
2766 5066 2997 5142 Χριστὸς
3027 5066 3056 5120 6
3085 5064 3174 5118 xui
3202 5060 3458 5137 νυμφίος*

2095 5159 2225 5214 Νυνὶ
2257 5156 2315 5213 δὲ
2343 5162 2648 5233 περιπατεῖ,
2678 5156 2769 5210 καὶ
2801 5155 3031 5225 κάθηται
3061 5151 3359 5212 πολλάκις.

2094 5250 2267 5305 Ἀπαν
2300 5243 2360 5300 δὲ
2386 5244 2550 5300 τοῦτο
2580 5246 2811 5323 πέφυκεν
2848 5245 2876 5298 6
2909 5237 3207 5315 στιϐασμός
3236 5244 3344 5294 τῶν
3376 5234 3602 5311 μήλων.

2098 5342 2264 5401 Moesi
2292 5337 2381 5391 καὶ
2410 5333 2665 5411 φλὲγεται
2696 5332 2885 5396 καλῶς
2914 5336 2948 5403 ἡ
2988 5332 3175 5405 νύμφη
3207 5334 3287 5401 τῷ
3326 5328 3568 5405 νυμφίῳ’

2094 5432 2282 5489 ’Ὀστις
2308 5426 2395 5481 καὶ
2433 5425 2610 5497 μῆλον
2644 5425 2855 5500 λὲγεται
2887 5425 3044 5504 φανὶν
3076 5422 3134 5477 ἑκ
3160 5426 3258 5477 τοῦ
3290 5417 3601 5496 δρυμῶνος,

2098 5517 2195 5571 Καὶ
2226 5514 2367 5580 θέλει
2398 5520 2589 5571 τοῦτον
2624 5517 2866 5591 γενέσθαι
2896 5514 3125 5569 πάντοτε
3152 5516 3320 5567 ταῦτα
3348 5510 3545 5578 πάντα,

2098 5607 2318 5684 Τροφην
2373 5606 2581 5685 τρυφήν
2637 5626 2697 5661 τε
2770 5604 2860 5661 καὶ
2928 5604 3079 5658 σκιὰν
3136 5601 3229 5657 xul
3287 5593 3611 5685 στιϐασμὸνΔ
3647 5603 3755 5667 τῆς

3504 5678 3757 5763 [ιιτιτης⁸
