  <div class='ocr_page' id='page_1' title='image "/cluster/home/n/w/nwhite01/storage/ocr_20150623/122/hvd.32044073502460/302.png"; bbox 0 0 3944 6210; ppageno 0'>
   <div class='ocr_carea' id='block_1_1' title="bbox 259 332 380 390">
    <p class='ocr_par' dir='ltr' id='par_1_1' title="bbox 259 332 380 390">
     <span class='ocr_line' id='line_1_1' title="bbox 259 332 380 390; baseline -0.033 0"><span class='ocrx_word' id='word_1_1' title='bbox 259 332 380 390; x_wconf 80' lang='grc'><strong>577</strong></span> 
     </span>
    </p>
   </div>
   <div class='ocr_carea' id='block_1_2' title="bbox 258 454 1687 535">
    <p class='ocr_par' dir='ltr' id='par_1_2' title="bbox 258 454 1687 535">
     <span class='ocr_line' id='line_1_2' title="bbox 258 454 1687 535; baseline -0.004 -20"><span class='ocrx_word' id='word_1_2' title='bbox 258 464 459 535; x_wconf 83' lang='grc' dir='ltr'>Ὠσπερ</span> <span class='ocrx_word' id='word_1_3' title='bbox 489 458 711 528; x_wconf 86' lang='grc' dir='ltr'>κάκείνη</span> <span class='ocrx_word' id='word_1_4' title='bbox 744 459 948 532; x_wconf 87' lang='grc' dir='ltr'>γίνεται</span> <span class='ocrx_word' id='word_1_5' title='bbox 982 456 1263 529; x_wconf 75' lang='grc' dir='ltr'>ξύμπαντα</span> <span class='ocrx_word' id='word_1_6' title='bbox 1289 456 1429 531; x_wconf 81' lang='grc' dir='ltr'>πρὸς</span> <span class='ocrx_word' id='word_1_7' title='bbox 1458 454 1687 525; x_wconf 82' lang='grc' dir='ltr'>ἐκεῖνον,</span> 
     </span>
    </p>
   </div>
   <div class='ocr_carea' id='block_1_3' title="bbox 263 543 1912 623">
    <p class='ocr_par' dir='ltr' id='par_1_3' title="bbox 263 543 1912 623">
     <span class='ocr_line' id='line_1_3' title="bbox 263 543 1912 623; baseline -0.001 -19"><span class='ocrx_word' id='word_1_8' title='bbox 263 548 485 623; x_wconf 73' lang='grc' dir='ltr'>Νύμφη,</span> <span class='ocrx_word' id='word_1_9' title='bbox 517 550 604 603; x_wconf 78' lang='grc' dir='ltr'><strong>καὶ</strong></span> <span class='ocrx_word' id='word_1_10' title='bbox 634 546 849 621; x_wconf 88' lang='grc' dir='ltr'>θρόνος,</span> <span class='ocrx_word' id='word_1_11' title='bbox 880 548 969 601; x_wconf 82' lang='grc' dir='ltr'><strong>καὶ</strong></span> <span class='ocrx_word' id='word_1_12' title='bbox 1004 546 1287 620; x_wconf 76' lang='grc' dir='ltr'>στρωμνὴ,</span> <span class='ocrx_word' id='word_1_13' title='bbox 1318 548 1408 600; x_wconf 83' lang='grc' dir='ltr'>καί</span> <span class='ocrx_word' id='word_1_14' title='bbox 1440 543 1605 600; x_wconf 80' lang='grc' dir='ltr'>πάλιν</span> <span class='ocrx_word' id='word_1_15' title='bbox 1643 544 1912 603; x_wconf 76' lang='grc' dir='ltr'><strong>κατοικία.</strong></span> 
     </span>
    </p>
   </div>
   <div class='ocr_carea' id='block_1_4' title="bbox 266 633 1755 716">
    <p class='ocr_par' dir='ltr' id='par_1_4' title="bbox 266 633 1755 716">
     <span class='ocr_line' id='line_1_4' title="bbox 266 633 1755 716; baseline -0.003 -23"><span class='ocrx_word' id='word_1_16' title='bbox 266 640 394 697; x_wconf 77' lang='grc' dir='ltr'>Εἶτά</span> <span class='ocrx_word' id='word_1_17' title='bbox 426 660 558 716; x_wconf 71' lang='grc' dir='ltr'>φησι</span> <span class='ocrx_word' id='word_1_18' title='bbox 589 638 728 712; x_wconf 78' lang='grc' dir='ltr'>πρὸς</span> <span class='ocrx_word' id='word_1_19' title='bbox 754 635 891 698; x_wconf 68' lang='grc' dir='ltr'>τοὺς</span> <span class='ocrx_word' id='word_1_20' title='bbox 914 634 1108 699; x_wconf 77' lang='grc' dir='ltr'>αὐτοὺς</span> <span class='ocrx_word' id='word_1_21' title='bbox 1137 633 1402 711; x_wconf 76' lang='grc' dir='ltr'><strong>ἀγγέλους</strong></span> <span class='ocrx_word' id='word_1_22' title='bbox 1431 636 1529 705; x_wconf 70' lang='grc' dir='ltr'>τὴν</span> <span class='ocrx_word' id='word_1_23' title='bbox 1560 634 1755 704; x_wconf 78' lang='grc' dir='ltr'>αἰτίαν,</span> 
     </span>
    </p>
   </div>
   <div class='ocr_carea' id='block_1_5' title="bbox 264 724 1865 802">
    <p class='ocr_par' dir='ltr' id='par_1_5' title="bbox 264 724 1865 802">
     <span class='ocr_line' id='line_1_5' title="bbox 264 724 1865 802; baseline -0.002 -19"><span class='ocrx_word' id='word_1_24' title='bbox 264 731 373 798; x_wconf 77' lang='grc' dir='ltr'><strong>Τῆς</strong></span> <span class='ocrx_word' id='word_1_25' title='bbox 409 724 809 802; x_wconf 79' lang='grc' dir='ltr'>παρακλήσεως</span> <span class='ocrx_word' id='word_1_26' title='bbox 840 725 1007 795; x_wconf 73' lang='grc' dir='ltr'>αὐτῆς</span> <span class='ocrx_word' id='word_1_27' title='bbox 1034 732 1136 794; x_wconf 77' lang='grc' dir='ltr'><strong>τῆς</strong></span> <span class='ocrx_word' id='word_1_28' title='bbox 1166 728 1425 801; x_wconf 66' lang='grc' dir='ltr'>συνεχοῦς</span> <span class='ocrx_word' id='word_1_29' title='bbox 1454 726 1592 799; x_wconf 91' lang='grc' dir='ltr'>πρὸς</span> <span class='ocrx_word' id='word_1_30' title='bbox 1618 724 1865 798; x_wconf 85' lang='grc' dir='ltr'>τούτους,</span> 
     </span>
    </p>
   </div>
   <div class='ocr_carea' id='block_1_6' title="bbox 262 812 1918 893">
    <p class='ocr_par' dir='ltr' id='par_1_6' title="bbox 262 812 1918 893">
     <span class='ocr_line' id='line_1_6' title="bbox 262 812 1918 893; baseline -0.002 -21"><span class='ocrx_word' id='word_1_31' title='bbox 262 821 380 877; x_wconf 79' lang='grc' dir='ltr'>Ὀτι</span> <span class='ocrx_word' id='word_1_32' title='bbox 412 817 727 893; x_wconf 77' lang='grc' dir='ltr'>τετρωμένη</span> <span class='ocrx_word' id='word_1_33' title='bbox 776 815 986 889; x_wconf 78' lang='grc' dir='ltr'>ἀγάπης</span> <span class='ocrx_word' id='word_1_34' title='bbox 1034 813 1161 891; x_wconf 71' lang='grc' dir='ltr'>ἐγώ.</span> <span class='ocrx_word' id='word_1_35' title='bbox 1216 815 1356 890; x_wconf 86' lang='grc' dir='ltr'><strong>Ἐγὼ</strong></span> <span class='ocrx_word' id='word_1_36' title='bbox 1405 814 1569 886; x_wconf 84' lang='grc' dir='ltr'>φησὶν</span> <span class='ocrx_word' id='word_1_37' title='bbox 1620 812 1918 869; x_wconf 70' lang='grc' dir='ltr'>ἑκδυσωπῶ</span> 
     </span>
    </p>
   </div>
   <div class='ocr_carea' id='block_1_7' title="bbox 1286 902 1915 979">
    <p class='ocr_par' dir='ltr' id='par_1_7' title="bbox 1286 902 1915 979">
     <span class='ocr_line' id='line_1_7' title="bbox 1286 902 1915 979; baseline 0.003 -23"><span class='ocrx_word' id='word_1_38' title='bbox 1286 905 1406 977; x_wconf 77' lang='grc' dir='ltr'>[τὴν</span> <span class='ocrx_word' id='word_1_39' title='bbox 1442 904 1699 977; x_wconf 64' lang='grc' dir='ltr'>ὑμετέραν</span> <span class='ocrx_word' id='word_1_40' title='bbox 1731 902 1915 979; x_wconf 79' lang='grc' dir='ltr'>χάριν,</span> 
     </span>
    </p>
   </div>
   <div class='ocr_carea' id='block_1_8' title="bbox 260 987 1854 1070">
    <p class='ocr_par' dir='ltr' id='par_1_8' title="bbox 260 987 1854 1070">
     <span class='ocr_line' id='line_1_8' title="bbox 260 987 1854 1070; baseline -0.004 -19"><span class='ocrx_word' id='word_1_41' title='bbox 260 997 365 1065; x_wconf 77' lang='grc' dir='ltr'><strong>Τήν</strong></span> <span class='ocrx_word' id='word_1_42' title='bbox 399 996 600 1070; x_wconf 68' lang='grc' dir='ltr'>στέγην</span> <span class='ocrx_word' id='word_1_43' title='bbox 633 992 770 1064; x_wconf 78' lang='grc' dir='ltr'>ὅλην</span> <span class='ocrx_word' id='word_1_44' title='bbox 798 1015 909 1067; x_wconf 90' lang='grc' dir='ltr'><strong>μου</strong></span> <span class='ocrx_word' id='word_1_45' title='bbox 938 990 1122 1055; x_wconf 84' lang='grc' dir='ltr'>καλῶς</span> <span class='ocrx_word' id='word_1_46' title='bbox 1157 990 1209 1046; x_wconf 73' lang='grc' dir='ltr'>ἰν</span> <span class='ocrx_word' id='word_1_47' title='bbox 1246 988 1448 1065; x_wconf 72' lang='grc' dir='ltr'>μήλοις</span> <span class='ocrx_word' id='word_1_48' title='bbox 1479 987 1854 1062; x_wconf 76' lang='grc' dir='ltr'><strong>στιόασθῆνιιι⁹</strong></span> 
     </span>
    </p>
   </div>
   <div class='ocr_carea' id='block_1_9' title="bbox 259 1080 1702 1160">
    <p class='ocr_par' dir='ltr' id='par_1_9' title="bbox 259 1080 1702 1160">
     <span class='ocr_line' id='line_1_9' title="bbox 259 1080 1702 1160; baseline -0.002 -21"><span class='ocrx_word' id='word_1_49' title='bbox 259 1086 376 1139; x_wconf 84' lang='grc' dir='ltr'>Ὀτι</span> <span class='ocrx_word' id='word_1_50' title='bbox 404 1090 488 1156; x_wconf 77' lang='grc' dir='ltr'><strong>τῷ</strong></span> <span class='ocrx_word' id='word_1_51' title='bbox 522 1081 671 1160; x_wconf 71' lang='grc' dir='ltr'>βέλει</span> <span class='ocrx_word' id='word_1_52' title='bbox 699 1083 978 1158; x_wconf 69' lang='grc' dir='ltr'>τέτρωμαι</span> <span class='ocrx_word' id='word_1_53' title='bbox 1007 1086 1085 1154; x_wconf 83' lang='grc' dir='ltr'>τῷ</span> <span class='ocrx_word' id='word_1_54' title='bbox 1112 1088 1213 1151; x_wconf 84' lang='grc' dir='ltr'><strong>τῆς</strong></span> <span class='ocrx_word' id='word_1_55' title='bbox 1242 1081 1456 1158; x_wconf 79' lang='grc' dir='ltr'>ἀγάπης</span> <span class='ocrx_word' id='word_1_56' title='bbox 1487 1080 1702 1139; x_wconf 84' lang='grc' dir='ltr'>τούτου.</span> 
     </span>
    </p>
   </div>
   <div class='ocr_carea' id='block_1_10' title="bbox 262 1167 1595 1247">
    <p class='ocr_par' dir='ltr' id='par_1_10' title="bbox 262 1167 1595 1247">
     <span class='ocr_line' id='line_1_10' title="bbox 262 1167 1595 1247; baseline -0.003 -19"><span class='ocrx_word' id='word_1_57' title='bbox 262 1172 511 1247; x_wconf 81' lang='grc' dir='ltr'>’Δγάπην</span> <span class='ocrx_word' id='word_1_58' title='bbox 538 1172 720 1227; x_wconf 80' lang='grc' dir='ltr'>τοίνυν</span> <span class='ocrx_word' id='word_1_59' title='bbox 754 1172 949 1242; x_wconf 84' lang='grc' dir='ltr'>νόησον</span> <span class='ocrx_word' id='word_1_60' title='bbox 976 1172 1071 1225; x_wconf 86' lang='grc' dir='ltr'>τὸν</span> <span class='ocrx_word' id='word_1_61' title='bbox 1099 1167 1334 1245; x_wconf 74' lang='grc' dir='ltr'>ἄναρχον</span> <span class='ocrx_word' id='word_1_62' title='bbox 1367 1168 1595 1245; x_wconf 65' lang='grc' dir='ltr'>Πατέρα,</span> 
     </span>
    </p>
   </div>
   <div class='ocr_carea' id='block_1_11' title="bbox 260 1258 1786 1338">
    <p class='ocr_par' dir='ltr' id='par_1_11' title="bbox 260 1258 1786 1338">
     <span class='ocr_line' id='line_1_11' title="bbox 260 1258 1786 1338; baseline -0.001 -22"><span class='ocrx_word' id='word_1_63' title='bbox 260 1262 357 1317; x_wconf 77' lang='grc' dir='ltr'>Καὶ</span> <span class='ocrx_word' id='word_1_64' title='bbox 396 1261 561 1338; x_wconf 70' lang='grc' dir='ltr'>βέλος</span> <span class='ocrx_word' id='word_1_65' title='bbox 592 1258 765 1323; x_wconf 80' lang='grc' dir='ltr'>ὅντως</span> <span class='ocrx_word' id='word_1_66' title='bbox 796 1258 881 1315; x_wconf 79' lang='grc' dir='ltr'><strong>ὲκ)</strong></span> <span class='ocrx_word' id='word_1_67' title='bbox 899 1260 1049 1315; x_wconf 87' lang='grc' dir='ltr'>εκτὸν</span> <span class='ocrx_word' id='word_1_68' title='bbox 1081 1259 1174 1314; x_wconf 86' lang='grc' dir='ltr'>τὸν</span> <span class='ocrx_word' id='word_1_69' title='bbox 1207 1259 1382 1334; x_wconf 85' lang='grc' dir='ltr'>Λόγον</span> <span class='ocrx_word' id='word_1_70' title='bbox 1414 1258 1502 1313; x_wconf 84' lang='grc' dir='ltr'><strong>καὶ</strong></span> <span class='ocrx_word' id='word_1_71' title='bbox 1533 1258 1786 1335; x_wconf 79' lang='grc' dir='ltr'>νυμφίον’</span> 
     </span>
    </p>
   </div>
   <div class='ocr_carea' id='block_1_12' title="bbox 256 1346 1761 1426">
    <p class='ocr_par' dir='ltr' id='par_1_12' title="bbox 256 1346 1761 1426">
     <span class='ocr_line' id='line_1_12' title="bbox 256 1346 1761 1426; baseline -0.001 -19"><span class='ocrx_word' id='word_1_72' title='bbox 256 1355 458 1407; x_wconf 82' lang='grc' dir='ltr'>Τοῦτον</span> <span class='ocrx_word' id='word_1_73' title='bbox 493 1350 597 1426; x_wconf 80' lang='grc' dir='ltr'><strong>γὰρ</strong></span> <span class='ocrx_word' id='word_1_74' title='bbox 628 1349 864 1424; x_wconf 68' lang='grc' dir='ltr'>πέμπειν</span> <span class='ocrx_word' id='word_1_75' title='bbox 900 1346 1085 1414; x_wconf 73' lang='grc' dir='ltr'>εἶ’ωθεν</span> <span class='ocrx_word' id='word_1_76' title='bbox 1118 1346 1206 1403; x_wconf 75' lang='grc' dir='ltr'><strong>ἐπὶ</strong></span> <span class='ocrx_word' id='word_1_77' title='bbox 1236 1348 1363 1411; x_wconf 80' lang='grc' dir='ltr'>τοὺς</span> <span class='ocrx_word' id='word_1_78' title='bbox 1396 1349 1761 1422; x_wconf 74' lang='grc' dir='ltr'>σωζομένους.</span> 
     </span>
    </p>
   </div>
   <div class='ocr_carea' id='block_1_13' title="bbox 841 1464 1327 1539">
    <p class='ocr_par' dir='ltr' id='par_1_13' title="bbox 841 1464 1327 1539">
     <span class='ocr_line' id='line_1_13' title="bbox 841 1464 1327 1539; baseline -0.008 -18"><span class='ocrx_word' id='word_1_79' title='bbox 841 1466 964 1521; x_wconf 84' lang='grc' dir='ltr'>Τῶν</span> <span class='ocrx_word' id='word_1_80' title='bbox 997 1471 1042 1539; x_wconf 91' lang='grc' dir='ltr'>γ’</span> <span class='ocrx_word' id='word_1_81' title='bbox 1074 1464 1327 1537; x_wconf 75' lang='grc' dir='ltr'>Ηατέρων</span> 
     </span>
    </p>
   </div>
   <div class='ocr_carea' id='block_1_14' title="bbox 328 1568 1920 1647">
    <p class='ocr_par' dir='ltr' id='par_1_14' title="bbox 328 1568 1920 1647">
     <span class='ocr_line' id='line_1_14' title="bbox 328 1568 1920 1647; baseline 0 -21"><span class='ocrx_word' id='word_1_82' title='bbox 328 1571 494 1630; x_wconf 64' lang='grc' dir='ltr'>Οὕτω</span> <span class='ocrx_word' id='word_1_83' title='bbox 558 1572 651 1645; x_wconf 78' lang='grc' dir='ltr'><strong>μὶν</strong></span> <span class='ocrx_word' id='word_1_84' title='bbox 711 1573 746 1640; x_wconf 78' lang='grc' dir='ltr'><strong>ἡ</strong></span> <span class='ocrx_word' id='word_1_85' title='bbox 796 1569 981 1647; x_wconf 75' lang='grc' dir='ltr'>νύμφη</span> <span class='ocrx_word' id='word_1_86' title='bbox 1039 1573 1135 1624; x_wconf 86' lang='grc' dir='ltr'><strong>τοῦ</strong></span> <span class='ocrx_word' id='word_1_87' title='bbox 1182 1568 1420 1647; x_wconf 68' lang='grc' dir='ltr'>νυμφίου</span> <span class='ocrx_word' id='word_1_88' title='bbox 1468 1570 1531 1625; x_wconf 84' lang='grc' dir='ltr'>τὸ</span> <span class='ocrx_word' id='word_1_89' title='bbox 1559 1568 1789 1639; x_wconf 85' lang='grc' dir='ltr'>κάλλος,</span> <span class='ocrx_word' id='word_1_90' title='bbox 1820 1572 1920 1639; x_wconf 85' lang='grc' dir='ltr'><strong>τήν</strong></span> 
     </span>
    </p>
   </div>
   <div class='ocr_carea' id='block_1_15' title="bbox 259 1656 1917 1732">
    <p class='ocr_par' dir='ltr' id='par_1_15' title="bbox 259 1656 1917 1732">
     <span class='ocr_line' id='line_1_15' title="bbox 259 1656 1917 1732; baseline -0.002 -15"><span class='ocrx_word' id='word_1_91' title='bbox 259 1658 520 1728; x_wconf 76' lang='grc' dir='ltr'>εὐωδίαν,</span> <span class='ocrx_word' id='word_1_92' title='bbox 572 1662 671 1729; x_wconf 73' lang='grc' dir='ltr'>τὴν</span> <span class='ocrx_word' id='word_1_93' title='bbox 728 1660 953 1728; x_wconf 71' lang='grc' dir='ltr'>σκέπην,</span> <span class='ocrx_word' id='word_1_94' title='bbox 1004 1659 1105 1727; x_wconf 81' lang='grc' dir='ltr'><strong>τήν</strong></span> <span class='ocrx_word' id='word_1_95' title='bbox 1155 1656 1470 1732; x_wconf 71' lang='grc' dir='ltr'>γλυκύτητα</span> <span class='ocrx_word' id='word_1_96' title='bbox 1510 1664 1917 1732; x_wconf 75' lang='grc' dir='ltr'>καταμαθοῦσα,</span> 
     </span>
    </p>
   </div>
   <div class='ocr_carea' id='block_1_16' title="bbox 260 1744 1914 1824">
    <p class='ocr_par' dir='ltr' id='par_1_16' title="bbox 260 1744 1914 1824">
     <span class='ocr_line' id='line_1_16' title="bbox 260 1744 1914 1824; baseline -0.001 -18"><span class='ocrx_word' id='word_1_97' title='bbox 260 1749 622 1824; x_wconf 82' lang='grc' dir='ltr'>ἆνακηρύττει</span> <span class='ocrx_word' id='word_1_98' title='bbox 698 1746 826 1804; x_wconf 81' lang='grc' dir='ltr'>τάδε</span> <span class='ocrx_word' id='word_1_99' title='bbox 912 1747 989 1809; x_wconf 65' lang='grc' dir='ltr'>εἷς</span> <span class='ocrx_word' id='word_1_100' title='bbox 1078 1744 1349 1801; x_wconf 75' lang='grc' dir='ltr'>διακονίαν</span> <span class='ocrx_word' id='word_1_101' title='bbox 1446 1745 1914 1821; x_wconf 83' lang='grc' dir='ltr'>ἀποστελλόμενα.</span> 
     </span>
    </p>
   </div>
   <div class='ocr_carea' id='block_1_17' title="bbox 1311 320 2648 385">
    <p class='ocr_par' dir='ltr' id='par_1_17' title="bbox 1311 320 2648 385">
     <span class='ocr_line' id='line_1_17' title="bbox 1311 320 2648 385; baseline -0.001 -1"><span class='ocrx_word' id='word_1_102' title='bbox 1311 320 1721 385; x_wconf 81' lang='lat' dir='ltr'><strong>COMMENT.</strong></span> <span class='ocrx_word' id='word_1_103' title='bbox 1770 322 1848 383; x_wconf 87' lang='grc' dir='ltr'>ΙΝ</span> <span class='ocrx_word' id='word_1_104' title='bbox 1893 322 2299 385; x_wconf 84' lang='lat' dir='ltr'><strong>CANTICUM</strong></span> <span class='ocrx_word' id='word_1_105' title='bbox 2344 322 2648 385; x_wconf 76' lang='lat' dir='ltr'><strong>CANTIC.</strong></span> 
     </span>
    </p>
   </div>
   <div class='ocr_carea' id='block_1_18' title="bbox 3555 330 3675 389">
    <p class='ocr_par' dir='ltr' id='par_1_18' title="bbox 3555 330 3675 389">
     <span class='ocr_line' id='line_1_18' title="bbox 3555 330 3675 389; baseline 0 -1"><span class='ocrx_word' id='word_1_106' title='bbox 3555 330 3675 389; x_wconf 82' lang='grc'><strong>578</strong></span> 
     </span>
    </p>
   </div>
   <div class='ocr_carea' id='block_1_19' title="bbox 1944 457 3675 533">
    <p class='ocr_par' dir='ltr' id='par_1_19' title="bbox 1944 457 3675 533">
     <span class='ocr_line' id='line_1_19' title="bbox 1944 457 3675 533; baseline 0.003 -20"><span class='ocrx_word' id='word_1_107' title='bbox 1944 467 1996 533; x_wconf 78' lang='grc' dir='ltr'>Α</span> <span class='ocrx_word' id='word_1_108' title='bbox 2032 457 2258 527; x_wconf 84' lang='lat' dir='ltr'><strong>plicans</strong></span> <span class='ocrx_word' id='word_1_109' title='bbox 2291 476 2303 514; x_wconf 93' lang='lat'>:</span> <span class='ocrx_word' id='word_1_110' title='bbox 2338 460 2456 533; x_wconf 84' lang='lat' dir='ltr'><strong>Ego</strong></span> <span class='ocrx_word' id='word_1_111' title='bbox 2480 460 2660 526; x_wconf 89' lang='lat' dir='ltr'><strong>enim,</strong></span> <span class='ocrx_word' id='word_1_112' title='bbox 2712 457 2929 530; x_wconf 79' lang='lat' dir='ltr'><strong>inquit,</strong></span> <span class='ocrx_word' id='word_1_113' title='bbox 2978 474 3171 515; x_wconf 87' lang='lat' dir='ltr'><strong>amore</strong></span> <span class='ocrx_word' id='word_1_114' title='bbox 3216 474 3339 516; x_wconf 88' lang='lat' dir='ltr'><strong>sum</strong></span> <span class='ocrx_word' id='word_1_115' title='bbox 3397 464 3675 519; x_wconf 75' lang='lat' dir='ltr'><strong><em>sauciata.</em></strong></span> 
     </span>
    </p>
   </div>
   <div class='ocr_carea' id='block_1_20' title="bbox 2027 546 3675 621">
    <p class='ocr_par' dir='ltr' id='par_1_20' title="bbox 2027 546 3675 621">
     <span class='ocr_line' id='line_1_20' title="bbox 2027 546 3675 621; baseline 0.004 -19"><span class='ocrx_word' id='word_1_116' title='bbox 2027 547 2146 620; x_wconf 88' lang='lat' dir='ltr'><strong>Ego</strong></span> <span class='ocrx_word' id='word_1_117' title='bbox 2178 552 2427 605; x_wconf 78' lang='lat' dir='ltr'><strong>vestram</strong></span> <span class='ocrx_word' id='word_1_118' title='bbox 2462 564 2630 620; x_wconf 88' lang='lat' dir='ltr'><strong>opem</strong></span> <span class='ocrx_word' id='word_1_119' title='bbox 2665 546 2938 621; x_wconf 80' lang='lat' dir='ltr'><strong>imploro.</strong></span> <span class='ocrx_word' id='word_1_120' title='bbox 2967 548 3173 604; x_wconf 89' lang='lat' dir='ltr'><strong>Totam</strong></span> <span class='ocrx_word' id='word_1_121' title='bbox 3207 550 3446 605; x_wconf 91' lang='lat' dir='ltr'><strong>domum</strong></span> <span class='ocrx_word' id='word_1_122' title='bbox 3484 568 3675 609; x_wconf 87' lang='lat' dir='ltr'><strong>meam</strong></span> 
     </span>
    </p>
   </div>
   <div class='ocr_carea' id='block_1_21' title="bbox 2028 637 3679 711">
    <p class='ocr_par' dir='ltr' id='par_1_21' title="bbox 2028 637 3679 711">
     <span class='ocr_line' id='line_1_21' title="bbox 2028 637 3679 711; baseline 0.004 -20"><span class='ocrx_word' id='word_1_123' title='bbox 2028 637 2220 707; x_wconf 81' lang='lat' dir='ltr'><strong>pomis</strong></span> <span class='ocrx_word' id='word_1_124' title='bbox 2250 637 2570 709; x_wconf 90' lang='lat' dir='ltr'><strong>constipari</strong></span> <span class='ocrx_word' id='word_1_125' title='bbox 2615 638 2831 709; x_wconf 91' lang='lat' dir='ltr'><strong>cupio:</strong></span> <span class='ocrx_word' id='word_1_126' title='bbox 2865 637 3146 709; x_wconf 88' lang='lat' dir='ltr'><strong>quoniam</strong></span> <span class='ocrx_word' id='word_1_127' title='bbox 3197 639 3411 711; x_wconf 79' lang='lat' dir='ltr'><strong>sagitta</strong></span> <span class='ocrx_word' id='word_1_128' title='bbox 3460 642 3679 697; x_wconf 80' lang='lat' dir='ltr'><strong>amoris</strong></span> 
     </span>
    </p>
   </div>
   <div class='ocr_carea' id='block_1_22' title="bbox 2026 723 3677 802">
    <p class='ocr_par' dir='ltr' id='par_1_22' title="bbox 2026 723 3677 802">
     <span class='ocr_line' id='line_1_22' title="bbox 2026 723 3677 802; baseline 0.004 -23"><span class='ocrx_word' id='word_1_129' title='bbox 2026 723 2200 781; x_wconf 85' lang='lat' dir='ltr'><strong>istius</strong></span> <span class='ocrx_word' id='word_1_130' title='bbox 2250 726 2477 782; x_wconf 85' lang='lat' dir='ltr'><strong>conﬁxa</strong></span> <span class='ocrx_word' id='word_1_131' title='bbox 2524 743 2681 783; x_wconf 88' lang='lat' dir='ltr'><strong>sum.</strong></span> <span class='ocrx_word' id='word_1_132' title='bbox 2712 730 2823 782; x_wconf 91' lang='lat' dir='ltr'><strong>Per</strong></span> <span class='ocrx_word' id='word_1_133' title='bbox 2846 743 3106 783; x_wconf 91' lang='lat' dir='ltr'><strong>amorem</strong></span> <span class='ocrx_word' id='word_1_134' title='bbox 3136 726 3397 800; x_wconf 90' lang='lat' dir='ltr'><strong>intellige</strong></span> <span class='ocrx_word' id='word_1_135' title='bbox 3430 733 3677 802; x_wconf 82' lang='lat' dir='ltr'><strong>Patrem,</strong></span> 
     </span>
    </p>
   </div>
   <div class='ocr_carea' id='block_1_23' title="bbox 2030 814 3679 890">
    <p class='ocr_par' dir='ltr' id='par_1_23' title="bbox 2030 814 3679 890">
     <span class='ocr_line' id='line_1_23' title="bbox 2030 814 3679 890; baseline 0.004 -22"><span class='ocrx_word' id='word_1_136' title='bbox 2030 814 2129 885; x_wconf 87' lang='lat' dir='ltr'><strong>qui</strong></span> <span class='ocrx_word' id='word_1_137' title='bbox 2159 815 2387 870; x_wconf 90' lang='lat' dir='ltr'><strong>nullum</strong></span> <span class='ocrx_word' id='word_1_138' title='bbox 2421 815 2595 870; x_wconf 83' lang='lat' dir='ltr'><strong>habet</strong></span> <span class='ocrx_word' id='word_1_139' title='bbox 2626 816 3022 887; x_wconf 80' lang='lat' dir='ltr'><strong>principium;</strong></span> <span class='ocrx_word' id='word_1_140' title='bbox 3075 832 3177 888; x_wconf 88' lang='lat' dir='ltr'><strong>per</strong></span> <span class='ocrx_word' id='word_1_141' title='bbox 3220 817 3495 890; x_wconf 79' lang='lat' dir='ltr'><strong>sagittam</strong></span> <span class='ocrx_word' id='word_1_142' title='bbox 3543 834 3679 875; x_wconf 84' lang='lat' dir='ltr'><strong>vero</strong></span> 
     </span>
    </p>
   </div>
   <div class='ocr_carea' id='block_1_24' title="bbox 2028 902 3679 976">
    <p class='ocr_par' dir='ltr' id='par_1_24' title="bbox 2028 902 3679 976">
     <span class='ocr_line' id='line_1_24' title="bbox 2028 902 3679 976; baseline 0.005 -19"><span class='ocrx_word' id='word_1_143' title='bbox 2028 902 2297 970; x_wconf 88' lang='lat' dir='ltr'><strong>electam,</strong></span> <span class='ocrx_word' id='word_1_144' title='bbox 2349 903 2603 959; x_wconf 87' lang='lat' dir='ltr'><strong>Verbum</strong></span> <span class='ocrx_word' id='word_1_145' title='bbox 2655 910 2712 959; x_wconf 90' lang='lat' dir='ltr'><strong>et</strong></span> <span class='ocrx_word' id='word_1_146' title='bbox 2755 921 3066 976; x_wconf 88' lang='lat' dir='ltr'><strong>sponsum.</strong></span> <span class='ocrx_word' id='word_1_147' title='bbox 3098 905 3265 961; x_wconf 85' lang='lat' dir='ltr'><strong>Hunc</strong></span> <span class='ocrx_word' id='word_1_148' title='bbox 3296 906 3457 963; x_wconf 88' lang='lat' dir='ltr'><strong>enim</strong></span> <span class='ocrx_word' id='word_1_149' title='bbox 3488 907 3548 964; x_wconf 88' lang='lat' dir='ltr'><strong>in</strong></span> <span class='ocrx_word' id='word_1_150' title='bbox 3578 922 3679 965; x_wconf 84' lang='lat' dir='ltr'><strong>eos</strong></span> 
     </span>
    </p>
   </div>
   <div class='ocr_carea' id='block_1_25' title="bbox 2028 991 3157 1065">
    <p class='ocr_par' dir='ltr' id='par_1_25' title="bbox 2028 991 3157 1065">
     <span class='ocr_line' id='line_1_25' title="bbox 2028 991 3157 1065; baseline 0.004 -18"><span class='ocrx_word' id='word_1_151' title='bbox 2028 991 2131 1064; x_wconf 88' lang='lat' dir='ltr'><strong>qui</strong></span> <span class='ocrx_word' id='word_1_152' title='bbox 2162 992 2487 1065; x_wconf 88' lang='lat' dir='ltr'><strong>salvantur,</strong></span> <span class='ocrx_word' id='word_1_153' title='bbox 2516 993 2803 1065; x_wconf 86' lang='lat' dir='ltr'><strong>conjicere</strong></span> <span class='ocrx_word' id='word_1_154' title='bbox 2833 994 3157 1051; x_wconf 88' lang='lat' dir='ltr'><strong>consuevit.</strong></span> 
     </span>
    </p>
   </div>
   <div class='ocr_carea' id='block_1_26' title="bbox 2612 1466 3078 1522">
    <p class='ocr_par' dir='ltr' id='par_1_26' title="bbox 2612 1466 3078 1522">
     <span class='ocr_line' id='line_1_26' title="bbox 2612 1466 3078 1522; baseline 0.004 -2"><span class='ocrx_word' id='word_1_155' title='bbox 2612 1466 2798 1521; x_wconf 84' lang='lat' dir='ltr'><strong>Trium</strong></span> <span class='ocrx_word' id='word_1_156' title='bbox 2827 1466 3078 1522; x_wconf 79' lang='lat' dir='ltr'><strong>Patrum.</strong></span> 
     </span>
    </p>
   </div>
   <div class='ocr_carea' id='block_1_27' title="bbox 2102 1572 3678 1646">
    <p class='ocr_par' dir='ltr' id='par_1_27' title="bbox 2102 1572 3678 1646">
     <span class='ocr_line' id='line_1_27' title="bbox 2102 1572 3678 1646; baseline 0.003 -19"><span class='ocrx_word' id='word_1_157' title='bbox 2102 1575 2187 1628; x_wconf 89' lang='lat' dir='ltr'><strong>Ita</strong></span> <span class='ocrx_word' id='word_1_158' title='bbox 2218 1572 2455 1645; x_wconf 88' lang='lat' dir='ltr'><strong>quidem</strong></span> <span class='ocrx_word' id='word_1_159' title='bbox 2480 1588 2699 1644; x_wconf 90' lang='lat' dir='ltr'><strong>sponsa</strong></span> <span class='ocrx_word' id='word_1_160' title='bbox 2730 1572 3025 1645; x_wconf 87' lang='lat' dir='ltr'><strong>cognitam</strong></span> <span class='ocrx_word' id='word_1_161' title='bbox 3053 1573 3255 1645; x_wconf 88' lang='lat' dir='ltr'><strong>sponsi</strong></span> <span class='ocrx_word' id='word_1_162' title='bbox 3290 1573 3678 1646; x_wconf 89' lang='lat' dir='ltr'><strong>pulchritudi-</strong></span> 
     </span>
    </p>
   </div>
   <div class='ocr_carea' id='block_1_28' title="bbox 2030 1660 3677 1736">
    <p class='ocr_par' dir='ltr' id='par_1_28' title="bbox 2030 1660 3677 1736">
     <span class='ocr_line' id='line_1_28' title="bbox 2030 1660 3677 1736; baseline 0.003 -19"><span class='ocrx_word' id='word_1_163' title='bbox 2030 1677 2189 1729; x_wconf 85' lang='lat' dir='ltr'><strong>nem,</strong></span> <span class='ocrx_word' id='word_1_164' title='bbox 2239 1660 2609 1727; x_wconf 83' lang='lat' dir='ltr'><strong>suavitatem,</strong></span> <span class='ocrx_word' id='word_1_165' title='bbox 2661 1662 2924 1727; x_wconf 90' lang='lat' dir='ltr'><strong>domum,</strong></span> <span class='ocrx_word' id='word_1_166' title='bbox 2957 1661 3328 1718; x_wconf 86' lang='lat' dir='ltr'><strong>dulcedinem</strong></span> <span class='ocrx_word' id='word_1_167' title='bbox 3380 1665 3677 1736; x_wconf 64' lang='lat' dir='ltr'><strong>praedicat.</strong></span> 
     </span>
    </p>
   </div>
   <div class='ocr_carea' id='block_1_29' title="bbox 2028 1750 3681 1820">
    <p class='ocr_par' dir='ltr' id='par_1_29' title="bbox 2028 1750 3681 1820">
     <span class='ocr_line' id='line_1_29' title="bbox 2028 1750 3681 1820; baseline 0.003 -15"><span class='ocrx_word' id='word_1_168' title='bbox 2028 1751 2325 1805; x_wconf 84' lang='lat' dir='ltr'><strong>Ministros</strong></span> <span class='ocrx_word' id='word_1_169' title='bbox 2356 1754 2550 1805; x_wconf 89' lang='lat' dir='ltr'><strong>autem</strong></span> <span class='ocrx_word' id='word_1_170' title='bbox 2586 1750 2850 1820; x_wconf 87' lang='lat' dir='ltr'><strong>spiritus,</strong></span> <span class='ocrx_word' id='word_1_171' title='bbox 2901 1750 2959 1803; x_wconf 89' lang='lat' dir='ltr'><strong>in</strong></span> <span class='ocrx_word' id='word_1_172' title='bbox 3014 1751 3409 1807; x_wconf 88' lang='lat' dir='ltr'><strong>ministerium</strong></span> <span class='ocrx_word' id='word_1_173' title='bbox 3465 1753 3681 1810; x_wconf 81' lang='lat' dir='ltr'><strong>missos</strong></span> 
     </span>
    </p>
   </div>
   <div class='ocr_carea' id='block_1_30' title="bbox 263 1834 1833 1912">
    <p class='ocr_par' dir='ltr' id='par_1_30' title="bbox 263 1834 1833 1910">
     <span class='ocr_line' id='line_1_30' title="bbox 263 1834 1833 1910; baseline -0.003 -17"><span class='ocrx_word' id='word_1_174' title='bbox 263 1840 357 1894; x_wconf 71' lang='grc' dir='ltr'>Διὰ</span> <span class='ocrx_word' id='word_1_175' title='bbox 385 1838 518 1899; x_wconf 78' lang='grc' dir='ltr'>τοὺς</span> <span class='ocrx_word' id='word_1_176' title='bbox 571 1834 873 1910; x_wconf 62' lang='grc' dir='ltr'>μέλλοντας</span> <span class='ocrx_word' id='word_1_177' title='bbox 912 1835 1277 1908; x_wconf 72' lang='grc' dir='ltr'>κληρονομεῖν</span> <span class='ocrx_word' id='word_1_178' title='bbox 1324 1836 1618 1909; x_wconf 77' lang='grc' dir='ltr'>σωτηρίαν,</span> <span class='ocrx_word' id='word_1_179' title='bbox 1672 1836 1833 1891; x_wconf 85' lang='grc' dir='ltr'>λειτοι</span> 
     </span>
    </p>
   </div>
   <div class='ocr_carea' id='block_1_31' title="bbox 2102 1834 3681 1912">
    <p class='ocr_par' dir='ltr' id='par_1_31' title="bbox 2102 1838 3681 1911">
     <span class='ocr_line' id='line_1_31' title="bbox 2102 1838 3681 1911; baseline 0.003 -16"><span class='ocrx_word' id='word_1_180' title='bbox 2102 1844 2265 1911; x_wconf 88' lang='lat' dir='ltr'><strong>opter</strong></span> <span class='ocrx_word' id='word_1_181' title='bbox 2320 1855 2419 1894; x_wconf 89' lang='lat' dir='ltr'><strong>eos</strong></span> <span class='ocrx_word' id='word_1_182' title='bbox 2468 1838 2568 1910; x_wconf 91' lang='lat' dir='ltr'><strong>qui</strong></span> <span class='ocrx_word' id='word_1_183' title='bbox 2621 1838 2829 1895; x_wconf 83' lang='lat' dir='ltr'><strong>salutis</strong></span> <span class='ocrx_word' id='word_1_184' title='bbox 2888 1838 3287 1896; x_wconf 63' lang='lat' dir='ltr'><strong>hereditatem</strong></span> <span class='ocrx_word' id='word_1_185' title='bbox 3347 1847 3486 1897; x_wconf 89' lang='lat' dir='ltr'><strong>sunt</strong></span> <span class='ocrx_word' id='word_1_186' title='bbox 3541 1844 3681 1899; x_wconf 87' lang='lat' dir='ltr'><strong>ade-</strong></span> 
     </span>
    </p>
   </div>
   <div class='ocr_carea' id='block_1_32' title="bbox 260 1923 1919 2004">
    <p class='ocr_par' dir='ltr' id='par_1_32' title="bbox 260 1923 1919 2004">
     <span class='ocr_line' id='line_1_32' title="bbox 260 1923 1919 2004; baseline -0.002 -22"><span class='ocrx_word' id='word_1_187' title='bbox 260 1930 386 2004; x_wconf 69' lang='grc' dir='ltr'>γικᾶ</span> <span class='ocrx_word' id='word_1_188' title='bbox 461 1927 745 1999; x_wconf 84' lang='grc' dir='ltr'>πνεύματα</span> <span class='ocrx_word' id='word_1_189' title='bbox 822 1923 1282 2001; x_wconf 74' lang='grc' dir='ltr'>προσκαλουμὲνη</span> <span class='ocrx_word' id='word_1_190' title='bbox 1342 1930 1609 2001; x_wconf 77' lang='grc' dir='ltr'>συνεργεῖν</span> <span class='ocrx_word' id='word_1_191' title='bbox 1669 1928 1805 2000; x_wconf 88' lang='grc' dir='ltr'>πρὸς</span> <span class='ocrx_word' id='word_1_192' title='bbox 1844 1924 1919 1981; x_wconf 73' lang='grc' dir='ltr'><strong>διο</strong></span> 
     </span>
    </p>
   </div>
   <div class='ocr_carea' id='block_1_33' title="bbox 262 2012 1919 2090">
    <p class='ocr_par' dir='ltr' id='par_1_33' title="bbox 262 2012 1919 2090">
     <span class='ocr_line' id='line_1_33' title="bbox 262 2012 1919 2090; baseline 0 -20"><span class='ocrx_word' id='word_1_193' title='bbox 262 2019 434 2087; x_wconf 75' lang='grc' dir='ltr'>ηνεκῆ</span> <span class='ocrx_word' id='word_1_194' title='bbox 492 2014 661 2070; x_wconf 78' lang='grc' dir='ltr'>αὐτοῦ</span> <span class='ocrx_word' id='word_1_195' title='bbox 718 2012 1045 2082; x_wconf 82' lang='grc' dir='ltr'>ἀπόλαυσιν,</span> <span class='ocrx_word' id='word_1_196' title='bbox 1106 2013 1289 2088; x_wconf 81' lang='grc' dir='ltr'>φησίν·</span> <span class='ocrx_word' id='word_1_197' title='bbox 1353 2013 1675 2090; x_wconf 66' lang='grc' dir='ltr'>Είσαγάγετξ</span> <span class='ocrx_word' id='word_1_198' title='bbox 1730 2036 1795 2088; x_wconf 89' lang='grc' dir='ltr'><strong>με</strong></span> <span class='ocrx_word' id='word_1_199' title='bbox 1843 2015 1919 2079; x_wconf 87' lang='grc' dir='ltr'><strong>είς</strong></span> 
     </span>
    </p>
   </div>
   <div class='ocr_carea' id='block_1_34' title="bbox 264 2100 1916 2178">
    <p class='ocr_par' dir='ltr' id='par_1_34' title="bbox 264 2100 1916 2178">
     <span class='ocr_line' id='line_1_34' title="bbox 264 2100 1916 2178; baseline 0 -19"><span class='ocrx_word' id='word_1_200' title='bbox 264 2107 410 2160; x_wconf 78' lang='grc' dir='ltr'>οἶκον</span> <span class='ocrx_word' id='word_1_201' title='bbox 468 2108 568 2160; x_wconf 85' lang='grc' dir='ltr'><strong>τοῦ</strong></span> <span class='ocrx_word' id='word_1_202' title='bbox 620 2101 794 2159; x_wconf 74' lang='grc' dir='ltr'>οἷ’νου·</span> <span class='ocrx_word' id='word_1_203' title='bbox 853 2105 1079 2178; x_wconf 68' lang='grc' dir='ltr'>⁸Ηγουν,</span> <span class='ocrx_word' id='word_1_204' title='bbox 1143 2100 1395 2173; x_wconf 76' lang='grc' dir='ltr'>Διδάξατὲ</span> <span class='ocrx_word' id='word_1_205' title='bbox 1459 2123 1525 2175; x_wconf 92' lang='grc' dir='ltr'><strong>με</strong></span> <span class='ocrx_word' id='word_1_206' title='bbox 1570 2102 1697 2165; x_wconf 82' lang='grc' dir='ltr'>τοὺς</span> <span class='ocrx_word' id='word_1_207' title='bbox 1741 2104 1916 2167; x_wconf 85' lang='grc' dir='ltr'>θείους</span> 
     </span>
    </p>
   </div>
   <div class='ocr_carea' id='block_1_35' title="bbox 261 2195 1919 2271">
    <p class='ocr_par' dir='ltr' id='par_1_35' title="bbox 261 2195 1919 2271">
     <span class='ocr_line' id='line_1_35' title="bbox 261 2195 1919 2271; baseline -0.001 -20"><span class='ocrx_word' id='word_1_208' title='bbox 261 2197 385 2271; x_wconf 76' lang='grc' dir='ltr'>περὶ</span> <span class='ocrx_word' id='word_1_209' title='bbox 444 2197 769 2271; x_wconf 81' lang='grc' dir='ltr'>σαρκώσεως</span> <span class='ocrx_word' id='word_1_210' title='bbox 828 2195 1047 2271; x_wconf 85' lang='grc' dir='ltr'>λόγους.</span> <span class='ocrx_word' id='word_1_211' title='bbox 1106 2196 1263 2249; x_wconf 73' lang='grc' dir='ltr'>Οἶνον</span> <span class='ocrx_word' id='word_1_212' title='bbox 1318 2195 1419 2270; x_wconf 83' lang='grc' dir='ltr'><strong>γάρ</strong></span> <span class='ocrx_word' id='word_1_213' title='bbox 1487 2215 1617 2270; x_wconf 75' lang='grc' dir='ltr'>φησι</span> <span class='ocrx_word' id='word_1_214' title='bbox 1674 2196 1767 2249; x_wconf 88' lang='grc' dir='ltr'><strong>τὸν</strong></span> <span class='ocrx_word' id='word_1_215' title='bbox 1826 2196 1919 2249; x_wconf 79' lang='grc' dir='ltr'><strong>εὖ·</strong></span> 
     </span>
    </p>
   </div>
   <div class='ocr_carea' id='block_1_36' title="bbox 262 2279 1917 2364">
    <p class='ocr_par' dir='ltr' id='par_1_36' title="bbox 262 2279 1917 2364">
     <span class='ocr_line' id='line_1_36' title="bbox 262 2279 1917 2364; baseline -0.001 -23"><span class='ocrx_word' id='word_1_216' title='bbox 262 2285 560 2364; x_wconf 65' lang='grc' dir='ltr'>οραίνοντα</span> <span class='ocrx_word' id='word_1_217' title='bbox 604 2285 700 2349; x_wconf 73' lang='grc' dir='ltr'><strong>τὰς</strong></span> <span class='ocrx_word' id='word_1_218' title='bbox 746 2284 925 2359; x_wconf 68' lang='grc' dir='ltr'>ψυχάς</span> <span class='ocrx_word' id='word_1_219' title='bbox 968 2289 1076 2338; x_wconf 85' lang='grc' dir='ltr'><strong>τῶν</strong></span> <span class='ocrx_word' id='word_1_220' title='bbox 1125 2283 1323 2338; x_wconf 79' lang='grc' dir='ltr'>τούτου</span> <span class='ocrx_word' id='word_1_221' title='bbox 1368 2279 1917 2356; x_wconf 76' lang='grc' dir='ltr'>μεταλαμϐανόντων,</span> 
     </span>
    </p>
   </div>
   <div class='ocr_carea' id='block_1_37' title="bbox 261 2370 1923 2447">
    <p class='ocr_par' dir='ltr' id='par_1_37' title="bbox 261 2370 1923 2447">
     <span class='ocr_line' id='line_1_37' title="bbox 261 2370 1923 2447; baseline -0.001 -18"><span class='ocrx_word' id='word_1_222' title='bbox 261 2376 351 2429; x_wconf 82' lang='grc' dir='ltr'>καὶ</span> <span class='ocrx_word' id='word_1_223' title='bbox 411 2372 799 2447; x_wconf 76' lang='grc' dir='ltr'>πρὸς⁶θὲωσιν</span> <span class='ocrx_word' id='word_1_224' title='bbox 856 2372 1143 2442; x_wconf 59' lang='lat' dir='ltr'><strong>tamam:</strong></span> <span class='ocrx_word' id='word_1_225' title='bbox 1199 2372 1325 2426; x_wconf 87' lang='grc' dir='ltr'>Θεὸν</span> <span class='ocrx_word' id='word_1_226' title='bbox 1373 2370 1587 2439; x_wconf 80' lang='grc' dir='ltr'>Λόγον.</span> <span class='ocrx_word' id='word_1_227' title='bbox 1648 2372 1721 2427; x_wconf 82' lang='grc' dir='ltr'>Οῦ</span> <span class='ocrx_word' id='word_1_228' title='bbox 1776 2374 1923 2437; x_wconf 73' lang='grc' dir='ltr'>οἶκος</span> 
     </span>
    </p>
   </div>
   <div class='ocr_carea' id='block_1_38' title="bbox 263 2458 1917 2540">
    <p class='ocr_par' dir='ltr' id='par_1_38' title="bbox 263 2458 1917 2540">
     <span class='ocr_line' id='line_1_38' title="bbox 263 2458 1917 2540; baseline -0.002 -22"><span class='ocrx_word' id='word_1_229' title='bbox 263 2466 297 2532; x_wconf 78' lang='grc' dir='ltr'>ἠ</span> <span class='ocrx_word' id='word_1_230' title='bbox 378 2461 799 2540; x_wconf 77' lang='grc' dir='ltr'>προσληφθεῖσα</span> <span class='ocrx_word' id='word_1_231' title='bbox 875 2462 1001 2536; x_wconf 83' lang='grc' dir='ltr'>παρ’</span> <span class='ocrx_word' id='word_1_232' title='bbox 1054 2458 1218 2515; x_wconf 79' lang='grc' dir='ltr'>αὐτοῦ</span> <span class='ocrx_word' id='word_1_233' title='bbox 1284 2460 1457 2535; x_wconf 78' lang='grc' dir='ltr'>σάρξ·</span> <span class='ocrx_word' id='word_1_234' title='bbox 1517 2461 1591 2522; x_wconf 82' lang='grc' dir='ltr'><strong>εἰς</strong></span> <span class='ocrx_word' id='word_1_235' title='bbox 1650 2461 1712 2515; x_wconf 78' lang='grc' dir='ltr'><strong>’ὃν</strong></span> <span class='ocrx_word' id='word_1_236' title='bbox 1770 2463 1917 2516; x_wconf 79' lang='grc' dir='ltr'>οἷκον</span> 
     </span>
    </p>
   </div>
   <div class='ocr_carea' id='block_1_39' title="bbox 265 2548 1922 2628">
    <p class='ocr_par' dir='ltr' id='par_1_39' title="bbox 265 2548 1922 2628">
     <span class='ocr_line' id='line_1_39' title="bbox 265 2548 1922 2628; baseline -0.001 -22"><span class='ocrx_word' id='word_1_237' title='bbox 265 2552 537 2628; x_wconf 70' lang='grc' dir='ltr'>είσάγεται</span> <span class='ocrx_word' id='word_1_238' title='bbox 610 2554 645 2621; x_wconf 75' lang='grc' dir='ltr'><strong>ἡ</strong></span> <span class='ocrx_word' id='word_1_239' title='bbox 722 2548 1018 2619; x_wconf 84' lang='grc' dir='ltr'>Ἐκκλησία</span> <span class='ocrx_word' id='word_1_240' title='bbox 1100 2549 1194 2622; x_wconf 84' lang='grc' dir='ltr'><strong>μία</strong></span> <span class='ocrx_word' id='word_1_241' title='bbox 1271 2550 1397 2623; x_wconf 74' lang='grc' dir='ltr'>σάρξ</span> <span class='ocrx_word' id='word_1_242' title='bbox 1481 2550 1615 2623; x_wconf 82' lang='grc' dir='ltr'><strong>μετά</strong></span> <span class='ocrx_word' id='word_1_243' title='bbox 1688 2552 1922 2625; x_wconf 85' lang='grc' dir='ltr'>Χριστοῦ</span> 
     </span>
    </p>
   </div>
   <div class='ocr_carea' id='block_1_40' title="bbox 264 2636 1920 2717">
    <p class='ocr_par' dir='ltr' id='par_1_40' title="bbox 264 2636 1920 2717">
     <span class='ocr_line' id='line_1_40' title="bbox 264 2636 1920 2717; baseline 0 -22"><span class='ocrx_word' id='word_1_244' title='bbox 264 2639 529 2713; x_wconf 71' lang='grc' dir='ltr'>ἆσομὲνη,</span> <span class='ocrx_word' id='word_1_245' title='bbox 591 2639 665 2701; x_wconf 83' lang='grc' dir='ltr'>ὥς</span> <span class='ocrx_word' id='word_1_246' title='bbox 723 2661 884 2717; x_wconf 81' lang='grc' dir='ltr'>φησιν</span> <span class='ocrx_word' id='word_1_247' title='bbox 934 2640 962 2693; x_wconf 80' lang='grc' dir='ltr'>ὁ</span> <span class='ocrx_word' id='word_1_248' title='bbox 1022 2636 1357 2702; x_wconf 86' lang='grc' dir='ltr'>Ἀπόστολος</span> <span class='ocrx_word' id='word_1_249' title='bbox 1385 2638 1506 2715; x_wconf 78' lang='grc' dir='ltr'>περὶ</span> <span class='ocrx_word' id='word_1_250' title='bbox 1538 2641 1920 2707; x_wconf 81' lang='grc' dir='ltr'>τοῦ,Ἕσονται</span> 
     </span>
    </p>
   </div>
   <div class='ocr_carea' id='block_1_41' title="bbox 265 2725 1924 2805">
    <p class='ocr_par' dir='ltr' id='par_1_41' title="bbox 265 2725 1924 2805">
     <span class='ocr_line' id='line_1_41' title="bbox 265 2725 1924 2805; baseline -0.001 -21"><span class='ocrx_word' id='word_1_251' title='bbox 265 2731 315 2784; x_wconf 72' lang='grc' dir='ltr'>οἱ</span> <span class='ocrx_word' id='word_1_252' title='bbox 388 2727 492 2785; x_wconf 83' lang='grc' dir='ltr'><strong>δύο</strong></span> <span class='ocrx_word' id='word_1_253' title='bbox 552 2729 627 2791; x_wconf 83' lang='grc' dir='ltr'><strong>είς</strong></span> <span class='ocrx_word' id='word_1_254' title='bbox 700 2731 869 2805; x_wconf 89' lang='grc' dir='ltr'>σάρκα</span> <span class='ocrx_word' id='word_1_255' title='bbox 942 2728 1105 2801; x_wconf 87' lang='grc' dir='ltr'>μίαν·</span> <span class='ocrx_word' id='word_1_256' title='bbox 1168 2726 1251 2782; x_wconf 82' lang='grc' dir='ltr'><strong>ὅτι</strong></span> <span class='ocrx_word' id='word_1_257' title='bbox 1319 2729 1463 2802; x_wconf 86' lang='grc' dir='ltr'><strong>Ἐγὼ</strong></span> <span class='ocrx_word' id='word_1_258' title='bbox 1533 2725 1589 2782; x_wconf 75' lang='grc' dir='ltr'><strong>δὲ</strong></span> <span class='ocrx_word' id='word_1_259' title='bbox 1648 2728 1789 2803; x_wconf 72' lang='grc' dir='ltr'>λίγω</span> <span class='ocrx_word' id='word_1_260' title='bbox 1849 2728 1924 2791; x_wconf 85' lang='grc' dir='ltr'><strong>είς</strong></span> 
     </span>
    </p>
   </div>
   <div class='ocr_carea' id='block_1_42' title="bbox 272 2815 1921 2893">
    <p class='ocr_par' dir='ltr' id='par_1_42' title="bbox 272 2815 1921 2893">
     <span class='ocr_line' id='line_1_42' title="bbox 272 2815 1921 2893; baseline -0.002 -19"><span class='ocrx_word' id='word_1_261' title='bbox 272 2820 511 2892; x_wconf 80' lang='grc' dir='ltr'>Χρ.στὸν</span> <span class='ocrx_word' id='word_1_262' title='bbox 599 2818 687 2873; x_wconf 79' lang='grc' dir='ltr'><strong>καὶ</strong></span> <span class='ocrx_word' id='word_1_263' title='bbox 768 2818 844 2879; x_wconf 80' lang='grc' dir='ltr'>εἷς</span> <span class='ocrx_word' id='word_1_264' title='bbox 922 2822 1022 2885; x_wconf 80' lang='grc' dir='ltr'>τὴν</span> <span class='ocrx_word' id='word_1_265' title='bbox 1100 2815 1451 2887; x_wconf 85' lang='grc' dir='ltr'>Ἐκκλησίαν.</span> <span class='ocrx_word' id='word_1_266' title='bbox 1530 2819 1735 2891; x_wconf 85' lang='grc' dir='ltr'>Σαρκὸς</span> <span class='ocrx_word' id='word_1_267' title='bbox 1818 2818 1921 2893; x_wconf 80' lang='grc' dir='ltr'><strong>γὰρ</strong></span> 
     </span>
    </p>
   </div>
   <div class='ocr_carea' id='block_1_43' title="bbox 273 2906 1926 2983">
    <p class='ocr_par' dir='ltr' id='par_1_43' title="bbox 273 2906 1926 2983">
     <span class='ocr_line' id='line_1_43' title="bbox 273 2906 1926 2983; baseline -0.001 -20"><span class='ocrx_word' id='word_1_268' title='bbox 273 2908 363 2963; x_wconf 82' lang='grc' dir='ltr'><strong>καὶ</strong></span> <span class='ocrx_word' id='word_1_269' title='bbox 398 2906 630 2979; x_wconf 75' lang='grc' dir='ltr'>α’ίματος</span> <span class='ocrx_word' id='word_1_270' title='bbox 686 2910 927 2983; x_wconf 76' lang='grc' dir='ltr'>Χριστοῦ</span> <span class='ocrx_word' id='word_1_271' title='bbox 983 2908 1018 2975; x_wconf 79' lang='grc' dir='ltr'>ἠ</span> <span class='ocrx_word' id='word_1_272' title='bbox 1075 2910 1183 2960; x_wconf 89' lang='grc' dir='ltr'><strong>τῶν</strong></span> <span class='ocrx_word' id='word_1_273' title='bbox 1244 2910 1447 2960; x_wconf 89' lang='grc' dir='ltr'>πιστῶν</span> <span class='ocrx_word' id='word_1_274' title='bbox 1502 2906 1802 2977; x_wconf 81' lang='grc' dir='ltr'>Ἐκκλησία</span> <span class='ocrx_word' id='word_1_275' title='bbox 1836 2929 1926 2981; x_wconf 61' lang='grc' dir='ltr'>με.</span> 
     </span>
    </p>
   </div>
   <div class='ocr_carea' id='block_1_44' title="bbox 267 2992 1921 3070">
    <p class='ocr_par' dir='ltr' id='par_1_44' title="bbox 267 2992 1921 3070">
     <span class='ocr_line' id='line_1_44' title="bbox 267 2992 1921 3070; baseline 0 -19"><span class='ocrx_word' id='word_1_276' title='bbox 267 2992 721 3069; x_wconf 76' lang='grc' dir='ltr'>ταλαμϐάνουσα,</span> <span class='ocrx_word' id='word_1_277' title='bbox 778 2996 869 3050; x_wconf 82' lang='grc' dir='ltr'><strong>καὶ</strong></span> <span class='ocrx_word' id='word_1_278' title='bbox 928 2993 1215 3068; x_wconf 83' lang='grc' dir='ltr'>σύσσωμος</span> <span class='ocrx_word' id='word_1_279' title='bbox 1273 2994 1417 3068; x_wconf 80' lang='grc' dir='ltr'><strong>αὐτῷ</strong></span> <span class='ocrx_word' id='word_1_280' title='bbox 1470 2997 1729 3070; x_wconf 77' lang='grc' dir='ltr'>γινομένη</span> <span class='ocrx_word' id='word_1_281' title='bbox 1760 3040 1773 3065; x_wconf 91' lang='grc'><strong>,</strong></span> <span class='ocrx_word' id='word_1_282' title='bbox 1833 2998 1921 3051; x_wconf 81' lang='grc' dir='ltr'>καὶ</span> 
     </span>
    </p>
   </div>
   <div class='ocr_carea' id='block_1_45' title="bbox 260 3082 1921 3161">
    <p class='ocr_par' dir='ltr' id='par_1_45' title="bbox 260 3082 1921 3161">
     <span class='ocr_line' id='line_1_45' title="bbox 260 3082 1921 3161; baseline 0 -22"><span class='ocrx_word' id='word_1_283' title='bbox 260 3086 403 3141; x_wconf 80' lang='grc' dir='ltr'>κατᾶ</span> <span class='ocrx_word' id='word_1_284' title='bbox 452 3089 652 3161; x_wconf 87' lang='grc' dir='ltr'>γνῶσιν</span> <span class='ocrx_word' id='word_1_285' title='bbox 712 3083 839 3146; x_wconf 75' lang='grc' dir='ltr'>τοὺς</span> <span class='ocrx_word' id='word_1_286' title='bbox 891 3084 1016 3159; x_wconf 81' lang='grc' dir='ltr'>περὶ</span> <span class='ocrx_word' id='word_1_287' title='bbox 1075 3083 1397 3158; x_wconf 86' lang='grc' dir='ltr'>σαρκώσεως</span> <span class='ocrx_word' id='word_1_288' title='bbox 1458 3083 1656 3161; x_wconf 88' lang='grc' dir='ltr'>λόγους</span> <span class='ocrx_word' id='word_1_289' title='bbox 1704 3082 1774 3139; x_wconf 82' lang='grc' dir='ltr'>δι’</span> <span class='ocrx_word' id='word_1_290' title='bbox 1826 3085 1921 3161; x_wconf 85' lang='grc' dir='ltr'>ἀγ-</span> 
     </span>
    </p>
   </div>
   <div class='ocr_carea' id='block_1_46' title="bbox 261 3172 1918 3249">
    <p class='ocr_par' dir='ltr' id='par_1_46' title="bbox 261 3172 1918 3249">
     <span class='ocr_line' id='line_1_46' title="bbox 261 3172 1918 3249; baseline 0 -20"><span class='ocrx_word' id='word_1_291' title='bbox 261 3174 445 3249; x_wconf 68' lang='grc' dir='ltr'>γέλων</span> <span class='ocrx_word' id='word_1_292' title='bbox 508 3173 847 3246; x_wconf 71' lang='grc' dir='ltr'>μανθάνουσα</span> <span class='ocrx_word' id='word_1_293' title='bbox 881 3220 894 3240; x_wconf 80' lang='grc'><strong>,</strong></span> <span class='ocrx_word' id='word_1_294' title='bbox 952 3173 1042 3227; x_wconf 82' lang='grc' dir='ltr'><strong>καὶ</strong></span> <span class='ocrx_word' id='word_1_295' title='bbox 1100 3174 1217 3228; x_wconf 86' lang='grc' dir='ltr'>κατ’</span> <span class='ocrx_word' id='word_1_296' title='bbox 1276 3174 1469 3249; x_wconf 74' lang='grc' dir='ltr'>ἀρετήν</span> <span class='ocrx_word' id='word_1_297' title='bbox 1529 3172 1658 3235; x_wconf 78' lang='grc' dir='ltr'>τοὺς</span> <span class='ocrx_word' id='word_1_298' title='bbox 1712 3175 1918 3229; x_wconf 89' lang='grc' dir='ltr'>τούτων</span> 
     </span>
    </p>
   </div>
   <div class='ocr_carea' id='block_1_47' title="bbox 259 3259 1920 3341">
    <p class='ocr_par' dir='ltr' id='par_1_47' title="bbox 259 3259 1920 3341">
     <span class='ocr_line' id='line_1_47' title="bbox 259 3259 1920 3341; baseline -0.001 -23"><span class='ocrx_word' id='word_1_299' title='bbox 259 3264 503 3336; x_wconf 81' lang='grc' dir='ltr'>τρόπους</span> <span class='ocrx_word' id='word_1_300' title='bbox 557 3263 897 3341; x_wconf 64' lang='grc' dir='ltr'>ἐκφαίνουσα,</span> <span class='ocrx_word' id='word_1_301' title='bbox 954 3262 1029 3325; x_wconf 72' lang='grc' dir='ltr'>εἷς</span> <span class='ocrx_word' id='word_1_302' title='bbox 1080 3262 1232 3317; x_wconf 76' lang='grc' dir='ltr'>οἷκον</span> <span class='ocrx_word' id='word_1_303' title='bbox 1258 3267 1355 3317; x_wconf 87' lang='grc' dir='ltr'><strong>τοῦ</strong></span> <span class='ocrx_word' id='word_1_304' title='bbox 1401 3259 1551 3317; x_wconf 82' lang='grc' dir='ltr'>οἷ’νου</span> <span class='ocrx_word' id='word_1_305' title='bbox 1596 3263 1920 3340; x_wconf 69' lang='grc' dir='ltr'>εἰσέρχεται,</span> 
     </span>
    </p>
   </div>
   <div class='ocr_carea' id='block_1_48' title="bbox 264 3350 1920 3425">
    <p class='ocr_par' dir='ltr' id='par_1_48' title="bbox 264 3350 1920 3425">
     <span class='ocr_line' id='line_1_48' title="bbox 264 3350 1920 3425; baseline 0.002 -20"><span class='ocrx_word' id='word_1_306' title='bbox 264 3351 595 3424; x_wconf 69' lang='grc' dir='ltr'>οἰκητήριον</span> <span class='ocrx_word' id='word_1_307' title='bbox 666 3355 799 3405; x_wconf 79' lang='grc' dir='ltr'>Θεοῦ</span> <span class='ocrx_word' id='word_1_308' title='bbox 866 3350 1280 3424; x_wconf 80' lang='grc' dir='ltr'>ἇποτελουμὲνη</span> <span class='ocrx_word' id='word_1_309' title='bbox 1328 3350 1380 3405; x_wconf 82' lang='grc' dir='ltr'>ἐν</span> <span class='ocrx_word' id='word_1_310' title='bbox 1437 3350 1577 3425; x_wconf 84' lang='grc' dir='ltr'>ἁγίῳ</span> <span class='ocrx_word' id='word_1_311' title='bbox 1626 3352 1920 3425; x_wconf 85' lang='grc' dir='ltr'>Πνεύματι.</span> 
     </span>
    </p>
   </div>
   <div class='ocr_carea' id='block_1_49' title="bbox 264 3438 1924 3514">
    <p class='ocr_par' dir='ltr' id='par_1_49' title="bbox 264 3438 1924 3514">
     <span class='ocr_line' id='line_1_49' title="bbox 264 3438 1924 3514; baseline 0.026 -21"><span class='ocrx_word' id='word_1_312' title='bbox 264 3439 428 3495; x_wconf 69' lang='grc' dir='ltr'>Οὕτω</span> <span class='ocrx_word' id='word_1_313' title='bbox 459 3438 520 3495; x_wconf 68' lang='grc' dir='ltr'><strong>δί</strong></span> <span class='ocrx_word' id='word_1_314' title='bbox 569 3439 645 3501; x_wconf 80' lang='grc' dir='ltr'>εἷς</span> <span class='ocrx_word' id='word_1_315' title='bbox 694 3441 845 3495; x_wconf 69' lang='grc' dir='ltr'>οἶκον</span> <span class='ocrx_word' id='word_1_316' title='bbox 892 3444 989 3495; x_wconf 84' lang='grc' dir='ltr'><strong>τοῦ</strong></span> <span class='ocrx_word' id='word_1_317' title='bbox 1040 3439 1189 3494; x_wconf 83' lang='grc' dir='ltr'>οἷ’νου</span> <span class='ocrx_word' id='word_1_318' title='bbox 1233 3440 1608 3514; x_wconf 64' lang='grc' dir='ltr'><strong>εἶσαιγτιγόῊτις</strong></span> <span class='ocrx_word' id='word_1_319' title='bbox 1640 3462 1708 3514; x_wconf 70' lang='grc' dir='ltr'><strong>με</strong></span> <span class='ocrx_word' id='word_1_320' title='bbox 1737 3442 1924 3512; x_wconf 57' lang='grc' dir='ltr'><strong>τάξατε</strong></span> 
     </span>
    </p>
   </div>
   <div class='ocr_carea' id='block_1_50' title="bbox 266 3527 1919 3606">
    <p class='ocr_par' dir='ltr' id='par_1_50' title="bbox 266 3527 1919 3606">
     <span class='ocr_line' id='line_1_50' title="bbox 266 3527 1919 3606; baseline 0.002 -23"><span class='ocrx_word' id='word_1_321' title='bbox 266 3529 352 3584; x_wconf 66' lang='grc' dir='ltr'><strong>ἐπ’</strong></span> <span class='ocrx_word' id='word_1_322' title='bbox 443 3528 543 3600; x_wconf 58' lang='lat' dir='ltr'><strong>ipf:</strong></span> <span class='ocrx_word' id='word_1_323' title='bbox 622 3529 859 3603; x_wconf 83' lang='grc' dir='ltr'>ἀγάπην·</span> <span class='ocrx_word' id='word_1_324' title='bbox 941 3527 1087 3601; x_wconf 72' lang='grc' dir='ltr'>ἤτοι,</span> <span class='ocrx_word' id='word_1_325' title='bbox 1165 3531 1271 3599; x_wconf 83' lang='grc' dir='ltr'><strong>Τὴν</strong></span> <span class='ocrx_word' id='word_1_326' title='bbox 1350 3530 1484 3584; x_wconf 86' lang='grc' dir='ltr'><strong>κατά</strong></span> <span class='ocrx_word' id='word_1_327' title='bbox 1556 3531 1717 3606; x_wconf 86' lang='grc' dir='ltr'>χάριν</span> <span class='ocrx_word' id='word_1_328' title='bbox 1777 3531 1919 3586; x_wconf 84' lang='grc' dir='ltr'>θείαν</span> 
     </span>
    </p>
   </div>
   <div class='ocr_carea' id='block_1_51' title="bbox 265 3618 1924 3694">
    <p class='ocr_par' dir='ltr' id='par_1_51' title="bbox 265 3618 1924 3694">
     <span class='ocr_line' id='line_1_51' title="bbox 265 3618 1924 3694; baseline 0.002 -22"><span class='ocrx_word' id='word_1_329' title='bbox 265 3618 557 3673; x_wconf 84' lang='grc' dir='ltr'>κοινωνίαν</span> <span class='ocrx_word' id='word_1_330' title='bbox 593 3662 607 3686; x_wconf 93' lang='grc'><strong>,</strong></span> <span class='ocrx_word' id='word_1_331' title='bbox 665 3618 733 3686; x_wconf 80' lang='grc' dir='ltr'><strong>ἧς</strong></span> <span class='ocrx_word' id='word_1_332' title='bbox 785 3623 997 3691; x_wconf 82' lang='grc' dir='ltr'>πρῶτοι</span> <span class='ocrx_word' id='word_1_333' title='bbox 1051 3618 1204 3673; x_wconf 77' lang='grc' dir='ltr'>αὐτοὶ</span> <span class='ocrx_word' id='word_1_334' title='bbox 1251 3620 1387 3674; x_wconf 75' lang='grc' dir='ltr'>κατὰ</span> <span class='ocrx_word' id='word_1_335' title='bbox 1440 3618 1585 3690; x_wconf 76' lang='grc' dir='ltr'>τάξιν</span> <span class='ocrx_word' id='word_1_336' title='bbox 1648 3618 1924 3694; x_wconf 87' lang='grc' dir='ltr'>μεταλαμ-</span> 
     </span>
    </p>
   </div>
   <div class='ocr_carea' id='block_1_52' title="bbox 264 3702 1918 3783">
    <p class='ocr_par' dir='ltr' id='par_1_52' title="bbox 264 3702 1918 3783">
     <span class='ocr_line' id='line_1_52' title="bbox 264 3702 1918 3783; baseline 0.002 -22"><span class='ocrx_word' id='word_1_337' title='bbox 264 3702 477 3763; x_wconf 72' lang='grc' dir='ltr'>ϐάνετε·</span> <span class='ocrx_word' id='word_1_338' title='bbox 537 3708 725 3780; x_wconf 77' lang='grc' dir='ltr'>τάξατε</span> <span class='ocrx_word' id='word_1_339' title='bbox 778 3707 868 3762; x_wconf 80' lang='grc' dir='ltr'><strong>καὶ</strong></span> <span class='ocrx_word' id='word_1_340' title='bbox 928 3707 1011 3763; x_wconf 67' lang='grc' dir='ltr'>ἃττ’</span> <span class='ocrx_word' id='word_1_341' title='bbox 1067 3708 1187 3783; x_wconf 69' lang='grc' dir='ltr'>ἐμὲ,</span> <span class='ocrx_word' id='word_1_342' title='bbox 1239 3706 1522 3783; x_wconf 83' lang='grc' dir='ltr'>ἀναλόγως</span> <span class='ocrx_word' id='word_1_343' title='bbox 1553 3704 1773 3764; x_wconf 69' lang='grc' dir='ltr'>ἕκαστον</span> <span class='ocrx_word' id='word_1_344' title='bbox 1812 3714 1918 3766; x_wconf 87' lang='grc' dir='ltr'><strong>τῶν</strong></span> 
     </span>
    </p>
   </div>
   <div class='ocr_carea' id='block_1_53' title="bbox 262 3796 1924 3872">
    <p class='ocr_par' dir='ltr' id='par_1_53' title="bbox 262 3796 1924 3872">
     <span class='ocr_line' id='line_1_53' title="bbox 262 3796 1924 3872; baseline 0.003 -22"><span class='ocrx_word' id='word_1_345' title='bbox 262 3800 475 3851; x_wconf 79' lang='grc' dir='ltr'>πιστῶν</span> <span class='ocrx_word' id='word_1_346' title='bbox 567 3800 1053 3871; x_wconf 82' lang='grc' dir='ltr'>μυσταγωγοῦντες</span> <span class='ocrx_word' id='word_1_347' title='bbox 1135 3796 1203 3852; x_wconf 75' lang='grc' dir='ltr'><strong>τὰ</strong></span> <span class='ocrx_word' id='word_1_348' title='bbox 1280 3798 1415 3854; x_wconf 86' lang='grc' dir='ltr'>θεῖα.</span> <span class='ocrx_word' id='word_1_349' title='bbox 1497 3797 1792 3869; x_wconf 78' lang='grc' dir='ltr'>Στηρίξατὲ</span> <span class='ocrx_word' id='word_1_350' title='bbox 1856 3820 1924 3872; x_wconf 85' lang='grc' dir='ltr'><strong>με</strong></span> 
     </span>
    </p>
   </div>
   <div class='ocr_carea' id='block_1_54' title="bbox 250 3876 1922 3963">
    <p class='ocr_par' dir='ltr' id='par_1_54' title="bbox 250 3876 1922 3963">
     <span class='ocr_line' id='line_1_54' title="bbox 250 3876 1922 3963; baseline 0.001 -23"><span class='ocrx_word' id='word_1_351' title='bbox 250 3884 305 3940; x_wconf 68' lang='grc' dir='ltr'>ἓν</span> <span class='ocrx_word' id='word_1_352' title='bbox 372 3884 592 3960; x_wconf 87' lang='grc' dir='ltr'>μύροις·</span> <span class='ocrx_word' id='word_1_353' title='bbox 654 3876 894 3956; x_wconf 78' lang='grc' dir='ltr'>δηλαδὴ,</span> <span class='ocrx_word' id='word_1_354' title='bbox 947 3885 1165 3941; x_wconf 77' lang='grc' dir='ltr'>Ῥύσατέ</span> <span class='ocrx_word' id='word_1_355' title='bbox 1200 3907 1265 3959; x_wconf 90' lang='grc' dir='ltr'><strong>με</strong></span> <span class='ocrx_word' id='word_1_356' title='bbox 1295 3885 1347 3941; x_wconf 72' lang='grc' dir='ltr'>ἂν</span> <span class='ocrx_word' id='word_1_357' title='bbox 1384 3892 1499 3947; x_wconf 83' lang='grc' dir='ltr'>τοῖς</span> <span class='ocrx_word' id='word_1_358' title='bbox 1531 3883 1679 3953; x_wconf 86' lang='grc' dir='ltr'>δίκην</span> <span class='ocrx_word' id='word_1_359' title='bbox 1731 3886 1922 3963; x_wconf 84' lang='grc' dir='ltr'>μύρων</span> 
     </span>
    </p>
   </div>
   <div class='ocr_carea' id='block_1_55' title="bbox 272 3972 1924 4051">
    <p class='ocr_par' dir='ltr' id='par_1_55' title="bbox 272 3972 1924 4051">
     <span class='ocr_line' id='line_1_55' title="bbox 272 3972 1924 4051; baseline 0.001 -22"><span class='ocrx_word' id='word_1_360' title='bbox 272 3972 663 4043; x_wconf 66' lang='grc' dir='ltr'>εὖωδιάζουσιν</span> <span class='ocrx_word' id='word_1_361' title='bbox 712 3975 811 4037; x_wconf 74' lang='grc' dir='ltr'><strong>τὰς</strong></span> <span class='ocrx_word' id='word_1_362' title='bbox 857 3974 1038 4050; x_wconf 79' lang='grc' dir='ltr'>ψυχὰς</span> <span class='ocrx_word' id='word_1_363' title='bbox 1084 3980 1196 4029; x_wconf 86' lang='grc' dir='ltr'><strong>τῶν</strong></span> <span class='ocrx_word' id='word_1_364' title='bbox 1243 3979 1448 4030; x_wconf 81' lang='grc' dir='ltr'>πιστῶν</span> <span class='ocrx_word' id='word_1_365' title='bbox 1503 3979 1599 4029; x_wconf 88' lang='grc' dir='ltr'><strong>τοῦ</strong></span> <span class='ocrx_word' id='word_1_366' title='bbox 1654 3975 1924 4051; x_wconf 89' lang='grc' dir='ltr'>παναγίου</span> 
     </span>
    </p>
   </div>
   <div class='ocr_carea' id='block_1_56' title="bbox 262 4058 1919 4139">
    <p class='ocr_par' dir='ltr' id='par_1_56' title="bbox 262 4058 1919 4139">
     <span class='ocr_line' id='line_1_56' title="bbox 262 4058 1919 4139; baseline 0 -20"><span class='ocrx_word' id='word_1_367' title='bbox 262 4064 581 4135; x_wconf 83' lang='grc' dir='ltr'>Πνεύματος</span> <span class='ocrx_word' id='word_1_368' title='bbox 660 4063 985 4139; x_wconf 83' lang='grc' dir='ltr'>χαρίσματι,</span> <span class='ocrx_word' id='word_1_369' title='bbox 1066 4064 1155 4118; x_wconf 83' lang='grc' dir='ltr'><strong>καὶ</strong></span> <span class='ocrx_word' id='word_1_370' title='bbox 1235 4064 1374 4138; x_wconf 89' lang='grc' dir='ltr'>πρὸς</span> <span class='ocrx_word' id='word_1_371' title='bbox 1459 4058 1762 4119; x_wconf 74' lang='grc' dir='ltr'>θεοσέϐειαν</span> <span class='ocrx_word' id='word_1_372' title='bbox 1804 4064 1919 4120; x_wconf 76' lang='grc' dir='ltr'><strong>’ἆν-</strong></span> 
     </span>
    </p>
   </div>
   <div class='ocr_carea' id='block_1_57' title="bbox 258 4150 1921 4227">
    <p class='ocr_par' dir='ltr' id='par_1_57' title="bbox 258 4150 1921 4227">
     <span class='ocr_line' id='line_1_57' title="bbox 258 4150 1921 4227; baseline 0.002 -22"><span class='ocrx_word' id='word_1_373' title='bbox 258 4152 522 4227; x_wconf 65' lang='grc' dir='ltr'>ισνχύσατε</span> <span class='ocrx_word' id='word_1_374' title='bbox 576 4152 675 4220; x_wconf 80' lang='grc' dir='ltr'><strong>τήν</strong></span> <span class='ocrx_word' id='word_1_375' title='bbox 728 4150 818 4207; x_wconf 75' lang='grc' dir='ltr'><strong>διὰ</strong></span> <span class='ocrx_word' id='word_1_376' title='bbox 872 4154 970 4221; x_wconf 79' lang='grc' dir='ltr'><strong>τήν</strong></span> <span class='ocrx_word' id='word_1_377' title='bbox 1033 4153 1351 4225; x_wconf 69' lang='grc' dir='ltr'>σωματικήν</span> <span class='ocrx_word' id='word_1_378' title='bbox 1413 4152 1682 4216; x_wconf 63' lang='grc' dir='ltr'>ἀσθένειαν</span> <span class='ocrx_word' id='word_1_379' title='bbox 1728 4152 1921 4209; x_wconf 75' lang='grc' dir='ltr'>ἐκλυο·</span> 
     </span>
    </p>
   </div>
   <div class='ocr_carea' id='block_1_58' title="bbox 261 4236 1921 4315">
    <p class='ocr_par' dir='ltr' id='par_1_58' title="bbox 261 4236 1921 4315">
     <span class='ocr_line' id='line_1_58' title="bbox 261 4236 1921 4315; baseline 0.001 -19"><span class='ocrx_word' id='word_1_380' title='bbox 261 4248 453 4314; x_wconf 67' lang='grc' dir='ltr'>μὰνην.</span> <span class='ocrx_word' id='word_1_381' title='bbox 492 4236 790 4295; x_wconf 76' lang='grc' dir='ltr'>Στιϐάσατὲ</span> <span class='ocrx_word' id='word_1_382' title='bbox 841 4262 907 4314; x_wconf 87' lang='grc' dir='ltr'><strong>με</strong></span> <span class='ocrx_word' id='word_1_383' title='bbox 955 4241 1007 4296; x_wconf 70' lang='grc' dir='ltr'>ἰν</span> <span class='ocrx_word' id='word_1_384' title='bbox 1062 4241 1283 4314; x_wconf 77' lang='grc' dir='ltr'>μήλοις·</span> <span class='ocrx_word' id='word_1_385' title='bbox 1342 4239 1538 4315; x_wconf 76' lang='grc' dir='ltr'>ἤγουν,</span> <span class='ocrx_word' id='word_1_386' title='bbox 1588 4241 1921 4313; x_wconf 70' lang='grc' dir='ltr'>Ηληρώσατὲ</span> 
     </span>
    </p>
   </div>
   <div class='ocr_carea' id='block_1_59' title="bbox 262 4328 1921 4407">
    <p class='ocr_par' dir='ltr' id='par_1_59' title="bbox 262 4328 1921 4407">
     <span class='ocr_line' id='line_1_59' title="bbox 262 4328 1921 4407; baseline 0.002 -24"><span class='ocrx_word' id='word_1_387' title='bbox 262 4351 332 4401; x_wconf 81' lang='grc' dir='ltr'><strong>με</strong></span> <span class='ocrx_word' id='word_1_388' title='bbox 362 4330 617 4405; x_wconf 82' lang='grc' dir='ltr'>γνώσεως</span> <span class='ocrx_word' id='word_1_389' title='bbox 660 4330 804 4391; x_wconf 84' lang='grc' dir='ltr'>θείας</span> <span class='ocrx_word' id='word_1_390' title='bbox 852 4328 904 4385; x_wconf 75' lang='grc' dir='ltr'>ἐν</span> <span class='ocrx_word' id='word_1_391' title='bbox 948 4335 1066 4391; x_wconf 83' lang='grc' dir='ltr'>τοῖς</span> <span class='ocrx_word' id='word_1_392' title='bbox 1115 4328 1272 4401; x_wconf 83' lang='grc' dir='ltr'>δίκην</span> <span class='ocrx_word' id='word_1_393' title='bbox 1321 4330 1515 4402; x_wconf 80' lang='grc' dir='ltr'>μήλων</span> <span class='ocrx_word' id='word_1_394' title='bbox 1547 4330 1638 4385; x_wconf 87' lang='grc' dir='ltr'><strong>τὸν</strong></span> <span class='ocrx_word' id='word_1_395' title='bbox 1673 4329 1921 4407; x_wconf 89' lang='grc' dir='ltr'>λάρυγγα</span> 
     </span>
    </p>
   </div>
   <div class='ocr_carea' id='block_1_60' title="bbox 254 4416 1921 4494">
    <p class='ocr_par' dir='ltr' id='par_1_60' title="bbox 254 4416 1921 4494">
     <span class='ocr_line' id='line_1_60' title="bbox 254 4416 1921 4494; baseline 0.001 -22"><span class='ocrx_word' id='word_1_396' title='bbox 254 4417 613 4494; x_wconf 76' lang='grc' dir='ltr'>γλυκαίνουσι</span> <span class='ocrx_word' id='word_1_397' title='bbox 692 4420 857 4483; x_wconf 82' lang='grc' dir='ltr'>θείοις</span> <span class='ocrx_word' id='word_1_398' title='bbox 935 4419 1169 4494; x_wconf 89' lang='grc' dir='ltr'>λογίοις·</span> <span class='ocrx_word' id='word_1_399' title='bbox 1248 4423 1417 4473; x_wconf 81' lang='grc' dir='ltr'>ταῦτα</span> <span class='ocrx_word' id='word_1_400' title='bbox 1494 4416 1550 4473; x_wconf 78' lang='grc' dir='ltr'>δὲ</span> <span class='ocrx_word' id='word_1_401' title='bbox 1608 4418 1741 4473; x_wconf 71' lang='grc' dir='ltr'>αἰτῶ</span> <span class='ocrx_word' id='word_1_402' title='bbox 1795 4428 1921 4494; x_wconf 80' lang='grc' dir='ltr'>παρ’</span> 
     </span>
    </p>
   </div>
   <div class='ocr_carea' id='block_1_61' title="bbox 254 4506 1913 4583">
    <p class='ocr_par' dir='ltr' id='par_1_61' title="bbox 254 4506 1913 4583">
     <span class='ocr_line' id='line_1_61' title="bbox 254 4506 1913 4583; baseline 0 -21"><span class='ocrx_word' id='word_1_403' title='bbox 254 4508 434 4580; x_wconf 77' lang='grc' dir='ltr'>ὑμῶν,</span> <span class='ocrx_word' id='word_1_404' title='bbox 493 4509 618 4565; x_wconf 75' lang='grc' dir='ltr'>’Ότι</span> <span class='ocrx_word' id='word_1_405' title='bbox 671 4509 987 4583; x_wconf 71' lang='grc' dir='ltr'>τετρωμένη</span> <span class='ocrx_word' id='word_1_406' title='bbox 1043 4508 1257 4583; x_wconf 86' lang='grc' dir='ltr'>ἀγάπης</span> <span class='ocrx_word' id='word_1_407' title='bbox 1304 4507 1433 4583; x_wconf 81' lang='grc' dir='ltr'>ἐγώ.</span> <span class='ocrx_word' id='word_1_408' title='bbox 1486 4510 1664 4576; x_wconf 77' lang='grc' dir='ltr'>’Ήτοι,</span> <span class='ocrx_word' id='word_1_409' title='bbox 1691 4506 1913 4578; x_wconf 83' lang='grc' dir='ltr'>Ἐπειδή</span> 
     </span>
    </p>
   </div>
   <div class='ocr_carea' id='block_1_62' title="bbox 2028 1928 3677 2003">
    <p class='ocr_par' dir='ltr' id='par_1_62' title="bbox 2028 1928 3677 2003">
     <span class='ocr_line' id='line_1_62' title="bbox 2028 1928 3677 2003; baseline 0.002 -19"><span class='ocrx_word' id='word_1_410' title='bbox 2028 1929 2185 2001; x_wconf 89' lang='lat' dir='ltr'><strong>pturi</strong></span> <span class='ocrx_word' id='word_1_411' title='bbox 2217 1929 2285 1993; x_wconf 88' lang='grc'><strong>²¹,</strong></span> <span class='ocrx_word' id='word_1_412' title='bbox 2319 1933 2485 2000; x_wconf 89' lang='lat' dir='ltr'><strong>rogat</strong></span> <span class='ocrx_word' id='word_1_413' title='bbox 2515 1933 2580 1982; x_wconf 92' lang='lat' dir='ltr'><strong>ut</strong></span> <span class='ocrx_word' id='word_1_414' title='bbox 2630 1928 2742 1984; x_wconf 89' lang='lat' dir='ltr'><strong>sibi</strong></span> <span class='ocrx_word' id='word_1_415' title='bbox 2795 1934 3006 2000; x_wconf 59' lang='lat' dir='ltr'><strong>praesto</strong></span> <span class='ocrx_word' id='word_1_416' title='bbox 3056 1929 3197 1995; x_wconf 90' lang='lat' dir='ltr'><strong>sint,</strong></span> <span class='ocrx_word' id='word_1_417' title='bbox 3242 1930 3315 1985; x_wconf 91' lang='lat' dir='ltr'><strong>ad</strong></span> <span class='ocrx_word' id='word_1_418' title='bbox 3366 1948 3677 2003; x_wconf 89' lang='lat' dir='ltr'><strong>perennem</strong></span> 
     </span>
    </p>
   </div>
   <div class='ocr_carea' id='block_1_63' title="bbox 2028 2017 3679 2090">
    <p class='ocr_par' dir='ltr' id='par_1_63' title="bbox 2028 2017 3679 2090">
     <span class='ocr_line' id='line_1_63' title="bbox 2028 2017 3679 2090; baseline 0.002 -17"><span class='ocrx_word' id='word_1_419' title='bbox 2028 2020 2155 2090; x_wconf 88' lang='lat' dir='ltr'><strong>ejus</strong></span> <span class='ocrx_word' id='word_1_420' title='bbox 2206 2017 2543 2072; x_wconf 88' lang='lat' dir='ltr'><strong>fruitionem</strong></span> <span class='ocrx_word' id='word_1_421' title='bbox 2596 2019 3027 2089; x_wconf 89' lang='lat' dir='ltr'><strong>assequendam</strong></span> <span class='ocrx_word' id='word_1_422' title='bbox 3078 2034 3092 2073; x_wconf 90' lang='lat'><strong>:</strong></span> <span class='ocrx_word' id='word_1_423' title='bbox 3152 2021 3533 2090; x_wconf 88' lang='lat' dir='ltr'><strong>Introducite,</strong></span> <span class='ocrx_word' id='word_1_424' title='bbox 3587 2022 3679 2076; x_wconf 91' lang='lat' dir='ltr'><strong>in-</strong></span> 
     </span>
    </p>
   </div>
   <div class='ocr_carea' id='block_1_64' title="bbox 2030 2106 3682 2179">
    <p class='ocr_par' dir='ltr' id='par_1_64' title="bbox 2030 2106 3682 2179">
     <span class='ocr_line' id='line_1_64' title="bbox 2030 2106 3682 2179; baseline 0.002 -18"><span class='ocrx_word' id='word_1_425' title='bbox 2030 2107 2261 2179; x_wconf 86' lang='lat' dir='ltr'><strong>quiens,</strong></span> <span class='ocrx_word' id='word_1_426' title='bbox 2315 2122 2409 2162; x_wconf 91' lang='lat' dir='ltr'><strong>me</strong></span> <span class='ocrx_word' id='word_1_427' title='bbox 2456 2107 2513 2161; x_wconf 91' lang='lat' dir='ltr'><strong>in</strong></span> <span class='ocrx_word' id='word_1_428' title='bbox 2548 2106 2755 2162; x_wconf 84' lang='lat' dir='ltr'><strong>cellam</strong></span> <span class='ocrx_word' id='word_1_429' title='bbox 2788 2106 2926 2173; x_wconf 88' lang='lat' dir='ltr'><strong>vini,</strong></span> <span class='ocrx_word' id='word_1_430' title='bbox 2960 2107 3069 2163; x_wconf 92' lang='lat' dir='ltr'><strong>hoc</strong></span> <span class='ocrx_word' id='word_1_431' title='bbox 3099 2112 3209 2176; x_wconf 89' lang='lat' dir='ltr'><strong>est,</strong></span> <span class='ocrx_word' id='word_1_432' title='bbox 3243 2109 3443 2164; x_wconf 87' lang='lat' dir='ltr'><strong>docete</strong></span> <span class='ocrx_word' id='word_1_433' title='bbox 3470 2126 3563 2165; x_wconf 91' lang='lat' dir='ltr'><strong>me</strong></span> <span class='ocrx_word' id='word_1_434' title='bbox 3592 2109 3682 2165; x_wconf 91' lang='lat' dir='ltr'><strong>di-</strong></span> 
     </span>
    </p>
   </div>
   <div class='ocr_carea' id='block_1_65' title="bbox 2026 2194 3668 2254">
    <p class='ocr_par' dir='ltr' id='par_1_65' title="bbox 2026 2194 3668 2254">
     <span class='ocr_line' id='line_1_65' title="bbox 2026 2194 3668 2254; baseline 0.002 -3"><span class='ocrx_word' id='word_1_435' title='bbox 2026 2196 2195 2252; x_wconf 87' lang='lat' dir='ltr'><strong>vinas</strong></span> <span class='ocrx_word' id='word_1_436' title='bbox 2224 2194 2649 2251; x_wconf 89' lang='lat' dir='ltr'><strong>incarnationis</strong></span> <span class='ocrx_word' id='word_1_437' title='bbox 2680 2196 2956 2251; x_wconf 89' lang='lat' dir='ltr'><strong>rationes.</strong></span> <span class='ocrx_word' id='word_1_438' title='bbox 2990 2196 3173 2251; x_wconf 89' lang='lat' dir='ltr'><strong>Deum</strong></span> <span class='ocrx_word' id='word_1_439' title='bbox 3206 2198 3362 2252; x_wconf 89' lang='lat' dir='ltr'><strong>enim</strong></span> <span class='ocrx_word' id='word_1_440' title='bbox 3410 2198 3668 2254; x_wconf 87' lang='lat' dir='ltr'><strong>Verbum</strong></span> 
     </span>
    </p>
   </div>
   <div class='ocr_carea' id='block_1_66' title="bbox 2029 2284 3680 2357">
    <p class='ocr_par' dir='ltr' id='par_1_66' title="bbox 2029 2284 3680 2357">
     <span class='ocr_line' id='line_1_66' title="bbox 2029 2284 3680 2357; baseline 0.001 -17"><span class='ocrx_word' id='word_1_441' title='bbox 2029 2284 2926 2357; x_wconf 49' lang='lat' dir='ltr'><strong>appellatvinum,quod;animas</strong></span> <span class='ocrx_word' id='word_1_442' title='bbox 2943 2286 3313 2356; x_wconf 86' lang='lat' dir='ltr'><strong>gustantium</strong></span> <span class='ocrx_word' id='word_1_443' title='bbox 3332 2285 3536 2342; x_wconf 71' lang='lat' dir='ltr'><strong>laetitia</strong></span> <span class='ocrx_word' id='word_1_444' title='bbox 3549 2288 3680 2341; x_wconf 88' lang='lat' dir='ltr'><strong>afﬁ-</strong></span> 
     </span>
    </p>
   </div>
   <div class='ocr_carea' id='block_1_67' title="bbox 2032 2373 3687 2445">
    <p class='ocr_par' dir='ltr' id='par_1_67' title="bbox 2032 2373 3687 2445">
     <span class='ocr_line' id='line_1_67' title="bbox 2032 2373 3687 2445; baseline 0.002 -17"><span class='ocrx_word' id='word_1_445' title='bbox 2032 2376 2109 2429; x_wconf 88' lang='lat' dir='ltr'><strong>cit</strong></span> <span class='ocrx_word' id='word_1_446' title='bbox 2130 2375 2200 2428; x_wconf 90' lang='lat' dir='ltr'><strong>ad</strong></span> <span class='ocrx_word' id='word_1_447' title='bbox 2225 2374 2711 2445; x_wconf 87' lang='lat' dir='ltr'><strong>divinitatemque</strong></span> <span class='ocrx_word' id='word_1_448' title='bbox 2735 2373 3017 2442; x_wconf 84' lang='lat' dir='ltr'><strong>perducit.</strong></span> <span class='ocrx_word' id='word_1_449' title='bbox 3054 2375 3241 2443; x_wconf 86' lang='lat' dir='ltr'><strong>Hujus</strong></span> <span class='ocrx_word' id='word_1_450' title='bbox 3262 2375 3409 2430; x_wconf 89' lang='lat' dir='ltr'><strong>cella</strong></span> <span class='ocrx_word' id='word_1_451' title='bbox 3431 2390 3565 2430; x_wconf 91' lang='lat' dir='ltr'><strong>caro</strong></span> <span class='ocrx_word' id='word_1_452' title='bbox 3595 2379 3687 2431; x_wconf 85' lang='lat' dir='ltr'><strong>est</strong></span> 
     </span>
    </p>
   </div>
   <div class='ocr_carea' id='block_1_68' title="bbox 2032 2462 3687 2535">
    <p class='ocr_par' dir='ltr' id='par_1_68' title="bbox 2032 2462 3687 2535">
     <span class='ocr_line' id='line_1_68' title="bbox 2032 2462 3687 2535; baseline 0.001 -16"><span class='ocrx_word' id='word_1_453' title='bbox 2032 2464 2104 2519; x_wconf 90' lang='lat' dir='ltr'><strong>ab</strong></span> <span class='ocrx_word' id='word_1_454' title='bbox 2125 2462 2253 2535; x_wconf 91' lang='lat' dir='ltr'><strong>ipso</strong></span> <span class='ocrx_word' id='word_1_455' title='bbox 2278 2468 2586 2534; x_wconf 86' lang='lat' dir='ltr'><strong>assumpta</strong></span> <span class='ocrx_word' id='word_1_456' title='bbox 2608 2480 2619 2518; x_wconf 90' lang='lat'><strong>:</strong></span> <span class='ocrx_word' id='word_1_457' title='bbox 2639 2478 2814 2533; x_wconf 88' lang='lat' dir='ltr'><strong>quam</strong></span> <span class='ocrx_word' id='word_1_458' title='bbox 2838 2463 3076 2534; x_wconf 89' lang='lat' dir='ltr'><strong>quidem</strong></span> <span class='ocrx_word' id='word_1_459' title='bbox 3102 2463 3159 2516; x_wconf 91' lang='lat' dir='ltr'><strong>in</strong></span> <span class='ocrx_word' id='word_1_460' title='bbox 3187 2464 3393 2519; x_wconf 87' lang='lat' dir='ltr'><strong>cellam</strong></span> <span class='ocrx_word' id='word_1_461' title='bbox 3430 2463 3687 2520; x_wconf 88' lang='lat' dir='ltr'><strong>Ecclesia</strong></span> 
     </span>
    </p>
   </div>
   <div class='ocr_carea' id='block_1_69' title="bbox 2033 2549 3683 2616">
    <p class='ocr_par' dir='ltr' id='par_1_69' title="bbox 2033 2549 3683 2616">
     <span class='ocr_line' id='line_1_69' title="bbox 2033 2549 3683 2616; baseline 0.002 -11"><span class='ocrx_word' id='word_1_462' title='bbox 2033 2550 2570 2616; x_wconf 89' lang='lat' dir='ltr'><strong>introducitur,una</strong></span> <span class='ocrx_word' id='word_1_463' title='bbox 2588 2566 2718 2605; x_wconf 93' lang='lat' dir='ltr'><strong>caro</strong></span> <span class='ocrx_word' id='word_1_464' title='bbox 2744 2566 2875 2605; x_wconf 91' lang='lat' dir='ltr'><strong>cum</strong></span> <span class='ocrx_word' id='word_1_465' title='bbox 2899 2549 3131 2606; x_wconf 88' lang='lat' dir='ltr'><strong>Christo</strong></span> <span class='ocrx_word' id='word_1_466' title='bbox 3158 2551 3377 2607; x_wconf 89' lang='lat' dir='ltr'><strong>futura.</strong></span> <span class='ocrx_word' id='word_1_467' title='bbox 3401 2552 3497 2608; x_wconf 88' lang='lat' dir='ltr'><strong>Sic</strong></span> <span class='ocrx_word' id='word_1_468' title='bbox 3525 2552 3683 2608; x_wconf 89' lang='lat' dir='ltr'><strong>enim</strong></span> 
     </span>
    </p>
   </div>
   <div class='ocr_carea' id='block_1_70' title="bbox 2031 2637 3686 2711">
    <p class='ocr_par' dir='ltr' id='par_1_70' title="bbox 2031 2637 3686 2711">
     <span class='ocr_line' id='line_1_70' title="bbox 2031 2637 3686 2711; baseline 0.001 -16"><span class='ocrx_word' id='word_1_469' title='bbox 2031 2639 2344 2711; x_wconf 88' lang='lat' dir='ltr'><strong>Apostolus</strong></span> <span class='ocrx_word' id='word_1_470' title='bbox 2368 2638 2559 2694; x_wconf 90' lang='lat' dir='ltr'><strong>locum</strong></span> <span class='ocrx_word' id='word_1_471' title='bbox 2585 2637 2779 2705; x_wconf 91' lang='lat' dir='ltr'><strong>illum,</strong></span> <span class='ocrx_word' id='word_1_472' title='bbox 2809 2640 2875 2693; x_wconf 83' lang='lat' dir='ltr'><strong>Et</strong></span> <span class='ocrx_word' id='word_1_473' title='bbox 2901 2646 3067 2695; x_wconf 82' lang='lat' dir='ltr'><strong>erunt</strong></span> <span class='ocrx_word' id='word_1_474' title='bbox 3088 2640 3200 2695; x_wconf 85' lang='lat' dir='ltr'><strong>duo</strong></span> <span class='ocrx_word' id='word_1_475' title='bbox 3222 2641 3282 2694; x_wconf 85' lang='lat' dir='ltr'><strong>in</strong></span> <span class='ocrx_word' id='word_1_476' title='bbox 3300 2657 3467 2696; x_wconf 84' lang='lat' dir='ltr'><strong>carne</strong></span> <span class='ocrx_word' id='word_1_477' title='bbox 3498 2658 3611 2697; x_wconf 85' lang='lat' dir='ltr'><strong>una</strong></span> <span class='ocrx_word' id='word_1_478' title='bbox 3639 2641 3686 2677; x_wconf 78' lang='grc'>¹²</span> 
     </span>
    </p>
   </div>
   <div class='ocr_carea' id='block_1_71' title="bbox 2032 2727 3687 2800">
    <p class='ocr_par' dir='ltr' id='par_1_71' title="bbox 2032 2727 3687 2800">
     <span class='ocr_line' id='line_1_71' title="bbox 2032 2727 3687 2800; baseline 0.002 -18"><span class='ocrx_word' id='word_1_479' title='bbox 2032 2728 2458 2800; x_wconf 88' lang='lat' dir='ltr'><strong>interpretatur</strong></span> <span class='ocrx_word' id='word_1_480' title='bbox 2489 2745 2502 2783; x_wconf 93' lang='lat'><strong>:</strong></span> <span class='ocrx_word' id='word_1_481' title='bbox 2538 2728 2645 2797; x_wconf 86' lang='lat' dir='ltr'><strong>Ego</strong></span> <span class='ocrx_word' id='word_1_482' title='bbox 2670 2737 2878 2794; x_wconf 78' lang='lat' dir='ltr'><strong>autem,</strong></span> <span class='ocrx_word' id='word_1_483' title='bbox 2912 2727 3125 2799; x_wconf 90' lang='lat' dir='ltr'><strong>inquit,</strong></span> <span class='ocrx_word' id='word_1_484' title='bbox 3179 2729 3306 2784; x_wconf 82' lang='lat' dir='ltr'><strong>dico</strong></span> <span class='ocrx_word' id='word_1_485' title='bbox 3362 2732 3420 2785; x_wconf 83' lang='lat' dir='ltr'><strong>in</strong></span> <span class='ocrx_word' id='word_1_486' title='bbox 3472 2730 3687 2786; x_wconf 72' lang='lat' dir='ltr'><strong>Christo</strong></span> 
     </span>
    </p>
   </div>
   <div class='ocr_carea' id='block_1_72' title="bbox 2032 2814 3683 2885">
    <p class='ocr_par' dir='ltr' id='par_1_72' title="bbox 2032 2814 3683 2885">
     <span class='ocr_line' id='line_1_72' title="bbox 2032 2814 3683 2885; baseline 0.001 -12"><span class='ocrx_word' id='word_1_487' title='bbox 2032 2826 2086 2873; x_wconf 80' lang='lat' dir='ltr'><strong>el</strong></span> <span class='ocrx_word' id='word_1_488' title='bbox 2109 2820 2168 2873; x_wconf 86' lang='lat' dir='ltr'><strong>in</strong></span> <span class='ocrx_word' id='word_1_489' title='bbox 2199 2819 2438 2874; x_wconf 77' lang='lat' dir='ltr'><strong>Ecclesia</strong></span> <span class='ocrx_word' id='word_1_490' title='bbox 2470 2818 2537 2871; x_wconf 82' lang='grc'><strong>³³.</strong></span> <span class='ocrx_word' id='word_1_491' title='bbox 2563 2814 2849 2873; x_wconf 89' lang='lat' dir='ltr'><strong>Fidelium</strong></span> <span class='ocrx_word' id='word_1_492' title='bbox 2883 2817 3038 2872; x_wconf 90' lang='lat' dir='ltr'><strong>enim</strong></span> <span class='ocrx_word' id='word_1_493' title='bbox 3074 2816 3352 2885; x_wconf 83' lang='lat' dir='ltr'><strong>Ecclesia,</strong></span> <span class='ocrx_word' id='word_1_494' title='bbox 3378 2820 3517 2875; x_wconf 92' lang='lat' dir='ltr'><strong>dum</strong></span> <span class='ocrx_word' id='word_1_495' title='bbox 3552 2836 3683 2875; x_wconf 87' lang='lat' dir='ltr'><strong>car-</strong></span> 
     </span>
    </p>
   </div>
   <div class='ocr_carea' id='block_1_73' title="bbox 2034 2905 3683 2978">
    <p class='ocr_par' dir='ltr' id='par_1_73' title="bbox 2034 2905 3683 2978">
     <span class='ocr_line' id='line_1_73' title="bbox 2034 2905 3683 2978; baseline 0.002 -17"><span class='ocrx_word' id='word_1_496' title='bbox 2034 2908 2127 2962; x_wconf 90' lang='lat' dir='ltr'><strong>nis</strong></span> <span class='ocrx_word' id='word_1_497' title='bbox 2149 2912 2205 2961; x_wconf 88' lang='lat' dir='ltr'><strong>et</strong></span> <span class='ocrx_word' id='word_1_498' title='bbox 2224 2906 2532 2978; x_wconf 85' lang='lat' dir='ltr'><strong>sanguinis</strong></span> <span class='ocrx_word' id='word_1_499' title='bbox 2558 2905 2768 2961; x_wconf 88' lang='lat' dir='ltr'><strong>Christi</strong></span> <span class='ocrx_word' id='word_1_500' title='bbox 2793 2906 3107 2977; x_wconf 85' lang='lat' dir='ltr'><strong>particeps,</strong></span> <span class='ocrx_word' id='word_1_501' title='bbox 3127 2910 3300 2978; x_wconf 90' lang='lat' dir='ltr'><strong>atque</strong></span> <span class='ocrx_word' id='word_1_502' title='bbox 3332 2924 3515 2964; x_wconf 91' lang='lat' dir='ltr'><strong>unum</strong></span> <span class='ocrx_word' id='word_1_503' title='bbox 3548 2926 3683 2965; x_wconf 90' lang='lat' dir='ltr'><strong>cum</strong></span> 
     </span>
    </p>
   </div>
   <div class='ocr_carea' id='block_1_74' title="bbox 2032 2993 3682 3068">
    <p class='ocr_par' dir='ltr' id='par_1_74' title="bbox 2032 2993 3682 3068">
     <span class='ocr_line' id='line_1_74' title="bbox 2032 2993 3682 3068; baseline 0.002 -19"><span class='ocrx_word' id='word_1_504' title='bbox 2032 2995 2161 3066; x_wconf 92' lang='lat' dir='ltr'><strong>ipso</strong></span> <span class='ocrx_word' id='word_1_505' title='bbox 2193 3012 2406 3067; x_wconf 91' lang='lat' dir='ltr'><strong>corpus</strong></span> <span class='ocrx_word' id='word_1_506' title='bbox 2436 2995 2709 3065; x_wconf 85' lang='lat' dir='ltr'><strong>efﬁcitur,</strong></span> <span class='ocrx_word' id='word_1_507' title='bbox 2742 2993 3280 3068; x_wconf 90' lang='lat' dir='ltr'><strong>incarnationisque</strong></span> <span class='ocrx_word' id='word_1_508' title='bbox 3310 2997 3567 3054; x_wconf 87' lang='lat' dir='ltr'><strong>rationes</strong></span> <span class='ocrx_word' id='word_1_509' title='bbox 3610 2998 3682 3053; x_wconf 91' lang='lat' dir='ltr'><strong>ab</strong></span> 
     </span>
    </p>
   </div>
   <div class='ocr_carea' id='block_1_75' title="bbox 2032 3084 3683 3157">
    <p class='ocr_par' dir='ltr' id='par_1_75' title="bbox 2032 3084 3683 3157">
     <span class='ocr_line' id='line_1_75' title="bbox 2032 3084 3683 3157; baseline 0.001 -17"><span class='ocrx_word' id='word_1_510' title='bbox 2032 3084 2257 3156; x_wconf 88' lang='lat' dir='ltr'><strong>angelis</strong></span> <span class='ocrx_word' id='word_1_511' title='bbox 2288 3084 2461 3139; x_wconf 90' lang='lat' dir='ltr'><strong>discit</strong></span> <span class='ocrx_word' id='word_1_512' title='bbox 2489 3089 2665 3156; x_wconf 90' lang='lat' dir='ltr'><strong>atque</strong></span> <span class='ocrx_word' id='word_1_513' title='bbox 2696 3101 2795 3140; x_wconf 91' lang='lat' dir='ltr'><strong>eas</strong></span> <span class='ocrx_word' id='word_1_514' title='bbox 2827 3084 3089 3140; x_wconf 91' lang='lat' dir='ltr'><strong>moribus</strong></span> <span class='ocrx_word' id='word_1_515' title='bbox 3111 3086 3540 3157; x_wconf 90' lang='lat' dir='ltr'><strong>comprobat,in</strong></span> <span class='ocrx_word' id='word_1_516' title='bbox 3566 3086 3683 3142; x_wconf 87' lang='lat' dir='ltr'><strong>vini</strong></span> 
     </span>
    </p>
   </div>
   <div class='ocr_carea' id='block_1_76' title="bbox 2031 3171 3682 3245">
    <p class='ocr_par' dir='ltr' id='par_1_76' title="bbox 2031 3171 3682 3245">
     <span class='ocr_line' id='line_1_76' title="bbox 2031 3171 3682 3245; baseline 0.002 -17"><span class='ocrx_word' id='word_1_517' title='bbox 2031 3172 2238 3228; x_wconf 89' lang='lat' dir='ltr'><strong>cellam</strong></span> <span class='ocrx_word' id='word_1_518' title='bbox 2272 3173 2620 3245; x_wconf 86' lang='lat' dir='ltr'><strong>ingreditur,</strong></span> <span class='ocrx_word' id='word_1_519' title='bbox 2653 3177 2711 3227; x_wconf 91' lang='lat' dir='ltr'><strong>et</strong></span> <span class='ocrx_word' id='word_1_520' title='bbox 2739 3171 3137 3229; x_wconf 87' lang='lat' dir='ltr'><strong>habitaculum</strong></span> <span class='ocrx_word' id='word_1_521' title='bbox 3174 3175 3271 3229; x_wconf 90' lang='lat' dir='ltr'><strong>Dei</strong></span> <span class='ocrx_word' id='word_1_522' title='bbox 3321 3175 3573 3231; x_wconf 88' lang='lat' dir='ltr'><strong>efﬁcitur</strong></span> <span class='ocrx_word' id='word_1_523' title='bbox 3622 3176 3682 3231; x_wconf 89' lang='lat' dir='ltr'><strong>in</strong></span> 
     </span>
    </p>
   </div>
   <div class='ocr_carea' id='block_1_77' title="bbox 2034 3258 3683 3333">
    <p class='ocr_par' dir='ltr' id='par_1_77' title="bbox 2034 3258 3683 3333">
     <span class='ocr_line' id='line_1_77' title="bbox 2034 3258 3683 3333; baseline 0.003 -18"><span class='ocrx_word' id='word_1_524' title='bbox 2034 3260 2256 3333; x_wconf 86' lang='lat' dir='ltr'><strong>Spiritu</strong></span> <span class='ocrx_word' id='word_1_525' title='bbox 2290 3258 2664 3316; x_wconf 39' lang='lat' dir='ltr'><strong>san‘cto.Cum</strong></span> <span class='ocrx_word' id='word_1_526' title='bbox 2697 3260 2776 3315; x_wconf 86' lang='lat' dir='ltr'><strong>ita</strong></span> <span class='ocrx_word' id='word_1_527' title='bbox 2808 3276 2900 3315; x_wconf 89' lang='lat' dir='ltr'><strong>me</strong></span> <span class='ocrx_word' id='word_1_528' title='bbox 2929 3260 2988 3315; x_wconf 91' lang='lat' dir='ltr'><strong>in</strong></span> <span class='ocrx_word' id='word_1_529' title='bbox 3020 3260 3229 3316; x_wconf 91' lang='lat' dir='ltr'><strong>cellam</strong></span> <span class='ocrx_word' id='word_1_530' title='bbox 3262 3262 3381 3317; x_wconf 90' lang='lat' dir='ltr'><strong>vini</strong></span> <span class='ocrx_word' id='word_1_531' title='bbox 3415 3264 3683 3320; x_wconf 87' lang='lat' dir='ltr'><strong>introdu-</strong></span> 
     </span>
    </p>
   </div>
   <div class='ocr_carea' id='block_1_78' title="bbox 2032 3348 3681 3419">
    <p class='ocr_par' dir='ltr' id='par_1_78' title="bbox 2032 3348 3681 3419">
     <span class='ocr_line' id='line_1_78' title="bbox 2032 3348 3681 3419; baseline 0.002 -14"><span class='ocrx_word' id='word_1_532' title='bbox 2032 3351 2201 3416; x_wconf 85' lang='lat' dir='ltr'><strong>xerit,</strong></span> <span class='ocrx_word' id='word_1_533' title='bbox 2252 3351 2512 3406; x_wconf 76' lang='lat' dir='ltr'><strong>ordinate</strong></span> <span class='ocrx_word' id='word_1_534' title='bbox 2567 3350 2928 3419; x_wconf 78' lang='lat' dir='ltr'><strong>charitatem,</strong></span> <span class='ocrx_word' id='word_1_535' title='bbox 2980 3348 3141 3405; x_wconf 90' lang='lat' dir='ltr'><strong>illam</strong></span> <span class='ocrx_word' id='word_1_536' title='bbox 3200 3350 3421 3407; x_wconf 89' lang='lat' dir='ltr'><strong>scilicet</strong></span> <span class='ocrx_word' id='word_1_537' title='bbox 3473 3352 3681 3409; x_wconf 69' lang='lat' dir='ltr'><strong>divine</strong></span> 
     </span>
    </p>
   </div>
   <div class='ocr_carea' id='block_1_79' title="bbox 2034 3439 3678 3512">
    <p class='ocr_par' dir='ltr' id='par_1_79' title="bbox 2034 3439 3678 3512">
     <span class='ocr_line' id='line_1_79' title="bbox 2034 3439 3678 3512; baseline 0.002 -18"><span class='ocrx_word' id='word_1_538' title='bbox 2034 3440 2232 3512; x_wconf 79' lang='lat' dir='ltr'><strong>gratias</strong></span> <span class='ocrx_word' id='word_1_539' title='bbox 2279 3439 2776 3505; x_wconf 89' lang='lat' dir='ltr'><strong>communionem,</strong></span> <span class='ocrx_word' id='word_1_540' title='bbox 2832 3455 2947 3509; x_wconf 88' lang='lat' dir='ltr'><strong>qua</strong></span> <span class='ocrx_word' id='word_1_541' title='bbox 2994 3455 3096 3494; x_wconf 84' lang='lat' dir='ltr'><strong>vos</strong></span> <span class='ocrx_word' id='word_1_542' title='bbox 3129 3439 3335 3495; x_wconf 87' lang='lat' dir='ltr'><strong>ordine</strong></span> <span class='ocrx_word' id='word_1_543' title='bbox 3366 3441 3627 3496; x_wconf 86' lang='lat' dir='ltr'><strong>fruimini</strong></span> <span class='ocrx_word' id='word_1_544' title='bbox 3664 3459 3678 3498; x_wconf 89' lang='lat'><strong>:</strong></span> 
     </span>
    </p>
   </div>
   <div class='ocr_carea' id='block_1_80' title="bbox 2032 3526 3681 3600">
    <p class='ocr_par' dir='ltr' id='par_1_80' title="bbox 2032 3526 3681 3600">
     <span class='ocr_line' id='line_1_80' title="bbox 2032 3526 3681 3600; baseline 0.002 -16"><span class='ocrx_word' id='word_1_545' title='bbox 2032 3530 2093 3584; x_wconf 93' lang='lat' dir='ltr'><strong>In</strong></span> <span class='ocrx_word' id='word_1_546' title='bbox 2128 3546 2220 3584; x_wconf 92' lang='lat' dir='ltr'><strong>me</strong></span> <span class='ocrx_word' id='word_1_547' title='bbox 2249 3544 2482 3600; x_wconf 91' lang='lat' dir='ltr'><strong>quoque</strong></span> <span class='ocrx_word' id='word_1_548' title='bbox 2514 3526 2712 3583; x_wconf 88' lang='lat' dir='ltr'><strong>ﬁdeles</strong></span> <span class='ocrx_word' id='word_1_549' title='bbox 2734 3526 2998 3598; x_wconf 90' lang='lat' dir='ltr'><strong>singulos</strong></span> <span class='ocrx_word' id='word_1_550' title='bbox 3023 3544 3125 3598; x_wconf 90' lang='lat' dir='ltr'><strong>pro</strong></span> <span class='ocrx_word' id='word_1_551' title='bbox 3148 3529 3438 3600; x_wconf 87' lang='lat' dir='ltr'><strong>cujusque</strong></span> <span class='ocrx_word' id='word_1_552' title='bbox 3461 3530 3681 3587; x_wconf 88' lang='lat' dir='ltr'><strong>ratione</strong></span> 
     </span>
    </p>
   </div>
   <div class='ocr_carea' id='block_1_81' title="bbox 2031 3615 3682 3690">
    <p class='ocr_par' dir='ltr' id='par_1_81' title="bbox 2031 3615 3682 3690">
     <span class='ocr_line' id='line_1_81' title="bbox 2031 3615 3682 3690; baseline 0.001 -17"><span class='ocrx_word' id='word_1_553' title='bbox 2031 3618 2247 3673; x_wconf 88' lang='lat' dir='ltr'><strong>divinis</strong></span> <span class='ocrx_word' id='word_1_554' title='bbox 2279 3616 2573 3690; x_wconf 85' lang='lat' dir='ltr'><strong>mysteriis</strong></span> <span class='ocrx_word' id='word_1_555' title='bbox 2604 3616 3006 3686; x_wconf 88' lang='lat' dir='ltr'><strong>instituentes,</strong></span> <span class='ocrx_word' id='word_1_556' title='bbox 3041 3615 3331 3673; x_wconf 88' lang='lat' dir='ltr'><strong>ordinate.</strong></span> <span class='ocrx_word' id='word_1_557' title='bbox 3362 3619 3565 3675; x_wconf 80' lang='lat' dir='ltr'><strong>Fulcile</strong></span> <span class='ocrx_word' id='word_1_558' title='bbox 3595 3635 3682 3675; x_wconf 89' lang='lat' dir='ltr'><strong>me</strong></span> 
     </span>
    </p>
   </div>
   <div class='ocr_carea' id='block_1_82' title="bbox 2030 3705 3685 3780">
    <p class='ocr_par' dir='ltr' id='par_1_82' title="bbox 2030 3705 3685 3780">
     <span class='ocr_line' id='line_1_82' title="bbox 2030 3705 3685 3780; baseline 0.002 -18"><span class='ocrx_word' id='word_1_559' title='bbox 2030 3709 2329 3778; x_wconf 75' lang='lat' dir='ltr'><strong>unguentis</strong></span> <span class='ocrx_word' id='word_1_560' title='bbox 2364 3724 2377 3763; x_wconf 89' lang='lat'><strong>:</strong></span> <span class='ocrx_word' id='word_1_561' title='bbox 2412 3705 2771 3761; x_wconf 90' lang='lat' dir='ltr'><strong>sanctissimi</strong></span> <span class='ocrx_word' id='word_1_562' title='bbox 2814 3705 3070 3777; x_wconf 87' lang='lat' dir='ltr'><strong>Spiritus</strong></span> <span class='ocrx_word' id='word_1_563' title='bbox 3114 3705 3306 3777; x_wconf 91' lang='lat' dir='ltr'><strong>donis,</strong></span> <span class='ocrx_word' id='word_1_564' title='bbox 3356 3714 3685 3780; x_wconf 90' lang='lat' dir='ltr'><strong>unguento-</strong></span> 
     </span>
    </p>
   </div>
   <div class='ocr_carea' id='block_1_83' title="bbox 2032 3793 3683 3854">
    <p class='ocr_par' dir='ltr' id='par_1_83' title="bbox 2032 3793 3683 3854">
     <span class='ocr_line' id='line_1_83' title="bbox 2032 3793 3683 3854; baseline 0.002 -3"><span class='ocrx_word' id='word_1_565' title='bbox 2032 3813 2162 3851; x_wconf 90' lang='lat' dir='ltr'><strong>rum</strong></span> <span class='ocrx_word' id='word_1_566' title='bbox 2191 3796 2380 3852; x_wconf 88' lang='lat' dir='ltr'><strong>instar</strong></span> <span class='ocrx_word' id='word_1_567' title='bbox 2410 3793 2672 3850; x_wconf 86' lang='lat' dir='ltr'><strong>ﬁdelium</strong></span> <span class='ocrx_word' id='word_1_568' title='bbox 2707 3794 2937 3849; x_wconf 88' lang='lat' dir='ltr'><strong>animas</strong></span> <span class='ocrx_word' id='word_1_569' title='bbox 2968 3794 3165 3851; x_wconf 80' lang='lat' dir='ltr'><strong>odoris</strong></span> <span class='ocrx_word' id='word_1_570' title='bbox 3205 3795 3495 3852; x_wconf 87' lang='lat' dir='ltr'><strong>suavitate</strong></span> <span class='ocrx_word' id='word_1_571' title='bbox 3540 3814 3683 3854; x_wconf 86' lang='lat' dir='ltr'><strong>con-</strong></span> 
     </span>
    </p>
   </div>
   <div class='ocr_carea' id='block_1_84' title="bbox 2031 3883 3686 3956">
    <p class='ocr_par' dir='ltr' id='par_1_84' title="bbox 2031 3883 3686 3956">
     <span class='ocr_line' id='line_1_84' title="bbox 2031 3883 3686 3956; baseline 0.001 -15"><span class='ocrx_word' id='word_1_572' title='bbox 2031 3885 2448 3956; x_wconf 89' lang='lat' dir='ltr'><strong>spergentibus</strong></span> <span class='ocrx_word' id='word_1_573' title='bbox 2479 3898 2572 3941; x_wconf 89' lang='lat' dir='ltr'><strong>me</strong></span> <span class='ocrx_word' id='word_1_574' title='bbox 2593 3883 2983 3952; x_wconf 89' lang='lat' dir='ltr'><strong>corroborate,</strong></span> <span class='ocrx_word' id='word_1_575' title='bbox 3018 3888 3077 3939; x_wconf 88' lang='lat' dir='ltr'><strong>et</strong></span> <span class='ocrx_word' id='word_1_576' title='bbox 3095 3885 3357 3956; x_wconf 90' lang='lat' dir='ltr'><strong>corporis</strong></span> <span class='ocrx_word' id='word_1_577' title='bbox 3379 3885 3686 3942; x_wconf 89' lang='lat' dir='ltr'><strong>imbecilli-</strong></span> 
     </span>
    </p>
   </div>
   <div class='ocr_carea' id='block_1_85' title="bbox 2030 3971 3687 4047">
    <p class='ocr_par' dir='ltr' id='par_1_85' title="bbox 2030 3971 3687 4047">
     <span class='ocr_line' id='line_1_85' title="bbox 2030 3971 3687 4047; baseline 0.002 -19"><span class='ocrx_word' id='word_1_578' title='bbox 2030 3979 2149 4029; x_wconf 90' lang='lat' dir='ltr'><strong>tate</strong></span> <span class='ocrx_word' id='word_1_579' title='bbox 2178 3974 2475 4029; x_wconf 88' lang='lat' dir='ltr'><strong>labantem</strong></span> <span class='ocrx_word' id='word_1_580' title='bbox 2508 3972 2567 4027; x_wconf 89' lang='lat' dir='ltr'><strong>in</strong></span> <span class='ocrx_word' id='word_1_581' title='bbox 2601 3972 2801 4027; x_wconf 89' lang='lat' dir='ltr'><strong>divina</strong></span> <span class='ocrx_word' id='word_1_582' title='bbox 2831 3971 3046 4043; x_wconf 83' lang='lat' dir='ltr'><strong>pietate</strong></span> <span class='ocrx_word' id='word_1_583' title='bbox 3076 3972 3442 4029; x_wconf 89' lang='lat' dir='ltr'><strong>conﬁrmate.</strong></span> <span class='ocrx_word' id='word_1_584' title='bbox 3477 3974 3687 4047; x_wconf 81' lang='lat' dir='ltr'><strong>Stipate</strong></span> 
     </span>
    </p>
   </div>
   <div class='ocr_carea' id='block_1_86' title="bbox 2029 4059 3683 4134">
    <p class='ocr_par' dir='ltr' id='par_1_86' title="bbox 2029 4059 3683 4134">
     <span class='ocr_line' id='line_1_86' title="bbox 2029 4059 3683 4134; baseline 0.001 -16"><span class='ocrx_word' id='word_1_585' title='bbox 2029 4078 2117 4118; x_wconf 90' lang='lat' dir='ltr'><strong>me</strong></span> <span class='ocrx_word' id='word_1_586' title='bbox 2144 4065 2204 4117; x_wconf 85' lang='lat' dir='ltr'><strong>in</strong></span> <span class='ocrx_word' id='word_1_587' title='bbox 2231 4064 2410 4134; x_wconf 86' lang='lat' dir='ltr'><strong>pomis</strong></span> <span class='ocrx_word' id='word_1_588' title='bbox 2440 4079 2459 4117; x_wconf 89' lang='lat'><strong><em>:</em></strong></span> <span class='ocrx_word' id='word_1_589' title='bbox 2491 4059 2725 4133; x_wconf 89' lang='lat' dir='ltr'><strong>implete</strong></span> <span class='ocrx_word' id='word_1_590' title='bbox 2756 4077 2849 4116; x_wconf 90' lang='lat' dir='ltr'><strong>me</strong></span> <span class='ocrx_word' id='word_1_591' title='bbox 2881 4061 2979 4116; x_wconf 91' lang='lat' dir='ltr'><strong>Dei</strong></span> <span class='ocrx_word' id='word_1_592' title='bbox 3013 4061 3347 4132; x_wconf 88' lang='lat' dir='ltr'><strong>cognitione</strong></span> <span class='ocrx_word' id='word_1_593' title='bbox 3378 4062 3435 4118; x_wconf 93' lang='lat' dir='ltr'><strong>in</strong></span> <span class='ocrx_word' id='word_1_594' title='bbox 3468 4063 3683 4121; x_wconf 89' lang='lat' dir='ltr'><strong>divinis</strong></span> 
     </span>
    </p>
   </div>
   <div class='ocr_carea' id='block_1_87' title="bbox 2030 4149 3683 4222">
    <p class='ocr_par' dir='ltr' id='par_1_87' title="bbox 2030 4149 3683 4222">
     <span class='ocr_line' id='line_1_87' title="bbox 2030 4149 3683 4222; baseline 0.001 -14"><span class='ocrx_word' id='word_1_595' title='bbox 2030 4152 2422 4216; x_wconf 86' lang='lat' dir='ltr'><strong>sermonibus,</strong></span> <span class='ocrx_word' id='word_1_596' title='bbox 2455 4150 2555 4221; x_wconf 91' lang='lat' dir='ltr'><strong>qui</strong></span> <span class='ocrx_word' id='word_1_597' title='bbox 2590 4166 2893 4222; x_wconf 90' lang='lat' dir='ltr'><strong>pomorum</strong></span> <span class='ocrx_word' id='word_1_598' title='bbox 2925 4149 3114 4205; x_wconf 88' lang='lat' dir='ltr'><strong>instar</strong></span> <span class='ocrx_word' id='word_1_599' title='bbox 3142 4152 3373 4221; x_wconf 82' lang='lat' dir='ltr'><strong>gutturi</strong></span> <span class='ocrx_word' id='word_1_600' title='bbox 3398 4168 3525 4208; x_wconf 91' lang='lat' dir='ltr'><strong>meo</strong></span> <span class='ocrx_word' id='word_1_601' title='bbox 3556 4154 3683 4210; x_wconf 83' lang='lat' dir='ltr'><strong>dul-</strong></span> 
     </span>
    </p>
   </div>
   <div class='ocr_carea' id='block_1_88' title="bbox 2030 4238 3684 4314">
    <p class='ocr_par' dir='ltr' id='par_1_88' title="bbox 2030 4238 3684 4314">
     <span class='ocr_line' id='line_1_88' title="bbox 2030 4238 3684 4314; baseline 0.002 -19"><span class='ocrx_word' id='word_1_602' title='bbox 2030 4241 2295 4295; x_wconf 90' lang='lat' dir='ltr'><strong>cedinem</strong></span> <span class='ocrx_word' id='word_1_603' title='bbox 2328 4238 2598 4293; x_wconf 74' lang='lat' dir='ltr'><strong>afferunt.</strong></span> <span class='ocrx_word' id='word_1_604' title='bbox 2632 4242 2761 4293; x_wconf 68' lang='lat' dir='ltr'><strong>Haec</strong></span> <span class='ocrx_word' id='word_1_605' title='bbox 2801 4243 2997 4293; x_wconf 88' lang='lat' dir='ltr'><strong>autem</strong></span> <span class='ocrx_word' id='word_1_606' title='bbox 3049 4255 3082 4293; x_wconf 90' lang='lat' dir='ltr'><strong>a</strong></span> <span class='ocrx_word' id='word_1_607' title='bbox 3131 4240 3295 4295; x_wconf 91' lang='lat' dir='ltr'><strong>vobis</strong></span> <span class='ocrx_word' id='word_1_608' title='bbox 3344 4247 3495 4311; x_wconf 89' lang='lat' dir='ltr'><strong>peto,</strong></span> <span class='ocrx_word' id='word_1_609' title='bbox 3550 4244 3684 4314; x_wconf 86' lang='lat' dir='ltr'><strong>quia</strong></span> 
     </span>
    </p>
   </div>
   <div class='ocr_carea' id='block_1_89' title="bbox 2032 4326 3681 4400">
    <p class='ocr_par' dir='ltr' id='par_1_89' title="bbox 2032 4326 3681 4400">
     <span class='ocr_line' id='line_1_89' title="bbox 2032 4326 3681 4400; baseline 0.002 -16"><span class='ocrx_word' id='word_1_610' title='bbox 2032 4330 2327 4384; x_wconf 80' lang='lat' dir='ltr'><strong>vulnerata</strong></span> <span class='ocrx_word' id='word_1_611' title='bbox 2376 4343 2494 4381; x_wconf 85' lang='lat' dir='ltr'><strong>sum</strong></span> <span class='ocrx_word' id='word_1_612' title='bbox 2544 4328 2833 4381; x_wconf 79' lang='lat' dir='ltr'><strong>charitare.</strong></span> <span class='ocrx_word' id='word_1_613' title='bbox 2866 4326 3012 4391; x_wconf 89' lang='lat' dir='ltr'><strong>Quia</strong></span> <span class='ocrx_word' id='word_1_614' title='bbox 3041 4326 3270 4383; x_wconf 88' lang='lat' dir='ltr'><strong>scilicet</strong></span> <span class='ocrx_word' id='word_1_615' title='bbox 3302 4345 3414 4383; x_wconf 88' lang='lat' dir='ltr'><strong>non</strong></span> <span class='ocrx_word' id='word_1_616' title='bbox 3448 4329 3681 4400; x_wconf 85' lang='lat' dir='ltr'><strong>timore,</strong></span> 
     </span>
    </p>
   </div>
   <div class='ocr_carea' id='block_1_90' title="bbox 2028 4414 3680 4486">
    <p class='ocr_par' dir='ltr' id='par_1_90' title="bbox 2028 4414 3680 4486">
     <span class='ocr_line' id='line_1_90' title="bbox 2028 4414 3680 4486; baseline 0.001 -13"><span class='ocrx_word' id='word_1_617' title='bbox 2028 4417 2127 4473; x_wconf 90' lang='lat' dir='ltr'><strong>sed</strong></span> <span class='ocrx_word' id='word_1_618' title='bbox 2160 4432 2358 4473; x_wconf 89' lang='lat' dir='ltr'><strong>amore</strong></span> <span class='ocrx_word' id='word_1_619' title='bbox 2388 4415 2629 4470; x_wconf 87' lang='lat' dir='ltr'><strong>incitata</strong></span> <span class='ocrx_word' id='word_1_620' title='bbox 2659 4416 2927 4486; x_wconf 81' lang='lat' dir='ltr'><strong>(charitas</strong></span> <span class='ocrx_word' id='word_1_621' title='bbox 2954 4414 3109 4470; x_wconf 86' lang='lat' dir='ltr'><strong>enim</strong></span> <span class='ocrx_word' id='word_1_622' title='bbox 3140 4418 3289 4485; x_wconf 84' lang='lat' dir='ltr'><strong>[oras</strong></span> <span class='ocrx_word' id='word_1_623' title='bbox 3316 4418 3490 4472; x_wconf 81' lang='lat' dir='ltr'><strong>mitlit</strong></span> <span class='ocrx_word' id='word_1_624' title='bbox 3520 4420 3680 4475; x_wconf 81' lang='lat' dir='ltr'><strong>timo-</strong></span> 
     </span>
    </p>
   </div>
   <div class='ocr_carea' id='block_1_91' title="bbox 2026 4503 3677 4577">
    <p class='ocr_par' dir='ltr' id='par_1_91' title="bbox 2026 4503 3677 4577">
     <span class='ocr_line' id='line_1_91' title="bbox 2026 4503 3677 4577; baseline 0.001 -16"><span class='ocrx_word' id='word_1_625' title='bbox 2026 4523 2141 4561; x_wconf 83' lang='lat' dir='ltr'><strong>rem</strong></span> <span class='ocrx_word' id='word_1_626' title='bbox 2170 4506 2260 4577; x_wconf 80' lang='grc'><strong>²⁴),</strong></span> <span class='ocrx_word' id='word_1_627' title='bbox 2310 4520 2445 4560; x_wconf 91' lang='lat' dir='ltr'><strong>cum</strong></span> <span class='ocrx_word' id='word_1_628' title='bbox 2495 4503 2709 4559; x_wconf 89' lang='lat' dir='ltr'><strong>Christi</strong></span> <span class='ocrx_word' id='word_1_629' title='bbox 2759 4521 2862 4575; x_wconf 91' lang='lat' dir='ltr'><strong>per</strong></span> <span class='ocrx_word' id='word_1_630' title='bbox 2913 4503 3088 4558; x_wconf 86' lang='lat' dir='ltr'><strong>ﬁdem</strong></span> <span class='ocrx_word' id='word_1_631' title='bbox 3152 4504 3467 4576; x_wconf 88' lang='lat' dir='ltr'><strong>conjuncta</strong></span> <span class='ocrx_word' id='word_1_632' title='bbox 3521 4522 3677 4563; x_wconf 91' lang='lat' dir='ltr'><strong>sum.</strong></span> 
     </span>
    </p>
   </div>
   <div class='ocr_carea' id='block_1_92' title="bbox 252 4587 1833 4675">
    <p class='ocr_par' dir='ltr' id='par_1_92' title="bbox 252 4592 1833 4675">
     <span class='ocr_line' id='line_1_92' title="bbox 252 4592 1833 4675; baseline 0.001 -25"><span class='ocrx_word' id='word_1_633' title='bbox 252 4598 567 4670; x_wconf 75' lang='grc' dir='ltr'>νοττομὲνη</span> <span class='ocrx_word' id='word_1_634' title='bbox 630 4597 741 4672; x_wconf 80' lang='grc' dir='ltr'><strong>οὐχ</strong></span> <span class='ocrx_word' id='word_1_635' title='bbox 803 4597 905 4651; x_wconf 87' lang='grc' dir='ltr'><strong>ὑπὸ</strong></span> <span class='ocrx_word' id='word_1_636' title='bbox 963 4592 1156 4675; x_wconf 79' lang='grc' dir='ltr'>φόϐου.</span> <span class='ocrx_word' id='word_1_637' title='bbox 1219 4596 1345 4652; x_wconf 81' lang='grc' dir='ltr'>ἀλλ’</span> <span class='ocrx_word' id='word_1_638' title='bbox 1393 4596 1494 4651; x_wconf 78' lang='grc' dir='ltr'><strong>ὑπό</strong></span> <span class='ocrx_word' id='word_1_639' title='bbox 1544 4597 1755 4671; x_wconf 84' lang='grc' dir='ltr'>ἀγάπης</span> <span class='ocrx_word' id='word_1_640' title='bbox 1792 4596 1833 4671; x_wconf 81' lang='grc' dir='ltr'><strong>(ἒ</strong></span> 
     </span>
    </p>
   </div>
   <div class='ocr_carea' id='block_1_93' title="bbox 2102 4587 3678 4675">
    <p class='ocr_par' dir='ltr' id='par_1_93' title="bbox 2102 4592 3678 4665">
     <span class='ocr_line' id='line_1_93' title="bbox 2102 4592 3678 4665; baseline 0.001 -16"><span class='ocrx_word' id='word_1_641' title='bbox 2102 4612 2169 4649; x_wconf 65' lang='grc' dir='ltr'><strong>ιῐῙ]</strong></span> <span class='ocrx_word' id='word_1_642' title='bbox 2204 4600 2268 4650; x_wconf 90' lang='lat' dir='ltr'><strong>ut</strong></span> <span class='ocrx_word' id='word_1_643' title='bbox 2297 4598 2432 4649; x_wconf 85' lang='lat' dir='ltr'><strong>ante</strong></span> <span class='ocrx_word' id='word_1_644' title='bbox 2464 4610 2764 4665; x_wconf 67' lang='lat' dir='ltr'><strong>pinnarum</strong></span> <span class='ocrx_word' id='word_1_645' title='bbox 2801 4592 3115 4648; x_wconf 82' lang='lat' dir='ltr'><strong>formidine</strong></span> <span class='ocrx_word' id='word_1_646' title='bbox 3150 4599 3417 4665; x_wconf 87' lang='lat' dir='ltr'><strong>purgata,</strong></span> <span class='ocrx_word' id='word_1_647' title='bbox 3468 4594 3678 4651; x_wconf 90' lang='lat' dir='ltr'><strong>deinde</strong></span> 
     </span>
    </p>
   </div>
   <div class='ocr_carea' id='block_1_94' title="bbox 252 4680 1919 4763">
    <p class='ocr_par' dir='ltr' id='par_1_94' title="bbox 252 4680 1919 4763">
     <span class='ocr_line' id='line_1_94' title="bbox 252 4680 1919 4763; baseline 0.001 -25"><span class='ocrx_word' id='word_1_648' title='bbox 252 4686 361 4758; x_wconf 72' lang='grc' dir='ltr'>γὰρ</span> <span class='ocrx_word' id='word_1_649' title='bbox 421 4685 558 4754; x_wconf 75' lang='grc' dir='ltr'><strong>αὖτή</strong></span> <span class='ocrx_word' id='word_1_650' title='bbox 640 4684 833 4759; x_wconf 86' lang='grc' dir='ltr'>βάλλει</span> <span class='ocrx_word' id='word_1_651' title='bbox 909 4686 1000 4740; x_wconf 88' lang='grc' dir='ltr'><strong>τὸν</strong></span> <span class='ocrx_word' id='word_1_652' title='bbox 1074 4680 1266 4763; x_wconf 72' lang='grc' dir='ltr'>φόϐον)</span> <span class='ocrx_word' id='word_1_653' title='bbox 1339 4684 1454 4759; x_wconf 78' lang='grc' dir='ltr'>εἴμὶ</span> <span class='ocrx_word' id='word_1_654' title='bbox 1526 4684 1635 4759; x_wconf 76' lang='grc' dir='ltr'><strong>ἐγὼ</strong></span> <span class='ocrx_word' id='word_1_655' title='bbox 1692 4688 1726 4755; x_wconf 82' lang='grc' dir='ltr'><strong>ἡ</strong></span> <span class='ocrx_word' id='word_1_656' title='bbox 1783 4708 1919 4761; x_wconf 89' lang='grc' dir='ltr'>νυμ-</span> 
     </span>
    </p>
   </div>
   <div class='ocr_carea' id='block_1_95' title="bbox 252 4771 1917 4850">
    <p class='ocr_par' dir='ltr' id='par_1_95' title="bbox 252 4771 1917 4850">
     <span class='ocr_line' id='line_1_95' title="bbox 252 4771 1917 4850; baseline 0.001 -23"><span class='ocrx_word' id='word_1_657' title='bbox 252 4776 515 4850; x_wconf 73' lang='grc' dir='ltr'>φευθεῖσα</span> <span class='ocrx_word' id='word_1_658' title='bbox 568 4779 651 4845; x_wconf 82' lang='grc' dir='ltr'><strong>τῷ</strong></span> <span class='ocrx_word' id='word_1_659' title='bbox 685 4778 903 4848; x_wconf 82' lang='grc' dir='ltr'>Χριστῷ</span> <span class='ocrx_word' id='word_1_660' title='bbox 933 4771 1025 4828; x_wconf 81' lang='grc' dir='ltr'>διὰ</span> <span class='ocrx_word' id='word_1_661' title='bbox 1081 4774 1335 4834; x_wconf 85' lang='grc' dir='ltr'>πίστεως.</span> <span class='ocrx_word' id='word_1_662' title='bbox 1383 4780 1467 4836; x_wconf 81' lang='grc' dir='ltr'>Ὠς</span> <span class='ocrx_word' id='word_1_663' title='bbox 1516 4775 1625 4849; x_wconf 77' lang='grc' dir='ltr'>γὰρ</span> <span class='ocrx_word' id='word_1_664' title='bbox 1656 4774 1917 4849; x_wconf 89' lang='grc' dir='ltr'>πρότερον</span> 
     </span>
    </p>
   </div>
   <div class='ocr_carea' id='block_1_96' title="bbox 255 4857 1921 4938">
    <p class='ocr_par' dir='ltr' id='par_1_96' title="bbox 255 4857 1921 4938">
     <span class='ocr_line' id='line_1_96' title="bbox 255 4857 1921 4938; baseline 0.002 -22"><span class='ocrx_word' id='word_1_665' title='bbox 255 4862 401 4931; x_wconf 73' lang='grc' dir='ltr'>αὕτη</span> <span class='ocrx_word' id='word_1_666' title='bbox 458 4867 539 4935; x_wconf 80' lang='grc' dir='ltr'>τῷ</span> <span class='ocrx_word' id='word_1_667' title='bbox 588 4857 744 4934; x_wconf 79' lang='grc' dir='ltr'>φόϐῳ</span> <span class='ocrx_word' id='word_1_668' title='bbox 788 4865 883 4935; x_wconf 76' lang='grc' dir='ltr'>μὲν</span> <span class='ocrx_word' id='word_1_669' title='bbox 931 4868 1038 4917; x_wconf 89' lang='grc' dir='ltr'><strong>τῶν</strong></span> <span class='ocrx_word' id='word_1_670' title='bbox 1090 4860 1367 4918; x_wconf 88' lang='grc' dir='ltr'>κολάσεων</span> <span class='ocrx_word' id='word_1_671' title='bbox 1418 4864 1763 4938; x_wconf 85' lang='grc' dir='ltr'>καθαρθεῖσα,</span> <span class='ocrx_word' id='word_1_672' title='bbox 1809 4865 1921 4919; x_wconf 69' lang='grc' dir='ltr'>εἶτα</span> 
     </span>
    </p>
   </div>
   <div class='ocr_carea' id='block_1_97' title="bbox 252 4948 1919 5029">
    <p class='ocr_par' dir='ltr' id='par_1_97' title="bbox 252 4948 1919 5029">
     <span class='ocr_line' id='line_1_97' title="bbox 252 4948 1919 5029; baseline 0.002 -24"><span class='ocrx_word' id='word_1_673' title='bbox 252 4948 315 5005; x_wconf 77' lang='grc' dir='ltr'><strong>ὂὶ</strong></span> <span class='ocrx_word' id='word_1_674' title='bbox 347 4953 440 5005; x_wconf 80' lang='grc' dir='ltr'><strong>καὶ</strong></span> <span class='ocrx_word' id='word_1_675' title='bbox 470 4955 538 5024; x_wconf 77' lang='grc' dir='ltr'>τῇ</span> <span class='ocrx_word' id='word_1_676' title='bbox 572 4948 757 5007; x_wconf 73' lang='grc' dir='ltr'>ἑλπίδι</span> <span class='ocrx_word' id='word_1_677' title='bbox 804 4956 909 5005; x_wconf 87' lang='grc' dir='ltr'><strong>τῶν</strong></span> <span class='ocrx_word' id='word_1_678' title='bbox 966 4950 1278 5024; x_wconf 81' lang='grc' dir='ltr'>μελλόντων</span> <span class='ocrx_word' id='word_1_679' title='bbox 1321 4953 1536 5027; x_wconf 86' lang='grc' dir='ltr'>ἀγαθῶν</span> <span class='ocrx_word' id='word_1_680' title='bbox 1569 4955 1919 5029; x_wconf 76' lang='grc' dir='ltr'>φωτισθεῖσα,</span> 
     </span>
    </p>
   </div>
   <div class='ocr_carea' id='block_1_98' title="bbox 248 5038 1918 5116">
    <p class='ocr_par' dir='ltr' id='par_1_98' title="bbox 248 5038 1918 5116">
     <span class='ocr_line' id='line_1_98' title="bbox 248 5038 1918 5116; baseline 0.002 -23"><span class='ocrx_word' id='word_1_681' title='bbox 248 5045 347 5093; x_wconf 79' lang='grc' dir='ltr'><strong>νῦν</strong></span> <span class='ocrx_word' id='word_1_682' title='bbox 406 5038 619 5096; x_wconf 83' lang='grc' dir='ltr'>σπεύδει</span> <span class='ocrx_word' id='word_1_683' title='bbox 702 5038 791 5095; x_wconf 72' lang='grc' dir='ltr'>διὰ</span> <span class='ocrx_word' id='word_1_684' title='bbox 851 5047 953 5109; x_wconf 79' lang='grc' dir='ltr'>τῆς</span> <span class='ocrx_word' id='word_1_685' title='bbox 1022 5040 1235 5116; x_wconf 83' lang='grc' dir='ltr'>ἀγάπης</span> <span class='ocrx_word' id='word_1_686' title='bbox 1316 5040 1394 5104; x_wconf 73' lang='grc' dir='ltr'>εἷς</span> <span class='ocrx_word' id='word_1_687' title='bbox 1448 5039 1769 5111; x_wconf 85' lang='grc' dir='ltr'>τελειότητα</span> <span class='ocrx_word' id='word_1_688' title='bbox 1832 5042 1918 5096; x_wconf 81' lang='grc' dir='ltr'><strong>ἀν-</strong></span> 
     </span>
    </p>
   </div>
   <div class='ocr_carea' id='block_1_99' title="bbox 250 5129 1914 5207">
    <p class='ocr_par' dir='ltr' id='par_1_99' title="bbox 250 5129 1914 5207">
     <span class='ocr_line' id='line_1_99' title="bbox 250 5129 1914 5207; baseline 0.001 -24"><span class='ocrx_word' id='word_1_689' title='bbox 250 5135 502 5204; x_wconf 77' lang='grc' dir='ltr'>αχθῆναι</span> <span class='ocrx_word' id='word_1_690' title='bbox 558 5130 709 5204; x_wconf 71' lang='grc' dir='ltr'>παρὰ</span> <span class='ocrx_word' id='word_1_691' title='bbox 762 5134 871 5185; x_wconf 88' lang='grc' dir='ltr'><strong>τῶν</strong></span> <span class='ocrx_word' id='word_1_692' title='bbox 934 5129 1096 5205; x_wconf 82' lang='grc' dir='ltr'>ἁγίων</span> <span class='ocrx_word' id='word_1_693' title='bbox 1165 5129 1433 5207; x_wconf 69' lang='grc' dir='ltr'>ἀγγέλων.</span> <span class='ocrx_word' id='word_1_694' title='bbox 1487 5134 1645 5193; x_wconf 83' lang='grc' dir='ltr'>’Ὁθεν</span> <span class='ocrx_word' id='word_1_695' title='bbox 1705 5130 1866 5205; x_wconf 77' lang='grc' dir='ltr'>φησίν</span> <span class='ocrx_word' id='word_1_696' title='bbox 1902 5152 1914 5166; x_wconf 66' lang='grc' dir='ltr'>θ</span> 
     </span>
    </p>
   </div>
   <div class='ocr_carea' id='block_1_100' title="bbox 250 5216 1915 5295">
    <p class='ocr_par' dir='ltr' id='par_1_100' title="bbox 250 5216 1915 5295">
     <span class='ocr_line' id='line_1_100' title="bbox 250 5216 1915 5295; baseline -0.001 -21"><span class='ocrx_word' id='word_1_697' title='bbox 250 5218 562 5288; x_wconf 73' lang='grc' dir='ltr'>Εὐώνυμος</span> <span class='ocrx_word' id='word_1_698' title='bbox 637 5218 805 5271; x_wconf 77' lang='grc' dir='ltr'>αὑτοῦ</span> <span class='ocrx_word' id='word_1_699' title='bbox 888 5217 992 5272; x_wconf 84' lang='grc' dir='ltr'><strong>ὑπὸ</strong></span> <span class='ocrx_word' id='word_1_700' title='bbox 1063 5217 1162 5285; x_wconf 77' lang='grc' dir='ltr'>τὴν</span> <span class='ocrx_word' id='word_1_701' title='bbox 1221 5216 1464 5295; x_wconf 75' lang='grc' dir='ltr'>κεφαλὴν</span> <span class='ocrx_word' id='word_1_702' title='bbox 1546 5238 1698 5290; x_wconf 90' lang='grc' dir='ltr'>μου,</span> <span class='ocrx_word' id='word_1_703' title='bbox 1747 5219 1833 5272; x_wconf 83' lang='grc' dir='ltr'><strong>καὶ</strong></span> <span class='ocrx_word' id='word_1_704' title='bbox 1880 5221 1915 5287; x_wconf 73' lang='grc' dir='ltr'><strong>ἡ</strong></span> 
     </span>
    </p>
   </div>
   <div class='ocr_carea' id='block_1_101' title="bbox 253 5302 1918 5379">
    <p class='ocr_par' dir='ltr' id='par_1_101' title="bbox 253 5302 1918 5379">
     <span class='ocr_line' id='line_1_101' title="bbox 253 5302 1918 5379; baseline 0.001 -20"><span class='ocrx_word' id='word_1_705' title='bbox 253 5303 411 5375; x_wconf 75' lang='grc' dir='ltr'>δεξιά</span> <span class='ocrx_word' id='word_1_706' title='bbox 468 5306 630 5361; x_wconf 71' lang='grc' dir='ltr'>αὐτοῦ</span> <span class='ocrx_word' id='word_1_707' title='bbox 712 5302 1073 5379; x_wconf 78' lang='grc' dir='ltr'>περιλήψεταί</span> <span class='ocrx_word' id='word_1_708' title='bbox 1157 5327 1241 5377; x_wconf 85' lang='grc' dir='ltr'><strong>με.</strong></span> <span class='ocrx_word' id='word_1_709' title='bbox 1322 5304 1610 5376; x_wconf 88' lang='grc' dir='ltr'>Δηλονότι,</span> <span class='ocrx_word' id='word_1_710' title='bbox 1672 5306 1741 5361; x_wconf 73' lang='lat' dir='ltr'><strong>Al</strong></span> <span class='ocrx_word' id='word_1_711' title='bbox 1810 5312 1918 5361; x_wconf 88' lang='grc' dir='ltr'><strong>τῶν</strong></span> 
     </span>
    </p>
   </div>
   <div class='ocr_carea' id='block_1_102' title="bbox 249 5392 1915 5469">
    <p class='ocr_par' dir='ltr' id='par_1_102' title="bbox 249 5392 1915 5469">
     <span class='ocr_line' id='line_1_102' title="bbox 249 5392 1915 5469; baseline 0.001 -20"><span class='ocrx_word' id='word_1_712' title='bbox 249 5394 566 5463; x_wconf 81' lang='grc' dir='ltr'>κολάσεων,</span> <span class='ocrx_word' id='word_1_713' title='bbox 637 5394 713 5456; x_wconf 85' lang='grc' dir='ltr'>ὠς</span> <span class='ocrx_word' id='word_1_714' title='bbox 798 5392 1222 5469; x_wconf 79' lang='grc' dir='ltr'>ὑποδεχομένων</span> <span class='ocrx_word' id='word_1_715' title='bbox 1279 5394 1406 5453; x_wconf 83' lang='grc' dir='ltr'>τοὺς</span> <span class='ocrx_word' id='word_1_716' title='bbox 1476 5393 1526 5465; x_wconf 79' lang='grc' dir='ltr'><strong>ἐξ</strong></span> <span class='ocrx_word' id='word_1_717' title='bbox 1598 5394 1915 5468; x_wconf 79' lang='grc' dir='ltr'>εὐωνύμων,</span> 
     </span>
    </p>
   </div>
   <div class='ocr_carea' id='block_1_103' title="bbox 250 5479 1918 5561">
    <p class='ocr_par' dir='ltr' id='par_1_103' title="bbox 250 5479 1918 5561">
     <span class='ocr_line' id='line_1_103' title="bbox 250 5479 1918 5561; baseline 0 -22"><span class='ocrx_word' id='word_1_718' title='bbox 250 5481 505 5555; x_wconf 70' lang='grc' dir='ltr'>ἀπειλαὶ,</span> <span class='ocrx_word' id='word_1_719' title='bbox 565 5483 668 5539; x_wconf 75' lang='grc' dir='ltr'>ὑπὸ</span> <span class='ocrx_word' id='word_1_720' title='bbox 728 5483 790 5538; x_wconf 86' lang='grc' dir='ltr'>τὸ</span> <span class='ocrx_word' id='word_1_721' title='bbox 844 5479 1001 5554; x_wconf 83' lang='grc' dir='ltr'>δίκην</span> <span class='ocrx_word' id='word_1_722' title='bbox 1058 5482 1301 5560; x_wconf 76' lang='grc' dir='ltr'>κεφαλῆς</span> <span class='ocrx_word' id='word_1_723' title='bbox 1328 5483 1556 5561; x_wconf 82' lang='grc' dir='ltr'>ἀρχικὸν</span> <span class='ocrx_word' id='word_1_724' title='bbox 1584 5490 1683 5553; x_wconf 79' lang='grc' dir='ltr'><strong>τῆς</strong></span> <span class='ocrx_word' id='word_1_725' title='bbox 1730 5487 1918 5560; x_wconf 77' lang='grc' dir='ltr'>ψυχῆς</span> 
     </span>
    </p>
   </div>
   <div class='ocr_carea' id='block_1_104' title="bbox 330 5646 1894 5725">
    <p class='ocr_par' dir='ltr' id='par_1_104' title="bbox 330 5646 1894 5725">
     <span class='ocr_line' id='line_1_104' title="bbox 330 5646 1894 5725; baseline 0.001 -20"><span class='ocrx_word' id='word_1_726' title='bbox 330 5646 381 5685; x_wconf 75' lang='grc'><strong>³⁸</strong></span> <span class='ocrx_word' id='word_1_727' title='bbox 413 5646 587 5705; x_wconf 82' lang='lat' dir='ltr'><strong>Hebr.</strong></span> <span class='ocrx_word' id='word_1_728' title='bbox 621 5665 663 5721; x_wconf 86' lang='grc' dir='ltr'><strong>ι,</strong></span> <span class='ocrx_word' id='word_1_729' title='bbox 698 5648 788 5705; x_wconf 80' lang='grc'><strong>14.</strong></span> <span class='ocrx_word' id='word_1_730' title='bbox 863 5648 910 5684; x_wconf 76' lang='grc'>³³</span> <span class='ocrx_word' id='word_1_731' title='bbox 939 5646 1083 5706; x_wconf 87' lang='lat' dir='ltr'><strong>Gen.</strong></span> <span class='ocrx_word' id='word_1_732' title='bbox 1118 5664 1202 5722; x_wconf 82' lang='grc' dir='ltr'>ιιι,</span> <span class='ocrx_word' id='word_1_733' title='bbox 1231 5647 1323 5705; x_wconf 80' lang='grc'><strong>24.</strong></span> <span class='ocrx_word' id='word_1_734' title='bbox 1400 5647 1446 5684; x_wconf 82' lang='grc'>³³</span> <span class='ocrx_word' id='word_1_735' title='bbox 1473 5648 1686 5725; x_wconf 84' lang='lat' dir='ltr'><strong>Ephes.</strong></span> <span class='ocrx_word' id='word_1_736' title='bbox 1716 5665 1773 5719; x_wconf 88' lang='lat' dir='ltr'><strong>v,</strong></span> <span class='ocrx_word' id='word_1_737' title='bbox 1805 5648 1894 5706; x_wconf 88' lang='lat'><strong>32.</strong></span> 
     </span>
    </p>
   </div>
   <div class='ocr_carea' id='block_1_105' title="bbox 2032 4680 3678 4753">
    <p class='ocr_par' dir='ltr' id='par_1_105' title="bbox 2032 4680 3678 4753">
     <span class='ocr_line' id='line_1_105' title="bbox 2032 4680 3678 4753; baseline 0.001 -15"><span class='ocrx_word' id='word_1_738' title='bbox 2032 4685 2363 4739; x_wconf 91' lang='lat' dir='ltr'><strong>futurorum</strong></span> <span class='ocrx_word' id='word_1_739' title='bbox 2410 4684 2699 4738; x_wconf 89' lang='lat' dir='ltr'><strong>bonorum</strong></span> <span class='ocrx_word' id='word_1_740' title='bbox 2751 4698 2853 4753; x_wconf 90' lang='lat' dir='ltr'><strong>spe</strong></span> <span class='ocrx_word' id='word_1_741' title='bbox 2897 4680 3215 4752; x_wconf 87' lang='lat' dir='ltr'><strong>illustrata,</strong></span> <span class='ocrx_word' id='word_1_742' title='bbox 3249 4682 3330 4738; x_wconf 90' lang='lat' dir='ltr'><strong>ita</strong></span> <span class='ocrx_word' id='word_1_743' title='bbox 3360 4700 3516 4738; x_wconf 86' lang='lat' dir='ltr'><strong>nunc</strong></span> <span class='ocrx_word' id='word_1_744' title='bbox 3547 4684 3678 4739; x_wconf 84' lang='lat' dir='ltr'><strong>cha-</strong></span> 
     </span>
    </p>
   </div>
   <div class='ocr_carea' id='block_1_106' title="bbox 2030 4770 3674 4843">
    <p class='ocr_par' dir='ltr' id='par_1_106' title="bbox 2030 4770 3674 4843">
     <span class='ocr_line' id='line_1_106' title="bbox 2030 4770 3674 4843; baseline 0.001 -16"><span class='ocrx_word' id='word_1_745' title='bbox 2030 4772 2201 4828; x_wconf 90' lang='lat' dir='ltr'><strong>ritate</strong></span> <span class='ocrx_word' id='word_1_746' title='bbox 2243 4776 2534 4827; x_wconf 88' lang='lat' dir='ltr'><strong>commota</strong></span> <span class='ocrx_word' id='word_1_747' title='bbox 2584 4772 2821 4826; x_wconf 86' lang='lat' dir='ltr'><strong>festinat</strong></span> <span class='ocrx_word' id='word_1_748' title='bbox 2868 4786 2971 4842; x_wconf 90' lang='lat' dir='ltr'><strong>per</strong></span> <span class='ocrx_word' id='word_1_749' title='bbox 3019 4774 3256 4826; x_wconf 88' lang='lat' dir='ltr'><strong>sanctos</strong></span> <span class='ocrx_word' id='word_1_750' title='bbox 3314 4770 3555 4843; x_wconf 88' lang='lat' dir='ltr'><strong>angelos</strong></span> <span class='ocrx_word' id='word_1_751' title='bbox 3601 4771 3674 4828; x_wconf 85' lang='lat' dir='ltr'><strong>ad</strong></span> 
     </span>
    </p>
   </div>
   <div class='ocr_carea' id='block_1_107' title="bbox 2029 4859 3674 4933">
    <p class='ocr_par' dir='ltr' id='par_1_107' title="bbox 2029 4859 3674 4933">
     <span class='ocr_line' id='line_1_107' title="bbox 2029 4859 3674 4933; baseline 0 -16"><span class='ocrx_word' id='word_1_752' title='bbox 2029 4860 2441 4933; x_wconf 86' lang='lat' dir='ltr'><strong>perfectionem</strong></span> <span class='ocrx_word' id='word_1_753' title='bbox 2490 4860 2727 4927; x_wconf 90' lang='lat' dir='ltr'><strong>adduci,</strong></span> <span class='ocrx_word' id='word_1_754' title='bbox 2773 4860 3165 4923; x_wconf 88' lang='lat' dir='ltr'><strong>Quamobrem</strong></span> <span class='ocrx_word' id='word_1_755' title='bbox 3215 4859 3299 4915; x_wconf 91' lang='lat' dir='ltr'><strong>ait</strong></span> <span class='ocrx_word' id='word_1_756' title='bbox 3330 4877 3342 4915; x_wconf 90' lang='lat'>:</span> <span class='ocrx_word' id='word_1_757' title='bbox 3374 4862 3537 4918; x_wconf 70' lang='lat' dir='ltr'><strong>Laeva</strong></span> <span class='ocrx_word' id='word_1_758' title='bbox 3560 4862 3674 4933; x_wconf 85' lang='lat' dir='ltr'><strong>ejus</strong></span> 
     </span>
    </p>
   </div>
   <div class='ocr_carea' id='block_1_108' title="bbox 2030 4949 3670 5021">
    <p class='ocr_par' dir='ltr' id='par_1_108' title="bbox 2030 4949 3670 5021">
     <span class='ocr_line' id='line_1_108' title="bbox 2030 4949 3670 5021; baseline 0 -16"><span class='ocrx_word' id='word_1_759' title='bbox 2030 4952 2131 5005; x_wconf 88' lang='lat' dir='ltr'><strong>sub</strong></span> <span class='ocrx_word' id='word_1_760' title='bbox 2152 4952 2332 5021; x_wconf 74' lang='lat' dir='ltr'><strong>capite</strong></span> <span class='ocrx_word' id='word_1_761' title='bbox 2362 4966 2483 5004; x_wconf 87' lang='lat' dir='ltr'><strong>meo</strong></span> <span class='ocrx_word' id='word_1_762' title='bbox 2519 4966 2532 5005; x_wconf 92' lang='lat'>:</span> <span class='ocrx_word' id='word_1_763' title='bbox 2563 4958 2618 5004; x_wconf 77' lang='lat' dir='ltr'><strong>et</strong></span> <span class='ocrx_word' id='word_1_764' title='bbox 2647 4950 2872 5005; x_wconf 72' lang='lat' dir='ltr'><strong>dextera</strong></span> <span class='ocrx_word' id='word_1_765' title='bbox 2902 4949 3056 5003; x_wconf 85' lang='lat' dir='ltr'><strong>illius</strong></span> <span class='ocrx_word' id='word_1_766' title='bbox 3101 4950 3517 5020; x_wconf 73' lang='lat' dir='ltr'><strong>amplexabitur</strong></span> <span class='ocrx_word' id='word_1_767' title='bbox 3562 4954 3670 5007; x_wconf 74' lang='lat' dir='ltr'><strong>md.</strong></span> 
     </span>
    </p>
   </div>
   <div class='ocr_carea' id='block_1_109' title="bbox 2028 5037 3675 5110">
    <p class='ocr_par' dir='ltr' id='par_1_109' title="bbox 2028 5037 3675 5110">
     <span class='ocr_line' id='line_1_109' title="bbox 2028 5037 3675 5110; baseline -0.001 -15"><span class='ocrx_word' id='word_1_768' title='bbox 2028 5040 2414 5095; x_wconf 89' lang='lat' dir='ltr'><strong>Comminatio</strong></span> <span class='ocrx_word' id='word_1_769' title='bbox 2472 5038 2898 5110; x_wconf 89' lang='lat' dir='ltr'><strong>suppliciorum</strong></span> <span class='ocrx_word' id='word_1_770' title='bbox 2962 5054 3093 5109; x_wconf 74' lang='lat' dir='ltr'><strong>quas</strong></span> <span class='ocrx_word' id='word_1_771' title='bbox 3145 5054 3178 5091; x_wconf 90' lang='lat' dir='ltr'><strong>a</strong></span> <span class='ocrx_word' id='word_1_772' title='bbox 3224 5037 3483 5093; x_wconf 85' lang='lat' dir='ltr'><strong>sinistris</strong></span> <span class='ocrx_word' id='word_1_773' title='bbox 3530 5055 3675 5094; x_wconf 89' lang='lat' dir='ltr'><strong>con-</strong></span> 
     </span>
    </p>
   </div>
   <div class='ocr_carea' id='block_1_110' title="bbox 2028 5126 3675 5199">
    <p class='ocr_par' dir='ltr' id='par_1_110' title="bbox 2028 5126 3675 5199">
     <span class='ocr_line' id='line_1_110' title="bbox 2028 5126 3675 5199; baseline 0.001 -16"><span class='ocrx_word' id='word_1_774' title='bbox 2028 5129 2269 5183; x_wconf 89' lang='lat' dir='ltr'><strong>stitutos</strong></span> <span class='ocrx_word' id='word_1_775' title='bbox 2302 5131 2562 5194; x_wconf 90' lang='lat' dir='ltr'><strong>manent,</strong></span> <span class='ocrx_word' id='word_1_776' title='bbox 2599 5127 2709 5182; x_wconf 91' lang='lat' dir='ltr'><strong>sub</strong></span> <span class='ocrx_word' id='word_1_777' title='bbox 2741 5127 2930 5199; x_wconf 90' lang='lat' dir='ltr'><strong>capite</strong></span> <span class='ocrx_word' id='word_1_778' title='bbox 2962 5142 3114 5195; x_wconf 89' lang='lat' dir='ltr'><strong>meo,</strong></span> <span class='ocrx_word' id='word_1_779' title='bbox 3146 5127 3252 5181; x_wconf 86' lang='lat' dir='ltr'><strong>sub</strong></span> <span class='ocrx_word' id='word_1_780' title='bbox 3291 5142 3359 5182; x_wconf 89' lang='lat' dir='ltr'><strong>ea</strong></span> <span class='ocrx_word' id='word_1_781' title='bbox 3404 5126 3675 5184; x_wconf 88' lang='lat' dir='ltr'><strong>videlicet</strong></span> 
     </span>
    </p>
   </div>
   <div class='ocr_carea' id='block_1_111' title="bbox 2027 5215 3675 5290">
    <p class='ocr_par' dir='ltr' id='par_1_111' title="bbox 2027 5215 3675 5290">
     <span class='ocr_line' id='line_1_111' title="bbox 2027 5215 3675 5290; baseline 0 -17"><span class='ocrx_word' id='word_1_782' title='bbox 2027 5222 2210 5290; x_wconf 88' lang='lat' dir='ltr'><strong>parte,</strong></span> <span class='ocrx_word' id='word_1_783' title='bbox 2244 5233 2371 5288; x_wconf 79' lang='lat' dir='ltr'><strong>quas</strong></span> <span class='ocrx_word' id='word_1_784' title='bbox 2404 5221 2467 5271; x_wconf 89' lang='lat' dir='ltr'><strong>ut</strong></span> <span class='ocrx_word' id='word_1_785' title='bbox 2496 5220 2671 5288; x_wconf 89' lang='lat' dir='ltr'><strong>caput</strong></span> <span class='ocrx_word' id='word_1_786' title='bbox 2697 5216 2754 5270; x_wconf 90' lang='lat' dir='ltr'><strong>in</strong></span> <span class='ocrx_word' id='word_1_787' title='bbox 2788 5232 3047 5288; x_wconf 90' lang='lat' dir='ltr'><strong>corpore,</strong></span> <span class='ocrx_word' id='word_1_788' title='bbox 3082 5215 3166 5271; x_wconf 90' lang='lat' dir='ltr'><strong>sic</strong></span> <span class='ocrx_word' id='word_1_789' title='bbox 3196 5215 3324 5288; x_wconf 90' lang='lat' dir='ltr'><strong>ipsa</strong></span> <span class='ocrx_word' id='word_1_790' title='bbox 3372 5216 3430 5271; x_wconf 92' lang='lat' dir='ltr'><strong>in</strong></span> <span class='ocrx_word' id='word_1_791' title='bbox 3476 5217 3675 5273; x_wconf 91' lang='lat' dir='ltr'><strong>anima</strong></span> 
     </span>
    </p>
   </div>
   <div class='ocr_carea' id='block_1_112' title="bbox 2028 5303 3675 5378">
    <p class='ocr_par' dir='ltr' id='par_1_112' title="bbox 2028 5303 3675 5378">
     <span class='ocr_line' id='line_1_112' title="bbox 2028 5303 3675 5378; baseline -0.001 -17"><span class='ocrx_word' id='word_1_792' title='bbox 2028 5306 2425 5378; x_wconf 89' lang='lat' dir='ltr'><strong>principatum</strong></span> <span class='ocrx_word' id='word_1_793' title='bbox 2475 5305 2722 5371; x_wconf 87' lang='lat' dir='ltr'><strong>obtinet,</strong></span> <span class='ocrx_word' id='word_1_794' title='bbox 2774 5311 2967 5360; x_wconf 90' lang='lat' dir='ltr'><strong>mente</strong></span> <span class='ocrx_word' id='word_1_795' title='bbox 3000 5303 3281 5359; x_wconf 91' lang='lat' dir='ltr'><strong>nimirum</strong></span> <span class='ocrx_word' id='word_1_796' title='bbox 3316 5321 3527 5361; x_wconf 89' lang='lat' dir='ltr'><strong>sensus</strong></span> <span class='ocrx_word' id='word_1_797' title='bbox 3560 5305 3675 5377; x_wconf 85' lang='lat' dir='ltr'><strong>ipsi</strong></span> 
     </span>
    </p>
   </div>
   <div class='ocr_carea' id='block_1_113' title="bbox 2029 5392 3677 5466">
    <p class='ocr_par' dir='ltr' id='par_1_113' title="bbox 2029 5392 3677 5466">
     <span class='ocr_line' id='line_1_113' title="bbox 2029 5392 3677 5466; baseline -0.001 -16"><span class='ocrx_word' id='word_1_798' title='bbox 2029 5394 2395 5465; x_wconf 88' lang='lat' dir='ltr'><strong>snbjiciente.</strong></span> <span class='ocrx_word' id='word_1_799' title='bbox 2452 5399 2654 5465; x_wconf 88' lang='lat' dir='ltr'><strong>Itaque</strong></span> <span class='ocrx_word' id='word_1_800' title='bbox 2702 5394 2939 5450; x_wconf 81' lang='lat' dir='ltr'><strong>dextera</strong></span> <span class='ocrx_word' id='word_1_801' title='bbox 2983 5392 3168 5461; x_wconf 92' lang='lat' dir='ltr'><strong>illius,</strong></span> <span class='ocrx_word' id='word_1_802' title='bbox 3220 5398 3287 5448; x_wconf 90' lang='lat' dir='ltr'><strong>ut</strong></span> <span class='ocrx_word' id='word_1_803' title='bbox 3333 5410 3527 5466; x_wconf 89' lang='lat' dir='ltr'><strong>spero,</strong></span> <span class='ocrx_word' id='word_1_804' title='bbox 3551 5395 3677 5463; x_wconf 89' lang='lat' dir='ltr'><strong>jam</strong></span> 
     </span>
    </p>
   </div>
   <div class='ocr_carea' id='block_1_114' title="bbox 2027 5482 3729 5558">
    <p class='ocr_par' dir='ltr' id='par_1_114' title="bbox 2027 5482 3729 5558">
     <span class='ocr_line' id='line_1_114' title="bbox 2027 5482 3729 5558; baseline -0.004 -18"><span class='ocrx_word' id='word_1_805' title='bbox 2027 5484 2453 5558; x_wconf 82' lang='lat' dir='ltr'><strong>amplexabitur</strong></span> <span class='ocrx_word' id='word_1_806' title='bbox 2482 5499 2595 5539; x_wconf 89' lang='lat' dir='ltr'><strong>me.</strong></span> <span class='ocrx_word' id='word_1_807' title='bbox 2633 5482 2946 5540; x_wconf 90' lang='lat' dir='ltr'><strong>Promissio</strong></span> <span class='ocrx_word' id='word_1_808' title='bbox 2976 5482 3200 5539; x_wconf 87' lang='lat' dir='ltr'><strong>scilicet</strong></span> <span class='ocrx_word' id='word_1_809' title='bbox 3228 5482 3514 5539; x_wconf 89' lang='lat' dir='ltr'><strong>bonorum</strong></span> <span class='ocrx_word' id='word_1_810' title='bbox 3546 5496 3677 5556; x_wconf 68' lang='lat' dir='ltr'><strong>quo</strong></span> <span class='ocrx_word' id='word_1_811' title='bbox 3720 5522 3729 5533; x_wconf 75' lang='grc'><strong>.</strong></span> 
     </span>
    </p>
   </div>
   <div class='ocr_carea' id='block_1_115' title="bbox 1970 5647 2499 5719">
    <p class='ocr_par' dir='ltr' id='par_1_115' title="bbox 1970 5647 2499 5719">
     <span class='ocr_line' id='line_1_115' title="bbox 1970 5647 2499 5719; baseline -0.002 -13"><span class='ocrx_word' id='word_1_812' title='bbox 1970 5648 2016 5685; x_wconf 78' lang='grc'><strong>²⁴</strong></span> <span class='ocrx_word' id='word_1_813' title='bbox 2044 5649 2066 5706; x_wconf 95' lang='grc' dir='ltr'><strong>Ι</strong></span> <span class='ocrx_word' id='word_1_814' title='bbox 2095 5648 2266 5708; x_wconf 85' lang='lat' dir='ltr'><strong>Joan.</strong></span> <span class='ocrx_word' id='word_1_815' title='bbox 2300 5663 2379 5719; x_wconf 80' lang='grc' dir='ltr'><strong>ιν,</strong></span> <span class='ocrx_word' id='word_1_816' title='bbox 2412 5647 2499 5705; x_wconf 90' lang='grc'><strong>18.</strong></span> 
     </span>
    </p>
   </div>
  </div>
