4042 6198
330 308 447 367 579

1665 294 2089 359 MICHAELIS
2132 296 2410 357 PSELLI

3630 297 3763 358 580

330 456 363 493 a
396 436 617 493 dextris
646 433 911 491 collocati
943 432 1312 505 suscipient;
1345 447 1594 503 regnum
1629 430 1831 502 utique
1882 428 1979 485 Dei

2100 448 2204 500 μου
2256 425 2471 487 πάντως
2524 426 2586 481 τὸ
2633 427 2819 502 νοερὸν
2872 425 3440 500 ὑποτάσσουσαιαύτῷ
3467 430 3530 483 τὸ
3559 428 3759 499 αἰσθη-

330 527 389 582 in
423 524 636 581 saeculo
669 525 992 591 futura,me
1022 521 1443 593 complectetur
1476 535 1488 575 :
1525 520 1679 590 quod
1717 535 1851 573 cum
1884 534 1979 573 nec

2100 514 2271 571 τικόν·
2331 513 2417 569 διὰ
2469 520 2630 571 τοῦτο
2690 514 2882 571 λοιπὸν
2942 515 2994 571 εν
3048 515 3260 572 ἐλπίσιν
3322 517 3458 591 εἰμὶ,
3518 518 3598 573 ὅτι
3656 520 3755 573 καὶ

327 613 616 687 temporis
648 612 883 668 initium
916 627 1021 667 nec
1052 610 1228 665 ﬁnem
1260 609 1495 677 haheat,
1521 607 1668 663 mihi
1699 611 1899 663 tamen
1933 616 1979 662 el

2098 608 2133 676 ἡ
2184 602 2332 676 δεξιά
2384 603 2548 660 αὐτοῦ
2603 603 2965 680 περιλήψεταί
3017 625 3105 679 με’
3153 604 3300 676 ἤτοι,
3348 609 3423 662 Τά
3474 605 3526 661 ἐν
3583 606 3758 683 ἐπαγ-

330 702 689 776 principium
718 706 774 758 et
804 701 940 756 ﬁnis
970 700 1293 765 invenitur,
1324 697 1542 770 quippe
1572 713 1699 769 quas
1731 700 1790 752 et
1818 700 1979 752 ortus

2097 692 2310 771 γελίαις
2365 693 2543 769 ἀγαθά
2598 695 2672 757 ὡς
2718 694 2847 757 τοὺς
2896 694 2958 750 lx
3011 692 3198 766 δεξιῶν
3254 692 3653 772 ὑποδεχόμενα,
3717 698 3755 766 ἡ

330 793 568 849 initium
601 796 772 847 nacta
803 791 938 861 sim,
956 793 1022 845 ut
1054 789 1216 860 regni
1248 786 1503 843 caelestis
1532 801 1766 842 cernam
1802 785 1985 840 haere-

288 930 294 935 .
331 882 599 949 ditatem,
631 886 689 937 et
715 880 777 935 in
808 897 874 936 eo
904 879 1143 934 tandem
1177 882 1419 949 prepter
1448 875 1880 932 humanitatem
1914 873 1983 928 il-

329 970 467 1037 lius,
502 975 786 1041 tanquam
822 968 938 1022 fine
967 983 1034 1022 ac
1063 965 1316 1022 termino
1346 964 1813 1037 circumscripta,
1849 980 1982 1036 pro-

330 1059 421 1115 cul
450 1060 521 1115 ab
552 1058 711 1115 omni
746 1056 1072 1112 mutatione
1099 1055 1534 1128 conquiescam.

2103 782 2352 859 βασιλεία
2401 780 2614 853 δηλαδή
2663 787 2759 839 τοῦ
2809 788 2942 840 Θεοῦ
2971 786 3109 840 κατὰ
3133 784 3227 840 τὸν
3272 783 3549 859 μέλλοντα
3575 786 3759 841 αἰῶνα

2100 869 2502 946 περικυκλώσει
2538 892 2625 945 με,
2657 872 2731 934 ὡς
2786 879 2860 945 μὴ
2905 873 3085 949 ἀρχὴν
3120 874 3385 951 χρονικήν
3423 876 3560 948 μήτε
3586 874 3760 940 τέλος

2102 956 2322 1037 ἔχουσα·
2378 960 2501 1035 ἐμοὶ
2560 958 2617 1016 δὲ
2666 962 2755 1017 καὶ
2811 963 2958 1039 ἀρχὴ
3014 962 3105 1018 καὶ
3153 962 3314 1027 τέλος
3355 965 3749 1039 εὖρισκομένη.

2096 1051 2175 1106 Δι’
2222 1049 2389 1119 αὐτην
2443 1051 2545 1127 γάρ
2604 1051 2677 1112 ὡς
2746 1050 2806 1105 ἃν
2859 1051 3060 1123 ταύτην
3109 1052 3520 1129 κληρονομήσω
3569 1055 3632 1109 τὸ
3690 1054 3752 1125 ἐξ

329 1148 510 1221 ἀρχῆς
567 1143 763 1221 γέγονα
796 1160 810 1174 ⁶
866 1142 955 1198 καὶ
1014 1140 1091 1207 εἲς
1146 1141 1348 1214 ταύτην
1395 1140 1563 1198 πάλιν
1625 1138 1715 1197 διὰ
1770 1139 2181 1221 φιλανθρωπίαν
2241 1144 2510 1208 καταντῶ,
2560 1141 2842 1214 παυομένη
2921 1142 3102 1213 πάσης
3171 1144 3456 1213 κινήσεως,
3504 1144 3593 1199 καὶ
3655 1143 3755 1199 ὑπ’

330 1237 503 1305 αὐτῆς
535 1232 854 1308 ὁριζομένη.

1062 1341 1249 1397 Pselli.

405 1433 506 1488 His
564 1448 773 1488 rursus
850 1447 1071 1504 sponsa
1138 1429 1382 1500 subjicit
1456 1429 1725 1501 quaedam
1781 1428 1981 1495 verba,

331 1522 836 1594 quemadmodum
870 1519 1074 1576 ordine
1105 1519 1377 1591 reperies.
1412 1518 1563 1573 Sunt
1592 1520 1786 1572 autem
1817 1516 1978 1572 haec:

328 1614 494 1668 Laeva
523 1611 644 1681 ejus
671 1610 770 1665 sub
800 1611 976 1681 capite
1002 1625 1124 1665 meo
1154 1626 1172 1663 :
1203 1613 1257 1663 et
1286 1608 1513 1663 dextera
1558 1607 1716 1662 illius
1764 1605 1981 1677 ample-

330 1702 569 1755 xabitur
596 1716 701 1756 me.

2797 1336 3045 1395 Ψελλοῦ.

2162 1424 2336 1482 Ἀλλᾶ
2382 1425 2707 1513 προστίθησί
2772 1448 2920 1489 τινας
2961 1429 2997 1497 ἡ
3054 1426 3239 1506 νύμφη
3296 1428 3461 1484 πάλιν
3519 1427 3747 1513 λόγους⁹

2091 1510 2323 1589 λέγουσα
2403 1512 2531 1570 τάδε
2596 1516 2731 1591 πρὸς
2789 1515 3006 1585 αὐτοὺς,
3066 1517 3140 1578 ὡς
3213 1519 3332 1572 καθ’
3397 1516 3584 1593 εἰρμὸν
3646 1510 3748 1573 εὗέ

2090 1606 2294 1680 ρήσεις.
2325 1609 2500 1660 Ταῦτα
2559 1603 2617 1660 δέ
2674 1604 2839 1661 εἰσιν
2877 1606 3206 1681 Εὐώνυμνος
3258 1606 3420 1663 αὐτοῦ
3479 1607 3581 1664 ὖπό
3639 1610 3746 1679 τὴν

2087 1693 2333 1769 κεφαλήν
2393 1716 2518 1768 μου,
2577 1696 2668 1751 καὶ
2729 1696 2763 1766 ἠ
2825 1693 2972 1769 δεξιᾶ
3026 1697 3194 1752 αὐτοῦ
3246 1696 3607 1774 περιλήψεταί
3654 1720 3746 1773 με.

406 1788 626 1845 Horum
661 1788 1019 1845 canticorum
1049 1787 1138 1843 vis
1181 1787 1253 1842 de
1296 1801 1458 1842 more
1510 1784 1790 1857 procedit.
1840 1784 1979 1840 Ecce

2157 1789 2217 1839 'H
2243 1788 2350 1839 τῶν
2383 1783 2635 1857 ᾀσμάτων
2667 1782 2896 1859 δύναμις
2922 1785 3127 1841 τούτων
3156 1787 3521 1861 καταθεμίζει.

333 1874 669 1950 ουίωίίιυω
701 1877 875 1950 paulo
907 1881 1042 1933 ante
1074 1875 1329 1931 mirabili
1364 1873 1578 1948 sagitta
1608 1873 1810 1929 saucia
1837 1875 1982 1941 erat,

285 2011 288 2014 .
332 1984 490 2025 nnnc
521 1968 736 2040 sagitta
766 1967 831 2021 ﬁt
861 1965 1137 2022 manibus
1168 1964 1500 2036 iaculantis.
1534 1962 1598 2018 Id
1628 1963 1799 2035 {quod
1853 1961 1982 2017 ani-

331 2073 440 2112 ma
472 2055 718 2128 contigit
748 2053 913 2111 Pauli
944 2053 1286 2110 vulneratae.
1318 2052 1619 2125 Siquidem
1668 2054 1725 2105 et
1770 2049 1868 2106 ille
1914 2066 1983 2106 ex

331 2144 553 2202 inﬁdeli
585 2146 772 2201 factus
814 2142 1003 2199 ﬁdelis
1035 2160 1069 2199 a
1096 2141 1327 2200 Christo
1356 2141 1546 2198 Verbo
1576 2144 1633 2196 et
1662 2139 1982 2207 Salvatore,

328 2235 634 2294 confestim
668 2233 843 2289 veluti
875 2233 1096 2305 sagitta
1125 2231 1348 2288 missus
1392 2234 1482 2286 est
1526 2246 1561 2285 a
1607 2228 1804 2284 divino
1853 2227 1983 2299 Spi-

326 2324 443 2380 ritu
474 2324 534 2379 in
565 2327 769 2396 gentes
796 2328 1049 2378 remotas
1081 2326 1255 2393 atque
1286 2320 1345 2375 in
1376 2334 1570 2376 errore
1591 2318 1985 2385 demersas;ut

327 2412 761 2486 praedicationis
790 2417 848 2468 et
879 2412 1153 2468 doctrinae
1182 2410 1359 2466 verbo
1391 2409 1620 2465 animas
1643 2408 1984 2464 aberrantes

324 2503 386 2560 in
419 2504 570 2559 viam
592 2503 722 2559 vitae
751 2503 1073 2558 reduceret.
1109 2501 1260 2569 Haec,
1293 2516 1423 2554 mea
1466 2498 1703 2569 quidem
1754 2500 1980 2553 senten-

324 2594 425 2659 tia,
476 2591 808 2648 diademate
854 2590 1145 2660 redimite,
1198 2589 1277 2644 ita
1326 2603 1389 2643 se
1434 2586 1673 2642 habent.
1723 2586 1802 2640 Te
1848 2600 1981 2639 vero

328 2680 575 2736 minime
620 2683 868 2747 moveat,
920 2678 1076 2749 quod
1125 2677 1294 2747 cujus
1343 2674 1590 2731 sinistra
1637 2674 1746 2729 sub
1797 2672 1982 2744 capite

329 2785 560 2841 sponsa:
591 2767 689 2834 sit,
721 2771 786 2822 ut
817 2766 948 2839 ipsa
969 2766 1069 2835 ait,
1102 2766 1231 2837 ejus
1262 2765 1500 2819 dextera
1530 2762 1693 2818 illam
1727 2761 1981 2833 comple-

330 2861 523 2913 ctatur
555 2873 569 2912 :
599 2855 1080 2928 quandoquidem
1112 2855 1184 2909 ad
1234 2852 1682 2910 similitudinem
1732 2850 1982 2908 volantis

330 2946 557 3019 sagitiaa
589 2945 810 3002 emissa
841 2944 1025 3000 fuisse
1056 2942 1211 2999 dicta
1239 2952 1344 2999 est.

920 3300 1107 3358 Trium
1138 3306 1386 3358 Patrum.

398 3393 679 3465 Magistra
701 3391 997 3462 anima,ad
1018 3392 1194 3447 rudes
1223 3406 1354 3463 quas
1382 3387 1980 3459 instituuntur,Adju-

326 3482 449 3539 ravi
482 3500 605 3551 vos,
644 3482 857 3555 inquit,
891 3480 1021 3536 filiis
1051 3479 1400 3537 Jerusalem.
1435 3482 1559 3544 Quo
1590 3482 1788 3534 autem
1814 3484 1980 3549 pacto

327 3573 629 3644 adjaravi?
658 3574 859 3645 sponsi
893 3573 1085 3627 minas
1115 3576 1171 3627 et
1200 3570 1777 3643 promissiones,quas
1809 3568 1982 3625 audi-

327 3668 485 3720 tores
515 3662 904 3734 cogendi,non
938 3677 1109 3717 secus
1139 3678 1206 3716 ac
1229 3660 1678 3731 jusjurandum,
1709 3658 1826 3714 vim
1876 3658 1980 3714 ha-

328 3752 655 3822 bent,vohis
680 3766 1009 3822 proponens
1033 3755 1098 3804 ut
1120 3748 1307 3819 ipsius
1328 3748 1529 3819 sponsi
1552 3753 1783 3803 tantum
1818 3752 1976 3803 metu

328 3857 394 3896 ac
427 3840 717 3897 desiderio
751 3837 1091 3894 teneamini.
1126 3837 1312 3893 Doceo
1344 3842 1540 3892 autem
1575 3836 1816 3892 omnino
1846 3853 1975 3905 vos;

327 3945 477 4000 quas
509 3927 686 3999 genui
719 3927 778 3981 in
809 3927 1031 3999 Spiritu
1062 3929 1286 3994 sancto,
1320 3925 1422 3996 qui
1452 3929 1542 3981 est
1592 3925 1739 3981 visio
1789 3926 1977 3997 pacis,

328 4021 529 4089 utpote
560 4017 661 4088 qui
710 4033 817 4071 nos
869 4015 1030 4070 ducit
1076 4014 1135 4069 in
1186 4031 1421 4070 omnem
1471 4015 1799 4080 veritatem,
1850 4031 1976 4087 quae

328 4107 583 4162 Verbum
614 4111 723 4174 est,
755 4105 941 4161 Filius
973 4103 1349 4178 unigenitus;
1378 4122 1411 4159 a
1439 4121 1552 4175 quo
1583 4105 1740 4160 Patri
1784 4120 1981 4159 recon-

329 4195 509 4251 ciliati
539 4212 748 4252 sumus
780 4195 846 4249 ’⁵.
877 4194 1201 4251 Jerusalem
1242 4195 1399 4249 enim
1451 4193 1605 4248 idem
1656 4198 1766 4259 est,
1820 4187 1977 4264 quod

327 4284 491 4357 pacis
540 4284 707 4341 visio.
752 4286 860 4340 Per
903 4286 1180 4356 patentia:
1224 4292 1278 4339 et
1321 4283 1675 4355 fortitudines
1720 4285 1867 4352 agri,
1917 4284 1979 4337 ut

325 4374 597 4431 suscitetzs
627 4382 679 4430 et
705 4375 954 4430 excitetis
982 4374 1323 4443 charitatem,
1375 4372 1506 4428 dum
1554 4374 1670 4443 ipse
1714 4372 1976 4428 voluerit.

330 4464 446 4519 Hoc
479 4462 663 4535 igitur
693 4466 860 4535 pacto
892 4478 991 4518 vos
1039 4460 1330 4531 adjuravi,
1381 4468 1445 4516 ut
1491 4477 1594 4533 per
1641 4460 1823 4515 animi
1870 4477 1976 4533 po-

2092 1870 2232 1930 Ἰδοὺ
2260 1874 2360 1949 γάρ
2397 1871 2559 1949 βέλος
2587 1873 2789 1950 γίνεται
2822 1876 2977 1951 χερσὶ
3010 1880 3131 1937 ταῖς
3159 1880 3257 1931 τοῦ
3285 1877 3531 1947 τοξότου,

2090 1964 2153 2020 Ἡ
2183 1964 2289 2038 πρὸ
2323 1967 2522 2037 μικροῦ
2552 1962 2632 2036 τῷ
2659 1964 2952 2037 θαυμαστῷ
2977 1971 3381 2040 κατατρωθεῖσα
3422 1964 3594 2043 βέλει⁹

2089 2054 2178 2116 Ὠς
2203 2055 2238 2123 ἡ
2268 2057 2364 2108 τοῦ
2396 2051 2615 2109 Παύλου
2644 2052 2875 2108 πέπονθε
2904 2055 3057 2129 ψυχή
3089 2053 3275 2119 καλῶς
3301 2061 3591 2131 τρωθεῖσα.

2091 2142 2345 2204 Κάκεῖνος
2401 2142 2502 2217 γὰρ
2562 2143 2854 2218 γενόμενος
2902 2143 3117 2215 πιστὸς,
3150 2141 3201 2214 ἐξ
3231 2143 3479 2206 ἀπιστίας
3506 2150 3746 2221 ζωγρευ-

3534 2235 3667 2303 θεὶς,

2091 2320 2189 2375 Καὶ
2220 2321 2366 2394 παρὰ
2397 2324 2630 2396 Χριστοῦ
2657 2324 2756 2376 τοῦ
2786 2321 2962 2397 Λόγου
2999 2320 3089 2376 καὶ
3121 2327 3403 2397 Σωτῆρος,
3509 2236 3527 2307 [

2092 2408 2262 2471 Εὐθὺς
2303 2409 2438 2484 πρὸς
2471 2406 2596 2481 ἔθνη
2628 2411 2696 2466 τὰ
2729 2410 2933 2483 μακρὰν
2965 2410 3055 2465 καὶ
3085 2407 3265 2485 πλάνῃ
3298 2405 3599 2485 βεϐυσμένα

2093 2499 2243 2574 Παρὰ
2269 2503 2367 2554 τοῦ
2400 2500 2545 2563 θείου
2579 2499 2890 2571 Ηνεύματος
2921 2500 3075 2556 οὗτος
3110 2496 3468 2574 ἐξαπεστάλη,

2093 2588 2184 2651 Εἲς
2210 2589 2272 2643 τὸ
2297 2589 2581 2665 ζωγρεύειν
2608 2590 2704 2651 τὰς
2735 2589 2916 2664 ψυχὰς
2942 2589 3039 2652 τὰς
3072 2587 3383 2660 έκπεπλανη
3395 2588 3581 2663 μένας,

2088 2682 2175 2750 Τῷ
2215 2677 2375 2752 Λόγῳ
2401 2675 2497 2733 τοῦ
2526 2677 2881 2752 κηρύγματος
2911 2679 3002 2734 καὶ
3031 2685 3129 2749 τῆς
3160 2675 3537 2743 διδασκαλίας.

2089 2770 2263 2821 Ταῦτα
2298 2767 2390 2840 μὲν
2425 2764 2597 2829 οὕτως
2628 2763 2871 2843 ἔχουσιν,
2904 2768 2979 2830 ὡς
3012 2768 3187 2841 οἶμαι,
3221 2767 3554 2846 στεφηφόρε·

2092 2855 2168 2910 Σὺ
2196 2852 2253 2911 δὲ
2282 2853 2410 2929 μηδ’
2439 2855 2586 2918 ὅλως
2619 2854 2900 2932 ἑκπλαγῇς
2930 2858 3064 2933 ἅπερ
3093 2859 3128 2927 ἡ
3159 2857 3346 2932 νύμφη
3380 2856 3555 2932 λέγει.

2088 2946 2176 3007 Ὠς
2208 2942 2312 3021 ἄρα
2340 2946 2464 3021 χεὶρ
2497 2945 2776 3018 εὐώνυμος
2804 2946 2968 3001 αὐτοῦ
2997 2950 3064 3020 τῇ
3086 2945 3296 3023 κεφαλῇ
3325 2968 3451 3020 μου,

2089 3036 2151 3091 Ἦ
2177 3033 2373 3090 τούτου
2405 3032 2451 3090 δ’
2482 3033 2633 3099 αὖθις
2664 3032 2810 3105 δεξιὰ
2837 3035 2925 3090 καὶ
2954 3034 3317 3111 περιλήψεταί
3351 3057 3438 3109 με.

2008 3155 2052 3221 C
2091 3123 2308 3221 Τρόπον
2339 3124 2440 3201 γάρ
2477 3123 2673 3200 βέλους
2700 3128 2970 3197 κοσμικοῦ
2998 3125 3087 3180 καὶ
3117 3126 3421 3199 πετομένου
3458 3124 3630 3202 λέγω,

2091 3214 2152 3271 Ὀ
2181 3211 2343 3288 λόγος
2373 3213 2511 3290 ἰσχη
2523 3215 2744 3288 μάτισεν
2770 3213 2937 3283 αὐτὴν
2967 3212 3365 3285 ἐξαποστεῖλαι.

2657 3304 2773 3358 Τῶν
2812 3306 2857 3378 γ’
2898 3304 3147 3378 Ματέρων
3159 3349 3171 3362 .

2159 3396 2221 3447 Ἡ
2294 3388 2620 3455 διδάσκαλος
2692 3396 2846 3469 ψυχὴ
2911 3392 3049 3469 πρὸς
3120 3392 3213 3455 τάς
3291 3394 3744 3467 μαθητευομένας

2090 3478 2251 3556 φησίν
2286 3499 2299 3513 ·
2375 3483 2605 3556 ’Ὠρκισα
2697 3482 2835 3554 ὑμᾶς
2868 3525 2882 3550 ,
2961 3482 3247 3559 θυγατέρες
3317 3480 3693 3558 Ἰερουσαλήμ
3726 3526 3740 3540 .

2088 3572 2315 3645 Ὥρκισα
2375 3566 2431 3624 δε
2486 3574 2643 3640 πῶςς
2697 3571 2801 3633 Τὰς
2875 3575 2971 3625 τοῦ
3047 3571 3286 3649 νυμφίου
3361 3569 3592 3636 ἀπειλὰς
3646 3571 3741 3627 καὶ

2086 3658 2180 3719 τὰς
2264 3657 2612 3734 έπαγγελίας,
2670 3660 2766 3724 τὰς
2848 3657 3005 3731 δίκην
3082 3660 3247 3736 ὅρκου
3326 3660 3740 3737 ἀναγκαζούσας

2086 3745 2213 3811 τοὺς
2268 3747 2561 3810 ἀκούοντας
2594 3749 2743 3820 αὐτῷ
2776 3750 2928 3822 μόνῳ
2982 3750 3076 3805 τὸν
3127 3745 3294 3828 φόϐον
3344 3752 3432 3805 καὶ
3492 3752 3585 3807 τὸν
3632 3750 3738 3805 πό-

2089 3838 2182 3890 θον
2238 3835 2859 3913 τηρεῖν.’Δναδιδάξασα
2888 3837 3091 3902 πάντας
3150 3840 3289 3913 ὑμᾶς
3345 3840 3439 3901 τάς
3499 3838 3553 3895 ὲν
3604 3840 3742 3914 άγῖῳ

2087 3925 2481 4001 ἆποτεχθείσας
2540 3948 2632 3999 μοι
2685 3927 2978 4000 Πνεύματι,
3026 3930 3157 4004 ὅπερ
3224 3928 3409 3997 ὅρασίς
3467 3928 3609 3984 ἐστιν
3667 3928 3746 3985 εἷ-

2089 4016 2283 4087 ρὴνης,
2314 4014 2389 4076 ὡς
2439 4011 2673 4091 ὁδηγοῦν
2728 4018 2876 4088 ἡμᾶς
2929 4015 3006 4079 εἷς
3057 4023 3226 4071 πᾶσαν
3278 4018 3376 4087 τήν
3433 4016 3741 4088 ἀλήθειαν·

2086 4103 2210 4172 ἥτις
2252 4101 2391 4158 ἐστὶν
2430 4104 2457 4157 ὁ
2501 4102 2842 4175 καταλλάξας
2878 4107 3029 4178 ἡμᾶς
3086 4111 3166 4179 τῷ
3226 4103 3351 4179 ἰδίῳ
3406 4107 3577 4182 Πατρὶ
3639 4128 3741 4180 μο-

2085 4193 2316 4266 νογενὴς
2344 4192 2509 4248 αὐτοῦ
2533 4192 2729 4269 Λόγος·
2763 4193 2949 4270 ὅρασις
2998 4195 3104 4270 γὰρ
3162 4194 3386 4272 εἰρήνης
3436 4200 3500 4251 τὸ
3540 4197 3744 4271 Ἰερου-

2086 4278 2277 4354 σαλὴμ
2322 4279 2690 4357 ἑρμηνεύεται.
2733 4285 2814 4338 Ἐν
2871 4290 2993 4345 ταῖς
3052 4281 3310 4357 δυνάμεσι
3358 4284 3450 4339 καὶ
3508 4283 3559 4340 ἐν
3620 4291 3743 4347 ταῖς

2088 4370 2333 4446 ἰσχύσεσι
2393 4374 2488 4425 τοῦ
2544 4372 2731 4446 ἀγροῦ,
2791 4371 2877 4426 ἐὰν
2958 4371 3200 4447 ἐγείρητε
3272 4373 3363 4427 καὶ
3437 4374 3743 4449 έξεγείρητε

2086 4461 2183 4529 τὴν
2244 4460 2477 4534 ἀγάπην,
2534 4456 2639 4522 ἓως
2692 4459 2750 4514 ἂν
2808 4459 3035 4537 θελήσῃ.
3097 4462 3321 4537 Ἥγουν,
3376 4459 3739 4539 Τοιουτοτρό-

330 4552 547 4608 tentias
594 4556 651 4607 et
698 4550 957 4623 corporis
1001 4566 1215 4606 sensus
1246 4550 1479 4622 (animae
1499 4531 1669 4606 enim
1700 4531 1976 4622 potentias

2091 4569 2203 4610 πως
2254 4531 2463 4623 ὥρκισα
2521 4549 2681 4621 ὑμᾶς,
2722 4549 2808 4605 ἐὰν
2868 4531 2934 4605 ἐν
2978 4531 3097 4614 ταῖς
3154 4531 3418 4626 ψυχικαῖς
3474 4531 3737 4626 δυνάμεσι

328 4640 389 4695 in
426 4640 667 4707 mundo,
701 4645 980 4708 tanquam
1035 4639 1092 4693 in
1145 4655 1309 4709 agro,
1360 4655 1461 4710 per
1510 4655 1725 4695 sensus
1772 4638 1977 4711 agunt)

329 4731 385 4785 in
419 4730 582 4786 vobis
613 4729 758 4800 ipsis
784 4745 887 4800 per
915 4728 1190 4783 virtutem
1222 4728 1545 4795 suscitatis,
1576 4734 1633 4784 et
1673 4728 1863 4801 magis
1911 4744 1976 4783 ac

331 4819 518 4891 magis
550 4835 653 4891 per
682 4817 1241 4888 contemplationem
1276 4817 1541 4873 excitetis
1586 4817 1932 4873 charitatem
1960 4834 1975 4886 ;

328 4927 453 4981 quas
486 4908 722 4980 quidem
754 4911 844 4962 est
872 4905 969 4962 ille
1022 4905 1125 4977 qui
1173 4922 1278 4977 pro
1333 4907 1523 4962 salute
1572 4911 1775 4963 nostra
1823 4923 1980 4962 mor-

329 5004 443 5053 tem
501 4994 766 5069 oppetiit,
822 4995 1161 5066 unigenitus
1212 4993 1312 5049 Dei
1367 4994 1548 5049 Filius
1598 5000 1656 5051 et
1689 4996 1977 5051 Verbum:

328 5088 509 5142 donec
530 5085 642 5157 ipsi
666 5084 952 5156 placuerit
972 5083 1193 5141 visione
1216 5099 1326 5138 sua
1347 5100 1453 5140 nos
1474 5083 1683 5155 dignos
1715 5085 1980 5149 reddere,

326 5180 383 5231 et
414 5191 517 5248 per
544 5174 793 5247 gratiam
826 5172 1143 5244 provehere
1176 5172 1247 5226 ad
1277 5171 1801 5227 divinitatem.Nisi
1820 5172 1980 5226 enim

325 5264 608 5321 charitate
638 5263 722 5319 sic
749 5262 967 5319 affecta:
1002 5260 1253 5331 fueritis,
1301 5261 1518 5318 frustra
1567 5258 1729 5315 vobis
1778 5258 1979 5331 sponsi

326 5354 520 5410 minas
551 5358 607 5409 et
637 5352 930 5426 promissa
959 5366 1343 5424 proposuero,
1377 5365 1513 5405 cum
1546 5365 1648 5421 per
1694 5347 1797 5404 illa
1843 5352 1982 5405 tan-

324 5460 501 5516 quam
533 5458 637 5515 per
683 5441 1135 5514 jusjurandum,
1183 5439 1459 5495 timorem
1512 5442 1571 5493 et
1618 5436 1978 5494 desiderium

321 5536 451 5606 ejus
504 5532 567 5589 in
624 5531 787 5587 vobis
846 5546 962 5586 non
1020 5526 1342 5595 excitarim,
1401 5527 1595 5600 quoad
1672 5526 1798 5601 ipse
1872 5526 1977 5601 qui

394 5640 443 5678 ³⁸
469 5638 639 5698 Joan.
669 5653 787 5708 xvx,
821 5636 907 5693 13.

2088 4638 2175 4694 καὶ
2231 4644 2353 4700 ταῖς
2408 4644 2745 4710 σωματικαῖς
2791 4639 3072 4711 αἰσθήσεσι
3123 4637 3217 4714 (δι’
3246 4641 3320 4693 ὧν
3379 4641 3436 4694 αἱ
3490 4646 3741 4697 τοιαῦται

2089 4724 2339 4800 δυνάμεις
2372 4724 2605 4802 ἐνεργεῖν
2635 4727 2919 4804 ἰσχύουσιν
2961 4730 3036 4793 ὡς
3085 4731 3136 4785 έν
3188 4730 3337 4805 ἀγρῷ
3382 4734 3463 4801 τῷ
3521 4730 3741 4803 κόσμῳ)

2090 4814 2336 4891 ὶγείρητε
2391 4817 2509 4870 κατ’
2562 4816 2757 4892 ἀρετὴν
2812 4817 2864 4871 έν
2916 4819 3132 4880 ἑαυταῖς
3206 4817 3295 4872 καὶ
3374 4818 3463 4873 ἐπὶ
3540 4816 3738 4874 πλεῖον

2090 4903 2388 4980 ἐξεγείρητε
2472 4906 2608 4960 κατᾶ
2688 4910 2881 4981 γνῶσιν
2955 4907 3053 4974 τὴν
3114 4906 3356 4980 ἀγάπην,
3415 4905 3449 4975 ἦ
3509 4905 3654 4961 ἔστιν
3712 4908 3741 4961 ὁ

2093 4992 2225 5067 ὑπὶρ
2281 5000 2383 5062 τῆς
2454 4996 2612 5067 ἡμῶν
2686 4994 2957 5069 σωτηρίας
3018 4991 3444 5068 καταδεξάμενος
3510 4995 3740 5059 θάνατον

2092 5082 2391 5157 μονογενὴς
2438 5086 2535 5136 τοῦ
2591 5087 2724 5137 Θεοῦ
2781 5084 2905 5145 Υἱὸς
2960 5084 3049 5138 καὶ
3080 5078 3277 5158 Λόγος,
3308 5081 3412 5146 ἕως
3443 5082 3503 5138 ἂν
3536 5083 3744 5159 θελήσῃ

2090 5170 2313 5240 ἀξιῶσαι
2363 5172 2510 5242 ἡμᾶς
2558 5178 2658 5241 τῆς
2715 5172 2882 5228 αὐτοῦ
2940 5171 3227 5251 ἐμφανείας
3290 5169 3377 5227 διὰ
3442 5179 3543 5242 τῆς
3604 5174 3744 5229 κατᾶ

2089 5260 2253 5334 χάριν
2315 5260 2579 5323 θεώσεως.
2637 5259 2698 5314 Εἰ
2755 5262 2858 5337 γὰρ
2920 5263 2997 5334 μή
3057 5262 3199 5317 οὕτω
3270 5259 3553 5327 διατεθῆτε
3611 5262 3739 5337 περὶ

2086 5349 2186 5417 τὴν
2242 5347 2471 5424 ἀγάπην,
2530 5347 2609 5411 εἷς
2669 5350 2843 5423 μάτην
2904 5349 3100 5406 λοιπὸν
3161 5348 3440 5424 ἀνεδίδαξα
3471 5352 3616 5424 ὑμᾶς
3644 5351 3742 5412 τὰς

2087 5440 2184 5492 τοῦ
2212 5435 2450 5514 νυμφίου
2479 5436 2731 5507 ἀπειλὰς,
2763 5438 2853 5495 καὶ
2908 5436 3256 5515 ἕπαγγελίας,
3319 5441 3394 5514 μὴ
3431 5434 3741 5514 βεϐαιώσας

2090 5523 2180 5584 διὰ
2232 5525 2444 5582 τούτων
2499 5527 2681 5604 ὥσπερ
2740 5524 2811 5582 δι’
2840 5526 3005 5604 ὅρκου
3040 5528 3133 5584 τὸν
3189 5528 3328 5606 πρὸς
3376 5526 3535 5585 αὐτὸν
3612 5528 3744 5603 ὑμέ-
