4042 6198
256 298 373 358 581

1311 298 1720 361 COMMENT.
1768 299 1846 359 IN
1890 298 2287 361 CANTICUM
2334 299 2645 363 CANTIC.

3562 307 3682 366 582

257 451 423 505 τερον
484 424 650 504 φόϐον
712 428 803 483 καὶ
880 427 1073 495 πόθον,
1130 426 1233 492 ἓως
1303 428 1363 484 ἂν
1419 429 1578 494 αὐτὸς
1634 433 1669 500 ἡ
1718 428 1897 505 ἀγάπη

2074 432 2293 489 haritas
2323 437 2413 488 est
2454 434 2517 501 “,
2566 450 2684 506 quae
2729 449 3014 504 nunquam
3062 436 3272 491 excidit
3318 436 3384 506 ³⁷,
3429 437 3685 494 adventu

261 519 390 588 ἥτις
422 516 549 573 οὖδᾶ
576 538 708 573 ποτε
734 515 1003 586 ἐκπίπτει,
1032 516 1306 592 ἐπιφανεὶς
1337 521 1473 592 ἡμῖν
1526 521 1623 588 τὴν
1671 520 1923 597 στρεψίαν

262 610 598 686 χαρίσηται.

982 730 1229 789 Ψελλοῦ.

266 849 451 909 Ἀλλὰ
489 851 680 926 καιρὸς
719 850 810 904 καὶ
840 854 947 904 τῶν
982 850 1104 920 ἑξῆς
1138 850 1421 923 ’ᾼσμάτων
1456 850 1769 909 ἐπακοῦσαι.

266 935 584 999 Ἀντιὸολεῐ
612 942 715 1015 γὰρ
746 942 973 1012 καθεξῆς
1000 939 1090 994 καὶ
1121 939 1284 995 πάλιν
1315 940 1442 1003 τοὺς
1476 940 1760 1017 ιίιγγὲλους⁸

347 1124 584 1194 ’Ὡρκισα
672 1120 829 1190 ὑμᾶς,
922 1117 1202 1195 θυγατέρες
1261 1117 1628 1195 Ἰερουσαλὴμ
1688 1118 1739 1173 ἐν
1814 1125 1933 1182 ταῖς

269 1208 537 1281 δυνάμεσι
618 1209 707 1262 καὶ
766 1207 822 1262 ἐν
878 1213 997 1269 ταῖς
1096 1207 1340 1283 ἷσχῦσεσι
1421 1212 1517 1263 τοῦ
1601 1208 1791 1285 ἀγροῦ,
1845 1207 1933 1263 δάν

266 1298 533 1372 ἆγείρητε
581 1296 669 1351 καὶ
732 1296 1037 1372 ἐξεγείρητε
1110 1298 1210 1366 τήν
1283 1298 1519 1373 ἀγαπην,
1575 1294 1679 1360 ἕως
1729 1296 1789 1352 ἂν
1850 1309 1935 1361 θε-

348 1476 553 1550 Ἀγρὸν
584 1476 676 1529 τὸν
708 1474 913 1547 κόσμον
944 1474 1142 1545 νόησον
1170 1493 1183 1507 ·
1218 1473 1374 1551 ἰσχὺν
1410 1472 1465 1529 δὲ
1509 1474 1704 1530 τούτου
1748 1475 1936 1550 πάλιν,

267 1567 381 1631 Τὴν
414 1569 517 1619 τοῦ
550 1564 819 1619 Δεσπότου
848 1561 1075 1636 divarva
1103 1568 1199 1618 τοῦ
1241 1558 1420 1638 Λόγου
1450 1566 1540 1619 καὶ
1570 1566 1829 1639 νυμφίου.

271 1654 426 1723 Φησῖ
459 1653 589 1727 γάρ,
623 1658 686 1706 Ὦ
716 1652 1073 1730 νυμφαγωγοῖ
1106 1652 1194 1706 καὶ
1229 1651 1381 1730 φίλοι
1410 1657 1508 1707 τοῦ
1538 1653 1793 1728 νυμφίου,

268 1742 526 1803 Ἑκείνας
555 1740 927 1815 καταλείψασα
957 1742 1051 1804 τὰς
1080 1748 1330 1817 συνεχεῖς
1364 1742 1485 1812 αἶ’τή
1498 1763 1625 1813 σεις,

274 1833 418 1894 Μεθ’
450 1831 621 1906 ὅρκου
654 1830 800 1904 φέρω
834 1827 1016 1900 δέησιν
1050 1831 1178 1902 ὑμῖν
1212 1831 1316 1885 ἀπο
1358 1828 1604 1907 καρδίας,

275 1916 581 1988 Μηδέποτε
612 1920 979 1989 παυθήσεσθαι
1013 1917 1422 1993 λαμπρ·3νοντὲς
1458 1940 1523 1992 με
1553 1919 1745 1987 πλέον,

280 2008 389 2065 Καὶ
420 2010 518 2076 τὴν
552 2008 688 2079 ἐμὴν
723 2008 1035 2080 αὐξάνοντες
1068 2007 1281 2082 ἀγάπην
1313 2008 1448 2083 πρὸς
1478 2009 1571 2063 τὸν
1607 2008 1797 2083 Λόγον.

273 2097 500 2172 meum
534 2096 595 2150 ἂν
628 2096 766 2167 ὅλην
804 2117 869 2168 με
899 2096 1075 2165 καλὴν
1111 2096 1406 2172 ὲργάσησθε
1430 2102 1548 2161 τοῖς
1575 2099 1821 2173 τρόποις.

280 2186 389 2241 Καὶ
426 2186 626 2260 μέχρις
656 2182 715 2238 ἂν
748 2183 1086 2260 ἐκπληρωθῇ
1130 2184 1346 2257 θέλημα
1370 2190 1467 2240 τοῦ
1506 2186 1760 2263 νυμφίου.

278 2277 462 2333 Τοῦτο
496 2272 541 2329 δ’
575 2274 685 2329 ἐστὶ
716 2274 777 2328 τὸ
812 2274 1031 2347 θέλημα
1062 2274 1149 2328 καὶ
1186 2271 1353 2347 μόνον
1384 2279 1480 2329 τοῦ
1510 2277 1771 2353 νυμφίου,

278 2366 397 2420 Τοῦ
431 2362 689 2427 θέλοντος
716 2364 778 2417 τὸ
811 2365 1074 2431 σώζεσθαι
1125 2363 1328 2425 πάντας
1384 2364 1702 2439 ἀνθρώπους
1751 2360 1945 2436 ὅντως,

275 2453 353 2507 Τὸ
384 2453 627 2525 καθαράν
661 2473 730 2523 με
756 2450 1038 2513 παντελῶς
1071 2451 1161 2506 καί
1190 2454 1391 2527 θεαυγῆ
1425 2460 1675 2522 φανῆναι.

279 2539 451 2597 Ἀλλ’
480 2540 639 2605 αὖθις
671 2543 1037 2616 θεωρήσωμεν
1064 2541 1132 2595 τά
1161 2542 1277 2595 καθ’
1308 2541 1498 2617 εἷρμὸν
1536 2546 1632 2597 τοῦ
1665 2541 1853 2619 λόγου,

717 2666 882 2735 Φωνὴ
923 2669 1020 2721 τοῦ
1058 2662 1357 2743 ἀδελφιδοῦ
1401 2688 1528 2739 μου.

355 2785 638 2839 Τοσοῦτον
667 2780 1051 2852 ἀκατάληπτον
1087 2778 1256 2844 ὅντως
1286 2782 1398 2838 ἐστὶ
1428 2784 1490 2838 τὸ
1521 2788 1696 2853 Θεῖον,

280 2876 407 2926 ’Ὁτι
436 2870 534 2926 κᾶν
567 2870 743 2933 πάσας
775 2872 964 2945 ἀρετάς
993 2893 1076 2933 τις
1107 2872 1426 2947 κατορθώσῃ
1460 2872 1662 2943 πόνοις,

286 2960 397 3016 Κᾶν
434 2962 629 3033 ὑψωθῇ
662 2961 797 3034 πρὸς
830 2960 1092 3036 οὐρανοὺς
1120 2968 1240 3023 τοῖς
1272 2959 1543 3035 ἐναρέτοις
1575 2959 1822 3037 τρόποις,

289 3051 592 3107 Κάντεῦθεν
626 3049 883 3126 σύνεγγυς
912 3055 1047 3106 Θεοῦ
1074 3051 1277 3124 νομίσῃ
1303 3050 1638 3123 καθεστάναι,

292 3146 460 3195 Ἴστω
490 3140 784 3214 τυγχάνειν
816 3139 1096 3216 πόρῥωθεν
1127 3146 1226 3208 τῆς
1257 3141 1442 3209 Θεϊκῆς
1474 3140 1682 3203 οὐσίας.

294 3226 438 3286 Ἰδοὺ
468 3227 575 3303 γάρ
609 3231 645 3297 ἡ
677 3230 1000 3304 προκόψασα
1026 3228 1116 3282 καὶ
1147 3229 1390 3306 φθάσασα
1414 3229 1551 3303 πρὸς
1581 3229 1738 3303 ὕψος,

292 3318 404 3373 Καὶ
434 3315 801 3392 προσδοκῶσα
840 3318 1093 3393 σύνεγγυς
1116 3316 1327 3371 ἑστάναι
1358 3322 1454 3371 τοῦ
1483 3318 1740 3396 νυμφίου,

293 3406 496 3463 Οὐσίαν
524 3413 629 3475 τῆς
664 3405 924 3475 θεότητος
955 3404 1070 3461 οὐδ’
1104 3404 1251 3468 ὅλως
1283 3405 1597 3481 ἐπεγνώκει.

293 3496 495 3563 Φωνήν
526 3492 584 3549 δὲ
610 3493 809 3549 τούτου
840 3494 1037 3565 νόησον
1069 3500 1177 3550 τῶν
1209 3500 1507 3572 προφητῶν
1538 3496 1633 3558 τὰς
1668 3495 1879 3571 ῥήσεις,

292 3584 402 3645 Τὰς
435 3586 534 3653 τὴν
564 3588 663 3638 τοῦ
694 3584 870 3660 Λόγου
901 3584 1170 3659 σάρκωσιν
1199 3584 1450 3661 ἀρῥήτως
1476 3582 1885 3659 προδηλούσας.

296 3674 431 3730 Εἶτα
459 3674 552 3727 καὶ
581 3673 634 3727 τί
667 3695 826 3750 φησιν
860 3674 1005 3745 ἑξῆς,
1040 3672 1212 3729 ἐκεῖνο
1244 3675 1565 3745 σκοπητὲον.

368 3849 517 3907 Ἰδοὺ
569 3852 727 3913 οὗτος
769 3851 889 3921 ἥκει
940 3850 1131 3923 πηδῶν
1176 3851 1265 3908 ἐπὶ
1312 3853 1379 3908 τὰ
1426 3848 1552 3929 ὅρη,
1596 3851 1962 3928 διαλλόμενος

302 3942 389 3995 ἐπὶ
423 3940 554 4001 τοὺς
590 3942 840 4015 βουνούς,

376 4030 626 4084 Εἰποῦσα
655 4035 873 4104 πρῶτον
903 4033 1001 4099 τῆς
1046 4036 1232 4105 φωνῆς
1286 4031 1508 4086 ἀκοῦσαι
1556 4036 1655 4087 τοῦ
1704 4031 1962 4109 νυμφίου,

305 4120 492 4184 Οὗτος,
530 4117 689 4193 φησὶ,
722 4123 809 4172 νῦν
844 4117 1061 4194 ἔρχεται
1090 4117 1278 4191 πηδῶν
1312 4119 1399 4175 ἐπὶ
1428 4120 1494 4175 τὰ
1523 4117 1649 4195 ὅρη.

307 4205 507 4269 Καλῶς
544 4206 946 4284 ἄφιλοσόφησεν
981 4211 1015 4277 ἡ
1045 4210 1256 4283 καθαρὰ
1282 4211 1564 4285 παρθένος,

305 4299 365 4356 Ὁ
394 4297 495 4373 γάρ
526 4318 614 4351 τοι
646 4297 823 4371 Λόγος
850 4301 947 4352 τοῦ
978 4303 1112 4353 Θεοῦ
1140 4299 1248 4365 πρὸ
1278 4306 1375 4367 τῆς
1406 4298 1481 4360 εἰς
1507 4302 1610 4375 γῆν
1637 4296 1892 4369 καθόδου,

308 4389 607 4463 Ηροφτξτας
636 4386 977 4459 ἐξαπέστειλε
1005 4386 1293 4464 προλέγειν
1320 4390 1419 4457 τήν
1448 4388 1655 4443 ἐκείνου

307 4477 423 4544 Τὴν
450 4476 586 4549 πρὸς
616 4476 937 4551 ἀνθρώπους
964 4474 1218 4549 κάθοδον,
1249 4478 1338 4531 καὶ
1372 4477 1640 4554 σάρκωσιν
1670 4480 1770 4547 τήν
1801 4478 1965 4542 θείαν.

306 4566 460 4621 Μετὰ
483 4562 543 4619 δὲ
567 4566 794 4626 τούτους
824 4561 1020 4642 ἔφθασε
1043 4566 1292 4629 κάκεῖνος
1324 4566 1636 4643 οὐρανόθεν.

309 4655 376 4710 ὐ
408 4651 465 4708 δὲ
490 4655 679 4725 παρὼν
712 4654 1005 4709 αἰνίττεται
1038 4654 1207 4730 λόγος
1239 4657 1266 4709 ὁ
1304 4660 1413 4711 τῶν
1444 4656 1754 4728 ’ᾼσμάτων,

310 4744 395 4798 Τὸ
424 4747 523 4807 τῆς
559 4741 1022 4817 ἐνανθρωπήσεως
1049 4748 1145 4799 τοῦ
1176 4746 1526 4820 θεανθρώπου
1558 4747 1759 4820 Λόγου.

310 4833 395 4885 Δι’
426 4834 493 4900 ἧς
523 4831 816 4887 εἶ’λκύσατο
848 4836 1029 4907 Wa;
1059 4832 1111 4887 ἐν
1144 4833 1324 4888 σκότει
1354 4833 1688 4905 καθημένας,

310 4920 593 4992 Δαίμονας
623 4920 791 4983 ὅλους
820 4920 1065 4985 καθελὼν
1101 4922 1191 4975 καὶ
1228 4922 1366 4996 μόνῃ
1400 4920 1670 4980 κελεύσει.

304 5008 552 5070 Τούτους
580 5011 681 5084 γὰρ
716 5006 815 5084 ὅρη
851 5008 1088 5080 κέκληκε
1116 5011 1203 5064 καὶ
1238 5008 1401 5065 πάλιν
1435 5010 1664 5087 βουνοὺς
1699 5010 1866 5085 λέγει.

308 5103 757 5175 Θαυματουργῶν
812 5100 914 5175 γὰρ
971 5101 999 5153 ὁ
1059 5100 1319 5175 Χριστὸς,
1385 5102 1474 5155 καὶ
1552 5097 1813 5173 δαίμονας
1886 5099 1974 5155 ἐκ·

1654 5184 1903 5257 ιϐάλλων

307 5276 411 5347 Τῷ
442 5275 592 5352 λόγῳ
627 5276 803 5350 μόνῳ,
837 5275 1143 5350 ξύμπαντας
1176 5275 1366 5348 ἰπίσης
1409 5277 1723 5353 ἐταρτάρου,

306 5363 642 5428 Ἐλάττονας
675 5368 764 5421 καὶ
800 5367 1047 5439 μείζονας
1076 5366 1168 5421 καὶ
1204 5364 1414 5439 μᾶλλον
1448 5364 1740 5441 λεγεῶνας.

307 5455 549 5511 "Euam:
573 5453 627 5510 τί
659 5475 824 5534 φησιν
858 5454 1013 5519 εὐθὺς
1045 5456 1079 5525 ἡ
1120 5454 1330 5534 νύμφη,
1365 5457 1686 5527 σκοπητὲον·

398 5616 447 5655 ³⁸
476 5617 498 5674 Ι
523 5617 693 5677 Joan.
724 5635 804 5693 xv,
838 5619 926 5676 16.
1004 5619 1048 5655 ³⁷
1079 5618 1102 5676 Ι
1131 5619 1262 5678 Cor.
1294 5635 1420 5694 xm,
1448 5619 1505 5678 8.
1581 5619 1624 5657 ²⁸
1653 5621 1679 5680 Ι
1707 5616 1863 5679 Tim.
1897 5637 1960 5695 ιι,
1989 5620 2044 5681 4.

2040 540 2147 578 suo
2180 524 2347 578 nobis
2376 521 3255 594 immutabililatemlargiatur.

2764 736 2959 792 Pselli.

2111 854 2326 910 Verum
2357 857 2592 927 tempus
2620 858 2729 920 est,
2760 860 2825 909 ut
2856 872 2989 927 quae
3020 862 3353 927 sequuntur
3382 854 3441 913 in
3486 857 3692 913 Canti-

2042 943 2127 998 cis
2159 942 2494 1000 audiamus.
2548 944 2773 1000 Rursus
2822 945 2976 1000 enim
3032 944 3271 1018 angelos
3320 947 3591 1004 obsecrat
3639 951 3698 1003 et

2043 1032 2372 1093 obtestatur
2404 1048 2417 1087 :

2112 1120 2378 1189 Adiuran
2434 1137 2543 1189 vos,
2602 1122 2735 1192 ﬁlim
2788 1121 3123 1191 Jerusalem,
3176 1138 3273 1194 per
3319 1126 3601 1195 potentias
3646 1130 3698 1180 et

2042 1209 2408 1283 fortitudines
2438 1212 2583 1281 agri,
2613 1219 2673 1267 ut
2695 1212 2963 1267 suscitatis
2993 1220 3044 1268 et
3071 1212 3317 1268 excitetis
3346 1214 3696 1284 charitatem,

2044 1300 2216 1355 donec
2245 1300 2506 1355 voluerit.

2116 1479 2265 1549 Ager
2295 1477 2401 1532 tibi
2434 1477 2510 1533 sit
2543 1479 2801 1533 mundus
2837 1494 2849 1534 :
2883 1478 3063 1549 hujus
3094 1478 3397 1550 fortitudo,
3433 1482 3696 1550 potestas

2048 1565 2282 1622 Domini
2310 1565 2485 1622 Verbi
2518 1583 2583 1621 ac
2615 1568 2838 1638 sponsi.
2894 1567 3032 1633 Vos,
3081 1566 3290 1639 inquit,
3346 1568 3447 1639 qui
3495 1568 3697 1639 sponsi

2049 1656 2389 1726 nuptiarum
2423 1655 2681 1710 ministri
2714 1657 2855 1712 estis
2889 1660 3063 1727 atque
3093 1656 3557 1724 amici,assiduis
3590 1658 3699 1713 ﬂa-

2051 1744 2434 1816 gitationibus
2466 1744 2726 1812 omissis,
2747 1744 3137 1815 jurejurando
3170 1760 3377 1817 precor
3406 1762 3475 1802 ex
3503 1746 3700 1802 animo

1971 1807 2022 1872 Β
2052 1807 2227 1904 atque
2257 1833 2537 1901 obtestor,
2584 1850 2655 1889 ne
2706 1807 2900 1905 prius“
2920 1850 3012 1889 me
3063 1807 3333 1890 decorare
3384 1834 3704 1905 desistalis,

2050 1939 2232 1992 quam
2284 1921 2554 1993 partibus
2603 1939 2668 1977 ac
2703 1924 2965 1978 numeris
2996 1923 3274 1979 omnibus
3304 1930 3578 1980 ornatum
3611 1930 3702 1980 at-

2052 2026 2166 2082 que
2196 2010 2510 2082 expolitam
2544 2011 2805 2066 moribus
2836 2011 3235 2083 reddideritis,
3267 2017 3324 2067 et
3355 2014 3558 2084 sponsi
3607 2029 3706 2069 vo-

2051 2098 2247 2154 luntas
2279 2098 2503 2170 expleta
2538 2099 2731 2168 fuerit,
2765 2100 2935 2171 cujus
2968 2100 3205 2172 quidem
3238 2100 3359 2157 haec
3391 2107 3480 2157 est
3510 2102 3710 2158 volun-

2049 2192 2141 2243 tas
2172 2188 2345 2243 unica
2374 2189 2511 2255 ’⁸,ιιι
2536 2188 2807 2244 homines
2841 2189 3086 2261 pervelit
3116 2206 3320 2246 omnes
3341 2190 3533 2247 salvos
3556 2191 3707 2261 fieri,

2057 2294 2265 2349 meque
2299 2277 2468 2349 plane
2498 2279 2782 2333 mundam
2816 2295 2881 2334 ac
2931 2280 3128 2335 divino
3178 2278 3486 2351 splendore
3534 2279 3709 2335 illus-

2053 2371 2201 2422 trem
2234 2382 2384 2422 esse.
2416 2367 2526 2423 Sed
2556 2367 2838 2423 orationis
2876 2369 3086 2424 seriem
3132 2368 3517 2440 contemplari
3572 2386 3705 2441 per-

2053 2470 2285 2525 gamus.

2577 2670 2685 2725 νοω
2712 2669 3029 2726 consobrini
3053 2672 3184 2726 mei.

2125 2786 2381 2841 Tantum
2413 2787 2591 2841 abest
2623 2790 2689 2840 ut
2721 2785 2998 2842 divinitas
3027 2787 3448 2859 comprehendi
3481 2791 3657 2859 queat
3692 2803 3706 2843 ε

2058 2874 2279 2939 ut,licet
2307 2874 2627 2930 virtutibus
2650 2873 2727 2930 sit
2749 2875 3043 2947 quispiam
3069 2876 3346 2932 omnibus
3369 2881 3710 2942 exornatus,

2058 2964 2348 3034 rectisque
2378 2962 2610 3018 vivendi
2661 2963 2986 3018 rationibus
3034 2963 3311 3020 sublimis
3360 2964 3603 3021 tollatur
3650 2965 3711 3019 in

2057 3052 2364 3117 coelum,ac
2397 3056 2700 3123 propterea
2732 3068 2794 3107 se
2826 3052 3086 3122 proxime
3118 3053 3191 3108 ad
3221 3053 3406 3109 Deum
3431 3058 3596 3126 putet
3616 3070 3714 3109 ac-

1980 3178 2024 3241 c
2061 3141 2283 3211 cedere,
2315 3142 2388 3196 ab
2419 3141 2548 3210 ejus
2580 3142 2776 3195 tamen
2829 3145 3041 3196 natura
3092 3142 3142 3197 is
3192 3141 3412 3198 distare
3460 3159 3523 3198 se
3569 3142 3720 3198 sciat

2063 3246 2241 3301 quam
2268 3228 2632 3300 longissime.
2665 3229 2811 3285 Ecce
2856 3230 3010 3284 enim
3062 3246 3306 3302 sponsa,
3357 3248 3485 3302 quas
3537 3231 3717 3303 proﬁ-

2062 3320 2269 3375 ciendo
2295 3320 2365 3374 ad
2390 3335 2519 3375 eam
2542 3317 2968 3374 sublimitatem
2995 3335 3307 3391 progressa
3325 3324 3507 3391 est,ut
3525 3318 3718 3391 proxi-

2065 3424 2157 3463 me
2185 3409 2259 3463 ad
2313 3423 2598 3479 sponsum
2646 3407 2946 3462 videretur
2994 3408 3339 3475 accessisse,
3388 3406 3718 3463 divinitatis

2066 3496 2381 3552 essentiam
2409 3495 2567 3550 haud
2601 3494 2860 3567 percepit
2904 3496 3168 3551 omnino.
3220 3496 3309 3552 Tu
3358 3512 3458 3567 per
3508 3512 3713 3552 vocem

2067 3585 2269 3656 sponsi
2301 3583 2539 3640 oracula
2571 3583 2983 3656 prophetarum
3020 3585 3238 3656 accipe,
3270 3600 3401 3656 quas
3440 3601 3719 3641 arcanam

2066 3675 2239 3731 Verbi
2311 3673 2777 3729 incarnationem
2848 3673 3255 3745 prodiderunt.
3314 3674 3462 3738 Quid
3523 3677 3721 3730 autem

2076 3764 2355 3834 deinceps
2377 3763 2554 3828 dicat,
2584 3766 2674 3818 est
2701 3762 3148 3818 attendendum.

2141 3854 2273 3907 Ecce
2323 3852 2412 3907 hic
2467 3852 2617 3907 venit
2664 3852 2874 3907 saliens
2930 3854 2992 3907 in
3046 3852 3345 3919 montibus,
3400 3853 3727 3910 transiliens

2072 3943 2261 3998 colles.

2144 4032 2286 4087 Cum
2322 4034 2495 4085 antea
2525 4030 2725 4100 sponsi
2760 4045 2955 4085 vocem
2989 4030 3192 4086 audire
3224 4046 3287 4086 se
3318 4031 3730 4103 dixissetjam,

2073 4120 2285 4191 inquit,
2319 4121 2410 4174 hic
2430 4122 2578 4174 venit
2624 4118 2836 4173 saliens
2880 4135 3047 4190 super
3094 4128 3321 4175 montes.
3377 4122 3530 4176 Scite
3581 4137 3731 4192 pura

2074 4209 2253 4279 Virgo
2288 4206 2756 4278 philosophatur.
2791 4207 2935 4262 Nam
2970 4207 3222 4263 Verbum
3252 4208 3377 4276 Dei,
3410 4214 3728 4280 antequam

2075 4298 2455 4354 descenderet
2482 4296 2543 4350 in
2575 4294 3105 4367 terram,przemisit
3134 4296 3450 4368 prophetas
3481 4298 3580 4368 qui
3624 4298 3733 4354 ad-

2076 4390 2313 4441 ventum
2345 4400 2521 4440 suum
2554 4389 2611 4438 et
2642 4384 2899 4440 divinam
2951 4385 3412 4440 incarnationem
3463 4403 3734 4458 praenun-

2077 4475 2310 4531 tiarent.
2346 4474 2478 4530 Mox
2509 4479 2566 4529 et
2595 4472 2721 4544 ipse
2775 4473 2845 4528 de
2892 4472 3037 4528 ccelo
3083 4474 3381 4545 profectus
3439 4480 3549 4531 est.
3600 4476 3734 4531 Haec

2002 4545 2049 4609 D
2081 4565 2262 4636 igitur
2290 4564 2465 4618 verba
2493 4562 2865 4617 Canticorum
2901 4562 3157 4617 innuunt
3188 4563 3369 4618 divini
3416 4564 3590 4619 Verbi
3638 4565 3729 4619 in-

2086 4652 2511 4718 carnationem,
2546 4666 2650 4724 per
2679 4668 2857 4723 quam
2891 4651 3123 4707 animas
3151 4652 3210 4706 in
3246 4653 3506 4708 tenebris
3537 4654 3737 4709 consi-

2085 4745 2290 4798 dentes
2350 4740 2638 4809 liberavit,
2686 4741 2862 4811 jussu
2914 4739 3037 4795 solo
3095 4741 3308 4812 fugatis
3366 4741 3735 4798 daemonibus

2085 4830 2399 4895 universis,
2436 4846 2582 4901 quos
2615 4833 2846 4885 montes
2874 4828 3130 4900 appellat
3181 4846 3245 4884 ac
3297 4830 3509 4886 deinde
3553 4830 3733 4887 colles

2080 4926 2269 4976 vocat.
2304 4919 2574 4975 Christus
2605 4919 2763 4973 enim
2797 4918 2975 4973 edens
3007 4917 3313 4985 miracula,
3349 4924 3528 4990 atque
3580 4924 3734 4977 inte-

2084 5027 2220 5083 gras
2251 5010 2582 5063 daemonum
2612 5007 2874 5078 legiones
2904 5007 3145 5076 ejiciens
3170 5010 3344 5063 verbo
3394 5008 3539 5078 solo,
3591 5027 3740 5066 cun-

2084 5104 2207 5154 ctos
2237 5096 2414 5153 simul
2448 5101 2572 5151 tum
2607 5097 2862 5167 majores
2894 5100 3019 5150 tum
3053 5095 3309 5153 minores
3338 5097 3398 5151 in
3448 5100 3737 5156 tartarum

2083 5187 2353 5243 detrusit.
2384 5186 2530 5251 Quid
2564 5186 2767 5241 statim
2799 5201 3019 5258 sponsa
3053 5186 3245 5242 dicere
3276 5189 3501 5259 pergat,
3522 5203 3738 5261 expen-

2084 5278 2319 5333 damus.
