4042 6198
413 291 529 352 583

483 424 698 480 Simili:
753 427 837 479 est
887 421 1263 478 comobrimus
1322 438 1473 479 meus
1510 438 1715 494 capreae
1760 421 2059 478 hinnutovc
2084 426 2139 493 Α

414 530 696 572 cervorum
726 514 791 569 in
816 512 1097 569 montibus
1118 512 1347 569 Bcthcl.

482 605 611 661 Haec
643 619 823 677 prope
854 603 1046 660 simile
1093 603 1372 673 quiddam
1423 602 1761 675 signiﬁcant
1807 601 1881 658 iis
1929 619 2057 674 quae

408 694 564 749 dicta
593 699 752 749 sunt.
784 691 1093 748 Declarant
1136 692 1313 762 enim,
1362 691 1617 747 Verbum
1664 698 1723 747 et
1769 707 2055 764 sponsum

406 784 703 857 expulisse
732 785 1045 850 daemones,
1096 787 1269 852 atque
1296 780 1356 836 in
1388 786 1677 837 tartarum
1708 783 2053 839 detrusisse.

406 878 697 946 Sponsum
718 877 915 928 autem
938 870 1185 926 hinnulo
1209 886 1513 927 cervorum
1535 876 1838 944 comparat
1856 871 2054 944 Virgo,

404 964 487 1019 ita
539 964 831 1017 daemones
884 960 1314 1031 proﬂigantem,
1362 965 1429 1016 ut
1468 961 1755 1016 binuulus
1786 961 2054 1017 destruit.

404 1051 699 1109 Hinnulus
730 1050 825 1104 hic
857 1049 915 1104 in
949 1049 1251 1104 montibus
1282 1050 1474 1105 foveas
1497 1049 1866 1106 habet.Mons
1897 1049 2054 1105 enim

404 1140 605 1197 Bethel
666 1139 903 1195 caeleste
953 1137 1175 1194 iudicat
1218 1138 1608 1195 domicilium.
1657 1142 1876 1212 Caprea
1923 1155 2056 1195 vero

405 1228 712 1301 allegorice
742 1227 1077 1299 (videntem)
1110 1226 1425 1299 signiﬁcat.
1458 1227 1606 1284 Nam
1631 1227 1757 1300 ipse
1787 1227 2052 1285 omnium

404 1318 581 1374 corda
609 1316 896 1373 intuetur.

996 1514 1183 1569 Trium
1210 1514 1464 1569 Patrum.

474 1621 592 1677 Hoc
621 1623 819 1676 autem
851 1624 1018 1691 pacto
1060 1635 1194 1674 cum
1248 1618 1541 1675 discentes
1584 1619 1815 1676 animas
1865 1619 2050 1693 magi-

404 1716 526 1766 stra
575 1725 795 1781 sponsa
854 1707 1170 1777 docuisset,
1220 1712 1288 1764 ut
1332 1712 1459 1763 tum
1511 1724 1691 1780 preme
1739 1709 2050 1766 formidine

1746 286 2164 351 MICHAELIS
2208 288 2481 351 PSELLI

3701 292 3816 353 584

2240 421 2474 493 ροΟμοιός
2504 420 2641 476 εστιν
2675 416 2967 498 ἀδελφιδός
3002 441 3106 495 μου
3154 423 3223 495 τῇ
3274 417 3499 495 δορκάδι
3542 422 3578 491 ἢ
3630 421 3812 501 ἰλάφῳ

2166 508 2253 565 ἐπὶ
2284 510 2351 566 τὰ
2380 510 2482 587 ὸρη
2516 508 2750 582 Βαιθήλ.

2241 596 2447 675 Σχεδὸν
2472 601 2665 655 ταυτόν
2694 620 2745 655 τι
2777 598 2981 677 πᾶφυκε
3010 603 3168 655 τοῦτο
3196 606 3314 663 τοῖς
3345 600 3731 678 προρῥηθεῖσι.

2168 686 2459 743 Κάντεῦοεν
2488 690 2588 765 γὰρ
2630 686 2912 760 δεδήλωκε
2934 689 3026 744 τὸν
3056 690 3235 764 Λόγον
3262 690 3353 745 καὶ
3382 691 3640 768 νυμφίον,

2165 776 2302 839 Τοὺς
2333 775 2588 851 δαίμονας
2622 776 2914 833 ἐλαύνοντα
2941 780 3031 833 καὶ
3061 784 3582 855 καταταρταροῦντα.

2165 862 2361 941 Νεϐρῷ
2392 866 2437 923 δ’
2463 867 2560 923 αύτ
2574 888 2622 922 ιν
2654 867 2971 945 παρείκασεν
3004 866 3216 947 ἐλάφων
3249 871 3284 938 ἡ
3315 868 3607 945 Παρθένος.

2164 956 2255 1017 Ὠς
2286 952 2446 1026 δῆθεν
2477 956 2838 1013 ἀναλίσκοντα
2864 957 2963 1026 τήν
2994 956 3148 1034 φύσιν
3175 961 3281 1012 τῶν
3316 954 3616 1031 δαιμόνων,

2162 1050 2366 1119 Ὠσπερ
2396 1044 2524 1108 τοὺς
2550 1042 2697 1123 ὄφεις
2722 1049 2756 1116 ἡ
2787 1040 2995 1122 νεϐρός.
3028 1044 3188 1102 Ἀλλ’
3217 1049 3251 1116 ἠ
3285 1042 3472 1121 νεϐρὸς
3503 1047 3708 1118 ἐκείνη,

2163 1136 2323 1197 ’Ήτις
2353 1133 2437 1189 ἐπ’
2466 1129 2626 1210 ὅρους
2653 1139 2750 1191 τοῦ
2775 1134 2987 1204 Βαιθήλ
3015 1131 3132 1211 ἔχει
3161 1136 3260 1204 τήν
3293 1134 3399 1190 ἅνω
3439 1137 3741 1194 κατοικίαν.

2163 1228 2329 1299 Ὄρος
2363 1220 2421 1279 δὲ
2446 1224 2677 1300 γίνωσκε
2707 1226 2921 1295 Βαιθὴλ
2949 1226 3050 1294 τὴν
3080 1222 3191 1279 ἄνω
3220 1225 3521 1281 κατοικίαν.

2162 1312 2224 1368 Ἡ
2255 1309 2313 1367 δὲ
2343 1310 2540 1387 δορκάς
2573 1334 2657 1369 σοι
2685 1318 2960 1389 τροπικῶς
2988 1313 3079 1369 τὸν
3112 1311 3384 1390 βλέποντα
3414 1315 3691 1389 σημαίνει.

2162 1404 2335 1464 Ουτος
2362 1402 2467 1479 γὰρ
2503 1399 2721 1478 βλέπων
2754 1404 2983 1481 πέφυκεν
3013 1403 3260 1459 ἁπάντων
3290 1404 3386 1469 τὰς
3410 1402 3665 1482 καρδίας.

2722 1514 2838 1565 Τῶν
2876 1512 2922 1587 γ’
2961 1509 3237 1586 Πατᾶρων.

2230 1615 2388 1674 Οὕτω
2436 1613 2691 1688 διδάξασα
2736 1618 2831 1679 τὰς
2881 1616 3325 1691 μαθητευομένας
3361 1620 3545 1695 ψυχὰς
3573 1621 3609 1689 ἦ
3662 1617 3808 1675 διδά-

2162 1702 2386 1774 σκαλος,
2411 1703 2499 1760 διά
2526 1727 2584 1761 τε
2611 1710 2708 1761 τοῦ
2739 1700 2911 1769 φόϐου
2939 1710 3048 1761 τῶν
3096 1703 3374 1761 κολάσεων
3422 1709 3513 1763 καὶ
3561 1715 3661 1778 τῆς
3718 1707 3808 1763 ἰλ-

399 1805 521 1855 tam
549 1799 976 1872 promissorum
1009 1814 1112 1868 spe
1142 1797 1419 1852 virtutem
1472 1796 1821 1865 excolentes,
1874 1797 1934 1852 in
1985 1812 2040 1854 se

2156 1792 2313 1858 πίδος
2343 1800 2452 1849 τῶν
2481 1793 2812 1870 ἐπαγγελιῶν
2874 1794 3099 1871 ἐγείρειν
3150 1798 3266 1851 κατ’
3313 1796 3527 1871 ἀρετὴν,
3579 1798 3671 1852 καὶ
3730 1797 3807 1870 ιε-

401 1889 745 1946 charitatem
778 1886 1163 1941 accenderent
1191 1901 1435 1956 eamque
1466 1902 1569 1957 per
1599 1886 2044 1958 contemplatio-

404 1994 541 2035 nem
598 1976 1069 2044 inﬁammarent;
1125 1975 1310 2031 donec
1368 1991 1587 2046 sponso
1656 1975 1910 2047 placeret
1973 1976 2045 2030 ad

400 2070 564 2143 ipsas
636 2068 927 2135 advenire,
961 2072 1138 2136 atque
1193 2083 1293 2123 eas
1344 2065 1403 2121 in
1462 2070 1618 2122 statu
1691 2065 2047 2122 immutabili

401 2159 758 2217 constituere
799 2173 814 2212 :
870 2172 943 2212 ne
987 2157 1150 2223 forte,
1205 2154 1408 2227 sponsi
1454 2156 1769 2211 adventum
1822 2156 2046 2211 tardius

399 2248 663 2303 futurum
695 2246 1121 2313 existimantes,
1150 2243 1479 2300 excolenda:
1505 2244 1739 2300 virtutis
1787 2243 2043 2301 laborem

401 2338 814 2407 detrectarent,
846 2334 981 2390 illas
1008 2334 1340 2404 conﬁrmat,
1380 2334 1505 2401 Vox,
1539 2334 1838 2405 inquiens,
1886 2350 2048 2407 nepo-

399 2428 469 2482 tis
497 2427 628 2482 mei.
659 2424 805 2480 Nam
838 2422 1037 2479 dilecti
1068 2439 1176 2478 vox
1207 2426 1541 2478 Praecursor
1570 2427 1678 2489 est,
1723 2422 1819 2479 ille
1858 2423 2047 2495 paeni-

396 2513 589 2570 tentiae
622 2511 1293 2587 promulgatar,jdivinas
1324 2510 1626 2567 instruens
1656 2511 1779 2567 vias
1809 2528 1874 2566 ac
1904 2511 2045 2567 diri-

396 2618 543 2676 gens
573 2604 835 2659 semitas.
873 2601 1050 2658 Voces
1082 2604 1223 2656 sunt
1275 2599 1445 2655 mina:
1493 2604 1552 2654 et
1599 2599 2044 2671 promissiones,

396 2708 524 2765 quae
557 2691 771 2764 partim
800 2689 1101 2746 auditores
1130 2689 1202 2743 ad
1235 2686 1631 2760 paenitentiam
1681 2688 1996 2760 impellunt
2026 2703 2041 2743 :

395 2781 610 2852 partim
658 2780 781 2836 vias
830 2777 1059 2835 Domini
1099 2794 1166 2834 ex
1194 2777 1410 2833 virtute
1444 2776 1837 2843 constituunt,
1869 2782 1926 2833 et
1956 2793 2045 2833 re-

396 2873 522 2926 ctas
553 2886 656 2943 per
684 2868 1081 2941 cognitionem
1114 2868 1172 2921 in
1204 2866 1353 2938 ipsis
1382 2866 1607 2923 faciunt
1628 2866 1869 2922 semitas
1892 2867 2043 2938 ejus.

396 2959 528 3015 Ecce
558 2960 647 3014 hic
673 2961 841 3015 venit.
877 2957 1052 3013 Venit
1081 2957 1360 3028 profecto,
1392 2971 1524 3011 ecce
1563 2956 1691 3027 jam
1736 2955 1922 3023 adest,
1970 2955 2043 3026 si,

400 3047 887 3104 comminationes
917 3045 1076 3102 illius
1107 3050 1285 3117 atque
1308 3044 1598 3117 promissa
1645 3045 2045 3116 exaudieutes,

399 3153 434 3193 a
464 3136 758 3210 prioribus
786 3134 1037 3208 peccatis
1066 3151 1170 3207 per
1198 3134 1602 3206 pmnitentiam
1634 3135 1969 3191 recedamus
1990 3137 2049 3191 et

398 3241 504 3300 per
532 3242 695 3298 spem
728 3226 1063 3281 futurorum
1095 3224 1383 3280 bonorum
1434 3222 1823 3279 illustremur.
1875 3224 2047 3280 Venit

396 3320 593 3372 autem
624 3316 694 3372 ad
728 3332 858 3382 nos,
884 3319 949 3369 ut
978 3315 1204 3370 dictum
1236 3319 1346 3379 est,
1388 3317 1743 3386 preaparatos
1777 3329 1789 3367 :
1825 3312 2044 3370 saliens

392 3422 573 3478 super
620 3406 848 3462 excelsa
901 3404 1169 3460 videlicet
1227 3405 1460 3459 decreta
1516 3403 1841 3459 divinitatis
1899 3421 2039 3473 suae,

390 3495 684 3562 sublimis,
718 3511 843 3567 quae
886 3493 1120 3549 verticis
1171 3493 1459 3548 montium
1513 3492 1704 3548 instar
1748 3493 2037 3549 obtinent.

390 3588 472 3640 Ex
500 3584 850 3641 afﬁrmativa
878 3584 1035 3639 enim
1067 3582 1264 3654 ipsum
1314 3581 1607 3653 theologia
1654 3582 2040 3655 comprehen-

389 3675 526 3730 dere
556 3679 857 3741 conantes,
893 3675 949 3727 in
982 3688 1101 3744 qua
1130 3671 1488 3727 constitutus
1509 3688 1578 3726 ex
1626 3676 1758 3726 actu
1805 3670 2038 3743 praeel-

387 3780 493 3818 sus
523 3762 872 3827 ostenditur,
905 3777 974 3815 ex
1004 3760 1113 3814 hac
1143 3776 1277 3814 eum
1311 3759 1634 3831 aspicimus
1667 3759 1723 3813 iu
1768 3760 2038 3832 negativa

384 3850 697 3923 theologia,
729 3853 1021 3921 quatenus
1050 3847 1307 3903 essentia
1338 3846 1712 3919 praestantior
1739 3852 1831 3903 est
1868 3853 2034 3904 tran-

384 3938 588 3995 siliens
638 3936 835 3994 colles.
886 3936 1103 3993 Verum
1156 3936 1334 3992 colles
1385 3936 1543 4005 item,
1594 3940 1659 3993 ut
1707 3936 2035 3993 eminentes

382 4031 542 4094 sunt,
574 4026 1037 4100 dispensationis
1068 4026 1389 4080 extendunt
1419 4026 1715 4095 instituta,
1744 4042 1874 4097 qua
1906 4026 2033 4098 ipsa

380 4132 614 4189 quoque
645 4120 948 4188 nequeunt
972 4113 1411 4186 comprehendi.
1468 4115 1656 4186 Super
1704 4114 1883 4171 colles
1927 4133 2032 4171 au-

380 4210 522 4276 tem,
572 4210 856 4277 quantum
907 4203 979 4259 ad
1038 4202 1427 4275 cognitionem
1477 4208 1738 4258 nostram
1799 4203 2031 4270 attinet,

378 4310 636 4366 sponsus
684 4293 965 4359 transilit,
1014 4292 1156 4348 dum
1208 4308 1275 4347 ex
1320 4308 1386 4348 eo
1435 4293 1589 4364 quod
1641 4291 1818 4359 Deus,
1870 4292 2029 4348 vide-

377 4388 474 4439 tur
504 4388 570 4439 ut
613 4384 810 4439 homo.
863 4383 930 4437 Et
977 4381 1197 4437 saliens
1248 4383 1304 4436 in
1356 4381 1415 4436 id
1468 4382 1623 4453 quod
1684 4381 1859 4436 homo
1916 4386 2027 4446 est,

377 4472 753 4545 cognoscitur
780 4475 847 4527 ut
879 4476 1049 4527 Deus.
1083 4471 1245 4536 Quod
1280 4474 1475 4526 autem
1509 4471 1580 4525 de
1611 4485 1830 4541 sponso
1861 4469 2024 4534 dixit,

2158 1884 2383 1958 εγείρειν
2416 1886 2552 1939 κατὰ
2580 1888 2781 1959 γνῶσιν
2828 1883 2880 1938 ἐν
2930 1884 3144 1949 ἑαυταῖς
3196 1887 3296 1955 τήν
3339 1886 3572 1961 ἀγάπην,
3604 1896 3805 1961 [arpr

2157 1970 2219 2027 ἃν
2265 1973 2467 2047 θελήσῃ
2498 1974 2526 2027 ὁ
2565 1973 2797 2050 νυμφίος
2843 1972 3238 2051 ἐμφανισθῆναι
3286 1974 3493 2044 αὐταῖς,
3525 1976 3613 2030 καὶ
3675 1997 3805 2045 στη-

2158 2061 2296 2137 ρίξαι
2329 2062 2405 2126 είς
2460 2062 2749 2136 ἀτρεψίαν·
2793 2060 2986 2118 λοιπὸν
3021 2060 3114 2117 ’ίνα
3173 2064 3250 2135 μή
3307 2064 3459 2118 αὗται
3519 2060 3798 2139 βραδύνειν

2153 2152 2254 2219 τήν
2310 2155 2407 2206 τοῦ
2463 2152 2699 2229 νυμφίου
2753 2148 3047 2225 ἐπιδημίαν
3122 2150 3361 2224 δόξασαι,
3416 2154 3801 2231 ἆπαγορεύωσι

2156 2236 2246 2295 διὰ
2291 2240 2352 2295 τὸ
2408 2247 2508 2309 τῆς
2565 2240 2759 2314 ἀρετῆς
2816 2239 3098 2314 ἐπίμονον,
3156 2244 3615 2316 παραμυθουμένη
3668 2243 3807 2299 ταύ-

2152 2351 2267 2396 τας,
2329 2330 2481 2407 φησί·
2543 2331 2710 2399 Φωνὴ
2764 2334 2862 2385 τοῦ
2919 2328 3348 2409 ἀδελφιδοῦμου·
3401 2330 3586 2401 ἒπειδή
3646 2334 3806 2412 φωνὴ

2153 2423 2249 2473 τοῦ
2279 2420 2565 2494 ἀγαπητοῦ
2597 2420 2624 2474 ὁ
2658 2416 3002 2496 Πρόδρομος,
3029 2420 3105 2482 ὡς
3132 2423 3302 2496 κήρυξ
3357 2425 3458 2487 τῆς
3516 2423 3809 2495 μετανοίας

2154 2508 2243 2563 καὶ
2297 2508 2624 2582 ἑτοιμαστὴς
2672 2513 2779 2564 τῶν
2832 2510 2990 2573 θείων
3037 2506 3177 2564 ὁδῶν
3224 2510 3313 2565 καὶ
3359 2505 3595 2586 τρίϐων’
3628 2511 3815 2587 φωναί

2156 2596 2287 2652 εἶ’σιν
2346 2594 2401 2651 αἵ
2457 2617 2515 2651 τε
2571 2595 2791 2652 ἀπειλαὶ
2847 2599 2938 2652 καὶ
2990 2599 3044 2652 αἱ
3102 2598 3439 2674 ἐπαγγελίαι·
3473 2601 3549 2663 ὡς
3602 2602 3659 2655 αἱ
3715 2603 3812 2674 μὶν

2155 2684 2511 2764 ἐφελκόμεναι
2569 2685 2695 2747 τοὺς
2743 2686 3038 2749 ἀκούοντας
3095 2689 3233 2763 πρὸς
3296 2688 3600 2761 μετάνοιαν,
3631 2690 3691 2745 αἱ
3753 2688 3817 2746 δὶ

2154 2773 2536 2848 ἐτοιμάζουσαι
2567 2776 2683 2830 κατ’
2714 2775 2909 2849 ἀρετὴν
2958 2776 3054 2838 τὰς
3096 2774 3257 2839 ὁδοὺς
3301 2782 3397 2832 τοῦ
3448 2779 3681 2853 Κυρίου,
3716 2782 3806 2835 καὶ

2155 2861 2365 2927 εὐθείας
2423 2867 2675 2918 ποιοῦσαι
2732 2863 2871 2917 κατὰ
2923 2866 3122 2937 γνῶσιν
3157 2862 3209 2919 ἰν
3258 2864 3473 2926 τούτοις
3530 2864 3625 2926 τὰς
3685 2866 3810 2941 τρί-

2155 2947 2285 3016 ϐους
2337 2952 2522 3019 αὐτοῦ,
2564 2949 2707 3008 Ἰδοὺ
2738 2952 2895 3014 οὗτος
2938 2952 3080 3022 ἥκειο
3114 2950 3262 3023 ἤτοι,
3296 2951 3434 3009 Ἰδοὺ
3494 2953 3654 3017 οὗτος
3718 2950 3809 3032 ἔρ·

2154 3060 2341 3117 χεταιο
2375 3040 2426 3096 εἴ
2468 3046 2578 3097 τῶν
2638 3039 2878 3097 ἀπειλῶν
2939 3040 3104 3098 αὐτοῦ
3149 3042 3239 3097 καὶ
3296 3047 3405 3098 τῶν
3455 3043 3809 3121 ἐπαγγελιῶν

2157 3130 2476 3192 ἀκούσαντες
2529 3131 2882 3207 καθαρθῶμεν
2935 3135 3042 3186 τῶν
3108 3130 3386 3207 προτέρων
3450 3131 3811 3206 πλημμελη-

2161 3218 2341 3293 μάτων
2372 3217 2462 3275 διὰ
2493 3218 2801 3294 μετανοίας,
2832 3219 2920 3274 καὶ
2972 3223 3041 3294 τῇ
3090 3217 3271 3276 ἑλπίδι
3313 3225 3424 3275 τῶν
3478 3220 3808 3294 μελλόντων

2152 3307 2363 3383 ἀγαθῶν
2414 3312 2796 3384 φωτισθῶμεν.
2827 3310 3088 3383 Ἔρχεται
3138 3306 3195 3363 δὲ
3242 3307 3325 3386 ἐφ’
3368 3311 3519 3380 ἡμᾶς
3576 3311 3812 3384 ἑτοιμα-

2152 3396 2392 3469 σθίντας,
2452 3398 2525 3459 ὡς
2582 3395 2814 3471 εἷ’ρηται,
2874 3394 3065 3468 πηδῶν
3115 3396 3204 3452 ἐπὶ
3276 3398 3343 3453 τὰ
3404 3394 3542 3471 ὅρηο
3600 3396 3813 3475 ἤγουν,

2155 3486 2457 3560 ὑψούμενος
2544 3487 2631 3541 ἐπὶ
2707 3487 2775 3541 τὰ
2841 3483 2997 3557 δίκην
3081 3486 3471 3562 ὑπερκειμένης
3548 3496 3813 3567 κορυφῆς

2148 3578 2311 3647 ἡμῶν
2346 3576 2589 3654 ὑπερφυῆ
2626 3572 2873 3650 δόγματα
2900 3582 3001 3644 τῆς
3033 3575 3201 3630 αὐτοῦ
3246 3574 3522 3646 θεότητος.
3558 3577 3653 3631 Ἐκ
3700 3579 3808 3653 γὰρ

2143 3671 2247 3734 τῆς
2320 3667 2686 3742 καταφαττκῆς
2774 3661 3059 3740 θεολογίας
3138 3659 3535 3728 καταλαϐέσθαι
3634 3666 3807 3722 αὐτὸν

2146 3752 2568 3830 ἐπιχειροῦντες,
2629 3752 2679 3808 ἐν
2833 3752 3031 3829 βαίνων
3066 3759 3179 3808 κατ’
3210 3752 3475 3829 ἐνέργειαν
3526 3751 3806 3810 δείκνυται

2147 3842 2597 3918 ὑπεραιρόμενος,
2631 3841 2690 3897 ἐκ
2716 3841 2919 3914 ταύτης
2943 3846 3135 3898 τοῦτον
3168 3843 3381 3915 ὁρῶμεν
3426 3842 3479 3897 ἐν
3527 3847 3597 3917 τῇ
3658 3844 3806 3900 ἀπο-

2143 3936 2342 4006 φατικῇ
2397 3929 2653 4007 θεολογίᾳ
2705 3933 2841 3987 κατὰ
2907 3931 2970 3986 τὸ
3029 3932 3350 4007 ὑπερούσιον
3424 3929 3803 4006 διαλλόμενον

2142 4019 2229 4075 ἐπὶ
2286 4021 2413 4084 τοὺς
2471 4021 2715 4097 βουνούς.
2766 4023 2857 4083 Ὁς
2917 4018 2976 4076 δὶ
3045 4021 3558 4094 ὑπερανεστηκότες,
3605 4023 3699 4077 καὶ
3750 4025 3808 4078 οἱ

2145 4109 2331 4185 βουνοὶ
2377 4110 2444 4164 τὰ
2496 4113 2597 4179 τῆς
2626 4110 2943 4182 οἲκονομίας
2972 4107 3204 4179 δηλοῦσι
3242 4107 3511 4185 δόγματα,
3543 4108 3677 4167 ὄντά
3709 4112 3807 4168 καὶ

2138 4201 2304 4253 ταῦτα
2363 4198 2493 4275 ὑπὲρ
2558 4197 2889 4273 κατάληψιν.
2934 4200 3049 4277 Ἐφ’
3093 4198 3125 4252 ἃ
3180 4200 3316 4255 κατᾶ
3369 4201 3466 4269 τὴν
3522 4202 3808 4277 ἡμετέραν

2137 4287 2646 4365 ψῶσινὸνυμφίος
2678 4285 2958 4343 διάλλεται
3015 4288 3120 4342 ἀπὸ
3177 4288 3274 4343 τοῦ
3333 4289 3463 4350 Θεὸς
3520 4288 3595 4343 ὢν
3662 4292 3806 4367 ὁρᾶ-

2138 4378 2258 4430 σθαι
2285 4377 2361 4438 ὡς
2392 4377 2697 4448 ἄνθρωπος’
2729 4376 2819 4431 καὶ
2876 4374 3207 4446 καταπηδῶν
3262 4376 3339 4439 εἷς
3383 4378 3446 4433 τὸ
3505 4376 3808 4452 ἄνθρωπος

2138 4461 2212 4518 ὢν
2266 4465 2627 4540 γινώσκεσθαι
2683 4465 2759 4529 ὡς
2813 4466 3115 4528 Θεός.”Οτι
3165 4463 3224 4520 δὶ
3275 4464 3461 4541 εἴξοηκε
3513 4466 3638 4542 περὶ
3700 4474 3810 4523 τοῦ

375 4540 549 4618 salire
577 4576 757 4634 super
787 4564 1041 4626 montes,
1071 4565 1130 4615 et
1159 4557 1339 4614 colles
1369 4540 1665 4614 transilire
1698 4576 1712 4614 .'
1746 4557 1920 4614 salire
1972 4562 2027 4613 et

2151 4550 2593 4630 νυμφίου,πηδᾷν
2626 4552 2716 4609 ἐπὶ
2742 4554 2809 4609 τὰ
2856 4553 2958 4630 ὅρη
3002 4554 3092 4609 καὶ
3144 4540 3463 4620 διάλλεσθαι
3518 4540 3607 4610 ἐπί
3666 4557 3810 4620 τοὺς

375 4650 672 4707 transilire
696 4666 884 4721 caprea
908 4653 966 4705 et
985 4646 1134 4705 cervi
1157 4647 1518 4703 lascivientis
1546 4650 1637 4703 est
1667 4647 1971 4719 proprium
2007 4664 2021 4715 ;

374 4740 590 4811 quibus
614 4739 890 4810 deinceps
920 4735 1259 4793 assimilans
1290 4752 1576 4807 sponsum
1609 4751 1622 4789 :
1670 4736 1892 4792 Simili:
1920 4739 2023 4802 est,

372 4829 584 4900 inquit,
615 4844 778 4898 nepos
806 4842 958 4882 meus
985 4840 1208 4898 capreae
1236 4826 1578 4897 hinnutoque
1625 4841 1912 4882 cervoeum
1962 4826 2025 4880 in

367 4918 644 4972 montibus
691 4915 896 4972 Bcthcl.
952 4914 1156 4971 Bethel
1205 4920 1402 4971 autem
1453 4913 1749 4985 signiﬁcat
1798 4914 2023 4970 domum

368 5007 492 5074 Dei,
525 5023 652 5078 quae
680 5010 770 5061 est
799 5004 1059 5059 ﬁdelium
1092 5003 1371 5059 Ecclesia.
1427 5004 1611 5073 Cujus
1662 5007 1890 5058 montes
1933 5003 2021 5057 in-

367 5095 717 5168 telliguntur
746 5098 983 5167 propter
1011 5092 1415 5149 excellentiam
1451 5091 1832 5147 sanctissima
1880 5090 2020 5146 Uni-

328 5211 339 5217 ν
366 5183 545 5257 geniti
566 5183 888 5239 divinitatis
909 5188 1085 5254 atque
1106 5181 1495 5236 humanitatis
1527 5180 1823 5245 instituta,
1844 5195 2023 5250 super

365 5290 494 5344 quae
544 5272 639 5328 hic
688 5288 918 5344 sponse
967 5270 1385 5326 dilectissimus
1434 5267 1675 5333 saliens,
1730 5276 1792 5323 ut
1838 5283 2019 5338 supra

364 5361 645 5427 diximus,
697 5370 871 5433 atque
924 5357 1263 5414 transiliens
1294 5371 1455 5411 more
1488 5354 1836 5410 animalium
1870 5372 2016 5426 pra;-

363 5452 678 5517 dictorum,
726 5447 1024 5521 spiritales
1086 5448 1261 5515 feras,
1316 5460 1446 5516 quae
1495 5443 1675 5499 veluti
1724 5460 2013 5499 venenum

364 5540 674 5613 opiniones
703 5537 933 5595 veritati
978 5535 1305 5592 contrarias
1361 5533 1643 5589 adversus
1693 5532 2013 5590 Ecclesiam

2139 4641 2390 4719 βουνοὺς,
2413 4642 2477 4697 τὸ
2508 4640 2567 4697 δὶ
2591 4640 2769 4713 πηδᾷν
2822 4645 2911 4698 καὶ
2957 4640 3274 4699 διάλλεσθαι
3323 4641 3590 4718 δορκάδος
3640 4643 3805 4702 ’ίδιον

2132 4731 2223 4787 καὶ
2271 4731 2478 4809 ἐλάφου
2533 4733 2838 4801 νεάζοντος,
2890 4731 3107 4795 τούτοις
3165 4729 3362 4788 λοιπὸν
3440 4734 3803 4808 παρεικάζων

2133 4821 2320 4886 αὐτὸν,
2378 4820 2561 4899 φησὶν,
2620 4820 2851 4893 Ὃμοιός
2903 4820 3043 4876 ἔστιν
3116 4818 3412 4899 ἀδελφιδός
3493 4843 3600 4895 μου
3660 4821 3805 4901 δορ-

2130 4907 2253 4964 κάδι
2301 4910 2336 4978 ἢ
2395 4904 2574 4984 νεϐρῷ
2628 4907 2845 4985 ἐλάφων
2904 4908 2991 4964 ἐπὶ
3046 4909 3114 4965 τὰ
3172 4906 3273 4984 ὅρη
3308 4909 3535 4981 Βαιθήλ.
3570 4912 3807 4983 Βαιθήλ

2133 4995 2190 5053 δὲ
2245 4997 2599 5073 ἆρμηνεύεται
2649 4997 2799 5061 οἶκος
2854 5002 3010 5072 Θεοῦ,
3043 4999 3106 5054 οὗ
3163 4997 3304 5054 ἐστιν
3336 5002 3372 5069 ἠ
3411 5004 3519 5055 τῶν
3578 5007 3805 5058 πιστῶν

2132 5085 2452 5155 Ἐκκλησία,
2483 5089 2548 5156 ἧς
2583 5086 2919 5165 ὑπάρχουσιν
2953 5083 3055 5164 ὅρη
3090 5084 3181 5143 διὰ
3232 5089 3294 5143 τὸ
3349 5088 3506 5163 ὕψος,
3536 5090 3607 5145 τὰ
3660 5091 3808 5167 περὶ

2126 5182 2226 5245 τῆς
2284 5170 2541 5245 θεότητος
2616 5176 2705 5230 καὶ
2781 5176 3200 5253 ἀνθρωπότητος
3271 5181 3369 5233 τοῦ
3445 5185 3810 5252 Μονογινοῦς

2128 5259 2478 5320 εὐσεϐέστατα
2530 5262 2791 5339 δόγματα’
2853 5266 2935 5340 ἐφ’
2992 5265 3025 5320 ἃ
3086 5266 3243 5327 οὗτος
3299 5267 3328 5321 ὁ
3382 5273 3485 5335 τῆς
3562 5266 3806 5347 νύμφης

2128 5354 2410 5429 ἀγαπητὸς
2454 5351 2669 5425 πηδῶν,
2710 5355 2786 5417 ὡς
2842 5353 3185 5429 προείρηται,
3243 5355 3335 5409 καὶ
3395 5352 3802 5430 διαλλόμενος,

2127 5441 2335 5516 ὁμοίως
2391 5448 2511 5506 τοῖς
2566 5443 2878 5519 εἷρημένοις
2933 5444 3095 5512 ζώοις
3150 5444 3219 5498 τὰ
3270 5444 3438 5515 νοητὰ
3490 5445 3662 5519 θηρία
3726 5447 3803 5503 τὸ.

2125 5529 2436 5586 είσπνίοντα
2494 5529 2649 5601 δίκην
2710 5531 2795 5586 ἰοῦ
2850 5532 2917 5586 τὰ
2967 5529 3180 5586 ἐναντία
3224 5539 3326 5603 τῆς
3376 5531 3638 5602 ἀληθείας
3686 5532 3798 5591 δός

354 5631 718 5711 jaculantur,
778 5628 851 5687 ab
907 5642 977 5685 ea
1032 5622 1236 5703 procul
1284 5622 1533 5701 repellit.
1584 5622 1805 5681 Natura
1854 5624 2012 5683 enim

2151 5640 2306 5696 ’ματα
2347 5620 2486 5678 κατᾶ
2537 5627 2638 5694 τῆς
2666 5619 3019 5696 Ἐκκλησίας,
3052 5617 3343 5679 ἀπελαύνει
3400 5620 3610 5696 ταύτης
3666 5645 3796 5701 μα..
