4042 6198
856 50 867 59 ι

386 124 417 149 L“
432 124 463 149 μὶ
484 124 497 149 ’τ

210 343 332 403 585

1255 338 1663 400 COMMENT.
1716 339 1791 397 IN
1838 338 2239 402 CANTICUM
2286 337 2591 399 CANTIC.

3500 348 3624 410 586

210 474 336 549 κράν
374 494 389 505 ο
421 472 607 545 ἐπειδὴ
666 475 931 552 πεφύκασι
983 470 1303 552 φυγαδεύειν
1351 472 1418 526 τὰ
1447 468 1644 525 ἱοϐόλα
1686 470 1824 547 θηρίι

1964 486 2185 545 capreas
2215 490 2281 529 ac
2309 490 2477 529 cervo
2514 472 2758 529 insitum
2790 479 2902 545 est,
2937 478 3001 531 ut
3026 491 3352 535 venenosae
3396 479 3617 538 bestias

209 566 241 633 ἠ
270 562 470 639 δορκᾶς
498 566 588 619 καὶ
620 567 654 634 ἡ
688 560 914 642 ἔλαφος.

774 660 889 708 Των
935 655 983 729 γ’
1014 652 1288 727 Πατέρων.

274 741 413 799 Ἰδοὺ
473 743 631 805 οὗτος
708 741 927 813 ἕστηκεν
1015 741 1189 796 ὀπίσω
1270 744 1365 794 τοῦ
1418 738 1614 815 τοίχου
1671 741 1855 811 ἡμῶν,

208 833 569 908 παρακύπτιυν
660 832 749 887 διὰ
847 836 953 887 τῶν
1050 828 1303 905 θυρίδων,
1408 829 1683 883 ἐκκύπτων
1768 827 1857 883 διὰ

206 928 303 975 τῶν
337 919 570 976 δικτύων
581 965 594 977 .

265 1008 490 1079 Ἐπειδὴ
538 1010 805 1088 πεφύκασι
876 1006 1191 1087 φυγαδεύειν
1235 1008 1301 1063 τὰ
1346 1004 1541 1063 ἷοὸόλα
1594 1007 1759 1081 θηρία
1816 1008 1849 1075 ἡ

200 1098 393 1173 δορκας
440 1102 528 1154 καὶ
591 1103 625 1168 ἡ
688 1098 888 1177 ἔλαφος
922 1119 935 1131 ·
990 1096 1129 1152 ’ἰδοὺ
1188 1099 1345 1158 οὗτος
1405 1096 1623 1166 ἔστηκεν
1674 1095 1851 1149 ὀπίσω

198 1193 289 1243 τοῦ
318 1188 519 1264 τοίχου
572 1192 753 1261 ἡμῶν.
788 1192 997 1263 Τοίχος
1021 1186 1079 1242 δὶ
1106 1189 1271 1259 ἡμῶν
1332 1186 1443 1241 ἐστι
1494 1186 1556 1239 τὸ
1611 1184 1848 1252 κτιστὸν,

198 1278 256 1331 οὗ
312 1278 491 1331 ὀπίσω
545 1275 772 1347 ἕστηκεν
833 1278 861 1331 ὁ
910 1273 1160 1337 ἅκτιστος
1208 1274 1296 1329 καὶ
1338 1276 1547 1328 πάντων
1578 1271 1848 1347 δημιουρ-

197 1368 287 1441 γὸς
317 1368 448 1429 Θεὸς
480 1365 669 1443 λόγος,
720 1368 795 1428 ὡς
842 1366 990 1440 ἀρχὴ
1049 1370 1158 1418 τῶν
1210 1362 1448 1439 ἐχόντων
1506 1364 1640 1438 πρὸς
1691 1361 1849 1425 τέλος

194 1457 285 1523 τήν
310 1455 551 1525 κίνησιν.
588 1455 649 1512 Εἰ
682 1455 786 1531 γάρ
849 1454 959 1509 ἐστι
1016 1453 1106 1508 καὶ
1152 1448 1454 1527 ἔμπροσθεν
1516 1453 1544 1505 6
1578 1451 1737 1512 αὐτὸς
1769 1452 1844 1513 ὡς

195 1549 291 1597 τῶν
343 1542 494 1598 ὅλων
552 1545 701 1620 ἀρχὴ
761 1546 847 1599 καὶ
909 1543 1113 1605 τέλος⁸
1180 1540 1305 1597 ἀλλ’
1354 1538 1647 1614 ἐπειδήπερ
1674 1542 1843 1613 μήπω

196 1631 343 1687 αὐτὸν
371 1635 688 1706 εὑρήκαμεν
742 1632 800 1688 ἐκ
842 1637 938 1688 τοῦ
984 1631 1178 1706 τέλους
1212 1651 1223 1663 ’
1282 1628 1435 1685 οὔπω
1467 1630 1566 1704 γὰρ
1601 1629 1652 1684 ἐν
1696 1628 1841 1699 αύτῷ

192 1725 279 1790 τήν
336 1728 511 1777 πᾶσαν
595 1723 968 1795 ἀνεπαύσαμεν
1053 1721 1286 1791 κίνησιν.
1347 1722 1511 1793 ὅσπερ
1561 1719 1624 1773 τὸ
1679 1718 1838 1780 τέλος

192 1811 321 1864 ἐστίν
356 1832 368 1843 ·

966 1897 1024 1954 δὲ
1088 1906 1187 1968 τῆς
1244 1905 1463 1966 κτιστῆς
1524 1897 1732 1974 φύσεως
1784 1897 1839 1951 αἱ

1099 1986 1168 2041 δι’
1227 1988 1299 2041 ὧν
1358 1988 1513 2047 οὗτος
1558 1985 1639 2039 ἐπ’
1670 1985 1837 2053 αὐτὴν

191 1904 289 1954 τῶν
346 1898 601 1974 θυρίδων.
662 1899 883 1975 Θυρίδες

198 1988 419 2063 μὲτοχοί
479 1988 581 2043 εῗσι
611 1994 709 2043 τοῦ
741 1990 994 2043 ἀκτίστου
1028 2008 1040 2021 ’

193 2078 518 2151 περακύπτει
575 2072 888 2132 ἐπιϐλέπων
938 2079 1005 2132 τὰ
1061 2081 1178 2130 κατ’
1237 2076 1405 2143 αὐτὴν
1460 2072 1839 2147 κηδεμονικῶς

198 2165 257 2237 [εἰ
318 2169 391 2237 μή
433 2166 633 2229 ταύτας
681 2165 829 2237 αὐτῷ
881 2162 1261 2237 ἀποκλείωμεν
1314 2168 1432 2224 ταῖς
1488 2182 1633 2238 παρα
1681 2162 1836 2239 φύσιν

195 2257 509 2327 κινήσεσιν).
588 2256 902 2312 Ἐκκύπτων
977 2251 1067 2309 διά
1137 2257 1243 2308 τῶν
1298 2249 1528 2307 δικτύων
1574 2270 1586 2283 ⁸
1645 2249 1837 2327 ἤγουν,

194 2342 496 2399 ἐποπτεύων
541 2348 690 2416 ἡμᾶς
723 2341 812 2399 διὰ
864 2351 964 2413 τῆς
1013 2340 1397 2418 ἀλληλουχίας
1450 2346 1557 2396 τῶν
1610 2340 1835 2416 ἀρετῶν.

195 2433 250 2489 Εἰ
302 2436 401 2508 γὰρ
464 2430 669 2507 ἔχομεν
738 2433 831 2487 τὰς
889 2433 1179 2507 εἰρημένας
1238 2428 1479 2506 θυρίδας,
1531 2431 1835 2485 ἀναπεπτα-

198 2522 344 2592 μένας
400 2524 523 2595 μὶν,
574 2519 989 2599 πεφυλαγμένας
1053 2519 1109 2575 δὶ
1159 2525 1226 2593 τῇ
1275 2525 1381 2574 τῶν
1443 2521 1646 2593 ἀρετῶν
1702 2520 1837 2574 κατά

194 2609 341 2685 λόγον
394 2610 756 2686 ἀλληλουχίᾳ
790 2630 802 2642 ⁸
836 2611 1015 2673 καθώς
1068 2610 1199 2663 εἰσιν
1232 2608 1387 2663 αὗται
1420 2606 1574 2678 δίκην
1604 2606 1833 2663 δικτύων

193 2699 685 2775 περιπεπλεγμέναι
734 2698 1009 2770 ἀλλήλαις
1048 2718 1061 2731 ·
1120 2697 1211 2752 ’ίνα
1273 2700 1404 2771 μήτι
1438 2702 1543 2752 τῶν
1577 2702 1834 2752 πετεινῶν

196 2791 420 2858 πάντως,
480 2795 589 2844 τῶν
644 2788 898 2863 ἐναερίων
971 2788 1315 2861 πνευμάτων,
1362 2786 1525 2841 λαθὸν
1595 2785 1834 2860 εἰσέλθῃ,

192 2878 385 2934 καὶτὸν
420 2879 838 2951 ἐναποκείμενον
872 2879 1009 2950 ἡμῖν
1070 2877 1270 2951 σπόρον
1322 2884 1424 2946 τῆς
1484 2876 1626 2939 θείας
1685 2873 1834 2930 διδα-

196 2969 405 3031 σκαλίας
482 2968 801 3041 λυμήνηται
836 2989 848 3001 ο
904 2968 1152 3022 ἐκκύπτει
1231 2966 1311 3043 ἐφ’
1384 2969 1533 3038 ἡμᾶς
1588 2964 1675 3019 διά
1726 2970 1833 3020 τῶν

190 3059 441 3113 τοιούτων
495 3055 726 3113 δικτύων
784 3060 819 3125 ἡ
878 3056 1051 3111 αὐτῶν
1105 3061 1211 3111 τῶν
1269 3056 1473 3130 ἀρετῶν
1505 3055 1662 3110 οὐσία
1694 3075 1707 3090 ·
1739 3052 1836 3127 δη-

193 3144 320 3215 λαδή
361 3148 671 3220 ἀγενηθεὶς
728 3150 865 3219 ἡμῖν
920 3146 1026 3200 ἀπὸ
1082 3149 1216 3200 Θεοῦ
1276 3144 1459 3222 σοφία,
1520 3142 1830 3215 δικαιοσύνη

1968 562 2348 619 insectantur.

2550 654 2739 708 Trium
2778 660 3031 709 Patrum.

2036 740 2115 793 En
2148 741 2263 811 ipse
2308 742 2453 796 stetit
2503 751 2620 805 post
2654 745 2922 813 parietem
2951 748 3221 816 nostrum,
3267 748 3616 818 prospiciens

1963 846 2065 898 per
2086 832 2377 900 fenestras,
2410 830 2711 902 despiciens
2738 849 2767 888 e
2796 833 3022 889 retibus.

2032 1010 2275 1072 Quando
2316 1027 2535 1082 capreae
2564 1016 2620 1066 et
2652 1028 2819 1067 cervo
2865 1012 3150 1069 naturalis
3180 1030 3249 1069 ea
3275 1014 3362 1069 vis
3410 1018 3521 1081 est,
3553 1017 3620 1070 ut

1961 1099 2268 1169 pestiferas
2310 1101 2531 1155 bestias
2583 1101 2789 1171 fugent
2821 1118 2833 1155 :
2865 1104 3014 1170 Ecce,
3049 1103 3262 1174 inquit,
3297 1106 3416 1169 ipse
3462 1104 3618 1161 stetit

1958 1192 2078 1255 post
2129 1191 2399 1257 parietem
2454 1199 2721 1245 nostrum.
2754 1192 2951 1247 Paries
3006 1198 3204 1248 noster
3259 1198 3347 1249 est
3402 1200 3615 1250 natura

1958 1282 2169 1342 creata,
2207 1284 2339 1347 post
2368 1296 2544 1350 quam
2598 1280 2761 1335 stetit
2790 1282 2889 1351 qui
2920 1287 3151 1337 creatus
3199 1298 3315 1337 non
3364 1287 3476 1351 est,
3506 1284 3609 1340 sed

1955 1372 2183 1422 creator
2210 1373 2301 1422 est
2330 1371 2595 1423 omnium
2635 1371 2783 1425 Deus
2815 1371 3093 1440 Verbum,
3129 1377 3191 1425 ut
3221 1387 3414 1426 rerum
3448 1372 3609 1443 prin-

1954 1455 2173 1527 cipium
2207 1473 2335 1528 quas
2376 1462 2600 1513 motum
2635 1457 2857 1513 habent
2906 1459 2978 1514 ad
3030 1460 3231 1515 finem.
3264 1460 3607 1531 Quanquam

1952 1544 2109 1600 enim
2141 1549 2199 1600 et
2229 1546 2391 1616 prius
2421 1552 2513 1602 est
2543 1548 2690 1619 ipse,
2723 1553 2924 1619 utpote
2955 1548 3190 1604 initium
3223 1554 3280 1605 et
3310 1549 3445 1605 ﬁnis
3476 1550 3609 1605 uni-

1950 1650 2286 1703 versorum;
2320 1640 2516 1691 tamen
2550 1638 2827 1707 quoniam
2867 1638 3061 1709 ipsum
3096 1655 3164 1694 ex
3196 1640 3311 1694 fine
3342 1640 3607 1695 nondum

1950 1722 2284 1779 invenimus
2318 1741 2331 1778 ε
2368 1725 2629 1780 nondum
2672 1726 2828 1780 enim
2882 1726 2940 1781 in
2973 1744 3039 1782 eo
3074 1728 3175 1799 qui
3225 1728 3361 1783 finis
3410 1733 3523 1795 est,
3553 1732 3611 1784 et

434 1811 613 1865 ὀπίσω
691 1812 967 1880 ἕστηκεναι
1029 1810 1268 1885 λέγεται,
1326 1808 1689 1884 παρακύπτων
1752 1804 1824 1861 διέ

457 1898 502 1913 ,κ
672 1908 693 1913 ,
782 1899 825 1913 ,κ
970 1897 1012 1913 ..ι
1127 1906 1155 1913 _
1404 1905 1429 1913 -
1576 1897 1588 1913 ,
1820 1898 1824 1913 ς

1952 1813 2022 1867 ab
2054 1814 2212 1868 omni
2260 1820 2420 1869 motu
2470 1815 2917 1886 conquievimus
2950 1836 2965 1873 :
2999 1823 3132 1888 post
3180 1823 3336 1873 stare
3367 1817 3604 1888 dicitur,

1944 1905 2293 1974 prospiciens
2319 1920 2419 1975 per
2461 1906 2749 1975 fenestras.
2785 1905 3071 1962 Fenestrm
3122 1911 3319 1962 autem
3369 1911 3509 1962 sunt
3537 1923 3606 1963 ea

1949 2008 2075 2061 quae
2144 1997 2365 2047 natura;
2429 1998 2635 2048 creatas
2700 1994 2774 2048 ab
2843 1994 3097 2050 increato
3171 1994 3605 2051 communicata

1948 2086 2123 2145 sunt;
2178 2097 2277 2149 per
2325 2098 2455 2152 quae
2502 2082 2629 2153 ipse
2657 2084 2729 2137 ad
2761 2098 2889 2137 eam
2941 2084 3245 2155 prospicit,
3278 2085 3418 2139 dum
3469 2101 3601 2156 pro-

1946 2169 2199 2223 videntia
2260 2186 2366 2224 sua
2424 2176 2637 2225 cuncta
2688 2172 3052 2239 moderatur,
3107 2173 3395 2245 nobisque
3451 2174 3599 2240 (nisi

1949 2258 2236 2313 fenestras
2269 2258 2376 2314 has
2407 2262 2687 2315 adversus
2719 2276 2852 2315 eum
2886 2262 3248 2317 motionibus
3280 2262 3462 2317 animi
3496 2279 3600 2318 na-

1948 2350 2092 2400 tura:
2124 2348 2432 2402 contrariis
2467 2350 2910 2418 concludamus)
2946 2350 3247 2421 prospicit.
3282 2352 3600 2422 Respiciens

1947 2451 2044 2505 per
2089 2437 2250 2502 retia,
2284 2436 2393 2491 hoc
2440 2440 2550 2507 est,
2581 2437 2903 2508 inspiciens
2951 2454 3054 2507 per
3100 2443 3368 2496 mutuam
3418 2439 3601 2494 virtu-

1948 2529 2070 2578 tum
2132 2525 2571 2579 connexionem.
2607 2524 2751 2579 Nam
2812 2526 2862 2581 si
2925 2526 3209 2582 fenestras
3259 2543 3386 2598 quae
3433 2526 3602 2582 dictas

1947 2616 2107 2681 sunt,
2139 2612 2525 2668 habuerimus
2557 2618 2787 2685 apertas
2820 2614 2953 2669 illas
2986 2616 3247 2685 quidem,
3276 2617 3375 2671 sed
3404 2621 3603 2671 tamen

1946 2700 2029 2755 ita
2061 2706 2263 2757 mutuo
2312 2702 2621 2768 virtutum,
2655 2703 2869 2758 retium
2913 2703 3121 2775 instar,
3156 2709 3309 2759 recte
3355 2702 3602 2776 compli-

1946 2798 2211 2846 catarum
2262 2796 2533 2847 contextu
2585 2793 3007 2861 communitas,
3032 2799 3096 2847 ut
3145 2793 3309 2848 nulla
3339 2810 3408 2849 ex
3436 2792 3600 2849 volu-

1946 2880 2162 2948 cribus,
2187 2897 2253 2936 ex
2285 2880 2468 2936 aereis
2500 2881 2781 2937 nimirum
2810 2883 3142 2953 spiritibus,
3167 2882 3366 2939 nullus
3394 2883 3599 2938 furtim

1945 2968 2333 3039 ingrediatur,
2368 2974 2542 3040 atque
2573 2970 2939 3026 reconditum
2973 2971 3031 3025 in
3067 2972 3236 3028 nobis
3267 2971 3475 3027 divinas
3508 2971 3599 3027 di-

1945 3057 2202 3128 sciplina:
2234 3075 2434 3114 semen
2463 3065 2837 3130 corrumpat:
2873 3060 3111 3131 respicit
3139 3061 3196 3116 in
3223 3078 3328 3117 nos
3352 3078 3455 3133 per
3476 3062 3597 3117 haec

1945 3148 2110 3213 retia,
2144 3148 2405 3218 ipsarum
2432 3148 2710 3203 virtutum
2743 3150 3020 3213 essentia,
3052 3149 3178 3220 ipse
3198 3150 3470 3206 videlicet
3500 3152 3599 3222 qui

190 3255 242 3288 τε
290 3238 373 3289 καὶ
423 3236 693 3312 ἁγιασμὸς
752 3235 840 3289 καὶ
918 3233 1319 3310 ἀπολύτρωσις,
1381 3234 1677 3307 μονογενὴς
1735 3231 1824 3286 αύ-

1952 3240 2123 3295 factus
2152 3215 2231 3292 est
2260 3237 2414 3292 nobis
2444 3254 2477 3291 a
2511 3239 2615 3291 Deo
2648 3239 2920 3309 sapientia
2949 3244 3001 3292 et
3020 3215 3243 3309 justitia
3272 3248 3324 3295 et
3350 3215 3595 3310 sanctiﬁ-

192 3330 280 3380 τού
310 3329 432 3389 Υἱὸς
464 3328 551 3381 καὶ
584 3328 791 3402 Λόγος.

246 3506 380 3565 Ἰδοῦ
415 3509 568 3569 οὗτος
614 3502 836 3578 ἔστηκεν
896 3506 1171 3562 ὀπίσωτοῦ
1223 3508 1422 3581 τοίχου
1479 3508 1643 3578 ἡμῶν
1720 3525 1826 3559 πα-

192 3599 463 3674 ρακύπτων
535 3595 623 3652 διὰ
702 3601 810 3653 τῶν
888 3595 1142 3671 θυρίδων,
1220 3595 1497 3650 ἐκκύπτων
1578 3592 1666 3649 διὰ
1720 3599 1825 3649 τῶν

194 3684 435 3742 δικτύων.

876 3773 1123 3830 ινελλοῦ.

252 3864 450 3936 Ἰὂηοὺ,
484 3868 638 3943 φσὶν,
672 3862 939 3935 ἐλήλυθεν
970 3865 997 3919 6
1028 3865 1207 3938 Λόγος
1235 3862 1323 3917 καὶ
1354 3863 1609 3937 νυμφίος,

188 3954 243 4009 Ὀ
263 3960 525 4009 κατοικῶν
550 3955 659 4008 ἀπὸ
688 3953 901 4022 Βαιθήλ
926 3960 1025 4021 τῆς
1060 3950 1172 4006 ἄνω
1210 3952 1511 4020 κατοικίας,

188 4040 400 4098 Οὐδέπω
432 4041 476 4097 δ’
509 4041 859 4113 εἰσελήλυθεν
888 4040 1034 4103 ἐντὸς
1065 4045 1161 4096 τοῦ
1188 4035 1508 4115 περιϐόλου,

186 4131 315 4187 ’Λλλ
347 4132 535 4203 ἔξωθεν
568 4132 856 4204 ἱστάμενος
887 4130 1158 4201 ἐξόπισθεν
1190 4135 1286 4185 τοῦ
1317 4129 1536 4205 τοίχου,

189 4222 276 4275 Διά
302 4220 531 4296 θυρίδων
564 4220 764 4285 ἔσωθεν
797 4219 967 4276 ἐθὲλει
994 4219 1382 4295 παρακύπτειν.

189 4310 255 4362 Σὺ
283 4308 339 4365 δέ
372 4333 464 4383 μοι
494 4317 691 4386 τοῖχον
723 4310 958 4385 γίνωσκε
978 4310 1068 4363 τὸν
1100 4310 1268 4379 νόμον
1300 4312 1390 4363 τὸν
1424 4309 1679 4384 ἀρχαῖον,

186 4398 281 4455 Τὸν
313 4399 647 4472 ἐμποιοῦντα
675 4402 775 4468 τὴν
805 4400 955 4454 σκιὰν
985 4398 1074 4453 καὶ
1105 4396 1318 4468 πλάνην
1350 4402 1455 4452 τῶν
1488 4398 1817 4474 ἀνθρώπων·

185 4486 400 4563 Θυρίδας
432 4487 596 4544 δὲκαὶ
633 4487 843 4557 δίκτυα,
873 4493 981 4543 τῶν
1014 4492 1312 4563 προφητῶν
1341 4492 1467 4546 τοῦς
1498 4486 1718 4562 λόγους.

1942 3328 2086 3381 eatio
2144 3337 2197 3381 et
2253 3326 2555 3399 redemptio
2591 3328 2656 3397 '9,
2711 3326 3051 3398 unigenitus
3112 3328 3240 3397 ejus
3304 3328 3483 3383 Filius
3539 3332 3597 3384 et

1945 3417 2219 3472 Verbum.

2013 3509 2144 3560 Ecce
2174 3505 2267 3560 hic
2301 3507 2452 3561 stetit
2495 3510 2614 3576 post
2664 3507 2933 3575 parietem
2981 3509 3251 3574 nostrum,
3284 3507 3596 3576 respiciens

1938 3610 2036 3665 per
2064 3596 2357 3664 fenestras,
2390 3595 2734 3667 prospiciens
2762 3612 2863 3667 per
2893 3596 3054 3652 retia.

2666 3774 2859 3829 Psetti.

2006 3864 2172 3934 Ecce,
2224 3864 2437 3935 inquit,
2471 3863 2719 3919 Verbum
2773 3868 2830 3919 et
2875 3879 3131 3936 sponsus
3178 3862 3354 3933 venit,
3396 3862 3583 3919 demi-

1934 3970 2111 4025 grans
2142 3970 2210 4008 ex
2240 3953 2464 4019 Bethel,
2496 3970 2526 4008 e
2550 3970 2805 4025 superna
2835 3953 3007 4007 domo
3043 3970 3055 4007 :
3091 3953 3353 4008 nondum
3386 3956 3581 4007 autem

1934 4044 2045 4098 sub
2076 4048 2296 4098 tectum
2346 4042 2607 4097 introivit
2640 4059 2652 4097 :
2688 4042 2787 4097 sed
2823 4041 2962 4097 foris
2999 4046 3164 4097 stans
3214 4045 3347 4113 post
3396 4040 3583 4112 parie-

1934 4138 2072 4198 tem,
2121 4147 2222 4201 per
2279 4131 2567 4187 fenestras
2623 4131 2750 4186 vult
2804 4130 3207 4201 introspicere.
3240 4131 3325 4186 Tu
3384 4134 3581 4185 autem

1934 4221 2077 4275 mihi
2110 4237 2214 4291 per
2256 4220 2538 4291 parietem
2583 4220 2768 4290 legem
2802 4220 3107 4289 antiquam
3141 4218 3421 4287 intellige,
3454 4234 3585 4273 um-

1931 4310 2099 4365 bram
2129 4313 2187 4364 et
2215 4324 2441 4365 errores
2473 4308 2815 4363 hominibus
2847 4309 3209 4379 injicientem
3246 4324 3259 4362 :
3296 4324 3397 4378 per
3427 4308 3585 4362 fene-

1932 4404 2086 4454 stras
2106 4414 2240 4453 vero
2262 4403 2317 4453 et
2348 4398 2514 4461 retia,
2540 4397 2779 4452 oracula
2807 4397 3248 4468 prophetarum.
3272 4395 3417 4452 Nam
3452 4400 3586 4451 ante

1931 4487 2111 4542 divini
2138 4487 2309 4542 Verbi
2360 4486 2825 4542 incarnationem
2873 4487 3249 4556 multifariam
3295 4486 3586 4556 multisque

186 4576 272 4632 Καὶ
304 4580 404 4653 γὰρ
434 4580 541 4654 πρὸ
569 4586 671 4647 τῆς
720 4579 1045 4654 σαρκώσεως
1073 4582 1171 4632 τοῦ
1213 4577 1562 4652 θεανθρώπου
1611 4576 1815 4651 Λόγου,

1952 4578 2098 4633 nodis
2129 4577 2331 4631 locutus
2360 4585 2438 4631 est
2455 4576 2520 4631 ⁸ο.
2555 4574 2666 4631 Sed
2716 4574 2857 4646 quid
2913 4592 3131 4646 sponsa
3179 4575 3355 4645 dicat,
3389 4574 3580 4630 consi-

185 4664 504 4743 Ηολυμερῶς
536 4667 779 4739 ἐλάλησε
807 4668 894 4723 καὶ
921 4668 1060 4722 πάνυ
1089 4664 1479 4741 πολυτρόπως.

187 4754 328 4810 Ἀλλ’
358 4757 490 4833 ὅπερ
522 4755 675 4832 λέγει
702 4759 823 4821 καθ’
869 4756 1057 4831 εἱρμὸν
1090 4758 1125 4826 ἡ
1146 4755 1333 4831 νύμφη
1366 4754 1687 4826 σκοπητὲον.

247 4844 618 4922 ’Δποκρίνεται
645 4848 674 4899 6
705 4843 997 4924 ἀδελφιδός
1032 4866 1157 4919 μου,
1191 4842 1336 4920 λέγει
1362 4866 1453 4916 μοι
1480 4863 1493 4878 ·

187 4931 414 5003 Ἀνάστα,
466 4934 614 5003 ἐλθὲ,
670 4937 705 5003 ἡ
764 4932 1000 5005 πλησίον
1065 4956 1192 5008 μου,
1241 4934 1383 5004 καλή
1449 4955 1575 5007 μου,
1624 4938 1657 5004 ἡ
1714 4956 1814 4990 πε-

1414 5025 1634 5099 ριστερά
1667 5027 1816 5099 μου.]

187 5109 340 5180 Ἐπεὶ,
372 5113 559 5187 φησὶν,
592 5112 857 5183 ἐλήλυθεν
888 5114 914 5166 6
948 5112 1116 5188 Λόγος
1147 5113 1235 5167 καὶ
1263 5113 1514 5190 νυμφίος,

184 5198 230 5249 ’0
248 5206 361 5264 ταῖς
390 5204 697 5276 προφήταις
728 5202 1019 5277 χρώμενος
1048 5197 1229 5275 ὥσπερ
1260 5202 1367 5255 τισὶ
1402 5202 1599 5276 θυρίσι,

184 5290 329 5342 Τοῦτο
358 5290 422 5343 τὸ
452 5295 666 5360 πρῶτον
697 5289 909 5364 εἷρηκεν
943 5287 1136 5353 ἔσωθεν
1168 5288 1529 5365 παρακύπτων
1566 5310 1578 5323 ’

184 5372 448 5447 Ἀνάστηθι
478 5384 574 5433 τοῦ
604 5379 901 5451 πτώματος
927 5385 1027 5447 τῆς
1057 5378 1269 5450 πλάνης
1302 5380 1391 5434 καὶ
1421 5384 1517 5435 τοῦ
1549 5380 1809 5451 σκὸπους,

185 5466 261 5516 Καὶ
291 5467 562 5539 πρόσελθέ
595 5490 689 5541 μοι
715 5470 985 5544 καθαρῶς.
1016 5468 1105 5522 καὶ
1136 5469 1282 5543 γίνου
1321 5490 1413 5541 μοι
1442 5469 1704 5539 πλησίον.

184 5550 309 5627 Εἶτα,
342 5558 529 5635 φησὶν,
561 5558 737 5629 ἐξεῖπε
763 5578 857 5630 μοι
886 5558 976 5612 καὶ
1006 5554 1134 5611 τάδε
1155 5558 1290 5633 πρὸς
1318 5563 1432 5620 τοῖς
1469 5556 1662 5624 ἄλλοις
1690 5580 1701 5591 ·

239 5680 280 5716 ’⁸
306 5684 328 5737 Ι
356 5683 487 5741 Cor.
521 5701 560 5753 ι,
594 5686 684 5741 30.
763 5685 809 5720 ³ο
837 5684 1012 5741 Hebr.
1046 5702 1084 5753 ι,
1119 5686 1170 5741 1.

483 5814 748 5877 Panos.
797 5815 910 5876 Gs.
955 5812 1195 5877 CXXII.

1931 4683 2151 4723 remus.

1996 4846 2294 4919 Respondet
2334 4845 2721 4903 consobrinus"
2747 4860 2919 4910 meus,
2952 4853 3003 4899 et
3032 4843 3168 4899 dicit
3218 4845 3359 4899 mihi
3388 4862 3405 4898 :
3438 4843 3577 4900 Sur-

1924 4952 2007 5006 ge,
2054 4936 2199 5004 veni,
2254 4934 2563 5005 propinqua
2622 4948 2764 5003 mea,
2811 4934 3058 5001 formosa
3113 4947 3264 5001 mea,
3324 4932 3576 4988 columba

1925 5040 2065 5080 mea.

1997 5112 2308 5181 Quoniam,
2340 5112 2554 5183 inquit,
2584 5110 2740 5166 venit
2768 5110 3027 5166 Verbum
3068 5115 3125 5166 et
3165 5127 3441 5182 sponsus,
3475 5111 3578 5183 qui

1929 5202 2226 5274 prophetis
2254 5206 2533 5271 tanquam
2578 5201 2851 5256 fenestris
2881 5200 3238 5271 quibusdam
3274 5216 3420 5255 usus
3453 5205 3577 5270 est;

1926 5293 2035 5347 hoc
2079 5290 2335 5362 primum
2369 5290 2514 5344 dixit
2562 5289 2974 5361 introspiciens
3010 5306 3022 5344 :
3058 5290 3241 5357 Surge
3289 5290 3361 5344 de
3406 5288 3579 5360 lapsu

1925 5382 2139 5438 erroris
2172 5387 2229 5436 et
2272 5380 2566 5448 tenebris;
2618 5384 2676 5435 et
2726 5385 2796 5435 ad
2849 5396 2941 5435 me
2990 5380 3215 5451 puriter
3261 5380 3493 5447 accede,
3524 5385 3583 5436 et

1927 5471 2072 5528 mihi
2104 5470 2436 5542 propinqua
2475 5470 2724 5526 efﬁcere.
2760 5470 2977 5525 Deinde
3006 5469 3149 5536 haec,
3182 5468 3399 5541 inquit,
3432 5486 3578 5541 pra:-

1927 5569 2015 5619 ter
2045 5560 2159 5617 alia
2190 5560 2334 5616 mihi
2369 5559 2514 5615 dixit
2546 5575 2560 5615 :

3172 5813 3246 5874 19
