4042 6198
361 309 479 369 587

440 444 570 498 Ecce
622 440 799 496 hiems
852 441 1103 510 transiit,
1151 439 1329 494 imber
1369 440 1532 506 abiit,
1581 439 1801 494 recessit
1852 437 1961 492 sibi

365 531 528 601 ﬂores
566 533 948 601 apparuerunt
991 531 1051 584 in
1102 538 1255 584 terra
1286 546 1304 582 :
1333 532 1543 600 tempus
1588 528 1894 600 putationis
1922 526 2029 582 ad-

363 621 544 675 venit.

440 706 750 775 Quoniam,
792 707 1005 779 inquit.
1054 712 1327 762 naturam
1377 706 1710 762 daemonum
1746 722 1778 761 a
1808 703 2027 775 quibus

367 797 631 852 humana
682 799 897 851 natura
947 795 1317 868 congelatur,
1349 798 1406 849 et
1450 795 1615 867 pigra
1644 799 1821 866 atque
1867 793 2027 847 iners

367 903 612 958 prorsus
663 886 733 941 ad
786 889 939 941 recte
984 885 1271 955 agendum
1322 884 1610 948 redditur,
1644 882 2021 955 proﬂigavit:

369 979 547 1047 atque
594 974 722 1030 ideo
779 973 967 1028 hiems
1017 972 1324 1028 charitatis
1375 972 1683 1039 abscessit,
1729 975 1787 1026 et
1832 970 2027 1042 gravis

366 1064 556 1119 imber
584 1063 779 1119 omnis
812 1062 957 1119 abiit
988 1079 1055 1117 ac
1088 1062 1333 1118 deﬂuxit
1368 1078 1381 1116 :
1416 1066 1472 1117 et
1509 1061 1845 1133 jucundum
1876 1058 2025 1115 veri-

364 1153 506 1207 tatis
538 1156 802 1207 exortum
838 1157 929 1207 est
974 1168 1072 1206 ver
1105 1168 1117 1205 :
1154 1151 1358 1207 ﬂorere
1386 1153 1560 1222 cmpit
1592 1149 1786 1217 tellus,
1817 1156 2029 1204 natura

370 1256 585 1311 nempe
643 1240 929 1295 humana.
994 1247 1233 1311 Iempus
1290 1242 1595 1311 putationis
1635 1241 1758 1311 jam
1814 1239 1963 1293 venit
2006 1262 2026 1300 ,-

365 1328 598 1401 legendi
657 1333 798 1384 sunt
858 1329 1050 1395 ﬂores,
1105 1330 1152 1384 si
1205 1328 1291 1384 vis
1352 1328 1600 1384 corollas
1657 1345 1726 1384 ex
1782 1327 2026 1383 ﬂoribus

365 1422 696 1474 contexere.
744 1420 1061 1473 Hominum
1124 1419 1278 1473 enim
1334 1423 1544 1474 natura
1575 1433 1750 1489 quam
1806 1421 2024 1472 terram

364 1506 703 1578 appellavit,
767 1506 939 1561 idolis
1003 1511 1060 1562 et
1118 1507 1310 1561 fraudi
1370 1507 1651 1562 cervicem
1711 1505 2023 1573 inclinans,

368 1594 595 1651 nullam
637 1596 923 1649 virtutum
975 1595 1230 1667 speciem
1284 1596 1533 1665 praebuit
1583 1596 1664 1664 (id
1714 1594 1869 1650 enim
1918 1593 2025 1651 ﬂos

369 1683 710 1755 signiﬁcat),
743 1684 1127 1739 acerbissima
1163 1701 1229 1739 ac
1266 1684 1787 1740 vehementissima
1834 1682 2027 1739 hieme

369 1772 730 1843 deceptionis
785 1772 843 1826 in
893 1772 1142 1844 glaciem
1195 1775 1431 1829 redacta
1483 1791 1549 1828 ao
1599 1773 2024 1845 propemodum

369 1861 617 1932 perdita.
655 1861 794 1926 Quis
824 1862 981 1917 enim
1016 1878 1078 1917 se
1121 1862 1178 1916 in
1220 1862 1400 1916 tantis
1431 1878 1694 1917 errorum
1741 1861 2024 1930 tenebris,

369 1950 607 2023 pietatis
658 1950 1083 2021 professionem
1143 1952 1315 2017 tueri,
1371 1951 1720 2007 modestiam
1770 1966 2025 2017 servare,

368 2038 819 2108 temperantiam
844 2038 1143 2110 amplecti,
1168 2038 1419 2095 osculari
1441 2040 1735 2110 justitiam
1760 2054 2022 2109 unquam

369 2129 717 2199 sperasset?
775 2133 849 2183 At
901 2129 1030 2200 jam
1092 2131 1256 2199 ﬂores
1320 2137 1697 2200 apparuerunt
1751 2130 1812 2183 in
1869 2134 2024 2183 terra

365 2222 573 2273 nostra.
607 2217 794 2290 Surge
843 2217 1046 2289 igitur,
1083 2224 1140 2274 et
1188 2235 1435 2274 coronas
1464 2218 1569 2273 tibi
1611 2235 1679 2274 ex
1707 2217 2021 2272 virtutibus

366 2310 515 2362 texe.
549 2308 627 2361 Ac
669 2306 878 2361 ﬂorum
928 2306 1097 2363 testis
1146 2308 1390 2363 minime
1423 2308 1777 2379 rejiciendus
1805 2312 1894 2362 est
1922 2305 2022 2360 ille

368 2410 695 2464 praecursor
724 2394 946 2466 gratiae,
980 2397 1393 2465 Pwnitentiam,
1428 2396 1723 2467 inquiens,
1757 2396 1905 2463 agite
1926 2396 1968 2429 ³¹
2004 2410 2018 2449 :

369 2484 468 2554 qui
504 2482 727 2539 multos
757 2500 825 2539 ex
857 2484 1112 2540 Hebraeis
1142 2485 1476 2557 baptizavit,
1505 2502 1637 2539 cum
1670 2485 1893 2539 videret
1922 2499 2022 2539 eos

371 2572 647 2628 ﬂorentes
700 2572 759 2628 in
814 2574 1200 2630 confessione.
1243 2575 1367 2629 Huc
1424 2574 1579 2629 enim
1637 2577 1903 2645 spectant
1954 2588 2022 2628 ea

372 2660 549 2717 verba
579 2661 949 2717 Canticorum
989 2680 1002 2718 :

446 2928 555 2984 Vox
580 2929 817 2984 tur-turis
847 2929 1042 2985 audita
1072 2942 1149 2987 est
1176 2934 1235 2987 in
1265 2941 1412 2987 terra
1439 2939 1647 2986 nostra.

435 3016 559 3072 Vox
613 3019 771 3074 enim
830 3019 1140 3075 clamantis
1203 3022 1311 3076 fuit
1366 3037 1691 3092 prazcursor
1749 3021 1878 3088 iste,
1912 3020 2013 3092 qui

366 3107 611 3177 passeri,
646 3108 883 3175 turturi,
915 3110 1160 3164 dexteras
1191 3114 1583 3181 comparatur.

437 3197 604 3253 Ficus
627 3198 859 3266 protulit
895 3214 1104 3269 grossos
1151 3216 1275 3255 suos
1306 3218 1325 3255 :
1355 3201 1533 3255 vineae
1577 3200 1772 3268 ﬂorent
1804 3216 1817 3254 :
1851 3198 2011 3254 dede-
2043 3183 2086 3251 Ο

368 3288 503 3338 runt
535 3284 771 3341 odorem.

437 3373 721 3430 Eumdem
773 3376 895 3431 haec
927 3378 1072 3432 forte
1120 3394 1359 3432 sensum
1409 3378 1628 3432 habent
1673 3394 1806 3432 cum
1840 3392 2015 3449 supe-

370 3461 644 3519 rioribus.
668 3465 868 3520 Ficum
900 3466 1056 3521 enim
1087 3483 1294 3521 rursus
1324 3466 1583 3537 intellige
1608 3471 1880 3522 naturam
1912 3466 2018 3520 bu-

369 3566 604 3606 manam
643 3569 655 3607 :
697 3568 956 3623 grossos,
1005 3553 1312 3609 inferiores
1354 3554 1597 3609 virtutes
1647 3572 1659 3609 :
1710 3554 1857 3610 vites
1908 3554 2018 3608 ﬂo-

369 3644 585 3709 rentes,
617 3641 845 3696 animas
878 3658 1005 3713 quas
1037 3642 1096 3695 in
1129 3648 1288 3698 recta
1317 3643 1543 3698 vivendi
1576 3646 1802 3699 ratione
1832 3660 1899 3699 ac
1930 3645 2020 3699 via

366 3728 641 3799 progredi
667 3731 792 3798 jam
825 3733 1148 3801 cmperunt.

436 3815 630 3884 Surge,
665 3819 807 3883 veni,
836 3821 1153 3889 propinqua
1179 3835 1323 3890 mea,
1351 3821 1604 3889 formosa
1634 3836 1776 3888 mea,
1808 3819 2017 3875 cntum-

368 3904 443 3959 ba
478 3921 623 3960 mea.

952 3996 1140 4052 Trium
1180 3998 1432 4051 Patrum.

438 4100 582 4155 Cum
616 4100 797 4172 igitur
827 4102 1108 4171 magistra
1146 4104 1347 4158 anima
1384 4104 1467 4159 ita
1497 4120 1558 4159 se
1590 4104 1648 4159 in
1682 4105 2022 4161 erudiendis

368 4188 838 4244 adolescentibus
869 4191 1244 4258 exercuisset,
1271 4194 1390 4264 jam
1426 4210 1553 4263 qua;
1585 4190 1713 4265 ipsa
1743 4210 1775 4248 a
1806 4210 2022 4264 sponso

368 4276 658 4343 didicerit,
683 4284 905 4333 narrat:
926 4279 1279 4351 Respondet,
1306 4283 1599 4352 inquiens,
1626 4299 1805 4354 nepos
1834 4299 2021 4352 meus,

368 4365 470 4437 qui
503 4383 834 4422 sermonem
865 4367 1133 4423 videlicet
1181 4386 1376 4425 meum
1409 4371 1479 4426 ad
1511 4370 1837 4443 discipulae
1887 4388 2021 4442 pro-

367 4456 481 4511 fert
512 4472 524 4509 :
551 4456 863 4527 respondet
883 4456 1135 4513 dilectus
1163 4475 1350 4526 meus,
1376 4464 1434 4514 et
1459 4459 1600 4514 dicit
1622 4460 1766 4515 mihi
1792 4478 1805 4515 :
1828 4461 2023 4532 Surge,

1699 303 2117 366 MICHAELIS
2166 280 2431 364 PSI'JLLI

2009 439 2107 503 :A

3659 302 3781 365 588

2214 430 2354 488 Ἰδοὺ
2406 434 2433 488 6
2502 433 2718 509 χειμὼν
2805 432 3107 509 παρῆλθεν,
3190 433 3217 487 6
3299 434 3448 496 ὑετὸς
3523 431 3795 503 ἀπῆλθεν,

2138 522 2401 597 ἐπὸρεόθη
2452 523 2666 594 ἒαυτῷ’
2722 541 2786 576 τα
2842 520 2977 593 ἄνθη
3029 518 3177 592 ὥθοη
3234 521 3286 577 ἰν
3324 526 3394 596 τῇ
3439 526 3531 597 γῇ,
3594 523 3622 577 ὁ
3666 543 3791 578 και-

2136 611 2227 684 ρὸς
2255 618 2354 680 τῆς
2386 617 2567 684 τομῆς
2598 607 2840 688 ἔφθασεν.

2202 702 2344 767 Ὅτι,
2375 702 2532 775 φησὶ,
2562 704 2873 776 κατήργησε
2900 700 3000 767 τὴν
3026 698 3186 774 φύσιν
3225 705 3333 754 τῶν
3353 694 3655 773 δαιμόνων,

2132 791 2238 859 Τήν
2271 787 2871 863 ἀποκρυσταλλώσασαν
2920 790 3020 858 τήν
3051 788 3209 865 φύσιν
3240 793 3349 844 τῶν
3371 789 3698 866 ἀνθρώπων,

2134 879 2237 936 Καὶ
2270 876 2507 950 δείξασαν
2537 878 2859 949 ἀναίσθητον
2879 876 3016 953 πρός
3034 878 3098 933 τὸ
3126 875 3297 933 καλὸν
3322 876 3574 948 τελείως,

2136 967 2424 1031 Κάντευθεν
2456 966 2799 1039 ἀπελήλαται
2832 968 3051 1043 χειμὼν
3083 970 3111 1022 6
3141 974 3241 1038 τῆς
3272 967 3497 1039 ἀπάτης,

2135 1058 2233 1113 Καὶ
2264 1062 2368 1120 πᾶς
2397 1054 2570 1120 δεινός
2596 1078 2678 1119 τις
2704 1057 2856 1118 ὑετὸς
2888 1055 3154 1125 ἀπῆλθεν,
3188 1055 3455 1133 ἀπεῤῥύη,

2135 1147 2232 1201 Καὶ
2263 1147 2323 1200 τὸ
2342 1147 2570 1221 τερπνὸν
2601 1144 2841 1201 ἀνέτειλε
2862 1153 2961 1215 τῆς
2986 1145 3243 1215 ἀληθείας
3271 1142 3363 1221 ἔαρ
3389 1167 3402 1179 ·

2133 1237 2194 1292 Ἣ
2225 1242 2293 1309 γῆ
2327 1232 2372 1289 δ’
2403 1237 2577 1299 ἀνθεῖν
2607 1236 2904 1308 ἀπήρξατο,
2938 1234 3093 1313 φύσις
3124 1238 3159 1305 ἡ
3190 1240 3297 1290 τῶν
3318 1237 3639 1309 ἀνθρώπων,

2134 1326 2330 1400 Καιρὸς
2381 1322 2437 1379 δὶ
2521 1326 2759 1402 πέφθακε
2842 1322 3036 1380 λοιπόν
3106 1332 3287 1398 τομῆς
3359 1328 3458 1393 τῆς
3532 1329 3641 1379 τῶν
3692 1325 3792 1379 ἀν-

3595 1415 3792 1489 θέων,]

2134 1502 2201 1559 Εἴ
2233 1503 2427 1579 βούλῃ.
2459 1503 2851 1560 κατασκεόασον
2896 1506 3185 1584 στεφάνους
3214 1504 3265 1575 ἐξ
3295 1504 3513 1567 ἀνθέων.

2134 1594 2198 1648 Ἡ
2228 1597 2334 1648 τῶν
2371 1594 2669 1670 ἀνθρώπων
2705 1594 2861 1669 φύσις
2890 1595 2987 1669 γὰρ
3019 1592 3084 1663 ἤν
3115 1601 3217 1669 γῆν
3252 1596 3278 1649 6
3302 1592 3468 1668 λόγος
3501 1595 3672 1661 εἶπεν,

2133 1680 2407 1746 Εἷδώλοις
2439 1682 2773 1739 ὑποκλίνασα
2800 1683 3099 1758 καὶπλάνῃ
3126 1685 3216 1738 τὸν
3249 1681 3470 1758 αὐχένα,

2054 1812 2101 1878 Β
2136 1768 2292 1833 Εἶδος
2326 1770 2424 1827 οὐκ
2453 1773 2595 1847 εἶχεν
2625 1773 2826 1847 ἀρετῶν
2861 1777 3039 1843 (τοῦτο
3068 1772 3169 1847 γάρ
3200 1770 3358 1836 ἄνθος
3388 1768 3546 1845 νόει),

2131 1865 2207 1878 ηλι-
2257 1858 2280 1878 δ
2470 1861 2480 1876 ο
2672 1862 2684 1878 \
2848 1859 2870 1878 Ἀ
2918 1867 2944 1876 ~
3154 1866 3178 1876 υ
3333 1866 3358 1875 α-
3466 1868 3492 1878 ο

2131 1865 2221 1932 Ἱῷ
2254 1858 2567 1936 δριμυτάτῳ
2597 1862 2686 1916 καὶ
2737 1859 2957 1939 σφοδρῷ
3007 1866 3244 1937 χειμῶνι
3293 1866 3372 1933 τῷ
3426 1868 3528 1930 τῆς
3566 1859 3788 1932 πλάνης

2132 1948 2619 2024 Κρυσταλλωθεῖσα
2648 1951 2734 2005 καὶ
2772 1948 2969 2027 σχεδὸν
3002 1949 3456 2014 ἐναπολλυθεῖσα.

2129 2039 2217 2101 Τίς
2248 2039 2349 2115 γὰρ
2380 2035 2651 2107 ἠλπίσατό
2678 2061 2810 2095 ποτε
2838 2048 2937 2109 τῆς
2969 2039 3181 2110 πλάνης
3222 2040 3597 2110 σκοτιζοόσης,

2132 2130 2329 2199 Τηρεῖν
2356 2126 2763 2202 ἐξομολίγησιν,
2798 2127 3086 2205 φυλάττειν
3109 2128 3487 2206 σωφροσύνην,

2130 2217 2478 2292 Ἐγκράτειαν
2512 2218 2860 2287 ἀσπάζεσθαι,
2890 2216 3068 2295 φιλεῖν
3094 2215 3439 2287 δικαιοσύνην

2130 2304 2285 2361 Ἀλλ’
2314 2303 2421 2375 ἤδη
2454 2309 2671 2370 πάντως
2697 2306 2932 2376 ἤνθηκεν
2959 2309 2993 2376 ἡ
3019 2314 3112 2382 γῆ.
3141 2307 3345 2361 Λοιπὸν
3373 2306 3591 2375 ἀνάστα,

2132 2392 2232 2449 Καὶ
2266 2391 2566 2448 σπούδασον
2600 2394 2650 2464 ἕξ
2680 2394 2883 2470 ἀρετῶν
2908 2395 3203 2465 στεφάνους
3236 2416 3321 2449 σοι
3351 2393 3649 2465 πλαγῆναι.

2129 2483 2227 2536 Καὶ
2262 2484 2465 2555 μάρτυς
2501 2484 2918 2560 ἀπαράγραπτος
2950 2483 3186 2561 ὑπάρχει
3216 2488 3323 2539 τῶν
3357 2483 3558 2539 ἀνθέων

2128 2573 2184 2625 Ὁ
2215 2569 2529 2647 πρόδρομος
2562 2580 2661 2642 τῆς
2693 2572 2938 2648 χάριτος,
2974 2572 3150 2648 λέγων
3188 2592 3199 2605 ’
3234 2579 3557 2631 Μετανοεῖτε
3578 2591 3593 2605 ⁸

2126 2664 2311 2723 ’Ὁστις
2340 2660 2583 2723 πολλοῦς
2614 2656 2866 2717 ἐϐάπτισε
2893 2666 2991 2716 τοῦ
3020 2662 3206 2737 γένους
3238 2666 3343 2717 τῶν
3376 2656 3670 2736 Ἐϐραίων,

2126 2748 2276 2807 Ἰδὼν
2309 2751 2505 2812 αὐτοὺς
2537 2751 2865 2821 ἀνθήσαντας
2898 2748 2949 2805 ἐν
2977 2748 3390 2827 ἐξομολογήσει.

2127 2839 2339 2898 Τούτου
2369 2841 2469 2915 γάρ
2499 2840 2661 2914 χάριν
2693 2838 2905 2915 ε’ίρηκεν
2939 2841 2967 2893 6
2997 2837 3160 2917 λόγος
3189 2845 3295 2895 τῶν
3324 2838 3611 2913 ’Δσμάτων
3649 2859 3664 2873 ·

2198 2931 2363 2998 Φωνὴ
2396 2935 2495 2998 τῆς
2521 2930 2781 3003 τρυγόνος
2812 2930 3055 2999 ἠκούσθη
3091 2928 3143 2984 ἐν
3170 2933 3237 3003 τῇ
3269 2933 3341 3005 γῇ
3373 2932 3558 3000 ἡμῶν,

2126 3020 2289 3086 Φωνή
2327 3019 2565 3093 βοῶντος
2599 3019 2827 3087 πέφυκεν
2861 3019 2888 3073 ὁ
2920 3016 3239 3094 πρόδρομος
3268 3018 3368 3095 γάρ
3393 3019 3573 3090 οὗτος,

2126 3109 2403 3180 Στρουθῷ,
2435 3107 2680 3183 τρυγόνι,
2706 3105 2862 3180 δεξιῷ
2894 3107 3270 3183 παρεικασθεὶς
3308 3112 3387 3179 τῷ
3419 3105 3591 3183 λόγῳ.

2195 3197 2255 3251 Ἠ
2289 3204 2422 3264 συκῆ
2458 3196 2705 3270 ἐξήνεγκε
2727 3196 2855 3258 τοὺς
2889 3195 3153 3260 ὀλύνθους
3184 3195 3370 3265 αὐτῆς.
3396 3196 3461 3251 Δὶ

2123 3282 2351 3359 ἄρπελοι
2382 3284 2749 3359 κυπρίζουσιν,
2782 3282 2984 3339 ἔδωκαν
3020 3285 3221 3357 ὀσμήν.

2123 3375 2297 3431 Τοῦτο
2327 3374 2519 3428 ταυτόν
2548 3395 2600 3427 τι
2631 3394 2833 3449 πεφυκε
2857 3373 3001 3446 τάχα
3030 3380 3145 3435 τοῖς
3175 3374 3559 3449 προῤῥηθεῖσι.

2128 3468 2305 3531 Συκῆν
2336 3462 2437 3537 γάρ
2466 3463 2619 3524 αὖθις
2654 3464 2853 3532 νόησον
2884 3463 2988 3530 τήν
3010 3462 3168 3541 φύσιν
3204 3467 3317 3517 τῶν
3350 3463 3680 3539 ἀνθρώπων,

2126 3550 2423 3613 Ὀλ·5νθους
2459 3548 2516 3606 δὲ
2546 3556 2653 3605 τῶν
2677 3551 2881 3624 ἀρετῶν
2911 3552 3007 3613 τὰς
3039 3548 3445 3627 ὑποδεεστέρας.

2126 3638 2435 3712 Ἀμπέλους
2464 3638 2628 3695 πάλιν
2647 3640 2897 3716 γίνωσκε,
2930 3637 3183 3712 δέσποτα,
3213 3640 3602 3716 κυπριζούσας,

2128 3728 2323 3803 Ψυχὰς
2345 3729 2668 3804 προκόπτειν
2704 3727 2777 3791 εἷς
2809 3728 2979 3784 καλόν
3012 3727 3372 3805 ἔναρξαμένας
3400 3725 3535 3798 ἤδη.

2196 3821 2445 3887 Ἀνάστα,
2499 3816 2641 3889 ἐλθὲ,
2701 3820 2735 3889 ἡ
2817 3819 3056 3890 πλησίον
3120 3833 3250 3894 μου,
3304 3818 3447 3890 καλή
3500 3840 3631 3891 μου,
3690 3839 3788 3874 πε-

2131 3909 2345 3987 ριστερά
2380 3930 2512 3982 μου.

2699 4002 2822 4055 Τῶν
2855 4000 2903 4073 γ’
2937 3995 3212 4072 Ματέρων.

2200 4102 2357 4161 Οὕτω
2403 4107 2584 4159 τοίνυν
2646 4108 2679 4175 ἡ
2743 4102 3071 4167 διδάσκαλος
3128 4104 3282 4179 ψυχὴ
3344 4101 3795 4178 ἀπασχολήσασα

2132 4195 2325 4263 ἑαυτὴν
2380 4198 2446 4267 τῇ
2489 4192 2850 4264 δισδασκαλίᾳ
2894 4198 3001 4248 τῶν
3057 4192 3536 4265 μαθητευομὲνων,
3595 4190 3808 4247 λοιπὸν

2132 4284 2263 4357 ἅπερ
2295 4283 2430 4351 αῦτὴ
2467 4282 2720 4355 μανθάνει
2770 4282 2916 4355 παρά
2960 4285 3058 4336 τοῦ
3108 4280 3345 4358 νυμφίου
3375 4280 3535 4359 φησίν
3573 4299 3588 4312 ·
3620 4281 3811 4336 Ἀπο-

2128 4374 2365 4447 κρίνεται
2400 4373 2428 4426 ό
2483 4370 2776 4447 ἀδελφιδός
2832 4392 2935 4445 μου
2963 4393 2976 4405 ·
3030 4372 3172 4441 ἢτοι,
3208 4369 3344 4444 ἐμου
3385 4371 3522 4445 πρὸς
3552 4370 3652 4431 τὰς
3690 4392 3801 4442 μα-

2133 4463 2496 4535 θητευομένας
2559 4460 2894 4535 ποιουμένης
2960 4461 3050 4516 τὸν
3119 4458 3318 4536 λόγον,
3371 4458 3725 4533 ἀποκρίνεται
3770 4460 3806 4514 ὁ

364 4552 511 4617 veni,
543 4552 855 4621 propinqua
888 4568 1013 4605 mea
1045 4568 1063 4605 :
1098 4552 1303 4606 docere
1344 4553 1547 4608 desine
1578 4569 1705 4623 quas
1736 4571 1768 4607 a
1801 4570 1891 4608 me
1922 4569 2023 4625 per

2144 4552 2411 4625 ὶγαπητός
2477 4572 2603 4623 μου,
2663 4551 2752 4605 καὶ
2833 4549 2977 4626 λέγει
3034 4568 3169 4624 μοι’
3233 4549 3482 4619 Ἀνάστα,
3540 4547 3692 4618 ἐλθὲ,
3759 4552 3803 4619 ἡ

368 4638 695 4694 naturalem
729 4641 1129 4711 scriptamque
1160 4639 1345 4712 legem
1374 4643 1651 4713 mysteria
1681 4644 1749 4696 ad
1781 4659 1875 4697 me
1908 4660 2035 4714 per-

365 4727 613 4783 tinentia
643 4734 815 4783 antea
846 4728 1138 4784 dedicisti.
1166 4732 1252 4783 Ab
1286 4731 1356 4785 iis
1387 4747 1776 4802 consurgens,
1802 4736 1861 4786 tu
1899 4750 2031 4802 quae

367 4821 606 4888 propter
662 4817 1077 4889 perfectionem
1131 4834 1190 4872 es
1244 4819 1574 4891 propinqua
1626 4836 1777 4890 mea,
1828 4823 1899 4876 ad
1960 4838 2029 4878 ea

364 4906 655 4962 tradenda
686 4911 742 4962 te
773 4908 970 4962 confer
1015 4924 1140 4977 quae
1170 4924 1237 4961 ex
1270 4907 1391 4978 lege
1445 4912 1719 4964 constant
1750 4910 2026 4981 spiritali,

367 5000 424 5049 et
453 4994 545 5050 his
576 4994 746 5066 longe
778 4999 916 5049 sunt
955 4994 1387 5051 excellentiora.
1422 4998 1538 5068 Ego
1570 4997 1726 5052 enim
1760 4999 1858 5068 qui
1892 5016 2024 5054 sum

368 5088 578 5139 natura
610 5084 940 5138 immensus
980 5087 1036 5137 et
1085 5084 1369 5151 inﬁnitus,
1408 5085 1588 5139 nullis
1639 5101 1897 5156 unquam
1934 5104 2023 5142 re-

368 5190 497 5227 rum
532 5189 600 5227 ex
632 5172 879 5226 materia
910 5171 1307 5227 constantium
1342 5173 1612 5229 terminis
1636 5175 2021 5245 comprehen-

368 5262 494 5315 dar.
529 5261 727 5329 Itaque
758 5264 815 5314 te
845 5276 1078 5330 semper
1108 5266 1337 5331 oportet
1365 5262 1437 5316 ad
1471 5261 1752 5317 ulteriora
1781 5269 2019 5320 conten-

365 5352 523 5404 dere.
556 5350 812 5403 Farmosa
840 5364 982 5414 mea,
1012 5348 1269 5404 columba
1299 5367 1440 5405 mea.
1478 5351 1755 5406 Formosa
1784 5353 2017 5423 quidem

368 5453 518 5505 mea,
547 5441 841 5509 quatenus
870 5437 1150 5508 operibus
1197 5442 1253 5494 et
1300 5438 1603 5511 praeceptis
1634 5444 2017 5513 exsequendis

438 5633 481 5668 ³¹
522 5632 734 5688 Matth.
768 5650 853 5701 ui,
883 5634 938 5689 2.

3458 4634 3635 4655 ..δεδι

2140 4639 2377 4708 πλησίον
2437 4661 2560 4713 μου.
2608 4637 2829 4710 Δηλαδή
2876 4638 3159 4694 ἀνάνευσον
3220 4639 3327 4693 ἀπὸ
3389 4642 3487 4693 τοῦ
3517 4637 3811 4693 διδάσκειν

2137 4729 2204 4783 τὰ
2230 4731 2357 4804 παρ’
2386 4728 2522 4801 ἐμοῦ
2562 4726 2650 4784 διά
2689 4750 2748 4783 τε
2793 4733 2888 4783 τοῦ
2947 4733 3179 4806 φυσικοῦ
3235 4727 3325 4783 καὶ
3382 4731 3480 4782 τοῦ
3534 4731 3817 4801 γραπποῦ

2137 4820 2308 4892 νόμου
2339 4816 2774 4894 προδιδαχθέντα
2830 4839 2915 4872 σοι
2973 4818 3096 4893 περὶ
3139 4819 3275 4890 ἐμοῦ
3324 4818 3617 4890 μυστήρια.
3674 4815 3810 4873 Kcin

2133 4909 2339 4964 τούτων
2372 4908 2664 4985 ἐγερϐεῖσα,
2721 4905 2846 4971 ἐλθὲ
2887 4906 3057 4963 πάλιν
3107 4906 3183 4969 εὶς
3237 4907 3300 4961 τὸ
3333 4903 3679 4959 διδάσκεσθαι
3708 4901 3820 4959 διὰ

2134 5002 2227 5052 τοῦ
2252 5001 2620 5070 πνευματικοῦ
2666 4996 2841 5069 νόμου
2882 4995 2949 5050 τά
3007 4992 3084 5051 ἔτι
3133 4994 3339 5051 τούτων
3400 4991 3810 5068 ὑπερκείμενα,

2132 5089 2166 5156 ἡ
2228 5083 2317 5140 διὰ
2371 5084 2696 5155 τολειότητα
2753 5083 2915 5159 ἐγγύς
2975 5105 3102 5158 μου.
3165 5083 3245 5141 Οὐ
3302 5082 3819 5159 περιγραφήσομαι

2128 5180 2229 5252 γάρ
2261 5176 2392 5231 ποτέ
2419 5197 2525 5230 τισι
2563 5172 2871 5247 μετουσίαις
2904 5171 2939 5242 ἤ
2970 5174 3219 5245 τέρμασι,
3252 5172 3368 5225 κατ’
3396 5171 3584 5225 οὐσίαν
3619 5170 3816 5241 ὑπάρ-

2129 5285 2244 5341 χων
2298 5263 2517 5338 ἄπειρος
2572 5264 2659 5318 καὶ
2717 5263 2991 5337 ἀόριστος.
3046 5262 3145 5316 Καὶ
3207 5258 3295 5315 διὰ
3352 5258 3514 5315 τοῦτο
3565 5257 3689 5314 δέον
3745 5282 3819 5317 σε

2126 5361 2240 5415 τοῖς
2292 5353 2590 5429 ἔμπροσθεν
2648 5351 2910 5423 διηνεκῶς
2960 5350 3378 5415 ὲπεκτείνεσθαι.
3436 5347 3589 5418 Καλή
3651 5368 3813 5420 μου,

2125 5445 2414 5521 περιστερά
2476 5464 2603 5517 μου.
2655 5441 2805 5512 Καλή
2852 5462 2956 5515 μου
3014 5441 3109 5514 μὲν
3156 5440 3230 5502 ὡς
3284 5435 3668 5516 κεκαθαρμένη
3706 5440 3823 5495 καὶ
