3944 6210
382 294 493 355 591

1715 280 2132 343 MICHAELIS
2177 282 2450 343 PSELLI

3666 287 3761 347 592

377 426 633 499 Spiritus
676 423 865 481 sancti
917 420 1262 478 muneribus
1308 419 1597 475 decorata.
1631 418 1676 472 A
1724 431 1818 471 me
1867 414 1981 471 enii

2138 417 2324 469 σκιῶν,
2385 411 2490 468 Καὶ
2543 410 2669 466 ἐλθὲ
2720 411 2797 473 είς
2848 412 2910 467 τὸ
2941 408 3278 467 διδάσκεσθαι
3331 413 3396 467 τὰ
3423 417 3519 468 τοῦ
3552 415 3761 487 πνεύμαο

381 516 613 585 longius
646 511 1084 586 quodammodo
1124 508 1366 579 recedis,
1394 509 1535 563 dum
1568 506 1627 561 in
1658 504 1865 578 ﬁguris
1895 504 2026 561 des-

380 604 581 662 cendis
613 604 685 659 ad
731 602 1053 674 discipulas
1100 598 1474 665 erudiendas,
1508 596 1711 667 eisque
1762 595 2023 649 nondum

379 712 447 751 ea
478 711 605 766 quae
632 693 879 765 spiritus
903 694 1039 747 sunt
1068 686 1547 760 percipientibus,
1570 700 1749 741 sensu
1782 683 2025 756 pulchra

377 784 614 853 videris,
663 798 776 837 non
832 780 1063 851 spiritu.
1112 776 1331 832 Deinde
1379 774 1643 846 exposita
1690 790 1891 839 causa,
1921 789 2026 827 cur

377 875 451 942 ei,
486 876 548 928 ut
577 872 649 927 ad
682 888 743 926 se
787 870 1024 936 veniret,
1060 864 1430 937 praecepisset
1462 880 1474 919 ;
1511 863 1819 919 advenisse
1864 862 2020 918 enirn

377 970 608 1034 tempus
639 961 922 1015 adventus
944 956 1035 1011 sui
1064 955 1128 1011 in
1158 970 1332 1009 carne
1355 971 1369 1009 :
1391 953 1772 1024 quamobrem
1795 951 2024 1007 dicebat

377 1054 553 1108 etiam
575 1047 881 1119 discipulis
906 1045 1030 1101 suis
1053 1060 1067 1099 :
1089 1045 1337 1112 Surgite,
1353 1059 1538 1099 eamus
1558 1043 1689 1097 hinc
1703 1042 1748 1076 ³⁸
1768 1058 1779 1095 :
1799 1044 2021 1112 quanta

375 1156 508 1196 cum
548 1137 764 1192 ﬁducia
792 1134 984 1189 venire
1027 1134 1097 1188 ad
1150 1149 1211 1189 se
1258 1132 1482 1197 debeat,
1517 1148 1629 1186 non
1680 1129 2015 1185 declaravit.

373 1228 652 1294 Quocirca
675 1242 828 1281 nunc
850 1225 1026 1279 etiam
1061 1222 1203 1277 illud
1227 1222 1462 1293 exponit
1490 1237 1502 1275 :
1539 1221 1601 1276 Et
1632 1221 1778 1287 veni,
1811 1220 2015 1275 colum-

373 1321 442 1375 ba
469 1335 591 1373 mea
620 1318 680 1371 in
709 1317 944 1386 tegmine
981 1316 1173 1383 petrae.
1208 1311 1450 1375 Quando
1482 1313 1538 1365 te
1569 1306 1869 1379 discipula:
1901 1323 2017 1362 non

370 1410 720 1478 sequuntur,
770 1420 871 1475 per
918 1418 1010 1457 res
1058 1399 1370 1457 sensibiles
1420 1400 1723 1453 docentem
1772 1413 1840 1452 ea
1888 1412 2016 1466 qua:

370 1497 616 1568 spiritus
664 1499 835 1554 sunt;
886 1490 1037 1561 veni,
1066 1494 1127 1545 tu
1188 1488 1493 1560 spirilalis,
1540 1502 1689 1554 mea,
1724 1484 1825 1557 qui
1881 1500 2015 1539 sum

367 1582 777 1647 immutabilis,
823 1578 1157 1651 evangelica
1204 1576 1471 1631 doctrina
1513 1579 1741 1630 servata
1773 1590 1786 1629 :
1821 1572 1904 1629 sic
1952 1576 2018 1629 ut

372 1690 487 1728 non
520 1672 831 1727 abhorreat
861 1687 895 1724 a
925 1672 1348 1740 praeceptorum
1382 1664 1528 1736 legis
1555 1664 1785 1735 scriptae
1817 1663 2015 1718 obser-

369 1763 619 1818 vatione.
656 1762 770 1815 Lex
798 1760 955 1813 enim
987 1757 1207 1827 scripta
1252 1756 1441 1810 instar
1492 1751 1912 1825 propugnaculi
1943 1751 2016 1806 ab

371 1852 671 1907 actionum
704 1849 860 1903 vitiis
908 1845 1350 1918 praemuniebat,
1383 1849 1439 1898 et
1470 1844 1689 1915 ﬁguras
1737 1842 2017 1896 duntaxat

369 1938 629 1995 veritatis
670 1937 1016 1993 ostendebat
1049 1952 1061 1989 :
1097 1935 1312 2006 quibus
1344 1932 1545 1988 ordine
1583 1932 1654 1987 ad
1704 1930 2014 2003 perfectio-

370 2045 503 2083 nem
550 2027 632 2083 ita
672 2026 1043 2091 tendebatur,
1073 2030 1138 2078 ut
1189 2023 1435 2078 actionis
1466 2022 1704 2093 quidem
1736 2020 2012 2075 vitiorum

367 2118 793 2190 purgationem,
828 2114 1087 2185 ipsarum
1120 2111 1297 2168 etiam
1336 2110 1755 2182 cogitationum
1788 2109 2012 2178 impro-

361 2209 569 2263 barum
602 2203 1193 2274 ablutio,figurarum
1225 2206 1420 2256 autem
1451 2197 2009 2271 contemplationem

361 2295 646 2366 spiritalis
685 2293 755 2349 ad
783 2292 1089 2347 veritatem
1137 2289 1428 2361 provectio
1478 2293 1840 2361 sequeretur.
1873 2287 2007 2351 Quae

358 2384 596 2456 quidem
623 2384 791 2438 docet
818 2380 909 2436 lex
938 2379 1181 2451 spiritus
1212 2396 1224 2433 :
1252 2378 1626 2449 Evangelium
1654 2376 1921 2433 videlicet
1948 2377 2006 2431 in

357 2490 472 2545 quo
504 2472 760 2543 tegimur
782 2488 816 2525 a
835 2468 1091 2541 spiritali
1125 2473 1310 2540 petra,
1337 2467 1457 2538 qui,
1485 2471 1548 2521 ut
1569 2467 1740 2522 divus
1762 2465 1839 2521 ait
1860 2469 2008 2537 Apo-

355 2563 543 2618 stolus
565 2563 631 2629 ³⁸³,
651 2560 917 2616 Christus
966 2562 1076 2614 est.
1103 2557 1197 2612 Sic
1227 2556 1409 2629 igitur
1456 2571 1736 2627 sponsam
1766 2572 2001 2623 vocans,

354 2652 496 2723 quid
539 2650 816 2721 deinceps
845 2647 1001 2716 velit,
1036 2646 1292 2702 ostendit
1326 2664 1338 2701 :
1374 2644 1652 2701 nimirum
1686 2649 1751 2700 ut
1782 2645 2003 2700 umbrae

354 2739 622 2795 doctrina
653 2737 854 2793 relicta
882 2736 941 2791 in
974 2734 1183 2807 spiritu
1215 2740 1272 2790 et
1302 2734 1542 2790 veritate
1586 2734 1657 2789 ad
1691 2750 1754 2789 se
1780 2734 1999 2790 veniat.

2136 522 2227 563 τος
2253 499 2341 555 διὰ
2366 503 2465 570 τὴν
2518 502 2653 578 πρὸς
2688 501 2785 574 ἐμὲ
2834 500 3098 577 ἐγγύτητα
3156 502 3473 575 ὡραῖσμὲνη
3531 526 3621 576 μοι
3664 512 3758 569 τοῖς

2134 597 2230 646 τοῦ
2274 592 2539 669 παναγίου
2600 591 2916 664 Πνεύματος
2966 590 3348 667 ἐνεργήμασιν.
3402 596 3490 650 Ἐν
3550 597 3629 659 οἷς
3676 599 3756 672 γὰρ

2132 680 2334 754 τρόπον
2402 682 2521 736 τινὰ
2598 680 2842 755 μακρύνῃ
2898 680 2989 736 ἀπ’
3038 680 3176 754 ἐμοῦ
3238 688 3356 746 τοῖς
3411 683 3635 757 τύποις,
3687 684 3761 741 διὰ

2131 770 2225 832 τάς
2307 772 2745 843 μαθητευομένας
2804 766 3306 845 συγκαταϐαίνουσα
3341 819 3356 845 ,
3426 772 3478 828 ἐν
3538 774 3759 845 αὶσθήσει

2130 858 2271 929 καλή
2303 861 2392 914 καὶ
2424 860 2485 914 οὗ
2516 859 2803 932 πνεύματι,
2855 860 3077 924 ταύταις
3136 859 3339 931 δοκεῖς,
3393 863 3467 923 ὡς
3527 864 3602 935 μὴ
3658 884 3757 939 χω-

2131 947 2349 1018 ρούσαις
2380 948 2444 1003 τὰ
2472 953 2567 1003 τοῦ
2598 947 2929 1021 πνεύματος.
2964 952 3095 1006 Εἶτα
3132 948 3319 1019 ἐπειδή
3344 952 3442 1020 τὴν
3471 950 3564 1024 μὶν
3610 952 3757 1008 αίτίαν

2130 1033 2365 1106 ὑπέδειξε
2398 1034 2466 1090 δι’
2499 1038 2565 1105 ἧν
2602 1036 2875 1109 ἀπῄτησεν
2909 1038 3076 1106 αὐτὴν
3110 1039 3208 1106 τὴν
3242 1039 3379 1114 πρὸς
3411 1039 3569 1094 αὐτὸν
3618 1038 3758 1096 ἐπανο

2128 1123 2359 1193 ἐλευσιν,
2410 1124 2624 1197 διδάξας
2667 1125 2952 1204 ἐφθακέναι
3000 1128 3092 1182 τὸν
3138 1129 3328 1204 καιρὸν
3358 1131 3458 1197 τῆς
3515 1128 3565 1183 ἐν
3622 1132 3755 1205 σαρκὶ

2127 1214 2423 1290 ἐπιδημίας
2475 1218 2661 1288 αὐτοῦ,
2708 1220 2826 1282 καθ’
2876 1221 2935 1287 ἦν
2969 1220 3058 1274 καὶ
3089 1221 3227 1292 πρὸς
3252 1219 3382 1282 τοὺς
3413 1220 3643 1283 οἰκείους
3673 1244 3759 1295 μα-

2128 1307 2293 1375 θητάς
2358 1305 2509 1383 ἔλεγε
2572 1308 2656 1362 τόο
2736 1307 3073 1384 Ἐγείρεσθε,
3142 1306 3363 1384 ἄγωμεν
3423 1309 3658 1375 ἐντεῦθεν
3704 1313 3755 1367 τὸ

2128 1393 2203 1469 δὲ,
2260 1396 2311 1450 ἐν
2366 1397 2494 1468 ποίᾳ
2549 1397 2816 1475 ἀσφαλείᾳ
2874 1395 2958 1452 δεῖ
3013 1399 3150 1474 πρὸς
3200 1399 3353 1455 αὐτὸν
3427 1399 3628 1469 ταύτην
3675 1400 3756 1457 ἰλ-

2346 1488 2444 1543 οὖκ
2521 1486 2787 1561 ἐδήλωσε,
2868 1494 2955 1543 νῦν
3040 1490 3130 1544 καὶ
3205 1490 3403 1561 ταύτην
3482 1489 3761 1564 διδάσκων,

2127 1578 2307 1654 φησίνο
2397 1577 2492 1632 Καὶ
2569 1577 2690 1633 ἐλθὲ
2765 1578 2848 1650 σὺ,
2928 1581 3217 1653 περιστερά
3297 1601 3421 1653 μου,
3498 1579 3551 1636 ἐν
3610 1582 3757 1655 σκέπῃ

2124 1675 2221 1737 τῆς
2277 1670 2473 1743 πὲτρας
2508 1712 2520 1725 .
2573 1670 2843 1743 Ἐχὸμενα
2904 1674 2999 1723 τοῦ
3058 1670 3563 1745 προτειχίσματος·
3626 1672 3755 1740 ἤτοι,

2127 1754 2311 1825 ἐπειδή
2370 1778 2454 1811 σοι
2523 1758 2597 1830 μή
2625 1757 3081 1811 ἐπακολουθοῦσιν
3141 1759 3196 1812 αἱ
3256 1756 3661 1832 διδασκόμεναι,
3691 1757 3757 1814 διο

2125 1842 2394 1919 δασκούσῃ
2450 1849 2647 1909 ταύτας
2676 1844 2763 1900 διὰ
2791 1850 2897 1900 τῶν
2958 1846 3010 1901 ἐν
3043 1847 3289 1917 αἰσθήσει
3346 1848 3411 1902 τά
3461 1853 3561 1903 τοῦ
3618 1849 3758 1903 πνεύ-

2125 1954 2313 2005 ματος,
2373 1932 2497 1998 ἐλθέ
2551 1935 2634 2003 σὸ,
2668 1935 2703 2004 ἡ
2744 1937 3108 2007 πνευματικὴ,
3134 1939 3204 2009 τῇ
3235 1935 3341 2010 ἐμῇ
3373 1940 3469 1990 τοῦ
3498 1937 3749 2010 ἀτρίπτου

2120 2021 2442 2097 εὖαγγελικῇ
2500 2021 2845 2099 παιδαγωγίᾳ
2891 2023 3269 2100 φυλαττομένῃ
3322 2023 3642 2089 ἀκολούθως

2118 2111 2253 2165 κατά
2302 2110 2395 2173 τάς
2426 2110 2653 2175 ἰντολάς
2680 2116 2776 2167 τοῦ
2800 2117 3043 2187 γραπτοῦ
3072 2110 3246 2187 νόμου
3304 2113 3655 2191 προφυλακῇ.
3701 2115 3752 2172 Ὁ

2118 2198 2222 2274 γὰρ
2274 2200 2512 2273 γραπτὸς
2561 2200 2730 2272 νόμος
2790 2201 3251 2276 προτειχίσματος
3302 2199 3453 2272 δίκην
3504 2202 3616 2257 ἀπὸ
3658 2206 3753 2257 τῶν

2116 2287 2231 2341 κατ’
2295 2286 2561 2362 ἐνέργειαν
2617 2293 2802 2351 παθῶν
2853 2288 3249 2367 προεφύλαττε,
3283 2290 3535 2353 καὶτοὺς
3564 2291 3755 2355 τόπους

2120 2375 2278 2447 μόνον
2312 2384 2412 2446 τῆς
2444 2374 2701 2448 ἀληθείας
2737 2374 3047 2447 ἐδείκνυειν,
3070 2381 3153 2443 οῖς
3181 2377 3479 2435 ἀκόλουθον
3513 2382 3651 2455 πρὸς
3677 2401 3756 2435 τε·

2117 2462 2394 2536 λειότητα,
2451 2471 2518 2539 τῇ
2554 2467 2648 2539 μὶν
2681 2464 2933 2540 καθάρσει
2989 2472 3098 2522 τῶν
3156 2474 3274 2523 κατ’
3328 2468 3600 2543 ἑνὲργειαν
3657 2490 3750 2524 πα-

2115 2559 2243 2623 θῶν,
2276 2557 2311 2624 ἡ
2342 2557 2428 2610 καὶ
2462 2554 2636 2611 alia:ch
2669 2560 2776 2610 τῶν
2813 2553 3059 2612 ἐναντίων
3121 2555 3424 2630 ἕπιθυμιῶν
3478 2555 3750 2620 ἔκπλυσις⁶

2111 2648 2178 2718 τῇ
2212 2642 2268 2699 δὶ
2322 2646 2521 2719 θεωρίᾳ
2576 2650 2681 2701 τῶν
2738 2645 2945 2719 τύπων,
3004 2648 3038 2717 ἠ
3099 2645 3151 2701 ἐν
3208 2646 3472 2721 πνεύματι
3506 2648 3754 2723 ἀναγωγή

2110 2734 2244 2809 πρὸς
2322 2735 2489 2803 αὐτὴν
2563 2736 2662 2804 τὴν
2739 2734 3037 2805 ἀλήθειανθ
3110 2738 3243 2811 ἅπερ
3303 2738 3331 2792 ὁ
3396 2739 3753 2811 πνευματικὸς

2128 1494 2258 1560 θεῖν,

357 2824 597 2881 διδάσκει
626 2824 817 2897 νόμος,
858 2824 1073 2883 πάντως
1101 2822 1163 2876 τὸ
1196 2820 1547 2895 Εὐαγγὲλιον,
1582 2821 1632 2876 ἐν
1662 2822 1707 2893 ᾦ
1740 2822 2047 2895 σκεπόμεθα
2077 2826 2221 2899 παρά
2251 2828 2481 2898 Χριστοῦ
2512 2830 2611 2892 τῆς
2642 2828 3011 2897 πνευματικῆς
3050 2824 3272 2900 πέτρας,
3316 2827 3451 2881 κατά
3480 2828 3574 2881 τὸν
3619 2832 3751 2891 θεῖον

354 2912 681 2971 ἀπόστολον.
714 2914 901 2974 Οὕτως
933 2911 1023 2966 οὖν
1055 2909 1281 2972 καλέσας
1310 2910 1499 2981 αὐτὴν,
1529 2910 1581 2965 τί
1616 2910 1874 2985 βούλεται
1906 2912 2121 2979 λοιπὸν,
2152 2913 2214 2968 τὸ
2242 2912 2439 2983 ταύτην
2481 2913 2797 2968 καταλιπεῖν
2831 2914 2892 2968 τὸ
2923 2911 3191 2970 διδάσκειν
3222 2916 3287 2970 τὰ
3323 2919 3422 2985 τῆς
3463 2922 3643 2987 σκιᾶς,
3671 2915 3754 2971 καί

352 3004 619 3078 πνεύματι
650 3004 739 3057 καὶ
770 3000 997 3072 ἀληθείᾳ
1026 2999 1198 3055 ἐλθεῖν
1232 3000 1367 3076 πρὸς
1398 2999 1581 3070 αὐτὸν,
1614 3000 1796 3077 φησίν.

762 3093 1005 3152 Ostende
1032 3091 1177 3147 mihi
1200 3092 1400 3162 faciem
1431 3100 1599 3147 tuam.

420 3191 606 3241 Tuam
633 3182 816 3251 illam,
841 3181 1167 3238 secundum
1196 3180 1514 3252 imaginem
1539 3197 1728 3236 meam
1752 3184 1810 3236 et
1837 3180 1997 3236 simi-
2028 3168 2069 3233 C

350 3275 681 3340 litudinem,
715 3277 909 3345 retege
965 3270 1171 3327 faciem
1222 3286 1288 3325 ac
1338 3269 1587 3325 formam
1636 3269 1998 3341 spiritalem;

346 3381 525 3437 quam
559 3368 623 3419 ut
654 3362 827 3418 rudes
856 3360 1157 3432 discipulae
1206 3363 1446 3431 possent
1477 3358 1758 3432 aspicere,
1791 3360 1998 3431 ﬁguris

344 3455 608 3511 veritatis
636 3458 693 3507 et
719 3450 865 3507 velis
896 3447 1221 3506 contexisti.

694 3542 855 3597 Sonet
886 3556 988 3596 v0.1:
1017 3543 1112 3594 tua
1143 3540 1205 3592 in
1232 3538 1462 3593 auribus
1491 3538 1647 3594 meis.

422 3638 567 3687 Dum
602 3646 833 3687 mecum
883 3626 1231 3700 spiritaliter
1271 3627 1541 3683 versaris.
1573 3626 1785 3683 Vocem
1834 3627 1993 3683 enim

347 3722 639 3793 magistrae
686 3719 893 3774 animai
944 3717 1189 3787 spiritus
1222 3716 1459 3786 quidem
1492 3716 1653 3771 ducit
1700 3716 1771 3771 ad
1822 3733 1993 3771 aures

346 3808 578 3865 Domini
614 3825 627 3863 :
659 3808 835 3863 verba
880 3810 1077 3862 autem
1108 3810 1165 3860 et
1195 3805 1449 3860 litteram
1481 3805 1697 3876 quibus
1745 3803 1993 3876 simplex

344 3898 403 3954 in
436 3897 643 3970 spiritu
689 3913 882 3953 sermo
914 3893 1237 3951 concrescit
1266 3896 1647 3966 compositus,
1675 3895 1888 3965 perfert
1916 3895 1988 3951 ad

342 4004 515 4044 aures
547 3984 921 4042 discentium.

837 4167 946 4220 Vos
974 4165 1126 4219 enim
1164 4169 1261 4220 tua
1289 4163 1487 4218 dulcis.

409 4255 604 4313 Dulcis
635 4254 913 4328 profecto,
946 4270 1082 4310 cum
1122 4271 1191 4310 ea
1240 4250 1576 4326 pronuntiet
1604 4267 1729 4323 quae
1761 4251 1831 4308 ad
1864 4252 1984 4325 spi.

332 4346 512 4403 ritum
546 4346 859 4419 pertinent.

838 4436 901 4490 Et
928 4435 1101 4505 [acies
1131 4441 1228 4490 tua
1260 4432 1471 4489 decora.

402 4524 625 4597 Quippe
655 4542 784 4597 quae
815 4522 1048 4579 Domini
1092 4524 1343 4579 formam
1376 4524 1587 4592 servat,
1617 4525 1674 4578 et
1704 4522 1978 4580 manibus
2008 4544 2055 4609 Ι)

327 4615 583 4687 Spiritus
614 4618 701 4670 est
730 4617 1028 4670 exornata.

398 4704 591 4777 Surge,
622 4704 1081 4777 veni,propinqua
1109 4718 1254 4772 mea,
1273 4704 1514 4773 famosa
1545 4717 1694 4770 mea,
1716 4700 1978 4759 columba

325 4811 475 4851 mea.

1054 4881 1242 4938 Pselli.

393 4973 651 5044 Hujusce
683 4970 971 5029 sermonis
1002 4970 1463 5043 significationes
1491 4986 1642 5042 saepe
1673 4970 1969 5028 diximus:

318 5062 495 5118 verba
552 5080 679 5134 quae
738 5062 1014 5134 deinceps
1072 5064 1435 5132 sequuntur,
1495 5060 1969 5133 interpretemur.

319 5154 363 5209 Ο
394 5153 577 5224 virgo,
612 5152 825 5224 inquit,
860 5152 1057 5206 anima
1099 5148 1435 5222 purissima,
1467 5166 1643 5223 surge
1674 5152 1744 5207 de
1774 5151 1966 5224 lapsu,

315 5247 373 5297 et
428 5242 543 5297 huc
600 5242 760 5312 veni,
820 5239 1091 5297 alacriter
1146 5243 1375 5308 tamen,
1437 5244 1494 5296 et
1550 5240 1712 5296 nulla
1769 5246 1968 5297 coacta

314 5331 687 5397 necessitate,
745 5330 846 5385 sed
904 5328 1102 5385 volens
1162 5347 1228 5385 ac
1287 5330 1518 5386 lubens.
1579 5331 1702 5386 Non
1764 5331 1963 5401 invita,

314 5421 579 5493 inquam,
610 5421 710 5477 sed
762 5419 915 5476 ultro
945 5418 1095 5475 veni.
1129 5418 1221 5475 Sic
1258 5422 1415 5476 enim
1466 5420 1703 5477 omnino
1754 5421 1824 5478 ad
1874 5438 1965 5478 me

387 5620 431 5654 ³⁸
459 5620 629 5676 Joan.
660 5635 778 5685 xiv,
808 5618 898 5675 51.
974 5618 1019 5654 ⁸⁸
1051 5620 1072 5673 Ι
1104 5621 1230 5675 Cor.
1264 5635 1320 5689 x,
1353 5620 1404 5672 4.

2570 3093 2750 3163 Δεῖξόν
2787 3114 2881 3166 μοι
2910 3094 3007 3162 τήν
3041 3090 3163 3167 ὅψιν
3198 3115 3313 3151 σου.

2178 3183 2404 3257 ’Ἡγουν,
2437 3180 2780 3255 ἀνακάλυψόν
2818 3204 2911 3255 μοι
2939 3184 3029 3238 τὸν
3074 3184 3189 3237 κατ’
3238 3184 3420 3239 εἰκόνα
3474 3184 3617 3257 ἐμὴν
3674 3184 3757 3239 καὶ

2108 3270 2373 3343 ὁμοίωσιν
2424 3272 2788 3343 πνευματικόν
2847 3293 2941 3327 σου
3000 3279 3323 3348 χαρακτῆρα
3356 3316 3370 3341 ,
3434 3273 3493 3328 δν
3552 3272 3646 3328 δια
3698 3274 3757 3329 τὸ

2107 3360 2290 3416 θεατὸν
2349 3366 2467 3422 ταῖς
2529 3362 2993 3435 μαθητευομὲναις
3046 3362 3335 3436 γενέσθαι,
3413 3363 3611 3426 τύποις
3668 3366 3759 3432 τῆς

2103 3448 2362 3519 ἀληθείας
2390 3449 2480 3505 καὶ
2512 3446 2819 3523 συμϐόλοις
2850 3449 3245 3525 συνεκάλυψας.

2424 3540 2521 3594 Καὶ
2553 3540 2836 3595 ἀκούτισόν
2869 3562 2937 3614 με
2962 3544 3063 3611 τήν
3098 3544 3279 3619 φωνήν
3313 3564 3429 3599 σου.

2174 3628 2259 3682 Ἐν
2334 3633 2411 3700 τῷ
2467 3634 2842 3701 πνευματικῶς
2917 3630 3256 3706 ἰντυγχάνειν
3301 3652 3418 3703 μοι.
3474 3634 3586 3701 Τὴν
3657 3633 3752 3707 γὰρ

2101 3718 2286 3794 φωνην
2342 3725 2440 3787 τῆς
2492 3716 2823 3775 διδασκάλου
2881 3722 3067 3795 ψυχῆς
3125 3721 3187 3774 τὸ
3221 3721 3314 3792 μὶν
3348 3725 3567 3792 πνεῦμα
3630 3721 3753 3776 ἀνά-

2098 3827 2184 3880 γει
2232 3808 2368 3883 πρὸς
2420 3808 2486 3862 τὰ
2542 3809 2654 3863 ὦτα
2703 3809 2940 3884 Κυρίου·
3007 3810 3074 3863 τά
3141 3806 3197 3863 δὶ
3269 3809 3492 3885 ῥήματα
3546 3810 3641 3865 καὶ
3694 3810 3752 3864 τὸ

2094 3897 2342 3971 γράμμα,
2402 3899 2481 3960 οἷς
2534 3899 2562 3952 ὁ
2623 3898 2829 3960 ἀπλοῦς
2862 3899 2914 3953 ἂν
2945 3899 3209 3972 πνεύματι
3242 3896 3405 3973 λόγος
3447 3902 3753 3975 παχύνεται

2096 3986 2486 4060 συντιθέμενος,
2536 3988 2757 4062 κατάγει
2807 3989 2941 4064 πρὸς
2985 3989 3054 4043 τά
3083 3990 3196 4043 ὦτα
3218 3992 3325 4043 τῶν
3362 3989 3751 4062 μαθητευομᾶα

2100 4095 2231 4132 νων.

2564 4167 2686 4223 Ὅτι
2718 4167 2752 4235 ἡ
2785 4168 2937 4243 φωνή
2974 4187 3068 4221 σου
3100 4164 3280 4237 ἡδεῖα.

2164 4250 2388 4324 Δηλαδὴ
2415 4251 2639 4331 γλσκεῖα
2670 4255 2743 4318 ὠς
2767 4256 2834 4311 τά
2862 4260 2958 4311 τοῦ
2988 4255 3297 4329 πνεύματος
3329 4258 3717 4334 φθεγγομένη.

2580 4434 2677 4491 Καὶ
2705 4438 2739 4507 ἦ
2772 4430 2895 4511 ὄψις
2927 4456 3022 4492 σου
3054 4435 3248 4513 ὡραία.

2157 4528 2246 4590 Ὧς
2292 4527 2385 4581 τὸν
2434 4527 2758 4584 Δεσποτικὸν
2803 4528 3051 4597 σώζουσα
3081 4531 3424 4605 χαρακτῆρα,
3476 4530 3575 4585 καὶ
3636 4535 3757 4593 ταῖς

2088 4616 2243 4691 χερσὶ
2274 4617 2694 4690 καθωραϊσμὲνη
2724 4620 2821 4671 τοῦ
2852 4616 3190 4690 Πνεόματος.

2158 4706 2405 4774 Ἀνάστα,
2439 4702 2584 4773 net,
2615 4707 2650 4774 ἡ
2682 4703 2915 4775 πλησίον
2953 4727 3081 4779 μου,
3110 4704 3253 4777 καλή
3291 4726 3417 4779 μου,
3451 4710 3757 4782 περιστερά

2090 4814 2215 4869 μου.

2781 4881 3030 4941 Ψελλοῢ.

2150 4972 2356 5028 Τούτου
2387 4970 2659 5035 πολλάκις
2690 4970 2912 5046 εἴπομεν
2940 4977 3036 5028 τοῦ
3068 4972 3238 5049 λόγου
3258 4974 3351 5037 τὰς
3383 4973 3683 5051 ἒμφάσειςο

2082 5062 2287 5139 Λόγους
2320 5063 2512 5118 λοιπὸν
2545 5062 2671 5126 τοὺς
2696 5063 2883 5141 ἐφεξῆς
2912 5066 3513 5142 προσεφερμηνευτὲον,

2081 5153 2146 5206 Ὦ
2177 5151 2596 5227 παρθενεύουσα,
2628 5152 2814 5221 φησὶν,
2849 5154 3002 5228 ψυχὴ
3036 5152 3417 5229 καθαρωτάτη,

2078 5243 2366 5311 Ἀνάστηθι
2395 5246 2491 5297 τοῦ
2515 5242 2833 5315 πτώματος,
2865 5241 2954 5296 καὶ
2987 5238 3167 5314 δεῦρο,
3213 5241 3360 5313 πλὴν
3404 5244 3753 5319 προθύμως,

2076 5332 2191 5387 Οὐκ
2224 5331 2273 5401 ἐξ
2304 5331 2539 5407 ἀνάγκης
2574 5328 2629 5385 δέ
2658 5352 2825 5399 τινος,
2856 5328 2984 5385 ἀλλ’
3017 5332 3236 5404 ἑκουσίᾳ
3264 5333 3480 5408 γνώμῃ.

2076 5422 2231 5494 Φημὶ
2257 5422 2356 5498 γὰρ
2390 5418 2569 5494 δεῦρο,
2601 5419 2874 5476 τουτέστιν
2908 5420 3188 5485 ἑκουσίως.
