4042 6198
227 391 362 450 593

1284 378 1693 439 COMMENT.
1743 375 1822 435 IN
1869 373 2267 435 CANTICUM
2313 374 2618 434 CANTIC.

3538 373 3661 432 594

217 518 392 577 Οὕτω
452 515 509 572 δὲ
563 514 779 575 πάντως
862 512 1000 588 πρὸς
1088 511 1185 584 έμὶ
1242 511 1341 579 τήν
1401 510 1599 581 πέτραν
1633 554 1648 580 ,
1703 526 1811 583 φησ

2004 506 2497 578 accedes,petram
2524 504 2727 577 utique
2757 503 3056 559 Christum
3086 502 3218 557 vita:
3250 502 3655 575 sempiternae:

1558 597 1821 674 [φθάσεις,

226 701 450 772 ’Πγουν
479 697 574 763 τὴν
599 695 796 769 πέτραν
826 691 918 747 τὸν
950 690 1179 765 Χριστὸν
1211 694 1354 758 ζωῆς
1378 695 1477 757 τῆς
1508 686 1751 757 αἷωνίου,

223 788 377 844 Ἀπὸ
407 786 501 839 τοῦ
531 782 995 861 προτειχίσματος
1037 783 1134 833 τοῦ
1163 776 1501 833 παλαιτάτου
1530 777 1726 846 νόμου,

226 880 347 930 Τοῦ
380 875 629 948 σύνεγγυς
660 859 1022 947 τυγχάνοντος
1053 875 1151 937 τῆς
1193 868 1391 941 πέτρας
1426 859 1716 938 μεταϐᾶσα.

227 967 507 1039 Ἔρχεται
538 964 639 1037 γάρ
673 963 747 1021 ὡς
780 959 1026 1029 ἀληθῶς,
1054 956 1296 1011 τουτέστι
1337 953 1681 1030 προσεγγίζει

224 1057 352 1122 Τῆς
421 1052 616 1125 πέτρας
670 1051 732 1105 τὸ
804 1047 1195 1123 προτείχισμα,
1251 1045 1338 1100 καὶ
1429 1043 1561 1117 μάθε
1643 1042 1731 1095 καὶ
1804 1041 1894 1094 τὸν

1554 1130 1775 1205 [τρόπον
1806 1150 1818 1162 ·

225 1230 623 1307 Προτείχισμα
662 1226 721 1284 δὶ
751 1227 965 1303 λέγεται
1006 1224 1168 1295 δῆθεν
1201 1226 1228 1279 6
1259 1222 1429 1278 πάλαι
1460 1224 1649 1295 νόμος.

218 1323 402 1394 Πέτρα
439 1317 499 1375 δὲ
527 1319 685 1373 πάλιν
719 1317 960 1393 ἀρῥαγὴς
994 1318 1028 1386 ἡ
1062 1314 1153 1369 νέα
1181 1312 1438 1383 διαθήκη.

222 1411 330 1466 Κᾶν
364 1408 601 1465 δοκῶσιν
637 1404 825 1479 ἔξωθεν
860 1404 1125 1476 ἀλλήλων
1156 1402 1464 1480 ἀφεστάναι,

216 1503 271 1555 Ὀ
299 1500 493 1572 νόμος
523 1501 550 1552 6
583 1496 875 1558 Μωσαΐκὸς
904 1496 993 1549 καὶ
1030 1496 1058 1549 6
1089 1498 1195 1548 τῶν
1236 1490 1608 1567 Εὖαγγελίων,

223 1587 391 1645 Ἀλλ’
425 1589 581 1659 ὅμως
612 1586 746 1642 κατά
779 1582 1007 1657 δύναμιν
1039 1579 1313 1653 ἀλλήλοις
1346 1584 1748 1655 συνεργοῦνται.

229 1679 295 1735 Ti
335 1677 445 1752 γάρ
480 1676 618 1731 ἐστιν
649 1674 937 1750 ἐγγύτερον
970 1668 1140 1727 τῶνδε
1168 1675 1274 1725 τῶν
1308 1668 1688 1743 κελευσμάτων
1717 1687 1730 1737 ;

225 1769 281 1821 '0
314 1765 564 1826 παλαιὸς
592 1766 878 1837 νομοθετεῖ
905 1763 1077 1834 νόμος
1106 1762 1168 1815 τὸ
1202 1761 1276 1833 μὴ
1316 1759 1616 1835 μοιχεύειν,

224 1852 396 1912 Ἀλλ’
428 1855 457 1908 6
492 1853 672 1929 παρὼν
706 1852 795 1907 καὶ
837 1852 957 1915 καθ’
990 1853 1137 1923 ἡμᾶς
1172 1850 1198 1903 6
1227 1854 1333 1904 τῶν
1377 1846 1749 1923 ὶίὐαγγελίων,

224 1944 331 2000 Καὶ
370 1942 540 1997 πάλιν
572 1940 907 2018 ἰγκελεῦεται
936 1938 1148 2012 τέμνειν
1182 1938 1492 2012 ἐπιθυμίαν.

222 2035 476 2093 Ἐκεῖνος
509 2030 554 2086 δ’
583 2030 646 2086 αὗ
677 2031 901 2106 ἀπέχειν
928 2051 985 2085 σε
1016 2032 1303 2103 νομοθετεῖ
1331 2032 1427 2083 τοῦ
1459 2027 1649 2106 φόνου,

220 2124 284 2181 Ὀ
328 2120 397 2176 δὲ
433 2119 561 2194 μηδ’
592 2120 737 2181 ὅλως
767 2120 902 2195 πρὸς
936 2119 1101 2195 ὀργῆν
1134 2123 1398 2181 κινεῖσθαι
1444 2114 1780 2192 δογματίζει.

223 2211 288 2269 ΕΞ
324 2209 393 2265 δὲ
425 2216 604 2280 ζητεῖς
628 2209 719 2264 καὶ
753 2203 999 2283 πρόϐατα
1027 2208 1116 2263 καὶ
1146 2202 1399 2261 Σάϐϐατα
1419 2206 1509 2261 καὶ
1542 2205 1754 2282 Πάσχα,

222 2302 328 2361 Τὰς
361 2302 596 2377 φανεράς
622 2299 711 2353 καὶ
740 2299 998 2372 σαρκικάς
1031 2296 1235 2351 ἐκείνου
1266 2294 1553 2366 διατάξεις,

223 2388 325 2444 Καὶ
360 2389 521 2452 ταῦθ’
552 2390 801 2463 εὑρήσεις
836 2387 890 2441 έν
924 2388 1071 2459 αὐτῷ
1098 2390 1477 2459 πνευματικῶς
1516 2384 1814 2458 ἐγκύπτων.

218 2480 283 2534 Ἡ
308 2477 493 2551 πέτρα
516 2477 616 2553 γάρ
646 2477 990 2549 πνευματική
1024 2476 1073 2530 κ’
1104 2474 1166 2530 οὐ
1198 2474 1393 2550 χοϊκὸς
1427 2474 1455 2527 6
1493 2479 1707 2549 τοῖχος.

225 2565 402 2622 Ἀλλ’
429 2566 790 2639 ἀκουσώμεθα
815 2562 1008 2619 λοιπὸν
1035 2568 1142 2618 τῶν
1178 2562 1365 2641 έφεξῆς
1391 2561 1673 2638 ῥημάτιον,

216 2653 550 2729 ’Δπόκρισιν
582 2654 685 2729 γάρ
718 2650 935 2708 δίδωσιν
963 2655 998 2722 ἡ
1030 2652 1213 2728 νύμφη
1256 2655 1336 2723 τῷ
1366 2651 1610 2729 νυμφίῳ.

300 2787 491 2857 Δεῖξόν
577 2807 670 2860 μοι
752 2788 849 2855 τήν
927 2781 1048 2859 ὄψιν
1124 2805 1245 2857 σου,
1303 2785 1390 2838 καὶ
1466 2783 1749 2839 άκούτισόν
1820 2805 1885 2857 με

220 2880 325 2948 τὴν
410 2881 594 2953 φωνήν
675 2899 791 2949 σου,
851 2877 933 2933 ὅτι
1005 2880 1039 2945 ἡ
1094 2878 1245 2954 φωνή
1308 2896 1404 2930 σου
1466 2873 1625 2945 ἡδεῖα
1688 2877 1778 2930 καὶ
1847 2879 1880 2945 ἡ

1370 2961 1517 3039 [ὄψις
1552 2986 1646 3020 σου
1687 2966 1879 3041 ὡραία.

223 3076 445 3144 Μηκέτι
480 3096 575 3147 μοι
604 3072 976 3149 προσομιλῇς,
1011 3072 1143 3147 φησῖ
1176 3071 1309 3127 καλὶ
1340 3072 1558 3150 νυμφίε,

214 3162 319 3217 Διά
353 3183 519 3215 τινων
552 3166 907 3239 προφητικῶν
941 3161 1031 3215 καὶ
1062 3165 1305 3233 νομικῶν
1338 3155 1590 3236 βιϐλίων,

2007 593 2531 666 apropugnaculo,
2584 611 2617 648 a
2655 593 2833 648 veteri
2892 592 3039 663 lege,
3103 609 3228 663 quis
3288 595 3463 663 petrae
3522 610 3659 648 con-

1999 685 2208 755 juncta
2256 688 2364 751 est,
2420 685 2860 739 lranscendens.
2911 682 3083 737 Venit
3132 681 3289 737 enim
3338 697 3471 735 vere
3506 698 3518 736 :
3549 681 3659 737 hoc

2007 779 2117 840 est,
2167 774 2602 845 appropinquat
2645 773 2715 827 ad
2772 776 2944 843 petrae
3014 768 3546 843 propugnaculum.
3600 772 3660 826 Et

2007 862 2166 917 disce
2197 862 2372 917 etiam
2423 863 2684 917 modum.
2743 860 3256 933 Propugnaculum
3292 868 3489 915 autem
3521 876 3662 915 sane

2005 951 2223 1006 dicitur
2262 952 2501 1022 antiqua
2530 951 2618 1005 lex
2653 970 2665 1005 :
2702 954 2865 1021 petra
2894 967 3027 1005 vero
3060 948 3267 1015 solida,
3295 965 3508 1003 novum
3542 953 3661 1005 tes-

2006 1046 2361 1097 tamentum.
2396 1048 2475 1095 Ac
2506 1042 2775 1112 quamvis
2826 1040 3131 1094 videantur
3163 1038 3316 1093 inter
3346 1055 3407 1093 se
3437 1037 3659 1094 distare

2006 1129 2098 1186 lex
2131 1131 2407 1195 Mosaica,
2456 1136 2513 1185 et
2563 1128 2975 1200 Evangelium;
3009 1129 3225 1183 virtute
3269 1132 3466 1182 tamen
3518 1146 3656 1184 con-

2005 1223 2221 1275 sonant
2254 1224 2427 1290 atque
2471 1220 2618 1273 inter
2649 1235 2711 1273 se
2758 1222 3109 1287 congruunt.
3162 1217 3309 1282 Quid
3354 1218 3511 1271 enim
3560 1217 3655 1273 his

2006 1308 2311 1380 praeceptis
2358 1312 2545 1379 potest
2596 1324 2722 1362 esse
2786 1306 3203 1377 conjunctius?
3251 1306 3509 1377 Antiqua
3565 1306 3654 1361 lex

2002 1402 2159 1453 vetat
2190 1397 2541 1452 adulterium
2580 1414 2591 1450 :
2630 1396 3005 1467 Evangelium
3066 1400 3329 1465 amputat
3361 1395 3652 1466 cupidita-

2004 1492 2145 1543 tem.
2180 1486 2303 1546 Illa.
2337 1492 2403 1541 ut
2433 1504 2464 1541 θ.
2512 1487 2667 1541 caede
2714 1485 3036 1551 abstineas,
3058 1484 3230 1555 jubet
3264 1501 3275 1537 :
3313 1484 3421 1538 hoc
3452 1484 3653 1556 prohi-

2004 1576 2120 1642 bet,
2156 1592 2229 1631 ne
2252 1592 2493 1647 prorsus
2526 1576 2820 1631 irascaris.
2857 1575 3018 1641 Quod
3064 1576 3111 1629 si
3145 1573 3357 1645 quaeris
3410 1576 3466 1628 et
3497 1589 3654 1641 oves,

2004 1670 2061 1721 et
2090 1665 2428 1732 Sabbata,et
2452 1665 2829 1736 Pascha,quae
2862 1664 2982 1719 illic
3014 1663 3341 1719 secundum
3374 1678 3611 1718 carnem
3641 1687 3655 1732 ;

2004 1753 2100 1809 hic
2132 1755 2461 1809 secundum
2513 1754 2810 1826 spiritum,
2859 1754 2906 1809 si
2967 1753 3306 1820 attenderis,
3369 1752 3652 1807 invenies.

1923 1877 1970 1941 Β
2005 1842 2181 1913 Lapis
2229 1843 2384 1897 enim
2432 1843 2734 1915 spiritalis,
2787 1860 2903 1898 non
2956 1848 3154 1898 autem
3204 1846 3500 1906 terrenus,
3560 1845 3649 1896 est

2001 1930 2211 2001 paries.
2243 1932 2372 1998 Sed,
2407 1949 2534 2004 qum
2566 1937 2899 2004 sequuntur
2928 1933 3123 1998 verba,
3150 1932 3275 2003 jam
3308 1931 3644 1986 audiamus.

1999 2025 2223 2092 Sponsa
2253 2021 2409 2077 enim
2442 2022 2757 2093 respondet
2787 2038 3022 2093 sponso.

2068 2788 2296 2846 Ostende
2351 2788 2496 2844 mihi
2546 2789 2759 2859 faciem
2817 2796 3011 2843 tuam:
3051 2794 3205 2842 son-et
3260 2802 3364 2843 vox
3427 2797 3524 2843 tua
3581 2790 3639 2844 in

1993 2882 2225 2935 auribus
2253 2880 2390 2934 meis
2420 2903 2433 2939 ς
2466 2894 2569 2933 vox
2597 2880 2743 2933 enim
2769 2881 2864 2933 tua
2904 2877 3101 2946 dulcis,
3123 2883 3174 2932 et
3198 2880 3372 2948 [acies
3419 2881 3515 2933 tua
3543 2877 3639 2934 de-

1988 2985 2136 3025 cora.

2062 3081 2137 3131 Ne
2170 3091 2399 3131 mecum
2432 3073 2758 3145 amplius,o
2790 3090 3001 3146 sponse
3032 3075 3303 3139 formose,
3338 3074 3637 3146 perlibros

1990 3166 2279 3235 qnesdam
2312 3164 2686 3235 propheticos
2741 3168 2799 3219 et
2848 3162 3063 3236 legales
3113 3163 3449 3233 colloquare
3484 3179 3496 3216 :
3532 3165 3634 3219 sed

209 3249 380 3305 Ἀλλ’
414 3252 487 3314 ὡς
516 3248 629 3321 ἰξόν
668 3272 759 3324 μοι
796 3250 992 3326 βλέψαι
1024 3270 1100 3322 σε,
1133 3249 1223 3305 καὶ
1268 3257 1363 3318 σῆς
1398 3256 1583 3325 φωνῆς
1630 3250 1811 3306 ἀκοῦσε

1997 3254 2135 3310 mihi
2201 3254 2398 3309 videre
2446 3259 2500 3307 te
2550 3252 2753 3319 liceat,
2804 3258 2861 3307 et
2924 3268 3123 3307 vocem
3175 3256 3335 3305 tuam
3389 3252 3634 3319 audire;

209 3340 543 3396 Ἀκούτισὸν
622 3361 687 3412 με
755 3341 852 3408 τήν
928 3340 1142 3416 φωνὴν,
1212 3338 1300 3393 καὶ
1370 3337 1542 3409 δεῖξόν
1612 3361 1704 3411 μοι
1780 3344 1877 3410 τὴν

1690 3429 1877 3501 [θείαν.

211 3517 283 3576 Εἴ
312 3517 422 3593 γὰρ
452 3515 611 3586 ἡδεῖα
637 3517 866 3593 πέφυκεν
901 3516 1042 3571 οὕτω
1072 3517 1160 3571 καὶ
1191 3514 1500 3592 γλυκυτάτη

204 3611 271 3665 Ἡ
421 3608 573 3683 φωνή
606 3610 962 3683 προφητικῶς
996 3608 1128 3677 ἡμῖν
1162 3606 1227 3674 ἦν
1262 3606 1576 3679 ἠχουμένη,

206 3696 512 3751 simas.»
540 3694 609 3763 ῆν
643 3714 738 3748 σου
774 3693 1049 3767 βλέπομεν
1083 3690 1205 3767 ὄψιν
1235 3694 1308 3755 ὡς
1340 3693 1390 3746 έν
1424 3694 1733 3768 κατόπτρῳ,

200 3788 539 3861 Ὡραιοτάτη
572 3784 777 3861 πέφυκε
807 3785 898 3838 καὶ
928 3782 1399 3855 πανευειδεστάτη,

203 3884 275 3930 ‘u
308 3877 557 3929 ποταπὸν
582 3875 906 3944 καθέστηκεν
935 3875 996 3928 τὸ
1026 3872 1231 3937 κάλλος
1259 3881 1357 3943 τῆς
1389 3881 1487 3943 σῆς
1520 3877 1659 3943 θέας,

207 3966 317 4024 Καὶ
354 3972 453 4034 τῆς
482 3968 666 4039 φωνῆς
701 3966 729 4019 6
760 3964 1080 4039 γλυκασμὸς
1114 3964 1329 4036 ἀμέσως
1371 3962 1689 4039 δεδεγμένος
1718 3970 1729 4022 ί

205 4058 460 4112 -Ηκουπ
487 4056 585 4122 τήν
622 4051 967 4128 παράκλησιν
994 4060 1093 4122 τῆς
1124 4052 1344 4129 νύμφης
1375 4054 1401 4107 δ
1442 4054 1694 4132 νυμφίος,

203 4151 310 4206 Ὀς
350 4142 562 4215 μᾶλλον
596 4143 778 4217 ὥσπερ
804 4142 991 4197 ἑαυτὸν
1025 4143 1098 4204 είς
1127 4142 1432 4220 τούμφανές
1462 4141 1739 4213 δεικνύων,

204 4235 453 4307 Πρῶτον
481 4233 557 4293 είς
590 4230 759 4306 ἄγραν
784 4236 1041 4305 παρορμᾷ
1068 4230 1195 4292 τοὺς
1229 4234 1514 4307 θηρευτὰς,
1546 4234 1634 4287 καὶ
1680 4233 1829 4310 λέγει
1858 4257 1870 4270 ο

285 4363 530 4418 mima
609 4366 747 4435 ἡμῖν
837 4362 1126 4424 ἀλώπεκας
1218 4364 1445 4439 μικροὺς
1527 4366 1874 4442 ἀφανίζοντας

200 4448 575 4525 ἀμπελῶνας,
646 4452 737 4505 καὶ
812 4452 867 4506 αἱ
936 4449 1178 4523 ἄμπελοι
1262 4456 1422 4525 ἡμῶν
1500 4456 1870 4531 κυπρίζουσιν,

281 4562 358 4613 Ὤ
396 4565 487 4625 τῆς
517 4565 750 4633 φρικτῆς
782 4560 868 4613 καὶ
904 4554 1135 4633 φοϐερᾶς
1165 4564 1265 4613 τοῦ
1304 4560 1481 4636 Λόγου
1530 4559 1831 4627 δυναστείας
1858 4569 1869 4622 l

199 4655 271 4706 Ὠ
306 4649 625 4711 ποτ’θαλκοῦς
655 4646 966 4722 δυνάμεωςί
1003 4646 1046 4703 ὣ
1077 4651 1307 4726 κράτους
1348 4651 1689 4727 ἀποῤῥήτουί

200 4735 443 4793 Κελεῦει
473 4737 573 4811 γὰρ
604 4742 723 4799 τοῖς
750 4739 1061 4813 θηρευταῖς,
1092 4739 1333 4793 τουτέστι
1362 4745 1478 4801 τοῖς
1510 4740 1779 4816 ἀγγέλοις,

194 4833 429 4900 Ὠσπερ
456 4825 743 4888 ἀλώπεκάς
774 4847 923 4889 τινας
954 4827 1151 4901 μικράς
1180 4824 1577 4897 δυστηνοτάτας

192 4918 315 4984 τήν
354 4918 529 4967 πᾶσαν
564 4914 935 4983 άποστατικήν
966 4913 1191 4986 δύναμιν
1220 4921 1325 4970 τῶν
1361 4914 1656 4990 δαιμόνων,

190 5008 488 5079 Θ-ηρεῦσαι
518 5004 606 5058 καὶ
640 5010 983 5079 συναγαγεῖν,
1014 5012 1299 5079 κρατῆσαι,
1331 5006 1419 5060 καὶ
1453 5004 1764 5078 δεσμεῦσαι,

190 5098 311 5155 Τὸν
352 5091 623 5167 δράκοντα
649 5095 740 5147 τὸν
779 5093 1030 5168 μέγιστον
1061 5094 1152 5148 τὸν
1187 5095 1492 5165 ἀποστάτην
1527 5116 1699 5173 φυσει,

192 5193 295 5246 “Oc
335 5178 602 5257 ἓνεδρεῦει
633 5184 750 5237 καθ’
791 5185 974 5255 ἡμῶν,
1020 5183 1092 5244 ὡς
1134 5180 1270 5237 λέων
1323 5184 1398 5247 εἷς
1448 5184 1683 5257 ποίμνας
1746 5186 1866 5258 μαί-

1700 5296 1867 5346 νεται,

188 5367 313 5420 Τοῦ
384 5361 831 5434 κοσμοκράτορος
892 5365 1090 5429 Σατᾶν,
1144 5364 1239 5415 τοῦ
1300 5362 1523 5424 σκότους
1580 5364 1671 5417 τὸν
1728 5384 1867 5437 προ·

1622 5452 1863 5525 [στάτην,

180 5545 292 5596 Τὸν
333 5534 488 5608 ᾅδην
515 5539 600 5591 τὸν
632 5535 979 5592 πλατύνοντα
1006 5536 1067 5591 τὸ
1098 5538 1273 5609 στόμα
1299 5540 1361 5593 τὸ
1397 5537 1657 5617 ζοφῶδες,

182 5634 293 5687 τὸν
332 5627 547 5703 ἔχοντα
575 5628 665 5682 καὶ
698 5627 929 5704 φέροντα
954 5626 1013 5679 τὸ
1044 5626 1242 5699 κράτος
1270 5633 1366 5683 τοῦ
1399 5628 1648 5700 θανάτου,

184 5722 296 5776 τὸν
338 5717 770 5794 ιγκαυχώμενον
803 5710 988 5770 λαϐεῖν
1025 5715 1098 5777 ὡς
1127 5718 1340 5773 νοσσιὰν
1379 5720 1683 5795 στρουθίου,

1989 3353 2145 3400 sonet
2188 3360 2296 3399 vox
2338 3352 2435 3398 tua
2479 3345 2538 3398 in
2584 3342 2816 3397 auribus
2871 3343 3036 3406 meis,
3093 3341 3307 3396 ostende
3355 3341 3502 3396 mihi
3547 3344 3638 3411 [a-

1990 3436 2131 3489 ciem
2161 3442 2332 3488 tuam.
2365 3436 2513 3486 Nam
2573 3432 2622 3485 si
2657 3447 2767 3485 vox
2824 3434 2925 3485 tua
2983 3429 3154 3484 nobis
3198 3429 3639 3499 jucundissima

1990 3523 2101 3577 fuit
2122 3528 2296 3592 atque
2328 3520 2675 3576 dulcissima
2706 3536 2719 3585 ;
2750 3520 2798 3574 si
2820 3519 3017 3575 vultus
3040 3527 3178 3573 tuus
3202 3518 3635 3590 pulcherrimus

1988 3612 2151 3667 visus
2201 3616 2290 3665 est
2338 3618 2392 3665 et
2443 3610 2696 3663 maxime
2745 3610 3012 3676 decorus,
3062 3625 3193 3663 cum
3243 3624 3350 3663 vox
3404 3613 3504 3662 tua
3534 3624 3637 3679 per

1990 3700 2305 3771 prophetas
2335 3699 2653 3764 i1.sonaret,
2688 3702 2745 3753 et
2779 3701 3021 3753 formam
3062 3702 3226 3752 tuam
3258 3703 3540 3768 tanquam
3574 3697 3631 3752 in

1987 3787 2222 3861 speculo
2256 3804 2630 3843 cerneremus
2672 3778 3103 3857 :unantanam
3154 3786 3263 3841 erit
3311 3786 3630 3857 praesentiae

1986 3883 2100 3933 tuae
2134 3876 2505 3949 pulcritudo!
2541 3879 2758 3947 quanta
2787 3876 2943 3931 vocis
2975 3875 3165 3947 ipsius
3203 3874 3471 3938 dulcedo,
3505 3892 3627 3944 quae

1986 3968 2112 4022 sine
2144 3967 2261 4022 ullo
2294 3966 2484 4021 medio
2508 3966 2897 4020 exaudietur?
2926 3966 3162 4035 Sponsa:
3187 3981 3387 4036 preces
3408 3965 3632 4020 audivit

1986 4054 2367 4127 sponsus,qui
2400 4061 2463 4109 ut
2485 4072 2547 4109 se
2579 4054 2769 4125 ipsum
2804 4071 2997 4109 coram
3023 4055 3213 4125 magis
3243 4054 3629 4125 conspicuum

1985 4147 2257 4217 praebeat,
2290 4149 2595 4199 venatores
2628 4144 2697 4198 ad
2731 4144 2987 4214 praedam
3020 4144 3252 4212 excitat,
3285 4143 3487 4199 dicens
3519 4160 3532 4198 :

2056 4368 2246 4438 Capite
2284 4366 2441 4421 nobis
2497 4366 2682 4436 vulpes
2736 4369 3032 4436 parvulas,
3085 4380 3203 4436 qua
3250 4365 3633 4421 demetiuntur

1982 4459 2169 4513 vineas
2203 4473 2215 4510 :
2248 4460 2300 4511 et
2334 4457 2509 4512 vineae
2537 4463 2744 4511 nosti-.2
2762 4457 2978 4524 ﬂorent.

2056 4564 2098 4620 Ο
2126 4563 2436 4636 imperium
2469 4560 2641 4617 Verbi
2674 4560 2931 4617 terribile
2962 4578 3028 4617 ac
3072 4561 3507 4617 formidandum
3536 4561 3548 4616 l
3583 4562 3626 4619 Ο

1982 4654 2257 4709 virtutem
2354 4651 2853 4722 omnipotentem!
2912 4651 2955 4706 Ο
3006 4651 3185 4706 robur
3243 4651 3621 4708 incredibile!

1981 4742 2374 4798 Venatoribus
2424 4742 2580 4795 enim
2642 4740 2933 4812 praecepit,
3003 4740 3059 4794 id
3113 4744 3199 4795 est
3266 4739 3509 4812 angelis,
3562 4748 3625 4797 ut

1980 4831 2314 4902 vulpeculae
2350 4831 2639 4902 quasdam
2692 4828 2969 4901 parvulas
3022 4833 3193 4900 captu
3243 4829 3622 4887 difﬁcillimas

1982 4919 2393 4992 pervestigent,
2424 4918 2944 4989 comprehendant,
2986 4922 3279 4989 superent,
3313 4917 3573 4974 vinciant
3607 4936 3620 4975 ε

1981 5014 2161 5064 totam
2183 5008 2463 5063 nimirum
2481 5007 2855 5064 desertricem
2881 5008 3208 5062 daemonum
3233 5011 3581 5079 potestatem
3607 5026 3620 5065 :

1981 5098 2290 5153 draconem
2318 5097 2485 5151 illum
2512 5096 2831 5151 maximum
2868 5112 2878 5151 :
2906 5095 3071 5151 illum
3095 5094 3368 5151 rebellem
3394 5106 3623 5168 natura,

1982 5188 2079 5260 qui
2113 5204 2227 5243 non
2261 5187 2429 5242 aliter
2459 5188 2515 5241 in
2550 5202 2656 5241 nos
2689 5201 2865 5257 quam
2900 5184 2989 5239 leo
3021 5186 3078 5240 in
3123 5201 3329 5258 greges
3360 5187 3623 5258 desaevit,

1980 5277 2187 5331 mundi
2230 5276 2510 5349 principis
2560 5276 2785 5342 Satan;
2842 5275 3166 5347 principem
3216 5276 3615 5346 tenebrarum,

1978 5366 2272 5421 infernum
2341 5366 2683 5421 tenebrosae
2744 5365 2942 5419 fauces
3024 5381 3161 5418 suas
3241 5365 3621 5436 aperientem,

1976 5456 2290 5510 habentem
2326 5472 2391 5509 ac
2442 5456 2721 5510 terentem
2777 5453 2980 5507 mortis
3018 5452 3370 5525 imperium;
3406 5455 3507 5525 qui
3558 5473 3620 5511 se

1977 5544 2231 5616 passeris
2262 5544 2695 5613 nidum,orbem
2723 5543 2943 5598 scilicet
2966 5542 3613 5615 universum,tanquam

1974 5650 2080 5689 ova
2127 5633 2361 5704 putrida
2411 5637 2584 5703 atque
2634 5632 2859 5702 abjecta
2908 5632 3136 5703 cepisse
3184 5637 3241 5687 et
3295 5633 3611 5704 diripuisse

1971 5722 2255 5798 gloriatur
2288 5740 2299 5778 :
2334 5722 2435 5795 qui
2467 5726 2631 5777 terra:
2665 5726 2894 5777 montes
2925 5726 2981 5777 et
3012 5738 3167 5777 mare
3183 5727 3608 5789 eversurum,et
