4042 6198
404 397 521 457 595

1737 387 1921 446 MICll
1936 387 1978 444 Α
1991 383 2161 443 ELIS
2208 384 2295 441 PS
2310 384 2472 442 ELLl

3689 376 3820 437 596

404 532 463 587 in
514 530 771 587 nubibus
820 529 1017 584 sedem
1065 527 1483 585 collocuturum
1551 544 1612 583 se
1669 524 1906 598 jactitat
1950 521 2082 589 "1,

2202 520 2266 589 ἢν
2300 518 2630 591 οἰκουμένην
2664 519 2968 593 σύμπασαν,
3000 517 3092 573 καὶ
3121 518 3319 589 ταύτην
3353 516 3683 596 ἀφαρπάσαι,

406 622 578 693 cujus
601 618 840 690 quidem
870 618 1051 673 latera
1080 623 1220 674 sunt
1244 622 1485 686 aenea,et
1505 617 1746 672 dorsum
1772 615 2047 679 ferreum,

406 709 636 764 viscera
665 713 862 763 autem
896 707 1166 779 smyritcs
1214 706 1363 778 lapis
1397 723 1411 760 :
1472 710 1802 777 serpentem
1855 702 2051 773 ipsum

408 808 676 870 gravem;
710 797 877 851 illum
910 812 1130 859 senem,
1166 797 1459 866 ingentem
1495 793 2055 861 illum,omnemque

411 887 587 941 aliam
618 885 893 939 virtutem
912 887 1041 953 ejus
1064 883 1372 938 hostilem:
1400 883 1585 937 virtus
1616 898 1755 936 sane
1788 878 2055 951 potentiae

410 981 695 1045 tanquam
728 972 1063 1043 vulpeculas
1098 989 1304 1044 parvas
1335 977 1392 1027 et
1415 978 1621 1027 natura
1654 967 2058 1024 fraudulentas

411 1062 687 1137 appellat.
721 1060 1221 1132 Comprehendite,
1256 1062 1467 1132 inquit,
1504 1060 1643 1115 mihi
1695 1075 1901 1132 parvas
1930 1056 2059 1111 vul-

412 1170 539 1226 pes,
571 1169 694 1222 quas
724 1152 952 1206 animas
986 1151 1276 1207 humanas
1305 1150 1725 1205 demolientur.
1763 1149 1877 1203 Has
1903 1146 2060 1202 enim

414 1241 569 1298 solas
600 1241 798 1297 vineas
828 1243 1012 1296 vocat.

1009 1706 1194 1761 Trium
1224 1710 1477 1761 Patrum.

493 1811 638 1868 Cum
658 1815 850 1868 autem
864 1812 936 1867 ad
949 1813 1150 1885 sponsi
1177 1814 1517 1868 mandatum
1543 1814 1836 1886 magistrae
1857 1813 2067 1870 animae

2158 610 2247 673 Ὠς
2288 609 2370 663 ὠά
2399 611 2466 663 τά
2498 608 2797 685 σαθρὸτατα
2827 606 3374 684 καταπεφρονημένα,

2159 701 2259 754 Τὸν
2294 698 2587 777 ἐξαλείφειν
2615 701 2884 776 φάσκοιτα
2911 703 3013 774 γῆς
3047 699 3208 775 ὅρους
3234 698 3323 754 καὶ
3355 697 3648 769 θαλάττης,

2162 791 2262 843 Τὸν
2297 790 2346 843 ἐν
2379 788 2578 866 νεφέλῃ
2612 787 2840 864 λέγοντα
2868 790 2959 843 τὸν
2993 788 3184 863 θρόνον
3214 785 3552 862 καθιδρύσαι,

2166 880 2345 949 Οὗπερ
2391 876 2600 952 χαλκαῖ
2640 879 2733 949 μὲν
2767 879 2820 931 αἱ
2850 876 3080 951 πλευραὶ
3113 877 3203 932 καὶ
3256 874 3456 950 σιδηρᾶ
3487 874 3531 931 δ’
3562 880 3597 945 ἡ
3630 876 3821 951 ῥάχις,

2165 969 2398 1041 ’Ἐγκατα
2432 965 2496 1034 δ’,
2530 966 2603 1028 ὥς
2637 987 2812 1044 φασιν,
2846 965 3009 1021 αὐτοῦ
3040 966 3309 1041 σμυρίτης
3341 966 3525 1029 λίθος·

2166 1056 2338 1113 Αὐτὸν
2369 1056 2460 1110 τὸν
2508 1051 2652 1133 ὅφιν,
2685 1055 2774 1109 τὸν
2830 1052 3025 1127 δεινὸν,
3073 1056 3166 1110 τὸν
3210 1054 3455 1130 γέροντα,
3486 1055 3575 1110 τὸν
3627 1054 3823 1129 μέγαν,

2170 1144 2275 1200 Καὶ
2308 1150 2477 1198 πᾶσαν
2511 1142 2688 1215 ἄλλην
2722 1141 2950 1218 δύναμιν
2976 1142 3140 1199 αὐτου
3163 1145 3261 1213 τὴν
3296 1143 3554 1212 ἐναντίαν,

2167 1239 2227 1289 Ἦ
2261 1230 2488 1306 δύναμις
2520 1232 2773 1309 ὠνόμασε
2798 1238 2897 1299 τῆς
2931 1228 3102 1297 ὄντως
3136 1231 3465 1301 δυναστείας,

2171 1323 2259 1384 Ὠς
2294 1320 2574 1377 ἀλωπέκια
2608 1324 2776 1398 μικρὰ
2805 1321 2896 1376 ναὶ
2928 1318 3129 1398 δολερὰ
3156 1325 3225 1396 τῇ
3256 1322 3432 1400 φύσει.

2172 1412 2316 1477 Τοὺς
2343 1417 2470 1487 γοῦν
2508 1413 2734 1487 μικροὺς
2758 1410 3068 1486 ἀλώπεκας,
3101 1412 3257 1489 φησὶ,
3286 1410 3586 1486 κρατήσατέ
3630 1432 3752 1483 μοι,

2170 1503 2261 1565 Ὠς
2294 1501 2625 1577 βλαπτικοὺς
2652 1503 3017 1578 τυγχάνοντας
3046 1505 3244 1578 ψυχῶν
3285 1505 3393 1557 τῶν
3439 1499 3824 1576 ἀνθρωπίνων.

2173 1591 2488 1665 Ἀμπέλους
2518 1592 2621 1668 γάρ
2653 1592 2725 1655 ὡς
2757 1592 2982 1663 ἀληθῶς
3007 1592 3203 1654 ταύτας
3235 1590 3398 1647 ἐννόει
3434 1592 3624 1665 μόνας.

2731 1713 2847 1763 Τῶν
2886 1710 2932 1785 γ’
2972 1709 3245 1785 Πατέρων.

2248 1817 2394 1871 Ἐπεὶ
2454 1814 2511 1871 δὲ
2568 1817 2704 1873 κατᾶ
2757 1814 3001 1872 κέλευσιν
3059 1821 3155 1872 τοῦ
3202 1817 3439 1895 νυμφίου
3486 1822 3827 1890 παραστᾶσαι

426 1905 541 1977 ipsi
570 1912 779 1977 pra)le
808 1910 1025 1973 essent,
1060 1911 1116 1963 et
1146 1924 1280 1962 cum
1336 1922 1403 1962 eo
1463 1922 1531 1962 ex
1589 1906 1852 1963 doctrina
1881 1904 2069 1979 ipsius

2200 1906 2351 1979 τούτῳ
2379 1907 2433 1961 αἱ
2484 1904 2798 1961 διδάσκαλοι
2856 1907 3050 1982 ψυχαὶ,
3082 1907 3210 1981 ὑπὲρ
3258 1893 3368 1960 τῶν
3418 1902 3824 1978 διδασκομένων

426 2006 823 2067 versarentur,
857 2000 927 2054 ad
959 2016 1058 2055 eas
1098 1999 1220 2054 haec
1274 1998 1448 2054 verba
1480 1998 1615 2054 facit
1646 2015 1659 2053 ε
1693 2001 1887 2070 Capite
1915 1998 2069 2052 nobis

428 2090 621 2161 vulpes
652 2090 915 2161 parvulas
945 2107 963 2143 :
994 2090 1367 2144 observantia
1418 2093 1858 2160 praceptorum,
1892 2084 2069 2143 simul

426 2196 561 2237 eum
612 2181 886 2234 vitiorum
939 2179 1298 2234 motionibus
1363 2177 1764 2233 astutissimos
1805 2178 2071 2249 ipsorum

429 2274 697 2325 auctores
728 2268 971 2339 spiritus
1022 2268 1331 2323 cohibete:
1369 2270 1468 2340 qui
1522 2268 1750 2339 parvuli
1800 2267 2075 2321 videntur

427 2360 639 2428 adhuc,
672 2375 802 2414 cum
838 2359 979 2431 ipsae
1012 2359 1299 2414 motiones
1331 2359 1593 2414 nondum
1624 2358 1685 2413 in
1718 2362 1915 2413 actum
1939 2371 2078 2429 pro-

429 2449 737 2512 cesserint,
772 2448 935 2503 Nobis
983 2452 1175 2502 autem
1227 2447 1371 2501 dixit
1399 2448 1574 2517 capite
1612 2451 1852 2518 propter
1900 2447 2075 2500 ﬁnem

427 2538 815 2610 propositum,
842 2537 940 2608 qui
976 2536 1034 2590 in
1072 2536 1185 2591 illis
1234 2536 1575 2591 erudiendis
1608 2535 1890 2607 expletur.
1941 2540 2080 2605 Quae

430 2628 811 2682 demetiuntur
840 2629 1049 2691 vineas,
1106 2626 1161 2680 id
1196 2630 1305 2691 est,
1363 2625 1590 2681 animus
1632 2630 1917 2691 evertunt,
1952 2643 2078 2696 qua:

434 2734 534 2787 per
564 2717 738 2772 ﬁdem
773 2717 833 2770 in
867 2732 959 2770 me
990 2721 1130 2770 sunt
1183 2714 1475 2786 plautataa.
1531 2718 1598 2770 Et
1655 2718 1833 2771 vineae
1880 2725 2082 2772 nostra:

436 2805 888 2877 ﬂorent.Auimze
919 2804 1230 2873 diligenter
1261 2821 1294 2858 a
1328 2805 1494 2859 nobis
1525 2804 1594 2860 ad
1630 2804 1878 2860 salutem
1910 2804 2080 2861 iusti-

437 2900 582 2951 tutte
602 2895 729 2965 jam
759 2893 967 2949 ﬂorent
996 2894 1323 2949 secundum
1357 2892 2081 2962 Virtutem,l'allacissimis,

437 2990 503 3041 ut
532 2985 756 3040 dictum
788 2987 896 3054 est,
929 2981 1235 3054 spiritibus
1264 2981 1607 3053 profligatis.

1160 3179 1351 3233 Pselli.

507 3288 617 3343 Sed
648 3286 949 3341 videamus
984 3286 1125 3357 quid
1159 3286 1316 3342 dicat
1346 3286 1519 3341 etiam
1568 3304 1787 3359 sponsa
1817 3292 1875 3344 et
1904 3289 2093 3361 virgo-
2128 3259 2173 3330 (ἶ

508 3377 682 3445 Nepos
711 3392 863 3431 meus
891 3375 1053 3437 mihi.
1088 3382 1138 3429 et
1170 3392 1267 3443 ego
1299 3375 1415 3431 illi.

506 3466 719 3520 Verum
753 3482 981 3521 morose
1012 3466 1287 3535 deinceps
1320 3481 1536 3537 sponso
1567 3466 1826 3537 loquitur
1858 3484 1870 3522 :

512 3557 619 3624 Qui
645 3557 820 3627 pascit
850 3557 995 3610 inter
1035 3555 1176 3619 lilia,
1207 3553 1375 3609 donec
1411 3558 1617 3625 aspiret
1646 3556 1779 3621 dies,
1813 3560 1862 3611 et
1921 3556 2089 3610 inrti-

440 3650 646 3700 nentur
694 3644 918 3713 umbrae,
974 3654 1250 3698 revertere
1299 3661 1310 3698 :
1360 3645 1561 3699 similis
1605 3654 1719 3700 esto
1767 3650 1847 3707 tu,
1925 3661 2091 3715 nepos

442 3736 545 3800 mi,
578 3748 798 3805 capreae
828 3732 1129 3788 hinnulove
1185 3749 1470 3789 cervorum
1517 3750 1683 3806 super
1724 3737 1932 3789 montes
1961 3751 2090 3790 con-

444 3820 712 3878 vallium.

519 3911 562 3966 Ο
595 3910 985 3983 pulcherrime
1019 3916 1216 3983 pastor
1261 3913 1480 3980 ovium,
1530 3929 1657 3983 qum
1702 3918 1895 3968 mente
1954 3918 2094 3969 sunt

448 4000 723 4073 prazditas,
756 4000 946 4071 inquit
978 4018 1195 4069 sponsa
1216 4002 1287 4056 ad
1321 4003 1514 4072 ipsum
1550 4003 1805 4057 Verbum
1837 4007 1895 4057 et
1926 4020 2098 4074 spon-

450 4106 605 4159 sum,
651 4089 749 4159 qui
804 4105 938 4144 oves
989 4094 1125 4143 tuas
1165 4090 1507 4155 virtutibus,
1563 4097 1625 4144 ut
1678 4090 1820 4145 liliis
1876 4092 2092 4161 pascis,

450 4195 657 4232 rursus
686 4184 742 4231 te
773 4194 992 4248 capreae
1023 4186 1127 4233 aut
1175 4196 1475 4233 cervorum
1538 4180 1785 4235 hinnulo
1840 4180 2093 4235 similem

452 4268 659 4340 praebe,
696 4272 759 4321 ut
792 4267 962 4337 paulo
990 4273 1124 4323 ante
1158 4285 1335 4331 super
1363 4269 1603 4322 vallium
1641 4274 1872 4325 montes
1921 4268 2096 4324 salie-

448 4356 555 4411 bas
589 4372 601 4409 :
638 4360 810 4426 atque
841 4371 1072 4410 omnem
1102 4357 1419 4425 potentiam
1447 4358 1849 4411 adversantem
1885 4361 2094 4423 everte,

452 4448 507 4499 et
538 4442 715 4498 colles
746 4442 925 4498 nimis
957 4445 1145 4499 elatos
1177 4461 1433 4515 exsequa.
1493 4445 1584 4499 Sic
1618 4445 1771 4499 enim
1824 4446 2097 4500 cursibus

452 4532 572 4587 tuis
603 4532 798 4587 omnis
845 4532 1012 4586 vallis
1046 4532 1392 4605 implebitur
1442 4551 1453 4586 :
1507 4540 1563 4587 et
1609 4534 1802 4589 omnis
1860 4534 2097 4590 malitiae

2179 1996 2326 2068 αὖτῷ
2401 1996 2811 2072 ἐντυγχάνουσι,
2859 1998 2997 2071 πρὸς
3078 1995 3275 2058 ταύτας
3358 1996 3534 2060 οὕτως
3619 1995 3825 2072 φησίνο

2181 2088 2414 2141 [Ιιάσατε
2467 2089 2601 2157 ἡμῖν
2658 2086 2947 2150 ἀλώπεκας
3025 2085 3237 2161 μικρὰς,
3297 2083 3467 2161 ἤγουν
3527 2087 3830 2161 κατάσχετε

2181 2174 2271 2231 διὰ
2316 2179 2424 2230 τῶν
2478 2174 2710 2231 ἐντολῶν
2762 2173 2875 2247 ἅμα
2917 2181 3036 2239 ταῖς
3080 2177 3323 2246 κινήσεσι
3361 2181 3470 2229 τῶν
3520 2177 3705 2229 παθῶν
3765 2175 3833 2227 τά

2180 2264 2387 2319 τούτων
2458 2262 2603 2319 αἴτια
2672 2261 3021 2338 δολερώτατα
3077 2265 3353 2338 πνεύματα
3424 2262 3499 2319 ἔτι
3568 2262 3838 2319 δοκοῦντα

2181 2355 2409 2422 νεάζιιν,
2442 2352 2492 2408 εἷ’
2524 2356 2693 2426 μήπω
2724 2355 2777 2408 αῖ
2828 2358 2938 2408 τῶν
2985 2356 3169 2408 παθῶν
3228 2356 3465 2423 κινήσεις
3521 2354 3839 2430 προκόψου-

2186 2461 2264 2496 σ.ν
2313 2443 2388 2504 si;
2433 2442 2723 2517 ἐνέργειαν,
2775 2448 2931 2515 ’Πμῖν
2977 2441 3033 2498 δέ
3082 2464 3213 2520 φησι
3270 2444 3588 2519 κατάσχετε,
3642 2440 3734 2497 διὰ
3781 2442 3842 2498 τὸ

2184 2532 2351 2604 πέρας
2440 2528 2679 2602 δέξασθαι
2734 2534 2797 2587 τὸ
2855 2533 2991 2588 κατὰ
3061 2534 3261 2588 σκοπὸν
3347 2535 3483 2606 ἡμῖν
3548 2532 3635 2587 ἐπὶ
3723 2538 3844 2594 ταῖς

2193 2623 2673 2695 μαθητευομίναις.
2786 2623 3172 2701 Ἀφανίζοντας
3287 2622 3618 2696 ἀμπελῶνας
3656 2643 3667 2656 ⁸
3743 2621 3847 2692 δη-

2190 2708 2353 2781 λαδὴ,
2388 2709 2733 2775 ἀπολλύντας
2794 2713 2974 2787 ψυχὰς
3028 2716 3095 2785 τῇ
3153 2713 3230 2775 εἷς
3290 2712 3386 2786 ἐμὲ
3444 2713 3619 2768 πίστει
3676 2734 3845 2789 πεφυ-

2188 2801 2470 2873 τευμένας.
2504 2801 2599 2855 Καὶ
2656 2802 2711 2855 αἱ
2769 2801 3010 2875 ἄμπελοι
3070 2805 3230 2873 ἡμῶν
3286 2804 3662 2876 κυπρίζουσιν⁸
3703 2800 3845 2869 ἤτοι,

2190 2891 2245 2943 αἱ
2276 2890 2403 2961 παρ’
2453 2892 2613 2961 ἡμῶν
2668 2890 2805 2964 πρὸς
2855 2892 3128 2966 σωτηρίαν
3184 2890 3613 2963 ἐπιμελούμεναι
3674 2888 3846 2965 ψυχαί

2190 2976 2299 3047 ἤδη
2335 2979 2551 3033 ἀνθοῦσι
2607 2980 2722 3034 κατ’
2756 2980 2974 3052 ἀρετὴν,
3004 2982 3111 3033 τῶν
3163 2976 3551 3054 δολερωτάτων
3599 2976 3846 3050 πνευμά-

2189 3086 2296 3120 των
2332 3067 2800 3141 κατασχεθέντων,
2833 3068 2909 3129 ὡς
2942 3065 3173 3143 εἴρηται.

2893 3173 3140 3231 Ψελλοῦ.

2280 3281 2440 3339 Ἀλλ’
2472 3282 2670 3358 ἴδωμεν
2698 3286 2788 3340 καὶ
2815 3284 2868 3340 τί
2898 3307 3061 3362 φησιν
3089 3287 3123 3354 ἡ
3154 3287 3338 3362 νύμφη
3373 3285 3461 3339 καὶ
3492 3284 3778 3357 παρθένος.

2192 3371 2515 3450 Ἀδελφιδός
2549 3395 2655 3446 μου
2687 3373 2835 3446 ἐμοὶ,
2866 3374 3013 3447 κάγὼ
3046 3373 3212 3445 αὐτῷ.

2194 3462 2354 3518 Ἀλλ’
2386 3462 2574 3532 ἐφεξῆς
2599 3460 2902 3517 ἐκδυσωπεῖ
2933 3459 3162 3537 λέγουσα
3191 3465 3270 3533 τῷ
3298 3461 3517 3537 νυμφίῳ
3539 3480 3551 3491 ·

2266 3553 2328 3606 Ὁ
2374 3552 2683 3624 ποιμαίνων
2728 3552 2779 3605 ἐν
2828 3556 2945 3614 τοῖς
3005 3551 3236 3627 κρίνοις,
3284 3547 3386 3611 ἕως
3438 3550 3501 3604 οὗ
3554 3548 3850 3624 διατι-νεύσῃ

2198 3646 2233 3711 ἡ
2310 3643 2492 3715 ἡμέρα
2572 3642 2661 3697 καὶ
2737 3644 3030 3712 κινηθῶσιν
3102 3643 3157 3697 αἱ
3239 3642 3405 3713 σκιαὶ,
3485 3640 3851 3716 άπὸστρεψον,

2202 3734 2509 3806 ὁμοιώθητι
2568 3730 2940 3811 σὺ,ἀδελφιδέ
3008 3754 3133 3805 μου,
3161 3736 3239 3804 τῷ
3290 3730 3520 3809 δόρκωνι
3584 3733 3617 3803 ἢ
3678 3728 3851 3809 νεϐρῷ

2202 3820 2414 3900 ἐλάφων
2450 3820 2533 3875 ἐπὶ
2566 3822 2631 3875 τά
2661 3816 2761 3894 ὅρη
2789 3820 3182 3895 κοιλωμάτων.

2201 3913 2267 3966 Ὠ
2298 3910 2689 3966 καλλιπότατε
2717 3912 2928 3983 ποιμὴν
2956 3916 3064 3966 τῶν
3099 3911 3333 3987 λογικῶν
3365 3906 3681 3987 προϐάτων,

2205 4002 2376 4070 Φησὶν
2411 4004 2444 4070 ἡ
2476 4000 2661 4078 νύμφη
2697 4001 2834 4074 πρὸς
2866 4001 3024 4056 αὐτὸν
3055 4002 3146 4056 τὸν
3180 4001 3353 4074 Λόγον
3384 4002 3473 4055 καὶ
3501 4001 3760 4079 νυμφίον,

2200 4091 2297 4151 ⁸ος
2326 4089 2536 4167 τρέφεις
2567 4111 2660 4144 σου
2690 4092 2755 4143 τά
2785 4085 3033 4165 πρόϐατα
3064 4094 3184 4151 ταῖς
3232 4089 3447 4163 ἀρεταῖς
3495 4090 3573 4153 ὡς
3621 4090 3851 4163 κρίνοις,

2204 4180 2302 4234 Καὶ
2333 4178 2496 4235 πάλιν
2530 4178 2727 4255 φάνηθι
2762 4176 2959 4255 δορκᾶς
2989 4182 3024 4249 ἢ
3056 4178 3143 4233 καὶ
3176 4173 3367 4253 νεϐρὸς
3400 4177 3640 4255 ἐλάφων,

2204 4269 2303 4323 Καὶ
2333 4267 2498 4322 πάλιν
2530 4267 2873 4336 ἀναζητησον
2906 4268 3086 4342 ὥσπερ
3119 4268 3579 4341 ἀνθυποπρὲῲας,

2204 4360 2379 4430 "Amp
2411 4355 2614 4425 ἐπήδας
2644 4359 2750 4430 πρὸ
2784 4361 2980 4431 μικροῦ
3011 4361 3116 4411 τῶν
3148 4354 3513 4430 κοιλωμάτων
3550 4353 3679 4431 ὅρη,

2208 4446 2308 4501 Καὶ
2339 4451 2511 4499 πᾶσαν
2546 4444 2857 4522 ἐξαφάνισον
2892 4442 3117 4517 δύναμιν
3153 4444 3413 4513 ἐναντίαν,
3548 4510 3562 4527 Ι

2206 4532 2303 4587 Καὶ
2334 4532 2710 4607 καθομάλισον
2750 4532 2980 4610 βουνοὺς
3010 4532 3136 4595 τοὺς
3167 4532 3299 4609 ἄγαν
3336 4532 3700 4609 ἐπηρμένους.

454 4621 620 4679 collis
665 4620 1080 4677 humiliabitur
1113 4640 1123 4676 :
1158 4627 1215 4678 et
1262 4639 1464 4676 omnes
1518 4623 1837 4696 impietatis
1885 4624 2082 4678 umbra

2212 4621 2362 4677 Οὕτω
2392 4622 2489 4698 γὰρ
2524 4620 2947 4697 πληρωθήσεται
2980 4627 3094 4684 σοῖς
3127 4619 3357 4697 δρόμοις
3384 4628 3529 4677 πᾶσα
3556 4624 3781 4699 φάραγξ,

454 4711 848 4767 discutiantur

456 4801 630 4855 rabit.

908 4727 920 4765 :
978 4717 1033 4766 et
1091 4711 1215 4768 dies
1272 4710 1481 4767 salutis
1540 4711 1886 4767 mortalibus
1945 4712 2099 4786 aspi-

1047 5009 1231 5063 Trium
1262 5010 1513 5064 Patrum.

529 5116 836 5181 Revertere,
866 5117 1179 5172 assimitare
1223 5120 1301 5182 tu,
1352 5132 1522 5183 nepos
1572 5116 1668 5185 mi,
1718 5130 1931 5186 capreae
1977 5114 2101 5169 hin-

455 5205 648 5260 nutorc
676 5221 954 5261 cervorum
980 5220 1143 5275 super
1174 5209 1388 5259 montes
1413 5204 1769 5259 convallium.

527 5380 827 5452 Spiritales
883 5382 1054 5445 feras,
1120 5381 1449 5434 animarum
1528 5381 1915 5450 corruptrices
1984 5400 2102 5453 qua

457 5477 663 5526 contra
695 5488 801 5526 nos
830 5470 1093 5535 saeviunt,
1128 5474 1181 5521 et
1213 5471 1568 5538 serpentium
1606 5485 1785 5533 more,
1820 5472 2095 5527 vitiorum

457 5560 617 5615 virus
649 5561 705 5614 in
739 5576 845 5613 nos
894 5559 1226 5627 effundunt,
1272 5558 1500 5629 repelle.
1539 5558 1603 5612 Et
1654 5566 1957 5629 propterea
2008 5567 2094 5629 tu,

528 5710 572 5744 ³⁷
602 5708 713 5763 Isa.
744 5724 857 5777 xw,
890 5707 976 5761 44.

2214 4712 2319 4768 Καὶ
2350 4718 2452 4773 πᾶς
2488 4713 2948 4781 ταπεινωθήσεται
2982 4712 3172 4785 βουνὸς
3207 4712 3233 4764 ὁ
3264 4717 3363 4781 τῆς
3391 4710 3603 4777 κακίας,

2214 4805 2309 4858 Καὶ
2344 4808 2505 4857 πᾶσαι
2539 4804 2926 4873 κινηθήσονται
2960 4801 3104 4857 σκιαὶ
3135 4808 3235 4871 τῆς
3269 4800 3472 4871 άθεΐας,

2212 4893 2318 4949 Καὶ
2353 4890 2655 4947 διαπνεύσει
2690 4893 2907 4967 βροτοῖς
2936 4889 3118 4964 ἡμέρα
3147 4889 3436 4965 σωτηρίας.

2771 5013 2893 5067 Τῶν
2934 5009 2983 5084 γ’
3024 5007 3299 5083 [Ιατέρων.

2283 5118 2677 5195 ’Δπόστρεψον,
2736 5119 3045 5192 ὁμοιώθητι
3114 5115 3197 5184 σὺ,
3258 5112 3517 5189 ἀδελφιδέ
3599 5136 3723 5188 μου,
3779 5119 3867 5186 τῷ

2212 5207 2467 5283 δόρκωνι,
2530 5210 2564 5279 ἢ
2624 5202 2798 5283 νεϐρῷ
2858 5204 3071 5284 ἐλάφων
3133 5203 3221 5260 ἐπὶ
3275 5203 3341 5258 τὰ
3393 5200 3496 5279 ὄρη
3566 5208 3673 5259 τῶν
3743 5224 3871 5257 κως

2212 5296 2507 5369 λωμάτων.

2284 5381 2648 5457 Ἀπόστρεψον
2710 5380 2768 5437 δὲ
2839 5382 2904 5437 τὰ
2977 5382 3096 5444 καθ’
3152 5383 3314 5452 ἡμῶν
3398 5380 3693 5451 μαινόμενα
3752 5380 3867 5449 ψυ-

2207 5472 2456 5548 χοφθὸρα
2487 5470 2655 5539 νοητὰ
2702 5470 2888 5544 θηρία,
2920 5470 2987 5523 τά
3037 5466 3192 5538 δίκην
3252 5464 3427 5544 ὄφεων
3476 5468 3567 5521 τὸν
3619 5467 3698 5520 ἱὸν
3744 5469 3866 5519 τῶν

2206 5564 2386 5616 παθῶν
2444 5559 2494 5615 ἐν
2550 5563 2686 5633 ἡμῖν
2746 5558 3032 5633 ἐκχέοντα·
3086 5556 3365 5620 κάντεῦθεν
3428 5554 3733 5629 ὁμοιώθητι
3787 5552 3861 5607 σὺ
