3944 6210
200 390 313 449 59Ἰ

1253 391 1663 452 COMMENT.
1709 391 1786 451 ΙΝ
1833 392 2235 456 CANTlCUM
2279 396 2582 456 CANTIG.

3508 403 3631 465 598

205 518 447 591 πάντως,
496 520 533 587 ἡ
563 521 660 572 τοῦ
690 521 826 572 Θεοῦ
849 516 939 571 καὶ
970 519 1183 593 Πατρὸς
1214 518 1573 582 ἔνυπόστατος
1610 518 1858 593 δύναμις,
1888 523 1939 590 Α
1972 523 1999 577 d

2048 524 2182 579 lecte
2214 526 2315 592 mi,
2349 527 2451 597 qui
2482 526 2583 583 Dei
2616 532 2673 583 et
2696 527 2887 584 Patris
2922 529 3099 584 unius
3131 532 3310 601 atque
3360 532 3623 603 ejusdem

198 608 451 683 ἀγαπητὲ
484 628 612 680 μου,
656 611 777 667 τοῖς
801 604 1161 684 φυγαδεύουσι
1198 610 1359 677 ζώοις
1390 612 1457 663 τὰ
1508 605 1705 664 ἷοϐόλα
1765 621 1861 679 θη-

204 699 307 773 ρία,
364 697 417 751 ἐν
470 701 550 769 τῷ
601 695 920 751 ἀπελαύνειν
962 696 1155 773 πόρῥω
1204 701 1364 767 ἡμῶν
1406 700 1473 753 τὰ
1517 699 1863 773 πονηρότατα

202 786 517 857 πνεύματα·
588 785 729 839 οὕτω
788 782 845 839 δὲ
889 785 1110 849 τούτοις
1165 788 1498 860 ὁμοιώθητι,
1557 787 1861 863 ἐρχόμενος

202 875 283 931 ἐπὶ
334 877 434 937 τὰς
496 872 877 938 διδασκάλους.
935 877 1034 937 τὰς
1067 872 1225 945 δίκην
1269 878 1411 950 ὁρῶν
1473 878 1861 952 ὑπερκειμένας

199 971 301 1022 τῶν
354 963 747 1028 κοιλανθεισῶν
804 969 923 1027 τοῖς
978 970 1084 1020 τῶν
1146 968 1333 1020 παθῶν
1396 966 1624 1043 ῥεύμασι
1686 967 1862 1039 μαθη-

202 1059 386 1129 τριῶν,
451 1053 593 1108 ὥστε
650 1051 977 1131 φυγαδεῦσαι
1033 1052 1123 1109 διὰ
1183 1054 1360 1128 μέσων
1420 1054 1634 1111 ἐκείνων
1666 1056 1733 1109 τὰ
1760 1055 1858 1122 τὴν

207 1146 418 1201 τούτων
488 1143 870 1218 κατωρύξαντα
947 1146 1180 1221 φυσικὴν
1251 1146 1605 1219 ὁμαλότητα,
1660 1148 1747 1201 καὶ
1807 1145 1859 1200 ἐν

203 1232 426 1293 ταύταις
479 1231 907 1309 ἐμφωλεὺσαντα
953 1229 1282 1310 ψυχοφθόρα
1330 1233 1519 1309 θηρία·
1579 1234 1859 1288 κάντεῦθεν

203 1321 648 1389 ἀποκαταστῆσαι
708 1320 872 1376 πάλιν
932 1322 1118 1385 αὐταῖς
1172 1324 1272 1390 τὴν
1334 1323 1629 1396 εἶ’ρημὲνην
1657 1320 1863 1394 ὁμαλό-

204 1429 362 1479 τηταο
397 1411 545 1488 φημί
586 1407 643 1464 δὲ
698 1411 797 1478 τὴν
857 1415 966 1466 τῶν
1024 1414 1278 1487 ψυχικῶν
1348 1409 1627 1485 δυνάμεων
1682 1412 1861 1466 ἰσονο-

208 1498 329 1573 μίαν
340 1544 354 1557 .

778 1612 898 1662 Τῶν
930 1614 976 1682 γ’
1016 1607 1268 1683 Πατέρων
1280 1651 1292 1664 .

266 1703 449 1752 Ταῦτα
495 1698 679 1753 τοίνυν
722 1700 759 1766 ἡ
814 1694 1142 1759 διδάσκαλος
1187 1697 1281 1751 τὸν
1326 1697 1558 1775 νυμφίον
1598 1697 1721 1772 περὶ
1750 1701 1859 1751 τῶν

205 1786 666 1861 μαθητευομὲνων
743 1785 1107 1856 αἰτησαμένη,
1187 1786 1323 1861 πρὸς
1390 1786 1587 1849 ταύτας
1664 1785 1859 1840 λοιπὸν

1972 613 2240 668 essentiae
2293 615 2475 671 virtus
2520 634 2604 684 es,
2655 622 2712 671 te
2762 618 3170 673 animantibus
3202 618 3319 674 illis
3372 620 3627 678 similem

1973 701 2338 775 exbibe,quae
2370 723 2693 761 venenosas
2724 706 2877 761 feras
2901 707 3293 774 insectantur,
3329 713 3392 763 ut
3422 713 3625 782 procul

1973 806 2006 843 a
2054 793 2220 845 nobis
2300 794 2771 865 iinprobissimos
2854 796 3103 867 spiritus
3187 802 3440 853 avertas.
3520 800 3621 867 Te,

1972 879 2237 950 inquam,
2270 881 2387 935 illis
2421 882 2672 938 similem
2709 885 3183 955 praestayeniens
3217 885 3277 940 in
3310 886 3628 959 magistras

1972 968 2222 1035 animas,
2283 972 2620 1041 quaeinter
2708 973 3032 1044 discipulae
3116 976 3628 1045 perturbationum

1972 1056 2251 1114 fluctibus
2278 1062 2609 1131 depressas,
2645 1063 2936 1117 montium
2971 1063 3160 1117 instar
3188 1063 3482 1120 excellunt
3514 1082 3527 1119 :
3564 1072 3630 1121 ut

1970 1145 2236 1218 ipsarum
2304 1166 2480 1220 opera
2530 1150 2818 1221 propellas
2872 1156 2928 1206 et
2996 1153 3164 1223 fuges
3212 1152 3434 1209 bestias
3493 1154 3628 1211 illas

1972 1237 2304 1307 pestiferas,
2363 1255 2493 1309 quae
2552 1239 2880 1295 naturalem
2957 1242 3202 1296 rudium
3288 1243 3627 1299 animarum

1971 1325 2424 1395 aequabilitatem
2475 1333 2776 1394 excavant,
2834 1330 2893 1384 in
2951 1330 3155 1402 eisque
3206 1332 3321 1387 sibi
3369 1331 3628 1389 latebras

1972 1414 2362 1471 constituunt.
2410 1420 2602 1488 Atque
2651 1418 2734 1474 ita
2800 1418 3115 1491 pristinam
3164 1419 3283 1477 illis
3338 1420 3627 1477 virtutum

1971 1503 2427 1575 mquabilitatem
2462 1507 2659 1563 redde.

2567 1615 2751 1669 Trium
2780 1614 3035 1670 Patrum.

2042 1698 2172 1753 Haec
2220 1699 2403 1771 igitur
2436 1701 2716 1772 magistra
2766 1718 2899 1757 cum
2931 1703 3003 1758 de
3052 1702 3359 1775 discipulis
3410 1721 3627 1776 sponso

1971 1787 2371 1855 disseruisset,
2404 1791 2474 1845 ad
2508 1808 2609 1845 eas
2662 1808 2793 1846 mox
2832 1808 3168 1848 sermonem
3215 1794 3501 1850 convertit
3529 1813 3541 1863 ;
3575 1798 3633 1850 et

200 1876 383 1951 τρέπει
414 1875 511 1929 τὸν
545 1873 731 1950 λόγον,
784 1874 875 1928 καὶ
923 1876 991 1929 τὰ
1034 1874 1211 1929 οῗκεῖα
1253 1874 1591 1950 ἐξηγουμένη
1652 1874 1860 1942 αὑταῖς,
1896 1892 1942 1957 Β
1972 1894 1999 1949 q

2055 1895 2098 1932 aa
2143 1879 2213 1932 ad
2259 1896 2321 1934 se
2368 1880 2558 1949 ipsam
2608 1880 2944 1952 pertinent,
2996 1883 3275 1953 exponit;
3331 1886 3508 1955 atque
3551 1885 3633 1938 ita

194 1970 279 2019 καί
346 1962 439 2018 διὰ
485 1964 694 2018 τούτων
746 1962 947 2025 ταύτας
980 1962 1180 2039 ἐνάγειν
1237 1962 1614 2039 ἐπιχειροῦσα,
1675 1964 1861 2042 φησίν·

209 2054 330 2109 Ἐπὶ
389 2052 581 2122 κοίτην
639 2073 744 2124 μου
804 2050 857 2106 ἐν
916 2052 1061 2122 νυξὶν
1115 2051 1355 2122 ἐζήτησα
1407 2052 1464 2107 ὅν
1524 2055 1867 2127 ἡγάπησενή

206 2143 361 2218 ψυχή
425 2160 552 2214 μου·
614 2139 781 2217 ἤγουν
844 2141 893 2195 ἒν
957 2141 1111 2216 σαρκί
1172 2162 1298 2214 μου,
1331 2142 1413 2219 ἐφ’
1463 2140 1749 2216 ᾕέδόκουν
1783 2139 1869 2196 διὰ

207 2232 267 2286 τὸ
314 2238 437 2285 κατ’
494 2229 663 2285 αὑτῧν
722 2226 827 2298 ηδτ)
886 2229 1247 2293 ἀναπαύεσθαι
1330 2229 1385 2285 ἰν
1444 2236 1564 2285 ταῖς
1595 2230 1707 2301 νυξὶ
1768 2237 1835 2284 τῖ

400 2273 417 2286 ’
620 2273 630 2299 l
1256 2276 1270 2300 ν
1541 2270 1561 2292 s
1826 2253 1867 2300 ,ς

211 2320 438 2395 ἀγνοίας
467 2318 705 2389 ἐζήτησα
733 2316 796 2372 τό
837 2318 1040 2395 κυρίως
1089 2318 1281 2390 καλὸν,
1310 2317 1441 2395 ὅπερ
1502 2318 1610 2374 ἐστῖ
1663 2321 1690 2374 6
1744 2318 1866 2392 ἐμοὶ

216 2410 575 2485 ἠγαπημένος
631 2406 867 2480 νυμφίος
903 2452 916 2477 ,
971 2408 1148 2479 εὑρεῖν
1186 2451 1199 2475 ,
1257 2407 1394 2463 κατὰ
1447 2409 1508 2463 τὸ
1562 2408 1869 2483 εἰρημένη),

214 2499 293 2554 ὅτι
348 2498 443 2571 νὺξ
503 2499 571 2567 ἦν
632 2498 755 2567 περῖ
813 2497 911 2570 ὲμὶ
962 2497 1063 2565 τήν
1107 2495 1373 2569 δείλαιον,
1427 2498 1518 2552 καὶ
1553 2498 1652 2552 οὐκ
1682 2495 1868 2573 ἔγνων

214 2587 493 2665 φωτισμὸν
577 2585 682 2661 γὰρ
774 2588 910 2639 εἶναι
993 2587 1092 2654 τὴν
1176 2586 1382 2663 τρυφὴν
1464 2581 1869 2658 ὑπελάμϐανον.

215 2678 485 2746 Έζήτησα
574 2674 735 2729 αὑτὸν
821 2674 911 2729 καὶ
998 2673 1103 2750 οὑχ
1183 2675 1337 2749 εὗρον
1406 2674 1589 2743 αὑτὸν,
1647 2674 1873 2730 ἐκάλεσα

217 2766 393 2833 αὐτὸν,
450 2764 543 2819 καὶ
600 2763 710 2839 οὐχ
767 2764 1043 2834 ὑπήκουσέ
1107 2784 1210 2836 μου
1243 2784 1254 2796 ο
1313 2761 1529 2834 δηλαδή
1593 2766 1871 2835 ζητήσασα

218 2854 371 2909 αὐτὸν
430 2852 485 2908 ἐν
537 2858 654 2915 τοῖς
684 2855 820 2907 κατᾶ
852 2854 1022 2927 σάρκα
1050 2850 1257 2921 ἡδέσιν,
1295 2852 1401 2928 οὐχ
1434 2854 1611 2928 εὗρον.
1647 2851 1870 2923 Ἐπειδή

217 2944 543 3015 ῇσαρκικῇ
591 2939 769 3012 ἡδονῇ
798 2946 1039 3018 φυσικῶς
1071 2942 1099 2995 6
1152 2941 1317 3002 πόνος
1373 2942 1723 3011 ςυνὲξεῦκται·
1788 2941 1873 3001 δτι

221 3037 440 3106 φθορᾶς,
492 3033 617 3097 ἥτις
675 3027 841 3100 ὀδύνη
903 3029 1070 3098 ἐστὶν,
1128 3032 1162 3099 ἡ
1219 3031 1336 3084 κατ’
1396 3027 1642 3100 αἶ’σθησιν
1703 3027 1875 3100 ἡδονὴ

217 3119 418 3195 γᾶνεσις
455 3163 467 3175 .
549 3119 844 3175 Κὰντεῦθεν
905 3119 997 3172 ἀπ’
1053 3119 1223 3187 αὐτῆς
1282 3116 1457 3192 ἔγνων
1509 3126 1611 3189 τῆς
1662 3121 1876 3196 πείρας,

222 3210 305 3264 δτι
376 3215 481 3279 τῆς
552 3210 687 3262 κατὰ
759 3207 928 3281 σάρκα
984 3205 1190 3277 ἡδονῆς
1249 3209 1277 3262 6
1336 3209 1459 3281 ἐμοὶ
1512 3209 1874 3283 ἀγαπώμενος

221 3295 428 3351 ἄπεστιν
479 3294 668 3370 διόπερ
720 3296 770 3350 ἒν
816 3294 986 3369 ταύτῃ
1028 3295 1330 3365 καλεσάσης
1364 3318 1468 3369 μου
1497 3302 1685 3352 τοῦτον
1736 3298 1873 3372 πρὸς

218 3385 514 3440 ἀπόλαυσιν
549 3384 778 3452 ἄλυπον,
841 3383 950 3459 οὐχ
1003 3385 1330 3455 ὑπήκουσεν.
1386 3387 1543 3449 ’Όθεν
1579 3383 1871 3460 διαπορου-

225 3475 353 3547 μένη
408 3471 539 3528 τάδε
586 3473 737 3528 εἶπον
786 3473 921 3548 πρὸς
1002 3472 1241 3546 ἐμαυτήν
1278 3493 1290 3505 ι
1342 3475 1743 3547 Ἀναστήσομαι
1805 3472 1871 3543 δὴ

216 3564 303 3619 καὶ
376 3563 651 3619 κυκλώσω
728 3561 779 3616 ἐν
851 3565 921 3635 τῇ
978 3560 1161 3630 πόλει,
1234 3561 1284 3616 ἐν
1332 3568 1452 3625 ταῖς
1512 3563 1737 3637 ἀγοραῖς
1785 3560 1873 3616 καί

222 3652 273 3709 ἂν
345 3659 466 3714 ταῖς
539 3649 855 3713 πλατείαις’
917 3651 1006 3705 καὶ
1082 3653 1303 3721 ζητήσω
1364 3650 1421 3705 δν
1488 3653 1775 3726 ⁴ἠγάπησεν
1836 3653 1870 3720 ἡ

220 3744 370 3818 ψυχή
434 3762 563 3815 μου.
614 3742 796 3809 Ἤτοι,
865 3738 1230 3813 ἰγερθήσομαι
1289 3740 1394 3794 ἀπὸ
1450 3746 1552 3810 τῆς
1607 3747 1870 3813 σαρκικῆς

226 3833 486 3906 σχέσεως,
570 3830 659 3883 καὶ
746 3830 1009 3903 Θεωρησω
1092 3828 1487 3903 εἷσαγιυγικῶς,
1570 3830 1657 3882 καὶ
1732 3828 1873 3882 οὕτω

223 3920 424 3994 πράξω.
470 3917 760 3980 Κάντεῦθεν
823 3914 910 3971 διὰ
966 3917 1157 3992 πείρας
1214 3915 1543 3992 τελεώτερον
1588 3919 1870 3992 θεωρήσωο

226 4010 311 4063 καὶ
366 4009 441 4070 ὡς
488 4008 597 4061 ἀπὸ
656 4004 883 4079 Θεωρίας
934 4005 1241 4082 ἀρχομένη,
1295 4007 1384 4061 καὶ
1442 4005 1519 4070 εἷς
1547 4006 1714 4076 αὐτὴν
1747 4027 1874 4063 κατ·

228 4102 431 4151 αντῶσα
452 4094 726 4151 κυκλώσω
758 4092 810 4149 ἐν
846 4094 1055 4167 ἐμαυτῇ
1114 4096 1250 4149 κατᾶ
1298 4095 1489 4169 πρᾶξιν
1540 4097 1633 4167 μὲν
1694 4094 1873 4171 ὥσπερ

228 4186 279 4241 ἰν
323 4186 545 4261 ἀγοραῖς
572 4203 720 4244 τινος
748 4182 988 4255 πόλεως,
1035 4182 1234 4245 πόνους
1289 4186 1379 4238 οἷα
1409 4180 1871 4257 δεδοκιμασμένον

227 4274 477 4348 ἀργύριον
562 4266 982 4344 μεταϐάλλουσα
1015 4315 1029 4341 ,
1084 4270 1172 4326 καὶ
1244 4271 1583 4345 κομιζομένη
1658 4272 1872 4345 ἀρετάς’

226 4363 356 4417 κατὰ
406 4361 636 4435 θεωρίαν
694 4358 772 4429 δὲ,
838 4361 913 4422 ὡς
995 4359 1046 4413 ἐν
1119 4359 1402 4422 πλατείαις
1481 4358 1869 4435 διεξερχομένη

225 4458 342 4514 ταῖς
392 4454 647 4528 φυσικαῖς
701 4449 953 4523 θεωρίαις
1007 4450 1116 4503 τῶν
1177 4445 1367 4503 ὄντων·
1400 4450 1489 4503 καὶ
1535 4451 1636 4517 τήν
1666 4450 1874 4504 τούτων

228 4539 479 4616 διάφορον
530 4543 735 4614 γνῶσιν
786 4537 1146 4612 συλλέγουσα*
1198 4540 1283 4592 καὶ
1337 4538 1481 4593 οὕτω
1514 4540 1734 4607 ζητήσω
1780 4539 1872 4593 τὸν

227 4630 558 4704 ποθούμενόν
622 4648 715 4700 μοι
766 4628 941 4701 εὑρεῖν
977 4669 991 4684 .

231 4717 379 4795 εὗρον
453 4716 641 4785 αὑτὸν,
708 4713 937 4769 ἐκάλεσα
1013 4714 1192 4783 αὑτὸν,
1268 4714 1359 4769 καὶ
1435 4716 1542 4789 οὑχ
1599 4714 1872 4785 ὑπήκουοσᾶ

234 4828 358 4881 μου.
390 4804 662 4875 Δηλονότε
683 4803 821 4858 κατὰ
848 4803 1036 4877 πρᾶξιν
1053 4804 1145 4858 καὶ
1166 4805 1394 4880 θεωρίαν
1424 4802 1661 4875 ἐζήτησα
1688 4804 1871 4876 αὑτὸν,

231 4896 570 4971 μιμουμένη.

223 4986 484 5042 Ἐκάλεσα
510 4985 674 5041 αὑτὸν
706 4982 797 5039 καὶ
828 4982 936 5058 οὑχ
969 4980 1243 5053 ὑπήκουσᾶ
1273 5003 1400 5055 μου.

932 5086 1182 5145 Ψελλοῦ.

220 5185 310 5243 Ὠς
337 5178 526 5251 ὅντως,
559 5179 942 5251 ἂκατάληπτος
966 5180 1001 5247 ἡ
1036 5179 1127 5248 σὴ,
1158 5178 1356 5251 Χριστὲ
1392 5199 1518 5252 μου,
1551 5175 1729 5253 φύσις.

220 5273 346 5327 Ἐπὶ
407 5272 504 5339 τὴν
548 5270 741 5340 κοίτην
801 5288 944 5341 μου,
1004 5268 1177 5343 φησὶ,
1240 5269 1340 5336 τήν
1400 5265 1529 5342 ἄγαν
1588 5266 1871 5341 προκοπήν

1721 5359 1873 5427 [eam

216 5455 309 5505 Ἐν
406 5448 495 5503 καὶ
526 5448 771 5525 φθάσασα
804 5444 996 5500 λοιπὸν
1028 5443 1241 5512 ἤλπισα
1268 5449 1626 5513 καταπαῦσαι,

216 5542 234 5559 ο
353 5535 418 5555 0"
690 5530 710 5550 Α
962 5533 972 5550 Ι
1432 5538 1456 5547 -ι

238 5547 314 5599 Ως
348 5555 457 5607 ηοη
489 5538 551 5591 τὸ
577 5536 872 5608 ἀκροτατον
904 5553 1117 5587 παντων
1150 5528 1548 5588 καταλαϐοῦσα·

219 5630 397 5688 Ὅταν
418 5626 553 5700 πρὸς
588 5624 752 5680 νύκτα
776 5621 1021 5700 πὲφοακα
1051 5626 1159 5677 τῶν
1194 5623 1351 5676 Θειῶν
1390 5621 1733 5697 μυστηρίων,

219 5720 457 5794 Θερμῶς
493 5717 830 5785 ἀναζητοῦσα
859 5712 948 5767 τὸν
984 5710 1156 5785 Λόγον
1190 5712 1279 5767 καὶ
1300 5711 1559 5791 νυμφίον,

1051 4629 1328 4699 Ἐζήτησα
1380 4627 1559 4695 αὑτὸν,
1616 4627 1707 4681 καὶ
1765 4627 1873 4702 οὐχ
1905 4624 1952 4687 Ι)
1981 4630 2163 4695 illum,
2194 4637 2248 4683 el
2278 4643 2391 4681 non
2422 4629 2613 4682 inveni
2660 4644 2678 4680 :

1978 1967 2175 2021 studet
2203 1984 2302 2022 eas
2330 1967 2660 2024 instituere.
2702 1971 2766 2025 lu
2828 1971 3046 2035 lectulo,
3096 1972 3309 2042 inquit,
3365 1988 3485 2027 meo
3534 1989 3633 2043 per

1976 2064 2160 2110 nocte:
2192 2059 2425 2126 quaesivi
2452 2075 2611 2130 quem
2666 2059 2855 2127 diligit
2908 2062 3099 2115 anima
3145 2076 3294 2115 mea.
3345 2062 3405 2115 In
3454 2078 3631 2117 carne

1976 2143 2246 2200 videlicct
2303 2162 2455 2215 mea,
2516 2147 2575 2201 in
2626 2164 2744 2218 qua
2827 2154 3065 2221 propter
3112 2149 3475 2221 voluptatem
3528 2166 3631 2221 per

1980 2237 2180 2288 noctes
2208 2232 2555 2305 ignorantiae
2603 2234 2847 2290 videbar
2893 2236 3327 2308 conquiescere,
3361 2238 3627 2309 qumsivi,

1978 2321 2130 2390 quod
2154 2337 2285 2376 vere
2306 2321 2523 2376 bonum
2544 2326 2632 2376 est
2660 2323 2732 2387 (is
2751 2329 2947 2379 autem
2972 2326 3223 2380 dilectus
3247 2330 3337 2378 est
3370 2343 3627 2397 sponsus

1981 2410 2172 2479 meus)
2202 2409 2480 2465 invenire.
2527 2411 2638 2466 Sed
2687 2410 2815 2483 ipsa
2864 2418 3104 2484 propter
3155 2429 3397 2470 causam
3448 2431 3627 2486 quam

1979 2499 2454 2565 commemoravi,
2514 2499 2651 2571 quia
2702 2501 2980 2556 nimirum
3049 2519 3158 2557 nox
3208 2520 3300 2557 me
3351 2504 3627 2559 miseram

1981 2588 2328 2658 occupabat,
2362 2604 2475 2643 non
2508 2590 2738 2659 agnovi.
2775 2589 3269 2647 Illuminationem
3316 2592 3472 2648 enim
3505 2608 3635 2648 esse

1981 2675 2223 2731 delicias
2254 2677 2601 2733 arbitrabar.
2647 2680 2885 2747 Quasivi
2911 2680 3094 2750 illum,
3139 2685 3189 2735 et
3237 2696 3347 2736 non
3395 2682 3586 2736 inveni
3615 2699 3633 2735 :

1980 2767 2167 2821 vocavi
2194 2782 2338 2834 eum,
2396 2777 2449 2821 cl
2509 2783 2614 2821 non
2672 2768 2893 2823 audivit
2947 2785 3051 2826 me.
3111 2769 3358 2835 Quiesivi
3409 2770 3633 2825 scilicet

1981 2855 2175 2926 ipsum
2215 2855 2271 2908 in
2304 2856 2499 2910 carnis
2526 2856 2950 2928 voluptatibus,
2984 2861 3041 2913 et
3072 2875 3187 2912 non
3239 2858 3455 2913 inveni.
3486 2859 3632 2914 Nam

1984 2943 2181 3000 carnis
2210 2944 2494 3015 voluptati
2532 2945 2878 3001 naturaliter
2925 2947 3278 3018 conjunctus
3329 2952 3419 3003 est
3447 2948 3633 3003 dolor.

1986 3032 2388 3103 Corruptionis
2416 3034 2594 3099 enim,
2628 3050 2759 3104 quae
2790 3034 3027 3104 quidem
3060 3040 3149 3091 est
3180 3035 3635 3107 dolor,voluptas

1989 3136 2115 3191 quae
2146 3135 2321 3175 sensu
2357 3120 2693 3192 percipitur,
2719 3127 2809 3177 est
2841 3139 3037 3179 causa.
3070 3126 3436 3195 QuaproPter
3463 3139 3634 3195 expe-

1991 3209 2240 3263 rimento
2290 3208 2466 3263 didici
2519 3208 2800 3264 dilectum
2852 3225 3051 3265 meum
3101 3210 3306 3265 abesse
3355 3226 3388 3263 a
3438 3209 3634 3265 carnis

1988 3296 2319 3369 voluptate:
2351 3298 2408 3351 in
2453 3315 2567 3367 qua
2614 3314 2745 3353 cum
2793 3298 2956 3353 illum
3008 3315 3325 3365 vocassem,
3379 3302 3444 3353 ut
3490 3297 3636 3355 citra

1988 3384 2318 3441 molestiam
2346 3384 2685 3456 oblectarer,
2720 3404 2833 3441 non
2869 3385 3092 3441 audivit
3136 3403 3247 3441 me.
3298 3390 3501 3457 Itaque
3548 3385 3635 3440 sic

1988 3474 2395 3529 hmsitabunda
2426 3473 2618 3529 locuta
2666 3491 2797 3529 sum
2833 3492 2846 3530 :
2879 3475 3132 3546 Surgam,
3184 3480 3234 3529 et
3285 3474 3526 3529 τείνειιίὺο
3575 3474 3635 3528 in

1981 3565 2221 3630 civitate,
2274 3564 2333 3617 in
2381 3565 2519 3632 foris
2561 3572 2613 3620 el
2646 3566 2863 3635 plateis,
2900 3573 2950 3619 et
2980 3580 3223 3635 quaeram
3255 3579 3415 3636 quem
3444 3563 3635 3633 diligit

1982 3654 2174 3707 anima
2201 3668 2338 3707 mea.
2372 3653 2694 3724 Exsurgam
2728 3653 2797 3708 ab
2830 3652 3034 3707 habitu
3091 3652 3336 3715 carnali,
3385 3656 3442 3706 et
3488 3666 3632 3706 con-

1980 3741 2305 3813 templabor
2343 3742 2623 3812 primum,
2657 3746 2831 3812 atque
2861 3743 2943 3796 ita
2975 3740 3181 3797 faciam
3217 3756 3228 3795 :
3263 3747 3391 3795 tum
3419 3755 3523 3811 per
3542 3755 3638 3793 ex-

1982 3831 2331 3902 perientiam
2365 3831 2680 3901 perfectius
2727 3830 3191 3899 contemplabor.
3234 3830 3305 3884 Et
3352 3836 3632 3900 tanquam

1982 3935 2018 3975 ο.
2074 3918 2567 3989 contemplatione
2628 3919 2915 3990 incipiens
2981 3923 3156 3988 atque
3230 3918 3289 3971 in
3367 3917 3632 3972 eamdem

1983 4008 2279 4074 desinens,
2314 4008 2572 4062 circuibo
2606 4008 2662 4061 in
2698 4024 2790 4062 me
2838 4008 2964 4079 ipsa
3017 4024 3119 4077 per
3166 4006 3453 4061 actionem
3504 4005 3634 4076 qui-

1984 4098 2138 4159 dem,
2188 4096 2365 4151 veluti
2427 4097 2482 4150 in
2546 4097 2685 4151 foris
2740 4097 2992 4166 alicujus
3050 4095 3327 4159 civitatis,
3382 4094 3631 4163 labores,

1982 4188 2150 4257 quasi
2185 4190 2490 4255 argentum
2529 4186 2861 4257 probatum,
2896 4184 3268 4255 impendens,
3303 4188 3360 4237 et
3387 4182 3634 4237 virtutes

1983 4290 2366 4345 comparans:
2396 4290 2497 4345 per
2521 4273 3074 4344 contemplationem
3108 4276 3327 4340 autem,
3350 4276 3633 4343 tanquam

1982 4363 2041 4417 in
2074 4361 2280 4432 plateis
2314 4378 2661 4433 percurrens
2696 4362 2755 4414 in
2785 4360 3157 4415 naturalibus
3188 4376 3383 4415 rerum
3421 4375 3634 4431 specu-

1982 4450 2322 4517 lationibus,
2356 4456 2414 4504 et
2441 4450 2662 4504 variam
2693 4449 2929 4503 illarum
2964 4450 3273 4504 scientiam
3304 4447 3584 4518 colligens
3617 4463 3630 4500 :

1982 4545 2157 4611 atque
2186 4540 2287 4605 ita,
2317 4555 2491 4610 quem
2526 4538 2793 4593 desidero
2821 4539 3075 4593 conabor
3108 4536 3635 4605 invenire.Qua?sivt

2730 4628 2919 4682 vocavi
2964 4643 3108 4693 cum,
3142 4632 3214 4696 ξεί
3262 4640 3369 4680 non
3422 4624 3634 4680 audivit

1980 4734 2086 4773 me.
2148 4718 2253 4772 Per
2305 4716 2592 4771 actionem
2644 4715 2927 4769 nimirum
2976 4719 3033 4770 et
3076 4713 3632 4785 contemplationem

1981 4805 2223 4879 (ιυωείνί
2252 4804 2419 4860 illum
2452 4804 2759 4860 imitando.

2060 4984 2250 5039 Vocavi
2276 5000 2420 5051 cum,
2453 4989 2503 5038 ei
2530 4997 2636 5038 non
2667 4980 2885 5036 audivit
2916 4997 3025 5037 me.

2706 5086 2909 5143 Pselli.

2054 5181 2178 5234 Tua
2254 5178 2503 5251 profecto
2581 5182 2815 5242 natura,
2892 5176 3142 5241 Christe,
3222 5172 3640 5247 comprehendi

1985 5271 2209 5341 nequit.
2245 5270 2361 5337 Ego
2412 5269 2470 5323 in
2520 5264 2733 5320 lectulo
2780 5265 3215 5337 progressionis
3266 5282 3428 5331 mese,
3476 5262 3644 5318 valde

1985 5361 2363 5431 profeceram,
2416 5373 2507 5411 me
2557 5354 3011 5425 conquieturam
3064 5355 3395 5426 sperabam,
3444 5356 3645 5423 utpote

1987 5449 2257 5519 quzejam
2292 5446 2361 5499 ad
2408 5443 2783 5516 perfectionis
2834 5443 3140 5512 fastigium
3194 5442 3589 5514 pervenissem
3627 5454 3640 5493 :

1936 5524 1939 5527 ’
1988 5536 2085 5591 sed
2124 5539 2502 5606 posteaquam
2537 5532 2607 5586 ad
2658 5531 2990 5585 divinorum
3051 5531 3461 5601 mysteriorum
3513 5540 3646 5583 noc-

1986 5630 2105 5680 tem
2150 5623 2390 5691 accessi,
2443 5619 2667 5676 ardenti
2719 5620 2913 5675 studio
2966 5620 3214 5676 Verbum
3269 5626 3326 5675 et
3357 5630 3638 5691 sponsum

1987 5706 2396 5784 quaerens,illic
2426 5726 2560 5766 eum
2596 5707 2756 5764 nullo
2791 5710 2962 5765 modo
2996 5710 3381 5781 conspicuum
3415 5701 3636 5761 inveni.
