3944 6210
364 394 483 455 599

1700 338 2123 431 ΜΠῙΗΑΕΜδ
2170 371 2438 431 PSELLI

3646 373 3748 432 600

369 528 638 594 Cumque
687 534 891 574 rursus
940 515 1109 570 illum
1168 525 1490 572 vocassem,
1541 522 1657 561 non
1709 501 2012 574 respondit

2150 500 2251 575 )ύχ
2281 502 2434 576 εὗρον
2464 506 2654 558 τοῦτον
2688 501 2943 577 οὐδαμῶς
2978 504 3148 561 ἐκεῖσε
3176 504 3475 583 πεφηνότα.

372 613 540 670 mihi.
574 614 758 675 Quam
791 622 923 662 vere
952 619 1171 675 sponsa
1200 595 1659 655 sollicitudinem
1706 595 2017 663 exaggerat

373 699 574 760 suam!
626 696 801 754 Nulla
854 694 1013 749 enim
1072 690 1287 755 anima,
1346 686 1482 741 licet
1540 684 1611 738 ad
1673 680 2015 752 angelorum

375 789 789 865 perfectionem
824 783 1080 846 accedat,
1108 784 1166 834 et
1197 778 1266 832 ad
1320 790 1514 830 rerum
1566 772 1803 844 penitus
1853 784 2013 823 arca-

375 862 587 937 narum
635 874 1029 947 cognitionem
1080 866 1398 941 perveniat,
1432 879 1495 919 se
1526 862 1786 917 divinam
1815 873 2015 914 essen-

373 970 515 1025 tiam
546 968 941 1036 inspecturam
972 962 1183 1031 speret.
1218 954 1459 1020 Quando
1504 951 1685 1023 igitur
1731 961 2014 1036 sponsum

375 1073 550 1130 quem
582 1035 1071 1126 quasiveratmon
1104 1045 1345 1109 invenit,
1371 1036 1854 1108 audiamus,quid
1888 1035 2017 1107 ipsa

370 1146 527 1203 velit.
558 1144 648 1199 Sic
676 1142 833 1198 enim
868 1140 949 1195 ait
977 1156 991 1194 :

442 1236 678 1305 Surgam
711 1234 860 1304 jam,
907 1238 962 1284 et
1006 1226 1252 1284 circuibo
1294 1224 1355 1278 in
1401 1223 1643 1288 civitate,
1695 1221 1755 1274 in
1800 1218 1939 1288 foris
1968 1223 2019 1271 et

369 1328 429 1381 in
452 1324 656 1395 plateis
682 1338 697 1377 :
730 1324 782 1377 et
811 1333 1059 1391 quaeram
1084 1331 1243 1387 quem
1272 1314 1460 1381 diligit
1490 1311 1680 1366 anima
1710 1308 2018 1376 mea.Quae-

368 1415 477 1471 sivi
505 1414 687 1477 illum,
720 1414 909 1465 etnon
938 1407 1144 1472 inveni,
1182 1402 1381 1459 Vocavi
1406 1417 1552 1469 eum,
1603 1402 1654 1453 et
1699 1413 1809 1452 non
1856 1395 2016 1451 audi-

370 1506 447 1559 vit
472 1519 577 1557 me.

443 1681 789 1751 Exsurgam,
822 1674 1035 1746 inquit,
1067 1676 1123 1728 et
1149 1669 1481 1743 perquiram
1514 1666 2016 1735 illum.Naturam,

376 1787 503 1841 quae
538 1767 758 1823 mundo
806 1763 1158 1826 continetur,
1209 1759 1543 1814 universam
1590 1754 2013 1829 pervestigabo.

2128 590 2226 646 Καὶ
2257 592 2422 646 πάλιν
2454 596 2641 646 τοῦτον
2673 593 2936 664 κέκληκα,
2966 593 3113 663 πλὴν
3158 596 3268 670 οὐχ
3319 589 3598 662 ὑπήκουσέ
3645 612 3747 662 μου.

2125 678 2213 741 Ὠς
2248 680 2467 750 ἀληθῶς
2496 681 2828 758 ἐκτραγῳδεῖ
2857 684 2986 749 τοὺς
3018 685 3215 759 λόγους
3244 688 3278 753 ἡ
3311 681 3603 757 παρθένος.

2127 771 2294 844 Ψυχὴ
2330 772 2432 847 γὰρ
2462 777 2604 826 nam
2634 775 2861 849 καθαρά,
2895 775 2990 828 κᾶν
3020 776 3155 850 πρὸς
3192 772 3457 848 ἀγγέλους
3490 772 3674 848 φθάσῃ,

2127 858 2225 912 Καὶ
2256 864 2363 913 τῶν
2393 858 2599 915 ἀδύτων
2628 860 2820 917 ἔσωθεν
2850 862 3066 939 εἰσέλθῃ
3096 868 3202 917 τῶν
3237 862 3513 938 ἀρῥήτῶν,

2126 950 2219 1018 Μὴ
2248 952 2518 1023 νομιζέτω
2543 950 2781 1007 κατιδεῖν
2813 954 2911 1023 τὴν
2941 954 3123 1023 θε¹ικὴν
3154 953 3361 1010 οὐσίαν.

2127 1038 2276 1093 Ἐπεῖ
2306 1044 2433 1114 γοῦν
2463 1042 2537 1102 ὡς
2569 1040 2827 1112 ἐζήτησεν
2860 1042 2968 1119 οὐχ
2998 1044 3116 1119 εὗρε
3156 1043 3247 1099 τὸν
3269 1040 3524 1118 νυμφίον,

2127 1126 2476 1203 ’Δκούσωμεν
2504 1130 2555 1183 τί
2590 1131 2867 1206 βούλεται,
2903 1134 3045 1203 Φησὶ
3079 1133 3182 1207 γάρ
3222 1130 3363 1185 οὕτω
3394 1127 3561 1184 πάλιν
3584 1149 3595 1160 ·

2200 1221 2599 1295 Ἀναστήσομαι
2687 1220 2776 1294 δὴ,
2856 1224 2945 1278 καὶ
3032 1222 3299 1279 κυκλώσω
3354 1221 3405 1277 ἐν
3465 1224 3535 1294 τῇ
3594 1216 3754 1290 πόλει,

2127 1307 2177 1362 ἓν
2231 1310 2474 1384 ἀγοραῖς,
2531 1312 2620 1365 καὶ
2701 1311 2752 1365 ἐν
2828 1319 2948 1376 ταῖς
3024 1312 3327 1377 πλατείαις,
3387 1309 3474 1365 καὶ
3558 1310 3753 1378 ζητήσω

2127 1398 2185 1453 ὃν
2238 1398 2515 1472 ἠγάπησεν
2596 1402 2630 1469 ἡ
2709 1404 2861 1477 ψυχή
2926 1423 3030 1474 μου
3066 1420 3078 1433 ·
3130 1400 3367 1471 ἐζήτησα
3442 1398 3639 1469 αὑτὸν,
3679 1396 3756 1451 καὶ

2129 1486 2236 1562 οὐχ
2316 1488 2508 1563 εὗρον,
2570 1488 2799 1545 ἐκάλεσα
2882 1490 3079 1559 αὐτὸν,
3142 1491 3232 1545 καὶ
3315 1488 3422 1563 οὐχ
3505 1486 3758 1557 ὑπήκουσέ

2132 1599 2256 1649 μου.

2199 1667 2682 1739 Ἐξανασειήσομαι,
2716 1668 2869 1746 φησὶ,
2902 1670 2991 1725 καὶ
3024 1667 3336 1747 ψηλαφήσω
3378 1671 3599 1739 τοῦτον,

2129 1754 2231 1811 Καὶ
2263 1760 2434 1810 πᾶσαν
2467 1757 2829 1832 ὑπερκόσμιον
2862 1760 3257 1834 περικυκλώσω
3288 1758 3469 1836 φύσιν,

378 1859 541 1914 Hanc
591 1856 746 1912 enim
780 1854 1077 1909 civitatem
1110 1848 1366 1922 appellat
1395 1848 1500 1903 hoc
1532 1846 1655 1901 loco
1689 1861 1702 1900 :
1737 1843 2016 1916 quemad-

2150 1846 2222 1901 Hv
2256 1842 2420 1899 πόλιν
2456 1845 2801 1920 ἐπωνόμασεν
2843 1850 2870 1903 ὁ
2903 1848 3064 1925 λόγος
3094 1853 3199 1903 τῶν
3232 1845 3553 1920 ’ᾼσμᾶτων,

384 1948 624 2003 modum
658 1950 715 2000 et
746 1960 847 2015 per
882 1941 1106 2014 plateas
1136 1938 1412 2009 intelligit
1442 1940 1626 1991 coetus
1656 1934 2019 2006 angelorum.

374 2038 458 2092 Ad
493 2036 653 2090 illius
687 2030 1103 2105 igitur,inquit,
1130 2026 1638 2099 investigationem
1668 2040 1760 2079 me
1780 2021 2020 2078 contuli.

374 2130 561 2196 Atque
584 2124 693 2179 hoc
725 2120 1019 2194 proposito
1051 2122 1108 2172 et
1136 2116 1380 2173 consilio
1413 2120 1652 2170 naturas
1680 2112 2021 2184 angelorum

375 2230 579 2271 omnes
613 2228 823 2283 magno
854 2210 1051 2265 labore
1080 2206 1394 2278 exploravi,
1428 2221 1693 2276 sperans,
1728 2219 1819 2258 me
1848 2202 2022 2257 illum

374 2304 434 2359 in
468 2302 691 2374 angelis
722 2302 1141 2355 assecuturam.
1177 2295 1393 2350 Verum
1443 2310 1577 2349 cum
1627 2293 1823 2365 ipsum
1871 2291 2024 2346 inter

375 2390 611 2462 angelos
636 2391 1045 2460 perscrutater,
1076 2389 1141 2440 ut
1171 2384 1307 2456 quia
1336 2383 1648 2454 qualisque
1679 2380 2024 2449 esset,unde

374 2478 730 2551 principium
788 2476 1047 2541 haberet,
1107 2478 1164 2529 et
1214 2490 1329 2544 quo
1381 2473 1492 2527 fine
1556 2470 2020 2541 concluderetur,

376 2566 793 2639 intelligerem,
825 2564 1101 2621 custodes
1132 2579 1397 2635 supernae
1441 2560 1692 2616 civitatis
1740 2560 1875 2615 Sion
1932 2576 2023 2614 me

376 2659 793 2729 pervagantem
824 2658 999 2727 atque
1030 2652 1421 2725 inquirentem
1455 2652 1903 2721 conspexerunt.
1928 2648 2022 2705 Sic

379 2745 536 2802 enim
568 2744 965 2800 narrationem
998 2742 1371 2815 persequitur
1399 2755 1568 2796 suam
1603 2755 1616 2794 :

452 2928 785 2980 Invenerunt
816 2938 902 2977 me
928 2920 1193 2991 custodes,
1225 2921 1321 2992 qui
1349 2920 1550 2975 obeunt
1576 2919 1871 2975 civitatem.

383 3107 556 3174 Tum,
585 3101 799 3174 inquit,
832 3105 1169 3174 percontata
1196 3116 1324 3155 sum
1358 3098 1489 3154 illos
1524 3114 1537 3153 :

444 3194 610 3264 Num,
642 3207 802 3265 quem
830 3191 1014 3261 diligit
1039 3192 1229 3245 anima
1253 3205 1397 3253 mea,
1430 3187 1681 3243 vidistis?

443 3282 764 3354 Sperabam
809 3282 965 3337 enim
1018 3280 1273 3350 profecto
1322 3278 1580 3333 Verbum
1632 3282 1689 3332 et
1736 3292 2017 3348 sponsum

370 3387 570 3426 meum
605 3372 664 3425 in
696 3369 919 3441 angelis
951 3368 1159 3425 saltem
1206 3367 1453 3437 intelligi
1502 3371 1559 3421 et
1607 3365 2022 3437 comprehendi

369 3475 562 3531 posse.
595 3458 835 3525 Verum,
869 3474 1002 3514 cum
1047 3461 1105 3513 et
1151 3456 1258 3513 hos
1302 3456 1824 3512 animadverterem
1873 3454 2019 3509 nihil

368 3549 537 3620 scire,
573 3549 645 3604 ab
677 3549 762 3604 eis
797 3548 1096 3613 haesitans,
1129 3546 1343 3617 inquit,
1376 3545 1610 3601 recessi.
1666 3546 1747 3600 Ab
1797 3545 2021 3617 angelis

368 3644 563 3694 autem
595 3637 753 3692 haud
784 3636 867 3691 ita
919 3636 1117 3707 procul
1168 3651 1593 3702 concesseram,
1644 3650 1776 3689 cum
1828 3634 2021 3690 inveni

370 3743 545 3797 quem
578 3726 777 3796 diligit
807 3724 1007 3779 anima
1036 3740 1182 3779 mea.
1218 3728 1292 3778 Ut
1324 3722 1654 3793 paululum,
1684 3722 1895 3792 inquit,
1948 3723 2021 3778 ab

371 3814 598 3885 angelis
630 3813 967 3885 pertransii,
997 3830 1101 3883 per
1132 3812 1306 3867 ﬁdem
1338 3810 1693 3881 intelligens,
1718 3811 2019 3866 Christum

373 3902 835 3972 omnipotentem
869 3906 926 3957 et
973 3900 1229 3955 Verbum
1272 3902 1451 3954 Deum
1501 3906 1676 3969 atque
1722 3899 2021 3955 hominem

375 3991 532 4045 nulla
562 3990 789 4045 ratione
815 3988 1231 4061 comprehendi
1265 4005 1461 4059 posse,
1495 3988 1686 4043 inveni
1718 3988 1914 4060 ipsum
1961 3989 2020 4044 in

373 4080 446 4134 iis
494 4096 623 4151 qua:
671 4078 894 4150 ingenii
949 4078 1310 4148 rationisque
1340 4078 1455 4132 vim
1488 4081 1662 4149 atque
1694 4078 2021 4151 intelligen-

374 4169 514 4225 tiam
544 4184 778 4223 omnem
810 4167 1321 4237 superant.Divina
1349 4166 1505 4221 enim
1536 4166 1707 4223 Verbi
1732 4186 1798 4224 ac
1820 4168 2020 4239 sponsi

371 4264 581 4314 natura
626 4274 695 4313 eo
743 4263 995 4326 tantum,
1050 4274 1164 4328 quo
1218 4273 1331 4311 non
1384 4272 1557 4328 posse
1608 4259 2020 4330 comprehendi

370 4348 763 4418 cognoscitur,
796 4346 859 4401 ﬁt
886 4344 1458 4417 comprehensibilis.
1478 4378 1489 4410 ;

444 4438 626 4491 Tenui
654 4451 800 4504 eum,
828 4451 929 4490 nec
956 4435 1170 4490 dimisi.
1206 4435 1375 4490 donec
1407 4435 1812 4491 introduxerim
1846 4434 2019 4492 illum

368 4526 430 4578 in
459 4524 683 4579 domum
714 4526 912 4579 matris
942 4538 1101 4590 meae,
1132 4532 1183 4579 et
1214 4526 1271 4578 in
1304 4524 1623 4579 cubiculum
1670 4526 1846 4592 illius,
1897 4541 2022 4598 qua:

369 4631 455 4670 me
482 4615 750 4684 concepit.

442 4702 727 4765 Quoniam
760 4701 1343 4773 incomprehensum,
1376 4702 1588 4773 inquit,
1606 4702 1771 4758 illum
1802 4705 2017 4775 inveni,

369 4790 530 4846 intus
613 4806 748 4845 eum
824 4790 1005 4857 tenui,
1066 4795 1123 4845 et
1194 4791 1385 4847 medio
1456 4792 1669 4858 cordis,
1742 4794 2020 4866 Patrique

371 4883 725 4935 coaeternum
779 4894 908 4934 esse
964 4880 1228 4952 cognovi.
1287 4880 1404 4935 Nos
1463 4880 1619 4935 enim
1681 4882 1913 4951 domus,
1964 4888 2022 4939 et

372 4967 610 5040 templa,
669 4972 727 5023 et
780 4967 1050 5023 cubicula
1106 4986 1316 5025 sumus
1374 4970 1626 5041 Spiritus
1688 4972 1901 5041 sancti,
1958 4978 2021 5028 ut

375 5058 589 5114 Paulus
622 5058 705 5113 ait
738 5058 803 5126 ³⁸,
837 5058 937 5129 qui
969 5064 1026 5114 et
1054 5060 1258 5132 genuit
1290 5076 1394 5116 uos
1421 5066 1475 5115 et
1509 5061 1709 5133 nutrit,
1744 5064 2020 5135 quemad-

377 5148 617 5205 modum
650 5147 776 5219 ipse
809 5148 987 5204 novit.

1097 5256 1289 5311 Pselli.

440 5361 550 5416 Sed
583 5362 1045 5434 praestantiorem
1078 5380 1295 5433 sponsa
1318 5380 1694 5435 progressum
1728 5369 2018 5434 assecuta,

369 5469 575 5508 rursus
603 5452 824 5509 amicos
857 5460 1023 5524 urget
1049 5454 1142 5508 his
1179 5453 1364 5509 verbis
1400 5471 1413 5508 :

438 5540 712 5612 Adjuravi
740 5558 850 5609 vos,
883 5543 1015 5614 ﬁliae
1042 5544 1374 5611 Jerusalem,
1408 5559 1513 5612 per
1545 5545 1772 5600 virtutes
1800 5554 1850 5601 et
1896 5546 2018 5619 [ον-

440 5723 484 5757 ³⁸
520 5723 542 5777 Ι
574 5720 700 5777 Cor.
735 5736 818 5788 In,
854 5722 951 5790 16;
985 5739 1060 5791 vn,
1098 5724 1183 5794 19,
1218 5725 1426 5796 ΙΙ,Οοι-.
1459 5744 1535 5797 νι,
1569 5728 1654 5783 16.

2133 1935 2319 1997 Καθώς
2350 1955 2446 2008 περ
2481 1936 2623 1989 εἶπεν
2657 1935 2859 2012 ἀγορὰς
2887 1938 2982 1998 τὰς
3015 1934 3125 1991 ἄνω
3154 1935 3513 2011 πανηγύρεις.

2129 2028 2216 2084 Ὠς
2246 2027 2371 2098 γοῦν
2406 2024 2627 2093 ἀνέστην
2664 2022 2753 2095 δὴ,
2788 2025 2942 2103 φησὶ,
2975 2024 3114 2100 πρὸς
3155 2027 3379 2095 ζήτησιν
3411 2022 3635 2080 ἐκείνου.

2132 2112 2230 2167 Καὶ
2261 2117 2340 2184 τῷ
2371 2112 2558 2185 σκοπῷ
2582 2114 2671 2168 καὶ
2706 2112 2957 2190 λογισμῷ
3000 2115 3094 2177 τὰς
3131 2118 3236 2167 τῶν
3288 2112 3535 2188 ἀγγέλων
3579 2110 3757 2188 φύσεις,

2131 2202 2367 2263 Ἅπάσας
2396 2201 2724 2274 ἐξηρεύνησα
2760 2203 2892 2276 μετά
2921 2201 3139 2257 πολλοῦ
3161 2207 3258 2257 τοῦ
3290 2203 3486 2269 πόνου,

2133 2290 2464 2359 Ἐλπίζουσα
2493 2286 2816 2347 καταλαϐεῖν
2846 2292 3005 2346 αὐτὸν
3028 2292 3078 2345 ἐν
3111 2297 3228 2354 τοῖς
3257 2291 3538 2367 ἀγγὲΛοις.

2131 2380 2219 2441 Ὠς
2252 2378 2568 2457 ἐψηλάφουν
2596 2385 2889 2455 τοιγαροῦν
2923 2380 3082 2434 αὐτὸν
3112 2378 3163 2434 ἂν
3192 2385 3307 2441 τοῖς
3341 2376 3624 2453 ἀγγέλοις,

2130 2469 2320 2531 ’Όπως
2354 2468 2411 2523 ἃν
2450 2470 2605 2541 μάθω
2635 2471 2714 2532 τίς
2745 2470 2855 2525 ἔστι
2884 2470 2973 2524 καὶ
3012 2470 3256 2531 ποταπὸς
3284 2471 3569 2544 τυγχάνει,

2132 2561 2231 2617 Καὶ
2261 2560 2419 2614 πόθεν
2450 2558 2565 2635 ἔχει
2595 2561 2693 2629 τὴν
2726 2562 2929 2637 ἀρχὴν,
2958 2559 3048 2615 καὶ
3076 2560 3180 2615 τίνι
3209 2558 3534 2635 καταλήγει,

2132 2649 2199 2706 Oi
2230 2647 2465 2726 φύλακες
2496 2656 2598 2719 τῆς
2627 2650 2843 2712 πόλεως
2880 2650 3020 2704 Σιὼν
3052 2653 3151 2715 τῆς
3181 2649 3487 2719 ἀνωτάτης,

2132 2742 2553 2814 Περινοστοῦσαν
2586 2738 2726 2794 εἶδόν
2764 2761 2830 2812 με
2854 2740 2950 2808 τήν
2981 2738 3163 2807 πόλιν,
3190 2738 3279 2793 καὶ
3315 2742 3603 2807 ζητοῦσαν.

2134 2828 2279 2898 Φησὶ
2308 2828 2407 2904 γὰρ
2440 2828 2584 2883 οὕτω
2613 2830 2840 2899 καθεξῆς
2872 2829 3051 2901 ὥσπερ
3078 2826 3436 2905 ἀφηγουμένη
3464 2845 3477 2858 ·

2205 2918 2447 2995 Εὕροσαν
2510 2940 2577 2992 με
2635 2920 2686 2973 οἱ
2740 2923 3053 2995 τηροῦντες,
3112 2918 3164 2973 οἱ
3215 2915 3549 2978 κυκλοῦντες
3606 2916 3657 2971 ἐν
3709 2914 3766 2989 τῇ

2134 3006 2317 3063 πόλει.

2136 3098 2285 3163 Εἶτα,
2318 3096 2500 3174 φησὶν,
2531 3097 2796 3171 ἠρώτησα
2825 3098 2961 3171 πρὸς
2990 3095 3116 3158 τοὺς
3151 3093 3425 3171 ἀγγέλους
3447 3092 3606 3150 τάδε’

2136 3187 2229 3254 Μὴ
2261 3186 2317 3240 ὃν
2351 3185 2633 3260 ἠγάπησεν
2664 3190 2698 3255 ἡ
2732 3188 2883 3261 ψυχή
2922 3208 3046 3258 μου,
3083 3183 3263 3253 idne;

2134 3274 2401 3343 ’Ἢλπιζον
2433 3277 2533 3349 γάρ
2565 3276 2637 3335 ὡς
2668 3274 2915 3343 ἀληθῶς,
2945 3274 3039 3329 κάν
3072 3282 3189 3337 τοῖς
3218 3272 3476 3350 ἀγγέλοις
3511 3273 3645 3327 εἶναι

2133 3363 2491 3434 Καταληπτὸν
2523 3366 2610 3419 καὶ
2648 3365 2905 3441 προσιτὸν
2937 3365 3029 3419 τὸν
3063 3366 3234 3439 Λόγον
3264 3364 3355 3418 καὶ
3384 3364 3642 3442 νυμφίον.

2133 3455 2283 3512 Ἑπεί
2315 3451 2371 3509 δὲ
2393 3454 2617 3516 τούτους
2644 3451 2855 3528 ἔγνωκα
2887 3452 3055 3527 μηδὲν
3089 3452 3497 3527 ἐπισταμένους,

2132 3541 2418 3617 Παρῆλθον
2452 3542 2603 3607 αὖθις
2640 3544 2729 3598 ἀπ’
2759 3542 2955 3612 αὐτῶν,
2991 3543 3176 3621 φησὶν,
3209 3543 3569 3617 ἐξαποροῦσα.

2130 3634 2229 3687 Καὶ
2288 3633 2361 3694 ὡς
2419 3634 2611 3709 μικρὸν
2662 3632 2751 3687 ὅτε
2807 3630 3092 3707 παρῆλθον
3150 3634 3240 3686 ἀπ’
3297 3632 3513 3699 αὐτῶν,
3567 3629 3669 3692 ἓως
3717 3630 3770 3684 οὗ

2794 3723 2967 3797 [εὖρον
3000 3724 3059 3777 ὃν
3087 3722 3367 3796 ἠγάπησεν
3400 3725 3435 3789 ἡ
3462 3724 3619 3795 ψυχή
3655 3741 3768 3792 μου.

2130 3819 2201 3874 Ως
2250 3819 2381 3887 γοῦν
2432 3810 2719 3887 παρῆλθον
2766 3814 2889 3888 γάρ,
2924 3812 3081 3890 φησὶ,
3120 3812 3315 3886 μικρὸν
3365 3811 3425 3866 ἐκ
3467 3817 3577 3865 τῶν
3628 3812 3766 3885 ἀγγέ-

3623 3901 3769 3974 [λων.

2130 3990 2462 4046 Πιστεύσασα
2491 3996 2567 4062 τῷ
2596 3990 2853 4066 λογισμῷ
2879 3992 2978 4059 τήν
3014 3988 3392 4064 ἀκαταληψίαν

2128 4081 2238 4135 Τοῦ
2271 4083 2697 4155 ααντοκράτορος
2730 4083 2963 4153 Χριστοῦ
2993 4080 3081 4133 καὶ
3114 4081 3463 4155 θεανθρώπου
3496 4078 3698 4155 Λόγου,

2129 4169 2300 4244 Εὗρον
2334 4169 2490 4224 αὐτὸν
2524 4169 2598 4233 ὠς
2627 4170 2851 4240 ἀληθῶς
2880 4170 2933 4224 ἐν
2961 4176 3078 4231 τοῖς
3112 4169 3542 4240 ἀκαταλήπτοις.

2127 4263 2189 4314 Ἠ
2220 4257 2375 4335 φύσις
2401 4259 2501 4334 γὰρ
2530 4262 2563 4328 ἡ
2599 4260 2752 4327 θεϊκή
2783 4256 2879 4313 τοῦ
2909 4259 3091 4333 Λόγου
3121 4259 3209 4313 καὶ
3239 4258 3503 4332 νυμφίου,

2128 4351 2219 4418 Τῷ
2255 4348 2328 4419 μή
2360 4343 2867 4421 καταλαμϐάνεσθαι
2899 4346 3227 4417 καταληπτὴ
3258 4349 3536 4423 τυγχάνει.

2202 4438 2506 4510 Ἐκράτησα
2588 4436 2747 4491 αὐτὸν
2833 4436 2920 4491 καὶ
3002 4436 3101 4491 οὐκ
3172 4436 3355 4512 ἀφῆκα
3430 4437 3620 4504 αὐτὸν,
3676 4434 3770 4494 ἓως

2132 4526 2193 4579 οὗ
2247 4525 2533 4601 εἰσήγαγον
2613 4526 2772 4581 αὐτὸν
2857 4526 2933 4588 εἷς
3017 4526 3108 4581 τὸν
3190 4528 3334 4580 οἶκον
3406 4533 3507 4595 τῆς
3568 4527 3770 4598 μητρός

2047 4606 2094 4670 D
2130 4635 2255 4688 μου,
2313 4616 2403 4669 καὶ
2481 4615 2557 4679 εἰς
2628 4616 2690 4669 τὸ
2764 4621 3011 4689 ταμιεῖον
3089 4623 3188 4684 τῆς
3241 4610 3631 4686 συλλαϐούσης
3690 4634 3769 4687 με.

2199 4702 2450 4778 Ἐπείπερ
2480 4700 2860 4768 ἀκατάληπτον
2901 4701 3082 4771 αὐτὸν,
3115 4702 3297 4779 φησὶν,
3331 4701 3580 4779 ἐφεῦρον,

2128 4790 2321 4847 ’Ένδον
2350 4792 2507 4846 αὐτὸν
2541 4790 2809 4867 ἐκράτησα
2838 4792 2928 4846 καὶ
2962 4790 3123 4863 μέσον
3154 4798 3254 4860 τῆς
3283 4789 3533 4867 καρδίας,

2129 4883 2227 4936 Καὶ
2257 4887 2335 4953 τῷ
2366 4880 2533 4952 Πατρί
2566 4882 2901 4956 συνάναρχον
2930 4880 3193 4955 ἐγνώρισα
3222 4882 3530 4955 τυγχάνειν,

2126 4975 2315 5045 Ἡμεῖς
2341 4973 2442 5048 γάρ
2476 4972 2615 5025 οἶκοι
2648 4972 2738 5026 καὶ
2770 4971 2887 5027 ναοὶ
2918 4971 3007 5025 καὶ
3044 4968 3279 5043 μάλιστα
3310 4978 3509 5044 ταμεῖα

2127 5067 2231 5116 Τοῦ
2263 5062 2577 5135 Πνεύματος
2606 5060 2974 5137 τυγχάνομεν,
3006 5062 3141 5115 κατά
3176 5062 3267 5115 τὸν
3316 5062 3479 5136 μέγαν
3536 5061 3777 5128 Παῦλον,

2127 5155 2231 5206 Τοῦ
2262 5151 2350 5204 καὶ
2380 5153 2735 5226 γεννήσαντος
2768 5153 2913 5224 ἡμᾶς
2944 5149 3030 5204 καὶ
3071 5151 3382 5228 τρέφοντος,
3411 5149 3484 5212 ὡς
3522 5148 3657 5205 οἶδε.

2830 5256 3077 5313 Ψελλοῦ.

2201 5364 2379 5421 Ἀλλά
2419 5366 2517 5432 τὴν
2568 5364 2796 5437 κρείττω
2844 5378 3130 5439 προκοπήν
3157 5366 3190 5435 ἡ
3222 5367 3405 5442 νύμφη
3439 5366 3778 5443 ψηλαφῶσα-ας

2130 5454 2295 5510 πάλιν
2328 5453 2452 5515 τοὺς
2495 5452 2690 5531 φίλους
2723 5450 2979 5509 δυσωπεῖ.
3014 5454 3159 5523 Φησὶ
3212 5455 3313 5527 γὰρ
3353 5454 3569 5515 τούτοις
3612 5450 3741 5508 τάδε
3769 5470 3779 5481 ’

2199 5547 2427 5620 Ὥρκισα
2500 5542 2660 5616 ὑμᾶς,
2738 5540 3023 5617 θυγατέρες
3096 5541 3479 5619 Ἰερουσαλὴμ,
3533 5542 3590 5596 ἐν
3668 5546 3783 5600 ταῖς
