4042 6198
309 413 423 473 607

1641 408 2062 470 MICHAELIS
2104 406 2377 467 PSELLl

3597 406 3717 465 608

315 545 511 602 divina
559 541 827 599 doctrina
885 560 991 599 sua
1056 546 1230 614 atque
1278 542 1560 615 exemplis
1607 540 1951 597 charitatem

2078 543 2163 595 τοῦ
2194 538 2358 602 θείαις
2392 535 2789 601 διδασκαλίαις,
2823 535 2911 591 ut
2941 540 3057 598 τοῖς
3091 534 3482 611 ὑποδείγμασιν
3507 534 3714 612 ἐστρω-

317 633 659 699 constravit,
693 650 726 687 a
757 633 1252 688 buccinatricibus
1283 633 1407 688 suis
1454 632 1788 703 apostolicis
1839 632 1957 687 ani-

321 725 529 779 mabus
562 723 711 795 (quae
747 723 880 778 tiliae
925 739 1161 794 quoque
1208 722 1534 777 Jerusalem
1585 722 1753 776 dicta
1796 725 1956 786 sunt,

318 812 596 885 quoniam
640 818 925 881 quantum
978 812 1047 865 ad
1099 828 1326 866 carnem
1360 811 1587 880 attinet,
1621 811 1754 865 inde
1786 810 1956 879 origi-

317 918 452 956 nem
485 901 746 963 trabunt)
777 900 1062 970 incipiens
1115 918 1128 955 :
1181 916 1312 954 cum
1364 899 1611 971 apostoli
1662 899 1833 971 primi
1885 900 1957 953 ad

315 989 528 1046 Christi
558 989 967 1054 imitationem,
1001 988 1229 1043 animas
1259 1006 1399 1044 suas
1431 1005 1533 1060 pro
1578 988 1765 1043 salute
1815 988 1960 1043 mul-

318 1084 508 1135 torum
566 1078 891 1148 posuerint,
943 1081 1438 1149 praeceperintque
1492 1083 1547 1133 ut
1580 1079 1731 1132 idem
1765 1078 1957 1133 effice-

316 1174 464 1234 rent,
498 1166 831 1238 quicunque
863 1167 932 1221 ad
967 1167 1381 1237 perfectionem
1415 1168 1472 1221 in
1505 1167 1735 1223 Christo
1784 1182 1958 1238 cupe-

314 1262 443 1311 rent
466 1244 1187 1327 pervenire.Quamobrem
1209 1273 1458 1328 magnus
1480 1255 1957 1327 Apostoluszlmi-

314 1354 535 1411 tatores,
566 1344 778 1415 inquit,
811 1346 922 1399 mei
950 1350 1133 1410 estote,
1165 1348 1307 1400 sicut
1335 1350 1384 1401 et
1412 1361 1509 1414 ego
1540 1344 1745 1399 Christi
1773 1347 1839 1399 ιι.

1037 1434 1226 1489 Pselli.

389 1522 602 1578 Deinde
629 1539 833 1578 omnes
868 1522 1169 1578 hominum
1205 1524 1432 1578 animas
1476 1522 1841 1592 adhortatur,
1895 1527 1959 1577 ut

315 1630 347 1668 a
381 1612 581 1667 mundi
615 1611 908 1667 scandalis
939 1618 995 1666 et
1047 1613 1585 1684 perturbationibus
1632 1612 1955 1681 discedant,

313 1706 372 1757 et
401 1718 687 1773 sponsum
721 1718 855 1756 cum
910 1702 1052 1772 ipsis
1102 1704 1481 1772 conjunctum
1527 1706 1811 1773 spectent.
1863 1700 1957 1755 Sic

313 1790 468 1846 enim
501 1807 718 1863 sponsa
750 1808 863 1862 prae
894 1790 1093 1846 laetitia
1122 1791 1253 1846 illas
1284 1790 1604 1861 alloquitur
1655 1809 1667 1845 :
1721 1790 1955 1859 Egredi-

309 1881 473 1946 mini,
500 1884 550 1935 et
578 1880 773 1949 videte,
817 1896 846 1935 ο
892 1880 1029 1949 ﬁliae
1078 1881 1232 1949 Sion,
1282 1880 1475 1951 inquit
1522 1896 1762 1951 sponsa,
1816 1896 1959 1951 quo-

310 1969 470 2025 niam
518 1984 645 2040 ego,
697 1986 824 2039 qua
878 1968 1041 2040 prius
1091 1969 1276 2024 invisa
1327 1971 1569 2033 fueram,
1620 1985 1777 2025 nunc
1808 1968 1959 2023 facta

315 2056 982 2127 sumjucundissimum
1018 2057 1217 2129 sponsi
1263 2057 1587 2125 ferculum;
1634 2058 1806 2129 cupio
1860 2073 1959 2113 vos

314 2147 453 2201 item
510 2147 810 2201 universas
858 2162 924 2201 ex
954 2146 1064 2201 hac
1094 2147 1212 2202 vita
1243 2148 1462 2220 fugere,
1496 2152 1553 2202 et.
1582 2147 1745 2219 puris
1775 2146 1961 2203 oculis

315 2252 599 2308 sponsum
632 2235 960 2291 diademate
992 2254 1059 2291 ex
1082 2236 1351 2308 pretiosis
1375 2236 1673 2309 lapidibus
1694 2240 1959 2292 contexto

314 2324 656 2387 redimitum
689 2325 1096 2398 contemplari,
1128 2326 1229 2398 qui
1262 2344 1295 2381 a
1329 2332 1517 2382 matre
1548 2344 1657 2382 sua
1683 2326 1765 2381 ita
1796 2342 1959 2382 coro-

313 2418 510 2481 natus,
543 2430 637 2469 me
669 2413 781 2469 sibi
812 2414 984 2470 hodie
1015 2415 1605 2487 desponsavit.Mater
1636 2431 1767 2471 vero
1800 2414 1962 2470 illius

312 2503 500 2559 Patris
529 2502 789 2559 charitas
821 2503 954 2559 fuit.

904 2770 1093 2824 Trium
1123 2771 1374 2825 Patrum.

390 2857 536 2924 Quia
562 2858 846 2930 magistra
894 2858 1313 2913 animadvertit
1360 2857 1681 2929 discipulae
1729 2857 1959 2913 haesita-

321 2947 550 3002 bundas
582 2951 819 3018 propter
863 2962 926 3003 se
968 2951 1139 3018 atque
1186 2948 1572 3003 admiratione
1621 2947 1844 3020 plenas,
1894 2962 1962 3001 ea

320 3053 448 3107 quae.
479 3036 551 3091 ad
583 3051 645 3090 se
676 3034 1454 3108 pertinerent,explicare:,in
1489 3054 1705 3109 sponso
1736 3036 1963 3093 Christo

314 3125 437 3180 vult
463 3142 563 3180 eas
594 3125 866 3196 deinceps
898 3125 1107 3182 salutis
1139 3131 1352 3181 nostrae
1384 3128 1623 3182 modum
1678 3126 1960 3193 contueri,

320 3220 376 3271 et
407 3215 615 3270 merito
646 3214 917 3270 dubitare
948 3219 1123 3287 atque
1154 3216 1457 3282 admirari,
1492 3216 1787 3287 quomodo
1836 3216 1962 3286 ipse

1990 1923 2037 1986 B

2069 628 2235 701 μένην
2268 627 2506 703 ἀγάπην,
2531 627 2635 681 ἀπὸ
2667 631 2772 692 τῶν
2804 626 3056 697 κηρύκων
3114 626 3276 680 αὐτοῦ
3326 626 3711 681 ἀποπολικῶν

2066 722 2258 793 ψυχῶν
2311 718 2387 791 (αἱ
2443 717 2531 771 καὶ
2593 718 2875 792 θυγατέρες
2930 714 3292 790 Ἰερουσαλὴμ
3350 714 3667 786 ἐκλήθησαν
3701 759 3715 783 ,

2067 808 2141 869 ὡς
2199 805 2475 876 ἐκταύτης
2528 806 2589 860 τὸ
2647 805 2784 859 κατᾶ
2840 807 3010 879 σάρκα
3058 806 3448 879 τυγχάνουσαι)
3480 804 3716 878 ἀρξάμε-

2065 914 2177 957 νος⁶
2241 896 2314 957 ὡς
2372 896 2603 969 πρώτων
2644 900 2751 949 τῶν
2787 893 3105 949 ἀποστόλων
3140 895 3273 948 κατά
3315 894 3546 966 μίμησιν
3582 895 3715 969 Χρι-

2065 990 2192 1039 στοῦ
2247 986 2341 1046 τὰς
2396 985 2598 1040 έαυτῶν
2659 986 2837 1058 ψυχάς
2896 984 3188 1055 τιθεμένων
3253 984 3385 1053 ὑπὶρ
3447 988 3547 1047 τῆς
3607 987 3719 1037 τῶν

2065 1072 2292 1129 πολλῶν
2348 1074 2647 1147 σωτηρίας’
2682 1073 2960 1127 κάντεῦθεν
2991 1074 3057 1127 τὰ
3086 1072 3253 1144 ὅμοια
3282 1074 3535 1141 πράττειν
3564 1072 3716 1148 ἆγκε·

2067 1162 2374 1237 λευομένων
2401 1170 2519 1225 τοῖς
2575 1161 2876 1239 ἰφιεμένοις
2925 1169 3025 1229 τῆς
3084 1161 3137 1215 ἐν
3189 1167 3408 1236 Χριστῷ
3436 1160 3720 1231 τελειότη-

2064 1274 2180 1315 τος.
2214 1251 2306 1307 Διό
2339 1274 2499 1325 φησιν
2530 1253 2556 1305 ό
2593 1251 2757 1326 μέγας
2808 1248 3169 1314 Ἀπόστολοςσ
3198 1250 3443 1323 Μιμηταί
3479 1271 3585 1324 μου
3632 1250 3719 1326 γί-

2066 1344 2239 1413 νεσθε,
2270 1342 2448 1405 καθὼς
2478 1341 2628 1416 κάγὼ
2653 1341 2904 1416 Χριστοῦ.

2763 1427 3010 1486 Ψελλοί

2068 1521 2198 1577 Εἶτα
2223 1520 2584 1596 προτρέπεται
2630 1523 2832 1594 ψυχαῖς
2863 1519 3095 1581 ἀπάσαις
3121 1523 3225 1574 τῶν
3257 1520 3555 1593 ἀνθρώπων

2066 1608 2402 1681 ’Υπεξελθεῑν
2436 1614 2541 1664 τῶν
2574 1614 2856 1682 κοσμικῶν
2889 1606 3202 1664 σκανδάλων
3236 1609 3323 1663 καὶ
3358 1604 3630 1683 θορύϐων,

2068 1700 2170 1756 Καὶ
2201 1701 2290 1754 τὸν
2323 1699 2554 1775 νυμφίον
2589 1696 2825 1753 κατιδεῖν
2859 1698 3045 1761 αὐταῖς
3067 1697 3464 1771 συνηνωμένον.

2069 1787 2214 1859 Φησῖ
2244 1790 2343 1864 γὰρ
2378 1789 2521 1842 οότω
2554 1790 2689 1862 πρὸς
2719 1787 2880 1849 αύτὰς
2917 1788 3003 1864 ὑφ’
3033 1784 3237 1856 ἡδονῆς
3262 1790 3296 1856 ἡ
3328 1788 3538 1864 νύμφη·

2068 1874 2343 1948 Ἐξέλθετε
2368 1876 2454 1931 καί
2480 1874 2646 1944 ’ίδετε,
2680 1878 2724 1930 ὧ
2766 1876 3054 1951 θυγατέρες
3084 1883 3183 1945 τῆς
3234 1876 3399 1944 Σιὼν,
3433 1876 3623 1954 φησὶν,
3681 1879 3716 1945 ἡ

3286 1967 3493 2047 [νύμφη
3528 1966 3724 2039 πάλιν,

2072 2057 2321 2133 Ἐπείπερ
2356 2056 2523 2134 ἔγωγε
2552 2058 2613 2112 τὸ
2644 2057 2769 2132 πρὶν
2803 2058 2937 2112 οὖσα
2970 2055 3340 2131 μεμισημένη,

2069 2148 2268 2225 Γέγονα
2294 2154 2386 2202 νῦν
2418 2147 2775 2223 τερπνότατον
2809 2154 3026 2226 φορεῖον
3054 2152 3150 2202 τοῦ
3180 2147 3438 2226 νυμφίου.

2070 2238 2223 2294 Θέλω
2254 2236 2342 2292 καὶ
2374 2237 2546 2301 πάσας
2575 2236 2823 2316 ἐκφυγεῖν
2859 2239 2995 2311 ὑμᾶς
3025 2237 3130 2293 ἀπὸ
3159 2242 3255 2293 τοῦ
3291 2237 3429 2312 βίου,

2068 2329 2163 2383 Καὶ
2197 2334 2454 2399 καθαροῖς
2484 2326 2535 2381 ἐν
2565 2324 2777 2401 ὄμμασι
2810 2322 3175 2403 προσϐλέπειν
3205 2326 3297 2382 τὸν
3325 2326 3560 2402 νυμφίον

2070 2416 2451 2490 Περικείμενον
2482 2417 2733 2495 στέφανον
2767 2415 2827 2471 ἐκ
2856 2416 3023 2472 λίθων
3056 2412 3388 2490 σεϐασμίων,

2070 2508 2156 2561 Ἐν
2188 2508 2337 2581 ᾧπερ
2369 2505 2724 2583 ἐστεφάνωσεν
2757 2505 2916 2561 αὐτὸν
2949 2508 2984 2575 ἡ
3022 2508 3208 2581 μήτηρ
3235 2505 3455 2576 τούτου,

2072 2596 2326 2667 Σήμερον
2368 2593 2803 2666 μνηστευόμενον
2836 2592 2933 2666 ἰμὶ
2960 2594 3061 2661 τὴν
3091 2593 3442 2664 Ἐκκλησίαν.

2069 2684 2273 2758 Μήτηρ
2307 2680 2365 2737 δὲ
2392 2681 2589 2737 τούτου
2619 2683 2851 2759 πέφυκεν
2882 2685 2917 2751 ἡ
2949 2686 3051 2736 τοῦ
3081 2684 3286 2757 ΙΙατρὸς
3313 2682 3520 2757 ἀγάπη.

2656 2776 2769 2826 Τῶν
2801 2774 2850 2846 γ’
2878 2772 3150 2848 Πατέρων.

2140 2862 2291 2915 Ἐπεὶ
2339 2857 2397 2914 δὲ
2451 2860 2546 2924 τὰς
2607 2860 3047 2933 μαθητευομένας
3099 2862 3133 2929 ἡ
3197 2856 3522 2922 διδάσκαλος
3586 2856 3725 2914 εἶδεν

2071 2947 2520 3025 διαπορουμίνας,
2577 2950 2663 3004 καὶ
2728 2944 2969 3023 θάμϐους
3028 2946 3444 3023 πληρουμένας,
3521 2948 3611 3003 καὶ
3656 2950 3729 3003 τά

2070 3040 2186 3094 κατ’
2217 3038 2384 3107 αὐτὴν
2409 3036 2793 3114 ἐξηγουμένας,
2828 3038 2879 3094 ἰν
2914 3042 2993 3111 τῷ
3030 3038 3251 3116 νυμφίῳ
3300 3042 3536 3114 Χριστῷ,
3593 3037 3725 3112 βού-

2073 3127 2223 3183 λεται
2256 3127 2449 3183 λοιπὸν
2484 3128 2644 3190 αύτὰς
2677 3130 2949 3201 θεωρῆσαι
3004 3128 3096 3182 τὸν
3148 3128 3348 3202 τρόπον
3386 3133 3489 3196 τῆς
3539 3147 3729 3197 σωτη-

2074 3217 2191 3293 ρίας
2237 3220 2420 3289 ἡμῶν,
2478 3218 2567 3271 καὶ
2621 3217 2782 3288 ἀξίως
2842 3216 3114 3291 ἆπορῆσιί
3173 3238 3233 3272 τε
3279 3216 3368 3270 καὶ
3428 3214 3729 3287 Θαυμάσαι,

324 3303 643 3360 salutiferis
663 3304 1024 3359 cruciatibus
1041 3320 1104 3359 ac
1129 3309 1315 3360 morte
1337 3322 1445 3360 sua
1468 3303 1960 3375 tranquillitatem

2078 3302 2224 3371 ὅπως
2251 3305 2409 3368 αὐτὸς
2451 3304 2503 3361 ἐν
2554 3312 2671 3368 τοῖς
2716 3306 3008 3380 σωτηρίοις
3065 3306 3230 3360 αύτοῦ
3288 3309 3575 3377 παθήμασι
3632 3305 3726 3358 καὶ

316 3394 484 3449 nobis
515 3399 571 3448 et
599 3394 779 3448 vitam
812 3393 1058 3463 largitus
1089 3394 1183 3449 sit.
1230 3395 1479 3450 Proinde
1533 3413 1545 3450 :
1596 3394 1959 3465 Egredimint‘,

325 3483 540 3554 inquit,
571 3488 624 3537 et
647 3482 840 3548 videte,
867 3484 1007 3553 ﬁlia:
1034 3487 1171 3538 Sion
1204 3500 1216 3536 :
1254 3484 1523 3552 omittite,
1574 3501 1699 3554 qua:
1748 3483 1818 3537 ad
1870 3497 1964 3537 me

319 3572 592 3627 ancillam
622 3572 877 3627 attinent
907 3572 1352 3641 considerare,ei
1376 3573 1431 3626 in
1458 3572 1702 3628 Domino
1727 3572 1965 3643 paciﬁco

323 3662 539 3717 mentis
588 3662 769 3715 aciem
830 3661 1085 3731 defigite,
1135 3661 1621 3732 contemplantes,
1674 3662 1964 3731 quomodo

321 3751 572 3806 salutem
607 3748 703 3804 hic
740 3749 906 3803 nobis
940 3749 1336 3819 acquisiverit.
1375 3749 1529 3804 Filias
1578 3749 1849 3821 speculae,
1904 3755 1968 3804 ut

321 3837 657 3910 spiritaliter
691 3854 791 3908 per
822 3838 996 3892 ﬁdem
1027 3838 1235 3910 genitae
1270 3856 1282 3893 :
1316 3839 1450 3893 Sion
1474 3840 1632 3894 enim
1664 3839 1965 3910 speculam

324 3927 635 3995 signiﬁcat.
662 3926 908 3997 Specula
934 3932 1151 3993 autem,
1175 3944 1242 3982 ex
1275 3945 1390 3999 qua
1419 3929 1550 3999 quis
1583 3928 1749 3984 facile
1780 3933 1969 4001 potest

325 4014 712 4088 spiritualiter
728 4014 1335 4087 despicere,spiritalis
1356 4022 1444 4073 est
1464 4019 1967 4089 generatio,quam

331 4107 431 4176 qui
463 4112 816 4160 consecutus
847 4121 959 4159 non
991 4110 1100 4171 est,
1135 4122 1320 4161 Cisseus
1351 4111 1439 4162 est
1483 4112 1539 4162 et
1588 4124 1763 4162 manu
1815 4108 1967 4162 viam

329 4199 515 4250 tentet
546 4194 605 4247 in
636 4194 902 4249 veritatis
933 4194 1176 4267 fulgore.
1210 4196 1473 4266 Spectate
1505 4202 1721 4265 autem,
1754 4197 1969 4268 inquit,

332 4282 792 4355 dispensationis
824 4284 1108 4339 rationem
1143 4287 1203 4339 in
1232 4285 1542 4340 diademate
1589 4302 1692 4357 quo
1742 4302 1971 4342 corona-

329 4375 407 4427 vit
436 4388 559 4427 eum
587 4381 766 4427 mater
793 4389 893 4427 sua
922 4374 983 4427 in
1011 4374 1100 4428 die
1143 4375 1574 4444 desponsationis
1622 4377 1794 4446 ipsius
1843 4392 1861 4429 :
1910 4375 1971 4430 in

331 4461 536 4532 spinea
570 4460 846 4515 nimirum
883 4478 1295 4534 corons,quam
1327 4463 1541 4518 Christi
1574 4463 1750 4535 capiti
1784 4463 1971 4535 impo-

334 4550 453 4603 suit
472 4549 805 4605 Judasorum
830 4567 1220 4623 synagoga,ex
1242 4569 1359 4623 qua
1380 4553 1503 4623 ipse
1529 4557 1618 4607 est
1647 4553 1970 4607 secundum

2071 3400 2151 3467 τῷ
2203 3396 2413 3468 Θανάτῳ
2437 3397 2534 3463 τήν
2570 3394 2823 3457 ἀπάθειαν
2873 3395 2960 3449 καὶ
2994 3396 3091 3461 τὴν
3129 3396 3272 3462 ζωήν
3330 3396 3467 3464 ἡμῖν
3517 3390 3733 3467 ἕδωρή-

2075 3506 2227 3541 σατο.
2280 3484 2372 3539 Διό
2404 3504 2587 3561 φησιν·
2624 3482 2895 3554 Ἐξίλθετε
2924 3484 3012 3537 καὶ
3038 3481 3205 3550 Ἕόετε,
3240 3482 3523 3558 θυγατέρες
3580 3484 3730 3536 Σιὼν

2075 3573 2126 3629 ἐν
2181 3579 2260 3645 τῷ
2295 3572 2510 3648 βασιλεῖ
2554 3570 2847 3645 Σολομῶν·
2907 3570 3098 3649 ἤγουν,
3130 3572 3483 3646 κατακείψατι
3509 3571 3573 3626 τὸ
3602 3576 3727 3632 τοῖς

2073 3665 2188 3717 κατ’
2221 3662 2319 3735 ἐμὲ
2349 3664 2449 3731 τήν
2481 3659 2683 3731 δούλην
2717 3660 3070 3736 ἀσχολεῖσθαι
3103 3662 3192 3715 τὸν
3224 3664 3371 3732 νοῦν,
3421 3661 3509 3715 καὶ
3561 3658 3614 3714 ἐν
3645 3665 3731 3733 τῷ

2077 3751 2333 3828 εἰρηνικῴ
2394 3749 2627 3825 δεσπότῃ
2682 3750 2952 3819 Θεάσασθε,
3014 3750 3165 3813 ὅπως
3218 3752 3354 3823 ἡμῖν
3407 3750 3564 3811 οὗτος
3622 3750 3727 3817 τήν

2078 3840 2347 3913 σωτηρίαν
2422 3839 2899 3914 ἐπραγματεύσατο
2931 3882 2942 3896 .
3031 3838 3206 3895 Τέκνα
3290 3838 3726 3913 σκοπευτηρίου’

2078 3930 2153 3993 ὡς
2198 3934 2507 4003 γενηθεῖσαι
2548 3932 2920 4000 πνευματικῶς
2973 3925 3060 3982 διὰ
3115 3927 3365 3989 πίστεως.
3426 3927 3569 3982 Σιὼν
3623 3929 3728 4005 γὰρ

2078 4020 2469 4090 σκοπευτήριον
2529 4016 2917 4091 ἑρμηνεύεται.
2981 4018 3384 4093 Σκοπευτήριον
3442 4014 3499 4071 δὲ
3553 4015 3605 4086 ἐξ
3664 4018 3731 4071 οὗ

2080 4106 2298 4163 δύναταί
2328 4128 2408 4168 τις
2459 4106 2594 4161 κατά
2622 4110 2745 4160 νοῦν
2799 4106 2926 4182 ὁρᾷν
2958 4101 3223 4180 ἀκριϐῶς,
3288 4109 3323 4175 ἡ
3378 4108 3731 4177 πνευματική

2079 4197 2188 4252 ἐστι
2220 4196 2487 4271 γέννησις,
2548 4196 2614 4265 ἦς
2649 4196 2677 4249 ὁ
2712 4195 2788 4267 μὴ
2846 4195 3028 4269 τυχὼν
3083 4193 3290 4271 τυφλός
3331 4193 3467 4262 ἐστι,
3503 4197 3736 4266 μυωπά-

2084 4291 2187 4355 ζων
2232 4284 2355 4359 περὶ
2385 4284 2477 4345 τὰς
2506 4291 2605 4352 τῆς
2648 4283 2904 4353 ἀληθείας
2950 4282 3142 4357 αὐγάς.
3203 4284 3472 4337 Θεάσασθε
3530 4280 3586 4337 δὶ
3637 4283 3736 4337 τὸν

2083 4375 2416 4452 εἰρημένον,
2472 4374 2643 4452 φησὶ,
2695 4381 2796 4439 τῆς
2854 4372 3169 4445 οἰκονομίας
3227 4372 3429 4446 τρόπον
3466 4417 3480 4441 ,
3543 4372 3594 4427 ἐν
3653 4377 3739 4444 τῷ

2083 4464 2325 4541 στεφάνῳ
2390 4465 2435 4536 ᾦ
2514 4464 2874 4540 ἐστεφάνωσεν
2956 4462 3116 4517 αὐτὸν
3178 4465 3212 4531 ἡ
3293 4464 3479 4537 μήτηρ
3539 4462 3736 4532 αὐτοῦ,

2085 4553 2136 4608 ὲν
2169 4554 2351 4627 ἡμέρᾳ
2407 4554 2747 4630 νυμφεύσεως
2801 4552 2988 4606 αὐτοῦ·
3024 4548 3282 4621 δηλονότι
3340 4550 3389 4605 ὲν
3431 4556 3511 4624 τῷ
3568 4551 3735 4606 ἀκαν-

335 4654 591 4701 carnem,
624 4639 682 4693 in
717 4640 809 4694 die
839 4639 1152 4695 salutiferae
1188 4641 1391 4696 mortis
1420 4642 1571 4711 ejus,
1604 4641 1659 4695 in
1694 4658 1812 4712 qua
1840 4658 1961 4712 pro-

2082 4642 2212 4716 θίνῳ
2265 4642 2548 4720 στεφάνῳ,
2600 4643 2644 4712 ᾧ
2704 4640 3033 4719 ἐστεφάνωσε
3086 4641 3175 4695 τὸν
3237 4641 3467 4717 Χριστὸν
3528 4644 3563 4710 ἡ
3620 4642 3731 4695 τῶν

338 4729 466 4799 prio
501 4730 782 4799 sanguine
831 4730 1145 4785 Ecclesiam
1199 4731 1307 4784 sibi
1357 4730 1746 4801 desponsavit.
1802 4734 1864 4787 Et
1917 4732 1975 4785 in

337 4816 425 4872 die
456 4818 671 4875 la’titiae
698 4818 871 4874 cordis
900 4820 1017 4889 ejus
1052 4836 1064 4873 :
1101 4836 1218 4890 qua
1249 4819 1485 4891 quidem
1518 4819 1831 4875 salutarem
1873 4836 1976 4891 pro

343 4907 512 4963 nobis
547 4913 792 4962 mortem
825 4913 1129 4979 oppetens,
1180 4925 1284 4964 nos
1334 4909 1406 4964 ab
1455 4908 1643 4965 hostis
1697 4909 1978 4965 servitute

339 4995 603 5051 liberavit
636 5014 648 5051 :
683 5002 858 5068 atque
890 4997 968 5052 ita
994 4997 1180 5052 Patris
1212 4998 1623 5069 obtemperans
1671 4998 1975 5067 voluntati,

332 5084 563 5141 laetatus
593 5085 941 5156 estspiritu,
973 5085 1109 5141 licet
1156 5086 1349 5141 carnis
1398 5087 1757 5143 cruciatibus
1807 5103 1976 5142 vexa-

332 5177 509 5228 retur.
544 5174 647 5229 His
678 5190 892 5245 sponsa
924 5174 1245 5246 discipulae
1274 5180 1366 5230 est
1400 5175 1673 5242 allocuta,
1724 5175 1977 5247 diligens

328 5263 385 5317 id
421 5264 574 5333 quod
608 5264 1001 5319 demonstrari
1030 5281 1146 5319 non
1180 5270 1391 5336 potest,
1424 5270 1481 5320 et
1512 5265 1830 5320 humanam
1864 5263 1981 5335 glo-

334 5355 477 5407 riam
513 5352 765 5423 fugiens,
799 5354 1182 5425 cupiensque,
1212 5360 1275 5409 ut
1304 5370 1587 5425 sponsum
1619 5370 1793 5407 suum
1847 5358 1975 5408 tan—

337 5441 641 5495 tummodo
674 5457 878 5497 omnes
910 5442 1299 5497 admirentur.

2087 4728 2364 4787 Ἰουδαίων
2396 4729 2706 4803 συναγωγὴ,
2765 4727 2813 4801 ἐξ
2868 4730 2937 4797 ἧς
2997 4727 3153 4790 οὗτος
3181 4729 3243 4782 τὸ
3289 4730 3425 4783 κατά
3456 4729 3647 4801 σάρκα,
3681 4727 3737 4783 ἐν

2086 4820 2267 4895 ἡμέρα
2320 4822 2416 4872 τοῦ
2471 4817 2742 4887 σωτηρίου
2790 4816 2993 4881 πάθους
3020 4816 3183 4871 αύτοῦ
3211 4815 3262 4870 ἐν
3312 4816 3348 4890 ᾖ
3376 4821 3456 4887 τῷ
3490 4814 3613 4888 ἰδίῳ
3643 4814 3733 4870 α’ίο

2091 4928 2217 4981 ματι
2273 4908 2374 4976 τὴν
2433 4906 2738 4978 Εκκλησίαν
2795 4906 2967 4977 ἑαυτῷ
3028 4903 3435 4982 ἒνυμφεύσατο.
3514 4905 3617 4960 Καὶ
3678 4904 3732 4959 ἐν

2086 4999 2267 5070 ἡμέρα
2326 4995 2664 5073 εὐφροσύνης
2720 4992 2945 5070 καρδίας
2999 4992 3185 5062 αὐτου,
3243 4994 3361 5056 καθ’
3401 4994 3461 5061 ἣν
3512 4993 3735 5054 πάντως

2086 5086 2270 5140 παθὼν
2334 5086 2464 5159 ὑπὲρ
2525 5085 2687 5156 ἡμῶν
2743 5084 2805 5138 τὸ
2863 5085 3133 5158 σωτήριον
3192 5088 3365 5145 πάθος
3423 5080 3739 5155 ἀπήλλαξεν

2086 5178 2233 5247 ἡμᾶς
2279 5181 2379 5243 τῆς
2429 5178 2525 5228 τοῦ
2570 5172 2775 5248 ἐχθροῦ
2834 5169 3172 5246 τυραννίδος,
3230 5170 3318 5225 καὶ
3367 5170 3443 5232 ὡς
3500 5170 3738 5225 ἐντεῦθεν

2086 5262 2386 5338 πληρώσας
2414 5264 2477 5318 τὸ
2528 5267 2625 5317 τοῦ
2658 5262 2870 5337 [ἰατρὸς
2905 5259 3188 5336 βούλημα,
3242 5258 3525 5337 ηίιφράνθη
3573 5261 3739 5314 πνεύ-

2090 5374 2241 5425 ματι,
2275 5354 2319 5406 εἰ
2349 5353 2438 5407 καὶ
2470 5357 2587 5415 τοῖς
2616 5353 2899 5424 παθήμασι
2932 5348 3187 5420 ὡδυνήθη
3240 5349 3416 5420 σαρκί.
3466 5350 3649 5405 Ταῦτα
3702 5351 3739 5419 ἡ

2086 5441 2270 5519 νύμφη
2333 5441 2467 5514 πρὸς
2522 5441 2618 5504 τὰς
2675 5440 3116 5514 μαθητευομένας
3176 5439 3413 5509 εἳρηκεν,
3473 5436 3739 5512 ἀγαπῶσα

334 5530 395 5581 τὸ
427 5524 815 5601 ἀνεπίδιικτον,
846 5530 935 5584 καὶ
965 5532 1065 5599 τὴν
1097 5531 1223 5605 παρ’
1254 5529 1527 5603 ἀνθρώπῳ
1558 5527 1828 5605 φεύγουσα
1857 5526 2036 5600 δόξαν,
2067 5530 2156 5586 καὶ
2191 5528 2503 5606 βουλομένη
2541 5528 2700 5602 μόνον
2732 5529 2824 5583 τὸν
2854 5529 3048 5599 ἑαυτῆς
3079 5526 3313 5605 νυμφίον
3345 5526 3490 5602 παρὰ
3516 5525 3735 5581 πάντων

334 5615 721 5691 θαυμάζεσθαι.

402 5748 443 5782 ⁴¹
479 5751 502 5800 Ι
531 5748 657 5804 Cor.
688 5764 766 5817 ιι,
800 5748 851 5802 1.
