4042 6198
500 122 589 137 ,1⁸1

30 57 597 191 ﬁ

406 154 489 179 Α..

162 196 177 209 :r
288 192 295 199 '
302 192 303 195 ‘

130 327 277 391 .609
1042 407 1047 411 ρ
1194 320 1603 385 COMMENT.
1651 318 1727 378 IN
1774 316 2177 378 CANTICUM
2224 316 2524 377 CAN'l‘lC.
3446 327 3566 386 610

233 454 364 514 Ἰδοὺ
424 458 471 509 εἴ
524 454 692 528 καλὴ,
735 458 770 524 ἡ
830 453 1066 525 πλησίον
1150 476 1276 526 μου,
1339 451 1457 509 ἰδοῦ
1508 453 1557 507 εἴ
1608 448 1748 520 καλή
1786 469 1799 484 '

1986 452 2117 504 Ecce
2144 450 2378 521 pulchra
2410 466 2484 517 es,
2526 450 2836 521 propinqua
2864 467 2984 507 mea
3017 470 3035 507 :
3066 469 3181 509 ecce
3223 458 3453 527 pulchra
3484 476 3560 517 es.

171 545 441 624 ὀφθαλμοί
502 566 598 600 σου
679 544 1012 620 περιστεραὶ,
1067 542 1220 605 ἐκτὸς
1296 550 1397 612 τῆς
1485 539 1767 611 σιωπήσειὲ

1716 539 1808 601 εὼς
1922 538 2078 594 Oculi
2106 544 2209 606 tui,
2245 540 2511 595 columem
2540 556 2557 593 :
2583 543 2797 611 praeter
2822 542 3112 597 silentium
3141 552 3312 600 tuum.

172 656 280 693 σου.

860 720 1105 777 Ψελλοῦ.
2650 721 2838 776 Pselli.

237 813 451 873 Τούτων
484 814 561 876 ὡς
583 810 812 882 ἤκουσεν
845 811 1014 881 αὐτῆς
1043 815 1149 865 τῶν
1180 808 1359 887 λόγων
1414 810 1441 863 ὁ
1484 808 1738 886 νυμφίος,

1994 809 2095 865 His
2124 825 2353 881 sponsae
2385 808 2576 864 verbis
2620 810 2859 877 auditis,
2896 828 3149 883 sponsus
3181 812 3239 869 in
3272 816 3402 886 ejus
3442 818 3569 889 pul-

182 906 308 980 Πρὸς
340 902 556 959 ἔπαινον
587 902 854 977 ἐγείρεται
879 906 974 955 τοῦ
1002 899 1242 961 κάλλους
1274 899 1437 969 αὐτῆς
1464 898 1634 973 λέγων
1652 918 1664 930 ο

1974 901 2243 956 iitudinis
2292 900 2493 955 laudes
2542 901 2871 955 excitatur:
2916 905 3062 971 Ecce,
3114 904 3409 977 inquiens,
3437 908 3570 981 pul-

524 988 662 1049 ἰδου
689 990 733 1044 εἶ
763 989 930 1060 καλὴ,
962 992 997 1059 ἡ
1031 988 1269 1059 πλησίον
1316 1010 1440 1061 μου.
1920 990 2060 1046 chra

1976 1007 2060 1046 ira
2124 1007 2208 1057 es,
2274 992 2591 1061 prapiuqua
2657 1006 2797 1045 mea.
2858 992 3106 1048 Pulchra
3172 997 3430 1066 profecto
3488 1015 3572 1068 es,

176 1082 312 1151 Καλή
340 1082 445 1158 γὰρ
470 1077 641 1141 ὅντως
674 1078 937 1153 πέφυκας,
971 1078 1125 1150 φησὶ,
1156 1080 1337 1151 κάμοῦ
1376 1075 1633 1146 πλησίον,

1974 1079 2130 1149 iquit,
2167 1078 2494 1149 propinqua
2528 1095 2676 1144 mea,
2712 1095 2843 1134 cum
2885 1080 3190 1138 hominum
3225 1092 3570 1143 cunctorum

179 1174 341 1233 [lianc
378 1172 617 1239 σωθῆναι
650 1168 881 1232 θέλουσα
912 1170 1091 1243 ψυχὰς
1120 1167 1215 1229 τὰς
1242 1172 1349 1221 τῶν
1383 1167 1705 1241 ἀνθρώπων.

1979 1168 2151 1222 iimas
2184 1168 2433 1222 salutem
2468 1168 2703 1237 assequi
2737 1168 2961 1240 cupias.
2992 1170 3211 1228 Deinde
3236 1190 3369 1229 cum
3400 1176 3575 1232 vellet

177 1262 275 1318 Εἶτ’
306 1260 581 1315 ἐπαινέσαι
618 1257 918 1334 βουληθεῗς
950 1256 1116 1326 αὐτὴν
1149 1257 1238 1311 καὶ
1271 1256 1406 1310 κατά
1441 1254 1628 1330 μέρος,

1982 1257 2191 1330 ngulas
2222 1258 2350 1327 ejus
2386 1260 2578 1327 partes
2610 1257 2871 1326 laudare,
2905 1260 2972 1313 ad
3010 1260 3220 1330 ipsam,
3253 1263 3569 1321 Ecclesiam

177 1352 305 1420 Φησί
335 1371 454 1412 πως
488 1348 632 1404 οὕτω
663 1348 799 1422 πρὸς
832 1347 1024 1415 αὐτὴν,
1055 1344 1222 1422 ἤγουν
1254 1346 1353 1414 τὴν
1384 1343 1741 1414 Ἐκκλησίαν·

1970 1346 2229 1411 imirum,
2290 1345 2582 1417 loquens:
2636 1344 2833 1413 Oculi,
2873 1348 3088 1420 inquit,
3149 1354 3234 1406 tui
3288 1356 3566 1411 columba.

594 1435 799 1515 Ὀφθα).
813 1436 903 1508 μοί
937 1458 1032 1490 σου
1062 1441 1395 1510 περιστερᾶς.
1926 1435 2184 1499 Quemad

1978 1434 2432 1491 uemadmodum
2491 1435 2549 1488 in
2592 1435 2851 1491 hominis
2884 1454 3122 1510 corpore
3175 1441 3371 1497 multae
3433 1450 3572 1499 sunt

178 1536 372 1603 Ὠσπερ
402 1527 455 1582 ἐν
490 1527 701 1600 σώματι
740 1527 937 1599 βροτοῦ
967 1523 1151 1580 πολλὰ
1176 1524 1431 1600 τυγχάνει
1468 1522 1629 1597 μὲρη,

1976 1528 2147 1589 artes,
2193 1528 2256 1578 ut
2306 1523 2504 1594 pedes,
2540 1529 2595 1578 et
2644 1541 2876 1595 manus,
2909 1532 2963 1581 et
3015 1528 3211 1595 ubera,
3244 1536 3300 1585 et
3344 1537 3572 1602 pectus,

185 1616 363 1690 Πόδες,
394 1618 485 1672 καὶ
514 1623 720 1692 γεῖρες,
752 1615 839 1669 καὶ
876 1614 1089 1687 μαστοὶ,
1124 1614 1212 1669 καὶ
1244 1621 1459 1685 στῆθος,
1482 1614 1569 1666 καὶ
1604 1611 1781 1667 κοιλία

1978 1630 1985 1667 ;
2048 1616 2313 1667 venter:
2372 1611 2455 1667 sic
2522 1612 2697 1668 etiam
2766 1619 2906 1669 sunt
2971 1614 3029 1669 in
3098 1622 3300 1673 sancto
3369 1620 3574 1676 divinas

186 1707 329 1765 Οὕτω
361 1708 452 1760 καὶ
486 1711 645 1777 σῶμα
673 1705 735 1758 τὸ
766 1705 956 1758 σεπτὸν
986 1710 1084 1772 τῆς
1116 1702 1258 1764 Θείας
1290 1701 1640 1772 Ἑκκλησίας,

1981 1700 2195 1755 οοιθεὶω
2255 1716 2514 1771 corpore,
2560 1704 2729 1772 cujus
2786 1709 2961 1774 caput
3016 1711 3105 1759 est
3162 1706 3447 1778 Christus,
3479 1710 3577 1779 qui

183 1799 342 1872 Οὗπερ
370 1795 631 1870 τυγχάνει
662 1793 873 1871 κεφαλή
910 1793 1140 1867 Χριστὸς
1172 1793 1198 1845 ὁ
1230 1792 1318 1845 καὶ
1350 1791 1603 1868 νυμφῖος.

1975 1793 1987 1841 t
2026 1804 2298 1858 sponsus.
2330 1789 2413 1842 Ab
2462 1788 2645 1843 oculis
2702 1792 2873 1862 ccepit
2921 1809 3194 1848 coronam
3246 1802 3571 1855 contexere.

186 1887 263 1955 Ἐξ
301 1853 605 1960 ἑφθαλῖιῶν
638 1853 914 1959 ἀπτέρξατο
944 1853 1037 1936 τὸν
1064 1880 1318 1958 στέφανον
1360 1878 1713 1953 συμπλέκειν,

1982 1894 2015 1931 u
2040 1853 2305 1933 Ecclesiae
2336 1882 2548 1933 sancta:
2571 1878 2769 1935 oculos
2790 1853 3061 1955 .intellige
3082 1884 3296 1956 scripta
3327 1853 3578 1958 prophe-

189 1976 253 2029 Συ
283 1973 325 2028 δ’
356 1972 642 2049 ὀφθαλμὸν
675 1971 926 2043 ἰννὸησον
958 1978 1056 2040 τῆς
1088 1970 1230 2031 Θείας
1255 1968 1605 2039 Ἐκκλησίας,

1987 1984 2124 2022 rum
2173 1968 2510 2024 acutissime
2560 1969 2937 2027 intuentium.
2972 1973 3115 2029 Cum
3171 1982 3369 2032 autem
3413 1977 3583 2034 vellet

188 2065 249 2119 Τὸ
277 2064 552 2136 σύνταγμα
581 2067 689 2116 τῶν
719 2065 1015 2138 προφητῶν
1054 2065 1160 2114 τῶν
1191 2056 1675 2134 ὀξυδερκεστάτων,

1985 2058 2236 2113 ιὶΘΓίΟΓΘΒ
2268 2058 2445 2129 hujus
2478 2059 2675 2115 oculos
2706 2061 3057 2133 collaudare,
3086 2065 3204 2121 hazc
3235 2068 3413 2124 etiam
3443 2086 3581 2141 pro-

194 2154 362 2209 Θὲλων
423 2150 479 2207 δὲ
532 2152 736 2222 ταύτης
794 2150 1029 2206 ἐπαινεῖν
1095 2150 1223 2213 τοὺς
1300 2147 1620 2222 ὀφθαλμοὺς
1694 2147 1790 2203 τοῦ

1526 2148 1620 2211 οὺς
1694 2147 1821 2210 τοὺς
1933 2148 2068 2205 tulit
2096 2149 2293 2219 verba,
2323 2154 2388 2205 ut
2418 2150 2478 2205 in
2510 2150 2637 2222 ipsa
2666 2152 2815 2207 serie
2847 2156 3121 2225 reperies.

1556 2233 1752 2310 [ἔνδοη

195 2332 323 2400 Φησὶ
352 2330 443 2385 καὶ
472 2333 641 2385 ταῦτα
671 2329 807 2403 πρὸς
829 2328 1018 2397 αὐτὴν,
1053 2328 1125 2390 ὡς
1154 2328 1268 2382 καθ’
1301 2327 1489 2402 εἱρμὸν
1535 2328 1783 2401 εὑρήσεις
1808 2343 1823 2358 ο

255 2419 437 2481 Ἐκτὸς
462 2426 564 2488 τῆς
596 2418 920 2488 σιωπησεώς
959 2438 1074 2473 σου.

2006 2426 2210 2476 Praeter
2235 2420 2524 2476 silentium
2553 2423 2727 2477 tuum.

191 2508 310 2570 Τοῦς
336 2508 659 2587 ὀφθαλμούς
691 2530 786 2563 σου
817 2508 941 2583 γὰρ,
975 2508 1160 2585 φησὶν,
1195 2507 1427 2581 ἐπῄνεσα
1454 2506 1581 2570 τοὺς
1610 2500 1732 2579 ἔξω,

2005 2508 2240 2579 Oculos,
2290 2510 2503 2581 inquit,
2554 2514 2685 2565 tuos
2743 2511 3058 2570 exteriores
3116 2518 3519 2573 commendavi
3560 2535 3572 2573 :

196 2599 250 2652 Οἱ
276 2600 375 2675 γὰρ
406 2598 559 2663 ἐντὸς
591 2600 871 2675 ὑπέρτεροι
904 2598 1259 2673 τυγχάνουσιν
1287 2596 1528 2653 ἐπαίνου.

1984 2599 2281 2654 iteriorum
2312 2599 2469 2655 enim
2501 2599 2706 2655 laudes
2746 2600 2908 2658 nulla
2950 2606 3187 2675 assequi
3232 2611 3422 2678 potest
3451 2624 3580 2664 ora-

1936 2687 2040 2743 tio.

750 2782 864 2834 Τῶν
896 2787 942 2853 γ’
974 2780 1243 2854 Ματέρων.

2520 2780 2708 2835 Trium
2746 2786 2996 2838 Patrum.

261 2871 401 2924 Ὅθεν
463 2870 491 2923 ὁ
542 2868 745 2939 ταύτης
802 2869 1031 2946 νυμφίος
1088 2865 1485 2939 ἀποδεξάμενος
1534 2866 1721 2939 αὐτὴν,
1753 2866 1826 2928 ὡς

2010 2868 2213 2939 Itaque
2244 2884 2496 2937 sponsus
2526 2885 2651 2923 eam
2682 2873 2747 2924 ut
2776 2871 3052 2927 omnibus
3076 2872 3343 2944 partibus
3373 2875 3586 2932 formo-

202 2960 321 3013 κατᾶ
344 2958 515 3013 πάντα
560 2958 786 3033 ὡραίαν,
818 2956 1001 3034 φησίν·
1036 2956 1173 3012 Ἰδοὺ
1228 2958 1274 3012 εί
1308 2956 1477 3026 καλὴ,
1508 2958 1543 3027 ἡ
1593 2954 1797 3026 πλησίο

1990 2973 2065 3012 ιω
2114 2957 2444 3028 suscipiens
2478 2974 2489 3012 :
2527 2958 2678 3025 Ecce,
2712 2958 2926 3029 inquit,
2962 2962 3203 3030 pulchra
3251 2979 3327 3034 es,
3358 2968 3586 3036 propin-

208 3070 319 3119 μου·
351 3047 500 3119 ἤτοι,
534 3045 653 3103 ἰδοῦ
688 3046 950 3124 ὑπάρχεις
982 3047 1174 3121 ὡραία,
1201 3049 1236 3116 ἡ
1278 3045 1547 3122 ἐγγύσασά
1598 3066 1690 3119 μοι
1742 3042 1804 3099 διε

1992 3062 2047 3102 ια
2076 3062 2222 3102 mea.
2257 3046 2504 3101 Pulchra
2534 3046 2791 3118 profecto
2814 3065 2895 3116 es,
2922 3066 3049 3120 quae
3082 3052 3223 3107 mihi
3257 3054 3588 3125 propinqua

205 3141 495 3210 μιμήσεως,
548 3139 624 3200 ὡς
684 3140 745 3192 τὸ
820 3138 936 3191 κατ’
986 3136 1167 3191 εῗκύνα
1234 3137 1319 3190 καὶ
1392 3137 1509 3190 καθ’
1567 3134 1800 3207 ὁμοίωσι

1990 3152 2043 3191 er
2074 3135 2462 3191 imitationem
2489 3136 2724 3191 evasisti
2751 3154 2763 3192 :
2792 3154 3039 3210 quisque
3062 3140 3586 3210 pulchritudinem,

207 3226 416 3288 κάλλος
476 3228 597 3282 κατ’
653 3226 866 3300 ἑμπρ...
918 3230 1115 3300 γνῶσιν
1162 3227 1464 3299 συνάψασα’
1516 3221 1633 3278 ἲδοὸ
1692 3224 1799 3279 ὖπά

1984 3241 2100 3279 iam
2132 3229 2368 3295 propter
2390 3224 2707 3295 imaginem
2736 3231 2792 3280 et
2814 3226 3267 3283 similitudinem
3303 3230 3580 3297 hausisti,

204 3335 309 3389 χεις
365 3317 560 3387 ὡραία,
594 3316 683 3370 καὶ
716 3313 805 3369 διὰ
849 3316 912 3369 τὸ
945 3315 1030 3369 ἐπὶ
1061 3321 1189 3368 πᾶσι
1246 3320 1364 3375 τοῖς
1412 3314 1797 3387 κατορθώμασι

1992 3312 2162 3368 ﬁcaci
2193 3313 2523 3385 cognitione
2567 3313 2907 3369 cumulasti.
2942 3315 3086 3371 Ecce
3116 3316 3362 3388 pulchra
3390 3319 3588 3388 etiam,

205 3402 405 3478 ἄτυφον.
441 3405 542 3461 Καὶ
590 3404 733 3458 οὕτω
770 3405 862 3477 μὶν
894 3402 1199 3465 καθολικῶς
1231 3403 1322 3457 τὸν
1366 3403 1569 3469 ταύτης
1614 3396 1801 3456 ἕπαινο

1998 3402 2228 3457 ueniam
2261 3402 2332 3456 ad
2365 3401 2621 3473 reliquas
2670 3419 2871 3459 omnes
2902 3404 3147 3460 virtutes
3196 3410 3328 3461 tuas
3359 3407 3594 3463 humili-

208 3490 502 3562 ἰποιήσατο.
582 3493 709 3549 Εἶτα
776 3493 863 3548 καὶ
934 3492 1071 3547 κατὰ
1145 3493 1305 3566 μέρος
1366 3496 1553 3545 τοῦτον
1622 3488 1804 3560 διέξεισ

1996 3497 2127 3547 item
2186 3491 2481 3563 adjungis.
2532 3496 2650 3547 Hoc
2706 3493 2889 3564 igitur
2938 3498 3106 3564 pacto
3159 3512 3293 3551 cum
3346 3513 3474 3552 eam
3534 3498 3592 3552 in

205 3582 447 3654 φάσκωνο
506 3580 824 3660 Ὀφθαλμοί
910 3602 1006 3635 σου
1086 3584 1427 3654 περιστερᾶς,
1503 3579 1654 3643 ἐκτὸς
1738 3583 1801 3643 τῆ

1998 3580 2290 3635 niversum
2342 3579 2634 3648 laudarit,
2699 3598 2854 3636 nunc
2912 3582 3279 3654 singularum
3337 3585 3594 3656 partium

204 3672 509 3741 σιωπησεώς
552 3690 679 3725 σου·
732 3671 786 3725 οἱ
834 3672 941 3725 τῶν
988 3670 1259 3741 αἰσθητῶν
1308 3669 1521 3730 πάντως
1570 3667 1800 3741 ἀντιλαμ

1998 3670 2151 3725 ludes
2200 3668 2591 3740 persequitur.
2628 3670 2800 3737 Oculi,
2836 3670 3131 3743 inquiens,
3162 3676 3251 3728 lui
3278 3674 3547 3731 columba?
3576 3693 3594 3729 :

205 3753 500 3833 ὄανὸμενοι,
529 3760 621 3814 καὶ
682 3761 731 3813 οἱ
779 3764 886 3813 τῶν
942 3763 1155 3829 νοητῶν
1200 3758 1588 3831 πνευματικοί’
1626 3759 1706 3811 ὅτι
1766 3756 1792 3812 δ

2003 3761 2148 3813 'aeler
2180 3759 2465 3813 silentium
2514 3766 2689 3815 tuum.
2722 3759 2905 3828 Oculi,
2939 3760 3038 3832 qui
3089 3766 3146 3817 et
3194 3779 3262 3818 ea
3308 3780 3435 3834 quae
3484 3764 3594 3820 sub

210 3846 365 3903 αὐτῶν
404 3854 576 3903 πᾶσαν
618 3851 718 3918 τήν
759 3848 930 3903 κτίσιν
981 3849 1117 3925 πρὸς
1165 3846 1319 3918 δόξαν
1378 3852 1474 3903 τοῦ
1523 3849 1801 3917 Πεποιηκό

2002 3864 2187 3903 ιῃειιω
2219 3848 2437 3902 cadunt
2485 3846 2836 3918 percipiunt,
2868 3853 2926 3903 et
2972 3866 3039 3905 ea
3088 3866 3215 3921 qua:
3249 3857 3441 3907 mente
3470 3851 3598 3908 sola

209 3956 293 3997 τος
340 3939 483 4012 ὁρᾷς-
512 3937 656 3993 οὕτω
706 3935 763 3993 δὲ
811 3959 907 3992 σου
956 3939 1007 3992 oi
1061 3936 1336 4015 ὀφθαλμοὶ
1364 3938 1511 3992 οὗτοι
1542 3958 1805 4010 πνευματι

2012 3936 2380 4008 telliguntur,
2415 3944 2475 3991 ut
2525 3937 2843 4007 spiritales,
2892 3939 3418 4010 comprehendunt.
3454 3940 3601 4006 Quia

207 4026 287 4078 κοί
316 4025 457 4089 ὶκτὸς
507 4032 608 4092 τῆς
659 4026 743 4081 ἐπὶ
796 4031 909 4098 Θεῷ
956 4026 1183 4104 ἀφασίας
1236 4047 1355 4080 σου.
1391 4026 1492 4082 Καὶ
1532 4025 1634 4101 γὰρ
1695 4023 1803 4098 μᾶλ

2001 4042 2050 4081 3r
2078 4026 2238 4097 ipsos
2269 4026 2469 4080 omnia
2498 4043 2623 4096 qua:
2650 4033 2845 4081 creata
2869 4034 3027 4092 sunt,
3054 4030 3233 4085 relers
3261 4030 3332 4085 ad
3365 4030 3597 4085 laudem

213 4112 300 4167 λον
344 4116 470 4186 αὕτη
530 4116 1005 4189 πνευματικῂὸτι
1064 4115 1114 4170 ὲν
1177 4115 1309 4190 ἁγίῳ
1367 4114 1637 4189 Πνεύματι
1704 4114 1809 4189 ὑπὲκ

2003 4114 2257 4170 reatoris.
2291 4114 2386 4169 Sic
2435 4120 2630 4170 autem
2663 4116 2815 4171 oculi
2850 4116 2947 4171 isti
2980 4116 3065 4172 tui
3114 4118 3407 4189 spiritales
3439 4122 3599 4189 sunt,

206 4207 381 4277 γνῶσιν
411 4206 668 4279 γικώσκει
692 4206 754 4260 τὸ
778 4209 875 4259 τοῦ
905 4208 1038 4261 Θεοῦ
1071 4202 1477 4274 ἀκατάληπτον.

2004 4208 2160 4258 rzeter
2219 4209 2383 4258 tuam
2431 4205 2499 4258 de
2551 4204 2666 4259 Deo
2724 4205 3186 4262 taciturnitatem
3222 4224 3234 4262 :
3269 4207 3392 4262 haec
3442 4209 3600 4263 enim

210 4297 376 4366 magis
404 4297 581 4352 etiam
612 4301 703 4353 est
732 4296 1044 4368 spiritalis;
1081 4313 1217 4351 nam
1249 4295 1308 4350 in
1341 4295 1563 4367 Spiritu
1612 4298 1835 4363 sancto,
1868 4293 1924 4348 id
1958 4294 2113 4365 quod
2146 4308 2377 4348 omnem
2426 4293 2829 4366 cognitionem
2880 4300 3142 4367 superat,
3195 4298 3502 4369 cognoscit
3530 4299 3602 4354 de

212 4386 313 4439 Deo
339 4401 540 4458 nempe
572 4386 731 4457 quod
774 4390 1029 4457 nequeat
1061 4384 1504 4456 comprehendi.

893 4488 1138 4545 Ψελλοῦ.
2184 4477 2199 4491 ’

2184 4477 2199 4491 ⁸
2681 4488 2869 4544 Pselli.

276 4598 434 4651 ταῦτα
465 4596 560 4670 μὶν
592 4594 681 4651 οῦν
716 4597 792 4661 ὡς
818 4596 1030 4671 γυναικὶ
1061 4594 1399 4672 προσομιλεῖ
1426 4600 1493 4670 τῇ
1524 4594 1733 4675 νύμφῃ.

2027 4597 2155 4652 Haec
2184 4599 2466 4668 tanquam
2490 4610 2625 4651 cum
2660 4595 2901 4651 muliere
2921 4612 3056 4651 cum
3089 4613 3310 4670 sponsa
3338 4597 3599 4669 loquiur.

220 4681 273 4736 Ei
302 4680 341 4735 ἃ
368 4685 848 4759 ἀναγωγικώτερον
882 4684 1227 4760 ἐξερουνῆσαι
1254 4684 1452 4757 θέλεις,

2006 4686 2115 4741 uod
2164 4686 2213 4741 si
2262 4685 2348 4740 vis
2396 4684 2575 4739 altius
2610 4700 2732 4739 rem
2784 4686 3111 4757 indagare:
3147 4702 3329 4742 comae
3375 4702 3602 4757 sponsae

219 4774 529 4847 Τριχὼματα
561 4774 830 4853 πεφύκασι
859 4782 957 4845 τῆς
986 4774 1204 4851 νύμφης
1231 4774 1320 4829 καὶ
1354 4775 1640 4849 παρθίνου,

2015 4774 2221 4845 rginis,
2270 4774 2379 4830 hoc
2426 4778 2517 4829 est
2563 4773 2771 4829 divinae
2818 4774 3091 4832 Ecclesiae
3139 4780 3507 4844 ornamenta,
3540 4791 3606 4831 ex

220 4858 399 4933 Ἤγουν
432 4861 932 4937 ἑγκαλλωπίσματα
961 4871 1059 4934 τῆς
1084 4862 1229 4925 θείας
1259 4860 1604 4933 Ἐκκλησίας,

1320 4860 1604 4933 κκλησίας,
1876 4894 1923 4959 D
1955 4863 2216 4936 gentium
2248 4878 2424 4935 grege
2454 4865 2547 4917 est
2579 4861 2916 4919 multitudo.

221 4948 283 5002 Τὸ
310 4949 505 5020 πλῆθος
538 4950 713 5016 ὅντως
734 4957 831 5008 τοῦ
864 4952 1000 5007 λαοῦ
1029 4959 1130 5023 τῆς
1158 4952 1209 5023 ἐξ
1241 4951 1407 5008 ἐθνῶν
1440 4950 1667 5027 ἀγέλης.

286 5037 517 5103 Ὀδόντες
567 5060 667 5099 σου
755 5041 828 5104 ὠς
912 5040 1101 5119 ἀγέλαι
1187 5046 1293 5097 τῶν
1370 5041 1738 5116 κεκαρμένων,
1794 5041 1849 5094 αἱ

2029 5040 2220 5095 Dentes
2249 5041 2339 5093 tui
2363 5040 2507 5095 sicut
2552 5054 2737 5111 greges
2767 5044 3058 5097 lonsarum
3086 5058 3215 5114 qua
3243 5043 3610 5099 ascenderunt

223 5121 578 5186 ἀναϐαίνουσαι
633 5129 741 5186 ἀπὸ
798 5135 894 5185 τοῦ
943 5130 1200 5207 λουτροῦ,
1254 5132 1308 5185 αἱ
1366 5136 1531 5185 πᾶσαι
1592 5126 1818 5201 διδυμεύ

2014 5145 2027 5182 :
2056 5129 2293 5197 lavacro,
2325 5144 2509 5184 omnes
2537 5130 2787 5196 gemellis
2814 5132 3042 5201 felibus,
3075 5142 3127 5189 et
3150 5134 3359 5190 sterilis
3390 5150 3500 5190 non
3528 5140 3610 5190 est

223 5233 376 5286 ουσαι,
401 5220 485 5273 καὶ
512 5221 810 5274 ἆτεκνοῦσα
842 5219 940 5274 ούκ
969 5216 1110 5275 ἔστιν
1146 5218 1197 5274 ἂν
1229 5219 1437 5281 αὐταῖς.

648 5224 810 5273 νοῦσα
842 5219 940 5274 οῦκ
969 5216 1110 5275 ἔστιν
1146 5218 1197 5274 ἰν
1229 5219 1437 5281 αὐταῖς.
1962 5221 2104 5273 inter
2131 5234 2244 5273 eas.

287 5302 524 5369 Ὀδόντας
553 5305 613 5362 δὲ.
645 5329 743 5379 μοι
770 5307 1001 5381 γίνωσκε
1027 5307 1155 5369 τοὺς
1189 5308 1365 5371 θείους
1393 5302 1779 5374 διδασκάλους,

2034 5312 2244 5362 Dentes
2284 5306 2430 5361 mihi
2480 5306 2793 5379 intelligito
2826 5309 3057 5367 divinos
3102 5312 3371 5368 doctores
3418 5328 3612 5368 sacro-

227 5391 348 5454 Τοὺς
378 5396 768 5473 σαφηνίσαντας
802 5401 939 5468 ἡμῖν
974 5397 1190 5473 Γραφὴν
1221 5396 1320 5463 τήν
1356 5388 1671 5466 σεϐασμίαν,

2018 5401 2225 5451 iactam
2260 5398 2428 5452 nobis
2471 5398 2831 5469 Scripturam
2865 5400 3345 5473 interpretantes,
3378 5402 3477 5473 qui
3511 5403 3614 5457 de-

226 5482 344 5541 Τοῦς
372 5483 654 5559 φροντίδας
689 5484 887 5559 σαρκὸς
920 5482 1461 5559 ἰναποκειραμὲνους,

2015 5485 2152 5540 ιιιείε
2194 5486 2539 5557 rejectisque
2588 5487 2780 5543 carnis
2830 5488 3352 5557 sollicitudinibus,
3385 5495 3443 5545 et
3471 5506 3611 5544 con-

232 5568 317 5621 Καὶ
342 5576 412 5643 τῷ
440 5575 537 5642 τὴς
578 5570 941 5642 συνειδήσεως
974 5570 1191 5649 λουτρῷ
1228 5572 1681 5646 κεκαθαρμωους.

2012 5574 2221 5629 :ientiaa
2274 5574 2501 5631 lavacro
2543 5577 2831 5648 mundati,
2866 5584 2989 5633 tum
3041 5580 3251 5634 anima
3305 5584 3431 5635 tum
3482 5595 3608 5633 cor-

234 5653 614 5735 Διδυμοτόκους
644 5661 870 5725 τούτους
898 5658 955 5717 δὲ
980 5660 1146 5719 πάλιν
1172 5662 1200 5718 ὁ
1231 5660 1399 5739 λόγος
1428 5660 1592 5732 εἶπεν,

2012 5665 2125 5721 oris
2173 5665 2489 5737 puritatem
2523 5666 2691 5737 quasi
2740 5667 3019 5739 gemellos
3069 5668 3223 5725 fetus
3273 5668 3487 5723 habere
3516 5665 3608 5720 di-
