3944 6210
372 272 482 332 611
839 308 845 312 -
1707 265 2130 329 MICHAELIS
2175 268 2447 328 PSELLI
3659 269 3750 330 612

365 407 595 459 cuntur.
629 403 786 461 Sicut
830 403 1115 475 funiculus
1158 405 1438 460 coccinea:
1491 402 1637 457 labia
1686 408 1799 471 tua,
1830 403 1922 455 et:

2190 418 2220 459 μς
2249 397 2338 452 καὶ
2387 400 2572 472 ψυχῆς
2623 396 2712 452 καὶ
2771 397 3028 471 σώματος
3082 397 3266 459 καλῶς
3316 399 3747 473 καθηγνισμένους

365 495 558 565 quium
607 502 764 549 tuum
808 495 1088 550 decorum.
1121 494 1356 565 Sponsas
1406 491 1563 546 labia
1612 507 1816 546 rursus
1866 506 1922 546 cc

2197 508 2220 550 ς
2294 487 2552 564 σπαρτίον
2618 487 2864 542 κόκκινον
2951 484 3118 562 χείλη
3182 507 3302 556 σου,
3357 486 3447 542 καὶ
3507 490 3544 556 ὴ
3619 486 3750 544 λαλιά

371 584 630 638 mandat.
672 587 752 637 Tu
805 599 940 639 vero
997 599 1102 654 per
1160 581 1510 650 funiculum,
1564 579 1783 636 silentii
1831 579 1928 634 dot

3370 578 3487 649 [σου
3518 577 3692 651 ὡραία.

371 672 572 744 accipe
619 690 632 728 :
695 689 797 743 per
850 672 1153 743 eloquium
1208 687 1340 726 vero
1398 671 1704 737 decorum,
1763 669 1918 723 divin

2137 666 2222 723 Ἐν
2250 665 2465 728 τούτοις
2493 665 2659 721 πάλιν
2691 665 2901 720 ἐπαινεῖ
2927 665 2995 720 τὰ
3022 662 3190 741 χείλη
3227 664 3320 739 μὲν
3350 671 3452 734 τῆς
3470 664 3694 743 νύμφης.

371 762 868 834 praedicationem.
901 761 1051 814 Tum
1105 758 1294 831 gratis
1323 757 1746 814 taciturnitatis
1790 758 1896 823 sic,

2136 754 2210 809 Σὺ
2244 752 2302 809 δὲ
2332 754 2591 831 σπαρτίον
2618 755 2848 830 γίνωσκε
2865 762 2966 824 τῆς
2999 756 3324 824 σιωπήσεως
3351 755 3413 809 τὸ
3453 755 3636 830 μέρος,

370 850 522 921 quit,
547 849 804 916 excellis,
831 853 896 902 ut
927 847 1073 901 nihil
1109 847 1496 916 superﬂuum,
1525 844 1670 900 nihil
1701 846 1916 900 absurd

1994 861 2024 900 n
2132 845 2238 912 Τὴν
2272 840 2319 897 δ’
2348 844 2412 898 αὖ
2443 843 2644 915 ὡραίαν
2680 842 2876 899 λαλιὰν
2902 845 2964 898 τὸ
2994 846 3255 919 κήρυγμα
3290 844 3353 898 τὸ
3384 845 3551 900 Θεῖον.

367 937 591 993 excidat
624 954 653 992 e
683 936 858 992 labiis
904 934 1046 992 tuis.
1079 936 1136 990 Si
1172 936 1312 1007 quid
1365 935 1522 990 enim
1575 934 1892 1006 aliquando

2134 933 2278 1002 Φησὶ
2311 954 2435 1008 γαρ·
2464 932 2540 987 Σὺ
2570 934 2936 1007 κατώρθωσας
2963 937 3063 997 τῆς
3097 939 3310 1002 σιωπῆς
3337 933 3436 1000 τὴν
3464 935 3645 1009 χάριν,

364 1027 524 1098 loqui
559 1043 686 1097 quae
732 1025 800 1079 ad
851 1024 982 1078 fidei
1018 1023 1546 1096 promulgationem
1581 1023 1921 1079 doctrinaml

1978 1039 2028 1078 le
2133 1017 2314 1091 Μηδὲν
2342 1020 2587 1076 λαλοῦσαι
2615 1022 2892 1098 περιττὸν,
2928 1019 3072 1094 μηδὲ
3095 1019 3535 1094 πεπλανημὶνον·

367 1115 690 1186 pertinent,
758 1112 1042 1184 loqueris.
1101 1114 1231 1168 Ecce
1285 1111 1518 1183 pulchra
1575 1129 1652 1182 es,
1708 1114 1924 1184 propin;

1990 1130 2024 1168 a
2133 1109 2198 1166 Ei
2227 1110 2329 1185 γὰρ
2353 1107 2598 1180 θελήσεις
2629 1109 2854 1165 πώποτε
2884 1108 3126 1180 λαλῆσαι
3157 1110 3245 1165 καὶ
3273 1117 3545 1188 φωνῆσαι,

364 1221 510 1270 mea,
543 1220 659 1258 ecce
703 1203 943 1274 pulchra
991 1218 1066 1256 es.
1103 1200 1406 1256 Geminam
1463 1201 1556 1257 hic
1607 1218 1839 1274 quoque
1889 1219 1920 1272 p

2132 1199 2202 1252 Τὸ
2233 1201 2488 1275 κήρυγμα
2518 1206 2620 1268 τῆς
2648 1199 2880 1262 πίστεως
2909 1199 3197 1274 κηρύττεις
3226 1200 3314 1254 καὶ
3349 1196 3638 1260 διδάσκεις.

363 1292 498 1348 tulit
560 1291 794 1348 laudem
856 1290 1335 1364 pulchritudinis.
1390 1290 1570 1346 Geuis
1621 1290 1777 1346 enim
1828 1290 1920 1346 vul

1907 1290 2022 1346 ltus
2134 1283 2275 1343 Ἰδοὺ
2303 1286 2351 1341 εἷ
2371 1286 2538 1360 καλή,
2570 1291 2604 1358 ἡ
2638 1279 2879 1359 πλησίον
2916 1309 3043 1361 μου,
3070 1285 3188 1343 ἰδοὺ
3222 1286 3276 1342 εἷ’
3297 1286 3464 1358 καλή.

364 1384 494 1454 ejus
524 1399 556 1436 a
588 1399 884 1453 purpureo
919 1382 1217 1436 modestia:
1251 1381 1458 1435 decore
1489 1379 1861 1448 collaudatis,
1892 1397 1921 1434 a

2137 1374 2369 1431 Διπλοῦν
2401 1377 2673 1432 κάνταῦθα
2713 1374 2914 1432 δέδωκε
2943 1377 3036 1432 τὸν
3064 1373 3282 1432 ἔπαινον
3324 1380 3426 1432 τοῦ
3451 1373 3694 1444 κάλλους,

364 1489 474 1528 mae
531 1489 766 1544 quoque
826 1474 1203 1528 commendat
1249 1470 1772 1542 pulchritudinem,
1813 1475 1888 1528 Ut

2130 1465 2200 1519 Τὸ
2228 1469 2325 1520 τοῦ
2355 1467 2654 1543 προσώπου
2686 1467 2789 1543 γὰρ
2825 1465 2992 1536 αὐτῆς
3033 1470 3127 1522 νῦν
3159 1465 3439 1528 ἐπαινέσας
3474 1467 3666 1539 μῆλον,

361 1578 545 1630 ceam,
598 1561 896 1632 inquiens,
951 1559 1173 1616 silentii
1223 1561 1402 1614 decus
1453 1559 1663 1615 anima:
1714 1565 1850 1615 tum.
1895 1560 1918 1616 Ι

2016 1578 2022 1613 ι
2129 1555 2217 1616 Ὡς
2241 1553 2452 1632 πλῆρες
2484 1554 2827 1630 ἐρυθήματος
2857 1555 2948 1610 καὶ
2992 1554 3348 1632 σωφροσύνης
3377 1556 3573 1632 γέμον,

361 1651 519 1706 enim
559 1649 925 1705 extrinsecus
957 1649 1196 1720 quidem
1237 1649 1573 1719 jucundum
1620 1649 1914 1721 spectacul

2131 1644 2393 1718 Ἐπῄνεσε
2421 1645 2508 1699 καὶ
2541 1651 2642 1714 τῆς
2674 1648 2862 1720 ψυχῆς
2892 1645 2955 1699 τὸ
2986 1642 3216 1714 κάλλος,
3251 1642 3428 1720 λέγων
3462 1643 3653 1706 οὕτως’

362 1739 643 1810 praebent,
678 1738 836 1795 intus
882 1745 1078 1794 autem
1114 1737 1513 1809 praestantiam
1568 1737 1871 1794 continent
1898 1755 1919 1794 ε

2211 1734 2314 1794 ιτὸς
2344 1740 2443 1802 τῆς
2473 1736 2795 1805 σιωπήσεως
2824 1737 2921 1788 τοῦ
2951 1731 3194 1795 κάλλους
3218 1740 3317 1803 τῆς
3350 1736 3538 1809 ψυχῆς
3568 1753 3675 1790 σου.
3766 1736 3768 1739 ’

2211 1826 2298 1844 ’νγ
2378 1824 2395 1844 ἱ
2472 1819 2525 1844 ,ν
2594 1820 2638 1844 ἒ-
2707 1843 2724 1844 η
2759 1843 2763 1844 ,
2804 1823 2816 1837 ‘
2893 1820 2941 1844 νγ
2980 1833 3047 1844 νλι
3119 1819 3227 1844 !'__,_
3263 1823 3351 1844 n1,

364 1827 655 1901 gularem.
2053 1819 2100 1844 ”
2127 1826 2302 1876 Ταῦτα
2336 1824 2432 1894 μὲν
2465 1819 2556 1875 οὗν
2590 1820 2857 1895 ἐρωτικὴν
2890 1820 3080 1890 ἔξωθεν
3116 1819 3232 1897 ἔχει
3263 1823 3410 1890 Θέαν,

2128 1909 2283 1967 Ἀλλ’
2315 1909 2465 1966 ἔνδον
2503 1909 2941 1987 μεγαλοπρεπεῖς
2969 1911 3063 1973 τὰς
3097 1905 3382 1973 ἀναϐάσεις
3427 1910 3570 1986 ἔχει.

433 2005 610 2061 Comen
648 2009 758 2060 tum
804 2006 946 2060 sicut
991 2020 1179 2076 greges
1225 2019 1545 2076 caprarum,
1596 2021 1712 2074 quae
1760 2005 1990 2060 revelata

2208 1999 2584 2076 Γρίχωμάσου,
2641 1999 2718 2062 ὡς
2773 1997 2968 2074 ἀγέλαι
3019 2003 3129 2054 τῶν
3203 1999 3400 2076 αἰγῶν,
3455 2001 3515 2054 αἳ
3589 2000 3765 2056 ἀπεκα-

355 2103 483 2150 sunt
512 2111 580 2150 ea:
611 2093 845 2150 Galaad.

2124 2086 2404 2166 λύφθησαν
2438 2088 2546 2145 ἀπὸ
2572 2092 2672 2144 τοῦ
2703 2085 2939 2145 Γαλαάδ.

948 2202 1134 2255 Trium
1173 2203 1426 2256 Patrum.

2691 2198 2812 2254 Τῶν
2844 2197 2892 2272 γ’
2928 2196 3203 2271 Πατὲρων.

425 2307 820 2380 Cogitationes
879 2307 1106 2363 scilicet
1162 2313 1306 2370 tuaz,
1365 2323 1492 2378 quae
1551 2307 1622 2362 ad
1684 2306 1971 2362 actionem

2207 2303 2453 2374 ¹Ητοι,οὶ
2483 2302 2776 2377 πρακτικοί
2825 2324 2925 2359 σου
2981 2300 3273 2379 λογισμοὶ,
3303 2301 3392 2358 καὶ
3454 2303 3509 2358 οἱ
3572 2315 3764 2378 θεωρη-

354 2397 574 2468 quique
614 2397 672 2452 in
723 2397 936 2468 spiritu
987 2398 1058 2452 ad
1110 2396 1669 2466 contemplationem
1720 2395 1906 2466 pertin

2215 2389 2268 2446 οἳ
2325 2390 2375 2446 ἐν
2432 2391 2698 2465 πνεύματι
2753 2388 2930 2468 λὸγοι,
2958 2393 3050 2451 καὶ
3108 2391 3420 2468 θεολογικαὶ
3479 2397 3592 2448 τῶν
3652 2392 3769 2466 ὑπὲρ

352 2503 678 2554 sermones,
710 2492 769 2542 et
817 2502 1014 2541 rerum
1071 2485 1407 2540 divinarum
1441 2501 1568 2556 quin
1617 2484 1909 2555 cognition

2210 2502 2308 2550 λσιν
2341 2481 2636 2555 ἀγνώστων
2669 2479 2956 2557 δογμάτων
3000 2478 3280 2549 ἔπιόολαί,
3314 2483 3525 2537 ἅπαντα
3583 2481 3641 2538 ἐκ
3681 2485 3767 2537 τοῦ

359 2580 664 2646 superant,
698 2575 898 2629 studia
927 2591 996 2629 ex
1027 2578 1224 2628 mente
1256 2577 1356 2627 tua
1382 2573 1469 2644 (ut
1499 2589 1566 2627 ex
1597 2572 1782 2643 capite
1809 2589 1916 2626 con

2223 2591 2246 2630 ς
2294 2590 2390 2624 σου
2422 2573 2533 2643 (οἷα
2561 2567 2628 2638 δὴ
2685 2571 2931 2648 κεφαλῆς
2989 2572 3254 2644 κομώσης
3299 2571 3437 2645 θρὶξ)
3497 2592 3776 2644 πνευματι-

355 2663 697 2735 spiritaliter
745 2663 944 2718 omnia
998 2668 1371 2717 nascuntur:
1425 2669 1482 2716 et
1529 2662 1600 2716 ad
1655 2679 1721 2716 ea
1773 2678 1900 2732 quae

2215 2682 2230 2722 ;
2262 2658 2504 2733 φύονται·
2538 2660 2627 2714 καὶ
2666 2660 2803 2729 πρὸς
2830 2661 2898 2714 τὰ
2927 2658 2979 2714 ἐν
3031 2660 3191 2736 σαρκὶ
3232 2659 3324 2716 καὶ
3378 2660 3578 2734 κόσμῳ
3633 2661 3772 2714 ἀναι-

358 2769 532 2808 carne
565 2753 902 2823 mundoque
947 2759 1106 2817 sunt,
1140 2767 1317 2806 sensu
1369 2756 1586 2816 carent,
1624 2751 1703 2804 uti
1736 2750 1912 2805 ﬂorea

2210 2751 2374 2816 λτοῦσι
2429 2745 2585 2819 δίκην
2618 2747 2884 2812 εὐθαλοῦς
2914 2749 3274 2823 τριχώματος
3330 2748 3532 2824 αἰγῶν,
3565 2749 3767 2804 ἀποκει-

358 2857 668 2911 caprarum
703 2840 824 2911 pili,
858 2859 984 2912 quae
1017 2840 1279 2895 revelata:
1313 2844 1452 2895 sunt
1481 2857 1548 2895 ex
1580 2845 1775 2894 monte
1807 2839 1915 2894 invi

2212 2838 2477 2910 ετομὲνων
2533 2837 2584 2908 ἐξ
2643 2834 2807 2914 ὅρους
2854 2837 3101 2892 ἀπόπτου
3135 2836 3347 2894 Γαλαάδ
3395 2838 3769 2912 καλουμένου,

350 2928 452 2983 bili
477 2929 690 2984 Galaad
719 2947 732 2996 ;
759 2946 884 3000 quae
919 2929 1198 2984 nimirum
1229 2936 1456 2984 retecta:
1487 2934 1721 2983 suntex
1752 2928 1907 2983 tenet

2261 2925 2757 3000 ἀποκεκαλυμμένα
2811 2926 2942 2982 εἰσὶν
2996 2927 3102 2982 ἀπὸ
3161 2927 3387 2990 σκότους
3434 2928 3637 2990 κακίας
3683 2926 3769 2981 καὶ

351 3017 587 3073 malitiae
617 3026 674 3074 et
707 3018 1051 3089 ignorantiae
1101 3025 1158 3073 et
1202 3018 1546 3088 impietatis,
1580 3035 1648 3072 ex
1679 3017 1895 3088 quibus

2217 3014 2331 3077 σίας
2377 3015 2468 3070 καὶ
2514 3015 2716 3085 ἀθείας,
2767 3015 2843 3091 ᾡς
2893 3015 2953 3070 ἐκ
3005 3016 3213 3071 τούτων
3275 3015 3350 3078 εἰς
3418 3016 3630 3092 ἀρετήν
3677 3021 3767 3071 καὶ

347 3107 649 3162 veritatem
682 3113 740 3160 et
769 3106 1072 3162 scientiam
1108 3111 1165 3161 et
1197 3107 1468 3176 pietatem
1503 3105 1672 3175 quasi
1705 3107 1898 3178 demig

2215 3124 2308 3158 »σιν
2394 3104 2483 3158 καὶ
2564 3099 2866 3159 Θεοσὲϐειαν
2949 3107 3356 3178 μετοικισθέντα
3439 3107 3601 3182 παρά
3674 3108 3772 3161 toi

2445 3193 2453 3209 .
2663 3199 2683 3209 -
2906 3199 2929 3209 ..
3027 3194 3041 3209 ε
3134 3192 3214 3209 ,μ
3410 3191 3434 3209 κ
3672 3197 3686 3209 .

344 3200 501 3261 runt,
539 3211 641 3266 per
670 3195 1046 3267 Evangelium
1081 3197 1233 3266 quod
1287 3194 1558 3249 fidelibus
1608 3195 1901 3265 futurum.

2223 3193 2557 3267 τυρουμένου
2595 3199 2711 3255 τοῖς
2742 3199 2956 3255 πιστοῖς
2984 3194 3052 3249 τὰ
3085 3192 3360 3267 μέλλοντα
3407 3191 3778 3269 δικαιωτήριι

340 3283 562 3339 dicium
623 3289 958 3340 attestatur.
992 3283 1209 3339 Galaad
1265 3283 1422 3338 enim
1473 3283 1520 3338 si
1572 3284 1897 3356 interprete:

2218 3281 2460 3356 γγελίου,
2487 3283 2618 3357 ὅπερ
2651 3280 2819 3353 δηλοῖ
2864 3283 2925 3337 τὸ
2958 3281 3198 3355 Γαλαὰδ,
3249 3284 3515 3358 μετοικία
3577 3303 3775 3358 μαρτυ-

343 3372 665 3428 testimonii
699 3373 996 3445 significat
1034 3373 1464 3445 migrationem.

1160 3373 1464 3428 rationem.
2107 3369 2227 3445 ρίας
2257 3371 2714 3445 ἑρμηνευόμενον.

411 3461 603 3518 Dentes
631 3463 715 3516 tui
745 3464 884 3517 sicut
913 3478 1103 3532 greges
1142 3469 1444 3526 tonsarum,
1479 3477 1598 3533 quae
1641 3462 1968 3517 ascenderun

2224 3456 2429 3521 )ὃὸντες
2501 3480 2598 3513 σου
2678 3459 2752 3521 ὠς
2829 3459 3021 3535 ἀγὲλαι
3101 3464 3209 3515 τῶν
3275 3463 3663 3536 κεκαρμένων,
3729 3460 3781 3512 αἳ

340 3548 404 3604 de
437 3549 660 3616 Galaad,
693 3566 881 3606 omnes
922 3550 1169 3622 gemellis
1205 3553 1431 3621 fetibus,
1463 3560 1513 3606 et
1543 3552 1752 3607 sterilis
1780 3568 1892 3606 non

2216 3541 2372 3618 ἵησαν
2447 3547 2552 3603 ἀπὸ
2629 3553 2728 3603 τοῦ
2789 3548 3046 3625 λουτροῦ,
3105 3550 3158 3603 αἱ
3207 3555 3370 3604 πᾶσαι
3431 3547 3773 3625 διδυμεῦου-

344 3640 488 3693 inter
516 3654 627 3692 eas.

2105 3657 2212 3708 σαι,
2246 3636 2334 3691 καὶ
2366 3637 2657 3692 ἀτεκνοῦσα
2687 3637 2787 3692 οὒκ
2816 3633 2958 3692 ἔστιν
2992 3637 3045 3692 ἰν
3081 3636 3287 3699 αὐταῖς.

417 3726 826 3781 Meditationes
859 3730 970 3781 ture
1004 3727 1221 3799 quibus
1255 3731 1534 3798 tauquam
1569 3727 1844 3783 dentibus
1875 3729 1973 3799 qui

2222 3715 2400 3800 Ϊγουν,
2441 3726 2495 3780 αἱ
2563 3723 2869 3798 διανοήσεις
2925 3748 3044 3795 σου,
3107 3724 3177 3781 δι’
3225 3728 3298 3782 ὧν
3357 3727 3554 3801 ὥσπερ
3617 3729 3779 3783 τινῶν

345 3814 596 3869 busdam
656 3832 935 3887 corporea
992 3816 1140 3887 legis
1187 3821 1314 3871 tum
1367 3817 1596 3887 scriptis
1647 3820 1772 3872 tum
1824 3834 1902 3872 ua

2222 3835 2341 3870 ιτων
2367 3815 2429 3870 τὸ
2461 3816 2772 3890 σωματικὸν
2805 3817 2987 3892 πάχος
3015 3820 3112 3871 τοῦ
3166 3821 3411 3892 γραπτοῦ
3462 3819 3656 3892 νόμου
3693 3817 3779 3872 καὶ

342 3901 483 3958 ralis
538 3904 869 3959 crassitudo
922 3905 980 3958 in
1030 3920 1199 3959 veros
1255 3921 1469 3960 sensus
1527 3911 1897 3972 extenuatur,

2231 3908 2460 3980 φυσικοῦ
2493 3905 2810 3960 λεπτύνεται
2842 3904 2921 3970 εἷς
2952 3905 3134 3976 ἀληθῆ
3169 3907 3446 3978 νοήματα,
3485 3908 3593 3962 καὶ
3649 3906 3785 3982 πρὸς

339 3993 410 4047 ad
471 4007 638 4047 esum
697 3992 1024 4064 spiritalem
1085 3993 1296 4048 idonea
1358 3994 1642 4058 redditur,
1686 4011 1892 4066 caprar

2231 4013 2310 4046 σιν
2370 3995 2743 4067 πνευματικὴν
2801 3992 3109 4064 ἐπισήδειον
3169 3994 3392 4068 γίνεται,
3459 3993 3640 4065 δίκην
3699 4015 3787 4050 κε·

337 4085 646 4136 tonsarum
677 4081 885 4148 instar,
925 4081 1090 4137 falsis
1134 4082 1414 4138 omnibus
1461 4082 1839 4154 opinionibus
1867 4103 1894 4139 ιι

2233 4083 2388 4136 ιένων
2418 4081 2630 4157 ἀγελῶν
2663 4089 2836 4137 πᾶσαν
2891 4077 3102 4138 ἔννοιαν
3151 4081 3324 4157 ψευδῆ
3374 4085 3790 4160 περιῄρηνται,

339 4169 563 4240 putatis
613 4171 985 4242 rejectisque.
1017 4171 1175 4226 circa
1202 4171 1507 4226 veritatem
1549 4171 1734 4227 solam
1783 4172 1896 4227 imn

2289 4172 2460 4242 μόνην
2513 4169 3003 4246 συναγελαζόμεναι
3060 4174 3160 4242 τὴν
3219 4172 3515 4244 ἀλήθειαν.
3574 4175 3651 4232 AT
3704 4173 3799 4228 καί

339 4263 547 4312 rantur
579 4276 592 4314 ι
626 4267 681 4314 et
726 4260 896 4330 quasi
949 4259 1176 4314 lavacro
1211 4266 1491 4331 purgatis,
1524 4277 1557 4314 a
1585 4260 1832 4316 terrenis
1861 4261 1896 4314 is

2241 4279 2366 4327 ησαν
2404 4259 2701 4332 ὑψωθεῖσαι
2746 4260 2885 4334 πρὸς
2935 4259 3004 4314 τά
3059 4261 3399 4334 πνευματικά
3458 4261 3567 4318 καὶ
3633 4261 3798 4335 οὖρά-

341 4351 518 4417 atque
549 4348 887 4403 carnalibus
933 4348 1218 4403 sublimes
1250 4349 1322 4403 ad
1356 4348 1640 4419 spiritalia
1674 4355 1849 4421 atque
1878 4367 1898 4405 ε

2246 4345 2304 4401 ἐκ
2360 4352 2464 4400 τῶν
2527 4346 2738 4423 γηΐνων
2795 4350 2886 4403 καὶ
2938 4353 3208 4424 σαρκικῶν
3262 4350 3507 4423 τούτων,
3547 4351 3634 4414 ὠς
3690 4352 3803 4406 ἀπὸ

339 4433 510 4490 lestia
565 4437 1051 4492 conscenderunt.
1088 4438 1422 4508 Omnesque
1471 4453 1574 4508 per
1621 4438 1896 4510 supra'dic

2245 4441 2338 4510 ροῦ
2388 4437 2819 4510 καθαρεύουσαι·
2853 4438 2942 4493 καὶ
2994 4444 3159 4493 πᾶσαι
3221 4436 3309 4493 διὰ
3364 4444 3485 4494 τῶν
3557 4440 3802 4518 εἲρημὲ-

339 4524 498 4596 leges
527 4525 798 4596 geminos
829 4524 1108 4580 virtutum
1141 4527 1291 4581 fetus
1315 4531 1438 4580 tum
1473 4525 1646 4581 dictis
1677 4531 1802 4581 tum
1837 4528 1890 4581 fa

2245 4509 2458 4598 ἀνόμων
2520 4509 2978 4599 διδυμοτοκοῦσαι
3031 4526 3161 4591 τοὺς
3217 4525 3456 4600 λόγους,
3507 4509 3630 4584 καὶ·

339 4614 543 4669 edunt.
580 4613 646 4669 Et
677 4614 898 4671 sterilis
947 4620 1118 4684 ιιι-δυο
1166 4615 1397 4670 inutilis
1447 4615 1720 4686 cogitatio
1762 4633 1876 4672 non

2252 4633 2342 4675 ους
2386 4617 2496 4668 τῶν
2544 4613 2750 4689 ἀρετῶν
2782 4616 3064 4691 Ἅκαρπος
3115 4615 3207 4670 καὶ
3266 4615 3586 4694 ἀνωφελὴς
3623 4617 3807 4676 ἔννοια

339 4701 398 4756 in
434 4703 541 4757 eis.
1085 4720 1130 4750 ο

2108 4700 2208 4757 οὐκ
2233 4696 2373 4756 ἔστιν
2407 4701 2459 4756 ἐν
2488 4703 2699 4765 αὐταῖς.

412 4789 564 4846 Sicut
603 4793 892 4863 funiculus
939 4795 1219 4850 coccineus
1271 4793 1424 4849 labia
1469 4803 1585 4863 tua,
1619 4801 1671 4850 et
1720 4795 1969 4866 eloquium

2257 4813 2267 4853 ;
2325 4792 2584 4868 σπαρτίον
2631 4793 2884 4848 κόκκινον
2958 4792 3122 4870 χείλη
3181 4815 3298 4864 σου,
3355 4793 3456 4848 καὶ
3521 4797 3566 4868 ἧ
3633 4795 3814 4856 λαλιά

340 4881 496 4934 tuum
525 4880 803 4936 decorum.

2108 4901 2202 4935 σου
2229 4879 2421 4955 ὡραία.

411 4969 624 5025 Verum
660 4988 1018 5041 sermonem,
1053 4972 1240 5027 instar
1265 4970 1509 5026 funiculi
1536 4971 1788 5027 dimensi
1822 4977 1968 5045 atqui

2262 4969 2447 5026 λονότι
2490 4974 2580 5026 οἵα
2623 4973 2716 5045 μὲν
2769 4971 3028 5046 σπαρτίον
3081 4973 3547 5048 μεμετρημένον,
3605 4978 3706 5033 οἷα
3757 4973 3813 5032 δὲ

340 5057 580 5126 coccini,
617 5065 894 5131 promunt
925 5060 1088 5116 labra
1117 5065 1238 5116 tua.
1269 5060 1661 5124 Quamobrem
1695 5061 1897 5134 eloqui

2259 5081 2356 5114 ,νον
2389 5059 2572 5130 ἀληθῆ
2621 5061 2714 5115 τὸν
2762 5059 2930 5134 λόγον
2979 5061 3346 5135 προφέροντα,
3377 5061 3450 5116 οὗ
3519 5067 3564 5136 ἡ
3637 5065 3816 5122 λαλιὰ

337 5152 506 5201 tuum
542 5151 780 5205 omnino
812 5151 1085 5205 decorum
1123 5156 1231 5205 est.

2104 5147 2320 5211 πάντως
2350 5149 2384 5217 ἠ
2415 5148 2673 5226 προφορά
2705 5145 2794 5202 διά
2819 5151 2987 5202 ταῦτα
3018 5147 3301 5221 ὠράϊσται.

409 5235 563 5291 Sicut
591 5243 784 5294 cortex
819 5240 966 5296 mali
1010 5241 1207 5311 punici
1233 5255 1394 5312 gena!
1445 5248 1578 5310 tua,
1610 5248 1775 5296 extra
1822 5241 1963 5296 silcu

2261 5258 2264 5294 :
2315 5234 2549 5314 λέπυρον
2613 5236 2742 5313 ῥοᾶς
2799 5233 2978 5310 μῆλόν
3040 5257 3137 5291 σου
3189 5236 3343 5301 ἐκτὸς
3399 5247 3530 5311 τῆς
3592 5247 3818 5313 σιωπή.

338 5325 479 5378 tium
513 5330 691 5381 tuum.

2103 5325 2239 5388 σεώς
2267 5345 2383 5380 σου.

408 5414 617 5469 Cortici
667 5414 892 5473 scilicet
945 5417 1081 5472 mali
1129 5417 1327 5489 punici
1374 5417 1600 5474 similes
1650 5425 1789 5474 sunt
1836 5433 1965 5489 gent

2259 5411 2399 5484 λαδὴ
2440 5415 2528 5469 οἷα
2556 5412 2792 5488 λεπυρω
2823 5411 2950 5488 ῥοᾶς
3009 5412 3300 5491 στύφουσα)
3359 5413 3524 5472 εἰσιν
3577 5424 3645 5476 αἱ
3705 5443 3813 5478 πα-

335 5505 468 5572 tuae,
491 5507 558 5558 ut
587 5506 914 5562 severitatis
958 5511 1224 5562 amantes
1257 5510 1433 5578 atque
1481 5509 1554 5562 ab
1608 5506 1771 5563 omni
1799 5507 1892 5562 dis

2267 5522 2383 5558 σου’
2419 5501 2509 5558 διὰ
2534 5504 2597 5560 τὸ
2641 5501 2863 5579 στυγνόν
2894 5522 2953 5558 τε
3007 5501 3100 5558 καὶ
3155 5499 3499 5579 ἀδιάχυτον,
3549 5512 3653 5566 καὶ
3721 5511 3814 5567 ἔτι

334 5589 559 5650 lutione
581 5598 840 5664 remotae,
861 5595 1093 5668 quando
1116 5594 1291 5651 etiam
1317 5611 1431 5651 non
1456 5599 1635 5653 taces.
1656 5594 1813 5653 Licet
1833 5609 1891 5651 er

2258 5596 2444 5665 ιωπᾷς.
2475 5592 2541 5652 El
2565 5592 2665 5672 γὰρ
2709 5591 2800 5649 καὶ
2847 5596 2970 5658 ταῖς
3016 5589 3262 5666 ὁμιλίαις
3316 5591 3506 5660 εἴωθα
3575 5601 3815 5660 πολλά.
