3944 6210
182 297 287 356 613

1204 294 1614 356 COMMENT.
1662 295 1740 354 IN
1784 295 2180 360 CANTICUH
2228 302 2539 366 CAN'I‘IG.

3459 313 3578 374 614

180 450 254 493 ιιις
288 429 347 483 τὸ
396 426 584 503 χαρίεν
635 425 990 500 έπιγινεσθαι,
1045 424 1192 481 ἀλλὰ
1241 425 1304 480 σὺ
1364 423 1452 480 διὰ
1507 427 1569 480 τὸ
1615 426 1703 481 καὶ

2014 436 2433 505 congressibus
2467 439 2807 512 mutuisque
2840 442 3216 498 sermonibus
3238 444 3586 514 jucunditas

179 518 380 582 ταύταις
412 517 871 591 συνεσταλμένον,
901 517 964 572 τὸ
996 514 1391 592 διακεχυμένον
1423 518 1671 591 κράζεις.

241 792 326 849 Ὠς
352 784 559 862 πύργος
593 778 762 840 Δαϐὶδ
793 782 1080 860 τράχηλός
1107 806 1225 841 σου.

874 872 1126 930 Ψελλοῦ.

245 964 341 1018 Καὶ
369 967 541 1018 ταῦτα
561 966 1014 1037 γυναικοπρεπῶς
1040 961 1372 1036 προσομιλεὶ
1401 967 1470 1037 τῇ
1501 963 1685 1040 νύμφῃ
1723 982 1734 996 ·

184 1051 352 1110 Θέλων
391 1053 499 1128 γάρ
530 1051 738 1123 ταύτης
767 1052 1005 1108 ἐπαινεῖν
1025 1052 1118 1106 τὸν
1151 1052 1436 1128 τράχηλον
1463 1051 1695 1128 ἐξόχως,

187 1142 372 1217 ιιύργῳ
400 1140 724 1216 παρείκασεν
751 1139 910 1196 αὐτὸν
943 1139 1277 1214 ὑψηλοτάτῳ
1298 1143 1458 1214 πάνυ,

185 1234 269 1303 Τῷ
307 1228 603 1301 δομηθέντι
634 1232 906 1305 προτέρον
934 1231 1084 1305 παρὰ
1123 1225 1288 1285 Δαϐἰδ
1319 1235 1416 1285 τοῦ
1448 1230 1594 1286 θείου

185 1323 258 1376 Ἐν
295 1319 582 1396 Θαλφιιὼθ
613 1319 747 1395 πρὸς
773 1321 1007 1392 τήρησιν
1039 1319 1288 1374 ἁπάντων
1314 1324 1422 1374 τῶν
1451 1319 1706 1394 ἁρμάτων
1743 1338 1756 1352 ·

187 1410 297 1465 Τῶν
322 1408 720 1482 τροπουμένων
749 1409 877 1482 παρ’
909 1408 1082 1462 αὐτοῦ
1111 1406 1372 1481 πολέμων
1403 1405 1762 1485 ἀλλοφύλων.

189 1499 251 1552 Συ
284 1495 340 1552 δέ
375 1519 472 1570 μοι
500 1495 789 1573 τράχηλον
821 1498 994 1567 αὐτῆς
1023 1500 1123 1562 τῆς
1152 1497 1297 1559 θείας
1323 1496 1672 1568 Ἐκκλησίας,

187 1588 277 1645 Τὸν
314 1589 485 1661 μέγαν
517 1586 736 1642 Παῦλον
768 1587 1026 1662 γίνωσκε,
1061 1584 1295 1642 δέσποτα
1330 1587 1654 1665 στεφηφόρε,

191 1678 282 1733 Τὸν
302 1676 536 1751 Χριστὸν
569 1676 910 1751 βαστάσαντα
939 1677 1038 1746 τήν
1059 1674 1301 1748 κεφαλήν
1330 1680 1438 1729 τῶν
1470 1674 1638 1748 ὅλων,

191 1763 273 1819 Καέ
301 1771 423 1820 κατ’
455 1764 659 1820 ἐκεῖνον
687 1764 733 1820 εἳ
761 1787 913 1828 τινας
947 1764 1164 1840 ἐτέρους
1194 1763 1528 1841 διδαχθήσῃ.

192 1853 402 1910 Τούτων
435 1856 524 1909 καὶ
559 1855 662 1930 γάρ
687 1854 1008 1928 έξήρτηνται
1037 1855 1210 1926 τάξεις
1240 1860 1348 1910 τῶν
1379 1855 1705 1929 ἀσωμάτων,

192 1945 380 2018 Ἅσπερ
414 1944 444 1998 6
474 1942 645 2018 λόγος
679 1944 903 2018 θυρεοὺς
936 1944 1162 2000 άκάλεσε
1191 1944 1434 2021 χιλίους.

192 2035 268 2100 Μὴ
293 2035 477 2105 μέντοι
511 2034 672 2109 λόγον
695 2032 953 2107 ἀπαιτῇς,
986 2031 1237 2103 δέσποτα,
1269 2039 1376 2089 τῶν
1407 2033 1627 2110 χιλίων.

193 2125 344 2184 Ἐθος
375 2123 479 2196 γάρ
508 2121 620 2176 έστι
651 2126 722 2196 τῇ
748 2126 936 2200 Γραφῇ
958 2126 1120 2177 τοῦτο
1150 2121 1422 2185 πολλάκις
1456 2121 1658 2198 λέγειν,

190 2218 384 2287 Ὥσπερ
416 2211 580 2289 φησίν
615 2231 628 2243 ’
663 2213 724 2269 Ὁ
745 2211 915 2284 νόμος
975 2232 1070 2266 σου
1116 2217 1213 2267 τοῦ
1262 2211 1533 2286 στόματος
1569 2213 1829 2288 τυγχάνει

1671 2301 1824 2376 [ὑπὲρ

193 2389 450 2466 Ἀργύρου
474 2388 565 2444 καὶ
593 2394 824 2464 χρυσοῦ,
859 2388 1122 2460 Δέσποτα,
1156 2387 1416 2466 χιλιάδας
1453 2408 1467 2423 °

194 2479 275 2532 Καὶ
305 2475 567 2554 χιλιάδας
587 2478 842 2554 ἀλλαχοῦ
869 2483 978 2533 τῶν
1010 2477 1376 2542 εὐθυνούνυων
1405 2478 1576 2555 λέγει,

253 2569 339 2629 Ὡς
391 2569 597 2643 πύργος
654 2563 820 2622 Δαϐἱδ
903 2565 1196 2644 τράχηλός’
1247 2589 1342 2623 σου
1376 2587 1390 2601 ·

202 2656 349 2728 μένος
383 2655 434 2710 έν
467 2655 777 2730 Θαλφειώθ.

756 2747 878 2802 Τῶν
903 2746 948 2823 γ’
980 2744 1255 2823 Πατέρων.

254 2836 435 2904 Ἤτοι,
497 2837 588 2888 οἷα
643 2833 850 2910 πύργος
907 2829 1073 2889 Δαϐὶδ
1141 2835 1168 2889 ὁ
1225 2839 1320 2890 τοῦ
1381 2835 1827 2910 πρακτικωτάτου

193 2924 272 2977 καὶ
304 2924 793 2996 θεωρητικωτάτου
840 2923 966 2986 νοός
1025 2944 1122 2978 σου
1168 2921 1468 2988 ἔνδιάθετος
1518 2924 1685 3001 λόγος
1708 2931 1826 2989 ταῖς

190 3012 346 3074 θείαις
394 3009 641 3074 ἐντολαῖς
716 3009 1068 3086 ᾠκοδόμηται
1148 3015 1241 3086 μὲν
1317 3016 1434 3069 κατ’
1474 3015 1688 3090 ἀρετὴν,
1740 3018 1831 3070 οἷα

191 3098 360 3155 ἐπάνω
400 3099 675 3172 ἐπάλξεων
723 3105 830 3156 τῶν
884 3106 981 3156 τοῦ
1011 3103 1382 3175 ἀντικειμένου
1414 3103 1776 3179 πειρατηρίων
1811 3120 1827 3136 ⁶

1452 2570 1480 2623 6
1530 2565 1828 2642 ᾠκοδομη-

1928 519 2123 577 inesse
2169 524 2376 593 soleat,
2410 531 2472 581 tu
2505 532 2702 584 tamen
2747 536 2984 604 propter
3014 536 3175 587 tuam
3209 533 3267 588 in
3303 533 3418 589 illis
3445 553 3582 606 quo-

1930 626 2040 680 que
2071 615 2544 686 temperantiam,
2579 620 2732 690 quod
2781 620 3087 693 profusum
3121 639 3185 677 ac
3229 622 3582 680 dissolutum

1931 703 2041 766 est,
2075 703 2370 773 reprimis.

2003 788 2155 846 Sicut
2183 795 2359 850 turris
2388 795 2567 852 David
2596 799 2801 854 collum
2835 802 3014 855 tuum.

2668 889 2856 944 Pselti.

2009 969 2078 1023 Et
2125 969 2246 1026 haec
2296 973 2568 1029 muliebri
2628 993 2788 1032 more
2848 995 2978 1033 cum
3030 996 3247 1049 spona
3306 980 3588 1053 loquitur.

1936 1053 2078 1110 Cum
2111 1061 2269 1114 enim
2302 1061 2475 1117 vellet
2514 1064 2728 1120 collum
2761 1068 2890 1137 ejus
2922 1067 3300 1126 vehementer
3330 1070 3592 1140 laudare,

1937 1146 2086 1200 turri
2131 1147 2274 1202 illud
2327 1150 2668 1207 celsissimae
2725 1156 3106 1227 comparavit,
3139 1174 3266 1229 quae
3317 1177 3348 1214 a
3395 1160 3593 1217 divino

1939 1231 2154 1289 Davide
2205 1236 2259 1290 in
2312 1237 2672 1310 Thalphioth
2718 1243 2903 1298 fuerat
2930 1245 3290 1301 exaediﬁcata
3336 1250 3406 1303 ad
3460 1267 3592 1304 enr-

1942 1338 2115 1377 ruum
2168 1325 2434 1381 omnium
2488 1329 2911 1403 defensionem,
2943 1350 3076 1389 cum
3125 1337 3378 1392 externis
3427 1337 3595 1392 bellis

1943 1410 2118 1465 tinem
2180 1412 2576 1486 imposuisset.
2612 1419 2695 1473 'I‘u
2747 1438 2879 1477 vero
2940 1422 3105 1491 mihi,
3150 1425 3421 1497 princeps
3481 1432 3599 1482 ste-

1945 1499 2262 1572 pbephore,
2297 1510 2513 1560 sanctae
2563 1507 2833 1564 Ecclesia:
2866 1509 3103 1576 collum,
3139 1529 3415 1584 magnum
3449 1515 3598 1571 Pau-

1943 1587 2068 1643 lum
2101 1590 2384 1664 intellige,
2418 1595 2518 1666 qui
2551 1609 2725 1668 caput
2769 1599 3034 1654 omnium
3066 1601 3362 1658 Christum
3413 1615 3600 1674 gesta-

1946 1676 2044 1738 vit.
2077 1685 2131 1733 et
2161 1680 2212 1735 si
2258 1697 2406 1751 quos
2459 1682 2604 1739 alios
2656 1684 2737 1739 illi
2790 1686 3016 1742 similes
3063 1688 3342 1745 didicisti.
3376 1691 3453 1746 Ex
3506 1692 3595 1749 his

1863 1805 1910 1869 Β
1943 1767 2101 1821 enim
2149 1772 2420 1840 suspensi
2473 1779 2610 1827 sunt
2654 1778 2888 1830 ordines
2939 1779 3197 1846 corporis
3244 1780 3591 1850 expcrtium,

1943 1872 2091 1926 quos
2120 1856 2215 1912 hic
2248 1859 2409 1914 mille
2438 1861 2671 1933 clypeos
2696 1871 2882 1918 vocat.
2911 1865 3108 1936 Neque
3136 1883 3270 1922 vero
3301 1885 3405 1923 cur
3434 1870 3594 1926 mille

1937 1943 2167 2009 dixerit,
2202 1962 2450 2017 quaeras.
2485 1950 2638 2005 Solet
2678 1952 2834 2006 enim
2885 1953 3183 2023 Scriptura
3213 1971 3278 2012 eo
3308 1958 3591 2016 vocabulo

1940 2031 2272 2102 frequenter
2325 2037 2428 2091 uti.
2461 2038 2622 2093 Sicut
2675 2039 3061 2112 inquitchx
3117 2048 3230 2099 oris
3284 2048 3368 2102 tui
3420 2064 3593 2120 super

1937 2123 2122 2177 millia
2167 2126 2300 2179 auri
2346 2135 2397 2182 et
2444 2131 2667 2200 argenti
2695 2130 2756 2184 θ’.
2791 2131 2859 2185 Et
2899 2131 3040 2186 alibi
3079 2150 3091 2188 :
3127 2133 3328 2206 Miltia,
3384 2135 3581 2209 inquit

1937 2211 2250 2268 lwlantium
2277 2215 2342 2270 ‘3.

2008 2569 2157 2623 Sicut
2186 2569 2352 2624 turris
2382 2569 2555 2625 David
2580 2571 2780 2627 collum
2811 2575 2967 2627 tuum
2982 2589 3002 2634 ;
3033 2587 3158 2645 quae
3185 2573 3468 2644 aediﬁcata
3501 2578 3588 2628 est

1937 2659 1995 2712 in
2028 2657 2388 2728 Thalphiolh.

2526 2748 2713 2802 Trium
2745 2753 2988 2803 Patrum.

2006 2834 2159 2890 Sicut
2190 2834 2360 2890 turris
2399 2836 2592 2906 David,
2625 2841 2713 2892 est
2761 2837 3002 2892 interior
3050 2836 3266 2894 mentis
3315 2842 3428 2894 tuas
3459 2844 3586 2895 tum

1939 2924 2164 2978 actione
2222 2929 2346 2978 tum
2405 2924 2901 2997 contemplatione
2955 2928 3209 2982 maxime
3261 2929 3598 3000 prestantis

1937 3012 2107 3075 ratio,
2137 3028 2258 3082 qua:
2305 3029 2406 3082 per
2436 3011 2706 3068 virtutem
2741 3013 2957 3071 divinis
3000 3016 3294 3072 mandatis
3324 3017 3604 3088 edi/iouia

1937 3110 2018 3156 est
2070 3117 2236 3171 super
2286 3102 2730 3172 propugnacula,
2772 3104 2830 3158 id
2881 3109 2990 3171 est,
3038 3122 3214 3176 super
3272 3107 3599 3162 adversarii

191 3188 393 3266 αἴρεται
449 3188 509 3245 δὲ
555 3190 690 3245 κατᾶ
745 3196 943 3266 γνῶσιν
995 3190 1072 3253 εἰς
1132 3190 1240 3267 ὕψη
1299 3199 1670 3266 πνευματικῆς
1708 3205 1735 3257 0

2008 3189 2296 3245 ntationes
2332 3209 2344 3246 :
2378 3190 2603 3245 tollitur
2651 3200 2843 3247 autem
2898 3209 3000 3264 per
3031 3194 3336 3250 scientiam
3369 3196 3427 3250 in
3462 3195 3602 3251 atti-

196 3279 302 3352 ρίας
335 3299 346 3308 ·
379 3281 470 3334 καὶ
527 3281 629 3355 γὶρ
687 3281 716 3334 6
772 3280 870 3353 μὲν
902 3275 1114 3353 (Δαὸὶδ)
1147 3281 1331 3344 ἱκανὸς
1381 3284 1550 3356 χειρὶ,
1610 3281 1840 3357 ἰσχυρὸς

195 3370 372 3440 ὁράσει
405 3371 757 3444 ἑρμηνεύεται
794 3388 806 3402 ’
844 3371 872 3424 ὁ
903 3366 960 3424 δὲ
986 3367 1310 3444 (τράχηλος)
1333 3371 1394 3424 τὸ
1428 3369 1651 3444 λογικόν
1679 3369 1842 3428 ἐστιν.

194 3458 265 3518 ὡς
315 3456 764 3532 προδεδήλωται.
821 3459 898 3515 Τὸ
927 3455 1008 3530 ,δὲ
1041 3501 1054 3525 ,
1100 3456 1534 3530 ᾠκοδομημένος
1597 3461 1674 3521 εἷς
1707 3457 1846 3514 Θαλ-

198 3549 384 3624 ιρειὼθ,
443 3549 473 3602 ὁ
545 3549 641 3619 μέν
699 3545 935 3608 ’Λκύλας
993 3549 1298 3620 ἡρμήνευεν
1328 3546 1508 3602 ἐπάνω
1547 3547 1843 3621 ἐπάλξεων,

191 3637 218 3689 ὁ
251 3633 309 3690 δὲ
341 3636 681 3711 Σύμμαχος,
727 3635 803 3698 ε’ς
861 3636 1016 3710 ὕψος.
1051 3638 1209 3693 Ὅθεν
1270 3638 1359 3691 καὶ
1418 3634 1700 3708 δεδήλωκε
1757 3635 1846 3692 διὰ

198 3728 305 3778 τῶν
362 3724 698 3799 εἰρημένων,
762 3725 843 3779 ὅτι
901 3725 965 3779 τὸ
1014 3723 1240 3800 λογικὸν
1291 3731 1389 3794 τῆς
1429 3724 1647 3804 νύμφης
1680 3727 1848 3801 ὑπερ-

203 3815 462 3884 ανέστηκε
497 3813 593 3886 μὲν
628 3814 765 3868 κατά
807 3816 1001 3890 πρᾶξιν
1060 3819 1168 3869 τῶν
1224 3810 1556 3869 ἐπιϐουλιῶν
1577 3819 1673 3870 τοῦ
1704 3815 1848 3870 ἀντι-

197 3905 450 3975 κειμένου
485 3921 500 3934 ⁸
561 3900 706 3976 ἤρθη
766 3900 824 3957 δέ
894 3902 1030 3958 κατὰ
1085 3903 1310 3978 θεωρίαν
1372 3903 1445 3965 εἷς
1510 3901 1645 3978 ὕψος
1705 3904 1848 3975 άλη-

203 3995 325 4052 θοῦς
352 3990 607 4068 γνώμης.
637 3993 729 4046 Διὸ
759 3991 849 4046 καὶ
882 4013 1043 4070 φησιν
1081 4011 1094 4025 ·
1128 3990 1310 4047 Χίλιδι
1345 3994 1522 4068 θυρεοὶ
1554 3992 1847 4067 κρέμανται

200 4077 280 4134 ἔπ’
332 4080 494 4135 αὐτὸν
539 4097 554 4110 ⁸
614 4079 803 4155 ἤγουν,
865 4081 918 4135 αἶ
994 4078 1516 4150 δεκαπλασιάζουσαι
1575 4081 1666 4143 τὰς
1724 4079 1851 4137 δέκα

200 4170 344 4232 θείας
369 4168 594 4231 ἐντολὰς
649 4169 863 4224 τούοωο
926 4169 1187 4245 ἐνέργειαι
1225 4171 1352 4224 ’καὶ
1418 4167 1854 4240 δεκαπλασιαζό-

200 4278 354 4330 μεναι
405 4257 571 4313 πάλιν
605 4259 742 4314 κατὰ
787 4258 878 4313 τὸν
932 4259 1159 4333 φυσικὸν
1203 4259 1399 4332 νόμον,
1431 4259 1505 4321 ὡς
1547 4256 1850 4332 δεκαδικὸν,

197 4347 286 4400 καὶ
346 4348 489 4404 οὕτω
537 4345 852 4422 πληροῦσαι
900 4346 993 4402 τὸν
1031 4346 1312 4422 χιλιοστὸν
1346 4349 1597 4422 ἀριθμὸν,
1656 4348 1742 4403 οἶά
1768 4370 1852 4404 τι-

199 4455 283 4499 νες
304 4436 485 4508 θυρεοὶ
514 4435 652 4510 πρὸς
690 4436 754 4490 τὸ
801 4435 1087 4514 φυλάττειν
1119 4457 1176 4490 σε
1235 4437 1339 4491 ἀπὸ
1386 4441 1496 4491 τῶν
1524 4442 1620 4491 τοῦ
1653 4437 1854 4514 ἐχθροῦ

1951 3279 2210 3335 tuJinem
2268 3279 2552 3348 spiritalis
2615 3282 3148 3352 contemplationis.
3209 3283 3386 3338 David
3443 3284 3601 3340 enim

1951 3369 2248 3439 signiticet.
2279 3385 2454 3423 manu
2488 3374 2766 3424 strenuus
2797 3374 2854 3425 et
2885 3386 3018 3424 acer
3049 3371 3199 3426 visu.
3234 3371 3461 3426 Collum
3495 3389 3603 3427 au-

1955 3453 2070 3514 tem
2103 3464 2192 3514 est
2220 3457 2388 3526 ratio,
2415 3461 2476 3512 ut
2505 3458 2728 3513 dictum
2762 3463 2870 3513 est.
2905 3458 3051 3513 Nam
3086 3457 3226 3514 illud
3262 3477 3276 3515 :
3311 3459 3437 3526 Quae
3466 3461 3599 3518 edi-

1953 3547 2116 3616 ﬁcata
2147 3556 2221 3602 est
2252 3553 2311 3601 in
2344 3548 2690 3616 Thalphioth,
2713 3548 2919 3619 Aquila
2946 3549 3183 3619 quidem
3214 3553 3403 3618 vertit,
3429 3551 3605 3622 Super

1949 3637 2413 3708 propugnacula;
2441 3637 2832 3708 Symmachus
2880 3642 3100 3703 autem,
3134 3639 3197 3693 In
3225 3638 3603 3697 altitudinem.

1955 3725 2118 3780 Unde
2148 3741 2216 3781 ex
2255 3725 2326 3780 iis
2359 3742 2489 3796 quae
2538 3725 2694 3780 dicta
2743 3729 2902 3792 sunt,
2936 3731 3097 3797 patet
3146 3743 3374 3798 sponsa
3427 3729 3604 3785 ratio-

1957 3830 2090 3869 nem
2151 3815 2376 3868 actione
2435 3812 2673 3884 quidem
2733 3813 2925 3870 hostis
2982 3814 3229 3870 consilia
3284 3832 3610 3887 superare;

1956 3901 2449 3973 contemplatione
2481 3919 2612 3958 vero
2662 3902 2786 3958 tolli
2834 3904 2904 3958 ad
2937 3919 3080 3957 verae
3127 3903 3479 3976 cognitionis
3509 3923 3609 3962 su-

1961 3991 2330 4046 blimitatem.
2365 3992 2512 4046 Mitte
2536 3992 2718 4062 clypei
2752 3993 2988 4062 pendent
3025 4007 3191 4063 super
3217 4009 3358 4049 eam.
3392 3993 3610 4051 Horum

1957 4079 2224 4135 videlicet
2256 4080 2512 4136 actiones
2544 4081 2736 4136 decies
2766 4081 2963 4135 divina
3002 4089 3289 4153 praecepta
3324 4083 3609 4155 multipli-

1961 4179 2194 4236 cantes;
2227 4186 2350 4240 qua)
2407 4187 2613 4225 rursus
2672 4185 2773 4239 per
2818 4169 3008 4241 legem
3058 4171 3386 4228 naturalem
3418 4172 3610 4229 decies

1963 4257 2362 4329 multiplicatae
2422 4275 2731 4314 numerum
2780 4257 3016 4330 explent
3063 4259 3499 4327 millenarium;
3555 4266 3614 4318 et

1961 4352 2237 4418 tanquam
2271 4349 2455 4418 clypei
2491 4348 2709 4418 quibus
2750 4348 2821 4401 ab
2866 4347 3054 4403 hostis
3086 4349 3319 4419 sagittis
3347 4350 3612 4406 invulne-

1963 4436 2168 4491 rabilis
2217 4435 2598 4503 conserveris,
2631 4437 2704 4491 ab
2734 4452 2802 4490 ea
2853 4441 3017 4506 parte
3047 4453 3174 4507 qua
3207 4437 3265 4491 in
3297 4444 3352 4492 te
3381 4444 3472 4494 est
3518 4455 3614 4494 ra-

202 4525 382 4598 βιλῶν
429 4523 708 4598 ἅτρωπον,
752 4524 1133 4600 όπῃώρηνται,
1181 4525 1256 4588 ὡς
1287 4524 1578 4601 τραχήλου
1608 4530 1704 4581 τοῦ

2009 4539 2116 4578 one
2175 4524 2417 4594 praedita
2475 4530 2759 4596 tanquam
2808 4541 2839 4579 e
2885 4524 3034 4580 collo
3091 4525 3468 4597 dependent:
3513 4544 3617 4599 per

200 4609 448 4689 λογικού.
502 4620 589 4668 Ἐν
642 4612 824 4685 τούτῳ
883 4615 982 4688 γάρ
1018 4616 1052 4683 ἡ
1083 4614 1268 4692 νύμφη
1323 4621 1475 4685 ζητεῖ
1537 4615 1600 4670 τὸ
1652 4616 1846 4690 ἀγαθὸν

196 4707 291 4756 τοῦ
352 4707 491 4757 Θεοῦ
539 4701 781 4774 θέλημα,
827 4702 915 4756 καὶ
971 4703 1144 4766 πείθει
1204 4703 1265 4756 τὸ
1312 4703 1407 4775 μὶν
1458 4702 1848 4776 ἐπιθυμητικὸν

197 4797 389 4854 ποθεῖν
418 4796 610 4857 τοῦτο,
641 4792 705 4846 τὸ
738 4788 796 4846 δὲ
826 4792 1053 4863 θυμικὸν
1105 4790 1602 4866 ἅπεραγωνίζεσθαι
1634 4791 1802 4846 αὐτοῦ
1834 4810 1847 4825 ⁸

195 4879 286 4932 καὶ
352 4876 441 4932 διὰ
495 4882 596 4934 τοῦ
642 4877 808 4932 αὐτοῦ
877 4875 1104 4952 λογικοῦ
1151 4897 1420 4952 κέχρηται
1469 4883 1590 4940 ταῖς
1643 4878 1737 4950 μὲν
1769 4877 1852 4932 αἷ-

198 4969 421 5036 σθήσισι
445 4968 584 5040 πρὸς
613 4967 713 5034 τὴν
744 4970 841 5020 τοῦ
874 4966 1074 5038 ἀγαθοῦ
1105 4962 1396 5040 διάκρισιν,
1420 4965 1509 5019 καὶ
1538 4969 1618 5037 τῷ
1649 4987 1802 5043 φωνη
1837 4983 1851 4999 ⁸

192 5057 336 5126 τικῴ
384 5057 519 5126 πρὸς
562 5057 664 5123 τὴν
730 5055 926 5110 τούτου
975 5049 1218 5132 ἔκφασιν,
1266 5054 1358 5108 καὶ
1407 5057 1476 5128 τῇ
1531 5054 1854 5129 γονιμότητι

195 5145 340 5218 πρὸς
369 5142 592 5216 αὔξησιν
628 5143 794 5198 αὐτοῦ
826 5162 840 5176 ο
873 5143 961 5197 καὶ
989 5141 1079 5198 διά
1116 5143 1321 5197 τούτων
1353 5147 1462 5197 τῶν
1518 5139 1643 5197 δέκα
1697 5139 1858 5195 δυνά-

195 5254 376 5307 μεων,
409 5238 508 5288 τοῦ
540 5254 601 5288 τε
659 5231 888 5307 λογικοῦ
934 5254 1100 5310 φημι,
1152 5232 1241 5286 καὶ
1281 5236 1378 5287 τοῦ
1436 5231 1857 5305 ἐπιθυμητικοῦ,

189 5324 282 5378 καὶ
348 5328 450 5377 τοῦ
507 5324 762 5394 θυμικοῦ,
842 5322 931 5376 καὶ
999 5326 1106 5376 τῶν
1172 5321 1326 5375 πέντε
1383 5321 1703 5392 αἰσθήσεων,
1765 5319 1858 5375 καὶ

187 5414 293 5480 της
319 5412 643 5489 φωνητικής
677 5409 965 5486 ἐνεργείας,
1013 5412 1100 5465 καὶ
1145 5411 1243 5479 τὴς
1274 5410 1503 5487 φυσικῆς
1561 5410 1856 5486 γονιμότη’

186 5524 286 5564 τος
318 5503 352 5557 ὁ
412 5501 637 5580 ςιυσικὸς
702 5499 872 5573 νόμος
918 5499 1246 5568 συνίσταται,
1306 5499 1395 5554 καὶ
1455 5499 1557 5553 ὑπὸ
1594 5503 1702 5554 τῶν
1732 5495 1864 5553 δέκα

189 5592 360 5649 θείων
399 5589 636 5646 ἐντολῶν
686 5590 824 5665 πρὸς
881 5587 1146 5666 ἐνέργειαν
1183 5592 1280 5645 τοῦ
1328 5589 1530 5664 ἀγαθοῦ
1557 5588 1860 5664 βοηθεῖται,

265 5703 320 5737 ⁴²
352 5699 518 5756 Pent.
549 5715 754 5770 cxvm,
780 5699 853 5755 72
924 5699 970 5736 ⁴³
998 5697 1153 5757 Psal.
1189 5715 1361 5768 van,
1396 5698 1484 5756 18.

1959 4612 2112 4668 hanc
2142 4613 2297 4666 enim
2331 4614 2530 4668 anima
2568 4613 2777 4684 quaerit
2824 4615 3033 4668 bonam
3074 4613 3170 4669 Dei
3200 4615 3562 4672 voluntatem
3597 4633 3613 4673 :

1964 4719 2030 4758 ac
2070 4701 2220 4774 parti
2252 4703 2485 4773 quidem
2533 4701 2970 4773 concupiscenti
3022 4703 3358 4774 persuadet,
3391 4709 3457 4760 ut
3486 4721 3616 4762 eam

1964 4791 2284 4859 desideret;
2319 4791 2591 4847 irascenti
2638 4807 2792 4860 vero,
2828 4796 2892 4846 ut
2925 4808 3027 4863 pro
3063 4791 3164 4846 illa
3211 4791 3527 4865 depugnet,
3561 4798 3619 4849 et

1961 4898 2030 4936 ex
2059 4896 2126 4935 ea
2155 4879 2399 4934 rationis
2431 4879 2771 4951 praescripto
2805 4880 2876 4934 ad
2913 4879 3134 4935 bonum
3166 4879 3618 4950 dijudicandum

1962 4973 2207 5024 utatur:
2253 4967 2530 5038 loquendi
2577 4974 2774 5022 autem
2824 4967 3163 5023 facultatem
3215 4968 3512 5037 adhibeat,
3546 4970 3620 5024 ad

1965 5058 2157 5128 ipsum
2192 5055 2709 5127 promulgandum,
2741 5055 3022 5127 gignendi
3053 5073 3188 5111 vero
3208 5055 3326 5111 vim
3358 5059 3431 5113 ad
3461 5057 3619 5113 idem

1967 5146 2398 5215 adaugendum.
2452 5145 2530 5198 Ex
2571 5145 2774 5199 decem
2827 5145 2920 5199 his
2973 5145 3374 5213 facultatibus,
3413 5163 3627 5217 nempe

1967 5233 2326 5300 rationabili,
2361 5233 2827 5303 concupiscihili,
2864 5233 3174 5302 irascibili,
3199 5234 3461 5305 quinque
3491 5252 3628 5292 sen-

1970 5323 2156 5388 sibus,
2211 5321 2654 5394 pronuntiandi,
2704 5322 3107 5392 gignendique
3156 5323 3210 5376 vi
3261 5327 3493 5377 constat
3538 5322 3629 5379 lex

1973 5410 2280 5477 naturalis,
2314 5427 2442 5483 quas
2481 5411 2553 5466 ad
2602 5410 2820 5466 bonum
2870 5410 3272 5482 peragendum
3305 5411 3506 5466 decem
3539 5411 3625 5466 di-

1972 5501 2123 5556 vinis
2183 5499 2487 5572 praeceptis
2535 5498 2594 5553 id
2644 5498 2726 5552 illi
2778 5500 3233 5571 suggerentibus
3289 5500 3626 5569 adiuvatur.

1972 5593 2161 5663 Atque
2228 5589 2348 5645 haec
2415 5587 2654 5660 quidem
2704 5587 2906 5645 decem
2968 5591 3260 5662 praecepta
3311 5603 3436 5662 quas
3502 5586 3629 5659 lege
