3944 6210
369 270 485 329 615

1749 250 2168 314 MICHAELIS
2212 251 2484 311 PSELLI

3648 256 3745 317 6l6

367 400 588 472 scripta
653 396 1256 469 comprehenduntur,
1315 392 1457 444 dum
1523 406 1591 443 ea
1658 387 1787 457 ipsa
1850 382 1982 439 facti

2133 380 2207 441 ὡς
2236 384 2396 434 τοῦτο
2444 381 2846 453 ὑποτιθεμένων
2898 381 3064 453 αὐτῷ.
3128 382 3227 435 Καὶ
3272 381 3469 445 ταύτας
3528 383 3615 454 μὶν
3666 386 3744 446 τὰς

364 488 741 560 exsequitur,
805 486 999 541 decies
1082 480 1484 552 multiplicans
1549 476 1640 531 lex
1705 472 2015 539 naturalis,

368 594 683 635 numerum
740 574 1142 631 centenarium
1193 568 1441 626 absolvit
1489 566 1858 633 actionesque
1911 562 2016 617 ite-

370 682 502 722 rum
550 682 653 737 per
682 664 976 733 subjectae
1024 660 1169 732 ipsis
1218 658 1418 712 decem
1469 653 1775 708 facultates
1825 650 2016 705 decies

372 754 837 825 multiplicando,
872 748 1269 805 millenarium
1322 743 1546 815 implet.
1582 743 1649 797 Et
1680 740 1787 796 hoc
1818 739 2013 805 modo,

373 850 439 900 ut
485 844 709 899 dictum
759 847 869 905 est,
930 838 1090 894 mille
1157 835 1475 908 pendentes
1537 830 1721 903 clypei
1789 828 2014 900 signifi-

368 938 503 989 cant
556 934 743 1005 legem
800 936 927 986 tum
978 928 1258 997 scriptam
1319 929 1443 978 tum
1502 919 1851 987 naturalem,
1885 934 2012 988 quae

369 1022 479 1078 sibi
522 1028 727 1076 mutuo
778 1023 916 1074 sunt
964 1018 1328 1079 ornamento,
1363 1012 1505 1066 dum
1553 1026 1621 1064 ex
1668 1025 1735 1063 ea
1783 1022 2011 1078 sponsa:

369 1117 531 1183 parte
560 1126 687 1181 quae
720 1106 961 1162 rationis
993 1109 1082 1160 est
1124 1118 1383 1173 compos,
1416 1105 1698 1170 tanquam
1750 1113 1818 1152 ex
1864 1094 2012 1151 collo

366 1200 554 1272 ipsius
602 1197 953 1268 dependent.
1008 1208 1257 1263 eamque
1307 1190 1377 1245 ab
1426 1187 1702 1243 omnibus
1750 1183 2011 1240 hostium

362 1288 594 1344 insidiis
660 1288 994 1358 protegunt.
1056 1282 1254 1353 Neque
1323 1294 1454 1333 vero
1525 1275 1708 1348 clypei
1776 1277 2008 1328 tantum

361 1377 619 1449 pendent
658 1391 837 1447 super
883 1389 1032 1437 eam,
1063 1386 1261 1425 verum
1313 1368 1491 1422 etiam
1523 1364 1721 1420 omnia
1768 1362 2007 1416 fortium

351 1466 581 1538 jacula;
614 1481 740 1536 quze
791 1462 1028 1533 quidem
1080 1463 1218 1513 sunt
1248 1454 1571 1527 disciplinae
1620 1471 1654 1508 a
1701 1451 1923 1507 sanctis
1952 1452 2009 1505 et

359 1554 696 1610 coelestibus
717 1550 1031 1607 virtutibus
1063 1563 1289 1619 sponsae
1322 1561 1424 1617 per
1452 1540 2005 1613 contemplationem

358 1643 843 1705 subministratis,
869 1656 995 1711 quae
1027 1642 1228 1692 contra
1278 1633 1521 1705 spiritus
1571 1628 1841 1700 nequitiae
1871 1635 2003 1682 tan-

2127 474 2205 541 τῷ
2230 474 2456 545 γραπτῷ
2512 470 2669 543 νόμῳ
2722 468 3192 546 περιειλημμένας
3252 468 3377 525 δέκα
3437 469 3645 533 ἐντολάς
3670 470 3739 527 δε-

2128 560 2510 627 καπλασιάζων
2575 560 2602 613 ὁ
2688 560 2913 637 φυσικὸς
2988 559 3182 632 νόμος,
3238 561 3373 615 κατᾶ
3428 560 3523 621 τὰς
3568 560 3744 617 τούτων

2128 646 2393 723 ἐνεργείας
2458 653 2605 703 ποιεῖ
2676 650 2775 717 τήν
2835 646 3184 707 ἐκατοντάδα.
3256 650 3366 711 Τὰς
3420 646 3467 702 δ’
3513 648 3743 725 ἐνεργείας

2126 734 2291 791 πάλιν
2346 734 2811 809 δεκαπλασιάζων,
2877 740 3012 793 κατὰ
3088 738 3181 800 τὰς
3227 738 3537 817 ὑφεστώσας
3596 738 3745 794 αὐτῶν

2126 823 2252 880 δέκα
2312 823 2565 899 δυνάμεις
2612 829 2711 896 τὴν
2771 824 2999 902 χιλιάδα
3059 826 3291 903 πληροῖ.
3337 826 3439 885 Καὶ
3493 827 3653 889 οὕτως
3680 830 3741 895 οἱ,

2124 917 2196 977 ὡς
2233 914 2464 986 ε’ίρηται,
2514 916 2849 991 κρεμάμενοι
2899 914 3078 992 χίλιοι
3118 917 3299 992 θυρεοὶ
3334 914 3565 985 δῆλοῦσι
3592 917 3670 971 τόν
3697 939 3742 971 τε

2121 1005 2359 1081 γραπτὸν
2409 1005 2498 1059 καὶ
2546 1006 2638 1059 τὸν
2689 1006 2909 1083 φυσικὸν
2961 1007 3153 1078 νόμον,
3206 1004 3481 1074 ἀλλήλοις
3533 1005 3741 1079 συμπρέ-

2120 1116 2343 1160 ποντας,
2395 1094 2445 1148 ἐν
2479 1099 2557 1166 τῷ
2612 1094 3002 1169 ἀπαιωρεῖσθαι
3059 1099 3155 1149 τοῦ
3204 1092 3434 1168 λογικοῦ
3490 1100 3588 1162 τῆς
3627 1094 3740 1166 νῦμο

2121 1204 2227 1258 φης
2281 1184 2369 1237 οἷα
2395 1181 2683 1258 τραχήλου
2741 1183 2929 1252 αὐτῆς,
2984 1184 3073 1238 καὶ
3120 1185 3218 1251 τήν
3270 1182 3469 1252 ταύτης
3499 1185 3739 1237 ποιεῖσθαι

2120 1271 2366 1347 φυλακὴν
2394 1271 2499 1325 ἀπὸ
2527 1273 2740 1325 πάντων
2790 1277 2897 1326 τῶν
2954 1266 3418 1327 ἐπιϐουλευόντων
3478 1271 3633 1345 αὐτῇ,
3678 1272 3740 1329 Οὐ

2122 1366 2285 1433 μόνον
2334 1358 2391 1414 δὶ
2450 1360 2630 1433 θυρεοὶ
2676 1360 2972 1435 κρέμανται
3024 1359 3108 1415 ἐπ’
3156 1360 3347 1429 αὐτὴν,
3402 1362 3589 1438 φησὶν,
3620 1359 3740 1415 ἀλλᾶ

2116 1451 2203 1504 καὶ
2253 1456 2417 1504 πᾶσαι
2472 1447 2688 1525 βολίδες
2731 1454 2837 1503 τῶν
2882 1448 3143 1519 δυνατῶν,
3175 1448 3333 1524 αἶ’περ
3368 1450 3506 1525 εἰφιν
3537 1448 3588 1503 αἶ
3618 1452 3740 1523 παρά

2114 1542 2218 1591 τῶν
2263 1538 2429 1613 ἁγίων
2476 1537 2565 1592 καί
2610 1538 2869 1613 οὐρανίων
2919 1536 3196 1610 δυνάμεων
3257 1542 3326 1612 τῇ
3383 1538 3576 1613 νύμφῃ
3627 1538 3739 1593 κατᾶ

2116 1627 2342 1699 θεωρίαν
2406 1628 2788 1699 ὑποτιθέμεναι
2870 1624 3237 1696 διδασκαλίαι,
3297 1628 3386 1681 καὶ
3463 1628 3603 1681 κατὰ
3648 1632 3737 1682 τῶν

357 1750 533 1805 quam
556 1731 755 1802 jacula
786 1727 1180 1799 conjiciuntur
1210 1724 1280 1778 ad
1312 1738 1513 1777 eorum
1566 1718 1868 1774 machinas
1902 1715 1982 1770 ad.

2126 1718 2434 1789 πνευμάτων
2462 1724 2562 1785 τῆς
2601 1716 2887 1791 πονηρίας,
2931 1712 3109 1790 ὥσπερ
3176 1713 3393 1791 βολίδες
3424 1714 3737 1791 βαλλόμεναι

354 1839 559 1878 versus
612 1836 887 1891 sponsam
938 1818 1258 1871 instructas
1310 1811 1670 1867 evertendas.
1704 1808 1812 1862 Sed
1866 1805 2006 1876 quia

357 1912 601 1968 rationis
634 1907 1056 1981 questionibus
1091 1922 1124 1959 a
1154 1901 1373 1958 sanctis
1403 1898 1627 1971 angelis
1660 1898 1863 1953 edocta
1893 1901 2000 1963 est,

358 2019 473 2073 quo
506 2000 676 2055 modo
708 2000 764 2052 in
797 1996 1145 2052 insidiantes
1177 1992 1288 2047 sibi
1322 1991 1526 2045 debeat
1549 1987 1801 2059 jaculari
1828 2005 1842 2054 ;
1874 1986 2003 2041 ideo

358 2092 443 2146 hee
474 2087 818 2160 disciplinae,
850 2092 1131 2157 tanquam
1163 2099 1232 2138 ex
1263 2081 1431 2150 collo,
1463 2096 1531 2134 ex
1561 2077 1783 2132 ratione
1817 2076 2003 2147 ipsius

354 2183 635 2237 dicuntur
661 2178 1008 2251 dependere.
1478 2230 1496 2240 ο

426 2274 539 2327 Duo
568 2270 737 2325 ubera
781 2273 898 2337 tua,
928 2269 1070 2321 sicut
1100 2264 1208 2319 duo
1238 2262 1463 2317 hinnuli
1506 2259 1730 2331 gemelli
1771 2273 1999 2330 caprea,

354 2363 452 2433 qui
478 2363 781 2432 pascuntur
818 2359 877 2413 in
927 2357 1066 2411 liliis
1093 2372 1111 2409 :
1141 2354 1310 2409 donec
1335 2352 1542 2422 aspirel
1590 2349 1727 2418 dies,
1757 2351 1806 2404 et
1839 2348 2000 2404 incli-

352 2459 556 2507 nentur
584 2450 819 2505 umbra}.

1083 2552 1281 2607 Pulli.

424 2666 495 2720 Et
542 2665 650 2720 hoc
699 2661 1109 2718 convenienter
1156 2659 1227 2713 ad
1280 2654 1542 2712 mulieris
1586 2654 1855 2708 decorem
1904 2667 2000 2706 ex-

353 2755 676 2811 strinsecus
737 2751 959 2806 dictum
1019 2752 1153 2803 est:
1202 2745 1562 2800 intrinsecus
1612 2740 1999 2796 venerabilem

353 2843 611 2899 continet
660 2838 1083 2911 expositionem
1133 2840 1190 2891 et
1238 2834 1508 2906 gratiam.
1551 2830 1796 2886 Gemina
1845 2827 2000 2883 enim

352 2932 550 2987 divina
580 2930 812 2985 Eclesiaa
848 2928 1026 2982 ubera
1057 2923 1317 2994 intellige
1340 2922 1681 2993 sanguinem
1705 2923 1764 2973 et
1793 2932 2002 2987 aquam

352 3021 513 3076 illam
542 3024 809 3075 sanctam
834 3016 1007 3071 Verbi
1031 3020 1087 3070 et
1108 3012 1421 3068 Salvatoris
1445 3026 1514 3065 ex
1544 3008 1758 3080 quibus
1790 3006 2000 3061 anima

350 3110 612 3166 ﬁdelium
644 3107 894 3163 salutem
927 3106 1230 3160 hauriunt.

416 3200 596 3255 Donec
624 3201 836 3267 aspirel
881 3195 1013 3265 dies,
1067 3202 1116 3249 el
1164 3198 1488 3247 moveantur
1530 3188 1762 3252 umbrae,
1794 3186 1999 3241 vadam

345 3288 487 3344 mihi
516 3290 625 3361 ipsi
648 3287 717 3343 ad
747 3290 987 3343 montem
1014 3283 1258 3356 myrrhw
1286 3290 1339 3337 et
1368 3280 1437 3336 ad
1466 3280 1660 3335 collem
1690 3278 1890 3333 thuris.

420 3471 483 3525 In
528 3468 621 3523 his
670 3467 864 3523 innuit
920 3464 1212 3520 cruciatus
1256 3466 1314 3517 et
1362 3463 1609 3516 mortem
1660 3454 1998 3513 Salvatoris.

349 3560 465 3614 Hos
510 3558 665 3614 enim
716 3561 774 3611 tu
836 3572 938 3627 per
986 3552 1234 3626 myrrhae
1294 3555 1552 3606 montem
1610 3546 1889 3616 intellige.
1933 3547 2003 3599 At

350 3665 452 3720 per
506 3646 713 3701 collem
771 3644 963 3699 thuris
1020 3642 1279 3712 intellige
1327 3638 1571 3708 gloriam
1631 3634 1842 3706 ipsius,
1888 3648 2005 3705 qua

346 3742 517 3792 Pater
563 3736 817 3805 desuper
875 3748 1005 3786 eum
1062 3736 1117 3785 et
1169 3730 1361 3785 solum
1423 3724 1757 3781 illustravit.
1791 3724 2002 3778 Totum

346 3826 457 3881 hoc
524 3824 725 3896 igitur,
795 3822 951 3893 quod
1022 3820 1283 3890 loquitur
1346 3815 1581 3885 virgini,
1649 3813 1943 3883 significat

345 3918 465 3987 Age
496 3919 559 3969 tu
591 3928 824 3968 mecum
858 3911 957 3982 qui
990 3908 1147 3965 cruci
1194 3908 1403 3963 afﬁxus
1452 3920 1608 3970 sum,
1642 3901 2004 3974 cruciﬁgere,

348 4012 415 4063 ut
469 4021 679 4077 magna
735 4002 874 4056 item
923 4018 955 4055 a
996 4000 1161 4053 Patre
1212 3996 1395 4066 gloria
1443 4009 1675 4048 mecum
1725 3990 2001 4045 afﬁciare.

346 4096 563 4167 Sponte
604 4092 759 4149 enim
792 4090 921 4145 volo
970 4105 1076 4161 ego
1126 4104 1270 4143 sane
1320 4088 1567 4139 mortem
1614 4085 1904 4153 oppetere,
1938 4082 2003 4134 ut

344 4166 618 4241 ﬁdelibus
649 4183 804 4237 diem
848 4166 1056 4235 salutis
1105 4176 1385 4247 aspirem,
1419 4178 1477 4229 et
1528 4171 1769 4226 umbras
1803 4169 2000 4223 discu-

340 4274 485 4329 tiam
546 4269 889 4343 impietatis.
946 4267 1110 4336 Mihi,
1162 4266 1428 4336 inquam,
1480 4262 1589 4334 ipsi
1621 4260 1855 4324 vadam,
1890 4257 1997 4313 hoc

338 4368 450 4431 est,
482 4362 683 4418 volens
737 4376 802 4415 ac
850 4358 1061 4413 libens.
1096 4356 1305 4411 Verum
1355 4352 1494 4425 quia
1524 4350 1635 4406 scit
1668 4349 1856 4419 ipsam
1906 4362 1995 4401 se-

2114 1807 2249 1878 πρὸς
2300 1805 2566 1880 ἀναίρεσιν
2600 1811 2707 1859 τῶν
2760 1807 2877 1859 κατ’
2932 1806 3099 1871 αὐτῆς
3147 1806 3325 1860 αὐτῶν
3358 1806 3738 1880 μηχανῶν.Ὠς

2115 1893 2171 1948 δὲ
2225 1900 2341 1955 ταῖς
2395 1895 2530 1949 κατὰ
2572 1892 2732 1967 λόγον
2816 1896 3069 1965 ζητήσεσι
3142 1891 3544 1965 διδασκομένης
3600 1892 3739 1961 αὐτῆς

2113 1983 2257 2057 παρά
2284 1987 2390 2037 τῶν
2445 1982 2605 2056 άγίων
2666 1982 2912 2058 ἀγγέλων
2960 1983 3025 2036 τὰ
3064 1980 3252 2037 δέοντα
3288 1980 3592 2057 βάλλεσθαι
3625 1982 3737 2036 κατὰ

2110 2078 2216 2127 τῶν
2250 2067 2713 2127 ἐπιϐουλευόντων
2775 2073 2934 2143 αὐτῇ,
2987 2072 3075 2126 καὶ
3132 2074 3186 2127 αἱ
3218 2069 3569 2126 διδασκαλίαι
3606 2070 3735 2126 αὗται

2110 2166 2206 2215 τοῦ
2236 2161 2436 2230 ταύτης
2470 2160 2692 2236 λογικοῦ
2726 2162 3104 2236 ἀπῃώρηνται.

2184 2250 2287 2305 Δύο
2350 2252 2543 2324 μαστοί
2596 2272 2690 2304 σου
2741 2251 2814 2312 ὡς
2886 2250 2981 2305 δύο
3052 2245 3237 2325 νεϐροὶ
3286 2247 3535 2323 δίδυμοιι
3570 2247 3737 2324 δορκά-

2112 2337 2227 2407 δος,
2262 2340 2312 2394 οἱ
2343 2340 2636 2413 νεμόμενοι
2660 2338 2712 2394 ἐν
2743 2344 2861 2395 τοῖς
2887 2339 3115 2416 κρίνοις,
3146 2335 3249 2402 ἔως
3282 2340 3363 2394 οὗ.

2814 2551 3061 2610 Ψελλοῦ.

2184 2660 2280 2714 Καὶ
2310 2664 2470 2713 τοῦτο
2496 2664 2949 2735 γυναικοπρεπῶς
2982 2658 3173 2730 ἔξωθεν
3206 2658 3557 2735 λελεγμένον,

2111 2749 2346 2805 ’Έσωθεν
2380 2743 2495 2822 ἔχει
2529 2742 2762 2825 φοϐεράν
2798 2747 3055 2822 ἑκήγησιν
3086 2748 3177 2803 καὶ
3209 2749 3394 2822 χάριν.

2113 2837 2356 2899 Μαστους
2386 2837 2489 2911 γάρ
2519 2836 2750 2912 γίνωσκε
2782 2834 2995 2898 διττοὺς
3022 2845 3124 2907 κῆς
3158 2836 3303 2901 θείας
3332 2836 3677 2907 Ἐκκλησίας,

2114 2929 2184 2982 A'
2364 2926 2377 2943 ‘
2415 2923 2475 2979 ί’δ
2624 2925 2651 2979 ὸ
2972 2931 2997 2940 ⁸
3315 2926 3329 2944 ‘
3502 2933 3531 2945 “’

2168 2948 2264 3000 ιμα
2292 2947 2380 2980 και
2420 2950 2442 2978 J
2482 2946 2559 3000 ωρ
2589 2946 2617 2979 τ
2684 2926 2873 2980 σεπτὸν
2906 2945 3001 2979 του
3033 2926 3213 3001 Λόγου
3243 2946 3331 2980 και
3365 2933 3654 3002 Σωτηρος,

2113 3018 2190 3070 Δι’
2221 3016 2293 3069 ὧν
2324 3012 2637 3090 ἀρδεύονται
2670 3016 2840 3090 ψυχαὶ
2873 3019 3077 3069 πιστῶν
3110 3017 3208 3085 τὴν
3241 3015 3537 3089 σωτηρίαν.

2176 3198 2324 3257 "Eoo;
2373 3194 2434 3248 οὗ
2494 3191 2787 3269 διαπνεῦσῃ
2874 3196 2908 3264 ἡ
2969 3192 3151 3270 ἡμέρα
3206 3194 3294 3248 καὶ
3350 3199 3648 3265 κινηθῶσιν
3696 3193 3742 3245 αἱ

2110 3284 2277 3352 σκιαὶ,
2338 3282 2674 3359 πορεύσομαι
2727 3283 2945 3355 ἐμαυτῷ
2993 3284 3127 3359 πρὸς
3184 3284 3245 3338 τὸ
3290 3279 3417 3358 ὅρος
3454 3290 3557 3352 τῆς
3587 3280 3741 3357 σμύρ-

2110 3395 2228 3441 νης,
2284 3374 2371 3428 καὶ
2427 3373 2563 3446 πρὸς
2592 3373 2682 3427 τὸν
2720 3372 2909 3448 βουνόν
2927 3376 3023 3427 τοῦ
3054 3368 3303 3427 λιϐάνου.

2182 3464 2266 3516 Ἐν
2294 3462 2508 3523 τούτοις
2543 3462 2904 3517 ὑπαινίττεται
2933 3463 2996 3516 τὸ
3027 3462 3197 3525 πάθος
3237 3466 3333 3516 τοῦ
3368 3468 3649 3537 Σωτῆρος.

2114 3552 2371 3625 Σμύρνης
2404 3552 2507 3625 γάρ
2540 3549 2668 3624 ὅρος
2698 3550 2929 3626 γίνωσκε
2953 3551 3019 3606 τὰ
3042 3552 3185 3619 πάθη
3216 3556 3315 3605 τοῦ
3347 3558 3632 3623 Σωτῆρος.

2114 3641 2309 3694 Βουνὸν
2346 3636 2572 3694 λιϐάνου
2598 3637 2763 3694 πάλιν
2798 3637 2855 3694 δὲ
2886 3642 3056 3716 γνῶθι
3087 3641 3185 3708 τήν
3216 3639 3412 3694 τούτου
3435 3637 3613 3709 δόξαν,

2110 3731 2209 3786 Ἢν
2240 3726 2675 3799 άνωθενέδόξασε
2706 3730 2892 3804 Πατὴρ
2924 3728 3083 3784 αὐτὸν
3115 3728 3203 3783 καὶ
3240 3729 3426 3803 μόνον.

2113 3821 2291 3875 Τοῦτο
2312 3823 2443 3893 γοῦν
2474 3840 2707 3893 πεφυκεν
2735 3819 2764 3873 ὃ
2795 3817 2946 3893 λέγει
3064 3819 3314 3895 παρθένῳ
3349 3838 3362 3850 ο

2115 3911 2303 3982 Δεῦρο,
2341 3907 2433 3979 μοὶ
2466 3908 2874 3981 συσταυρώθητι
2895 3909 2957 3962 τὸ
2988 3909 3156 3969 πάθος
3180 3907 3507 3983 ἐπειγμὲνῳ,

2114 3998 2226 4050 Ἵνα
2259 3994 2517 4069 μεγάλως
2549 3997 2640 4050 σὺν
2674 3996 2794 4069 ἐμοὶ
2829 3998 3093 4072 πατρόθεν
3128 3994 3450 4071 δοξασθήσῃ.

2111 4082 2455 4155 Αὐτομολεῖν
2488 4086 2590 4159 γάρ
2624 4082 2791 4160 ἔγωγε
2816 4083 3088 4159 βούλομαι
3122 4086 3256 4159 πρὸς
3280 4086 3339 4140 τὸ
3372 4085 3568 4154 πάθος,

2109 4178 2295 4233 ’Ὀπως
2323 4172 2539 4246 αὐγάσω
2567 4178 2683 4235 τοῖς
2703 4177 2917 4234 πιστοῖς
2948 4171 3155 4248 ἡμέραν
3190 4173 3488 4249 σωτηρίας,

2110 4261 2205 4315 Καὶ
2237 4266 2528 4331 κινηθῶσιν
2564 4260 2613 4315 αἶ
2640 4260 2784 4315 σκιαὶ
2814 4268 2978 4315 πᾶσαι
3010 4269 3109 4330 τῆς
3143 4259 3343 4333 ἀθεΐας,

2109 4349 2261 4418 Ηλὴν
2294 4349 2514 4422 ἐμαυτῷ
2543 4351 2904 4424 πορεύσομαι,
2933 4351 3210 4405 τουτέστιν
3238 4350 3521 4413 ἑκουσίως,

338 4468 475 4508 cum
521 4468 647 4508 esse
691 4448 1052 4513 cruciﬁxam,
1086 4449 1143 4501 et
1188 4442 1466 4500 omnibus
1518 4437 1818 4511 praeceptis
1871 4436 1982 4490 suis

376 4541 388 4548 .
422 4545 430 4548 .
1455 4528 1674 4548 ,,__,_I_L
1722 4524 1815 4548 ιε-
1864 4540 1962 4548 ----

2126 4441 2409 4548 Γαῦτάδμὲν
2442 4442 2530 4494 οὗν
2565 4437 2872 4509 λελάληκεν
2894 4442 2920 4494 ὁ
2942 4437 3236 4502 κάλλιστος
3264 4440 3524 4516 νυμφίος.

2126 4533 2154 4548 η
2231 4526 2244 4543 ι
2313 4528 2328 4548 ε
2446 4526 2460 4546 ρ
2601 4526 2626 4548 ν
2781 4546 2791 4548 μ
2861 4547 2866 4548 ,
2895 4525 2908 4545 ν
2962 4531 2983 4542 .-
3275 4546 3285 4548 ,
3349 4528 3376 4548 η
3411 4532 3434 4543 -

337 4541 806 4611 obtemperasse,
858 4552 1066 4591 rursus
1112 4550 1241 4589 eam
1301 4528 1677 4587 commendat
1722 4524 1817 4579 his
1864 4540 1989 4580 ver-

339 4629 431 4685 bis
467 4646 480 4687 :

411 4808 535 4863 Tota
565 4806 796 4879 pulchra
843 4821 918 4872 es,
948 4804 1258 4876 propinqua
1307 4815 1447 4863 mea,
1498 4800 1609 4853 tota
1651 4792 1907 4867 pulchra,
1938 4802 1992 4850 et
2037 4804 2041 4809 ‘

336 4898 559 4953 macula
588 4912 699 4952 non
729 4900 810 4951 est
840 4896 900 4949 in
925 4898 995 4948 te.

924 5018 1108 5073 Trium
1146 5016 1399 5071 Patrum.

406 5135 484 5185 Ac
514 5127 628 5184 tale
654 5126 893 5199 quidem
926 5130 1015 5181 est
1046 5122 1262 5179 collum
1293 5126 1485 5176 tuum.
1507 5120 1621 5174 Duo
1654 5133 1785 5173 vero
1816 5115 1986 5171 ubera

333 5225 429 5276 tua
455 5222 599 5275 sicut
629 5218 738 5272 duo
785 5216 1014 5271 liinuuli
1060 5228 1269 5283 capreae
1317 5210 1546 5283 gemelli
1575 5226 1593 5263 :
1627 5204 1867 5262 moralis
1898 5205 1985 5259 vi-

333 5308 540 5364 delicet
590 5311 647 5363 et
704 5304 992 5362 naturalis
1050 5299 1352 5369 doctrina,
1406 5315 1473 5354 ex
1528 5298 1744 5369 quibus
1802 5293 1982 5349 veluti

332 5397 615 5453 uberibus
647 5395 736 5452 lac
783 5390 1089 5449 infantulis
1121 5389 1315 5445 adhuc
1363 5403 1705 5460 suggerens,
1737 5402 1836 5441 eos
1869 5383 1980 5439 alis

330 5494 388 5542 et
437 5486 631 5542 nutris
679 5486 749 5540 ad
801 5480 1239 5554 perfectionem,
1271 5494 1340 5532 ex
1396 5484 1451 5533 te
1509 5474 1685 5533 simul
1736 5474 1974 5529 ﬂuunt:

332 5580 533 5647 utpote
590 5590 717 5646 qua:
776 5587 882 5627 nec
937 5585 1130 5625 mores
1188 5566 1314 5623 sine
1372 5567 1597 5623 ratione
1644 5565 1839 5633 doces,
1874 5578 1980 5618 nec

327 5665 614 5722 rationem
676 5662 802 5719 sine
853 5659 1135 5717 moribus.
1169 5658 1561 5726 Quamobrem
1612 5670 1831 5728 capreae
1882 5669 1977 5709 as-

2098 4526 2246 4583 Ἐπεὶ
2281 4524 2337 4581 δὲ
2364 4526 2567 4597 ταύτην
2600 4526 2826 4602 ἔγνωκεν
2851 4525 2997 4598 αὗτῷ
3029 4528 3560 4601 συνσταυρωθεῖσαν,

2097 4616 2196 4671 Καὶ
2228 4622 2399 4670 πᾶσαν
2434 4613 2863 4690 ἐκπληρώσασαν
2890 4616 2989 4684 τὴν
3024 4615 3252 4685 ἐντολήν
3286 4615 3519 4686 ἐκείνου,

2101 4704 2269 4760 Πάλιν
2304 4704 2561 4777 ἐπῄνεσεν
2592 4704 2779 4774 αὐτήν.
2814 4702 2959 4773 Φησὶ
2990 4703 3094 4779 γὰρ
3128 4704 3285 4766 οὗτος
3314 4702 3445 4760 τάδε
3480 4724 3494 4737 ·

2167 4792 2311 4864 ’Όλη
2374 4791 2519 4861 καλή
2589 4793 2653 4860 εἶ,
2712 4795 2745 4861 ἡ
2804 4791 3042 4863 πλησίον
3102 4814 3230 4866 μου,
3290 4791 3396 4864 ὅλη
3455 4791 3746 4863 καλὴ,καῖ

2101 4886 2299 4956 μῶμος
2332 4882 2433 4936 οὐκ
2462 4876 2605 4936 ἔστιν
2634 4879 2685 4936 ἐν
2720 4881 2824 4939 σοί.

2662 5011 2777 5062 Τῶν
2816 5009 2864 5083 γ’
2892 5008 3145 5083 Ῐῐατέρων
3158 5052 3171 5065 .

2165 5115 2267 5172 Καὶ
2307 5113 2451 5169 οὕτω
2505 5115 2600 5186 μὶν
2659 5113 2943 5190 τράχηλός
2991 5135 3108 5171 συυ.
3170 5115 3236 5172 Οἱ
3286 5112 3343 5170 δὲ
3395 5112 3495 5170 δύο
3562 5113 3750 5187 μαστοί

2093 5227 2210 5271 σου,
2255 5206 2328 5265 ὡς
2385 5201 2480 5258 δύο
2541 5198 2727 5276 νεϐροὶ
2779 5200 2996 5275 δίδυμοι
3049 5200 3333 5279 δορκάδος,
3392 5201 3665 5270 δηλονότι
3715 5205 3747 5271 ἡ

2090 5294 2256 5363 ἠθικὴ
2312 5292 2399 5346 καὶ
2449 5292 2650 5367 φυσικὴ
2710 5288 3031 5347 διδασκαλία
3077 5314 3195 5360 σου,
3257 5290 3326 5347 δι’
3374 5291 3448 5346 ὧν
3509 5296 3605 5347 οἷα
3653 5313 3748 5365 μι-

2090 5388 2224 5437 στῶν
2279 5379 2425 5455 γάλα
2472 5381 2716 5449 ποτίζεις
2759 5380 2887 5442 τοὺς
2948 5375 3025 5435 ἔτι
3075 5384 3210 5436 κατά
3256 5383 3354 5449 τήν
3404 5381 3598 5437 πίστιν
3657 5405 3750 5452 νη-

2088 5472 2245 5533 πίους
2304 5471 2439 5545 πρὸς
2494 5468 2813 5540 τελειότητα
2839 5470 3131 5547 τρέφουσα,
3166 5470 3278 5544 ἅμα
3327 5470 3387 5525 ὲκ
3416 5476 3518 5524 σοῦ
3551 5470 3749 5545 προία-

2090 5584 2193 5631 σιν,
2252 5561 2327 5621 ὡς
2364 5562 2501 5632 μήτε
2551 5560 2611 5613 τὸ
2660 5560 2793 5629 ἦθος
2825 5557 2901 5613 ἔτι
2936 5556 3291 5633 δεικνυμὲνης
3310 5558 3564 5634 ἀλόγως,
3609 5562 3749 5633 μήτε

2084 5651 2173 5708 τὸν
2208 5647 2368 5729 λόγον
2400 5644 2570 5720 ἤθους
2618 5649 3033 5726 προσφερούσης
3076 5648 3275 5728 χωρίς.
3315 5649 3471 5707 Ὀθεν
3516 5645 3745 5725 δορκάδι
