4042 6198
220 278 317 338 617

1249 273 1652 337 COMMENT.
1695 271 1771 332 IN
1815 271 2221 336 CANTICUM
2265 273 2570 338 CANTIC.

3489 277 3611 338 6l8

217 406 543 485 παριίκασας,
602 408 677 470 ὡς
734 406 872 462 κατὰ
918 406 1012 480 μὲν
1065 405 1292 484 θεωρίαν
1346 402 1658 481 ὀξυδερκής,
1709 401 1846 458 κατὰ

1972 404 2220 462 similata
2247 423 2309 463 es
2340 410 2466 463 tum
2501 410 2738 480 propter
2769 423 3012 463 acumen
3046 408 3104 462 in
3142 409 3608 482 contemplanda,

218 498 264 556 δὲ
309 501 498 574 πρᾶξιν
560 493 884 572 όξύδρομος.
946 491 1149 572 Νεϐροί
1211 493 1292 564 δὲ,
1346 495 1532 574 φησὶν,
1596 494 1647 548 οἱ
1677 493 1846 566 νεμό-

220 608 346 663 μενοι
432 587 487 641 ἐν
558 584 770 661 κρίνοις
836 583 942 648 ἕως
1015 583 1322 640 διαπνεύσει
1391 586 1425 653 ἡ
1495 583 1695 656 ἡμὲρα,
1755 581 1845 636 καὶ

215 678 484 747 κινηθῶσιν
547 676 601 729 αἱ
659 675 842 729 σκιαί·
902 671 1092 751 ἤγουν,
1142 674 1197 728 αἱ
1241 674 1568 752 τρεφόμεναι
1627 671 1679 726 ἐν
1731 675 1851 734 ταῖς

217 769 391 836 πάσης,
424 764 699 841 μερίμνης
735 765 999 840 βιωτικῆς
1033 761 1492 839 ἀπηλλαγμέναις
1530 765 1733 837 ψυχαῖς
1768 757 1848 814 δι-

218 853 508 921 δασκαλίαι,
538 855 768 924 ἠὴθικὴ
815 854 906 908 καὶ
949 857 984 924 ἡ
1035 854 1233 932 φυσικὴ
1292 855 1368 915 ὡς
1425 851 1561 906 κατᾶ
1621 847 1848 924 μετάδοο

218 966 282 999 σιι
345 941 689 998 insitos”:
761 943 836 1005 sic;
892 941 1132 1015 αὔξησιν,
1198 941 1392 1017 μὲγρις
1451 940 1510 995 ἃν
1561 940 1754 1014 ἐπιστῇ

217 1028 530 1107 ὀλολαμπῆς
574 1034 712 1088 κατᾶ
766 1035 828 1088 τὸ
888 1031 1093 1106 μέλλον
1127 1033 1327 1105 ἥμερα,
1378 1032 1466 1085 καὶ
1523 1030 1590 1085 τὰ
1639 1026 1845 1100 σκιώδη

214 1125 362 1178 πάντα
423 1122 793 1200 παρέλθωσιν.
845 1121 995 1178 Ἐπεὶ
1047 1120 1102 1176 δὲ
1165 1119 1339 1185 ἐλθὼν
1399 1120 1450 1175 ἐν
1499 1119 1655 1195 σαρκὶ
1707 1117 1848 1174 οὕτω

211 1215 362 1283 καλή)
411 1233 473 1268 σι
517 1214 545 1267 ὁ
597 1213 686 1274 σὸς
734 1209 972 1287 νυμφίος
1023 1209 1296 1280 ἀπέδειξα,
1345 1209 1539 1264 λοιπὸν
1585 1209 1848 1279 πορεύσο-

214 1300 546 1374 μαιέμαυτῷ
574 1301 709 1376 πρὸς
735 1302 864 1376 ὅρος
923 1306 1022 1369 τῆς
1079 1299 1348 1374 σμύρνης,
1412 1297 1500 1352 καὶ
1564 1297 1703 1374 πρὸς
1754 1296 1845 1350 τὸν

213 1391 383 1468 βουνὸν
445 1395 545 1445 τοῦ
575 1385 824 1445 λιϐάνου·
858 1390 1000 1458 ἢτοι,
1031 1387 1371 1462 πορεύσομαι
1421 1385 1679 1448 ἑκουσίως
1709 1386 1847 1461 πρὸς

210 1482 278 1550 τὸ,
331 1478 494 1550 δίκην
542 1479 701 1555 ὅρους
761 1479 1027 1553 σμύρνης,
1085 1476 1220 1551 ’ὑψος
1273 1481 1369 1531 τοῦ
1428 1477 1680 1545 θανάτου,
1713 1474 1846 1552 ὅπερ

211 1568 327 1624 ἐστιν
382 1571 414 1624 ὁ
467 1567 715 1642 σταυρός.
763 1568 825 1624 Ὁ
869 1568 972 1643 γάρ
1009 1565 1253 1628 ἑκούσιος
1287 1563 1374 1620 διὰ
1406 1569 1636 1637 σταυροῦ
1687 1565 1848 1628 θάνα-

210 1679 285 1720 τος
325 1656 552 1714 πολλοῦ
602 1655 926 1732 ὑπερανέστη
986 1659 1083 1710 τοῦ
1136 1654 1392 1710 ἀκουσίου
1444 1653 1536 1708 καὶ
1597 1657 1844 1732 φυσικοῦ,

211 1752 289 1802 τοῦ
313 1747 401 1802 καὶ
433 1751 554 1809 τοῖς
592 1744 814 1820 ἀλόγοις
841 1744 1002 1811 ζώοις
1049 1747 1256 1798 κοινοῦ·
1303 1743 1400 1797 Καὶ
1432 1741 1595 1798 πάλιν
1646 1741 1847 1817 πορεύ-
1881 1780 1926 1845 Β

213 1858 355 1910 σομαι
389 1836 468 1900 εἷς
515 1835 768 1908 ἐμαυτὸν.
817 1832 1194 1910 ἀπερχόμενος
1245 1833 1382 1908 πρὸς
1432 1835 1546 1904 τὸν,
1601 1833 1728 1910 παρ’
1787 1829 1849 1886 οὗ

214 1925 428 1998 ἰξῆλθον
474 1925 565 1981 καὶ
615 1923 691 1987 εἷς
737 1924 828 1978 τὸν
877 1922 1083 1995 κόσμον
1144 1920 1432 1995 ἐλήλυθα,
1493 1923 1723 1997 Πατέρα·
1786 1919 1849 1976 οὗ

214 2014 526 2094 ἐμφαντικὸς
560 2015 588 2070 ὁ
624 2015 815 2088 βουνὸς
857 2016 954 2067 τοῦ
987 2007 1238 2083 λιϐάνου,
1299 2012 1372 2074 ὡς
1426 2015 1496 2086 τῇ
1547 2010 1693 2082 αἰτίᾳ
1729 2011 1847 2085 μεί-

215 2109 346 2174 ζονος
400 2109 512 2160 τῶν
548 2103 854 2177 ὁμοουσίων
911 2101 1078 2173 αὐτῷ,
1119 2101 1256 2175 ἐμοῦ
1285 2121 1343 2156 τε
1372 2105 1470 2156 τοῦ
1501 2104 1848 2174 Μονογενοῦς

213 2195 286 2249 καὶ
348 2197 449 2248 τοῦ
533 2191 800 2268 παναγίου
879 2191 1217 2264 Ιινεύματος.
1294 2190 1395 2246 Καὶ
1454 2191 1558 2266 γάρ
1629 2188 1848 2264 ἐπείπερ

213 2284 508 2359 νεκρώσιως
565 2282 658 2355 μέν
718 2281 828 2336 ἐστι
887 2275 1167 2354 σύμϐολον
1228 2282 1262 2350 ἡ
1318 2280 1548 2356 σμύρνα,
1593 2280 1848 2350 θεότητος

217 2371 263 2427 3‘s
289 2374 313 2427 ό
342 2367 596 2439 λίϐανος,
653 2371 739 2440 τὸ,
800 2369 1147 2446 Πορεύσομαι
1181 2368 1422 2442 ἐμαυτῷ,
1454 2369 1598 2439 πηὸς
1632 2369 1725 2441 μὶν
1757 2369 1848 2422 τὸν

218 2459 292 2515 διὰ
319 2464 551 2536 σταυροῦ
595 2461 844 2530 θάνατον,
894 2456 1156 2530 δηλοῖτὸ
1215 2457 1481 2513 ἑκούσιον·
1515 2458 1650 2532 πρὸς
1703 2454 1759 2511 δὲ
1789 2454 1850 2511 τὸ

217 2557 301 2619 τῆς
352 2550 613 2620 θεότητος
671 2547 830 2623 ὕψος,
875 2549 939 2604 τὸ
995 2548 1069 2610 εἷς
1126 2548 1312 2603 ἑαυτὸν
1366 2548 1458 2602 τὸν
1503 2547 1632 2602 Θεὸν
1683 2545 1853 2621 Λόγον

218 2639 588 2717 ἐπανέρχεσθαι
634 2637 739 2693 ἀπὸ
779 2642 887 2692 τῶν
935 2638 1056 2701 καθ’
1109 2639 1259 2710 ἡμᾶς
1315 2641 1606 2707 ταπεινῶν,
1668 2634 1718 2690 ἐν
1772 2639 1852 2707 τῷ

219 2731 336 2806 πρὸς
381 2731 475 2785 τὸν
523 2730 733 2804 Πατέρα
778 2727 1118 2801 πορεύεσθαι.
1169 2725 1328 2784 Οὕτω
1359 2723 1437 2796 δὲ,
1469 2724 1626 2804 φησὶ,
1654 2723 1851 2800 πορεύ-

219 2839 389 2894 σομαι,
420 2820 504 2874 ὃτι
535 2819 599 2873 τὸ
649 2815 802 2893 ἔργον
846 2816 942 2870 τοῦ
993 2815 1200 2891 Πατρὸς
1251 2814 1337 2870 ἐπὶ
1387 2814 1473 2869 σοὶ
1502 2811 1848 2870 τετελείωκα.

219 2908 309 2965 Καὶ
337 2911 438 2986 γάρ
451 2926 465 2944 ·

277 3087 408 3159 Ὅλη
440 3087 586 3157 καλῆ
615 3087 681 3159 εἴ,
708 3088 744 3157 ἡ
774 3085 1012 3157 πλησίον
1050 3106 1174 3160 μου,
1207 3084 1298 3139 καὶ
1336 3087 1531 3158 μῶμος
1560 3082 1661 3138 οὐκ
1707 3075 1848 3136 ἔστιν

216 3153 408 3234 ἑνσοι.⁷
577 3153 586 3157 ἰ
667 3153 743 3159 ’⁷
880 3153 888 3157 ﬁ
1051 3153 1060 3160 '
1164 3153 1168 3154 γ
1337 3153 1346 3158 1
1433 3153 1441 3157 1
1884 3153 1926 3220 C

279 3263 494 3337 Δηλαδὴ
540 3269 620 3338 νῷ
662 3265 752 3320 καὶ
800 3266 954 3340 ψυχῇ
998 3262 1087 3318 καὶ
1137 3260 1294 3338 σαρκὶ
1347 3261 1610 3337 ὑπάρχεις
1657 3259 1849 3336 ὡραία·

217 3355 298 3410 καὶ
351 3355 506 3430 σαρκὶ
579 3354 671 3428 μὶν
723 3353 797 3415 ὡς
881 3357 990 3408 τῶν
1042 3352 1160 3406 κατ’
1216 3350 1482 3426 ἐνέργειαν
1529 3351 1854 3423 καθαρθεῖσαι

217 3445 474 3500 παντοίων
535 3445 746 3515 παθῶν,
801 3442 891 3497 καὶ
941 3447 1057 3503 τοῖς
1109 3440 1334 3515 τρόποις
1377 3440 1720 3513 κοσμηθεῖσα
1748 3442 1854 3492 τῶν

221 3535 432 3611 ἀρετῶν·
492 3536 649 3608 ψυχῇ
709 3529 786 3605 δὶ,
841 3531 916 3594 ὡς
971 3530 1150 3601 πάσης
1206 3528 1421 3605 φαύλης
1480 3525 1855 3603 ἀπαλλαγεῖσα

222 3623 517 3697 ἐπιθυμίας,
567 3623 655 3678 καὶ
679 3626 799 3685 τοῖς
835 3619 1024 3696 λόγοις
1057 3620 1382 3695 ὡραϊσθεῖσα
1427 3622 1534 3672 τῶν
1595 3615 1851 3672 ἐντολῶν·

222 3717 294 3784 νῷ
323 3711 398 3785 δὲ,
427 3714 502 3775 ὡς
531 3711 621 3766 καὶ
649 3715 759 3766 τῶν
790 3707 971 3784 ψιλῶν
1019 3707 1239 3762 ἐννοιῶν
1279 3704 1718 3782 ἐλευθερωθεῖσα,
1766 3704 1859 3760 καὶ

224 3799 638 3878 λαμπρυνομᾶνη
715 3797 767 3854 ἐν
842 3795 985 3873 ἁγίῳ
1054 3795 1324 3868 Πνεύματι
1379 3798 1449 3868 τῇ
1509 3795 1645 3849 κατὰ
1696 3794 1858 3870 χάριν

224 3891 445 3948 θειώσει.
478 3890 578 3945 Καὶ
609 3889 699 3944 διὰ
719 3891 886 3943 τοῦτο
931 3885 1098 3961 ψόγος
1127 3907 1210 3949 τις
1240 3883 1338 3939 οὐκ
1386 3882 1525 3938 ἐστιν
1573 3882 1626 3938 ἐν
1660 3885 1746 3939 σοὶ
1792 3886 1862 3958 τῇ

225 3975 370 4054 ἐγγύς
400 4000 501 4054 μου
529 3975 794 4055 γενομένῃ
825 3973 916 4031 διὰ
942 3973 1282 4044 τελειότητα.

929 4079 1177 4137 Ψελλοῢ.

298 4193 423 4250 Εἶτα
468 4191 603 4268 πρὸς
653 4191 876 4264 μείζονα
921 4187 1080 4244 καλεῖ
1124 4187 1324 4258 ταύτην
1394 4186 1627 4262 ἀρθῆναι
1687 4182 1866 4257 δόξαν.

234 4286 388 4355 Δεῦρο
414 4282 517 4336 ἀπὸ
545 4277 808 4349 Λιϐάνου,
833 4278 1042 4356 νύμφη.
1076 4281 1240 4353 Δεῦρο
1271 4276 1377 4331 ἀπὸ
1425 4270 1658 4331 Λιϐάνου
1712 4275 1869 4331 ἐλεύ-

235 4390 320 4443 σῃ.
353 4369 518 4438 Ἐπεὶ,
554 4369 744 4444 φησὶν,
773 4366 1046 4438 ἐλήλυθας
1080 4366 1155 4430 εἷς
1192 4366 1254 4420 τὸ
1299 4372 1399 4435 τῆς
1434 4364 1678 4438 σμύρνης
1720 4360 1871 4440 ὅρος,

233 4459 316 4512 καὶ
367 4453 652 4530 συνανέϐης
706 4478 800 4531 μοι
865 4457 1059 4531 βουνὸν
1116 4453 1275 4510 αὐτὸν
1330 4453 1420 4508 τὸν
1470 4458 1566 4508 τοῦ
1619 4447 1868 4508 λιϐάνου·

1960 501 2088 550 tum
2152 501 2387 568 propter
2443 513 2657 553 cursus
2715 497 3073 554 celeritatem
3132 497 3190 552 in
3256 500 3605 571 peragenda.

1958 587 2212 653 [lin-nuli,
2245 586 2460 658 inquit,
2493 588 2593 657 qui
2641 591 2948 658 pascuntur
2977 590 3124 644 inter
3153 589 3302 654 lilia,
3335 605 3612 661 quousque

1958 674 2073 730 die:
2102 677 2329 746 aspiret,
2362 685 2415 730 et
2442 676 2785 732 inclinentur
2813 677 3044 733 umbra}.
3089 676 3416 748 Disciplinaa
3446 678 3607 732 vide-

1961 763 2092 818 licet
2117 763 2354 819 moralis
2402 769 2462 819 et
2493 764 2800 831 naturalis,
2864 782 2992 837 qua
3051 765 3111 820 in
3167 766 3472 821 animabus
3531 767 3602 822 ab

1958 853 2117 908 omni
2148 854 2278 908 vitaz
2311 853 2710 909 sollicitudine
2743 855 3006 921 remotis,
3055 856 3196 911 dum
3254 856 3601 928 impertiun-

1958 947 2075 1013 tur,
2107 941 2444 998 coalescunt
2485 947 2539 998 et
2597 944 3025 1000 incrementum
3071 945 3386 1017 accipiunt,
3420 946 3603 1003 donec

1959 1031 2323 1087 clarissimus
2355 1031 2454 1087 ille
2503 1032 2682 1087 futuri
2717 1033 2996 1105 temporis
3039 1034 3164 1090 dies
3196 1034 3513 1102 illuceseat,
3546 1039 3603 1091 et

1958 1121 2151 1176 omnis
2188 1138 2313 1193 quae
2358 1121 2582 1176 umbris
2642 1127 2782 1176 sunt
2838 1122 3119 1190 involuta,
3170 1129 3599 1195 pertranseant.

1956 1211 2197 1282 Verum,
2257 1211 2534 1282 quoniam
2597 1211 2653 1266 in
2713 1229 2887 1268 carne
2937 1213 3178 1268 veniens
3210 1230 3316 1285 ego
3347 1230 3603 1285 sponsus

1956 1305 2095 1357 tuus
2127 1306 2183 1356 te
2213 1301 2293 1356 ita
2323 1301 2641 1356 formosam
2677 1302 2922 1366 reddidi,
2947 1302 3071 1373 jam
3092 1302 3302 1357 vadam
3337 1302 3481 1358 mihi
3511 1302 3604 1375 ip-

1957 1391 2005 1446 si
2039 1391 2109 1446 ad
2144 1393 2401 1445 montem
2437 1389 2684 1462 myrrhas
2716 1394 2773 1446 et
2802 1391 2872 1445 ad
2906 1389 3112 1446 collem
3144 1390 3374 1448 thuris:
3403 1392 3459 1446 id
3484 1397 3593 1460 est,

1959 1483 2164 1552 sponte
2194 1494 2326 1534 mea
2358 1479 2424 1533 ad
2457 1479 2688 1546 mortis,
2720 1483 3000 1551 tanquam
3063 1481 3132 1535 ad
3195 1480 3413 1536 montis
3447 1497 3602 1553 myr-

1958 1571 2078 1625 rhae
2109 1568 2559 1634 sublimitatem,
2585 1585 2713 1641 quae
2746 1569 2986 1640 quidem
3019 1573 3106 1624 est
3138 1585 3299 1635 crux,
3334 1570 3608 1642 proficis-

1959 1676 2072 1714 car.
2118 1657 2456 1714 Voluntaria
2487 1659 2638 1713 enim
2673 1674 2774 1729 per
2804 1674 3032 1713 crucem
3068 1659 3275 1714 mortis
3307 1659 3606 1731 susceptio

1959 1763 2332 1804 communem
2363 1747 2638 1803 omnibus
2670 1746 3025 1803 animalibus
3059 1748 3128 1803 ab
3148 1765 3212 1803 ea
3238 1749 3607 1805 abhorrentis

1961 1841 2181 1893 naturae
2240 1836 2643 1892 inﬁrmitatem
2715 1837 3036 1908 superavit.
3098 1837 3168 1893 Et
3223 1853 3456 1894 rursum
3509 1855 3606 1894 va-

1960 1926 2095 1981 dam
2154 1926 2224 1980 ad
2285 1942 2378 1981 me
2437 1925 2679 1998 ipsum,
2761 1926 2831 1982 ad
2913 1927 3142 1983 Patrem
3220 1928 3494 1995 rediens,
3572 1943 3607 1983 a

1960 2032 2075 2088 quo
2108 2014 2278 2082 exivi,
2313 2018 2370 2070 et
2402 2015 2459 2070 in
2495 2016 2783 2071 mundum
2806 2015 2936 2072 veni
2961 2017 3026 2070 t‘.
3083 2016 3190 2080 Qui
3239 2034 3380 2073 sane
3439 2020 3609 2074 Pater

1959 2121 2063 2177 per
2091 2103 2296 2160 collem
2328 2103 2520 2160 thuris
2550 2103 2938 2177 intelligitur;
3001 2105 3280 2176 quoniam
3313 2110 3376 2161 ut
3405 2122 3609 2178 causa,

1961 2195 2145 2264 major
2201 2198 2291 2249 est
2355 2209 2448 2248 me
2504 2193 2813 2266 Unigenito
2841 2197 2895 2248 et
2955 2194 3174 2266 Spiritu
3231 2199 3453 2263 sancto,
3507 2195 3606 2267 qui

1961 2300 2168 2340 sumus
2243 2282 2327 2337 illi
2401 2281 2957 2338 consubstantiales.
3019 2283 3395 2339 Mortalitatis
3449 2285 3606 2341 enim

1961 2371 2292 2446 symbolum
2337 2375 2424 2428 est
2482 2371 2737 2444 myrrha,
2799 2371 2939 2426 thus
2997 2373 3192 2427 autem
3257 2372 3603 2428 divinitatis.

1961 2463 2147 2528 Quare
2179 2460 2362 2518 illud:
2402 2461 2602 2517 Vadam
2634 2461 2778 2516 mihi
2825 2463 2970 2533 ipsi:
3031 2465 3156 2517 tum
3212 2460 3604 2517 voluntarium

1963 2569 2066 2624 per
2094 2567 2323 2606 crucem
2369 2551 2439 2606 ad
2506 2553 2749 2606 mortem
2809 2549 3037 2605 aditum
3099 2549 3431 2622 significat;
3480 2553 3605 2605 tum

1962 2640 2284 2695 divinitatis
2311 2638 2739 2705 celsitudinem,
2771 2655 2871 2710 per
2900 2639 3154 2694 reditum
3184 2639 3255 2694 ab
3278 2638 3609 2694 humilitate

1964 2733 2167 2785 nostra
2198 2733 2474 2801 suscepta
2499 2729 2567 2783 ad
2607 2745 2667 2784 se
2698 2727 2894 2800 ipsum
2926 2727 3110 2783 Deum
3159 2727 3431 2795 Verbum,
3465 2728 3608 2782 dum

1962 2821 2033 2874 ad
2069 2818 2298 2872 Patrem
2329 2818 2506 2873 vadit.
2551 2818 2644 2873 Sic
2693 2822 2912 2885 autem,
2948 2816 3162 2888 inquit,
3205 2817 3433 2882 vadam,
3469 2833 3609 2888 quo-

1961 2908 2120 2964 niam
2150 2924 2297 2980 opus
2357 2907 2548 2963 Patris
2593 2907 2747 2978 quod
2808 2906 2879 2962 ad
2926 2910 2982 2961 te
3039 2905 3312 2978 pertinet,
3368 2905 3605 2978 perfeci.

1964 2997 2217 3053 Etenim:

2037 3088 2161 3142 Tota
2189 3085 2423 3155 pulchra
2474 3101 2549 3152 es,
2608 3085 2926 3157 propinqua
2963 3100 3108 3152 mea,
3142 3089 3196 3139 et
3250 3084 3467 3140 macula
3497 3100 3608 3141 non

1963 3179 2042 3232 est
2066 3177 2126 3231 in
2149 3178 2219 3231 te.

2031 3269 2218 3320 Mente
2250 3262 2528 3320 nimirum
2562 3267 2619 3318 et
2649 3262 2844 3319 anima
2893 3266 2950 3319 et
2997 3280 3170 3320 carne
3220 3261 3462 3336 pulchra
3508 3280 3608 3321 es:

1963 3369 2135 3410 carne
2167 3354 2430 3426 quidem,
2464 3356 2528 3408 ut
2567 3369 2668 3425 per
2699 3351 2992 3408 actionem
3054 3370 3088 3408 a
3145 3352 3321 3408 variis
3381 3356 3611 3424 pertur-

1963 3442 2306 3500 bationibus
2338 3445 2607 3514 purgata,
2668 3445 2725 3497 et
2774 3440 3060 3496 virtutum
3119 3441 3381 3498 moribus
3421 3439 3610 3495 excel-

1963 3532 2091 3590 lens
2117 3550 2129 3588 :
2164 3532 2359 3588 anima
2383 3534 2601 3597 autem,
2632 3534 2696 3586 ut
2715 3531 2788 3586 ob
2819 3530 3266 3603 omniimproba
3294 3529 3614 3602 cupiditate

1967 3623 2254 3692 sejuncta,
2296 3625 2352 3676 et
2408 3619 2782 3676 sermonibus
2842 3621 3115 3676 decorata
3155 3619 3609 3678 mandatorum:

1969 3714 2164 3766 mente
2192 3725 2346 3774 vero,
2378 3713 2443 3763 ut
2491 3707 2562 3764 ab
2613 3707 2864 3764 exilibus
2921 3709 3100 3765 etiam
3160 3708 3614 3781 cogitationibus

1967 3798 2239 3862 liberata,
2275 3815 2340 3852 ac
2371 3797 2682 3870 splendida
2731 3802 2790 3853 et
2848 3815 2951 3870 per
2993 3799 3240 3869 gratiam
3295 3798 3354 3852 in
3396 3797 3620 3870 Spiritu

1973 3891 2174 3944 sancto
2205 3886 2401 3942 divina
2421 3886 2644 3942 effecta.
2680 3887 2746 3942 Et
2777 3893 3083 3961 propterea
3115 3886 3347 3943 macula
3379 3903 3493 3943 non
3531 3890 3622 3942 est

1972 3976 2033 4032 in
2067 3981 2140 4044 te,
2175 3992 2302 4048 qua:
2331 3975 2475 4031 mihi
2509 3975 2582 4031 ob
2613 3975 3031 4049 perfectionem
3064 3975 3397 4049 propinqua
3431 3991 3513 4032 es.

2700 4082 2898 4139 Pselli.

2044 4190 2196 4245 Tum
2229 4189 2300 4244 ad
2332 4189 2607 4259 maiorem
2648 4188 2797 4244 hanc
2848 4189 3094 4260 gloriam
3153 4188 3379 4246 invitat.
3410 4191 3543 4245 Veni
3565 4190 3628 4245 in

1981 4279 2208 4346 Libano,
2241 4293 2458 4350 sponsa.
2505 4279 2643 4348 Age,
2701 4278 2773 4334 de
2821 4278 3040 4336 Libano
3093 4277 3309 4334 venies.
3363 4279 3627 4346 Quando,

1980 4367 2192 4439 inquit,
2225 4364 2439 4422 venisti
2471 4366 2544 4422 ad
2575 4367 2819 4439 myrrﬁa:
2855 4371 3137 4435 montem,
3170 4372 3228 4423 et
3287 4367 3358 4424 ad
3419 4367 3627 4424 collem

1981 4455 2176 4513 thuris
2237 4472 2466 4511 meeum
2522 4456 2917 4512 conscendisti
2967 4472 2980 4511 :
3065 4456 3175 4511 hoc
3231 4461 3340 4528 est,
3401 4474 3632 4513 mecum

235 4544 417 4622 ἤγουν,
463 4548 586 4623 ἐμοὶ
654 4547 964 4614 συνέπαθες,
1026 4542 1174 4617 ἤτοι,
1243 4540 1654 4613 συνεδοξάσθης·
1717 4539 1856 4617 δεῦρ(

1987 4563 2159 4618 passa
2187 4562 2268 4612 es,
2303 4550 2359 4600 et
2389 4544 2564 4600 simul
2617 4543 2867 4617 gloriam
2927 4545 3249 4616 accepisti;
3289 4562 3414 4617 age,
3447 4547 3519 4602 de
3541 4546 3633 4601 Li-

239 4633 423 4692 λοιπὸν
461 4631 693 4708 ἀνάϐηθι
736 4637 906 4711 τάχος
936 4633 993 4689 ἐκ
1040 4637 1137 4689 τοῦ
1186 4627 1423 4688 Λιϐάνου
1473 4633 1606 4708 πρὸς
1663 4627 1875 4705 ὑψηλό-

241 4725 362 4798 τερά
417 4748 532 4781 τινα
579 4727 680 4794 τῆς
745 4729 1029 4799 προκοπῆς
1087 4720 1291 4797 χωρία,
1347 4721 1436 4776 καὶ
1500 4722 1575 4795 μὴ
1625 4722 1876 4795 παυθήσῃ

243 4813 451 4870 πώποτε
511 4807 978 4870 συναναϐαίνουσά
1044 4834 1164 4885 μοι,
1214 4811 1302 4865 καὶ
1357 4810 1626 4889 φεύγουσα
1668 4808 1875 4884 παρδά-

239 4899 373 4958 λεων
414 4901 646 4978 μάνδρας
687 4901 776 4958 καὶ
806 4906 913 4958 τῶν
965 4900 1224 4957 λεόντων.
1259 4900 1407 4955 Ἐπεὶ
1458 4896 1505 4954 δ’
1536 4899 1563 4953 ὁ
1595 4898 1763 4974 λόγος
1791 4897 1876 4973 γὲ-

240 5013 390 5066 γονεν
429 4990 588 5070 ἔργον
634 4991 696 5048 ἐκ
741 4996 847 5047 τῶν
899 4991 1258 5066 πραγμάτων,
1317 4989 1406 5044 καὶ
1461 4989 1748 5060 συνυψώθη
1799 4991 1880 5059 τῷ

242 5087 444 5157 Χριστῷ
480 5088 560 5156 τῷ
604 5083 824 5157 καθαρῴ
868 5079 1114 5158 νυμφίῳ,
1164 5079 1214 5132 οἳ
1266 5075 1420 5157 φίλοι
1465 5075 1882 5153 κατεπλάγησαν

241 5172 343 5240 τήν
370 5171 647 5248 προκοπὴν
680 5177 779 5240 τῆς
809 5169 1050 5248 νῦμιρης,
1082 5167 1172 5223 καὶ
1203 5168 1339 5243 πρὸς
1371 5164 1535 5235 αὐτὴν
1571 5164 1885 5240 ᾁσματικῶς

243 5255 437 5330 ἐξεῖπον
465 5262 564 5330 τὴν
594 5258 883 5334 παρθένον·

306 5347 660 5426 Ἐκαρδίωσας
689 5351 859 5423 ἡμᾶς,
891 5344 1102 5423 ἀδελφή
1133 5348 1293 5420 ἡμῶν
1325 5345 1534 5424 νύμφη.

314 5436 582 5512 Ἐδίδαξας
613 5439 786 5514 ἡμᾶς,
835 5438 986 5518 φασὶ,
1035 5434 1159 5510 περὶ
1209 5434 1342 5492 Θεοῦ
1372 5457 1425 5491 τι
1472 5432 1664 5505 πλέον,
1720 5434 1890 5510 ὁρῶν-

312 5622 360 5661 “
382 5621 547 5685 Joan.
578 5639 697 5694 xvx,
726 5622 823 5682 28.

560 5752 829 5816 ΡΑτιιοι..
875 5749 988 5814 Gn.
1033 5746 1266 5814 CXXII.

1985 4637 2137 4692 bane
2170 4653 2233 4690 ac
2264 4633 2613 4690 sublimiora
2644 4635 2912 4706 quaedam
2950 4635 3329 4706 perfectionis
3360 4634 3488 4690 loca
3535 4653 3632 4691 ce-

1986 4725 2184 4780 leriter
2215 4723 2483 4779 ascende.
2514 4722 2628 4778 Nec
2661 4739 2886 4779 mecum
2919 4724 3157 4780 desinas
3207 4725 3479 4796 progredi
3511 4723 3636 4779 lon-

1988 4814 2142 4885 gius,
2176 4812 2484 4868 deelinatis
2542 4812 2859 4883 pardorum
2917 4811 3275 4883 leonumque
3316 4812 3637 4868 cubilibus.

1992 4906 2106 4959 Hoc
2136 4909 2328 4958 autem
2362 4919 2422 4956 re
2453 4901 2582 4973 ipsa
2624 4906 2680 4956 et
2729 4900 2898 4956 factis
2950 4918 3082 4956 cum
3118 4907 3275 4957 esset
3307 4901 3634 4972 expletum,

1991 4995 2046 5047 et
2077 5007 2294 5062 sponsa
2315 5005 2446 5044 eum
2480 4988 2709 5045 Christo
2735 5005 2880 5060 puro
2922 5005 3138 5060 sponso
3171 4989 3346 5044 simul
3383 4988 3640 5044 exaltata

1992 5086 2168 5150 esset,
2213 5078 2386 5135 amici
2439 5078 2849 5151 progressione
2909 5078 3155 5150 virginis
3213 5078 3636 5152 obstupefacti,

1994 5170 2080 5226 sic
2110 5185 2236 5225 eam
2268 5171 2544 5224 canentes
2572 5172 2714 5223 sunt
2755 5166 2991 5223 allocuti
3019 5184 3032 5222 :

2064 5345 2388 5402 Vulnerasti
2405 5362 2496 5402 cor
2522 5353 2792 5414 nostrum,
2832 5362 2986 5402 soror
3010 5349 3198 5402 nostra
3229 5361 3463 5414 sponsa.

2070 5441 2148 5492 De
2178 5436 2296 5493 Deo
2327 5453 2432 5494 nos
2462 5436 2746 5508 quiddam
2766 5435 3022 5509 amplius
3041 5434 3317 5504 docuisti,
3336 5436 3480 5493 dum
3502 5451 3648 5491 ocu-

3256 5744 3338 5807 20
