4042 6198
401 325 519 388 619

1723 325 1782 386 Μ
1818 321 2155 384 CHAELIS
2199 321 2474 382 PSELLI

3686 323 3816 384 620

406 460 527 517 lum
561 461 772 519 animm
794 465 930 531 tuae,
992 479 1024 518 ο
1083 477 1319 534 sponsa,
1354 460 1628 516 ardenter
1667 458 1725 512 in
1778 455 1960 511 Verbo
1991 459 2049 510 et

2172 452 2258 512 τάς
2289 472 2384 506 σου
2415 451 2505 506 τὸν
2544 449 2830 529 ὀφθαλμὸν
2861 454 2952 508 τδν
2985 460 3085 524 τῆς
3134 456 3342 529 ψυχῆς,
3377 455 3421 508 ὥ
3450 453 3658 533 νῦμφη,
3688 467 3813 532 θερ-

403 564 620 622 sponso
654 553 934 622 deﬁxum,
965 553 1226 622 dumque
1257 551 1464 605 animae
1514 553 1626 602 tuas
1674 545 1911 601 oculum
1938 544 2048 599 levi

406 639 621 695 Christi
661 642 806 713 jugo
852 642 1155 697 subditum
1189 643 1555 695 contuemur.
1605 636 1748 692 Vere
1781 652 1882 690 cor
1914 649 2047 688 nos-

408 736 590 799 trum,
625 729 919 800 inquiunt,
953 729 1238 793 excitasti,
1263 732 1465 798 postea
1496 742 1670 797 quam
1707 741 1774 779 ex
1804 729 1861 779 te
1893 721 2050 776 didi-

403 817 602 873 cimus
630 818 802 874 Verbi
836 819 1320 874 incarnationem.
1381 819 1566 886 Atque
1615 815 1685 868 ad
1729 813 1884 868 hunc
1915 810 2050 882 qui-

413 907 543 962 dem
578 909 816 964 modum
864 906 1036 963 amici
1066 906 1365 978 Virginem
1400 904 1836 960 collaudarunt.

993 1103 1178 1158 Trium
1216 1107 1471 1157 Patrum.

482 1210 593 1267 Sed
626 1210 906 1282 quoniam
938 1213 1062 1266 tota
1091 1227 1152 1266 es
1181 1210 1325 1265 adeo
1357 1207 1624 1282 pulchra,
1686 1207 1811 1262 veni
1863 1205 1930 1261 de
1961 1206 2056 1260 Li-

411 1299 572 1371 bano,
601 1316 821 1371 sponsa,
851 1302 984 1356 veni
1019 1299 1083 1354 de
1131 1299 1359 1354 Libano.
1411 1298 1496 1352 Ad
1547 1313 1640 1352 me
1671 1297 1770 1367 qui
1797 1312 2055 1366 compre-

409 1389 587 1444 hendi
641 1405 893 1462 nequeo,
955 1389 1304 1461 progredere
1335 1403 1570 1459 semper
1597 1404 1667 1442 ex
1709 1385 1844 1454 ﬁde,
1903 1386 2056 1457 (quae

409 1477 647 1549 quidem
680 1477 796 1534 Deo
830 1496 942 1532 non
979 1477 1149 1534 aliter
1181 1494 1243 1532 ac
1277 1477 1436 1544 thus,
1471 1475 1525 1530 id
1561 1479 1757 1531 autem
1789 1479 1878 1531 est
1908 1474 2056 1530 liba-

416 1583 550 1635 nus,
583 1566 849 1637 oﬁ‘ertur)
877 1583 978 1638 per
1033 1581 1199 1639 spem
1235 1565 1548 1638 proﬁciens
1580 1565 1652 1620 ad
1685 1563 2054 1632 charitatem,

415 1660 656 1728 propter
684 1672 860 1727 quam
894 1671 999 1728 ego
1032 1656 1218 1712 factus
1241 1671 1373 1711 sum
1399 1654 1593 1723 homo,
1625 1657 1682 1708 et
1711 1657 1772 1708 tu
1805 1652 2057 1708 efﬁceris

419 1750 594 1801 Deus.
628 1745 858 1800 Etenim
901 1745 1117 1813 venies,
1178 1748 1352 1816 atque
1409 1742 1712 1816 pervenies
1759 1742 1830 1798 ab
1889 1740 2056 1797 initio

2165 546 2282 612 μῶς
2314 541 2681 611 ἐνατενίζοντα
2709 547 2786 614 τῷ
2819 544 2975 618 Λόγῳ
3025 543 3112 598 καὶ
3142 544 3384 622 νυμφίῳ,
3436 545 3524 600 καὶ
3563 552 3662 614 τῆς
3713 549 3814 619 ψυ-

2158 637 2270 704 χῆς
2300 632 2390 684 τὸν
2417 629 2701 707 τράχηλον
2724 639 2822 702 τῆς
2853 637 2951 697 σῆς
2987 631 3345 698 ὖποκλιθέντα
3376 635 3464 688 καὶ
3502 639 3598 689 τοῦ
3646 637 3813 709 Χρισ-

2157 725 2253 774 τοῦ
2284 721 2372 774 τὸν
2407 720 2637 798 ἐλαφρὸν
2669 723 2827 797 ζυγὸν
2861 718 3314 786 άναλαϐόντα.Ὠς
3349 721 3515 786 ὄντως
3547 722 3810 798 ἐκαρδίω-

2162 830 2254 871 σας
2280 812 2448 881 ἡμᾶς,
2483 810 2660 888 φασὶν,
2695 813 2729 880 ἡ
2762 810 2967 889 νύμφη
3003 812 3077 874 ὡς
3139 813 3243 867 ἀπὸ
3287 817 3382 867 σοῦ
3424 814 3522 890 γάρ
3566 811 3808 889 ’ἔγνωμεν

2158 899 2257 966 τὴν
2291 899 2559 972 σάρκωσιν
2591 897 2686 954 τοῖ’)
2737 899 2938 976 Λόγου.
2992 900 3149 959 Οῧτω
3200 903 3292 976 μὲν
3327 901 3416 957 οὗν
3450 901 3715 977 ἐπῄνεσαν
3761 904 3812 959 οἱ

2163 987 2314 1066 φίλοι
2347 989 2444 1056 τήν
2473 989 2756 1064 παρθένον.

2731 1101 2848 1151 Τῶν
2897 1099 2941 1174 γ’
2973 1098 3244 1173 Πατὲρων.

2236 1204 2400 1258 Ἑπάν
2455 1199 2511 1258 δὲ
2558 1201 2731 1266 οὕτως
2781 1201 2886 1274 ὅλη
2944 1203 3207 1281 ὑπάρχεις
3260 1205 3425 1277 καλή,
3480 1212 3645 1283 Δεῦρο
3708 1207 3819 1263 ἀπὸ

2166 1287 2401 1348 Λιϐάνου
2469 1291 2651 1370 νῦμφη
2682 1339 2696 1363 ,
2753 1289 2908 1367 δεῦρο
2958 1293 3063 1348 ἀπὸ
3111 1291 3372 1350 Λιϐάνου·
3426 1293 3610 1372 ἤγουν,
3670 1294 3820 1371 Πρός

2169 1403 2234 1454 με
2264 1381 2662 1456 ἀπερίγραπτον
2696 1380 2775 1436 ἀεὶ
2806 1382 2968 1437 ποιοῦ
2998 1384 3096 1452 τήν
3139 1383 3358 1458 πορείαν
3407 1386 3512 1440 ἀπὸ
3555 1385 3816 1456 πίστεως,

2164 1473 2280 1541 ἣτις
2330 1475 2446 1542 Θεῷ
2491 1471 2852 1545 προσφέρεται
2906 1473 2996 1526 οἶα
3045 1467 3280 1540 λίϐανος,
3337 1471 3405 1528 δι’
3473 1473 3699 1538 ἐλπίδος
3744 1476 3818 1538 εἷς

2163 1561 2262 1630 τὴν
2309 1559 2525 1634 ἀγάπην
2575 1559 2997 1634 προκόπτουσα’
3051 1557 3121 1616 δι’
3183 1561 3250 1631 ἥν
3293 1561 3402 1638 ἐγὼ
3450 1563 3675 1637 γίνομαι
3723 1563 3816 1620 ἄν·

2168 1651 2404 1724 θρωπος,
2472 1648 2562 1703 καὶ
2630 1648 2692 1704 σὺ
2750 1649 2876 1725 γίνῃ
2944 1650 3095 1713 Θεὸς.
3166 1651 3262 1706 Καὶ
3314 1653 3417 1727 γὰρ
3477 1651 3672 1728 ἐλεύσς,
3725 1655 3817 1709 καὶ

2169 1736 2418 1813 ’διελεύσῃ
2486 1739 2575 1792 ἀπ’
2639 1738 2817 1814 ἀρχῆς
2883 1738 3116 1802 πίστεως
3187 1740 3293 1796 ἀπὸ
3340 1750 3582 1818 κεφαΛῆς
3629 1745 3817 1818 Σανήρ

419 1834 578 1906 ﬁdei,
610 1835 850 1907 acapite
882 1834 1052 1890 Sanir
1081 1838 1136 1890 et
1182 1839 1461 1890 Aermon.
1495 1834 1562 1888 Et
1590 1831 1787 1889 venies
1819 1831 2055 1903 quidem

2172 1828 2254 1882 καὶ
2315 1828 2589 1902 Ἀερμὼν,
2655 1829 2743 1882 καὶ
2813 1825 3003 1901 ἐλευσῃ
3082 1831 3176 1902 μὲν
3231 1830 3366 1904 πρός
3419 1852 3485 1903 με
3530 1836 3598 1905 τῇ
3652 1833 3817 1906 ὁΑικῇ

418 1924 487 1979 ad
515 1940 608 1979 me
637 1941 770 1979 cum
801 1924 961 1979 omni
984 1923 1265 1980 cbaritate
1291 1948 1305 1992 ;
1337 1922 1636 1994 pervenies
1665 1927 1861 1977 autem
1891 1919 2062 1976 vehe-

417 2013 599 2069 menti
634 2030 765 2070 cum
796 2014 1019 2085 impetu
1079 2029 1181 2084 per
1233 2013 1527 2068 fornacem
1585 2012 1882 2067 variarum
1935 2015 2058 2066 tum

415 2102 608 2158 carnis
639 2107 762 2157 tum
789 2103 988 2157 mundi
1012 2102 1429 2173 tentationum,
1460 2117 1563 2173 spe
1584 2099 2062 2156 conﬁrmata.Sic

412 2196 609 2247 autem
642 2192 859 2262 venies,
891 2197 943 2247 et
980 2191 1318 2264 pervenies;
1346 2191 1619 2261 quoniam
1673 2191 1743 2245 ad
1797 2206 1908 2255 me,
1941 2205 2058 2244 non

414 2297 517 2352 per
549 2280 1039 2351 incredulitatem,
1075 2284 1137 2334 ut
1167 2281 1392 2352 primus
1424 2279 1620 2346 homo,
1647 2279 1746 2351 qui
1779 2295 1881 2350 spe
1914 2278 2062 2333 divi—

417 2369 624 2426 nitatis
655 2370 933 2443 deceptus
963 2374 1072 2438 est,
1102 2371 1213 2425 iter
1243 2371 1432 2425 facere
1463 2369 1714 2440 coepisti,
1747 2369 1846 2423 sed
1880 2367 2062 2439 perﬁ-

417 2460 549 2516 dcm
580 2476 593 2513 :
631 2477 758 2532 quas
793 2460 1032 2532 quidem
1067 2460 1232 2521 ﬁdes,
1268 2464 1330 2515 ut
1361 2463 1556 2532 caput,
1592 2458 1948 2531 principium
1975 2461 2065 2512 est

419 2550 491 2605 ad
511 2550 785 2606 virtutem
821 2550 1090 2606 ducentis
1120 2549 1243 2615 vite,
1277 2565 1455 2622 quam
1488 2548 1711 2604 indicat
1738 2546 1928 2617 Sanir,
1961 2562 2062 2601 eu-

411 2639 515 2709 jus
545 2638 946 2710 interpretatio
976 2643 1085 2704 est,
1110 2637 1359 2693 lucernas
1391 2638 1522 2692 via:
1555 2643 1613 2694 et
1645 2653 1748 2708 per
1777 2653 1962 2709 spem,
1997 2639 2064 2691 ut

419 2729 1103 2786 subleverisetrecreeris
1132 2729 1202 2784 ab
1225 2744 1398 2786 onere
1421 2732 1595 2800 atque
1623 2732 1764 2784 testu
1797 2728 2062 2800 gravium

419 2817 687 2874 laborum
719 2826 772 2874 et
802 2818 1208 2874 molestiarum
1235 2835 1246 2872 :
1275 2819 1431 2890 quod
1486 2834 1589 2890 per
1616 2820 1866 2874 Aermon
1897 2815 2064 2872 intel-

418 2906 642 2979 ligitur,
669 2924 846 2980 quam
870 2909 1106 2980 quidem
1131 2924 1328 2963 vocem
1362 2924 1550 2962 rorem
1586 2907 2062 2978 interpretamur.

418 3002 610 3068 Atque
639 2995 720 3051 ita
750 2997 963 3052 cubilia
981 2997 1238 3066 leonum,
1265 2997 1702 3068 pardorumque
1731 3001 1959 3051 montes
1983 2996 2064 3050 in-

416 3083 668 3140 columis
700 3084 983 3140 evitabis:
1030 3101 1384 3140 consensum
1436 3084 1708 3139 videlicet
1739 3084 2062 3139 carnalium

418 3173 808 3244 voluptatum,
841 3191 967 3246 quae
1012 3173 1245 3229 leonum
1280 3173 1466 3228 instar
1497 3189 1709 3244 magno
1741 3174 1964 3244 impetu
1999 3173 2056 3227 in
2092 3203 2134 3270 ϐ

417 3266 495 3331 te,
529 3267 594 3318 ut
623 3279 655 3318 a
683 3263 896 3319 virtute
928 3263 1186 3330 deﬁcias,
1211 3269 1425 3318 ruunt:
1461 3271 1518 3318 et
1543 3263 1897 3317 tentationes
1928 3261 2060 3318 illas

419 3369 548 3424 qua;
579 3367 647 3407 ex
672 3351 908 3407 virtutis
939 3352 1298 3423 praestantia,
1329 3355 1610 3422 tanquam
1639 3367 1709 3406 ex
1735 3349 1872 3405 altis
1897 3367 2060 3406 mon-

418 3442 600 3508 tibus,
634 3444 699 3496 ut
730 3442 1066 3513 arrogantia
1095 3440 1377 3504 eﬁ'eraris,
1415 3439 1519 3494 tibi
1549 3443 1788 3494 struunt
1816 3438 2066 3495 insidias

421 3529 864 3598 fraudulenter;
897 3530 1050 3600 quod
1083 3529 1319 3600 quidem
1363 3529 1675 3599 pardorum
1699 3528 1948 3582 varietas
1976 3527 2068 3582 in-

425 3620 601 3676 dicat.
621 3619 856 3683 Venies,
876 3625 929 3672 et
959 3619 1277 3690 pervenies,
1311 3622 1367 3672 et
1397 3617 1817 3682 servaberis,ut
1843 3617 2066 3673 dictum

425 3715 532 3764 est.
569 3710 840 3776 Quoniam
897 3710 1210 3762 vulnerasti
1265 3723 1357 3762 cor
1408 3713 1685 3776 nostrum,
1742 3722 1898 3760 soror
1926 3723 2066 3774 mea,

421 3815 644 3869 sponsa.
677 3799 823 3863 Quia
850 3796 1069 3851 scilicet
1116 3797 1171 3850 in
1219 3812 1475 3850 amorem
1509 3800 1565 3849 et
1595 3793 1950 3850 desiderium
1979 3795 2069 3851 tui

424 3887 729 3942 concitasti
754 3890 871 3940 tres
889 3887 1062 3940 unius
1078 3885 1403 3940 divinitatis
1424 3885 1824 3956 personas,cui
1850 3891 2066 3952 mente,

421 3976 646 4031 ratione
666 3980 722 4030 et
751 3975 958 4045 spiritu
998 3974 1290 4046 placuisti,
1343 3992 1374 4030 ο
1421 3991 1546 4045 quae
1582 3974 1726 4028 mihi
1763 3975 1917 4029 inter
1948 3991 2069 4029 car-

419 4065 511 4120 nis
544 4064 1018 4134 conjunctionem
1052 4079 1114 4118 es
1145 4080 1348 4128 soror;
1383 4067 1620 4134 propter
1666 4062 2066 4118 voluntarium

420 4158 613 4210 autem
649 4153 951 4209 charitatis
983 4152 1281 4208 vinculum
1306 4157 1478 4224 atque
1498 4153 1771 4207 unionem
1803 4152 2065 4223 spirilus,

420 4245 774 4315 desponsata
809 4259 869 4298 es
906 4242 1048 4297 mihi
1098 4243 1222 4314 (qui
1255 4259 1384 4298 sum
1421 4259 1536 4297 una
1561 4259 1626 4296 ex
1655 4242 1842 4296 tribus
1868 4258 2066 4312 perso-

423 4333 534 4404 nis)
569 4331 868 4404 unigenito
902 4331 1183 4386 nimirum
1218 4331 1406 4386 Patris
1460 4331 1618 4385 Filio.
1672 4330 1897 4384 Etenim
1931 4347 2064 4385 cum

421 4425 627 4478 sancta
649 4422 953 4493 Scriptura
987 4419 1194 4493 plurali
1223 4422 1407 4475 utitur
1432 4436 1672 4475 numero
1704 4418 1950 4490 loquens
1971 4420 2066 4475 de-

421 4512 556 4578 Deo,
592 4510 1000 4566 sanctissimas
1030 4509 1164 4566 illas
1194 4510 1412 4565 indicat
1436 4513 1554 4564 tres
1577 4524 1878 4580 personas,
1903 4524 2064 4579 mys-

3763 1923 3777 1940 ς

3717 1943 3817 1990 την

2169 2007 2396 2078 κάμινον
2438 2011 2545 2060 τῶν
2597 2004 2646 2060 ἐν
2697 2007 2850 2082 σαρκὶ
2914 2008 3005 2061 καὶ
3071 2009 3263 2080 κόσμῳ
3306 2010 3574 2064 παντοίων
3630 2032 3820 2087 πειρα-

2170 1917 2370 1992 ἀγάπῃ·
2425 1914 2673 1991 διελευσῃ
2732 1913 2789 1971 δὲ
2839 1918 3190 1992 ἀκατασχέτῳ
3237 1925 3315 1990 τῷ
3365 1924 3673 1996 φρονήματι

2166 2095 2370 2169 τηρίων
2414 2099 2482 2169 τῇ
2537 2092 3136 2169 ἐλπίδιστηριζομένη.
3190 2098 3346 2154 Οὕτω
3379 2095 3436 2153 ὂὶ
3484 2098 3681 2175 ἐλεύσῃ
3730 2100 3819 2156 καὶ

2170 2182 2418 2258 διελεύσῃ
2487 2181 2775 2256 ἐπειδήπερ
2858 2183 2964 2238 ἀπὸ
3035 2184 3267 2248 πίστεως
3353 2187 3451 2254 τήν
3549 2188 3686 2260 πρός
3759 2210 3824 2263 με

2169 2273 2391 2348 πορείαν
2439 2269 2588 2348 ἤρξω
2633 2273 2941 2341 ποιεῖσθαι,
2994 2273 3081 2328 καὶ
3132 2273 3232 2329 οὐκ
3288 2274 3338 2347 ἐξ
3388 2276 3638 2339 ἀπιστίας
3685 2278 3826 2333 κατὰ

2169 2364 2260 2418 τὸν
2337 2359 2770 2437 πρωτόπλαστον
2847 2361 3200 2427 δελεασθέντα
3281 2362 3464 2420 ἐλπίδι
3542 2367 3824 2437 θεότητος’

2144 2452 2293 2522 ’ἥτις
2345 2453 2520 2514 πίστις
2570 2454 2659 2506 οἷα
2706 2451 2942 2528 κεφαλὴ,
2999 2453 3144 2528 ἀρχή
3182 2452 3292 2508 ἐστι
3340 2461 3441 2524 τῆς
3467 2476 3524 2512 τε
3547 2457 3665 2511 κατ’
3697 2458 3825 2530 ἀρε-

2170 2546 2268 2614 τὴν
2319 2544 2736 2619 πεφιυτισμένης
2807 2541 2936 2598 ὀδοῦ
2991 2543 3146 2621 (ὅπερ
3209 2545 3271 2600 τὸ
3332 2547 3513 2622 Σανήρ
3561 2554 3824 2622 παριστᾷ,

2173 2634 2296 2694 ὁδὸς
2373 2634 2582 2710 λύχνου
2658 2634 3140 2710 ἑρμηνευόμενον),
3192 2637 3280 2691 καὶ
3339 2644 3438 2706 τῆς
3495 2635 3564 2692 δι’
3625 2637 3829 2695 ἐλπίδα

2173 2727 2457 2799 ἀναψυχῆς
2504 2728 2601 2779 τοῦ
2679 2723 2876 2799 βάρους
2933 2723 3021 2778 καὶ
3072 2723 3169 2780 τοῦ
3221 2724 3498 2788 καύσωνος
3554 2734 3655 2796 τῆς
3713 2733 3824 2784 τῶν

2174 2815 2443 2869 ἀκουσίων
2499 2812 2677 2867 πόνων
2755 2811 3064 2888 ἐπαγωγῆς·
3123 2812 3256 2889 ὅπερ
3324 2811 3490 2884 δηλοῖ
3551 2817 3614 2870 τὸ
3665 2817 3828 2891 Ἃερ-

2178 2905 2316 2978 μὼν,
2377 2899 2568 2975 δρόσος
2623 2901 3076 2976 ἑρμηνευόμενον·
3130 2902 3219 2957 καὶ
3283 2903 3424 2959 οὕτω
3494 2904 3831 2982 φυλαχθήσῃ

2172 2995 2276 3049 ἀπὸ
2308 2990 2557 3067 μανδρῶν
2609 2989 2868 3061 λεόντων,
2927 2991 3030 3047 ἀπὸ
3073 2991 3241 3067 όρέων
3268 2992 3610 3068 παρδάλεων
3672 2996 3829 3066 ἦτοι,

2171 3085 2276 3139 ἀπὸ
2332 3089 2431 3152 τῆς
2461 3079 2615 3152 δίκην
2655 3079 2890 3158 μάνδραις
2918 3080 3182 3152 ἐνωτικῆς
3233 3083 3366 3138 κατὰ
3397 3088 3491 3138 σοῦ
3557 3085 3830 3157 ὁμονοίας

2171 3179 2277 3228 τῶν
2327 3193 2425 3226 κατ
2457 3168 2700 3244 ἔλλειψιν
2751 3177 2853 3240 τῆς
2895 3171 3092 3247 ἀρετῆς
3137 3177 3406 3248 σαρκικῶν
3452 3171 3827 3246 ἡδυπαθειῶν,

2171 3263 2496 3337 τυραννικῶς
2546 3261 2633 3312 οἷα
2692 3257 2920 3314 λεόντων
2987 3261 3329 3332 ποιουμένων
3393 3262 3530 3316 κατὰ
3579 3265 3677 3315 σοῦ
3726 3264 3825 3326 τὰς

2173 3351 2370 3426 ὁρμὰς,
2418 3347 2506 3402 καὶ
2557 3347 2662 3402 ἀπὸ
2691 3351 2797 3402 τῶν
2826 3348 2945 3402 καθ’
2986 3343 3296 3424 ὑπερϐολὴν
3340 3350 3442 3419 τῆς
3489 3350 3686 3424 ἀρετῆς
3719 3373 3827 3407 πα-

2175 3443 2302 3506 θῶν,
2352 3437 2439 3514 ἀφ’
2487 3435 2652 3510 ὕψους
2695 3437 2789 3498 τάς
2849 3433 3072 3514 ἐφόδους
3133 3440 3268 3492 κατὰ
3330 3444 3425 3493 σοῦ
3471 3439 3822 3513 ποιουμένων

2175 3524 2399 3592 δολίως,
2443 3525 2576 3598 ὅπερ
2623 3524 2685 3578 τὸ
2740 3522 2995 3578 ποικίλον
3049 3530 3156 3580 τῶν
3209 3525 3528 3601 παρδάλεων
3563 3537 3824 3602 παριστὶ.

2177 3615 2368 3688 ἐλεύσῃ
2417 3611 2475 3668 δὲ
2503 3614 2592 3668 καὶ
2625 3610 2876 3688 διελιύσῃ
2927 3613 3014 3668 καὶ
3065 3614 3419 3693 φυλαχθήσῃ,
3466 3618 3540 3679 ὡς
3582 3618 3826 3693 ετίρηται,

2175 3702 2502 3779 Ἐπειδήπερ
2569 3701 2900 3778 ἐκαρδίωσας
2967 3705 3136 3776 ἡμᾶς,
3205 3703 3411 3783 ἀδελφή
3458 3728 3564 3778 μου
3605 3709 3823 3786 νύμφη·

2178 3792 2462 3866 δηλονότι,
2496 3792 2587 3854 Εἷς
2629 3792 2796 3857 πόθον
2845 3814 2942 3848 σου
2970 3791 3168 3870 ἤγαγες
3196 3795 3290 3857 τὰς
3329 3801 3474 3870 τρεῖς
3505 3796 3826 3859 ὑποστάσεις

2174 3891 2273 3952 τῆς
2326 3889 2450 3955 μιᾶς
2505 3882 2783 3950 θεότητος,
2826 3882 2900 3944 ὡς
2949 3883 3114 3956 ταύτῃ
3159 3882 3556 3959 εὖαρεστήσασά
3604 3889 3683 3957 νῷ
3731 3886 3825 3939 καὶ

2179 3971 2328 4047 λόγῳ
2392 3972 2480 4025 καὶ
2547 3971 2836 4043 πνεύματι,
2902 3971 2935 4040 ἠ
3005 3967 3093 4025 διά
3143 3971 3236 4043 μὶν
3302 3973 3400 4041 τὴν
3452 3973 3588 4027 κατὰ
3651 3974 3825 4047 σάρκα

2177 4059 2444 4139 όμοφυίαν
2513 4056 2720 4138 ἀδελφή
2777 4081 2901 4132 μου,
2973 4057 3061 4114 διὰ
3129 4057 3186 4114 δὲ
3225 4062 3286 4115 τὸ
3355 4061 3413 4116 ἐκ
3454 4063 3828 4137 προαιρέσεως

2175 4148 2518 4219 κολληϐἧναί
2580 4169 2671 4221 μοι
2736 4147 2805 4203 δι’
2861 4149 3092 4224 ἀγάπης,
3141 4151 3232 4204 καὶ
3288 4149 3343 4204 ἓν
3404 4155 3613 4224 πνεῦμα
3674 4152 3830 4226 γενέο

2175 4252 2316 4309 σθαι,
2349 4241 2711 4318 νυμφευοεῖσά
2763 4260 2854 4312 μοι
2902 4244 2980 4312 τῷ
3028 4239 3104 4294 ἐνὶ
3154 4245 3260 4294 τῶν
3305 4240 3606 4316 εἰρημένων
3656 4247 3830 4316 τριῶν

2180 4330 2542 4399 ὑποστάσεων,
2591 4326 2803 4399 δηλαδὴ
2835 4333 2910 4402 τῷ
2964 4336 3242 4405 μοιογενεῖ
3285 4334 3381 4385 τοῦ
3427 4332 3636 4405 Πατρὸς
3691 4333 3826 4406 Titii).

2175 4419 2274 4474 Καὶ
2305 4419 2405 4493 γὰρ
2439 4417 2636 4473 ὁπόταν
2688 4419 2721 4487 ἠ
2777 4417 2899 4494 ἁγία
2941 4419 3127 4495 Γραφῆ
3175 4423 3253 4490 τῷ
3307 4419 3663 4493 πληθυντικῷ
3693 4421 3825 4497 περέ

2175 4509 2308 4560 Θεοῦ
2383 4505 2650 4582 κέχρηται
2715 4503 2888 4582 λόγῳ,
2963 4507 3064 4576 τὴν
3129 4504 3372 4577 δήλωσιν
3426 4514 3663 4564 ποιεῖται
3714 4515 3827 4566 τῶν

417 4600 528 4657 tice
575 4600 919 4673 signiﬁcans
968 4601 1207 4655 modum
1281 4598 1624 4654 substantia
1679 4601 2060 4652 sacrosanctis

2172 4594 2444 4670 παναγίων
2512 4599 2677 4670 τριῶν
2743 4595 3123 4650 ὑποστάσιων·
3207 4602 3481 4670 μυστικῶς
3544 4599 3636 4652 τὸν
3696 4599 3829 4675 τρό-

413 4689 574 4747 illius
602 4690 886 4762 initioque
913 4687 1165 4745 carentis
1197 4687 1459 4743 unitatis.
1479 4686 1625 4751 Quia
1656 4686 1852 4741 unitas
1872 4687 1929 4741 in
1955 4685 2063 4740 tri-

415 4779 620 4845 nitate,
653 4783 710 4834 et
737 4778 972 4834 trinitas
1030 4778 1088 4831 in
1140 4775 1367 4831 unitate
1399 4776 1551 4830 Deus
1582 4779 1691 4831 est.
1715 4775 1782 4829 Et
1812 4791 2018 4830 rursus
2044 4790 2057 4828 :

417 4869 734 4924 Vulnerasli
758 4883 852 4923 cer
882 4871 1127 4921 nostrum
1160 4883 1180 4918 :
1237 4865 1343 4919 hoc
1375 4868 1464 4920 est
1494 4866 1553 4919 in
1585 4864 1668 4919 tui
1701 4864 2060 4920 desiderium

412 4957 818 5025 inﬁammasti,
852 4960 976 5011 tum
1031 4957 1090 5010 in
1120 4969 1227 5008 uno
1260 4954 1540 5008 oculorum
1583 4959 1832 5023 tuorum,
1868 4957 2064 5008 mente

414 5045 638 5101 scilicet
667 5049 788 5109 tua,
823 5060 937 5112 qua
967 5059 1060 5098 res
1093 5043 1330 5096 intuens
1374 5041 1800 5111 intelligibiles,
1835 5058 1928 5096 me
1957 5056 2059 5095 ve-

414 5135 672 5199 ritatem,
708 5137 883 5203 atque
942 5131 1205 5185 omnium
1240 5129 1702 5202 intelligibilium
1739 5130 1912 5185 ﬁnem
1967 5146 2062 5184 co-

414 5223 678 5295 gnitione
709 5225 989 5293 perpetua
1011 5221 1426 5290 contempleris
1455 5225 1610 5275 :tum
1645 5222 1703 5274 in
1736 5234 1842 5272 uno
1873 5223 2065 5289 torque

412 5313 543 5367 colli
574 5314 680 5380 lui,
733 5311 955 5365 ratione
985 5308 1259 5365 videlicet
1288 5313 1411 5374 tua,
1446 5325 1561 5381 qua
1592 5312 1652 5362 tu
1676 5306 1855 5361 veluti
1889 5323 2060 5362 orna-

413 5405 608 5456 mento
662 5398 794 5455 colli
853 5401 1122 5456 decorata
1179 5399 1237 5453 in
1296 5397 1524 5454 cunctis
1585 5394 1934 5460 actionibus,
1968 5411 2062 5451 me

411 5504 713 5545 summum
745 5489 965 5544 bonum
998 5493 1055 5544 et
1087 5489 1261 5543 ﬁnem
1294 5486 1561 5542 omnium
1594 5483 1879 5555 sequeris,
1913 5488 1970 5539 et
2001 5500 2061 5539 re

408 5577 541 5651 ipsa
569 5577 993 5649 benignitatem
1027 5593 1219 5634 meam
1251 5573 1560 5645 experiris.
1607 5575 1870 5644 Sponsus
1898 5571 2058 5628 enim

409 5667 679 5726 Christus
706 5671 798 5724 est
825 5667 954 5740 ipsa
980 5665 1218 5731 veritas,
1277 5671 1334 5718 et
1368 5678 1670 5718 summum
1705 5661 1949 5717 bonum.
1984 5662 2060 5718 Ac

2170 4704 2270 4738 πον
2316 4690 2414 4752 τῆς
2455 4682 2718 4760 παναγίας
2764 4685 2853 4739 καὶ
2904 4685 3146 4761 ἀνάρχου
3181 4683 3416 4759 μονάδος
3457 4686 3826 4757 σημαίνουσα·

2169 4793 2254 4826 κτι
2310 4773 2477 4845 μονάς
2537 4773 2588 4827 ἐν
2655 4770 2856 4848 τριάδι,
2921 4773 3009 4828 καὶ
3059 4772 3110 4828 ἐν
3163 4772 3358 4848 μονάδι
3405 4775 3559 4850 τριάς
3606 4774 3751 4832 ἐστιν
3799 4780 3829 4833 ὁ

2171 4860 2300 4923 Θεὸς
2353 4862 2537 4932 ἡμῶν.
2617 4863 2712 4916 Καὶ
2782 4861 2955 4932 αὖθις,
3033 4860 3398 4938 Ἐκαρδίωσας
3452 4865 3623 4937 ἡμᾶς’
3673 4866 3829 4935 ἤτοι,

2172 4949 2268 5002 Καὶ
2332 4947 2496 5004 πάλιν
2575 4949 2626 5013 ἐς
2703 4947 2869 5015 πόθον
2937 4972 3032 5006 σου
3099 4952 3321 5028 ἤγαγες,
3364 4953 3426 5008 τὸ
3479 4953 3572 5026 μὲν
3632 4952 3688 5008 ἐν
3751 4953 3828 5009 ἐνὶ

2172 5037 2276 5092 ἀπὸ
2327 5038 2626 5117 ὀφθαλμῶν
2682 5063 2777 5096 σου
2813 5084 2827 5110 ,
2888 5044 2966 5112 τῷ
3023 5036 3551 5116 ἀντιλαμϐανομὲνῳ
3609 5043 3832 5106 πάντως

2170 5131 2279 5181 τῶν
2323 5133 2533 5198 νοητῶν
2581 5127 2667 5184 νοίι
2711 5151 2844 5202 σου,
2907 5129 3171 5202 ἑωρακότι
3223 5150 3288 5203 με
3329 5132 3522 5206 γνώσει
3573 5130 3829 5205 ἆλῆστῳ,

2169 5213 2232 5267 τὸ
2279 5214 2444 5288 πέρας
2498 5215 2712 5271 πάντων
2761 5221 2866 5272 τῶν
2911 5222 3163 5294 γνωστῶν
3215 5218 3313 5288 τήν
3383 5217 3683 5288 ἀλήθειαν
3766 5220 3830 5275 τὸ

2174 5299 2231 5357 δὲ
2305 5302 2355 5356 ἐν
2433 5303 2511 5358 ἐνὶ
2588 5304 2839 5379 ἐνοὲματι
2912 5304 3204 5381 τραχήλου
3281 5327 3426 5376 σου,
3505 5307 3675 5384 ’ὀσπερ
3755 5307 3830 5369 ὡς

2169 5391 2327 5454 τέλος
2404 5393 2618 5450 πάντων
2691 5400 2796 5450 τῶν
2875 5400 3129 5472 πρακτῶν
3204 5394 3317 5468 εἶμι
3368 5395 3432 5451 τὸ
3491 5396 3689 5470 ἀγαθὸν
3748 5402 3831 5470 τῷ

2173 5481 2381 5556 λογικῷ
2427 5503 2543 5551 σου,
2589 5484 2663 5547 ὡς
2718 5489 3019 5562 πρακτικῷ,
3071 5485 3162 5539 οἷά
3207 5505 3290 5547 τις
3335 5484 3543 5559 κόσμος
3604 5483 3827 5563 περιδέ-

2171 5591 2322 5645 ραιος
2381 5570 2718 5646 ἐντιθέμενον
2775 5577 2912 5631 κατὰ
2953 5575 3142 5652 πρᾶξιν
3194 5575 3496 5651 παραθέντι
3555 5597 3665 5649 μου
3723 5583 3826 5647 τῆς

2171 5660 2570 5737 χρηστότητος.
2611 5663 2708 5720 Καὶ
2739 5663 2842 5744 γὰρ
2875 5665 3037 5730 αὑτός
3081 5662 3222 5722 ἐστιν
3271 5665 3306 5739 ἠ
3355 5662 3580 5731 ἆλέθεια
3617 5667 3712 5723 καὶ
3759 5666 3824 5724 τὸ
