4042 6198
237 341 354 401 691
1282 341 1696 402 COMMENT.
1743 341 1822 400 IN
1867 340 2275 403 CANTICUM
2321 341 2631 403 CANTIC.
3538 354 3654 417 622

230 470 546 558 ᾆγαθᾶνοτδ
580 473 674 547 μὶν
706 471 829 528 ὅταν
885 472 943 528 ἐκ
993 479 1093 542 τῆς
1148 471 1335 534 οὗσίας
1383 472 1458 533 ὡς
1510 468 1796 548 ἄτρεπτος,

2003 474 2218 530 veritas
2277 475 2515 547 quidem
2576 491 2701 531 esse
2759 475 3144 550 intelligitur,
3203 484 3498 552 quatenus
3555 503 3657 558 per

233 557 284 615 δ’
337 563 467 616 ὅταν
513 562 574 618 in
615 569 715 633 τῆς
762 561 1027 641 ἐνεργείας
1075 562 1150 627 ὡς
1199 562 1535 638 εὐεργετικὸς
1592 558 1743 616 δοκεῖ
1799 583 1812 615 ι

2010 564 2323 620 essentiam
2353 569 2443 620 est
2484 564 2912 621 immutabilis:
2948 582 3251 623 summum
3296 575 3490 626 autem
3552 557 3654 630 bo-

237 651 544 724 μαίνεσθαι.

2009 669 2174 722 num,
2209 659 2504 726 quatenus
2537 671 2605 710 ex
2653 655 2931 726 operibus
2963 656 3261 713 beneﬁcus
3292 659 3655 718 demonstra-

2008 745 2123 796 tur.

947 829 1193 886 Ψελλοῦ.
2735 833 2928 888 Pulli.

310 936 372 990 Τί
453 934 868 1006 ἅκαλλιώθησαν
955 934 1152 1009 μαστοί
1252 948 1390 1006 σου,
1480 931 1689 1012 ἀδελφή
1793 956 1812 1007 ε

2079 943 2260 1008 Quam
2285 939 2520 1011 pulchre
2547 941 2714 1010 facta
2743 943 2872 995 sunt
2903 957 3159 998 mammav
3189 949 3315 1009 tuae,
3339 959 3493 1000 soror
3509 961 3650 1015 mea,

232 1024 465 1104 νύμφηί
519 1026 580 1082 Τί
663 1025 1078 1097 ἕκαλλιώθησαν
1169 1023 1369 1099 μαστοί
1458 1044 1553 1078 σου
1635 1025 1740 1078 ἀπὸ

2006 1044 2226 1100 sponsa.
2283 1029 2459 1096 Quam
2515 1028 2754 1101 pulchra
2829 1033 2974 1100 facta
3029 1036 3161 1086 sunt
3229 1032 3402 1088 ubera
3468 1038 3566 1090 tua
3619 1051 3654 1092 a

234 1138 332 1172 νου
361 1119 374 1173 ί

2008 1120 2138 1174 vino
2161 1122 2180 1172 !

314 1211 578 1264 Ἐνταῦθα
608 1207 772 1263 πάλιν
805 1207 1009 1263 ἐπαινεῖ
1038 1209 1138 1276 τῆς
1178 1205 1321 1270 θείας
1355 1204 1682 1276 Ἐκκλησίας

2080 1207 2183 1262 Hic
2205 1224 2442 1263 rursum
2473 1206 2678 1263 laudat
2698 1207 2904 1263 divinae
2940 1208 3210 1266 Ecclesiae
3241 1210 3510 1282 uberum,
3543 1213 3653 1271 hoc

225 1302 339 1370 Τὴν
372 1305 486 1356 τῶν
513 1306 728 1366 μαστῶν
756 1298 1023 1368 ἰπίδοσιν,
1059 1296 1206 1369 ἤτοι,
1239 1303 1346 1353 τῶν
1391 1295 1764 1374 διδαγμάτων.

2007 1301 2116 1364 est,
2151 1296 2598 1368 disciplinarum
2650 1297 3106 1354 incrementum.
3183 1303 3322 1355 Cum
3381 1301 3537 1357 enim
3590 1306 3656 1358 ut

231 1391 532 1462 Αύξήσασα
559 1392 626 1446 τὰ
654 1391 812 1446 τέκνα
841 1391 940 1467 γάρ
972 1389 1154 1464 ὥσπερ
1193 1390 1326 1464 γ’)νὴ
1362 1383 1644 1466 φιλόπαις,

2007 1391 2193 1442 mater
2224 1384 2541 1441 liberorum
2577 1386 3010 1454 amantissima,
3034 1405 3154 1457 eos,
3175 1389 3453 1462 populum
3491 1391 3651 1448 scili-

223 1482 327 1536 Τὸν
366 1479 424 1553 ἐξ
457 1483 624 1545 ἐθνῶν
658 1503 801 1558 φημι
835 1479 988 1552 λαὸν,
1021 1480 1108 1534 καὶ
1136 1483 1325 1534 τοῦτον
1350 1480 1657 1555 καθορῶσα,

2005 1481 2095 1532 cet
2123 1493 2191 1532 ex
2220 1475 2492 1550 gentibus
2523 1476 2872 1549 enutritum,
2924 1477 2994 1532 ad
3026 1478 3232 1534 divinaa
3263 1480 3448 1536 aetatis
3478 1499 3646 1538 men-

230 1572 376 1644 Πρὸς
412 1573 612 1647 μέτρον
647 1572 914 1649 φθάσαντα
946 1568 1166 1646 στερρὸν
1196 1576 1296 1640 τῆς
1321 1565 1466 1633 θείας
1508 1566 1750 1639 ἡλικίας,

2005 1581 2206 1621 suram
2229 1565 2423 1620 videat
2454 1565 2811 1638 pervenisse,
2871 1583 2975 1622 nec
3036 1567 3294 1640 amplius
3354 1570 3410 1624 in
3444 1576 3649 1628 sancta

231 1659 329 1714 Καὶ
371 1660 456 1732 μή
488 1658 818 1732 ψελλίζοντα
848 1663 1031 1722 ποσῶς
1063 1657 1138 1720 εἷς
1162 1659 1260 1727 τὴν
1292 1655 1448 1732 ἆγίαν
1483 1655 1684 1727 πίστιν,

2004 1654 2119 1710 fide
2167 1653 2463 1710 balbutire
2522 1659 2624 1709 aut
2666 1654 2937 1711 haesitare
2989 1672 3002 1710 :
3083 1673 3186 1728 pro
3241 1656 3390 1715 lacte
3445 1659 3647 1716 vinum

233 1749 396 1806 Οἶνον
429 1747 546 1804 ἀντὶ
577 1752 672 1803 τοῦ
696 1747 964 1824 γάλακτος
990 1748 1215 1824 προχέει
1241 1747 1359 1801 καθ’
1387 1744 1618 1821 ἡμέραν,

2003 1742 2250 1798 effundit
2281 1742 2567 1816 quotidie,
2597 1743 2805 1799 altiora
2851 1743 2968 1800 illis
3001 1763 3322 1820 suggerens
3347 1749 3640 1807 instituta.

229 1838 533 1894 Τουτέστιν
568 1835 878 1910 ὑψηλότερα
911 1834 1153 1911 δόγματα
1181 1835 1396 1898 τούτοις
1424 1834 1598 1908 νέμει.

1997 1836 2164 1892 Prius
2196 1833 2375 1904 enim,
2409 1836 2474 1887 ut
2531 1833 2817 1901 rudiores,
2874 1835 3120 1890 docebat
3167 1853 3287 1906 eos,
3321 1842 3387 1893 ut
3416 1839 3646 1895 Patrem

232 1928 311 1984 Τὸ
335 1927 469 2000 πρὶν
517 1927 610 1999 μὲν
639 1926 743 2002 γάρ
775 1923 1021 1981 ἐδίδασκε
1048 1924 1274 1986 τούτους
1305 1925 1379 1988 ὡς
1410 1923 1729 1999 νεωτέρους,

1999 1930 2056 1981 et
2105 1923 2314 1979 Filium
2339 1926 2394 1977 et
2422 1923 2704 1994 Spiritum
2731 1927 3001 1979 sanctum
3022 1924 3205 1981 Deum
3229 1943 3412 1982 unum
3445 1928 3646 1985 adora-

230 2017 454 2090 Πατέρα
485 2010 656 2070 σέϐειν
683 2017 771 2070 καὶ
797 2017 920 2070 Υίὸν
953 2017 1041 2070 καὶ
1077 2019 1314 2087 Πνεῦμα,
1349 2014 1474 2069 Θεὸν
1505 2010 1620 2084 ἕνα,

2000 2017 2149 2069 rent.
2209 2012 2372 2078 Quod
2423 2011 2660 2084 quidem
2740 2017 2861 2068 erat
2936 2012 3118 2068 veluti
3196 2014 3473 2071 doctrinae
3532 2017 3640 2075 lac.

225 2107 406 2181 ’Ὁπερ
444 2106 517 2168 ὡς
545 2103 686 2182 γάλα
715 2105 920 2183 πέςρυκε
951 2103 1109 2175 δῆθεν
1140 2101 1492 2165 διδασκαλίας
1515 2122 1528 2136 ·

1997 2103 2162 2158 Nunc
2222 2105 2420 2156 autem
2474 2105 2694 2166 monet,
2751 2107 2817 2157 ut
2865 2103 3234 2172 modestiam,
3289 2106 3642 2175 castitatem,

227 2199 336 2251 Χῦν
372 2192 436 2250 Si
465 2191 701 2249 διδάσκει
734 2199 1057 2270 σωφρονεῖν,
1090 2192 1381 2268 φυλάττειν
1424 2189 1742 2268 παρθενίαν,

1998 2189 2448 2264 temperantiam
2518 2189 2967 2261 amplectantur,
3023 2197 3087 2247 ut
3141 2193 3438 2264 justitiam
3512 2193 3640 2250 dili-

224 2285 583 2360 Ἐγκράτειαν
614 2283 964 2356 ἀσπάζεσθαι,
999 2281 1175 2361 φιλεῖν
1209 2279 1556 2353 δικαιοσύνην
1584 2301 1595 2312 ·

1997 2285 2157 2355 gant.
2233 2282 2367 2347 Quae
2449 2279 2687 2351 quidem
2763 2283 2902 2336 sunt
2973 2279 3152 2336 veluti
3228 2283 3503 2338 doctrinae
3557 2283 3642 2339 vi-

225 2376 402 2449 Ἀπερ
438 2373 515 2435 ὡς
546 2375 692 2436 οἶνος
726 2370 977 2428 λέλεκται
1011 2369 1362 2434 διδασκαλίας
1393 2371 1552 2429 εἶναι.
1997 2387 2163 2426 num.

300 2461 411 2520 Καὶ
451 2461 595 2536 ὀσμή
629 2461 862 2536 ἱματίων
887 2482 984 2518 σου
1015 2461 1147 2538 ὑπὲρ
1180 2462 1353 2517 πάντα
1382 2459 1448 2515 τὰ
1492 2459 1775 2538 ἀρώματα.

2066 2461 2130 2515 Et
2159 2459 2293 2515 odor
2320 2458 2768 2515 vestimentorum
2821 2462 3046 2514 tuorum
3073 2475 3243 2532 super
3269 2461 3458 2518 omnia
3502 2477 3635 2518 aro-

1994 2557 2162 2606 mata.

226 2645 328 2700 Ἦν
365 2639 415 2698 δ’
443 2642 549 2699 ἀπὸ
581 2646 674 2697 σοῦ
699 2637 999 2717 περιϐολὴν
1031 2646 1139 2697 τῶν
1172 2640 1404 2716 ἱματίων
1433 2642 1599 2716 φέρω,

2067 2639 2250 2704 Quem
2309 2639 2463 2693 enim
2527 2653 2596 2692 ex
2665 2641 2721 2691 te
2786 2635 3276 2694 vestimentorum
3353 2637 3636 2695 amictum

228 2733 326 2791 Ἐκ
357 2736 469 2788 τῶν
496 2731 920 2808 προσαγομένων
952 2753 1058 2803 σοι,
1086 2730 1253 2810 φημὶ,
1288 2731 1669 2806 θυμιαμάτων,

1993 2745 2153 2802 gero,
2205 2745 2275 2782 ex
2333 2726 2429 2795 iis,
2490 2725 2760 2797 inquam,
2819 2725 3123 2781 sacriﬁciis
3163 2743 3290 2800 quas
3322 2726 3469 2782 mihi
3531 2728 3636 2785 abs

224 2821 530 2899 Κρείττονα
559 2823 776 2876 πάντων
807 2821 1028 2898 ἥγημαι
1055 2825 1163 2878 τῶν
1191 2821 1494 2898 ἀρωμάτων
1531 2820 1704 2894 μόνην

1992 2823 2051 2875 te
2080 2818 2426 2883 offeruntur,
2459 2815 2603 2872 illud
2637 2815 2892 2871 arbitror
2945 2816 3223 2872 omnibus
3271 2818 3636 2875 aromatibus

1994 2911 2290 2981 praestare.

303 2998 508 3072 Κηρίον
537 2997 896 3066 ἀποστάζουσι
925 2998 993 3052 τὰ
1018 2996 1185 3073 χείλη
1221 3019 1338 3068 σου,
1369 2996 1576 3076 νύμφη.

2063 2999 2268 3053 Favum
2292 2996 2571 3050 distillant
2592 2995 2746 3050 labia
2773 2997 2888 3064 tua,
2915 3011 3132 3066 sponso.

221 3088 325 3144 Ἢν
348 3087 479 3163 γὰρ,
510 3086 665 3158 φησὶ,
696 3093 810 3150 τοῖς
842 3085 1048 3149 τέκνοις
1079 3108 1174 3142 σου
1204 3086 1382 3161 νέμεις
1413 3084 1787 3144 διδασκαλίαν.

2063 3086 2335 3142 Doctrina
2365 3085 2520 3140 enim
2540 3101 2653 3154 qua
2674 3085 2864 3138 nutris
2888 3084 3038 3140 filios
3070 3091 3200 3141 tuos
3233 3085 3360 3141 favo
3383 3089 3439 3141 et
3460 3085 3631 3143 melle

225 3175 389 3250 Ὑπὲρ
418 3173 609 3250 κηρίον
643 3173 845 3252 πέφυκε
873 3172 1213 3248 γλυκάζουσα
1241 3171 1330 3228 καῖ
1365 3172 1514 3247 μέλι.

1991 3174 2217 3230 dulcior
2247 3177 2353 3229 est.

359 3228 370 3250 1
478 3228 507 3250 ⁶Ι
652 3228 656 3229 7
725 3228 736 3252 δ
831 3228 836 3229 ⁷
886 3228 916 3248 ιν
1005 3228 1008 3229 ν
1057 3228 1080 3244 τ
1365 3228 1376 3247 δ
1417 3228 1446 3230 ⁷Ἶ
1502 3228 1512 3232 ⁷

298 3261 448 3320 Mil:
478 3262 567 3318 καὶ
595 3262 737 3340 γάλα
771 3263 874 3317 ὑπὸ
903 3263 1000 3331 τὴν
1034 3261 1285 3339 γλῶσσάν
1319 3283 1434 3319 σου.

1999 3228 2233 3319 Ἠλία-ει
2257 3228 2350 3318 lae
2375 3266 2474 3316 sub
2507 3260 2701 3332 lingua
2728 3263 2843 3317 tua.

226 3351 307 3408 Οὐ
338 3351 469 3426 γὰρ.
504 3353 659 3428 φησὶ,
689 3347 985 3425 μονοειδῶς
1013 3349 1104 3404 τὸν
1136 3348 1299 3426 λόγον
1331 3349 1512 3424 νέμεις
1541 3355 1723 3424 πᾶσιν,

2064 3352 2264 3424 Neque
2316 3350 2473 3408 enim
2526 3350 2730 3406 eadem
2789 3366 2994 3406 omnes
3065 3350 3290 3408 ratione
3346 3352 3479 3422 alis,
3538 3354 3639 3410 sed

225 3441 406 3499 Ἀλλὰ
429 3438 787 3512 κατάλληλον
817 3438 974 3495 παντὶ
1003 3438 1090 3494 καὶ
1122 3446 1250 3494 πᾶσι
1281 3441 1397 3495 κατ’
1427 3439 1598 3512 ἀξίαν.

1994 3459 2098 3516 pro
2173 3458 2280 3497 sua
2357 3455 2652 3512 quemque
2723 3443 2932 3494 natura
2988 3442 3163 3511 atque
3221 3443 3413 3497 astate.
3491 3442 3641 3498 Nam

221 3531 369 3594 Τοὺς
431 3532 530 3604 μὲν
575 3529 676 3606 γάρ
752 3528 1234 3608 γαλακτοτροφεῖς,
1291 3531 1417 3593 τούς
1487 3551 1547 3608 γε
1602 3551 1812 3603 νηπιεσ’

1992 3529 2406 3588 imbecilliores
2460 3528 2607 3585 lacte
2650 3529 2868 3600 pascis,
2901 3527 3074 3585 melle
3105 3532 3302 3587 autem
3333 3529 3641 3601 perfectio-

1623 3621 1772 3695 [ρους
1795 3639 1808 3652 ⁸
1993 3638 2107 3679 res.

215 3710 365 3773 Ἰοῦς
396 3708 442 3764 δ’
471 3708 537 3764 αῦ
568 3729 628 3785 γε
662 3707 1100 3787 μελιτοτροφεῖς,
1121 3707 1362 3763 τουτέστι
1393 3706 1519 3772 τοὺς
1550 3708 1812 3774 τελείους.

300 3801 482 3873 Ὀσμή
515 3799 753 3872 ἱματίων
782 3821 878 3854 σου
909 3799 985 3862 ὡς
1015 3797 1161 3871 ὀσμὴ
1197 3789 1445 3855 λίϐάνου.

2065 3802 2219 3859 Odor
2249 3803 2694 3858 vestimentorum
2722 3805 2963 3870 tuorum,
2994 3802 3138 3857 sicut
3163 3801 3298 3856 odor
3327 3800 3531 3856 thuris.

225 3888 343 3945 Κᾶν
373 3888 667 3966 ὑπερτέραν
699 3887 903 3954 ἄνωθεν
933 3887 1150 3943 πάντων
1179 3893 1284 3944 τῶν
1309 3890 1633 3964 ἀρωμάτων,

2065 3895 2209 3950 Cum
2242 3893 2513 3949 Ecclesiae
2543 3892 3028 3948 vestimentorum
3077 3894 3315 3949 odorem
3367 3892 3642 3964 superius

211 3979 332 4028 Τῶν
361 3975 597 4049 ἱματίων
626 3977 730 4045 τήν
760 3974 940 4047 ὀσμὴν
973 3975 1086 4030 εἶπε
1116 3977 1216 4044 τῆς
1242 3975 1595 4046 Ἐκκλησίας,

1993 3985 2223 4040 cunctis
2255 3984 2620 4040 aromatibus
2652 3983 3070 4055 anteposuerit,
3099 4001 3254 4038 nunc
3286 3981 3444 4038 thuri
3480 3983 3643 4038 simi-

218 4062 380 4119 Ἀλλ’
413 4061 535 4135 ἴσην
571 4064 890 4141 ἀπεφήνατο
920 4068 1012 4118 νῦν
1043 4061 1151 4134 ἤδη
1182 4068 1261 4136 τῷ
1291 4059 1524 4137 λιϐάνῳ·

1993 4071 2106 4127 lem
2167 4077 2223 4128 et
2281 4088 2482 4144 parem
2532 4086 2663 4126 esse
2721 4070 3080 4142 pronuntiat.
3128 4070 3292 4126 Thus
3321 4074 3516 4125 autem
3551 4073 3641 4126 est

220 4151 362 4227 Εῗγε
389 4154 638 4209 ἁπάντων
662 4153 919 4231 κρείττων
952 4154 1018 4222 ἦν
1048 4158 1157 4208 τῶν
1191 4152 1496 4227 ἀρωμάτων
1531 4154 1712 4216 οὗτος.

1992 4162 2257 4218 omnium
2280 4164 2606 4219 aromatum
2637 4159 3212 4232 praestantissimum.

795 4264 910 4315 Τῶν
945 4261 994 4336 γ’
1033 4261 1308 4335 Ηατέρων.

2591 4267 2775 4322 Trium
2807 4268 3042 4322 Patrem.

291 4349 357 4403 Τί
439 4347 864 4422 ὶκαλλιώθησαν
965 4349 1158 4423 μαστοί
1252 4370 1389 4421 σου,
1478 4347 1688 4428 ἀδελφή
1778 4372 1812 4424 μ

2063 4357 2237 4425 Quam
2257 4357 2502 4429 pulchrae
2525 4357 2689 4428 facta:
2729 4359 2856 4411 sunt
2880 4370 3137 4413 mamma:
3179 4358 3306 4428 tum,
3330 4370 3485 4411 soror
3512 4371 3641 4412 mea

216 4438 445 4515 νύμφηῑ

1988 4463 2188 4520 sponsa
2211 4451 2229 4500 !

292 4527 473 4597 Ἤτοι,
523 4525 854 4601 Θαυμασίως
901 4527 962 4583 τὸ
1019 4529 1161 4583 θεῖον
1219 4525 1425 4588 κάλλος
1483 4522 1807 4602 περιεδάλον

2061 4535 2271 4591 Mirum
2301 4534 2359 4590 in
2395 4535 2637 4591 modum
2678 4534 2936 4606 profecto
2970 4532 3168 4588 divina
3218 4536 3358 4587 sunt
3388 4532 3644 4604 pulchri-

213 4615 278 4671 τό
328 4637 389 4671 τε
437 4619 774 4692 θεωρητικὸν
821 4616 913 4672 καὶ
955 4618 1251 4694 πρακτικόν
1291 4638 1408 4684 σου,
1447 4613 1515 4672 δι’
1565 4618 1638 4672 ὧν
1697 4611 1812 4672 ὥσπ

1989 4625 2192 4680 tudine
2250 4624 2557 4691 decoratis,
2621 4621 2944 4694 speculatio
3014 4621 3296 4677 nimirum
3357 4602 3414 4677 et
3468 4621 3637 4689 actio,

213 4710 404 4778 μαζῶν
436 4706 497 4762 ού
530 4709 681 4782 παρὰ
711 4705 890 4777 φύσιν,
925 4705 1049 4761 οὐδὲ
1099 4706 1231 4782 ὑπὲρ
1291 4705 1469 4781 φύσιν,
1520 4704 1666 4761 ἀλλὰ
1722 4728 1812 4785 τρυε

1987 4715 2205 4786 quibus
2237 4717 2516 4785 tanquam
2578 4711 2858 4768 mammis
2919 4727 3034 4765 non
3097 4715 3304 4780 preter
3340 4713 3638 4776 naturam,

204 4800 322 4856 κῶς
353 4798 566 4872 τρέφεις
600 4794 790 4871 λόγοις
817 4796 907 4850 καὶ
951 4796 1179 4872 τρόποις
1234 4795 1371 4870 πρὸς
1422 4789 1722 4859 θεοσέϐειαν
1779 4817 1809 4851 τ

1987 4819 2092 4858 nec
2125 4818 2302 4874 super
2331 4805 2627 4869 naturam,
2671 4801 2772 4857 sed
2824 4799 3149 4855 secundum
3197 4803 3474 4853 naturam
3505 4815 3638 4853 ver—

206 4884 355 4959 πρὸς
381 4889 567 4959 ταῦτα,
594 4888 686 4940 οἷα
717 4885 966 4959 νηπίους,
1004 4883 1332 4963 ἐναγομὲνας
1366 4884 1566 4960 ψυγάς.

1986 4892 2078 4949 bis
2135 4895 2192 4947 et
2250 4891 2531 4957 moribus,
2593 4895 2875 4961 tanquam
2935 4888 3210 4958 infantes,
3274 4887 3505 4943 animas
3563 4889 3632 4942 ad

1986 4980 2265 5052 pietatem
2324 4977 2454 5047 alis,
2495 4994 2645 5050 quas
2703 4977 2762 5031 in
2823 4976 2917 5031 bis
2974 4974 3374 5030 instituendas
3432 4990 3633 5030 susce-

1984 5069 2147 5143 pisti.

280 5153 346 5208 Τί
384 5150 796 5223 ἐκαλλιώθησαν
829 5152 1023 5227 μαστοί
1053 5174 1149 5208 σου
1182 5153 1286 5207 άπὸ
1318 5150 1496 5209 οἶνουί

2057 5160 2230 5228 Quam
2260 5155 2488 5227 pulchra
2535 5157 2684 5226 facta
2711 5156 2842 5208 sunt
2874 5153 3050 5208 ubera
3088 5157 3189 5207 tua
3222 5169 3255 5206 (ι
3281 5152 3454 5207 vino!

279 5238 558 5307 Δηλονότι
600 5247 767 5298 ταῦτα
817 5243 959 5297 οὕτω
1010 5240 1325 5316 θαυμασίως
1369 5240 1712 5316 ὡραίσθησαν
1767 5242 1812 5298 ἀπ

2054 5249 2184 5303 Haec
2211 5245 2428 5319 quippe
2460 5249 2575 5300 tam
2606 5241 2853 5298 mirifice
2883 5242 3089 5297 effecta
3118 5244 3259 5296 sunt
3289 5240 3536 5311 pulchra
3568 5256 3637 5296 ex

201 5336 311 5400 τῆς
378 5327 526 5401 δίκην
590 5330 744 5386 οἷ’νου
805 5330 1099 5403 ἐξιστώσης
1135 5331 1272 5386 αύτᾶ
1327 5332 1463 5386 κατά
1515 5351 1575 5385 τε
1634 5329 1808 5402 ἃληστ

1986 5335 2285 5391 divinitate
2322 5332 2427 5388 tibi
2474 5329 2659 5403 gratis
2709 5345 3010 5397 concessa,
3044 5345 3076 5383 a
3116 5344 3233 5398 qua
3283 5332 3568 5401 tanquam
3601 5343 3636 5382 α

195 5425 414 5496 γνῶσιν
464 5429 564 5491 τῆς
624 5420 888 5492 ἀληθείας
937 5420 1027 5475 καὶ
1103 5415 1321 5496 βεϐαίαν
1401 5420 1615 5497 ἐνεργὸν
1690 5419 1812 5476 πίστ

1986 5424 2114 5479 vino
2146 5424 2472 5478 eﬂ‘eruntur
2528 5420 2659 5491 ipsa
2715 5423 2843 5473 tum
2879 5434 2982 5489 per
3011 5417 3314 5471 assiduam
3362 5413 3628 5470 veritatis

198 5514 304 5566 τοῦ
340 5508 545 5584 ἀγαθοῦ
592 5510 802 5586 χάριτι,
835 5510 975 5565 θέσει
1021 5511 1285 5575 θεώσεως.
1320 5511 1590 5575 Ἐντεῦθεν
1651 5507 1707 5564 δέ
1760 5509 1812 5565 ἑο

1986 5510 2394 5581 cognitionem,
2426 5513 2552 5563 tum
2611 5523 2714 5578 per
2752 5506 2983 5560 ﬁrmam
3020 5504 3154 5558 boni
3184 5504 3530 5559 ell‘ectricem
3567 5500 3634 5554 fi-

193 5601 288 5656 καὶ
339 5600 490 5674 ὀσμή
542 5599 779 5675 ἱματίων
836 5601 970 5678 ὑπὲρ
1010 5601 1184 5657 πάντα
1229 5601 1299 5657 τὰ
1361 5601 1643 5677 ἀρώματα·
1680 5599 1812 5673 ἱμάτ

1986 5600 2138 5656 dem.
2173 5599 2318 5655 Hinc
2350 5597 2529 5654 etiam
2578 5594 2935 5650 diﬁunditur
2966 5594 3111 5647 odor
3144 5593 3630 5648 vestimentorum

190 5689 250 5747 ὄὶ
277 5698 394 5763 τῆς
423 5691 638 5772 νύμφης
679 5693 816 5770 ἅπερ
844 5693 872 5748 ὁ
906 5690 1075 5769 μέγας
1121 5688 1434 5754 ἆτόστολος
1484 5688 1700 5752 Παῦλος
1755 5709 1812 5745 το

1986 5692 2222 5746 tuorum
2253 5702 2432 5759 super
2461 5684 2662 5744 omnia
2689 5686 2976 5741 aromata.
3009 5679 3379 5738 Vestimenta
3429 5681 3630 5736 autem
