3944 6210
391 393 510 452 623

1718 388 2140 450 MICHAELIS
2185 389 2277 450 PS
2290 391 2458 450 ELLI

3687 395 3789 458 634

393 541 805 598 sponsaa,quze
854 523 1088 594 quidem
1150 538 1398 593 magnus
1457 521 1761 592 apostolus
1819 521 2021 577 Paulus

2184 519 2424 582 ιλεκτοῖς
2478 525 2576 576 τοῦ
2629 526 2784 592 Θεοῦ,
2843 524 3021 598 ἁγίοις
3083 522 3394 580 ἐνδύσασθαι
3449 524 3790 602 ἐγκελεῦεται,

393 616 582 671 electis
618 615 715 669 Dei
746 615 969 681 sanctis,
1004 618 1068 667 ut
1124 613 1373 666 induant
1403 610 1684 682 praecipit,
1717 616 1856 666 sunt
1886 612 2037 666 beni-

391 707 577 773 gnitas
607 713 657 759 el
680 704 972 758 humilitas
995 703 1074 755 “2
1110 718 1235 771 quae
1295 701 1482 772 primo
1541 716 1773 771 quoque
1813 700 2039 755 homini

395 792 1016 849 divinummandatum
1042 790 1499 860 assignavit,que
1523 789 1605 842 illi
1642 790 2043 860 praescriptum

393 881 509 937 fuit
539 888 602 936 ut
631 883 849 936 bonum
883 884 1102 951 ageret,
1135 879 1309 949 idque
1341 895 1443 949 per
1473 877 1868 933 humilitatem
1904 896 2039 934 cus-

391 971 626 1028 todiret.
668 969 852 1040 Hujus
875 973 1070 1023 autem
1129 967 1517 1038 transgressio
1567 967 1726 1022 exuit
1749 966 1913 1022 illum
1939 984 2039 1038 spe

393 1057 716 1115 divinitatis
748 1056 1046 1126 allectum,
1105 1063 1159 1110 et
1217 1061 1487 1111 naturam
1523 1061 1726 1112 contra
1757 1073 1818 1111 se
1851 1056 2037 1126 ipsam

393 1147 670 1203 efferavit.
703 1151 863 1201 Hanc
898 1162 1031 1200 vero
1081 1145 1237 1201 Deus
1276 1145 1533 1200 Verbum
1589 1163 1796 1200 rursus
1849 1145 2042 1200 induit

391 1235 656 1308 exemplo
688 1252 817 1290 suo.
850 1234 1216 1290 Humilitatis
1268 1235 1426 1290 enim
1488 1252 1755 1290 normam
1788 1234 2044 1290 ostendit

389 1325 598 1394 nobis;
632 1341 768 1380 nam
797 1340 917 1379 cum
975 1326 1036 1380 in
1087 1326 1272 1394 forma
1332 1325 1428 1380 Dei
1483 1329 1640 1389 esset,
1688 1324 2040 1396 semetipsum

388 1415 718 1484 exinanivil,
756 1416 997 1485 formam
1039 1416 1183 1468 servi
1230 1413 1504 1483 accipiens
1542 1415 1616 1468 θος
1655 1413 2039 1484 Benignitatis

388 1509 610 1572 autem,
644 1504 783 1574 quia
830 1520 934 1574 pro
969 1501 1158 1557 salute
1191 1509 1388 1557 nostra
1422 1503 1522 1574 qui
1550 1509 1750 1558 sontes
1781 1519 2039 1574 eramus,

389 1598 670 1652 innocens
696 1594 820 1665 ipse
853 1597 1099 1648 mortem
1134 1593 1340 1650 subiit.
1375 1593 1768 1660 Quamobrem
1811 1596 1867 1648 et
1898 1593 2041 1648 odor

389 1685 879 1740 vestimentorum
913 1680 1130 1752 inillis,
1164 1682 1264 1754 qui
1296 1683 1403 1738 hoc
1436 1683 1632 1736 animo
1666 1687 1804 1737 sunt
1827 1681 2038 1752 induti,

393 1777 594 1844 utpote
625 1772 726 1844 qui
758 1770 1184 1843 benignitatem
1244 1776 1299 1825 et
1356 1769 1902 1826 immutabilitatem
1939 1769 2038 1826 Dei

392 1881 512 1936 pra:
541 1881 603 1920 se
637 1864 824 1919 ferant
852 1868 908 1918 et
939 1865 1246 1936 propterea
1277 1862 1457 1917 divini
1492 1861 1630 1928 sint,
1665 1863 1819 1934 quod
1879 1862 2038 1932 ejus-
2077 1898 2119 1961 Β

395 1951 552 2008 modi
587 1952 785 2008 amicti
809 1951 930 2007 sint
951 1950 1338 2020 indumentis,
1370 1956 1457 2006 est
1487 1968 1666 2023 super
1700 1950 1894 2006 omnia
1915 1967 2040 2005 aro-

396 2047 572 2099 mata.
608 2041 765 2097 Nihil
797 2041 951 2096 enim
994 2040 1315 2111 comparari
1377 2044 1568 2112 potest
1597 2039 1925 2112 fragrantia:
1957 2037 2041 2093 di-

395 2131 679 2198 vinitatis,
713 2147 891 2203 quam
944 2131 1057 2184 Deo
1109 2129 1461 2200 desponsata
1496 2147 1609 2185 non
1643 2147 1746 2201 per
1777 2135 2043 2184 naturam

395 2221 641 2288 obtinet,
667 2220 767 2275 sed
792 2236 895 2290 per
925 2219 1176 2290 gratiam
1201 2218 1570 2290 adipiscitur.
1597 2221 1675 2273 Ac
1699 2217 2046 2274 vestimenta

393 2311 630 2382 quidem
657 2313 756 2364 tua
780 2307 954 2364 talem
981 2307 1260 2364 emittunt
1277 2308 1646 2364 suavitatem.
1671 2311 1883 2364 Caetera
1914 2324 2045 2363 vero

393 2400 536 2472 quid
567 2403 589 2454 Ρ

463 2492 670 2546 Favum
700 2489 983 2543 distillant
1015 2488 1162 2544 labia
1188 2491 1302 2552 tua,
1335 2503 1573 2559 sponsa:
1605 2491 1712 2542 mel
1737 2498 1790 2543 et
1835 2488 1918 2543 lac
1945 2488 2045 2543 sub

397 2581 592 2651 lingua
623 2588 740 2635 tua.

467 2667 727 2724 Decendi
760 2666 1047 2723 rationem
1077 2683 1142 2722 ac
1177 2667 1418 2721 modum
1477 2670 1710 2722 servant
1755 2665 1910 2722 labia
1940 2670 2047 2722 tua

399 2757 485 2814 sic
516 2757 899 2823 instructum,
961 2758 1026 2810 ut
1083 2755 1155 2809 ab
1213 2753 1448 2827 apicula
1488 2755 1680 2811 favum
1714 2758 2043 2812 confectum

400 2845 927 2917 eernimus.Neque
941 2844 1098 2899 enim
1119 2844 1292 2899 unica
1314 2844 1540 2900 ratione
1561 2847 1788 2900 cunctis
1809 2845 2046 2900 audien-

398 2937 560 2994 tibus
591 2935 754 2992 aﬁ‘ert
776 2933 1092 2990 utilitatem
1118 2949 1130 2987 :
1157 2934 1256 2989 sed
1278 2951 1378 3005 pro
1411 2935 1700 3005 cujusque
1731 2935 1969 2990 modulo
1991 2940 2044 2990 te

397 3025 650 3099 singulis
671 3024 1176 3090 accommodas,ut
1200 3028 1256 3078 et
1282 3023 1724 3096 perfectioribus
1759 3028 1815 3078 et
1846 3024 2042 3079 radie-

397 3116 563 3172 ribus
595 3113 949 3171 satisfacias.
1009 3118 1089 3168 Ac
1140 3117 1395 3168 mentem
1437 3113 1671 3185 quidem
1707 3130 1909 3168 eorum
1945 3114 2042 3185 qui

398 3210 538 3262 sunt
568 3203 831 3277 perfecti,
863 3200 1252 3257 divinioribus
1283 3202 1496 3271 verbis,
1531 3207 1815 3274 tanquam
1849 3203 2041 3267 melle,

2149 615 2183 680 ἡ
2249 615 2565 686 χρηστότης
2622 614 2732 668 ἐστὶ
2775 615 2864 670 καὶ
2918 620 2953 687 ἡ
2985 618 3472 696 ταπεινοφροσύνῃ,
3507 619 3538 672 ἃ
3586 621 3674 674 καὶ
3726 627 3790 693 τῷ

2150 701 2569 775 πρωτοπλοὶστῳ
2600 706 2633 772 ἡ
2672 705 2764 776 μὶν
2824 705 2938 768 θεία
2985 705 3183 774 ἐντολή
3230 714 3615 781 περιεποιεῖτο,
3652 707 3789 784 ἔργάο

2153 795 2328 858 ζεσοαι
2387 791 2449 845 τὸ
2507 792 2732 865 ἀγαθὸν,
2759 794 2847 848 καὶ
2880 793 3168 872 φυλάσσειν
3205 801 3366 852 τοῦτο
3422 795 3512 850 διὰ
3557 819 3788 852 ταπεινο-

2151 878 2420 956 φροσῦνης
2505 883 2904 954 προτρὲπουσα.
2963 885 3026 940 Ἡ
3104 883 3160 939 δὲ
3226 882 3526 961 παράϐασις
3606 887 3791 956 ταύτης

2151 965 2411 1037 ἐξὲδυσεν.
2461 967 2644 1024 ἐλπίδι
2695 971 2950 1042 Θεότητος
3002 970 3322 1042 δελεάσασα,
3379 975 3470 1029 καὶ
3529 977 3649 1029 καθ’
3681 976 3786 1030 Eae-

2148 1061 2248 1120 τῆς
2299 1059 2399 1124 τήν
2462 1058 2616 1135 φύσιν
2677 1059 3312 1133 ἐκθηριώσασασταύτην
3373 1061 3430 1118 δὲ
3477 1063 3644 1118 πάλιν
3705 1062 3788 1119 αῦ-

2148 1147 2240 1207 τὸς
2275 1147 2301 1200 ὁ
2333 1147 2462 1209 Θεὸς
2497 1149 2669 1224 Λόγος
2703 1148 2914 1205 ἐνέδυσε
2943 1150 3021 1224 τῷ
3049 1154 3166 1206 καθ’
3198 1153 3383 1208 ἑαυτὸν
3423 1151 3787 1229 ὑποδείγματι.

2149 1233 2360 1308 Τρόπον
2421 1236 2524 1310 γὰρ
2581 1238 3086 1315 ταπεινοφροσύνης
3150 1241 3245 1312 μὶν
3307 1237 3574 1310 ὑπέδειξεν
3642 1243 3788 1313 ἡμῖν,

2151 1323 2233 1375 ὅτι
2283 1321 2334 1375 ἐν
2394 1328 2580 1398 μορφῇ
2642 1330 2774 1379 Θεοῦ
2836 1327 3097 1403 ὑπάρχων
3149 1329 3334 1383 ἑαυτὸν
3379 1328 3627 1395 ὖκένωσε,
3666 1350 3789 1403 μορ-

2151 1411 2255 1488 φὴν
2313 1409 2516 1468 δούλου
2571 1409 2793 1470 λαϐών·
2827 1419 3208 1491 χρηστότητος
3269 1416 3345 1490 δὲ,
3380 1419 3462 1473 ὅτι
3528 1420 3662 1493 ὑπὲρ
3707 1425 3791 1489 τῆς

2151 1503 2430 1576 σωτηρίας
2461 1508 2567 1557 τῶν
2612 1505 2917 1560 ὑπευθύνων
2967 1509 3153 1580 ἡμῶν,
3194 1510 3281 1564 καὶ
3343 1514 3520 1572 θανεῖν
3579 1509 3788 1563 ἀνευθῦ-

2149 1613 2258 1654 νως
2289 1593 2576 1667 ἠνέσχετο.
2611 1596 2773 1652 Ὅθεν
2801 1595 2890 1649 καὶ
2917 1599 2951 1665 ἡ
2986 1595 3038 1650 ὲν
3070 1602 3188 1659 τοῖς
3233 1599 3368 1652 κατὰ
3394 1598 3625 1674 γνώμην
3676 1601 3787 1653 ταῦ-

2148 1701 2213 1734 τα
2245 1679 2626 1754 ἐνδυσαμένοις
2672 1681 2869 1739 εὐωδία
2922 1685 3254 1757 τούτων,ὡς
3307 1685 3654 1764 ἐμιραντικῶν
3708 1691 3791 1752 τῆς

2150 1770 2490 1845 synodum;
2545 1777 2642 1825 τοῦ
2696 1777 2829 1827 Θεοῦ
2891 1775 2979 1828 καὶ
3030 1781 3129 1843 τῆς
3188 1774 3461 1850 ἀτρεψίας,
3523 1776 3786 1838 κάντεῦθεν

2150 1863 2422 1914 Οεωτικῶν
2478 1865 2584 1915 τῶν
2638 1859 3002 1936 ἐνδεδυμένων
3065 1862 3217 1933 αὐτὰ,
3271 1865 3404 1939 ὑπὲρ
3461 1864 3638 1920 πάντα
3695 1865 3785 1918 ἐστὶ

2149 1948 2215 2002 τὰ
2262 1948 2547 2024 ἀρώματα.
2581 1947 2750 2007 Οὐδὲν
2796 1952 2898 2027 γὰρ
2955 1957 3274 2028 παρισοῦται
3322 1957 3389 2026 τῇ
3450 1951 3656 2024 εὐωδίᾳ
3704 1960 3788 2021 τῆς

2155 2037 2432 2109 θεότητος,
2482 2041 2548 2109 ἣν
2601 2042 2634 2108 ἡ
2669 2047 3033 2118 νυμφευθεῖσα
3083 2046 3162 2113 τῷ
3217 2046 3333 2114 Θεῷ
3392 2041 3452 2096 οὐ
3508 2043 3664 2119 φύσει
3711 2044 3786 2096 κί-

2153 2147 2365 2196 κτηται,
2401 2126 2546 2182 ἀλλᾶ
2577 2131 2765 2205 χάριτι
2796 2125 3211 2203 περιϐάλλεται.
3239 2129 3336 2184 Καὶ
3365 2130 3626 2201 τοιαύτην
3688 2133 3789 2204 μὶν,

2155 2217 2308 2296 φησὶ,
2340 2217 2405 2272 τὲ
2433 2218 2625 2292 ἱμάτια
2656 2241 2750 2274 σου
2785 2217 3010 2275 εὐωδίαν
3052 2219 3388 2294 ἐκπέμπουσι
3417 2241 3429 2254 ·
3463 2221 3530 2276 τὰ
3575 2219 3636 2276 δὲ
3683 2221 3793 2276 λοι-

2153 2307 2229 2363 πᾶι
2258 2307 2348 2377 τί;

2227 2485 2427 2561 Κηρίον
2463 2487 2821 2558 ἆποστσὶζουσι
2852 2489 2918 2544 τα
2948 2486 3113 2567 χείλη
3147 2509 3264 2564 σου,
3299 2487 3508 2568 νύμφη,
3545 2487 3676 2562 μὲλι
3717 2487 3795 2544 καὶ

2154 2572 2301 2648 γάλα
2335 2575 2437 2630 ὑπὸ
2467 2577 2566 2645 τὴν
2600 2575 2852 2651 γλῶσσάν
2886 2601 3003 2636 σου.

2225 2666 2450 2739 ἼΙγουν.
2486 2665 2654 2741 Λόγον
2705 2663 3086 2722 διδασκαλικὸν
3138 2669 3469 2744 προφέρουσι
3522 2670 3591 2723 τὰ
3641 2666 3796 2742 χείλη

2155 2774 2249 2807 σου
2303 2754 2816 2829 κατεσκευασμένον,
2873 2758 3052 2834 ὥσπερ
3119 2756 3220 2812 ὑπὸ
3281 2756 3538 2830 μελίσσης
3593 2758 3801 2831 κηρίον,

2155 2841 2205 2896 ἐν
2343 2846 2418 2916 μή
2454 2842 2848 2900 ἐπιδείκνυσθαι
2893 2843 3153 2919 μονοειδῆ
3215 2852 3331 2908 τοῖς
3391 2846 3652 2901 ἀκούουσι
3708 2847 3796 2913 τήν

2155 2929 2446 3008 ὠφέλειαν,
2481 2931 2626 2988 ἀλλᾶ
2651 2931 3019 3006 καταλλήλως
3071 2935 3207 3010 πρὸς
3266 2935 3365 3003 τήν
3400 2940 3508 2990 τῶν
3566 2933 3792 3010 δεχομέ-

2152 3041 2258 3073 νων
2311 3021 2667 3097 ἁρμόττεσθαι
2719 3019 2968 3097 δῦναμιν,
3013 3024 3088 3088 ὡς
3137 3025 3226 3078 καὶ
3277 3029 3395 3086 τοῖς
3441 3022 3798 3099 τελειοτέροις

2155 3109 2243 3164 καὶ
2275 3115 2390 3172 τοῖς
2422 3109 2882 3188 νηπιωδεστέροις
2931 3113 3147 3168 οἷ’κείως
3181 3109 3326 3190 ἔχειν
3350 3133 3362 3145 ’
3416 3118 3523 3168 τῶν
3580 3114 3678 3186 μὶν
3710 3113 3792 3167 τὸν

2153 3202 2275 3251 νοῦν
2310 3198 2674 3262 τελειωτικῶς
2725 3200 3021 3276 θειοτέροις
3071 3203 3146 3264 ὡς
3205 3201 3386 3275 μέλιτι
3447 3201 3804 3278 γλυκαίνοντα

397 3293 806 3353 dulcissimam
862 3291 1078 3348 reddis.
1143 3291 1251 3356 Qui
1311 3308 1442 3346 vero
1501 3292 1676 3347 rudes
1707 3293 2021 3363 tironesqm

2184 3289 2390 3360 πήμασι,
2419 3293 2527 3344 τῶν
2563 3287 2619 3344 δὲ
2643 3291 2741 3360 τήν
2777 3287 3016 3346 διάνοιαν
3064 3291 3432 3368 εἷσαγωγικῶς
3479 3297 3601 3352 τοῖς
3661 3311 3804 3368 φυσιο

396 3388 559 3451 sunt,
592 3398 793 3439 eorum
856 3381 1086 3436 animos
1142 3384 1423 3450 tanquam
1485 3379 1633 3435 lacte
1679 3380 2048 3436 naturalibus

399 3473 597 3547 exples
629 3469 1170 3542 institutis.Duplex
1204 3469 1324 3524 hac
1353 3470 1772 3542 igitur,nempe
1798 3471 2051 3526 divinior

401 3569 460 3619 et
492 3561 806 3618 humanior
862 3559 1107 3614 docendi
1170 3559 1340 3626 ratio,
1399 3559 1479 3614 ita
1527 3559 1678 3629 viget
1709 3560 1818 3614 sub
1850 3559 2050 3631 lingua

403 3655 529 3722 tua,
565 3656 629 3705 ut
659 3665 756 3704 eas
789 3648 942 3702 haud
979 3646 1377 3717 intempestive
1411 3663 1666 3718 promas,
1701 3649 1799 3703 sed
1833 3665 2046 3720 oppor-

403 3745 546 3795 tune
577 3742 753 3808 atque
779 3736 1217 3790 accommodate
1246 3735 1317 3788 ad
1341 3751 1564 3802 eorum,
1601 3737 1697 3806 qui
1733 3736 2050 3793 instituun-

398 3832 520 3899 tur,
555 3826 891 3882 utilitatem.

469 3918 542 3970 ει
573 3915 703 3969 odor
717 3914 1170 3968 vestimentorum
1196 3919 1418 3964 tuorum
1442 3912 1582 3965 sirut
1612 3912 1743 3966 odor
1776 3913 1972 3968 thuris.

398 4003 743 4076 Fragrantia
801 3999 1025 4056 scilicet
1084 4016 1325 4070 operum
1382 4003 1639 4068 tuorum,
1675 4003 1890 4073 quibus
1921 4006 2043 4058 tum

391 4095 534 4150 viris
569 4089 915 4147 naturaliter
947 4089 1188 4161 promis,
1221 4092 1346 4143 tum
1381 4089 1439 4143 in
1473 4091 1696 4161 agendo
1733 4109 1798 4146 ex
1833 4093 2046 4148 mentis

395 4181 736 4257 praescripto
762 4196 952 4234 meres
977 4177 1145 4250 quasi
1171 4178 1526 4234 vestimenta
1548 4180 1810 4249 quaedam
1839 4181 2037 4238 indue-

392 4273 498 4340 ris,
532 4270 740 4326 divina»:
773 4268 1150 4341 providentiae
1183 4285 1310 4339 qum
1362 4269 1590 4324 cunctis
1621 4271 1679 4325 in
1714 4271 1889 4326 rebus
1922 4288 2044 4327 cer-

393 4362 576 4430 nitur,
611 4357 884 4415 suavitati
925 4356 1140 4412 similis
1170 4363 1298 4414 est:
1351 4375 1484 4413 cum
1545 4360 1614 4415 ad
1649 4359 2042 4417 imitationem

391 4451 515 4518 Dei,
549 4449 759 4506 salutis
794 4446 1115 4502 multorum
1159 4464 1358 4502 curam
1389 4465 1576 4521 geras.
1613 4449 1850 4521 Propria
1885 4451 2040 4506 enim

381 4538 617 4596 ratione
651 4538 904 4612 quadam
941 4538 1078 4593 thus
1114 4539 1184 4593 ad
1219 4538 1502 4594 honorem
1531 4538 1624 4594 Dei
1660 4540 1930 4595 refertur.
1964 4543 2042 4595 Ac

2158 3381 2277 3437 κοῖς
2338 3378 2410 3439 ὡς
2464 3375 2693 3453 γάλακτι
2754 3381 3039 3455 τρέφοντα.
3101 3381 3266 3436 Αῦται
3327 3378 3418 3434 οὖν
3469 3381 3523 3434 αἱ
3556 3376 3805 3434 διδασκαο

2159 3461 2294 3535 λίαι,
2415 3487 2473 3521 τε
2529 3469 2771 3544 θειοτέρα
2827 3468 2914 3522 καὶ
2962 3472 2997 3539 ἡ
3055 3468 3533 3544 ἆνθρωπικωτὲρα,
3575 3471 3680 3524 ὑπὸ
3712 3469 3802 3536 τὴν

2155 3551 2407 3630 γλῶσσαν
2465 3578 2582 3626 σου,
2639 3557 2712 3619 ὡς
2783 3558 2858 3630 μὴ
2937 3558 3174 3632 ἀκαίρως
3238 3557 3434 3619 ταύτας
3502 3557 3805 3632 προφὲρῃς,

2159 3641 2303 3697 ἀλλὰ
2331 3644 2466 3698 κατὰ
2513 3647 2698 3721 καιρὸν
2747 3646 2840 3702 τὸν
2881 3644 3143 3720 ἁρμόδιον
3193 3647 3282 3702 καὶ
3328 3647 3516 3724 χρείαν
3581 3647 3803 3703 ἕκαστον

2159 3728 2581 3807 διδασκομένων.

2350 3913 2451 3967 Καὶ
2488 3914 2630 3986 ὁσμή
2665 3911 2898 3986 ἱματίων
2931 3936 3026 3970 σου
3061 3915 3136 3977 ὡς
3171 3914 3315 3990 ὀσμὴ
3359 3909 3613 3972 λιϐάνου.

2228 4006 2453 4076 ’¹Ι]γουν,
2486 4003 2550 4058 Ἡ
2582 3999 2777 4057 εὐωδία
2805 4007 2910 4058 τῶν
2940 3998 3108 4081 ἔργων
3163 4025 3278 4077 σου,
3339 4005 3411 4059 ὧν
3465 4005 3510 4059 εἱ
3565 4007 3663 4060 καὶ
3722 4005 3809 4065 τὰς

2158 4085 2410 4162 δυνάμεις
2459 4094 2699 4166 φυσικῶς
2754 4089 3014 4169 ἐπιφέρῃ·
3047 4089 3194 4147 ἀλλᾶ
3237 4091 3366 4154 τοὺς
3425 4092 3816 4168 ἰνιργητικοῦς

2154 4178 2392 4254 τρόπους
2431 4181 2564 4234 κατᾶ
2595 4181 2823 4255 γνώμην
2857 4181 2931 4243 ὡς
2965 4182 3157 4254 ἱμάτια
3205 4175 3540 4256 περιϐαλλῃ,
3731 4181 3814 4236 εῦ-

2156 4265 2292 4338 ωδίᾳ
2319 4275 2421 4338 τῆς
2452 4270 2573 4345 περὶ
2605 4269 2772 4324 πάντα
2800 4273 2897 4324 τοῦ
2930 4273 3064 4326 Θεοῦ
3115 4269 3374 4345 προνοίας
3425 4272 3812 4344 παριίκασται·

2153 4358 2289 4412 κατὰ
2317 4358 2546 4431 μίμησιν
2581 4363 2735 4426 Θεοῦ,
2766 4357 3084 4433 κηδομένης
3117 4379 3212 4414 σου
3267 4361 3367 4428 τῆς
3414 4363 3522 4412 τῶν
3579 4357 3814 4414 πολλῶν

2153 4447 2446 4522 σωτηρίας.
2480 4445 2816 4518 ’ἰδιαζόντως
2864 4449 2966 4525 γὰρ
3015 4449 3150 4503 κατά
3191 4469 3313 4503 τινα
3360 4446 3524 4524 λόγον
3573 4447 3661 4510 εἷς
3717 4448 3813 4514 τὴν

2152 4541 2247 4591 τοῦ
2283 4541 2415 4591 Θεοῦ
2470 4538 2638 4610 τιμὴν
2693 4538 2721 4590 ὁ
2777 4532 2997 4600 λίϐανος
3055 4537 3434 4593 ἆποτὲτακται.
3485 4537 3586 4590 Καὶ
3652 4537 3819 4599 καθά-

388 4627 892 4702 quemadmodum
927 4626 1064 4682 thus
1088 4644 1156 4681 ex
1181 4627 1413 4700 proprie
1438 4628 1726 4693 odore,sic
1767 4628 1944 4694 Deus,
1977 4645 2021 4684 e:

2184 4647 2254 4702 τερ
2288 4627 2445 4688 οὗτος
2481 4626 2537 4680 ἐκ
2562 4632 2659 4695 τῆς
2693 4624 2835 4689 ἰδίας
2887 4628 3084 4700 ὀσμῆς,
3119 4625 3262 4682 οὕτω
3300 4647 3389 4681 και
3431 4626 3493 4680 τὸ
3542 4631 3710 4682 Θεῖον
3762 4624 3818 4680 ἐκ

389 4734 584 4774 rerum
617 4717 884 4773 omnium
920 4716 1324 4789 providentia;
1358 4721 1415 4772 et
1447 4715 1817 4788 singulorum
1853 4717 2044 4772 animi

388 4806 637 4872 atl‘ectio,
670 4822 737 4862 ex
770 4807 1046 4876 operibus
1078 4805 1505 4862 indicatur.Sed
1540 4822 1670 4860 cum
1706 4806 1878 4876 paulo
1910 4812 2044 4862 ante

387 4897 624 4952 odorem
658 4894 1144 4950 vestimentorum
1182 4912 1414 4968 sponsae
1446 4913 1626 4966 super
1657 4897 1856 4950 omnia
1914 4911 2042 4950 are-

387 4989 545 5040 mata
585 5002 712 5040 esse
744 4984 1008 5054 dixisset,
1034 5001 1138 5040 nec
1171 4985 1466 5056 quomodo
1501 4985 1557 5039 id
1610 4989 1784 5053 esset,
1842 4983 2030 5039 decla-

383 5080 573 5131 rasset
605 5095 618 5144 ;
655 5075 749 5130 hic
782 5075 926 5130 illud
961 5075 1240 5145 ostendit,
1266 5075 1407 5129 dum
1433 5076 1672 5130 odorem
1708 5074 1874 5128 illum
1905 5073 2041 5128 thu-

378 5165 462 5220 ris
495 5165 655 5220 odori
692 5163 944 5220 similem
981 5163 1122 5218 dicit
1153 5163 1456 5219 esse.Nam
1483 5165 1639 5218 sicut
1671 5164 1808 5218 thus
1840 5179 2043 5218 accen-

380 5253 539 5310 ditur
571 5255 640 5310 ad
675 5253 920 5327 gloriam
961 5252 1056 5308 Dei
1085 5269 1098 5306 :
1156 5257 1306 5308 Deus
1338 5256 1534 5308 autem
1569 5251 1695 5307 sine
1729 5251 1847 5306 ulla
1879 5268 2038 5306 cem-

376 5345 683 5417 paratione
714 5350 804 5399 est
838 5359 1032 5399 rerum
1069 5342 1338 5398 omnium
1370 5340 1928 5413 praestantissimus;
1955 5340 2038 5396 sic

367 5451 551 5508 opera
584 5451 710 5508 qua:
744 5434 816 5489 ad
850 5432 1060 5488 divinae
1093 5431 1244 5487 ﬁunt
1297 5430 1585 5488 bonitatis
1618 5429 2032 5503 imitationem,

364 5523 616 5598 reliquis
647 5523 923 5581 omnibus
969 5521 1348 5579 antecedunt.

436 5743 482 5778 ⁴⁸
509 5741 727 5801 Coless.
760 5751 887 5811 xm,
917 5741 1004 5795 12.
1039 5739 1083 5775 ⁸⁸
1114 5737 1373 5812 Philipp.
1398 5755 1461 5808 ιι,
1495 5734 1551 5807 6,
1577 5736 1632 5793 7.

2153 4715 2250 4783 τῆς
2310 4713 2431 4786 περῖ
2487 4714 2556 4767 τα
2607 4714 2778 4768 πάντα
2834 4713 3116 4789 προνοίας,
3149 4713 3238 4769 καὶ
3273 4715 3308 4782 ἡ
3343 4713 3569 4768 ἑκάστου
3633 4710 3820 4774 διάθε-

2155 4824 2236 4864 σις
2291 4801 2348 4856 ἐκ
2403 4805 2508 4855 τῶν
2562 4799 2730 4878 ἔργων
2816 4804 3160 4879 γνωρίζεται.
3213 4803 3422 4877 Μικρὸν
3485 4801 3544 4856 δὲ
3609 4801 3815 4864 ἄνωθεν

2154 4890 2416 4968 εἶ’ρηκὼς,
2451 4890 2531 4946 ὅτι
2565 4893 2599 4960 ἡ
2635 4891 2778 4965 ὀσμὴ
2825 4895 2932 4946 τῶν
2975 4890 3211 4966 ἱματίων
3258 4898 3358 4961 τῆς
3397 4889 3631 4966 νύμφης·
3689 4891 3819 4962 ὑπὲρ

2151 4982 2323 5035 πάντα
2356 4979 2466 5034 ἐστὶ
2497 4979 2563 5035 τὰ
2614 4979 2898 5055 ἂρώματα,
2955 4980 3045 5036 καὶ
3099 4980 3162 5035 τὸ
3217 4979 3336 5042 πῶς
3385 4981 3461 5051 μὴ
3513 4976 3821 5050 δηλοῦται,

2151 5070 2378 5126 ἐνταῦθα
2407 5076 2573 5126 τοῦτο
2605 5069 2791 5144 δηλοῖ,
2823 5076 2892 5146 τῇ
2925 5073 3072 5147 ὀσμῇ
3115 5077 3213 5126 τοῦ
3275 5065 3498 5126 Λιϐάνου
3551 5073 3824 5146 παρεικά-

2154 5164 2258 5230 ζων
2294 5160 2484 5230 αὐτήν,
2515 5158 2604 5214 διὰ
2631 5161 2693 5214 τὸ
2721 5164 2915 5216 τοῦτον
2948 5160 3025 5222 είς
3073 5161 3242 5233 τιμήν
3285 5163 3384 5214 τοῦ
3437 5159 3604 5214 Θείου
3671 5157 3820 5228 λαμ-

2149 5244 2414 5306 ϐάνεσθαι.
2452 5249 2550 5303 Καὶ
2583 5248 2700 5304 ἐπεὶ
2727 5249 2790 5304 τὸ
2835 5255 2988 5305 Θεῖον
3043 5248 3380 5325 ἀσυγκρίτως
3439 5248 3574 5322 ὑπὲρ
3644 5248 3822 5302 πάντα

2147 5337 2280 5410 tati,
2335 5339 2422 5393 καὶ
2483 5338 2550 5394 τὰ
2604 5338 2740 5393 κατὰ
2799 5338 3030 5412 μίμησιν
3084 5345 3185 5408 τῆς
3243 5337 3409 5393 αὐτοῦ
3463 5337 3818 5414 ἀγαθότητος

2147 5421 2294 5505 ἔργα.
