  <div class='ocr_page' id='page_1' title='image "/cluster/home/n/w/nwhite01/storage/ocr_20150623/122/hvd.32044073502460/326.png"; bbox 0 0 3944 6210; ppageno 0'>
   <div class='ocr_carea' id='block_1_1' title="bbox 193 310 2542 378">
    <p class='ocr_par' dir='ltr' id='par_1_1' title="bbox 193 310 2542 378">
     <span class='ocr_line' id='line_1_1' title="bbox 193 310 2542 378; baseline -0.005 0"><span class='ocrx_word' id='word_1_1' title='bbox 193 318 286 378; x_wconf 75' lang='lat'>625</span> <span class='ocrx_word' id='word_1_2' title='bbox 1214 310 1616 372; x_wconf 88' lang='lat' dir='ltr'>COMMENT.</span> <span class='ocrx_word' id='word_1_3' title='bbox 1663 311 1741 370; x_wconf 87' lang='lat' dir='ltr'><strong>IN</strong></span> <span class='ocrx_word' id='word_1_4' title='bbox 1789 310 2189 372; x_wconf 82' lang='lat' dir='ltr'>CANTICUM</span> <span class='ocrx_word' id='word_1_5' title='bbox 2235 311 2542 371; x_wconf 70' lang='lat' dir='ltr'>CANTIC.</span> 
     </span>
    </p>
   </div>
   <div class='ocr_carea' id='block_1_2' title="bbox 246 439 1904 516">
    <p class='ocr_par' dir='ltr' id='par_1_2' title="bbox 246 439 1904 516">
     <span class='ocr_line' id='line_1_2' title="bbox 246 439 1904 516; baseline -0.005 -16"><span class='ocrx_word' id='word_1_6' title='bbox 246 452 426 515; x_wconf 73' lang='grc' dir='ltr'>Κῆπος</span> <span class='ocrx_word' id='word_1_7' title='bbox 482 441 904 516; x_wconf 68' lang='grc' dir='ltr'>κικλεισμὲνος,</span> <span class='ocrx_word' id='word_1_8' title='bbox 981 440 1191 511; x_wconf 76' lang='grc' dir='ltr'>ἀδελφή</span> <span class='ocrx_word' id='word_1_9' title='bbox 1261 463 1366 515; x_wconf 86' lang='grc' dir='ltr'>μου</span> <span class='ocrx_word' id='word_1_10' title='bbox 1417 439 1602 516; x_wconf 84' lang='grc' dir='ltr'>νύμφη</span> <span class='ocrx_word' id='word_1_11' title='bbox 1644 458 1656 473; x_wconf 81' lang='grc'><strong><em>⁸</em></strong></span> <span class='ocrx_word' id='word_1_12' title='bbox 1717 447 1904 514; x_wconf 78' lang='grc' dir='ltr'>κῆ-Α</span> 
     </span>
    </p>
   </div>
   <div class='ocr_carea' id='block_1_3' title="bbox 189 529 1823 612">
    <p class='ocr_par' dir='ltr' id='par_1_3' title="bbox 189 529 1823 612">
     <span class='ocr_line' id='line_1_3' title="bbox 189 529 1823 612; baseline -0.004 -22"><span class='ocrx_word' id='word_1_13' title='bbox 189 556 272 597; x_wconf 83' lang='grc' dir='ltr'>πος</span> <span class='ocrx_word' id='word_1_14' title='bbox 351 535 451 610; x_wconf 82' lang='grc' dir='ltr'>γάρ</span> <span class='ocrx_word' id='word_1_15' title='bbox 535 553 801 612; x_wconf 78' lang='grc' dir='ltr'>πεφυκας,</span> <span class='ocrx_word' id='word_1_16' title='bbox 913 530 1108 610; x_wconf 82' lang='grc' dir='ltr'>φησὶν,</span> <span class='ocrx_word' id='word_1_17' title='bbox 1203 532 1249 586; x_wconf 82' lang='grc' dir='ltr'>ὦ</span> <span class='ocrx_word' id='word_1_18' title='bbox 1321 531 1533 609; x_wconf 85' lang='grc' dir='ltr'>νύμφη,</span> <span class='ocrx_word' id='word_1_19' title='bbox 1605 529 1823 586; x_wconf 77' lang='grc' dir='ltr'>κεκλει-</span> 
     </span>
    </p>
   </div>
   <div class='ocr_carea' id='block_1_4' title="bbox 3468 316 3586 375">
    <p class='ocr_par' dir='ltr' id='par_1_4' title="bbox 3468 316 3586 375">
     <span class='ocr_line' id='line_1_4' title="bbox 3468 316 3586 375; baseline 0 0"><span class='ocrx_word' id='word_1_20' title='bbox 3468 316 3586 375; x_wconf 76' lang='grc'>626</span> 
     </span>
    </p>
   </div>
   <div class='ocr_carea' id='block_1_5' title="bbox 2005 443 3586 513">
    <p class='ocr_par' dir='ltr' id='par_1_5' title="bbox 2005 443 3586 513">
     <span class='ocr_line' id='line_1_5' title="bbox 2005 443 3586 513; baseline 0.003 -15"><span class='ocrx_word' id='word_1_21' title='bbox 2005 446 2201 498; x_wconf 79' lang='lat' dir='ltr'><strong>Hortus</strong></span> <span class='ocrx_word' id='word_1_22' title='bbox 2231 443 2544 509; x_wconf 71' lang='lat' dir='ltr'><strong>conclusus,</strong></span> <span class='ocrx_word' id='word_1_23' title='bbox 2579 459 2733 497; x_wconf 83' lang='lat' dir='ltr'><strong>soror</strong></span> <span class='ocrx_word' id='word_1_24' title='bbox 2773 458 2898 497; x_wconf 82' lang='lat' dir='ltr'>mea</span> <span class='ocrx_word' id='word_1_25' title='bbox 2948 458 3173 513; x_wconf 74' lang='lat' dir='ltr'><strong>sponsa:</strong></span> <span class='ocrx_word' id='word_1_26' title='bbox 3218 443 3408 500; x_wconf 81' lang='lat' dir='ltr'>hortus</span> <span class='ocrx_word' id='word_1_27' title='bbox 3453 460 3586 502; x_wconf 88' lang='lat' dir='ltr'><strong>con-</strong></span> 
     </span>
    </p>
   </div>
   <div class='ocr_carea' id='block_1_6' title="bbox 1933 533 2601 605">
    <p class='ocr_par' dir='ltr' id='par_1_6' title="bbox 1933 533 2601 605">
     <span class='ocr_line' id='line_1_6' title="bbox 1933 533 2601 605; baseline -0.003 -17"><span class='ocrx_word' id='word_1_28' title='bbox 1933 533 2141 599; x_wconf 75' lang='lat' dir='ltr'><strong>clusus,</strong></span> <span class='ocrx_word' id='word_1_29' title='bbox 2172 534 2302 605; x_wconf 81' lang='lat' dir='ltr'><strong>[om</strong></span> <span class='ocrx_word' id='word_1_30' title='bbox 2332 533 2601 601; x_wconf 82' lang='lat' dir='ltr'><strong>signatus.</strong></span> 
     </span>
    </p>
   </div>
   <div class='ocr_carea' id='block_1_7' title="bbox 192 624 385 696">
    <p class='ocr_par' dir='ltr' id='par_1_7' title="bbox 192 624 385 696">
     <span class='ocr_line' id='line_1_7' title="bbox 192 624 385 696; baseline -0.016 -18"><span class='ocrx_word' id='word_1_31' title='bbox 192 624 385 696; x_wconf 76' lang='grc' dir='ltr'>σμένος.</span> 
     </span>
    </p>
   </div>
   <div class='ocr_carea' id='block_1_8' title="bbox 877 709 1125 766">
    <p class='ocr_par' dir='ltr' id='par_1_8' title="bbox 877 709 1125 766">
     <span class='ocr_line' id='line_1_8' title="bbox 877 709 1125 766; baseline -0.004 -1"><span class='ocrx_word' id='word_1_32' title='bbox 877 709 1103 766; x_wconf 81' lang='grc' dir='ltr'>Ψελλοῦ</span> <span class='ocrx_word' id='word_1_33' title='bbox 1113 752 1125 764; x_wconf 94' lang='grc'>.</span> 
     </span>
    </p>
   </div>
   <div class='ocr_carea' id='block_1_9' title="bbox 246 797 1726 877">
    <p class='ocr_par' dir='ltr' id='par_1_9' title="bbox 246 797 1726 877">
     <span class='ocr_line' id='line_1_9' title="bbox 246 797 1726 877; baseline -0.006 -18"><span class='ocrx_word' id='word_1_34' title='bbox 246 805 487 877; x_wconf 83' lang='grc' dir='ltr'>Ἐχουσα</span> <span class='ocrx_word' id='word_1_35' title='bbox 516 805 731 854; x_wconf 78' lang='grc' dir='ltr'>πᾶντων</span> <span class='ocrx_word' id='word_1_36' title='bbox 763 803 871 853; x_wconf 87' lang='grc' dir='ltr'>τῶν</span> <span class='ocrx_word' id='word_1_37' title='bbox 903 797 1086 853; x_wconf 86' lang='grc' dir='ltr'>καλῶν</span> <span class='ocrx_word' id='word_1_38' title='bbox 1121 797 1170 852; x_wconf 75' lang='grc' dir='ltr'>ἐν</span> <span class='ocrx_word' id='word_1_39' title='bbox 1205 801 1400 871; x_wconf 78' lang='grc' dir='ltr'>σεαυτῇ</span> <span class='ocrx_word' id='word_1_40' title='bbox 1429 799 1529 865; x_wconf 76' lang='grc' dir='ltr'>τήν</span> <span class='ocrx_word' id='word_1_41' title='bbox 1559 817 1726 872; x_wconf 90' lang='grc' dir='ltr'>ωραν,</span> 
     </span>
    </p>
   </div>
   <div class='ocr_carea' id='block_1_10' title="bbox 190 886 1642 963">
    <p class='ocr_par' dir='ltr' id='par_1_10' title="bbox 190 886 1642 963">
     <span class='ocr_line' id='line_1_10' title="bbox 190 886 1642 963; baseline -0.001 -17"><span class='ocrx_word' id='word_1_42' title='bbox 190 891 389 946; x_wconf 79' lang='grc' dir='ltr'>Ἐλαίαν</span> <span class='ocrx_word' id='word_1_43' title='bbox 419 893 518 960; x_wconf 80' lang='grc' dir='ltr'>τὴν</span> <span class='ocrx_word' id='word_1_44' title='bbox 549 909 918 963; x_wconf 85' lang='grc' dir='ltr'>κατακαρπον,</span> <span class='ocrx_word' id='word_1_45' title='bbox 952 890 1121 955; x_wconf 87' lang='grc' dir='ltr'>συκῆν</span> <span class='ocrx_word' id='word_1_46' title='bbox 1151 908 1208 942; x_wconf 87' lang='grc' dir='ltr'>τε</span> <span class='ocrx_word' id='word_1_47' title='bbox 1236 889 1335 956; x_wconf 76' lang='grc' dir='ltr'>τὴν</span> <span class='ocrx_word' id='word_1_48' title='bbox 1363 886 1642 963; x_wconf 84' lang='grc' dir='ltr'>γλυκεῖαν.</span> 
     </span>
    </p>
   </div>
   <div class='ocr_carea' id='block_1_11' title="bbox 192 975 1580 1055">
    <p class='ocr_par' dir='ltr' id='par_1_11' title="bbox 192 975 1580 1055">
     <span class='ocr_line' id='line_1_11' title="bbox 192 975 1580 1055; baseline -0.017 -18"><span class='ocrx_word' id='word_1_49' title='bbox 192 982 328 1054; x_wconf 82' lang='grc' dir='ltr'>Πηγῆ</span> <span class='ocrx_word' id='word_1_50' title='bbox 366 978 615 1034; x_wconf 55' lang='grc' dir='ltr'>δὶλπάλιν</span> <span class='ocrx_word' id='word_1_51' title='bbox 645 976 907 1055; x_wconf 73' lang='grc' dir='ltr'>πέφυκας,</span> <span class='ocrx_word' id='word_1_52' title='bbox 940 977 1123 1054; x_wconf 78' lang='grc' dir='ltr'>φησὶν,</span> <span class='ocrx_word' id='word_1_53' title='bbox 1156 975 1580 1052; x_wconf 68' lang='grc' dir='ltr'>ἐσφραγισμένη’</span> 
     </span>
    </p>
   </div>
   <div class='ocr_carea' id='block_1_12' title="bbox 192 1065 1669 1140">
    <p class='ocr_par' dir='ltr' id='par_1_12' title="bbox 192 1065 1669 1140">
     <span class='ocr_line' id='line_1_12' title="bbox 192 1065 1669 1140; baseline -0.004 -16"><span class='ocrx_word' id='word_1_54' title='bbox 192 1070 303 1125; x_wconf 80' lang='grc' dir='ltr'>Καθ’</span> <span class='ocrx_word' id='word_1_55' title='bbox 333 1069 458 1122; x_wconf 69' lang='grc' dir='ltr'>ὅσον</span> <span class='ocrx_word' id='word_1_56' title='bbox 495 1067 669 1140; x_wconf 77' lang='grc' dir='ltr'>μάτην</span> <span class='ocrx_word' id='word_1_57' title='bbox 704 1065 961 1139; x_wconf 80' lang='grc' dir='ltr'>οὐδαμῶς</span> <span class='ocrx_word' id='word_1_58' title='bbox 999 1067 1062 1120; x_wconf 88' lang='grc' dir='ltr'>τὸ</span> <span class='ocrx_word' id='word_1_59' title='bbox 1093 1066 1236 1137; x_wconf 73' lang='grc' dir='ltr'>νᾶμα</span> <span class='ocrx_word' id='word_1_60' title='bbox 1266 1086 1359 1119; x_wconf 84' lang='grc' dir='ltr'>σου</span> <span class='ocrx_word' id='word_1_61' title='bbox 1390 1066 1669 1140; x_wconf 71' lang='grc' dir='ltr'>προχέεις,</span> 
     </span>
    </p>
   </div>
   <div class='ocr_carea' id='block_1_13' title="bbox 191 1151 1658 1228">
    <p class='ocr_par' dir='ltr' id='par_1_13' title="bbox 191 1151 1658 1228">
     <span class='ocr_line' id='line_1_13' title="bbox 191 1151 1658 1228; baseline -0.005 -15"><span class='ocrx_word' id='word_1_62' title='bbox 191 1157 342 1215; x_wconf 78' lang='grc' dir='ltr'>Ἀλλὰ</span> <span class='ocrx_word' id='word_1_63' title='bbox 374 1157 621 1224; x_wconf 87' lang='grc' dir='ltr'>ποτίζεις</span> <span class='ocrx_word' id='word_1_64' title='bbox 651 1155 779 1218; x_wconf 71' lang='grc' dir='ltr'>τοὺς</span> <span class='ocrx_word' id='word_1_65' title='bbox 808 1153 1033 1214; x_wconf 78' lang='grc' dir='ltr'>πιστοὺς</span> <span class='ocrx_word' id='word_1_66' title='bbox 1061 1151 1332 1226; x_wconf 76' lang='grc' dir='ltr'>διψῶντας</span> <span class='ocrx_word' id='word_1_67' title='bbox 1365 1153 1658 1228; x_wconf 72' lang='grc' dir='ltr'>σωτηρίαν.</span> 
     </span>
    </p>
   </div>
   <div class='ocr_carea' id='block_1_14' title="bbox 251 1240 1821 1318">
    <p class='ocr_par' dir='ltr' id='par_1_14' title="bbox 251 1240 1821 1318">
     <span class='ocr_line' id='line_1_14' title="bbox 251 1240 1821 1318; baseline -0.004 -18"><span class='ocrx_word' id='word_1_68' title='bbox 251 1243 585 1300; x_wconf 86' lang='grc' dir='ltr'>Ἀποστολαί</span> <span class='ocrx_word' id='word_1_69' title='bbox 643 1265 739 1298; x_wconf 93' lang='grc' dir='ltr'>σου</span> <span class='ocrx_word' id='word_1_70' title='bbox 826 1240 1150 1318; x_wconf 72' lang='grc' dir='ltr'>παράδεισος</span> <span class='ocrx_word' id='word_1_71' title='bbox 1225 1241 1365 1318; x_wconf 80' lang='grc' dir='ltr'>ῥοῶν</span> <span class='ocrx_word' id='word_1_72' title='bbox 1425 1242 1559 1314; x_wconf 80' lang='grc' dir='ltr'>μετὰ</span> <span class='ocrx_word' id='word_1_73' title='bbox 1610 1245 1821 1317; x_wconf 80' lang='grc' dir='ltr'>καρποῦ</span> 
     </span>
    </p>
   </div>
   <div class='ocr_carea' id='block_1_15' title="bbox 189 1332 510 1408">
    <p class='ocr_par' dir='ltr' id='par_1_15' title="bbox 189 1332 510 1408">
     <span class='ocr_line' id='line_1_15' title="bbox 189 1332 510 1408; baseline 0 -19"><span class='ocrx_word' id='word_1_74' title='bbox 189 1332 510 1408; x_wconf 69' lang='grc' dir='ltr'>ἀκροδρύων.</span> 
     </span>
    </p>
   </div>
   <div class='ocr_carea' id='block_1_16' title="bbox 243 1417 1627 1496">
    <p class='ocr_par' dir='ltr' id='par_1_16' title="bbox 243 1417 1627 1496">
     <span class='ocr_line' id='line_1_16' title="bbox 243 1417 1627 1496; baseline -0.004 -18"><span class='ocrx_word' id='word_1_75' title='bbox 243 1425 323 1478; x_wconf 85' lang='grc' dir='ltr'>Ἐν</span> <span class='ocrx_word' id='word_1_76' title='bbox 357 1421 577 1483; x_wconf 90' lang='grc' dir='ltr'>τούτοις</span> <span class='ocrx_word' id='word_1_77' title='bbox 612 1420 974 1476; x_wconf 81' lang='grc' dir='ltr'>ὑπαινίττεται</span> <span class='ocrx_word' id='word_1_78' title='bbox 1007 1418 1289 1492; x_wconf 77' lang='grc' dir='ltr'>ξύμπαντα</span> <span class='ocrx_word' id='word_1_79' title='bbox 1312 1421 1340 1474; x_wconf 82' lang='grc' dir='ltr'>ὁ</span> <span class='ocrx_word' id='word_1_80' title='bbox 1371 1417 1627 1496; x_wconf 88' lang='grc' dir='ltr'>νυμφίος,</span> 
     </span>
    </p>
   </div>
   <div class='ocr_carea' id='block_1_17' title="bbox 186 1508 1680 1585">
    <p class='ocr_par' dir='ltr' id='par_1_17' title="bbox 186 1508 1680 1585">
     <span class='ocr_line' id='line_1_17' title="bbox 186 1508 1680 1585; baseline -0.005 -18"><span class='ocrx_word' id='word_1_81' title='bbox 186 1513 280 1568; x_wconf 79' lang='grc' dir='ltr'>Τοῦ</span> <span class='ocrx_word' id='word_1_82' title='bbox 309 1508 593 1585; x_wconf 83' lang='grc' dir='ltr'>δόγματος</span> <span class='ocrx_word' id='word_1_83' title='bbox 622 1516 725 1578; x_wconf 87' lang='grc' dir='ltr'>τῆς</span> <span class='ocrx_word' id='word_1_84' title='bbox 755 1509 989 1570; x_wconf 77' lang='grc' dir='ltr'>πίστεως</span> <span class='ocrx_word' id='word_1_85' title='bbox 1021 1510 1183 1581; x_wconf 72' lang='grc' dir='ltr'>ἡμῶν</span> <span class='ocrx_word' id='word_1_86' title='bbox 1214 1514 1314 1577; x_wconf 84' lang='grc' dir='ltr'>τῆς</span> <span class='ocrx_word' id='word_1_87' title='bbox 1345 1508 1680 1579; x_wconf 67' lang='grc' dir='ltr'>ἀμωμήτου,</span> 
     </span>
    </p>
   </div>
   <div class='ocr_carea' id='block_1_18' title="bbox 187 1594 1588 1676">
    <p class='ocr_par' dir='ltr' id='par_1_18' title="bbox 187 1594 1588 1676">
     <span class='ocr_line' id='line_1_18' title="bbox 187 1594 1588 1676; baseline -0.004 -22"><span class='ocrx_word' id='word_1_88' title='bbox 187 1601 244 1655; x_wconf 81' lang='grc' dir='ltr'>Τὸ</span> <span class='ocrx_word' id='word_1_89' title='bbox 270 1595 503 1676; x_wconf 73' lang='grc' dir='ltr'>φοϐερὸν</span> <span class='ocrx_word' id='word_1_90' title='bbox 531 1599 621 1653; x_wconf 80' lang='grc' dir='ltr'>καὶ</span> <span class='ocrx_word' id='word_1_91' title='bbox 652 1597 952 1653; x_wconf 75' lang='grc' dir='ltr'>κάλλιπον</span> <span class='ocrx_word' id='word_1_92' title='bbox 986 1594 1187 1658; x_wconf 73' lang='grc' dir='ltr'>εὐῶδές</span> <span class='ocrx_word' id='word_1_93' title='bbox 1223 1618 1282 1651; x_wconf 90' lang='grc' dir='ltr'>τε</span> <span class='ocrx_word' id='word_1_94' title='bbox 1305 1598 1394 1650; x_wconf 81' lang='grc' dir='ltr'>καὶ</span> <span class='ocrx_word' id='word_1_95' title='bbox 1426 1598 1588 1667; x_wconf 82' lang='grc' dir='ltr'>Θεῖον,</span> 
     </span>
    </p>
   </div>
   <div class='ocr_carea' id='block_1_19' title="bbox 184 1682 1650 1762">
    <p class='ocr_par' dir='ltr' id='par_1_19' title="bbox 184 1682 1650 1762">
     <span class='ocr_line' id='line_1_19' title="bbox 184 1682 1650 1762; baseline -0.003 -20"><span class='ocrx_word' id='word_1_96' title='bbox 184 1691 368 1762; x_wconf 74' lang='grc' dir='ltr'>Ὠσπερ</span> <span class='ocrx_word' id='word_1_97' title='bbox 399 1682 684 1762; x_wconf 74' lang='grc' dir='ltr'>πρεσϐεύει</span> <span class='ocrx_word' id='word_1_98' title='bbox 710 1687 941 1740; x_wconf 77' lang='grc' dir='ltr'>πάντοτε</span> <span class='ocrx_word' id='word_1_99' title='bbox 972 1685 1147 1757; x_wconf 80' lang='grc' dir='ltr'>στόμα</span> <span class='ocrx_word' id='word_1_100' title='bbox 1173 1692 1271 1754; x_wconf 87' lang='grc' dir='ltr'>τῆς</span> <span class='ocrx_word' id='word_1_101' title='bbox 1301 1683 1650 1755; x_wconf 82' lang='grc' dir='ltr'>Ἐκκλησίας.</span> 
     </span>
    </p>
   </div>
   <div class='ocr_carea' id='block_1_20' title="bbox 186 1770 1684 1850">
    <p class='ocr_par' dir='ltr' id='par_1_20' title="bbox 186 1770 1684 1850">
     <span class='ocr_line' id='line_1_20' title="bbox 186 1770 1684 1850; baseline -0.003 -19"><span class='ocrx_word' id='word_1_102' title='bbox 186 1775 500 1832; x_wconf 84' lang='grc' dir='ltr'>Ἀποστολαί</span> <span class='ocrx_word' id='word_1_103' title='bbox 530 1795 625 1829; x_wconf 88' lang='grc' dir='ltr'>σου</span> <span class='ocrx_word' id='word_1_104' title='bbox 654 1775 779 1850; x_wconf 71' lang='grc' dir='ltr'>γὰρ,</span> <span class='ocrx_word' id='word_1_105' title='bbox 813 1773 973 1850; x_wconf 85' lang='grc' dir='ltr'>φησὶν</span> <span class='ocrx_word' id='word_1_106' title='bbox 1003 1776 1197 1849; x_wconf 68' lang='grc' dir='ltr'>ἤγουν,</span> <span class='ocrx_word' id='word_1_107' title='bbox 1231 1773 1285 1827; x_wconf 85' lang='grc' dir='ltr'>αὶ</span> <span class='ocrx_word' id='word_1_108' title='bbox 1316 1770 1536 1848; x_wconf 82' lang='grc' dir='ltr'>διδαχαί</span> <span class='ocrx_word' id='word_1_109' title='bbox 1568 1794 1684 1843; x_wconf 90' lang='grc' dir='ltr'>σου,</span> 
     </span>
    </p>
   </div>
   <div class='ocr_carea' id='block_1_21' title="bbox 185 1862 1406 1940">
    <p class='ocr_par' dir='ltr' id='par_1_21' title="bbox 185 1862 1406 1940">
     <span class='ocr_line' id='line_1_21' title="bbox 185 1862 1406 1940; baseline -0.003 -20"><span class='ocrx_word' id='word_1_110' title='bbox 185 1863 503 1940; x_wconf 79' lang='grc' dir='ltr'>Παράδεισος</span> <span class='ocrx_word' id='word_1_111' title='bbox 532 1864 798 1940; x_wconf 67' lang='grc' dir='ltr'>πεφύκασι</span> <span class='ocrx_word' id='word_1_112' title='bbox 831 1863 971 1939; x_wconf 75' lang='grc' dir='ltr'>ῥοῶν</span> <span class='ocrx_word' id='word_1_113' title='bbox 1000 1862 1406 1939; x_wconf 81' lang='grc' dir='ltr'>ἡγλαϊσμὲνων,</span> 
     </span>
    </p>
   </div>
   <div class='ocr_carea' id='block_1_22' title="bbox 188 1950 1694 2028">
    <p class='ocr_par' dir='ltr' id='par_1_22' title="bbox 188 1950 1694 2028">
     <span class='ocr_line' id='line_1_22' title="bbox 188 1950 1694 2028; baseline -0.003 -17"><span class='ocrx_word' id='word_1_114' title='bbox 188 1954 271 2012; x_wconf 76' lang='grc' dir='ltr'>Καὶ</span> <span class='ocrx_word' id='word_1_115' title='bbox 298 1956 482 2024; x_wconf 79' lang='grc' dir='ltr'>πάσης</span> <span class='ocrx_word' id='word_1_116' title='bbox 510 1954 742 2028; x_wconf 79' lang='grc' dir='ltr'>χάριτος</span> <span class='ocrx_word' id='word_1_117' title='bbox 775 1952 963 2026; x_wconf 85' lang='grc' dir='ltr'>μεσταὶ</span> <span class='ocrx_word' id='word_1_118' title='bbox 992 1951 1380 2027; x_wconf 80' lang='grc' dir='ltr'>τυγχάνουσιν,</span> <span class='ocrx_word' id='word_1_119' title='bbox 1413 1953 1458 2005; x_wconf 80' lang='grc' dir='ltr'><strong><em>ὦ</em></strong></span> <span class='ocrx_word' id='word_1_120' title='bbox 1486 1950 1694 2026; x_wconf 79' lang='grc' dir='ltr'>νύμφη.</span> 
     </span>
    </p>
   </div>
   <div class='ocr_carea' id='block_1_23' title="bbox 238 2044 634 2116">
    <p class='ocr_par' dir='ltr' id='par_1_23' title="bbox 238 2044 634 2116">
     <span class='ocr_line' id='line_1_23' title="bbox 238 2044 634 2116; baseline 0.005 -18"><span class='ocrx_word' id='word_1_121' title='bbox 238 2045 391 2116; x_wconf 74' lang='grc' dir='ltr'>Πηγή</span> <span class='ocrx_word' id='word_1_122' title='bbox 413 2044 634 2112; x_wconf 77' lang='grc' dir='ltr'>κήπων.</span> 
     </span>
    </p>
   </div>
   <div class='ocr_carea' id='block_1_24' title="bbox 178 2130 1707 2208">
    <p class='ocr_par' dir='ltr' id='par_1_24' title="bbox 178 2130 1707 2208">
     <span class='ocr_line' id='line_1_24' title="bbox 178 2130 1707 2208; baseline -0.002 -22"><span class='ocrx_word' id='word_1_123' title='bbox 178 2131 241 2190; x_wconf 77' lang='grc' dir='ltr'>Οὖ</span> <span class='ocrx_word' id='word_1_124' title='bbox 267 2133 372 2206; x_wconf 68' lang='grc' dir='ltr'>γὰρ</span> <span class='ocrx_word' id='word_1_125' title='bbox 406 2132 482 2193; x_wconf 75' lang='grc' dir='ltr'>εἰς</span> <span class='ocrx_word' id='word_1_126' title='bbox 518 2132 684 2204; x_wconf 73' lang='grc' dir='ltr'>μὲτην</span> <span class='ocrx_word' id='word_1_127' title='bbox 720 2150 835 2202; x_wconf 85' lang='grc' dir='ltr'>σου,</span> <span class='ocrx_word' id='word_1_128' title='bbox 865 2130 1049 2208; x_wconf 80' lang='grc' dir='ltr'>φησὶν,</span> <span class='ocrx_word' id='word_1_129' title='bbox 1076 2130 1143 2186; x_wconf 80' lang='grc' dir='ltr'>τὰ</span> <span class='ocrx_word' id='word_1_130' title='bbox 1170 2131 1382 2204; x_wconf 80' lang='grc' dir='ltr'>νάματα</span> <span class='ocrx_word' id='word_1_131' title='bbox 1411 2132 1707 2205; x_wconf 80' lang='grc' dir='ltr'>περιχέεις,</span> 
     </span>
    </p>
   </div>
   <div class='ocr_carea' id='block_1_25' title="bbox 175 2217 1682 2297">
    <p class='ocr_par' dir='ltr' id='par_1_25' title="bbox 175 2217 1682 2297">
     <span class='ocr_line' id='line_1_25' title="bbox 175 2217 1682 2297; baseline -0.004 -19"><span class='ocrx_word' id='word_1_132' title='bbox 175 2219 328 2278; x_wconf 78' lang='grc' dir='ltr'>Ἀλλᾶ</span> <span class='ocrx_word' id='word_1_133' title='bbox 359 2219 602 2290; x_wconf 81' lang='grc' dir='ltr'>ποτίζεις</span> <span class='ocrx_word' id='word_1_134' title='bbox 628 2219 756 2282; x_wconf 74' lang='grc' dir='ltr'>τοὺς</span> <span class='ocrx_word' id='word_1_135' title='bbox 785 2219 1032 2288; x_wconf 81' lang='grc' dir='ltr'>πιστοὺς,</span> <span class='ocrx_word' id='word_1_136' title='bbox 1062 2217 1252 2297; x_wconf 76' lang='grc' dir='ltr'>ἤγουν,</span> <span class='ocrx_word' id='word_1_137' title='bbox 1285 2219 1423 2295; x_wconf 86' lang='grc' dir='ltr'>φυτά</span> <span class='ocrx_word' id='word_1_138' title='bbox 1449 2220 1516 2274; x_wconf 83' lang='grc' dir='ltr'>τά</span> <span class='ocrx_word' id='word_1_139' title='bbox 1549 2224 1682 2282; x_wconf 83' lang='grc' dir='ltr'>θεῖα.</span> 
     </span>
    </p>
   </div>
   <div class='ocr_carea' id='block_1_26' title="bbox 177 2324 1802 2404">
    <p class='ocr_par' dir='ltr' id='par_1_26' title="bbox 177 2324 1802 2404">
     <span class='ocr_line' id='line_1_26' title="bbox 177 2324 1802 2404; baseline -0.002 -23"><span class='ocrx_word' id='word_1_140' title='bbox 177 2333 332 2401; x_wconf 62' lang='grc' dir='ltr'>Φρέαρ</span> <span class='ocrx_word' id='word_1_141' title='bbox 424 2324 616 2388; x_wconf 72' lang='grc' dir='ltr'>ὕδατος</span> <span class='ocrx_word' id='word_1_142' title='bbox 696 2332 895 2396; x_wconf 82' lang='grc' dir='ltr'>ζῶντος</span> <span class='ocrx_word' id='word_1_143' title='bbox 980 2330 1077 2381; x_wconf 89' lang='grc' dir='ltr'>τοῦ</span> <span class='ocrx_word' id='word_1_144' title='bbox 1160 2326 1469 2404; x_wconf 79' lang='grc' dir='ltr'>ῥοιζοῦντος</span> <span class='ocrx_word' id='word_1_145' title='bbox 1540 2326 1644 2380; x_wconf 84' lang='grc' dir='ltr'>ἀπὸ</span> <span class='ocrx_word' id='word_1_146' title='bbox 1704 2332 1802 2380; x_wconf 73' lang='grc' dir='ltr'>Λι-</span> 
     </span>
    </p>
   </div>
   <div class='ocr_carea' id='block_1_27' title="bbox 894 2410 1081 2472">
    <p class='ocr_par' dir='ltr' id='par_1_27' title="bbox 894 2410 1081 2472">
     <span class='ocr_line' id='line_1_27' title="bbox 894 2410 1081 2472; baseline 0.011 -3"><span class='ocrx_word' id='word_1_147' title='bbox 894 2410 1081 2472; x_wconf 77' lang='grc' dir='ltr'>ϐάνου.</span> 
     </span>
    </p>
   </div>
   <div class='ocr_carea' id='block_1_28' title="bbox 186 2503 1653 2584">
    <p class='ocr_par' dir='ltr' id='par_1_28' title="bbox 186 2503 1653 2584">
     <span class='ocr_line' id='line_1_28' title="bbox 186 2503 1653 2584; baseline -0.002 -24"><span class='ocrx_word' id='word_1_148' title='bbox 186 2510 442 2560; x_wconf 76' lang='grc' dir='ltr'>Τοσοῦτον</span> <span class='ocrx_word' id='word_1_149' title='bbox 466 2506 592 2580; x_wconf 71' lang='grc' dir='ltr'>γὰρ,</span> <span class='ocrx_word' id='word_1_150' title='bbox 626 2504 779 2584; x_wconf 81' lang='grc' dir='ltr'>φησὶ,</span> <span class='ocrx_word' id='word_1_151' title='bbox 810 2504 991 2565; x_wconf 89' lang='grc' dir='ltr'>καλῶς</span> <span class='ocrx_word' id='word_1_152' title='bbox 1023 2504 1159 2580; x_wconf 85' lang='grc' dir='ltr'>πρὸς</span> <span class='ocrx_word' id='word_1_153' title='bbox 1188 2503 1377 2580; x_wconf 77' lang='grc' dir='ltr'>ἀρετὰς</span> <span class='ocrx_word' id='word_1_154' title='bbox 1410 2505 1653 2577; x_wconf 78' lang='grc' dir='ltr'>ὑψώθης,</span> 
     </span>
    </p>
   </div>
   <div class='ocr_carea' id='block_1_29' title="bbox 175 2591 1614 2671">
    <p class='ocr_par' dir='ltr' id='par_1_29' title="bbox 175 2591 1614 2671">
     <span class='ocr_line' id='line_1_29' title="bbox 175 2591 1614 2671; baseline 0 -19"><span class='ocrx_word' id='word_1_155' title='bbox 175 2607 235 2659; x_wconf 76' lang='grc' dir='ltr'>Ως</span> <span class='ocrx_word' id='word_1_156' title='bbox 271 2597 362 2651; x_wconf 80' lang='grc' dir='ltr'>καὶ</span> <span class='ocrx_word' id='word_1_157' title='bbox 395 2605 494 2666; x_wconf 81' lang='grc' dir='ltr'>τῆς</span> <span class='ocrx_word' id='word_1_158' title='bbox 522 2595 778 2667; x_wconf 75' lang='grc' dir='ltr'>κλήσεως</span> <span class='ocrx_word' id='word_1_159' title='bbox 808 2595 977 2664; x_wconf 81' lang='grc' dir='ltr'>αὐτῆς</span> <span class='ocrx_word' id='word_1_160' title='bbox 1014 2591 1203 2670; x_wconf 80' lang='grc' dir='ltr'>ἔμοιγε</span> <span class='ocrx_word' id='word_1_161' title='bbox 1233 2595 1614 2671; x_wconf 67' lang='grc' dir='ltr'>συμμετέχειν.</span> 
     </span>
    </p>
   </div>
   <div class='ocr_carea' id='block_1_30' title="bbox 181 2680 1603 2761">
    <p class='ocr_par' dir='ltr' id='par_1_30' title="bbox 181 2680 1603 2761">
     <span class='ocr_line' id='line_1_30' title="bbox 181 2680 1603 2761; baseline -0.003 -20"><span class='ocrx_word' id='word_1_162' title='bbox 181 2687 305 2761; x_wconf 83' lang='grc' dir='ltr'>Ἐγὼ</span> <span class='ocrx_word' id='word_1_163' title='bbox 333 2687 440 2761; x_wconf 71' lang='grc' dir='ltr'>γὰρ</span> <span class='ocrx_word' id='word_1_164' title='bbox 476 2691 677 2756; x_wconf 76' lang='grc' dir='ltr'>ζῶντος</span> <span class='ocrx_word' id='word_1_165' title='bbox 709 2683 901 2746; x_wconf 77' lang='grc' dir='ltr'>ὕδατος</span> <span class='ocrx_word' id='word_1_166' title='bbox 925 2680 1097 2745; x_wconf 78' lang='grc' dir='ltr'>ὅντως</span> <span class='ocrx_word' id='word_1_167' title='bbox 1123 2684 1381 2759; x_wconf 77' lang='grc' dir='ltr'>τυγχάνω</span> <span class='ocrx_word' id='word_1_168' title='bbox 1415 2685 1603 2761; x_wconf 70' lang='grc' dir='ltr'>φρέαρ,</span> 
     </span>
    </p>
   </div>
   <div class='ocr_carea' id='block_1_31' title="bbox 177 2773 1482 2850">
    <p class='ocr_par' dir='ltr' id='par_1_31' title="bbox 177 2773 1482 2850">
     <span class='ocr_line' id='line_1_31' title="bbox 177 2773 1482 2850; baseline -0.004 -19"><span class='ocrx_word' id='word_1_169' title='bbox 177 2777 232 2832; x_wconf 79' lang='grc' dir='ltr'><strong>Ὀ</strong></span> <span class='ocrx_word' id='word_1_170' title='bbox 256 2775 533 2840; x_wconf 78' lang='grc' dir='ltr'>κατελθὼν</span> <span class='ocrx_word' id='word_1_171' title='bbox 563 2775 614 2847; x_wconf 72' lang='grc' dir='ltr'>ἐξ</span> <span class='ocrx_word' id='word_1_172' title='bbox 637 2775 872 2850; x_wconf 76' lang='grc' dir='ltr'>ούρανοῦ</span> <span class='ocrx_word' id='word_1_173' title='bbox 905 2774 977 2834; x_wconf 83' lang='grc' dir='ltr'>ὡς</span> <span class='ocrx_word' id='word_1_174' title='bbox 1004 2773 1157 2837; x_wconf 74' lang='grc' dir='ltr'>ὑετὸς</span> <span class='ocrx_word' id='word_1_175' title='bbox 1186 2773 1260 2834; x_wconf 76' lang='grc' dir='ltr'>εἷς</span> <span class='ocrx_word' id='word_1_176' title='bbox 1294 2774 1482 2841; x_wconf 81' lang='grc' dir='ltr'>πόκον,</span> 
     </span>
    </p>
   </div>
   <div class='ocr_carea' id='block_1_32' title="bbox 175 2857 1651 2940">
    <p class='ocr_par' dir='ltr' id='par_1_32' title="bbox 175 2857 1651 2940">
     <span class='ocr_line' id='line_1_32' title="bbox 175 2857 1651 2940; baseline -0.002 -22"><span class='ocrx_word' id='word_1_177' title='bbox 175 2866 365 2940; x_wconf 73' lang='grc' dir='ltr'>Ὠσπερ</span> <span class='ocrx_word' id='word_1_178' title='bbox 395 2864 445 2937; x_wconf 67' lang='grc' dir='ltr'>ἐξ</span> <span class='ocrx_word' id='word_1_179' title='bbox 486 2860 648 2937; x_wconf 76' lang='grc' dir='ltr'>ὅρους</span> <span class='ocrx_word' id='word_1_180' title='bbox 683 2860 897 2936; x_wconf 80' lang='grc' dir='ltr'>ὑψηλοῦ</span> <span class='ocrx_word' id='word_1_181' title='bbox 925 2866 1023 2916; x_wconf 89' lang='grc' dir='ltr'>τοῦ</span> <span class='ocrx_word' id='word_1_182' title='bbox 1053 2867 1362 2935; x_wconf 76' lang='grc' dir='ltr'>θαυμαστοῦ</span> <span class='ocrx_word' id='word_1_183' title='bbox 1393 2857 1651 2918; x_wconf 76' lang='grc' dir='ltr'>Λιϐάνου.</span> 
     </span>
    </p>
   </div>
   <div class='ocr_carea' id='block_1_33' title="bbox 735 2969 1239 3046">
    <p class='ocr_par' dir='ltr' id='par_1_33' title="bbox 735 2969 1239 3046">
     <span class='ocr_line' id='line_1_33' title="bbox 735 2969 1239 3046; baseline -0.004 -20"><span class='ocrx_word' id='word_1_184' title='bbox 735 2972 857 3026; x_wconf 88' lang='grc' dir='ltr'>Τῶν</span> <span class='ocrx_word' id='word_1_185' title='bbox 888 2969 934 3046; x_wconf 86' lang='grc' dir='ltr'>γ’</span> <span class='ocrx_word' id='word_1_186' title='bbox 964 2969 1239 3041; x_wconf 80' lang='grc' dir='ltr'>ΙΙατὲρων.</span> 
     </span>
    </p>
   </div>
   <div class='ocr_carea' id='block_1_34' title="bbox 241 3056 1816 3132">
    <p class='ocr_par' dir='ltr' id='par_1_34' title="bbox 241 3056 1816 3132">
     <span class='ocr_line' id='line_1_34' title="bbox 241 3056 1816 3132; baseline -0.004 -15"><span class='ocrx_word' id='word_1_187' title='bbox 241 3059 338 3117; x_wconf 75' lang='grc' dir='ltr'>Καὶ</span> <span class='ocrx_word' id='word_1_188' title='bbox 374 3064 603 3115; x_wconf 79' lang='grc' dir='ltr'>τοιαῦτα</span> <span class='ocrx_word' id='word_1_189' title='bbox 654 3059 750 3132; x_wconf 74' lang='grc' dir='ltr'>μὲν</span> <span class='ocrx_word' id='word_1_190' title='bbox 809 3079 904 3114; x_wconf 90' lang='grc' dir='ltr'>σου</span> <span class='ocrx_word' id='word_1_191' title='bbox 950 3058 1019 3112; x_wconf 79' lang='grc' dir='ltr'>τὰ</span> <span class='ocrx_word' id='word_1_192' title='bbox 1083 3056 1222 3132; x_wconf 82' lang='grc' dir='ltr'>μὲλη</span> <span class='ocrx_word' id='word_1_193' title='bbox 1278 3059 1366 3112; x_wconf 81' lang='grc' dir='ltr'>καὶ</span> <span class='ocrx_word' id='word_1_194' title='bbox 1395 3059 1462 3113; x_wconf 82' lang='grc' dir='ltr'>τὰ</span> <span class='ocrx_word' id='word_1_195' title='bbox 1490 3059 1701 3131; x_wconf 74' lang='grc' dir='ltr'>ἱμάτια.</span> <span class='ocrx_word' id='word_1_196' title='bbox 1741 3056 1816 3112; x_wconf 76' lang='grc' dir='ltr'>Σὺ</span> 
     </span>
    </p>
   </div>
   <div class='ocr_carea' id='block_1_35' title="bbox 178 3144 725 3216">
    <p class='ocr_par' dir='ltr' id='par_1_35' title="bbox 178 3144 725 3216">
     <span class='ocr_line' id='line_1_35' title="bbox 178 3144 725 3216; baseline 0.004 -15"><span class='ocrx_word' id='word_1_197' title='bbox 178 3144 220 3201; x_wconf 75' lang='grc' dir='ltr'>δ’</span> <span class='ocrx_word' id='word_1_198' title='bbox 247 3147 483 3213; x_wconf 75' lang='grc' dir='ltr'>ἐντεῦθεν</span> <span class='ocrx_word' id='word_1_199' title='bbox 516 3148 678 3203; x_wconf 80' lang='grc' dir='ltr'>ὁποία</span> <span class='ocrx_word' id='word_1_200' title='bbox 712 3167 725 3216; x_wconf 89' lang='lat'>;</span> 
     </span>
    </p>
   </div>
   <div class='ocr_carea' id='block_1_36' title="bbox 245 3233 1784 3314">
    <p class='ocr_par' dir='ltr' id='par_1_36' title="bbox 245 3233 1784 3314">
     <span class='ocr_line' id='line_1_36' title="bbox 245 3233 1784 3314; baseline -0.002 -21"><span class='ocrx_word' id='word_1_201' title='bbox 245 3239 432 3305; x_wconf 79' lang='grc' dir='ltr'>Κῆπος</span> <span class='ocrx_word' id='word_1_202' title='bbox 495 3237 900 3310; x_wconf 71' lang='grc' dir='ltr'>κεκλεισμένος,</span> <span class='ocrx_word' id='word_1_203' title='bbox 977 3233 1186 3312; x_wconf 80' lang='grc' dir='ltr'>ἀδελφή</span> <span class='ocrx_word' id='word_1_204' title='bbox 1278 3257 1380 3309; x_wconf 82' lang='grc' dir='ltr'>μου</span> <span class='ocrx_word' id='word_1_205' title='bbox 1437 3235 1648 3314; x_wconf 87' lang='grc' dir='ltr'>νύμφη,</span> <span class='ocrx_word' id='word_1_206' title='bbox 1716 3242 1784 3305; x_wconf 85' lang='grc' dir='ltr'>κῆ</span> 
     </span>
    </p>
   </div>
   <div class='ocr_carea' id='block_1_37' title="bbox 178 3325 1354 3404">
    <p class='ocr_par' dir='ltr' id='par_1_37' title="bbox 178 3325 1354 3404">
     <span class='ocr_line' id='line_1_37' title="bbox 178 3325 1354 3404; baseline 0.002 -24"><span class='ocrx_word' id='word_1_207' title='bbox 178 3346 274 3388; x_wconf 89' lang='grc' dir='ltr'>πος</span> <span class='ocrx_word' id='word_1_208' title='bbox 297 3325 710 3399; x_wconf 71' lang='grc' dir='ltr'>κεκλεισμένος,</span> <span class='ocrx_word' id='word_1_209' title='bbox 743 3328 893 3401; x_wconf 87' lang='grc' dir='ltr'>πηγή</span> <span class='ocrx_word' id='word_1_210' title='bbox 927 3325 1354 3404; x_wconf 78' lang='grc' dir='ltr'>ἐσφραγισμὲνη.</span> 
     </span>
    </p>
   </div>
   <div class='ocr_carea' id='block_1_38' title="bbox 237 3412 1820 3491">
    <p class='ocr_par' dir='ltr' id='par_1_38' title="bbox 237 3412 1820 3491">
     <span class='ocr_line' id='line_1_38' title="bbox 237 3412 1820 3491; baseline -0.002 -20"><span class='ocrx_word' id='word_1_211' title='bbox 237 3418 462 3491; x_wconf 76' lang='grc' dir='ltr'>Ἦγούν,</span> <span class='ocrx_word' id='word_1_212' title='bbox 490 3416 592 3473; x_wconf 82' lang='grc' dir='ltr'>Οἴα</span> <span class='ocrx_word' id='word_1_213' title='bbox 628 3416 721 3488; x_wconf 69' lang='grc' dir='ltr'>μὶν</span> <span class='ocrx_word' id='word_1_214' title='bbox 777 3412 956 3475; x_wconf 81' lang='grc' dir='ltr'>διττὸς</span> <span class='ocrx_word' id='word_1_215' title='bbox 1000 3421 1178 3484; x_wconf 90' lang='grc' dir='ltr'>κῆπος</span> <span class='ocrx_word' id='word_1_216' title='bbox 1221 3415 1355 3470; x_wconf 85' lang='grc' dir='ltr'>κατά</span> <span class='ocrx_word' id='word_1_217' title='bbox 1400 3436 1458 3470; x_wconf 81' lang='grc' dir='ltr'>τε</span> <span class='ocrx_word' id='word_1_218' title='bbox 1487 3416 1671 3490; x_wconf 71' lang='grc' dir='ltr'>ψυχὴν</span> <span class='ocrx_word' id='word_1_219' title='bbox 1705 3421 1820 3476; x_wconf 77' lang='grc' dir='ltr'>τοῖς</span> 
     </span>
    </p>
   </div>
   <div class='ocr_carea' id='block_1_39' title="bbox 171 3502 1820 3580">
    <p class='ocr_par' dir='ltr' id='par_1_39' title="bbox 171 3502 1820 3580">
     <span class='ocr_line' id='line_1_39' title="bbox 171 3502 1820 3580; baseline -0.001 -22"><span class='ocrx_word' id='word_1_220' title='bbox 171 3509 271 3558; x_wconf 88' lang='grc' dir='ltr'>τῶν</span> <span class='ocrx_word' id='word_1_221' title='bbox 332 3505 540 3578; x_wconf 78' lang='grc' dir='ltr'>ἀρετῶν</span> <span class='ocrx_word' id='word_1_222' title='bbox 598 3504 810 3580; x_wconf 83' lang='grc' dir='ltr'>λόγοις,</span> <span class='ocrx_word' id='word_1_223' title='bbox 878 3502 966 3558; x_wconf 81' lang='grc' dir='ltr'>καί</span> <span class='ocrx_word' id='word_1_224' title='bbox 1037 3504 1174 3558; x_wconf 86' lang='grc' dir='ltr'>κατὰ</span> <span class='ocrx_word' id='word_1_225' title='bbox 1233 3506 1400 3578; x_wconf 85' lang='grc' dir='ltr'>σάρκα</span> <span class='ocrx_word' id='word_1_226' title='bbox 1446 3509 1563 3566; x_wconf 82' lang='grc' dir='ltr'>τοῖς</span> <span class='ocrx_word' id='word_1_227' title='bbox 1613 3503 1820 3559; x_wconf 87' lang='grc' dir='ltr'>τούτων</span> 
     </span>
    </p>
   </div>
   <div class='ocr_carea' id='block_1_40' title="bbox 172 3592 1819 3670">
    <p class='ocr_par' dir='ltr' id='par_1_40' title="bbox 172 3592 1819 3670">
     <span class='ocr_line' id='line_1_40' title="bbox 172 3592 1819 3670; baseline 0.001 -24"><span class='ocrx_word' id='word_1_228' title='bbox 172 3595 393 3668; x_wconf 74' lang='grc' dir='ltr'>τρόποις</span> <span class='ocrx_word' id='word_1_229' title='bbox 453 3593 721 3669; x_wconf 76' lang='grc' dir='ltr'>ὐπάρχιις</span> <span class='ocrx_word' id='word_1_230' title='bbox 777 3592 1103 3670; x_wconf 77' lang='grc' dir='ltr'>κατάφυτος,</span> <span class='ocrx_word' id='word_1_231' title='bbox 1156 3593 1245 3648; x_wconf 79' lang='grc' dir='ltr'>καὶ</span> <span class='ocrx_word' id='word_1_232' title='bbox 1304 3594 1378 3654; x_wconf 83' lang='grc' dir='ltr'>ὡς</span> <span class='ocrx_word' id='word_1_233' title='bbox 1431 3599 1664 3669; x_wconf 78' lang='grc' dir='ltr'>φραγμῶ</span> <span class='ocrx_word' id='word_1_234' title='bbox 1713 3615 1819 3647; x_wconf 90' lang='grc' dir='ltr'>τινι</span> 
     </span>
    </p>
   </div>
   <div class='ocr_carea' id='block_1_41' title="bbox 173 3681 1816 3760">
    <p class='ocr_par' dir='ltr' id='par_1_41' title="bbox 173 3681 1816 3760">
     <span class='ocr_line' id='line_1_41' title="bbox 173 3681 1816 3760; baseline 0.001 -24"><span class='ocrx_word' id='word_1_235' title='bbox 173 3689 284 3746; x_wconf 81' lang='grc' dir='ltr'>ταῖς</span> <span class='ocrx_word' id='word_1_236' title='bbox 343 3683 594 3746; x_wconf 76' lang='grc' dir='ltr'>ἐντολαῖς</span> <span class='ocrx_word' id='word_1_237' title='bbox 640 3704 744 3755; x_wconf 86' lang='grc' dir='ltr'>μου</span> <span class='ocrx_word' id='word_1_238' title='bbox 793 3681 1345 3760; x_wconf 69' lang='grc' dir='ltr'>κατησφαλισμένος*</span> <span class='ocrx_word' id='word_1_239' title='bbox 1405 3685 1494 3737; x_wconf 84' lang='grc' dir='ltr'>οἷα</span> <span class='ocrx_word' id='word_1_240' title='bbox 1552 3681 1609 3736; x_wconf 74' lang='grc' dir='ltr'>δὲ</span> <span class='ocrx_word' id='word_1_241' title='bbox 1661 3685 1816 3756; x_wconf 77' lang='grc' dir='ltr'>πηγὴ</span> 
     </span>
    </p>
   </div>
   <div class='ocr_carea' id='block_1_42' title="bbox 173 3766 1823 3848">
    <p class='ocr_par' dir='ltr' id='par_1_42' title="bbox 173 3766 1823 3848">
     <span class='ocr_line' id='line_1_42' title="bbox 173 3766 1823 3848; baseline 0.001 -23"><span class='ocrx_word' id='word_1_242' title='bbox 173 3774 307 3826; x_wconf 70' lang='grc' dir='ltr'>κατὰ</span> <span class='ocrx_word' id='word_1_243' title='bbox 335 3777 463 3827; x_wconf 87' lang='grc' dir='ltr'>νοῦν</span> <span class='ocrx_word' id='word_1_244' title='bbox 503 3772 686 3848; x_wconf 81' lang='grc' dir='ltr'>βρύεις</span> <span class='ocrx_word' id='word_1_245' title='bbox 739 3772 805 3826; x_wconf 72' lang='grc' dir='ltr'>τὰ</span> <span class='ocrx_word' id='word_1_246' title='bbox 873 3772 995 3848; x_wconf 82' lang='grc' dir='ltr'>περὶ</span> <span class='ocrx_word' id='word_1_247' title='bbox 1050 3771 1145 3843; x_wconf 77' lang='grc' dir='ltr'>ἐμὶ</span> <span class='ocrx_word' id='word_1_248' title='bbox 1201 3766 1392 3839; x_wconf 70' lang='grc' dir='ltr'>εὐσεϐῆ</span> <span class='ocrx_word' id='word_1_249' title='bbox 1425 3772 1513 3826; x_wconf 84' lang='grc' dir='ltr'>καὶ</span> <span class='ocrx_word' id='word_1_250' title='bbox 1549 3774 1662 3826; x_wconf 78' lang='grc' dir='ltr'>θεῖα</span> <span class='ocrx_word' id='word_1_251' title='bbox 1692 3774 1823 3842; x_wconf 78' lang='grc' dir='ltr'>νοή-</span> 
     </span>
    </p>
   </div>
   <div class='ocr_carea' id='block_1_43' title="bbox 178 3860 1825 3939">
    <p class='ocr_par' dir='ltr' id='par_1_43' title="bbox 178 3860 1825 3939">
     <span class='ocr_line' id='line_1_43' title="bbox 178 3860 1825 3939; baseline 0 -24"><span class='ocrx_word' id='word_1_252' title='bbox 178 3883 336 3932; x_wconf 77' lang='grc' dir='ltr'>ματα,</span> <span class='ocrx_word' id='word_1_253' title='bbox 363 3861 457 3915; x_wconf 79' lang='grc' dir='ltr'>καὶ</span> <span class='ocrx_word' id='word_1_254' title='bbox 498 3866 577 3934; x_wconf 77' lang='grc' dir='ltr'>τῷ</span> <span class='ocrx_word' id='word_1_255' title='bbox 624 3860 745 3934; x_wconf 76' lang='grc' dir='ltr'>ἐμῷ</span> <span class='ocrx_word' id='word_1_256' title='bbox 793 3868 1121 3937; x_wconf 77' lang='grc' dir='ltr'>χαρακτῆρι,</span> <span class='ocrx_word' id='word_1_257' title='bbox 1174 3861 1247 3922; x_wconf 85' lang='grc' dir='ltr'>ὡς</span> <span class='ocrx_word' id='word_1_258' title='bbox 1279 3860 1438 3915; x_wconf 72' lang='grc' dir='ltr'>εῗκών</span> <span class='ocrx_word' id='word_1_259' title='bbox 1476 3883 1600 3933; x_wconf 83' lang='grc' dir='ltr'>μου,</span> <span class='ocrx_word' id='word_1_260' title='bbox 1625 3860 1825 3939; x_wconf 75' lang='grc' dir='ltr'>ἐσφράιι</span> 
     </span>
    </p>
   </div>
   <div class='ocr_carea' id='block_1_44' title="bbox 172 3948 1827 4026">
    <p class='ocr_par' dir='ltr' id='par_1_44' title="bbox 172 3948 1827 4026">
     <span class='ocr_line' id='line_1_44' title="bbox 172 3948 1827 4026; baseline 0.001 -23"><span class='ocrx_word' id='word_1_261' title='bbox 172 3972 334 4023; x_wconf 77' lang='grc' dir='ltr'>γισαι,</span> <span class='ocrx_word' id='word_1_262' title='bbox 389 3949 489 4005; x_wconf 66' lang='grc' dir='ltr'>ἵνα</span> <span class='ocrx_word' id='word_1_263' title='bbox 548 3952 623 4022; x_wconf 80' lang='grc' dir='ltr'>μή</span> <span class='ocrx_word' id='word_1_264' title='bbox 676 3951 705 4005; x_wconf 80' lang='grc' dir='ltr'>ὀ</span> <span class='ocrx_word' id='word_1_265' title='bbox 749 3948 1048 4026; x_wconf 78' lang='grc' dir='ltr'>ἐρχόμενος</span> <span class='ocrx_word' id='word_1_266' title='bbox 1096 3949 1156 4004; x_wconf 78' lang='grc' dir='ltr'>οὗ</span> <span class='ocrx_word' id='word_1_267' title='bbox 1208 3949 1370 4022; x_wconf 83' lang='grc' dir='ltr'>μόνον</span> <span class='ocrx_word' id='word_1_268' title='bbox 1430 3949 1648 4024; x_wconf 68' lang='grc' dir='ltr'>κλέψαι,</span> <span class='ocrx_word' id='word_1_269' title='bbox 1683 3948 1827 4005; x_wconf 81' lang='grc' dir='ltr'>ἀλλὰ</span> 
     </span>
    </p>
   </div>
   <div class='ocr_carea' id='block_1_45' title="bbox 174 4037 1824 4113">
    <p class='ocr_par' dir='ltr' id='par_1_45' title="bbox 174 4037 1824 4113">
     <span class='ocr_line' id='line_1_45' title="bbox 174 4037 1824 4113; baseline -0.001 -20"><span class='ocrx_word' id='word_1_270' title='bbox 174 4040 256 4092; x_wconf 70' lang='grc' dir='ltr'>καὶ</span> <span class='ocrx_word' id='word_1_271' title='bbox 308 4041 471 4094; x_wconf 77' lang='grc' dir='ltr'>Θύσαι</span> <span class='ocrx_word' id='word_1_272' title='bbox 528 4039 618 4094; x_wconf 85' lang='grc' dir='ltr'>καὶ</span> <span class='ocrx_word' id='word_1_273' title='bbox 672 4038 935 4095; x_wconf 70' lang='grc' dir='ltr'>ἀπολέσαι</span> <span class='ocrx_word' id='word_1_274' title='bbox 993 4037 1208 4113; x_wconf 81' lang='grc' dir='ltr'>ἐχθρὸς,</span> <span class='ocrx_word' id='word_1_275' title='bbox 1261 4037 1532 4113; x_wconf 74' lang='grc' dir='ltr'>λαθραίως</span> <span class='ocrx_word' id='word_1_276' title='bbox 1571 4039 1824 4094; x_wconf 81' lang='grc' dir='ltr'>εἷ’σελθὼν</span> 
     </span>
    </p>
   </div>
   <div class='ocr_carea' id='block_1_46' title="bbox 172 4126 1831 4203">
    <p class='ocr_par' dir='ltr' id='par_1_46' title="bbox 172 4126 1831 4203">
     <span class='ocr_line' id='line_1_46' title="bbox 172 4126 1831 4203; baseline 0 -21"><span class='ocrx_word' id='word_1_277' title='bbox 172 4129 259 4182; x_wconf 76' lang='grc' dir='ltr'>τόν</span> <span class='ocrx_word' id='word_1_278' title='bbox 291 4151 351 4184; x_wconf 73' lang='grc' dir='ltr'>τε</span> <span class='ocrx_word' id='word_1_279' title='bbox 382 4131 505 4184; x_wconf 78' lang='grc' dir='ltr'>κατ’</span> <span class='ocrx_word' id='word_1_280' title='bbox 555 4129 751 4203; x_wconf 72' lang='grc' dir='ltr'>ἀρετήν</span> <span class='ocrx_word' id='word_1_281' title='bbox 812 4150 906 4182; x_wconf 92' lang='grc' dir='ltr'>σου</span> <span class='ocrx_word' id='word_1_282' title='bbox 961 4126 1172 4202; x_wconf 71' lang='grc' dir='ltr'>συλήσῃ</span> <span class='ocrx_word' id='word_1_283' title='bbox 1223 4129 1449 4201; x_wconf 88' lang='grc' dir='ltr'>καρπὸν,</span> <span class='ocrx_word' id='word_1_284' title='bbox 1483 4128 1571 4182; x_wconf 79' lang='grc' dir='ltr'>καὶ</span> <span class='ocrx_word' id='word_1_285' title='bbox 1602 4129 1662 4182; x_wconf 83' lang='grc' dir='ltr'>τὸ</span> <span class='ocrx_word' id='word_1_286' title='bbox 1694 4128 1831 4182; x_wconf 78' lang='grc' dir='ltr'>κατὰ</span> 
     </span>
    </p>
   </div>
   <div class='ocr_carea' id='block_1_47' title="bbox 177 4214 1829 4292">
    <p class='ocr_par' dir='ltr' id='par_1_47' title="bbox 177 4214 1829 4292">
     <span class='ocr_line' id='line_1_47' title="bbox 177 4214 1829 4292; baseline 0 -21"><span class='ocrx_word' id='word_1_287' title='bbox 177 4222 372 4292; x_wconf 78' lang='grc' dir='ltr'>γνῶσιν</span> <span class='ocrx_word' id='word_1_288' title='bbox 436 4225 540 4287; x_wconf 78' lang='grc' dir='ltr'>τῆς</span> <span class='ocrx_word' id='word_1_289' title='bbox 611 4217 867 4288; x_wconf 74' lang='grc' dir='ltr'>ἀληθείας</span> <span class='ocrx_word' id='word_1_290' title='bbox 945 4214 1091 4291; x_wconf 76' lang='grc' dir='ltr'>ὕδωρ</span> <span class='ocrx_word' id='word_1_291' title='bbox 1150 4237 1245 4270; x_wconf 89' lang='grc' dir='ltr'>σου</span> <span class='ocrx_word' id='word_1_292' title='bbox 1303 4214 1550 4288; x_wconf 72' lang='grc' dir='ltr'>ψευδέσιν</span> <span class='ocrx_word' id='word_1_293' title='bbox 1608 4216 1829 4280; x_wconf 75' lang='grc' dir='ltr'>ἐννοίαις</span> 
     </span>
    </p>
   </div>
   <div class='ocr_carea' id='block_1_48' title="bbox 178 4301 1830 4380">
    <p class='ocr_par' dir='ltr' id='par_1_48' title="bbox 178 4301 1830 4380">
     <span class='ocr_line' id='line_1_48' title="bbox 178 4301 1830 4380; baseline -0.001 -20"><span class='ocrx_word' id='word_1_294' title='bbox 178 4305 561 4379; x_wconf 76' lang='grc' dir='ltr'>καταμολύνῃ.</span> <span class='ocrx_word' id='word_1_295' title='bbox 596 4307 673 4363; x_wconf 80' lang='grc' dir='ltr'>Οὐ</span> <span class='ocrx_word' id='word_1_296' title='bbox 718 4301 883 4379; x_wconf 79' lang='grc' dir='ltr'>μόνον</span> <span class='ocrx_word' id='word_1_297' title='bbox 927 4303 972 4359; x_wconf 86' lang='grc' dir='ltr'>δ’</span> <span class='ocrx_word' id='word_1_298' title='bbox 1003 4304 1136 4373; x_wconf 83' lang='grc' dir='ltr'>αύτή</span> <span class='ocrx_word' id='word_1_299' title='bbox 1168 4309 1416 4365; x_wconf 90' lang='grc' dir='ltr'>τοιοῦτος</span> <span class='ocrx_word' id='word_1_300' title='bbox 1459 4313 1636 4374; x_wconf 86' lang='grc' dir='ltr'>κῆπος</span> <span class='ocrx_word' id='word_1_301' title='bbox 1662 4307 1830 4380; x_wconf 76' lang='grc' dir='ltr'>ὑπάρ-</span> 
     </span>
    </p>
   </div>
   <div class='ocr_carea' id='block_1_49' title="bbox 177 4391 1831 4471">
    <p class='ocr_par' dir='ltr' id='par_1_49' title="bbox 177 4391 1831 4471">
     <span class='ocr_line' id='line_1_49' title="bbox 177 4391 1831 4471; baseline -0.001 -21"><span class='ocrx_word' id='word_1_302' title='bbox 177 4415 318 4471; x_wconf 82' lang='grc' dir='ltr'>χεις,</span> <span class='ocrx_word' id='word_1_303' title='bbox 383 4396 535 4452; x_wconf 74' lang='grc' dir='ltr'>ἀλλὰ</span> <span class='ocrx_word' id='word_1_304' title='bbox 592 4395 703 4464; x_wconf 84' lang='grc' dir='ltr'>καὶ,</span> <span class='ocrx_word' id='word_1_305' title='bbox 764 4391 1095 4452; x_wconf 87' lang='grc' dir='ltr'>Ἀποστολαί</span> <span class='ocrx_word' id='word_1_306' title='bbox 1160 4415 1255 4448; x_wconf 87' lang='grc' dir='ltr'>σου</span> <span class='ocrx_word' id='word_1_307' title='bbox 1306 4393 1630 4470; x_wconf 78' lang='grc' dir='ltr'>παράδεισος</span> <span class='ocrx_word' id='word_1_308' title='bbox 1692 4396 1831 4471; x_wconf 75' lang='grc' dir='ltr'>ῥοῶν</span> 
     </span>
    </p>
   </div>
   <div class='ocr_carea' id='block_1_50' title="bbox 181 4480 1836 4558">
    <p class='ocr_par' dir='ltr' id='par_1_50' title="bbox 181 4480 1836 4558">
     <span class='ocr_line' id='line_1_50' title="bbox 181 4480 1836 4558; baseline 0.002 -22"><span class='ocrx_word' id='word_1_309' title='bbox 181 4485 314 4553; x_wconf 78' lang='grc' dir='ltr'>μετᾶ</span> <span class='ocrx_word' id='word_1_310' title='bbox 375 4488 597 4556; x_wconf 78' lang='grc' dir='ltr'>καρποῦ</span> <span class='ocrx_word' id='word_1_311' title='bbox 676 4480 991 4558; x_wconf 74' lang='grc' dir='ltr'>ἀκροδρύων</span> <span class='ocrx_word' id='word_1_312' title='bbox 1024 4501 1036 4514; x_wconf 90' lang='grc'>·</span> <span class='ocrx_word' id='word_1_313' title='bbox 1096 4483 1314 4543; x_wconf 84' lang='grc' dir='ltr'>πάντως</span> <span class='ocrx_word' id='word_1_314' title='bbox 1379 4485 1431 4537; x_wconf 79' lang='grc' dir='ltr'>οἱ</span> <span class='ocrx_word' id='word_1_315' title='bbox 1488 4483 1836 4558; x_wconf 81' lang='grc' dir='ltr'>ἐκπεμπόμε-</span> 
     </span>
    </p>
   </div>
   <div class='ocr_carea' id='block_1_51' title="bbox 1756 3197 1890 3279">
    <p class='ocr_par' dir='ltr' id='par_1_51' title="bbox 1756 3197 1890 3279">
     <span class='ocr_line' id='line_1_51' title="bbox 1756 3197 1890 3279; baseline 0 -18"><span class='ocrx_word' id='word_1_316' title='bbox 1756 3197 1890 3279; x_wconf 55' lang='lat' dir='ltr'><strong>,_c</strong></span> 
     </span>
    </p>
   </div>
   <div class='ocr_carea' id='block_1_52' title="bbox 2662 708 2866 765">
    <p class='ocr_par' dir='ltr' id='par_1_52' title="bbox 2662 708 2866 765">
     <span class='ocr_line' id='line_1_52' title="bbox 2662 708 2866 765; baseline -0.005 0"><span class='ocrx_word' id='word_1_317' title='bbox 2662 708 2866 765; x_wconf 73' lang='lat' dir='ltr'><strong>Pselli.</strong></span> 
     </span>
    </p>
   </div>
   <div class='ocr_carea' id='block_1_53' title="bbox 2002 798 3588 872">
    <p class='ocr_par' dir='ltr' id='par_1_53' title="bbox 2002 798 3588 872">
     <span class='ocr_line' id='line_1_53' title="bbox 2002 798 3588 872; baseline 0.001 -18"><span class='ocrx_word' id='word_1_318' title='bbox 2002 801 2194 855; x_wconf 84' lang='lat' dir='ltr'><strong>Variis</strong></span> <span class='ocrx_word' id='word_1_319' title='bbox 2227 815 2506 872; x_wconf 82' lang='lat' dir='ltr'>sponsam</span> <span class='ocrx_word' id='word_1_320' title='bbox 2540 798 2817 853; x_wconf 87' lang='lat' dir='ltr'>laudibus</span> <span class='ocrx_word' id='word_1_321' title='bbox 2841 815 3095 868; x_wconf 87' lang='lat' dir='ltr'><strong>sponsus</strong></span> <span class='ocrx_word' id='word_1_322' title='bbox 3117 798 3588 856; x_wconf 84' lang='lat' dir='ltr'><strong>extollit.Hortus</strong></span> 
     </span>
    </p>
   </div>
   <div class='ocr_carea' id='block_1_54' title="bbox 1931 888 3588 959">
    <p class='ocr_par' dir='ltr' id='par_1_54' title="bbox 1931 888 3588 959">
     <span class='ocr_line' id='line_1_54' title="bbox 1931 888 3588 959; baseline 0 -15"><span class='ocrx_word' id='word_1_323' title='bbox 1931 890 2083 944; x_wconf 91' lang='lat' dir='ltr'><strong>enim</strong></span> <span class='ocrx_word' id='word_1_324' title='bbox 2149 905 2231 957; x_wconf 89' lang='lat' dir='ltr'>es,</span> <span class='ocrx_word' id='word_1_325' title='bbox 2274 889 2485 959; x_wconf 83' lang='lat' dir='ltr'>inquit,</span> <span class='ocrx_word' id='word_1_326' title='bbox 2524 905 2555 943; x_wconf 93' lang='grc' dir='ltr'>ο</span> <span class='ocrx_word' id='word_1_327' title='bbox 2615 904 2852 959; x_wconf 89' lang='lat' dir='ltr'><strong>sponsa,</strong></span> <span class='ocrx_word' id='word_1_328' title='bbox 2911 888 3249 958; x_wconf 86' lang='lat' dir='ltr'><strong>conclusus,</strong></span> <span class='ocrx_word' id='word_1_329' title='bbox 3309 890 3588 944; x_wconf 88' lang='lat' dir='ltr'><strong>arborum</strong></span> 
     </span>
    </p>
   </div>
   <div class='ocr_carea' id='block_1_55' title="bbox 1932 976 3587 1048">
    <p class='ocr_par' dir='ltr' id='par_1_55' title="bbox 1932 976 3587 1048">
     <span class='ocr_line' id='line_1_55' title="bbox 1932 976 3587 1048; baseline 0 -15"><span class='ocrx_word' id='word_1_330' title='bbox 1932 979 2196 1033; x_wconf 89' lang='lat' dir='ltr'><strong>omnium</strong></span> <span class='ocrx_word' id='word_1_331' title='bbox 2259 979 2316 1033; x_wconf 89' lang='lat' dir='ltr'>in</span> <span class='ocrx_word' id='word_1_332' title='bbox 2366 983 2422 1033; x_wconf 87' lang='lat' dir='ltr'>te</span> <span class='ocrx_word' id='word_1_333' title='bbox 2480 979 2610 1048; x_wconf 90' lang='lat' dir='ltr'><strong>ipsa</strong></span> <span class='ocrx_word' id='word_1_334' title='bbox 2666 976 2974 1031; x_wconf 87' lang='lat' dir='ltr'><strong>continens</strong></span> <span class='ocrx_word' id='word_1_335' title='bbox 3024 977 3224 1046; x_wconf 85' lang='lat' dir='ltr'><strong>decus,</strong></span> <span class='ocrx_word' id='word_1_336' title='bbox 3276 981 3332 1032; x_wconf 88' lang='lat' dir='ltr'>et</span> <span class='ocrx_word' id='word_1_337' title='bbox 3395 977 3587 1033; x_wconf 89' lang='lat' dir='ltr'><strong>oleam</strong></span> 
     </span>
    </p>
   </div>
   <div class='ocr_carea' id='block_1_56' title="bbox 1934 1065 3585 1139">
    <p class='ocr_par' dir='ltr' id='par_1_56' title="bbox 1934 1065 3585 1139">
     <span class='ocr_line' id='line_1_56' title="bbox 1934 1065 3585 1139; baseline 0 -17"><span class='ocrx_word' id='word_1_338' title='bbox 1934 1069 2314 1134; x_wconf 76' lang='lat' dir='ltr'><strong>fructiferam,</strong></span> <span class='ocrx_word' id='word_1_339' title='bbox 2349 1071 2406 1122; x_wconf 92' lang='lat' dir='ltr'>et</span> <span class='ocrx_word' id='word_1_340' title='bbox 2437 1067 2664 1121; x_wconf 84' lang='lat' dir='ltr'>dulcem</span> <span class='ocrx_word' id='word_1_341' title='bbox 2698 1065 2897 1120; x_wconf 85' lang='lat' dir='ltr'><strong>ﬁcum.</strong></span> <span class='ocrx_word' id='word_1_342' title='bbox 2942 1066 3091 1120; x_wconf 88' lang='lat' dir='ltr'><strong>Fons</strong></span> <span class='ocrx_word' id='word_1_343' title='bbox 3151 1066 3315 1132; x_wconf 85' lang='lat' dir='ltr'>item,</span> <span class='ocrx_word' id='word_1_344' title='bbox 3367 1067 3585 1139; x_wconf 87' lang='lat' dir='ltr'>inquit,</span> 
     </span>
    </p>
   </div>
   <div class='ocr_carea' id='block_1_57' title="bbox 1930 1154 3586 1227">
    <p class='ocr_par' dir='ltr' id='par_1_57' title="bbox 1930 1154 3586 1227">
     <span class='ocr_line' id='line_1_57' title="bbox 1930 1154 3586 1227; baseline 0.001 -17"><span class='ocrx_word' id='word_1_345' title='bbox 1930 1173 1994 1210; x_wconf 91' lang='lat' dir='ltr'>es</span> <span class='ocrx_word' id='word_1_346' title='bbox 2025 1157 2312 1227; x_wconf 87' lang='lat' dir='ltr'><strong>signatus.</strong></span> <span class='ocrx_word' id='word_1_347' title='bbox 2340 1156 2538 1226; x_wconf 87' lang='lat' dir='ltr'>Neque</span> <span class='ocrx_word' id='word_1_348' title='bbox 2568 1154 2719 1210; x_wconf 88' lang='lat' dir='ltr'><strong>enim</strong></span> <span class='ocrx_word' id='word_1_349' title='bbox 2765 1171 2949 1225; x_wconf 81' lang='lat' dir='ltr'>aquas</span> <span class='ocrx_word' id='word_1_350' title='bbox 2998 1158 3218 1209; x_wconf 84' lang='lat' dir='ltr'>temere</span> <span class='ocrx_word' id='word_1_351' title='bbox 3276 1156 3586 1227; x_wconf 78' lang='lat' dir='ltr'>profundis</span> 
     </span>
    </p>
   </div>
   <div class='ocr_carea' id='block_1_58' title="bbox 1932 1243 3210 1314">
    <p class='ocr_par' dir='ltr' id='par_1_58' title="bbox 1932 1243 3210 1314">
     <span class='ocr_line' id='line_1_58' title="bbox 1932 1243 3210 1314; baseline 0 -16"><span class='ocrx_word' id='word_1_352' title='bbox 1932 1249 2088 1311; x_wconf 88' lang='lat' dir='ltr'><strong>tuas,</strong></span> <span class='ocrx_word' id='word_1_353' title='bbox 2122 1245 2222 1299; x_wconf 89' lang='lat' dir='ltr'>sed</span> <span class='ocrx_word' id='word_1_354' title='bbox 2244 1244 2446 1300; x_wconf 85' lang='lat' dir='ltr'><strong>ﬁdeles</strong></span> <span class='ocrx_word' id='word_1_355' title='bbox 2478 1243 2689 1299; x_wconf 89' lang='lat' dir='ltr'><strong>salutis</strong></span> <span class='ocrx_word' id='word_1_356' title='bbox 2722 1243 2988 1298; x_wconf 80' lang='lat' dir='ltr'>sitientes</span> <span class='ocrx_word' id='word_1_357' title='bbox 3021 1247 3210 1314; x_wconf 88' lang='lat' dir='ltr'><strong>potas.</strong></span> 
     </span>
    </p>
   </div>
   <div class='ocr_carea' id='block_1_59' title="bbox 2005 1332 3586 1404">
    <p class='ocr_par' dir='ltr' id='par_1_59' title="bbox 2005 1332 3586 1404">
     <span class='ocr_line' id='line_1_59' title="bbox 2005 1332 3586 1404; baseline 0 -15"><span class='ocrx_word' id='word_1_358' title='bbox 2005 1336 2336 1389; x_wconf 73' lang='lat' dir='ltr'><strong>Emissz’ones</strong></span> <span class='ocrx_word' id='word_1_359' title='bbox 2357 1343 2464 1389; x_wconf 75' lang='lat' dir='ltr'><strong>tuae</strong></span> <span class='ocrx_word' id='word_1_360' title='bbox 2491 1333 2790 1404; x_wconf 77' lang='lat' dir='ltr'>paradisus</span> <span class='ocrx_word' id='word_1_361' title='bbox 2811 1332 3087 1388; x_wconf 83' lang='lat' dir='ltr'><strong>malorum</strong></span> <span class='ocrx_word' id='word_1_362' title='bbox 3102 1335 3434 1404; x_wconf 78' lang='lat' dir='ltr'><strong>punicorum</strong></span> <span class='ocrx_word' id='word_1_363' title='bbox 3458 1349 3586 1389; x_wconf 81' lang='lat' dir='ltr'>cum</span> 
     </span>
    </p>
   </div>
   <div class='ocr_carea' id='block_1_60' title="bbox 1927 1425 2456 1496">
    <p class='ocr_par' dir='ltr' id='par_1_60' title="bbox 1927 1425 2456 1496">
     <span class='ocr_line' id='line_1_60' title="bbox 1927 1425 2456 1496; baseline -0.006 -18"><span class='ocrx_word' id='word_1_364' title='bbox 1927 1425 2199 1496; x_wconf 76' lang='lat' dir='ltr'><strong>fructibus</strong></span> <span class='ocrx_word' id='word_1_365' title='bbox 2228 1440 2456 1479; x_wconf 86' lang='lat' dir='ltr'><strong>nucum.</strong></span> 
     </span>
    </p>
   </div>
   <div class='ocr_carea' id='block_1_61' title="bbox 2000 1509 3576 1583">
    <p class='ocr_par' dir='ltr' id='par_1_61' title="bbox 2000 1509 3576 1583">
     <span class='ocr_line' id='line_1_61' title="bbox 2000 1509 3576 1583; baseline -0.001 -16"><span class='ocrx_word' id='word_1_366' title='bbox 2000 1513 2103 1568; x_wconf 89' lang='lat' dir='ltr'>His</span> <span class='ocrx_word' id='word_1_367' title='bbox 2133 1513 2326 1567; x_wconf 85' lang='lat' dir='ltr'><strong>verbis</strong></span> <span class='ocrx_word' id='word_1_368' title='bbox 2349 1528 2417 1567; x_wconf 89' lang='lat' dir='ltr'>ea</span> <span class='ocrx_word' id='word_1_369' title='bbox 2447 1527 2701 1583; x_wconf 90' lang='lat' dir='ltr'><strong>sponsus</strong></span> <span class='ocrx_word' id='word_1_370' title='bbox 2733 1509 3395 1581; x_wconf 57' lang='lat' dir='ltr'><strong>complectiturfomnia,</strong></span> <span class='ocrx_word' id='word_1_371' title='bbox 3450 1529 3576 1583; x_wconf 66' lang='lat' dir='ltr'><strong>qua:</strong></span> 
     </span>
    </p>
   </div>
   <div class='ocr_carea' id='block_1_62' title="bbox 1931 1598 3586 1671">
    <p class='ocr_par' dir='ltr' id='par_1_62' title="bbox 1931 1598 3586 1671">
     <span class='ocr_line' id='line_1_62' title="bbox 1931 1598 3586 1671; baseline -0.002 -13"><span class='ocrx_word' id='word_1_372' title='bbox 1931 1602 2001 1658; x_wconf 89' lang='lat' dir='ltr'>ad</span> <span class='ocrx_word' id='word_1_373' title='bbox 2038 1601 2168 1656; x_wconf 82' lang='lat' dir='ltr'><strong>fidei</strong></span> <span class='ocrx_word' id='word_1_374' title='bbox 2210 1604 2424 1656; x_wconf 76' lang='lat' dir='ltr'><strong>nostrae</strong></span> <span class='ocrx_word' id='word_1_375' title='bbox 2465 1599 2854 1669; x_wconf 66' lang='lat' dir='ltr'><strong>integerrimas</strong></span> <span class='ocrx_word' id='word_1_376' title='bbox 2907 1598 3236 1653; x_wconf 81' lang='lat' dir='ltr'>doctrinam</span> <span class='ocrx_word' id='word_1_377' title='bbox 3289 1604 3586 1671; x_wconf 82' lang='lat' dir='ltr'>spectant,</span> 
     </span>
    </p>
   </div>
   <div class='ocr_carea' id='block_1_63' title="bbox 1930 1687 3580 1762">
    <p class='ocr_par' dir='ltr' id='par_1_63' title="bbox 1930 1687 3580 1762">
     <span class='ocr_line' id='line_1_63' title="bbox 1930 1687 3580 1762; baseline -0.001 -16"><span class='ocrx_word' id='word_1_378' title='bbox 1930 1691 2098 1762; x_wconf 86' lang='lat' dir='ltr'>cujus</span> <span class='ocrx_word' id='word_1_379' title='bbox 2130 1690 2422 1759; x_wconf 80' lang='lat' dir='ltr'>timorem,</span> <span class='ocrx_word' id='word_1_380' title='bbox 2457 1690 2749 1756; x_wconf 85' lang='lat' dir='ltr'><strong>decorem,</strong></span> <span class='ocrx_word' id='word_1_381' title='bbox 2783 1687 3187 1760; x_wconf 78' lang='lat' dir='ltr'><strong>fragrantiam,</strong></span> <span class='ocrx_word' id='word_1_382' title='bbox 3212 1687 3580 1744; x_wconf 81' lang='lat' dir='ltr'><strong>divinitatem</strong></span> 
     </span>
    </p>
   </div>
   <div class='ocr_carea' id='block_1_64' title="bbox 1929 1775 3584 1849">
    <p class='ocr_par' dir='ltr' id='par_1_64' title="bbox 1929 1775 3584 1849">
     <span class='ocr_line' id='line_1_64' title="bbox 1929 1775 3584 1849; baseline -0.001 -13"><span class='ocrx_word' id='word_1_383' title='bbox 1929 1797 1994 1836; x_wconf 89' lang='lat' dir='ltr'>os</span> <span class='ocrx_word' id='word_1_384' title='bbox 2037 1779 2306 1836; x_wconf 67' lang='lat' dir='ltr'><strong>Ecclesiae</strong></span> <span class='ocrx_word' id='word_1_385' title='bbox 2358 1793 2662 1849; x_wconf 86' lang='lat' dir='ltr'>nunquam</span> <span class='ocrx_word' id='word_1_386' title='bbox 2705 1795 2820 1832; x_wconf 90' lang='lat' dir='ltr'><strong>non</strong></span> <span class='ocrx_word' id='word_1_387' title='bbox 2872 1777 3165 1848; x_wconf 67' lang='lat' dir='ltr'><strong>prmdicat.</strong></span> <span class='ocrx_word' id='word_1_388' title='bbox 3221 1775 3584 1834; x_wconf 88' lang='lat' dir='ltr'><strong>Emissiones</strong></span> 
     </span>
    </p>
   </div>
   <div class='ocr_carea' id='block_1_65' title="bbox 1929 1865 3580 1941">
    <p class='ocr_par' dir='ltr' id='par_1_65' title="bbox 1929 1865 3580 1941">
     <span class='ocr_line' id='line_1_65' title="bbox 1929 1865 3580 1941; baseline -0.001 -17"><span class='ocrx_word' id='word_1_389' title='bbox 1929 1869 2109 1936; x_wconf 89' lang='lat' dir='ltr'><strong>enim,</strong></span> <span class='ocrx_word' id='word_1_390' title='bbox 2159 1868 2373 1941; x_wconf 87' lang='lat' dir='ltr'><strong>inquit,</strong></span> <span class='ocrx_word' id='word_1_391' title='bbox 2433 1871 2547 1922; x_wconf 63' lang='lat' dir='ltr'><strong>tua:</strong></span> <span class='ocrx_word' id='word_1_392' title='bbox 2601 1867 2915 1938; x_wconf 85' lang='lat' dir='ltr'><strong>paradisus</strong></span> <span class='ocrx_word' id='word_1_393' title='bbox 2965 1866 3228 1922; x_wconf 81' lang='lat' dir='ltr'><strong>existunt</strong></span> <span class='ocrx_word' id='word_1_394' title='bbox 3287 1865 3580 1922; x_wconf 86' lang='lat' dir='ltr'><strong>malorum</strong></span> 
     </span>
    </p>
   </div>
   <div class='ocr_carea' id='block_1_66' title="bbox 1923 1954 3564 2029">
    <p class='ocr_par' dir='ltr' id='par_1_66' title="bbox 1923 1954 3564 2029">
     <span class='ocr_line' id='line_1_66' title="bbox 1923 1954 3564 2029; baseline 0 -17"><span class='ocrx_word' id='word_1_395' title='bbox 1923 1959 2298 2029; x_wconf 85' lang='lat' dir='ltr'><strong>punicorum,</strong></span> <span class='ocrx_word' id='word_1_396' title='bbox 2329 1961 2386 2012; x_wconf 91' lang='lat' dir='ltr'>et</span> <span class='ocrx_word' id='word_1_397' title='bbox 2415 1956 2571 2012; x_wconf 91' lang='lat' dir='ltr'><strong>omni</strong></span> <span class='ocrx_word' id='word_1_398' title='bbox 2607 1957 2796 2026; x_wconf 79' lang='lat' dir='ltr'><strong>gratia</strong></span> <span class='ocrx_word' id='word_1_399' title='bbox 2826 1960 2967 2011; x_wconf 90' lang='lat' dir='ltr'><strong>sunt</strong></span> <span class='ocrx_word' id='word_1_400' title='bbox 2999 1954 3348 2028; x_wconf 61' lang='lat' dir='ltr'><strong>plensefons</strong></span> <span class='ocrx_word' id='word_1_401' title='bbox 3375 1956 3564 2012; x_wconf 76' lang='lat' dir='ltr'><strong>horto-</strong></span> 
     </span>
    </p>
   </div>
   <div class='ocr_carea' id='block_1_67' title="bbox 1918 2044 3565 2117">
    <p class='ocr_par' dir='ltr' id='par_1_67' title="bbox 1918 2044 3565 2117">
     <span class='ocr_line' id='line_1_67' title="bbox 1918 2044 3565 2117; baseline -0.002 -14"><span class='ocrx_word' id='word_1_402' title='bbox 1918 2064 2078 2103; x_wconf 87' lang='lat' dir='ltr'><strong>rum:</strong></span> <span class='ocrx_word' id='word_1_403' title='bbox 2115 2063 2250 2102; x_wconf 87' lang='lat' dir='ltr'>nam</span> <span class='ocrx_word' id='word_1_404' title='bbox 2280 2045 2482 2102; x_wconf 87' lang='lat' dir='ltr'><strong>latices</strong></span> <span class='ocrx_word' id='word_1_405' title='bbox 2511 2049 2644 2100; x_wconf 90' lang='lat' dir='ltr'><strong>tuos</strong></span> <span class='ocrx_word' id='word_1_406' title='bbox 2675 2045 2829 2099; x_wconf 87' lang='lat' dir='ltr'><strong>haud</strong></span> <span class='ocrx_word' id='word_1_407' title='bbox 2866 2046 3083 2100; x_wconf 84' lang='lat' dir='ltr'><strong>frustra</strong></span> <span class='ocrx_word' id='word_1_408' title='bbox 3133 2044 3404 2117; x_wconf 81' lang='lat' dir='ltr'><strong>spargis;</strong></span> <span class='ocrx_word' id='word_1_409' title='bbox 3464 2045 3565 2101; x_wconf 89' lang='lat' dir='ltr'>sed</span> 
     </span>
    </p>
   </div>
   <div class='ocr_carea' id='block_1_68' title="bbox 1920 2133 3203 2208">
    <p class='ocr_par' dir='ltr' id='par_1_68' title="bbox 1920 2133 3203 2208">
     <span class='ocr_line' id='line_1_68' title="bbox 1920 2133 3203 2208; baseline -0.002 -16"><span class='ocrx_word' id='word_1_410' title='bbox 1920 2137 2145 2193; x_wconf 90' lang='lat' dir='ltr'><strong>divinas</strong></span> <span class='ocrx_word' id='word_1_411' title='bbox 2177 2135 2431 2208; x_wconf 90' lang='lat' dir='ltr'><strong>plantas,</strong></span> <span class='ocrx_word' id='word_1_412' title='bbox 2465 2135 2666 2190; x_wconf 82' lang='lat' dir='ltr'><strong>ﬁdeles</strong></span> <span class='ocrx_word' id='word_1_413' title='bbox 2690 2135 2995 2204; x_wconf 89' lang='lat' dir='ltr'><strong>nimirum,</strong></span> <span class='ocrx_word' id='word_1_414' title='bbox 3022 2133 3203 2206; x_wconf 85' lang='lat' dir='ltr'><strong>rigas.</strong></span> 
     </span>
    </p>
   </div>
   <div class='ocr_carea' id='block_1_69' title="bbox 1919 2331 3569 2405">
    <p class='ocr_par' dir='ltr' id='par_1_69' title="bbox 1919 2331 3569 2405">
     <span class='ocr_line' id='line_1_69' title="bbox 1919 2331 3569 2405; baseline -0.003 -14"><span class='ocrx_word' id='word_1_415' title='bbox 1919 2337 2120 2391; x_wconf 75' lang='lat' dir='ltr'><strong>Pulsus</strong></span> <span class='ocrx_word' id='word_1_416' title='bbox 2137 2351 2290 2405; x_wconf 62' lang='lat' dir='ltr'><strong>aqum</strong></span> <span class='ocrx_word' id='word_1_417' title='bbox 2315 2333 2697 2403; x_wconf 71' lang='lat' dir='ltr'><strong>viventis,quaz</strong></span> <span class='ocrx_word' id='word_1_418' title='bbox 2714 2333 2840 2401; x_wconf 76' lang='lat' dir='ltr'><strong>ﬂuit</strong></span> <span class='ocrx_word' id='word_1_419' title='bbox 2858 2348 2985 2387; x_wconf 86' lang='lat' dir='ltr'>cum</span> <span class='ocrx_word' id='word_1_420' title='bbox 3006 2331 3320 2404; x_wconf 79' lang='lat' dir='ltr'><strong>slrepilude</strong></span> <span class='ocrx_word' id='word_1_421' title='bbox 3341 2333 3569 2387; x_wconf 77' lang='lat' dir='ltr'>Libano.</span> 
     </span>
    </p>
   </div>
   <div class='ocr_carea' id='block_1_70' title="bbox 1991 2509 3576 2584">
    <p class='ocr_par' dir='ltr' id='par_1_70' title="bbox 1991 2509 3576 2584">
     <span class='ocr_line' id='line_1_70' title="bbox 1991 2509 3576 2584; baseline -0.004 -15"><span class='ocrx_word' id='word_1_422' title='bbox 1991 2512 2393 2584; x_wconf 83' lang='lat' dir='ltr'><strong>Adeo,inquit,</strong></span> <span class='ocrx_word' id='word_1_423' title='bbox 2456 2511 2770 2565; x_wconf 82' lang='lat' dir='ltr'><strong>virtutibus</strong></span> <span class='ocrx_word' id='word_1_424' title='bbox 2825 2509 3076 2580; x_wconf 77' lang='lat' dir='ltr'><strong>insignis</strong></span> <span class='ocrx_word' id='word_1_425' title='bbox 3124 2510 3328 2565; x_wconf 69' lang='lat' dir='ltr'><strong>effecta</strong></span> <span class='ocrx_word' id='word_1_426' title='bbox 3379 2526 3462 2577; x_wconf 89' lang='lat' dir='ltr'>es,</span> <span class='ocrx_word' id='word_1_427' title='bbox 3509 2511 3576 2563; x_wconf 87' lang='lat' dir='ltr'>ut</span> 
     </span>
    </p>
   </div>
   <div class='ocr_carea' id='block_1_71' title="bbox 1921 2598 3573 2674">
    <p class='ocr_par' dir='ltr' id='par_1_71' title="bbox 1921 2598 3573 2674">
     <span class='ocr_line' id='line_1_71' title="bbox 1921 2598 3573 2674; baseline -0.004 -15"><span class='ocrx_word' id='word_1_428' title='bbox 1921 2603 2265 2674; x_wconf 88' lang='lat' dir='ltr'><strong>idem.quod</strong></span> <span class='ocrx_word' id='word_1_429' title='bbox 2297 2617 2778 2673; x_wconf 82' lang='lat' dir='ltr'><strong>ego,cognomem</strong></span> <span class='ocrx_word' id='word_1_430' title='bbox 2814 2600 2894 2654; x_wconf 90' lang='lat' dir='ltr'>sis</span> <span class='ocrx_word' id='word_1_431' title='bbox 2918 2603 3252 2654; x_wconf 78' lang='lat' dir='ltr'><strong>consecuta.</strong></span> <span class='ocrx_word' id='word_1_432' title='bbox 3277 2600 3394 2669; x_wconf 78' lang='lat' dir='ltr'>Ego</span> <span class='ocrx_word' id='word_1_433' title='bbox 3415 2598 3573 2653; x_wconf 91' lang='lat' dir='ltr'><strong>enim</strong></span> 
     </span>
    </p>
   </div>
   <div class='ocr_carea' id='block_1_72' title="bbox 1923 2686 3572 2761">
    <p class='ocr_par' dir='ltr' id='par_1_72' title="bbox 1923 2686 3572 2761">
     <span class='ocr_line' id='line_1_72' title="bbox 1923 2686 3572 2761; baseline -0.004 -12"><span class='ocrx_word' id='word_1_434' title='bbox 1923 2693 2166 2749; x_wconf 86' lang='lat' dir='ltr'><strong>omnino</strong></span> <span class='ocrx_word' id='word_1_435' title='bbox 2193 2691 2439 2746; x_wconf 87' lang='lat' dir='ltr'><strong>viventis</strong></span> <span class='ocrx_word' id='word_1_436' title='bbox 2461 2706 2628 2761; x_wconf 71' lang='lat' dir='ltr'><strong>aquae</strong></span> <span class='ocrx_word' id='word_1_437' title='bbox 2665 2705 2797 2744; x_wconf 89' lang='lat' dir='ltr'>sum</span> <span class='ocrx_word' id='word_1_438' title='bbox 2857 2693 3090 2760; x_wconf 87' lang='lat' dir='ltr'><strong>puteus,</strong></span> <span class='ocrx_word' id='word_1_439' title='bbox 3139 2689 3240 2760; x_wconf 90' lang='lat' dir='ltr'>qui</span> <span class='ocrx_word' id='word_1_440' title='bbox 3300 2689 3370 2743; x_wconf 88' lang='lat' dir='ltr'>de</span> <span class='ocrx_word' id='word_1_441' title='bbox 3427 2686 3572 2742; x_wconf 77' lang='lat' dir='ltr'><strong>ccelo</strong></span> 
     </span>
    </p>
   </div>
   <div class='ocr_carea' id='block_1_73' title="bbox 1925 2774 3578 2853">
    <p class='ocr_par' dir='ltr' id='par_1_73' title="bbox 1925 2774 3578 2853">
     <span class='ocr_line' id='line_1_73' title="bbox 1925 2774 3578 2853; baseline -0.005 -15"><span class='ocrx_word' id='word_1_442' title='bbox 1925 2781 2292 2853; x_wconf 87' lang='lat' dir='ltr'><strong>sicutpluvia</strong></span> <span class='ocrx_word' id='word_1_443' title='bbox 2326 2780 2386 2834; x_wconf 90' lang='lat' dir='ltr'><strong>in</strong></span> <span class='ocrx_word' id='word_1_444' title='bbox 2420 2777 2628 2846; x_wconf 86' lang='lat' dir='ltr'><strong>vellus,</strong></span> <span class='ocrx_word' id='word_1_445' title='bbox 2658 2782 2944 2849; x_wconf 85' lang='lat' dir='ltr'><strong>tanquam</strong></span> <span class='ocrx_word' id='word_1_446' title='bbox 2975 2794 3043 2832; x_wconf 83' lang='lat' dir='ltr'><strong>ex</strong></span> <span class='ocrx_word' id='word_1_447' title='bbox 3075 2776 3190 2834; x_wconf 89' lang='lat' dir='ltr'><strong>alto</strong></span> <span class='ocrx_word' id='word_1_448' title='bbox 3222 2780 3280 2833; x_wconf 85' lang='lat' dir='ltr'>et</span> <span class='ocrx_word' id='word_1_449' title='bbox 3311 2774 3578 2832; x_wconf 85' lang='lat' dir='ltr'><strong>mirabili</strong></span> 
     </span>
    </p>
   </div>
   <div class='ocr_carea' id='block_1_74' title="bbox 1924 2867 2703 2926">
    <p class='ocr_par' dir='ltr' id='par_1_74' title="bbox 1924 2867 2703 2926">
     <span class='ocr_line' id='line_1_74' title="bbox 1924 2867 2703 2926; baseline -0.006 0"><span class='ocrx_word' id='word_1_450' title='bbox 1924 2876 2126 2926; x_wconf 89' lang='lat' dir='ltr'><strong>monte</strong></span> <span class='ocrx_word' id='word_1_451' title='bbox 2149 2869 2371 2926; x_wconf 89' lang='lat' dir='ltr'><strong>Libano</strong></span> <span class='ocrx_word' id='word_1_452' title='bbox 2406 2867 2703 2924; x_wconf 90' lang='lat' dir='ltr'><strong>descendi.</strong></span> 
     </span>
    </p>
   </div>
   <div class='ocr_carea' id='block_1_75' title="bbox 2514 2975 2984 3030">
    <p class='ocr_par' dir='ltr' id='par_1_75' title="bbox 2514 2975 2984 3030">
     <span class='ocr_line' id='line_1_75' title="bbox 2514 2975 2984 3030; baseline 0.002 -2"><span class='ocrx_word' id='word_1_453' title='bbox 2514 2975 2696 3030; x_wconf 85' lang='lat' dir='ltr'><strong>Trium</strong></span> <span class='ocrx_word' id='word_1_454' title='bbox 2725 2977 2984 3030; x_wconf 84' lang='lat' dir='ltr'><strong>Patrum.</strong></span> 
     </span>
    </p>
   </div>
   <div class='ocr_carea' id='block_1_76' title="bbox 1997 3061 3572 3136">
    <p class='ocr_par' dir='ltr' id='par_1_76' title="bbox 1997 3061 3572 3136">
     <span class='ocr_line' id='line_1_76' title="bbox 1997 3061 3572 3136; baseline -0.003 -14"><span class='ocrx_word' id='word_1_455' title='bbox 1997 3072 2078 3123; x_wconf 84' lang='lat' dir='ltr'><strong>Ac</strong></span> <span class='ocrx_word' id='word_1_456' title='bbox 2108 3065 2251 3122; x_wconf 87' lang='lat' dir='ltr'><strong>talia</strong></span> <span class='ocrx_word' id='word_1_457' title='bbox 2274 3065 2511 3136; x_wconf 89' lang='lat' dir='ltr'><strong>quidem</strong></span> <span class='ocrx_word' id='word_1_458' title='bbox 2544 3068 2684 3120; x_wconf 90' lang='lat' dir='ltr'><strong>sunt</strong></span> <span class='ocrx_word' id='word_1_459' title='bbox 2707 3064 2973 3119; x_wconf 88' lang='lat' dir='ltr'><strong>membra</strong></span> <span class='ocrx_word' id='word_1_460' title='bbox 2992 3065 3049 3118; x_wconf 85' lang='lat' dir='ltr'>et</span> <span class='ocrx_word' id='word_1_461' title='bbox 3077 3061 3428 3118; x_wconf 89' lang='lat' dir='ltr'><strong>vestimenta</strong></span> <span class='ocrx_word' id='word_1_462' title='bbox 3448 3066 3572 3118; x_wconf 89' lang='lat' dir='ltr'><strong>tua.</strong></span> 
     </span>
    </p>
   </div>
   <div class='ocr_carea' id='block_1_77' title="bbox 1930 3151 2451 3226">
    <p class='ocr_par' dir='ltr' id='par_1_77' title="bbox 1930 3151 2451 3226">
     <span class='ocr_line' id='line_1_77' title="bbox 1930 3151 2451 3226; baseline -0.01 -15"><span class='ocrx_word' id='word_1_463' title='bbox 1930 3157 2016 3211; x_wconf 91' lang='lat' dir='ltr'>Tu</span> <span class='ocrx_word' id='word_1_464' title='bbox 2050 3171 2182 3210; x_wconf 90' lang='lat' dir='ltr'><strong>vero</strong></span> <span class='ocrx_word' id='word_1_465' title='bbox 2214 3151 2451 3226; x_wconf 86' lang='lat' dir='ltr'><strong>qualis?</strong></span> 
     </span>
    </p>
   </div>
   <div class='ocr_carea' id='block_1_78' title="bbox 2002 3240 3575 3313">
    <p class='ocr_par' dir='ltr' id='par_1_78' title="bbox 2002 3240 3575 3313">
     <span class='ocr_line' id='line_1_78' title="bbox 2002 3240 3575 3313; baseline -0.004 -14"><span class='ocrx_word' id='word_1_466' title='bbox 2002 3246 2200 3301; x_wconf 79' lang='lat' dir='ltr'><strong>Hortus</strong></span> <span class='ocrx_word' id='word_1_467' title='bbox 2229 3243 2691 3313; x_wconf 80' lang='lat' dir='ltr'><strong>conclusus,soror</strong></span> <span class='ocrx_word' id='word_1_468' title='bbox 2718 3257 2863 3312; x_wconf 83' lang='lat' dir='ltr'><strong>mea,</strong></span> <span class='ocrx_word' id='word_1_469' title='bbox 2916 3256 3114 3312; x_wconf 78' lang='lat' dir='ltr'><strong>sponsa</strong></span> <span class='ocrx_word' id='word_1_470' title='bbox 3137 3257 3155 3292; x_wconf 93' lang='lat'><strong><em>:</em></strong></span> <span class='ocrx_word' id='word_1_471' title='bbox 3213 3240 3408 3296; x_wconf 76' lang='lat' dir='ltr'><strong>hortus</strong></span> <span class='ocrx_word' id='word_1_472' title='bbox 3447 3255 3575 3294; x_wconf 84' lang='lat' dir='ltr'><strong>con-</strong></span> 
     </span>
    </p>
   </div>
   <div class='ocr_carea' id='block_1_79' title="bbox 1925 3334 2587 3405">
    <p class='ocr_par' dir='ltr' id='par_1_79' title="bbox 1925 3334 2587 3405">
     <span class='ocr_line' id='line_1_79' title="bbox 1925 3334 2587 3405; baseline -0.009 -14"><span class='ocrx_word' id='word_1_473' title='bbox 1925 3336 2132 3400; x_wconf 77' lang='lat' dir='ltr'><strong>clusus,</strong></span> <span class='ocrx_word' id='word_1_474' title='bbox 2163 3339 2288 3405; x_wconf 76' lang='lat' dir='ltr'><strong>fons</strong></span> <span class='ocrx_word' id='word_1_475' title='bbox 2315 3334 2587 3400; x_wconf 74' lang='lat' dir='ltr'><strong>signatus.</strong></span> 
     </span>
    </p>
   </div>
   <div class='ocr_carea' id='block_1_80' title="bbox 1999 3418 3577 3491">
    <p class='ocr_par' dir='ltr' id='par_1_80' title="bbox 1999 3418 3577 3491">
     <span class='ocr_line' id='line_1_80' title="bbox 1999 3418 3577 3491; baseline -0.005 -13"><span class='ocrx_word' id='word_1_476' title='bbox 1999 3423 2198 3488; x_wconf 84' lang='lat' dir='ltr'><strong>Qualis</strong></span> <span class='ocrx_word' id='word_1_477' title='bbox 2224 3422 2504 3477; x_wconf 88' lang='lat' dir='ltr'><strong>nimirum</strong></span> <span class='ocrx_word' id='word_1_478' title='bbox 2554 3419 2770 3491; x_wconf 84' lang='lat' dir='ltr'><strong>duplex</strong></span> <span class='ocrx_word' id='word_1_479' title='bbox 2828 3419 3033 3474; x_wconf 89' lang='lat' dir='ltr'><strong>hortus</strong></span> <span class='ocrx_word' id='word_1_480' title='bbox 3084 3418 3349 3474; x_wconf 89' lang='lat' dir='ltr'><strong>consitus</strong></span> <span class='ocrx_word' id='word_1_481' title='bbox 3384 3438 3397 3486; x_wconf 92' lang='lat'><strong>;</strong></span> <span class='ocrx_word' id='word_1_482' title='bbox 3430 3419 3577 3487; x_wconf 66' lang='lat' dir='ltr'><strong>{tum</strong></span> 
     </span>
    </p>
   </div>
   <div class='ocr_carea' id='block_1_81' title="bbox 1929 3506 3574 3582">
    <p class='ocr_par' dir='ltr' id='par_1_81' title="bbox 1929 3506 3574 3582">
     <span class='ocr_line' id='line_1_81' title="bbox 1929 3506 3574 3582; baseline -0.005 -14"><span class='ocrx_word' id='word_1_483' title='bbox 1929 3514 2213 3568; x_wconf 88' lang='lat' dir='ltr'><strong>virtutum</strong></span> <span class='ocrx_word' id='word_1_484' title='bbox 2242 3510 2888 3582; x_wconf 83' lang='lat' dir='ltr'><strong>disciplinis,quantum</strong></span> <span class='ocrx_word' id='word_1_485' title='bbox 2915 3509 2984 3564; x_wconf 87' lang='lat' dir='ltr'>ad</span> <span class='ocrx_word' id='word_1_486' title='bbox 3009 3509 3266 3564; x_wconf 88' lang='lat' dir='ltr'><strong>animam</strong></span> <span class='ocrx_word' id='word_1_487' title='bbox 3300 3506 3574 3579; x_wconf 89' lang='lat' dir='ltr'><strong>pertinet;</strong></span> 
     </span>
    </p>
   </div>
   <div class='ocr_carea' id='block_1_82' title="bbox 1930 3599 3577 3670">
    <p class='ocr_par' dir='ltr' id='par_1_82' title="bbox 1930 3599 3577 3670">
     <span class='ocr_line' id='line_1_82' title="bbox 1930 3599 3577 3670; baseline -0.006 -11"><span class='ocrx_word' id='word_1_488' title='bbox 1930 3607 2056 3659; x_wconf 87' lang='lat' dir='ltr'><strong>tum</strong></span> <span class='ocrx_word' id='word_1_489' title='bbox 2087 3618 2289 3658; x_wconf 89' lang='lat' dir='ltr'><strong>earum</strong></span> <span class='ocrx_word' id='word_1_490' title='bbox 2325 3601 2903 3670; x_wconf 87' lang='lat' dir='ltr'><strong>moribus,quantum</strong></span> <span class='ocrx_word' id='word_1_491' title='bbox 2927 3599 2998 3653; x_wconf 89' lang='lat' dir='ltr'><strong>ad</strong></span> <span class='ocrx_word' id='word_1_492' title='bbox 3027 3614 3260 3652; x_wconf 80' lang='lat' dir='ltr'><strong>carnem</strong></span> <span class='ocrx_word' id='word_1_493' title='bbox 3293 3614 3304 3652; x_wconf 94' lang='lat'>:</span> <span class='ocrx_word' id='word_1_494' title='bbox 3350 3601 3408 3651; x_wconf 89' lang='lat' dir='ltr'>et</span> <span class='ocrx_word' id='word_1_495' title='bbox 3449 3612 3577 3650; x_wconf 89' lang='lat' dir='ltr'>mu-</span> 
     </span>
    </p>
   </div>
   <div class='ocr_carea' id='block_1_83' title="bbox 1935 3685 3578 3763">
    <p class='ocr_par' dir='ltr' id='par_1_83' title="bbox 1935 3685 3578 3763">
     <span class='ocr_line' id='line_1_83' title="bbox 1935 3685 3578 3763; baseline -0.006 -15"><span class='ocrx_word' id='word_1_496' title='bbox 1935 3693 2095 3748; x_wconf 90' lang='lat' dir='ltr'><strong>nitus</strong></span> <span class='ocrx_word' id='word_1_497' title='bbox 2127 3692 2380 3763; x_wconf 89' lang='lat' dir='ltr'><strong>quodam</strong></span> <span class='ocrx_word' id='word_1_498' title='bbox 2406 3689 2585 3745; x_wconf 88' lang='lat' dir='ltr'><strong>veluti</strong></span> <span class='ocrx_word' id='word_1_499' title='bbox 2619 3690 3029 3744; x_wconf 87' lang='lat' dir='ltr'><strong>mandatorum</strong></span> <span class='ocrx_word' id='word_1_500' title='bbox 3061 3686 3235 3742; x_wconf 87' lang='lat' dir='ltr'><strong>vallo.</strong></span> <span class='ocrx_word' id='word_1_501' title='bbox 3281 3685 3578 3751; x_wconf 87' lang='lat' dir='ltr'><strong>Quantum</strong></span> 
     </span>
    </p>
   </div>
   <div class='ocr_carea' id='block_1_84' title="bbox 1933 3775 3582 3849">
    <p class='ocr_par' dir='ltr' id='par_1_84' title="bbox 1933 3775 3582 3849">
     <span class='ocr_line' id='line_1_84' title="bbox 1933 3775 3582 3849; baseline -0.004 -12"><span class='ocrx_word' id='word_1_502' title='bbox 1933 3797 2129 3838; x_wconf 79' lang='lat' dir='ltr'><strong>autem</strong></span> <span class='ocrx_word' id='word_1_503' title='bbox 2165 3781 2232 3835; x_wconf 89' lang='lat' dir='ltr'>ad</span> <span class='ocrx_word' id='word_1_504' title='bbox 2279 3783 2536 3834; x_wconf 84' lang='lat' dir='ltr'><strong>mentem</strong></span> <span class='ocrx_word' id='word_1_505' title='bbox 2556 3776 3002 3849; x_wconf 83' lang='lat' dir='ltr'><strong>spectat,qualis</strong></span> <span class='ocrx_word' id='word_1_506' title='bbox 3026 3777 3156 3832; x_wconf 88' lang='lat' dir='ltr'><strong>fons</strong></span> <span class='ocrx_word' id='word_1_507' title='bbox 3188 3775 3314 3848; x_wconf 87' lang='lat' dir='ltr'><strong>pias</strong></span> <span class='ocrx_word' id='word_1_508' title='bbox 3329 3791 3467 3846; x_wconf 87' lang='lat' dir='ltr'><strong>erga</strong></span> <span class='ocrx_word' id='word_1_509' title='bbox 3489 3790 3582 3830; x_wconf 88' lang='lat' dir='ltr'>me</span> 
     </span>
    </p>
   </div>
   <div class='ocr_carea' id='block_1_85' title="bbox 1936 3865 3585 3939">
    <p class='ocr_par' dir='ltr' id='par_1_85' title="bbox 1936 3865 3585 3939">
     <span class='ocr_line' id='line_1_85' title="bbox 1936 3865 3585 3939; baseline -0.005 -13"><span class='ocrx_word' id='word_1_510' title='bbox 1936 3889 1999 3926; x_wconf 91' lang='lat' dir='ltr'><strong>ac</strong></span> <span class='ocrx_word' id='word_1_511' title='bbox 2030 3869 2259 3924; x_wconf 89' lang='lat' dir='ltr'><strong>divinas</strong></span> <span class='ocrx_word' id='word_1_512' title='bbox 2299 3867 2499 3923; x_wconf 79' lang='lat' dir='ltr'><strong>fundis</strong></span> <span class='ocrx_word' id='word_1_513' title='bbox 2553 3866 2964 3939; x_wconf 85' lang='lat' dir='ltr'><strong>cogitationes,</strong></span> <span class='ocrx_word' id='word_1_514' title='bbox 2997 3869 3054 3920; x_wconf 87' lang='lat' dir='ltr'>et</span> <span class='ocrx_word' id='word_1_515' title='bbox 3077 3865 3245 3937; x_wconf 87' lang='lat' dir='ltr'><strong>signo</strong></span> <span class='ocrx_word' id='word_1_516' title='bbox 3299 3880 3449 3930; x_wconf 90' lang='lat' dir='ltr'><strong>meo,</strong></span> <span class='ocrx_word' id='word_1_517' title='bbox 3519 3865 3585 3917; x_wconf 90' lang='lat' dir='ltr'>ut</span> 
     </span>
    </p>
   </div>
   <div class='ocr_carea' id='block_1_86' title="bbox 1935 3952 3586 4029">
    <p class='ocr_par' dir='ltr' id='par_1_86' title="bbox 1935 3952 3586 4029">
     <span class='ocr_line' id='line_1_86' title="bbox 1935 3952 3586 4029; baseline -0.005 -16"><span class='ocrx_word' id='word_1_518' title='bbox 1935 3959 2129 4029; x_wconf 83' lang='lat' dir='ltr'><strong>imago</strong></span> <span class='ocrx_word' id='word_1_519' title='bbox 2161 3973 2379 4025; x_wconf 91' lang='lat' dir='ltr'><strong>mea,es</strong></span> <span class='ocrx_word' id='word_1_520' title='bbox 2411 3957 2819 4026; x_wconf 87' lang='lat' dir='ltr'><strong>obsignata,ne</strong></span> <span class='ocrx_word' id='word_1_521' title='bbox 2846 3954 3122 4010; x_wconf 89' lang='lat' dir='ltr'><strong>inimicus</strong></span> <span class='ocrx_word' id='word_1_522' title='bbox 3155 3952 3472 4009; x_wconf 88' lang='lat' dir='ltr'><strong>adveniens</strong></span> <span class='ocrx_word' id='word_1_523' title='bbox 3526 3954 3586 4005; x_wconf 83' lang='lat' dir='ltr'>te</span> 
     </span>
    </p>
   </div>
   <div class='ocr_carea' id='block_1_87' title="bbox 1939 4041 3587 4117">
    <p class='ocr_par' dir='ltr' id='par_1_87' title="bbox 1939 4041 3587 4117">
     <span class='ocr_line' id='line_1_87' title="bbox 1939 4041 3587 4117; baseline -0.005 -14"><span class='ocrx_word' id='word_1_524' title='bbox 1939 4065 2052 4103; x_wconf 91' lang='lat' dir='ltr'>non</span> <span class='ocrx_word' id='word_1_525' title='bbox 2087 4047 2277 4102; x_wconf 88' lang='lat' dir='ltr'><strong>solum</strong></span> <span class='ocrx_word' id='word_1_526' title='bbox 2313 4046 2571 4117; x_wconf 87' lang='lat' dir='ltr'><strong>diripiat,</strong></span> <span class='ocrx_word' id='word_1_527' title='bbox 2607 4046 2707 4100; x_wconf 90' lang='lat' dir='ltr'>sed</span> <span class='ocrx_word' id='word_1_528' title='bbox 2741 4044 2915 4100; x_wconf 88' lang='lat' dir='ltr'><strong>etiam</strong></span> <span class='ocrx_word' id='word_1_529' title='bbox 2965 4043 3192 4099; x_wconf 82' lang='lat' dir='ltr'><strong>occidat</strong></span> <span class='ocrx_word' id='word_1_530' title='bbox 3244 4059 3309 4096; x_wconf 89' lang='lat' dir='ltr'><strong>ac</strong></span> <span class='ocrx_word' id='word_1_531' title='bbox 3339 4041 3587 4113; x_wconf 44' lang='lat' dir='ltr'><strong>fperdat,</strong></span> 
     </span>
    </p>
   </div>
   <div class='ocr_carea' id='block_1_88' title="bbox 1938 4131 3590 4208">
    <p class='ocr_par' dir='ltr' id='par_1_88' title="bbox 1938 4131 3590 4208">
     <span class='ocr_line' id='line_1_88' title="bbox 1938 4131 3590 4208; baseline -0.005 -16"><span class='ocrx_word' id='word_1_532' title='bbox 1938 4138 2287 4208; x_wconf 83' lang='lat' dir='ltr'><strong>virtutisque</strong></span> <span class='ocrx_word' id='word_1_533' title='bbox 2318 4142 2434 4191; x_wconf 66' lang='lat' dir='ltr'><strong>tua:</strong></span> <span class='ocrx_word' id='word_1_534' title='bbox 2468 4136 2697 4190; x_wconf 77' lang='lat' dir='ltr'><strong>fructus</strong></span> <span class='ocrx_word' id='word_1_535' title='bbox 2719 4137 2998 4204; x_wconf 85' lang='lat' dir='ltr'><strong>asportet,</strong></span> <span class='ocrx_word' id='word_1_536' title='bbox 3022 4139 3078 4188; x_wconf 90' lang='lat' dir='ltr'>et</span> <span class='ocrx_word' id='word_1_537' title='bbox 3099 4132 3342 4204; x_wconf 64' lang='lat' dir='ltr'><strong>cognita</strong></span> <span class='ocrx_word' id='word_1_538' title='bbox 3375 4131 3590 4186; x_wconf 88' lang='lat' dir='ltr'><strong>verita-</strong></span> 
     </span>
    </p>
   </div>
   <div class='ocr_carea' id='block_1_89' title="bbox 1941 4221 3592 4296">
    <p class='ocr_par' dir='ltr' id='par_1_89' title="bbox 1941 4221 3592 4296">
     <span class='ocr_line' id='line_1_89' title="bbox 1941 4221 3592 4296; baseline -0.005 -14"><span class='ocrx_word' id='word_1_539' title='bbox 1941 4228 2015 4282; x_wconf 88' lang='lat' dir='ltr'>tis</span> <span class='ocrx_word' id='word_1_540' title='bbox 2049 4235 2272 4296; x_wconf 80' lang='lat' dir='ltr'><strong>aquam</strong></span> <span class='ocrx_word' id='word_1_541' title='bbox 2305 4225 2470 4281; x_wconf 85' lang='lat' dir='ltr'><strong>falsis</strong></span> <span class='ocrx_word' id='word_1_542' title='bbox 2519 4223 2899 4296; x_wconf 87' lang='lat' dir='ltr'><strong>opinionibus</strong></span> <span class='ocrx_word' id='word_1_543' title='bbox 2956 4223 3336 4279; x_wconf 88' lang='lat' dir='ltr'><strong>contaminet.</strong></span> <span class='ocrx_word' id='word_1_544' title='bbox 3391 4221 3592 4290; x_wconf 91' lang='lat' dir='ltr'><strong>Neque</strong></span> 
     </span>
    </p>
   </div>
   <div class='ocr_carea' id='block_1_90' title="bbox 1942 4313 3592 4386">
    <p class='ocr_par' dir='ltr' id='par_1_90' title="bbox 1942 4313 3592 4386">
     <span class='ocr_line' id='line_1_90' title="bbox 1942 4313 3592 4386; baseline -0.005 -14"><span class='ocrx_word' id='word_1_545' title='bbox 1942 4333 2073 4372; x_wconf 89' lang='lat' dir='ltr'><strong>vero</strong></span> <span class='ocrx_word' id='word_1_546' title='bbox 2109 4321 2167 4370; x_wconf 89' lang='lat' dir='ltr'>tu</span> <span class='ocrx_word' id='word_1_547' title='bbox 2203 4315 2332 4386; x_wconf 91' lang='lat' dir='ltr'><strong>ipsa</strong></span> <span class='ocrx_word' id='word_1_548' title='bbox 2362 4317 2592 4369; x_wconf 87' lang='lat' dir='ltr'><strong>tantum</strong></span> <span class='ocrx_word' id='word_1_549' title='bbox 2617 4330 2678 4368; x_wconf 87' lang='lat' dir='ltr'>es</span> <span class='ocrx_word' id='word_1_550' title='bbox 2711 4313 2938 4382; x_wconf 88' lang='lat' dir='ltr'><strong>hortus,</strong></span> <span class='ocrx_word' id='word_1_551' title='bbox 2971 4313 3072 4368; x_wconf 86' lang='lat' dir='ltr'>sed</span> <span class='ocrx_word' id='word_1_552' title='bbox 3106 4313 3428 4367; x_wconf 75' lang='lat' dir='ltr'><strong>emissione:</strong></span> <span class='ocrx_word' id='word_1_553' title='bbox 3486 4317 3592 4364; x_wconf 63' lang='lat' dir='ltr'>tum</span> 
     </span>
    </p>
   </div>
   <div class='ocr_carea' id='block_1_91' title="bbox 1940 4399 3591 4477">
    <p class='ocr_par' dir='ltr' id='par_1_91' title="bbox 1940 4399 3591 4477">
     <span class='ocr_line' id='line_1_91' title="bbox 1940 4399 3591 4477; baseline -0.005 -17"><span class='ocrx_word' id='word_1_554' title='bbox 1940 4404 2234 4477; x_wconf 73' lang='lat' dir='ltr'><strong>paradisus</strong></span> <span class='ocrx_word' id='word_1_555' title='bbox 2263 4420 2386 4458; x_wconf 86' lang='lat' dir='ltr'>cum</span> <span class='ocrx_word' id='word_1_556' title='bbox 2413 4403 2686 4474; x_wconf 73' lang='lat' dir='ltr'><strong>fructibus</strong></span> <span class='ocrx_word' id='word_1_557' title='bbox 2717 4418 2923 4457; x_wconf 83' lang='lat' dir='ltr'><strong>nucum</strong></span> <span class='ocrx_word' id='word_1_558' title='bbox 2960 4421 2978 4456; x_wconf 89' lang='lat'><strong><em>:</em></strong></span> <span class='ocrx_word' id='word_1_559' title='bbox 3008 4401 3118 4456; x_wconf 88' lang='lat' dir='ltr'>hoc</span> <span class='ocrx_word' id='word_1_560' title='bbox 3148 4399 3591 4471; x_wconf 73' lang='lat' dir='ltr'><strong>est,disciplinaa</strong></span> 
     </span>
    </p>
   </div>
   <div class='ocr_carea' id='block_1_92' title="bbox 1943 4488 3593 4565">
    <p class='ocr_par' dir='ltr' id='par_1_92' title="bbox 1943 4488 3593 4565">
     <span class='ocr_line' id='line_1_92' title="bbox 1943 4488 3593 4565; baseline -0.004 -15"><span class='ocrx_word' id='word_1_561' title='bbox 1943 4500 2056 4550; x_wconf 60' lang='lat' dir='ltr'><strong>tuas</strong></span> <span class='ocrx_word' id='word_1_562' title='bbox 2092 4493 2308 4565; x_wconf 86' lang='lat' dir='ltr'><strong>quibus</strong></span> <span class='ocrx_word' id='word_1_563' title='bbox 2340 4493 2570 4548; x_wconf 87' lang='lat' dir='ltr'><strong>animas</strong></span> <span class='ocrx_word' id='word_1_564' title='bbox 2602 4492 3135 4563; x_wconf 88' lang='lat' dir='ltr'><strong>instituis,propter</strong></span> <span class='ocrx_word' id='word_1_565' title='bbox 3177 4489 3309 4545; x_wconf 84' lang='lat' dir='ltr'><strong>ﬁdei</strong></span> <span class='ocrx_word' id='word_1_566' title='bbox 3359 4488 3593 4561; x_wconf 88' lang='lat' dir='ltr'><strong>plantas</strong></span> 
     </span>
    </p>
   </div>
   <div class='ocr_carea' id='block_1_93' title="bbox 170 4567 1753 4655">
    <p class='ocr_par' dir='ltr' id='par_1_93' title="bbox 170 4571 1753 4647">
     <span class='ocr_line' id='line_1_93' title="bbox 170 4571 1753 4647; baseline 0.004 -25"><span class='ocrx_word' id='word_1_567' title='bbox 170 4593 250 4628; x_wconf 77' lang='grc' dir='ltr'>νοι</span> <span class='ocrx_word' id='word_1_568' title='bbox 285 4571 680 4627; x_wconf 77' lang='grc' dir='ltr'>διδασκαλικοὶ</span> <span class='ocrx_word' id='word_1_569' title='bbox 730 4571 890 4646; x_wconf 78' lang='grc' dir='ltr'>λόγοι</span> <span class='ocrx_word' id='word_1_570' title='bbox 925 4593 1022 4626; x_wconf 86' lang='grc' dir='ltr'>σου</span> <span class='ocrx_word' id='word_1_571' title='bbox 1071 4573 1205 4646; x_wconf 84' lang='grc' dir='ltr'>πρὸς</span> <span class='ocrx_word' id='word_1_572' title='bbox 1250 4573 1348 4633; x_wconf 75' lang='grc' dir='ltr'>τὰς</span> <span class='ocrx_word' id='word_1_573' title='bbox 1399 4576 1753 4647; x_wconf 76' lang='grc' dir='ltr'>μαθητευομὲ·</span> 
     </span>
    </p>
   </div>
   <div class='ocr_carea' id='block_1_94' title="bbox 2000 4567 3592 4655">
    <p class='ocr_par' dir='ltr' id='par_1_94' title="bbox 2000 4577 3592 4652">
     <span class='ocr_line' id='line_1_94' title="bbox 2000 4577 3592 4652; baseline -0.004 -13"><span class='ocrx_word' id='word_1_574' title='bbox 2000 4600 2092 4639; x_wconf 72' lang='lat' dir='ltr'>ias</span> <span class='ocrx_word' id='word_1_575' title='bbox 2124 4582 2182 4636; x_wconf 91' lang='lat' dir='ltr'>in</span> <span class='ocrx_word' id='word_1_576' title='bbox 2206 4580 2324 4637; x_wconf 91' lang='lat' dir='ltr'><strong>illis</strong></span> <span class='ocrx_word' id='word_1_577' title='bbox 2350 4581 2735 4647; x_wconf 89' lang='lat' dir='ltr'><strong>inseris,sunt</strong></span> <span class='ocrx_word' id='word_1_578' title='bbox 2760 4585 3044 4652; x_wconf 86' lang='lat' dir='ltr'><strong>tanquam</strong></span> <span class='ocrx_word' id='word_1_579' title='bbox 3079 4580 3388 4652; x_wconf 85' lang='lat' dir='ltr'><strong>paradisus</strong></span> <span class='ocrx_word' id='word_1_580' title='bbox 3424 4577 3592 4633; x_wconf 86' lang='lat' dir='ltr'><strong>malis</strong></span> 
     </span>
    </p>
   </div>
   <div class='ocr_carea' id='block_1_95' title="bbox 173 4659 1835 4740">
    <p class='ocr_par' dir='ltr' id='par_1_95' title="bbox 173 4659 1835 4740">
     <span class='ocr_line' id='line_1_95' title="bbox 173 4659 1835 4740; baseline 0.002 -26"><span class='ocrx_word' id='word_1_581' title='bbox 173 4683 254 4716; x_wconf 83' lang='grc' dir='ltr'>σοι</span> <span class='ocrx_word' id='word_1_582' title='bbox 283 4665 505 4738; x_wconf 68' lang='grc' dir='ltr'>ψυχὰς,</span> <span class='ocrx_word' id='word_1_583' title='bbox 538 4659 628 4716; x_wconf 74' lang='grc' dir='ltr'>διὰ</span> <span class='ocrx_word' id='word_1_584' title='bbox 654 4662 717 4716; x_wconf 81' lang='grc' dir='ltr'>τὸ</span> <span class='ocrx_word' id='word_1_585' title='bbox 776 4661 829 4716; x_wconf 79' lang='grc' dir='ltr'>ἐν</span> <span class='ocrx_word' id='word_1_586' title='bbox 883 4661 1104 4723; x_wconf 86' lang='grc' dir='ltr'>ταύταις</span> <span class='ocrx_word' id='word_1_587' title='bbox 1158 4661 1292 4716; x_wconf 81' lang='grc' dir='ltr'>κατᾶ</span> <span class='ocrx_word' id='word_1_588' title='bbox 1332 4663 1511 4717; x_wconf 90' lang='grc' dir='ltr'>πίστιν</span> <span class='ocrx_word' id='word_1_589' title='bbox 1563 4665 1835 4740; x_wconf 76' lang='grc' dir='ltr'>φυτευθῆ-</span> 
     </span>
    </p>
   </div>
   <div class='ocr_carea' id='block_1_96' title="bbox 173 4747 1835 4829">
    <p class='ocr_par' dir='ltr' id='par_1_96' title="bbox 173 4747 1835 4829">
     <span class='ocr_line' id='line_1_96' title="bbox 173 4747 1835 4829; baseline 0.002 -27"><span class='ocrx_word' id='word_1_590' title='bbox 173 4773 284 4824; x_wconf 77' lang='grc' dir='ltr'>ναι,</span> <span class='ocrx_word' id='word_1_591' title='bbox 317 4752 418 4806; x_wconf 79' lang='grc' dir='ltr'>οἷά</span> <span class='ocrx_word' id='word_1_592' title='bbox 440 4750 542 4826; x_wconf 63' lang='grc' dir='ltr'>πέρ</span> <span class='ocrx_word' id='word_1_593' title='bbox 581 4772 668 4812; x_wconf 85' lang='grc' dir='ltr'>τις</span> <span class='ocrx_word' id='word_1_594' title='bbox 715 4747 1036 4825; x_wconf 76' lang='grc' dir='ltr'>παράδεισος</span> <span class='ocrx_word' id='word_1_595' title='bbox 1081 4752 1387 4828; x_wconf 74' lang='grc' dir='ltr'>συνηρεφὴς</span> <span class='ocrx_word' id='word_1_596' title='bbox 1421 4749 1664 4826; x_wconf 66' lang='grc' dir='ltr'>δένδροις</span> <span class='ocrx_word' id='word_1_597' title='bbox 1693 4753 1835 4829; x_wconf 76' lang='grc' dir='ltr'>ῥοῶν</span> 
     </span>
    </p>
   </div>
   <div class='ocr_carea' id='block_1_97' title="bbox 173 4837 1834 4917">
    <p class='ocr_par' dir='ltr' id='par_1_97' title="bbox 173 4837 1834 4917">
     <span class='ocr_line' id='line_1_97' title="bbox 173 4837 1834 4917; baseline 0.002 -23"><span class='ocrx_word' id='word_1_598' title='bbox 173 4840 262 4894; x_wconf 74' lang='grc' dir='ltr'>ἐπὶ</span> <span class='ocrx_word' id='word_1_599' title='bbox 322 4840 500 4917; x_wconf 72' lang='grc' dir='ltr'>ῥιζῶν</span> <span class='ocrx_word' id='word_1_600' title='bbox 563 4839 1092 4916; x_wconf 61' lang='grc' dir='ltr'>ἐγκεκεντρισμένας</span> <span class='ocrx_word' id='word_1_601' title='bbox 1153 4837 1350 4916; x_wconf 83' lang='grc' dir='ltr'>δρυῶν,</span> <span class='ocrx_word' id='word_1_602' title='bbox 1408 4841 1687 4908; x_wconf 63' lang='grc' dir='ltr'>κάντεῦθεν</span> <span class='ocrx_word' id='word_1_603' title='bbox 1743 4844 1834 4897; x_wconf 89' lang='grc' dir='ltr'>τὸν</span> 
     </span>
    </p>
   </div>
   <div class='ocr_carea' id='block_1_98' title="bbox 169 4926 1835 5005">
    <p class='ocr_par' dir='ltr' id='par_1_98' title="bbox 169 4926 1835 5005">
     <span class='ocr_line' id='line_1_98' title="bbox 169 4926 1835 5005; baseline 0.002 -21"><span class='ocrx_word' id='word_1_604' title='bbox 169 4929 310 4984; x_wconf 72' lang='grc' dir='ltr'>ἴδιον</span> <span class='ocrx_word' id='word_1_605' title='bbox 341 4929 586 5002; x_wconf 79' lang='grc' dir='ltr'>καρπὸν,</span> <span class='ocrx_word' id='word_1_606' title='bbox 645 4931 721 4992; x_wconf 84' lang='grc' dir='ltr'>ὡς</span> <span class='ocrx_word' id='word_1_607' title='bbox 779 4926 1096 5005; x_wconf 73' lang='grc' dir='ltr'>ἀκροδρύων</span> <span class='ocrx_word' id='word_1_608' title='bbox 1153 4931 1354 5002; x_wconf 79' lang='grc' dir='ltr'>καρπὸν</span> <span class='ocrx_word' id='word_1_609' title='bbox 1409 4931 1835 5005; x_wconf 78' lang='grc' dir='ltr'>ἐπιφερομέννις.</span> 
     </span>
    </p>
   </div>
   <div class='ocr_carea' id='block_1_99' title="bbox 165 5016 1837 5094">
    <p class='ocr_par' dir='ltr' id='par_1_99' title="bbox 165 5016 1837 5094">
     <span class='ocr_line' id='line_1_99' title="bbox 165 5016 1837 5094; baseline 0.001 -20"><span class='ocrx_word' id='word_1_610' title='bbox 165 5022 258 5074; x_wconf 83' lang='grc' dir='ltr'>Ὧν</span> <span class='ocrx_word' id='word_1_611' title='bbox 296 5019 456 5094; x_wconf 71' lang='grc' dir='ltr'>ῥοῶν</span> <span class='ocrx_word' id='word_1_612' title='bbox 489 5021 543 5072; x_wconf 70' lang='grc' dir='ltr'>αἱ</span> <span class='ocrx_word' id='word_1_613' title='bbox 602 5019 696 5092; x_wconf 76' lang='grc' dir='ltr'>μὶν</span> <span class='ocrx_word' id='word_1_614' title='bbox 745 5018 886 5094; x_wconf 74' lang='grc' dir='ltr'>ῥίζαι</span> <span class='ocrx_word' id='word_1_615' title='bbox 932 5016 1391 5090; x_wconf 82' lang='grc' dir='ltr'>δυσαπόσπαστοι,</span> <span class='ocrx_word' id='word_1_616' title='bbox 1423 5021 1486 5074; x_wconf 84' lang='grc' dir='ltr'>τὸ</span> <span class='ocrx_word' id='word_1_617' title='bbox 1545 5018 1600 5074; x_wconf 77' lang='grc' dir='ltr'>δὲ</span> <span class='ocrx_word' id='word_1_618' title='bbox 1631 5021 1837 5094; x_wconf 82' lang='grc' dir='ltr'>προκά-</span> 
     </span>
    </p>
   </div>
   <div class='ocr_carea' id='block_1_100' title="bbox 168 5107 1837 5184">
    <p class='ocr_par' dir='ltr' id='par_1_100' title="bbox 168 5107 1837 5184">
     <span class='ocr_line' id='line_1_100' title="bbox 168 5107 1837 5184; baseline 0.002 -23"><span class='ocrx_word' id='word_1_619' title='bbox 168 5107 377 5180; x_wconf 76' lang='grc' dir='ltr'>λυμμα</span> <span class='ocrx_word' id='word_1_620' title='bbox 442 5113 540 5162; x_wconf 89' lang='grc' dir='ltr'>τοῦ</span> <span class='ocrx_word' id='word_1_621' title='bbox 595 5113 808 5182; x_wconf 80' lang='grc' dir='ltr'>καρποῦ</span> <span class='ocrx_word' id='word_1_622' title='bbox 862 5107 1156 5182; x_wconf 78' lang='grc' dir='ltr'>αὐστηρὸν,</span> <span class='ocrx_word' id='word_1_623' title='bbox 1207 5109 1296 5162; x_wconf 80' lang='grc' dir='ltr'>καὶ</span> <span class='ocrx_word' id='word_1_624' title='bbox 1353 5113 1449 5162; x_wconf 88' lang='grc' dir='ltr'>τοῦ</span> <span class='ocrx_word' id='word_1_625' title='bbox 1494 5107 1643 5172; x_wconf 81' lang='grc' dir='ltr'>ἐντὸς</span> <span class='ocrx_word' id='word_1_626' title='bbox 1665 5110 1837 5184; x_wconf 77' lang='grc' dir='ltr'>ψυλα-</span> 
     </span>
    </p>
   </div>
   <div class='ocr_carea' id='block_1_101' title="bbox 180 5194 1839 5272">
    <p class='ocr_par' dir='ltr' id='par_1_101' title="bbox 180 5194 1839 5272">
     <span class='ocr_line' id='line_1_101' title="bbox 180 5194 1839 5272; baseline 0 -20"><span class='ocrx_word' id='word_1_627' title='bbox 180 5200 404 5253; x_wconf 80' lang='grc' dir='ltr'>κτικὸν.</span> <span class='ocrx_word' id='word_1_628' title='bbox 471 5197 642 5258; x_wconf 82' lang='grc' dir='ltr'>Αὐτὸς</span> <span class='ocrx_word' id='word_1_629' title='bbox 692 5194 748 5252; x_wconf 76' lang='grc' dir='ltr'>δὲ</span> <span class='ocrx_word' id='word_1_630' title='bbox 800 5198 827 5250; x_wconf 83' lang='grc' dir='ltr'>ὁ</span> <span class='ocrx_word' id='word_1_631' title='bbox 897 5197 1104 5272; x_wconf 88' lang='grc' dir='ltr'>καρπὸς</span> <span class='ocrx_word' id='word_1_632' title='bbox 1177 5197 1310 5269; x_wconf 83' lang='grc' dir='ltr'>μετᾶ</span> <span class='ocrx_word' id='word_1_633' title='bbox 1364 5197 1424 5252; x_wconf 87' lang='grc' dir='ltr'>τὸ</span> <span class='ocrx_word' id='word_1_634' title='bbox 1479 5206 1839 5267; x_wconf 76' lang='grc' dir='ltr'>πεπανοῆναι,</span> 
     </span>
    </p>
   </div>
   <div class='ocr_carea' id='block_1_102' title="bbox 172 5283 1839 5365">
    <p class='ocr_par' dir='ltr' id='par_1_102' title="bbox 172 5283 1839 5365">
     <span class='ocr_line' id='line_1_102' title="bbox 172 5283 1839 5365; baseline 0.001 -24"><span class='ocrx_word' id='word_1_635' title='bbox 172 5288 618 5363; x_wconf 67' lang='grc' dir='ltr'>περιῤῥαγὲντος</span> <span class='ocrx_word' id='word_1_636' title='bbox 728 5291 824 5340; x_wconf 87' lang='grc' dir='ltr'>τοῦ</span> <span class='ocrx_word' id='word_1_637' title='bbox 920 5283 1411 5358; x_wconf 82' lang='grc' dir='ltr'>προκαλύμματος,</span> <span class='ocrx_word' id='word_1_638' title='bbox 1505 5285 1839 5365; x_wconf 73' lang='grc' dir='ltr'>διαφαίνεται</span> 
     </span>
    </p>
   </div>
   <div class='ocr_carea' id='block_1_103' title="bbox 167 5371 1840 5451">
    <p class='ocr_par' dir='ltr' id='par_1_103' title="bbox 167 5371 1840 5451">
     <span class='ocr_line' id='line_1_103' title="bbox 167 5371 1840 5451; baseline -0.001 -20"><span class='ocrx_word' id='word_1_639' title='bbox 167 5379 266 5446; x_wconf 77' lang='grc' dir='ltr'>τήν</span> <span class='ocrx_word' id='word_1_640' title='bbox 323 5377 432 5449; x_wconf 75' lang='grc' dir='ltr'>μὲν</span> <span class='ocrx_word' id='word_1_641' title='bbox 492 5381 671 5451; x_wconf 71' lang='grc' dir='ltr'>γεῦσιν</span> <span class='ocrx_word' id='word_1_642' title='bbox 720 5374 948 5450; x_wconf 74' lang='grc' dir='ltr'>γλυκὺς,</span> <span class='ocrx_word' id='word_1_643' title='bbox 1002 5375 1100 5442; x_wconf 76' lang='grc' dir='ltr'>τήν</span> <span class='ocrx_word' id='word_1_644' title='bbox 1163 5372 1219 5428; x_wconf 71' lang='grc' dir='ltr'>δὲ</span> <span class='ocrx_word' id='word_1_645' title='bbox 1277 5371 1399 5449; x_wconf 77' lang='grc' dir='ltr'>ὄψιν</span> <span class='ocrx_word' id='word_1_646' title='bbox 1456 5375 1689 5443; x_wconf 70' lang='grc' dir='ltr'>εὐειδὴς.</span> <span class='ocrx_word' id='word_1_647' title='bbox 1746 5379 1840 5432; x_wconf 79' lang='grc' dir='ltr'>Καὶ</span> 
     </span>
    </p>
   </div>
   <div class='ocr_carea' id='block_1_104' title="bbox 164 5461 1840 5542">
    <p class='ocr_par' dir='ltr' id='par_1_104' title="bbox 164 5461 1840 5542">
     <span class='ocr_line' id='line_1_104' title="bbox 164 5461 1840 5542; baseline 0 -21"><span class='ocrx_word' id='word_1_648' title='bbox 164 5470 272 5542; x_wconf 69' lang='grc' dir='ltr'>γάρ</span> <span class='ocrx_word' id='word_1_649' title='bbox 310 5467 411 5520; x_wconf 73' lang='grc' dir='ltr'>καὶ</span> <span class='ocrx_word' id='word_1_650' title='bbox 449 5465 602 5519; x_wconf 68' lang='grc' dir='ltr'>αὐτοὶ</span> <span class='ocrx_word' id='word_1_651' title='bbox 635 5467 686 5519; x_wconf 74' lang='grc' dir='ltr'>οἱ</span> <span class='ocrx_word' id='word_1_652' title='bbox 724 5472 822 5533; x_wconf 82' lang='grc' dir='ltr'>τῆς</span> <span class='ocrx_word' id='word_1_653' title='bbox 871 5463 1087 5541; x_wconf 76' lang='grc' dir='ltr'>νύμφης</span> <span class='ocrx_word' id='word_1_654' title='bbox 1143 5461 1519 5520; x_wconf 78' lang='grc' dir='ltr'>διδασκαλικοὶ</span> <span class='ocrx_word' id='word_1_655' title='bbox 1562 5465 1742 5538; x_wconf 71' lang='grc' dir='ltr'>λόγοι,</span> <span class='ocrx_word' id='word_1_656' title='bbox 1773 5472 1840 5540; x_wconf 76' lang='grc' dir='ltr'>τῇ</span> 
     </span>
    </p>
   </div>
   <div class='ocr_carea' id='block_1_105' title="bbox 171 5551 1842 5632">
    <p class='ocr_par' dir='ltr' id='par_1_105' title="bbox 171 5551 1842 5632">
     <span class='ocr_line' id='line_1_105' title="bbox 171 5551 1842 5632; baseline -0.001 -21"><span class='ocrx_word' id='word_1_657' title='bbox 171 5558 274 5632; x_wconf 72' lang='grc' dir='ltr'>μὲν</span> <span class='ocrx_word' id='word_1_658' title='bbox 338 5554 534 5610; x_wconf 84' lang='grc' dir='ltr'>πίστει</span> <span class='ocrx_word' id='word_1_659' title='bbox 589 5552 944 5629; x_wconf 76' lang='grc' dir='ltr'>ἠδραίωνται,</span> <span class='ocrx_word' id='word_1_660' title='bbox 1003 5552 1093 5607; x_wconf 85' lang='grc' dir='ltr'>καὶ</span> <span class='ocrx_word' id='word_1_661' title='bbox 1144 5551 1602 5618; x_wconf 86' lang='grc' dir='ltr'>δυσαποσπάστως</span> <span class='ocrx_word' id='word_1_662' title='bbox 1655 5552 1842 5632; x_wconf 81' lang='grc' dir='ltr'>ἔχουσι</span> 
     </span>
    </p>
   </div>
   <div class='ocr_carea' id='block_1_106' title="bbox 165 5642 1842 5721">
    <p class='ocr_par' dir='ltr' id='par_1_106' title="bbox 165 5642 1842 5721">
     <span class='ocr_line' id='line_1_106' title="bbox 165 5642 1842 5721; baseline -0.001 -19"><span class='ocrx_word' id='word_1_663' title='bbox 165 5653 276 5704; x_wconf 87' lang='grc' dir='ltr'>τῶν</span> <span class='ocrx_word' id='word_1_664' title='bbox 315 5649 704 5700; x_wconf 79' lang='grc' dir='ltr'>πιστευσασῶν</span> <span class='ocrx_word' id='word_1_665' title='bbox 761 5642 979 5704; x_wconf 87' lang='grc' dir='ltr'>τούτοις</span> <span class='ocrx_word' id='word_1_666' title='bbox 1031 5645 1247 5718; x_wconf 80' lang='grc' dir='ltr'>ψυχῶν,</span> <span class='ocrx_word' id='word_1_667' title='bbox 1308 5647 1397 5698; x_wconf 80' lang='grc' dir='ltr'>οἷα</span> <span class='ocrx_word' id='word_1_668' title='bbox 1452 5644 1594 5719; x_wconf 76' lang='grc' dir='ltr'>ῥίζαι</span> <span class='ocrx_word' id='word_1_669' title='bbox 1635 5643 1792 5721; x_wconf 79' lang='grc' dir='ltr'>δρυός</span> <span class='ocrx_word' id='word_1_670' title='bbox 1829 5666 1842 5679; x_wconf 79' lang='grc'><em>’</em></span> 
     </span>
    </p>
   </div>
   <div class='ocr_carea' id='block_1_107' title="bbox 1947 4669 3591 4744">
    <p class='ocr_par' dir='ltr' id='par_1_107' title="bbox 1947 4669 3591 4744">
     <span class='ocr_line' id='line_1_107' title="bbox 1947 4669 3591 4744; baseline -0.004 -17"><span class='ocrx_word' id='word_1_671' title='bbox 1947 4672 2176 4744; x_wconf 87' lang='lat' dir='ltr'><strong>punicis</strong></span> <span class='ocrx_word' id='word_1_672' title='bbox 2200 4671 2633 4741; x_wconf 88' lang='lat' dir='ltr'><strong>consita,super</strong></span> <span class='ocrx_word' id='word_1_673' title='bbox 2677 4670 2904 4725; x_wconf 89' lang='lat' dir='ltr'><strong>radices</strong></span> <span class='ocrx_word' id='word_1_674' title='bbox 2958 4669 3196 4724; x_wconf 87' lang='lat' dir='ltr'><strong>insertis</strong></span> <span class='ocrx_word' id='word_1_675' title='bbox 3247 4682 3591 4738; x_wconf 90' lang='lat' dir='ltr'><strong>quercuum,</strong></span> 
     </span>
    </p>
   </div>
   <div class='ocr_carea' id='block_1_108' title="bbox 1945 4760 3593 4832">
    <p class='ocr_par' dir='ltr' id='par_1_108' title="bbox 1945 4760 3593 4832">
     <span class='ocr_line' id='line_1_108' title="bbox 1945 4760 3593 4832; baseline -0.005 -15"><span class='ocrx_word' id='word_1_676' title='bbox 1945 4767 2002 4817; x_wconf 92' lang='lat' dir='ltr'>et</span> <span class='ocrx_word' id='word_1_677' title='bbox 2043 4765 2344 4832; x_wconf 88' lang='lat' dir='ltr'><strong>propterea</strong></span> <span class='ocrx_word' id='word_1_678' title='bbox 2380 4761 2685 4831; x_wconf 77' lang='lat' dir='ltr'><strong>proprium</strong></span> <span class='ocrx_word' id='word_1_679' title='bbox 2741 4760 2995 4814; x_wconf 83' lang='lat' dir='ltr'><strong>fructum</strong></span> <span class='ocrx_word' id='word_1_680' title='bbox 3048 4762 3332 4829; x_wconf 90' lang='lat' dir='ltr'><strong>tanquam</strong></span> <span class='ocrx_word' id='word_1_681' title='bbox 3391 4771 3593 4811; x_wconf 89' lang='lat' dir='ltr'><strong>earum</strong></span> 
     </span>
    </p>
   </div>
   <div class='ocr_carea' id='block_1_109' title="bbox 1949 4845 3595 4917">
    <p class='ocr_par' dir='ltr' id='par_1_109' title="bbox 1949 4845 3595 4917">
     <span class='ocr_line' id='line_1_109' title="bbox 1949 4845 3595 4917; baseline -0.004 -13"><span class='ocrx_word' id='word_1_682' title='bbox 1949 4852 2205 4904; x_wconf 87' lang='lat' dir='ltr'><strong>fructum</strong></span> <span class='ocrx_word' id='word_1_683' title='bbox 2233 4849 2576 4904; x_wconf 80' lang='lat' dir='ltr'><strong>ferentibus.</strong></span> <span class='ocrx_word' id='word_1_684' title='bbox 2611 4852 2868 4914; x_wconf 83' lang='lat' dir='ltr'><strong>Quarum</strong></span> <span class='ocrx_word' id='word_1_685' title='bbox 2902 4847 3136 4917; x_wconf 89' lang='lat' dir='ltr'><strong>quidem</strong></span> <span class='ocrx_word' id='word_1_686' title='bbox 3163 4845 3451 4901; x_wconf 91' lang='lat' dir='ltr'><strong>malorum</strong></span> <span class='ocrx_word' id='word_1_687' title='bbox 3487 4861 3595 4916; x_wconf 90' lang='lat' dir='ltr'><strong>pu-</strong></span> 
     </span>
    </p>
   </div>
   <div class='ocr_carea' id='block_1_110' title="bbox 1951 4936 3601 4993">
    <p class='ocr_par' dir='ltr' id='par_1_110' title="bbox 1951 4936 3601 4993">
     <span class='ocr_line' id='line_1_110' title="bbox 1951 4936 3601 4993; baseline -0.004 -1"><span class='ocrx_word' id='word_1_688' title='bbox 1951 4939 2213 4992; x_wconf 86' lang='lat' dir='ltr'><strong>nicarum</strong></span> <span class='ocrx_word' id='word_1_689' title='bbox 2248 4938 2475 4993; x_wconf 83' lang='lat' dir='ltr'><strong>radices</strong></span> <span class='ocrx_word' id='word_1_690' title='bbox 2521 4938 2673 4992; x_wconf 87' lang='lat' dir='ltr'><strong>haud</strong></span> <span class='ocrx_word' id='word_1_691' title='bbox 2727 4937 2892 4992; x_wconf 80' lang='lat' dir='ltr'><strong>facile</strong></span> <span class='ocrx_word' id='word_1_692' title='bbox 2938 4936 3343 4991; x_wconf 84' lang='lat' dir='ltr'><strong>divelluntur:</strong></span> <span class='ocrx_word' id='word_1_693' title='bbox 3404 4936 3601 4988; x_wconf 80' lang='lat' dir='ltr'><strong>cortex</strong></span> 
     </span>
    </p>
   </div>
   <div class='ocr_carea' id='block_1_111' title="bbox 1950 5022 3601 5098">
    <p class='ocr_par' dir='ltr' id='par_1_111' title="bbox 1950 5022 3601 5098">
     <span class='ocr_line' id='line_1_111' title="bbox 1950 5022 3601 5098; baseline -0.005 -16"><span class='ocrx_word' id='word_1_694' title='bbox 1950 5031 2142 5082; x_wconf 90' lang='lat' dir='ltr'><strong>autem</strong></span> <span class='ocrx_word' id='word_1_695' title='bbox 2177 5025 2368 5098; x_wconf 87' lang='lat' dir='ltr'><strong>ipsius</strong></span> <span class='ocrx_word' id='word_1_696' title='bbox 2400 5027 2627 5081; x_wconf 78' lang='lat' dir='ltr'><strong>fructus</strong></span> <span class='ocrx_word' id='word_1_697' title='bbox 2659 5031 2929 5080; x_wconf 87' lang='lat' dir='ltr'><strong>austerus</strong></span> <span class='ocrx_word' id='word_1_698' title='bbox 2973 5031 3082 5090; x_wconf 89' lang='lat' dir='ltr'><strong>est,</strong></span> <span class='ocrx_word' id='word_1_699' title='bbox 3133 5028 3191 5080; x_wconf 90' lang='lat' dir='ltr'>et</span> <span class='ocrx_word' id='word_1_700' title='bbox 3251 5040 3379 5094; x_wconf 67' lang='lat' dir='ltr'><strong>quas</strong></span> <span class='ocrx_word' id='word_1_701' title='bbox 3437 5022 3601 5076; x_wconf 87' lang='lat' dir='ltr'><strong>intus</strong></span> 
     </span>
    </p>
   </div>
   <div class='ocr_carea' id='block_1_112' title="bbox 1950 5114 3603 5186">
    <p class='ocr_par' dir='ltr' id='par_1_112' title="bbox 1950 5114 3603 5186">
     <span class='ocr_line' id='line_1_112' title="bbox 1950 5114 3603 5186; baseline -0.004 -14"><span class='ocrx_word' id='word_1_702' title='bbox 1950 5121 2110 5183; x_wconf 90' lang='lat' dir='ltr'><strong>sunt,</strong></span> <span class='ocrx_word' id='word_1_703' title='bbox 2141 5119 2361 5170; x_wconf 88' lang='lat' dir='ltr'><strong>tuetur.</strong></span> <span class='ocrx_word' id='word_1_704' title='bbox 2397 5119 2641 5169; x_wconf 78' lang='lat' dir='ltr'><strong>Fructus</strong></span> <span class='ocrx_word' id='word_1_705' title='bbox 2671 5130 2826 5178; x_wconf 87' lang='lat' dir='ltr'><strong>vero,</strong></span> <span class='ocrx_word' id='word_1_706' title='bbox 2862 5118 3242 5186; x_wconf 89' lang='lat' dir='ltr'><strong>posteaquam</strong></span> <span class='ocrx_word' id='word_1_707' title='bbox 3291 5115 3359 5168; x_wconf 92' lang='lat' dir='ltr'><strong>ad</strong></span> <span class='ocrx_word' id='word_1_708' title='bbox 3405 5114 3603 5166; x_wconf 86' lang='lat' dir='ltr'><strong>matu-</strong></span> 
     </span>
    </p>
   </div>
   <div class='ocr_carea' id='block_1_113' title="bbox 1952 5201 3604 5276">
    <p class='ocr_par' dir='ltr' id='par_1_113' title="bbox 1952 5201 3604 5276">
     <span class='ocr_line' id='line_1_113' title="bbox 1952 5201 3604 5276; baseline -0.004 -15"><span class='ocrx_word' id='word_1_709' title='bbox 1952 5205 2181 5261; x_wconf 85' lang='lat' dir='ltr'><strong>ritatem</strong></span> <span class='ocrx_word' id='word_1_710' title='bbox 2209 5206 2795 5276; x_wconf 81' lang='lat' dir='ltr'><strong>pervenit,confracto</strong></span> <span class='ocrx_word' id='word_1_711' title='bbox 2829 5202 3060 5258; x_wconf 83' lang='lat' dir='ltr'><strong>corticis</strong></span> <span class='ocrx_word' id='word_1_712' title='bbox 3091 5201 3604 5273; x_wconf 85' lang='lat' dir='ltr'><strong>integumento,&#39;se</strong></span> 
     </span>
    </p>
   </div>
   <div class='ocr_carea' id='block_1_114' title="bbox 1952 5293 3604 5364">
    <p class='ocr_par' dir='ltr' id='par_1_114' title="bbox 1952 5293 3604 5364">
     <span class='ocr_line' id='line_1_114' title="bbox 1952 5293 3604 5364; baseline -0.004 -16"><span class='ocrx_word' id='word_1_713' title='bbox 1952 5301 2072 5348; x_wconf 89' lang='lat' dir='ltr'>tum</span> <span class='ocrx_word' id='word_1_714' title='bbox 2101 5300 2274 5363; x_wconf 75' lang='lat' dir='ltr'><strong>gustu</strong></span> <span class='ocrx_word' id='word_1_715' title='bbox 2312 5294 2563 5356; x_wconf 87' lang='lat' dir='ltr'><strong>dulcem,</strong></span> <span class='ocrx_word' id='word_1_716' title='bbox 2599 5297 2720 5347; x_wconf 84' lang='lat' dir='ltr'>tum</span> <span class='ocrx_word' id='word_1_717' title='bbox 2758 5297 2994 5364; x_wconf 84' lang='lat' dir='ltr'><strong>aspectu</strong></span> <span class='ocrx_word' id='word_1_718' title='bbox 3029 5293 3361 5363; x_wconf 83' lang='lat' dir='ltr'><strong>jucundum</strong></span> <span class='ocrx_word' id='word_1_719' title='bbox 3406 5293 3604 5344; x_wconf 89' lang='lat' dir='ltr'><strong>osten-</strong></span> 
     </span>
    </p>
   </div>
   <div class='ocr_carea' id='block_1_115' title="bbox 1952 5381 3602 5454">
    <p class='ocr_par' dir='ltr' id='par_1_115' title="bbox 1952 5381 3602 5454">
     <span class='ocr_line' id='line_1_115' title="bbox 1952 5381 3602 5454; baseline -0.004 -18"><span class='ocrx_word' id='word_1_720' title='bbox 1952 5389 2054 5438; x_wconf 84' lang='lat' dir='ltr'><strong>tat.</strong></span> <span class='ocrx_word' id='word_1_721' title='bbox 2091 5384 2303 5438; x_wconf 85' lang='lat' dir='ltr'><strong>Eodem</strong></span> <span class='ocrx_word' id='word_1_722' title='bbox 2336 5388 2499 5454; x_wconf 88' lang='lat' dir='ltr'><strong>pacto</strong></span> <span class='ocrx_word' id='word_1_723' title='bbox 2519 5400 2748 5454; x_wconf 71' lang='lat' dir='ltr'><strong>sponsm</strong></span> <span class='ocrx_word' id='word_1_724' title='bbox 2764 5382 2936 5437; x_wconf 84' lang='lat' dir='ltr'><strong>etiam</strong></span> <span class='ocrx_word' id='word_1_725' title='bbox 2966 5381 3602 5451; x_wconf 64' lang='lat' dir='ltr'><strong>disciplinaz,lanquam</strong></span> 
     </span>
    </p>
   </div>
   <div class='ocr_carea' id='block_1_116' title="bbox 1955 5467 3596 5539">
    <p class='ocr_par' dir='ltr' id='par_1_116' title="bbox 1955 5467 3596 5539">
     <span class='ocr_line' id='line_1_116' title="bbox 1955 5467 3596 5539; baseline -0.004 -12"><span class='ocrx_word' id='word_1_726' title='bbox 1955 5475 2178 5528; x_wconf 82' lang='lat' dir='ltr'><strong>arboris</strong></span> <span class='ocrx_word' id='word_1_727' title='bbox 2213 5473 2766 5538; x_wconf 81' lang='lat' dir='ltr'><strong>radicibus,itaﬁdei</strong></span> <span class='ocrx_word' id='word_1_728' title='bbox 2825 5471 3035 5526; x_wconf 70' lang='lat' dir='ltr'><strong>innixa:</strong></span> <span class='ocrx_word' id='word_1_729' title='bbox 3085 5471 3383 5539; x_wconf 79' lang='lat' dir='ltr'><strong>firmitate,</strong></span> <span class='ocrx_word' id='word_1_730' title='bbox 3443 5467 3596 5521; x_wconf 79' lang='lat' dir='ltr'>diffi-</span> 
     </span>
    </p>
   </div>
   <div class='ocr_carea' id='block_1_117' title="bbox 1955 5556 3604 5626">
    <p class='ocr_par' dir='ltr' id='par_1_117' title="bbox 1955 5556 3604 5626">
     <span class='ocr_line' id='line_1_117' title="bbox 1955 5556 3604 5626; baseline -0.006 -8"><span class='ocrx_word' id='word_1_731' title='bbox 1955 5563 2064 5618; x_wconf 86' lang='lat' dir='ltr'><strong>cile</strong></span> <span class='ocrx_word' id='word_1_732' title='bbox 2095 5580 2163 5617; x_wconf 85' lang='lat' dir='ltr'><strong>ex</strong></span> <span class='ocrx_word' id='word_1_733' title='bbox 2194 5563 2504 5618; x_wconf 88' lang='lat' dir='ltr'><strong>animabus</strong></span> <span class='ocrx_word' id='word_1_734' title='bbox 2547 5561 2922 5618; x_wconf 87' lang='lat' dir='ltr'><strong>credentibus</strong></span> <span class='ocrx_word' id='word_1_735' title='bbox 2979 5559 3326 5616; x_wconf 87' lang='lat' dir='ltr'><strong>avellantur.</strong></span> <span class='ocrx_word' id='word_1_736' title='bbox 3379 5556 3604 5626; x_wconf 88' lang='lat' dir='ltr'><strong>Quippe</strong></span> 
     </span>
    </p>
   </div>
   <div class='ocr_carea' id='block_1_118' title="bbox 1955 5649 3601 5724">
    <p class='ocr_par' dir='ltr' id='par_1_118' title="bbox 1955 5649 3601 5724">
     <span class='ocr_line' id='line_1_118' title="bbox 1955 5649 3601 5724; baseline -0.005 -19"><span class='ocrx_word' id='word_1_737' title='bbox 1955 5668 2082 5723; x_wconf 65' lang='lat' dir='ltr'><strong>qua:</strong></span> <span class='ocrx_word' id='word_1_738' title='bbox 2113 5655 2240 5707; x_wconf 87' lang='lat' dir='ltr'>tum</span> <span class='ocrx_word' id='word_1_739' title='bbox 2273 5653 2507 5708; x_wconf 89' lang='lat' dir='ltr'><strong>incussa</strong></span> <span class='ocrx_word' id='word_1_740' title='bbox 2533 5650 2959 5724; x_wconf 88' lang='lat' dir='ltr'><strong>suppliciorum</strong></span> <span class='ocrx_word' id='word_1_741' title='bbox 2975 5649 3601 5718; x_wconf 85' lang='lat' dir='ltr'><strong>formidine,tanquam</strong></span> 
     </span>
    </p>
   </div>
  </div>
