4042 6198
379 351 495 414 62⁸1

1719 334 2136 397 MICHAELIS
2182 337 2451 399 PSELLl

3668 341 3792 404 628

383 483 524 544 mali
549 480 745 557 punici
779 473 1354 548 cortice,discipulas
1386 471 1615 528 animas
1663 469 2026 526 cohibentes.

2141 473 2219 542 τῷ
2253 467 2308 524 δὲ
2339 465 2494 548 φόϐῳ
2539 474 2646 524 τῶν
2678 470 3071 546 ἠπειλημένων
3120 470 3398 528 κολάσεων
3449 473 3523 538 ὡς
3552 470 3789 549 λέπυρον

384 576 632 648 spiritus
657 573 914 626 fructum
937 567 994 622 in
1019 567 1164 638 ipsis
1204 565 1275 619 ab
1321 561 1596 618 omnibus
1647 560 2037 632 perturbatio-

387 665 568 722 nibus
611 663 908 732 integrum
962 657 1348 712 conservant:
1398 656 1524 706 tum
1574 649 2034 720 promissionum

389 750 832 822 radiisjustitiaa
854 747 1014 804 solus
1047 761 1144 800 eas
1166 743 1237 797 ad
1263 742 1595 796 futurorum
1620 741 1906 795 bonorum
1935 739 2034 795 de-

388 841 672 900 siderium
705 833 1376 902 inﬂammantes,timore
1408 846 1585 902 quem
1639 829 1895 886 charitas
1947 846 2036 886 ex-

389 931 554 1004 pellit
576 932 922 1000 ‘7,tanquam
940 922 1150 980 cortice
1184 922 1478 992 disrupto;
1532 919 2032 991 quemadmodum

387 1024 620 1078 tructus
652 1016 943 1080 malorum
977 1011 1327 1086 punicarum
1365 1013 1600 1082 gustum
1641 1008 1916 1078 oblectat,
1949 1008 2034 1063 sic

387 1109 600 1166 mentis
631 1108 891 1179 ipsarum
923 1108 1121 1176 guttur
1151 1100 1460 1156 dulcedine
1491 1099 1876 1172 perfundunt,
1927 1115 2032 1171 gu-

383 1197 669 1256 stantium
702 1201 758 1252 et
785 1193 1108 1250 videntium
1130 1192 1194 1261 ⁸⁸,
1229 1206 1468 1247 suavem
1512 1206 1642 1245 esse
1689 1189 2030 1245 Dominum.

379 1289 475 1344 Ilua
507 1286 784 1344 doctrina:
815 1284 1012 1355 igitur,
1046 1283 1186 1337 dum
1218 1299 1250 1336 a
1281 1278 1588 1352 discipulis
1625 1295 1681 1334 re
1727 1278 1857 1351 ipsa
1913 1282 2030 1334 tra-

376 1380 610 1434 ctantur
639 1379 697 1433 et
724 1373 1092 1440 excoluntur,
1125 1377 1254 1426 tum
1285 1386 1591 1443 poenarum
1626 1373 1780 1424 metu
1814 1385 1847 1423 a
1873 1367 2033 1424 vitiis

377 1470 651 1540 purgant,
682 1468 809 1520 tum
832 1479 936 1536 spe
976 1461 1354 1533 praemiorum
1382 1459 1708 1514 incendunt
1764 1456 1899 1513 illas
1958 1457 2030 1512 ad

373 1555 621 1627 justitiae
694 1570 870 1626 opera
912 1550 1375 1623 complectenda.
1433 1548 1612 1619 Cypri
1652 1563 1774 1602 cum
1825 1545 2024 1604 nardo.

383 1646 758 1702 Diversarum
793 1641 1360 1698 videlicetvirtutum
1394 1639 1606 1694 ﬂorens
1637 1642 1693 1694 et
1724 1637 1990 1693 mixturae
2017 1653 2030 1692 :

381 1735 492 1791 hoc
513 1733 798 1801 est,initia
827 1736 883 1788 et
929 1729 1398 1787 commixtioncs.
1451 1728 1519 1783 Ut
1564 1727 1734 1783 initia
1775 1744 2032 1799 namque

2148 557 2276 635 ῥοᾶς
2329 560 2612 637 στύροντες
2680 562 2775 624 τὰς
2833 563 3272 637 μαθητευομὲνας
3327 564 3530 639 ψυχὰς,
3582 564 3788 639 φυλάτ·

2143 668 2297 702 τουσι
2326 649 2419 703 τὸν
2478 647 2528 702 ἐν
2561 649 2746 711 αὐταῖς
2806 652 3011 727 καρπὸν
3057 657 3153 706 τοῦ
3210 651 3515 725 πνεύματος
3563 647 3790 721 ἀλώϐη-

2142 757 2239 791 τον
2290 738 2393 792 ἀπὸ
2451 737 2663 792 πάντων
2720 743 2828 793 τῶν
2882 739 3213 818 παραλόγων
3271 745 3454 805 παθῶν
3492 761 3503 772 ·
3565 747 3684 802 ταῖς
3735 738 3793 795 δὶ

2145 827 2322 881 ἀκτῖσι
2370 832 2478 882 τῶν
2541 827 2880 905 ἐπαγγελιῶν
2929 835 3024 885 τοῦ
3078 837 3177 900 τῆς
3229 827 3574 902 δικαιοσύνης
3603 828 3795 886 Ἡλίου

2145 916 2221 978 εἰς
2278 915 2445 971 πόθον
2494 922 2600 971 τῶν
2651 915 2965 992 μελλόντων
3015 921 3222 996 ἀγαθῶν
3280 919 3476 984 ταύτας
3527 922 3792 995 καταθερ-

2147 1003 2447 1078 μαίνοντες,
2506 1008 2598 1062 τὸν
2635 1003 2820 1085 ιιςόϐον,
2857 1009 2932 1073 ὡς
2973 1009 3347 1084 προκάλυμμα
3389 1007 3759 1087 διαρρηγνύου

2142 1115 2246 1164 σιν,
2280 1089 2380 1166 ἔξω
2427 1100 2616 1150 τοῦτον
2668 1103 2769 1167 τῆς
2819 1097 3029 1174 ἀγάπης
3081 1097 3430 1174 βαλλούσης·
3480 1099 3565 1152 καὶ
3625 1120 3790 1154 καταο

2140 1182 2518 1259 γλυκαίνουσιν
2551 1185 2644 1240 τὸν
2699 1187 2890 1257 νοητὸν
2939 1187 3096 1244 αὐτὸν
3148 1188 3398 1266 φάρυγγα
3443 1187 3792 1263 γευσαμένων

2139 1274 2229 1329 καὶ
2288 1273 2655 1348 θεασαμένων,
2727 1276 2810 1332 ὅτι
2886 1279 3130 1354 χρηστὸς
3195 1281 3224 1333 ὁ
3266 1279 3487 1355 Κύριος.
3545 1280 3789 1354 καθάπερ

2140 1363 2228 1419 καὶ
2283 1365 2374 1419 τὸν
2434 1363 2692 1436 αἰσθητὸν
2737 1367 2764 1420 ὁ
2817 1367 3024 1444 καρπὸς
3083 1372 3192 1423 τῶν
3241 1368 3404 1445 ῥοῶν.
3440 1370 3714 1432 Ἐντεῦθεν
3744 1366 3793 1423 δ’

2143 1454 2294 1508 οὗτοι
2329 1455 2380 1508 οἱ
2405 1451 2781 1510 διδασκολικοῖ
2823 1452 2978 1533 λόγοι
3028 1457 3102 1519 ὡς
3143 1463 3262 1520 ταῖς
3319 1456 3793 1531 μαθητευομὲναις

2141 1545 2680 1618 πραγματευόμενοι,
2711 1549 2789 1617 τῷ
2839 1539 2994 1620 φόϐῳ
3041 1550 3151 1600 τῶν
3200 1545 3590 1619 ἠπειλημὲνων
3619 1545 3795 1602 κολά-

2143 1653 2278 1686 σεων
2308 1634 2490 1687 παθῶν
2524 1634 2803 1706 κάθαρσις,
2847 1641 2966 1697 ταῖς
3019 1632 3066 1690 δ’
3117 1633 3464 1711 ἐπαγγελίαις
3494 1642 3603 1692 τῶν
3656 1633 3794 1710 μελε

2143 1721 2350 1778 λόντων
2381 1723 2610 1798 ἀγαθῶν,
2664 1721 2832 1800 ἔργων
2887 1721 3236 1795 δικαιοσύνης
3296 1725 3577 1802 φωτισμὸς
3608 1724 3788 1802 γίνον⁹

3335 1812 3346 1830 Ι

381 1822 720 1880 subsistunt
776 1820 833 1876 in
884 1819 1218 1889 animabus,
1269 1835 1397 1890 quae
1477 1817 1870 1873 instituuntur
1943 1815 2029 1872 vel

2140 1830 2228 1864 ται
2280 1810 2522 1875 ταύταις.
2577 1812 2792 1888 Κύπροι
2857 1815 2992 1888 μετά
3019 1810 3232 1888 νάρδων
3264 1833 3276 1847 ⁶
3311 1812 3459 1884 ἤτοι,
3518 1815 3794 1870 παντοίων

378 1910 904 1968 comminationum
929 1913 1089 1964 metu
1120 1907 1208 1964 vel
1231 1907 1522 1964 desiderio
1544 1905 2026 1978 promissionum;

375 2001 536 2057 varia
559 2000 884 2057 secundum
917 1998 1197 2053 virtutem
1231 2013 1445 2069 genera
1466 1996 1525 2051 in
1541 2000 1724 2052 Deum
1749 2000 1805 2051 et
1834 1995 2028 2067 proxi-

375 2105 536 2146 mum
570 2087 898 2144 charitatis.
924 2086 997 2143 Ut
1025 2085 1468 2142 commistiones
1513 2089 1733 2152 autem,
1787 2101 2027 2156 persua-

374 2180 516 2236 dent
544 2177 663 2234 illis
685 2181 748 2232 ut
780 2179 920 2232 dum
952 2181 1190 2249 pr0pter
1209 2191 1379 2231 suam
1411 2191 1550 2247 erga
1566 2175 1748 2230 Deum
1773 2173 2028 2230 charita-

373 2271 491 2323 tem
523 2282 694 2322 carne
716 2265 1204 2338 patiuntur,mala
1225 2263 1556 2320 sustineant
1577 2264 1648 2319 ob
1679 2265 2027 2320 charitatem

376 2373 494 2429 qua
506 2354 836 2428 proximum
853 2352 1690 2427 amplectuntur,laetitiamque
1707 2353 2033 2426 percipiant

377 2461 446 2501 ex
468 2445 665 2501 futura
684 2444 1181 2501 remuneratione.
1205 2442 1351 2498 Dum
1378 2448 1572 2498 autem
1600 2448 1838 2514 propter
1859 2459 2028 2498 suam

378 2534 438 2591 in
472 2534 804 2608 proximum
827 2533 1167 2589 charitatem
1196 2531 1349 2588 mala
1366 2531 2032 2602 sustinent,charitatem

379 2641 496 2696 prae
527 2641 590 2679 se
620 2623 813 2678 ferant
845 2639 956 2694 qua
990 2622 1177 2677 Deum
1213 2626 1674 2693 prosequuntur,
1700 2622 1828 2691 ejus
1861 2639 2027 2677 man-

381 2712 582 2768 datum
623 2715 944 2782 servantes,
981 2727 1095 2782 quo
1129 2710 1299 2766 nobis
1333 2709 1668 2782 pracipitur
1696 2713 1782 2782 [ut
1834 2712 2031 2782 proxi-

378 2819 545 2859 mum
570 2800 910 2874 diligamus.
945 2799 1038 2856 Sic
1072 2800 1250 2871 igitur
1280 2817 1506 2871 sponsae
1541 2799 1805 2855 doctrina
1835 2800 1913 2856 sit
1970 2801 2029 2856 in

380 2887 692 2962 discipulis
716 2889 926 2944 nardus
953 2897 1004 2944 et
1032 2903 1242 2954 crocus,
1275 2889 1462 2958 ﬁstula
1503 2895 1558 2943 et
1615 2890 2030 2945 cinnamomum

379 2995 508 3036 cum
537 2979 811 3034 universi:
847 2976 1020 3047 ligni:
1051 2978 1280 3033 Libani:
1316 2977 1371 3032 id
1407 2982 1515 3043 est,
1550 2982 1804 3050 quatuor
1847 2979 2030 3033 virtu-

381 3063 473 3116 tes
497 3058 826 3131 praecipuas,
858 3073 991 3113 cum
1024 3056 1140 3112 illis
1173 3057 1452 3112 omnibus
1485 3074 1610 3129 quae
1644 3057 1789 3130 ipsis
1833 3059 2030 3128 subje-

381 3152 485 3205 ctae
520 3151 680 3215 sunt,
717 3147 1109 3221 plantataeque
1167 3147 1225 3201 in
1289 3145 1652 3202 sublimitate
1702 3147 1835 3202 fidei
1892 3163 2028 3220 erga

2143 1899 2344 1972 ἀρετῶν
2378 1898 2510 1972 ἄνθη
2556 1901 2646 1956 καὶ
2703 1901 2976 1976 κράματα,
3024 1901 3191 1978 ἀρχαὶ
3253 1899 3509 1974 δηλονότι
3553 1904 3643 1958 καὶ
3705 1903 3793 1978 μία

2140 1987 2266 2059 ξεις,
2332 1990 2428 2044 Καὶ
2462 1991 2537 2052 ὼς
2568 1991 2666 2064 μὲν
2715 1991 2880 2068 ἀρχαὶ
2937 1992 3227 2070 ὑφιστῶσιν
3278 1991 3329 2048 ἐν
3380 1998 3497 2055 ταῖς
3531 1990 3790 2048 διδασκο-

2141 2079 2325 2151 μέναις
2357 2082 2579 2155 ψυχαῖς,
2637 2085 2713 2152 τῷ
2757 2102 2814 2136 τε
2859 2075 3012 2158 φόϐῳ
3053 2085 3162 2136 τῶν
3195 2080 3432 2137 ἀπειλῶν
3465 2082 3552 2136 καὶ
3577 2087 3656 2154 τῷ
3689 2081 3788 2137 πόα

2139 2178 2218 2240 θῳ
2247 2173 2353 2222 τῶν
2389 2167 2747 2246 ἐπαγγελιῶν,
2778 2172 2844 2225 τὰ
2880 2168 3112 2249 διάφορα
3154 2172 3271 2226 κατ’
3313 2171 3507 2246 ἀρετὴν
3537 2169 3653 2241 εἶ’δη
3688 2179 3794 2242 τῆς

2137 2254 2215 2318 είς
2243 2257 2333 2311 τὸν
2367 2259 2494 2313 Θεὸν
2545 2257 2633 2312 καὶ
2673 2258 2762 2312 τὸν
2815 2257 3050 2330 πλησίον
3105 2260 3319 2335 ἀγαπης
3345 2278 3357 2291 °
3415 2260 3491 2322 ὡς
3525 2257 3580 2314 δὲ
3617 2260 3797 2333 μίξεις

2139 2345 2414 2400 πείθουσιν
2466 2347 2630 2408 αὐτὰς
2690 2348 2740 2402 ἓν
2794 2353 2872 2420 τῷ
2930 2349 3159 2424 πάσχειν
3211 2350 3386 2424 σαρκὶ,
3435 2345 3523 2402 διὰ
3561 2347 3661 2418 τῆν
3720 2349 3800 2411 είς

2141 2435 2270 2490 Θεὸν
2333 2436 2570 2512 ἀγάπην,
2603 2437 2930 2508 ἀνεξικακεῖν
2981 2435 3069 2492 διὰ
3110 2439 3209 2508 τήν
3259 2439 3396 2512 πρὸς
3427 2438 3518 2492 τὸν
3547 2437 3797 2510 πλησίον

2141 2523 2375 2601 ἀγάπην,
2427 2525 2516 2580 καὶ
2577 2526 2956 2604 εὐφραίνεσθαι
2996 2523 3086 2581 διὰ
3120 2527 3218 2596 τὴν
3275 2523 3582 2601 μέλλουσαν
3634 2539 3804 2600 μισθ-

2140 2611 2399 2669 απόδοσιν
2437 2636 2449 2649 -
2503 2615 2552 2668 ἐν
2615 2613 2670 2670 δὲ
2727 2620 2806 2688 τῷ
2867 2616 3192 2686 άνεξικακεῖν
3245 2613 3334 2671 διὰ
3388 2617 3484 2685 τὴν
3540 2615 3618 2678 είς
3661 2621 3798 2671 τοῦ-

2834 2705 2961 2760 Θεόν
3014 2704 3228 2780 ἀγάπην
3280 2703 3663 2779 ἐνδείκνυσθαι,
3707 2705 3800 2761 διὰ

2137 2795 2238 2862 τὴν
2269 2796 2500 2868 τήρησιν
2534 2801 2630 2865 τῆς
2661 2794 2825 2849 αὐτοῦ
2871 2793 3120 2864 ἐντολῆς,
3151 2796 3274 2865 ἥτις
3305 2793 3412 2850 ἐστὶ
3444 2795 3536 2849 τὸν
3569 2796 3792 2870 ἀγαπᾷν

2138 2883 2232 2937 τὸν
2309 2880 2570 2953 πλησίον.
2632 2882 2919 2947 Κάντεῦθεν
2974 2884 3026 2938 οἱ
3077 2884 3360 2958 εἰρημὲνοί
3409 2881 3796 2940 διδασκαλικοί

2141 2969 2294 3049 λόγοι
2326 2973 2564 3048 γίνονται
2611 2979 2732 3035 ταῖς
2784 2970 3202 3046 διδασκομένους
3261 2971 3456 3047 νάρδος
3509 2973 3599 3028 καὶ
3655 2974 3793 3049 κρό-

2137 3081 2256 3128 κος,
2315 3059 2565 3135 κάλαμος
2627 3062 2716 3116 καὶ
2785 3062 3137 3136 κιννάμωμον
3210 3064 3342 3135 μετᾶ
3420 3063 3642 3118 πάντων
3704 3063 3795 3134 ξδ’

2141 3147 2252 3204 λων
2312 3154 2408 3204 τοῦ
2471 3145 2706 3205 Λιϐάνου
2741 3170 2756 3182 ·
2813 3149 3004 3226 ἤγουν,
3059 3171 3312 3226 τεσσαρες
3361 3151 3569 3226 γενικαέ
3606 3151 3793 3227 ἀρεταὶ

2137 2725 2230 2759 τον
2273 2704 2511 2778 ἀγάπην,
2559 2707 2655 2774 την
2700 2702 2774 2766 ε”ς

383 3237 879 3309 Deum,tanquam
905 3236 962 3291 in
998 3241 1192 3291 monte
1226 3235 1570 3291 Libani.Per
1600 3238 1849 3292 nardum
1872 3239 2024 3292 enim

2146 3238 2280 3312 μετά
2303 3243 2488 3293 πασῶν
2537 3244 2645 3293 τῶν
2706 3240 2800 3294 ὐπ’
2852 3239 3018 3302 αύτάς
3069 3244 3301 3314 μερικῶν
3361 3243 3467 3295 τῶν
3499 3241 3794 3315 φυομξνων

381 3327 442 3383 in
474 3344 592 3400 qua
620 3331 880 3382 aromata
909 3325 1066 3380 varia
1119 3325 1600 3393 commiscentur,
1659 3327 2029 3398 prudentiam

381 3415 790 3489 intelligimus,
843 3415 901 3470 in
950 3431 1067 3488 qua
1121 3415 1405 3470 virtutum
1455 3415 1719 3470 omnium
1773 3416 2033 3472 rationes

387 3507 733 3562 summatim
783 3505 1176 3561 continentur.
1237 3504 1342 3560 Per
1399 3521 1630 3560 crocum
1680 3509 1871 3561 autem
1933 3507 2031 3578 qui

389 3597 642 3651 mediam
677 3596 828 3649 inter
858 3593 1238 3665 frigiﬂitatem
1290 3598 1346 3648 et
1394 3593 1753 3648 caliditatem
1814 3596 2036 3650 obtinet

384 3683 523 3749 vim,
588 3688 644 3738 et
709 3682 1019 3754 utriusque
1090 3682 1350 3737 excludit
1411 3687 1688 3747 extrema,
1732 3684 2028 3753 justitiam

385 3772 866 3843 accipimusque
891 3772 1151 3825 defectus
1181 3776 1237 3825 et
1285 3787 1559 3825 excessus
1607 3771 1666 3825 in
1714 3772 2028 3828 virtutibus

383 3859 550 3932 fugit.
583 3860 692 3915 Per
722 3858 952 3913 dulcem
984 3875 1116 3913 vero
1147 3859 1357 3912 calami
1410 3858 1666 3913 ﬁstulam
1719 3876 1845 3931 quae
1888 3861 2030 3917 levis

381 3955 472 4005 est
502 3954 559 4005 et
588 3949 645 4004 in
679 3947 930 4004 sublime
961 3949 1125 4002 facile
1158 3948 1401 4019 tollitur,
1425 3950 1812 4020 temperantia
1842 3952 2029 4024 signi-

381 4037 627 4094 ﬁcatur:
665 4055 793 4110 quae
828 4044 1082 4092 mentem
1142 4037 1301 4109 gravi
1361 4054 1649 4110 corporeae
1691 4041 2030 4111 cupiditatis

381 4143 556 4182 onere
597 4127 884 4194 sublevat,
933 4143 1182 4199 eamque
1224 4128 1292 4182 ad
1341 4127 1626 4200 spiritalia
1671 4135 1730 4185 et
1775 4130 2031 4186 ccelestia

381 4216 694 4272 sublimem
729 4215 903 4286 tollit,
937 4233 1258 4289 eorumque
1289 4217 1472 4289 replet
1500 4218 1804 4274 suavitate.
1838 4223 1908 4274 At
1930 4237 2032 4292 per

381 4305 816 4362 cinnamomum
852 4305 1020 4376 cujus
1051 4311 1261 4362 natura
1290 4312 1379 4363 est
1408 4308 1595 4363 calida
1617 4313 1790 4380 atque
1817 4312 2028 4381 jucun-

381 4395 474 4460 da,
502 4395 862 4450 fortitudinis
921 4395 1117 4450 divino
1149 4396 1270 4452 zelo
1321 4399 1600 4452 adversus
1670 4398 2025 4470 impietatem

379 4489 555 4554 atque
587 4483 855 4540 militiam
890 4485 1149 4540 ardentis
1183 4486 1359 4542 robur
1389 4486 1703 4541 indicatur.
1736 4487 1849 4542 Nec
1899 4504 2028 4542 vero

379 4589 608 4663 sponsa:
639 4572 914 4628 doctrina;
941 4573 998 4628 in
1032 4573 1340 4646 discipulis
1368 4575 1489 4630 haec
1524 4576 1693 4640 ﬁunt,
1728 4578 1825 4630 sed
1867 4593 2028 4647 myr-
2063 4597 2104 4663 ι)
2136 4595 2196 4628 αν
2227 4595 2235 4605 ·

377 4661 477 4717 rha
510 4677 720 4732 quoque
749 4671 804 4715 et
834 4663 958 4718 aloe
983 4679 1108 4718 cum
1148 4667 1403 4720 omnibus
1447 4667 1648 4737 primis
1699 4668 2025 4736 unguentis:

377 4750 486 4805 hoc
519 4747 636 4821 est,
662 4750 913 4806 carnalis
943 4768 1169 4820 sensus
1218 4771 1418 4809 earum
1470 4755 1843 4810 mortificatio
1893 4772 2026 4810 cum

377 4838 655 4896 omnibus
681 4839 891 4912 primis
921 4841 1175 4912 Spiritus
1198 4845 1383 4897 sancti
1407 4843 1771 4909 muneribus,
1799 4843 2028 4899 animas

378 4934 812 5001 unguentorum
848 4929 1035 4984 instar
1063 4932 1612 4987 recreantibus.Nisi
1643 4933 1797 4988 enim
1831 4933 2031 4988 anima

375 5019 566 5090 sapiat
592 5035 660 5074 ea
706 5035 836 5090 quae
881 5025 1020 5074 sunt
1067 5020 1333 5091 spiritus,
1365 5026 1422 5075 et
1461 5023 1834 5077 sanctissima
1868 5021 2030 5076 illius

378 5107 531 5164 dona
563 5109 875 5180 suscipiat,
915 5107 1168 5179 timoris,
1215 5110 1480 5179 inquam,
1533 5110 1914 5176 fortitudinis,
1973 5118 2028 5168 et

375 5195 626 5263 consilii,
651 5201 708 5252 et
735 5197 1013 5265 scientiae,
1047 5201 1103 5252 et
1133 5197 1506 5268 cognitionis,
1556 5203 1612 5252 et
1670 5198 2024 5266 intellectus,

374 5291 431 5339 et
463 5286 762 5357 sapientiae
797 5305 810 5354 ;
838 5284 1092 5341 carnalis
1118 5302 1327 5340 sensus
1359 5285 2025 5359 mortiﬁcationem,qua3

372 5391 474 5447 per
504 5375 801 5448 myrrham
825 5379 881 5429 et
910 5373 1340 5444 aloem,quibus
1369 5377 1739 5431 aromatibus
1776 5383 2023 5432 mortuo-

373 5479 502 5518 rum
537 5480 775 5535 corpora
818 5463 1196 5532 condiuntur,
1254 5463 1625 5536 intelligitur,
1682 5481 1798 5520 non
1859 5482 2022 5522 asse-

451 5673 674 5732 ‘ann.
710 5693 782 5743 ιν,
820 5675 903 5732 18.
939 5675 982 5711 ⁸⁸
1017 5675 1166 5734 Psal.
1197 5679 1397 5748 xxxiii,
1429 5681 1482 5734 9.

2142 3327 2194 3384 ἐν
2225 3333 2304 3400 τῷ
2337 3326 2457 3403 ὄψει
2512 3335 2610 3399 τῆς
2662 3328 2736 3383 εἷς
2780 3329 2906 3383 Θεὸν
2951 3328 3207 3398 πίστεως,
3243 3332 3332 3384 οἷα
3379 3325 3491 3405 ὄρει
3530 3325 3794 3386 Λιϐάνου.

2142 3417 2248 3472 Καὶ
2282 3416 2382 3492 γὰρ
2414 3413 2610 3491 νάρδον
2676 3415 2768 3489 μέν
2821 3437 2976 3495 φησι,
3016 3419 3115 3486 τήν
3145 3419 3218 3479 ὡς
3253 3415 3526 3494 διαφόρων
3561 3417 3797 3492 ἀρωμά-

2142 3525 2248 3560 των
2278 3507 2525 3581 μίγματα
2571 3503 2820 3568 ἒνοειδῶς
2863 3505 3125 3584 φέρουσαν
3181 3511 3366 3560 πασῶν
3414 3510 3524 3560 τῶν
3585 3507 3795 3581 ἀρετῶν

2143 3593 2270 3655 τοὺς
2304 3591 2501 3669 λόγους
2551 3613 2813 3670 φρονησιν
2848 3613 2861 3628 ο
2912 3595 3108 3670 κρόκον
3161 3593 3240 3663 δὲ,
3273 3594 3345 3656 ὠς
3381 3596 3563 3668 μὲσως
3591 3593 3798 3670 ἔχοντα

2144 3682 2352 3756 ψύξεως
2397 3703 2455 3737 τε
2507 3682 2595 3736 καὶ
2669 3683 3028 3757 θερμότητος,
3113 3685 3202 3738 καὶ
3268 3685 3369 3750 τὴν
3426 3682 3508 3761 ἐφ’
3566 3685 3796 3759 ἑκάτερα

2139 3771 2397 3845 ἀμετρίαν
2448 3771 2794 3849 ἐκφεύγοντα,
2857 3774 2954 3841 τήν
3024 3772 3118 3834 τὰς
3195 3771 3468 3834 ἐλλείψεις
3547 3773 3638 3827 καὶ
3693 3774 3792 3835 τὰς

2140 3857 2448 3935 ὑπερϐολὰς
2523 3866 2631 3914 τῶν
2711 3861 2916 3936 ἀρετῶν
3020 3858 3502 3937 διαδιδράσκουσαν
3573 3859 3793 3916 δικαιο-

2141 3950 2305 4020 σύνην
2340 3971 2351 3983 ·
2412 3949 2663 4022 κάλαμον
2740 3948 2818 4024 δὲ,
2897 3949 3176 4025 γλυκεῖαν,
3261 3949 3336 4013 ὡς
3387 3949 3641 4028 κούφην,
3702 3951 3792 4004 καὶ

2140 4039 2214 4102 είς
2271 4039 2404 4113 ὕψος
2454 4041 2650 4100 ἱκανῶς
2731 4039 3132 4115 ἀνατρέχουσαν
3199 4041 3297 4108 τὴν
3379 4038 3743 4118 σωφροσύνην
3780 4058 3793 4071 ·

2138 4126 2260 4198 ἥτις
2346 4131 2604 4202 σαρκικοῦ
2688 4129 2886 4204 βάρους
2971 4130 3068 4196 τήν
3156 4127 3442 4201 ἐπιθυμίαν
3523 4129 3800 4205 κουφίζει,

2137 4221 2226 4272 καὶ
2284 4219 2412 4291 ὑψοῖ
2475 4219 2612 4290 πρὸς
2687 4219 2752 4272 τὰ
2827 4218 3162 4291 πνευματικά
3234 4217 3324 4272 καὶ
3397 4217 3644 4292 οὑράνια.
3708 4218 3802 4271 καὶ

2137 4315 2234 4376 τῆς
2317 4311 2522 4360 τοῦτων
2621 4307 2964 4382 γλυκύτητος
3047 4306 3142 4361 τὸν
3221 4311 3346 4360 νοῦν
3434 4303 3800 4383 ἐμφορεῖσθαι

2138 4402 2287 4450 ποιεῖ
2315 4415 2326 4427 ·
2359 4395 2446 4449 καῖ
2471 4396 2822 4468 κινάμωμον,
2855 4395 2928 4456 ὡς
2978 4396 3177 4470 θερμὸν
3229 4394 3316 4449 καὶ
3372 4391 3496 4464 ἡδὺ,
3528 4394 3633 4461 τὴν
3669 4393 3804 4466 θείῳ

2150 4484 2304 4558 ζήλῳ
2336 4486 2688 4561 πυρογμὲνην
2747 4486 2882 4540 κατά
2930 4480 3175 4546 ἀσεϐείας
3232 4483 3322 4539 καὶ
3366 4483 3555 4544 κακίας
3578 4481 3804 4556 ἀνδρεί-

2299 4572 2334 4643 ἤ
2399 4575 2484 4628 καὶ
2535 4572 2693 4644 ἡδεῖά
2741 4573 2851 4629 ἐστι
2909 4571 2996 4627 διὰ
3043 4577 3140 4628 τοῦ
3195 4574 3396 4634 παντὸς
3428 4571 3601 4627 καλοῦ
3632 4573 3804 4647 ὑπερ-

2137 4661 2516 4737 αγωνίζεσθαι.
2576 4661 2652 4720 Ού
2691 4661 2857 4734 μόριον
2907 4658 2966 4716 δὲ
3007 4665 3175 4716 ταῦτα
3224 4667 3343 4724 ταῖς
3377 4658 3804 4732 ὃιδασκομίναις

2137 4753 2187 4806 οἱ
2248 4749 2625 4806 διδασκαλικοὶ
2684 4749 2840 4826 λόγοι
2898 4756 2999 4819 τῆς
3049 4749 3266 4823 νύμφης
3319 4750 3575 4826 γίνονται.
3649 4747 3803 4803 ἀλλά

2138 4840 2350 4914 σμύρνα
2431 4841 2519 4895 καὶ
2607 4835 2748 4909 ἀλόη
2842 4838 2976 4912 μετά
3044 4838 3259 4893 πάντων
3335 4843 3443 4893 τῶν
3501 4837 3747 4909 πρώτων
3787 4856 3800 4868 ·

2135 4927 2284 4999 ἦτοι,
2338 4930 2598 5005 νέκρωσις
2669 4932 2766 4982 τοῦ
2843 4931 3102 5002 σαρκικοῦ
3165 4927 3373 4982 τούτων
3433 4927 3801 5003 φρονήματος

2141 5021 2274 5092 μετὰ
2305 5021 2520 5073 πάντων
2553 5022 2660 5072 τῶν
2693 5017 2924 5089 πρώτων
2973 5021 3081 5070 τῶν
3115 5015 3598 5092 ψυχαγωγούντων
3634 5012 3802 5084 δίκην

2141 5109 2327 5182 μύρων
2385 5107 2740 5183 χαρισμάτων
2773 5110 2868 5160 τοῦ
2917 5105 3248 5177 Πνεύματος.
3287 5105 3346 5162 Εἰ
3409 5105 3484 5177 μή
3517 5104 3622 5179 γὰρ
3662 5125 3804 5182 φρο-

2135 5199 2274 5270 νήσῃ
2310 5200 2524 5257 πάντως
2581 5198 2615 5264 ἠ
2693 5195 2846 5270 ψυχὴ
2904 5195 2970 5248 τά
3025 5199 3122 5249 τοῦ
3193 5194 3523 5267 Πνεύματος,
3585 5194 3682 5247 καὶ
3736 5193 3807 5246 τά

2141 5288 2374 5361 πανάγια
2429 5285 2626 5339 τούτου
2678 5281 2890 5356 δέξηται
2952 5282 3285 5358 χαρίσματα,
3345 5283 3406 5336 τὸ
3465 5286 3562 5335 τοῦ
3619 5276 3808 5358 φόϐου

2136 5378 2276 5454 φημὶ
2333 5376 2421 5429 καὶ
2483 5376 2544 5428 τὸ
2580 5376 2675 5443 τῆς
2727 5372 2940 5448 ἰσχύος,
2990 5373 3172 5427 καὶτὸ
3221 5379 3320 5440 τῆς
3355 5368 3584 5448 βουλῆς,
3617 5369 3803 5424 καὶτὸ

2132 5469 2230 5531 τῆς
2316 5465 2649 5536 ἐπιστήμης,
2724 5463 2811 5518 καὶ
2889 5462 2951 5516 τὸ
3026 5468 3128 5531 τῆς
3211 5461 3486 5536 γνώσεως,
3565 5459 3661 5514 καὶ
3732 5459 3798 5513 τὸ
