4042 6198
247 348 368 408 629

1299 345 1709 408 COMMENT.
1759 345 1837 405 ΙΝ
1885 343 2288 404 CANTICUM
2337 340 2644 402 CANTIC.

3558 341 3679 402 630

242 484 349 546 τῆς
407 475 716 543 συνέσεως,
773 475 864 531 καὶ
932 477 995 532 τὸ
1079 482 1181 546 τῆς
1267 475 1479 555 σοφίας,
1538 473 1726 538 ἄλλως
1805 478 1901 528 τοῦ

2035 475 2396 548 χυθίυτᾘαιο
2429 490 2656 544 sponsae
2687 472 2965 528 instituta
2996 479 3053 527 et
3085 472 3410 545 disciplinas
3438 472 3500 528 in
3550 475 3676 531 ani-

248 570 517 643 σιιρκικοῦ
601 567 953 644 φρονήματος
1035 564 1132 622 οὐκ
1209 564 1496 643 ἐνεργεῖται
1583 567 1618 634 ἡ
1693 564 1908 640 νὲκρω·

248 678 385 718 σις’
455 659 525 726 ἧς
602 653 885 726 δηλωτικᾶ
941 658 976 726 ἡ
1034 655 1245 732 σμύρνα
1326 656 1415 710 καὶ
1485 657 1522 724 ἡ
1593 653 1756 726 ἀλόη,
1835 653 1909 714 ὡς

246 750 457 822 νεκρῶν
500 744 766 819 σωμάτων
813 743 1269 822 ἀρωματί-σματα.
1305 745 1468 802 Οὗτοι
1522 743 1579 798 δὲ
1638 744 1687 798 οἱ
1751 741 1909 818 λόγοι

243 842 369 897 ταῖς
433 831 851 906 διδασκομέναις
915 833 1015 889 εἶσὶ
1069 832 1158 888 καί
1207 835 1358 910 πηγὴ
1392 835 1612 905 κήπων,
1649 833 1722 896 ὡς
1776 852 1911 908 προ-

245 926 472 1000 χίοντες
502 925 602 991 τήν
662 919 1016 998 ἁρδεύουσαν,
1047 928 1273 998 γνῶσιν,
1309 923 1402 985 τὰς
1455 924 1544 977 οἷά
1601 943 1721 976 τινα
1775 922 1914 999 φυτὰ

247 1011 658 1090 πεφυτευμένας
733 1011 786 1067 ἐν
876 1011 1063 1075 αὐταῖς
1150 1009 1460 1076 πολυειδεῖς
1543 1010 1756 1088 ἀρετάς.
1815 1008 1914 1065 Καί

250 1102 429 1178 φρέαρ
491 1099 687 1164 ὕδατος
779 1106 999 1175 ζῶντος,
1069 1103 1158 1156 καὶ
1243 1100 1553 1177 ροιζοῦντος
1631 1101 1738 1155 ἀπὸ
1818 1103 1915 1154 τοῦ

249 1187 536 1248 Λιϐάνου·
596 1191 792 1266 ἤγουν,
861 1191 1022 1267 βάθος
1084 1191 1227 1256 θείας
1291 1190 1382 1246 καὶ
1436 1190 1666 1260 ἀειζώου
1727 1188 1916 1268 σοφίας

247 1281 510 1357 ἠχούσης
565 1279 968 1344 διδασκαλικῶς
1023 1282 1089 1335 τὰ
1145 1286 1262 1343 τοῖς
1317 1277 1552 1343 πολλοῖς
1609 1277 1919 1350 ἀδιεξίτητα

247 1373 367 1426 Θιῖα
403 1373 710 1446 μυστήρια,
754 1369 934 1446 ὥσπερ
988 1370 1092 1425 ἀπὸ
1152 1365 1392 1426 Λιϐάνου
1440 1373 1536 1424 τοῦ
1594 1369 1762 1443 ὕψους
1819 1371 1918 1438 τῆς

285 1461 306 1481 ι
475 1461 489 1475 .
901 1466 914 1486 ,
1034 1459 1048 1476 .
1364 1456 1438 1490 ,μ’
1693 1457 1704 1473 ι
1856 1464 1884 1475 ..

255 1480 336 1521 εις
399 1467 529 1516 Θεον
583 1459 840 1523 πίστεως,
919 1462 1050 1517 Επει
1107 1455 1163 1514 δὶ
1236 1475 1560 1535 παραοιισον
1619 1479 1750 1519 τους
1818 1479 1917 1527 της

248 1548 478 1626 νύμφης
512 1546 936 1611 διδασκαλικοῦς
995 1548 1192 1624 λόγους
1224 1549 1252 1604 ὁ
1281 1547 1515 1625 νυμφίος
1576 1545 1812 1625 εἷ’ρηκεν,
1845 1547 1920 1609 ὡς

251 1635 595 1708 δεδήλωται·
629 1645 808 1708 κῆπος
869 1635 926 1693 δέ
982 1636 1122 1692 ἐστιν
1181 1639 1208 1692 ὁ
1263 1634 1610 1714 παράδεισος,
1656 1637 1730 1700 ὡς
1788 1657 1921 1701 παντ

247 1727 420 1782 τοίων
479 1731 662 1805 φυτῶν
722 1728 974 1802 χωρίον·
1032 1732 1222 1796 κῆπος
1286 1724 1388 1802 ἄρα
1444 1731 1544 1795 τῆς
1600 1722 1818 1801 νύμφης
1867 1725 1922 1778 αἱ

2021 565 2228 621 mabus
2261 562 2811 618 illasexcolentibus
2844 562 2997 617 fiunt
3028 561 3203 618 etiam
3223 565 3346 634 [om
3365 563 3673 619 hortorum:

2019 654 2156 709 inde
2188 653 2348 708 enim
2380 651 2632 724 cognitio
2664 651 2890 720 deﬂuit,
2923 668 3042 723 qua
3067 651 3238 707 variis
3286 651 3345 706 in
3392 650 3510 708 illis
3556 657 3680 708 tan-

2021 759 2198 815 quam
2234 741 2468 814 plantae,
2519 741 2710 797 insita:
2767 742 3016 797 virtutes
3072 741 3410 812 irrigantur.
3473 745 3537 797 Et
3573 758 3680 814 pu-

2021 837 2316 904 teusaquée
2345 833 2593 899 viventis,
2623 836 2818 886 etcum
2855 832 3092 897 strepitu
3140 831 3204 886 de
3249 830 3452 886 Libano
3478 830 3682 886 ~decur-

2020 924 2228 978 rentis:
2255 922 2310 976 id
2335 927 2518 990 est,ex
2548 921 2946 994 profunditate
2970 919 3180 976 divinae
3214 937 3280 976 ac
3311 921 3682 992 sempiternae

2023 1010 2324 1084 sapientiae
2373 1009 2729 1078 resonantis,
2775 1015 2833 1065 et
2890 1009 3226 1065 docentium
3277 1027 3437 1066 more
3485 1010 3684 1066 divina

2025 1101 2302 1174 mysteria
2330 1099 2503 1172 vulgo
2538 1097 3281 1170 inexplicabilia,tanquam
3328 1100 3399 1154 de
3438 1099 3678 1166 Libano,

2025 1193 2097 1246 de
2137 1189 2502 1245 sublimitate
2525 1189 2582 1243 in
2611 1190 2785 1244 Deum
2811 1189 2942 1243 fidei
2967 1187 3679 1259 depromentis,Quoniam

2027 1285 2224 1336 autem
2259 1296 2487 1350 sponsae
2520 1294 2824 1333 sermones
2863 1281 3040 1348 atque
3089 1281 3378 1348 praecepta
3424 1293 3679 1350 sponsus

2025 1369 2289 1440 hortum,
2323 1371 2386 1422 ut
2433 1367 2796 1422 declaratum
2854 1371 2961 1434 est,
3015 1366 3425 1438 nuncupavit;
3474 1366 3681 1421 hortus

2026 1475 2160 1513 vero
2182 1461 2271 1513 est
2292 1457 2624 1529 paradisus,
2649 1461 2930 1528 tanquam
2953 1456 3320 1511 diversarum
3344 1454 3678 1527 plantarum

2026 1548 2192 1604 locus
2230 1565 2243 1614 ;
2277 1547 2484 1620 hortus
2516 1563 2746 1618 sponsas
2778 1545 3040 1617 profecto
3073 1549 3215 1601 sunt
3241 1543 3451 1600 animas
3499 1545 3682 1600 disci-

2029 1635 2211 1709 plinis
2231 1637 2362 1706 ejus
2392 1634 2636 1692 consitas
2669 1638 2848 1706 atque
2873 1634 3145 1700 eruditas,
3169 1650 3273 1706 per
3293 1650 3440 1704 quas
3472 1649 3540 1688 ea
3555 1650 3681 1704 quae

2031 1725 2189 1781 dicta
2220 1728 2380 1796 sunt,
2426 1724 2625 1780 studet
2656 1723 2954 1795 perﬁcere.

260 1774 414 1782 ---...
524 1774 657 1782 η..-
769 1774 928 1782 .--.-.
1034 1774 1221 1796 ...,.--,
1287 1774 1388 1782 -w
1457 1774 1542 1795 --μ
1610 1774 1709 1778 .-ᾖ
1757 1774 1815 1786 η
2034 1774 2189 1781 ---η
2221 1774 2358 1780 ___-
2426 1774 2623 1780 ηψπ-
2669 1774 2952 1778 ---πη-,ν
3299 1774 3302 1777 .

251 1774 660 1895 πεφυτευῐμέναι
719 1774 824 1872 fici
879 1817 1055 1894 ψυχαὶ
1113 1821 1232 1879 τοῖς
1290 1774 1698 1878 δίδασκαλικοῖς
1720 1774 1950 1885 Ῐταύτης
2011 1812 2222 1889 λόγοις,
2284 1774 2482 1867 δι”ὧν
2541 1774 2843 1866 σπεύδουσα
2895 1809 2962 1865 τὰ
3013 1808 3136 1882 ἑξῆς
3170 1809 3430 1886 εἰρημένα
3484 1809 3686 1864 ἀποτι-

302 1907 444 1960 ἐσσι·

302 1907 444 1960 ἐσσι·

256 1903 296 1962 λ
337 1997 704 2074 Ἐξεγέρθητι,
737 1995 934 2074 βοῤῥᾶ,
966 1997 1053 2053 καὶ
1087 1996 1154 2052 τὰ
1184 1996 1330 2069 ἑξῆς.

966 2263 1214 2321 Ψελλοῦ.

332 2355 588 2430 Ἐπείπερ
622 2349 918 2410 ἐπελάϐετο
948 2353 1162 2415 πάντως
1192 2360 1292 2424 τῆς
1317 2351 1578 2428 ἐξουσίας,

251 2448 327 2500 Ἥ
359 2443 666 2515 Ἐκκλησία
694 2448 792 2499 τοῦ
814 2448 948 2500 Θεοῦ
975 2451 1154 2514 κῆπος
1181 2445 1561 2516 ὀνομασθεῖσα,

253 2535 455 2609 Ἐχων
490 2535 739 2588 ἁπάντων
771 2538 878 2588 τῶν
912 2537 1093 2612 φυτῶν
1128 2532 1180 2588 ἓν
1210 2534 1374 2607 ἑαυτῇ
1405 2533 1504 2600 τὴν
1535 2531 1698 2606 ὥραν,

253 2624 377 2679 Τοῦ
417 2623 514 2694 μὲν
553 2622 720 2700 βορρᾶ
751 2623 851 2692 τὴν
881 2623 1133 2678 κάκιστον
1167 2618 1453 2696 ἔμπνευσιν
1487 2619 1762 2699 ἀφορίσαι,

255 2713 382 2779 Τήν
418 2711 952 2787 ἀποκρυσταλλῶσαν
977 2712 1040 2766 τὸ
1067 2711 1277 2774 κάλλος
1303 2711 1411 2764 τῶν
1443 2711 1668 2774 ἀνθὲων⁶

253 2801 372 2856 Τὸν
407 2800 565 2856 νότον
594 2799 652 2856 δὲ
681 2803 773 2856 τὸν
801 2799 1098 2856 κάλλιστον
1124 2805 1408 2876 προσαιτεῖ
1435 2804 1673 2855 πνεῦσαι’

255 2891 370 2954 Ὀς
402 2889 724 2953 ἐπιπνεύσας
755 2890 808 2946 ὲν
841 2891 983 2946 Σιὼν
1013 2895 1128 2951 τοῖς
1159 2888 1488 2952 ἀποστόλοις
1518 2887 1709 2960 παλαι,

256 2978 544 3052 Ῥεύματα
576 2975 755 3054 λὸγων
791 2977 993 3034 δέδωκε
1015 2985 1134 3042 τοῖς
1162 2977 1489 3039 ἀποστόλοις
1518 2978 1688 3054 χέειν.

256 3071 488 3124 Ἐκεῖνο
515 3069 577 3123 τὸ
609 3070 865 3144 πανάγιον
886 3067 1065 3122 τοίνυν
1098 3071 1132 3138 ἡ
1163 3068 1349 3145 νύμφη
1381 3072 1596 3141 Πνεῦμα

255 3157 452 3214 Καλεῖ
481 3159 616 3231 πρὸς
646 3159 823 3227 κῆπον
856 3159 1050 3228 ἑαυτῆς
1078 3162 1299 3212 πνεῦσαι
1324 3158 1424 3226 τήν
1457 3154 1754 3231 σωτηρίαν,

252 3250 363 3308 Ὠς
393 3245 457 3301 ἃν
485 3249 976 3325 καρποφορήσωσιν
1008 3248 1180 3302 πάντα
1207 3247 1275 3301 τὰ
1301 3246 1462 3300 τὲκνα
1489 3246 1710 3314 ταύτης,

254 3337 373 3392 Καὶ
403 3336 495 3390 τὸν
529 3337 753 3411 Χριστὸν
783 3335 1084 3412 εὐφράνωσι
1114 3336 1206 3390 τὸν
1241 3335 1413 3411 Λόγον
1443 3333 1532 3389 καὶ
1563 3333 1820 3410 νυμφίον.

255 3422 424 3482 Ἑπεῖ
458 3427 591 3496 γοῦν
623 3424 650 3477 ὁ
681 3421 1016 3493 κεκέλευκεν,
1041 3423 1115 3484 εἲς
1145 3417 1303 3498 ἔργον
1332 3421 1589 3498 ἐγεγόνει,

254 3512 374 3569 Καὶ
403 3513 498 3566 τὸν
533 3511 730 3588 βορρᾶν
759 3514 1058 3586 σιγήσαντα
1091 3508 1332 3566 κατεῖδεν
1365 3513 1400 3579 ἡ
1433 3510 1722 3585 παρθὲνος,

256 3603 374 3658 Καὶ
405 3601 704 3680 πνεύσαντα
734 3601 826 3656 τὸν
860 3599 1158 3656 κάλλιστον
1193 3596 1360 3661 ὄντως
1397 3599 1485 3654 καὶ
1545 3600 1702 3653 θεῖον·
1754 3597 1924 3666 νότον,

258 3690 376 3748 Καὶ
401 3689 722 3767 καρποφόρα
753 3687 998 3760 δείξαντα
1026 3689 1200 3744 πάντα
1228 3689 1293 3743 τὰ
1320 3689 1479 3743 τὲκνα
1507 3687 1729 3757 ταύτης,

259 3779 599 3854 Ἐπεόχεται
627 3783 724 3833 τοῦ
751 3784 1032 3844 κατελθεῖν
1059 3780 1149 3834 τὸν
1183 3777 1489 3852 θαυμαστὸν
1522 3778 1756 3855 νυμφίον

259 3868 375 3931 Εἷς
404 3868 495 3922 τὸν
527 3869 1016 3945 καρποφορήσαεθτα
1044 3873 1219 3936 κῆπον
1254 3867 1421 3935 αὐτῆς
1452 3865 1502 3920 ἐν
1533 3866 1712 3941 die"

259 3960 365 4018 Ὠς
398 3957 459 4011 ἂν
491 3958 733 4032 τρυγήσῃ
765 3957 896 4020 τοὺς
924 3955 1169 4029 καρποὺς
1219 3955 1382 4010 αὐτοῦ
1429 3960 1534 4008 τῶν
1590 3952 1928 4029 ἀκροδρύων,

258 4048 586 4115 Τουτὲστιν,
616 4046 769 4108 ὅπως
811 4045 1083 4123 εύφρανθῇ
1133 4051 1247 4107 τοῖς
1292 4044 1665 4123 καρποφόροις
1704 4045 1928 4105 τεκνοις.

258 4137 336 4193 Εἴ
371 4139 451 4210 μὴ
487 4136 586 4212 γὰρ
620 4135 764 4191 οὕτω
796 4137 934 4213 πρὸς
968 4138 1116 4208 ἡμᾶς
1160 4135 1288 4197 τοὺς
1338 4133 1622 4195 ταπεινοὺς
1669 4131 1928 4207 κατέλθῃ,

261 4220 596 4284 Ἀναλαϐὼν
677 4226 768 4280 καὶ
854 4224 983 4286 τοὺς
1066 4229 1277 4298 πραεῖς,
1333 4224 1470 4279 κατά
1543 4223 1636 4278 τὸν
1694 4220 1931 4293 Ψαλμο-

1682 4312 1929 4389 [γράφον.

259 4404 385 4463 Οὔκ
415 4400 562 4459 ἔστιν
596 4401 784 4466 ἄλλως
816 4424 935 4459 πως
963 4405 1114 4475 ἡμᾶς
1148 4401 1224 4464 εἷς
1257 4402 1523 4478 οὐρανοὺς
1553 4401 1799 4475 ἀρθῆναι.

261 4498 457 4552 Ταῦτα
505 4494 598 4566 μὶν
629 4492 999 4568 λελιπάρηκεν
1032 4494 1066 4561 ἡ
1099 4491 1284 4568 νύμφη
1319 4494 1395 4562 τῷ
1424 4490 1661 4566 νυμφίῳ.

261 4585 323 4638 Ὀ
359 4581 416 4638 δὲ
446 4579 683 4658 πληρῶν
713 4582 779 4637 τὰ
809 4581 1096 4655 σύμπαντα
1123 4580 1213 4634 καὶ
1245 4583 1522 4654 πανταχοῦ
1551 4579 1857 4654 τυγχάνων,

262 4673 330 4729 ’0
365 4670 570 4746 λέγων,
603 4667 745 4726 Ἰδοὺ
766 4671 1019 4746 πάρειμι,
1050 4674 1164 4731 τοῖς
1198 4667 1678 4742 ἐπικαλουμένοις,

263 4761 409 4836 Πρὶν
469 4758 840 4833 πληρωθῆναι
924 4759 1022 4827 τήν

1649 4846 1927 4918 [ακούσας,

263 4939 373 5000 Εἰς
403 4945 582 5007 κῆπον
613 4935 982 5007 κατελήλυθεν
1016 4935 1208 5004 αὐτῆς,
1239 4935 1313 4998 ὡς
1345 4929 1662 5006 ἠϐουλήθη,

260 5028 378 5086 Καὶ
404 5027 533 5090 τοὺς
560 5026 804 5102 καρποὺς
836 5025 1102 5100 ἐτρύγησε
1129 5023 1332 5094 ταύτης
1361 5029 1468 5078 τῶν
1502 5021 1838 5097 ἀκροδρύων.

259 5118 424 5186 Φησὶ
455 5118 559 5191 γὰρ
592 5115 736 5170 οὕτω
765 5116 901 5188 πρὸς
933 5113 1124 5183 αὐτὴν,
1148 5114 1222 5174 ὡς
1249 5114 1368 5176 καθ’
1399 5113 1589 5188 εἱρμὸν
1639 5113 1883 5188 εὑρήσεις
1913 5133 1925 5146 ο

340 5205 629 5274 Εἱσῆλθον
660 5204 738 5265 εἷς
768 5203 944 5273 κῆπόν
983 5223 1110 5275 μου,
1143 5199 1350 5278 ἀδελφή
1390 5223 1494 5274 μου
1523 5201 1708 5278 νύμφη
1737 5221 1750 5234 '

257 5295 582 5370 Ἐτρύγησα
611 5293 850 5367 σμύρναν
886 5313 992 5364 μου
1027 5292 1156 5364 μετὰ
1189 5290 1495 5365 ἀρωμάτων
1533 5312 1637 5363 μου
1659 5311 1670 5323 ·

258 5379 513 5459 Ἐφαγον
545 5381 707 5456 ἄρτον
745 5403 848 5456 μου
884 5382 1018 5455 μετὰ
1053 5379 1274 5453 μέλιτός
1308 5402 1432 5454 μουο

252 5477 467 5532 ’Ἔπιον
490 5474 635 5528 οῖνόν
674 5493 779 5547 μου
813 5473 948 5545 μετὰ
971 5469 1238 5546 γάλακτός
1271 5490 1397 5544 μου.

339 5678 396 5715 ⁸⁸
421 5677 572 5735 Psal.
605 5692 793 5748 CXLVI,
822 5676 868 5713 ⁸ο
900 5675 1014 5733 Isa.
1041 5689 1196 5743 LVIII,
1219 5674 1275 5729 9.

1119 4757 1314 4833 αὐχὴν,
1375 4764 1478 4827 τῆς
1558 4761 1774 4834 νύμφης
1829 4758 1927 4812 ἐπ·
1960 4747 2006 4812 D

1951 2001 1999 2064 B
2101 1995 2282 2066 Surge
2309 1995 2515 2068 aquilo,
2539 1998 2594 2050 et
2623 1995 2750 2050 veni
2777 1995 2995 2050 auster:
3027 1995 3200 2064 per/7a
3232 1994 3456 2050 hortum
3473 2007 3675 2049 meum,

2031 2089 2082 2141 et
2130 2087 2309 2156 ﬂuant
2349 2093 2600 2141 aromata
2646 2099 2792 2139 mea.
2843 2083 3136 2138 Descendat
3191 2099 3359 2156 nepos
3410 2099 3559 2140 meus
3613 2083 3675 2138 in

2033 2175 2252 2232 hortum
2280 2183 2537 2245 meum,et
2564 2173 2808 2230 comedat
2825 2175 3071 2244 fructum
3088 2189 3296 2229 nucum
3324 2175 3461 2246 ejus.

2741 2261 2932 2317 Pselli.

2103 2355 2313 2409 Postea
2344 2369 2520 2425 quam
2578 2352 2839 2409 Ecclesia
2894 2350 2997 2406 Dei
3056 2354 3401 2424 potestatem
3459 2349 3683 2422 accepit

2033 2445 2372 2510 omnino,ut
2409 2443 2617 2499 hortus
2657 2443 2817 2502 illius
2849 2440 3509 2514 nominata,plantarum
3551 2457 3682 2494 om-

2035 2535 2198 2590 nium
2229 2534 2408 2588 decus
2439 2533 2498 2587 in
2532 2547 2593 2588 se
2653 2535 2983 2600 continens,
3015 2531 3340 2605 pessimum
3389 2528 3682 2600 aquilonis

2034 2622 2458 2694 ﬂatum,glacie
2473 2623 2680 2678 florum
2697 2621 3198 2694 pulchritudinem
3214 2619 3679 2690 exstinguentem

2034 2711 2384 2784 expelleret:
2423 2715 2689 2767 austrum
2723 2716 2919 2767 autem
2955 2708 3412 2765 saluberrimum
3447 2707 3678 2762 acciret:

2034 2802 2130 2872 qui
2165 2802 2364 2874 spiran
2399 2804 2459 2856 in
2492 2800 2627 2856 Sion
2662 2800 2946 2873 apostolis
2969 2797 3449 2871 olimjverborum
3491 2797 3682 2851 ﬂuxus

2036 2890 2380 2946 instillavit:
2411 2889 2859 2945 sanctissimum
2883 2889 3052 2945 illum
3081 2887 3368 2960 Spiritum
3385 2885 3682 2957 vocat,qui

2034 2980 2092 3035 in
2126 2980 2360 3035 hortum
2402 2995 2576 3034 suum
2610 2978 2822 3035 salutis
2854 2995 3027 3035 auras
3056 2977 3350 3044 infundat,
3393 2980 3458 3030 ut
3479 2990 3682 3030 omnes

2034 3069 2140 3124 ﬁlii
2173 3069 2265 3124 sui
2290 3070 2546 3123 fructum
2586 3069 2797 3137 ferant,
2856 3073 2914 3124 et
2958 3066 3254 3123 Christum
3314 3065 3570 3121 Verbum
3604 3068 3685 3129 'et

2035 3175 2319 3230 sponsum
2354 3156 2564 3212 laetitia)
2598 3158 2876 3212 afficiant.
2910 3158 3056 3213 Cum
3082 3155 3262 3226 igitur
3290 3155 3443 3224 quod
3491 3155 3683 3222 jusse-

2035 3253 2145 3317 rat,
2179 3264 2238 3303 re
2260 3248 2390 3319 ipsa
2409 3247 2732 3318 perfectum
2762 3243 3394 3316 esset,aquilonemque
3413 3242 3682 3297 silentem

1955 3369 1997 3435 Ο
2037 3337 2196 3408 virgo
2226 3335 2584 3407 perspiceret
2609 3333 2900 3406 posuisse,
2943 3332 3524 3405 pulcherrimumque
3553 3346 3682 3384 om-

2035 3426 2174 3481 nino
2198 3442 2263 3480 ac
2293 3425 2554 3480 divinum
2581 3427 2846 3478 austrum
2877 3420 3300 3494 perﬂare,filios
3323 3437 3462 3474 suos
3477 3435 3684 3474 omnes

2034 3514 2366 3570 fructiferos
2424 3513 2865 3580 ostendentem;
2927 3509 3333 3566 admirabilem
3396 3523 3681 3579 sponsum

2034 3621 2209 3662 suum
2243 3601 2683 3668 obsecrat,utin
2718 3600 2950 3656 horlum
2983 3615 3158 3655 suum
3183 3596 3426 3653 fertilem
3485 3596 3683 3652 celeri-

2033 3700 2123 3752 ter
2153 3696 2491 3761 descendat,
2517 3695 2910 3763 arborumque
2933 3706 3176 3746 suorum
3211 3689 3434 3745 fructus
3458 3692 3677 3760 carpat:

2035 3785 2145 3841 hoc
2175 3789 2358 3855 est,ut
2388 3785 2556 3840 bonis
2588 3784 2840 3838 filiorum
2886 3797 3127 3837 suorum
3179 3778 3456 3852 operibus
3521 3777 3682 3834 oble-

2037 3879 2246 3930 ctetur.
2279 3874 2402 3930 Nisi
2436 3875 2591 3928 enim
2625 3873 2695 3928 ad
2729 3888 2835 3926 nos
2867 3868 3124 3924 humiles
3183 3873 3241 3924 et
3295 3869 3554 3938 abjectos
3599 3868 3682 3923 ita

2038 3965 2375 4034 descendat,
2409 3970 2718 4018 mansuetos
2753 3961 3056 4032 suscipiens
3087 3959 3152 4026 ‘9,
3186 3963 3270 4026 ut,
3331 3957 3523 4028 inquit
3570 3957 3678 4013 Da-

2037 4053 2157 4119 vid,
2192 4053 2314 4106 ﬁeri
2345 4052 2506 4106 nullo
2548 4051 2720 4105 modo
2747 4053 3024 4121 potest,ul
3058 4063 3165 4103 nos
3202 4047 3260 4102 in
3294 4046 3502 4102 ccelum
3544 4063 3678 4102 con-

2040 4141 2534 4198 scendamus.His
2566 4156 2782 4211 sponsa
2814 4137 3084 4210 precibus
3116 4153 3403 4209 sponsum
3449 4137 3686 4192 advoca-

2037 4228 2331 4286 vit.Atille
2353 4227 2678 4301 quiimplet
2703 4227 2996 4292 universa,
3057 4227 3274 4298 quique
3332 4226 3498 4281 adest
3554 4223 3684 4279 ubi-

2041 4335 2174 4390 que.
2208 4323 2264 4373 et
2295 4318 2458 4387 dicit,
2490 4319 2620 4373 Ecce
2647 4316 2844 4372 adsum
2865 4315 2909 4351 ⁵ο
2929 4315 3682 4385 invocantibus,antequam

2040 4424 2256 4480 sponsa
2295 4407 2783 4479 supplicationem
2825 4403 3082 4476 expleret
3128 4403 3288 4458 illam
3347 4402 3684 4468 exaudiens,

2040 4497 2344 4554 descendit
2373 4497 2431 4552 in
2463 4497 2699 4552 hortum
2725 4496 2872 4565 ejus,
2905 4497 2966 4548 ut
3006 4493 3133 4563 ipsa
3184 4491 3388 4558 voluit,
3446 4496 3504 4547 et
3559 4492 3682 4547 fru-

2039 4593 2167 4643 ctus
2199 4587 2474 4643 arborum
2507 4586 2696 4659 ipsius
2729 4581 3038 4654 decerpsit.
3071 4581 3165 4636 Sic
3205 4581 3358 4637 enim
3399 4597 3680 4652 sponsam

2039 4677 2398 4749 alloquitur:

2118 5205 2249 5260 Veni
2270 5206 2330 5258 in
2378 5204 2595 5258 hortum
2643 5217 2846 5264 meum,
2886 5216 3043 5256 soror
3071 5216 3215 5270 mea,
3265 5217 3489 5272 sponsa,
3545 5216 3693 5256 mes-

2042 5298 2132 5350 sui
2171 5293 2457 5364 myrrham
2501 5307 2680 5347 meam
2707 5308 2826 5345 cum
2869 5291 3213 5345 aromattbus
3257 5291 3431 5346 meis:
3478 5292 3696 5346 comedi

2041 5400 2240 5456 panem
2262 5398 2444 5437 meum
2464 5397 2588 5436 cum
2607 5379 2775 5437 melle
2792 5395 2913 5435 meo
2938 5396 2951 5435 :
2978 5380 3090 5434 bibi
3120 5382 3312 5435 vinum
3335 5397 3515 5437 meum
3565 5399 3694 5438 eum

2045 5473 2185 5529 tacte
2202 5487 2344 5527 meo.
