3944 6210
346 369 459 431 631

1682 363 1922 425 MICHA
1938 363 2105 423 ELlS
2147 360 2416 422 PSELLI

3642 366 3760 428 632

423 499 704 557 Descendi
737 516 874 573 ergo
906 500 1168 572 quidem,
1202 498 1415 571 inquit,
1449 498 1507 553 in
1541 498 1779 553 hortum
1805 500 1997 565 tuum,

2185 493 2468 563 Κατῆλθον
2495 492 2691 569 ἔγωγε,
2750 495 2905 569 φησὶ,
2938 494 3075 569 πρὸς
3130 494 3307 559 κῆπόν
3364 516 3480 568 σου,
3512 498 3759 571 παρθένε,

353 591 539 663 virgo,
571 594 629 645 et
659 588 925 663 pulchris
948 590 1236 646 fructibus
1260 589 1378 645 tuis
1411 588 1793 660 cupiditatem
1827 603 2015 641 meam

352 696 596 754 prorsus
626 678 1052 751 explevi,atque
1086 696 1155 733 ex
1186 677 1412 733 ardenti
1460 677 1717 732 filiorum
1768 680 2005 732 tuorum

276 767 280 771 ’
353 768 469 826 ﬁde
502 786 566 825 ac
590 768 928 841 pmnitentia
956 784 1234 839 magnam
1267 766 1528 821 laetitiam
1582 766 1835 838 percepi.
1896 770 2007 820 To-

350 864 479 915 tum
511 864 708 914 autem
741 858 848 912 hoc
882 857 1101 912 factum
1134 860 1245 926 est,
1289 857 1503 912 messis
1564 855 1836 928 myrrha),
1870 869 2006 910 esus

355 948 546 1003 mellis
577 952 634 1003 et
668 946 837 1002 lactis
871 950 1064 1017 potus.
1094 946 1225 1001 Ilaec
1274 962 1405 1001 cum
1452 945 1697 1000 dixisset
1740 942 2007 1000 Christus

354 1038 511 1093 idem
532 1041 588 1092 et
644 1052 923 1107 sponsus.
977 1038 1038 1091 ut
1092 1052 1194 1107 pro
1246 1033 1469 1092 mellito
1532 1033 1794 1089 convivio
1837 1032 2009 1104 quasi

355 1126 605 1199 gratiam
640 1125 901 1197 aliquam
938 1125 1200 1191 referret,
1244 1125 1389 1196 ipsis
1436 1123 1677 1196 virginis
1728 1122 1865 1177 filiis
1912 1122 2012 1177 dat

355 1232 566 1286 corpus
599 1231 797 1270 suum.
833 1214 929 1270 Sic
955 1215 1111 1270 enim
1157 1214 1310 1282 illos,
1343 1214 1444 1270 sed
1496 1214 1708 1285 dignos
1757 1216 2009 1278 tantum,

358 1322 505 1377 quos
537 1307 593 1360 et
626 1304 991 1377 propinquos
1016 1321 1156 1361 suos
1182 1304 1263 1359 ita
1288 1321 1413 1361 esse
1444 1303 1609 1372 dixit,
1650 1301 2008 1374 alloquitur:

439 1656 723 1728 Comeditc,
748 1656 1045 1730 propinqui
1075 1657 1200 1727 mei,
1225 1660 1274 1712 et
1308 1656 1493 1725 bibite,
1531 1658 1585 1710 et
1633 1648 2010 1714 inebriamini,

366 1750 567 1819 fratres
594 1749 719 1802 mei.

442 1835 786 1906 Quicunque
808 1834 970 1905 estis,
1003 1835 1219 1908 inquit,
1248 1834 1545 1906 foperibus
1612 1832 1821 1886 fratres
1876 1826 2013 1895 mei,

2118 583 2217 638 Καὶ
2270 588 2376 638 τῶν
2433 583 2616 639 καλῶν
2677 582 2968 653 ἀπήλαυσα
3038 588 3144 638 τῶν
3228 588 3335 638 σῶν
3409 592 3630 661 καρπῶν
3686 587 3763 651 εἷς

3558 677 3761 750 [κόρον,

2118 762 2213 817 Καὶ
2245 766 2313 835 τῇ
2347 765 2522 836 θερμῇ
2554 766 2659 817 τῶν
2687 760 2885 817 τέκνων
2922 783 3015 817 σου
3048 762 3225 817 πίστει
3254 764 3341 818 καῖ
3379 766 3657 838 μετανοίᾳ,

2117 850 2377 926 Μεγάλην
2413 849 2623 926 ἔσχηκα
2654 852 2852 927 χαρὰν,
2889 851 3134 926 μεγάλην
3170 854 3529 931 εὐφροσύνην.

2115 940 2285 998 “Ὀλον
2317 939 2374 995 δὲ
2403 945 2563 995 τοῦτο
2596 942 2826 1019 πέφυκεν
2857 942 2884 996 ὁ
2914 942 3191 1017 τρυγητὴς
3219 948 3321 1012 τῆς
3348 942 3617 1019 σμύρνης,

2117 1032 2180 1086 Ἥ
2219 1029 2421 1105 βρῶσίς
2448 1051 2506 1084 τε
2534 1035 2629 1084 τοῦ
2666 1025 2909 1103 μέλιτος,
2940 1030 3029 1085 καὶ
3068 1029 3342 1105 γάλακτος
3370 1034 3404 1101 ἡ
3436 1033 3615 1093 πόσις.

2117 1123 2293 1172 Ταῦτα
2322 1122 2389 1192 τῇ
2416 1118 2600 1193 νύμφῃ
2630 1117 2940 1194 προσειπὼν
2978 1119 3205 1195 Χριστὸς
3231 1119 3259 1174 ’ὀ
3290 1120 3379 1175 καὶ
3409 1120 3660 1196 νυμφίος,

2120 1211 2324 1284 Ὥσπερ
2359 1208 2636 1284 ἀντῖχαρίν
2668 1229 2786 1262 τινα
2810 1214 2911 1277 τῆς
2945 1208 3389 1285 μελιτοτροιρίας,

2118 1298 2189 1352 Τὸ
2222 1302 2381 1369 σῶμα
2409 1294 2630 1351 δίδωσιν
2665 1296 2828 1352 αὐτοῦ
2855 1302 2973 1359 τοῖς
3003 1298 3210 1360 τέκνοις
3240 1304 3340 1368 τῆς
3368 1300 3663 1373 παρθένου.

2122 1386 2266 1456 Φησῖ
2324 1387 2424 1463 γὰρ
2484 1384 2626 1441 οὕτω
2692 1386 2826 1459 πρὸς
2874 1385 3095 1456 αὐτοὺς,
3148 1384 3296 1456 πλὴν
3367 1388 3565 1461 μόνους
3646 1388 3772 1451 τοὺς

3544 1478 3773 1551 [ἀξίους,

2122 1564 2226 1627 Οὓς
2255 1565 2344 1620 καὶ
2376 1563 2609 1637 πλησίον
2647 1563 2857 1635 εἶ’ρηκεν
2891 1566 3046 1627 οὗτος
3079 1564 3243 1620 αὑτοῦ
3273 1567 3553 1641 τυγχάνειν
3576 1584 3591 1596 ·

2195 1657 2421 1731 Φάγετε,
2481 1656 2532 1709 οἱ
2608 1652 2843 1725 πλησίον
2906 1675 3033 1728 μου,
3087 1654 3175 1709 καὶ
3233 1655 3404 1723 πίετε,
3455 1654 3547 1709 καὶ
3613 1656 3774 1729 μεθῦ-

2124 1746 2303 1815 σθητε,
2337 1741 2565 1822 ἀδελφοί
2599 1764 2725 1817 μου.

2194 1836 2351 1890 ’Όσοι
2378 1832 2667 1909 πεφύκατε,
2701 1831 2855 1909 φησὶ,
2877 1836 2995 1895 τοῖς
3022 1825 3219 1907 ἔργοις,
3253 1829 3482 1909 ἀδελφοί
3518 1854 3650 1905 μου,

372 1942 584 1997 corpus
610 1942 801 1981 meum
827 1925 1192 1993 comedite,et
1215 1924 1564 1997 sanguinem
1594 1922 1771 1978 bibite
1793 1934 2010 1975 meum.

2156 1923 2200 1976 ’ὸ
2234 1926 2393 1994 σῶμα
2423 1922 2517 1994 μὲν
2550 1943 2653 1994 μου
2685 1919 2896 1999 φάγετε,
2926 1920 2989 1975 τὸ
3022 1918 3067 1975 δ’
3087 1923 3226 1994 αἷμα
3255 1920 3402 1976 πίετέ
3436 1943 3562 1995 μου.

373 2016 590 2071 Deinde
619 2014 1020 2087 inebriamini,
1052 2013 1263 2087 inquit,
1298 2032 1413 2086 prae
1437 2012 1659 2080 laetitia,
1692 2015 1749 2067 et
1778 2013 2015 2082 propter

369 2104 778 2160 inebrietatem
810 2111 1048 2177 stupore
1068 2103 1341 2176 perculsi,
1364 2102 1603 2159 omnino
1625 2098 1828 2157 mundi
1854 2096 2013 2155 solli-

368 2193 698 2251 citudinum
741 2192 1178 2249 obliviscimini.

953 2302 1152 2358 Trium
1171 2305 1425 2357 Patrum.

432 2409 626 2478 Surge,
662 2408 873 2479 aquilo,
911 2417 963 2463 et
1020 2410 1167 2477 veni,
1216 2419 1423 2464 auster.
1478 2408 1719 2463 Facesse
1767 2403 2012 2475 spiritus

362 2496 824 2568 improbissime,
859 2496 959 2566 qui
983 2497 1213 2552 animas
1244 2515 1368 2567 qum
1401 2515 1434 2552 a
1474 2514 1564 2552 me
1594 2494 2010 2559 instituuntur,

362 2588 971 2659 perturbationibus,q
984 2589 1107 2642 uasi
1131 2606 1201 2659 aq
1214 2588 1428 2643 uilonis
1443 2587 1681 2643 ﬂatibus
1703 2583 2015 2655 afﬂigis.Et

359 2676 897 2743 veni,sanctissime
927 2676 1311 2746 Spiritus,qui
1337 2692 1436 2730 eas
1468 2674 1667 2746 gratias
1699 2679 1813 2727 tuae
1844 2670 2016 2726 donis

363 2769 647 2837 tanquam
672 2765 831 2821 auris
863 2765 1050 2821 austri
1079 2764 1438 2820 salutaribus
1480 2763 1773 2819 calefacis.

488 2946 674 3013 Per/la
702 2948 925 3002 hortum
952 2961 1159 3012 meum,
1191 2949 1244 2999 et
1272 2946 1447 3014 ﬂuant
1478 2945 1727 2999 aromata
1758 2958 1895 2997 mea.

439 3121 684 3177 Animas
713 3122 911 3193 perﬂa,
945 3138 1090 3193 quas
1124 3138 1230 3194 ego
1278 3121 1546 3177 doctrina
1596 3120 2017 3191 praeceptisque

370 3209 520 3266 meis
551 3215 834 3281 tanquam
858 3210 1090 3265 hortum
1122 3210 1391 3266 instruxi.
1426 3211 1494 3265 Et
1522 3210 1580 3264 in
1603 3210 1710 3264 has
1744 3226 1844 3280 per
1863 3225 2015 3263 com-

367 3298 827 3355 municationem
861 3299 1055 3354 divina
1082 3316 1329 3354 munera
1355 3304 1456 3353 tua
1476 3297 2015 3367 infundantur,qui-

364 3387 477 3443 bus
506 3404 612 3459 ego
647 3388 814 3458 quasi
837 3387 1189 3457 quibusdam
1217 3388 1578 3443 aromatibus
1604 3388 1838 3458 perfusa
1859 3402 2013 3440 sum.

366 3483 446 3531 Ac
477 3482 601 3531 tum
629 3476 914 3532 descendat
944 3494 1106 3547 nepos
1134 3494 1288 3532 meus
1328 3480 1391 3533 in
1421 3479 1640 3533 hortum
1692 3491 1891 3531 suum:
1956 3475 2016 3529 in

366 3566 595 3620 animas
627 3566 903 3620 nimirum
939 3566 1069 3620 illas
1093 3582 1241 3635 quas
1262 3582 1367 3638 ego
1391 3566 1712 3633 institui,et
1730 3571 2015 3636 tanquam

366 3655 602 3710 hortum
637 3655 852 3709 divinis
885 3655 1175 3710 mandatis
1224 3655 1554 3710 int'ormavi.
1590 3656 1899 3725 Propterea
1956 3654 2014 3707 in

370 3743 683 3798 animabus
712 3760 857 3811 quas
907 3742 1047 3807 dixi,
1105 3742 1399 3797 inhabitat
1456 3749 1630 3813 atque
1689 3741 2019 3796 inambulat

372 3831 621 3885 dilectus
655 3847 822 3885 meus
845 3832 909 3886 ⁵¹.
945 3832 1006 3885 Et
1022 3831 1260 3886 comedat
1278 3834 1521 3902 fructum
1551 3847 1755 3885 nucum
1778 3832 2019 3902 ejus.Sa-

370 3919 474 3975 tiet
505 3935 565 3973 se
591 3920 795 3973 harum
830 3920 1163 3974 animarum
1198 3920 1407 3987 salute,
1460 3936 1637 3991 quam
1673 3922 1795 3990 ipss
1841 3937 2016 3975 suum

371 4024 501 4064 esse
532 4007 730 4062 cibum
763 4009 1052 4063 asseruit:
1090 4009 1252 4078 Meus,
1287 4010 1589 4081 inquiens,
1623 4011 1773 4065 cibus
1804 4016 1901 4079 est,
1965 4015 2018 4063 ut

368 4098 576 4166 faciam
612 4098 941 4151 voluntatem
973 4099 1156 4153 Patris
1185 4101 1294 4153 mei
1314 4100 1357 4133 ⁵2
1384 4117 1397 4165 ;
1439 4100 1609 4169 cujus
1642 4101 1880 4154 omnino
1930 4114 2018 4153 vo-

370 4183 571 4240 luntas
601 4190 707 4256 est,
735 4190 801 4240 ut
831 4186 1101 4242 homines
1134 4188 1277 4242 salvi
1312 4188 1475 4244 fiant.
1526 4188 1770 4243 Fructus
1823 4193 2017 4242 autem

370 4274 573 4345 sponsi
605 4291 823 4330 nucum
852 4280 940 4331 est
962 4268 1268 4332 hominum
1318 4277 1499 4343 salus,
1554 4282 1619 4332 ut
1674 4277 1811 4332 ﬁnis
1856 4277 2017 4332 bonae

370 4362 560 4435 ipsius
588 4364 930 4433 voluntatis,
955 4381 1083 4436 qua:
1125 4366 1345 4421 sanctis
1368 4371 1497 4433 ejus
1523 4368 1819 4421 mandatis
1840 4368 2021 4421 conti-

371 4460 563 4518 netur,
597 4471 727 4525 quae
756 4454 996 4525 quidem
1025 4457 1303 4511 mandata
1345 4473 1445 4525 per
1496 4456 1781 4511 actionem
1843 4455 2020 4509 inlixa

372 4548 513 4600 sunt
541 4544 603 4599 in
632 4545 945 4601 animabus
971 4562 1148 4616 super
1172 4547 1284 4601 fide
1322 4562 1460 4617 erga
1491 4545 1681 4616 illum,
1734 4552 2016 4616 tanquam

373 4649 552 4705 super
580 4650 795 4703 quercu
832 4635 1125 4690 radicatis.

452 4903 582 4956 Veni
599 4903 658 4955 in
687 4903 903 4957 hortum
936 4917 1137 4968 meum,
1160 4919 1314 4959 soror
1343 4920 1489 4971 mea,
1518 4921 1719 4975 sponsa
1750 4921 1763 4959 :
1814 4906 2020 4960 messui

368 4992 654 5063 myrrham
674 5008 854 5046 meam
876 5008 997 5046 cum
1018 4994 1362 5048 aromatibus
1386 4996 1518 5048 meis
1544 5009 1556 5048 :
1590 4995 1800 5050 comedi
1817 5011 2016 5065 panem

365 5097 548 5135 meum
565 5098 687 5135 cum
710 5082 871 5136 melle
898 5098 1019 5135 meo
1053 5099 1064 5135 :
1093 5082 1207 5136 bibi
1232 5084 1418 5137 vinum
1477 5101 1658 5138 meum
1693 5101 1818 5139 cum
1876 5087 2018 5140 lacte

359 5187 476 5226 meo
509 5188 521 5226 :
555 5171 1143 5242 comedite,propinqui
1172 5173 1619 5240 mei,etbibite,et
1652 5175 2017 5229 inebriamini

358 5259 585 5328 fratres.

952 5350 1138 5404 Trium
1168 5353 1421 5405 Patrum.

411 5437 649 5509 Sponsa:
683 5454 881 5508 preces
925 5456 1178 5509 sponsus
1222 5441 1540 5507 exaudivit,
1590 5442 1763 5511 juxta
1822 5442 2007 5499 illud:

349 5528 538 5583 Adhuc
569 5528 823 5599 loquente
848 5536 920 5598 te,
955 5530 1133 5585 dicet:
1204 5531 1334 5585 Ecce
1362 5530 1581 5586 adsum.
1641 5532 1798 5588 Talis
1850 5533 2005 5589 enim

423 5706 465 5745 ⁵1
490 5707 540 5763 ΙΙ
562 5706 687 5764 Cor.
721 5724 796 5775 vs,
835 5709 919 5763 16.
954 5709 997 5743 ⁵²
1026 5711 1197 5767 Joan.
1230 5727 1309 5779 ιν,
1341 5710 1428 5765 34.

2122 2010 2255 2066 Εἶτα
2289 2010 2611 2084 μεθ-ὗσθητε,
2644 2011 2829 2089 φησὶν,
2861 2010 2963 2065 ἀπὸ
2993 2016 3093 2080 τῆς
3123 2009 3483 2086 εὐφροσύνης,

2123 2100 2228 2155 Καὶ
2261 2102 2476 2154 πάντων
2507 2099 2687 2171 λήθην
2722 2093 2916 2154 λάϐετε
2961 2103 3067 2153 τῶν
3118 2104 3397 2172 κοσμικῶν
3444 2098 3773 2176 φροντίδων,

2123 2191 2212 2253 Ὦς
2236 2188 2285 2245 ἐν
2322 2188 2563 2244 ἐκστάσει
2596 2187 2863 2260 δήπουθεν
2889 2187 3169 2264 γενόμενοι
3200 2192 3268 2263 τῇ
3306 2187 3458 2263 μὲθῃ.

2684 2299 2809 2353 Τῶν
2841 2297 2887 2370 γ’
2918 2294 3192 2369 Πατέρων.

2198 2405 2560 2479 Ἑξεγέρθητι,
2620 2403 2811 2479 βορῥᾶ,
2870 2401 2961 2457 καὶ
3025 2399 3216 2477 ἔρχου,
3276 2402 3415 2457 νὸτε.
3480 2399 3777 2473 Δηλονότι,

2121 2496 2534 2569 Ἀναχώρησον.
2567 2494 2630 2549 τὸ
2661 2494 2757 2555 τὰς
2809 2489 3200 2563 διδασκομένας
3260 2513 3354 2563 μοι
3413 2492 3599 2567 ψυχὰς
3657 2498 3776 2553 τοῖς

2121 2584 2307 2638 πάθεσι
2362 2585 2628 2658 χειμάζον
2696 2580 2851 2651 δίκην
2912 2582 3114 2654 ἀνέμου
3172 2580 3344 2656 βορῥᾶ
3398 2580 3776 2655 πονηρότατον

2121 2678 2352 2744 πνεῦμα·
2381 2672 2469 2726 καὶ
2509 2666 2677 2746 ἔρχου
2719 2670 2910 2737 ἀεί,τὸ
2955 2675 3075 2732 ταῖς
3126 2668 3348 2732 οἰκείαις
3397 2671 3587 2744 χάρισι
3645 2669 3775 2723 ταυι

2120 2783 2216 2823 τας
2268 2759 2671 2836 διαθερμαῖνον,
2723 2761 2902 2833 ὥσπερ
2951 2758 3153 2831 ἀνέμου
3206 2758 3370 2813 νότου
3416 2759 3585 2827 πνοὴ,
3640 2779 3777 2812 παν-

2124 2852 2274 2925 ἀγιον
2305 2854 2545 2923 Πνεῦμα.

2196 2940 2520 2995 Διάπνευσον
2588 2938 2763 3009 κῆπόν

2129 3031 2269 3103 ματὰ
2304 3051 2406 3103 μου
2419 3071 2430 3084 .

2194 3121 2632 3187 Ἥτοι,Ιίνεῦσον
2689 3117 2766 3179 εἰς
2824 3116 2883 3179 ἃς
2938 3115 3075 3184 αὐτή
3108 3115 3288 3191 ψυχὰς
3343 3120 3461 3176 τοῖς
3518 3112 3774 3170 διδασκιο

2129 3207 2305 3270 λικοῖς
2340 3206 2525 3283 λόγοις
2577 3209 2667 3262 οἷά
2719 3227 2839 3262 τινα
2891 3204 3253 3284 κατεφύτευσα
3308 3209 3509 3274 κῆπον,
3537 3205 3629 3259 καὶ
3685 3227 3780 3280 χε-

2131 3299 2377 3366 οήτωσαν
2437 3297 2523 3351 ἐπὶ
2574 3297 2772 3358 ταύτας
2827 3296 2965 3350 κατά
3023 3293 3307 3369 μετάδοσιν
3378 3295 3446 3349 τὰ
3502 3296 3623 3357 θεῖὰ
3678 3316 3774 3349 σου

2126 3388 2477 3462 χαρίσματα·
2540 3388 2624 3447 οἷς
2682 3385 2815 3453 αὐτή
2874 3384 3115 3460 καθάπερ
3168 3383 3307 3438 τισὶν
3371 3384 3628 3455 ἀρώμασι
3688 3386 3778 3439 γε.

2126 3497 2381 3552 γρισμαι.
2439 3477 2753 3539 Κάντεῦθεν.
2810 3470 3117 3545 Καταϐήτω
3188 3471 3478 3549 ἀδελφιδός
3534 3494 3643 3546 μου
3700 3472 3775 3531 εἷς

2617 3565 2833 3626 πάντως
2902 3563 2999 3624 τὰς
3085 3561 3525 3635 μαθητευομὲνας
3598 3562 3778 3635 ψυχὰς

2125 3655 2253 3727 παρ’
2308 3653 2557 3725 ἐμοῦ,ἆς
2615 3654 2750 3721 αὐτή
2812 3648 3211 3712 διδασκαλικῶς
3268 3658 3385 3711 ταῖς
3432 3648 3605 3711 θείαις
3636 3650 3777 3704 ἐντο-

2128 3744 2270 3809 λαῖς,
2306 3748 2378 3805 ὡς
2421 3750 2563 3807 θεῖον
2592 3741 2954 3820 κατεφύτευσα
2981 3748 3180 3810 κῆπον.
3213 3742 3312 3794 Διά
3353 3743 3514 3794 τοῦτο
3549 3738 3772 3793 ἐνοικῶν

2126 3834 2214 3887 καὶ
2269 3833 2649 3908 ἐμπεριπατῶν
2711 3832 2762 3886 ἐν
2820 3837 2938 3892 ταῖς
2996 3829 3310 3904 εἰρημέναις
3346 3829 3610 3903 ψυχαῖςὸ
3642 3828 3773 3900 ἀγει-

2126 3923 2297 3992 πητός
2354 3944 2478 3996 μου.
2537 3921 2641 3979 Καὶ
2688 3923 2903 3997 φαγὲτω
2950 3920 3154 3992 καρπὸν
3209 3915 3525 3993 ἀκροδρύων
3588 3918 3774 3971 αὑτοῦ.

2129 4017 2354 4086 ¹Ἠγουν,
2390 4013 2753 4087 Εὐωχηθήτω
2784 4011 2882 4077 τὴν
2938 4009 3145 4063 τούτων
3194 4011 3299 4060 τῶν
3352 4004 3546 4080 ψυχῶν
3595 4026 3774 4073 σωτη-

2129 4100 2267 4174 ρίαν,
2322 4103 2381 4169 ἣν
2450 4098 2608 4161 αὸτὸς
2681 4099 2881 4154 οἰκεῖον
2943 4096 3108 4174 ἔφησε
3169 4097 3387 4170 βρῶμα,
3445 4094 3631 4164 εἷπὼν,
3687 4094 3777 4147 δτι

2130 4191 2292 4263 Ἐμὸν
2343 4190 2540 4265 βρῶμά
2598 4189 2763 4259 ἔστιν,
2789 4186 2879 4242 ἵνα
2930 4190 3074 4241 ποιῶ
3102 4183 3165 4240 τὰ
3197 4183 3416 4257 θέλημα
3438 4188 3536 4237 τοῦ
3568 4184 3777 4257 Πατρός

2133 4300 2273 4351 μηυ’
2310 4278 2440 4349 ὅπερ
2500 4278 2609 4333 ἐστί
2668 4299 2801 4351 κατζι
2850 4275 3078 4350 γνώμην
3130 4273 3330 4329 οἰκείαν
3387 4280 3626 4341 σωθῆναι
3676 4272 3781 4326 τὸν

2130 4369 2435 4441 ἄνθρωπον.
2472 4368 2684 4441 Καρπὸς
2742 4364 2800 4420 δὲ
2856 4370 2961 4419 τῶν
3021 4367 3116 4419 τοῦ
3164 4361 3405 4440 νυμφῖου
3459 4359 3781 4436 ἀκροδρύων

2128 4459 2161 4525 ἡ
2203 4463 2308 4511 τῶν
2360 4456 2657 4529 ἀνθρώπων
2707 4456 2939 4529 ὑπάρχει
2983 4453 3250 4528 σωτηρία,
3296 4452 3371 4513 ὡς
3429 4449 3785 4522 ἀποτέλεσμα

2126 4551 2233 4601 τῶν
2286 4546 2602 4621 παναγάθων
2680 4544 2844 4599 αὐτοῦ
2904 4540 3229 4615 θελημάτων
3261 4558 3274 4572 ⁸
3334 4542 3469 4615 ἅπερ
3528 4540 3655 4593 εἰσὶν
3722 4540 3785 4591 αἱ

2854 2958 2980 3010 μου,
3029 2936 3120 2992 καὶ
3207 2936 3544 3013 ῥευσάτωσαν
3630 2937 3777 3012 ape.

2124 3572 2301 3633 κῆπον
2352 3565 2515 3619 αὐτοῦ
2551 3583 2563 3597 ’

2047 4634 2093 4697 D
2127 4636 2271 4709 ἅγιαι
2301 4636 2468 4689 αὐτοῦ
2525 4632 2764 4703 ἐντολαὶ,
2796 4632 2851 4687 αἱ
2897 4631 3033 4686 κατὰ
3088 4633 3279 4707 πρᾶξιν
3340 4628 3784 4704 ἐγκεκεπρισμέέ

2129 4745 2213 4778 ναι
2248 4724 2333 4779 ἐπὶ
2383 4730 2501 4786 ταῖς
2554 4722 2709 4793 δίκην
2757 4719 2933 4799 δρυῶν
2983 4717 3213 4797 ἐδραῖως
3258 4717 3643 4795 ἐρῥιζωμέναις
3706 4720 3784 4789 τῇ

2130 4813 2204 4874 εἷς
2232 4813 2391 4868 αὐτὸν
2424 4815 2600 4868 πίστει
2632 4816 2856 4887 ψυχαῖς.

2201 4903 2471 4973 Εἰσῆλθον
2536 4902 2610 4963 εἰς
2668 4902 2843 4971 κῆπόν
2905 4920 3033 4973 μου,
3092 4894 3299 4974 ἀδελφή
3374 4917 3480 4967 μου
3532 4893 3725 4970 νύμφη
3768 4915 3784 4928 ·

2128 4992 2394 5069 ἐτρύγησα
2468 4990 2706 5067 σμύρναν
2794 5010 2934 5062 μου,
3022 4987 3156 5060 μετὰ
3236 4986 3539 5061 ἀρωμάτων
3614 5002 3784 5054 μουο

2126 5081 2321 5157 ἔφαγον
2365 5083 2523 5155 ἄρτον
2584 5102 2712 5153 μου,
2775 5080 2910 5152 μετὰ
2970 5074 3191 5150 μελιτός
3252 5095 3390 5147 μου’
3426 5073 3569 5130 ἔπιον
3613 5073 3790 5127 οἶνόν

2130 5194 2255 5246 μου,
2315 5171 2448 5244 μετὰ
2504 5168 2775 5245 γάλακτός
2833 5186 2956 5240 μου·
2988 5166 3197 5245 φάγετε,
3259 5166 3313 5218 οἱ
3370 5162 3608 5235 πλησίοι,
3680 5163 3789 5215 καὶ

2123 5263 2293 5329 “triste,
2329 5262 2417 5315 καὶ
2454 5259 2771 5333 μεθύσθητε,
2804 5254 3055 5333 ἀδελφοί.

2682 5351 2797 5401 Τῶν
2830 5347 2880 5421 γ’
2910 5345 3189 5419 ΙΙατὲρων.

2192 5444 2455 5496 Ἤκουσεν
2480 5440 2507 5493 ὁ
2537 5437 2766 5515 νυμφίος
2797 5442 2897 5504 τῆς
2957 5431 3358 5507 παρακλήσεως
3400 5438 3496 5500 τῆς
3548 5428 3788 5505 νύμφης

2121 5533 2259 5588 κατὰ
2310 5532 2392 5603 τὸ,
2427 5531 2546 5587 Ἔτι
2606 5525 2909 5587 λαλοῦντός
2965 5545 3081 5596 σου,
3137 5522 3266 5599 ἐρεῖ·
3321 5520 3461 5579 ἰδοὺ
3514 5518 3790 5591 πάρειμι,
